3980 6198
502 333 609 394 te?
1729 318 1781 373 S.
1813 327 2137 383 GREGUltil
2160 320 2457 380 NYSSli-Nf
3658 317 3760 380 tos

516 537 2560 566 Μ

1454 685 1680 772 ΤΟΥ
1739 687 2119 773 ΑΥΤΟΥ
2191 688 2809 773 ΓΡΗΓΟΡΙΟΥ

1756 859 2152 915 ΕΠΙΣΚΟΠΟΥ
2193 859 2461 912 ΝΥΣΣΗΣ

855 1055 1294 1170 ΠΕΡΙ
1365 1055 1717 1166 ΤΗΣ
1811 1049 3376 1168 ΕΓΓΑΣΤΡΙΜΥΘΟΥ

1170 1296 1404 1348 ΠΡΟΣ
1461 1293 1972 1348 ΘΕΟΔΟΣΙΟΝ
2035 1292 2572 1346 ΕῙΙΙΣΚΟΠΟΝ
2622 1289 3066 1345 ΕΠΙΣΤΟΛΗ

1541 1611 1641 1687 EJ
1659 1607 2000 1690 USDEM
2061 1607 2144 1685 S.
2199 1605 2690 1686 GBEGORII

1795 1786 2102 1843 EPISCOPI
2153 1786 2443 1842 NYSSENI

1462 1973 1667 2084 DE
1758 1967 2814 2084 PYTHONISSA

1343 2189 1438 2243 AD
1477 2185 2000 2244 .TMEODOSIUM
2066 2185 2515 2255 EPISCOPUM,
2573 2181 2933 2240 EPISTOLA

1711 2470 1949 2518 Frontone
1997 2467 2169 2519 Duca'o
2212 2465 2480 2531 interprete.

580 2801 692 2868 Qui
722 2798 1002 2868 discipulis
1035 2796 1149 2851 suis
1176 2795 1330 2860 dixit,
1351 2794 1580 2862 Quwrite
1599 2792 1933 2850 etinrenielis
1956 2794 2095 2857 3°“,
2128 2835 2136 2854 ,

2285 2797 2342 2848 '0
2386 2794 2554 2848 εἰπὼν
2584 2796 2695 2858 τοῖς
2735 2795 2923 2848 ἑαυτοῦ
2957 2794 3247 2866 μαθηταῖς,
3283 2793 3516 2864 Ζητεῖτε
3547 2795 3648 2849 καὶ
3686 2799 3780 2850 εὐ-

524 2895 570 2949 is
597 2890 970 2964 proculdubio
995 2888 1304 2943 facultatem
1333 2887 1495 2940 etiam
1525 2886 1831 2941 inveniendi
1852 2886 2094 2942 studiose

2212 2884 2451 2953 θήσετε,
2495 2882 2652 2938 δώσει
2695 2884 2908 2948 πάντως
2953 2887 3044 2939 καὶ
3088 2887 3187 2957 τὴν
3229 2887 3364 2958 πρὸς
3391 2885 3450 2940 τὸ
3485 2886 3668 2956 εὑρεῖν
3693 2887 3782 2940 δὶ-

522 2982 963 3054 pcrquirentibus
988 3017 1001 3040 ,
1041 2987 1093 3035 et
1134 2995 1198 3034 ex
1248 2985 1514 3048 praecepto
1553 2975 1766 3031 Domini
1816 2977 2095 3032 recondita

2212 2992 2368 3045 ναμιν
2409 2977 2520 3039 τοῖς
2559 2975 2869 3047 φιλομαθῶς
2899 2976 3039 3031 κατὰ
3073 2977 3171 3048 τὴν
3193 2975 3411 3048 ἐντολήν
3443 2976 3538 3030 τοῦ
3571 2977 3782 3048 Κυρίου

526 3084 736 3132 secreta
779 3071 1161 3144 indagantibus
1197 3072 1474 3142 largietur.
1515 3069 1634 3126 Non
1670 3074 1814 3127 enim
1865 3071 2093 3127 mendax

525 3169 638 3227 est,
675 3163 767 3234 qui
805 3162 1075 3232 promisit,
1107 3162 1265 3229 cujus
1308 3158 1680 3214 munificentia
1723 3161 2100 3229 donorumque

502 3253 741 3324 "largitio
786 3252 1068 3324 magnifica
1126 3250 1373 3322 petitioni
1421 3250 1766 3303 corollarium
1811 3259 1867 3302 et
1912 3260 2100 3302 aucta-

528 3345 668 3398 rium
688 3342 855 3397 addit.
893 3340 1079 3409 itaque
1111 3337 1317 3391 attende
1356 3337 1587 3396 lectioni,
1618 3337 1697 3405 ﬁli
1735 3336 2002 3391 Timothee
2032 3337 2098 3402 ⁵³,

527 3433 781 3490 convenit
811 3431 978 3492 enim,
1006 3436 1064 3481 ut
1095 3427 1310 3496 Opinor,
1345 3435 1403 3479 ut
1428 3428 1602 3496 magni
1631 3428 1774 3481 illius
1801 3427 1950 3480 Pauli
1984 3434 2104 3481 ver-4

529 3521 615 3580 bis
646 3523 942 3577 bonitatem
986 3527 1135 3572 tuam
1176 3519 1441 3587 alloquar,
1487 3530 1539 3573 et
1569 3518 1655 3573 det
1703 3519 1799 3573 tibi
1845 3519 2103 3575 Dominus

531 3615 867 3672 intellectum
916 3612 970 3664 in
1003 3610 1276 3676 omnibus,
1325 3611 1397 3662 ita
1443 3616 1502 3664 ut
1533 3608 1682 3666 dives
1727 3611 1823 3666 tias
1855 3611 1908 3664 in
1957 3613 2105 3667 omni

531 3707 696 3764 verbo
728 3713 782 3761 et
817 3707 875 3759 in
919 3702 1068 3758 omni
1098 3702 1346 3757 scientia.
1388 3700 1543 3756 Nunc
1580 3711 1758 3758 autem
1789 3703 1857 3760 de
1889 3705 1955 3762 iis
1985 3721 2105 3777 quae

530 3797 777 3867 iussisti,
817 3809 1158 3866 quacunque
1217 3797 1547 3864 suggesserit
1589 3795 1870 3863 Dominus,
1929 3813 2105 3868 operae

2203 3066 2663 3140 διερευνωμένοις,
2709 3067 2803 3120 καὶ
2843 3066 3169 3137 ἀναζητοῦσι
3194 3067 3260 3120 τὰ
3291 3066 3649 3145 κεκρυμμένα
3682 3085 3784 3137 μυ·

2209 3160 2423 3230 στήρια.
2477 3156 2740 3228 Ἀψευδὴς
2779 3157 2887 3228 γὰρ
2922 3159 2950 3210 ὁ
2991 3157 3474 3228 ἐπαγγειλάμενος,
3513 3155 3654 3226 ὑπὲρ
3689 3155 3785 3225 τὴν

2206 3251 2420 3321 αἴτησιν
2469 3248 2947 3319 ὲπιδαψιλούμενος
2971 3253 3034 3321 τῇ
3066 3249 3446 3320 μεγαλοδωρεᾷ
3477 3246 3584 3301 τῶν
3628 3265 3789 3318 χαρι-

2209 3343 2449 3412 σμάτων.
2496 3341 2703 3396 Οὐκοῦν
2738 3341 2999 3410 πρόσεχε
3036 3340 3109 3408 τῇ
3142 3339 3474 3409 ἀναγνώσει
3504 3379 3518 3404 ,
3570 3341 3789 3393 τέκνον

2213 3432 2448 3504 Τιμόθεε
2470 3452 2482 3464 ·
2512 3433 2712 3505 πρέπει
2754 3433 2881 3503 γὰρ,
2923 3428 3094 3502 οἶμαι,
3134 3434 3198 3502 τῇ
3235 3431 3328 3485 τοῦ
3359 3430 3596 3502 μεγάλου
3631 3433 3788 3500 φωνῇ

2209 3527 2343 3597 πρὸς
2391 3527 2486 3597 τὴν
2540 3525 2639 3596 σὴν
2694 3525 3005 3594 ἀγαθότητα
3064 3522 3403 3595 χρήσασθαι,
3436 3524 3529 3576 καὶ
3563 3521 3682 3593 δώῃ
3710 3540 3789 3575 σοι

2209 3618 2412 3690 Κύριος
2441 3617 2653 3671 σύνεσιν
2685 3619 2742 3670 ἐν
2790 3617 2976 3679 πᾶσιν,
3011 3615 3150 3669 ὥστε
3181 3632 3240 3668 σε
3288 3613 3684 3684 πλουτισθῆναι
3732 3616 3786 3667 ἐν

2211 3709 2372 3764 παντὶ
2392 3708 2532 3779 λόγῳ
2560 3709 2652 3761 καὶ
2690 3708 2838 3782 πάσῃ
2865 3707 3083 3776 γνώσει.
3111 3705 3222 3760 Νῦν
3254 3706 3310 3760 δὲ
3346 3707 3470 3776 περὶ
3491 3699 3564 3758 ὧν
3592 3705 3792 3759 ἐπέτα-

2214 3801 2343 3866 ξας,
2403 3802 2610 3872 ὅσαπερ
2661 3800 2727 3854 ἂν
2782 3801 2810 3852 ὁ
2854 3799 3056 3872 Κύριος
3121 3798 3396 3870 ὑποϐάλῃ,
3448 3798 3515 3851 δι’
3591 3797 3792 3866 ὀλίγων

535 3888 768 3960 pretium
795 3902 882 3941 me
907 3885 1174 3940 facturum
1202 3886 1411 3956 putavi,
1440 3886 1484 3940 si
1508 3888 1695 3956 paucis
1721 3895 1816 3942 tuo
1839 3889 2109 3946 desiderio

2212 3885 2658 3961 ὑπηρετήσασθαί
2693 3905 2783 3942 σου
2819 3890 2883 3959 τῇ
2917 3887 3192 3960 προθυμίᾳ
3223 3887 3402 3950 καλῶς
3440 3887 3586 3958 ἔχειν
3617 3887 3791 3941 ὲδοκί-

536 3980 885 4050 obsequerer,
918 3985 977 4031 ut
1005 3992 1074 4032 ex
1101 3976 1186 4031 his
1217 3977 1487 4046 intelligas
1507 4016 1522 4043 ,
1557 3979 1700 4047 quod
1728 3995 1828 4035 nos
1861 3987 2109 4050 oporteat

540 4073 772 4128 invicem
793 4085 902 4142 per
939 4069 1260 4124 ebaritatem
1292 4070 1531 4134 servire,
1568 4071 1698 4126 dum
1730 4072 1960 4128 aliorum
1991 4091 2110 4130 mu-

535 4175 628 4219 tuo
662 4161 928 4218 faciamus
964 4160 1318 4216 voluntatem.
1349 4158 1600 4216 Primum
1645 4162 1811 4232 igitur
1848 4165 2110 4235 quoniam

535 4262 589 4310 et
621 4254 712 4310 illa
743 4253 884 4308 inter
907 4260 1101 4306 caetera
1127 4251 1308 4320 capita
1339 4252 1512 4322 prima
1546 4255 1826 4324 proposita
1857 4264 1960 4325 est,
1989 4273 2112 4329 quae

537 4345 842 4418 exquiritur
870 4343 937 4401 de
977 4342 1262 4408 Samuele,
1299 4345 1565 4399 sententia
1587 4387 1602 4412 ,
1637 4355 1901 4416 quantum
1940 4349 1995 4403 in
2026 4366 2111 4406 me

538 4440 700 4493 situm
731 4438 872 4504 erit,
903 4435 1014 4492 Deo
1046 4437 1242 4501 dante,
1274 4436 1466 4506 paucis
1492 4439 1674 4496 verbis
1706 4438 1838 4510 quid
1868 4441 2114 4496 videatur

537 4543 828 4600 exponam.
859 4527 1196 4594 Quibusdam
1233 4534 1360 4584 ante
1391 4543 1492 4583 nos
1528 4530 1733 4600 placuit
1760 4545 1942 4585 veram
1967 4531 2112 4586 arbi-

538 4621 672 4673 trari
731 4619 1158 4689 prtestigiatricis
1204 4618 1350 4675 illius
1406 4621 1462 4674 in
1516 4620 1769 4677 Samuele
1807 4623 2110 4677 animarum

530 4707 910 4761 evocationem
933 4747 948 4771 ,
988 4714 1153 4776 atque
1196 4704 1264 4759 ad
1296 4707 1570 4775 Opinionis
1609 4724 1721 4764 sua:
1751 4711 2112 4780 patrocinium

530 4797 805 4865 ejusmodi
855 4797 1117 4851 rationem
1146 4797 1441 4868 quamdam
1483 4797 1750 4869 afferunt,
1793 4801 1939 4872 quod
1990 4817 2112 4857 cum

541 4897 759 4958 propter
795 4887 974 4944 Saulis
1024 4889 1372 4959 rejectionem
1419 4891 1643 4948 tristitia
1707 4893 1932 4951 affectus
1971 4906 2116 4950 esset

535 4981 786 5045 Samuel,
821 4995 1140 5051 semperque
1163 4979 1270 5036 Deo
1297 4996 1622 5052 proponeret
1654 4983 1870 5040 Saulem
1905 4987 2116 5057 praesti-

541 5073 658 5141 gias
704 5068 1193 5140 ventriloquorum,
1229 5073 1428 5142 quibus
1477 5073 1724 5132 homines
1773 5077 1826 5130 in
1868 5076 2114 5132 fraudem

495 5238 498 5242 η
541 5163 860 5231 illiciebant,
895 5164 961 5221 de
993 5165 1192 5236 populo
1225 5165 1482 5230 erasisse,
1519 5166 1749 5237 ideoque
1781 5182 1922 5238 aegre
1949 5167 2110 5223 ferret

535 5257 824 5327 propheta,
866 5256 1010 5326 quod
1051 5271 1080 5309 a
1132 5273 1189 5312 se
1221 5257 1424 5327 rejecto
1451 5258 1652 5328 placari
1686 5259 1884 5325 nollet,
1913 5259 2109 5329 permi~

537 5353 681 5407 sissc
713 5349 879 5404 Deum
905 5349 1180 5421 inquiunt,
1211 5359 1268 5404 ut
1293 5365 1388 5419 per
1411 5350 1678 5418 ejusmodi
1702 5351 1941 5422 magicas
1969 5359 2114 5406 artes

542 5441 821 5512 pr0phetze
845 5441 1025 5496 anima
1049 5448 1388 5504 evocaretur,
1417 5448 1476 5494 ut
1501 5439 1708 5495 videret
1737 5439 1953 5497 Samuel
1977 5441 2114 5498 falsa

545 5548 605 5587 se
635 5531 742 5587 Deo
774 5533 828 5586 in
865 5533 1039 5604 ipsius
1081 5531 1454 5588 defensionem
1506 5532 1788 5604 allegasse,
1831 5549 1954 5589 cum
1989 5550 2112 5591 eum

533 5623 751 5679 diceret
789 5624 1062 5681 infensum
1089 5623 1449 5695 ventriloquis
1485 5633 1647 5694 atque
1677 5626 1885 5683 hostem
1921 5627 2108 5695 fuisse,

637 5725 761 5762 δοιδι
793 5730 973 5793 Manli,
1007 5751 1102 5800 vtt,
1140 5735 1191 5792 7.
1297 5745 1341 5777 ⁸⁵
1380 5747 1394 5800 l
1433 5745 1568 5803 Tim.
1601 5763 1639 5814 ι,
1668 5751 1720 5807 4.

2213 3999 2360 4052 μασα
2381 3999 2394 4013 ο
2428 3983 2502 4046 ὼς
2538 3981 2602 4034 ἂν
2637 3981 2726 4033 διά
2755 3979 2960 4033 τούτων
2995 3979 3186 4050 μάθοις
3216 3979 3297 4032 ὅτι
3335 3977 3440 4049 χρὴ
3469 3976 3534 4031 δι’
3563 3979 3793 4049 ἀγάπης

2209 4071 2457 4142 ἀλλήλοις
2500 4070 2766 4124 δουλεύειν
2809 4070 2979 4141 ἡμᾶς,
3021 4070 3076 4122 ὲν
3119 4068 3197 4138 τῷ
3230 4071 3401 4122 ποιεῖν
3443 4066 3510 4121 τὰ
3536 4067 3794 4140 ἀλλήλων

2212 4164 2506 4236 θελήματα.
2542 4163 2760 4234 Πρῶτον
2788 4162 2966 4215 τοίνυν
3006 4160 3191 4230 ἐπειδὴ
3227 4162 3321 4214 καὶ
3348 4161 3456 4214 τῶν
3483 4160 3695 4218 λοιπῶν
3724 4157 3794 4234 ἦν

2212 4254 2518 4324 κεφαλαίων
2539 4252 2973 4324 προτεταγμένον
2991 4251 3052 4304 τὸ
3084 4251 3211 4322 περὶ
3248 4249 3342 4304 τοῦ
3374 4251 3632 4324 Σαμουὴλ
3673 4253 3796 4306 ἑπι-

2213 4346 2540 4417 ζητούμενον
2590 4345 2786 4414 νόημα,
2840 4343 2927 4396 διὰ
2973 4343 3219 4414 βραχέων
3274 4342 3350 4405 ὡς
3401 4341 3514 4396 ἐστι
3563 4343 3797 4398 δυνατὸν

2212 4435 2346 4491 Θεοῦ
2375 4436 2604 4499 διδόντος
2629 4435 2952 4506 ἐκθήσομαι.
2987 4433 3189 4505 Ἥρεσέ
3217 4449 3326 4485 τισι
3353 4431 3462 4486 τῶν
3493 4433 3604 4504 πρὸ
3634 4436 3798 4506 ἡμῶν

2213 4528 2388 4599 ἀληθῆ
2431 4527 2646 4598 νομίσαι
2679 4526 2779 4596 τῆς
2831 4524 3112 4596 γοητρίδος
3145 4525 3357 4596 ἐκείνης
3394 4524 3493 4596 τὴν
3548 4523 3646 4578 ἐπὶ
3701 4524 3797 4580 τοῦ

2214 4618 2462 4689 Σαμουὴλ
2509 4617 2882 4687 ψυχαγωγίαν,
2943 4616 3033 4672 καί
3075 4633 3197 4670 τινα
3240 4615 3399 4685 λόγον
3429 4612 3677 4670 τοιοῦτον
3718 4619 3799 4680 εἰς

2215 4710 2536 4781 συνηγορίαν
2582 4709 2680 4778 τῆς
2725 4707 3043 4778 ὑπολήψεως
3076 4705 3253 4761 αὐτῶν
3280 4705 3483 4778 ταύτης
3523 4708 3798 4777 παρέχον-

2213 4819 2336 4865 ται,
2383 4803 2461 4854 ὅτι
2507 4798 2842 4870 λυπουμένου
2894 4797 2986 4850 τοῦ
3020 4797 3272 4868 Σαμουὴλ
3321 4797 3412 4849 ἐπὶ
3443 4798 3509 4866 τῇ
3546 4796 3798 4868 ἀποϐολῇ

2213 4893 2306 4946 τοῦ
2331 4893 2519 4954 Σαοὺλ,
2557 4893 2648 4944 καὶ
2673 4890 2904 4944 πάντοτε
2934 4888 3026 4940 τοῦ
3055 4889 3131 4959 τῷ
3159 4888 3347 4958 Κυρίῳ
3387 4887 3800 4958 προσφέροντος

2215 4985 2274 5037 τὸ
2313 4983 2393 5035 ὅτι
2425 4981 2565 5034 θέλει
2600 4982 2618 5003 ⁸
2641 4981 2736 5051 τὴν
2767 4982 2831 5032 ἐκ
2860 4979 2962 5032 τῶν
3003 4977 3455 5049 ἐγγαστριμύθων
3495 4977 3802 5048 γινομένην

2216 5071 2468 5144 γοητείαν
2501 5072 2591 5124 ἐπὶ
2621 5072 2802 5142 ἀπάτῃ
2857 5069 2965 5123 τῶν
3007 5069 3308 5141 ἀνθρώπων
3352 5068 3690 5140 ὲξεκάθηρεν
3738 5073 3802 5122 ἐκ

2216 5165 2310 5220 τοῦ
2359 5165 2487 5218 λαοῦ
2535 5164 2740 5217 Σαούλο
2794 5163 2883 5216 καὶ
2929 5162 3017 5214 διὰ
3064 5160 3222 5214 τοῦτο
3269 5159 3804 5229 δυσανασχετοῦντος

2218 5257 2310 5312 τοῦ
2359 5260 2638 5330 προφήτου
2690 5257 2782 5309 ἐπὶ
2809 5255 2888 5325 τῷ
2921 5254 2995 5325 μὴ
3026 5254 3246 5323 θελῆσαι
3282 5253 3374 5305 τὸν
3412 5252 3621 5322 Κύριον
3653 5253 3808 5306 διαλ-

2216 5353 2446 5423 λαγῆναι
2488 5349 2565 5420 τῷ
2609 5346 2927 5417 ἀποὸλήτῳ,
2978 5343 3326 5414 συγχωρῆσαί
3360 5359 3490 5410 φασι
3539 5343 3630 5394 τὸν
3667 5341 3808 5394 Θεὸν

2216 5443 2514 5513 ἀναχθῆναι
2554 5438 2647 5492 τοῦ
2697 5439 2976 5507 προφήτου
3032 5434 3209 5506 ψυχὴν
3248 5434 3333 5488 διὰ
3385 5437 3484 5504 τῆς
3538 5432 3811 5502 τοιαύτης

2221 5533 2588 5606 μαγγανείαςο
2639 5530 2725 5582 ἵνα
2769 5529 2881 5599 εἰδῇ
2936 5530 2965 5580 ὁ
2998 5525 3248 5596 Σαμουὴλ
3287 5526 3369 5578 ὅτι
3423 5523 3597 5592 ψευδῆ
3659 5524 3812 5594 ὑπὲρ

2218 5625 2380 5680 αὑτοῦ
2430 5623 2508 5694 τῷ
2539 5621 2657 5692 Θεῷ
2711 5618 3078 5688 προετείνετο,
3113 5617 3286 5685 λέγων
3325 5615 3485 5669 αὑτὸν
3537 5615 3814 5688 πολέμιον
