3980 6198
329 394 434 449 109

1678 386 1761 441 DE
1798 387 2250 446 PYTHONISSA.

3483 388 3582 444 HO

327 507 471 564 εῖναι
520 510 636 572 ταῖς
679 504 1174 577 ὲγγαστριμύθοις,
1215 505 1304 558 τὸν
1349 505 1648 576 τηνικαῦτα
1689 505 1776 559 διὰ
1811 508 1896 576 τῆς

2012 507 2103 576 qui
2133 516 2243 561 tum
2272 509 2554 580 temporis,
2585 509 2712 563 dum
2741 507 3021 562 oraculum
3047 507 3303 571 consulit,
3329 509 3386 562 in
3417 521 3583 564 causa

327 598 507 651 αὐτῶν
548 596 804 665 γοητείας
842 595 940 665 τὴν
982 593 1166 648 ἄνοδον
1202 596 1300 664 τῆς
1343 594 1522 664 ψυχῆς
1567 593 1731 647 αὐτοῦ
1769 611 1908 664 μαν-

327 693 616 746 τεύσαντα.
661 687 804 756 Ἐγὼ
836 688 893 741 δὲ
927 687 1062 757 πρὸς
1088 685 1151 738 τὸ
1183 685 1535 754 εὐαγγελικὺν
1569 685 1754 756 χάσμα
1787 683 1909 754 βλέ-

325 795 466 842 πων,
499 776 528 829 ὃ
553 777 640 830 διὰ
672 777 835 846 μέσον
862 774 968 828 τῶν
1002 773 1188 827 κακῶν
1219 791 1279 826 τε
1320 773 1414 826 καὶ
1442 773 1660 841 ἀγαθῶν
1690 775 1908 843 ἐστήρι-

324 888 469 933 κται,
521 869 684 938 φησὶν
725 869 754 918 ὁ
799 866 1176 936 πατριάρχης,
1239 865 1435 935 μᾶλλον
1484 864 1539 916 δὲ
1587 866 1616 916 ὁ
1659 863 1753 917 τοῦ
1800 881 1906 917 πα-

324 965 586 1036 τριάρχου
634 964 835 1034 Κύριος
859 1002 874 1025 ,
915 963 990 1025 ὠς
1023 962 1302 1032 ἀμήχανον
1328 957 1469 1015 εἶναι
1495 963 1606 1026 τοῖς
1635 979 1695 1014 τε
1740 979 1909 1014 κατα-

327 1059 536 1127 κρίτοις
559 1058 651 1108 ἐπὶ
674 1056 772 1125 τὴν
793 1054 901 1107 τῶν
923 1053 1146 1106 δικαίων
1174 1053 1355 1106 ἄνεσιν
1378 1052 1662 1122 ἀναϐῆναι,
1681 1051 1774 1104 καὶ¹
1798 1054 1907 1114 τοῖς

327 1148 502 1216 ἁγίοις
524 1146 658 1218 πρὸς
682 1146 772 1198 τὸν
803 1144 909 1197 τῶν
929 1143 1178 1213 πονηρῶν
1199 1144 1355 1214 χορὸν
1376 1143 1717 1214 διαπεράσαι·
1745 1143 1805 1195 οὐ
1831 1142 1908 1194 δέ-

326 1258 492 1310 χομαι
512 1240 733 1309 ἀληθεῖς
749 1233 888 1292 εἶναι
914 1239 1009 1300 τάς
1031 1235 1282 1298 τοιαύτας
1305 1234 1617 1304 ὑπολήψεις,
1642 1235 1906 1304 διδαχθεὶς

329 1334 492 1402 μόνον
527 1331 726 1402 ἀληθὲς
754 1327 890 1383 εῖναι
934 1328 1200 1384 πιστεύειν
1228 1329 1287 1382 τὸ
1308 1328 1651 1396 Εύαγγέλιον.
1689 1327 1905 1397 Ἐπειδὴ

324 1422 510 1476 τοίνυν
536 1422 707 1490 μέγας
739 1423 794 1474 ὲν
822 1421 990 1488 ἁγίοις
1012 1423 1040 1473 ὁ
1067 1419 1336 1491 Σαμουὴλ,
1364 1419 1597 1490 πονηρὸν
1629 1417 1684 1470 δὲ
1719 1417 1905 1497 κτῆμα

327 1517 365 1584 ἡ
390 1514 634 1583 γοητεία,
664 1513 720 1564 ού
753 1513 1002 1582 πείθομαι
1024 1513 1106 1565 ὅτι
1137 1514 1193 1564 ὲν
1222 1512 1460 1580 τοσούτῳ
1483 1510 1582 1578 τῆς
1611 1510 1745 1574 ἰδίας
1776 1511 1906 1562 ἀνα-

327 1603 586 1666 παύσεως
624 1605 652 1656 ὁ
683 1603 934 1673 Σαμουὴλ
972 1603 1266 1667 καταστὰς,
1302 1603 1360 1655 τὸ
1405 1602 1703 1655 ἀδιόδευτον
1731 1603 1905 1654 ἐκεῖνο

323 1696 512 1764 χάσμα
551 1694 687 1763 πρὸς
733 1694 858 1756 τοὺς
899 1693 1224 1757 ἀσεϐοῦντας
1267 1695 1550 1764 διήρχετο,
1590 1692 1714 1746 οὔτε
1763 1691 1902 1746 ἑκὼν

321 1785 446 1839 οὔτε
481 1787 657 1839 ἀκωνο
694 1784 844 1837 ἄκων
877 1783 975 1854 μὲν
1000 1779 1092 1838 οὖν
1119 1785 1218 1838 ούκ
1248 1784 1314 1837 ἂν
1337 1785 1416 1837 ἔτι
1447 1785 1706 1854 ὑπέμεινε
1731 1785 1792 1838 τὸ
1825 1785 1900 1856 μὴ

2013 593 2215 661 fuerat,
2270 603 2330 650 ut
2369 597 2488 667 ejus
2535 598 2716 650 anima
2754 604 3093 651 evocaretur.
3146 595 3256 666 Ego
3298 611 3424 652 vero
3451 597 3582 650 dum

2010 688 2143 741 mihi
2194 689 2248 742 in
2301 696 2534 743 mentem
2585 688 2730 743 venit
2789 687 3158 758 evangelicum
3203 686 3336 740 illud
3367 687 3576 752 chaos,

2011 776 2155 846 quod
2185 776 2238 831 in
2268 776 2448 832 medio
2478 778 2741 832 malorum
2770 776 3147 847 bonorumque
3179 775 3447 831 firmatum
3472 786 3578 842 cst,

2011 866 2189 937 inquit
2222 867 2557 938 patriarcha,
2590 869 2674 924 vel
2708 870 2888 940 potius
2919 871 3236 940 patriarchae
3269 871 3532 928 Dominus
3561 912 3576 935 ,

2010 956 2081 1010 ita
2107 965 2166 1010 ut
2195 973 2372 1028 neque
2393 959 2602 1029 possint
2630 959 2870 1014 damnati
2901 961 2966 1015 ad
2994 970 3304 1017 sanctorum
3340 963 3579 1032 quietem

2009 1050 2336 1114 ascendere,
2382 1065 2558 1119 neque
2603 1053 2776 1106 sancti
2830 1051 2897 1106 ad
2947 1053 3318 1123 improborum
3375 1061 3578 1109 emtum

2009 1149 2332 1209 penetrare:
2365 1157 2523 1196 veras
2565 1157 2685 1197 esse
2719 1144 3018 1200 sententias
3044 1144 3314 1213 ejusmodi
3351 1161 3456 1200 non
3485 1147 3581 1202 ad-

2007 1229 2194 1294 mitto,
2223 1238 2408 1301 utpote
2430 1231 2521 1300 qui
2557 1232 2733 1286 solum
2765 1248 2949 1287 verum
2976 1233 3199 1288 credere
3227 1233 3579 1305 Evangelium

2007 1335 2126 1374 sum
2161 1319 2406 1374 edoctus.
2449 1320 2678 1386 Quando
2713 1321 2878 1392 igitur
2910 1338 3140 1392 magnus
3175 1324 3314 1378 inter
3350 1333 3574 1379 sanctos

2005 1420 2122 1465 erat
2153 1408 2405 1474 Samuel,
2457 1427 2544 1467 res
2579 1419 2760 1467 autem
2790 1414 2930 1467 mala
2973 1423 3056 1469 est
3086 1415 3263 1486 magia
3291 1424 3345 1470 et
3379 1417 3538 1472 incan
3558 1446 3571 1455 -

2007 1501 2178 1565 latio,
2225 1516 2350 1556 cum
2385 1502 2553 1558 tantis
2608 1502 2826 1558 Samuel
2881 1503 2936 1557 in
2973 1505 3185 1561 deliciis
3239 1516 3576 1573 versaretur,

2005 1606 2180 1662 neque
2229 1595 2498 1648 volentem
2547 1610 2671 1650 eum
2733 1611 2908 1666 neque
2961 1598 3188 1652 invitum
3243 1599 3576 1668 profundum

2004 1683 2156 1738 illum
2188 1684 2391 1739 hiatum
2422 1701 2614 1742 versus
2642 1687 2838 1756 impios
2867 1696 2920 1744 et
2950 1689 3119 1745 chaos
3149 1691 3468 1760 impervium
3496 1708 3580 1746 ar-

2003 1774 2177 1829 bitror
2205 1775 2502 1846 trajecisse.
2532 1781 2662 1831 Nam
2697 1779 2900 1834 invitus
2931 1781 3149 1852 quidem
3183 1782 3234 1836 id
3258 1798 3370 1837 non
3407 1784 3576 1838 susti-

321 1879 576 1933 δύνασθαι
608 1879 668 1931 τὸ
694 1878 968 1948 δαιμόνιον
1003 1877 1254 1949 διαϐῆναι
1279 1876 1340 1929 τὸ
1370 1875 1554 1947 χάσμα
1575 1917 1590 1941 ,
1619 1878 1712 1929 καὶ⁸
1738 1877 1794 1928 ὲν
1824 1873 1896 1945 τῷ

2003 1865 2232 1931 nuisset,
2277 1867 2421 1936 quod
2456 1868 2666 1924 hiatum
2697 1869 2908 1925 daemon
2946 1874 3280 1942 pertransire
3308 1889 3417 1928 non
3452 1891 3579 1944 pos-

323 1971 472 2044 χορῷ
513 1970 619 2024 τῶν
651 1970 813 2024 ὁσίων
845 1969 1136 2040 γενόμενον
1193 1967 1550 2038 μετακινῆσαι
1593 1967 1682 2020 τὸν
1713 1966 1893 2035 ἅγιον·

325 2064 471 2118 ἑκὼν
511 2062 568 2115 δὲ
599 2063 696 2116 ούκ
744 2061 810 2116 ἂν
858 2059 1016 2113 τοῦτο
1046 2059 1295 2129 ἐποίησε,
1339 2057 1415 2128 τῷ
1449 2060 1583 2128 μήτε
1613 2057 1895 2128 βούλεσθαι

322 2153 677 2224 ἐπιμιχθῆναι
712 2153 821 2214 τοῖς
854 2151 1074 2214 κακοῖς,
1109 2150 1245 2220 μήτε
1271 2147 1558 2204 δύνασθαιτ
1585 2147 1664 2224 τῷ
1700 2148 1808 2220 γὰρ
1837 2151 1894 2201 ὲν

320 2246 544 2312 ἀγαθοῖς
574 2243 687 2296 ὄντι
731 2239 1028 2311 ἀϐούλητον
1063 2239 1170 2293 ἀπὸ
1199 2238 1308 2292 τῶν
1338 2240 1396 2293 ὲν
1423 2233 1503 2301 οἷς
1527 2239 1673 2292 ἐστιν
1697 2241 1729 2308 ἡ
1754 2238 1890 2309 πρὸς

317 2338 388 2390 τά
417 2335 632 2388 ἐναντία
660 2333 1008 2403 μετάστασις.
1042 2331 1102 2383 Ei
1131 2330 1186 2383 δέ
1224 2347 1305 2393 τις
1331 2329 1424 2382 καὶ
1451 2329 1730 2398 βούλεσθαι
1750 2328 1889 2398 δοίη,

317 2420 433 2476 ἀλλ’
460 2421 494 2489 ἡ
517 2417 610 2472 τοῦ
655 2417 933 2488 χάσματος
969 2413 1128 2484 φύσις
1156 2415 1255 2467 οὐκ
1294 2413 1576 2484 ἐπιτρέπει
1627 2413 1723 2484 τὴν
1753 2411 1892 2482 πάρ-

314 2505 453 2558 οδον.

386 2587 452 2638 Τί
504 2580 597 2638 οῦν
644 2584 791 2636 ἐστιν
831 2582 860 2634 ὃ
907 2581 1034 2651 περὶ
1077 2579 1280 2634 τούτων
1326 2581 1485 2650 ἡμεῖς
1527 2577 1887 2649 λογιζόμεθας

325 2677 554 2747 Ἐχθρὸς
574 2676 674 2745 τῆς
703 2673 1050 2744 ἀνθρωπίνης
1093 2671 1305 2742 φύσεώς
1334 2673 1480 2724 ἐστιν
1505 2672 1533 2723 ὁ
1559 2669 1734 2732 κοινὸς
1754 2668 1889 2722 πάν-

312 2785 422 2822 των
456 2767 714 2837 πολέμιος
733 2806 748 2831 ,
773 2758 817 2832 ᾧ
846 2764 996 2818 πᾶσά
1034 2765 1178 2816 ἐστιν
1206 2762 1415 2816 ὲπίνοια
1441 2761 1537 2815 καὶ
1578 2759 1779 2831 σπουδὴ
1813 2761 1892 2823 είς

312 2859 456 2913 αὐτὰ
475 2859 548 2913 vi
563 2857 755 2928 καίρια
772 2855 1024 2926 βλάπτειν
1047 2854 1136 2908 τὸν
1151 2853 1452 2927 ἄνθρωπον.
1484 2852 1577 2915 Τίς
1592 2851 1647 2904 δὲ
1669 2850 1888 2922 τοιαύτη

313 2950 501 3020 καιρία
532 2947 679 3001 κατά
708 2945 813 2999 τῶν
840 2944 1138 3017 ἀνθρώπων
1169 2942 1304 3012 άλλη
1333 2939 1534 3012 πληγὴ.
1570 2940 1644 3003 ὡς
1673 2940 1733 2992 τὸ
1757 2940 1891 2992 ἀπο-

2006 1965 2120 2023 set,
2156 1966 2319 2029 atque
2340 1975 2405 2015 ex
2438 1961 2616 2016 medio
2647 1962 2927 2018 beatorum
2951 1971 3097 2018 cmtu
3131 1965 3302 2019 virum
3327 1976 3576 2021 sanctqu

2005 2049 2111 2104 alio
2141 2051 2470 2118 transferre;
2509 2053 2696 2109 volens
2728 2063 2908 2110 autem
2936 2056 2988 2110 id
3021 2071 3130 2110 non
3163 2056 3401 2122 fecisset,
3432 2058 3577 2128 quod

2003 2151 2178 2206 neque
2214 2151 2340 2192 cum
2391 2139 2650 2209 improbis
2675 2143 3019 2198 commisceri
3058 2145 3214 2199 vellet
3249 2159 3425 2215 neque
3459 2161 3580 2215 pos-

2005 2234 2106 2280 set.
2156 2225 2257 2291 Qui
2291 2228 2437 2282 enim
2484 2229 2538 2282 in
2579 2229 2737 2285 bonis
2767 2237 3038 2297 versatur,
3078 2231 3148 2286 ab
3177 2232 3246 2287 iis
3286 2233 3341 2286 in
3376 2233 3578 2304 quibus

2007 2327 2256 2395 versatur
2291 2318 2360 2372 ad
2411 2322 2685 2376 contraria
2727 2330 2921 2392 sponte
2949 2338 3057 2379 non
3094 2324 3310 2380 transit.
3342 2323 3495 2391 Quod
3531 2327 3579 2381 si

2005 2410 2128 2478 quis
2187 2409 2350 2464 etiam
2403 2410 2552 2464 illum
2613 2411 2850 2468 voluisse
2898 2413 3197 2478 concedat,
3236 2431 3344 2471 non
3397 2423 3579 2471 tamen

2008 2501 2180 2571 ipsius
2208 2501 2386 2556 hiatus
2411 2510 2604 2555 natura
2635 2502 2952 2558 transeundi
2984 2511 3307 2573 potestatem
3337 2505 3573 2563 fecisset.

2078 2594 2216 2659 Quid
2260 2608 2388 2662 ergo
2434 2600 2538 2656 est,
2593 2594 2737 2663 quod
2795 2594 2864 2649 de
2915 2595 2999 2650 his
3039 2595 3197 2651 nobis
3239 2597 3292 2650 in
3337 2606 3576 2652 mentem

2018 2682 2202 2737 venit?
2236 2680 2372 2736 Cum
2401 2691 2612 2736 naturae
2642 2681 2892 2737 humanae
2920 2683 2992 2737 sit
3033 2683 3290 2740 inimicus
3323 2700 3576 2741 commu-

2005 2773 2093 2829 nis
2121 2773 2365 2828 omnium
2402 2772 2600 2835 hostis,
2637 2771 2691 2826 id
2729 2787 2896 2827 unum
2927 2773 3138 2844 cogitat
3167 2773 3479 2845 studetque,
3517 2787 3579 2831 ut

2004 2881 2114 2921 non
2164 2864 2397 2936 quodvis
2446 2865 2688 2931 homini,
2735 2865 2832 2921 sed
2884 2866 3044 2922 letale
3091 2868 3293 2923 vulnus
3342 2867 3571 2940 intligat.

2000 2955 2286 3023 Quodnam
2319 2969 2481 3026 porro
2517 2955 2665 3010 aliud
2700 2957 2808 3012 tale
2833 2956 3033 3011 vulnus
3065 2957 3384 3014 hominibus
3415 2959 3576 3015 letale

313 3038 581 3108 ϐληθῆναι
629 3037 738 3090 ἀπὸ
779 3033 870 3089 τοῦ
899 3033 1031 3088 Θεοῦ
1077 3031 1482 3096 ζωοποιοῦντος,
1515 3029 1609 3083 καὶ
1635 3029 1770 3100 πρὸς
1797 3029 1893 3100 τὴν

2003 3046 2174 3116 possit
2206 3045 2398 3116 infligi,
2431 3060 2594 3115 quam
2623 3045 2668 3100 si
2702 3059 2733 3098 a
2766 3045 2891 3102 vitae
2916 3055 3140 3102 auctore
3173 3046 3285 3102 Deo
3312 3047 3574 3118 rejician—

311 3131 594 3185 ἀπώλειαν
609 3128 701 3182 τοῦ
719 3127 944 3182 θανάτου
964 3126 1226 3188 ἑκουσίως
1247 3123 1612 3194 αὐτομολῆσαι
1630 3139 1644 3186 ;
1673 3121 1888 3191 Ἐπειδὴ

309 3224 492 3276 τοίνυν
523 3221 724 3290 σπουδὴ
754 3220 836 3285 τίς
866 3221 980 3274 ἐστι
1016 3219 1155 3273 κατὰ
1180 3218 1273 3272 τὸν
1302 3218 1413 3290 βίον
1435 3219 1545 3280 τοῖς
1577 3214 1888 3284 φιλοσωμά-

309 3334 425 3379 τοις
470 3314 672 3384 γνῶσίν
698 3331 818 3366 τινα
843 3312 952 3366 τῶν
984 3311 1286 3383 μελλόντων
1325 3309 1498 3380 ἔχειν’
1533 3309 1599 3362 δι’
1635 3301 1703 3379 ἦς
1735 3306 1886 3359 ἐλπί-

311 3409 501 3473 ζουσιν
523 3407 558 3476 ἢ
585 3407 693 3459 τῶν
721 3404 903 3460 κακῶν
924 3405 1230 3473 ἀποφυγὴν,
1258 3403 1290 3472 ἢ
1324 3402 1460 3472 πρὸς
1482 3399 1551 3454 τὰ
1582 3399 1890 3470 καταθύμια

311 3501 685 3573 χειραγωγίαν
707 3515 721 3530 ο
753 3497 941 3550 τούτου
970 3496 1150 3566 χάριν,
1184 3494 1256 3557 ὡς
1285 3493 1350 3564 ἂν
1389 3491 1463 3563 μὴ
1491 3491 1626 3562 πρὸς
1652 3490 1742 3543 τὸν
1762 3489 1894 3543 Θεὸν

312 3597 364 3649 οἱ
390 3593 668 3664 ἅνθρωποι
700 3591 944 3660 βλέποιεν
965 3629 980 3653 ,
1007 3587 1231 3649 πολλοὺς
1251 3585 1487 3657 τρόπους
1516 3584 1613 3653 τῆς
1637 3581 1730 3636 τοῦ
1764 3581 1892 3652 μέλ-

314 3687 501 3748 λοντος
519 3682 774 3753 γνώσεως
803 3683 836 3751 ὴ
868 3678 1118 3750 ἀπατηλὴ
1141 3677 1248 3730 τῶν
1276 3676 1543 3746 δαιμόνων
1569 3674 1894 3745 ὲτεχνάσατο

317 3777 509 3847 φύσις,
538 3772 950 3834 οἰωνοσκοπίας,
999 3767 1518 3840 συμϐολομαντείας,
1549 3765 1892 3838 χρηστήρια,

313 3865 752 3940 ὴπατοσκοπίας,
774 3863 1014 3929 νεκυῒας,
1058 3860 1498 3928 ἐνθουσιασμοὺς,
1544 3857 1892 3926 κατακωχάς,

322 3959 669 4032 ὲμπνεύσεις,
719 3956 813 4010 καὶ
845 3955 978 4008 ἄλλα
1023 3952 1248 4007 τοιαῦτα
1285 3949 1488 4004 πολλόν
1531 3950 1624 4003 καὶ
1654 3949 1791 4018 ὅπερ
1829 3947 1894 4009 ἄν

315 4070 402 4117 τις
431 4049 570 4114 εἶδος
602 4045 960 4118 προγνώσεως
993 4045 1054 4098 ἐκ
1093 4062 1236 4107 τινος
1273 4044 1488 4112 ἀπάτης
1520 4040 1716 4111 ἀληθὲς
1750 4037 1889 4094 εἶναι

316 4145 610 4216 νομίσειεν,
645 4143 819 4194 έκεῖνο
850 4139 910 4191 τὸ
939 4137 1216 4208 ἀπατηλὸν
1248 4135 1517 4206 δαιμόνιον
1554 4132 1892 4203 παραφαίνε-

315 4254 405 4292 ται
443 4238 526 4298 είς
570 4233 852 4287 δικαίωσιν
895 4231 994 4299 τῆς
1029 4227 1383 4298 ὴπατημένης
1430 4223 1748 4295 ὑπολήψεως
1799 4223 1892 4276 τοῦ

319 4325 754 4398 πεπλανημένον.
785 4323 969 4386 Οὕτως
988 4321 1083 4374 καὶ
1103 4321 1201 4389 τὴν
1222 4319 1315 4372 τοῦ
1348 4317 1506 4371 ἀετοῦ
1538 4317 1733 4386 πτῆσιν
1758 4316 1895 4386 πρὸς

318 4422 412 4491 τὴν
436 4418 533 4472 τοῦ
598 4413 1110 4488 παρατετηρηκότος
1137 4410 1326 4464 ἐλπίδα
1365 4409 1687 4480 συνδραμεῖν
1719 4425 1892 4478 παρα-

325 4508 576 4571 σκευάζει
605 4509 634 4560 ὀ
672 4505 900 4575 δαίμων,
931 4500 1145 4556 καὶτοῦ
1176 4501 1384 4571 ἥπατος
1416 4499 1506 4552 τὸν
1534 4497 1766 4568 παλμὸν,
1799 4498 1893 4550 καὶ

319 4600 410 4672 τὴν
433 4601 500 4652 ἐκ
527 4597 623 4652 τοῦ
645 4594 919 4664 φυσὼδους
950 4592 1236 4663 γινομένην
1259 4590 1367 4644 τῶν
1408 4591 1684 4660 μηνίγγων
1717 4605 1894 4657 παρα-

326 4691 510 4761 φορὰν,
548 4691 646 4744 καὶ
671 4686 778 4740 τῶν
815 4687 1076 4756 ὀμμάτων
1101 4682 1512 4755 παραστροφὴν,
1543 4681 1637 4734 καὶ
1657 4680 1893 4749 ἑκάστην

328 4784 457 4836 κατά
475 4782 578 4852 τὴν
604 4779 1002 4851 σημειωθεῖσαν
1018 4778 1083 4832 ὲκ
1108 4777 1205 4848 τῆς
1220 4775 1436 4845 ἀπάτης
1459 4774 1839 4843 παρατήρησιν
1866 4773 1899 4841 ὴ

325 4865 411 4919 τοῦ
425 4865 680 4936 δαίμονος
697 4880 865 4916 πανου
874 4863 1002 4932 ργία
1014 4861 1173 4933 προδε
1184 4860 1299 4913 ίκνυ
1308 4876 1358 4911 σι
1374 4860 1484 4920 τοῖς
1500 4855 1895 4924 όιπατωμένοις⁸

327 4953 459 5008 ὥστε
499 4953 845 5016 ἀποστάντας
889 4952 1017 5014 τοὺς
1055 4947 1372 5020 ἀνθρώπους
1398 4945 1490 5000 τοῦ
1525 4944 1692 5009 Θεοῦ,
1729 4961 1896 5015 προση

331 5046 469 5117 ἐχειν
494 5050 562 5117 τῇ
594 5046 649 5099 θε
661 5043 861 5115 ραπεία
905 5042 1013 5094 τῶν
1042 5041 1329 5111 δαιμόνων,
1358 5038 1424 5091 δι’
1454 5030 1528 5090 ὧν
1560 5035 1896 5107 ἐνεργεῖσθαι

327 5137 398 5190 τά
423 5136 639 5189 τοιαῦτα
667 5137 1033 5190 πιστεύουσιν.
1069 5133 1164 5186 Ἕν
1190 5130 1370 5184 τοίνυν
1409 5129 1623 5198 ἀπάτης
1657 5123 1794 5189 εἶδος
1827 5121 1895 5194 ἦν

325 5229 504 5284 καὶτὸ
548 5228 652 5281 τῶν
689 5225 1171 5298 ἐγγαστριμύθων,
1216 5217 1291 5278 ὧν
1340 5225 1373 5292 ἡ
1426 5219 1726 5292 μαγγανεία
1773 5219 1893 5269 ἐπι-

330 5320 548 5374 στεύετο
565 5319 819 5373 δύνασθαι
854 5317 955 5380 τὰς
986 5315 1095 5368 τῶν
1117 5314 1512 5384 κατοιχομένων
1532 5310 1709 5381 ψυχὰς
1732 5309 1891 5362 πάλιν

326 5412 459 5483 πρὸς
493 5412 583 5465 τὸν
611 5412 724 5466 ἀνω
757 5410 872 5481 βίον
913 5407 1254 5476 ἐφέλκεσθαι.
1291 5404 1396 5457 Τοῦ
1427 5403 1604 5456 τοίνυν
1634 5401 1808 5456 Σαοὺλ
1840 5402 1896 5455 ὲν

325 5503 624 5571 ἀπογνώσει
672 5501 951 5573 σωτηρίας
996 5499 1309 5566 γεγονότος,
1344 5495 1432 5549 διὰ
1459 5495 1521 5548 τὸ
1563 5496 1905 5566 πανστρατιᾷ

329 5587 748 5658 σνγκεκινῆσθαι
799 5583 923 5639 κατ’
973 5581 1137 5636 αὐτοῦ
1181 5582 1286 5634 πᾶν
1333 5582 1394 5634 τὸ
1431 5579 1756 5649 ἀλλόφυλον,
1809 5580 1905 5632 καὶ

331 5679 424 5731 ἐπὶ
444 5679 642 5750 ταύτην
669 5677 919 5738 ἐλθόντος
943 5672 1042 5743 τὴν
1064 5672 1331 5736 ἐπίνοιαν,
1361 5670 1499 5724 ὥστε
1529 5669 1621 5722 τὸν
1650 5667 1904 5738 Σαμουὴλ

330 5767 477 5840 αὐτῷ
512 5769 712 5840 τρόπον
746 5765 1044 5822 ὑποθέσθαι
1074 5763 1195 5819 τινὰ
1230 5761 1527 5833 σωτηρίας·
1555 5761 1614 5815 τὸ
1657 5759 1904 5832 παραμέ-

1999 3143 2107 3200 tur,
2158 3142 2218 3188 ut
2269 3135 2324 3189 in
2361 3133 2554 3190 mortis
2587 3134 2814 3189 exitium
2850 3136 3156 3205 praecipites
3191 3137 3336 3192 ultro
3393 3138 3576 3194 feran-

1999 3229 2124 3282 tur?
2165 3226 2430 3293 Quoniam
2477 3225 2642 3296 igitur
2689 3226 2937 3281 homines
2967 3228 3259 3298 voluptarii
3292 3230 3574 3300 corporis-

1995 3334 2100 3390 que
2133 3319 2257 3389 plus
2299 3331 2457 3387 aequo
2492 3323 2738 3372 amantes
2777 3317 2830 3370 in
2861 3317 2966 3373 hac
2999 3319 3111 3372 vita
3143 3319 3328 3374 studio
3357 3335 3449 3376 res
3482 3319 3572 3375 fu—

1996 3419 2148 3465 turas
2175 3409 2382 3465 sciendi
2407 3416 2665 3464 tenentur
2693 3448 2708 3475 ,
2742 3426 2850 3480 qua
2885 3410 3202 3480 cognitione
3235 3412 3320 3467 vel
3351 3413 3490 3467 mala
3513 3429 3574 3470 se

1995 3502 2297 3557 evitaturos
2331 3508 2578 3570 sperant,
2616 3499 2701 3554 vel
2737 3500 2789 3555 id
2819 3501 2967 3571 quod
3000 3501 3316 3562 desiderant
3349 3518 3575 3560 assecu—

1997 3601 2153 3648 turos
2189 3610 2203 3646 :
2249 3591 2460 3647 idcirco
2495 3607 2563 3648 ne
2596 3606 2625 3644 a
2657 3589 2768 3647 Deo
2805 3593 3078 3661 pendeant
3127 3592 3399 3658 homines,
3434 3610 3575 3666 prae-

1997 3683 2237 3739 notionis
2268 3698 2454 3738 rerum
2497 3682 2806 3738 futurarum
2845 3683 2996 3738 varia
3043 3698 3242 3754 genera
3269 3683 3430 3739 fallax
3461 3685 3574 3740 dae-

1995 3788 2218 3829 monum
2241 3780 2436 3828 natura
2461 3782 2771 3828 commenta
2797 3781 2902 3836 est,
2928 3773 3178 3844 auguria,
3206 3774 3572 3832 divinationes

1997 3883 2095 3939 per
2123 3866 2390 3938 symbola,
2422 3865 2666 3931 oracula,
2713 3864 3009 3934 aruspieia,
3054 3875 3392 3922 mortuorum
3443 3881 3572 3922 evo-

1997 3961 2259 4024 cationes,
2299 3959 2505 4015 furoris
2546 3958 2783 4023 amatus,
2833 3958 3439 4026 numinis-instinctus,
3487 3961 3571 4016 in-

1997 4052 2349 4122 spirationes,
2379 4051 2593 4121 aliaque
2626 4049 2862 4120 plurima
2909 4049 2963 4105 id
2998 4065 3170 4121 genus
3206 4070 3219 4106 :
3255 4058 3372 4106 tum
3421 4067 3572 4122 quae-

1996 4158 2212 4213 cunque
2240 4141 2594 4212 praeuetionis
2625 4141 2834 4219 species
2871 4155 2939 4196 ex
2971 4142 3149 4211 aliqua
3189 4140 3401 4198 fallacia
3442 4157 3571 4197 vera

1997 4233 2230 4302 cuipiam
2263 4233 2534 4296 videatur,
2581 4231 2674 4285 illa
2717 4231 2980 4287 continuo
3024 4245 3055 4285 a
3100 4231 3281 4286 fallaci
3325 4231 3572 4287 daemone

1996 4331 2356 4389 monstratur,
2391 4331 2453 4377 ut
2498 4323 2602 4378 hoc
2636 4328 2896 4391 tanquam
2931 4321 3239 4393 patrocinio
3270 4321 3425 4392 ejus,
3473 4323 3570 4393 qui
3641 4334 3646 4339 '

2000 4415 2054 4468 in
2077 4413 2322 4469 fraudem
2353 4413 2566 4468 illectus
2593 4419 2697 4478 est,
2733 4412 2898 4467 fallax
2926 4411 3114 4481 ,opinio
3137 4411 3286 4482 justa
3316 4427 3570 4483 compro-

2001 4508 2178 4562 betur.
2233 4506 2325 4561 Sic
2373 4505 2534 4561 elficit
2566 4505 2800 4570 daemon,
2849 4512 2909 4559 ut
2950 4504 3145 4574 aquilae
3187 4506 3402 4562 volatus
3445 4521 3569 4561 cum

2000 4597 2138 4667 ejus,
2180 4596 2272 4666 qui
2305 4593 2631 4658 observarit,
2668 4607 2766 4661 spe
2806 4599 2860 4647 et
2901 4591 3308 4663 exspectatione
3335 4607 3571 4648 concur-

2001 4697 2106 4752 rat,
2156 4694 2212 4742 et
2241 4691 2301 4740 ut
2328 4684 2532 4754 jecoris
2580 4683 2898 4752 palpitatio,
2943 4691 2998 4738 et
3033 4682 3472 4738 membranarum
3505 4697 3570 4736 ac

2000 4775 2376 4847 pellicularum
2403 4789 2466 4828 ex
2497 4773 2773 4828 inﬂatione
2799 4780 2919 4826 orta
2955 4773 3269 4839 titubantia,
3300 4779 3354 4828 et
3383 4773 3571 4827 oculo-

2001 4881 2121 4920 rum
2152 4863 2512 4926 inversiones,
2542 4871 2596 4917 et
2657 4876 2996 4931 unaquaeque
3041 4867 3206 4930 prout
3238 4869 3426 4916 notata
3456 4860 3571 4916 fue-

1995 4956 2067 5009 rit
2114 4970 2180 5010 ex
2224 4953 2436 5008 fallacia
2485 4953 2837 5015 observatio,
2885 4952 3122 5023 deceptis
3173 4953 3486 5008 hominibus
3538 4968 3568 5005 a

1995 5043 2235 5098 versutia
2268 5043 2532 5099 daemonis
2561 5049 3061 5108 commonstretur;
3097 5052 3156 5096 ut
3186 5057 3216 5096 a
3248 5041 3356 5099 Deo
3388 5042 3568 5098 disce-

1995 5136 2184 5191 dentes
2219 5136 2525 5189 dmmouum
2557 5134 2727 5188 cultui
2760 5149 2818 5188 se
2845 5132 3120 5198 addicant,
3151 5147 3179 5186 a
3209 5133 3408 5202 quibus
3441 5132 3567 5186 talia

1995 5227 2182 5298 perﬁci
2211 5226 2460 5282 credunt.
2509 5224 2677 5280 Porro
2706 5241 2876 5281 unum
2922 5234 3040 5282 erat
3083 5241 3148 5280 ex
3194 5225 3301 5281 illis
3341 5224 3570 5277 fallacia:

1996 5319 2286 5390 generibus
2316 5317 2418 5372 hoc
2450 5318 2942 5387 ventriloquorum,
2973 5331 3068 5372 seu
3118 5315 3417 5385 Pythonem
3469 5313 3567 5366 ha-

2003 5410 2266 5476 bentium,
2313 5424 2544 5479 quorum
2588 5410 3070 5480 praestigiaeposse
3102 5409 3311 5460 animas
3351 5419 3564 5466 eorum,

1999 5503 2092 5572 qui
2121 5501 2489 5564 decesserant,
2525 5517 2715 5556 rursus
2743 5501 2808 5556 ad
2840 5502 2979 5555 hanc
3013 5498 3367 5567 superstitum
3402 5497 3562 5551 vitam

2003 5593 2316 5661 protrahere
2345 5594 2724 5648 credebantur.
2760 5594 2894 5646 Cum
2943 5591 3125 5661 itaque
3174 5583 3303 5642 Saul
3357 5589 3436 5661 de
3469 5603 3568 5642 sua

2001 5658 2176 5718 salute
2204 5663 2540 5733 desperaret,
2578 5663 2722 5731 quod
2754 5674 2944 5714 omnes
2976 5658 3162 5726 copias
3207 5674 3337 5715 suas
3375 5658 3566 5713 adter-

2001 5769 2096 5810 sus
2129 5755 2303 5824 ipsum
2335 5753 2647 5824 alienigena:
2691 5765 2881 5808 omnes
2915 5750 3299 5824 collegissent,
3354 5751 3567 5820 sibique
