3980 6198
427 345 530 396 ιιι

1669 342 1728 396 S.
1765 337 2085 397 GREGORII
2122 339 2161 392 Ν
2177 339 2210 391 Υ
2223 338 2410 392 εει-λι

3583 337 3681 393 I12

437 458 816 528 persuasisset,
844 471 901 509 se
933 469 960 506 a
999 453 1246 508 Samuele
1277 455 1416 508 viam
1453 455 1686 525 aliquam
1722 465 1884 525 atque
1916 471 2002 508 ra-

2117 475 2199 511 νον
2236 460 2303 529 τῇ
2342 451 2761 526 ἐγγαστριμύθῳ
2807 451 3099 521 δαιμόνιον,
3143 451 3210 505 δι’
3247 451 3312 507 οὗ
3345 451 3588 520 ἠπατᾶτο
3619 455 3684 504 ἐκ

430 553 639 605 tionem
687 548 899 602 edoceri
953 561 1152 614 posse,
1204 562 1311 615 qua
1361 546 1650 602 incolumis
1697 547 1996 612 evaderet;

437 639 580 709 quod
629 636 980 704 ventriloquaa
1025 634 1295 689 insidebat
1325 637 1670 699 dmmonium,
1716 651 1746 689 a
1791 653 1900 706 quo
1937 638 2004 692 de

438 746 588 786 more
634 728 950 782 muliercula
994 727 1387 797 decipiebatur,
1438 728 1616 783 varias
1649 729 1752 784 sibi
1801 728 2004 784 formas

439 821 755 876 umbratiles
786 819 839 872 in
869 819 1203 872 muliercula:
1233 819 1408 874 oculis
1437 819 1740 889 ellingebat.
1768 834 1890 873 cum
1923 821 2006 873 in-

437 913 595 966 terim
647 912 782 965 nihil
830 926 1044 976 eorum,
1085 927 1204 980 qua:
1247 912 1616 981 conspiciebat
1663 912 2002 973 muliercula,

439 1004 590 1057 Sauli
618 1014 925 1073 appareret.
977 1001 1044 1054 lit
1080 1003 1220 1055 enim
1255 1002 1679 1057 incantationem
1733 1017 1885 1057 suam
1911 1017 2004 1070 ag-

433 1109 620 1164 gressa
668 1102 785 1158 est,
832 1093 1051 1162 jamque
1101 1093 1434 1148 mulierculae
1483 1093 1553 1148 ob
1597 1094 1788 1149 oculos
1835 1095 2007 1164 phan-

438 1195 670 1241 tasmata
701 1195 754 1241 et
788 1194 999 1255 spectra
1035 1185 1410 1249 versabantur,
1457 1202 1522 1241 ex
1570 1201 1634 1241 eo
1684 1187 1840 1240 tidem
1889 1185 2007 1241 suis

437 1278 872 1350 apparitionibus
900 1279 1196 1334 conciliare
1229 1280 1399 1334 voluit
1443 1279 1675 1342 daemon,
1711 1279 1855 1348 quod
1887 1279 2007 1346 ejus

428 1385 750 1441 personam,
791 1370 881 1438 qui
915 1369 1260 1424 dissimulato
1291 1370 1476 1423 habitu
1515 1370 1733 1432 latebat,
1766 1370 2010 1422 declara-

438 1464 528 1525 rit,
559 1477 678 1530 qua:
709 1476 794 1516 res
824 1460 1079 1530 majorem
1115 1461 1166 1514 in
1210 1459 1622 1514 admirationem
1651 1459 1865 1512 Saulcm
1898 1469 2007 1512 tra-

429 1551 626 1613 duxit,
663 1560 719 1604 ut
744 1551 1082 1605 existimaret
1113 1565 1218 1603 non
1251 1550 1622 1604 aberraturam
1650 1549 1905 1617 deinceps
1940 1549 2007 1601 ab

427 1645 603 1710 vullius
634 1645 709 1698 rei
741 1645 1048 1714 cognitione
1079 1643 1379 1709 mulierem,
1415 1657 1538 1696 cum
1573 1641 1767 1711 privati
1795 1641 2008 1695 habitus

437 1735 662 1805 magicae
694 1735 934 1788 facultati
985 1750 1093 1788 non
1129 1734 1497 1803 imposuisset.
1540 1732 1830 1801 Postquam
1878 1747 2008 1802 ergo

435 1826 576 1879 dixit
606 1827 694 1880 illa
718 1843 776 1881 se
807 1827 937 1880 deos
965 1825 1319 1880 ascendentes
1341 1824 1541 1889 videre,
1565 1833 1618 1879 et
1643 1824 1821 1878 virum
1853 1840 2004 1878 crcc-

426 1927 552 1972 *tum
589 1919 844 1974 amictum
884 1920 1063 1988 pallio,
1103 1933 1210 1988 quo
1245 1925 1405 1988 pacto
1437 1917 1715 1972 stabilicnt
1747 1917 1893 1986 quod
1944 1918 2010 1971 ad

441 2011 726 2064 historiam
791 2011 1003 2074 attinet,
1045 2009 1138 2080 qui
1178 2009 1320 2064 servi
1351 2017 1478 2063 sunt
1513 2007 1744 2061 litterae?
1779 2007 1834 2059 Si
1863 2009 2005 2060 enim

439 2116 566 2155 vere
597 2101 813 2154 Samuel
843 2108 926 2154 est
958 2100 1060 2159 ille
1099 2099 1189 2167 qui
1217 2098 1368 2152 visus
1398 2107 1499 2155 est,
1515 2098 1673 2166 plane
1703 2097 1867 2166 igitur
1895 2096 2008 2149 veri

440 2199 570 2247 sunt
613 2195 776 2246 etiam
827 2191 936 2252 dii,
984 2191 1076 2258 qui
1113 2205 1142 2243 a
1173 2189 1411 2244 venefica
1454 2197 1580 2242 sunt
1611 2187 1748 2251 visi;
1804 2202 1927 2240 nam
1957 2195 2010 2241 et

438 2282 707 2337 daemonia
729 2282 861 2336 deos
890 2281 1024 2334 dicit
1052 2278 1332 2348 Scriptura
1357 2295 1369 2331 :
1407 2277 1600 2333 Omnes
1625 2279 1760 2332 enim
1787 2277 1862 2330 dii
1889 2295 2012 2346 gen-

439 2376 573 2427 tium
597 2372 862 2426 dremonia
877 2372 957 2436 M5;
1011 2386 1140 2425 num
1174 2371 1339 2440 igitur
1367 2385 1491 2423 cum
1523 2369 1861 2424 daemonibus
1909 2371 2014 2424 erit

435 2474 493 2517 et
525 2464 702 2517 anima
738 2460 1045 2517 Samuelis?
1073 2462 1246 2516 Absit.
1284 2459 1478 2515 Verum
1514 2460 1664 2524 illud,
1697 2461 1840 2530 quod
1870 2475 2014 2516 sem-

439 2569 537 2624 per
563 2554 812 2610 vencficae
833 2553 1256 2623 obsequebatur,
1283 2553 1606 2607 daamouium
1636 2553 1932 2622 assumpsit
1962 2560 2016 2606 et

441 2649 548 2700 alia
598 2661 782 2701 secum
828 2644 1132 2705 daemonia,
1187 2651 1245 2697 ut
1296 2659 1418 2699 cum
1468 2645 1748 2698 mulierem
1784 2643 2014 2708 falleret,

430 2745 554 2790 .tum
585 2751 707 2790 eum
738 2736 833 2805 qui
862 2736 931 2788 ab
958 2735 1076 2804 ipsa
1108 2733 1392 2790 fallebatur
1424 2735 1642 2789 Saulem
1675 2754 1688 2802 ;
1737 2744 1900 2805 atque
1927 2736 2009 2791 ef-

443 2827 571 2881 fecit
604 2827 822 2897 quidem
855 2836 914 2880 ut
952 2827 1216 2880 darinonia
1245 2825 1320 2880 dii
1354 2841 1385 2880 a
1439 2827 1780 2896 ventriloqua
1825 2841 2013 2882 cense-

443 2922 652 2978 rentur,
684 2913 862 2984 ipsum
907 2923 1088 2969 autem
1121 2914 1213 2967 illa
1255 2929 1314 2970 se
1362 2916 1543 2985 specie
1570 2915 1747 2969 induit
1778 2930 1898 2985 qua:
1929 2930 2014 2971 re-

443 3006 780 3074 quirebatur,
809 3013 862 3061 et
905 3021 1068 3062 voces
1115 3005 1262 3061 illius
1310 3007 1605 3070 simulavit,
1657 3015 1709 3060 et
1747 3015 2010 3079 quantum

2113 549 2394 621 συνηθείας
2433 547 2491 600 τὸ
2511 547 2753 615 γύναιον,
2779 546 2856 607 είς
2880 544 3167 615 διαφόρους
3200 543 3413 614 μορφὰς
3439 543 3684 607 σκιωδῶς

2109 642 2167 694 ὲν
2196 643 2309 704 τοῖς
2335 638 2628 709 ὀφθαλμοῖς
2657 637 2750 691 τοῦ
2775 635 3000 705 γυναίου
3024 637 3154 705 ὲσχη
3165 635 3440 706 ματίζετο,
3469 635 3685 699 οὐδενὸς

2107 731 2184 802 τῷ
2224 731 2392 787 Σαοὺλ
2437 728 2871 801 προφαινομένου
2892 720 3023 791 ,,ὧν
3055 726 3309 797 καθεώρα
3346 727 3406 780 τὸ
3438 727 3681 794 γύναιον.

2121 823 2207 884 Ὠς
2229 823 2337 893 γὰρ
2371 822 2546 892 ἥψατο
2571 821 2670 890 τῆς
2697 819 2967 890 γοητείας,
2999 822 3091 870 xui.
3145 817 3246 887 ἤδη
3272 818 3348 888 τῷ
3377 819 3582 887 γυναίῳ
3615 815 3685 888 ἦν

2109 915 2164 965 ἐν
2204 912 2499 981 ὀφθαλμοῖς
2533 911 2599 964 τὰ
2641 912 3017 981 φαντάσματα,
3063 909 3246 963 πίστιν
3287 909 3377 962 τοῦ
3407 910 3582 980 ἀληθῆ
3613 913 3686 965 τὰ

2110 1008 2404 1077 φαινόμενα
2447 1000 2586 1063 εἶναι
2621 1001 2824 1071 ταύτην
2862 1005 2889 1054 6
2929 1001 3136 1070 δαίμων
3168 1002 3584 1070 ἐμηχανήσατο,
3624 1002 3688 1052 τὸ

2109 1097 2324 1167 πρῶτον
2353 1095 2518 1150 αὑτοῦ
2544 1093 2927 1164 κεκρυμμένου
2956 1093 3014 1143 ὲν
3043 1091 3118 1161 τῷ
3153 1091 3282 1144 εῖδει
3311 1091 3404 1144 τοῦ
3444 1095 3688 1162 προσχή-

2113 1204 2279 1256 ματος
2311 1187 2660 1254 διασαφῆσαι,
2693 1183 2760 1236 δι’
2783 1177 2843 1236 οὗ
2868 1182 3064 1252 μᾶλλον
3085 1183 3114 1233 6
3136 1181 3307 1234 Σαοὺλ
3342 1182 3686 1251 κατεπλάγη,

2108 1281 2185 1341 ὡς
2235 1278 2385 1331 οὐδὲν
2436 1277 2516 1330 ἔτι
2565 1277 2661 1348 τῆς
2709 1274 2964 1342 γυναικὸς
3011 1273 3462 1344 σφαλησομένης,
3508 1272 3586 1344 τῷ
3631 1273 3689 1326 τδ

2113 1369 2376 1423 ἰδιωτικὸν
2401 1369 2581 1441 σχῆμα
2606 1367 2705 1437 τὴν
2737 1365 2997 1435 γοητικὴν
3025 1365 3250 1434 δύναμιν
3288 1365 3360 1434 μὴ
3393 1366 3682 1434 ἀγνοῆσαι.

2109 1459 2383 1519 Εἰπούσης
2417 1459 2593 1510 τοίνυν
2627 1457 2796 1524 αὐτῆς
2839 1455 2992 1517 θεοὺς
3035 1454 3335 1524 ἑωρακέναι
3375 1455 3692 1508 ἀναϐαῖνον-

2110 1569 2207 1614 τας
2227 1590 2241 1615 ,
2270 1552 2361 1604 καὶ
2397 1549 2680 1620 ἄνθρωπον
2706 1547 2887 1618 ὄρθιον
2913 1549 2970 1598 ὲν
2999 1543 3245 1609 διπλιῒδι,
3282 1546 3395 1609 πῶς
3427 1549 3690 1616 στήσουσι

2109 1641 2170 1694 τὸ
2212 1640 2332 1692 καθ’
2381 1639 2619 1710 ἱστορίαν
2649 1639 2698 1690 οἱ
2743 1636 2916 1689 δοῦλοι
2951 1638 3044 1689 τού
3079 1637 3434 1706 γραμματοςς
3471 1639 3534 1689 Εἰ
3577 1639 3691 1707 γὰρ

2120 1733 2334 1804 ἀληθῶς
2379 1734 2408 1785 6
2467 1731 2720 1802 Σαμουήλ
2782 1733 2926 1782 ἐστιν
2974 1730 3001 1780 ὁ
3056 1728 3272 1797 ὀφθεὶς,
3329 1729 3524 1782 οὐκοῦν
3567 1731 3692 1783 κατ’

2111 1826 2364 1896 ἀλήθειαν
2385 1825 2476 1877 καὶ
2499 1823 2608 1876 θεοί
2637 1824 2772 1874 εἰσιν
2795 1823 2842 1873 οἱ
2877 1820 3129 1890 ὀφθέντες
3158 1819 3310 1891 παρὰ
3337 1821 3432 1890 τῆς
3465 1838 3693 1893 φαρμα-

2120 1919 2264 1981 κίδος
2282 1933 2295 1946 ·
2343 1916 2495 1980 θεοὺς
2517 1917 2572 1969 δὲ
2606 1918 2639 1987 ὴ
2669 1913 2855 1985 Γραφὴ
2889 1912 2959 1965 τὰ
2984 1912 3230 1982 δαιμόνια
3255 1912 3435 1979 λέγει’
3460 1912 3696 1978 Πάντες

2124 2010 2234 2078 γὰρ
2267 2013 2320 2062 οι
2345 2009 2464 2062 θεοὶ
2505 2008 2623 2061 τῶν
2646 2005 2835 2060 ἐθνῶν
2854 2004 3127 2073 δαιμόνια
3147 2018 3161 2033 ·
3193 1999 3281 2074 ἆρ’
3316 1999 3408 2056 οὖν
3427 2003 3564 2074 μετὰ
3579 2005 3695 2056 τῶν

2116 2101 2383 2170 δαιμόνων
2404 2101 2497 2154 καὶ
2520 2101 2553 2171 ἡ
2579 2097 2722 2168 ψυχὴ
2751 2094 2844 2149 τοῦ
2872 2094 3144 2165 Σαμουήλ;
3173 2095 3263 2164 Μὴ
3290 2094 3498 2163 γένοιτο
3517 2109 3532 2123 ·
3554 2094 3698 2149 ἀλλὰ

2115 2191 2177 2243 τὸ
2205 2191 2432 2245 πάντοτε
2465 2187 2737 2242 ὑπακοῦον
2775 2189 2842 2257 τῇ
2887 2183 3190 2255 φαρμακίδι
3223 2183 3495 2254 δαιμόνιον
3543 2200 3697 2256 παρ-

2119 2281 2278 2335 έλαϐε
2335 2282 2429 2334 καὶ
2472 2281 2605 2333 ἄλλα
2644 2278 2928 2348 πνεύματα
2970 2275 3106 2347 πρὸς
3161 2275 3378 2345 ἀπάτην
3422 2275 3592 2344 αὐτῆς
3631 2292 3696 2329 τε

2119 2372 2282 2445 [καὶ]
2308 2373 2407 2444 τῆς
2435 2373 2710 2442 γυναικὸς,
2743 2371 2837 2424 καὶ
2865 2368 2957 2422 τοῦ
2981 2369 3046 2422 δι’
3075 2369 3292 2439 ἐκείνης
3323 2368 3693 2438 ἀπατωμένου

2113 2465 2284 2519 Σαούλ
2305 2481 2320 2496 ο
2369 2465 2556 2519 καὶτὰ
2591 2464 2686 2535 μὲν
2718 2463 2966 2533 δαιμόνια
2999 2460 3153 2523 θεοὺς
3193 2461 3506 2530 νομίζεσθαι
3541 2461 3699 2531 παρὰ

2111 2556 2210 2627 τῆς
2254 2554 2695 2628 ἐγγαστριμύθου
2730 2554 2999 2624 ἐποίησεν,
3046 2553 3176 2606 αὐτὸ
3219 2552 3276 2604 δὲ
3323 2551 3454 2621 πρὸς
3487 2552 3546 2603 τὸ
3573 2551 3700 2604 ἐπι-

2113 2644 2441 2717 ζητούμενον
2497 2641 2634 2709 εἷδος
2691 2645 3100 2717 ἐσχηματίσθη,
3169 2642 3264 2696 καὶ
3318 2645 3417 2703 τὰς
3481 2641 3700 2694 ἐκείνου

2115 2735 2301 2806 φωνὰς
2327 2737 2679 2807 ὑπεκρίνατο,
2719 2737 2810 2789 καὶ
2833 2737 2968 2806 ὅπερ
2996 2735 3146 2799 -είκὸς
3173 2730 3239 2804 ἦν
3271 2734 3336 2786 ἐκ
3357 2731 3464 2785 τῶν
3504 2750 3701 2802 φαινο-

2121 2828 2297 2898 μένων
2325 2827 2660 2896 λογίσασθαι,
2695 2827 2792 2897 τὴν
2821 2830 2884 2880 ἐκ
2908 2827 2999 2880 τοῦ
3035 2825 3327 2880 ἀκολούθου
3363 2822 3701 2894 ἐκϐήσεσθαι

2119 2918 2576 2990 προσδοκηθεῖσαν
2619 2919 2912 2986 ἀπόφασιν,
2955 2917 3030 2981 ὠς
3073 2919 3129 2971 ὲν
3168 2917 3298 2969 εῖδει
3351 2914 3695 2984 προφητείας

2116 3008 2435 3079 ἐφθέγξατο.
2470 3009 2695 3078 Ἠλεγξε
2745 3009 2801 3062 δὲ
2849 3009 2944 3061 καὶ
2972 3008 3046 3070 ὡς
3089 3009 3188 3061 οὑκ
3222 3007 3468 3060 ἐϐούλετο
3503 3006 3699 3058 ἑαυτὸν

444 3099 640 3152 licebat
668 3099 945 3152 verisimili
975 3099 1192 3168 assequi
1232 3098 1548 3168 conjectura
1578 3115 1642 3153 ex
1674 3099 1739 3154 iis
1770 3114 1890 3168 (μειβ
1919 3113 2012 3168 ap-

2119 3101 2146 3152 6
2178 3099 2384 3168 δαίμων
2427 3098 2594 3152 εἰπὼν
2641 3097 2738 3168 τὴν
2779 3098 3068 3168 ἀλήθειαν,
3106 3099 3188 3150 ὅτι
3221 3097 3443 3165 Αὔριον
3469 3095 3556 3148 σὺ
3592 3095 3700 3148 καὶ

438 3192 748 3260 parebant,
802 3189 1140 3245 conformata
1198 3191 1253 3245 in
1301 3191 1536 3261 speciem
1585 3193 1884 3262 prophetia!
1932 3206 2018 3246 re-

445 3297 666 3352 sponso,
702 3297 823 3352 quae
854 3297 920 3338 ex
951 3282 1343 3352 consequentia
1369 3291 1628 3336 eventura
1662 3283 2013 3350 putabantur,

443 3373 804 3429 denuntiavit.
860 3374 1030 3427 Porro
1083 3374 1324 3442 seipsqu
1370 3373 1560 3426 volens
1607 3373 1798 3427 nolens
1844 3373 2020 3441 arguit

444 3468 656 3520 daemon
683 3465 912 3518 veritate
938 3464 1170 3532 prolata,
1205 3463 1332 3516 dum
1369 3463 1505 3516 dixit
1537 3485 1547 3516 :
1581 3461 1714 3515 Cras
1749 3474 1804 3515 ιιι
1838 3474 1886 3517 ει
1916 3462 2017 3517 Jo-

445 3554 645 3609 mulian
681 3569 879 3608 mecum
895 3553 978 3618 ἰτς
1029 3555 1075 3608 si
1108 3553 1254 3608 enim
1286 3569 1410 3608 vere
1451 3552 1669 3608 Samuel
1710 3564 1846 3622 erat,
1883 3572 2019 3626 quo-

445 3646 607 3702 modo
635 3645 751 3700 fieri
777 3653 1018 3713 poterat,
1054 3651 1113 3696 ut
1138 3644 1186 3698 is
1216 3644 1307 3714 qui
1332 3645 1572 3698 omnium
1598 3647 1860 3701 scelerum
1891 3664 2018 3703 reus

446 3747 582 3803 erat,
621 3752 744 3791 cum
775 3735 868 3789 illo
896 3735 1080 3791 esset?
1122 3733 1322 3790 Verum
1373 3736 1499 3790 hinc
1543 3737 1711 3806 liquet
1751 3738 2016 3796 Samuelis

446 3833 568 3883 loco
597 3828 922 3882 daemonium
954 3828 1084 3882 illud
1121 3829 1423 3897 improbum
1453 3831 1650 3891 visum,
1676 3845 1798 3884 cum
1831 3848 2016 3885 secum

426 3922 692 3974 ‘l‘uturum
721 3919 936 3972 Saulem
972 3919 1128 3982 dixit,
1160 3921 1445 3974 menti—tum
1476 3937 1582 3974 non
1610 3937 1748 3977 esse.
1785 3924 1894 3978 Etsi
1922 3939 2018 3977 au-

447 4017 556 4064 tem
591 4006 873 4078 Scriptura
917 4007 1065 4062 dicat
1112 4008 1296 4073 etiam,
1347 4006 1566 4064 Samuel
1609 4010 1713 4064 hoc
1746 4011 1903 4076 dixit,
1953 4029 2019 4069 ne

446 4107 826 4155 commoveant
872 4097 986 4153 haec
1021 4099 1184 4154 verba
1212 4099 1448 4168 peritum
1479 4100 1758 4167 lectorem,
1793 4101 1885 4156 sed
1923 4104 2020 4157 ad-

445 4191 622 4244 ditum
698 4188 994 4254 existimet,
1056 4188 1150 4259 qui
1226 4190 1517 4259 putabatur
1577 4206 1701 4246 esse
1774 4191 2014 4249 Samuel.

443 4281 604 4335 Hanc
669 4281 814 4344 enim
847 4281 1300 4337 consuetudinem
1352 4297 1476 4337 esse
1503 4281 2020 4356 Scripturzecompe-

447 4393 463 4428 ι
481 4372 643 4438 imus,
658 4381 718 4428 ut
734 4389 875 4444 saepe
896 4374 970 4429 rei
997 4390 1137 4429 verte
1163 4375 1282 4429 loco
1304 4374 1354 4429 id
1369 4374 1513 4444 quod
1533 4384 1758 4446 apparet
1775 4387 2014 4442 enarret,

438 4470 508 4516 ut
531 4463 585 4517 in
633 4463 859 4519 historia
891 4463 1107 4519 Balaam
1144 4479 1290 4519 nunc
1319 4463 1538 4534 quidem
1577 4466 1793 4520 dicente
1842 4466 1960 4535 ipso
2001 4483 2014 4519 :
2054 4447 2096 4501 θ

448 4555 680 4610 Audiam
734 4555 860 4624 quid
904 4555 1143 4626 loquetur
1197 4558 1253 4610 in
1294 4573 1375 4610 me
1416 4555 1603 4619 Deus;
1651 4557 1847 4612 deinde
1892 4574 2020 4614 vero

447 4661 574 4700 cum
609 4646 850 4702 novisset
883 4645 1102 4700 Balaam
1126 4646 1191 4711 ⁸⁸,
1241 4647 1383 4716 quod
1414 4649 1650 4716 placeret
1681 4646 1792 4703 Deo
1819 4656 1877 4702 ut
1912 4665 2019 4704 non

441 4736 866 4792 malediceretur
909 4737 1118 4798 lsraeli,
1150 4752 1490 4807 nequaquam
1528 4739 1678 4803 abiit,
1719 4741 1862 4794 sicut
1888 4755 2024 4795 cou-

447 4837 666 4882 suetum
697 4830 745 4882 ei
790 4835 928 4892 erat,
961 4829 1014 4882 in
1059 4843 1350 4883 occursum
1403 4830 1663 4899 auspiciis
1697 4849 1709 4884 :
1743 4832 1835 4902 qui
1875 4833 2018 4886 enim

449 4918 888 4974 inconsideratus
921 4919 1103 4984 fuerit,
1137 4921 1208 4975 ibi
1231 4935 1448 4991 quoque
1480 4937 1666 4975 verum
1697 4923 1866 4978 Deum
1893 4939 2020 4979 cum

449 5012 670 5065 Balaam
722 5012 958 5081 colloqui
1006 5013 1382 5067 arbitrabitur.
1429 5012 1571 5068 Sane
1603 5015 1819 5085 quidem
1876 5019 2022 5086 quod

450 5101 745 5170 subjicitur
770 5109 1090 5170 argumento
1123 5107 1225 5165 est,
1266 5117 1389 5156 cum
1423 5103 1526 5172 qui'
1548 5102 1766 5158 Balaam
1801 5107 2026 5174 putabao

453 5204 564 5259 tur,
592 5193 752 5248 deum
790 5192 871 5246 sic
901 5192 1204 5261 appellasse
1229 5191 1586 5263 Scripturam,
1617 5210 1723 5250 non
1754 5211 1898 5259 eum,
1928 5198 2021 5266 qui

450 5301 578 5341 vere
612 5284 752 5341 Deus
785 5291 951 5338 esset.
996 5281 1086 5336 Sic
1122 5283 1286 5353 igitur
1317 5284 1404 5338 hic
1433 5300 1649 5355 quoque
1689 5286 1754 5351 is,
1795 5291 1887 5356 qui
1918 5287 2021 5342 Sa-

367 5425 374 5462 Ξ
453 5375 596 5432 muel
625 5394 749 5433 esse
776 5376 1084 5440 videbatur,
1118 5376 1280 5431 verba
1319 5377 1429 5431 veri
1482 5375 1749 5432 Samuelis
1797 5380 2023 5435 simula-

369 5465 375 5478 '
452 5469 569 5533 bat,
610 5467 736 5522 dum
772 5467 1050 5538 ingeniose
1082 5466 1327 5532 daemon,
1378 5482 1444 5521 ex
1480 5468 1544 5524 iis
1573 5483 1693 5538 qua:
1745 5470 2022 5540 probabile

449 5566 569 5613 erat
596 5571 875 5623 eventura,
914 5559 1256 5629 prophetiam
1285 5559 1606 5616 imitaretur.
1650 5561 1805 5629 Quod
1839 5574 2018 5620 autem

446 5648 519 5700 de
552 5645 666 5699 Elia
697 5647 1063 5718 interrogasti,
1094 5651 1289 5720 majori
1315 5651 1517 5724 indiget
1541 5655 1976 5712 consideratione
2003 5677 2016 5712 :

449 5753 560 5791 non
599 5736 726 5790 item
755 5736 808 5791 in
831 5739 1106 5807 proposita
1139 5742 1452 5810 quaestione.
1485 5743 1688 5798 Etenim
1721 5746 1811 5816 qui
1831 5748 2021 5816 jussus

526 5850 574 5881 "
605 5848 751 5905 Psal.
784 5867 902 5911 xcv.
939 5852 990 5908 5.
1097 5851 1141 5884 ⁵⁷
1181 5848 1200 5903 ι
1233 5852 1361 5922 Reg.
1413 5864 1599 5916 uvm,
1640 5851 1727 5907 19.

2131 3189 2411 3244 Ἰωνάθην
2437 3191 2560 3259 μετ’
2594 3190 2760 3258 ἐμοῦ.
2793 3191 2855 3244 Εἰ
2893 3190 3001 3260 γὰρ
3033 3188 3248 3260 ἀληθῶς
3271 3184 3338 3259 ἦν
3363 3189 3392 3240 6
3417 3186 3698 3257 Σαμουὴλ,

2119 3280 2236 3343 πῶς
2264 3279 2537 3350 ἐνεδέχετο
2556 3280 2644 3334 τὸν
2674 3282 2731 3333 ὲν
2753 3281 2900 3353 πάσῃ
2921 3280 3087 3350 κακίᾳ
3108 3279 3552 3349 κατεγνωσμένον
3575 3280 3701 3347 μετ’

2119 3371 2327 3423 ἐκείνου
2373 3369 2657 3438 γενέσθαι;
2727 3370 2886 3423 Ἀλλὰ
2936 3370 3094 3440 δῆλον
3143 3371 3224 3423 ὅτι
3277 3369 3396 3422 ἀντὶ
3446 3369 3541 3420 τοῦ
3587 3369 3702 3419 Σα-

2123 3466 2293 3537 μουὴλ
2321 3466 2482 3533 όφθὲν
2510 3466 2572 3519 τὸ
2601 3465 2832 3536 πονηρὸν
2867 3467 3041 3518 ἐκεῖνο
3075 3464 3368 3533 δαιμόνιον,
3418 3463 3535 3532 μεθ’
3569 3463 3705 3514 ἑαυ-

2117 3557 2209 3610 τοῦ
2243 3558 2457 3611 ἔσεσθαι
2502 3559 2591 3611 τὸν
2640 3558 2812 3610 Σαοὺλ
2852 3556 3040 3619 εἰπὼν,
3087 3557 3184 3608 οὐκ
3220 3555 3502 3624 ἐψεύσατο.
3548 3554 3611 3606 Εἰ
3638 3553 3703 3606 δὲ

2117 3646 2262 3715 λέγει
2299 3650 2330 3718 ἡ
2365 3648 2668 3718 Γραφὴ,δτι
2703 3647 2812 3699 Καὶ
2837 3643 2989 3698 εἶπεν
3021 3648 3047 3699 ὁ
3075 3645 3349 3716 Σαμουὴλ,
3383 3645 3456 3715 μὴ
3490 3661 3704 3712 ταρασς-

2119 3741 2256 3792 σέτω
2287 3738 2374 3791 τὸν
2420 3740 2756 3808 ἐπιστήμονα
2790 3740 2817 3791 6
2859 3738 3097 3798 τοιοῦτος
3138 3737 3295 3804 λόγος
3317 3753 3328 3764 ·
3359 3734 3495 3787 ἀλλὰ
3525 3750 3703 3804 πωσ-

2119 3830 2326 3883 κεῖσθαι
2355 3827 2638 3900 νομιζέτω,
2699 3829 2783 3881 ὅτι
2833 3829 2861 3880 ὁ
2914 3828 3184 3898 νομισθεὶς
3234 3823 3369 3878 εἶναι
3421 3823 3701 3894 Σαμουὴλ.

2118 3918 2455 3990 Εὑρίσκομεν
2500 3919 2609 3988 γὰρ
2661 3919 2760 3988 τὴν
2804 3919 3085 3988 Γραφικὴν
3121 3917 3404 3988 συνήθειαν
3429 3915 3706 3984 πολλαχοῦ

2115 4009 2174 4063 τὸ
2228 4010 2414 4063 δοκοῦν
2463 4011 2583 4062 ἀντὶ
2634 4008 2728 4061 τοῦ
2777 4008 2927 4071 ὄντος
2977 4007 3310 4074 διεξιοῦσαν,
3361 4007 3437 4067 ὡς
3470 4006 3565 4060 ἐπὶ
3604 4005 3706 4058 τοῦ

2119 4101 2474 4170 Βαλαὰμ,νῦν
2509 4101 2605 4170 μὲν
2635 4099 2884 4168 λέγοντος
2915 4100 3099 4165 αὐτοῦ,
3133 4101 3214 4153 ὅτι
3257 4100 3606 4168 Ἂκούσομαι
3642 4098 3709 4151 τί

2117 4192 2376 4260 λαλήσει
2404 4191 2474 4244 ἐν
2513 4191 2641 4259 ἐμοὶ
2668 4195 2699 4244 ὀ
2724 4193 2868 4257 Θεός
2885 4205 2898 4220 ⁸
2931 4191 3067 4261 μετὰ
3097 4191 3266 4244 ταῦτα
3293 4189 3350 4242 δὲ
3369 4229 3383 4254 ,
3410 4189 3493 4242 ὅτι
3537 4188 3710 4256 γνοὺς

2117 4284 2170 4336 δὲ
2205 4285 2233 4336 ὁ
2263 4282 2512 4351 Βαλαὰμ,
2557 4283 2638 4335 ὅτι
2664 4283 2889 4352 ἀρεστὸν
2913 4277 2981 4353 ἦν
3005 4282 3082 4353 τῷ
3111 4281 3229 4352 Θεῴ
3259 4280 3331 4351 μὴ
3355 4279 3709 4350 καταρᾶσθαι

2119 4377 2244 4438 τοὺς
2289 4374 2654 4446 Ἰσραηλίτας,
2709 4374 2892 4428 οὐκέτι
2926 4374 3066 4427 κατὰ
3109 4373 3169 4426 τὸ
3215 4372 3403 4435 εἰωθὸς
3458 4372 3711 4442 ἀπῆλθεν

2121 4467 2200 4529 εἰς
2244 4466 2563 4536 συνάντησιν
2619 4467 2728 4528 τοῖς
2776 4467 3010 4529 οἰωνοῖς·
3057 4467 3085 4518 6
3122 4465 3228 4534 γὰρ
3303 4464 3707 4528 ἁνεπίσκεπτος

2121 4559 2280 4612 κᾶκεῖ
2305 4559 2393 4611 τὸν
2424 4557 2673 4628 ἀληθινὸν
2709 4556 2839 4609 Θεὸν
2867 4557 3074 4629 νομίσει
3107 4555 3450 4624 διαλέγεσθαι
3483 4553 3566 4625 τῷ
3593 4557 3711 4609 Βα-

2121 4649 2288 4719 λαάμ.
2339 4649 2403 4701 Ἦ
2445 4649 2627 4718 μέντοι
2671 4647 2933 4718 ἐπαγωγὴ
2981 4647 3287 4712 δείκνυσιν,
3337 4648 3418 4699 ὅτι
3461 4647 3552 4699 τὸν
3595 4647 3712 4702 ὑπὸ

2120 4743 2214 4796 τοῦ
2259 4743 2485 4812 Βαλαὰμ
2525 4743 2876 4814 νομιζόμενον
2937 4741 3058 4794 θεὸν
3101 4741 3274 4804 οὔτως
3339 4738 3627 4810 ὠνόμασεν
3667 4743 3706 4812 ἡ

2122 4837 2332 4908 Γραφὴ,
2383 4837 2502 4906 οὐχὶ
2535 4837 2624 4889 τὸν
2668 4836 2836 4899 ὅντως
2881 4835 3006 4888 ὄντα
3052 4834 3201 4887 Θεόν.
3237 4833 3442 4886 Οὐκοῦν
3475 4833 3568 4886 καὶ
3613 4833 3708 4886 ὲν-

2123 4925 2294 4979 ταῦθα
2321 4927 2348 4978 ὁ
2376 4925 2530 4989 δόξας
2564 4921 2700 4987 εἶναι
2727 4921 2978 4994 Σαμουὴλ
3006 4924 3132 4990 τοὺς
3169 4922 3260 4975 τοῦ
3300 4919 3555 4989 ἀληθινοῦ
3600 4921 3713 4975 Σα-

2127 5017 2296 5088 μουὴλ
2340 5016 2668 5088 ὑπεκρίνατο
2707 5016 2930 5085 λόγους,
2963 5012 3176 5082 εὐφυῶς
3206 5012 3299 5065 τοῦ
3337 5012 3595 5081 δαίμονος
3638 5013 3712 5065 ὲκ

2122 5111 2231 5162 τῶν
2255 5108 2476 5162 εἰκότων
2500 5109 2833 5178 μιμουμένου
2861 5105 2960 5176 τὴν
2990 5105 3345 5176 προφητείαν.
3375 5105 3449 5157 Τὸ
3477 5105 3533 5157 δὲ
3557 5107 3710 5160 κατὰ

2122 5199 2212 5254 τὸν
2253 5199 2436 5253 Ἠλίαν
2467 5199 2707 5261 πλείονος
2741 5199 2838 5266 μὲν
2867 5196 3059 5268 χρῄζει
3087 5198 3186 5265 τῆς
3215 5195 3475 5266 θεωρίας·
3507 5197 3567 5248 οὐ
3596 5197 3713 5268 μὴν

2123 5293 2180 5345 ὲν
2207 5291 2283 5363 τῷ
2319 5291 2632 5362 προτεθέντι
2661 5290 2954 5360 ζητήματι.
2989 5289 3098 5341 Καὶ
3119 5287 3227 5356 γὰρ
3253 5289 3315 5340 ἐκ
3341 5286 3433 5339 τοῦ
3461 5287 3713 5359 χειμάῤ-

2125 5385 2218 5454 ρου
2252 5382 2396 5452 ὕδωρ
2429 5381 2602 5434 πίνειν
2646 5380 3038 5450 προσταχθεὶς,
3080 5377 3220 5430 κατὰ
3254 5379 3314 5430 τὸ
3351 5376 3575 5446 λεληθὸς
3605 5377 3711 5431 τοῦ

2121 5474 2256 5528 Θεοῦ
2292 5471 2735 5534 συνεϐουλεύετο,
2780 5469 2920 5522 ὥστε
2959 5469 3057 5540 τὴν
3102 5467 3249 5538 παρὰ
3289 5466 3382 5520 τοῦ
3412 5468 3712 5537 προφήτου

2123 5563 2527 5634 ὲκφωνηθεῖσαν
2589 5559 2732 5614 κατὰ
2792 5559 2898 5612 τῶν
2969 5555 3315 5630 Ἰσραηλιτῶν
3385 5555 3711 5625 ἀνομϐρίας

2122 5659 2414 5726 ἀπόφασιν,
2455 5653 2519 5706 δι’
2543 5651 2706 5706 αὑτοῦ
2733 5651 2893 5704 πάλιν
2923 5649 3271 5718 ἀναλυθῆναι.
3297 5642 3368 5716 ᾯ
3394 5645 3502 5716 γὰρ
3536 5644 3710 5718 ἐδόοη

2129 5755 2192 5805 ἐκ
2219 5752 2376 5821 μόνου
2406 5748 2497 5801 τοῦ
2526 5746 2822 5818 χειμάῤῥου
2853 5744 3049 5808 πίνειν,
3085 5741 3176 5796 τοῦ
3207 5740 3262 5794 δὲ
3295 5738 3437 5794 κατὰ
3462 5740 3523 5792 τὸ
3550 5739 3714 5806 εἰκὸς

1803 5852 1846 5885 ⁸⁸
1879 5850 2034 5907 Num.
2072 5867 2203 5921 xxu,
2243 5854 2304 5909 17
2336 5868 2454 5923 sqq.
