3980 6198
313 327 417 383 “3

1630 313 1717 366 DE
1753 311 2214 367 PYTHONISSA.

3473 317 3582 372 ιιι

311 439 369 490 ἐν
397 436 506 496 τοῖς
557 428 787 499 αὐχμοῖς
844 423 1379 494 ἀποξηραινομένου,
1422 423 1588 493 ἄλλης
1637 424 1712 493 τῷ
1753 441 1886 496 προ-

1995 431 2074 478 est
2105 435 2298 491 aquam
2339 419 2520 476 bibere
2555 435 2616 476 ex
2653 429 2912 489 torrente,
2964 424 3193 479 latenter
3245 439 3270 478 a
3323 423 3430 480 Deo
3470 427 3565 480 ad-

312 529 458 596 φὴτῃ
489 523 561 594 μὴ
593 517 986 591 εὑρισκομένης
1028 514 1161 585 πρὸς
1185 514 1284 585 τὴν
1314 513 1473 583 δίψαν
1501 514 1885 584 παραμυθίας,

308 618 396 671 διὰ
416 615 474 667 τὸ
496 610 824 682 ἀπειρῆσθαι
858 605 1006 676 αὐτῷ
1033 605 1326 675 ἀλλαχόθεν
1373 607 1513 657 πιεῖν
1534 645 1547 670 ,
1589 607 1898 674 ἐπάναγκες

306 707 376 781 ἦν
426 707 643 776 αἰτῆσαι
689 702 781 755 τὸν
829 699 1070 770 ὅμὸρον,
1099 699 1186 751 ἵνα
1234 697 1308 768 μὴ
1349 697 1599 769 ἐπιλείπῃ
1650 697 1710 749 τὸ
1757 696 1898 766 ὕδωρ

303 801 396 853 τὸν
439 796 766 867 χείμαρρον·
813 791 1023 858 γίνεται
1051 788 1107 841 δὲ
1163 788 1242 857 τῷ
1281 791 1534 859 προφήτῃ
1588 785 1745 857 παρὰ
1787 785 1897 839 τῶν

305 890 556 962 κοράκων
616 887 650 955 ὴ
699 882 807 937 τῶν
863 882 997 952 πρὸς
1049 880 1148 950 τὴν
1202 879 1347 950 ζωὴν
1422 879 1729 947 ἀναγκαίων
1781 877 1898 932 δια-

306 980 494 1043 κονία,
548 973 852 1034 δεικνύντος
902 970 990 1023 διὰ
1033 969 1238 1023 τούτων
1286 967 1381 1022 τοῦ
1433 968 1567 1022 Θεοῦ
1633 968 1711 1039 τῷ
1767 985 1898 1039 προ-

304 1072 472 1141 φήτῃ,
517 1069 598 1119 ὅτι
630 1062 810 1117 πολλοί
865 1062 1002 1113 εἰσιν
1035 1062 1083 1112 οἱ
1131 1059 1653 1130 παραμεμενηκὸτες
1694 1060 1760 1128 τῇ
1803 1057 1896 1111 τοῦ

305 1160 442 1214 Θεοῦ
497 1154 748 1228 ἀληθινοῦ
816 1152 1057 1225 λατρεία,
1108 1151 1230 1230 ὅθεν
1278 1151 1592 1221 ἐχορηγεῖτο
1651 1149 1740 1202 διὰ
1791 1148 1898 1202 τῶν

307 1252 560 1324 κοράκων
594 1251 629 1319 ἡ
673 1244 850 1318 τροφὴ
891 1243 965 1314 τῷ
996 1243 1283 1314 προφήτῃ·
1315 1242 1374 1294 οὐ
1399 1241 1508 1312 γάρ
1542 1241 1608 1294 ἂν
1653 1240 1760 1294 τῶν
1799 1256 1897 1311 με-

311 1345 633 1418 μιασμένων
682 1339 832 1409 αύτῷ
883 1338 1116 1410 προῆγον
1145 1337 1348 1407 ἀρτων,
1393 1337 1425 1405 ἢ
1461 1336 1522 1388 τὸ
1555 1334 1898 1390 εἰδωλόθυτον

308 1437 505 1506 κρέας.
531 1432 697 1484 Ὥστε
732 1427 824 1482 καλ⁵
851 1426 936 1479 διά
970 1424 1170 1478 τούτων
1221 1425 1514 1495 ὲναχθῆναι
1547 1424 1638 1477 τὸν
1687 1424 1893 1493 Ἠλίαν,

309 1522 637 1592 καθυφεῖναι
668 1539 718 1573 τι
739 1517 830 1572 τοῦ
864 1517 1004 1572 κατά
1031 1516 1140 1571 τῶν
1171 1516 1519 1586 ἠσεϐηκότων
1551 1516 1746 1586 θυμοῦ,
1783 1533 1887 1586 μα-

312 1619 475 1671 θόντα
502 1615 586 1668 διὰ
630 1612 735 1666 τῶν
783 1611 1101 1681 γινομένων,
1131 1609 1213 1662 ὃτι
1263 1607 1445 1660 πολλοί
1487 1609 1626 1661 εἰσιν
1654 1610 1702 1661 οἱ
1752 1607 1888 1678 πρὸς

304 1711 396 1760 τὸν
418 1706 550 1759 Θεὸν
577 1703 835 1771 ὁρῶντες,
877 1699 970 1763 οὒς
1000 1700 1099 1753 ούκ
1126 1698 1240 1751 ἔστι
1266 1698 1472 1752 δίκαιον
1499 1697 1894 1767 συγκαταδικα-

306 1794 497 1864 σθῆναι
537 1795 647 1855 τοῖς
687 1789 978 1851 ὑπαιτίοις.
1025 1789 1119 1849 Εἰς
1140 1787 1196 1840 δὲ
1242 1787 1386 1858 πρωῒ
1419 1788 1515 1858 μὲν
1551 1790 1578 1840 ὁ
1611 1789 1806 1859 ἄρτος,
1833 1790 1890 1841 ὲν

305 1886 363 1938 δὲ
386 1887 454 1954 τῇ
481 1883 691 1953 ἑσπέρᾳ
713 1881 774 1933 τὸ
800 1881 968 1950 κρέας
991 1877 1136 1948 αύτῷ
1168 1879 1511 1932 διακονεῖται.
1535 1880 1693 1942 Ἴσως
1721 1879 1786 1930 δι’
1810 1881 1893 1932 αξ·

308 1975 569 2044 νίγματος
618 1972 754 2042 πρὸς
793 1971 1049 2041 ἐνάρετον
1085 1969 1198 2039 βίον
1243 1968 1477 2039 σπουδὴν
1505 1969 1567 2022 τὸ
1610 1967 1893 2038 γινόμενον

311 2068 448 2137 ἔχει,
477 2066 559 2118 ὅτι
588 2062 689 2134 χρὴ
718 2061 1042 2133 ἀρχομένοις
1069 2059 1177 2112 τῶν
1209 2059 1573 2129 τελειοτέρων,
1604 2061 1746 2114 κατὰ
1793 2061 1892 2131 τὴν

310 2156 406 2209 τοῦ
432 2153 641 2208 Παύλου
668 2151 868 2222 φωνὴν,
896 2151 955 2213 ὃς
986 2167 1146 2220 φησιν
1171 2188 1185 2213 ,
1215 2149 1296 2201 ὅτι
1347 2150 1594 2204 Τελείων
1613 2150 1682 2203 δέ
1723 2151 1893 2204 ἐστιν

309 2249 348 2315 ἠ
379 2245 589 2313 στερεὰ
622 2243 836 2313 τροφὴ,
865 2241 989 2294 τῶν
1009 2240 1107 2294 διὰ
1135 2241 1250 2308 τὴν
1278 2240 1408 2304 ἕξιν
1438 2244 1509 2294 τὰ
1537 2241 1892 2310 αἰσθητήρια

309 2335 767 2407 γεγυμνασμένα
787 2334 1071 2402 ἐχόντων.
1104 2332 1174 2384 Τὸ
1211 2332 1266 2384 δὲ
1317 2332 1575 2404 κάλυμμα
1603 2332 1694 2386 τοῦ
1721 2334 1887 2386 Mm?)-

309 2434 448 2495 σέως
467 2432 565 2484 οὐκ
592 2432 879 2501 ἀγνοήσεις
909 2429 1043 2500 πρὸς
1076 2427 1106 2480 ὃ
1132 2443 1186 2478 τι
1218 2424 1423 2494 βλέπει,
1448 2427 1513 2496 τῇ
1542 2425 1676 2495 πρὸς
1702 2425 1890 2496 Κοριν-

307 2526 454 2589 θιους
496 2522 779 2594 Ἐπιστολῇ
816 2521 1026 2577 Παύλου
1065 2518 1449 2588 καθομιλήσας.
1492 2518 1632 2569 Ὅσα
1676 2516 1730 2568 δὲ
1765 2517 1890 2588 περὶ

304 2621 416 2674 τῶν
465 2619 664 2673 θυσιῶν
702 2617 1079 2688 έπεζήτησας,
1119 2614 1297 2677 καλῶς
1354 2613 1600 2682 ποιήσεις
1659 2612 1776 2666 ὅλον
1830 2613 1891 2664 τὸ

308 2711 595 2765 Λευῖτικὺν
644 2706 1073 2778 φιλοπονώτερον
1103 2692 1382 2772 ἐξετάσας,
1410 2703 1505 2756 καὶ
1538 2701 1675 2772 μετά
1717 2701 1888 2755 πλείο-

305 2820 396 2863 νος
422 2803 520 2871 τῆς
541 2799 865 2871 προσεδρίας
912 2795 1211 2859 καθολικῶς
1234 2795 1325 2848 τὸν
1350 2796 1407 2847 ἐν
1440 2791 1648 2856 τούτοις
1676 2791 1885 2862 θεωρή-

310 2907 411 2956 σας
454 2893 642 2963 νόμον.
661 2891 815 2944 Οὒτω
839 2889 944 2960 γὰρ
967 2887 1528 2957 συγκατανοηθήσεται
1552 2884 1630 2955 τῷ
1655 2885 1758 2954 ὅλῳ
1791 2883 1884 2955 μέ-

311 3000 433 3052 ρος·
465 2984 555 3051 ἐφ’
583 2980 776 3035 ἑαυτοῦ
816 2980 921 3052 γὰρ
962 2979 1121 3033 τοῦτο
1154 2980 1311 3049 μόνον
1347 2979 1446 3030 οὐκ
1486 2977 1552 3031 ἂν
1583 2976 1888 3047 διευκρινη-

307 3076 426 3145 θείη
463 3073 574 3146 πρὸ
612 3073 714 3143 τῆς
754 3073 846 3125 τοῦ
879 3071 1078 3135 παντὸς
1112 3070 1364 3141 θεωρίας.
1402 3069 1488 3122 Ἑν
1519 3068 1575 3120 δὲ
1622 3069 1733 3128 τοῖς
1759 3067 1886 3138 περὶ
1916 3094 1958 3152 c

306 3167 407 3234 τῆς
438 3163 821 3234 ἀντικειμένης
847 3162 1127 3234 δυνάμεως
1152 3158 1589 3232 ὲπηπορημένοις
1621 3156 1884 3228 πρόδηλός

305 3260 457 3310 ἐστιν
547 3256 719 3321 λύσις,
767 3256 846 3308 ὅτι
876 3257 973 3325 οὐχ
993 3253 1181 3317 ἁπλῶς
1219 3252 1446 3321 ἄγγελος
1461 3291 1475 3316 ν
1513 3250 1627 3304 ἀλλ’
1654 3252 1711 3303 ἐν
1745 3249 1874 3320 ἀρχα

305 3347 564 3416 αγγέλοις
588 3342 655 3416 ἦν
689 3344 1015 3415 τεταγμένος
1039 3345 1067 3396 ὁ
1104 3342 1413 3412 ἀποστάτης
1441 3339 1747 3410 γενόμενος.
1780 3339 1884 3409 Δῆ-

303 3439 395 3492 λον
415 3433 513 3491 οὖν
536 3437 619 3491 ὅτι
641 3439 708 3508 τῇ
745 3437 884 3508 ἀρχῇ
928 3432 1355 3487 συνενδεικνυται
1386 3432 1478 3484 καὶ
1507 3430 1567 3483 τὸ
1581 3425 1884 3498 ὑποχείριον

303 3529 520 3598 τάγμα,
555 3527 694 3580 ὥστε
721 3523 973 3579 λελύσθαι
1000 3522 1099 3592 τὴν
1133 3522 1356 3592 ζήτησιν
1394 3521 1520 3591 περὶ
1544 3518 1635 3572 τοῦ
1666 3516 1782 3580 πῶς
1801 3512 1883 3580 εἷς

303 3615 371 3688 ἦν
393 3618 492 3672 καὶ
523 3616 665 3686 μετά
692 3613 927 3684 πλήθους
957 3611 1073 3666 ὲστί
1093 3629 1106 3642 ·
1127 3611 1227 3680 τῆς
1251 3610 1359 3680 γὰρ
1388 3608 1698 3678 ὑποχειρίου
1721 3623 1886 3676 στρα-

304 3712 424 3773 τιᾶς
458 3708 612 3778 αὐτῷ
643 3704 1074 3772 συναποστάσης,
1109 3703 1496 3772 σεσαφήνισται
1526 3698 1584 3750 τὸ
1619 3696 1887 3769 ζητούμε-

307 3816 408 3850 νον.
449 3796 526 3848 Τὸ
551 3795 610 3848 δὲ
642 3796 948 3847 τελευταῖον
974 3791 1084 3844 τῶν
1105 3787 1540 3860 ἐπιζητηθέντων
1569 3787 1882 3856 κεφάλαιον,

305 3888 448 3959 λέγω
472 3889 537 3959 δὴ
559 3888 642 3954 τὸ,
674 3887 792 3950 πῶς
818 3883 1174 3955 παραγίνεται
1202 3882 1262 3936 τὸ
1289 3881 1511 3952 Πνεῦμα
1530 3882 1636 3952 πρὸ
1664 3880 1758 3934 τοῦ
1787 3881 1885 3950 βα-

311 3984 637 4051 πτίσματος,
686 3977 1025 4050 πλατυτέρας
1069 3975 1365 4040 ἐξετάσεως
1396 3989 1456 4027 τε
1510 3973 1602 4029 καὶ
1653 3973 1886 4045 θεωρίας

306 4075 581 4142 δεόμενον,
637 4070 753 4140 ἰδίῳ
793 4067 1228 4141 περιγράψαντες
1259 4066 1402 4137 λόγῳ
1419 4099 1441 4130 ,
1463 4063 1597 4118 Θεοῦ
1623 4064 1881 4128 διδόντος,

305 4161 715 4232 ἀποστελοῦμέν
747 4177 839 4214 σου
861 4161 926 4231 τῇ
960 4157 1248 4229 τιμιότητι.

2002 513 2328 586 monebatur
2353 510 2485 576 fore,
2522 521 2578 565 ut
2607 529 2636 566 a
2665 515 2924 583 prepheta
2953 516 3161 585 prolata
3187 526 3375 571 contra
3403 516 3574 572 Israe-

2001 603 2125 657 litas
2161 603 2428 658 sententia
2463 603 2720 658 siccitatis
2748 612 2803 659 et
2839 607 3076 675 penuria:
3120 606 3308 662 imbris
3361 610 3427 663 ab
3456 608 3574 679 ipso

2001 710 2196 750 rursus
2241 695 2666 751 rescinderetur.
2713 696 2814 750 Cui
2859 698 3000 752 enim
3036 697 3222 752 datum
3259 707 3362 764 est,
3413 709 3471 754 ut
3504 718 3566 756 ex

2002 789 2118 842 solo
2142 795 2382 842 torrente
2405 788 2631 852 biberet,
2662 789 2754 844 illo
2775 789 3014 859 quidem,
3043 799 3102 845 ut
3122 791 3414 848 verisimile
3433 803 3572 857 erat,

2000 878 2224 934 aestibus
2278 877 2576 941 exsiccato,
2627 894 2750 933 eum
2793 879 3012 934 aliunde
3069 880 3202 934 nihil
3259 891 3571 951 suppeteret

2001 970 2299 1039 preplietae,
2329 983 2436 1038 quo
2461 969 2604 1024 sitim
2629 969 2854 1035 levaret,
2879 972 3315 1041 quandoquidem
3343 975 3567 1031 vetitum

2002 1060 2079 1114 illi
2112 1059 2308 1123 fuerat,
2345 1076 2412 1116 ne
2460 1061 2680 1117 aliunde
2712 1069 2896 1132 potum
2946 1071 3218 1129 sumeret,
3273 1069 3574 1124 necessitas

2001 1153 2369 1218 incumbebat,
2404 1163 2462 1208 ut
2484 1154 2718 1224 pluviam
2747 1155 3064 1225 postularet,
3101 1171 3167 1210 ne
3196 1163 3408 1213 torrens
3431 1166 3567 1229 aqua

2001 1243 2409 1302 destitueretur.
2439 1245 2606 1303 Porro
2645 1257 2676 1299 a
2707 1246 2888 1301 corvis
2919 1247 3215 1316 prophetae,
3247 1263 3368 1318 qua:
3395 1249 3462 1302 ad
3489 1251 3570 1305 vi-

1999 1339 2146 1388 ctum
2177 1343 2332 1388 erant
2378 1335 2710 1400 necessaria,
2746 1333 3233 1390 subministrantur
3263 1378 3278 1404 ,
3341 1335 3447 1394 Deo
3475 1350 3572 1410 per

1999 1427 2115 1483 haec
2147 1429 2419 1500 propheta:
2464 1429 2796 1493 declarante,
2845 1427 3045 1482 multos
3074 1442 3199 1483 esse
3243 1427 3337 1498 qui
3385 1428 3438 1482 in
3475 1427 3565 1482 Dei

1997 1520 2112 1574 veri
2157 1521 2304 1575 cultu
2355 1528 2787 1590 perseverarent,
2838 1536 2904 1576 ex
2954 1535 3062 1590 quo
3103 1520 3255 1575 cibus
3291 1521 3566 1590 preplietze

1999 1611 2447 1680 suppeditabatur
2479 1630 2492 1666 :
2535 1627 2711 1682 neque
2740 1611 2883 1666 enim
2915 1611 3152 1680 pollutos
3179 1611 3228 1665 ei
3256 1625 3446 1680 panes,
3471 1618 3566 1666 aut

2001 1701 2164 1759 idolis
2197 1704 2504 1760 immolatas
2529 1719 2721 1760 carnes
2753 1704 3113 1776 porrigercnt.
3151 1704 3326 1774 Atque
3355 1705 3432 1758 ita
3474 1719 3568 1774 per

1997 1790 2110 1846 haec
2136 1792 2466 1847 incitabatur
2491 1792 2661 1856 Elias,
2696 1800 2756 1847 ut
2778 1793 2986 1862 aliquid
3019 1794 3085 1848 de
3115 1807 3212 1848 sua
3245 1793 3300 1847 in
3330 1807 3445 1857 eos,
3473 1795 3574 1862 qui

1997 1879 2147 1950 impii
2185 1881 2237 1935 in
2281 1879 2450 1936 Deum
2499 1881 2734 1945 fuerant,
2765 1880 2846 1934 ira
2873 1881 3194 1944 remitteret.
3226 1897 3348 1937 cum
3394 1899 3460 1938 ex
3500 1884 3572 1938 iis

1995 1985 2115 2040 quae
2139 1969 2335 2025 ﬁebant
2364 1971 2708 2042 intelligeret,
2741 1971 2941 2027 multos
2979 1987 3103 2028 esse
3133 1973 3225 2043 qui
3272 1972 3438 2028 Deum
3473 1990 3569 2029 co-

1994 2064 2192 2130 lcreut,
2223 2079 2360 2132 quos
2386 2078 2600 2133 aequum
2633 2079 2740 2117 non
2773 2063 2844 2118 sit
2873 2079 2995 2118 cum
3027 2064 3136 2120 reis
3171 2065 3372 2136 puniri.
3407 2065 3567 2132 Quod

1993 2169 2124 2208 vero
2153 2166 2312 2209 mane
2341 2156 2559 2223 quidem
2598 2157 2774 2224 panis,
2806 2171 3035 2226 vespere
3061 2164 3239 2211 autem
3271 2171 3466 2213 carnes
3489 2157 3565 2211 illi

1994 2246 2501 2310 subministrantur,
2551 2245 2782 2301 fortasse
2812 2262 2909 2316 per
2949 2248 3178 2318 aenigma
3227 2246 3380 2312 illud,
3421 2249 3567 2318 quod

2003 2335 2085 2400 fit,
2118 2334 2380 2402 studium,
2413 2349 2510 2388 seu
2536 2333 2869 2404 diligentiam
2920 2337 2987 2390 ad
3021 2336 3185 2390 vitam
3212 2351 3338 2390 cum
3368 2337 3573 2390 virtute-

1995 2426 2402 2496 transigendam
2446 2440 2555 2496 prae
2589 2441 2648 2481 se
2681 2425 2806 2491 fert,
2849 2425 2999 2498 quod
3049 2427 3116 2482 iis
3165 2427 3256 2497 qui
3299 2428 3569 2497 incipiunt

1994 2532 2132 2587 Opus
2171 2521 2241 2572 sit
2274 2518 2416 2581 cibo,
2450 2520 2541 2587 qui
2575 2527 2657 2573 est
2689 2519 3095 2588 perfectiorum,
3119 2518 3272 2588 juxta
3299 2517 3452 2574 Pauli
3481 2519 3568 2574 di-

1992 2614 2140 2662 ctum
2170 2625 2182 2661 :
2219 2605 2582 2676 Perfectorum
2623 2617 2796 2661 autem
2832 2616 2908 2662 est
2942 2608 3146 2662 solidus
3185 2607 3355 2669 cibus,
3383 2625 3570 2662 eorum

1993 2699 2082 2769 qui
2133 2713 2228 2767 pro
2279 2699 2655 2752 consuetudine
2698 2700 3014 2753 exercitatos
3060 2716 3241 2754 sensus
3287 2700 3475 2754 habent
3496 2700 3566 2751 ".

1996 2787 2198 2858 Moysis
2222 2795 2400 2842 autem
2433 2789 2699 2853 velamen,
2734 2804 2842 2859 quo
2871 2797 3098 2860 spectet,
3132 2805 3239 2844 non
3271 2773 3575 2860 ignorabis.

1993 2880 2037 2936 si
2075 2877 2369 2948 Epistolam
2397 2878 2462 2934 ad
2491 2879 2803 2936 Corinthios
2842 2881 3103 2937 lectitaris
3126 2883 3216 2934 δ”.
3241 2879 3396 2947 Quod
3435 2895 3574 2936 vero

1993 2973 2184 3027 attinet
2211 2971 2279 3026 ad
2301 2988 2363 3027 ea
2393 2987 2516 3042 quae
2549 2973 2616 3028 de
2656 2973 2943 3028 sacrificiis
2977 2980 3331 3044 percontatus
3365 2988 3448 3037 es,
3480 2987 3568 3028 re—

1992 3070 2076 3118 cte
2099 3063 2310 3130 feceris,
2345 3063 2390 3118 si
2425 3059 2724 3118 Leviticm‘n
2744 3063 3046 3122 studiosius
3067 3073 3344 3120 scrutatus
3372 3064 3568 3128 fueris,

1994 3151 2296 3220 majorique
2342 3151 2665 3207 assiduitate
2705 3156 3002 3223 generatim
3036 3169 3130 3210 eas
3160 3169 3280 3223 qua:
3311 3153 3378 3208 ad
3433 3154 3568 3208 i‘Stas

1991 3242 2264 3312 pertinent
2319 3243 2463 3312 leges
2509 3242 2962 3297 consideraveris.
3019 3243 3112 3296 Sic
3164 3243 3310 3298 enim
3359 3244 3468 3307 ﬁet,
3508 3252 3567 3297 ut

1996 3345 2120 3386 cum
2151 3338 2266 3385 toto
2299 3338 2508 3401 partem
2543 3330 2855 3402 intelligas;
2884 3330 3172 3401 separatim
3201 3346 3437 3400 namque
3463 3331 3567 3386 hoc

1991 3421 2168 3476 solum
2201 3436 2309 3476 non
2336 3421 2492 3477 facile
2527 3420 2691 3476 fuerit
2723 3422 3037 3478 discernere
3059 3438 3123 3477 ae
3146 3422 3419 3478 discutere
3441 3431 3568 3478 ante

1991 3514 2160 3569 totius
2191 3516 2404 3584 generis
2433 3514 2896 3585 disquisitionem.
2943 3513 3003 3568 In
3037 3514 3124 3569 his
3153 3529 3282 3570 vero
3313 3516 3568 3585 quaestio-

1989 3605 2185 3670 nibus,
2231 3622 2353 3676 quae
2384 3607 2470 3662 .ad
2517 3608 2848 3662 contrariam
2900 3607 3175 3678 pertinent
3218 3614 3564 3678 potestatem,

1988 3695 2274 3752 manifesta
2303 3705 2386 3752 est
2416 3699 2638 3763 solutio,
2665 3715 2776 3753 non
2806 3699 3126 3769 simpliciter
3154 3702 3404 3770 angelum
3432 3699 3562 3754 fuis-

1988 3801 2066 3853 se,
2084 3788 2179 3843 sed
2198 3789 2336 3845 inter
2351 3789 2705 3862 archangelos
2728 3792 3085 3847 constitutum
3114 3791 3284 3847 fuiSse
3310 3792 3564 3862 eum,qui
3607 3852 3615 3859 _

1986 3878 2235 3935 desertor
2269 3888 2354 3937 est
2388 3881 2585 3938 factus.
2636 3883 2829 3955 Liquet
2874 3900 3003 3957 ergo
3037 3901 3143 3939 una
3177 3901 3302 3940 cum
3334 3885 3563 3956 imperio

1987 3973 2256 4030 subditam
2307 3975 2386 4030 illi
2439 3983 2674 4031 turmam
2724 3977 2950 4032 indicari
3007 3978 3109 4042 sic,
3163 3987 3221 4032 ut
3269 3979 3445 4034 soluta
3495 3979 3566 4034 sit

1987 4068 2214 4136 quaestio
2255 4069 2364 4134 illa,
2397 4083 2505 4140 quo
2533 4079 2695 4136 pacto
2727 4085 2868 4125 unus
2909 4066 3094 4134 fuerit,
3133 4077 3189 4124 et
3226 4084 3350 4123 cum
3419 4069 3561 4123 mul-

1989 4157 2221 4214 titudine
2249 4161 2354 4214 sit:
2393 4176 2518 4220 cum
2549 4161 2694 4218 enim
2729 4160 2802 4227 id,
2838 4163 2981 4231 quod
3010 4159 3313 4230 subjectum
3346 4160 3422 4214 illi
3450 4168 3566 4214 erat

305 4274 524 4330 agmen.
557 4272 685 4311 eum
718 4270 782 4311 co
811 4253 1089 4318 defecerit,
1114 4251 1418 4323 expositum
1451 4259 1532 4306 est
1564 4248 1710 4321 quod
1771 4249 2137 4321 quaerebatur.
2187 4251 2530 4310 Postremum
2595 4270 2725 4309 vero
2771 4262 2934 4325 caput
3006 4253 3366 4325 quaestionum
3433 4266 3562 4321 pro-

307 4355 634 4422 positarum,
668 4348 964 4421 quomodo,
994 4347 1239 4417 inquam,
1268 4345 1507 4415 Spiritus
1551 4351 1676 4398 ante
1759 4342 2091 4412 baptismum
2135 4346 2405 4408 adveniat,
2468 4346 2716 4416 ampliori
2741 4345 2944 4416 indiget
2965 4343 3348 4414 disquisitione
3402 4353 3564 4413 atque

309 4447 772 4510 consideratione.
801 4443 946 4516 quod
985 4457 1110 4497 cum
1157 4440 1376 4512 proprio
1419 4439 1559 4495 libro
1603 4437 1871 4508 complexi
1913 4436 2214 4506 fuerimus,
2267 4441 2372 4496 Deo
2415 4441 2597 4506 dante,
2634 4441 2697 4495 ad
2765 4449 2920 4493 tuam-
2954 4441 3310 4494 reverentiam
3379 4449 3561 4492 trans-

311 4541 609 4595 mittemus.

381 4679 424 4708 "
463 4678 623 4737 Hebr.
655 4699 710 4750 ν,
746 4685 832 4739 l5.
913 4687 980 4717 ‘9‘
1022 4685 1064 4741 ll
1093 4687 1217 4743 Cor.
1253 4704 1332 4756 ιιι,
1373 4691 1456 4746 l5.
