3980 6198
446 288 553 343 “Si
1654 280 1711 333 S.
1768 277 2092 333 GREGORII
2135 277 2425 333 NYSSENI
3606 273 3709 326 H6

772 434 1209 447 _~_____.._____._._
1258 433 1722 443 _._.___._._r-......
1744 433 2790 447 Ψψῆῇ*
2811 428 3719 447 -——————————-——.—-—-—--—--—;-

975 434 1209 442 ..ξ-...ν-
1258 434 1877 447 ῇ-ψκυοα-..ᾟ
2082 434 3471 444 -ῇ-σ-*ι--ᾑ---ψ--ν-π

975 434 3471 459 ———_-M‘m————__—m-

3476 445 3715 458 ψ.-

1263 659 1493 747 ΤΟΥ
1570 661 1715 746 ΕΝ
1802 658 2168 746 ΑΓΙΟΙΣ
2266 659 2889 746 ΓΡΗΓΟΡΙΟΥ

1740 908 2135 999 ΕΠΙΣΚΟΠΟΪ
2165 909 2441 964 ΝΥΣΣΗΣ

606 1157 998 1289 ΠΕΡΙ
1147 1152 1497 1288 ΤΟΥ
1570 1156 1827 1289 ΜΗ
1901 1145 2339 1282 ΕΙΝΑΙ
2414 1153 2890 1282 ΤΡΕΙΣ
2988 1150 3559 1286 ΘΕΟΥΣ

1768 1435 1964 1486 ΠΡΟΣ
2012 1436 2056 1487 Α
2064 1434 2387 1487 BAA-BION.

1543 1847 1634 1936 S.
1694 1846 1800 1933 P.
1875 1845 1994 1933 N.
2046 1840 2626 1935 GREGORII

1759 2104 2071 2161 EPISCOPI
2114 2104 2413 2162 NYSSENI

1086 2339 1476 2477 QUOD
1561 2337 1855 2455 NON
2004 2338 2337 2450 SINT
2429 2332 2791 2450 TRES
2873 2337 3079 2452 Dll

1817 2587 1915 2640 AD
1945 2584 2349 2642 ABLABIUM.

1284 2772 1578 2839 (Laurentio
1600 2772 1766 2823 Silano
1799 2769 2096 2835 interprete.
2121 2797 2181 2808 —
2213 2770 2301 2820 Ed.
2330 2769 2469 2829 1638,
2500 2777 2533 2821 t.
2558 2770 2645 2832 Ill,
2671 2784 2718 2833 p.
2750 2769 2851 2830 l5.)

453 3137 716 3206 Ostendit,
762 3139 869 3191 tres’
898 3120 1169 3190 Personas»
1199 3132 1405 3187 divinas
1462 3148 1564 3187 non
1607 3146 1757 3200 posse
1813 3132 1920 3186 dici
1952 3141 2058 3187 tres
2100 3133 2245 3196 deos,
2298 3133 2387 3187 sed
2417 3150 2505 3187 eas
2542 3149 2705 3187 unum
2758 3134 2924 3189 Deum
2954 3152 3082 3191 esse.
3140 3136 3463 3207 Opusculum
3498 3142 3595 3197 hoc
3628 3144 3733 3200 sub

520 3236 732 3288 nomine
762 3252 777 3283 ι
825 3230 1087 3300 Epistola:
1121 3226 1189 3282 ad
1212 3227 1496 3281 Ablabium
1531 3228 1595 3282 de
1626 3226 1683 3281 S.
1722 3228 1975 3282 Trinitate
2011 3247 2029 3281 ι
2052 3229 2170 3297 jam
2208 3229 2335 3281 olim
2368 3228 2621 3299 Gregorio
2655 3229 2896 3301 Nysseno
2946 3233 3153 3301 tribuit,
3196 3234 3309 3291 loco
3347 3212 3468 3292 inde
3487 3239 3731 3307 prolato,

522 3338 667 3378 conc.
702 3321 955 3376 Lateran.
1012 3321 1140 3373 anni
1172 3316 1295 3382 649,
1323 3317 1465 3372 decr.
1495 3334 1546 3371 ν.
1580 3316 1800 3386 (Mansi,
1839 3328 1877 3372 ι.
1921 3317 1990 3382 Χ,
2025 3319 2125 3375 col.

2163 3319 2299 3372 1075
2325 3319 2343 3388 )

524 3698 633 3755 Vos
673 3696 917 3769 quidem,
950 3697 1042 3769 qui
1064 3698 1219 3768 juxta
1255 3699 1531 3755 internum
1567 3699 1844 3756 hominem
1875 3700 2025 3755 omni
2060 3697 2104 3752 A

2216 3698 2391 3769 ’Υμᾶς
2425 3700 2523 3771 μὲν
2550 3700 2756 3754 δίκαιον
2783 3701 2899 3753 ἐστι
2932 3698 3059 3764 τοὺς
3103 3699 3453 3772 ἀκμάζοντας
3488 3702 3545 3755 ὲν
3575 3705 3734 3778 πάσῃ

450 3792 652 3848 robore
674 3790 892 3861 vigetis,
930 3806 1144 3862 aequum
1199 3799 1319 3846 erat
1352 3807 1476 3847 cum
1528 3790 1861 3848 adversariis
1893 3792 2032 3847 veri-
2131 3787 2153 3840 δ

2137 3787 2356 3859 δυνάμει
2384 3789 2525 3843 κατά
2553 3789 2642 3843 τὸν
2670 3789 2778 3844 ἔσω
2803 3789 3090 3861 ἄνθρωπον
3124 3791 3260 3861 πρὸς
3292 3792 3419 3855 τοὺς
3445 3794 3733 3859 ἐναντίους

450 3882 586 3936 tatis
617 3880 918 3947 decertare,
959 3896 1196 3953 eumque
1248 3882 1394 3937 haud
1433 3885 1700 3955 gravatim
1750 3883 2033 3949 suscipere
2132 3896 2153 3932 ιι

2137 3879 2231 3950 τῆς
2277 3879 2531 3951 ἀληθείας
2564 3881 3001 3951 διαγωνίζεσθαι,
3043 3869 3137 3935 καὶ
3168 3881 3243 3955 μὴ
3279 3887 3560 3937 κατοκνεῖν
3588 3887 3733 3957 πρὸς

451 3975 721 4041 laborem,
754 3982 813 4028 ut
838 3989 940 4030 nos
971 3981 1157 4044 patres
1186 3974 1469 4045 praeclaris
1523 3974 1761 4029 ﬁliorum
1816 3975 2034 4031 sudori-

452 4070 555 4123 bus
582 4066 988 4123 oblectaremur
1018 4067 1146 4137 (hoc
1189 4067 1334 4122 enim
1371 4066 1614 4138 suggerit
1638 4066 1724 4121 lex
1757 4074 2030 4135 naturae);

452 4160 548 4215 sed
578 4159 839 4229 quoniam
894 4159 1111 4215 inverso
1142 4159 1336 4215 ordine
1365 4160 1429 4215 ad
1463 4175 1565 4215 nos
1593 4160 1767 4215 mittis
1797 4160 2034 4230 impetus

450 4250 787 4321 cuspidum,
836 4250 1041 4321 quibus
1097 4250 1400 4307 adversarii
1456 4251 1740 4306 veritatem
1800 4258 2031 4321 petunt,

452 4342 808 4414 postulasque
836 4358 867 4397 a
908 4343 1068 4399 nobis
1103 4344 1329 4401 senibus
1368 4343 1560 4414 clypeo
1595 4341 1719 4398 ﬁdei
1754 4343 2033 4415 exstingui

452 4435 723 4490 carbones
778 4437 1169 4501 desolatorios,
1200 4447 1255 4493 et
1300 4435 1520 4493 retundi
1570 4436 1673 4490 tela
1700 4451 1799 4506 per
1842 4435 2034 4490 falsam

453 4525 739 4580 scientiam
792 4538 977 4603 acuta,
1026 4529 1363 4598 suscipimus
1417 4542 1559 4583 onus
1606 4527 1936 4597 injunctum,
1972 4540 2037 4581 ac

452 4617 553 4671 tibi
600 4618 668 4671 ad
726 4634 1058 4689 prepensam
1112 4620 1479 4675 obedientiam
1529 4619 1783 4690 exemplo
1819 4634 2033 4683 sumus,

453 4717 513 4763 ut
544 4710 708 4765 etiam
742 4712 859 4780 ipse
910 4712 1073 4766 nobis
1104 4710 1339 4765 invicem
1373 4702 1560 4780 parem
1592 4710 1839 4778 praebeas
1868 4710 1922 4764 in
1956 4710 2037 4766 si-

452 4800 681 4855 milibus
705 4800 880 4870 jussis
906 4800 1349 4865 retributionem,
1396 4800 1444 4855 si
1482 4800 1706 4869 quando
1732 4810 1786 4855 te
1813 4801 1879 4854 ad
1904 4801 2036 4856 talia

452 4891 757 4947 certamina
787 4892 1237 4955 excitaverimus,
1274 4905 1308 4945 ο
1341 4898 1567 4945 strenue
1618 4890 1827 4946 Christi
1877 4891 2036 4948 miles

2135 3971 2261 4034 τοὺς
2282 3970 2497 4037 πόνους,
2525 3973 2672 4037 ὅπως
2701 3972 2765 4027 ἂν
2785 3975 2946 4044 ἡμεῖς
2973 3974 3021 4026 οἱ
3057 3973 3293 4046 πατέρες
3322 3978 3433 4039 τοῖς
3452 3980 3733 4045 γενναίοις

2135 4062 2321 4135 ἱδρῶσι
2345 4064 2453 4118 τῶν
2480 4064 2684 4117 τέκνων
2711 4065 3202 4137 ὲπευερραινώμεθα
3232 4067 3410 4137 (τοῦτο
3439 4068 3543 4139 γὰρ
3570 4073 3601 4123 ὁ
3628 4071 3733 4142 τῆς

2136 4156 2351 4227 φύσεως
2378 4157 2691 4212 ὑποτίθεται
2718 4157 2924 4229 νόμος)·
2958 4158 3147 4231 ἐπειδὴ
3178 4159 3233 4213 δὲ
3262 4161 3609 4233 ἀναστρέψας
3630 4165 3733 4236 τὴν

2137 4248 2289 4313 τάξιν
2320 4249 2403 4318 ἐφ’
2432 4250 2580 4320 ἡμᾶς
2632 4250 2873 4321 πέμπεις
2901 4251 3000 4315 τὰς
3029 4252 3332 4323 προσϐολὰς
3361 4254 3468 4307 τῶν
3496 4255 3730 4323 ἀκίδων,

2139 4335 2226 4405 αἷς
2246 4342 2294 4394 οἱ
2323 4342 2685 4412 ἀντικείμενοι
2708 4345 2772 4413 τῇ
2798 4342 3025 4414 ἀληθείᾳ
3054 4344 3328 4414 βάλλουσι,
3358 4346 3452 4399 καὶ
3481 4346 3733 4413 κελεύεις

2136 4432 2214 4501 τῷ
2244 4431 2422 4502 θυρεῷ
2448 4432 2546 4502 τῆς
2571 4432 2804 4494 πίστεως
2844 4422 3156 4505 παρ’ἰήμῶν
3182 4435 3290 4488 τῶν
3320 4436 3593 4506 γερόντων
3629 4456 3734 4493 κα-

2136 4523 2523 4577 τασϐέννυσθαι
2582 4525 2707 4587 τοὺς
2779 4526 3081 4596 ὲρημικοὺς
3142 4526 3458 4598 ἄνθρακας,
3510 4530 3611 4582 καὶ
3661 4532 3733 4584 τὰ

2136 4614 2452 4685 ἠκονημένα
2482 4614 2571 4668 διὰ
2600 4618 2699 4687 τῆς
2722 4614 3073 4687 ψευδωνύμου
3103 4618 3357 4686 γνώσεως
3388 4618 3537 4689 βέλη,
3575 4620 3735 4692 δεχό-

2141 4707 2280 4777 μεθα
2323 4706 2385 4759 τὸ
2426 4706 2737 4777 ἐπίταγμα,
2789 4708 2873 4760 σοὶ
2905 4708 3074 4772 τύπος
3102 4710 3201 4780 τῆς
3234 4712 3542 4777 εύπειθείάς
3576 4715 3733 4783 γινό-

2141 4817 2310 4869 μενοι,
2351 4799 2422 4864 ὠς
2457 4799 2522 4855 ἂν
2556 4800 2648 4853 καὶ
2680 4799 2840 4864 αὐτὸς
2873 4803 3001 4872 ἡμῖν
3027 4802 3407 4875 ἀντιπαρέχοις
3452 4805 3552 4877 τὴν
3602 4807 3731 4879 ἴσην

2137 4890 2369 4944 ἐπὶτῶν
2411 4890 2611 4961 ὁμοίων
2662 4892 3053 4963 ἐπιταγμάτων
3093 4894 3382 4958 ἀντίδοσιν,
3431 4897 3620 4953 εἴποτέ
3669 4918 3730 4954 σε

452 4983 700 5041 Ablabie.
730 4984 827 5039 Est
857 4992 1039 5039 autem
1066 4983 1215 5038 baud
1245 4998 1412 5053 parva
1441 4983 1674 5053 quaestio
1706 4984 1839 5049 haec,
1870 4999 2034 5055 quam
2063 5053 2104 5059 _
2140 4998 2153 5032 τ

2140 4979 2275 5051 πρὸς
2300 4980 2429 5043 τοὺς
2458 4980 2731 5046 τοιούτους
2763 4982 2954 5048 ἄθλους
2992 4984 3467 5057 διαναστήσαιμεν,
3512 4984 3559 5042 ὦ
3597 5009 3731 5059 γεν-

454 5074 795 5148 proposuisti
842 5076 1024 5142 nobis,
1078 5091 1259 5147 neque
1307 5075 1599 5147 ejusmodi,
1649 5093 1771 5148 qua:
1818 5053 2033 5133 si_non
2063 5053 2153 5127 Βπ

2140 5075 2253 5127 ναῖε
2298 5072 2393 5126 τοῦ
2424 5074 2661 5145 Χριστοῦ
2693 5076 2996 5148 στρατιῶτα
3040 5078 3305 5135 Ἀὁλάδιε.
3364 5083 3520 5135 Ἔστι
3570 5085 3630 5138 δὲ
3665 5088 3729 5139 ού

452 5170 851 5226 convenienter
876 5182 949 5224 ac
979 5168 1143 5238 digne
1182 5176 1417 5223 tractata
1476 5177 1530 5225 et
1562 5171 1870 5225 examinata
1911 5169 2032 5226 fue-

2142 5165 2337 5236 μικρὸς
2367 5158 2521 5230 οὗτος
2546 5169 2573 5220 ὁ
2601 5166 2753 5236 λόγος
2780 5169 2838 5221 ὃν
2866 5172 3181 5241 προέτεινας
3207 5174 3359 5243 ἡμῖν,
3386 5174 3508 5228 οὐδὲ
3546 5178 3732 5232 τοιοῦ-

452 5266 545 5328 rit,
579 5278 689 5319 non
728 5276 923 5334 parum
957 5261 1271 5317 detrimenti
1296 5261 1525 5316 allatura
1560 5262 1650 5316 sit.
1679 5260 1916 5318 Necesse
1948 5270 2034 5317 est
2137 5274 2153 5309 ἰ

2137 5274 2226 5320 τος
2252 5256 2327 5321 ὡς
2350 5257 2534 5327 ὀλίγην
2562 5258 2745 5330 φέρειν
2780 5259 3003 5331 ζημίαν,
3026 5264 3072 5316 εί
3103 5263 3178 5334 μὴ
3206 5265 3305 5334 τῆς
3333 5267 3733 5340 προσηκούσης

452 5356 597 5409 enim
633 5369 697 5410 ex
731 5354 782 5408 vi
822 5352 1199 5417 theorematis,
1236 5352 1535 5407 secundum
1572 5368 1697 5408 eum
1726 5352 1820 5422 qui
1853 5353 2028 5422 prima
2136 5350 2153 5402 ἔ

2137 5349 2434 5415 ἐξετάσεως
2468 5349 2637 5421 τύχοι.
2686 5351 2920 5424 Ἀνάγκη
2963 5354 3069 5425 γὰρ
3102 5356 3163 5407 ἐκ
3188 5356 3285 5424 τῆς
3313 5356 3433 5426 βίας
3458 5358 3553 5411 τοῦ
3581 5360 3733 5414 θεω-

453 5442 635 5498 fronte
666 5458 726 5498 se
761 5441 919 5498 oll‘ert
955 5440 1317 5506 intellectum,
1360 5441 1415 5497 in
1451 5442 1773 5498 alterutrum
1804 5456 2032 5513 prorsus
2143 5457 2153 5509 ι

2143 5439 2405 5509 ρήματος,
2447 5439 2503 5492 ἒν
2531 5441 2747 5505 πάντως
2775 5442 2883 5495 τῶν
2910 5444 3363 5514 ἁπεμφαινόντων
3394 5452 3734 5522 συνενεχθῆ-

453 5533 807 5589 dissimilium
845 5533 1078 5589 duorum
1123 5533 1367 5589 incidere
1400 5548 1664 5600 errorem,
1708 5543 1763 5589 et
1805 5533 1886 5588 vel
1918 5541 2031 5589 tres
2139 5548 2153 5583 ι

2139 5547 2226 5583 ναι
2271 5531 2412 5584 κατά
2460 5531 2553 5585 τὸν
2592 5534 2881 5605 πρόχειρον
2929 5535 3074 5599 νοῦν,
3125 5539 3218 5591 καὶ
3267 5538 3299 5609 ἦ
3339 5542 3488 5610 τρεῖς
3540 5542 3733 5610 λέγειν

453 5626 639 5682 dicere
666 5624 800 5681 deos
832 5626 998 5696 (quod
1029 5626 1184 5683 nefas
1211 5624 1337 5695 est).
1370 5626 1453 5683 vel
1483 5625 1799 5683 testimonio
1839 5630 2032 5678 nostro
2140 5624 2153 5672 ι

2140 5621 2307 5685 Θεοῦς
2342 5622 2499 5695 (ὅπερ
2530 5624 2825 5695 ἀθέμιτον),
2856 5627 2888 5698 ἢ
2926 5629 2998 5700 μὴ
3027 5634 3469 5703 προσμαρτυρεῖν
3500 5632 3578 5703 τῷ
3612 5635 3737 5705 Υίῷ

456 5734 567 5775 non
621 5719 1002 5791 comprobare,
1062 5720 1206 5793 quod
1249 5718 1386 5775 Filio
1444 5718 1784 5789 Spirituique
1838 5722 2029 5774 sancto
2143 5732 2153 5769 ι

2143 5715 2233 5769 καὶ
2260 5714 2335 5787 τῷ
2379 5715 2515 5787 ἁγίῳ
2542 5717 2813 5792 Πνεύματι
2855 5720 2950 5792 τὴν
2979 5722 3204 5794 θεότητα
3228 5722 3407 5795 ’ὅπερ
3435 5726 3635 5791 ἀσεϐές
3670 5745 3732 5781 τε
