3980 6198
305 289 411 343 H7

1457 280 1643 346 QUOD
1684 278 1819 333 NON
1865 277 2017 333 SINT
2063 280 2243 335 TRICS
2284 281 2394 335 Dll.

3486 290 3589 343 HS

306 412 403 467 καὶ
431 409 649 463 ἄτοπον.
696 408 767 459 Τὸ
798 406 853 459 δὲ
887 406 1173 477 λεγόμενον
1196 405 1343 477 παρὰ
1368 403 1462 458 σού
1484 405 1719 457 τοιοῦτόν
1746 404 1860 456 ἐστι
1882 420 1886 430 ⁴

2002 405 2178 461 deitas
2230 406 2373 461 adsit
2411 426 2423 461 :
2463 408 2607 478 quod
2647 418 2701 463 et
2748 410 2975 481 impium
3024 422 3106 466 est
3158 420 3213 467 et
3257 412 3585 468 absurdum.

305 504 539 573 Πέτρος,
560 502 657 555 καὶ
692 500 965 563 Ἰάκωϐος,
996 502 1089 553 καὶ
1132 499 1402 570 Ἰωάννης,
1441 500 1497 550 ὲν
1531 500 1628 568 μιᾷ
1656 499 1805 561 ὄντες
1827 501 1893 568 τῇ

304 594 687 664 ἀνθρωπότητι
712 632 727 655 ,
776 593 927 660 τρεῖς
956 590 1232 662 ἄνθρωποι
1266 590 1534 658 λέγονται.
1591 590 1701 642 Καὶ
1741 589 1892 642 οὐδὲν

297 686 500 737 ἄτοπον
527 685 655 746 τοὺς
686 683 1065 754 συνημμένους
1091 683 1233 737 κατὰ
1267 682 1364 754 τὴν
1391 682 1571 751 φύσιν,
1604 685 1650 735 εἰ
1684 682 1899 746 πλείους

299 772 433 843 εἶεν,
478 779 541 831 ἐκ
568 777 663 831 τού
691 777 792 845 τῆς
807 776 1033 846 ,φύσεως
1068 777 1334 846 ὀνόματος
1365 775 1744 845 πληθυντικῶς
1776 777 1898 846 ἀρι-

300 872 576 942 θμεῖσθαι.
617 872 677 924 Εἰ
710 866 803 925 οὖν
836 872 956 923 ἐκεῖ
984 868 1144 924 τοῦτο
1174 869 1388 922 δίδωσιν
1420 871 1449 940 ἡ
1488 869 1763 939 συνήθεια,
1803 868 1899 922 καὶ

298 968 326 1017 6
355 964 722 1035 ἀπαγορεύων
750 965 849 1016 οὐκ
874 963 989 1015 ἔστι
1021 961 1115 1015 δύο
1135 961 1315 1030 λέγειν
1344 962 1471 1024 τοὺς
1493 961 1603 1025 δύο,
1633 961 1727 1014 καὶ
1752 963 1898 1032 τρεῖς

298 1057 431 1119 τοὺς
474 1057 615 1126 ὑπὲρ
661 1055 790 1107 δύοο
837 1054 951 1119 πῶς
1001 1055 1094 1106 ἐπὶ
1137 1053 1248 1107 τῶν
1292 1054 1570 1124 μυστικῶν
1609 1054 1896 1123 δογμάτων

298 1148 399 1210 τὰς
445 1149 593 1217 τρεῖς
646 1146 977 1209 ὑποστάσεις
1026 1145 1448 1215 ὁμολογοῦντες,
1496 1144 1589 1198 καὶ
1640 1144 1897 1215 οὐδεμίαν

298 1240 386 1291 ἐπ’
416 1239 599 1291 αὐτῶν
629 1239 731 1309 τὴν
766 1238 902 1291 κατὰ
931 1238 1086 1306 φύσιν
1112 1237 1376 1309 διαφορὰν
1414 1237 1739 1305 ἐννοοῦντες,
1789 1254 1895 1306 μα-

299 1331 516 1400 χόμεθα
547 1331 753 1402 τρόπον
785 1330 904 1383 τινὰ
933 1333 996 1400 τῇ
1033 1330 1315 1402 ὁμολογίᾳ,
1362 1330 1490 1400 μίαν
1521 1331 1617 1401 μὲν
1644 1331 1743 1401 τὴν
1776 1329 1893 1383 θεό-

299 1437 447 1490 τητα
492 1420 588 1472 τοῦ
641 1420 853 1491 Πατρός
897 1421 987 1472 καὶ
1012 1419 1107 1473 τοῦ
1138 1419 1268 1473 Υίοῦ
1296 1422 1389 1473 καὶ
1415 1419 1507 1473 τοῦ
1537 1421 1695 1488 ἁγίου
1727 1420 1896 1475 Πνεύ-

304 1530 482 1583 ματος
509 1512 773 1581 λέγοντες,
800 1516 943 1583 τρεῖς
962 1513 1018 1566 δὲ
1045 1512 1199 1576 θεοὺς
1220 1513 1400 1581 λέγειν
1423 1513 1857 1581 ἀπαγορεύοντες
1878 1530 1892 1578 ;

312 1606 371 1656 ’0
402 1605 502 1673 μὲν
532 1599 624 1656 οὖν
651 1603 825 1670 λόγος,
860 1602 1041 1666 καθὼς
1066 1602 1335 1675 προέφην,
1373 1604 1508 1657 πολὺ
1533 1603 1591 1657 τὸ
1617 1604 1891 1675 δυσμετα-

294 1698 571 1767 χείριστον
602 1714 613 1726 ·
664 1698 829 1766 ἡμεῖς
873 1694 929 1748 δὲ
963 1697 1011 1748 εί
1065 1695 1162 1765 μέν
1191 1712 1242 1747 τι
1276 1694 1517 1747 τοιοῦτον
1544 1692 1799 1768 εὕροιμεν
1826 1695 1891 1748 δι’

294 1786 356 1843 οὗ
384 1788 439 1841 τὸ
461 1787 760 1857 ἀμφίϐολον
788 1787 888 1858 τῆς
917 1787 1156 1850 διανοίας
1185 1786 1342 1856 ἡμῶν
1368 1785 1663 1857 ὲρεισθείη,
1695 1786 1891 1858 μηκέτι

295 1879 435 1947 πρὸς
464 1878 525 1930 τὸ
567 1878 853 1949 διάλημμα
899 1878 962 1930 τὸ
1008 1878 1107 1947 τῆς
1152 1876 1381 1940 ἀτοπίας
1418 1876 1762 1940 ἐπιδιστάζον
1798 1881 1891 1932 καὶ

295 1970 754 2040 κραδαινόμενον,
807 1964 867 2021 εὖ
924 1967 988 2022 ἂν
1043 1966 1195 2037 ἔχοι·
1252 1968 1301 2019 εἰ
1344 1966 1399 2019 δὲ
1432 1967 1526 2020 καὶ
1558 1964 1890 2037 ἀτονώτερος

294 2061 581 2132 ἐλεγχθείη
629 2060 721 2114 τού
765 2060 1154 2132 προϐλήματος
1202 2060 1231 2112 6
1265 2058 1527 2129 ἡμέτερος
1558 2058 1748 2125 λόγος,
1791 2058 1890 2128 τὴν

293 2156 402 2224 μὲν
438 2154 731 2223 παράδοσιν
774 2154 839 2223 ἦν
890 2152 1041 2221 παρὰ
1074 2151 1181 2205 τῶν
1214 2151 1470 2221 πατέρων
1511 2149 1885 2220 διεδεξάμεθα,

289 2247 605 2318 φυλάξομεν
648 2247 728 2309 εἰς
758 2246 845 2298 ἀεὶ
874 2244 1096 2316 βεϐαίαν
1139 2261 1196 2296 τε
1240 2245 1333 2297 καὶ
1365 2243 1620 2312 ἀκίνητον
1650 2258 1664 2273 ·
1715 2242 1805 2295 τὸν
1834 2242 1890 2296 δὲ

289 2343 594 2412 συνήγορον
640 2340 740 2408 τῆς
790 2340 1025 2401 πίστεως
1072 2338 1229 2407 λόγον
1256 2378 1270 2403 ,
1337 2336 1488 2408 παρὰ
1535 2334 1629 2388 τοῦ
1680 2334 1887 2405 Κυρίου

284 2437 664 2507 ζητήσωμεν·
718 2433 775 2496 ὃς
828 2433 877 2484 εἰ
933 2431 1032 2502 μὲν
1088 2430 1338 2501 εὑρεθείη
1386 2428 1537 2499 παρά
1589 2445 1733 2490 τινος
1780 2426 1888 2479 τῶν

284 2530 527 2600 ἐχόντων
558 2528 656 2598 τὴν
683 2526 863 2598 χάριν,
907 2524 1372 2594 εὐχαριστήσομεν
1402 2521 1481 2591 τῷ
1512 2519 1765 2572 δεδωκότι
1791 2519 1888 2588 τὴν

282 2622 452 2691 χάριν
478 2637 491 2649 ·
546 2620 595 2671 εί
641 2618 697 2671 δὲ
738 2615 833 2687 μὴ,
880 2616 1030 2668 οὐδὲν
1062 2610 1222 2685 ἦττον
1255 2613 1346 2665 ἐπὶ
1388 2610 1497 2663 τῶν
1528 2608 1887 2679 ἐγνωσμένων

284 2717 391 2785 τὴν
431 2714 618 2766 πίστιν
647 2708 985 2782 ἀμετάθετον
1016 2708 1229 2779 ἕξομεν.

2006 496 2178 551 Porro
2213 498 2357 568 quod
2383 499 2480 555 abs
2508 509 2560 555 te
2588 500 2813 567 dicitur,
2859 508 2967 558 tale
2994 514 3080 559 est
3128 522 3140 557 :
3169 503 3386 570 Petrus,
3416 513 3470 559 et
3495 503 3589 559 Ja-

2008 591 2182 646 cobus
2207 600 2259 645 et
2293 589 2560 657 Joannes,
2585 609 2708 648 cum
2744 596 2796 649 in
2831 612 2936 650 una
2962 597 3072 653 sint
3097 598 3334 651 humana
3359 607 3583 663 natura,

2001 687 2113 737 tres
2144 682 2397 739 homines
2452 684 2733 739 dicuntur.
2768 687 2846 741 Ae
2882 688 3033 742 nullo
3073 689 3237 743 modo
3285 690 3586 745 absurdum

1999 781 2103 839 est,
2140 783 2331 829 natura
2382 776 2732 845 conjunctos,
2772 779 2817 833 si
2864 780 3051 849 plures
3087 781 3219 850 sint,
3268 798 3333 837 ex
3365 785 3588 838 nomine

2001 874 2212 921 natura“:
2238 868 2526 939 pluraliter
2548 871 2851 926 numerari.
2891 870 2948 926 Si
2983 874 3151 945 igitur
3186 875 3297 931 illic
3327 875 3428 931 hoc
3460 891 3587 931 con-

2001 961 2236 1017 suetudo
2262 960 2542 1026 concedit,
2574 977 2638 1015 ae
2695 978 2855 1018 nemo
2890 972 3035 1019 vetat
3069 964 3209 1020 duos
3255 958 3458 1030 dicere,
3492 969 3582 1038 qui

1999 1049 2109 1105 duo
2148 1060 2299 1115 sunt,
2346 1060 2401 1106 et
2460 1062 2570 1108 tres
2610 1068 2705 1108 eos
2737 1055 2831 1125 qui
2870 1071 3036 1125 supra
3076 1056 3215 1112 duos
3265 1066 3433 1113 sunt:
3474 1074 3585 1128 quo

2000 1151 2162 1212 pacto
2194 1143 2247 1197 in
2299 1145 2551 1215 mysticis
2590 1145 2830 1200 decretis
2885 1154 2999 1203 tres
3056 1148 3380 1219 hypostases
3413 1152 3586 1206 conﬂ-

2000 1239 2199 1297 tentes,
2232 1240 2285 1287 et
2319 1234 2523 1287 nullam
2557 1236 2610 1288 in
2646 1235 2715 1289 iis
2742 1237 2891 1292 circa
2937 1245 3186 1317 naturam
3222 1238 3584 1296 diﬂ'crentiam

1999 1333 2383 1393 agnoscentes,
2406 1328 2766 1382 adversamur
2791 1329 3197 1398 quodammodo
3221 1331 3579 1397 confessioiii,

1998 1430 2163 1469 unam
2198 1416 2419 1486 quidem
2456 1417 2715 1474 deitatem
2755 1420 2936 1477 Patris
2968 1428 3020 1476 et
3066 1420 3189 1476 Filii
3228 1431 3283 1477 et
3345 1422 3584 1494 Spiritus

1997 1507 2175 1561 sancti
2221 1508 2491 1574 dicentes,
2526 1517 2641 1567 tres
2694 1519 2874 1567 autem
2919 1512 3052 1567 deos
3091 1513 3273 1569 dicere
3297 1516 3587 1570 vetantes?

1998 1596 2167 1667 Igitur
2197 1598 2431 1667 quaestio
2456 1599 2701 1669 quidem,
2733 1601 3197 1671 quemadmodum
3240 1603 3404 1657 modo
3434 1604 3586 1659 dice-

1998 1688 2144 1754 bam,
2196 1675 2437 1744 tractatu
2498 1692 2730 1745 multum
2787 1690 3025 1748 dillicilis
3091 1700 3229 1746 est:
3293 1693 3584 1748 nobiscum

1998 1796 2150 1844 vero,
2185 1782 2231 1835 si
2292 1782 2513 1851 quidem
2554 1782 2761 1853 aliquid
2817 1784 2927 1839 tale
2976 1786 3256 1854 possimus
3316 1786 3582 1850 invenire,

1998 1889 2096 1943 per
2125 1874 2270 1943 quod
2303 1874 2500 1930 mentis
2543 1884 2746 1930 nostrae
2792 1876 3125 1947 ambiguitas
3169 1876 3498 1942 ﬁrmaretur,
3532 1886 3587 1932 et

1998 1981 2107 2020 non
2144 1967 2377 2037 amplius
2405 1967 2470 2021 ad
2503 1968 2803 2022 absurdum
2831 1969 3088 2022 dilemma
3113 1968 3277 2023 dubia
3302 1969 3585 2023 vacillaret

1997 2066 2161 2129 atque.
2182 2060 2463 2129 penderet,
2480 2061 2744 2129 pra‘clare
2766 2069 3021 2131 ageretur
3042 2079 3054 2113 :
3075 2062 3160 2116 sin
3186 2069 3367 2117 autem
3396 2072 3583 2116 nostra

1997 2152 2174 2205 oratio
2200 2152 2480 2222 proposita
2510 2152 2814 2222 quastione
2843 2153 3117 2208 inﬁrmior
3150 2163 3436 2226 arguatur,
3471 2164 3585 2209 tra-

1998 2244 2259 2299 ditionem
2287 2243 2533 2314 quidem,
2556 2260 2718 2314 qnam
2742 2260 2770 2298 a
2791 2246 3039 2316 patribus
3065 2262 3159 2316 per
3175 2249 3583 2302 successionem

1998 2337 2338 2406 accepimus,
2377 2337 2724 2391 servabimus
2788 2339 2842 2392 in
2879 2347 3204 2410 perpetuum
3273 2339 3483 2393 tit-mam
3532 2350 3585 2395 et

1998 2426 2279 2481 immotam
2307 2446 2320 2482 :
2359 2428 2664 2483 orationem
2692 2442 2843 2495 vero,
2879 2446 3001 2501 quin
3034 2431 3156 2486 lidei
3187 2434 3581 2501 patrocinetur,

1996 2532 2026 2571 a
2058 2517 2292 2573 Domino
2351 2521 2699 2591 requiremus
2740 2540 2752 2575 :
2787 2537 2910 2591 quae
2957 2523 3004 2577 si
3049 2524 3119 2579 ab
3150 2524 3336 2593 aliquo
3367 2539 3580 2587 eorum,

1994 2611 2087 2681 qui
2122 2612 2294 2682 gratia
2318 2612 2528 2682 przediti
2566 2621 2716 2681 sunt,
2750 2613 3186 2679 inventa'l'uerit,
3221 2618 3426 2687 gratias
3452 2632 3581 2687 age-

1994 2718 2117 2759 mus
2145 2705 2218 2770 ei,
2250 2706 2343 2775 qui
2385 2706 2616 2776 gratiam
2663 2706 2874 2763 dederit
2910 2726 2923 2762 :
2977 2707 3062 2764 sin
3103 2709 3287 2765 minus
3337 2708 3390 2762 id
3424 2709 3580 2763 nobis

283 2807 616 2879 contigerit,
655 2806 827 2861 nihilo
875 2803 1055 2860 secius
1091 2805 1147 2858 iu
1202 2802 1272 2857 iis
1316 2816 1438 2872 qua:
1465 2801 1683 2857 decreta
1728 2807 1894 2869 atque
1965 2806 2170 2855 statuta
2248 2810 2401 2870 sunt,
2460 2787 2620 2859 ﬁdem
2666 2803 2918 2859 stabilem
2951 2811 3004 2859 ει
3053 2804 3268 2859 ﬁrmam
3318 2804 3583 2862 regnem.

316 2924 333 2958 ι

316 2924 333 2958 ι

284 2923 315 2960 ῃ
342 2920 427 3056 ι’ΐί
459 3002 667 3073 δήποτε
704 2996 884 3052 τοίνυν
929 2998 986 3051 ὲν
1020 2998 1085 3068 τῇ
1122 2993 1241 3049 καθ’
1269 2994 1415 3065 ἡμᾶς
1465 2989 1723 3061 συνηθείᾳ
1768 2988 1888 3042 καθ’

2069 2984 2178 3040 Cur
2216 2984 2383 3055 igitur
2428 2986 2646 3041 tandem
2707 2987 2762 3042 in
2803 2996 2991 3043 nostra
3026 2989 3425 3046 consuetudine
3459 3004 3584 3045 cum

281 3098 377 3151 ἕνα
410 3097 543 3159 τοὺς
577 3098 634 3147 ὲν
676 3095 743 3165 τῇ
778 3092 936 3162 φύσει
985 3092 1051 3161 τῇ
1102 3090 1239 3156 αὐτῇ
1278 3084 1658 3151 δεικνυμένους
1688 3084 1886 3153 ἀπαρι-

2001 3079 2278 3149 sigillatim
2310 3079 2786 3135 numeraverimus
2825 3095 2942 3147 eos,
2990 3081 3085 3153 qui
3146 3082 3201 3136 in
3248 3098 3356 3138 una
3386 3090 3583 3137 natura

2014 3172 2453 3191 ΙΑ-ΑΑ--ι..---ι-...
2514 3169 2713 3191 -1--...μ12
2748 3171 2967 3191 ..Α-ηε..-
3021 3173 3224 3191 ηιξ..-ημ
3281 3181 3356 3191 .,.
3404 3174 3427 3191 ιν
3452 3189 3465 3191 -
3494 3174 3557 3191 η·-

280 3191 604 3260 θμήσαντες
630 3183 1006 3257 πληθυντικῶς
1032 3178 1390 3253 ὀνομάζομεν,
1418 3178 1606 3239 τόσους
1634 3175 1881 3245 λέγοντες

280 3285 411 3346 τοὺς
443 3276 785 3351 ἀνθρώπους,
834 3277 927 3329 καὶ
974 3274 1095 3345 οὐχὶ
1129 3272 1224 3326 ἕνα
1269 3272 1392 3333 τοὺς
1442 3269 1669 3332 πάντας,
1709 3268 1800 3320 ἐπὶ
1822 3266 1881 3320 δὲ

278 3376 385 3443 τῆς
421 3370 577 3435 θείας
599 3370 811 3439 φύσεως
840 3365 1092 3420 ἐκϐάλλει
1120 3365 1179 3417 τδ
1208 3363 1414 3433 πλῆθος
1440 3361 1549 3414 τῶν
1579 3360 1719 3414 θεῶν
1739 3362 1766 3414 6
1784 3358 1877 3413 τοῦ

276 3467 565 3537 δόγματος
604 3462 790 3530 λόγος,
839 3459 935 3512 και
983 3455 1231 3527 ἀριθμῶν
1259 3454 1360 3517 τὰς
1392 3452 1738 3515 ὑποστάσεις,
1786 3452 1880 3505 καὶ

279 3559 381 3627 τὴν
410 3551 789 3625 πληθυντικὴν
821 3547 1096 3621 σημασίαν
1124 3548 1182 3599 ού
1218 3544 1644 3615 προσδεχόμενος
1674 3561 1688 3609 ;
1723 3543 1880 3595 Ἔστι

284 3650 386 3719 μὲν
421 3642 519 3700 οὖν
554 3644 697 3699 κατὰ
727 3642 786 3696 τὺ
812 3642 1121 3713 πρόχειρον,
1155 3637 1316 3691 τοῦτο
1346 3639 1460 3699 τοῖς
1489 3634 1879 3706 ἁπλουστέροις

280 3739 537 3801 εἰπόντα,
589 3733 739 3798 δόξαι
779 3749 833 3784 τι
867 3731 1079 3800 λέγειν,
1126 3730 1207 3782 ὅτι
1244 3727 1459 3798 φεύγων
1506 3729 1534 3780 6
1577 3726 1733 3793 λόγος
1782 3725 1881 3796 τῆς

290 3828 626 3899 Ἑλληνικῆς
650 3823 940 3886 πολυθεῖας
969 3822 1065 3892 τὴν
1084 3821 1398 3891 ὁμοιότητα,
1420 3818 1575 3881 θεοὺς
1603 3819 1662 3871 ὲν
1687 3816 1879 3888 πλήθει

283 3922 547 3991 ἀριθμεῖν
579 3918 959 3990 παρῃτήσατο,
991 3915 1066 3977 ὡς
1095 3914 1160 3968 ἂν
1194 3913 1266 3984 μή
1302 3928 1385 3974 τις
1414 3910 1509 3963 καὶ
1534 3910 1643 3963 τῶν
1674 3910 1881 3980 δογμά-

278 4033 392 4070 των
421 4012 712 4085 νομισθείη
740 4010 1007 4081 κοινότης,
1034 4011 1082 4062 ει
1119 4009 1193 4080 μὴ
1233 4007 1552 4078 μοναδικῶς,
1583 4006 1721 4060 ἀλλὰ
1747 4007 1882 4078 πλη-

278 4106 562 4168 θυντικῶς
592 4105 692 4157 καὶ
731 4104 858 4175 παρ’
896 4101 1051 4173 ἡμῶν
1101 4100 1387 4171 ἀριθμοῖτο
1427 4100 1488 4153 τὸ
1533 4100 1708 4162 θεῖον,
1759 4100 1880 4153 καθ’

276 4199 589 4269 ὁμοιότητα
622 4195 725 4264 τῆς
758 4194 891 4263 παρ’
918 4190 1096 4245 αὐτῶν
1128 4191 1417 4261 συνηθείας
1443 4206 1458 4222 ο
1501 4190 1660 4244 τοῦτο
1683 4190 1740 4243 δὲ
1770 4191 1881 4253 τοῖς

281 4292 384 4360 μὲν
415 4286 835 4360 άκεραιοτέροις
864 4283 1179 4352 λεγόμενον,
1229 4281 1359 4344 ἴσως
1403 4281 1468 4335 ἄν
1496 4299 1548 4334 τι
1587 4281 1758 4348 δόξειε
1792 4281 1880 4334 λέ-

275 4382 501 4449 γεσθαι,
540 4379 639 4432 ἐπὶ
693 4376 751 4430 δέ
789 4392 851 4445 γε
895 4374 1003 4428 τῶν
1044 4372 1221 4427 ἄλλων
1249 4374 1307 4426 τὸ
1345 4373 1531 4444 ἕτερον
1567 4374 1748 4437 αὐτοῖς
1780 4373 1880 4444 τῆς

1996 3172 2471 3233 demonstrantur,
2514 3169 2716 3237 plurali
2748 3171 2973 3227 nomine
3021 3173 3248 3236 utimur,
3281 3181 3363 3229 tot
3404 3174 3585 3228 homi-

1994 3278 2115 3325 nes,
2155 3268 2209 3316 et
2247 3273 2353 3313 non
2383 3274 2555 3314 unum
2606 3275 2800 3316 omnes
2844 3276 2970 3317 esse
3009 3262 3276 3327 dicentes,
3313 3264 3368 3319 in
3398 3264 3583 3318 divina

1993 3368 2125 3407 vero
2176 3360 2373 3405 natura
2430 3352 2574 3405 ratio
2629 3351 2835 3406 decreti
2888 3351 3117 3407 deorum
3178 3353 3582 3409 multi-tudinem

1986 3443 2230 3514 expellit,
2254 3452 2308 3498 et
2340 3443 2669 3514 hypostases
2690 3458 3012 3510 numerans,
3040 3452 3095 3498 et
3119 3444 3383 3513 pluralem
3413 3445 3584 3515 signi-

1986 3537 2296 3591 ﬁcationem
2358 3550 2471 3589 non
2503 3534 2838 3590 admittens?
2866 3534 2932 3589 Et
2994 3536 3217 3607 quidem
3260 3535 3464 3605 aliquid
3499 3535 3584 3589 di-

1983 3644 2107 3684 cere
2149 3628 2425 3690 videatur,
2461 3628 2508 3683 si
2562 3628 2686 3698 quis
2729 3616 3167 3697 simplicioribds
3227 3629 3280 3683 id
3340 3628 3488 3699 quod
3527 3629 3581 3682 in

1982 3721 2241 3784 promptu
2270 3721 2374 3779 est,
2397 3714 2565 3779 dicat,
2607 3716 2753 3785 quod
2796 3716 2940 3771 ratio
2986 3717 3196 3773 decreti
3231 3717 3458 3773 deorum
3487 3720 3581 3789 qui

1985 3823 2013 3861 a
2044 3806 2251 3862 Graecis
2303 3806 2678 3873 celebrantur,
2724 3809 3097 3867 multitudinis
3157 3812 3576 3869 similitudinem

1982 3900 2188 3964 vitans,
2245 3899 2378 3956 deos
2435 3901 2622 3971 plures
2675 3918 2967 3960 numerare
3029 3904 3287 3971 noluerit,
3342 3921 3411 3962 ne
3464 3922 3574 3978 qua

1983 3992 2333 4049 decretorum
2368 4009 2587 4065 quoque
2619 3995 2967 4053 existimetur
2989 4014 3113 4055 esse
3158 4000 3494 4065 communio,
3529 4002 3577 4060 si

1984 4099 2094 4139 non
2125 4085 2497 4156 singulariter,
2529 4087 2626 4143 sed
2663 4089 2949 4159 pluraliter
2996 4092 3161 4146 etiam
3198 4106 3228 4145 a
3282 4093 3443 4147 nobis
3475 4108 3576 4146 nu-

1984 4191 2107 4231 men
2161 4189 2548 4234 numeraretur
2577 4180 2643 4235 ad
2679 4182 3104 4238 similitudinem
3158 4182 3577 4241 consuetudinis

1985 4264 2128 4335 apud
2160 4266 2283 4324 illos
2324 4268 2663 4338 obtinentis;
2701 4277 2867 4341 atque
2919 4271 3047 4337 hoc,
3093 4272 3362 4343 siquidem
3432 4274 3574 4330 inte-

1983 4358 2263 4429 grior-ibus
2305 4375 2371 4415 ac
2403 4362 2809 4422 sineorioribus
2835 4364 3072 4432 dicatur,
3109 4365 3341 4421 forsitan
3368 4368 3575 4439 aliquid

279 4473 616 4541 προτάσεως
656 4467 850 4537 στῆναι
902 4463 1229 4534 ζητούντων,
1278 4463 1311 4533 ἢ
1349 4463 1424 4534 μὴ
1468 4465 1750 4534 ὁμολογεῖν
1789 4464 1882 4517 ἐπὶ

1995 4452 2098 4506 dici
2144 4452 2416 4519 videatur,
2453 4456 2599 4526 apud
2650 4456 2791 4513 alios
2840 4465 3044 4524 autem,
3098 4459 3191 4531 qui
3242 4461 3473 4517 alterum
3507 4479 3574 4518 ex

274 4563 389 4616 τῶν
422 4560 597 4632 τριῶν
638 4560 736 4627 τὴν
767 4556 1017 4625 θεότητα,
1067 4554 1099 4624 ἢ
1142 4558 1288 4625 τρεῖς
1335 4555 1552 4619 πάντως
1598 4555 1883 4625 ὀνομάζειν

274 4649 407 4711 τοὺς
448 4647 552 4717 τῆς
594 4645 765 4714 αὐτῆς
797 4642 1187 4706 κοινωνοῦντας
1210 4643 1482 4715 θεότητος,
1517 4643 1672 4697 οῠπω
1705 4646 1883 4699 τοιού-

277 4739 373 4791 τόν
398 4741 518 4792 ἐστι
544 4739 606 4791 τὸ
636 4735 946 4809 εἰρημένον,
973 4729 1083 4788 οἷον
1109 4736 1408 4806 ὲμποιῆσαί
1438 4753 1559 4789 τινα
1591 4736 1743 4791 λύσιν
1782 4737 1877 4791 τοῦ

277 4830 625 4903 ζητήματος.

360 5102 574 5155 Οὐκοῦν
610 5102 925 5168 ἐπάναγκες
973 5097 1059 5152 διὰ
1109 5099 1369 5152 πλειόνων
1428 5099 1755 5169 ποιήσασθαι
1786 5099 1883 5172 τὴν

270 5196 610 5265 ἀπόκρισιν,
634 5197 780 5258 ὅπως
798 5193 866 5247 ἂν
889 5186 1003 5245 οἷόν
1018 5209 1076 5245 τε
1102 5189 1158 5265 ᾗ,
1184 5193 1242 5244 τὸ
1265 5191 1462 5262 ἀληθὲς
1481 5191 1881 5262 ἀνιχνεύοντας.

270 5292 352 5342 Οὐ
392 5288 513 5358 γὰρ
544 5288 809 5358 περὶτῶν
853 5285 1127 5355 τυχόντων
1174 5286 1201 5337 6
1249 5284 1423 5353 λόγος.
1471 5284 1657 5354 Φαμὲν
1707 5285 1884 5339 τοίνυν

268 5381 511 5450 πρῶτον
545 5376 887 5451 κατάχρησίν
913 5392 1035 5428 τινα
1069 5374 1354 5444 συνηθείας
1385 5369 1522 5428 εἶναι
1558 5374 1618 5426 τὸ
1646 5375 1773 5437 τοὺς
1808 5376 1882 5444 μὴ

267 5472 654 5544 διῃρημένους
679 5474 747 5541 τῇ
774 5468 934 5538 φύσει
960 5468 1081 5520 κατ’
1112 5466 1243 5520 αὐτὸ
1264 5466 1324 5519 τὸ
1352 5467 1450 5536 τῆς
1472 5464 1684 5533 φύσεως
1715 5466 1885 5536 ὄνομα

266 5562 671 5633 πληθυντικῶς
709 5558 1001 5628 ὀνομάζειν
1034 5558 1126 5609 καὶ
1168 5557 1364 5625 λέγειν,
1421 5558 1502 5610 ὅτι
1552 5557 1745 5610 Πολλοὶ
1791 5557 1883 5610 ἄν·

267 5654 538 5721 θρωποι·
592 5647 748 5724 ᾧπερ
794 5650 982 5719 ὅμοιόν
1026 5651 1140 5701 ἐστι
1192 5650 1250 5702 τὸ
1300 5649 1510 5717 λέγειν,
1564 5650 1643 5701 ὅτι
1695 5649 1883 5701 πολλαὶ

266 5746 483 5814 φύσεις
510 5745 871 5816 ἀνθρώπιναι.
903 5740 1012 5796 Καὶ
1045 5741 1125 5795 ὅτι
1170 5740 1333 5795 ταῦτα
1360 5741 1529 5805 οὓτως
1557 5740 1686 5811 ἔχει,
1729 5740 1884 5812 δῆλον

1988 4545 2368 4614 propositione
2401 4546 2508 4602 sibi
2568 4546 2787 4602 ﬁrmum
2841 4564 2906 4604 ac
2940 4551 3140 4608 stabile
3175 4568 3398 4611 manere
3426 4555 3573 4612 desi-

1989 4634 2208 4702 derant,
2243 4645 2337 4691 aut
2359 4653 2467 4694 non
2517 4637 2769 4695 conﬁteri
2805 4639 3061 4698 videlicet
3093 4644 3348 4701 deitatem
3385 4647 3440 4702 in
3474 4649 3573 4703 tri-

1994 4727 2119 4795 bus,
2147 4737 2242 4783 aut
2280 4739 2389 4786 tres
2436 4746 2667 4801 prorsus
2705 4734 3007 4791 nominare
3046 4752 3163 4801 eos,
3201 4740 3291 4809 qui
3328 4741 3573 4810 ejusdem

1986 4820 2287 4891 participes
2333 4829 2389 4876 et
2440 4822 2578 4877 socii
2613 4824 2724 4878 sint
2754 4824 2997 4890 deitatis,
3053 4830 3296 4884 nondum
3348 4833 3456 4888 tale
3490 4843 3574 4888 est

1987 4912 2067 4975 id,
2098 4913 2246 4982 quod
2277 4912 2546 4983 diximus,
2574 4924 2631 4971 ut
2666 4932 2929 4987 generare
2988 4927 3042 4975 et
3084 4922 3346 4979 inducere
3400 4926 3574 4995 possit

1988 5006 2227 5078 aliquam
2260 5008 2585 5076 quaestionis
2616 5010 2970 5066 solutionem.

2058 5101 2332 5168 Quocirca
2364 5116 2592 5158 necesse
2623 5112 2708 5159 est
2750 5105 3004 5174 pluribus
3050 5111 3407 5178 respondere,
3435 5126 3571 5178 quo-

1987 5191 2375 5264 modocunque
2407 5195 2709 5264 poterimus
2731 5197 3119 5269 investigando
3147 5202 3223 5255 rei
3262 5204 3567 5258 veritatem.

1987 5283 2104 5340 Non
2140 5286 2287 5341 enim
2321 5286 2393 5341 de
2422 5287 2587 5344 rebus
2633 5288 2845 5347 frivolis
2881 5306 2947 5346 ac
2993 5294 3307 5363 vulgaribus
3340 5298 3571 5362 quaistio

1993 5387 2100 5433 est.
2126 5376 2370 5434 Dicimus
2401 5380 2566 5452 igitur
2589 5383 2829 5453 primum
2859 5385 3090 5439 abusum
3125 5385 3414 5453 quemdam
3448 5405 3571 5449 esse

1987 5473 2425 5540 consuetudinis,
2447 5481 2614 5531 uteos
2641 5456 2733 5547 qui
2754 5486 2950 5532 natura
2970 5492 3078 5532 non
3109 5477 3270 5532 divisi
3304 5489 3452 5546 sunt,
3474 5500 3571 5554 per

1988 5563 2167 5633 ipsum
2220 5573 2435 5621 natura:
2492 5583 2694 5623 nomen
2748 5568 3038 5639 pluraliter
3100 5572 3449 5631 nominemus
3507 5592 3569 5631 ac

1986 5656 2257 5723 dicamus,
2310 5659 2463 5713 Multi
2525 5661 2775 5716 homines
2815 5679 2825 5714 :
2864 5661 2954 5717 cui
2996 5660 3177 5719 simile
3213 5675 3315 5731 est,
3355 5668 3398 5721 si
3444 5668 3567 5735 quis

1987 5746 2152 5815 dicat,
2204 5751 2390 5805 IllUllt’C
2445 5760 2653 5807 natura:
2706 5751 2978 5809 humanm.
3033 5753 3188 5821 Quod
3230 5766 3409 5813 autem
3454 5757 3569 5812 hare
