3980 6198
414 284 515 338 “9

1662 276 1717 330 S.
1765 273 2089 330 GREGORII
2144 274 2434 330 NYSSENI

3579 266 3684 321 1Ξο

418 408 495 459 ita
531 421 590 461 se
609 403 868 463 habeant,
894 402 1022 457 hinc
1066 400 1224 457 nobis
1252 401 1473 472 planum
1504 398 1617 453 lieri
1646 398 1835 468 possit.
1861 396 1994 451 Cum

2119 397 2168 450 ἰν
2195 399 2323 468 ἡμῖν
2351 395 2594 449 ἐντεῦθεν
2625 396 2848 464 γένοιτο.
2886 389 3359 466 Προσκαλούμενοι
3390 384 3498 457 γάρ
3533 402 3682 449 τινα,

416 496 564 549 enim
597 493 931 564 appellamus
959 490 1219 560 aliquem,
1251 505 1359 544 non
1387 506 1450 545 ex
1486 495 1684 542 natura
1708 502 1834 543 eum
1894 502 1995 542 no-

420 587 715 649 minamus,
765 599 833 638 ne
891 580 1033 637 forte
1086 597 1333 638 errorem
1384 580 1703 635 communio
1760 578 1999 634 nominis

419 676 662 739 inducat,
699 689 1029 745 unoquoque
1059 674 1153 744 qui
1191 673 1376 728 audiat
1400 673 1639 743 seipsum
1667 670 1999 741 appellatum

418 784 540 824 esse
590 768 965 833 existimante,
1009 766 1154 837 quod
1186 782 1296 821 non
1329 766 1550 835 pr0pria
1613 764 1997 834 appellatione,

420 864 515 920 sed
542 880 607 919 ex
661 862 939 932 communi
992 861 1214 916 nomine
1266 867 1476 913 naturae
1519 859 1735 913 vocatio
1759 854 1873 922 ﬁat,
1904 854 2000 910 sed

419 954 694 1026 propriam
725 954 774 1008 ei
792 953 1097 1022 impositam
1124 950 1583 1022 (signiﬁcatricem
1607 947 1729 1003 dico
1746 944 2002 1017 subjecti)

419 1063 608 1103 vocem
638 1046 1002 1117 proferentes,
1026 1046 1100 1099 ita
1145 1059 1268 1099 eum
1298 1057 1328 1096 a
1362 1043 1521 1113 vulgo
1552 1056 1616 1096 ac
1650 1040 2002 1096 multitudine

419 1136 870 1209 scparamus.~Ut
929 1136 1083 1191 multi
1126 1134 1347 1205 quidem
1402 1134 1511 1190 sint
1541 1133 1788 1189 eamdem
1822 1131 2003 1187 sortiti

420 1241 701 1296 naturam,
747 1231 900 1287 verbi
963 1228 1157 1300 gratia,
1185 1226 1464 1298 discipuli,
1512 1227 1595 1282 vel
1627 1225 1881 1296 apostoli,
1920 1225 2003 1279 vel

419 1334 714 1395 martyres,
750 1338 894 1379 unus
933 1338 1062 1379 vero
1116 1323 1170 1376 in
1196 1320 1452 1376 omnibus
1484 1356 1487 1359 -
1516 1320 1587 1374 sit
1636 1319 1824 1373 homo.
1854 1315 1999 1383 Quo-

420 1414 591 1482 niam,
624 1424 684 1469 ut
723 1415 927 1470 dictum
968 1422 1073 1477 est,
1101 1428 1209 1468 non
1244 1411 1540 1483 singularis
1572 1408 1877 1480 (alicujus),
1907 1407 2002 1462 sed

410 1507 1064 1579 communitatisuaturae
1097 1514 1183 1563 est
1210 1506 1393 1561 homo.
1429 1503 1605 1559 Homo
1635 1503 1782 1559 enim
1807 1509 1901 1579 est
1921 1501 2002 1556 vel

420 1601 625 1669 Lucas,
650 1600 736 1656 vel
773 1600 1084 1671 Stephanus
1138 1618 1149 1653 :
1184 1614 1294 1654 non
1351 1606 1532 1653 tamen
1585 1598 1633 1653 si
1668 1598 1794 1668 quis
1842 1576 2007 1650 homo

420 1700 540 1758 est,
603 1706 837 1764 prorsus
906 1692 1072 1746 etiam
1132 1688 1311 1745 Lucas
1374 1689 1460 1743 vel
1516 1682 1830 1758 Stephanus
1897 1692 2002 1741 est.

2102 491 2201 543 οὐκ
2230 491 2294 542 ἐκ
2318 490 2415 560 τῆς
2435 488 2647 557 φύσεως
2679 487 2839 541 αὑτὸν
2866 484 3222 556 ὀνομάζομεν,
3260 481 3335 543 ὡς
3364 480 3430 534 ἂν
3463 479 3537 549 μή
3558 494 3685 529 τινα

2105 580 2312 650 πλάνην
2343 581 2375 650 ἡ
2410 580 2657 650 κοινότης
2696 577 2789 632 τοῦ
2822 578 3083 649 ὀνόματος
3127 573 3513 644 ἐμποιήσειεν,
3552 570 3687 623 ἑκά-

2107 691 2230 726 στου
2259 672 2365 726 τῶν
2407 672 2711 728 ἀκουόντων
2754 670 2941 725 ἑαυτὸν
2980 665 3119 722 εἶναι
3149 667 3241 721 τὸν
3267 662 3689 737 προσκληθέντα

2106 764 2435 833 νομίζοντος,
2462 765 2543 818 ὅτι
2580 763 2654 834 μὴ
2679 764 2745 833 τῇ
2779 759 3052 832 ίδιαζούσῃ
3080 754 3442 828 προσηγορίᾳ,
3469 752 3583 806 ἀλλ’
3620 752 3691 803 ὲκ

2104 856 2196 909 τοῦ
2228 854 2406 909 κοινοῦ
2452 859 2551 926 τῆς
2601 854 2813 924 φύσεως
2851 854 3114 923 ὀνόματος
3155 851 3188 920 ἡ
3231 847 3421 917 κλῆσις
3452 844 3687 912 γίνεται,

2104 945 2240 999 ἀλλὰ
2268 945 2365 1017 τὴν
2397 945 2532 998 ίδίαν
2582 943 2937 1014 ἐπικειμένην
2980 938 3129 1010 αὐτῷ
3184 937 3317 1009 (τὴν
3345 932 3692 1007 σημαντικὴν

2105 1037 2250 1107 λέγω
2281 1036 2372 1089 τοῦ
2404 1036 2787 1106 ὑποκειμένου)
2822 1032 3003 1104 φωνὴν
3036 1030 3302 1093 είπόντες,
3329 1026 3500 1089 οὕτως
3524 1022 3693 1077 αὐτὸν

2105 1129 2212 1182 τῶν
2253 1128 2463 1181 πολλῶν
2510 1126 2895 1197 ἀποκρίνομεν.
2928 1126 3093 1178 Ὥστε
3126 1121 3353 1181 πολλοὺς
3407 1118 3505 1189 μὲν
3544 1113 3691 1169 εἶναι

2106 1220 2231 1284 τοὺς
2267 1220 2667 1291 μετεσχηκότας
2705 1220 2801 1288 τῆς
2844 1217 3076 1285 φύσεως,
3124 1215 3258 1286 φέρε
3301 1213 3475 1265 εἰπεῖν
3508 1208 3695 1280 μαθη-

2107 1313 2225 1377 τὰς,
2260 1314 2293 1383 ἢ
2326 1311 2679 1373 ἀποστόλους,
2720 1310 2752 1381 ἦ
2789 1309 3093 1380 μάρτυρας,
3132 1306 3228 1359 ἕνα
3255 1304 3312 1358 δὲ
3345 1305 3401 1356 ὲν
3431 1302 3563 1354 πᾶσι
3596 1297 3693 1350 τὸν

2107 1408 2409 1479 ἄνθρωπον.
2475 1404 2767 1475 Ἐπείπερ,
2816 1400 2998 1458 καθὼς
3024 1400 3261 1471 εἴρηται,
3292 1394 3413 1465 οὐχὶ
3440 1392 3535 1446 τοῦ
3566 1390 3693 1446 καθ’

2108 1501 2335 1554 ἕκαστον
2364 1540 2378 1565 ,
2432 1498 2568 1557 ἀλλὰ
2615 1496 2708 1549 τοῦ
2739 1493 2919 1548 κοινοῦ
2964 1493 3064 1563 τῆς
3111 1487 3325 1561 φύσεώς
3352 1487 3499 1539 ἐστιν
3532 1484 3560 1536 ὁ
3594 1482 3691 1537 άν-

2110 1593 2345 1663 θρωπος.
2380 1590 2697 1659 Ἀνθρωπος
2736 1587 2843 1657 γὰρ
2889 1586 2917 1636 ὁ
2948 1584 3194 1646 Λουκᾶς,
3252 1580 3285 1651 ἦ
3316 1582 3344 1632 ὁ
3378 1576 3651 1646 Στέφανος
3674 1589 3692 1606 ο

2109 1684 2167 1737 οὑ
2207 1682 2312 1754 μὴν
2342 1680 2394 1735 εῐ
2417 1699 2500 1745 τις
2527 1679 2833 1749 ἄνθρωπος,
2864 1677 3079 1739 πάντως
3121 1673 3216 1727 καὶ
3241 1670 3453 1732 Λουκᾶς
3482 1669 3634 1719 ἐστιν
3660 1664 3694 1734 ἢ

423 1754 536 1840 ὃοά
597 1754 964 1856 bypostaseon
1026 1781 1245 1853 quidem
1306 1781 1448 1836 ratio
1528 1754 1634 1852 per
1686 1794 1819 1844 eas,
1886 1794 2008 1849 qua:

2119 1775 2398 1843 Στέφανος.
2457 1771 2593 1825 Ἀλλ’
2640 1773 2668 1824 ὁ
2723 1771 2819 1839 μὲν
2851 1767 2958 1823 τῶν
2989 1763 3342 1819 ὐποστάσεων
3392 1758 3552 1826 λόγος
3605 1754 3697 1807 διὰ

422 1881 478 1932 in
512 1892 844 1948 unoquoque
872 1876 1321 1940 considerantur,
1359 1873 1746 1945 pr0prietates,
1794 1872 2007 1942 disper-

421 1972 674 2027 titionem
715 1970 979 2037 admittit,
1013 1977 1068 2025 et
1110 1968 1266 2038 juxta
1312 1967 1769 2037 compositionem
1796 1965 1851 2019 in
1902 1980 2008 2019 nu-

424 2077 577 2118 mero
617 2061 1024 2117 consideratur.
1075 2057 1283 2113 Natura
1311 2073 1443 2113 vero
1478 2073 1586 2112 una
1616 2066 1719 2121 est,
1754 2055 1872 2126 ipsa
1924 2070 2011 2110 se-

424 2170 553 2210 cum
593 2154 769 2215 unita,
804 2152 1132 2223 penitusque
1164 2165 1228 2205 ac
1261 2165 1488 2221 prorsus
1519 2149 1706 2203 unitas
1731 2146 2009 2202 individua

426 2252 533 2308 est,
557 2260 680 2313 quae
736 2257 914 2312 neque
964 2241 1269 2311 adjectione
1325 2250 1557 2311 augetur
1588 2253 1766 2308 neque
1797 2237 2010 2293 subtra-

427 2336 614 2392 ctione
668 2335 1012 2399 diminuitur,
1075 2334 1174 2391 sed
1222 2332 1369 2403 quod
1417 2340 1523 2397 est,
1585 2346 1754 2385 unum
1803 2344 1904 2385 ens
1958 2336 2011 2383 et

427 2442 601 2482 unum
632 2440 985 2497 permanens,
1030 2423 1248 2479 etiamsi
1300 2422 1355 2476 in
1392 2419 1746 2476 multitudine
1776 2434 1898 2475 esse
1936 2420 2014 2474 vi-

427 2521 644 2584 deatur,
683 2518 946 2574 sectionis
994 2532 1215 2587 expers,
1251 2514 1538 2581 continua,
1601 2512 1814 2583 integra
1849 2518 2013 2580 atque

426 2610 670 2682 perfecta
697 2618 803 2674 est,
837 2624 958 2681 quae
1001 2624 1111 2664 non
1173 2622 1280 2661 una
1336 2621 1461 2661 cum
1497 2604 1872 2676 singularibus
1919 2601 2011 2671 qui

427 2706 549 2775 ejus
573 2704 870 2776 participes
921 2709 1051 2758 sunt
1104 2697 1388 2755 dividitur.
1417 2698 1496 2751 Ac
1543 2692 2010 2767 quemadmodum

428 2797 605 2869 plebs,
642 2795 897 2867 populus,
923 2792 1220 2855 exercitus,
1255 2790 1471 2856 concio,
1506 2786 1860 2857 singulariter
1896 2801 2015 2839 om-

427 2889 519 2942 nia
546 2887 831 2949 dicuntur,
870 2881 1303 2953 unumquodque
1334 2888 1516 2935 autem
1546 2878 1745 2931 horum
1779 2876 1831 2929 in
1872 2876 2016 2930 mul-

429 2979 664 3035 titudine
693 2993 817 3035 esse
847 2976 1173 3045 intelligitur
1204 2992 1216 3027 :
1258 2972 1451 3028 eodem
1506 2968 1669 3024 modo
1711 2967 2015 3024 secundum

2109 1870 2205 1933 τὰς
2231 1867 2494 1938 ὲνθεωρου
2504 1864 2669 1936 μένας
2695 1862 2960 1932 ἰδιότητας
2987 1858 3202 1926 ἑκάστῳ
3222 1854 3311 1907 τὸν
3335 1847 3698 1921 διαμερισμὸν

2111 1960 2436 2029 ἐπιδέχεται,
2468 1956 2561 2012 καὶ
2590 1955 2730 2010 κατὰ
2764 1953 3011 2007 σύνθεσιν
3055 1952 3112 2003 ὲν
3136 1943 3356 2017 ἀριθμῷ
3386 1941 3695 2011 θεωρεῖται.

2123 2053 2187 2107 Ἠ
2214 2052 2269 2106 δὲ
2296 2050 2456 2120 φύσις
2490 2049 2588 2119 μία
2616 2046 2765 2101 ἐστὶν
2788 2086 2801 2109 ,
2847 2044 2983 2115 αὐτὴ
3018 2040 3151 2112 πρὸς
3184 2035 3381 2107 ἑαυτὴν
3412 2030 3694 2103 ἡνωμένη,

2111 2145 2203 2197 καὶ
2232 2142 2559 2212 ἀδιάτμητος
2598 2137 2841 2211 ἀκριϐῶς
2870 2135 3059 2208 μονὰς,
3104 2131 3206 2185 οὐκ
3233 2124 3570 2195 αὐξανομένη
3607 2121 3697 2175 διὰ

2114 2235 2451 2307 προσθήκης,
2496 2233 2556 2286 οὑ
2593 2230 2887 2302 μειουμένη
2919 2228 2984 2282 δι’
3020 2223 3383 2295 ὑφαιρέσεως,
3414 2219 3528 2273 ἀλλ’
3555 2218 3698 2284 ὅπερ

2112 2329 2260 2382 ἐστὶν
2288 2327 2345 2380 ἓν
2368 2324 2524 2392 οὖσα,
2571 2324 2674 2378 κᾶν
2699 2326 2756 2377 ὲν
2784 2320 2979 2392 πλήθει
3008 2319 3267 2389 φαίνηται
3298 2312 3575 2383 άσχιστος,
3604 2307 3701 2361 καὶ

2116 2422 2365 2491 συνεχὴς,
2398 2420 2492 2472 καὶ
2537 2417 2849 2488 ὁλόκληρος,
2893 2414 2986 2468 καὶ
3027 2414 3140 2475 τοῖς
3185 2408 3498 2481 μετέχουσιν
3528 2401 3703 2471 αὐτῆς

2113 2516 2225 2577 τοῖς
2253 2512 2373 2567 καθ’
2401 2512 2629 2565 ἕκαστον
2658 2509 2719 2562 ού
2751 2504 3222 2577 συνδιαιρουμένη.
3259 2501 3368 2555 Καὶ
3397 2498 3588 2566 ῶσπερ
3616 2494 3705 2547 λέ-

2114 2621 2286 2672 γεται,
2318 2601 2466 2665 λαὸς,
2516 2598 2827 2670 καὶδῆμος,
2856 2597 2949 2648 καὶ
2984 2594 3320 2665 στράτευμα,
3369 2589 3465 2643 καὶ⁹
3499 2586 3702 2655 ἐκκλη-

2116 2696 2225 2759 σία,
2285 2692 2534 2764 μοναχῶς
2580 2691 2778 2752 πάντα,
2827 2688 3058 2742 ἕκαστον
3090 2686 3147 2738 δὲ
3178 2683 3381 2737 τούτων
3418 2682 3476 2734 ὲν
3510 2678 3704 2749 πλήθει

2114 2791 2314 2841 νοεῖται
2338 2801 2349 2815 ⁸
2394 2784 2536 2838 οὕτω
2573 2783 2714 2837 κατὰ
2742 2782 2829 2836 τὸν
2868 2779 3260 2852 ἀκριϐέστερον
3291 2776 3448 2844 λόγον
3480 2773 3576 2827 καὶ
3610 2771 3706 2825 ἄν·

2118 2881 2333 2952 θρωπος
2369 2875 2448 2942 εἷς
2480 2877 2683 2949 κυρίως
2712 2875 2776 2930 ἂν
2809 2875 3001 2948 ῥηθείη
3030 2914 3044 2937 ,
3099 2872 3205 2926 κᾶν
3242 2872 3289 2923 οἱ
3341 2872 3398 2922 ὲν
3442 2869 3509 2938 τῇ
3544 2865 3708 2935 φύσει

2116 2978 2183 3045 τῇ
2211 2974 2348 3045 αὐτῇ
2381 2970 2720 3043 δεικνύμενοι
2760 2970 2963 3040 πλῆθος
3004 2961 3136 3022 ὦσιν
3160 3007 3176 3031 ,
3227 2966 3303 3028 ὼς
3336 2963 3468 3017 πολὺ
3505 2960 3710 3032 μᾶλλον

430 3072 764 3128 exactiorem
798 3077 853 3123 et
883 3066 1298 3137 exquisitiorem
1354 3062 1624 3117 rationem
1683 3060 1847 3113 homo
1876 3073 2014 3129 quo-

2121 3067 2302 3130 καλῶς
2349 3065 2494 3137 ἔχειν
2527 3066 2625 3136 τὴν
2672 3062 3020 3135 ὲσφαλμένην
3069 3059 3152 3129 ἐφ’
3182 3056 3337 3129 ἡμῶν
3376 3050 3713 3123 ὲπανορθοῦο

431 3180 539 3235 que
587 3178 733 3218 unus
767 3161 987 3232 proprie
1017 3158 1127 3213 dici
1174 3162 1384 3227 posset,
1416 3151 1631 3209 etiamsi
1694 3151 1769 3217 bi,
1823 3150 1918 3221 qui
1961 3150 2016 3204 in

433 3257 624 3314 eadem
678 3264 878 3309 natura
928 3253 1402 3311 demonstrantur,
1436 3244 1732 3301 multitudo
1796 3244 1926 3309 sint,
1966 3250 2024 3295 ut

433 3351 607 3405 multo
636 3348 844 3405 rectius
900 3344 1096 3410 fuerit,
1145 3343 1352 3412 lapsam
1408 3340 1463 3393 in
1523 3338 1684 3393 nobis
1740 3336 2024 3406 corrigere

434 3440 918 3501 consuetudinem,
958 3447 1013 3491 ct
1060 3450 1171 3489 non
1201 3432 1439 3503 amplius
1472 3440 1684 3485 naturae
1722 3442 1922 3482 nomen
1950 3426 2018 3482 ad

431 3528 849 3588 multitudinem
878 3525 1195 3586 extendere,
1252 3536 1423 3594 quam
1472 3517 1862 3576 consuetudini
1908 3532 2021 3573 ser-

432 3624 668 3686 vientes,
705 3632 949 3674 errorem
996 3615 1089 3685 qui
1118 3614 1207 3669 hic
1246 3614 1402 3678 latet,
1446 3612 1610 3667 etiam
1664 3609 1731 3665 ad
1773 3608 2019 3664 divinum

435 3717 632 3786 dogma
657 3708 978 3767 transferre.
1017 3706 1122 3763 Sed
1143 3706 1405 3778 quoniam
1438 3701 1858 3760 consuetudinis
1896 3716 2023 3757 cor-

435 3809 608 3864 rectio
634 3804 872 3860 dilIicilis
895 3810 979 3859 est
1000 3804 1117 3873 (qui
1160 3802 1305 3857 enim
1339 3799 1503 3854 alicui
1542 3795 1865 3869 persuaderi
1897 3809 2021 3867 pos—

436 3902 531 3967 sit,
557 3906 618 3954 ut
652 3913 760 3953 non
796 3896 997 3952 multos
1026 3896 1177 3952 dicat
1216 3893 1469 3948 homines
1490 3891 1582 3962 qui
1618 3891 1675 3945 in
1711 3888 1902 3945 eadem
1926 3904 2025 3943 na-

438 4004 564 4048 tura
597 3988 1091 4047 demonstrantur?
1119 3987 1325 4044 etenim
1376 3985 1432 4038 in
1463 3983 1614 4039 omni
1664 3997 1725 4038 re
1788 3995 2023 4037 consue-

2123 3160 2246 3213 σθαι
2278 3158 2565 3229 συνήθειαν
2599 3158 2677 3220 εἰς
2709 3156 2769 3210 τὸ
2807 3154 3003 3226 μηκέτι
3039 3152 3100 3206 τὸ
3143 3153 3240 3221 τῆς
3285 3147 3500 3220 φύσεως
3536 3145 3712 3213 ὄνομα

2123 3253 2258 3324 πρὸς
2283 3251 2485 3321 πλῆθος
2512 3249 2792 3311 ἐκτείνειν,
2835 3248 2869 3318 ἢ
2896 3247 3066 3317 ταύτῃ
3096 3242 3445 3304 δουλεύοντας
3474 3238 3571 3309 τὴν
3604 3230 3715 3291 ὧδε

2122 3342 2334 3412 πλάνην
2381 3343 2475 3393 καὶ
2526 3341 2621 3394 ἐπὶ
2672 3338 2732 3392 τὸ
2784 3339 2924 3391 θεῖον
2970 3336 3148 3406 δόγμα
3182 3335 3256 3405 μὴ
3300 3327 3710 3403 μεταϐιϐάζειν.

2132 3435 2271 3488 ’Λλλ’
2304 3434 2489 3504 ἐπειδὴ
2526 3434 2802 3505 ἀμήχανος
2830 3432 2928 3501 τῆς
2958 3427 3246 3499 συνηθείας
3274 3428 3307 3497 ἡ
3336 3422 3714 3493 ἐπανόρθωσις

2120 3526 2259 3596 (πῶς
2291 3527 2399 3599 γὰρ
2440 3528 2503 3582 ἄν
2527 3544 2612 3591 τις
2654 3524 2934 3595 πεισθείη,
2977 3524 3027 3576 εί
3072 3521 3147 3593 μὴ
3178 3518 3405 3579 πολλοὺς
3436 3517 3585 3584 λέγει
3615 3515 3717 3567 άν-

2121 3617 2370 3690 θρώπους
2435 3619 2559 3681 τοὺς
2624 3619 2682 3671 ὲν
2753 3616 2914 3686 φύσει
2970 3616 3038 3685 τῇ
3100 3613 3238 3682 αὐτῇ
3291 3607 3715 3678 δεικνυμένους;

2118 3711 2515 3782 δυσμετάθετον
2546 3708 2654 3780 γὰρ
2686 3709 2780 3763 ἐπὶ
2809 3707 3010 3771 παντὸς
3043 3707 3076 3776 ἡ
3127 3702 3443 3775 συνήθεια),
3470 3698 3565 3752 ἐπὶ
3612 3698 3717 3767 μὲν

2127 3804 2223 3874 τῆς
2270 3803 2420 3858 κάτω
2454 3802 2668 3873 φύσεως
2710 3804 2777 3873 τῇ
2813 3798 3090 3872 κρατούσῃ
3147 3794 3406 3867 συνηθείᾳ
3459 3791 3532 3864 μὴ
3566 3789 3719 3842 άντιο

2130 3893 2427 3957 ϐαίνοντες,
2464 3894 2586 3946 οὐδὲ
2640 3892 2707 3946 ἂν
2737 3889 2991 3945 τοσοῦτον
3035 3887 3401 3958 ἁμάρτοιμεν,
3442 3880 3720 3953 μηδεμιᾶς

2128 3985 2295 4057 οῠσης
2340 3985 2544 4057 ζημίας
2591 3986 2656 4038 ἐκ
2700 3984 2799 4050 τῆς
2843 3979 3241 4053 ήμαρτημένης
3285 3974 3393 4030 τῶν
3434 3972 3721 4043 ὀνομάτων

438 4082 573 4143 tudo
608 4091 821 4140 mutatu
845 4080 1086 4137 difficilis
1114 4079 1242 4150 est),
1275 4085 1544 4149 quantum
1579 4076 1771 4130 attinet
1803 4074 1871 4129 ad
1890 4074 2014 4129 bam

2132 4077 2400 4150 χρήσεως.
2443 4075 2568 4129 Ἐπὶ
2592 4075 2649 4128 δὲ
2676 4074 2770 4127 τοῦ
2799 4073 2942 4126 θείου
2974 4072 3259 4142 δόγματος,
3291 4066 3473 4120 οὐκέτι
3513 4063 3722 4134 ὁμοίως

444 4188 713 4239 internam
752 4176 971 4247 quidem
1007 4182 1287 4238 naturam,
1324 4172 1373 4227 si
1398 4170 1672 4225 obtinenti
1735 4177 2014 4223 consuetu-

2133 4168 2415 4231 ἀκίνδυνος
2444 4170 2478 4238 ἡ
2507 4167 2760 4238 διάφορος
2790 4167 2983 4237 χρῆσις
3009 4162 3116 4217 τῶν
3148 4161 3448 4231 ὀνομάτων.
3502 4156 3576 4208 Οὐ
3606 4153 3723 4225 γάρ

441 4272 559 4329 dini
581 4285 690 4326 non
721 4269 1095 4330 adversemur,
1116 4276 1462 4333 nequaquam
1488 4267 1697 4327 tantum
1728 4260 2014 4329 peccaveri

2138 4259 2332 4331 μικρὸν
2362 4258 2593 4313 ἐνταῦθα
2617 4259 2678 4312 τὸ
2711 4257 2861 4328 παρὰ
2891 4257 3105 4328 μικρόν.

444 4386 586 4434 mus,
616 4382 743 4423 cum
765 4365 975 4421 nullum
997 4362 1228 4418 exsistat
1266 4357 1649 4414 detrimentum
1683 4370 1750 4411 ex
1781 4370 1951 4425 pravo
1991 4355 2276 4410 nominum
2302 4372 2424 4411 usu.
2457 4354 2514 4408 lu
2537 4355 2721 4410 divino
2756 4369 2885 4409 vero
2905 4353 3126 4410 decreto
3149 4366 3254 4405 non
3288 4350 3522 4420 amplius
3562 4362 3724 4417 teque

442 4474 597 4524 tutus
626 4471 680 4520 et
696 4479 725 4518 a
742 4461 985 4535 periculo
1009 4472 1237 4521 vacuus,
1257 4454 1605 4525 promiscuus
1625 4461 1679 4507 et
1702 4450 2021 4509 indiﬂ'erens
2043 4452 2323 4507 nominum
2344 4467 2477 4509 usus
2493 4459 2597 4508 est.
2617 4449 2735 4507 Non
2758 4451 2902 4505 enim
2924 4462 3149 4519 parvum
3184 4446 3274 4501 hic
3304 4444 3448 4515 quod
3495 4457 3722 4512 perpar-

444 4576 570 4617 vum
609 4566 718 4615 est.

514 4653 689 4723 Igitur
711 4664 855 4705 unus
874 4646 1037 4703 nobis
1061 4642 1407 4701 eonﬁtendus
1431 4649 1514 4697 est
1537 4639 1677 4696 Deus
1695 4637 1852 4710 juxta
1886 4636 2014 4692 Scril

2208 4630 2416 4687 Οὐκοῦν
2445 4622 2525 4692 εἷς
2553 4628 2684 4699 ἡμῖν
2714 4622 3072 4696 ὀμολογητέος
3103 4620 3232 4683 Θεὸς
3278 4617 3417 4672 κατὰ
3447 4616 3548 4687 τὴν
3579 4632 3727 4686 γρα-

442 4755 620 4818 plura:
650 4739 1029 4798 testimonium
1061 4755 1077 4795 :
1114 4756 1134 4790 ι
1158 4737 1320 4803 Audi,
1356 4734 1543 4800 lsrael,
1575 4733 1840 4787 Dominus
1890 4729 2033 4785 Deus

447 4851 577 4894 tuus
631 4834 895 4891 Dominus
925 4846 1069 4886 unus
1111 4838 1194 4887 est
1231 4831 1247 4861 ¹
1288 4849 1303 4885 :
1348 4847 1367 4881 ι
1399 4827 1616 4884 etiamsi
1657 4839 1763 4879 vox
1811 4821 2033 4878 deitatis

447 4935 692 5004 permeat
715 4934 962 4982 sanctam
1003 4923 1349 4979 Trinitatem.
1410 4920 1537 4975 llaec
1571 4927 1755 4974 autem
1789 4915 1912 4972 dico
1940 4930 2031 4971 se-

446 5022 689 5081 cundum
722 5020 990 5073 rationem
1045 5016 1315 5073 redditam
1375 5013 1428 5067 in
1482 5013 1723 5066 humana
1785 5014 2030 5062 natura:

445 5131 557 5187 qua
612 5111 909 5169 didicimus
960 5125 1069 5167 non
1128 5116 1384 5179 oportere
1414 5103 1611 5175 plurali
1643 5098 2028 5170 designatione

446 5211 681 5267 dilatare
711 5204 1131 5276 appellationem
1162 5214 1391 5255 naturae.
1447 5194 1556 5251 Sed
1586 5196 1840 5251 exactius
1873 5190 2034 5245 nobis

447 5298 833 5360 excutiendum
888 5304 975 5353 est
1038 5296 1219 5366 ipsum
1268 5305 1470 5348 nomen
1527 5286 1771 5349 deitatis,
1823 5291 1883 5337 ut
1939 5297 2035 5351 per

448 5410 591 5457 eam,
628 5408 749 5463 qua:
799 5392 941 5445 inest
971 5388 1117 5450 voci,
1154 5380 1617 5455 signiﬁcationem
1679 5374 1901 5446 aliquod
1934 5389 2034 5428 no—

451 5489 539 5543 bis
568 5486 947 5556 adjumentum
982 5479 1209 5537 accedat
1236 5476 1311 5531 ad
1352 5471 1781 5529 declarationem
1833 5482 2036 5538 propo-

451 5578 575 5632 sitae
602 5576 944 5647 quaestionis.
981 5571 1100 5626 Vox
1160 5569 1327 5641 igitur
1361 5564 1584 5621 deitatis
1636 5559 1781 5633 vulgi
1813 5558 2034 5631 quidem

528 5759 543 5791 ⁸
587 5758 741 5814 Deut.
780 5773 850 5824 Vl,
874 5755 923 5808 4.

2138 4725 2303 4797 φικὴν
2337 4720 2644 4795 μαρτυρίαν
2670 4735 2683 4748 ·
2741 4717 2995 4778 «Ἄκουε,
3034 4710 3271 4784 Ἰσραὴλ,
3308 4708 3511 4779 Κύριος
3532 4709 3562 4759 ὁ
3587 4706 3728 4769 Sed;

2139 4837 2234 4874 σου
2283 4817 2486 4887 Κύριος
2536 4807 2615 4876 εἷς
2659 4812 2807 4863 ἐστι·
2855 4827 2873 4859 ι
2930 4805 3033 4860 κᾶν
3081 4806 3115 4875 ἡ
3144 4802 3295 4873 φωνὴ
3328 4801 3428 4870 τῆς
3467 4800 3725 4869 θεότητος

2136 4913 2312 4983 διήκει
2341 4908 2429 4962 διὰ
2453 4905 2553 4973 τῆς
2588 4903 2746 4971 ἁγίας
2790 4898 3036 4971 Τριάδος.
3084 4896 3269 4949 Ταῦτα
3299 4894 3356 4946 δὲ
3389 4892 3532 4960 λέγω
3578 4892 3728 4944 κατὰ

2136 4982 2227 5057 τὸν
2250 4998 2580 5055 ἁποδοθέντα
2612 4996 2741 5066 ἡμῖν
2771 4993 2861 5045 ἐπὶ
2882 4991 2980 5060 τῆς
3013 4986 3356 5059 ἀνθρωπίνης
3386 4984 3602 5053 φύσεως
3629 4982 3725 5035 λό-

2138 5113 2233 5165 γον
2260 5111 2274 5127 ’
2323 5094 2381 5146 ὲν
2412 5084 2456 5159 ᾧ
2490 5087 2891 5161 μεμαθήκαμεν
2924 5082 2999 5154 μὴ
3028 5082 3137 5135 δεῖν
3168 5076 3516 5149 πληθυντικῷ
3544 5093 3726 5146 χαραο

2138 5188 2300 5258 κτῆρι
2322 5184 2417 5254 τὴν
2440 5179 2809 5253 προσηγορίαν
2835 5174 3122 5229 πλατύνειν
3150 5172 3249 5239 τῆς
3276 5169 3511 5239 φύσεως.
3546 5170 3732 5238 Ἀκρι-

2137 5278 2393 5349 ϐέστερον
2426 5274 2483 5327 δὲ
2509 5274 2641 5344 ἡμῖν
2671 5269 2805 5323 αὐτὸ
2837 5267 2899 5320 τὸ
2932 5265 3105 5335 ὄνομα
3132 5263 3232 5334 τῆς
3257 5262 3508 5332 θεότητος
3535 5259 3729 5323 ἐξετα-

2144 5369 2319 5432 στέον,
2353 5369 2502 5428 ὅπως
2534 5366 2601 5418 ἂν
2629 5362 2718 5416 διὰ
2747 5360 2844 5430 τῆς
2881 5355 3207 5427 ἐγκειμένης
3252 5356 3318 5423 τῇ
3350 5353 3499 5422 φωνῇ
3540 5366 3729 5419 σημα-

2143 5463 2285 5525 σίας,
2308 5457 2518 5529 γένοιτό
2545 5472 2628 5519 τις
2659 5451 2917 5524 συνεργία
2942 5449 3077 5521 πρὸς
3110 5447 3208 5519 τὴν
3233 5444 3327 5500 τοῦ
3359 5442 3729 5519 προκειμένου

2146 5556 2461 5626 σαφήνειαν.
2516 5550 2672 5604 Δοκεῖ
2707 5545 2802 5617 μὲν
2847 5540 2940 5599 οὖν
2992 5546 3103 5607 τοῖς
3153 5539 3365 5603 πολλοῖς
3411 5533 3731 5598 ἰδιαζόντως
