4006 6148
293 230 394 284 εει

1470 240 1660 306 QUOD
1698 243 1837 300 NON
1871 244 2026 300 SINT
2076 243 2258 300 ΤΒΕὸ
2288 243 2397 298 Dll.

3465 245 3484 298 l
3495 245 3566 299 ἐξ

288 341 440 395 κατὰ
468 343 570 413 τῆς
603 343 821 412 φύσεως
867 350 899 418 ἡ
930 351 1081 422 φωνὴ
1127 353 1224 424 τῆς
1251 352 1502 423 θεότητος
1528 359 1759 422 κεῖσθαι,
1795 358 1878 411 καὶ

1997 357 2255 428 Opinione
2284 367 2495 411 naturae
2524 356 2876 428 peculiariter
2936 357 3108 414 indita
3160 373 3284 414 esse
3327 359 3562 414 videtur.

289 435 486 506 ὥσπερ
513 436 548 506 ἢ
581 438 944 512 ὁοὺρανὸς,ἢ
989 444 1016 495 ὀ
1063 443 1235 514 ἥλιος,
1283 444 1315 516 ἢ
1367 445 1494 498 ἄλλο
1541 465 1598 500 τι
1639 448 1747 501 τῶν
1789 446 1883 501 τοῦ

291 527 507 596 κὺσμου
539 529 820 597 στοιχείων
869 532 1028 596 ίδίαις
1073 537 1278 604 φωναῖς
1317 537 1728 608 διασημαίνεται
1758 542 1889 603 ταῖς.

291 617 404 669 τῶν
440 618 817 689 ὑποκειμένων
847 629 1206 694 σημαντικαῖς
1234 643 1247 656 ·
1285 627 1426 680 οὕτω
1471 630 1602 696 φασὶ
1649 630 1743 682 καὶ
1787 630 1880 682 ἐπὶ

291 709 390 777 τῆς
434 710 701 764 ἀνωτάτω
745 715 841 766 καὶ
888 715 1036 780 θείας
1074 717 1310 785 φύσεως,
1362 719 1549 790 ὥσπερ
1589 737 1642 773 τι
1697 720 1884 792 κύριον

287 801 461 870 ὄνομα
479 805 778 872 προσφυῶς
804 807 902 876 ἐφη
915 809 1143 878 ρμόσθαι
1166 809 1240 880 τῷ
1255 811 1566 881 δηλουμένῳ
1585 811 1682 882 τὴν
1701 813 1883 880 φωνὴν

287 893 388 961 τῆς
426 893 702 964 θεότητος.
753 895 944 966 Ἡμεῖς
975 900 1030 952 δέ
1060 905 1179 965 ταῖς
1208 903 1304 973 τῆς
1332 903 1552 972 Γραφῆς
1577 903 1883 974 ὑποθήκαις

289 985 570 1054 ἑπόμενοι,
603 988 1058 1058 ἀκατωνόμαστόν
1089 1009 1146 1045 τε
1173 995 1262 1046 καὶ
1286 994 1561 1065 ἄφραστον
1591 996 1759 1066 αὐτὴν
1789 1012 1883 1066 με-

291 1074 626 1146 μαθήκαμεν
651 1094 664 1106 ο
721 1080 816 1132 καὶ
865 1083 971 1134 πᾶν
1020 1083 1188 1153 ὄνομα
1217 1084 1327 1136 εἴτε
1363 1086 1512 1157 παρὰ
1544 1086 1641 1156 τῆς
1669 1085 1881 1157 ἀνθρω-

289 1166 456 1236 πίνης
509 1167 698 1232 οὐσίας
761 1170 1090 1242 ἐξεύρηται,
1144 1174 1253 1227 εἴτε
1304 1177 1454 1246 παρὰ
1499 1176 1606 1228 τῶν
1649 1177 1880 1247 Γραφῶν

289 1259 690 1328 παραδέδοται,
737 1261 846 1314 τῶν
875 1280 927 1315 τι
959 1266 1086 1335 περὶ
1115 1266 1214 1336 τὴν
1241 1267 1388 1320 θείαν
1419 1267 1579 1336 φύσιν
1602 1269 1908 1338 νοουμένων

291 1349 686 1420 ἑρμηνευτικὸν
706 1350 846 1408 εἶναι
872 1355 1117 1426 λέγομεν,
1152 1359 1249 1412 οὑκ
1280 1360 1448 1430 αὑτῆς
1470 1360 1525 1412 δὲ
1546 1361 1644 1430 τῆς
1665 1361 1880 1430 φύσεως

290 1443 570 1513 περιέχειν
592 1444 688 1515 τὴν
714 1463 780 1515 ση
791 1448 1004 1515 μασίαν.
1037 1449 1146 1503 Καὶ
1167 1451 1224 1503 οὑ
1253 1451 1450 1520 πολλῆς
1474 1453 1538 1505 ἄν
1558 1470 1640 1514 τις
1660 1451 1875 1524 δεηθείη

289 1535 678 1603 πραγματείας
710 1537 846 1606 πρὸς
873 1536 973 1606 τὴν
1003 1538 1271 1603 ἀπόδειξιν
1300 1541 1393 1592 τοῦ
1419 1542 1486 1594 τὰ
1515 1541 1687 1606 οὕτως
1712 1542 1874 1612 ἔχειν.

290 1619 370 1672 Τά
397 1623 496 1690 μὲν
523 1623 631 1694 γάρ
649 1623 813 1678 λοιπά
841 1625 946 1680 τῶν
967 1628 1266 1698 ὀνομάτων,
1291 1628 1389 1682 ὃσα
1412 1631 1504 1684 ἐπὶ
1527 1635 1626 1702 τῆς
1649 1632 1877 1694 κτίσεως

1987 464 2050 502 ac
2090 449 2549 518 quemadmodum
2589 450 2669 504 vel
2719 451 2943 514 ccelum,
2996 451 3081 506 vel
3136 451 3240 515 sol,
3282 451 3364 506 vel
3417 453 3563 506 aliud

1987 539 2263 609 quidpiam
2290 555 2354 593 ex
2390 540 2576 594 mundi
2613 542 2900 598 elementis
2930 544 3304 613 peculiaribus
3337 545 3565 600 vocibus

1997 630 2370 698 subjectorum
2403 630 2887 700 signiﬁcatricibus
2919 633 3211 686 denotatur
3245 654 3256 686 :
3289 633 3362 685 ita
3407 633 3562 686 aiunt

1986 721 2039 775 in
2073 737 2326 790 suprema
2362 738 2581 791 quoque
2633 732 2795 793 atque
2827 725 3013 778 divina
3060 732 3259 778 natura
3300 732 3562 794 tanquam

1985 817 2263 884 proprium
2304 815 2578 884 quoddam
2635 831 2831 870 nomen
2865 833 3052 871 vocem
3088 816 3276 870 deitati
3319 825 3442 886 apte
3472 832 3564 870 ac-

1984 905 2383 959 commodatam
2441 922 2564 961 esse
2599 906 2670 968 ei,
2709 907 2850 974 quod
2894 908 3012 976 (per
3054 910 3195 977 eam)
3229 909 3563 961 declaratur.

1983 995 2094 1052 Nos
2123 1012 2252 1051 vero
2287 997 2585 1066 Scriptura:
2619 998 2944 1053 documenta
2986 1008 3278 1068 sequentes
3322 1000 3564 1054 innomi-

1982 1086 2217 1140 nabilem
2249 1093 2302 1139 et
2351 1085 2784 1153 inexplicabilem
2827 1102 2943 1140 eam
2985 1102 3108 1140 esse
3134 1085 3426 1141 didicimus
3462 1105 3474 1140 ε
3512 1093 3567 1140 et

1982 1191 2142 1231 omne
2178 1192 2372 1230 nomen
2407 1178 2520 1232 sive
2551 1178 2618 1233 ab
2660 1178 2898 1231 humana
2955 1178 3354 1232 consuetudine
3404 1179 3564 1231 adin-

1980 1275 2228 1330 ventum,
2293 1268 2407 1322 sive
2453 1283 2481 1321 a
2521 1267 2826 1338 Scripturis
2852 1271 3113 1323 traditum
3144 1269 3332 1330 fuerit,
3358 1269 3562 1338 aliquid

1981 1357 2276 1413 denotandi
2316 1359 2423 1412 vim
2473 1360 2676 1414 habere
2711 1361 2946 1416 dicimus
2984 1377 3200 1427 eorum,
3259 1375 3380 1430 quae
3414 1362 3562 1414 circa

1979 1447 2218 1502 divinam
2254 1457 2508 1502 naturam
2574 1465 2698 1504 esse
2752 1452 3159 1520 intelliguntur,
3215 1452 3390 1520 ipsius
3430 1465 3561 1506 vero

1980 1546 2192 1592 naturae
2231 1554 2340 1592 non
2375 1540 2660 1595 continere
2709 1541 3193 1612 signiﬁcationem.
3241 1543 3419 1612 Atque
3447 1540 3563 1594 hmo

1981 1631 2053 1685 ita
2084 1647 2228 1696 esse,
2270 1631 2415 1686 haud
2445 1647 2642 1700 magno
2683 1633 2903 1704 negotio
2949 1634 3316 1690 demonstrari
3359 1639 3554 1703 potest.

291 1717 492 1776 κεῖται,
521 1716 614 1767 καὶ
640 1717 762 1786 δίχα
791 1717 939 1783 τινὸς
967 1720 1319 1790 ἐτυμολογίας
1348 1722 1496 1793 εὕροι
1523 1741 1606 1786 τις
1641 1723 1706 1776 ἂν
1735 1725 1877 1778 κατὰ

1981 1721 2111 1775 Nam
2146 1731 2342 1778 caatera
2381 1723 2600 1792 quidem
2660 1726 2883 1779 nomina
2918 1741 3039 1796 quae
3086 1726 3354 1779 creaturis
3385 1726 3563 1794 impo—

289 1802 350 1855 τὸ
381 1804 598 1872 συμϐάν
638 1809 1029 1878 ἐφηρμοσμένα
1057 1815 1167 1874 τοῖς
1194 1813 1592 1882 ὑποκειμένοις,
1622 1816 1880 1884 ἀγαπών-

289 1912 399 1947 των
424 1897 586 1967 ἡμῶν
616 1899 864 1952 ὁπωσοῦν
891 1901 959 1954 τὰ
1008 1904 1313 1974 πράγματα
1340 1905 1427 1958 διὰ
1454 1906 1552 1975 τῆς
1587 1909 1673 1959 ἐπ’
1699 1909 1878 1962 αὐτῶν

291 1987 478 2057 φωνῆς
519 1989 962 2059 σημειώσασθαι,
1007 1994 1145 2064 πρὸς
1178 1994 1238 2047 τὸ
1270 1996 1576 2064 ἁσύγχυτον
1617 1999 1748 2067 ἡμῖν
1797 1999 1879 2067 γί-

289 2077 479 2131 νεσθαι
505 2080 612 2133 τῶν
645 2085 1101 2154 σεσημειωμένων
1131 2086 1228 2156 τὴν
1253 2085 1469 2154 γνῶσιν.
1506 2076 1642 2140 ’Ὁᾶα
1665 2089 1722 2142 δὲ
1744 2091 1879 2161 πρὸς

289 2172 514 2240 ὀδηγίαν
540 2174 639 2244 τῆς
668 2174 818 2239 θείας
850 2178 1230 2248 κατανοήσεώς
1277 2180 1424 2231 ἐστιν
1452 2179 1708 2251 ὀνόματα,
1744 2183 1878 2235 ἰδίαν

288 2263 402 2332 ἔχει
437 2264 668 2318 ἕκαστον
698 2267 1238 2339 ἐμπεριειλημμένην
1272 2269 1529 2335 διάνοιαν,
1566 2273 1658 2324 καὶ
1681 2273 1781 2326 οὑκ
1812 2272 1877 2327 ἂν

286 2355 461 2423 χωρὶς
495 2359 762 2428 νοήματός
795 2376 940 2423 τινος
971 2360 1224 2431 οὐδεμίαν
1259 2361 1441 2432 εὕροις
1472 2363 1654 2434 φωνὴν
1678 2367 1734 2417 ἐν
1765 2369 1877 2428 τοῖς

288 2445 780 2520 θεοπρεπεστέροις
830 2451 938 2504 τῶν
969 2451 1266 2522 ὀνομάτων.
1320 2455 1406 2519 Ὠς
1440 2457 1504 2508 ὲκ
1537 2455 1726 2509 τούτου
1767 2457 1875 2510 δεί-

287 2539 518 2593 κνυσθαι
573 2541 648 2611 μὴ
703 2544 871 2615 αὐτὴν
914 2545 1012 2618 τὴν
1058 2546 1210 2600 θείαν
1257 2546 1419 2615 φύσιν
1449 2548 1554 2600 ὑπό
1594 2565 1737 2611 τινος
1770 2549 1877 2604 τῶν

286 2629 568 2698 ὀνομάτων
604 2634 1027 2703 σεσημειιῖωθαι,
1065 2635 1201 2690 ἀλλά
1227 2653 1279 2688 τι
1313 2636 1420 2689 τῶν
1447 2639 1574 2708 περὶ
1598 2637 1764 2710 αὐτὴν
1791 2639 1878 2694 διὰ

284 2720 392 2772 τῶν
420 2721 734 2792 λεγομένων
761 2726 1140 2796 γνωρίζεσθαι.
1189 2727 1434 2798 Λέγομεν
1484 2729 1594 2799 γάρ
1635 2726 1774 2783 εἶναι
1818 2729 1878 2782 τὸ

288 2809 427 2866 θεῖον
455 2813 760 2885 ἄφθαρτον,
797 2819 846 2869 εἰ
875 2817 1014 2871 οὕτω
1032 2819 1204 2889 τύχοι,
1229 2821 1261 2892 ἢ
1283 2821 1521 2885 δυνατὸν,
1551 2821 1583 2892 ἢ
1612 2823 1712 2875 ὅσα
1743 2822 1878 2876 ἄλλα

291 2904 522 2975 σὺνηθές
553 2907 669 2958 ἐστι
713 2907 911 2978 λέγειν.
957 2910 1092 2962 Ἀλλ’
1123 2912 1448 2982 εὑρίσκομεν
1491 2915 1720 2966 ἑκάστου
1765 2913 1875 2967 τῶν

286 2996 574 3067 ὀνομάτων
609 2999 918 3064 ἰδιάζουσαν
967 3000 1223 3072 ἔμφασιν,
1254 3004 1568 3074 πρέπουσαν
1615 3006 1742 3076 περὶ
1775 3005 1876 3075 τῆς

289 3090 436 3154 θείας
479 3091 695 3159 φύσεως
723 3092 959 3146 νοεῖσθαι
1000 3094 1093 3146 καὶ
1127 3093 1379 3163 λέγεσθαι
1402 3113 1415 3126 ·
1469 3097 1530 3148 οὑ
1567 3096 1672 3167 μὴν
1701 3099 1875 3150 ἐκεῖνο

289 3184 685 3254 σημαίνουσαν,
717 3186 746 3238 ὅ
777 3189 890 3239 ἐστι
920 3190 1039 3241 κατ’
1071 3189 1259 3241 οὐσίαν
1365 3189 1545 3256 φύσις.
1600 3189 1739 3243 Αὑτὸ
1766 3189 1873 3262 γάρ

285 3274 314 3327 ὃ
337 3291 389 3327 τι
424 3275 558 3328 ποτέ
586 3276 764 3341 ἐστιν,
796 3277 1072 3351 ἄφθαρτον
1114 3281 1282 3332 ἐστιν·
1325 3281 1358 3350 ή
1389 3280 1447 3333 δὲ
1474 3281 1567 3333 τοῦ
1598 3281 1874 3352 ἀφθάρτου

285 3366 468 3421 ἔννοια
509 3368 650 3440 αὕτη
679 3410 693 3432 ,
742 3371 804 3422 τὸ
855 3371 928 3441 μὴ
972 3373 1054 3433 εἰς
1101 3370 1306 3441 φθορὰν
1347 3369 1406 3424 τὸ
1451 3369 1510 3424 ὃν
1539 3371 1870 3426 διαλύεσθαι.

284 3459 499 3514 Οὐκοῦν
541 3461 818 3532 ἄφθαρτον
866 3462 1145 3526 εἰπόντες,
1190 3461 1218 3515 ὃ
1271 3463 1346 3534 μὴ
1395 3463 1592 3533 πάσχει
1636 3465 1670 3533 ἡ
1717 3463 1876 3532 φύσις

283 3551 535 3622 εἴπομεν.
589 3551 654 3604 Τί
702 3552 760 3605 δέ
807 3554 920 3606 ἐστι
969 3553 1030 3607 τὸ
1074 3553 1173 3625 τὴν
1212 3551 1416 3624 φθορὰν
1449 3552 1525 3624 μὴ
1556 3553 1781 3624 πάσχον,
1816 3553 1874 3606 οὑ

285 3659 430 3714 παρε
439 3645 739 3714 στήσαμεν.

1979 1816 2081 1869 sita
2132 1824 2282 1880 sunt,
2331 1817 2414 1871 vel
2471 1817 2678 1887 absque
2736 1818 2920 1888 aliqua
2972 1817 3225 1887 originali
3257 1819 3559 1880 notatione,

1978 1920 2139 1974 quam
2191 1909 2574 1977 etymologiam
2617 1908 2876 1970 dicimus,
2918 1909 3159 1978 reperiat
3197 1909 3397 1974 aliquis
3453 1907 3561 1959 for-

1978 1999 2116 2051 tuito
2147 1999 2554 2052 accommodata
2579 2016 2700 2054 esse
2735 2000 3021 2068 subjectis,
3053 2016 3176 2053 cum
3204 2000 3447 2054 contenti
3473 2015 3562 2054 cs-

1978 2103 2162 2142 semus
2189 2103 2515 2157 quocunque
2547 2089 2708 2143 modo
2740 2105 2834 2158 per
2868 2091 2937 2144 iis
2963 2090 3248 2158 impositas
3277 2104 3440 2143 voces
3470 2103 3560 2143 res

1977 2179 2303 2249 signiﬁcare,
2359 2195 2428 2234 ne
2467 2179 2695 2234 confusa
2751 2181 2910 2234 nobis
2950 2189 3095 2234 esset
3124 2195 3306 2235 rerum
3343 2179 3558 2250 signiﬁ-

1977 2280 2221 2323 catarum
2257 2271 2515 2340 cognitio.
2549 2269 2752 2324 Eorum
2812 2279 2993 2326 autem
3031 2287 3152 2340 quae
3187 2269 3392 2325 idcirco
3435 2284 3564 2340 pro-

1977 2362 2089 2415 dita
2125 2372 2338 2417 suntut
2375 2378 2476 2417 nos
2529 2362 2864 2418 deducerent
2914 2363 2980 2416 ad
3028 2363 3122 2416 Dei
3170 2363 3561 2432 cognitionem,

1977 2455 2306 2522 peculiarem
2338 2454 2765 2524 unumquodque
2796 2457 3040 2507 continet
3065 2454 3118 2506 in
3147 2469 3206 2507 se
3234 2453 3562 2507 sententiam

1978 2547 2472 2616 comprehensam;
2511 2563 2611 2602 nee
2667 2548 2833 2600 ullam
2892 2547 2945 2600 in
3005 2547 3209 2602 divinis
3243 2545 3563 2602 nominibus

1977 2653 2167 2691 vocem
2195 2640 2436 2707 reperias
2470 2639 2656 2707 aliquo
2686 2646 2961 2692 carentem
3006 2637 3310 2691 intellectu.
3344 2633 3420 2687 Ex
3459 2634 3562 2688 hoc

1980 2729 2163 2799 itaque
2191 2729 2619 2794 demonstratur,
2675 2730 2818 2799 quod
2848 2745 2955 2782 non
2984 2730 3101 2798 ipsa
3131 2728 3314 2782 divina
3365 2732 3562 2780 natura

1978 2837 2075 2893 per
2105 2821 2323 2890 aliquod
2377 2837 2566 2875 eorum
2610 2823 2893 2876 nominum
2945 2822 3260 2881 denotetur,
3324 2817 3420 2874 sed
3458 2818 3562 2872 ali-

1979 2913 2107 2982 quid
2148 2929 2361 2975 eortnn,
2404 2929 2526 2982 quae
2581 2914 2626 2966 ei
2684 2913 2940 2982 adjuncta
2990 2920 3141 2978 sunt,
3199 2927 3295 2982 per
3344 2927 3406 2965 ea
3439 2925 3561 2979 qua:

1983 3005 2261 3067 dicuntur,
2296 3005 2586 3059 indicetur.
2650 3003 2892 3060 Dicimus
2951 3006 3118 3071 enim,
3169 3005 3320 3060 verbi
3363 3005 3560 3075 gratia,

1983 3098 2028 3149 si
2062 3110 2151 3148 res
2176 3095 2246 3147 ita
2284 3094 2439 3156 ferat,
2474 3109 2674 3148 numen
2704 3105 2828 3149 esse
2871 3096 3311 3164 incorruptibile,
3341 3095 3424 3150 vel
3459 3109 3561 3165 po-

1983 3193 2124 3251 tens,
2151 3185 2234 3238 vel
2261 3199 2596 3255 quaecunque
2621 3185 2726 3238 alia
2750 3185 2932 3240 dicere
2963 3201 3080 3240 mos
3117 3194 3220 3240 est.
3271 3185 3376 3241 Sed
3406 3202 3562 3255 repe-

1984 3274 2157 3328 rimus
2197 3274 2466 3344 cujusque
2496 3275 2735 3329 nominis
2768 3275 3098 3344 peculiarem
3126 3291 3249 3332 esse
3282 3275 3561 3346 signiﬁca-

1985 3366 2210 3428 tionem,
2241 3381 2402 3436 quam
2451 3365 2643 3420 deceat
2712 3366 2939 3438 intelligi
2997 3381 3060 3421 ac
3097 3366 3206 3421 dici
3250 3366 3316 3422 de
3376 3367 3562 3421 divina

1984 3469 2201 3522 natura,
2235 3475 2356 3529 qua:
2389 3459 2716 3529 signiﬁcatio
2743 3466 2923 3514 tamen
2959 3475 3066 3514 non
3113 3458 3246 3512 illud
3272 3459 3560 3529 signiﬁcet,

1983 3552 2126 3620 quod
2148 3557 2344 3603 natura
2373 3550 2524 3619 juxta
2549 3551 2842 3604 essentiam
2874 3558 2977 3605 est.
3000 3549 3134 3604 Nam
3164 3551 3364 3621 ipsum,
3387 3549 3564 3620 quod-

1985 3656 2203 3712 cunque
2241 3641 2460 3697 tandem
2513 3651 2618 3706 est,
2676 3643 3094 3714 incorruptibile
3141 3652 3227 3698 est
3259 3661 3272 3697 :
3301 3643 3562 3698 dictionis

287 3747 472 3790 autem
500 3737 952 3815 incorruptibilis
1007 3739 1161 3793 notio
1207 3746 1374 3808 atque
1448 3736 1760 3794 intellectus
1783 3735 1872 3792 hic
1898 3745 2001 3803 est,
2044 3735 2188 3805 quod
2232 3735 2282 3788 id
2309 3735 2452 3804 quod
2481 3746 2561 3790 est
2590 3733 2657 3788 ad
2681 3737 3087 3805 corruptionem
3121 3750 3226 3789 non
3256 3735 3559 3804 redigatur,

287 3827 534 3883 Proinde
567 3844 692 3882 cum
730 3830 1142 3898 incorruptibile
1197 3829 1460 3892 diximus,
1516 3829 1571 3883 id
1620 3829 1766 3900 quod
1816 3829 1868 3882 in
1905 3835 2159 3882 naturam
2196 3843 2305 3882 non
2336 3827 2503 3893 cadit,
2544 3829 2785 3884 diximus
2823 3846 2836 3882 :
2872 3829 3003 3899 quid
3038 3839 3215 3883 autem
3256 3829 3329 3883 sit
3387 3828 3544 3895 illud,

287 3922 438 3993 quod
471 3922 819 3992 corruptioni
867 3923 1168 3978 obnoxium
1210 3939 1320 3978 non
1355 3925 1447 3991 sit,
1482 3937 1590 3976 non
1650 3921 2047 3994 expressimus.

475 4013 512 4033 κ

381 4106 542 4158 οττω
585 4105 687 4157 κᾶν
738 4103 996 4168 ζωοποιὸν
1050 4103 1326 4172 εἴπωμεν,
1373 4102 1402 4156 ὃ
1456 4103 1600 4156 ποιεῖ
1642 4100 1730 4155 διὰ
1777 4103 1880 4171 τῆς

287 4199 666 4269 προσηγορίας
717 4198 1099 4269 σημάναντες,
1147 4197 1207 4250 τὸ
1244 4196 1429 4251 ποιοῦν
1478 4197 1554 4268 τῷ
1603 4197 1746 4266 λόγῳ
1777 4197 1876 4249 οὐκ

289 4290 690 4360 ἐγνωρίσαμεν.
744 4290 852 4341 Καὶ⁸
889 4289 956 4342 τά
1001 4289 1136 4342 ἄλλα
1171 4287 1348 4342 πάντα
1393 4289 1534 4342 κατὰ
1581 4289 1672 4341 τὸν
1715 4287 1875 4341 αὑτὸν

2056 4100 2258 4156 Eodem
2301 4100 2462 4156 modo
2496 4102 2541 4156 si
2571 4102 2657 4156 vel
2688 4101 2960 4157 viviﬁcum
3000 4103 3323 4166 dixerimus,
3351 4117 3474 4156 cum
3506 4101 3557 4155 id

1983 4193 2126 4261 quod
2158 4193 2321 4247 eﬁicit
2348 4209 2447 4262 per
2476 4195 2896 4264 appellationem
2930 4193 3448 4264 signiﬁcaverimus,
3481 4193 3562 4260 ip-

1982 4299 2102 4338 smn
2137 4285 2399 4348 efﬁciens,
2455 4301 2518 4339 ac
2567 4294 2820 4339 naturam
2854 4285 3184 4338 eﬂ‘ectricem
3229 4283 3337 4352 (eo)
3395 4282 3561 4336 verbo

288 4381 448 4450 λόγον
472 4383 536 4433 ἐκ
557 4382 656 4450 τῆς
679 4379 1002 4450 ἐγκειμένης
1023 4381 1142 4443 ταῖς
1163 4379 1524 4449 θεοπρεπεστέ
1533 4397 1651 4449 ραις
1670 4382 1874 4449 φωναῖς

1983 4389 2089 4426 nou
2133 4373 2522 4428 indicavimus.
2557 4373 2688 4428 Item
2727 4374 2780 4426 in
2824 4375 3036 4426 caeteris
3066 4371 3323 4425 omnibus
3369 4371 3558 4426 eadem

293 4469 574 4541 σημασίας
623 4469 978 4538 εὑρίσκομεν,
1024 4467 1057 4538 ἢ
1102 4468 1163 4521 τὸ
1199 4467 1273 4538 μὴ
1304 4468 1421 4520 δέον
1453 4470 1545 4521 ἐπὶ
1585 4469 1685 4538 τῆς
1728 4469 1877 4530 θείας

290 4561 508 4632 φύσεως
548 4559 836 4630 γινώσκειν
885 4559 1292 4630 ἀπαγορεύοντα
1315 4599 1329 4623 ,
1381 4559 1414 4631 ἢ
1465 4561 1525 4614 τὸ
1571 4561 1689 4614 δέον
1737 4560 1880 4614 διδά-

294 4670 531 4719 σκοντα,
574 4654 742 4724 αὐτῆς
788 4653 847 4706 δὲ
894 4653 994 4722 τῆς
1039 4651 1252 4720 φύσεως
1297 4651 1593 4723 ἑρμηνείαν
1632 4652 1692 4704 οὑ
1723 4667 1878 4721 περι-

295 4748 507 4818 έχοντα.
559 4746 711 4798 Ἐπεὶ
733 4744 910 4797 τοίνυν
943 4745 1040 4806 τὰς
1064 4744 1314 4806 ποικίλας
1344 4745 1444 4814 τῆς
1475 4744 1877 4814 ὑπερκειμένης

291 4837 576 4907 δυνάμεως
609 4835 888 4907 ἐνεργείας
917 4834 1304 4897 κατανοοῦντες
1345 4835 1438 4902 ἀφ’
1489 4835 1722 4904 ἑκάστης
1768 4835 1877 4888 τῶν

293 4929 424 4999 ἡμῖν
456 4927 748 4998 γνωρίμων
779 4927 1068 4997 ἐνεργειῶν
1112 4927 1209 4991 τὰς
1240 4925 1608 4998 προσηγορίας
1638 4924 1874 4996 ἁρμόζο-

296 5037 397 5090 μεν
422 5036 437 5049 ο
496 5021 624 5089 μίαν
666 5019 722 5072 δὲ
769 5019 865 5071 καὶ
910 5019 1114 5089 ταύτην
1150 5015 1286 5071 εἶναι
1333 5018 1433 5089 τὴν
1466 5017 1745 5088 ἐνέργειαν
1779 5017 1877 5087 τὴν

289 5110 594 5181 ἐποπτικὴν
626 5111 720 5164 καὶ
746 5109 1008 5181 ὁρατικὴν
1030 5148 1044 5173 ,
1091 5110 1186 5163 καὶ
1215 5109 1291 5172 ὡς
1322 5110 1386 5162 ἄν
1414 5126 1497 5171 τις
1523 5109 1666 5160 εἴποι
1701 5109 1878 5162 θεατι-

291 5206 414 5278 κην,
452 5205 574 5258 καθ’
610 5205 678 5276 ἣν
709 5205 780 5256 τά
808 5203 984 5257 πάντα
1023 5205 1195 5275 ἐφορᾷ
1225 5204 1320 5256 καὶ
1351 5201 1531 5256 πάντα
1567 5203 1873 5267 ἐπισκοπεῖ,

288 5299 386 5361 τὰς
419 5296 748 5367 ἐνθυμήσεις
797 5293 1010 5365 βλέπων
1051 5295 1144 5348 καὶ
1185 5294 1278 5347 ἐπὶ
1303 5293 1374 5346 τὰ
1416 5293 1622 5347 ἀθέατα
1649 5295 1715 5364 τῇ
1745 5292 1878 5346 θεω-

293 5390 490 5460 ρητικῇ
518 5388 750 5457 δυνάμει
794 5386 1176 5456 διαδυόμενος,
1209 5385 1620 5456 ὑπειλήφαμεν,
1669 5386 1734 5437 ἔκ
1779 5383 1878 5454 τῆς

290 5479 415 5544 θέας
439 5523 456 5546 ,
509 5479 613 5551 τὴν
665 5479 898 5550 θεότητα
931 5476 1387 5550 παρωνομάσθαι,
1438 5479 1532 5531 καὶ
1559 5476 1651 5531 τὸν
1681 5477 1877 5549 θεατὴν

292 5571 445 5643 ἡμῶν
473 5570 629 5634 Θεὸν,
666 5569 774 5622 ὑπό
801 5586 860 5622 τε
898 5569 996 5640 τῆς
1031 5569 1316 5639 συνηθείας
1350 5569 1444 5624 καὶ
1470 5570 1569 5640 τῆς
1597 5567 1705 5621 τῶν
1735 5568 1875 5640 Γρα-

291 5663 404 5733 φῶν
445 5662 798 5726 διδασκαλίας
833 5660 1346 5734 προσαγορεύεσθαι.
1394 5658 1454 5714 Εἰ
1505 5660 1560 5714 δὲ
1607 5662 1878 5732 συγχωρεί

1982 4467 2196 4520 ratione
2221 4481 2286 4520 ex
2317 4480 2404 4527 ea,
2435 4480 2557 4535 quae
2585 4467 2750 4519 insita
2771 4473 2857 4519 est
2880 4465 3290 4534 augustioribus
3307 4467 3557 4530 vocibus,

1981 4557 2402 4628 signiﬁcatione,
2433 4556 2734 4625 reperimus
2762 4563 2856 4609 aut
2884 4570 2970 4619 ea,
3011 4571 3131 4626 quae
3159 4555 3235 4621 id,
3271 4557 3416 4626 quod
3449 4572 3557 4628 non

1978 4658 2210 4717 Oportet,
2240 4647 2307 4702 de
2357 4647 2540 4701 divina
2574 4655 2767 4701 natura
2809 4647 3014 4702 sentire
3061 4647 3412 4713 interdicunt,
3466 4655 3558 4702 aut

1979 4756 2101 4810 quae
2155 4741 2361 4795 sentire
2401 4741 2612 4805 deccat,
2671 4756 2772 4796 nos
2803 4739 3058 4804 doceant,
3109 4756 3218 4794 non
3249 4749 3430 4796 autem
3465 4756 3554 4801 ea.

1977 4847 2099 4902 quae
2147 4833 2466 4886 contineant
2531 4832 2704 4902 ipsius
2786 4838 2999 4885 naturae
3074 4831 3554 4901 signiﬁcationem.

1979 4924 2248 4990 Quoniam
2281 4924 2446 4994 igitur
2473 4927 2659 4979 Varias
2718 4935 2970 4993 supernae
2999 4924 3255 4995 potentia:
3284 4923 3557 4979 eﬁicacias

1979 5017 2478 5073 animadvertentes
2517 5033 2544 5070 a
2573 5017 2816 5087 qualibet
2845 5017 3004 5072 nobis
3035 5026 3160 5072 nota
3195 5015 3434 5071 eﬁicacia
3463 5031 3558 5084 ap-

1978 5110 2298 5180 pellationes
2332 5110 2674 5179 adaptamus,
2710 5117 2873 5180 atque
2903 5125 3067 5164 unam
3099 5109 3355 5163 nimirum
3392 5107 3558 5160 etiam

1977 5205 2123 5261 hanc
2149 5204 2454 5261 efﬁcaciam
2514 5204 2899 5276 inspectricem
2931 5212 2985 5261 et
3034 5203 3392 5258 visitatricem
3419 5205 3472 5252 et
3497 5207 3558 5251 ut

1978 5297 2176 5368 aliquis
2208 5296 2393 5352 dicere
2415 5297 2610 5366 possit,
2655 5295 2935 5367 θεατικήν,
2977 5295 3031 5351 id
3062 5304 3168 5357 est,
3191 5288 3555 5360 spectatricem

1977 5403 2099 5445 esse
2117 5388 2501 5459 cognoscimus
2523 5405 2535 5440 :
2552 5402 2656 5458 qua
2671 5387 2854 5442 omnia
2868 5380 3297 5456 inspicit,omnia
3317 5380 3557 5435 intuetur

1979 5480 2343 5553 cogitationes
2367 5480 2582 5546 videns,
2614 5487 2666 5534 et
2699 5494 2876 5548 usque
2910 5477 2976 5531 ad
3017 5490 3104 5538 ea,
3134 5487 3257 5544 qua:
3311 5474 3553 5544 spectari

1979 5585 2086 5624 non
2118 5576 2374 5636 possunt,
2400 5567 2851 5638 contemplatrice
2899 5563 3097 5618 virtute
3119 5571 3412 5633 penetrans
3441 5579 3456 5617 :
3489 5564 3556 5616 ἐκ

1977 5659 2237 5730 τῆςθέας,
2274 5660 2326 5716 id
2351 5667 2435 5716 est
2467 5659 2662 5714 visione
2687 5667 2732 5710 ct
2757 5653 3093 5723 inspectione,
3124 5651 3372 5724 θεότητα,
3392 5652 3445 5708 id
3473 5661 3554 5707 est
