4006 6148
455 225 557 279 {'23

1705 221 1770 277 S.
1813 221 2140 278 GltEGORll
2179 221 2473 278 NYSSEM

3605 224 3711 278 ιει

446 343 695 396 deitatem
732 341 1136 394 denominatam
1175 354 1298 393 esse
1346 338 1748 404 existimamus,
1777 342 1865 395 τὸν
1895 343 2020 396 θεα-

2139 361 2209 406 εις
2245 343 2436 397 ταύτὸν
2467 339 2624 408 εἶναι,
2661 342 2720 396 τὸ
2759 342 3072 406 θεάσασθαι,
3110 343 3200 394 καὶ
3243 343 3301 394 τὸ
3333 342 3570 412 βλέπειν,
3614 344 3710 396 καὶ

447 433 546 502 τὴν
568 433 724 503 ἡμῶν
756 431 805 484 id
836 441 916 486 est
942 433 1284 497 inspectorcm
1305 431 1764 497 contemplatorem
1787 443 2026 486 nostrum

447 535 496 578 et
537 533 852 584 curatorem,
882 521 1036 586 Θεόν,
1071 521 1120 574 id
1151 529 1233 576 est
1266 520 1454 586 Deum,
1480 531 1535 575 et
1571 536 1600 574 a
1633 524 2030 578 consuetudine

448 627 501 668 et
535 631 562 667 a
595 615 999 684 Scripturarum
1054 613 1303 667 doctrina
1354 613 1616 683 appellari
1667 615 2022 669 arbitramur.

409 689 603 771 Ὠιιοά
656 706 703 760 si
763 706 888 774 quis
933 705 1222 768 concedit,
1287 706 1427 760 idem
1486 721 1639 771 esse,
1706 706 1767 760 τὸ
1828 706 2028 759 θεάσα-

446 796 590 861 σθαι,
628 797 680 851 id
742 806 828 851 est
884 807 1138 864 spectare,
1172 804 1227 849 et
1292 795 1352 848 τὸ
1388 795 1626 866 βλέπειν,
1683 797 1786 851 hoc
1815 806 1893 852 ost
1952 798 2031 850 υἰ-

443 889 566 940 dere
599 902 617 939 :
654 896 816 956 atque
845 885 1025 941 omnia
1060 884 1361 956 ἐφορῶντα,
1393 886 1496 939 hoc
1541 896 1625 940 est
1667 887 2031 954 inspicientem

444 977 600 1042 Θεόν,
634 978 686 1031 id
738 985 823 1031 est
858 976 1042 1038 Deum,
1096 973 1290 1046 ἔφορον
1317 976 1420 1032 hoc
1467 983 1552 1032 est
1609 978 1953 1045 inspectorem
1980 986 2030 1031 et

442 1070 754 1139 praefectum
777 1085 1001 1122 summa:
1024 1085 1198 1122 rerum
1258 1077 1311 1123 et
1341 1084 1464 1124 esse
1505 1079 1558 1124 et
1589 1069 1696 1124 dici
1731 1093 1744 1124 ;
1779 1069 2032 1125 conside-

446 1172 528 1217 ret
558 1164 700 1216 hanc
727 1160 1049 1224 efficaciam,
1075 1171 1258 1215 utrum
1293 1161 1384 1214 uni
1422 1159 1567 1216 adsit
1595 1177 1661 1215 ex
1691 1161 1784 1224 iis,
1815 1176 1936 1231 quae
1975 1160 2029 1214 in

445 1264 638 1308 saneta
691 1251 965 1308 Trinitate
1016 1253 1236 1307 credita:
1302 1260 1451 1317 sunt,
1505 1253 1777 1322 personis,
1839 1267 1908 1306 an
1962 1251 2032 1307 ad

443 1360 634 1399 omnes
687 1360 752 1400 ea
791 1345 966 1399 virtus
995 1344 1292 1413 pertineat.
1355 1342 1490 1396 Nam
1533 1345 1579 1398 si
1609 1357 1741 1398 vera
1797 1350 1906 1408 est,
1933 1342 2033 1412 τῆς

445 1436 726 1506 θεότητος,
771 1436 822 1490 id
856 1447 938 1491 est
977 1435 1189 1490 deitatis
1227 1435 1518 1504 explicatio
1540 1475 1555 1500 ,
1583 1443 1640 1490 et
1668 1449 1754 1499 ea,
1783 1450 1905 1504 qua:
1949 1435 2032 1488 vi-

444 1527 646 1580 deatur
701 1527 886 1593 θεατά,
939 1528 990 1581 'rd
1049 1539 1132 1582 est
1190 1528 1417 1582 visibitia
1447 1543 1542 1582 seu
1597 1527 1930 1595 spectabilia,
1981 1535 2036 1580 et

443 1618 504 1670 τὸ
564 1616 867 1688 θεώμενον,
901 1617 1032 1692 ‘hoc
1084 1628 1168 1673 est
1214 1617 1268 1671 id
1313 1617 1452 1687 quod
1502 1618 1638 1671 videt
1689 1626 1739 1670 et
1795 1627 2030 1686 spectat.

2130 437 2218 488 τὸν
2268 434 2549 506 ἐφορῶντα
2597 435 2772 488 πάντα
2823 434 2974 499 Θεὸν,
3024 435 3216 504 ἔφορον
3258 434 3352 486 τοῦ
3384 433 3583 496 παντὸς
3615 435 3712 486 καὶ

2131 522 2271 580 εἶναι
2299 526 2392 580 καὶ
2417 526 2694 594 λέγεσθαι,
2719 525 3024 594 λογισάσθω
3052 527 3147 596 τὴν
3175 525 3452 596 ἐνέργειαν
3481 527 3710 594 ταύτην,

2131 615 2358 687 πότερον
2407 616 2487 668 ἑνὶ
2536 616 2794 685 πρόσεστι
2820 615 2928 668 τῶν
2959 618 3016 668 ἐν
3059 617 3123 685 τῇ
3164 615 3294 684 ἁγίᾳ
3326 615 3517 685 Τρίαδι
3548 632 3714 668 πεπι-

2133 705 2440 774 στευμένων
2475 704 2800 776 προσώπων,
2835 704 2867 774 ἢ
2912 705 2999 759 διὰ
3029 705 3136 757 τῶν
3167 705 3333 775 τριῶν
3378 706 3644 775 προσήκει
3673 707 3708 774 ἡ

2130 795 2376 866 δύναμις.
2425 798 2488 849 Εἰ
2529 797 2637 867 γὰρ
2667 796 2868 867 ἀληθὴς
2914 799 2948 868 ἡ
2994 798 3089 868 τῆς
3126 797 3376 867 θεότητος
3418 796 3711 866 ἑρμηνεία,

2132 886 2223 938 καί
2256 888 2323 940 τὰ
2354 885 2607 957 ὁρώμενα
2652 886 2840 952 θεατὰ,
2869 889 2963 940 καὶ
2991 887 3050 940 τὸ
3083 887 3357 957 θεώμενον
3389 887 3521 950 Θεὸς
3553 886 3713 954 λέγε-

2131 994 2250 1040 ται,
2301 977 2482 1029 οὐκέτι
2536 978 2601 1031 ἂν
2649 978 2887 1046 εὐλόγως
2933 978 3254 1049 ἀποκριθείη
3299 996 3350 1030 τι
3397 977 3506 1031 τῶν
3556 980 3612 1030 ἐν
3646 981 3715 1049 τῇ

2133 1065 2322 1137 Τριάδι
2353 1067 2656 1137 προσώπων
2682 1067 2782 1137 τῆς
2808 1067 3066 1138 τοιαύτης
3097 1068 3469 1138 προσηγορίας
3501 1067 3588 1120 διὰ
3616 1068 3718 1136 τὴν

2132 1159 2456 1228 ἐγκειμένην
2483 1162 2550 1228 τῇ
2582 1162 2730 1229 φωνῇ
2767 1160 3060 1229 σημασίαν.
3111 1160 3182 1211 Τὸ
3214 1159 3320 1228 γὰρ
3346 1158 3564 1228 βλέπειν
3592 1160 3718 1211 ἐπί-

2135 1268 2235 1320 σης
2265 1253 2532 1321 μαρτυρεῖ
2565 1253 2596 1321 ἡ
2629 1253 2667 1302 Γ
2676 1253 2818 1322 ραφὴ
2846 1253 2940 1304 καὶ
2974 1252 3147 1322 Πατρί
3177 1252 3266 1304 καί
3296 1251 3409 1320 Υίῴ
3454 1254 3548 1304 καὶ
3574 1252 3719 1320 ἁγίῳ

2133 1343 2429 1414 Πνεῦματι.
2473 1361 2491 1394 ι
2515 1343 2926 1414 ’Υπερασπιστὰ
2954 1344 3131 1414 ἡμῶν,
3163 1343 3259 1406 ἴδε,
3284 1346 3312 1396 6
3340 1344 3524 1406 Θεὸς,»
3553 1344 3719 1414 φησὶν

2135 1437 2164 1490 6
2189 1434 2370 1490 Δαϐίδ.
2409 1435 2503 1488 Ἐκ
2527 1436 2583 1488 δὲ
2611 1435 2801 1488 τούτου
2837 1436 3201 1506 μανθάνομεν,
3229 1436 3369 1490 ἰδέαν
3399 1437 3556 1498 Θεοῦ,
3581 1437 3719 1490 καθὸ

2136 1525 2267 1588 Θεὸς
2293 1526 2513 1588 νοεῖται,
2549 1524 2681 1577 ἰδίαν
2712 1525 2990 1596 ἐνέργειαν
3020 1525 3112 1578 τοῦ
3135 1527 3284 1597 όρᾷν,
3316 1527 3378 1578 ἐκ
3404 1526 3496 1578 τοῦ
3520 1527 3717 1591 εἰπεῖν,

2145 1617 2303 1682 «Ἴδε,
2335 1620 2362 1671 6
2391 1617 2576 1680 Θεὸς.»
2614 1616 2774 1670 Ἀλλὰ
2808 1617 2901 1669 καὶ
2929 1618 2956 1668 6
2998 1616 3201 1685 Ἰησοῦς
3229 1618 3328 1687 ὁρᾷ
3359 1615 3456 1678 τὰς
3484 1614 3721 1685 ἐνθυμή-

443 1707 598 1771 Θεὸς,
627 1709 677 1762 id
708 1719 791 1763 est
819 1707 958 1762 Deus
995 1709 1219 1770 dicitur,
1247 1710 1392 1761 nulla
1424 1709 1535 1776 jam
1568 1708 1832 1778 probabili
1866 1709 2029 1763 ratio«

2139 1727 2252 1773 σεις
2280 1708 2386 1761 τῶν
2421 1707 2941 1776 καταγινωσκόντων
2971 1708 3104 1760 διότι
3134 1709 3402 1777 συγχωρεῖ
3427 1706 3524 1769 τὰς
3544 1708 3720 1776 ἁμαρ⁸

445 1814 512 1852 ne
536 1798 716 1868 aliqua
741 1813 1117 1868 personarum,
1153 1813 1273 1868 quae
1297 1799 1350 1851 in
1392 1796 1660 1851 Trinitate
1693 1805 1841 1863 sunt,
1884 1813 1913 1850 a
1935 1797 2030 1850 tali

444 1889 807 1960 appellatione
837 1890 1204 1956 separabitur,
1269 1897 1489 1958 propter
1540 1890 1759 1946 insitam
1797 1890 1920 1944 voci
1967 1890 2036 1944 si-

398 2055 401 2058 _
442 1979 874 2051 gniﬁcatlonem.
935 1980 1066 2034 Nam
1118 1981 1264 2050 quod
1301 1981 1520 2052 videant
1575 1991 1646 2036 et.
1683 1981 2030 2045 intueantur,

447 2075 732 2144 Scriptura
763 2089 863 2130 suo
896 2075 1216 2129 testimonio
1245 2089 1308 2127 ex
1342 2089 1500 2142 aequo
1537 2072 1789 2126 attribuit
1827 2080 1881 2126 et
1930 2069 2030 2126 Pa-

444 2165 513 2220 tri
534 2174 588 2220 et
620 2165 755 2219 Filio
785 2173 841 2219 et
875 2163 1104 2234 Spiritui
1156 2172 1370 2218 sancto.
1428 2183 1445 2215 ι
1489 2163 1775 2217 l‘rotector
1825 2172 2031 2229 noster,

445 2257 655 2327 aspice,
691 2255 857 2320 Deus,
898 2274 918 2306 ι
948 2256 1124 2325 inquit
1155 2254 1323 2310 David
1357 2258 1397 2307 ¹.
1442 2253 1578 2307 Nam
1626 2269 1693 2307 ex
1731 2241 1835 2309 hoc
1861 2253 2032 2308 disci-

445 2366 568 2404 mus
587 2350 824 2418 speciem
851 2347 966 2412 Dei,
989 2358 1259 2418 quatenus
1284 2346 1428 2402 Deus
1457 2345 1802 2416 intelligitur,
1831 2345 2036 2401 habere

445 2441 776 2512 peculiarem
827 2438 1131 2495 efﬁcaciam
1163 2438 1402 2504 videndi,
1437 2454 1502 2492 ex
1560 2452 1625 2492 eo
1660 2435 1806 2507 quod
1861 2437 2032 2502 dixit,

451 2555 470 2586 ι
521 2535 740 2604 Aspice,
768 2532 931 2589 Deus.
977 2553 996 2586 ι
1043 2532 1188 2600 Quin
1217 2532 1381 2587 etiam
1439 2529 1605 2587 Jesus
1639 2530 1787 2585 videt
1819 2529 2032 2600 cogita-

446 2629 624 2684 tiones
652 2627 1029 2682 damnantium
1059 2666 1074 2692 ,
1105 2625 1250 2697 quod
1317 2639 1416 2694 pro
1485 2631 1752 2694 potestate
1807 2629 2033 2694 peccata

447 2719 730 2774 hominum
768 2718 1126 2773 condonaret.
1167 2735 1185 2768 ι
1216 2714 1417 2770 Videns
1445 2715 1614 2777 enim,
1639 2714 1836 2783 inquit,
1873 2712 2034 2768 .lesus

447 2810 806 2879 cogitationes
829 2823 1018 2862 eorum
1053 2808 1096 2862 ³.
1137 2827 1154 2858 ι
1191 2805 1322 2861 ltem
1363 2807 1429 2861 de
1481 2805 1687 2876 Spiritu
1719 2804 1914 2860 Petrus
1965 2805 2035 2860 ad

445 2901 715 2954 Ananiam
745 2901 876 2955 dicit
911 2919 924 2955 :
959 2919 976 2950 ι
1014 2898 1126 2954 Cur
1178 2899 1672 2969 implevitSatanas
1720 2912 1816 2950 cor
1849 2907 2030 2960 tuum,

449 3002 509 3047 ut
543 2992 855 3046 mentireris
889 2989 1118 3060 Spiritui
1143 3001 1336 3045 saneto
1366 2991 1386 3021 ⁸
1423 2991 1446 3042 ?
1481 3009 1496 3040 ι
1535 2989 1852 3055 osmndens,
1884 2987 2029 3058 quod

448 3097 659 3147 eorum,
710 3098 832 3154 quae
877 3083 932 3136 in
961 3083 1177 3136 occulto
1201 3099 1369 3136 ausus
1414 3089 1532 3136 erat
1564 3081 1828 3146 Ananias,
1879 3081 2036 3135 testis

2138 1799 2258 1863 τίας
2283 1800 2340 1866 ἐξ
2370 1799 2656 1862 αὐθεντίας
2681 1799 2787 1854 τῶν
2811 1797 3132 1870 ἀνθρώπων.
3159 1819 3176 1851 ‹
3208 1797 3351 1852 Ἰδὼν
3377 1799 3503 1868 γὰρ,
3530 1799 3719 1868 φησὶν,

2135 1893 2164 1946 6
2203 1891 2408 1962 Ἰησοῦς
2428 1892 2525 1955 τὰς
2551 1891 2877 1962 ἐνθυμήσεις
2907 1892 3105 1945 αὐτῶν.
3122 1911 3139 1943 ι
3164 1891 3274 1944 Καὶ
3293 1891 3418 1961 περὶ
3434 1889 3526 1942 τοῦ
3552 1889 3723 1942 Πνεῦ-

2140 1997 2308 2050 ματος
2355 1980 2501 2048 λέγει
2553 1980 2686 2050 πρὸς
2732 1981 2823 2034 τὸν
2884 1982 3132 2036 Ἀνανίαν
3175 1983 3202 2034 6
3244 1980 3447 2051 Πέτρος
3472 1996 3484 2010 ·
3536 1981 3621 2032 ἵνα
3667 1979 3722 2031 τί

2135 2073 2456 2145 ἐπλήρωσεν
2479 2075 2508 2126 6
2543 2075 2786 2138 Σατανᾶς
2809 2075 2908 2145 τὴν
2952 2074 3177 2145 καρδίαν
3207 2090 3298 2125 σου
3329 2072 3630 2142 ψεύσασθαί
3659 2088 3720 2123 σε

2135 2165 2200 2219 τὸ
2230 2165 2456 2236 Πνεῦμα
2486 2165 2546 2218 τὸ
2575 2166 2770 2234 ἆγιονς
2830 2166 3065 2228 δεικνὺς,
3114 2165 3197 2218 ὅτι
3237 2163 3346 2216 τῶν
3389 2165 3446 2217 ἐν
3493 2162 3724 2235 κρυπτῷ

2135 2257 2556 2329 τετολμημένων
2590 2257 2742 2328 παρὰ
2772 2256 2866 2310 τοῦ
2909 2256 3172 2319 Ἀνανίου,
3212 2257 3421 2326 μάρτυς
3454 2251 3522 2325 ἦν
3552 2255 3725 2324 ἀψευ-

2134 2349 2230 2420 δὴς
2265 2349 2526 2420 ἐπιίστωρ
2555 2351 2616 2402 τὸ
2642 2349 2865 2418 Πνεῦμα
2892 2348 2952 2401 τὸ
2983 2347 3156 2417 ἅγιον,
3189 2347 3255 2400 δι’
3281 2341 3342 2400 οὗ
3372 2348 3465 2400 καί
3496 2347 3573 2417 τῷ
3615 2347 3720 2399 Ιῖέο

2135 2459 2250 2513 τρῳ
2280 2442 2386 2496 τῶν
2421 2442 2849 2512 λανθανόντωνὴ
2894 2440 3196 2511 φανέρωσις
3239 2436 3326 2510 ἦν.
3373 2441 3430 2493 Ὀ
3465 2440 3561 2510 μὲν
3613 2440 3725 2510 γὰρ

2136 2535 2354 2602 ἐγένετο
2395 2533 2635 2603 κλέπτης
2667 2535 2828 2597 αὐτὸς
2875 2530 3065 2586 ἑαυτοῦ
3099 2532 3396 2596 λανθάνων,
3445 2532 3519 2594 ὡς
3560 2531 3723 2600 ᾤετο,

2137 2628 2374 2692 πάντας,
2422 2627 2517 2680 καί
2549 2628 2649 2696 τὴν
2691 2625 2966 2696 ἁμαρτίαν
3008 2625 3498 2695 ἐπικρυπτόμενος.
3552 2625 3626 2676 Τὸ
3665 2623 3727 2676 δὲ

2139 2717 2364 2789 Πνεῦμα
2396 2718 2456 2770 τὸ
2485 2718 2658 2786 ἅγιον,
2690 2717 2824 2787 ὁμοῦ
2856 2733 2916 2768 τε
2934 2719 2991 2770 ἐν
3020 2716 3212 2786 Πέτρῳ
3235 2711 3323 2786 ἦν,
3341 2716 3436 2768 καὶ
3452 2715 3550 2786 τὴν
3582 2715 3728 2768 ἐκεί-

2137 2826 2228 2862 νου
2269 2808 2502 2862 διάνοιαν
2537 2808 2670 2879 πρὸς
2707 2808 2806 2877 τὴν
2853 2806 3285 2876 φιλοχρηματίαν
3322 2809 3727 2876 κατασυρεῖσαν

2137 2899 2414 2970 ἐφώρασε,
2465 2901 2558 2954 καὶ
2599 2900 2666 2952 δι’
2692 2897 2887 2952 ἑαυτοῦ
2919 2898 3101 2950 δίδωσι
3153 2896 3231 2967 τῷ
3281 2897 3472 2968 Πέτρῳ
3504 2898 3630 2950 ἰδεῖν
3655 2898 3727 2951 τὰ

2139 2991 2471 3044 λανθάνοντα
2495 3006 2511 3024 ι
2564 2991 2663 3043 οὐκ
2690 2990 2755 3043 ἂν
2785 2988 3027 3060 δηλονότι
3055 2987 3211 3042 τοῦτο
3239 2987 3446 3056 ποιοῦν,
3478 2987 3634 3060 εἴπερ
3656 2984 3729 3058 ἦν

2143 3080 2251 3134 τῶν
2277 3082 2524 3151 κρυφίων
2555 3081 2801 3134 ἀθέατον.
3118 3069 3125 3076 ’

451 3191 614 3231 verax
651 3147 970 3249 et—arbiter
999 3186 1144 3232 esset
1179 3175 1417 3246 Spiritus
1457 3183 1706 3238 sanctus,
1730 3191 1826 3245 per
1852 3190 2014 3245 quem
2072 3176 2235 3230 etiam
2270 3147 2427 3229 Petro
2463 3176 2832 3244 prodebantur
2859 3162 3097 3230 occulta.
3147 3175 3325 3244 Atque
3365 3174 3456 3228 ille
3493 3147 3719 3244 quidem

449 3269 534 3325 sui
565 3269 736 3339 ipsius
787 3268 876 3323 fur
909 3277 1045 3335 erat,
1094 3270 1288 3325 fallens
1336 3285 1549 3331 omnes,
1594 3279 1652 3323 ut
1718 3270 1965 3339 putabat,
2015 3278 2069 3324 et
2107 3276 2391 3339 peccatum
2419 3271 2696 3323 occultum
2740 3270 2966 3324 habens.
2994 3269 3234 3339 Spiritus
3274 3276 3455 3322 autem
3495 3277 3726 3324 sanctus

449 3362 616 3417 simul
649 3369 704 3417 et
735 3362 787 3415 in
819 3361 982 3418 Petro
1009 3373 1148 3427 erat,
1195 3371 1249 3417 et
1295 3362 1442 3416 illius
1476 3370 1712 3416 mentem
1743 3363 1811 3416 ad
1868 3363 2151 3416 avaritiam
2218 3361 2515 3432 projectam
2571 3362 2952 3431 deprehendit,
3005 3371 3060 3416 et
3107 3379 3203 3432 per
3273 3377 3393 3417 sese
3443 3359 3602 3416 Petro
3642 3362 3726 3414 la-

450 3454 620 3511 tentia
651 3451 870 3508 videndi
909 3453 1226 3508 facultatem
1255 3453 1349 3508 dat
1377 3454 1516 3508 :hoc
1541 3452 1796 3508 videlicet
1813 3469 1923 3508 non
1952 3453 2218 3518 facturus,
2257 3454 2302 3510 si
2329 3456 2547 3508 occulta
2583 3455 2803 3510 videndi
2830 3457 3048 3510 virtutis
3074 3469 3270 3524 expers
3301 3462 3468 3509 esset.

522 3643 592 3696 At
635 3640 879 3696 nondum
918 3639 1130 3708 inquiet
1170 3638 1371 3708 aliquis
1413 3639 1484 3693 ad
1512 3639 1561 3694 id
1581 3641 1723 3709 quod
1753 3640 2037 3710 quaeritur,

451 3733 722 3790 orationis
747 3739 996 3802 spectare
1015 3741 1379 3786 structuram.
1397 3730 1582 3802 Neque
1601 3733 1744 3786 enim
1771 3733 1817 3788 si
1851 3733 2036 3786 datum

434 3823 619 3881 'fuerit
666 3838 954 3878 commune
998 3830 1210 3877 natura:
1260 3823 1585 3877 vocabulum
1620 3839 1742 3877 esse
1785 3823 2032 3887 deitatis,

452 3919 563 3988 jam
601 3916 897 3988 (protinus)
939 3931 1036 3985 per
1074 3915 1176 3970 hoc
1208 3915 1494 3985 probatum
1521 3913 1706 3976 fuerit,
1745 3913 1890 3982 quod
1925 3929 2035 3967 non

455 4017 703 4081 oporteat
730 4010 913 4065 dicere
938 4009 1070 4066 deos
1103 4029 1114 4064 :
1142 4009 1390 4079 quinimo
1423 4019 1617 4063 contra
1652 4024 1715 4062 ex
1755 4008 1839 4062 his
1867 4009 2040 4075 magis

456 4104 704 4174 cogimur
737 4104 918 4159 dicere
949 4095 1104 4157 deos.
1146 4101 1502 4172 lteperiemu‘s
1533 4101 1679 4154 enim
1722 4099 1776 4152 in
1806 4113 2042 4154 consue-

457 4197 646 4253 tudine.
669 4197 974 4256 hominum,
1003 4210 1111 4249 non
1139 4195 1315 4250 solum
1343 4207 1459 4256 eos,
1493 4192 1584 4261 qui
1618 4189 1864 4244 eamdem
1892 4197 2044 4243 natu-

457 4303 574 4342 ram
601 4301 944 4341 communem
962 4285 1186 4350 habent,
1203 4298 1392 4338 verum
1407 4281 1570 4336 etiam
1588 4279 1632 4336 si
1651 4279 1745 4350 qui
1765 4280 1876 4335 sint
1891 4280 2042 4350 ejus-

466 4375 588 4428 dem
620 4379 808 4442 studii,
833 4386 886 4432 et
909 4375 1093 4441 oﬂicii,
1119 4390 1230 4429 non
1262 4373 1609 4443 singulariter
1630 4374 1829 4428 multos
1850 4373 2032 4428 nomi-

2235 3637 2374 3692 Ἀλλ’
2420 3637 2573 3691 οὔπω
2621 3655 2702 3700 τις
2733 3640 2849 3711 ἐρεῖ
2895 3639 3030 3709 πρὸς
3059 3638 3120 3691 τὸ
3148 3637 3476 3709 ζητούμενον
3507 3635 3730 3706 βλέπειν

2141 3733 2241 3805 τὴν
2273 3731 2616 3799 κατασκευὴν
2647 3730 2741 3782 τοῦ
2767 3729 2947 3798 λόγου.
2991 3730 3127 3783 Οὐδὲ
3156 3711 3264 3799 γὰρ
3288 3731 3336 3781 εἰ
3364 3727 3541 3798 δοθείη
3571 3729 3729 3799 κοινὴ

2140 3823 2239 3893 τῆς
2273 3823 2543 3892 φύσεωςὴ
2577 3820 2766 3890 κλῆσις
2794 3822 2889 3891 τῆς
2919 3821 3169 3890 θεότητος
3201 3819 3358 3884 εἶναι,
3406 3821 3508 3892 ἤδη
3547 3822 3609 3874 τὸ
3650 3823 3726 3892 μὴ

2138 3914 2252 3967 δεῖν
2279 3913 2457 3982 λέγειν
2485 3911 2640 3974 θεοὺς
2672 3912 2760 3964 διὰ
2783 3911 2970 3965 τούτου
3010 3913 3418 3981 κατεσκευάσθη
3441 3928 3453 3940 ·
3503 3913 3729 3965 τούναν-

2140 4006 2252 4058 τίον
2285 4006 2383 4076 μὲν
2410 4001 2502 4059 οὖν
2532 4007 2596 4056 ἐκ
2620 4003 2825 4056 τούτων
2851 4003 3273 4074 ἀναγκαζόμεθα
3306 4004 3504 4074 μᾶλλον
3547 4003 3729 4072 λέγειν

2144 4096 2316 4159 θεούς.
2334 4096 2671 4166 Εὑρίσκομεν
2695 4095 2804 4165 γάρ
2823 4095 2914 4148 ἐπὶ
2933 4097 3031 4164 τῆς
3053 4095 3397 4166 ἀνθρωπίνης
3418 4095 3726 4166 συνηθείας,

2142 4189 2203 4242 οῦ
2253 4187 2411 4258 μόνον
2457 4187 2583 4250 τοὺς
2624 4187 2725 4256 τῆς
2768 4187 2937 4258 αὐτῆς
2969 4187 3180 4256 φύσεως
3219 4187 3536 4251 κοινωνίας,
3591 4187 3729 4240 ἀλλὰ

2144 4281 2246 4334 κάν
2274 4295 2418 4336 τινες
2444 4277 2537 4331 τοῦ
2569 4277 2732 4331 αὑτοῦ
2759 4273 2892 4332 ὦσιν
2928 4280 3380 4350 ἐπιτηδεύματος,
3406 4280 3504 4349 οὐχ
3531 4280 3728 4343 ἑνικῶς

2144 4372 2270 4434 τοὺς
2299 4371 2526 4433 πολλοὺς
2561 4372 3083 4442 μνημονευομένους.
3116 4371 3266 4424 Καθό
3292 4390 3470 4444 φαμεν
3491 4365 3730 4443 ῥήτοράς

465 4467 611 4520 nari.
627 4467 742 4534 Qua
768 4469 983 4522 ratione
1005 4474 1254 4520 oratores
1279 4464 1478 4520 multos
1498 4473 1552 4519 et
1568 4471 1875 4534 geometras
1897 4463 2034 4518 dici-

2145 4479 2205 4516 τε
2238 4462 2462 4525 πολλοὺς
2487 4462 2580 4515 καὶ
2610 4462 2945 4532 γεωμέτρας,
2972 4462 3248 4534 γεωργούς
3275 4480 3332 4515 τε
3357 4465 3450 4516 καί
3477 4457 3730 4520 σκυτοτό-

465 4573 590 4613 mus
611 4554 987 4629 agricolasque
1014 4567 1070 4612 et
1091 4567 1308 4612 sutores
1335 4565 1431 4610 :et
1454 4557 1505 4608 in
1537 4556 1751 4610 caeteris
1777 4553 2033 4608 omnibus

461 4647 653 4702 eodem
679 4647 860 4703 modo.
893 4647 969 4699 Ac
989 4645 1035 4697 si
1055 4643 1276 4712 quidem
1301 4651 1511 4697 natura:
1527 4643 1849 4699 vocabulum
1867 4641 2043 4698 deitas

461 4744 631 4803 esset,
680 4737 856 4808 magis
917 4741 1246 4806 congrueret
1295 4741 1458 4803 atque
1509 4735 1830 4790 conveniret
1890 4734 2048 4803 juxta

462 4837 591 4883 ante
617 4828 878 4882 redditam
907 4827 1170 4881 rationem
1198 4827 1432 4894 (omnes)
1452 4835 1560 4882 tres
1585 4827 1904 4896 hypostases
1934 4827 2048 4881 sin-

463 4918 729 4992 gulariter
766 4917 1251 4990 comprehendere,
1293 4925 1347 4973 et
1389 4934 1556 4972 unum
1615 4917 1782 4972 Deum
1836 4919 2042 4984 dicere,

464 5012 668 5082 quippe
700 5025 823 5069 cutn
848 5019 1039 5064 natura
1066 5010 1192 5066 talis
1222 5009 1316 5073 sit,
1377 5018 1435 5063 ut
1473 5009 1524 5062 in
1560 5017 1745 5078 partes
1773 5011 1950 5065 secari
1979 5025 2044 5065 ac

464 5102 634 5159 dividi
661 5117 771 5158 non
813 5102 1013 5173 possit.
1045 5101 1150 5156 Sed
1187 5102 1446 5172 quoniam
1498 5117 1595 5171 per
1628 5117 1712 5163 ea,
1740 5117 1862 5171 qua:
1897 5102 2043 5156 dicta

467 5201 618 5259 sunt,
653 5192 984 5247 affirmatum
1012 5199 1117 5254 est,
1171 5190 1316 5261 quod
1358 5189 1603 5244 officium
1630 5187 2044 5260 efficaciamque

465 5297 652 5342 etnon
683 5292 936 5340 naturam
971 5282 1242 5352 significet
1278 5297 1472 5337 nomen
1506 5280 1746 5345 deitatis,
1807 5281 1873 5336 ad
1910 5297 2046 5337 con-

469 5380 696 5434 trarium
726 5375 1131 5449 quodammodo
1157 5390 1379 5430 sensum
1410 5373 1564 5429 exiis
1598 5389 1720 5444 qua:
1747 5373 2042 5442 affirmant,

469 5471 646 5525 oratio
670 5471 954 5542 redigitur,
1003 5475 1062 5523 ut
1108 5467 1314 5523 idcirco
1367 5465 1541 5536 magis
1581 5474 1828 5536 oporteat
1862 5466 2046 5524 dicere

577 5646 596 5674 '
638 5643 778 5701 l‘sal.
846 5661 1073 5712 nunt,
1110 5648 1185 5705 l0.
1277 5648 1294 5676 ³
1337 5645 1471 5700 Luc.
1515 5664 1586 5715 Iv,
1630 5647 1712 5703 Π.

2151 4570 2306 4624 μους,
2349 4552 2441 4605 καὶ
2468 4551 2538 4605 τὰ
2566 4552 2698 4607 ἄλλα
2724 4553 2900 4605 πάντα
2928 4553 3206 4615 ὡσαύτως.
3251 4553 3358 4606 Καὶ
3400 4555 3446 4606 εί
3487 4555 3584 4624 μὲν
3629 4556 3730 4622 φύ-

2150 4663 2286 4708 σεως
2313 4641 2380 4716 ἦν
2401 4647 2435 4716 ἡ
2467 4643 2657 4716 θεότης
2689 4645 3050 4718 προσηγορία,
3083 4644 3282 4715 μᾶλλον
3313 4644 3378 4697 ἂν
3404 4637 3515 4714 εἶχε
3537 4647 3730 4715 καιρὸν

2152 4735 2293 4791 κατὰ
2326 4737 2415 4790 τὸν
2450 4737 2821 4806 προαποθέντα
2863 4738 3018 4806 λόγον
3061 4738 3254 4799 ἑνικῶς
3285 4737 3382 4800 τὰς
3417 4741 3562 4808 τρεῖς
3598 4739 3730 4791 ὑπο-

2153 4829 2370 4890 στάσεις
2397 4830 2846 4901 περιλαμϐάνειν,
2879 4831 2974 4884 καὶ
3014 4831 3110 4883 ἓνα
3138 4829 3270 4883 Θεὸν
3309 4830 3508 4898 λέγειν,
3551 4831 3640 4883 διὰ
3669 4831 3730 4883 τὸ

2151 4919 2248 4989 τῆς
2279 4919 2490 4988 φύσεως
2522 4922 2761 4992 ἄτμητόν
2791 4939 2850 4975 τε
2884 4922 2976 4975 καὶ
3019 4921 3342 4992 ἀδιαίρετον.
3405 4921 3622 4992 Ἐπειδὴ
3672 4923 3728 4975 δὲ

2148 5012 2555 5084 κατεσκευάσθη
2589 5014 2675 5066 διὰ
2719 5015 2826 5067 τῶν
2871 5014 3174 5086 εἰρημένων
3220 5014 3498 5084 ἐνέργειαν
3532 5014 3731 5083 σημαί-

2149 5118 2279 5167 νειν,
2306 5105 2398 5158 καί
2419 5106 2540 5175 οὐχὶ
2564 5106 2723 5175 φύσιν
2753 5107 2813 5160 τὸ
2841 5107 2940 5178 τῆς
2967 5107 3218 5176 θεότητος
3248 5105 3440 5176 ὄνομα,
3475 5107 3729 5176 περιτρέ-

2150 5195 2310 5249 πεταί
2343 5214 2458 5260 πως
2494 5199 2629 5268 πρὸς
2674 5199 2978 5252 τούναντίον
3007 5201 3070 5252 ἐκ
3095 5199 3204 5250 τῶν
3249 5199 3725 5267 κατασκευαζομέ-

2150 5305 2255 5340 νων
2286 5288 2314 5340 ό
2347 5288 2538 5356 λόγος,
2592 5291 2666 5353 ώς
2710 5291 2818 5343 δεῖν
2882 5290 3051 5363 ταύτῃ
3107 5290 3308 5360 μᾶλλον
3353 5291 3530 5360 λέγειν
3573 5292 3727 5359 τρεῖς

2150 5377 2323 5444 θεοὺς,
2353 5381 2478 5444 τοὺς
2511 5384 2566 5434 ἐν
2596 5385 2660 5452 τῇ
2700 5383 2836 5453 αὐτῇ
2869 5383 3118 5454 ἐνεργείᾳ
3159 5383 3562 5454 θεωρουμένους
3588 5401 3601 5412 ·
3649 5381 3726 5444 ὡς

2150 5489 2280 5541 φασι
2323 5472 2574 5542 λέγεσθαι
2610 5477 2755 5546 τρεῖς
2801 5476 3137 5547 φιλοσόφους,
3172 5477 3202 5546 ἦ
3246 5478 3500 5549 ῥήτορας,
3533 5474 3566 5547 ἦ
3596 5475 3650 5528 εἰ
3679 5473 3727 5529 τί

1794 5648 1807 5678 ³
1850 5649 1967 5704 Act.
2013 5664 2062 5715 Ἰ,
2090 5649 2140 5702 ὖ,
2222 5651 2231 5658 ’
