4006 6148
224 203 329 257 (25

1396 220 1586 287 QUOD
1623 223 1763 279 NON
1804 227 1959 283 SINT
2000 229 2182 287 TRES
2224 232 2332 290 Dll.

3403 238 3500 291 126

218 320 378 417 ἐστιν
413 320 595 392 ἕτερον
639 322 699 387 ἐξ
743 325 1168 400 ἐπιτηδεύματος
1199 331 1390 403 ὄνομα,
1427 338 1555 390 ὅταν
1600 341 1819 406 πλείους

1930 351 2039 399 tres
2066 346 2217 412 deos,
2265 361 2361 402 eos
2403 346 2496 417 qui
2544 347 2598 401 in
2637 347 2827 403 eadem
2893 348 3138 405 eflicacia
3180 351 3387 404 versari
3421 353 3499 405 vi;

223 403 367 463 εἶσιν
402 413 449 463 οἰ
479 412 573 465 τοῦ
606 415 771 469 αὑτοῦ
804 419 1146 489 μετέχοντες.
1195 424 1381 480 Ταῦτα
1426 428 1482 480 δὲ
1520 430 1818 497 φιλοπονώ-

223 517 392 572 τερον
423 504 862 579 ὲξειργασάμην,
911 511 1002 565 τὸν
1044 513 1153 566 τῶν
1198 516 1533 572 ὑπεναντίων
1576 523 1814 577 ἀνθυπο-

222 594 417 685 ιρέρων
464 596 666 665 λόγον.
714 599 789 664 ὡς
834 599 899 656 ἂν
940 603 1290 677 ,βεϐαιότερον
1335 611 1466 680 ἡμῖν
1521 614 1721 685 παγείη
1758 616 1819 669 τὸ

222 684 408 754 δόγμα
451 688 573 749 ταῖς
633 691 1017 764 εὑτονωτέραις
1046 696 1155 750 τῶν
1198 700 1523 757 ἀντιθέσεων
1555 684 1818 775 κρατυνό-

226 793 412 843 μενον.
444 779 657 835 Οὐκοῦν
690 784 1096 855 ἐπαναληπτέος
1121 790 1282 844 πάλιν
1310 793 1338 844 ό
1370 794 1543 862 λόγος.
1598 797 1816 869 Ἐπειδὴ

228 869 469 939 μετρίως
514 872 645 942 ἡμῖν
674 874 739 927 ἐκ
764 875 864 947 τῆς
903 882 1249 952 κατασκευῆς
1276 886 1589 957 ἀπεδείχθη,
1631 888 1692 940 οὑ
1720 888 1819 958 φύο

228 974 391 1056 σεως,
422 960 541 1014 ἀλλ’
571 966 852 1035 ἐνεργείας
891 963 1029 1022 εἶναι
1070 971 1169 1043 τὴν
1218 976 1400 1046 φωνὴν
1440 978 1538 1048 τῆς
1571 976 1849 1056 θεότητος,

225 1048 403 1118 λέγων
461 1054 601 1123 τάχα
632 1056 836 1128 ταύτην
865 1058 929 1113 ἄν
950 1079 1034 1123 τις
1064 1063 1243 1117 αἰτίαν
1269 1066 1503 1135 εὐλόγως
1539 1068 1700 1131 εῐποι,
1726 1070 1821 1123 τοῦ

225 1142 617 1211 πληθυντικῶς
644 1148 743 1218 μὲν
772 1150 859 1201 ἐπ’
887 1152 1190 1221 ἀνθρώπων
1209 1156 1335 1219 τοὺς
1359 1159 1466 1211 τῶν
1499 1158 1676 1213 αὑτῶν
1704 1162 1823 1213 ἐπι-

224 1233 591 1303 τηδευμάτων
630 1239 1024 1305 κοινωνοῦντας
1058 1244 1304 1316 ἀλλήλοις
1339 1249 1689 1319 ἀριθμεῖσθαι
1730 1252 1825 1305 καὶ

224 1322 600 1394 ὀνομάζεσθαι
624 1345 638 1359 ·
683 1331 993 1399 μοναδικῶς
1015 1334 1071 1386 δὲ
1098 1336 1156 1388 τὸ
1182 1338 1323 1390 θεῖον
1354 1338 1428 1402 ὡς
1455 1340 1551 1393 ἕνα
1578 1340 1708 1394 Θεὸν
1730 1342 1823 1396 καὶ

230 1419 371 1486 μίαν
401 1419 629 1490 θεότητα
655 1421 928 1491 λέγεσθαι,
961 1426 1064 1480 κᾶν
1096 1430 1151 1481 αἰ
1177 1432 1321 1499 τρεῖς
1362 1432 1688 1497 ὑποστάσεις
1723 1435 1822 1505 τῆς

225 1511 642 1582 ἐμφαινομένης
674 1516 739 1584 τῇ
780 1515 989 1586 θεότητι
1014 1522 1287 1591 σημασίας
1314 1522 1388 1594 μὴ
1423 1524 1819 1594 ἀποκρίνοιντο.

228 1598 358 1653 Ὅτι
397 1596 675 1671 ἄνθρωποι
724 1604 860 1675 μὲν,
919 1608 1020 1661 κᾶν
1074 1612 1202 1679 μιᾶς
1255 1605 1386 1665 ὦσιν
1444 1614 1722 1684 ἐνεργείας
1772 1616 1820 1668 οἰ

1921 438 2121 492 dentur
2142 455 2160 492 :
2183 440 2643 509 quemadmodum
2678 442 2830 495 aiunt
2853 441 2957 495 dici
2984 453 3093 496 tres
3120 441 3498 511 pliilos0plios,

1921 537 2014 581 aut
2041 538 2313 595 oratores,
2352 540 2445 584 aut
2464 532 2508 585 si
2536 536 2683 601 quod
2712 540 2797 587 est
2849 532 2993 585 aliud
3018 548 3083 587 ex
3118 533 3300 587 studio
3337 541 3501 603 atque

1920 619 2106 675 officio
2140 638 2360 687 nomen,
2394 637 2519 678 cum
2566 623 2754 692 plures
2810 624 3013 679 fuerint
3068 626 3200 680 socii
3253 626 3501 695 ejusdem

1919 717 2045 769 vita:
2069 716 2325 771 instituti.
2377 718 2553 786 Atque
2581 718 2695 772 haec
2752 718 3067 789 diligentius
3111 735 3175 775 ac
3216 724 3387 789 magis
3418 722 3501 775 in-

1920 805 2133 861 dustrie
2156 807 2501 876 amplificavi,
2532 808 2974 865 adversariorum
3024 826 3090 866 ex
3139 814 3393 881 opposito
3419 815 3502 867 in-

1925 899 2110 956 ferens
2136 904 2463 963 orationem,
2514 911 2572 957 ut
2609 903 2820 958 firmius
2871 919 2934 958 ac
2978 906 3184 960 certius
3227 906 3382 961 nobis
3416 905 3505 961 dc-

1924 999 2135 1047 cretum
2194 994 2612 1049 constabiliatur
2648 994 3007 1049 validioribus
3061 996 3502 1065 oppositionibus

1924 1076 2217 1140 munitum.
2284 1085 2521 1142 Proinde
2578 1103 2641 1143 ex
2681 1090 2898 1157 integro
2941 1089 3099 1143 nobis
3136 1090 3312 1143 oratio
3346 1104 3502 1159 repe-

1923 1178 2084 1230 tenda
2111 1184 2215 1230 est.
2244 1176 2512 1243 Quoniam
2541 1180 2699 1234 nobis
2746 1196 2843 1251 per
2865 1182 3128 1237 orationis
3168 1190 3501 1236 structuram

1924 1268 2275 1323 mediocriter
2296 1270 2725 1326 demonstratum
2776 1282 2881 1340 est,
2930 1273 3076 1343 quod
3108 1288 3215 1327 non
3266 1283 3499 1338 natura,

1923 1352 2017 1409 sed
2038 1354 2344 1410 efficientia:
2371 1358 2697 1412 vocabulum
2724 1360 2943 1416 deitatis
2993 1363 3085 1426 sit,
3121 1364 3167 1417 si
3200 1364 3325 1432 quis
3364 1361 3505 1418 forte

1924 1443 2069 1498 hanc
2089 1444 2206 1513 ejus
2230 1446 2309 1501 rei
2338 1460 2564 1502 causam
2598 1447 2811 1515 afferat,
2846 1460 2941 1504 aut
2989 1450 3228 1505 absurde
3279 1450 3502 1515 dixerit,

1922 1535 2144 1607 quodin
2182 1537 2493 1595 hominibus
2526 1540 2743 1609 quidem
2795 1543 3079 1612 pluraliter
3109 1558 3224 1604 eos,
3264 1544 3356 1613 qui
3410 1556 3506 1597 eo-

1925 1629 2173 1683 rumdem
2209 1630 2515 1685 studiorum
2538 1640 2590 1686 et
2624 1633 2932 1687 ofliciorum
2958 1635 3099 1689 inter
3128 1649 3185 1689 se
3214 1632 3506 1703 participes

225 1691 507 1757 πλείονες,
534 1695 656 1748 καθ’
676 1698 868 1751 ἑαυτὸν
893 1698 1123 1766 ἕκαστος
1148 1705 1586 1776 ἀποτεταγμένος
1608 1709 1823 1778 ἐνεργεῖ

1930 1735 1991 1776 ac
2014 1721 2147 1777 socii
2173 1722 2305 1785 sint,
2326 1731 2681 1779 numerentur
2706 1733 2760 1779 et
2784 1726 3136 1780 nominentur
3169 1743 3182 1780 :
3218 1724 3508 1794 singulari-

226 1782 289 1835 τὸ
321 1786 710 1856 προκείμενον,
744 1790 896 1843 οὐδὲν
946 1793 1313 1850 ἐπικοινωνῶν
1344 1797 1401 1849 ἐν
1434 1800 1499 1866 τῇ
1542 1798 1661 1850 καθ’
1692 1800 1820 1851 ἐαυ-

225 1874 321 1927 τὸν
354 1876 609 1950 ἐνεργείᾳ
661 1880 798 1952 πρὸς
848 1883 973 1947 τοὺς
1017 1886 1078 1939 τὸ
1111 1880 1227 1939 ἴσον
1268 1887 1705 1957 ἐπιτηδεύοντας.
1755 1890 1819 1945 Εἰ

227 1967 341 2037 γάρ
366 1970 461 2022 καὶ
491 1970 733 2037 πλείονες
758 1969 866 2028 εἷεν
895 1978 942 2029 οἰ
978 1978 1229 2049 ῥήτορες,
1264 1979 1325 2031 τὸ
1358 1980 1455 2050 μὲν
1484 1982 1819 2054 ἐπιτήδευμα

225 2058 285 2113 ἓν
336 2060 420 2126 ὃν,
468 2063 529 2116 τὸ
574 2067 706 2120 αὑτὸ
753 2068 810 2121 ἐν
843 2071 953 2133 τοῖς
988 2071 1228 2125 πλείοσιν
1258 2073 1427 2143 ὄνομα
1479 2074 1631 2145 ἔχει·
1680 2077 1729 2128 οἰ
1762 2076 1819 2131 δὲ

226 2153 515 2219 μετιόντες
543 2157 664 2210 καθ’
692 2159 881 2213 ἐαυτὸν
901 2161 1129 2226 ἕκαστος
1156 2163 1471 2234 ἐνεργοῦσιν
1499 2182 1511 2197 ·
1547 2166 1691 2230 ἰδίως
1722 2169 1819 2237 ρη-

221 2243 475 2315 τορεύων
505 2248 533 2300 ὁ
562 2249 731 2317 δεῖνα,
761 2252 855 2306 καὶ
887 2253 1030 2317 ἰδίως
1063 2256 1090 2307 6
1122 2255 1325 2326 ἕτερος.

1926 1819 2010 1866 ιει·
2062 1820 2189 1865 vero
2229 1828 2430 1867 numen
2468 1812 2709 1868 divinum
2764 1823 3023 1885 tanquam
3080 1832 3223 1870 unus
3268 1816 3410 1870 Deus
3446 1826 3502 1870 ct

1929 1916 2036 1955 una
2071 1902 2247 1957 deitas
2281 1902 2520 1969 dicatur,
2576 1906 2790 1960 etiamsi
2824 1915 2935 1961 tres
2980 1907 3302 1978 liypostascs
3330 1908 3399 1961 ab
3420 1921 3503 1969 ea,

1926 2009 2050 2063 quae
2077 1994 2129 2047 in
2156 1993 2360 2049 deitate
2387 2004 2631 2065 apparet,
2657 1997 3055 2067 significatione
3078 2014 3183 2053 non
3212 2012 3474 2053 sccernan
3495 2025 3507 2037 -

1928 2085 2035 2130 tur.
2066 2078 2276 2146 Quippe
2322 2093 2447 2131 cum
2502 2080 2753 2136 homines
2788 2082 3030 2151 quidem,
3082 2084 3295 2137 etiamsi
3325 2083 3508 2152 plures

1926 2169 2171 2238 ejusdem
2195 2170 2305 2225 sint
2332 2170 2522 2234 officii,
2552 2172 2830 2241 sigillatim
2865 2175 3101 2244 quisque
3154 2175 3379 2241 (tamen)
3418 2188 3506 2227 se-

1926 2256 2153 2326 junctus
2207 2256 2317 2326 agit
2368 2265 2421 2310 et
2476 2267 2736 2327 operatur
2772 2262 2825 2315 id
2873 2264 3017 2332 quod
3060 2264 3159 2319 sibi
3215 2263 3510 2331 sumpserit

218 2340 1212 2410 efficiendum,nihilcommunicans
1245 2353 1299 2407 in
1334 2368 1432 2408 sua
1458 2354 1673 2409 actione
1695 2368 1818 2410 cum
1860 2352 1952 2415 iis,
2006 2351 2100 2421 qui
2157 2351 2405 2421 ejusdem
2446 2361 2578 2406 sunt
2630 2355 2796 2410 ofﬁcii
2837 2366 2999 2427 atque
3057 2356 3313 2411 instituti.
3372 2354 3507 2409 Nam

217 2438 327 2491 etsi
366 2440 553 2508 plures
618 2443 821 2499 fuerint
881 2454 1149 2511 oratores,
1209 2450 1448 2505 studium
1497 2449 1717 2520 quidem
1775 2457 1830 2504 et
1866 2447 2107 2503 officium
2165 2463 2288 2502 eum
2341 2449 2413 2501 sit
2439 2465 2628 2515 unum,
2664 2450 2802 2505 idem
2834 2452 2885 2506 in
2922 2453 3167 2522 pluribus
3188 2467 3381 2505 nomen
3415 2449 3510 2501 ha-

221 2531 363 2597 bet;
397 2534 495 2604 qui
521 2544 704 2593 autem
739 2540 792 2596 id
816 2551 1070 2607 tractant,
1102 2544 1379 2614 sigillatim
1412 2544 1645 2614 quisque
1667 2544 1819 2599 solus
1860 2558 2019 2599 suum
2044 2545 2319 2613 negotium
2352 2552 2520 2615 agunt
2549 2563 2561 2598 :
2587 2558 2838 2599 seorsum
2909 2545 3020 2610 ille,
3068 2544 3305 2614 itemque
3372 2542 3509 2595 alter

220 2628 531 2696 separatim
570 2634 865 2690 oratoriam
895 2646 1239 2693 exercentes.

296 2760 521 2815 Οὐκοῦν
556 2764 614 2817 ἐν
664 2766 767 2834 μὲν
801 2768 916 2831 τοῖς
946 2767 1283 2838 ἀνθρώποις,
1316 2767 1503 2839 ἐπειδὴ
1542 2767 1815 2839 διακεκρι-

228 2851 370 2923 μένη
408 2853 567 2906 ἐστὶν
604 2856 637 2925 ή
674 2856 732 2908 ἐν
758 2860 867 2919 τοῖς
909 2859 1088 2922 αὑτοῖς
1126 2858 1552 2931 ἐπιτηδεύμασιν
1584 2860 1815 2914 ἐκάστου

225 2944 505 3014 ἐνέργεια,
538 2946 746 3016 κυρίως
770 2949 951 3003 πολλοὶ
978 2949 1347 3020 ὀνομάζονται,
1371 2952 1601 3005 ἑκάστου
1634 2950 1813 3004 αὑτῶν

1999 2761 2166 2834 Igitur
2192 2763 2247 2818 in
2297 2764 2611 2822 hominibus
2640 2767 2883 2838 quidem,
2929 2767 3370 2839 quandoquidem
3407 2771 3512 2825 dis-

1924 2866 2072 2911 creta
2131 2858 2403 2929 cujusque
2443 2861 2613 2935 estin
2658 2863 2851 2917 iisdem
2906 2863 3096 2919 oﬂiciis
3139 2874 3192 2919 et
3244 2865 3512 2920 institutis

1922 2950 2067 3002 actio
2117 2958 2280 3019 atque
2321 2954 2600 3022 operatio,
2656 2955 2875 3026 proprie
2930 2958 3085 3010 multi
3133 2958 3509 3019 nominantur,

225 3037 309 3099 εἰς
348 3035 486 3091 ἰδίαν
516 3039 865 3111 περιγραφὴν
908 3041 1047 3095 κατὰ
1090 3042 1150 3094 τὸ
1181 3042 1477 3115 ἰδιότροπον
1518 3043 1617 3113 τῆς
1664 3045 1813 3113 ἐνερ-

1930 3054 2045 3093 cum
2072 3041 2296 3111 quilibet
2318 3057 2509 3096 eorum
2545 3044 2686 3099 intra
2718 3063 2849 3100 suos
2878 3048 3145 3103 terminos
3169 3064 3267 3119 pro
3302 3049 3514 3102 ratione

225 3129 387 3197 τείας
418 3129 862 3201 ἀποτεμνομένου
900 3132 1008 3186 τῶν
1042 3133 1236 3190 ἄλλων.
1280 3138 1403 3190 Ἐπὶ
1439 3136 1495 3189 δέ
1534 3137 1631 3208 τῆς
1664 3136 1814 3199 θείας

229 3219 456 3290 φύσεως
478 3260 493 3286 ,
524 3222 622 3292 οὑχ
651 3222 823 3287 οὑτως
854 3224 1150 3296 ἐμάθομεν,
1188 3229 1269 3282 ὅτι
1300 3231 1328 3282 6
1376 3230 1565 3299 Πατὴρ
1596 3230 1740 3281 ποιεῖ
1768 3245 1819 3281 τι

229 3311 361 3365 καθ’
388 3313 602 3379 ἐαυτὸν,
628 3308 691 3369 οὗ
721 3316 794 3387 μὴ
823 3319 1225 3387 συνεφάπτεται
1258 3323 1287 3375 6
1320 3321 1467 3385 Υἰός.
1501 3322 1571 3375 Ἢ
1610 3321 1771 3376 πάλιν
1794 3323 1821 3375 6

230 3402 369 3467 Υἰὺς
412 3404 723 3470 ἰδιαζόντως
760 3409 972 3480 ἐνεργεῖ
1016 3428 1070 3464 τι
1114 3412 1284 3483 χωρὶς
1333 3413 1427 3467 τοῦ
1481 3412 1817 3484 Πνεύματος.

245 3494 418 3547 Ἀλλὰ
459 3497 608 3549 πᾶσα
647 3496 898 3570 ἐνέργεια
942 3502 974 3570 ἡ
1010 3499 1193 3555 θεόθεν
1243 3504 1335 3556 ἐπὶ
1372 3503 1470 3574 τὴν
1503 3504 1681 3557 κτίσιν
1712 3504 1822 3575 διή-

233 3601 437 3651 κουσα,
478 3587 741 3641 καὶκατὰ
772 3589 871 3653 τὰς
903 3590 1274 3661 πολυτρόπους
1312 3593 1521 3656 ἐννοίας
1557 3594 1823 3665 ὀνομαζο-

240 3677 403 3748 μένη,
431 3678 495 3732 ἐκ
519 3680 730 3749 Πατρδς
747 3682 1058 3753 ἀφορμᾶται
1085 3685 1178 3737 καὶ
1203 3684 1291 3737 διὰ
1313 3685 1405 3738 τοῦ
1430 3686 1558 3740 Υἱοῦ
1582 3687 1817 3755 πρόεισι,

236 3771 336 3823 καί⁵
368 3773 431 3825 ἐν
466 3771 546 3842 τῷ
587 3772 866 3843 Πνεύματι
904 3773 980 3845 τῷ
1016 3776 1154 3847 ἁγίῳ
1185 3775 1501 3830 τελειοῦται.
1544 3778 1641 3829 Διά
1668 3778 1824 3832 τοῦτο

240 3865 323 3925 εἰς
358 3862 568 3933 πλῆθος
600 3863 709 3917 τῶν
736 3866 1100 3935 ἐνεργούντων
1128 3868 1188 3920 τὸ
1220 3868 1390 3938 ὄνομα
1422 3868 1519 3938 τῆς
1548 3868 1824 3939 ἐνεργείας

239 3955 304 4007 οὑ
338 3955 710 4025 διασχίζεται,
740 3959 819 4013 ὅτι
848 3961 946 4013 οὑκ
996 3960 1412 4030 ἀποτεταγμένη
1448 3961 1677 4014 ἑκάστου
1728 3963 1824 4016 καὶ

244 4048 528 4113 ἰδιάζουσά
554 4052 700 4105 ἐστιν
732 4053 765 4122 ἡ
805 4054 930 4125 περί
964 4070 1015 4107 τι
1044 4054 1248 4124 σπουδή
1271 4070 1284 4084 ’
1315 4054 1433 4107 ἀλλ’
1471 4054 1606 4127 ὅπερ
1637 4054 1701 4107 ἂν
1732 4054 1821 4123 γί-

238 4159 393 4195 νεται
428 4142 538 4196 τῶν
578 4144 686 4197 εἴτε
730 4146 809 4208 εἰς
863 4146 959 4216 τὴν
999 4138 1272 4216 ἡμετέραν
1307 4146 1563 4215 πρόνοιαν
1594 4145 1823 4214 φθανόν-

239 4252 371 4299 των,
402 4235 511 4287 εῐτε
538 4235 671 4305 πρὸς
701 4236 799 4307 τὴν
830 4236 922 4290 τοῦ
952 4237 1150 4300 παντὸς
1173 4238 1481 4309 οἰκονομίαν
1511 4238 1604 4292 καὶ
1631 4237 1828 4291 σύστα-

242 4342 351 4390 σιν,
381 4324 471 4377 διὰ
498 4326 606 4377 τῶν
635 4325 804 4397 τριῶν
832 4327 927 4398 μὲν
964 4326 1192 4395 γίνεται,
1228 4329 1286 4381 οὑ
1319 4329 1424 4398 μὴν
1457 4330 1581 4399 τρία
1614 4332 1729 4382 ἐστὶ
1757 4330 1827 4383 τά

238 4415 526 4485 γινόμενα.
565 4416 865 4487 Νοήσωμεν
905 4417 961 4470 δέ
996 4418 1055 4470 τὸ
1087 4418 1398 4489 λεγόμενον,
1430 4420 1514 4489 ἐφ’
1544 4422 1659 4483 ἐνός
1681 4438 1825 4485 τινος

240 4506 571 4574 πράγματος
592 4522 604 4535 ·
644 4505 737 4558 ἀπ’
772 4503 936 4558 αὑτοῦ
960 4505 1105 4573 λέγω
1131 4505 1224 4558 τοῦ
1255 4494 1549 4575 κεφαλαίου
1585 4496 1692 4575 τῶν
1724 4524 1825 4576 χα-

249 4595 534 4666 ρισμάτων
568 4596 712 4667 ζωῆς
748 4595 1068 4666 τετύχηκεν,
1097 4597 1195 4649 ὅσα
1227 4597 1519 4666 μετείληφε
1547 4599 1645 4667 τῆς
1682 4598 1831 4669 χάρι-

244 4704 337 4752 τος
376 4686 606 4758 ταύτης.
658 4686 1032 4752 Ἐξετάζοντες
1065 4682 1156 4739 οὖν
1192 4686 1354 4739 πόθεν
1393 4688 1522 4756 ἡμῖν
1558 4686 1747 4754 γέγονε
1771 4687 1831 4739 τὸ

245 4778 487 4831 τοιοῦτον
540 4778 767 4847 ἀγαθὸν,
810 4778 1133 4849 εὑρίσκομεν
1176 4777 1264 4830 διὰ
1302 4777 1402 4846 τῆς
1442 4775 1548 4828 τῶν
1602 4776 1832 4847 Γραφῶν

246 4870 491 4941 ὁδηγίας,
509 4871 591 4923 ὅτι
612 4872 675 4923 ἐκ
696 4871 910 4941 Πατρὸς
931 4870 1023 4922 καὶ
1045 4868 1173 4922 Υἱοῦ
1193 4868 1288 4921 καὶ
1312 4867 1623 4938 Πνεύμανος
1652 4868 1828 4935 ἁγίου.

260 4960 402 5012 Ἀλλ’
429 4961 529 5014 οὑκ
563 4960 752 5030 ἐπειδὴ
785 4959 913 5030 τρία
943 4957 1311 5028 ὑποτιθέμεθα
1343 4957 1610 5028 πρόσωπά
1638 4974 1698 5009 τε
1740 4956 1835 5009 καί¹

248 5052 522 5121 ὀνόματα,
561 5053 713 5121 τρεῖς
746 5051 839 5103 καὶ
886 5050 1031 5114 ζωὰς
1076 5049 1222 5111 ἰδίως
1254 5048 1382 5117 μίαν
1428 5050 1556 5119 παρ’
1603 5048 1834 5101 ἑκάστου

248 5142 428 5196 αὑτῶν
477 5142 819 5214 δεδωρῆσθαι
866 5142 996 5211 ἡμῖν
1047 5140 1372 5209 λογιζόμεθα
1399 5156 1411 5169 ·
1444 5139 1556 5192 ἀλλ’
1610 5142 1641 5210 ἡ
1683 5138 1821 5211 αὑτῂ

249 5239 360 5309 ζωὴ
404 5241 501 5294 καὶ
538 5239 691 5311 παρὰ
721 5236 814 5292 τοῦ
842 5237 1054 5308 Πατρὸς
1082 5239 1402 5307 ἐνεργεῖται,
1440 5236 1535 5289 καὶ
1564 5236 1714 5306 παρὰ
1743 5236 1835 5289 τοῦ

252 5329 380 5382 Υἰοῦ
416 5330 814 5401 ἐτοιμάζεται’,
864 5326 957 5380 καί
994 5327 1093 5397 τῆς
1121 5326 1215 5393 τοῦ
1255 5324 1574 5395 Πνεύματος
1603 5325 1834 5395 ἐξῆπται

254 5420 581 5495 βουλήσεως.

328 5570 552 5639 Ἐπειδὴ
598 5566 785 5621 τοίνυν
818 5564 938 5619 καθ’
968 5564 1261 5634 ὁμοιότητα
1289 5560 1380 5615 τοῦ
1411 5561 1700 5633 εἰρημένου
1736 5565 1842 5617 πᾶ-

250 5681 343 5718 σαν
382 5662 680 5733 ἐνέργειαν
712 5656 772 5710 οὑ
805 5655 1145 5727 διῃρημένως
1183 5656 1396 5724 ἐνεργεῖ
1435 5654 1575 5707 κατά
1614 5654 1702 5708 τὸν
1733 5654 1844 5710 τῶν

1926 3130 2009 3184 sui
2038 3130 2334 3199 peculiaris
2366 3134 2573 3202 negotii
2604 3135 2672 3187 ab
2724 3137 2850 3190 aliis
2879 3146 3184 3208 separetur.
3222 3141 3289 3192 At
3347 3141 3399 3192 in
3427 3140 3516 3193 di-

1924 3220 2052 3274 vina
2110 3228 2305 3275 natura
2350 3236 2459 3275 non
2510 3223 2583 3276 ita
2633 3222 2923 3279 didicimus
2975 3228 3119 3295 quod
3155 3227 3311 3281 Pater
3353 3228 3516 3281 faciat

1922 3310 2125 3380 aliquid
2156 3326 2249 3381 per
2287 3327 2347 3366 ιε
2379 3313 2551 3378 solus,
2585 3314 2728 3383 quod
2764 3314 2932 3370 Filius
2985 3333 3092 3370 non
3142 3333 3247 3371 una
3282 3333 3404 3371 cum
3449 3334 3515 3372 eo

1922 3407 2193 3470 capessat.
2208 3401 2313 3456 Aut
2329 3401 2499 3458 Filius
2518 3418 2709 3458 rursus
2730 3406 3081 3473 peculiariter
3108 3406 3309 3475 aliquid
3328 3423 3515 3479 opere«

1921 3498 2012 3546 tur
2040 3492 2245 3562 absque
2274 3491 2502 3563 Spiritu.
2542 3491 2648 3548 Sed
2675 3494 2852 3548 omnis
2889 3493 3031 3548 actio
3048 3494 3115 3549 ad
3142 3504 3448 3550 creaturam
3484 3517 3513 3549 a

1924 3582 2036 3638 Deo
2058 3584 2399 3654 perveniens,
2433 3601 2554 3655 qua:
2573 3584 2872 3640 secundum
2896 3588 3069 3641 varias
3089 3588 3337 3642 notiones
3356 3596 3518 3656 atque

1924 3677 2393 3733 considerationes
2419 3693 2619 3732 nomen
2641 3679 2857 3747 accipit,
2884 3694 2913 3732 a
2944 3677 3103 3733 Patre
3126 3678 3515 3748 proficiscitur,

1923 3777 1980 3823 ει
2001 3783 2095 3838 ρει·
2119 3767 2314 3823 Filium
2351 3769 2777 3841 progreditur,et
2795 3770 2847 3823 in
2867 3769 3069 3840 Spiritu
3096 3779 3286 3824 sancto
3303 3769 3517 3841 perﬁci-

1927 3868 2037 3914 tur.
2089 3858 2302 3915 ldcirco
2352 3860 2407 3914 in
2468 3860 2868 3915 multitudinem
2917 3862 3257 3932 operantium
3314 3876 3513 3915 nomen

1925 3953 2188 4009 efficacia:
2227 3970 2338 4009 non
2393 3953 2683 4017 scinditur,
2717 3955 2977 4023 quoniam
3028 3968 3135 4009 non
3199 3962 3515 4023 separatum

1926 4047 2193 4117 cujusque
2221 4054 2383 4116 atque
2409 4047 2683 4115 peculiare
2707 4048 2853 4101 circa
2872 4047 3111 4117 aliquam
3136 4061 3250 4100 rem
3275 4045 3517 4101 studium

1926 4146 2010 4195 est
2041 4158 2052 4192 :
2090 4140 2183 4194 sed
2215 4138 2481 4209 quidquid
2513 4139 2592 4203 fit,
2634 4140 2778 4210 quod
2805 4140 2887 4195 vel
2918 4139 2985 4193 ad
3014 4139 3188 4193 nostri
3229 4138 3519 4207 providen-

1928 4230 2082 4295 tiam,
2134 4229 2216 4284 vel
2247 4228 2315 4283 ad
2365 4244 2592 4284 summa:
2646 4245 2829 4285 rerum
2880 4229 3415 4285 administrationem
3464 4236 3518 4280 et

1931 4321 2379 4376 constitutionem
2424 4321 2715 4391 pertineat,
2762 4336 2856 4389 per
2894 4331 3005 4374 tres
3051 4320 3268 4389 quidem
3302 4318 3379 4380 lit,
3412 4334 3517 4371 non

1930 4422 2110 4466 tamen
2138 4411 2243 4464 tria
2282 4418 2429 4477 sunt,
2458 4428 2577 4482 quze
2636 4412 2789 4465 fiunt.
2836 4410 3203 4479 lntelligemus
3254 4417 3431 4462 autem
3465 4408 3516 4461 id

1929 4504 2073 4573 quod
2103 4502 2305 4557 dicitur
2340 4520 2434 4574 per
2470 4518 2633 4557 unam
2666 4504 2905 4573 aliquam
2934 4517 3086 4556 rem:
3130 4500 3198 4555 ab
3235 4500 3374 4570 ipso,
3432 4500 3519 4555 in-

1940 4609 2127 4663 quam,
2164 4594 2342 4663 capite
2388 4594 2798 4673 bcqcliciorum,
2831 4595 2998 4649 vitam
3033 4602 3329 4648 consecuta
3367 4601 3517 4657 sunt,

1933 4702 2273 4757 quacunque
2304 4688 2356 4741 in
2384 4686 2546 4757 hujus
2580 4686 2828 4742 beneficii
2870 4687 3186 4741 societatem
3231 4693 3517 4741 venerunt.

1936 4777 1993 4831 Si
2028 4784 2339 4832 scrutemur
2392 4778 2575 4846 igitur,
2603 4778 2749 4833 unde
2775 4777 2933 4832 nobis
2964 4777 3069 4830 tale
3099 4776 3298 4830 bonum
3346 4776 3522 4829 conti-

1935 4871 2095 4940 gerit,
2122 4886 2185 4924 ει
2209 4872 2730 4925 commonstratione
2754 4869 3163 4938 Scripturarum
3195 4869 3518 4937 reperimus,

1937 4961 1991 5015 id
2026 4962 2188 5017 nobis
2222 4964 2518 5034 contigisse
2548 4978 2578 5017 a
2628 4961 2789 5016 Patre
2818 4970 2871 5016 et
2900 4958 3038 5015 Filio
3064 4968 3117 5015 et
3152 4959 3355 5030 Spiritu
3389 4976 3515 5015 san-

1936 5060 2045 5109 cto.
2082 5052 2149 5107 At
2180 5068 2287 5107 non
2310 5055 2569 5123 quoniam
2612 5062 2722 5110 tres
2764 5068 3028 5123 personas
3050 5067 3113 5107 ac
3143 5054 3249 5107 tria
3297 5053 3519 5106 nomina
3610 5102 3617 5108 .

1937 5145 2317 5216 proponimus,
2348 5156 2458 5201 tres
2515 5147 2677 5200 etiam
2722 5148 2885 5210 vitas,
2924 5146 3215 5216 separatim
3267 5160 3429 5198 unam
3454 5142 3524 5195 ab

1940 5253 2272 5307 unoquoque
2301 5254 2491 5292 eorum
2524 5239 2774 5310 largitam
2802 5238 2957 5293 nobis
2990 5253 3113 5293 esse
3148 5236 3476 5291 arbitramur
3505 5250 3521 5298 ;

1948 5329 2040 5382 sed
2079 5328 2269 5382 eadem
2313 5328 2422 5381 vita
2454 5336 2507 5384 et
2573 5345 2601 5383 a
2673 5329 2832 5385 Patre
2874 5336 3185 5400 praestatur,
3239 5333 3293 5380 et
3326 5340 3354 5378 a
3386 5321 3525 5378 Filio

1941 5420 2246 5492 expeditur,
2272 5428 2325 5476 et
2350 5438 2379 5476 a
2403 5420 2643 5492 Spiritus
2673 5422 2872 5492 pendet
2903 5422 3203 5475 voluntate.

2019 5564 2289 5630 Quoniam
2346 5566 2514 5636 igitur
2567 5566 2634 5619 ad
2705 5562 3119 5620 similitudinem
3175 5558 3318 5628 ejus.
3376 5556 3525 5630 quod

1948 5656 2112 5713 modo
2137 5656 2345 5712 dictum
2373 5665 2477 5723 est,
2504 5673 2610 5713 non
2633 5655 2850 5712 divisim
2874 5669 2972 5726 pro
3007 5668 3235 5709 numero
3269 5652 3524 5723 liyposta—
