3980 6198
492 214 593 267 127

1693 213 1751 268 S.
1788 209 2113 267 GltEGOBll
2147 210 2194 263 ,Ν
2208 209 2447 268 YSSENI

3658 215 3769 269 1‘28

490 338 625 377 scon
678 330 868 378 sancta
943 322 1183 378 Trinitas
1221 339 1436 379 omnem
1464 326 1735 381 actionem
1784 334 2065 397 Operatur,

2193 329 2521 383 inocrdsswv
2573 330 2802 401 ἀριθμὸν
2852 332 2884 402 ἡ
2926 330 3055 399 ἁγία
3096 326 3294 396 Τριὰς,
3349 326 3483 380 ἀλλὰ
3526 327 3624 397 μία
3675 344 3768 387 τις

492 416 587 471 St‘d
616 431 758 471 unus
791 416 1013 485 quidem
1042 416 1195 471 bona:
1226 418 1525 473 voluntatis
1561 430 1763 484 motus,
1825 436 1933 473 una
1964 420 2079 475 dis-

493 509 695 578 positio
757 516 862 570 est,
927 523 1049 576 quae
1076 523 1106 562 a
1141 506 1300 563 Patre
1350 525 1447 578 per
1484 508 1683 563 Filium
1716 509 1783 563 ad
1811 509 2078 579 Spiritum

496 616 667 668 usque
726 598 1015 653 deducitur
1056 608 1220 670 atque
1264 601 1562 672 dirigitur:
1614 602 2076 670 quemadmodum

497 706 602 745 non
631 692 864 745 dicimus
894 699 1007 747 tres
1037 694 1381 749 viviﬁcantes
1408 710 1525 758 eos,
1584 696 1678 765 qui
1716 709 1878 748 unam
1905 694 2075 748 vitam

496 790 771 851 praestant,
798 799 972 853 neque
1000 795 1109 840 tres
1155 786 1347 852 bonos,
1380 786 1472 856 qui
1523 786 1578 839 in
1618 785 1805 841 eadem
1836 786 2079 840 bonitate

496 872 937 934 considerantur,
967 889 1069 928 nec
1094 874 1303 943 reliqua
1357 876 1541 929 omnia
1576 875 1864 945 pluraliter
1903 890 2080 930 enun-

495 970 737 1022 tiamus:
796 968 987 1023 eodem
1038 968 1199 1023 modo
1228 985 1407 1039 neque
1437 977 1551 1024 tres
1601 971 1734 1026 deos
1790 970 2081 1025 nominare

495 1076 788 1129 possumus
811 1076 928 1122 eos,
955 1062 1044 1130 qui
1084 1062 1221 1115 hanc
1243 1060 1450 1131 θεικήν,
1486 1062 1539 1116 id
1570 1073 1675 1124 est,
1700 1062 1933 1116 divinam
1968 1065 2082 1118 sive

494 1152 855 1217 iuspectricem
904 1154 1158 1206 virtutem
1208 1160 1262 1207 et
1297 1154 1568 1207 actionem
1631 1163 1746 1206 tum
1808 1155 1862 1207 in
1896 1154 2079 1219 nobis,

494 1251 609 1296 tum
644 1244 697 1296 in
750 1244 896 1297 omni
929 1252 1200 1310 creatura,
1232 1245 1569 1313 conjunctim
1612 1252 1665 1298 et
1704 1260 1815 1307 non
1858 1259 2084 1314 separa-

495 1336 593 1388 tim
655 1350 751 1405 pur
794 1351 913 1390 sese
965 1336 1198 1390 invicem
1252 1346 1529 1391 exercent.
1577 1334 1643 1390 Ut
1672 1338 1816 1391 enim
1852 1338 1920 1391 de
1972 1336 2084 1391 Deo

496 1440 722 1479 summa:
754 1440 933 1479 rerum
975 1424 1121 1479 docti
1157 1423 1442 1496 Scriptura
1489 1424 1723 1489 dicente,
1759 1426 1907 1495 quod
1936 1425 2086 1495 judi-

495 1524 580 1569 cet
598 1530 811 1568 onmem
846 1523 1066 1577 terram,
1088 1515 1330 1585 judicem
1351 1532 1474 1571 eum
1501 1516 1879 1571 universarum
1901 1531 2086 1571 rerum

498 1620 596 1674 per
630 1603 829 1659 Filium
864 1621 985 1661 esse
1033 1606 1268 1663 dicimus
1311 1625 1323 1660 :
1359 1620 1423 1661 ac
1459 1622 1653 1662 rursus
1685 1608 1776 1662 ubi
1808 1606 2086 1663 audiveri-

498 1711 641 1762 mus,
671 1696 813 1766 quod
840 1696 1000 1752 Pater
1022 1699 1296 1754 neminem
1314 1697 1548 1768 judicet,
1567 1714 1675 1754 non
1704 1700 2083 1757 existimamus

502 1804 741 1858 pugnare
774 1805 955 1844 secum
988 1790 1350 1860 Scripturam.
1385 1790 1519 1844 Nam
1537 1791 2083 1862 quijudicatomnem

501 1889 723 1948 terram,
758 1898 852 1951 per
882 1881 1103 1948 Filium,
1145 1884 1233 1937 cui
1263 1899 1425 1940 omne
1450 1885 1942 1956 dcditjudicium',
1981 1887 2083 1941 hoc

502 1974 631 2028 facit
664 1994 675 2028 :
706 1990 769 2027 ac
811 1976 1074 2046 quidquid
1108 1993 1205 2046 per
1242 1975 1597 2047 Unigenitum
1658 1978 1736 2042 ﬁt,
1765 1978 1832 2032 ad
1864 1977 2082 2032 Patrem

500 2066 820 2120 relationem
851 2067 1032 2129 habet,
1069 2076 1127 2121 ut
1158 2074 1213 2122 et
1243 2068 1357 2137 ipse
1380 2069 1547 2137 judex
1576 2069 1957 2124 universarum
1996 2084 2086 2123 re-

501 2174 619 2211 rum
646 2158 738 2222 sit,
774 2166 828 2211 et
880 2158 1657 2228 neminemjudicetyquippe
1712 2174 1861 2222 cum,
1911 2168 1971 2212 ut
2003 2158 2088 2213 di-

502 2258 648 2302 ttum
688 2260 794 2313 est,
842 2249 1111 2317 judiciu'm
1139 2264 1301 2303 omne
1357 2248 1500 2302 Filio
1539 2248 1772 2315 dederit,
1807 2258 1861 2304 et
1923 2265 2086 2305 omne

498 2342 763 2409 judicium
799 2341 921 2396 Filii
953 2357 981 2395 a
1006 2340 1184 2397 Patris
1213 2343 1492 2399 voluntate
1518 2343 1797 2399 diversum
1830 2359 1938 2398 non
1968 2345 2040 2399 sit
2068 2361 2082 2398 :

504 2448 604 2486 nec
644 2441 789 2487 recte
819 2433 943 2502 quis
974 2432 1196 2494 dixerit,
1240 2432 1326 2487 vel
1354 2432 1495 2489 duos
1545 2433 1788 2503 judices,
1836 2434 1922 2489 vel
1949 2435 2086 2489 alte-

504 2540 621 2577 nun
651 2526 919 2595 privatum
948 2539 1010 2578 ac
1034 2524 1329 2594 spoliatum
1354 2540 1475 2581 esse
1499 2526 1699 2581 virtute
1724 2542 1789 2581 ac
1815 2535 2086 2597 potestate

499 2615 782 2683 iudicandi
817 2634 830 2669 :
865 2617 936 2668 ita
964 2616 1127 2669 etiam
1162 2615 1215 2667 in
1239 2614 1539 2672 divinitatis
1569 2619 1799 2682 ratione,
1830 2617 2085 2673 Christus

507 2707 598 2759 Dei
630 2707 825 2769 virtus,
857 2714 909 2760 et
940 2705 1029 2759 Dei
1058 2707 1325 2776 sapientia
1350 2716 1435 2762 est
1471 2726 1485 2762 :
1516 2717 1678 2779 atque
1701 2709 2084 2779 iuspectricem

506 2812 569 2850 ac
602 2796 877 2866 θεατικὴν.
920 2796 972 2850 id
1014 2806 1117 2860 est,
1187 2799 1551 2867 spectatricem
1619 2801 1885 2861 virtutem,
1923 2815 2085 2869 quam

508 2888 768 2941 nimirum
811 2887 1039 2957 θεότητα
1082 2889 1133 2943 id
1164 2899 1249 2943 est
1304 2889 1556 2944 deitatem
1588 2890 1706 2946 sive
1755 2891 2085 2945 divinitatem

2178 421 2381 488 γίνεται
2419 422 2511 476 τοῦ
2557 423 2763 492 ἀγαθοῦ
2808 423 3106 491 θελήματος
3152 418 3360 489 κίνησίς
3396 436 3453 470 τε
3501 420 3597 470 καὶ
3638 417 3758 470 διαο

2178 512 2447 583 κόσμησις
2466 553 2479 577 ,
2525 517 2589 567 ἐκ
2627 515 2838 586 Πατρδς
2867 514 2955 565 διὰ
2976 511 3068 565 τοῦ
3098 510 3228 563 Υῐοῦ
3270 510 3404 579 πρὸς
3441 510 3500 562 τὸ
3529 508 3768 579 Πνεῦμα

2179 603 2574 673 διεξαγομένη’
2619 605 2693 668 ὡς
2735 603 2839 674 γὰρ
2878 605 2939 657 οὐ
2991 602 3223 671 λέγομεν
3267 603 3419 672 τρεῖς
3456 600 3769 664 ζωοποιούς

2179 694 2304 755 τούς
2324 692 2419 763 τὴν
2446 694 2573 764 μίαν
2604 692 2957 765 ἐνεργοῦντας
2990 692 3155 763 ζωὴν,
3190 690 3309 743 οὐδέ
3342 693 3492 760 τρεῖς
3517 690 3773 758 ἀγαθοὺς

2179 783 2306 846 τοὺς
2353 786 2411 836 ἐν
2460 785 2596 856 αὐτῇ
2628 788 2694 855 τῇ
2732 785 3025 855 ἀγαθότητι
3061 782 3470 853 θεωρουμένους
3494 821 3507 843 ,
3540 781 3667 834 οὐδὲ
3698 782 3769 833 τὰ

2181 873 2316 927 ἄλλα
2351 875 2525 929 πάντα
2560 875 2936 945 πληθυντικῶς
2966 873 3364 943 ἐξαγγέλλομεν
3389 892 3402 903 ·
3434 873 3613 935 οὕτως
3643 872 3771 926 οὐδὲ

2181 969 2329 1036 τρεῖς
2376 965 2537 1031 θεοὺς
2585 967 2870 1038 ὀνομάζειν
2915 965 3226 1036 δυνάμεθα,
3265 965 3390 1028 τούς
3436 966 3537 1033 τὴν
3577 962 3772 1034 θεῖκὴν

2183 1057 2406 1126 ταύτην,
2457 1059 2576 1129 ἦτοι
2628 1060 2931 1130 ἐποπτικὴν
2977 1058 3204 1128 δύναμιν
3246 1075 3304 1109 τε
3352 1056 3447 1109 καὶ
3484 1057 3773 1127 ἐνέργειαν

2185 1150 2545 1221 συνημμένως
2572 1153 2665 1204 καὶ
2694 1151 3020 1223 ἀδιακρίτως
3046 1150 3111 1203 δι’
3138 1150 3379 1220 ἀλλήλων
3408 1149 3491 1217 ἐφ’
3521 1149 3678 1219 ἡμῶν
3713 1166 3774 1202 τε

2184 1243 2280 1295 καὶ
2325 1243 2505 1315 πάσης
2552 1246 2651 1315 τῆς
2685 1245 2919 1306 κτίσεως
2968 1241 3345 1313 ἐνεργοῦντας.
3402 1242 3614 1312 ’Ὠσπερ
3659 1243 3775 1312 γὰρ

2189 1334 2449 1405 μαθόντες
2480 1337 2608 1407 περὶ
2640 1335 2735 1388 τοῦ
2766 1335 2898 1387 Θεοῦ
2927 1333 3032 1387 τῶν
3052 1334 3189 1387 ὅλων
3212 1335 3308 1404 τῆς
3329 1334 3548 1403 Γραφῆς
3578 1333 3778 1402 λεγού-

2188 1442 2307 1495 σης,
2340 1426 2544 1497 κρίνειν
2580 1427 2742 1479 αὐτὸν
2772 1428 2950 1478 πᾶσαν
2985 1426 3082 1496 τὴν
3110 1426 3234 1495 γῆν,
3279 1426 3470 1496 κριτὴν
3500 1425 3595 1478 τοῦ
3628 1443 3774 1479 πανο

2186 1518 2277 1581 τὸς
2298 1518 2461 1571 αὐτὸν
2487 1515 2626 1572 εἶναι
2654 1520 2740 1573 διὰ
2765 1519 2856 1573 τοῦ
2884 1519 3015 1572 Υίοῦ
3046 1535 3246 1588 φαμεν.
3273 1519 3383 1571 Καὶ
3406 1519 3570 1572 πάλιν
3600 1519 3773 1571 ἀκού-

2191 1627 2411 1675 σαντες,
2456 1612 2535 1665 ὅτι
2576 1614 2604 1664 ό
2640 1611 2829 1683 Πατὴρ
2865 1613 3040 1682 κρίνει
3081 1612 3271 1665 οὐδένα
3297 1651 3310 1676 ,
3345 1613 3442 1681 οὐχ
3486 1612 3774 1681 ἡγούμεθα

2194 1700 2461 1771 μάχεσθαι
2494 1701 2631 1772 πρὸς
2666 1702 2863 1772 ἑαυτὴν
2903 1702 2998 1772 τὴν
3040 1703 3285 1775 Γραφήν.
3330 1704 3387 1755 '0
3422 1704 3531 1774 γὰρ
3565 1704 3774 1775 κρίνων

2193 1794 2373 1846 πᾶσαν
2413 1792 2511 1863 τὴν
2552 1793 2655 1862 γῆν
2695 1793 2784 1846 διὰ
2820 1793 2915 1846 τοῦ
2953 1794 3079 1847 Υἱοῦ
3103 1837 3117 1860 ,
3160 1790 3202 1863 ᾧ
3232 1797 3410 1848 πᾶσαν
3443 1796 3642 1848 δέδωκε
3675 1798 3778 1868 τὴν

2191 1883 2396 1954 κρίσιν,
2429 1883 2767 1955 τοῦτοῠποιεῖ
2788 1902 2801 1914 ο
2832 1885 2930 1937 καὶ
2979 1886 3085 1938 πᾶν
3116 1886 3176 1938 τὸ
3209 1886 3362 1955 παρὰ
3396 1885 3490 1937 τοῦ
3537 1888 3779 1954 Μονογε-

2190 1976 2316 2039 νοῦς
2341 1977 2645 2047 γινόμενον,
2683 1979 2761 2039 εἰς
2793 1976 2883 2029 τὸν
2925 1976 3141 2046 Πατέρα
3169 1977 3267 2048 τὴν
3321 1978 3602 2048 ἀναφορὰν
3636 1977 3775 2047 ἔχει,

2192 2063 2331 2117 ὥστε
2357 2066 2447 2118 καί
2472 2065 2665 2136 κριτὴν
2696 2066 2856 2118 αὐτὸν
2890 2066 2982 2118 τοῦ
3011 2068 3209 2129 παντὸς
3244 2062 3401 2131 εἶναι,
3444 2066 3537 2119 καὶ
3563 2069 3779 2136 κρίνειν

2194 2158 2397 2227 μηδένα
2422 2158 2508 2210 διὰ
2534 2158 2595 2209 τὸ
2618 2159 2819 2221 πᾶσαν,
2845 2157 2919 2222 ὡς
2951 2157 3188 2230 εἴρηται,
3216 2158 3313 2229 τὴν
3344 2159 3525 2230 κρίσιν
3550 2159 3629 2229 τῷ
3662 2160 3781 2229 Υἱῷ

2191 2249 2515 2309 δεδωκέναι,
2544 2250 2638 2302 καὶ
2677 2249 2857 2302 πᾶσαν
2896 2248 2993 2318 τὴν
3027 2249 3121 2302 τοῦ
3154 2248 3285 2301 Υἱοῦ
3319 2249 3496 2319 κρίσιν
3540 2249 3637 2302 τοῦ
3672 2268 3780 2303 πα-

2190 2339 2381 2411 τρικοῦ
2421 2338 2495 2410 μὴ
2524 2338 2994 2409 ἅπηλλοτριῶσθαι
3038 2338 3375 2409 βουλήματος
3395 2354 3406 2368 ·
3440 2338 3534 2390 καὶ
3576 2339 3680 2391 οὐκ
3709 2339 3777 2392 ἄν

2190 2450 2276 2495 τις
2308 2432 2563 2500 εὐλόγως,
2589 2431 2622 2502 ἢ
2652 2431 2745 2484 δύο
2774 2431 2966 2502 κριτάς
2996 2430 3160 2496 εἴποι,
3200 2430 3233 2501 ἢ
3269 2431 3361 2483 τὸν
3395 2430 3582 2501 ἕτερον
3617 2431 3780 2500 ἠλλο-

2190 2523 2455 2594 τριῶσθαι
2484 2524 2583 2591 τῆς
2617 2524 2759 2577 κατὰ
2789 2524 2887 2594 τὴν
2914 2523 3095 2593 κρίσιν
3125 2522 3376 2587 ἐξουσίας
3406 2539 3464 2574 τε
3498 2523 3593 2574 καὶ
3620 2523 3778 2576 δυνά-

2196 2632 2341 2685 μεως
2361 2630 2373 2642 ·
2404 2612 2576 2678 οὕτως
2613 2615 2708 2668 καὶ
2734 2614 2829 2668 ἐπὶ
2861 2614 2956 2667 τοῦ
2992 2616 3089 2685 τῆς
3118 2614 3373 2684 Θεότητος
3409 2614 3602 2682 λόγου,
3644 2616 3782 2686 Χρι-

2194 2705 2317 2769 στὸς
2348 2704 2481 2758 Θεοῦ
2526 2705 2789 2777 δύναμις,
2836 2706 2931 2759 καὶ
2972 2705 3106 2758 Θεοῦ
3149 2705 3337 2775 σοφίαο
3382 2706 3476 2758 καὶ
3515 2706 3617 2776 τὴν
3649 2708 3783 2759 61:0-

2192 2798 2391 2868 πτικήν
2426 2814 2485 2850 τε
2519 2798 2613 2851 καὶ
2656 2797 2910 2867 θεατικὴν
2957 2796 3206 2865 δύναμιν,
3233 2798 3408 2867 ἥνπερ
3440 2796 3503 2867 δὴ
3548 2797 3782 2866 θεότητα

2191 2889 2442 2960 λέγομεν,
2472 2888 2561 2941 διὰ
2590 2888 2681 2941 τοῦ
2708 2889 3045 2956 Μονογενοῦς
3069 2891 3095 2941 ὁ
3120 2888 3309 2959 Πατὴρ
3341 2890 3574 2959 ἐνεργεῖ,
3603 2888 3698 2940 τοῦ
3722 2889 3781 2941 δέ

506 2984 762 3063 dicimus,
790 2999 886 3052 per
916 2983 1270 3052 Uuigeuitum
1304 2982 1469 3039 Pater
1502 2993 1782 3056 operatur,
1834 2982 1969 3041 Filio
1996 3001 2088 3041 au-

2195 2977 2325 3032 Υἱοῦ
2358 2978 2538 3031 πᾶσαν
2576 2978 2813 3047 δύναμιν
2848 2980 2906 3031 ἐν
2933 2976 3010 3047 τῷ
3043 2978 3179 3047 ἁγίῳ
3212 2977 3487 3047 Πνεῦματι
3518 2977 3784 3030 τελειοῦν-

509 3086 616 3129 tem
642 3090 855 3129 onmem
886 3076 1139 3130 virtutem
1171 3077 1224 3131 in
1259 3076 1464 3146 Spiritu
1527 3086 1718 3134 sancto
1749 3078 2084 3148 perﬁciente,

509 3181 570 3220 ac
598 3166 883 3236 judicante
907 3168 1126 3236 quidem
1156 3209 1170 3232 ,
1202 3176 1263 3223 ut
1298 3168 1465 3225 Isaias
1491 3170 1645 3234 dicit,
1691 3170 1745 3224 iu
1779 3170 2088 3241 spirituju‘

508 3261 662 3328 dicii,
699 3271 751 3316 et
780 3262 980 3333 spiritu
1014 3262 1362 3319 adustionis"
1390 3282 1403 3318 :
1443 3271 1706 3333 operante
1738 3266 1865 3317 item
1890 3278 2090 3317 secun-

511 3353 641 3408 dum
672 3354 950 3424 Evangelii
990 3368 1200 3417 vocem,
1230 3368 1391 3422 quam
1419 3353 1481 3408 ad
1513 3350 1731 3408 Judaeos
1775 3352 1963 3409 edidit.
1999 3352 2091 3406 Di-

511 3444 749 3498 citenim
774 3444 793 3473 "
820 3460 831 3495 :
860 3461 877 3492 ι
910 3440 965 3495 Si
1001 3450 1180 3496 autem
1210 3457 1311 3513 ego
1340 3444 1393 3496 in
1428 3442 1634 3512 Spiritu
1659 3443 1750 3498 Dei
1782 3443 1943 3513 ejicio
1981 3442 2092 3498 da:-

512 3534 694 3587 mouia
730 3552 742 3587 :
790 3552 809 3584 ι
843 3548 871 3586 a
897 3542 1050 3604 parte
1085 3538 1253 3586 totam
1281 3532 1518 3603 speciem
1550 3533 1801 3589 beneficii
1835 3548 2091 3604 compre-

514 3625 757 3680 laendens
776 3640 871 3695 per
889 3639 1007 3679 eam
1023 3639 1143 3695 quae
1161 3624 1307 3678 circa
1324 3623 1675 3679 efficientiam
1693 3634 1775 3680 est
1790 3626 2087 3680 unitatem:

514 3734 609 3787 per
644 3733 807 3786 quam
833 3716 1099 3771 unitatem
1131 3726 1320 3771 mutua
1352 3732 1515 3786 opera
1554 3714 1840 3771 efﬁcientia
1872 3732 2096 3772 exerce-

513 3817 622 3868 tur,
655 3821 822 3860 unum
852 3822 1049 3861 nomen
1082 3807 1385 3862 efﬁcientia:
1411 3808 1464 3861 in
1499 3808 1671 3861 multo
1716 3807 1997 3876 dispertiri
2032 3823 2096 3863 ac

514 3897 681 3952 dividi
733 3913 840 3951 non
875 3906 1074 3967 potest.
1114 3898 1385 3963 Quoniam
1432 3898 1578 3952 enim
1615 3913 1720 3952 una
1751 3899 2096 3969 inspectricis

514 3999 567 4043 et
595 3987 941 4056 speclatricis
969 3989 1191 4044 virtutis
1248 3990 1388 4043 ratio
1432 3989 1559 4056 (est)
1592 3989 1647 4042 in
1680 3987 1841 4043 Patre
1879 3998 1931 4043 et
1960 3987 2097 4044 Filio

514 4087 568 4132 ct
604 4066 812 4146 Spiritu
866 4086 1078 4145 sancto,
1116 4078 1576 4148 quemadmodum
1614 4078 1668 4132 iu
1721 4078 2098 4148 superioribus

516 4172 721 4225 dictum
753 4178 860 4235 est,
889 4187 1010 4239 qua:
1042 4186 1107 4225 ex
1138 4170 1303 4225 Patre
1334 4170 1555 4240 quidem
1589 4178 1847 4240 tanquam
1892 4185 1923 4223 a
1950 4169 2100 4227 ferite

515 4259 753 4329 quodam
804 4260 1190 4330 proﬁciscitur,
1227 4276 1255 4314 a
1282 4258 1420 4314 Filio
1446 4275 1574 4314 vero
1602 4259 1669 4313 ad
1697 4259 1969 4315 actionem
2006 4260 2099 4314 de-

2188 3090 2313 3139 τος,
2363 3074 2457 3124 καὶ
2499 3072 2773 3139 κρίνοντος
2816 3069 2951 3139 μὲν,
3003 3068 3182 3131 καθὼς
3232 3068 3459 3133 Ἡσαΐας
3494 3070 3687 3139 φησὶν,
3724 3070 3785 3120 ἐν

2192 3163 2462 3234 πνεύματι
2489 3163 2743 3233 κρίσεως,
2776 3163 2868 3214 καὶ
2894 3160 3162 3230 πνεύματι
3190 3160 3459 3224 καύσεωςο
3494 3161 3785 3230 ἐνεργοῦν-

2192 3272 2283 3317 τος
2312 3255 2369 3307 δὲ
2415 3254 2557 3309 κατὰ
2601 3253 2698 3325 τὴν
2729 3252 3060 3321 Εὐαγγε).ίου
3104 3253 3303 3323 φωνὴν,
3351 3253 3418 3323 ἢν
3462 3252 3598 3324 πρὸς
3654 3254 3783 3316 τοὺς

2207 3345 2492 3408 Ἰουδαίους
2523 3345 2834 3415 πεποίηται.
2868 3345 3031 3413 Λέγει
3052 3345 3179 3415 γάρ’
3213 3346 3275 3397 Εἰ
3299 3344 3354 3396 δὲ
3380 3342 3489 3413 ἐγὼ
3516 3346 3574 3397 έν
3610 3344 3785 3397 Πνεῦ-

2197 3457 2329 3512 ματι
2368 3437 2502 3493 θεοῦ
2538 3436 2783 3491 ἐκϐάλλω
2827 3436 2895 3490 τὰ
2942 3437 3196 3507 δαιμόνια
3222 3453 3235 3466 ⁸
3280 3436 3388 3489 ἀπὸ
3426 3436 3624 3507 μέρους
3666 3438 3784 3489 πᾶν

2195 3528 2333 3593 εἶδος
2371 3530 2687 3603 εὐεργεσίας
2735 3529 3179 3600 περιλαμϐάνων,
3234 3527 3323 3580 διὰ
3356 3528 3453 3597 τῆς
3497 3527 3642 3580 κατὰ
3684 3529 3788 3597 τὴν

2195 3622 2473 3700 ἐνέργειαν
2498 3621 2743 3691 ἐνότητος
2766 3639 2776 3651 ·
2804 3614 2882 3683 οἷς
2904 3621 3011 3691 γὰρ
3036 3619 3102 3671 δι’
3128 3619 3370 3690 ἀλλήλων
3399 3620 3705 3689 ἐνεργεῖται
3726 3620 3789 3672 τὸ

2196 3713 2275 3777 ἓν,
2310 3715 2390 3777 εἰς
2420 3712 2646 3777 πολλοὺς
2674 3711 3149 3783 καταμεμερίσθαι
3182 3711 3241 3763 τὸ
3268 3710 3439 3781 ὄνομα
3483 3712 3583 3780 τῆς
3620 3714 3785 3782 ἐνερ-

2196 3804 2348 3873 γείας
2384 3804 2444 3857 οὐ
2482 3801 2725 3856 δύναται.
2768 3802 2985 3873 Ἐπειδὴ
3020 3802 3131 3871 γὰρ
3166 3797 3246 3864 εἷς
3282 3803 3310 3854 ὁ
3336 3802 3435 3870 τῆς
3471 3802 3788 3873 ἐποπτικῆς

2197 3912 2255 3948 τε
2288 3896 2381 3949 καὶ
2410 3894 2667 3966 θεατικῆς
2712 3893 2992 3965 δυνάμεως
3020 3895 3178 3963 λόγος
3220 3896 3277 3946 ἐν
3310 3893 3487 3963 Πατρὶ
3529 3894 3624 3945 καὶ
3664 3894 3785 3964 Υἱῴ

2200 3988 2293 4041 καὶ
2330 3988 2606 4057 Πνεῦματι
2642 3986 2801 4056 ἁγίῳ,
2838 3984 3019 4047 καθὼς
3052 3986 3109 4037 ἐν
3138 3987 3249 4047 τοῖς
3290 3983 3600 4055 ἔμπροσθεν
3635 3986 3792 4055 εῖρη-

2197 4100 2323 4147 ται,
2355 4082 2417 4134 ἐκ
2447 4082 2545 4152 μὲν
2579 4080 2671 4133 τοῦ
2702 4081 2913 4151 Πατρὸς
2933 4118 2947 4140 ,
2978 4073 3088 4132 οἷον
3117 4082 3181 4132 ἐκ
3207 4080 3388 4149 πηγῆς
3419 4094 3564 4140 τινος
3610 4078 3785 4148 ἀφορ-

2204 4173 2474 4244 μὼμενος,
2516 4173 2621 4225 ὐπὸ
2665 4173 2723 4225 δὲ
2762 4172 2856 4225 τοῦ
2902 4172 3033 4225 Υίοῦ
3074 4172 3500 4243 ἐνεργούμενος,
3528 4171 3586 4223 ἐν
3620 4170 3679 4224 δὲ
3719 4174 3787 4241 τῇ

2201 4262 2427 4333 δυνάμει
2468 4261 2561 4315 τοῦ
2604 4262 2923 4333 Πνεύματος
2962 4262 3183 4315 τελειῶν
3216 4262 3315 4332 τὴν
3362 4262 3543 4333 χάριν,
3589 4262 3687 4314 καὶ
3725 4263 3787 4315 οὐ

516 4353 757 4420 ducitur,
785 4362 839 4409 et
883 4355 937 4408 in
974 4356 1173 4410 virtute
1225 4353 1465 4425 Spiritus
1495 4352 1727 4424 gratiam
1774 4351 1990 4422 perﬁcit
2045 4360 2089 4408 el

2202 4353 2539 4424 διακρίνεται
2579 4353 2714 4424 πρὸς
2744 4355 2843 4416 τὰς
2877 4354 3204 4417 ὑποστάσεις
3233 4354 3458 4424 οὐδεμία
3495 4352 3786 4424 ἐνέργεια,

518 4453 869 4501 consummat
912 4465 925 4501 :
996 4462 1058 4503 ac
1095 4462 1202 4503 non
1237 4457 1525 4515 separatur
1579 4444 1736 4513 juxta
1769 4443 2099 4513 bypostases

522 4538 627 4591 ulla
664 4537 982 4605 efﬁcientia,
1019 4554 1141 4609 qum
1191 4537 1543 4609 peculiariter
1586 4551 1649 4590 ac
1687 4534 2005 4605 disjuuctim
2034 4534 2103 4590 ab

522 4646 849 4700 unaquaque
877 4630 1161 4701 hypostasi
1194 4630 1402 4700 absque
1432 4643 1521 4693 ea,
1561 4643 1684 4699 quae
1718 4641 1826 4681 una
1860 4626 2105 4683 conside-

522 4730 697 4784 ratur,
724 4721 1039 4791 perﬁciatur
1070 4741 1081 4775 :
1116 4718 1209 4776 sed
1240 4722 1420 4776 omnis
1468 4734 1601 4774 cura
1631 4718 2099 4789 providentiaque,

522 4821 577 4867 ct
608 4813 985 4867 universarum
1018 4828 1202 4867 rerum
1232 4810 1560 4874 moderatio,
1588 4818 1699 4863 tam
1727 4824 1938 4877 earum;
1979 4826 2102 4881 qum

524 4907 673 4957 circa
702 4904 1013 4959 sensibilcm
1035 4913 1548 4973 crcaturam.quam
1578 4918 1697 4972 qua:
1729 4903 1873 4958 circa
1905 4918 2103 4974 supra-

527 4993 861 5048 mundanam
899 5001 1153 5048 naturam
1180 4999 1501 5063 spectantur
1531 5011 1543 5047 :
1578 5008 1750 5064 eaque
1787 4994 1959 5049 virtus
1981 5010 2102 5065 qua:

525 5095 579 5139 ct
607 5100 694 5140 res
721 5094 1032 5150 conservat,
1054 5093 1109 5141 et
1142 5086 1343 5140 delicta
1394 5084 1640 5156 corrigit,
1693 5094 1748 5141 et
1784 5095 1931 5142 recte
1963 5083 2105 5142 facta

526 5176 707 5237 docet,
739 5189 847 5229 una
874 5183 960 5230 est
993 5185 1170 5231 etnon
1202 5186 1332 5243 tres,
1395 5192 1517 5247 qua:
1576 5176 1795 5246 quidem
1825 5193 1855 5232 a
1913 5188 2106 5233 sancta

527 5266 796 5322 Trinitate
827 5267 1125 5339 peragitur,
1159 5283 1265 5323 non
1310 5275 1490 5322 tamen
1530 5282 1625 5338 pro
1654 5284 1886 5323 numero
1918 5283 2105 5338 perso-

526 5374 742 5429 narum,
786 5376 908 5433 quae
940 5361 992 5415 in
1031 5361 1134 5418 ﬁde
1185 5360 1625 5425 considerantur,
1663 5359 1929 5414 trifariam
1964 5361 2105 5417 divi—

600 5629 620 5661 ⁸
658 5628 813 5687 Joan.
854 5650 902 5697 γ,
938 5632 1025 5686 ‘22.
1104 5633 1119 5657 ί
1160 5632 1257 5689 Isa.
1289 5648 1372 5699 ιν,
1427 5632 1468 5687 i.
1552 5632 1565 5660 ⁷
1609 5627 1796 5683 Matth.
1834 5627 2034 5693 x:i,:2'5.

2206 4446 2513 4510 ἰδιαζόντως
2564 4448 2693 4517 παρ’
2732 4445 2969 4516 ἑκάστης
3022 4446 3117 4499 καὶ
3166 4446 3626 4516 ἀποτεταγμένως
3662 4446 3792 4516 δίχα

2199 4538 2296 4606 τῆς
2330 4537 2809 4609 συνθεωρουμὲνης
2837 4538 3227 4609 ἐπιτελουμένη
3253 4554 3266 4569 ο
3304 4537 3443 4590 ἀλλὰ
3482 4539 3632 4590 πᾶσα
3661 4541 3791 4608 πρό-

2201 4649 2317 4685 νοια
2346 4632 2438 4685 καὶ
2467 4631 2762 4703 κηδεμονία
2787 4670 2802 4694 ,
2839 4633 2933 4685 καὶ
2960 4631 3055 4685 τοῦ
3093 4633 3295 4695 παντὸς
3324 4631 3617 4685 ἐπιστασία
3637 4673 3652 4694 ,
3681 4633 3791 4684 τῶν

2202 4741 2260 4777 τε
2292 4723 2434 4777 κατὰ
2460 4722 2558 4793 τὴν
2579 4722 2843 4793 αἰσθητὴν
2866 4723 3064 4788 κτίσιν,
3089 4724 3181 4777 καὶ
3204 4724 3312 4777 τῶν
3332 4724 3471 4777 κατὰ
3499 4722 3597 4793 τὴν
3621 4724 3785 4793 {map-

2202 4819 2428 4885 κόσμιον
2454 4815 2633 4884 φύσιν,
2655 4815 2753 4884 ἦτε
2784 4815 3150 4887 συντηρητικὴ
3176 4814 3285 4869 τῶν
3313 4816 3504 4878 ὄντων,
3524 4819 3619 4867 καὶ
3639 4815 3790 4886 διορο

2205 4908 2408 4980 θωτικὴ
2447 4908 2556 4960 τῶν
2621 4907 3166 4979 πλημμελουμένων,
3217 4910 3311 4963 καὶ
3352 4908 3633 4978 διδακτικὴ
3681 4908 3793 4960 τῶν

2209 4997 2683 5069 κατορθουμένων,
2720 4999 2819 5067 μία
2856 4998 2972 5051 ἐστὶ
3005 5000 3100 5052 καὶ
3138 4999 3260 5069 οὐχὶ
3286 5001 3456 5070 τρεῖς,
3490 4997 3648 5068 παρὰ
3689 4998 3791 5067 μὲν

2204 5091 2304 5161 τῆς
2337 5090 2497 5159 ἁγίας
2534 5088 2765 5160 Τριάδος
2796 5091 3230 5162 κατορθουμένη,
3274 5092 3333 5145 οὐ
3368 5092 3475 5161 μὴν
3516 5090 3659 5144 κατὰ
3698 5089 3791 5142 τὸν

2208 5174 2440 5251 ἆριθμὸν
2467 5182 2575 5234 τῶν
2622 5182 2679 5232 ἐν
2725 5182 2789 5251 τῇ
2836 5182 3017 5235 πίστει
3054 5182 3444 5254 θεωρουμένων
3480 5178 3792 5251 προσώπων

2211 5276 2369 5344 τριχῇ
2404 5273 2708 5346 τεμνομένη
2733 5317 2747 5341 ,
2790 5276 2864 5339 ὡς
2892 5275 3121 5327 ἕκαστον
3148 5273 3256 5326 τῶν
3284 5272 3674 5344 ἐνεργημάτων
3699 5270 3790 5336 ἀφ’

2211 5364 2403 5418 ἐαυτοῦ
2430 5364 2820 5438 θεωρούμενον,
2853 5368 2885 5437 ἢ
2912 5365 3004 5419 τοῦ
3027 5366 3238 5438 Πατρδς
3266 5363 3404 5421 εἶναι
3431 5366 3615 5438 μόνον,
3640 5364 3675 5437 ἢ
3698 5361 3792 5419 τοῦ

3964 978 3968 1239 l
