3980 6198
189 342 282 396 129

1357 335 1546 410 QUOD
1576 335 1714 392 non
1749 334 1904 390 SINT
1931 333 2112 389 τιιεε
2139 335 2244 389 nu.

3347 340 3448 395 130

197 449 528 519 Μονογενοῦς
562 449 876 515 ἰδιαζόντως
897 492 910 515 ,
939 451 972 520 ἢ
1008 449 1096 504 διά
1123 448 1214 502 τοῦ
1263 449 1418 519 ἁγίου
1453 447 1769 518 Πνεῦματος

1887 445 2038 511 litur,
2066 454 2126 500 ut
2157 445 2534 516 unusquisque
2557 452 2732 510 actus,
2763 452 2816 501 et
2849 448 3279 518 unumquodque
3307 466 3448 522 opus

194 541 625 613 κεχωρισμένως
642 542 776 596 ἀλλά
793 541 992 612 διαιρεῖ
1010 541 1106 610 μὲν
1127 539 1231 610 ίδίᾳ
1245 541 1458 610 ἑκάστῳ
1475 538 1540 592 τὰ
1563 537 1765 607 ἀγαθὰ,

193 630 366 694 καθώς
383 648 547 701 φησιν
566 631 596 682 ὁ
629 631 972 694 Ἀπόστολος,
993 631 1053 683 τὸ
1076 629 1134 683 ἓν
1150 629 1246 682 καὶ
1265 629 1326 681 τὸ
1351 628 1481 684 αὐτὸ
1504 627 1730 698 Πνεῦμα
1749 646 1763 660 ·

193 723 287 774 οὐκ
326 723 559 791 ἄναρχος
585 721 643 773 δὲ
677 723 709 792 ἡ
743 721 837 774 τοῦ
871 720 1079 788 ἀγαθοῦ
1123 719 1335 789 κίνησις
1369 720 1434 771 ἐκ
1470 717 1563 771 τοῦ
1597 717 1768 770 Πνεῦ-

195 828 376 883 ματοςο
405 813 517 866 ἀλλ’
542 813 870 883 εὑρίσκομεν
900 813 982 865 ὅτι
1011 813 1042 882 ή
1073 809 1536 881 προεπινοουμένη
1567 809 1770 879 ταύτης

191 904 436 973 δύναμις,
466 906 501 974 ἦ
530 905 613 967 τίς
651 907 798 956 ἐστιν
827 907 855 958 ὁ
891 902 1184 974 μονογενὴς
1213 900 1365 966 Θεὸς,
1397 901 1572 953 πάντα
1601 903 1765 963 ποιεῖ,

191 989 248 1048 οῦ
279 997 448 1065 χωρὶς
484 996 638 1048 οὐδὲν
663 997 742 1060 είς
775 998 986 1064 γένεσιν
1011 994 1119 1047 τῶν
1156 993 1326 1046 ὄντων
1353 991 1571 1062 ἔρχεται
1595 1009 1608 1023 ·
1636 992 1771 1046 ἀλλά

191 1087 282 1141 καὶ
305 1088 444 1158 αὑτὴ
475 1088 637 1142 πάλιν
664 1089 771 1140 τῶν
792 1087 1063 1157 ἀγαθῶνή
1091 1084 1262 1155 πηγὴ,
1293 1085 1356 1136 ἐκ
1381 1083 1475 1136 τοῦ
1503 1083 1769 1155 πατρικοῦ

187 1180 526 1252 βουλήματος
557 1180 904 1250 ἀφορμᾶται.

249 1581 317 1632 Εἰ
354 1578 420 1649 δὴ
457 1578 561 1631 πᾶν
591 1574 796 1645 ἀγαθὸν
826 1573 1060 1642 πρᾶγμα
1098 1569 1194 1623 καὶ
1225 1569 1394 1639 ὄνομα
1419 1610 1434 1634 ,
1475 1569 1574 1638 τῆς
1607 1567 1774 1638 ἀνάρ-

183 1688 282 1740 χου
312 1667 598 1738 δυνάμεώς
620 1684 680 1719 τε
706 1666 799 1718 καὶ
829 1663 1026 1734 βουλῆς
1055 1661 1362 1732 ἐξημμένον
1387 1663 1443 1714 ἐν
1464 1662 1529 1730 τῇ
1547 1659 1773 1729 δυνάμει

181 1762 282 1814 ⁴τοῦ
318 1761 634 1830 Πνεῦματος
665 1757 753 1810 διὰ
776 1756 868 1810 τοῦ
900 1754 1220 1826 μονογενοῦς
1248 1753 1382 1806 Θεοῦ
1414 1752 1658 1822 ἀχρόνως
1680 1751 1774 1803 καὶ

185 1855 524 1916 ἀδιαστίιτως
559 1855 638 1915 είς
679 1850 960 1903 τελείωσιν
992 1847 1218 1915 ἄγεται,
1247 1846 1503 1915 οὐδεμιᾶς
1530 1843 1776 1914 Μρατάο
1808 1817 1846 1870 Β

185 1965 329 2010 eam;
363 1948 422 1998 ἐν
468 1947 534 2014 τῇ
566 1942 660 1995 τοῦ
705 1941 848 1993 θείου
890 1938 1226 2009 βουλήματος
1276 1937 1491 2007 κινήσει
1535 1933 1643 1987 ἀπὸ
1680 1934 1774 1986 τοῦ

182 2036 410 2108 Πατρος
442 2033 532 2086 διὰ
575 2032 666 2085 τοῦ
700 2030 832 2084 Υἱοῦ
859 2070 873 2093 ,
913 2030 1006 2081 ἐπὶ
1048 2029 1110 2080 τὸ
1143 2026 1367 2098 Πνεῦμα
1413 2025 1703 2096 γινομένης
1739 2024 1773 2094 ἢ

181 2128 492 2199 νοουμένης
510 2145 524 2158 ο
560 2125 618 2178 ἓν
650 2125 708 2178 δὲ
731 2123 841 2176 τῶν
879 2120 1099 2190 ἀγαθῶν
1141 2121 1414 2191 ὀνομάτων
1442 2135 1501 2171 τε
1530 2118 1624 2172 καὶ
1650 2134 1774 2186 νοη-

187 2222 380 2293 μάτων
412 2218 506 2272 καὶ
533 2217 566 2284 ἡ
613 2216 802 2285 θεότης
829 2227 845 2241 ⁸
879 2213 980 2266 οὑκ
1023 2211 1088 2265 ἂν
1118 2212 1340 2274 εἰκότως
1371 2212 1452 2274 είς
1484 2209 1686 2281 πλῆθος
1716 2207 1776 2260 τὸ

176 2313 359 2382 -ὖνομα
411 2308 705 2378 διαχέοιτο,
734 2307 835 2376 τῆς
873 2305 1016 2359 κατά
1060 2303 1160 2374 τὴν
1191 2303 1472 2373 ἐνέργειαν
1523 2301 1775 2370 ἐνότητος

190 2403 518 2472 κωλυούσης
549 2401 647 2471 τὴν
687 2397 1052 2469 πληθυντικὴν
1099 2394 1414 2467 ἁρίθμησιν.
1444 2395 1554 2446 Καὶ
1586 2392 1774 2463 ὥσπερ

192 2489 259 2558 εἷς
298 2497 328 2548 ὁ
380 2493 578 2564 Σωτὴρ
625 2491 844 2544 πάντων
896 2486 1218 2558 ἀνθρώπων,
1269 2485 1502 2556 μάλιστα
1547 2484 1772 2548 πιστῶν,

193 2586 286 2638 ὑπὸ
327 2583 431 2638 τοῦ
479 2581 803 2635 ’Λποστόλου
837 2579 1191 2648 ὠνόμασται,
1227 2577 1321 2631 καὶ
1349 2576 1524 2639 οὐδεὶς
1570 2577 1635 2629 ἐκ
1677 2577 1775 2641 τῆς

190 2676 370 2746 φωνῆς
403 2673 614 2742 ταύτης
645 2673 680 2742 ἢ
708 2672 800 2725 τὸν
828 2671 957 2723 Υίδν
989 2668 1136 2737 λέγει
1168 2668 1242 2740 μὴ
1277 2666 1470 2732 σώζειν
1491 2669 1616 2731 τοὺς
1645 2684 1773 2720 πισ-

189 2767 467 2829 τεύοντας,
509 2765 544 2836 ἢ
576 2764 700 2834 δίχα
740 2760 836 2815 τοῦ
876 2760 1193 2831 Πνεῦματος
1220 2758 1318 2830 τὴν
1350 2759 1624 2828 σωτηρίαν
1662 2760 1773 2819 τοῖς

196 2856 481 2926 μετέχουσι
522 2853 809 2923 γίνεσθαι·
843 2851 978 2906 ἀλλά
1011 2850 1218 2919 γίνεται
1255 2849 1474 2902 πάντων
1514 2848 1706 2918 Σωτὴρ
1746 2848 1775 2899 ὁ

194 2949 277 3003 ἐπὶ
325 2948 556 3001 πάντων
591 2944 726 3006 Θεὸς
745 2986 760 3010 ,
803 2940 1148 3011 ἐνεργοῦντος
1174 2940 1269 2994 τοῦ
1309 2939 1442 2994 Υίοῦ
1468 2939 1567 3012 τὴν
1598 2957 1774 3010 σωτη-

191 3041 310 3109 ρίαν
337 3042 398 3092 ἐν
426 3041 495 3109 τῇ
531 3035 629 3090 τοῦ
671 3033 986 3105 Πνεύματος
1026 3032 1232 3102 χάριτι,
1266 3031 1359 3084 καὶ
1389 3031 1541 3083 οὐδὲν
1577 3031 1775 3100 μᾶλλον

187 3133 272 3186 διὰ
311 3131 482 3185 τοῦτο
507 3131 660 3200 τρεῖς
688 3128 930 3196 σωτῆρες
957 3125 1060 3178 ὑπὸ
1089 3123 1191 3193 τῆς
1224 3123 1446 3193 Γραφῆς
1481 3122 1775 3191 ὀνομάζον-

187 3240 303 3286 ται,
338 3223 390 3274 εί
436 3219 535 3272 καὶ
576 3216 917 3287 ὁμολογεῖται
957 3213 1108 3285 παρά
1136 3213 1236 3282 τῆς
1271 3212 1432 3280 ἁγίας
1477 3211 1704 3282 Τριάδος
1741 3213 1777 3281 ή

193 3312 471 3383 σωτηρίαν
511 3307 685 3371 οὕτως
724 3307 845 3360 οὐδὲ
873 3308 1021 3377 τρεῖς
1062 3304 1174 3356 θεοὶ
1207 3304 1350 3357 κατά
1392 3303 1491 3372 τὴν
1522 3302 1778 3356 ἀποδεδο-

179 3406 363 3476 ’μένην
411 3401 519 3472 τῆς
577 3400 828 3470 θεότητος
885 3397 1184 3468 σημασίαν,
1243 3397 1350 3449 κᾶν
1399 3395 1700 3466 ἐφαρμόζει
1746 3396 1776 3465 ἡ

192 3495 418 3560 τοιαύτη
468 3491 663 3561 κλῆσις
699 3491 765 3560 τῇ
803 3488 935 3560 ἁγίᾳ
969 3487 1181 3558 Τριάδι.
1229 3485 1515 3556 Μάχεσθαι
1553 3485 1609 3538 δὲ
1645 3485 1782 3556 πρὸς

193 3587 314 3649 τοὺς
345 3581 734 3649 ἀντιλέγοντας
754 3619 768 3642 ,
802 3579 876 3650 μὴ
906 3578 1016 3630 δεῖν
1044 3577 1325 3646 ἐνέργειαν
1366 3577 1507 3627 νοεῖν
1537 3573 1635 3644 τὴν
1665 3571 1782 3625 θεό-

195 3694 355 3746 τητα,
395 3675 460 3727 οῦ
496 3673 636 3726 πάνυ
667 3688 718 3724 τι
746 3670 854 3722 τῶν
877 3667 1186 3736 ἀναγκαίων
1220 3683 1308 3737 μοι
1335 3666 1501 3728 δοκεῖ,
1535 3665 1609 3738 ὼς
1647 3663 1782 3734 πρὸς

193 3766 290 3837 τὴν
323 3763 612 3836 παροῦσαν
635 3761 731 3814 τοῦ
760 3761 920 3829 λόγου
950 3760 1314 3828 κατασκευήν.
1333 3758 1522 3827 Ἡμεῖς
1552 3757 1649 3825 μὲν
1673 3758 1782 3828 γὰρ

196 3857 448 3928 ἀόριστον
479 3853 576 3906 καὶ
607 3851 982 3922 ἀπερίληπτον
1006 3850 1104 3920 τὴν
1131 3848 1280 3901 θείαν
1321 3847 1484 3918 φύσιν
1522 3843 1661 3900 εἶναι
1685 3865 1780 3899 .m-

197 3943 633 4009 στεῦοντες,οῦδε
643 3944 772 4013 μίαν
794 3941 961 4012 αὐτῆς
978 3939 1295 4010 ἐπινοοῦμεν
1318 3937 1628 4009 περίληψιν,
1653 3936 1786 3990 ἀλλά

195 4039 338 4092 κατὰ
391 4037 572 4090 πάντα
600 4035 804 4107 τρόπον
838 4034 896 4084 ἐν
943 4032 1168 4103 ἀπειρία
1213 4029 1450 4083 νοεῖσθαι
1488 4029 1586 4100 τὴν
1625 4029 1785 4098 φύσιν

196 4127 572 4200 διοριζόμεθα.
598 4125 672 4177 Τὸ
698 4124 756 4177 δὲ
783 4122 1012 4176 καθόλου
1040 4122 1288 4191 ἄπειρον,
1315 4121 1375 4173 οὐ
1405 4120 1510 4184 τινὶ
1548 4119 1646 4189 μὲν
1678 4118 1788 4191 ὁρί-

199 4219 372 4286 ζεται,
400 4219 517 4272 τινὶ
545 4217 604 4270 δὲ
639 4215 758 4285 οὐχί
781 4230 796 4244 ο
833 4213 968 4268 ἀλλὰ
1008 4213 1148 4267 κατά
1185 4213 1366 4266 πάντα
1395 4211 1553 4280 λόγον
1579 4209 1782 4279 ἐκφεύο

201 4329 282 4378 γει
307 4312 403 4366 τὸν
437 4311 565 4380 ὅρον
596 4309 633 4379 ἡ
663 4306 906 4377 ἀπειρία.
936 4305 1145 4359 Οὐκοῦν
1190 4303 1252 4356 τὸ
1292 4303 1448 4366 ἐκτὸς
1479 4304 1628 4374 ὅρου,
1663 4303 1786 4356 οὐδὲ

201 4403 423 4471 ὀνόματι
467 4402 688 4462 πάντως
718 4399 980 4470 ὁρίζεται.
1026 4397 1112 4460 Ὡς
1145 4395 1212 4449 ἂν
1256 4391 1348 4449 οῦν
1377 4395 1622 4460 διαμένοι
1650 4435 1665 4459 ,
1694 4396 1788 4448 ἐπὶ

1872 538 1916 594 si
1941 553 2035 607 per
2063 537 2300 606 seipsum
2335 537 2730 598 consideretur,
2771 546 2863 590 aut
2890 536 3069 593 Patris
3113 541 3306 605 solius,
3354 551 3450 597 aut

1872 626 2145 698 Unigeniti
2175 626 2659 696 peculiariter,aut
2691 624 2933 694 Spiritus
2954 628 3131 682 sancti
3156 634 3448 697 separatim

1865 720 1946 774 sit
1974 707 1997 773 ε’
2027 719 2120 774 sed
2146 718 2340 773 dividit
2368 719 2587 787 quidem
2619 719 2819 788 cuique
2849 718 3164 789 singulatim
3201 720 3364 785 bona,
3391 729 3452 776 ut

1872 807 2049 877 inquit
2105 807 2403 878 Apostolus
2429 807 2471 872 ⁸,
2523 824 2666 864 unus
2715 817 2770 862 et
2808 809 2951 863 idem
2999 809 3282 878 Spiritus:
3339 829 3449 871 non

1872 907 2051 952 autem
2077 897 2284 967 absque
2309 898 2580 967 principio
2615 898 2743 954 boni
2773 908 2954 954 motus
2981 909 3064 955 est
3093 917 3158 956 ex
3193 901 3399 972 Spiritu
3430 922 3444 958 :

1873 988 1968 1042 sed
1999 989 2297 1058 reperimus
2328 988 2472 1058 quod
2507 1004 2591 1050 ea,
2625 1004 2786 1058 quam
2815 997 2940 1044 ante
2973 989 3075 1044 hac
3119 1001 3298 1048 mente
3321 1009 3450 1062 per-

1871 1078 2105 1147 cipimus
2127 1086 2181 1132 et
2213 1079 2722 1141 animadvertimus,
2760 1079 2954 1144 virtus,
2999 1096 3118 1148 quae
3143 1090 3228 1136 est
3270 1085 3455 1154 unige-

1872 1170 2022 1223 nitus
2055 1167 2229 1232 Deus,
2267 1169 2449 1221 omnia
2484 1169 2630 1233 facit,
2651 1171 2768 1224 sine
2807 1184 2916 1240 quo
2939 1171 3073 1225 nihil
3101 1188 3289 1228 eorum
3333 1189 3454 1244 qua:

1874 1268 2002 1314 sunt
2040 1260 2106 1314 ad
2141 1261 2547 1330 generationem
2581 1262 2856 1330 provenit:
2878 1264 3010 1332 quin
3043 1275 3097 1317 et
3120 1265 3235 1335 ipse
3260 1281 3453 1322 rursus

1872 1350 2139 1404 bonorum
2170 1349 2294 1405 fons
2340 1365 2403 1406 ex
2444 1349 2624 1405 Patris
2661 1351 3025 1409 destinatione
3069 1369 3134 1409 ac
3183 1357 3457 1411 voluntate

1879 1441 2113 1496 exsistit.

1946 1565 2004 1621 Si
2044 1567 2209 1638 igitur
2232 1567 2413 1621 omnis
2447 1583 2535 1624 res
2555 1569 2720 1635 bona,
2751 1578 2805 1624 et
2834 1586 2993 1625 omne
3030 1570 3232 1624 bonum
3256 1586 3455 1625 nomen

1875 1659 1943 1712 ab
1967 1675 2052 1722 ea,
2089 1675 2212 1729 qua:
2257 1661 2515 1730 principii
2552 1677 2747 1731 expers
2781 1670 2885 1726 est,
2937 1674 3205 1732 potestate
3231 1679 3292 1717 ac
3321 1679 3457 1717 cou~

1877 1752 2001 1808 silio
2036 1753 2306 1822 pendens,
2351 1753 2404 1805 in
2460 1753 2661 1808 virtute
2683 1753 2922 1823 Spiritus
2977 1769 3073 1823 per
3117 1756 3455 1825 unigenitum

1882 1845 2051 1900 Deum
2079 1845 2198 1899 sine
2227 1844 2583 1900 distinctione
2613 1859 2677 1899 ac
2713 1846 2889 1916 spatio
2921 1847 3184 1916 temporis
3211 1848 3279 1901 ad
3329 1863 3455 1916 per-

1881 1935 2172 1990 fectionem
2203 1945 2254 1990 et
2287 1937 2819 1991 consummationem
2855 1936 3167 2001 deducitur,
3215 1956 3313 1994 nec
3347 1942 3456 1994 ulla

1883 2042 2035 2081 mora
2061 2027 2114 2081 in
2177 2026 2347 2081 divini
2390 2027 2655 2097 propositi
2707 2027 3204 2099 destinationisque
3247 2038 3394 2084 motu
3429 2048 3458 2084 a

1881 2119 2040 2174 Patre
2075 2135 2172 2189 per
2208 2117 2406 2172 Filium
2439 2119 2504 2172 ad
2553 2117 2818 2189 Spiritum
2851 2120 3140 2176 intercedit
3178 2130 3271 2177 aut
3299 2124 3460 2178 intel-

1882 2211 2070 2281 ligitur
2101 2229 2113 2264 :
2155 2218 2317 2280 atque
2354 2225 2521 2264 unum
2555 2211 2822 2264 bonorum
2877 2220 2986 2265 tum
3009 2200 3012 2204 ’
3036 2214 3316 2267 nominum
3345 2221 3460 2268 tum

1881 2302 2258 2357 intellectuum
2290 2301 2454 2356 etiam
2487 2299 2659 2357 deitas
2689 2308 2772 2356 est
2806 2301 2983 2367 ;haud
3009 2314 3158 2359 recte
3193 2305 3248 2360 in
3279 2306 3465 2359 multi-

1881 2393 2127 2446 tudinem
2183 2392 2236 2447 id
2272 2407 2470 2447 nomen
2504 2391 2874 2447 diﬁ‘unditur:
2934 2393 3134 2464 quippe
3192 2410 3277 2459 ea,
3344 2412 3466 2466 qua:

1884 2486 2030 2541 circa
2058 2484 2409 2539 efﬁcientiam
2437 2492 2540 2547 est,
2566 2485 2774 2538 unitate
2809 2485 3072 2554 pluralem
3125 2487 3467 2541 numeratio-

1882 2597 2003 2635 nem
2033 2576 2379 2649 prohibente.
2414 2579 2491 2630 Ae
2545 2576 3004 2648 quemadmodum
3050 2594 3192 2634 unus
3221 2588 3470 2634 servator

1881 2673 2125 2727 omnium
2154 2672 2435 2725 hominum
2458 2671 2697 2725 maxime
2721 2669 2957 2725 ﬁdelium
2981 2670 3050 2725 ab
3076 2671 3336 2740 Apostolo
3367 2687 3468 2726 no-

1881 2763 2122 2818 minatus
2148 2770 2232 2817 est
2259 2763 2305 2828 °,
2331 2769 2384 2816 et
2415 2762 2598 2816 nullus
2625 2775 2690 2816 ex
2721 2761 2822 2816 hac
2857 2776 2989 2816 voce
3029 2762 3112 2816 vel
3147 2761 3344 2817 Filium
3383 2763 3470 2817 di-

1881 2858 1956 2910 cit
1987 2871 2094 2910 non
2127 2869 2348 2910 servare
2379 2852 2665 2908 credentes
2694 2894 2708 2920 ,
2755 2854 2838 2909 vel
2881 2855 3087 2924 absque
3131 2854 3341 2924 Spiritu
3379 2870 3472 2909 sa-

1881 2950 2048 3003 lutem
2087 2947 2556 3018 consequentibus
2594 2946 2865 3001 exsistere
2897 2966 2909 3002 :
2976 2947 3072 3002 sed
3105 2955 3189 3003 est
3223 2957 3473 3004 servator

1883 3040 2150 3106 omnium,
2179 3041 2269 3109 qui
2312 3054 2480 3108 super
2505 3054 2698 3092 omnes
2730 3047 2814 3093 est
2843 3038 3006 3106 Deus,
3031 3049 3297 3110 operante
3334 3039 3474 3095 Filio

1884 3133 2116 3188 salutem
2165 3146 2263 3200 per
2294 3132 2526 3200 gratiam
2561 3129 2738 3184 sancti
2789 3128 3028 3198 Spiritus
3073 3149 3085 3184 :
3134 3139 3301 3200 atque
3353 3132 3476 3185 idco

1881 3225 2056 3278 nihilo
2095 3224 2269 3294 magis
2333 3231 2444 3276 tres
2507 3227 2877 3276 servatoresa
2946 3219 3234 3289 Scriptura
3296 3220 3474 3288 nomi-

1883 3326 2116 3382 nantur,
2172 3313 2386 3370 etiamsi
2443 3313 2650 3382 absque
2701 3312 3075 3367 controversia
3125 3313 3276 3366 salus
3332 3310 3478 3366 exsi~

1883 3417 1992 3464 stat
2056 3424 2084 3461 a
2151 3418 2340 3462 saneta
2411 3405 2680 3461 Triuitate
2737 3423 2752 3459 :
2821 3406 3012 3460 eodem
3080 3405 3240 3458 modo
3299 3419 3479 3474 neque

1883 3512 1996 3556 tres
2041 3501 2115 3555 dii
2152 3500 2323 3571 (sunt)
2369 3498 2673 3555 secundum
2720 3497 2991 3552 redditam
3037 3497 3258 3552 deitatis
3306 3494 3480 3565 signi-

1888 3591 2197 3646 ﬁcationem
2250 3609 2263 3644 :
2311 3604 2626 3659 quanquam
2684 3587 2944 3642 convenit
3005 3587 3129 3643 talis
3186 3587 3479 3657 appellatio

1885 3689 2091 3737 sanctae
2145 3679 2422 3734 Trinitati.
2485 3679 2739 3749 Pugnare
2772 3687 2952 3733 autem
2982 3693 3104 3732 cum
3145 3677 3479 3733 adversariis

1885 3772 2199 3827 dicentibus
2226 3787 2334 3825 non
2373 3777 2628 3840 oportere
2679 3767 2985 3822 efﬁcaciam
3040 3769 3344 3838 intelligere
3385 3783 3482 3839 per

1887 3863 2170 3926 deitatem,
2196 3876 2304 3916 non
2341 3860 2634 3915 admodum
2660 3859 2794 3913 mihi
2831 3862 3206 3916 necessarium
3241 3876 3365 3916 esse
3402 3861 3481 3914 vic

1887 3954 2071 4017 detur,
2125 3960 2389 4022 quantum
2433 3951 2497 4006 ad
2559 3958 2879 4022 prresentem
2937 3952 3212 4006 sermonis
3289 3953 3482 4010 attinet

1891 4041 2296 4112 probationem.
2351 4039 2484 4095 Nam
2514 4056 2615 4095 nos
2666 4040 2888 4109 quidem
2935 4040 3275 4096 indeﬁnitam
3312 4049 3365 4096 et
3396 4041 3482 4095 in-

1889 4133 2441 4202 comprehensibilem
2463 4133 2705 4187 divinam
2737 4143 2990 4188 naturam
3023 4148 3146 4188 esse
3168 4133 3479 4195 credentes,

1888 4225 2093 4280 nullam
2147 4224 2267 4292 ejus
2316 4223 2805 4279 animadvertimus
2863 4211 3407 4294 comprehensionem
3464 4243 3478 4280 :

1891 4314 1985 4369 sed
2017 4315 2333 4367 omnimodo
2361 4313 2415 4366 in
2441 4313 2712 4368 inﬁnitate
2758 4313 2987 4384 intelligi
3033 4312 3199 4381 (eam)
3231 4320 3481 4369 naturam

1892 4421 2183 4461 censemus
2216 4414 2269 4460 et
2304 4406 2666 4461 afﬁrmamus.
2711 4403 2864 4471 Quod
2903 4417 3083 4459 autem
3126 4419 3354 4474 prorsus
3402 4417 3486 4461 est

201 4495 298 4565 τῆς
330 4495 488 4558 θείας
527 4493 743 4563 φύσεως
779 4490 874 4544 τοῦ
900 4488 1153 4559 ἀορίστου
1181 4489 1214 4560 ἡ
1243 4486 1444 4550 ἔννοια,
1485 4488 1625 4559 ὑπὲρ
1675 4490 1780 4541 πᾶν

1899 4497 2198 4562 inﬁnitum,
2253 4512 2361 4551 non
2399 4497 2579 4565 aliqua
2611 4497 2829 4565 quidem
2887 4511 2946 4549 re
2995 4494 3276 4561 delinitur,
3303 4497 3486 4566 aliqua

204 4584 378 4656 ενομά
401 4601 588 4655 φαμεν
614 4579 754 4635 εἶναι
782 4581 846 4634 τὸ
874 4580 1037 4642 θεῖον,
1069 4580 1102 4649 ἡ
1130 4579 1187 4631 δὲ
1221 4577 1410 4649 θεότης
1444 4578 1500 4630 ἒν
1525 4578 1634 4632 τῶν
1671 4578 1790 4632 ὀνο-

209 4679 394 4747 μάτων
433 4678 606 4730 ἐστίν.
638 4673 850 4728 Οὐκοῦν
878 4673 941 4726 οὐ
979 4670 1200 4724 δύναται
1231 4667 1293 4722 τδ
1325 4669 1457 4723 αὐτὸ
1481 4670 1579 4723 καὶ
1620 4669 1791 4740 ὄνομα

204 4766 370 4833 εἶναι,
393 4770 488 4824 καὶ
518 4768 658 4838 ὑπὲρ
682 4767 792 4820 πᾶν
818 4764 990 4834 ὄνομα
1013 4761 1350 4833 νομίζεσθαι.

1896 4602 2028 4642 vero
2059 4603 2166 4641 non
2194 4605 2208 4653 ;
2241 4587 2332 4641 sed
2363 4588 2510 4639 omni
2551 4587 2764 4639 ratione
2799 4583 3041 4640 inﬁnitas
3077 4585 3266 4657 ell'ugit
3294 4586 3487 4642 delini-

1898 4679 2127 4733 tionem.
2154 4678 2310 4746 Quod
2348 4678 2514 4747 igitur
2563 4693 2758 4746 expers
2788 4684 2872 4732 est
2901 4677 3259 4740 deﬁnitionis,
3292 4694 3361 4733 ne
3389 4694 3488 4732 nos

1900 4770 2046 4825 mine
2076 4771 2294 4840 quidem
2324 4785 2553 4840 prorsus
2575 4768 2855 4824 deﬁnitur.
2887 4767 2956 4824 Ut
2995 4785 3125 4839 ergo
3147 4779 3485 4840 permaneat,

206 4878 262 4929 in
291 4860 481 4914 divina
525 4868 722 4911 natura
769 4853 1037 4908 indeﬁniti
1077 4853 1414 4915 intellectus,
1462 4867 1630 4922 super
1663 4867 1824 4912 omne
1861 4875 2058 4915 nomen
2127 4861 2360 4917 dicimus
2412 4878 2536 4917 esse
2591 4862 2837 4916 divinum
2884 4877 3134 4917 nomen:
3203 4871 3256 4917 at
3310 4865 3488 4922 deitas

204 4967 385 5006 unum
423 4951 490 5005 de
525 4948 844 5005 nominibus
874 4952 982 5001 est.
1013 4943 1132 5000 Non
1167 4952 1346 5015 potest
1376 4945 1542 5015 igitur
1566 4945 1709 5001 idem
1746 4964 1944 5013 nomen
1981 4960 2036 5007 et
2056 4968 2202 5018 esse,
2225 4961 2279 5009 et
2302 4969 2469 5025 super
2494 4969 2657 5009 omne
2680 4969 2879 5010 nomen
2910 4970 3034 5012 esse
3060 4957 3382 5014 existimari.

276 5105 440 5175 Πλὴν
473 5106 518 5156 εἰ
535 5103 689 5158 τοῦτο
711 5106 830 5168 τοῖς
851 5101 1117 5165 ἐναντίοις
1137 5101 1386 5173 ἀρέσκοι,
1411 5102 1486 5172 μὴ
1508 5101 1793 5174 ἐνεργείας

203 5197 354 5251 ἀλλὰ
392 5193 604 5264 φύσεως
633 5191 772 5249 εἶναι
802 5194 904 5265 τὴν
939 5191 1234 5264 σημασίαν,
1267 5191 1800 5262 ἐπαναδραμούμεθα
1821 5206 1833 5216 "

206 5287 355 5356 πρὸς
391 5286 490 5340 τὸν
527 5284 586 5351 ἐξ
618 5286 794 5356 ἀρχῆς
827 5283 1008 5351 λόγον,
1037 5283 1118 5335 ὃτι
1150 5281 1210 5335 τι
1240 5281 1340 5352 τῆς
1384 5280 1599 5351 φύσεως
1635 5283 1806 5354 ὄνομα

207 5376 622 5450 ἡμαρτημένως
643 5379 678 5447 ἡ
705 5373 972 5447 συνήθεια
998 5375 1077 5437 είς
1103 5372 1340 5445 πλήθους
1371 5373 1641 5443 σημασίαν
1662 5374 1806 5442 ἄγει,

212 5470 346 5524 οὔτε
381 5469 681 5540 μειώσεως,
706 5467 836 5522 οὕτε
859 5467 1144 5537 αὐξήσεως
1173 5465 1316 5519 κατὰ
1334 5465 1426 5521 τὸν
1450 5465 1622 5537 ἀληθῆ
1651 5466 1810 5535 λόγον

213 5563 655 5636 προσγινομένης
678 5545 752 5635 τῇ
780 5560 966 5631 φύσει,
991 5559 1118 5613 ὅταν
1142 5560 1202 5612 ἐν
1233 5557 1467 5614 πλείοσιν
1499 5559 1533 5632 ἢ
1566 5558 1810 5614 ἐλάττοσι

287 5740 311 5772 ⁸
348 5737 368 5793 I
398 5739 522 5796 Cor.
553 5738 781 5810 1",“.
858 5734 930 5790 ⁵]
967 5733 1105 5790 Tim.
1133 5749 1204 5800 tv,
1246 5734 1330 5790 lo.

1973 5101 2368 5160 Verumtamen
2427 5105 2475 5159 si
2528 5105 2861 5161 adversariis
2925 5104 3032 5160 hoc
3094 5105 3292 5176 placet,
3345 5105 3487 5174 quod

1908 5211 2018 5250 non
2041 5195 2364 5260 efﬁcientia,
2398 5196 2494 5251 sed
2526 5204 2736 5252 natura:
2767 5197 3100 5268 signiﬁcatio
3123 5197 3216 5258 sit,
3247 5209 3491 5249 recurre-

1907 5304 2032 5342 mus
2064 5286 2131 5341 ad
2169 5303 2314 5350 eam,
2355 5303 2518 5358 quam
2551 5288 2605 5342 in
2635 5288 2791 5342 initio
2827 5288 3116 5358 posuimus
3163 5285 3488 5346 orationem,

1911 5378 2058 5448 quod
2087 5373 2434 5434 consuetudo
2455 5395 2744 5450 perperam
2779 5390 2989 5434 naturae
3021 5391 3216 5432 nomen
3253 5374 3319 5427 ad
3352 5373 3484 5426 mul-

1912 5470 2171 5528 titudinis
2193 5471 2654 5542 signiﬁcationem
2696 5470 2902 5538 trahat,
2938 5482 3113 5537 neque
3151 5465 3492 5519 incremento

1912 5560 2048 5632 ullo,
2081 5577 2262 5636 neque
2311 5562 2699 5631 diminutione,
2738 5559 3037 5618 secundum
3083 5571 3267 5613 veram
3325 5556 3494 5614 ratio.-
