3980 6198
514 317 609 373 131

1741 306 1798 360 S.
1848 303 2175 361 GllEGURll
2228 303 2523 360 NYSSENI

3663 308 3777 360 152

509 451 659 501 nem,
688 432 979 488 accedente
1027 428 1093 483 ad
1129 434 1410 491 naturam,
1440 441 1566 481 cum
1616 426 1699 481 vel
1746 429 1801 480 in
1834 425 2082 495 pluribus

2191 425 2479 496 θεωρῆται.
2513 427 2665 480 Μόνα
2704 426 2812 498 γὰρ
2848 425 2990 481 κατὰ
3019 424 3269 480 σύνθεσιν
3296 423 3633 497 ἀριθμεῖται,
3662 426 3779 479 ὅσα

508 529 592 584 vel
619 524 968 596 paucioribus
997 526 1296 585 spectetur.
1342 517 1415 571 Ea
1449 532 1689 587 namque
1733 518 1849 572 sola
1886 532 2085 572 secun-

507 619 635 673 dum
677 612 1137 683 compositionem
1182 618 1567 671 numerantur,
1616 622 1739 677 quas
1781 605 2084 662 secundum

507 705 783 779 propriam
839 699 1410 769 circumscriptionem
1464 697 1911 752 considerantur.
1961 696 2084 749 Cir-

506 795 870 863 cumscriptio
905 799 1087 845 autem
1124 790 1180 843 in
1229 788 1519 857 superﬁcie
1569 787 1837 856 corporis,
1868 786 1924 840 in
1965 800 2084 839 ma-

508 885 813 957 gnitudine,
853 883 909 935 in
944 883 1087 943 loco,
1125 882 1180 933 in
1223 878 1532 933 diﬁ‘ercutia
1579 878 1762 947 ﬁgurae
1795 884 1849 931 et
1881 876 2084 931 coloris

506 976 1014 1047 comprehenditur.
1040 975 1110 1026 At
1141 973 1285 1041 quod
1318 980 1475 1025 extra
1523 972 1637 1024 haec
1674 971 2082 1034 consideratur,

507 1070 863 1136 effugite-am,
906 1081 1028 1136 qum
1064 1080 1158 1133 per
1189 1064 1319 1117 talia
1367 1064 1449 1127 ﬁt,
1481 1061 2080 1131 circumscriptionem.

505 1159 662 1226 Quod
697 1166 879 1211 autem
917 1172 1022 1209 non
1060 1153 1555 1218 circumscribitur,
1581 1168 1691 1206 non
1730 1162 2085 1215 numeratur;

504 1262 561 1308 et
589 1251 734 1321 quod
772 1266 878 1302 non
913 1254 1254 1309 numeratur,
1282 1246 1336 1299 in
1363 1245 1712 1300 multitudine
1746 1245 2084 1300 considerari

507 1360 616 1397 non
651 1351 849 1411 potest.
874 1339 1009 1393 Nam
1046 1346 1099 1393 et
1129 1352 1347 1400 aurum,
1378 1337 1595 1391 etiamsi
1643 1337 1697 1390 in
1741 1338 1941 1391 multas
1973 1335 2084 1389 for—

510 1452 626 1492 mas
657 1444 710 1489 et
758 1436 962 1503 ﬁguras
1014 1432 1320 1492 scindatur,
1358 1445 1525 1481 unum
1557 1436 1611 1482 et
1640 1443 1764 1482 esse
1787 1436 1841 1482 et
1866 1427 1972 1481 dici
2005 1426 2085 1479 af-

510 1529 826 1582 ﬁrmamus:
854 1539 1108 1578 nmnntos
1134 1536 1261 1575 vero
1285 1520 1485 1573 multos
1520 1535 1583 1573 ac
1618 1519 1817 1572 multos
1852 1525 2085 1571 stateres

510 1619 885 1680 nominamus,
920 1615 1124 1667 nullam
1162 1611 1281 1664 auri
1319 1618 1532 1663 natura:
1564 1608 1981 1663 redundantiam
2030 1606 2084 1658 in

509 1709 863 1765 multitudine
917 1714 1181 1762 staterum
1238 1702 1598 1771 reperientes.
1646 1696 1799 1754 tnde
1850 1698 2082 1751 multum

505 1819 727 1873 quoque
767 1815 960 1853 aurum
989 1797 1213 1855 dicitur.
1248 1809 1371 1847 cum
1410 1792 1604 1861 majori
1639 1791 1877 1862 pondere
1909 1790 1997 1843 vel
2027 1789 2080 1842 in

505 1896 652 1948 vasis
677 1893 758 1947 vel
800 1890 1041 1946 nummis
1074 1895 1373 1956 spectatur,
1401 1885 1567 1938 multa
1595 1894 1773 1938 autem
1793 1897 1926 1936 aura
1952 1896 2081 1951 pro-

504 1995 625 2056 pter
652 1982 1059 2038 multitudinem
1101 1978 1343 2032 materize
1391 1992 1499 2031 non
1543 1976 1899 2029 nominantur
1933 1992 1945 2027 :
1974 1972 2082 2027 nisi

503 2080 631 2149 quis
667 2078 741 2130 ita
771 2077 938 2139 dicat,
973 2087 1174 2126 aureos
1224 2069 1451 2131 multos,
1504 2068 1673 2122 veluti
1706 2067 1956 2127 Daricos,
1990 2075 2085 2117 ant

506 2179 739 2224 stateres
782 2187 795 2224 :
825 2167 878 2219 in
913 2165 1114 2235 quibus
1138 2176 1245 2216 non
1267 2160 1517 2221 materia,
1550 2160 1643 2213 sed
1668 2165 1883 2211 moneta
1922 2171 2082 2209 num-

506 2262 693 2332 mique
768 2255 1143 2312 multitudinis
1222 2250 1679 2322 signiﬁcationem
1761 2246 2081 2301 admittunt.

503 2351 639 2405 Nam
673 2350 893 2419 proprie
940 2347 1039 2401 hos
1096 2360 1203 2399 non
1257 2342 1510 2413 χρυσούς,
1568 2340 1618 2393 id
1674 2349 1757 2393 est
1785 2353 1940 2403 aura,
1990 2336 2084 2391 sed

504 2444 817 2515 χρυσείους,
852 2440 904 2494 id
945 2448 1028 2493 est
1074 2452 1286 2502 aureos,
1316 2435 1503 2488 dicere
1545 2434 1686 2487 licet.
1720 2428 2088 2496 Quemadmo-

506 2537 635 2591 dum
668 2534 832 2603 igitur
868 2529 1027 2585 multi
1059 2528 1280 2597 quidem
1339 2525 1492 2579 aurei
1547 2532 1676 2578 sunt
1703 2532 1960 2586 stateres,
1990 2536 2085 2573 au-

506 2638 629 2677 rum
660 2637 788 2677 vero
836 2635 1004 2673 unum
1038 2626 1121 2671 est
1155 2635 1167 2670 :
1202 2616 1392 2670 eodem
1440 2614 1603 2668 modo
1654 2614 1811 2667 multi
1860 2612 2081 2681 quidem

508 2715 821 2783 singulares
853 2713 907 2764 in
959 2718 1155 2763 natura
1196 2708 1435 2762 hominis
1465 2707 1852 2769 ostenduntur,
1888 2715 1947 2758 ut
1980 2702 2084 2757 Pe-

509 2816 649 2871 trus,
700 2804 964 2866 Jacobus,
1016 2802 1255 2857 Joannes
1290 2816 1302 2851 :
1334 2816 1478 2855 unus
1511 2815 1638 2853 vero
1688 2800 1740 2852 in
1798 2797 1886 2852 his
1923 2796 2085 2849 homo

508 2905 612 2951 est.
657 2896 811 2961 Quod
845 2896 888 2950 si
924 2894 1207 2964 Scriptura
1265 2908 1459 2947 nomen
1492 2891 1686 2945 dilatat
1734 2897 1788 2942 et
1840 2887 2086 2943 extendit

509 2988 575 3042 ad
618 2986 884 3057 pluralem
922 2982 1401 3053 signiﬁcationem,
1442 2980 1572 3033 dum
1644 2978 1799 3038 dicit,
1836 2994 1853 3026 ι
1890 2973 2082 3029 Homi-

510 3092 605 3131 nes
630 3093 725 3145 per
756 3076 1019 3145 majorem
1039 3074 1311 3143 jurant”,
1340 3092 1356 3121 ›
1380 3079 1433 3125 et
1462 3088 1477 3120 ι
1511 3068 1631 3122 Filii
1672 3067 2036 3131 hominum“,
2061 3084 2079 3116 ι

506 3177 559 3223 et
592 3179 787 3223 cmtera
824 3168 1046 3229 similia,
1091 3163 1449 3234 iudicandum
1503 3170 1610 3224 est,
1664 3160 1808 3230 quod
1852 3173 2087 3213 consue-

506 3260 695 3314 tudine
743 3259 1043 3315 obtinentis
1081 3258 1280 3325 lingua:
1336 3252 1713 3323 proprietatis,
1752 3266 1916 3320 quam
1964 3246 2085 3300 διὲι⁴

504 3349 692 3403 λεκτον
748 3362 1031 3406 vocamus,
1086 3354 1293 3405 utatur,
1353 3357 1460 3395 non
1512 3342 1685 3410 legem
1743 3337 2084 3408 przescribat,

505 3458 611 3510 qua
644 3442 725 3494 sic
755 3446 1004 3507 oporteat
1040 3436 1223 3503 potius
1249 3448 1410 3503 quam
1444 3432 1603 3484 aliter
1634 3430 1815 3485 verbis
1849 3430 1927 3483 uti
1950 3448 1963 3483 :
1988 3445 2086 3485 nec

505 3531 861 3584 artificiosam
882 3528 1121 3597 aliquam
1151 3527 1216 3579 de
1243 3525 1424 3580 verbis
1454 3522 1760 3577 doctrinam
1794 3521 2085 3578 instituens

506 3624 621 3679 hac
643 3623 810 3687 dicat,
844 3621 941 3678 sed
997 3620 1297 3677 secundum
1349 3618 1687 3673 obtinentem
1731 3617 2086 3673 consuetudi-

2187 519 2305 570 κατ’
2346 518 2480 571 ἰδίαν
2513 520 2859 592 περιγραφὴν
2883 520 3168 589 θεωρεῖται
3192 535 3205 549 °
3243 520 3277 587 ἡ
3319 517 3374 569 δέ
3406 519 3731 588 περιγραφὴ
3754 560 3773 584 ,

2185 606 2242 659 ἐν
2261 608 2548 677 ἐπιφανείᾳ
2569 607 2816 679 σώματος
2832 609 2924 662 καὶ
2944 608 3161 679 μεγέθει
3178 606 3270 661 καὶ
3288 606 3439 675 τόπῳ
3460 608 3552 659 καὶ
3569 608 3637 677 τῇ
3651 606 3781 660 δια-

2187 700 2326 769 φορᾷ
2343 701 2406 769 τῇ
2426 698 2633 752 κατὰτὸ
2649 702 2835 770 σχῆμα
2857 702 2949 753 καὶ
2968 699 3163 771 χρῶμα
3181 697 3777 768 καταλαμϐάνεται.Τὸ

2185 789 2242 842 δὲ
2276 790 2379 853 ἐξω
2413 790 2614 843 τούτων
2636 791 3027 861 θεωρούμενον,
3077 790 3337 858 ἐκφεύγει
3379 789 3477 860 τὴν
3520 790 3609 843 διὰ
3654 790 3778 843 τῶν

2185 882 2438 934 τοιούτων
2450 884 2816 953 περιγραφήν.
2829 884 2894 935 Ὃ
2908 883 2964 935 δὲ
2989 882 3062 953 μὴ
3081 884 3481 953 περιγράφεται
3499 883 3599 935 οὐκ
3617 883 3778 953 ἀριθ-

2191 974 2389 1041 μεῖται,
2406 972 2467 1025 τὸ
2492 973 2547 1025 δὲ
2573 972 2648 1043 μὴ
2672 972 3090 1043 ἀριθμούμενον,
3120 974 3177 1024 ἐν
3201 972 3391 1041 πλήθει
3421 972 3774 1043 θεωρηθῆναι

2186 1066 2245 1116 ού
2268 1064 2510 1117 δύναται.
2546 1065 2697 1117 Ἐπεὶ
2728 1066 2820 1118 καὶ
2845 1065 2935 1118 τὸν
2955 1064 3151 1136 χρυσόν
3176 1082 3375 1133 φαμεν,
3402 1063 3503 1117 κᾶν
3531 1065 3612 1127 είς
3633 1064 3775 1116 πολ-

2187 1154 2310 1215 λοὺς
2339 1154 2823 1226 διακερματίζηται
2857 1155 3057 1217 τύπους
3080 1194 3095 1217 ,
3132 1155 3226 1208 ἕνα
3258 1155 3351 1207 καὶ
3386 1151 3523 1208 εἶναι
3556 1155 3652 1208 καὶ
3686 1155 3777 1208 λέ-

2187 1249 2378 1315 γεσθαι
2403 1265 2415 1278 ·
2455 1250 2622 1302 πολλὰ
2656 1251 2711 1302 δέ
2754 1250 3063 1321 νομίσματα
3101 1251 3196 1304 καὶ
3234 1251 3458 1316 πτολλοὺς
3486 1251 3775 1321 στατῆρας

2186 1339 2543 1411 ὀνομάζομεν.
2583 1342 2771 1395 οὐδένα
2803 1344 2902 1411 τῆς
2932 1342 3146 1411 φύσεως
3176 1343 3271 1396 τοῦ
3301 1340 3501 1413 χρυσοῦ
3536 1344 3773 1396 πλεονα-

2188 1428 2323 1499 σμὸν
2357 1431 2415 1482 ἐν
2444 1431 2522 1501 τῷ
2553 1431 2745 1502 πλήθει
2784 1433 2893 1485 τῶν
2937 1434 3223 1504 στατήρων
3261 1434 3632 1505 εὑρίσκοντες.
3674 1437 3773 1488 At’)

2188 1521 2281 1574 καὶ
2311 1521 2479 1584 πολὺς
2506 1522 2535 1572 ὁ
2579 1522 2779 1591 χρυσὸς
2807 1521 3058 1590 λέγεται,
3102 1524 3231 1577 ὃταν
3272 1524 3423 1593 ὄγκῳ
3468 1525 3697 1588 πλείονι,
3734 1527 3769 1597 ἢ

2192 1611 2467 1675 σκεύεσιν,
2498 1612 2530 1683 ἢ
2562 1613 2859 1683 νομίσμασι
2892 1613 3185 1684 θεωρῆται,
3215 1614 3399 1667 πολλοὶ
3418 1616 3474 1669 δὲ
3499 1617 3549 1669 οἱ
3572 1620 3775 1686 χρυσοῖ

2189 1703 2279 1756 διὰ
2310 1704 2369 1756 τὸ
2405 1704 2607 1774 πλῆθος
2636 1705 2734 1775 τῆς
2765 1703 2896 1775 ὕλης
2930 1706 3029 1758 οὐκ
3058 1706 3413 1772 ὀνομάζονται
3440 1724 3451 1737 ·
3485 1710 3534 1760 εἰ
3574 1710 3650 1779 μή
3686 1729 3774 1773 τις

2189 1789 2332 1843 οὕτω
2363 1790 2542 1859 λέγοι,
2574 1792 2809 1862 χρυσοὺς
2846 1792 3103 1857 πολλοὺς,
3139 1793 3214 1857 ὡς
3248 1794 3373 1856 τοὺς
3402 1798 3697 1866 Δαρεικοὺς
3740 1798 3773 1867 ἢ

2188 1884 2316 1946 τοὺς
2351 1883 2647 1953 στατῆρας,
2674 1883 2759 1951 ἐφ’
2797 1877 2871 1936 ὧν
2904 1883 3002 1953 οὐχ
3031 1885 3063 1954 ἡ
3096 1884 3195 1954 ὕλη
3214 1924 3229 1947 ,
3260 1885 3397 1938 ἀλλὰ
3421 1887 3488 1939 τὰ
3514 1888 3775 1957 κέρματα

2188 1974 2289 2048 τὴν
2332 1974 2425 2028 τοῦ
2477 1975 2716 2047 πλήθους
2760 1976 3034 2047 σημασίαν
3076 1977 3345 2043 ἐδέξαντο.
3394 1980 3616 2048 Κυρίως
3661 1981 3775 2052 γὰρ

2192 2069 2337 2121 ἔστιν
2385 2069 2506 2138 ούχὶ
2534 2071 2799 2139 χρυσοὺς,
2834 2069 2968 2122 ἀλλὰ
3006 2071 3272 2142 χρυσέους
3304 2072 3528 2135 τούτους
3571 2076 3774 2127 εἰπεῖν.

2193 2158 2403 2231 ’Ὠσπερ
2428 2160 2606 2213 τοίνυν
2637 2161 2821 2214 ’πολλοὶ¹
2855 2162 2951 2231 μὲν
2978 2165 3024 2215 οἱ
3055 2162 3275 2232 χρύσεοι
3308 2167 3601 2235 στατῆρες,
3638 2183 3781 2236 χρυ-

2195 2250 2286 2313 σὸς
2310 2252 2367 2304 δὲ
2393 2246 2493 2314 εἷς,
2524 2251 2668 2306 οὕτω
2692 2254 2787 2306 καὶ
2814 2255 2997 2307 πολλοὶ
3016 2256 3112 2326 μὲν
3138 2257 3186 2309 oi
3213 2257 3335 2310 καθ’
3361 2256 3592 2312 ἕκαστον
3623 2262 3682 2313 ἐν
3706 2264 3777 2331 τῇ

2194 2342 2353 2409 φύσει
2399 2341 2493 2395 τοῦ
2536 2343 2825 2415 ἀνθρώπου
2864 2346 3230 2416 δεικνύμενοι,
3277 2343 3388 2402 οἷον
3432 2350 3641 2422 Πέτρος
3684 2355 3780 2407 καὶ

2206 2434 2460 2498 Ἰάκωϐος
2493 2436 2587 2488 καὶ
2623 2437 2905 2508 Ἰωάννης,
2942 2432 3023 2501 εἷς
3050 2439 3108 2491 δέ
3142 2440 3200 2493 ἐν
3229 2440 3438 2504 τούτοις
3460 2441 3776 2513 ἄνθρωπος.

2193 2526 2314 2579 Κᾶν
2345 2528 2377 2598 ἡ
2413 2527 2601 2599 Γραφὴ
2630 2528 2873 2600 πλατύνῃ
2901 2529 2961 2581 τὸ
2986 2530 3155 2601 ὄνομα
3185 2532 3328 2585 κατὰ
3352 2534 3449 2603 τὴν
3479 2534 3781 2605 πληθυντι-

2193 2618 2295 2689 κὴν
2330 2620 2603 2691 σημασίαν
2632 2621 2689 2673 ἐν
2718 2620 2795 2690 τῷ
2828 2621 3028 2689 λέγειν,
3071 2642 3090 2675 ι
3133 2623 3442 2694 Ἄνθρωποι
3485 2626 3633 2679 κατὰ
3680 2628 3777 2681 τοῦ

2197 2711 2441 2780 μείζονος
2488 2711 2797 2781 ὀμνύουσιν,
2836 2730 2854 2763 ›
2891 2713 3005 2780 καὶ,
3046 2732 3065 2765 ι
3105 2714 3221 2768 Υἱοὶ
3244 2716 3572 2787 ἀνθρώπων,
3622 2738 3644 2771 ι
3684 2722 3779 2773 καὶ

2193 2801 2293 2854 ὅσα
2321 2801 2576 2865 τοιαῦτα,
2611 2804 2881 2871 γνωστέον
2911 2805 2995 2857 ὅτι
3019 2807 3082 2876 τῇ
3118 2806 3377 2877 συνηθείᾳ
3402 2808 3499 2877 τῆς
3539 2810 3781 2880 ἐπικρα-

2194 2890 2394 2961 τούσης
2421 2892 2696 2946 διαλέκτου
2720 2893 3055 2963 κεχρημένη,
3088 2894 3207 2965 οὐχὶ
3250 2896 3530 2966 νομοθετεῖ
3564 2897 3626 2952 τὸ
3667 2900 3780 2952 δεῖν

2194 2983 2365 3047 οὕτως
2398 2984 2431 3055 ἢ
2471 2985 2544 3048 ὡς
2582 2984 2781 3056 ἑτέρως
2828 2984 3124 3055 κεχρῆσθαι
3167 2988 3277 3049 τοῖς
3326 2989 3566 3058 ῥήμασιν
3594 3007 3606 3019 ·
3658 2990 3783 3043 οὐδέ

2193 3093 2315 3130 τινα
2340 3077 2594 3146 τεχνικὴν
2629 3076 2757 3145 περὶ
2789 3078 3049 3146 ῥημάτων
3086 3078 3435 3133 διδασκαλίαν
3473 3084 3781 3153 ποιουμένη

2192 3167 2367 3220 ταῦτα.
2398 3164 2672 3229 διέξεισιν,
2701 3166 2837 3219 ἀλλὰ
2868 3168 3010 3222 κατὰ
3054 3168 3152 3240 τὴν
3185 3171 3592 3239 ἐπικρατοῦσαν
3655 3190 3785 3225 συν-

2195 3256 2386 3327 ήθειαν
2414 3257 2615 3333 χρῆται
2646 3256 2725 3326 τῷ
2752 3257 2914 3327 λόγῳ,
2938 3259 3075 3328 πρὸς
3097 3261 3254 3312 τοῦτο
3282 3261 3554 3330 βλέπουσα
3588 3264 3776 3332 μόνον,

2194 3349 2340 3411 ὅπως
2366 3348 2431 3401 ἂν
2461 3349 2745 3420 ἐπωφελὴς
2774 3348 2982 3417 γένοιτο
3024 3352 3136 3414 τοῖς
3181 3352 3492 3422 δεχομένοις
3522 3356 3554 3407 ὁ
3582 3354 3776 3422 λόγος,

2194 3436 2347 3489 οὐδὲν
2379 3436 2877 3508 ἀκριϐολογουμένη
2918 3439 3058 3491 κατὰ
3085 3439 3182 3511 τὴν
3210 3440 3376 3507 λέξιν,
3416 3444 3474 3495 ὲν
3513 3437 3595 3506 οἷς
3618 3446 3778 3499 0'56;-

2197 3527 2296 3597 μία
2349 3527 2521 3599 βλάὸη
2570 3529 2711 3582 κατὰ
2753 3529 2988 3583 διάνοιαν
3037 3532 3102 3584 ἐκ
3163 3532 3271 3585 τῶν
3324 3536 3586 3605 ῥημάτων
3649 3554 3792 3591 συν-

2196 3620 2431 3673 ίσταται.

504 3736 629 3776 nem
679 3720 847 3774 verbo
898 3728 1105 3781 utatur,
1140 3716 1191 3770 id
1240 3717 1417 3771 solum
1467 3724 1748 3784 spectans,
1784 3723 1845 3769 ut
1884 3716 2291 3786 accipientibus
2330 3718 2481 3772 utilis
2533 3717 2606 3771 sit
2658 3719 2856 3785 oratio,
2914 3719 3049 3774 nihil
3114 3721 3406 3776 admodum
3452 3722 3782 3794 disquirens

505 3815 655 3869 circa
679 3812 1001 3876 dictionem,
1039 3809 1095 3863 in
1125 3808 1329 3880 quibus
1371 3807 1509 3863 locis
1558 3807 1770 3862 nullum
1824 3806 2087 3861 damnum
2124 3808 2278 3863 circa
2310 3810 2635 3865 sententiam
2667 3826 2732 3866 ex
2759 3802 2941 3866 verbis
2973 3810 3263 3866 conﬂatur.

575 4005 653 4055 Ac
706 4001 928 4070 longum
978 3996 1141 4052 fuerit
1190 3996 1256 4050 ad
1310 3994 1581 4049 dictorum
1617 3992 1990 4063 probationem
2022 4009 2088 4048 ex

505 4093 793 4163 Scriptura
831 4092 1090 4162 colligere
1137 4087 1581 4143 constructiones
1625 4085 1926 4140 solmcismi
1960 4100 2085 4155 spe-

502 4191 639 4242 cict'n
673 4186 933 4240 habentes
976 4200 989 4234 :
1040 4183 1094 4235 in
1145 4180 1347 4251 quibus
1407 4188 1588 4234 autem
1623 4177 1927 4246 periculum
1976 4182 2083 4240 est,

500 4294 571 4333 ne
601 4277 991 4331 detrimentum
1025 4272 1269 4342 patiatur
1295 4270 1540 4325 veritatis
1574 4268 1758 4338 aliqua
1796 4282 1942 4337 pars,
1971 4282 2082 4321 non

2265 3995 2374 4048 Καὶ
2415 3996 2625 4065 μακρὸν
2665 3994 2731 4050 ἂν
2767 3994 2852 4065 εἴη
2883 3996 2982 4060 τὰς
3025 3997 3431 4067 σολοικοφανεῖς
3472 3997 3568 4051 τοῦ
3607 3999 3777 4069 λόγου

2192 4085 2470 4151 συντάξεις
2507 4089 2570 4150 ἐκ
2609 4087 2709 4157 τῆς
2759 4088 2984 4158 Γραφῆς
3026 4090 3347 4159 καταλέγειν
3399 4092 3479 4155 εἰς
3516 4091 3614 4163 τὴν
3662 4094 3777 4147 τῶν

2188 4179 2494 4249 εἰρημένων
2538 4180 2840 4244 ἀπόδειξινο
2886 4183 2943 4233 ἐν
2989 4177 3071 4245 οἷς
3100 4183 3155 4235 δὲ
3189 4183 3431 4247 κίνδυνός
3466 4185 3585 4238 ἐστι
3633 4186 3770 4256 βλα-

2187 4270 2348 4340 ϐῆναί
2383 4288 2431 4323 τι
2458 4271 2554 4341 τῆς
2579 4271 2856 4340 ἀληθείας,
2883 4272 3065 4326 οὐκέτι
3099 4274 3158 4326 τὸ
3192 4274 3553 4329 ἁϐασάνιστόν
3581 4294 3640 4330 τε
3671 4279 3771 4331 καὶ

502 4372 627 4424 item
660 4368 1013 4438 promiscuus
1071 4374 1124 4420 et
1172 4363 1487 4418 indiﬁ‘ereus
1532 4375 1690 4425 usus,
1742 4375 1843 4413 nec
1899 4358 2081 4413 indili-

2190 4364 2477 4433 ἀδιάφορον
2507 4364 2565 4415 ἐν
2594 4366 2706 4427 τοῖς
2736 4367 3027 4434 γραφικοῖς
3053 4366 3366 4436 εὑρίσκεται
3403 4369 3633 4438 ῥήμασι.
3669 4370 3773 4423 Διὰ

501 4460 687 4529 gentia
727 4455 1062 4512 discutiendi
1118 4462 1173 4510 et
1220 4451 1574 4510 examinandi
1627 4452 1681 4505 in
1720 4450 1901 4505 verbis
1933 4448 2074 4502 Scri-

501 4564 676 4623 pturze
719 4552 1015 4620 reperitur.
1051 4547 1265 4602 Idcirco
1310 4547 1559 4601 homines
1593 4544 1815 4613 quidem
1850 4541 2079 4612 plurali-

500 4652 584 4697 ter
616 4642 903 4695 nominare
941 4641 1218 4704 concedit,
1262 4639 1461 4708 quippe
1500 4653 1624 4691 cum
1662 4650 1823 4691 nemo
1859 4642 2081 4704 prepter

502 4730 815 4797 huiusmodi
842 4731 1066 4798 ﬁguram
1097 4728 1248 4782 vocis
1279 4728 1345 4781 ad
1382 4726 1788 4780 multitudinem
1827 4725 2078 4778 humani-

502 4828 671 4876 tatum
704 4821 1018 4890 suspicione
1046 4819 1383 4889 prolabatur,
1423 4833 1523 4872 nec
1553 4819 1755 4872 multas
1805 4817 2077 4871 humanas

501 4921 725 4968 naturas
754 4911 1051 4980 signiﬁcari
1074 4912 1368 4975 existimet,
1395 4920 1675 4980 prepterea
1712 4910 1857 4980 quod
1882 4925 2079 4964 nomen

499 5011 709 5060 natura:
748 5002 1032 5071 pluraliter
1075 5002 1418 5055 enuntiatum
1450 5003 1542 5054 sit.
1574 5000 1642 5052 At
1703 5016 1889 5054 vocem
1938 5000 2081 5054 Deus

500 5111 624 5152 cum
660 5095 916 5149 cautione
948 5101 1003 5147 et
1064 5092 1448 5147 observatione
1510 5108 1606 5159 per
1647 5092 1983 5161 singularem
2019 5090 2079 5144 ﬁ-

498 5204 686 5259 guram
710 5186 976 5247 enuntiat,
1003 5185 1105 5238 hoc
1145 5184 1485 5253 prospiciens
1532 5195 1585 5239 et
1616 5200 1837 5249 cavens,
1874 5199 1943 5238 ne
1989 5183 2078 5237 di-

499 5296 667 5336 versa:
696 5288 904 5333 natura:
938 5278 1129 5347 plurali
1154 5276 1552 5346 signiﬁcatione
1586 5277 1816 5351 deorum
1849 5277 1902 5329 in
1937 5275 2079 5330 divi-

497 5388 564 5426 na
594 5372 831 5429 essentia
860 5366 1387 5423 subintroducantur
1425 5386 1436 5420 :
1475 5366 1853 5435 quamobrem,
1895 5384 1915 5417 ι
1973 5362 2077 5420 Do-

499 5464 681 5518 minus
732 5463 896 5527 Dens,
938 5482 954 5512 ›
995 5460 1193 5529 inquit,
1240 5476 1258 5509 ι
1296 5457 1561 5512 Dominus
1594 5471 1737 5510 unus
1788 5466 1872 5510 est
1898 5459 1939 5487 ¹¹
1992 5476 2005 5511 :
2053 5476 2070 5508 ›

494 5555 625 5625 quin
656 5554 818 5609 etiam
855 5551 1194 5625 unigenitum
1226 5549 1394 5606 Deum
1424 5564 1559 5605 voce
1582 5548 1801 5604 deitatis
1831 5563 2077 5618 pronun-

569 5735 613 5767 "
650 5732 812 5789 Hebr.
845 5748 918 5800 vt,
962 5734 1043 5788 12.
1113 5692 1154 5765 ιλ
1199 5730 1347 5786 Psal.
1384 5746 1459 5799 tv,
1487 5732 1539 5787 5.
1621 5731 1662 5762 ¹²
1700 5728 1852 5792 Dem.
1903 5745 1974 5793 rt,
2007 5729 2061 5783 4.

2186 4453 2347 4508 τοῦτο
2377 4454 2696 4525 ἀνθρώπους
2739 4457 3012 4525 συγχωρεῖ
3041 4456 3411 4526 πληθυντικῶς
3449 4460 3769 4529 ὀνομάζειν,

2185 4543 2272 4596 διά
2305 4543 2365 4595 τὸ
2412 4545 2615 4614 μηδένα
2651 4543 2728 4614 τῷ
2756 4544 2980 4617 τοιούτῳ
3029 4547 3267 4615 σχήματι
3311 4547 3413 4617 τῆς
3455 4548 3642 4617 φωνῆς
3689 4553 3774 4613 εἰς

2185 4636 2387 4706 πλῆθος
2438 4635 2870 4707 άνθρωποτήτων
2940 4638 3059 4700 ταῖς
3119 4638 3396 4702 ὑπονοίαις
3450 4639 3767 4701 ἐκπίπτειν,

2189 4724 2322 4795 μηδέ
2369 4724 2606 4794 νομίζειν
2650 4723 2849 4786 πολλὰς
2884 4724 3229 4795 ἀνθρωπίνας
3270 4726 3459 4794 φύσεις
3505 4730 3772 4798 σημαίνε-

2186 4818 2328 4879 σθαι,
2356 4818 2442 4869 διὰ
2462 4818 2521 4869 τὸ
2548 4816 2921 4880 πληθυντικῶς
2943 4817 3331 4887 ἐξαγγελθῆναι
3350 4818 3412 4871 τὸ
3435 4820 3537 4889 τῆς
3549 4821 3770 4889 φύσεως

2182 4911 2370 4979 ὄνομα.
2406 4906 2517 4979 Τὴν
2541 4908 2595 4961 δὲ
2639 4908 2769 4971 Θεὸς
2816 4911 2998 4979 φωνὴν
3048 4912 3585 4982 παρατετηρημένως
3620 4914 3767 4967 κατᾶ

2172 5001 2271 5073 ,τὸν
2298 5001 2474 5054 ἑνικὸν
2496 4999 2808 5068 ἐξαγγέλλει
2830 5002 3011 5067 τόπον,
3035 5000 3192 5054 τοῦτο
3218 5004 3675 5075 προμηθουμένη,
3705 5006 3766 5057 τὸ

2185 5092 2258 5163 μὴ
2307 5091 2593 5162 διαφόρους
2638 5092 2829 5159 φύσεις
2874 5092 2965 5145 ἐπὶ
3014 5098 3115 5161 τῆς
3166 5093 3315 5157 θείας
3362 5095 3550 5157 οὐσίας
3592 5097 3650 5148 ὲν
3695 5100 3763 5168 τῇ

2181 5184 2514 5255 πληθυντικῇ
2563 5184 2806 5254 σημασία
2834 5183 2939 5237 τῶν
2976 5184 3112 5237 θεῶν
3145 5184 3599 5253 παρεισάγεσθαι.
3633 5186 3727 5238 Διὸ
3750 5228 3766 5249 ,

2185 5276 2337 5345 φησι,
2362 5293 2380 5325 ι
2411 5274 2612 5345 Κύριος
2627 5276 2655 5326 ὁ
2672 5274 2819 5338 Θεὸς,
2839 5273 3040 5346 Κύριος
3064 5271 3142 5339 εἷς
3167 5278 3333 5329 ἐστιν’
3368 5296 3386 5327 ι
3405 5275 3540 5329 ἀλλὰ
3557 5276 3651 5330 καὶ
3673 5276 3768 5329 τὸν

2186 5366 2446 5437 μονογενῆ
2477 5366 2609 5419 Θεὸν
2656 5368 2721 5435 τῇ
2748 5365 2849 5434 τῆς
2883 5364 3135 5436 θεότητος
3177 5367 3550 5438 ἀνακηρύσσει
3587 5371 3764 5438 φωνῇ,

2184 5459 2277 5509 καὶ
2310 5457 2371 5509 ού
2406 5454 2612 5509 διαλύει
2654 5456 2714 5507 τὸ
2744 5455 2802 5507 ἓν
2826 5458 2905 5517 είς
2933 5456 3121 5528 δυῖκὴν
3156 5459 3458 5528 σημασίαν,
3492 5458 3635 5510 ὥστε
3671 5458 3769 5511 δύο

2184 5548 2339 5612 θεοὺς
2369 5546 2459 5601 τὸν
2498 5546 2719 5617 Πατέρα
2747 5546 2841 5600 καὶ
2870 5546 2959 5600 τὸν
2992 5547 3119 5603 Υίδν
3146 5550 3412 5621 ὀνομάσαι
3439 5565 3452 5578 ·
3496 5548 3604 5604 κᾶν
3633 5548 3770 5605 ἐκάη
