4006 6148
216 279 318 331 155

1393 277 1581 343 QUOD
1622 278 1760 334 NON
1796 279 1950 336 SlNT
1979 281 2158 338 TRES
2180 283 2286 340 Dll.

3360 295 3462 349 155

209 415 367 468 τερος
395 395 524 459 Θεὸς
564 394 712 466 παρὰ
743 394 849 446 τῶν
869 394 1038 462 ἀγίων
1071 391 1432 464 κηρύσσηται,
1477 395 1635 448 ’Λλλά
1663 395 1794 458 Θεὸς
1822 445 1827 457 ε

1929 399 2000 453 iat
2030 415 2045 453 :
2078 415 2142 455 ac
2177 417 2285 455 non
2317 401 2567 458 dissolvit
2591 402 2642 457 id
2674 403 2818 474 quod
2847 419 3012 460 unum
3047 415 3130 461 est
3160 407 3212 460 in
3248 405 3462 464 dualem

217 490 315 558 μὲν
347 489 374 540 6
429 487 620 557 Πατήρ
642 503 656 516 ο
699 486 830 549 Θεὸς
856 486 911 539 δὲ
955 487 983 539 6
1015 473 1190 548 Υἱός·
1229 481 1309 549 εἷς
1346 485 1402 538 δὲ
1433 489 1489 540 ὲν
1529 487 1605 556 τῷ
1647 487 1794 558 αὐτῷ

213 579 530 650 κηρύγματι
559 579 589 630 6
622 577 788 640 Θεός·
830 576 915 629 διὰ
939 576 999 629 τὸ
1027 577 1164 648 μήτε
1196 576 1432 646 φύσεως,
1467 579 1604 648 μήτε
1638 581 1782 649 ὲνερυ

214 669 365 737 γείας
390 665 778 737 ὲνθεωρεῖσοαί
805 684 924 721 τινα
947 666 1209 737 διαφορὰν
1235 669 1298 737 τῇ
1327 667 1569 737 θειότητι.
1595 669 1659 721 Εἰ
1688 669 1798 740 γὰρ

214 759 572 830 παρήλλακτο
602 757 742 812 κατά
761 758 858 828 τὴν
888 758 996 811 τῶν
1019 759 1386 828 ἠπατημένων
1417 760 1674 813 ὑπόνοιαν
1704 762 1798 813 ἐπὶ

217 853 311 920 τῆς
355 851 521 918 ἁγίας
550 849 782 920 Τριάδος
812 851 844 922 ἡ
886 849 1047 919 φύσις
1069 890 1083 913 ,
1114 850 1424 914 ἀκολούθως
1459 851 1540 914 είς
1599 850 1801 922 πλῆθος

217 942 360 995 Θεῶν
385 945 414 994 6
435 940 668 1012 ἀριθμὸς
689 940 1035 1003 ἐπλατύνετο,
1069 943 1133 1011 τῇ
1167 941 1444 1011 ἑτερότητι
1471 943 1570 1009 τῆς
1613 943 1801 1005 οὐσίας

217 1035 322 1086 τῶν
367 1033 745 1102 ὑποκειμένων
779 1032 1268 1104 συνδιαιρούμενος.
1331 1033 1485 1087 Ἐπεὶ
1521 1034 1578 1087 δὲ
1620 1033 1801 1086 πᾶσαν

217 1123 517 1192 ἀπωθεῖται
552 1122 652 1194 τὴν
691 1123 808 1176 κατ’
838 1123 1022 1178 οὐσίαν
1060 1124 1349 1196 ἑτερότητα
1386 1124 1566 1195 ήθεία
1607 1143 1667 1178 τε
1710 1123 1803 1178 καὶ

221 1215 364 1284 ἁπλῆ
393 1215 488 1268 καὶ
515 1213 872 1277 ἀναλλοίωτος
904 1213 1083 1284 φύσις.
1136 1215 1212 1278 ώς
1246 1215 1309 1269 ἂν
1343 1217 1438 1286 μία
1465 1211 1520 1289 ᾗ.
1566 1215 1802 1286 πλήθους

223 1305 498 1375 σημασίαν
526 1305 610 1372 ἐφ’
642 1304 839 1374 ἑαυτῆς
869 1305 928 1357 ού
967 1304 1269 1376 προσίεται.
1313 1305 1451 1359 Ἀλλ’
1481 1305 1666 1377 ὥσπερ
1706 1306 1803 1374 μία

222 1397 444 1464 λέγεται
474 1395 655 1464 φύσις,
696 1394 838 1448 οὕτω
871 1395 963 1448 καὶ
992 1397 1058 1449 τὰ
1086 1395 1219 1449 ἄλλα
1257 1397 1434 1450 πάντα
1469 1397 1662 1460 ἑνικῶς
1687 1397 1808 1449 ὀνοο
1851 1408 1853 1414 ·

227 1486 485 1554 μάζεται,
516 1484 648 1548 Θεὸς
669 1526 683 1550 ,
716 1483 940 1554 ἀγαθὸς,
967 1484 1119 1551 ἆγιος
1141 1526 1156 1549 ,
1184 1486 1384 1556 σωτὴρ,
1417 1486 1645 1550 δίκαιος,
1679 1504 1802 1556 κρι-

223 1577 346 1647 τὴς,
370 1576 466 1628 καὶ
489 1575 542 1628 ετ
565 1593 620 1629 τι
645 1576 774 1630 ἄλλο
801 1577 911 1629 τῶν
937 1576 1252 1647 θεοπρεπῶν
1276 1576 1555 1646 ὀνομάτων
1581 1580 1802 1642 νοεῖται,

226 1672 335 1722 εῐτε
360 1668 496 1740 πρὸς
517 1669 697 1737 φύσιν,
722 1670 830 1722 εἴτε
851 1667 986 1740 πρὸς
1001 1669 1279 1739 ἐνέργειαν
1303 1668 1520 1739 βλέπειν
1540 1687 1622 1732 τις
1647 1668 1800 1740 λέγῃ,

225 1761 285 1812 οὗ
317 1758 655 1829 διοισόμεθα.

1903 491 2380 561 significationem,
2418 502 2477 546 ut
2500 493 2638 548 duos
2669 494 2802 548 deos
2832 493 3044 549 Patrem
3067 503 3119 550 et
3147 493 3341 550 Filium
3365 513 3464 551 no-

1903 582 2110 638 minet:
2149 584 2362 639 tametsi
2390 592 2619 654 uterque
2646 582 2788 639 Deus
2821 600 2852 638 a
2891 585 3097 640 sanctis
3125 582 3465 656 praedicetur.

1906 674 2012 730 Sed
2038 674 2180 729 Deus
2206 675 2424 745 quidem
2470 675 2834 736 Pater:Dcus
2877 678 3004 732 item
3059 676 3278 734 Filius:
3326 696 3468 735 unus

1901 779 2031 818 vero
2065 764 2120 818 in
2144 765 2330 819 eadem
2357 764 2742 834 praedicatione
2764 763 2905 820 Deus
2933 774 3018 821 est
3048 785 3062 821 :
3116 768 3314 838 quippe
3343 783 3467 822 cum

1904 871 2081 924 neque
2111 866 2336 919 natura},
2372 872 2548 926 neque
2584 856 2844 911 efﬁcaciae
2866 857 3047 926 aliqua
3091 858 3390 913 diﬂ'crentia
3415 861 3468 914 in

1906 946 2107 1001 deitate
2156 943 2557 1002 consideretur.
2607 945 2743 1001 Nam
2795 947 2841 1002 si
2877 948 3112 1004 variaret
3163 959 3217 1004 et
3253 952 3468 1006 diversa

1903 1045 2048 1092 esset
2083 1038 2136 1092 in
2167 1048 2358 1093 sancta
2380 1037 2651 1093 Trinitate
2695 1049 2910 1102 natura,
2938 1047 3099 1109 prout
3123 1043 3474 1110 suspicantur

1904 1129 2150 1184 nonnulli
2183 1144 2370 1185 errore
2409 1129 2641 1199 decepti,
2665 1143 3060 1201 consequenter
3081 1132 3135 1186 in
3169 1133 3474 1186 multitudi-

1905 1233 2028 1272 nem
2059 1217 2286 1272 deorum
2327 1234 2588 1274 numerus
2620 1220 2962 1285 dilataretur,
3015 1229 3178 1289 atque
3208 1236 3314 1274 una
3349 1237 3472 1275 cum

1903 1307 2221 1363 diversitate
2263 1309 2516 1363 essentiae
2544 1309 2915 1378 subjectorum
2948 1309 3302 1364 divideretur.
3367 1309 3474 1364 Sed

1905 1401 2162 1470 quoniam
2195 1416 2410 1456 onmem
2454 1402 2599 1456 circa
2632 1402 2926 1457 essentiam
2967 1402 3340 1458 diversitatem
3390 1418 3475 1457 re-

1901 1490 2023 1561 jicit
2046 1491 2250 1556 divina,
2308 1493 2560 1563 simplex,
2597 1503 2649 1549 et
2693 1494 2906 1549 variare
2949 1495 3239 1550 alterarive
3292 1494 3476 1550 nescia

1906 1593 2125 1651 natura,
2157 1592 2216 1638 ut
2245 1601 2349 1668 una
2381 1588 2474 1649 sit,
2506 1586 2872 1642 multitudinis
2912 1587 3368 1657 significationem
3421 1591 3475 1640 in

1910 1689 2030 1729 sese
2064 1690 2172 1729 non
2201 1676 2458 1730 admittit.
2508 1677 2613 1732 Sed
2651 1684 2709 1732 ut
2738 1692 2846 1731 una
2894 1678 3098 1733 dicitur
3153 1686 3370 1743 natura,
3401 1679 3475 1732 ita

1836 1761 1878 1818 B
1909 1773 2106 1820 caetera
2155 1783 2372 1838 quoque
2418 1769 2604 1823 omnia
2649 1770 3002 1840 singulariter
3056 1769 3412 1824 nominantur
3463 1789 3474 1822 :

230 1852 396 1917 Deus,
426 1853 628 1918 bonus,
661 1859 906 1915 sanctus,
939 1859 1207 1916 servator,
1233 1851 1438 1921 justus,
1496 1852 1683 1922 judex,
1717 1854 1832 1910 etsi
1871 1858 2018 1926 quod
2051 1860 2196 1915 aliud
2218 1873 2506 1932 augustum
2543 1877 2607 1918 ac
2633 1862 2742 1917 Deo
2773 1863 3106 1918 conveniens
3136 1876 3334 1918 nomen
3399 1863 3481 1916 in-

230 1945 512 2016 telligitur,
551 1941 696 2014 quod
725 1941 838 1996 sive
869 1941 936 1996 ad
983 1952 1237 1996 naturam
1264 1944 1378 2000 sive
1402 1942 1469 1998 ad
1511 1942 1812 1999 efﬁcaciam
1853 1956 2102 2018 spectare
2131 1950 2253 2020 quis
2281 1952 2454 2020 dicat,
2480 1967 2589 2006 non
2626 1950 3042 2007 contendemus.

299 2137 365 2188 Εἰ
400 2134 460 2187 δέ
482 2149 564 2196 τις
591 2129 948 2201 συκοφαντοίη
977 2129 1066 2183 τὸν
1090 2130 1269 2198 λόγον,
1307 2130 1382 2195 ὡς
1410 2133 1475 2184 ὲκ
1501 2132 1594 2185 τοῦ
1625 2133 1698 2204 μὴ
1726 2133 1809 2186 δέ-

227 2225 426 2297 χεσθαι
470 2224 568 2294 τὴν
618 2221 760 2276 κατά
805 2220 964 2289 φύσιν
1014 2221 1300 2292 διαφορὰν,
1352 2221 1496 2292 μίξιν
1544 2227 1670 2280 τινὰ
1701 2223 1808 2276 τῶν

225 2313 587 2369 ὐποστάσεων
614 2312 710 2364 καὶ
731 2310 1098 2381 ἀνακύκλησιν
1119 2309 1598 2375 κατασκευάζοντα
1616 2329 1630 2342 ·
1652 2312 1810 2365 τοῦτο

222 2406 365 2477 περὶ
411 2405 511 2474 τῆς
548 2402 802 2474 τοιαύτης
835 2399 1284 2472 ἀπολογησόμεθα
1314 2401 1574 2472 μέμψεως
1598 2441 1612 2464 ,
1646 2402 1812 2456 ὅτιτὸ

221 2495 653 2567 ἀπαράλλακτον
685 2494 784 2565 τῆς
827 2493 1040 2562 φύσεως
1077 2493 1483 2564 ὁμολογοῦντες,
1529 2495 1629 2565 τὴν
1673 2494 1814 2548 κατὰ

222 2589 288 2643 τὸ
319 2590 496 2642 αἴτιον
529 2588 623 2642 καὶ
647 2587 886 2640 αἰτιατὸν
908 2586 1170 2657 διαφορὰν
1191 2587 1289 2639 οὐκ
1311 2586 1642 2657 ἀρνούμεθα,
1679 2588 1736 2640 ὲν
1769 2579 1813 2653 ᾧ

231 2681 386 2750 μόνῳ
415 2677 789 2749 διακρίνεσθαι
819 2677 879 2730 τὸ
899 2677 1082 2748 ἕτερον
1109 2676 1202 2730 τοῦ
1234 2676 1422 2748 ἐτέρου
1456 2675 1815 2746 καταλαμϐά-

229 2787 420 2840 νομεν,
445 2768 524 2838 τῷ
556 2768 618 2821 τὸ
651 2767 747 2838 μὲν
767 2768 935 2820 αἴτιον
973 2766 1248 2821 πιστεύειν
1281 2763 1437 2834 εἶναι,
1471 2769 1532 2822 τὸ
1555 2769 1610 2822 δὲ
1637 2771 1699 2822 ἐκ
1719 2766 1812 2821 τοῦ

232 2862 410 2916 αἰτίου
432 2877 447 2889 °
482 2859 580 2914 καὶ
617 2856 710 2911 τοῦ
751 2859 811 2923 ἐξ
836 2858 1011 2920 αἰτίας
1036 2859 1206 2924 ὄντος,
1235 2859 1396 2913 πάλιν
1433 2859 1597 2929 ἄλλην
1635 2860 1817 2928 διαφο-

238 2952 342 3023 ρὰν
365 2948 679 3019 ἐννοοῦμεν.
705 2947 777 3000 Τὸ
805 2948 904 3018 μὲν
925 2949 1031 3018 γὰρ
1061 2950 1338 3020 προσεχῶς
1371 2951 1434 3002 ὲκ
1457 2949 1549 3003 τοῦ
1575 2951 1815 3022 πρώτου,

235 3045 300 3098 τὸ
333 3044 390 3097 δὲ
422 3042 512 3096 διὰ
530 3041 623 3094 τοῦ
655 3040 936 3112 προσεχῶς
969 3043 1034 3096 ἐκ
1071 3039 1164 3094 τοῦ
1194 3042 1432 3115 πρώτου,
1468 3043 1607 3096 ὥστε
1641 3043 1735 3096 καὶ
1760 3043 1818 3096 τὸ

239 3134 550 3202 Μονογενὲς
572 3132 939 3203 ἀναμφίὸολον
963 3134 1055 3187 ἐπὶ
1070 3135 1163 3188 τοῦ
1186 3134 1314 3188 Υἱοῦ
1340 3135 1540 3206 μένειν,
1563 3135 1656 3189 καὶ
1677 3135 1734 3188 τὸ
1756 3136 1820 3187 ἐκ

241 3227 340 3280 τοῦ
368 3195 583 3298 Πατρὸς
603 3195 821 3279 εἶναιτὸ
843 3225 1066 3296 Πνεῦμα
1099 3226 1173 3296 μὴ
1204 3195 1580 3297 ἀμφι16άλλειν,
1609 3227 1709 3298 τῆς
1732 3226 1826 3279 τοῦ
1852 3195 1894 3252 C

243 3319 379 3373 Υἰοῦ
421 3316 692 3388 μεσιτείας
717 3317 811 3370 καὶ
835 3315 982 3387 αὐτῷ
1009 3317 1070 3370 τὸ
1106 3317 1401 3386 Μονογενὲς
1434 3319 1826 3389 φυλαττούσης,

247 3413 347 3465 καὶ
370 3411 434 3464 τὸ
449 3408 672 3468 Πνεῦμα
690 3409 787 3480 τῆς
806 3409 1041 3479 φυσικῆς
1061 3408 1198 3481 πρὸς
1226 3409 1315 3462 τὸν
1344 3411 1562 3479 Πατέρα
1594 3409 1830 3481 σχέσεως

252 3501 333 3572 μὴ
355 3499 743 3570 ἀπειργούσης.
775 3501 955 3553 Αἴτιον
983 3501 1039 3554 δὲ
1071 3501 1165 3553 καὶ
1186 3500 1246 3552 τὸ
1271 3499 1330 3565 ἐξ
1353 3501 1532 3554 αίτίου
1561 3500 1828 3569 λέγοντες,

249 3591 375 3660 οὐχὶ
397 3589 556 3660 φύσιν
577 3589 664 3642 διὰ
681 3587 884 3643 τούτων
904 3590 1012 3642 τῶν
1036 3589 1315 3660 ὀνομάτων
1341 3588 1832 3660 σημαίνομεν.οὑδὲ

252 3685 365 3755 γὰρ
394 3683 487 3737 τὸν
518 3683 680 3737 αὐτὸν
709 3682 772 3736 ἄν
799 3699 883 3746 τις
921 3682 1099 3745 αἰτίας
1124 3683 1219 3736 καί¹
1252 3681 1466 3751 φύσεως
1492 3681 1718 3750 ἀποδοίη
1744 3679 1834 3732 λό-

257 3791 375 3842 γον,
407 3773 547 3828 ἀλλά
571 3773 672 3844 τὴν
697 3772 838 3827 κατὰ
864 3773 924 3826 τὸ
951 3774 1068 3837 πῶς
1095 3769 1234 3826 εἶναι
1276 3771 1538 3844 διαφορὰν
1571 3771 1831 3824 ἐνδεικνύ-

263 3864 423 3935 μεθα.
455 3864 714 3927 Εἰπόντες
734 3863 842 3934 γὰρ
873 3863 964 3918 τὸν
997 3863 1093 3934 μὲν
1121 3862 1380 3928 αἰτιατὸν,
1408 3861 1497 3914 τὸν
1520 3861 1575 3914 δὲ
1597 3860 1722 3914 ἄνευ
1753 3863 1838 3915 αἰ-

258 3957 398 4020 τίας,
430 3955 550 4025 οὐχὶ
577 3954 676 4026 τὴν
705 3955 865 4023 φύσιν
892 3953 970 4026 τῷ
993 3955 1134 4009 κατά
1153 3955 1215 4008 τὸ
1238 3954 1380 4024 λόγῳ
1406 3953 1800 4025 διεχωρίσαμεν
1819 3969 1834 3986 ο

261 4047 399 4101 ἀλλά
436 4046 594 4116 μόνον
620 4046 682 4099 τὸ
711 4047 849 4116 μήτε
878 4045 970 4100 τὸν
1000 4047 1131 4100 Υίὸν
1157 4047 1468 4116 ἀγεννήτως
1499 4044 1658 4112 εἶναι,
1701 4048 1838 4118 μήτε

261 4139 354 4194 τὸν
385 4138 610 4210 Πατέρα
641 4138 727 4192 διά
768 4139 1075 4209 γεννήσεως
1120 4138 1524 4207 ἐνεδειξάμεθα.
1567 4139 1839 4211 Πρότερον

260 4233 319 4286 δὲ
346 4233 497 4304 ἡμᾶς
522 4227 659 4284 εἶναι
690 4230 964 4284 πιστεύειν
991 4248 1060 4284 τι.
1077 4230 1416 4299 ἐπάναγκες·
1447 4231 1541 4284 καὶ
1565 4232 1686 4284 τότε
1726 4231 1843 4296 πῶς

262 4328 377 4378 ἐστι
406 4324 468 4377 τὸ
493 4321 923 4391 πεπιστευμένον
952 4321 1436 4393 περιεργάσασθαι.
1473 4320 1665 4384 Ἀλλος
1697 4316 1790 4375 οὖν
1815 4323 1845 4375 6

262 4415 356 4469 τοῦ
388 4414 442 4467 τί
470 4415 619 4475 ἐστι,
648 4413 742 4466 καὶ
779 4412 937 4475 ἄλλος
969 4414 998 4466 6
1033 4411 1125 4465 τοῦ
1149 4412 1264 4476 πῶς
1292 4413 1408 4464 ἐστι
1429 4410 1585 4478 λόγος
1606 4426 1617 4439 ·
1654 4411 1715 4463 τὸ
1747 4406 1843 4463 οὖν

1989 2132 2144 2198 Quod
2187 2133 2232 2186 si
2265 2133 2389 2203 quis
2427 2134 2790 2188 calumnietur
2830 2133 3161 2197 orationem,
3217 2132 3372 2203 quasi
3415 2148 3481 2187 ex

1917 2242 1980 2282 eo
2002 2225 2144 2297 quod
2176 2241 2284 2280 non
2321 2225 2574 2280 admittat
2610 2224 2970 2281 differentiam
3004 2226 3151 2280 circa
3205 2233 3482 2284 naturam,

1917 2318 2224 2374 mistionem
2257 2318 2549 2387 quamdam
2594 2327 2644 2372 et
2687 2315 3068 2372 confusionem
3119 2314 3482 2385 bypostaseon

1917 2411 2239 2466 facientem:
2302 2410 2404 2464 hoc
2427 2409 2494 2462 ad
2522 2409 2683 2462 talem
2719 2407 3129 2463 accusationem
3183 2405 3485 2475 responde-

1918 2502 2124 2566 bimus,
2159 2501 2305 2572 quod
2334 2516 2435 2556 nos
2464 2501 2556 2571 qui
2587 2499 2822 2554 divinam
2867 2506 3119 2553 naturam
3167 2494 3488 2551 diﬂ'erentiae

1919 2593 2312 2648 variationisve
2335 2599 2610 2662 expertem
2656 2605 2781 2646 esse
2829 2589 3175 2648 conﬁtemur.
3203 2603 3321 2642 eam
3367 2602 3490 2656 quae

1922 2681 2072 2736 circa
2106 2695 2332 2735 causam
2366 2686 2420 2734 et
2459 2684 2746 2733 eausatum
2803 2676 3188 2732 consideratur
3233 2674 3490 2728 differen-

1923 2773 2073 2837 tiam,
2107 2787 2217 2827 non
2253 2786 2535 2840 negamus,
2561 2784 2657 2840 per
2678 2769 2825 2838 quod
2857 2770 3035 2824 solum
3084 2768 3323 2824 discerni
3355 2768 3493 2822 alte-

1921 2879 2043 2919 rum
2091 2863 2158 2918 ab
2202 2863 2375 2918 altero
2407 2844 2890 2930 deprehendimus,
2938 2859 3198 2914 nimirum
3225 2874 3291 2913 eo
3345 2857 3491 2928 quod

1924 2954 2201 3010 credimus
2228 2953 2373 3007 aliud
2402 2951 2620 3022 quidem
2648 2966 2871 3006 causam
2904 2965 3048 3016 esse,
3097 2949 3242 3004 aliud
3275 2965 3407 3004 vero
3429 2964 3495 3004 ex

1927 3061 2131 3100 causa:
2171 3053 2224 3100 et
2257 3045 2376 3113 ejus
2406 3043 2550 3114 quod
2585 3059 2650 3097 ex
2693 3057 2861 3096 causa
2922 3050 3030 3107 est,
3057 3091 3060 3094 .
3088 3056 3285 3096 rursus
3333 3040 3496 3093 aliam

1929 3137 2294 3194 differentiam
2361 3135 2796 3191 consideramus.
2865 3133 3000 3187 Nam
3064 3134 3210 3188 aliud
3277 3133 3498 3203 quidem

1931 3228 2278 3282 continenter
2329 3226 2405 3293 (et
2451 3223 2569 3278 sine
2622 3221 2823 3294 medio)
2845 3238 2911 3276 ex
2960 3221 3140 3293 primo
3192 3229 3297 3283 est,
3352 3219 3498 3273 aliud

1929 3321 2064 3372 vero
2097 3331 2194 3387 per
2225 3314 2274 3368 id
2309 3313 2453 3384 quod
2491 3312 2804 3368 immediate
2841 3321 2887 3367 et
2915 3327 2979 3367 ex
3025 3311 3331 3366 continenti
3393 3317 3500 3373 est,

1935 3415 1995 3462 ut
2024 3414 2079 3461 et
2115 3405 2388 3478 Unigeniti
2437 3406 2746 3476 proprietas
2792 3405 2998 3474 absque
3031 3402 3392 3472 ambiguitate
3448 3400 3501 3453 iu

1932 3494 2072 3550 Filio
2107 3502 2344 3558 maneat,
2376 3504 2429 3549 et
2457 3511 2523 3549 ex
2554 3495 2713 3548 Patre
2747 3491 3012 3563 Spiritum
3043 3507 3167 3548 esse
3199 3506 3310 3546 non
3344 3490 3499 3546 dubi-

1939 3595 2115 3642 tetur:
2151 3586 2311 3651 Filio,
2342 3587 2433 3657 qui
2468 3587 2682 3641 medius
2718 3583 3030 3652 intercedit,
3061 3590 3114 3637 et
3167 3583 3271 3638 sibi
3315 3583 3500 3652 unige-

1935 3679 2036 3735 niti
2065 3679 2451 3750 proprietatem
2487 3685 2760 3742 servante,
2812 3684 2865 3731 et
2894 3674 3161 3745 Spiritum
3201 3686 3231 3726 a
3265 3672 3502 3726 naturali

1936 3774 2002 3828 ad
2031 3772 2246 3826 Patrem
2282 3769 2468 3823 habitu
2502 3784 2610 3824 non
2647 3775 2892 3822 arcente.
2930 3766 3164 3823 Causam
3214 3773 3417 3830 autem,
3453 3771 3504 3816 et

1940 3866 1994 3922 id
2023 3863 2170 3936 quod
2213 3877 2278 3917 ex
2305 3877 2471 3916 causa
2506 3869 2592 3916 est
2639 3859 2907 3924 dicentes,
2954 3873 3063 3912 non
3109 3864 3362 3911 naturam
3413 3870 3504 3924 per

1939 3958 2054 4012 haec
2074 3954 2292 4009 nomina
2322 3951 2715 4023 signiﬁcamus.
2744 3949 2928 4019 Neque
2956 3947 3102 4002 enim
3135 3946 3334 4016 aliquis
3363 3960 3506 3999 eam-

1940 4050 2062 4106 dem
2089 4061 2272 4102 causa‘.
2301 4054 2356 4101 et
2381 4051 2590 4099 natura:
2615 4043 2880 4097 rationem
2903 4038 3222 4103 reddiderit,
3254 4038 3347 4094 sed
3367 4053 3508 4100 eam,

1941 4156 2063 4212 quae
2093 4151 2176 4195 est
2207 4137 2506 4193 secundum
2539 4134 2849 4204 aliqualiter
2877 4148 3000 4189 esse
3028 4130 3392 4186 diﬁ'ereutiam
3432 4129 3507 4181 in-

1942 4233 2209 4287 dicamus.
2263 4228 2515 4290 Dicentcs
2563 4228 2709 4282 enim
2765 4227 2934 4280 alium
2963 4224 3180 4293 quidem
3221 4226 3509 4276 causatum

1949 4331 2004 4378 et
2035 4337 2100 4376 ex
2130 4335 2297 4375 causa
2335 4327 2538 4383 ortum,
2584 4319 2752 4373 alium
2799 4333 2933 4373 vero
2981 4318 3101 4373 sine
3155 4330 3321 4371 causa
3373 4329 3511 4380 esse,

1951 4429 2059 4468 non
2095 4423 2343 4466 naturam
2378 4410 2546 4464 verbo
2577 4425 2756 4465 causae
2779 4425 3133 4478 separamus:
3169 4407 3262 4462 sed
3307 4408 3510 4462 solum-

264 4507 577 4575 ἀγεννήτως
606 4500 744 4556 εἷναί
769 4521 822 4556 τι
843 4503 1042 4572 λέγειν,
1067 4502 1184 4566 πῶς
1211 4501 1310 4572 μέν
1331 4503 1476 4555 ἐστιν
1495 4501 1827 4554 ύποτίθετακ

1951 4504 2114 4560 modo
2141 4521 2317 4575 neque
2349 4503 2547 4558 Filium
2584 4507 2657 4557 ita
2691 4520 2749 4560 se
2800 4505 3023 4566 habere,
3090 4505 3250 4575 quasi
3301 4505 3512 4574 genitus

278 4597 330 4650 τί
349 4597 409 4650 δέ
423 4597 542 4648 ἐστι
561 4597 626 4666 τῇ
650 4598 799 4666 φωνῇ
816 4595 988 4666 ταύτῃ
1003 4593 1064 4647 οὐ
1083 4592 1530 4647 συνενδείκνυται.
1543 4591 1705 4646 Καὶεί
1722 4591 1847 4662 περὶ

269 4687 488 4756 δένδρου
519 4685 663 4750 τινὸς
687 4686 978 4758 ἠρώτησας
1009 4685 1099 4738 τὸν
1129 4686 1393 4756 γεωργὸν,
1418 4685 1529 4740 εἴτε
1562 4687 1844 4755 φυτευτὸν,

269 4779 379 4832 εἴτε
411 4778 731 4847 αὐτομάτως
759 4776 934 4831 ἐστίν·
957 4778 986 4830 6
1018 4777 1075 4830 δὲ
1101 4778 1454 4848 ἀπεκρίνατο,
1482 4778 1514 4848 ἢ
1547 4777 1848 4847 ἀφύτευτον

270 4864 412 4923 εἶναι
447 4869 510 4921 τὸ
540 4867 755 4939 δένδρον
775 4909 790 4934 ,
821 4867 855 4938 ἢ
889 4869 953 4920 ὲκ
985 4867 1207 4937 φυτείας
1228 4886 1240 4898 ·
1277 4864 1386 4940 ἆρα
1419 4870 1519 4940 τὴν
1567 4872 1728 4939 φύσιν
1761 4871 1848 4925 διὰ

270 4959 369 5030 τῆς
420 4957 765 5028 ἀποκρίσεως
793 4956 1089 5022 ἐνεδείξατο
1109 4974 1124 5025 ;
1145 4957 1222 5013 υὺ
1253 4959 1351 5031 μὲν
1379 4954 1505 5014 οὖν..
1536 4961 1696 5014 Ἀλλά
1733 4960 1850 5024 πῶς

269 5056 420 5108 ἐστιν
439 5049 632 5116 εἰπὼν,
649 5049 841 5119 ἄδηλον
867 5051 961 5103 καὶ
979 5051 1383 5121 ἀνερμήνευτον
1399 5051 1488 5104 τὸν
1507 5052 1605 5121 τῆς
1635 5051 1850 5120 φύσεως

272 5143 509 5197 ἀπέλιπε
535 5142 711 5212 λόγον.
746 5139 931 5204 Οὕτως
958 5141 1051 5194 καὶ
1077 5140 1310 5196 ἐνταῦθα
1339 5141 1629 5212 ἀγέννητον
1661 5141 1852 5212 μαθόν⁶

272 5253 391 5300 τες,
418 5237 567 5298 ὅπως
602 5233 701 5305 μὲν
724 5234 886 5288 αὐτὸν
917 5229 1051 5288 εἶναι
1093 5234 1187 5288 καὶ
1220 5234 1485 5306 προσήκει
1509 5235 1647 5287 νοεῖν
1679 5233 1851 5287 ἐδιδά-

273 5329 483 5400 χθημεν
512 5345 526 5358 ·
557 5327 620 5380 τὸ
652 5327 710 5381 δὲ
733 5325 787 5380 τί
809 5327 896 5380 διὰ
927 5328 1025 5398 τῆς
1051 5327 1234 5399 φωνῆς
1257 5328 1356 5380 οὐκ
1380 5325 1711 5397 ἠκούσαμεν.
1740 5324 1852 5396 Τὴν

274 5417 364 5473 οὖν
389 5419 649 5488 τοιαύτην
675 5419 938 5490 διαφορὰν
967 5419 1059 5472 ἐπὶ
1090 5420 1188 5490 τῆς
1225 5418 1387 5486 ἁγίας
1409 5417 1639 5489 Τριάδος
1667 5417 1854 5485 λέγον-

274 5529 380 5576 τες,
412 5511 490 5576 ὡς
508 5513 570 5565 τὸ
594 5513 693 5582 μὲν
721 5511 916 5576 αἴτιον,
943 5510 1005 5563 τὸ
1032 5510 1088 5564 δὲ
1109 5510 1169 5575 ἐξ
1196 5511 1370 5564 αἰτίου
1391 5505 1530 5563 εἶναι
1555 5510 1849 5570 πιστεύειν,

275 5604 450 5660 οὐκέτ’
485 5607 555 5662 ἂν
590 5608 648 5658 ἐν
668 5602 750 5674 τῷ
783 5603 945 5673 κοινῷ
975 5603 1073 5672 τῆς
1105 5601 1318 5672 φύσεως
1344 5603 1436 5656 τὸν
1466 5603 1574 5656 τῶν
1614 5604 1850 5657 ὑποστά-

277 5715 408 5752 σεων
450 5699 615 5767 λόγον
647 5696 952 5749 συντίκτειν
993 5693 1389 5764 αἰτιαθείημεν.
1426 5694 1643 5765 Ἐπειδὴ
1675 5695 1856 5747 τοίνυν

278 5792 367 5855 τὰς
395 5793 496 5863 μὲν
544 5788 879 5850 ὑποστάσεις
912 5786 1010 5854 τῆς
1052 5785 1215 5852 ἁγίας
1242 5785 1468 5854 Τριάδος
1504 5787 1532 5839 6
1562 5786 1653 5840 τοῦ
1686 5785 1853 5838 αἰτίου

1955 4612 2063 4651 non
2088 4597 2180 4661 sit,
2219 4611 2395 4665 neque
2425 4603 2633 4664 partem
2674 4611 2770 4666 per
2803 4597 3147 4652 nativitatem
3191 4605 3244 4652 et
3290 4612 3509 4668 genera-

1952 4689 2154 4744 tionem
2191 4703 2315 4743 esse
2344 4687 2671 4742 iudicamus.
2723 4687 2885 4744 Prius
2924 4698 3106 4744 autem
3164 4704 3392 4744 necesse
3437 4699 3516 4744 est

1956 4795 2057 4836 nos
2088 4778 2311 4835 credere
2332 4778 2477 4849 quod
2513 4779 2715 4849 aliquid
2745 4780 2817 4834 sit
2843 4798 2856 4834 :
2890 4787 2944 4834 et
2973 4789 3105 4835 tunc
3153 4781 3425 4850 quomodo
3468 4781 3519 4836 id

1956 4872 2101 4942 quod
2135 4870 2402 4926 creditum
2435 4879 2542 4938 est,
2576 4872 2668 4938 sit,
2698 4872 2957 4927 scrutari.
2991 4873 3111 4926 Alia
3163 4873 3327 4944 igitur
3383 4875 3519 4928 ratio

1955 4973 2041 5020 est
2064 4962 2205 5033 ejus,
2230 4963 2375 5033 quod
2405 4963 2532 5033 quid
2564 4973 2685 5032 est;
2724 4965 2828 5018 alia
2864 4965 2989 5019 item
3017 4963 3159 5034 ejus,
3200 4966 3345 5035 quod
3391 4981 3519 5035 quo-

1955 5056 2118 5112 modo
2144 5062 2246 5112 est.
2289 5054 2559 5120 Quocirca
2586 5057 2630 5110 si
2660 5057 2783 5126 quis
2814 5055 2961 5110 dicat
3009 5056 3216 5126 aliquid
3261 5057 3334 5111 ita
3379 5073 3521 5119 esse,

1956 5148 2113 5220 quasi
2142 5162 2250 5201 non
2284 5147 2550 5218 genitum,
2577 5146 2851 5217 quomodo
2882 5148 2974 5209 sit,
3011 5147 3202 5217 ponit:
3261 5147 3390 5215 quid
3432 5160 3520 5196 au-

1959 5246 2064 5293 tem
2099 5239 2189 5304 sit,
2222 5239 2324 5292 hac
2357 5251 2489 5292 voce
2517 5238 2678 5294 simul
2709 5253 2815 5293 non
2847 5238 3071 5292 indicat.
3135 5237 3344 5290 Etenim
3386 5234 3431 5287 si
3463 5234 3532 5288 de

1959 5331 2154 5386 arbore
2187 5330 2367 5400 aliqua
2393 5313 2823 5400 interrogaveris
2857 5328 3176 5398 agricolam,
3208 5332 3394 5376 utrum
3439 5337 3520 5375 sa-

1959 5420 2190 5480 tivusit,
2235 5435 2300 5475 an
2350 5431 2544 5491 sponte
2599 5419 2948 5491 provenerit;
2997 5417 3086 5470 ille
3124 5427 3256 5467 vero
3307 5427 3523 5483 respon-

1959 5512 2122 5574 derit,
2157 5513 2240 5566 vel
2266 5527 2371 5564 non
2408 5512 2638 5575 salivam
2674 5524 2820 5572 esse,
2847 5508 2929 5561 vel
2963 5506 3259 5574 plantatam
3301 5517 3497 5558 succre

1957 5605 2137 5658 visse:
2169 5602 2418 5672 nunquid
2447 5611 2695 5656 naturam
2722 5614 2817 5668 per
2841 5611 2959 5650 eam
2990 5594 3404 5664 responsionem
3445 5596 3526 5648 in-

1959 5692 2203 5748 dicavit?
2237 5691 2476 5746 Minime.
2508 5691 2613 5746 Sed
2645 5689 2736 5743 ubi
2768 5686 2989 5751 dixerit,
3021 5684 3299 5756 quomodo
3331 5685 3422 5742 sit.
3446 5686 3526 5738 in-

1962 5792 2164 5839 certam
2199 5789 2251 5836 et
2282 5782 2665 5852 inexplicatam
2711 5785 2918 5833 naturae
2965 5777 3236 5832 rationem
3284 5775 3521 5846 reliquit.
