4006 6148
420 244 523 298 535
1638 235 1693 290 S.
1728 234 2054 291 GREGORH
2090 229 2379 287 NYSSENI

416 360 494 416 ιω
527 360 688 415 etiam
716 357 824 421 hic,
859 369 982 409 cum
1014 352 1371 408 didicerimus
1404 367 1510 407 non
1546 353 1814 423 genitum,
1861 370 2002 423 quo-
2102 352 2123 404 δ

2160 350 2370 420 ακρίνει
2396 347 2574 415 λόγος,
2607 347 2669 399 τὸ
2704 346 2803 417 μὲν
2832 346 3090 416 ἀναιτίως
3119 338 3280 410 εἶναι,
3310 342 3370 396 τὸ
3395 342 3451 396 δὲ
3487 343 3549 397 ἐκ
3586 344 3685 397 τοῦ

418 448 582 504 modo
628 447 846 519 quidem
881 446 1059 515 ipsum
1092 459 1217 499 esse
1254 454 1419 514 atque
1468 445 1771 513 intelligere
1802 460 2002 500 conve-
2104 461 2123 495 ο

2164 441 2277 493 τίου
2311 437 2628 511 πρεσϐεύων
2650 456 2664 469 ·
2699 437 2807 508 ἠδὲ
2832 438 2952 491 θεία
2984 436 3146 509 φύσις
3173 435 3596 506 ἀπαράλλακτός
3624 440 3684 488 τε

420 542 555 605 niat,
592 540 771 595 edocti
819 554 1045 592 sumus:
1087 537 1139 590 id
1188 544 1371 591 autem
1409 536 1536 605 quid
1583 544 1689 600 est,
1747 550 1843 605 per
1880 549 2000 588 eam
2105 556 2123 591 δ

2160 538 2201 590 tl.
2247 535 2550 605 ἀδιαίρετος
2587 533 2675 587 διὰ
2716 535 2893 605 πάσης
2922 534 3132 596 ἑννοίας
3160 531 3640 601 καταλαμϐάνεται
3665 544 3681 557 ⁸

421 641 608 680 vocem
634 642 739 679 non
772 625 1100 679 audivimus.
1142 623 1421 693 Ejusmodi
1451 625 1617 694 igitur
1640 623 2004 679 diﬂ‘erentiam
2105 630 2123 682 ε

2162 629 2195 681 ἀ
2221 626 2377 681 τοῦτο
2418 626 2621 697 κυρίως
2682 626 2782 697 μία
2810 626 3022 698 θεότης,
3061 630 3157 680 καὶ
3180 620 3259 689 εἷς
3284 623 3417 687 Θεὸς
3441 664 3455 686 .
3491 624 3585 676 καὶ
3614 622 3689 676 τά

420 718 478 773 in
505 725 690 772 saneta
720 716 987 771 Trinitate
1027 715 1274 777 edentes.
1323 725 1381 770 ut
1410 716 1558 770 aliud
1594 716 1815 787 quidem
1863 730 2001 769 cau-
2108 724 2123 776 ε

2160 722 2242 774 lla
2283 720 2462 773 πάντα
2507 718 2616 773 τῶν
2656 719 2981 789 θεοπρεπῶν
3038 717 3321 790 ὀνομάτων
3386 713 3692 786 μοναδικῶς

423 825 563 875 sam,
597 810 739 863 aliud
772 825 836 864 ex
871 824 1034 863 causa
1065 826 1185 864 esse
1218 810 1533 875 credamus,
1564 828 1671 865 non
1724 812 1836 880 jam
1877 827 1998 865 ωηο
2106 815 2123 866 ἐ

2160 812 2506 881 ίαγγέλλεται.

424 900 567 969 plius
602 900 847 953 accusari
914 900 1210 969 possimus,
1260 901 1406 970 quod
1456 917 1554 971 per
1597 903 2042 958 communionem
2084 912 2296 957 natura:
2327 904 2595 957 rationem
2633 901 3007 972 hypostaseon
3066 898 3492 955 confundamus.
3544 895 3697 962 Quo-

423 996 569 1048 niam
602 996 767 1065 igitur
822 995 1144 1067 hypostases
1189 998 1408 1067 quidem
1454 1006 1661 1052 sancta:
1707 998 1995 1054 Trinitatis
2035 1014 2218 1054 causa;
2252 999 2392 1053 ratio
2427 997 2711 1061 discernit,
2767 996 2913 1050 aliud
2958 997 3174 1066 quidem
3234 995 3441 1063 absque
3501 1004 3693 1053 causa,

427 1086 573 1139 aliud
623 1101 750 1139 vero
793 1103 860 1141 ex
920 1102 1085 1141 causa
1131 1105 1254 1144 esse
1297 1090 1582 1159 postulans
1625 1106 1636 1141 :
1682 1090 1867 1143 divina
1936 1097 2115 1145 autem
2175 1100 2369 1145 natura
2414 1101 2467 1145 et
2515 1088 2840 1143 variationis
2882 1095 2935 1142 et
2982 1085 3271 1142 divisionis
3333 1100 3428 1155 per
3473 1098 3692 1138 omnem

427 1176 917 1231 considerationem
972 1193 1170 1246 expers
1222 1194 1344 1234 esse
1393 1180 1816 1248 deprehenditur
1859 1198 1871 1233 :
1916 1179 2124 1235 idcirco
2154 1181 2373 1252 proprie
2440 1195 2547 1234 una
2611 1179 2807 1243 deitas,
2853 1186 2907 1234 et
2970 1194 3113 1234 unus
3159 1176 3301 1232 Deus
3345 1186 3449 1243 est,
3477 1184 3531 1232 et
3588 1176 3697 1229 alia

431 1271 612 1323 omnia
638 1268 747 1324 Deo
772 1272 1152 1326 convenientia
1194 1273 1412 1327 nomina
1449 1274 1804 1345 singulariter
1838 1274 2163 1332 eﬂeruntur.

3575 230 3680 286 156

442 1501 2778 1548 m

1272 1761 1503 1847 ΤΟΥ
1573 1763 1719 1848 ΕΝ
1790 1757 2154 1850 ΑΓΙΟΙΣ
2226 1765 2849 1854 ΓΡΗΓΟΡΙΟΥ

1500 2009 1859 2122 ΠΕΡΙ
2011 2008 2657 2123 ΠΙΣΤΕΩΣ

1706 2271 1903 2323 ΠΡΟΣ
1958 2270 2451 2323 ΣΥΜΠΛΙΚΙΟΝ.

1454 2642 1547 2730 S.
1672 2644 1778 2730 P.
1889 2643 2008 2731 N.
2140 2642 2721 2740 GREGORII

1738 2876 1938 2990 DE
2035 2878 2433 2991 FIDE

1792 3121 1888 3175 AD
1922 3120 2381 3178 SIMPLICIUM

2032 3319 2132 3360 SEU

720 3506 869 3593 DE
971 3502 1349 3592 PATRE
1422 3502 1573 3590 ET
1639 3497 1972 3592 FILIO
2073 3484 2223 3589 ΕΤ
2344 3490 2833 3593 SPIRITU
2943 3499 3436 3595 SANCTO.

2049 3738 2125 3753 —

1686 3867 1957 3921 Laurentio
1998 3867 2164 3920 Sifano
2202 3867 2496 3935 interprete.

552 4194 692 4249 Deus
719 4206 814 4263 per
840 4188 1164 4259 Prophetam
1192 4186 1435 4259 praecipit
1463 4202 1532 4243 ne
1560 4186 1730 4243 ullum
1755 4188 1919 4245 deum
1948 4205 2047 4245 no-
2078 4197 2123 4255 Α

2220 4185 2449 4243 Κελεύει
2472 4188 2500 4242 ὁ
2524 4186 2656 4251 Θεὸς
2684 4185 2773 4241 διά
2804 4184 2898 4240 τοῦ
2928 4186 3213 4259 Προφήτου
3256 4186 3457 4258 μηδένα
3480 4189 3732 4260 πρόσφα-

476 4302 602 4340 vum
641 4284 809 4338 Deum
857 4296 981 4336 esse
1014 4279 1413 4343 existimemus,
1459 4293 1634 4348 neque
1662 4278 1822 4334 deum
1859 4280 2053 4336 adore-

2160 4298 2244 4334 τον
2275 4280 2395 4333 Θεὸν
2423 4279 2553 4332 Θεὸν
2584 4273 2721 4331 εἶναι
2770 4278 3041 4348 νομίζειν,
3100 4278 3236 4350 μηδὲ
3272 4283 3594 4348 προσκυνεῖν
3632 4283 3733 4335 ἀλ-

476 4392 602 4430 mus
628 4375 862 4427 alienum
892 4373 931 4427 ¹.
975 4370 1323 4425 Manifestum
1351 4376 1434 4426 est
1464 4379 1643 4425 autem
1672 4371 1818 4441 quod
1844 4387 2048 4426 novum

2160 4372 2351 4444 λοτρίῳ
2383 4370 2509 4442 θεῷ.
2562 4369 2770 4424 Οὐκοῦν
2806 4370 2962 4440 δῆλόν
2996 4371 3163 4436 ἐστιν,
3203 4370 3285 4424 ὅτι
3310 4372 3621 4443 πρόσφατον
3642 4374 3731 4428 λέ-

480 4468 678 4523 dicitur
712 4465 764 4519 id
798 4465 942 4534 quod
977 4478 1006 4517 a
1040 4467 1371 4533 sempiterno
1400 4477 1509 4516 non
1532 4471 1652 4529 est;
1678 4477 1742 4518 ac
1768 4478 1963 4518 rursus
1986 4478 2052 4518 ex

481 4555 777 4619 contrario,
822 4552 1212 4620 sempiternum
1245 4551 1447 4605 dicitur
1494 4550 1641 4621 quod
1688 4567 1889 4605 novum
1942 4567 2052 4606 non

482 4654 584 4702 est.
639 4644 804 4713 Igitur
859 4643 953 4712 qui
1008 4657 1113 4696 non
1173 4658 1236 4699 ex
1304 4644 1636 4711 sempiterno
1702 4642 2053 4713 Unigenitum

485 4737 652 4791 Deum
687 4751 752 4790 ex
782 4733 945 4789 Patre
980 4748 1104 4789 esse
1141 4734 1334 4797 credit,
1383 4749 1583 4788 novum
1623 4749 1746 4789 eum
1785 4750 1907 4791 esse
1942 4750 2051 4789 non

485 4836 677 4897 negat;
712 4826 852 4896 quod
883 4825 1028 4879 enim
1063 4840 1172 4879 non
1205 4825 1619 4895 sempiternum,
1663 4840 1863 4880 novum
1901 4840 2057 4895 pror-

487 4936 581 4974 sus
614 4925 736 4983 est;
772 4917 1136 4987 quodcunque
1170 4927 1348 4971 autem
1382 4932 1585 4971 novum
1618 4926 1725 4980 est,
1774 4917 1919 4975 Deus
1950 4934 2058 4972 non

486 5016 591 5072 est,
626 5006 1083 5078 quemadmodum
1131 5005 1261 5060 dicit
1302 5005 1581 5077 Scriptura
1616 5026 1628 5062 :
1666 5027 1683 5061 ι
1710 5006 1830 5063 Non
1868 5010 1970 5063 erit
2006 5009 2060 5062 in

490 5109 542 5154 te
568 5098 714 5155 Deus
752 5113 945 5153 novus.
982 5098 1002 5127 ¹
1043 5114 1060 5147 ι
1102 5094 1246 5167 Ergo
1272 5099 1361 5168 qui
1395 5098 1547 5163 dicit,
1590 5099 1735 5168 quod
1769 5099 2061 5168 aliquando

490 5191 660 5247 Filius
693 5205 799 5244 non
853 5197 991 5255 erat,
1044 5188 1091 5245 is
1140 5200 1301 5260 negat
1340 5190 1460 5259 ejus
1506 5190 1783 5246 deitatem.
1850 5189 2062 5245 Rursus

490 5285 726 5339 alienum
761 5280 929 5336 Deum
958 5288 1104 5336 vetat
1132 5282 1378 5344 adorare,
1402 5283 1495 5351 qui
1527 5282 1659 5336 dicit
1687 5302 1700 5337 :
1732 5301 1751 5335 ‹
1774 5278 2060 5352 Nunquam

491 5374 744 5433 adorabis
772 5375 932 5432 deum
963 5374 1202 5429 alienum
1234 5372 1254 5403 ³
1284 5391 1298 5429 :
1336 5393 1355 5424 ι
1404 5374 1618 5429 alienus
1644 5381 1827 5430 autem
1865 5374 2061 5431 collata

2154 4479 2306 4531 γεται
2325 4459 2353 4514 ὃ
2379 4462 2452 4531 μὴ
2475 4458 2534 4524 ἐξ
2564 4460 2733 4512 ἀϊδίου
2756 4459 2870 4513 ἐστι
2896 4473 2909 4488 ·
2956 4459 3051 4512 καὶ
3080 4461 3144 4513 ὲκ
3177 4460 3272 4513 τοῦ
3296 4461 3537 4515 ἐναντίου
3567 4464 3731 4518 πάλιν

2156 4555 2322 4609 ἀΐδιον
2351 4554 2565 4622 λέγεται
2606 4552 2633 4605 ὃ
2677 4552 2752 4624 μὴ
2783 4552 3094 4623 πρόσφατόν
3135 4553 3303 4606 ἐστιν.
3348 4554 3409 4607 Ὀ
3444 4556 3622 4609 τοίνυν

2158 4648 2215 4712 ἐξ
2239 4646 2404 4699 ἀϊδίου
2433 4645 2522 4698 τὸν
2545 4644 2820 4715 Μονογενῆ
2848 4644 2978 4697 Θεὸν
3010 4645 3075 4697 ἐκ
3107 4642 3200 4697 τοῦ
3232 4646 3443 4715 Πατρὸς
3475 4643 3610 4702 εἶναι
3638 4666 3730 4702 m-

2160 4740 2382 4804 στεύων,
2407 4739 2715 4809 πρόσφατον
2744 4736 2905 4792 αὐτὸν
2933 4734 3071 4791 εἶναι
3095 4738 3193 4792 οὐκ
3224 4739 3467 4809 ἀρνεῖται
3492 4757 3507 4771 ο
3536 4739 3595 4793 τὸ
3619 4741 3728 4812 γὰρ

2162 4833 2235 4904 μὴ
2260 4832 2444 4892 ἀΐδιον.
2479 4831 2785 4900 πρόσφατον
2808 4829 3026 4893 πάντως
3050 4846 3063 4859 ·
3096 4831 3202 4882 πᾶν
3224 4829 3278 4882 δὲ
3304 4829 3363 4882 τὸ
3397 4830 3728 4902 πρόσφατον,
3760 4874 3777 4881 -

2159 4924 2290 4987 Θεὸς
2337 4922 2436 4976 οὐκ
2480 4921 2661 4987 ἔστιν,
2706 4920 2885 4984 καθὼς
2920 4916 3072 4975 εἶπεν
3102 4922 3134 4992 ἡ
3160 4921 3391 4992 Γραφὴ,
3443 4924 3522 4975 ὅτι
3572 4942 3591 4975 (
3620 4925 3734 4978 υύκ

2162 5014 2312 5067 ἔσται
2342 5014 2400 5067 ὲν
2444 5014 2527 5067 σοὶ
2559 5014 2690 5078 Θεὸς
2735 5014 3060 5085 πρόσφατος.
3089 5032 3107 5065 ι
3169 5015 3308 5084 ’Ἄρα
3335 5016 3363 5067 ὁ
3392 5015 3595 5084 λέγων.
3651 5016 3733 5069 ὅτι

2163 5105 2291 5158 ποτὲ
2320 5105 2421 5158 οὐκ
2452 5100 2538 5177 ἦν,
2573 5101 2726 5170 οὗτος
2748 5105 2987 5175 ἀρνεῖται
3015 5102 3178 5158 αὐτοῦ
3204 5104 3300 5174 τὴν
3327 5104 3574 5174 θεότητα.
3626 5106 3737 5159 Πά-

2162 5199 2243 5250 λιν
2268 5197 2544 5269 ἀλλότριον
2569 5197 2701 5251 Θεὸν
2728 5199 3049 5270 προσκυνεῖν
3076 5197 3272 5250 κωλύει
3294 5200 3322 5250 ὁ
3354 5198 3556 5266 λέγων,
3597 5217 3614 5250 ι
3639 5199 3737 5251 Οὑ-

2161 5292 2350 5344 δέποτε
2374 5291 2774 5362 προσκυνήσεις
2797 5289 2902 5361 θεῷ
2924 5289 3187 5360 ἀλλοτρίῳ
3204 5304 3217 5319 °
3250 5309 3269 5342 ι
3321 5288 3350 5341 ὀ
3379 5289 3435 5342 δὲ
3458 5289 3738 5359 ἀλλότριος

2164 5387 2229 5455 τῇ
2265 5383 2400 5455 πρὸς
2428 5384 2516 5437 τὸν
2547 5382 2677 5437 ἴδιον
2702 5381 2858 5453 ἡμῶν
2882 5381 3013 5436 Θεὸν
3035 5382 3401 5453 ἀντιδιαστολῇ
3427 5380 3735 5453 Θεωρεξται.

600 5642 777 5697 ‘Psal.
834 5658 995 5712 LXXX,
1030 5645 1108 5700 l0.
1188 5644 1206 5674 '
1249 5639 1419 5697 Exod.
1446 5656 1607 5695 χχιιι*
1632 5680 1647 5695 .
1680 5640 1766 5696 li.
1845 5640 1864 5672 ³
1906 5639 2076 5698 Exod.
2112 5657 2177 5695 xx
2203 5680 2216 5706 ,
2251 5639 2303 5695 5.
