4006 6148
303 114 433 203 ιδτ

1794 159 1881 214 DE
1919 157 2091 215 FIDE.

3450 171 3548 226 138

418 250 564 353 οῦνᾉὸ
589 258 719 353 ilico;
744 264 897 349 ἡμῶν
921 266 1038 323 ἐστι
1058 270 1219 353 856;;
1254 275 1423 347 Δῆλον
1450 279 1533 332 ὅτι
1566 280 1595 333 6
1622 278 1871 350 ἀληθινὸς

1989 293 2102 330 eum
2142 288 2333 336 nostro
2370 283 2590 353 proprio
2620 281 2729 339 Deo
2757 282 3112 340 distinctione
3143 281 3545 337 consideratur.

297 349 445 415 Θεός.
496 351 592 416 Τίς
623 345 681 407 δὲ
714 358 743 409 6
767 345 1076 441 ἁλλότριος;
1127 345 1351 432 Πάντως
1381 373 1410 424 δ
1440 371 1540 442 τῆς
1563 370 1658 425 τοῦ
1687 345 1874 442 ἀληθι-

297 442 388 496 νοῦ
414 442 549 496 Θεοῦ
585 444 803 513 φύσεως
828 449 1118 533 ἀλλοτρίως
1142 456 1300 528 ἔχων.
1355 461 1417 514 El
1439 457 1531 516 οῦν
1560 462 1689 525 ῐδιος
1717 460 1872 532 ἡμῶν

298 538 442 588 ἐστιν
462 536 491 588 6
509 536 762 608 ἀληθινὸς
792 539 939 608 Θεὸς,
966 544 1031 624 ἂν
1058 548 1132 619 μὴ
1223 551 1321 622 τῆς
1346 550 1438 605 τοῦ
1472 551 1723 623 ἀληθινοῦ
1737 550 1872 606 Θεοῦ

300 625 510 694 φύσεως
531 631 560 682 6
586 633 898 708 Μονογενὴς
926 635 1078 701 Θεὸς,
1116 638 1298 703 καθὼς
1327 639 1579 709 λέγουσιν
1601 642 1650 696 οἱ
1679 643 1875 713 αἱρετι-

297 717 412 782 κοὶ,
456 721 738 794 ἀλλότριος
779 726 912 792 Θεός
951 729 1090 794 ἐστι,
1131 730 1223 783 καὶ
1252 731 1350 801 οὐχ
1391 731 1679 802 ἡμέτερος.
1710 732 1872 800 Λέγει

296 807 349 862 δὲ
387 810 451 863 τὺ
498 813 833 884 Εὑαγγέλιον
873 818 954 872 ὅτι
999 818 1068 873 τὰ
1109 821 1354 891 πρόϐατα
1387 821 1652 895 ἀλλοτρίῳ
1686 826 1756 878 ὀὐ
1799 822 1874 895 μὴ

299 902 607 977 ὑπακούσῃ.
668 908 727 961 '0
754 907 927 989 λέγῳν
958 913 1174 967 κτιστδν
1202 913 1363 968 αὐτὸν
1391 909 1561 977 εἶναι,
1598 915 1873 986 ἀλλότριον

295 993 395 1062 τῆς
425 994 521 1048 τοῦ
555 996 812 1068 ἀληθινοῦ
844 999 977 1054 Θεοῦ
1023 1002 1235 1072 φύσεως
1276 999 1415 1058 εἶναι
1452 1005 1870 1060 κατασκευάσει.

297 1083 364 1137 Τί
393 1080 487 1139 οῦν
512 1087 760 1143 ποιοῦσιν
787 1092 838 1144 οί
863 1091 1131 1162 λέγοντες,
1166 1096 1249 1149 ὅτι
1282 1097 1499 1161 κτιστός
1529 1099 1644 1151 ἐστι
1666 1115 1680 1163 ;
1706 1098 1874 1169 Προσ-

298 1177 521 1231 κυνοῦσι
559 1179 654 1233 τὸν
701 1182 917 1237 κτιστὸν
945 1186 1128 1252 αὑτὸν,
1171 1188 1204 1259 ἦ
1242 1188 1363 1259 οὐχί
1385 1207 1400 1256 ;
1447 1189 1511 1242 El
1535 1190 1632 1260 μὲν
1670 1189 1872 1259 γὰρού

299 1269 719 1340 προσκυνοῦσιν,
750 1262 1144 1347 Ἶουδοιῖζουσιν,
1170 1280 1491 1352 ἀρνούμενοι
1521 1280 1614 1335 τοῦ
1635 1278 1871 1353 Χριστοῦ

295 1362 423 1447 τὴν⁴
457 1367 854 1439 προσκύνησιν·
911 1371 961 1424 εί
1009 1370 1546 1447 δὲθπροσκυνοῦσιν,
1572 1371 1874 1449 ηείδωλολα-

298 1454 490 1525 τροῦσι
512 1472 527 1487 ·
571 1458 665 1511 τὸν
697 1459 807 1533 γὰρ
836 1461 1111 1534 ἀλλότριον
1143 1462 1237 1517 τοῦ
1264 1452 1516 1534 ἀλτέθινοῦ
1542 1455 1675 1518 Θεοῦ
1704 1480 1873 1535 προσ-

298 1546 574 1601 κυνοῦσιν.
620 1548 781 1631 Ἄ).λά
811 1551 916 1623 μὴν
945 1554 1139 1631 ἐπίσης
1166 1546 1378 1618 ἀσεϐὲς,
1404 1554 1499 1607 καὶ
1530 1554 1605 1626 μὴ
1638 1571 1876 1624 προσκυ-

298 1639 411 1689 νεῖν
459 1638 552 1691 τὸν
584 1630 734 1703 Υίὸν,
779 1642 872 1695 καὶ
926 1630 1248 1717 προσκυνεῖν
1284 1639 1375 1700 τὸν
1413 1644 1689 1716 ἀλλότριον
1719 1645 1872 1699 Θεόν.

297 1726 416 1796 Χρὴ
439 1717 548 1799 ἄρα
582 1727 675 1782 τοῦ
700 1729 952 1802 ἀληθινοῦ
975 1735 1188 1805 Πατρὺς
1241 1734 1490 1806 ἀληθινὸν
1523 1735 1614 1787 τὸν
1637 1734 1762 1787 Υίὺν
1789 1733 1877 1787 λέ-

297 1833 433 1885 γειν,
472 1819 559 1871 ἵνα
587 1822 979 1893 προσκυνῶμεν
1002 1824 1187 1889 αὑτὸν,
1215 1826 1310 1879 καὶ
1353 1825 1427 1897 μὴ
1454 1823 1876 1896 κατακριθῶμεν

295 1908 372 1973 ὼς
391 1901 671 1982 ἀλλότριον
691 1915 1121 1985 προσκυνοῦντες
1142 1916 1282 1972 θεόν.
1307 1917 1451 1989 Πρὸς
1469 1916 1524 1969 δὲ
1543 1917 1668 1979 τοὺς
1696 1914 1879 1984 λέγον-

295 2018 396 2065 τας
422 1992 566 2072 τὸρκ
583 2006 680 2075 τῆς
703 2006 1009 2077 Παροιμίας
1024 2008 1106 2061 ὅτι
1130 2026 1147 2058 ι
1172 2007 1376 2079 Κύριος
1403 2007 1582 2061 ἔκτισέ
1607 2025 1672 2078 με
1703 2026 1750 2068 ι,
1783 2007 1879 2060 καὶ

296 2094 387 2149 διὰ
414 2095 575 2177 τοῦτο
607 2098 923 2168 νομίζοντας
956 2101 1172 2172 ίσχυρὸν
1201 2119 1253 2177 τι
1284 2100 1462 2170 λέγειν
1492 2103 1736 2175 περὶτοῦ
1763 2121 1879 2157 κτι-

296 2187 428 2239 στὸν
447 2170 586 2242 εἶναι
611 2188 703 2242 τὸν
725 2190 938 2245 πάντων
961 2170 1184 2262 κτίστην
1198 2174 1306 2267 ’καὶ
1332 2193 1395 2263 δη
1405 2170 1683 2265 μιουρκὸν,
1706 2193 1877 2247 ταῦτα

295 2280 571 2351 προσήκει
603 2267 800 2350 λέγειν,
830 2282 912 2335 ὅτι
946 2282 1114 2337 πολλὰ
1140 2283 1207 2337 δι’
1235 2284 1381 2353 ἡμᾶς
1410 2283 1627 2352 ἐγένετο
1651 2285 1679 2336 6
1699 2285 1877 2338 Μονοο

293 2368 464 2440 γενὴς
492 2369 643 2433 Θεός.
696 2371 807 2425 Καὶ
837 2372 945 2444 γὰρ
985 2372 1077 2425 καὶ
1099 2372 1270 2441 Λόγος
1306 2372 1405 2438 ὢν,
1459 2372 1593 2444 σὰρξ
1621 2373 1836 2441 ἐγένετο
1859 2387 1875 2403 ⁸

292 2460 395 2511 καὶ
424 2458 558 2522 Θεὸς
585 2458 682 2523 ὢν,
718 2447 1002 2533 ἅνθρωπος
1035 2462 1250 2532 ἐγένετο
1272 2479 1286 2494 ο
1336 2462 1431 2517 καὶ
1463 2461 1750 2532 ἀσώματος
1779 2461 1877 2531 ὢν,

296 2552 463 2622 σῶμα
501 2540 756 2621 ἐγένετο·
806 2556 899 2609 καὶ
930 2554 1011 2609 ἔτι
1057 2554 1193 2627 πρὸς
1235 2556 1445 2620 τούτοις
1487 2557 1580 2611 καὶ
1610 2554 1879 2627 ἁμαρτία,

295 2644 395 2696 καὶ
426 2644 666 2714 κατάρα,
702 2645 798 2698 καὶ
839 2645 1014 2712 λίθος,
1061 2649 1154 2702 καὶ
1196 2647 1374 2719 ἀξίνη,
1417 2649 1512 2703 καὶ
1551 2648 1735 2719 ἄρτος,
1784 2648 1883 2704 καὶ

297 2724 601 2807 πρόϐατον,
632 2738 726 2791 καὶ
749 2738 884 2803 ὁδὸς,
915 2739 1008 2795 καὶ
1029 2739 1187 2812 θύρα,
1235 2741 1328 2795 καὶ
1361 2742 1556 2812 πέτρα,
1589 2744 1683 2797 καὶ
1709 2741 1881 2797 πολλά

298 2829 527 2883 τοιαῦτα
556 2829 793 2896 ἐγένετο,
826 2830 974 2884 οὐδὲν
995 2831 1197 2887 τούτων
1231 2836 1297 2904 τῇ
1328 2835 1485 2903 φύσει
1514 2833 1610 2900 ὢν,
1647 2834 1785 2888 ἀλλὰ
1813 2832 1881 2888 δι’

300 2914 451 2991 ἡμᾶς
474 2921 597 2975 κατ’
637 2922 947 2993 οἰκονομίαν
980 2924 1281 2995 γενόμενος.

379 3260 592 3344 Ὥσπερ
620 3268 716 3328 οῦν
748 3264 917 3343 Λόγος
940 3273 1035 3341 ὣν,
1069 3262 1138 3330 δι’
1172 3279 1319 3350 ἡμᾶς
1346 3278 1559 3349 ἐγένετο
1588 3268 1750 3353 σάρξ·
1796 3271 1891 3337 καὶ

310 3364 445 3429 Θεὸς
477 3364 571 3427 ὢν,
609 3365 893 3438 ἄνθρωπος
931 3369 1178 3435 ἐγένετοο
1230 3369 1374 3425 οὕτω
1400 3374 1493 3426 καὶ
1527 3374 1755 3446 κτίστης
1788 3376 1883 3441 ὢν,

309 3456 375 3508 δι’
402 3458 553 3527 ἡμᾶς
581 3458 787 3529 κτίσμα
811 3459 1044 3527 ἐγένετο,
1069 3462 1257 3534 κτιστὴ
1282 3463 1389 3537 γὰρ
1415 3466 1448 3536 ἡ
1481 3464 1640 3537 σάρξ.
1681 3466 1768 3530 Ὠς
1792 3462 1885 3521 οῦν

314 3543 469 3602 εἶπεν
494 3549 582 3603 διὰ
609 3550 703 3604 τοῦ
733 3555 1033 3624 προφήτου,
1077 3555 1160 3608 ὅτι
1217 3575 1235 3606 ι
1268 3556 1454 3620 Οῦτως
1479 3558 1626 3626 λέγει
1658 3560 1885 3631 Κύριος,

312 3639 343 3693 ὁ
372 3639 584 3704 πλάσας
614 3659 681 3712 με
711 3645 776 3697 ἐκ
817 3644 1020 3710 κοιλίας
1048 3645 1231 3701 δοῦλον
1264 3648 1449 3710 αὑτοῦ,
1481 3670 1498 3702 ι
1540 3648 1713 3715 οὕτως
1741 3649 1892 3706 εἶπεν

319 3724 416 3787 καὶ
442 3733 532 3787 διὰ
567 3722 661 3788 τοῦ
695 3724 1147 3807 Σολομῶντος,τὸ
1196 3760 1215 3791 ‹
1253 3740 1459 3812 Κύριος
1490 3741 1672 3795 ἕκτισέ
1708 3760 1776 3814 με
1796 3745 1894 3816 ἀρ-

315 3826 414 3896 χὴν
440 3825 574 3880 ὁδῶν
603 3826 788 3890 αὐτοῦ,
821 3829 900 3891 εἰς
940 3828 1073 3901 ἔργα
1099 3829 1325 3884 αὐτοῦ.»
1387 3831 1596 3886 Οὐκοῦν
1626 3833 1719 3887 καὶ
1761 3836 1790 3887 6
1836 3837 1894 3891 ὲν

314 3916 379 3986 τῇ
409 3914 588 3987 κοιλίᾳ
606 3915 708 3986 τῆς
734 3917 1004 3988 παρθένου
1031 3919 1292 3983 πλασθεὶς
1319 3920 1461 3975 κατὰ
1499 3921 1589 3975 τὸν
1615 3923 1772 3992 λόγον
1797 3924 1891 3980 τοῦ

316 4003 621 4074 προφήτου,
659 4006 686 4058 6
715 4004 897 4070 δοῦλός
923 4008 1090 4073 ἐστιν,
1125 4008 1219 4078 ούχ
1238 4010 1279 4083 νὸ
1310 4009 1516 4082 Κύριος
1540 4030 1552 4043 ·
1595 4013 1892 4079 τουτέστιν,

313 4095 342 4145 6
377 4093 523 4147 κατά
567 4095 744 4165 σάρκα
784 4095 1064 4169 ἄνθρωπος
1118 4100 1176 4152 έν
1221 4092 1266 4168 ᾧ
1313 4102 1341 4154 6
1380 4098 1512 4166 Θεὸς
1551 4104 1890 4176 ἐφανερώθη,

314 4185 410 4238 καὶ
435 4185 668 4239 ἐνταῦθα
709 4188 738 4239 6
776 4188 1016 4254 κτισθεὶς
1055 4191 1134 4255 είς
1168 4192 1342 4263 ἀρχὴν
1365 4193 1498 4247 ὁδῶν
1528 4195 1714 4261 αὑτοῦ,
1742 4197 1841 4267 οὐχ
1865 4197 1894 4249 6

314 4271 453 4341 Θεός
480 4279 648 4343 ἐστιν,
684 4279 798 4332 ἀλλ’
825 4282 853 4335 6
876 4281 1162 4353 ἄνθρωπος
1188 4302 1202 4315 ·
1239 4285 1296 4338 ἐν
1322 4278 1367 4354 ᾧ
1396 4287 1528 4357 ἡμῖν
1556 4289 1584 4341 6
1612 4288 1743 4352 Θεὸς
1763 4290 1894 4359 etpa-

1982 365 2115 433 Quis
2154 370 2319 440 igitur
2344 382 2533 427 noster
2577 374 2829 443 prcprius
2873 382 2957 429 est
3009 372 3189 428 Deus?
3233 371 3418 426 Palam
3468 379 3546 425 est

1981 461 2123 529 quod
2168 477 2330 518 verus
2374 463 2539 520 Deus.
2578 465 2714 530 Quis
2760 465 2886 519 item
2939 464 3191 519 alienus?
3227 478 3454 533 prorsus
3479 463 3548 527 is,

1981 550 2073 618 qui
2101 566 2131 604 a
2162 561 2354 606 natura
2381 552 2474 608 Dei
2509 554 2619 609 veri
2645 554 2858 610 alienus
2886 563 2990 610 est.
3020 554 3075 609 Si
3109 554 3271 625 igitur
3296 555 3550 623 proprius

1981 648 2169 695 noster
2216 641 2378 707 Deus,
2418 644 2558 698 Deus
2602 659 2767 699 verus
2812 652 2917 705 est.
2956 645 2999 699 si
3046 644 3373 714 Uuigenitus
3412 642 3551 697 Deus
3653 689 3656 692 .

1981 746 2046 784 ex
2081 741 2274 787 natura
2303 736 2413 789 veri
2449 735 2541 789 Dei
2578 752 2683 789 non
2730 737 2822 799 sit,
2870 735 3330 805 quemadmodum
3374 734 3549 788 heare-

1982 823 2075 877 tici
2124 824 2333 887 dicunt,
2382 826 2592 881 alienus
2634 826 2777 881 Deus
2807 834 2914 892 est,
2946 835 3000 880 et
3037 834 3224 885 noster
3267 824 3406 881 Deus
3441 839 3549 878 non

1981 927 2084 969 cst.
2118 914 2467 986 Evangelium
2496 929 2675 973 autem
2722 917 2857 973 dicit
2885 917 3030 987 quod
3075 932 3205 972 oves
3232 917 3410 972 alieno
3442 930 3550 969 non

1981 1005 2237 1060 obediant
2267 1007 2308 1060 ⁸.
2341 1005 2444 1073 Qui
2476 1018 2720 1063 creatum
2750 1024 2873 1063 eum
2897 1024 3021 1063 esse
3048 1008 3203 1071 dicit,
3249 1007 3485 1061 alienum
3521 1019 3552 1058 a

1983 1099 2093 1151 veri
2116 1096 2207 1152 Dei
2230 1106 2424 1154 natura
2461 1099 2609 1154 facit.
2636 1099 2776 1166 Quid
2810 1099 2973 1170 igitur
2998 1098 3204 1153 faciunt
3225 1097 3316 1168 qui
3338 1097 3549 1158 dicunt,

1982 1190 2124 1259 quod
2166 1198 2381 1248 creatus
2421 1192 2534 1248 sit?
2563 1192 2959 1247 Adorabuutnc
3005 1208 3151 1256 eum,
3197 1191 3288 1261 qui
3331 1197 3550 1245 creatus

1982 1280 2073 1342 sit,
2104 1281 2319 1336 annon?
2341 1280 2473 1336 Nam
2504 1282 2551 1339 si
2576 1299 2682 1339 non
2704 1283 2953 1348 adorant,
2974 1281 3190 1338 Judzeos
3222 1289 3550 1351 sequuntur,

1983 1380 2243 1441 negantes
2285 1375 2655 1431 adorationem
2682 1375 2926 1443 Christi;
2963 1378 3049 1431 sin
3084 1385 3267 1430 autem
3299 1373 3552 1435 adorant.

1984 1462 2283 1517 idololatrae
2321 1471 2470 1530 sunt,
2494 1463 2726 1518 adorant
2757 1465 2901 1520 enim
2932 1480 3079 1528 eum,
3104 1465 3199 1534 qui
3238 1463 3452 1517 alienus
3481 1462 3555 1517 sit

1986 1563 2013 1602 a
2048 1548 2154 1604 Deo
2201 1565 2347 1606 vero.
2391 1552 2550 1622 Atqui
2593 1568 2746 1622 aeque
2798 1553 3022 1623 impimn
3064 1560 3149 1609 est
3193 1552 3277 1607 vel
3311 1567 3418 1606 non
3455 1551 3552 1604 ad-

1913 1633 1953 1688 B
1982 1653 2139 1693 orare
2186 1640 2405 1708 Filium,
2436 1643 2519 1698 vel
2563 1644 2791 1699 adorare
2820 1643 2984 1700 Deum
3035 1645 3292 1700 alienum.
3329 1640 3554 1712 Oportet

1984 1744 2115 1800 ergo
2151 1731 2267 1786 veri
2297 1731 2475 1789 Patris
2504 1749 2692 1790 rerum
2728 1735 2926 1790 Filium
2953 1736 3159 1799 dicere,
3185 1744 3242 1789 ut
3265 1734 3555 1790 adoremus

1985 1834 2134 1884 cum,
2168 1828 2222 1875 et
2271 1837 2378 1876 non
2423 1822 2854 1879 condemnemur
2909 1832 3169 1896 tanquam
3226 1823 3393 1879 Deum
3433 1824 3559 1879 alie-

1987 1927 2114 1966 num
2152 1912 2462 1993 adorantes.
2516 1914 2797 1971 Adversus
2846 1932 2942 1972 eos
2990 1924 3172 1972 autem
3214 1917 3309 1987 qui
3364 1916 3559 1971 dicunt

1987 2003 2117 2058 illud
2140 2019 2206 2058 ex
2232 2002 2553 2072 Proverbio,
2581 2024 2599 2056 ι
2634 2005 2895 2063 Dominus
2922 2008 3127 2063 creavit
3145 2023 3232 2063 me
3254 2009 3297 2071 ⁸,
3334 2026 3352 2058 ι
3384 2014 3438 2061 et
3463 2021 3560 2076 per

1986 2092 2089 2147 hoc
2126 2102 2336 2164 putant,
2364 2110 2423 2150 se
2452 2096 2673 2166 aliquod
2702 2097 2916 2153 ﬁrmum
2948 2098 3147 2154 aﬂ‘erre
3174 2104 3555 2168 argumentum

1986 2184 2054 2239 ad
2094 2186 2438 2254 probandum
2472 2188 2620 2259 quod
2655 2196 2876 2245 creatus
2923 2190 2995 2246 sit
3025 2190 3268 2244 omnium
3304 2188 3563 2244 conditor

1987 2286 2041 2331 et
2078 2288 2318 2342 creator,
2350 2278 2464 2333 haec
2509 2282 2766 2335 convenit
2795 2280 2996 2346 dicere,
3033 2280 3178 2351 quod
3220 2280 3388 2334 multa
3440 2295 3562 2350 pro-

1986 2374 2106 2437 pter
2139 2383 2239 2424 nos
2272 2369 2448 2427 factus
2494 2372 2567 2427 sit
2610 2362 2932 2443 llnigenitus
2980 2370 3144 2427 Deus.
3185 2371 3397 2429 Etenim
3434 2387 3559 2427 cum

1987 2459 2226 2516 Verbum
2258 2458 2348 2529 sit,
2381 2477 2512 2518 caro
2544 2463 2721 2519 factus
2751 2474 2854 2531 est,
2878 2471 3077 2519 etcum
3111 2462 3252 2520 Deus
3276 2466 3369 2533 sit,
3398 2464 3562 2518 homo

1988 2548 2164 2608 factus
2222 2561 2339 2619 est;
2386 2562 2439 2609 et
2508 2569 2633 2609 cum
2700 2554 3060 2624 incorporalis
3115 2560 3281 2620 esset,
3361 2569 3563 2624 corpus

1988 2642 2165 2701 factus
2196 2653 2320 2713 est;
2350 2655 2511 2717 atque
2558 2647 2644 2702 his
2681 2649 2842 2703 etiam
2878 2647 3111 2717 amplius
3160 2656 3214 2701 et
3254 2654 3560 2717 peccatum,

1988 2739 2042 2788 et
2071 2732 2402 2797 maledictio,
2431 2742 2484 2790 et
2513 2735 2674 2805 lapis,
2705 2743 2758 2790 et
2787 2736 3018 2799 securis,
3051 2741 3105 2791 et
3132 2734 3311 2806 panis,
3339 2743 3393 2790 et
3418 2735 3557 2797 ovis,
3641 2746 3647 2752 ·

1989 2836 2042 2881 et
2078 2826 2183 2894 via,
2218 2834 2274 2882 et
2312 2827 2534 2893 ostium,
2574 2836 2629 2883 et
2659 2836 2831 2899 petra.
2873 2835 2926 2885 et
2969 2827 3237 2899 ejusmodi
3274 2828 3444 2882 multa
3483 2827 3564 2880 fas

1991 2925 2113 2973 ctus
2150 2924 2254 2982 est,
2285 2933 2408 2974 cum
2446 2926 2640 2974 natura
2673 2920 2807 2974 nihil
2837 2920 3030 2975 horum
3072 2920 3162 2984 sit,
3220 2918 3313 2975 sed
3345 2926 3565 2990 propter

1913 2984 1957 3041 (ἶ
1995 3021 2095 3061 nos
2144 3023 2240 3076 per
2284 3008 2749 3079 dispensationem
2781 3018 2836 3063 et
2866 2984 3395 3063 administrationem
3440 2984 3566 3060 talis

1994 3099 2247 3154 evaserit.

2065 3274 2533 3343 Q‘uemadmddum
2576 3261 2742 3347 igitur
2774 3290 2896 3330 cum
2948 3262 3184 3330 Verbum
3219 3258 3309 3336 sit,
3344 3273 3569 3343 propter

1995 3384 2094 3426 nos
2128 3384 2258 3423 caro
2290 3367 2464 3424 factus
2497 3376 2609 3435 est;
2642 3377 2696 3423 et
2725 3368 2868 3424 Deus
2899 3383 3021 3422 cum
3061 3367 3151 3434 sit,
3183 3365 3347 3420 homo
3388 3363 3569 3419 factus

1995 3468 2078 3515 est
2118 3478 2131 3513 :
2171 3461 2240 3514 ita
2265 3466 2481 3515 creator
2505 3474 2628 3514 cum
2661 3459 2753 3524 sit,
2794 3468 3012 3529 propter
3053 3472 3156 3513 nos
3201 3451 3451 3512 creatura
3484 3454 3574 3509 fa-

1995 3562 2115 3611 ctus
2155 3560 2260 3618 est,
2291 3554 2495 3624 quippe
2540 3568 2664 3607 cum
2700 3567 2828 3609 caro
2859 3568 2947 3608 res
2995 3558 3176 3606 creata
3227 3550 3320 3606 sit.
3365 3547 3571 3614 Quem-

1996 3644 2286 3699 admodum
2339 3644 2505 3713 igitur
2552 3657 2650 3712 per
2682 3642 3001 3712 prophetam
3037 3640 3209 3695 dixit:
3246 3657 3264 3691 ι
3305 3635 3397 3693 Sic
3435 3636 3573 3692 dicit

1996 3734 2278 3799 Dominus,
2299 3733 2389 3805 qui
2410 3732 2662 3788 formavit
2678 3748 2762 3789 me
2777 3748 2840 3788 ex
2860 3739 3048 3787 ventre
3069 3745 3286 3786 servum
3307 3742 3466 3784 suum
3490 3727 3531 3792 ⁸,
3546 3742 3566 3776 ι

1996 3827 2073 3881 ita
2122 3825 2286 3882 etiam
2328 3825 2465 3881 dixit
2498 3825 2631 3880 illud
2672 3840 2771 3895 per
2813 3822 3161 3878 Salomonein
3198 3840 3212 3877 :
3250 3840 3267 3873 ι
3308 3819 3574 3876 Dominus

1995 3915 2204 3972 creavit
2223 3929 2310 3970 me
2329 3914 2658 3986 principium
2684 3913 2894 3968 viarum
2917 3927 3141 3967 suarum
3167 3909 3234 3964 ad
3256 3923 3422 3980 opera
3438 3908 3530 3963 τυθ.
3547 3925 3567 3959 ι

1996 4007 2185 4063 Omnis
2222 4007 2367 4064 enim
2386 4006 2463 4078 (l)
2503 4012 2752 4060 creatura
2777 4003 2965 4067 servit,
2990 4012 3048 4058 ut
3067 3998 3572 4072 inquitApOstolus.

1995 4085 2233 4154 Proinde
2281 4107 2336 4154 et
2384 4097 2433 4154 is
2463 4097 2557 4167 qui
2601 4096 2655 4150 in
2688 4103 2877 4151 “ventre
2900 4094 3129 4164 virginis
3168 4092 3434 4146 formatus
3464 4095 3571 4150 est,

1998 4189 2297 4246 secundum
2343 4186 2569 4242 verbum
2605 4184 2910 4256 prophetae,
2952 4196 3142 4238 servus
3178 4186 3285 4244 est,
3323 4192 3429 4233 non
3469 4175 3575 4231 Do-~

1998 4281 2181 4335 minus
2224 4297 2238 4333 :
2274 4278 2378 4333 hoc
2432 4285 2535 4340 est,
2586 4276 2634 4333 is
2677 4275 2771 4346 qui
2811 4272 3111 4330 secundum
3153 4284 3375 4326 carnem
3410 4267 3575 4323 homo

315 4366 555 4440 νερὼθη,
583 4370 677 4425 ἐπὶ
702 4372 762 4424 τὸ
802 4372 900 4443 τὴν
935 4374 1375 4443 καταφθαρείσαν
1413 4377 1532 4430 ὁδὸν
1561 4378 1659 4448 τῆς
1682 4358 1881 4448 ἅνθρω-

2002 4381 2107 4441 est,
2143 4373 2197 4428 in
2232 4387 2341 4443 quo
2376 4358 2519 4426 Deus
2548 4369 2927 4425 manifestatus
2984 4362 3089 4430 est,
3132 4372 3186 4418 et
3229 4363 3298 4427 is,
3341 4360 3434 4432 qui
3464 4358 3578 4415 illic

316 4459 484 4530 πίνης
535 4462 807 4532 σωτηρίας
841 4463 1003 4519 πάλιν
1031 4462 1466 4535 ἀνανεώσασθαι.
1523 4466 1683 4518 Ὥστε
1711 4466 1881 4519 ἐπειδὶ

2004 4474 2223 4523 creat-us
2261 4471 2346 4520 est
2387 4462 2443 4517 in
2485 4461 2809 4533 principium
2853 4460 3063 4514 viarum
3094 4456 3246 4526 ejus,
3285 4469 3397 4510 non
3430 4451 3577 4509 Deus

389 4712 466 4788 (l)
505 4715 693 4788 Omnis
720 4718 878 4773 enim.
913 4704 1038 4772 Hice
1077 4730 1184 4771 non
1215 4716 1714 4788 agnoscit_Gr_:ecus
1754 4707 1892 4773 liber

316 4786 555 4859 exeusus
612 4786 877 4859 Lugduni
918 4786 1269 4859 Batavorum
1332 4786 1475 4859 apud
1555 4786 1887 4859 Rapheleng.

315 4876 451 4913 ann.
491 4858 646 4915 [595.
678 4874 804 4928 pag.
836 4858 957 4921 I76,
987 4872 1164 4925 neque
1195 4858 1344 4928 alter
1374 4858 1583 4928 calamo
1608 4858 1887 4923 exaratus,

316 4945 479 4997 quiem
524 4926 972 4983 iiobis'utendum
998 4928 1146 4983 dedit
1194 4926 1258 4981 V.
1287 4927 1349 4981 C.
1394 4926 1717 4984 Theodorus
1742 4928 1890 4983 Can-

316 5006 473 5070 lenis
504 5018 517 5052 :
550 5005 730 5070 neque
796 5000 932 5053 adeo
971 4997 1321 5070 reperiuntur
1348 4999 1489 5070 apud
1538 4997 1888 5070 Euthymium

317 5070 369 5122 in
437 5067 724 5137 Panaplia,
784 5070 874 5138 qui
923 5075 1074 5138 parte
1102 5083 1141 5132 I,
1172 5068 1257 5121 tit.
1292 5067 1346 5131 2,
1386 5067 1644 5136 majorem
1682 5067 1887 5137 partem

315 5140 443 5194 libri
473 5139 596 5207 ejus
628 5140 680 5192 in
705 5154 768 5193 ea
796 5138 1105 5205 descripsit,
1137 5138 1303 5207 etitit.
1355 5138 1423 5190 12
1466 5138 1639 5206 partis
1694 5153 1889 5193 secun-

316 5210 401 5265 dae
434 5227 448 5263 :
482 5206 578 5265 sed
616 5225 793 5272 neque
824 5209 878 5263 in
902 5208 1157 5277 Epistolis
1191 5206 1344 5261 Pauli
1376 5216 1676 5277 occurrunt
1713 5226 1726 5261 :
1762 5214 1887 5261 tan-

316 5288 430 5333 tum
454 5286 542 5335 est
582 5281 653 5333 ad
688 5277 848 5334 Rom.
894 5276 1012 5337 vin.
1034 5279 1095 5332 2|
1148 5296 1159 5331 :
1193 5276 1454 5332 Creatura
1515 5276 1824 5332 liberabitur
1855 5293 1890 5330 a

317 5352 566 5406 servitute
598 5349 973 5419 corruptionis.
1000 5346 1225 5403 Deducit
1250 5356 1432 5403 tamen
1464 5347 1604 5402 hanc
1642 5346 1886 5403 eamdem

1994 4714 2425 4843 propositionem
2486 4725 2552 4766 ex
2610 4707 2718 4790 alio
2778 4705 3079 4775 Scriptura
3159 4693 3280 4759 leco‘
3303 4701 3575 4784 ~Basilius

2019 4789 2092 4842 ib.
2125 4804 2157 4841 ν
2202 4785 2405 4842 Contra
2436 4780 2782 4842 Eunomium,
2820 4778 2933 4831 Πᾶν
2993 4775 3198 4843 κτίσμα
3239 4773 3425 4827 δουλόν
3459 4775 3575 4828 ἐστι

2039 4772 2157 4842 δέν
2202 4785 2405 4842 Contra
2436 4780 2782 4842 Eunomium,
2820 4772 2933 4831 Πᾶν
2993 4775 3198 4844 κτίσμα
3239 4772 3425 4844 δοῦλόν
3459 4775 3576 4844 ἐστι
3642 4786 3656 4796 ·

1994 4856 2090 4911 τοῦ
2119 4851 2481 4926 Δημιουργοῦ,
2501 4850 2641 4904 κατά
2654 4846 2914 4926 τὸνιοῦτω
2944 4843 3406 4926 λέξονταέῷρεῷ
3425 4843 3577 4926 ,ξιροέ

2039 4912 2213 4998 ήτηντ
2227 4912 2340 4998 ⁸Τᾲ¹
2357 4912 2651 4998 σύμπαντα
2660 4916 2820 4998 δοῦλα
2848 4932 2971 4998 σου·
2994 4912 3055 4998 τὸ
3077 4915 3134 4969 δὲ
3162 4912 3397 4998 uret:qu
3422 4912 3578 4998 ἐλευ-

2039 4946 2175 4998 ητην
2194 4946 2208 4956 '
2255 4946 2325 4979 ια
2357 4946 2644 4992 συμπαπα
2660 4946 2820 4972 υυυΛυι
2848 4946 2942 4970 υυυ
2994 4946 3055 4998 1:0
3077 4946 3134 4969 ur.
3162 4946 3389 4984 υνευμυι.
3422 4946 3576 4966 utrm-

1997 4946 2185 5069 359m
2216 4995 2402 5066 ὀρέγει
2427 4992 2523 5047 καὶ
2539 4988 2835 5069 υἱοθεσίαν.
2870 4986 3055 5069 Opima
3083 4994 3328 5069 creature
3357 4982 3576 5069 (Strato:

1995 5050 2074 5122 ris
2118 5050 2268 5122 εει·υὰ
2305 5050 2382 5119 ἀι
2416 5062 2701 5117 secundum
2758 5056 3095 5127 Prophetam,
3121 5057 3219 5128 Aqui
3277 5055 3354 5108 sic
3381 5050 3575 5128 _Deum

1996 5121 2289 5208 alloquitur
2311 5133 2485 5207 (Paul.
2519 5144 2702 5191 cxvm,
2739 5121 2875 5253 91.¹)’
2902 5146 2919 5180 ι
2957 5121 3221 5195 Quoniam
3252 5121 3430 5201 omnia
3461 5134 3576 5171 ser-

1996 5209 2141 5253 m'unr
2176 5206 2294 5253 tibi-
2410 5202 2641 5253 Spiritus
2672 5215 2788 5253 vero
2850 5199 3119 5253 ibertatem
3150 5204 3201 5253 et
3242 5193 3575 5253 adoptionem

1996 5193 2141 5263 uiun't
2176 5193 2328 5260 tibi.‘
2410 5202 2641 5268 Spiritus
2672 5215 2788 5255 vero
2829 5193 3119 5253 libertatem
3150 5204 3201 5253 et
3242 5193 3575 5261 adoptionem

1995 5286 2235 5347 praestat.
2259 5292 2278 5326 ι
2298 5285 2507 5328 FBONTO
2524 5274 2657 5327 Duc.
3574 5272 3577 5273 ⁷

386 5570 585 5630 ‘Joan.
616 5587 670 5636 κ,
708 5570 799 5624 27.
876 5569 896 5600 ⁵
930 5568 1083 5624 Prov.
1129 5585 1242 5636 vui,
1285 5569 1377 5627 29..
1453 5570 1594 5627 ‘lsa.
1623 5584 1770 5636 xm,
1805 5568 1857 5625 5.
1935 5566 2007 5601 7"
2046 5564 2206 5621 Prov.
2243 5562 2481 5629 “11,22.

560 5666 836 5729 ΡΑτιιοι..
888 5665 977 5726 Gn
992 5711 1005 5724 .
1046 5665 1233 5728 XLV.
