3980 6198
415 230 514 285 139

1657 227 1714 283 S.
1752 222 2079 281 GREGORII
2117 218 2410 283 NYSSENI

3583 230 3688 287 ΗΟ

413 357 517 410 est,
549 347 642 401 sed
671 345 834 401 homo
868 367 877 401 :
914 348 1097 416 inquo
1124 345 1280 400 nobis
1311 345 1451 401 Deus
1481 347 1864 404 manifestatus
1885 355 1990 415 est,
2024 399 2026 405 .

2133 349 2188 400 ύο
2223 351 2350 420 περὶ
2387 349 2479 404 τοῦ
2522 351 2756 423 Χριστοῦ
2791 347 3152 424 γινώσκομεν,
3183 337 3243 405 τὸ
3295 351 3394 424 μὲν
3431 352 3596 414 θεῖον,
3627 353 3688 404 τὸ

418 448 474 493 ιιι
514 447 772 508 corrupta
803 454 865 491 ac
910 437 1230 492 labefactata
1266 438 1349 492 via
1383 438 1577 493 salutis
1619 438 1871 493 humanae
1899 439 1995 491 ite-

416 545 540 585 rum
606 537 976 584 renovaretur.
1032 527 1218 597 Itaque
1269 528 1530 598 quoniam
1595 542 1682 582 res
1745 527 1883 582 duas
1930 526 1998 580 de

418 623 638 677 Christo
669 620 964 676 statuimus
995 628 1050 674 et
1082 621 1370 685 sentimus,
1412 635 1579 674 unum
1617 620 1837 688 quidem
1858 619 1998 673 divi-

420 729 570 777 num,
628 713 854 767 alterum
895 727 1024 766 vero
1067 712 1392 779 humanum,
1435 713 1489 766 in
1531 722 1725 766 natura
1779 709 1996 782 quidem

419 808 690 869 divinum,
743 806 797 858 in
841 805 1324 860 administratione
1379 821 1441 860 ac
1491 805 1901 876 dispensatione
1943 807 1996 860 id

423 899 564 967 quod
599 896 898 952 secundum
935 898 1209 952 hominem
1245 906 1326 953 est
1360 918 1375 955 :
1416 906 1817 968 consequenter
1852 913 1997 954 sem-

425 992 692 1060 piternum
728 989 914 1043 deitati
942 997 1286 1053 attestamur,
1326 997 1567 1044 creatum
1591 1005 1720 1043 vero
1752 991 2002 1044 humana:

425 1090 630 1134 natura:
679 1081 1042 1149 assignantes.
1092 1081 1559 1146 Quemadmodum
1610 1081 1755 1136 enim
1809 1097 2005 1136 secun-

423 1172 551 1225 dum
586 1172 906 1241 prophetam
946 1173 999 1225 in
1050 1180 1240 1226 ventre
1272 1171 1541 1227 formatus
1563 1181 1648 1228 est
1684 1188 1896 1235 servus,
1931 1174 2005 1226 ita

426 1265 588 1317 etiam
629 1262 929 1317 secundum
977 1262 1349 1326 Salomonem,
1402 1279 1497 1332 per
1547 1264 1689 1319 hanc
1754 1265 2006 1319 servilem

434 1361 744 1408 creaturam
788 1356 840 1408 in
890 1371 1054 1409 carne
1102 1355 1487 1419 manifestatus
1531 1366 1632 1411 est.
1670 1356 1843 1410 Porro
1884 1373 2008 1411 cum

428 1447 618 1499 dicunt
651 1465 662 1499 :
694 1446 747 1499 Si
779 1458 914 1510 erat,
951 1463 1059 1500 non
1090 1453 1174 1501 est
1221 1447 1436 1517 genitus
1461 1463 1477 1514 ;
1501 1456 1576 1512 et,
1619 1447 1677 1502 Si
1709 1458 1872 1502 natus
1905 1456 2007 1515 est,

431 1553 541 1591 non
578 1547 695 1592 erat
742 1557 754 1591 :
803 1538 1104 1592 doceantur
1139 1538 1284 1609 quod
1326 1554 1436 1593 non
1479 1548 1728 1610 Oporteat
1775 1540 2011 1594 carnalis

435 1629 741 1683 nativitatis
793 1630 1154 1699 pr0prietates
1208 1632 1628 1687 accommodare
1672 1632 1871 1686 divina:
1909 1646 2010 1685 na-

2097 442 2152 495 δὲ
2185 443 2558 515 ἀνθρώπινον,
2609 446 2666 496 ἐν
2702 444 2800 515 μὲν
2828 447 2893 515 τῇ
2937 443 3095 514 φύσει
3123 445 3184 497 τὸ
3217 444 3380 506 θεῖον,
3419 446 3476 497 ἐν
3524 444 3580 495 δὲ
3618 447 3685 514 τῇ

2099 535 2374 605 οἰκονομίᾳ
2390 535 2450 588 16
2470 535 2610 589 κατὰ
2647 535 2950 606 ἄνθρωπον,
2970 536 3277 600 ἀκολούθως
3308 535 3369 588 16
3398 536 3495 606 μὲν
3516 535 3689 588 ἀΐδιον

2099 626 2165 694 τῇ
2197 623 2410 696 θεότητι
2444 625 2996 698 προσμαρτυροῦμεν,
3031 625 3092 678 τδ
3131 625 3188 679 δὲ
3239 625 3458 678 κτιστὸν
3498 628 3563 694 τῇ
3593 625 3689 676 ἀν-

2096 713 2348 786 θρωπίνῃ
2379 714 2709 785 λογιζόμεθα
2747 714 2924 783 φύσει.
2982 715 3069 777 Ὠς
3100 713 3210 785 γάρ
3240 713 3383 766 κατὰ
3409 713 3504 766 τὸν
3548 728 3691 782 προ-

2105 808 2280 876 φήτην
2313 807 2370 858 ἐν
2397 808 2462 876 τῇ
2497 805 2674 878 κοιλία
2703 807 2944 877 ἐπλάσθη
2975 805 3177 871 δοῦλος,
3220 804 3394 868 οὕτως
3425 801 3692 857 καὶκατὰ

2104 897 2196 950 τὸν
2222 897 2560 968 Σολομῶντα,
2593 898 2681 951 διὰ
2708 899 2804 966 τῆς
2847 897 3098 969 δουλικῆς
3136 897 3342 966 ταύτης
3371 895 3598 958 κτίσεως
3630 897 3690 946 ἐν

2108 991 2270 1060 σαρκὶ
2298 987 2634 1059 ἐφανερώθη.
2669 989 2836 1041 Ὅταν
2859 988 2914 1040 δὲ
2939 987 3168 1056 λέγωσιν
3195 1004 3206 1020 ·
3236 987 3296 1038 ΕΞ
3321 981 3516 1056 ﬂvmine
3544 987 3694 1052 ἐγεν-

2107 1080 2240 1150 νήθη
2271 1096 2284 1109 ·
2335 1078 2451 1145 καὶ,
2502 1079 2564 1131 Εἰ
2593 1079 2876 1149 ἐγεννήθη,
2910 1078 3007 1130 οὐκ
3047 1072 3136 1146 ἦν,
3169 1074 3574 1146 διδαχθήτωσαν
3608 1075 3693 1126 ὅτι

2107 1173 2168 1225 ού
2195 1171 2298 1242 χρὴ
2325 1169 2394 1223 τὰ
2421 1170 2522 1241 τῆς
2548 1171 2812 1241 σαρκικῆς
2831 1171 3137 1238 γεννήσεως
3162 1165 3427 1238 ἰδιώματα
3445 1167 3695 1237 ἐφαρμό-

2112 1265 2224 1330 ζειν
2256 1266 2321 1334 τῇ
2361 1263 2480 1333 θείᾳ.
2515 1263 2695 1331 φύσει.
2760 1261 2994 1332 Σὼματα
3031 1261 3128 1332 μὲν
3167 1259 3279 1330 γὰρ
3313 1261 3385 1330 μὴ
3415 1259 3545 1313 ὄντα
3570 1277 3698 1326 γεν-

2112 1359 2268 1412 νᾶται
2299 1373 2312 1386 ·
2352 1359 2379 1408 6
2404 1357 2460 1409 δὲ
2485 1357 2619 1420 Θεὸς
2649 1355 2715 1408 τὰ
2745 1357 2818 1426 μὴ
2850 1355 2977 1409 ὄντα
3008 1350 3147 1408 εἷναι
3179 1355 3323 1406 ποιεῖ
3349 1371 3362 1385 ·
3405 1353 3504 1406 οὐκ
3533 1351 3698 1414 αὐτὸς

2114 1451 2177 1502 ἐκ
2211 1450 2305 1502 τοῦ
2343 1449 2418 1520 μὴ
2441 1449 2592 1512 ὄντος
2617 1449 2847 1516 γίνεται.
2899 1448 2990 1499 Διὸ
3013 1447 3107 1500 καὶ
3138 1449 3166 1499 6
3197 1445 3412 1509 Παῦλος
3443 1445 3699 1514 ἀπαύγα-

2117 1557 2227 1610 σμα
2246 1540 2403 1610 δόξης
2428 1539 2590 1593 αὑτὸν
2611 1539 2884 1610 ὀνομάζει,
2911 1539 2996 1592 ἵνα
3017 1538 3374 1609 διδαχθῶμεν,
3401 1538 3483 1591 ὅτι
3507 1537 3658 1590 ὥσπε
3668 1555 3699 1607 ρ

2115 1632 2176 1684 16
2215 1633 2277 1684 ἐκ
2305 1631 2398 1684 τοῦ
2425 1631 2618 1701 λύχνου
2651 1632 2766 1701 φῶς
2795 1631 2888 1684 καὶ
2944 1631 3008 1683 ἐκ
3038 1632 3135 1700 τῆς
3171 1628 3385 1698 φύσεώς
3430 1629 3548 1682 ἐστι
3601 1627 3701 1679 τοῦ

431 1728 588 1772 tunc.
647 1717 779 1773 Nam
837 1736 1068 1790 corpora
1118 1721 1338 1791 quidem
1393 1737 1516 1792 qua:
1550 1737 1657 1776 non
1692 1729 1870 1786 erant,
1923 1721 2009 1790 gi-

2133 1722 2541 1790 ἰπαυγάζοντος,
2573 1723 2667 1776 καὶ
2701 1723 2816 1792 μετ’
2853 1720 3059 1774 ἐκείνου
3088 1721 3236 1774 ἐστὶν
3279 1718 3436 1790 (ὁμοῦ
3489 1737 3550 1772 τε
3590 1720 3702 1789 γὰρ

434 1819 680 1877 gnuntur
719 1830 732 1865 :
771 1811 913 1867 Deus
947 1820 1128 1866 autem
1166 1812 1326 1867 ellieit
1362 1822 1420 1868 ut
1463 1829 1524 1868 ea
1563 1829 1686 1885 qum
1725 1830 1835 1868 non
1886 1821 2014 1869 sunt

435 1905 708 1959 exsistant
745 1923 755 1957 :
787 1920 896 1958 non
933 1905 1051 1975 ipse
1096 1921 1160 1959 ex
1186 1921 1250 1960 eo
1284 1906 1430 1975 quod
1479 1922 1588 1960 non
1634 1914 1718 1961 est
1773 1906 2011 1962 exsistit.

436 1995 642 2050 ldcirco
702 1995 905 2052 Paulus
961 2013 1179 2067 quoque
1236 2014 1360 2053 eum
1420 1999 1770 2067 splendorem
1827 1999 2017 2069 gloria:

437 2091 742 2152 nominat”,
795 2098 854 2143 ut
912 2089 1229 2154 doceamur,
1262 2090 1406 2158 quod
1448 2090 1589 2144 sicut
1614 2090 1797 2143 lumen
1833 2090 1900 2144 de
1935 2090 2019 2142 lu-

439 2195 600 2233 cerna
635 2188 688 2234 et
722 2196 784 2234 ex
821 2188 1016 2234 natura
1055 2182 1235 2234 lumen
1275 2179 1492 2234 edentis
1533 2190 1636 2245 est,
1670 2188 1723 2234 et
1754 2195 1863 2234 una
1894 2195 2017 2234 cum

441 2269 532 2321 illa
573 2275 656 2323 est
691 2269 877 2339 (simul
909 2269 1054 2322 enim
1095 2275 1259 2337 atque
1289 2269 1514 2343 emicuit
1551 2271 1800 2334 lucerna,
1837 2269 2019 2324 lumen

440 2376 661 2430 quoque
709 2361 856 2430 quod
891 2362 957 2414 ab
990 2375 1053 2415 ea
1094 2359 1312 2414 exsistit
1367 2359 1573 2431 pariter
1623 2359 1890 2430 effulget),
1947 2360 2021 2413 ita

442 2455 532 2508 hic
561 2469 780 2525 quoque
809 2453 965 2523 jubet
1000 2454 1298 2523 Apostolus
1339 2453 1647 2523 intelligere
1679 2456 1828 2524 quod
1873 2461 1929 2509 et
1957 2468 2020 2508 ex

440 2545 601 2602 Patre
631 2549 704 2603 sit
730 2546 921 2610 Filius,
946 2553 999 2600 et
1023 2546 1232 2614 absque
1254 2544 1394 2599 Filio
1419 2559 1698 2614 nunquam
1731 2547 1803 2600 sit
1825 2541 2020 2599 Pater:

444 2654 567 2692 nam
591 2640 705 2695 fieri
735 2655 840 2692 non
871 2646 1070 2708 potest,
1096 2645 1155 2690 ιιι
1179 2635 1350 2704 gloria
1379 2637 1451 2690 sit
1474 2637 1682 2707 absque
1710 2637 2023 2707 splendore,

445 2730 906 2803 quemadmodum
957 2729 1072 2783 fieri
1121 2743 1231 2782 non
1265 2739 1465 2798 potest,
1507 2737 1564 2783 ut
1599 2730 1806 2798 absque
1843 2729 2028 2798 splen-

448 2823 581 2876 dore
612 2821 834 2875 lucerna
865 2821 954 2874 sit.
992 2817 1338 2874 Manifestum
1361 2827 1446 2873 est
1477 2826 1657 2874 autem
1684 2819 1829 2890 quod
1865 2821 2029 2875 sicuti

450 2911 799 2983 splendorem
857 2924 1002 2972 esse,
1057 2910 1432 2963 testimonium
1481 2918 1569 2965 est
1602 2911 1723 2979 ejus
1775 2912 1920 2980 quod
1977 2913 2030 2965 in

2117 1815 2347 1885 ἐξεφάνη
2380 1816 2407 1867 6
2433 1813 2640 1884 λύχνος,
2671 1813 2764 1866 καὶ
2793 1812 2852 1866 16
2876 1812 2990 1882 φῶς
3019 1813 3078 1864 16
3103 1811 3160 1877 ἐξ
3184 1811 3350 1864 αὐτοῦ
3371 1810 3706 1880 συνεξέλαμ-

2117 1906 2260 1977 ψεν),
2293 1906 2434 1960 οὕτω
2461 1905 2671 1959 κελεύει
2708 1907 2800 1958 καὶ
2847 1903 3081 1958 ἐνταῦθα
3111 1905 3250 1957 νοεῖν
3291 1904 3319 1954 6
3353 1903 3704 1965 Ἀπόστολος,

2119 2000 2197 2052 ὅτι
2221 2001 2313 2054 καὶ
2334 2001 2397 2052 ἐκ
2423 1999 2517 2052 τοῦ
2533 1997 2745 2068 Πατρὸς
2772 1999 2800 2050 6
2825 1997 2971 2060 Υἱὸς,
3001 1997 3093 2049 καὶ
3121 1995 3375 2048 οὐδέποτε
3406 1995 3579 2065 χωρὶς
3607 1993 3708 2046 τοῦ

2123 2092 2252 2146 Υἱοῦ
2304 2095 2332 2145 6
2371 2092 2596 2162 Πατήρ’
2652 2091 2753 2142 οὐκ
2803 2089 3037 2159 ἐγχωρεῖ
3089 2087 3194 2158 γὰρ
3261 2087 3488 2157 ἀλαμπῆ
3539 2082 3685 2139 εἶναι

2123 2185 2220 2254 τὴν
2269 2182 2466 2246 δόξαν,
2538 2181 2612 2244 ὡς
2666 2181 2766 2231 οὐκ
2805 2180 3040 2249 ἐγχωρεῖ
3092 2178 3220 2231 ἄνευ
3277 2175 3710 2245 ἀπαυγάσματος

2125 2272 2261 2328 εἶναι
2286 2275 2376 2327 τὸν
2398 2273 2608 2343 λύχνον.
2641 2271 2811 2340 Δῆλον
2847 2271 2902 2323 δὲ
2936 2272 3016 2323 ὅτι
3039 2269 3229 2340 ὥσπερ
3261 2269 3322 2321 τὸ
3347 2264 3486 2321 εἶναι
3517 2267 3708 2320 ἀπαύ-

2126 2385 2314 2438 γασμα
2351 2364 2624 2438 μαρτυρία
2654 2363 2770 2417 ἐστὶ
2806 2362 2901 2415 τοῦ
2939 2361 3082 2415 κατὰ
3119 2362 3218 2432 τὴν
3247 2359 3402 2426 δόξαν
3429 2355 3567 2413 εἶναι
3594 2359 3613 2410 f
3634 2360 3712 2430 μὴ

2129 2457 2238 2528 γὰρ
2265 2454 2432 2525 ούσης
2459 2455 2555 2524 τῆς
2588 2452 2745 2522 δόξης
2774 2452 2872 2504 οὐκ
2901 2450 2965 2504 ἂν
3001 2450 3085 2521 εἴη
3115 2449 3176 2503 16
3203 2453 3266 2503 ἐκ
3295 2448 3498 2518 ταύτης
3527 2450 3680 2500 ἁπαυ
3700 2478 3712 2487 -

2129 2546 2470 2618 γαζόμενον),
2499 2545 2668 2610 οὕτως
2698 2546 2758 2597 τὸ
2782 2545 2965 2614 λέγειν
2994 2544 3068 2615 μὴ
3095 2538 3231 2596 εἷναί
3262 2560 3320 2595 τε
3343 2541 3714 2611 ἀπαύγασμα,

2131 2639 2401 2704 ἀπόδειξίς
2431 2641 2546 2691 ἐστι
2583 2637 2677 2690 τοῦ
2717 2637 2851 2708 μηδέ
2880 2636 2975 2707 τὴν
3005 2636 3162 2702 δόξαν
3200 2630 3358 2701 εἶναι,
3390 2635 3477 2686 ὅτε
3511 2633 3615 2686 οὐκ
3649 2628 3720 2703 ἦν

2130 2733 2190 2787 16
2221 2731 2560 2802 ἀπαύγασμα
2587 2747 2598 2760 ·
2650 2730 2747 2800 τὴν
2775 2731 2883 2800 γὰρ
2909 2729 3064 2795 δόξαν
3106 2729 3235 2782 ἄνευ
3280 2727 3722 2796 ἀπαύγασμα-τος

2134 2819 2272 2878 εἶναι
2300 2825 2602 2893 ἀμήχανον.
2631 2823 2841 2893 Ὥσπερ
2879 2817 2970 2874 οὖν
2998 2821 3096 2873 οὐκ
3123 2820 3268 2874 ἐστιν
3296 2819 3386 2873 ἐπὶ
3413 2817 3506 2872 τοῦ
3540 2820 3724 2870 ἀπαυ-

2137 2919 2415 2989 γάσματος
2445 2917 2622 2985 λέγειν
2649 2918 2750 2982 ὅτι,
2771 2917 2832 2969 El
2858 2911 3049 2987 ἦν,ούκ
3078 2916 3314 2984 ἐγένετο,
3350 2915 3464 2978 καὶ,
3496 2915 3560 2966 Εἰ
3600 2914 3726 2980 ἐγέ-

451 3005 622 3074 gloria
661 3011 746 3057 est
774 3003 841 3071 (si
868 3003 1013 3056 enim
1050 3017 1157 3056 non
1192 3003 1262 3056 sit
1289 3003 1484 3073 gloria,
1518 3019 1626 3056 non
1659 3003 1823 3058 fuerit
1865 3005 1911 3057 is
1939 3004 2026 3073 qui

2137 3007 2488 3082 νετο,ούκήν,
2519 3010 2690 3072 οὕτως
2719 3009 2946 3078 μάταιόν
2972 3011 3085 3062 ἐστι
3115 3009 3243 3081 περὶ
3262 3009 3356 3062 τοῦ
3387 3009 3518 3063 Υίοῦ
3547 3007 3730 3061 ταῦτα

453 3098 520 3150 ab
555 3096 659 3150 hac
692 3096 874 3150 editur
930 3097 1231 3168 splendor),
1285 3099 1358 3150 ita
1411 3098 1454 3152 si
1510 3097 1635 3166 quis
1681 3099 1825 3152 dicat
1881 3098 2026 3167 quod

2139 3105 2336 3171 λέγειν,
2367 3102 2500 3154 διότι
2530 3103 2557 3153 6
2587 3101 2715 3164 Υἱός
2749 3103 2865 3155 ἐστι
2897 3101 2958 3153 16
2980 3102 3338 3172 ἀπαύγασμα.

453 3204 731 3259 nunquam
781 3197 900 3244 erat
951 3188 1229 3259 splendor,
1268 3188 1609 3243 demonstrat
1657 3190 1804 3259 quod
1888 3207 2069 3260 neque
2107 3194 2278 3262 gloria
2351 3203 2515 3254 esset,
2572 3206 2696 3244 cum
2751 3205 2859 3244 non
2902 3200 3050 3246 esset
3085 3193 3375 3261 splendor;
3417 3191 3532 3245 fieri
3580 3190 3734 3244 enim

452 3302 560 3340 non
603 3295 802 3355 potest,
856 3296 913 3338 ut
973 3284 1146 3355 gloria
1205 3284 1276 3337 sit
1337 3283 1545 3350 absque
1589 3283 1901 3352 splendore.
1967 3284 2038 3339 Ut
2079 3287 2246 3357 igitur
2314 3288 2380 3341 de
2447 3286 2740 3356 splendore
2771 3286 2880 3340 dici
2925 3302 3032 3340 non
3085 3294 3268 3356 potest
3303 3305 3316 3341 :
3350 3287 3406 3340 Si
3439 3293 3580 3350 erat,
3619 3299 3737 3338 non

452 3382 635 3437 editus
668 3389 772 3444 est,
807 3388 881 3446 et,
907 3379 962 3433 Si
1010 3380 1194 3434 editus
1231 3389 1334 3443 est,
1370 3393 1475 3431 non
1511 3387 1662 3445 erat;
1704 3378 1779 3432 ita
1815 3395 2012 3434 vanum
2044 3391 2097 3437 et
2137 3383 2435 3438 absurdum
2487 3392 2570 3437 est
2619 3382 2732 3435 hate
2778 3380 2845 3436 de
2906 3380 3045 3435 Filio
3092 3381 3295 3445 dicere,
3350 3381 3557 3450 quippe
3605 3392 3737 3434 cum

453 3471 626 3526 Filius
651 3472 720 3526 sit
755 3471 1031 3541 splendor.

534 3631 806 3684 Cmterum
851 3630 941 3698 qui
974 3629 1155 3683 minus
1191 3638 1245 3683 et
1284 3629 1460 3699 majus
1500 3630 1566 3684 de
1614 3626 1754 3685 Filio
1789 3639 1842 3686 et
1889 3627 2048 3686 Patre

465 3721 676 3786 dicunt,
709 3720 929 3774 discant
952 3733 981 3772 a
1022 3717 1190 3773 Paulo
1222 3735 1289 3774 ne
1321 3721 1618 3775 metiantur
1651 3736 1713 3776 ea
1743 3738 1862 3792 quae
1889 3737 2049 3777 nemo

461 3818 642 3882 potest
682 3811 862 3866 metiri
906 3813 982 3878 ¹⁰;
1015 3826 1138 3865 nam
1181 3812 1478 3882 Apostolus
1516 3811 1713 3868 Filium
1764 3813 1899 3868 dicit
1937 3813 2052 3868 clli-

463 3905 602 3975 gicm
636 3919 758 3960 esse
790 3903 966 3959 Patris
991 3905 1330 3959 substantiae.
1354 3905 1580 3959 Planum
1611 3914 1694 3961 est
1714 3905 1878 3976 igitur
1906 3907 2051 3978 quod

467 4002 674 4065 quanta
727 3993 892 4048 fuerit
933 3993 1246 4049 substantia
1288 3991 1486 4057 Patris,
1551 4001 1705 4047 tanta
1761 4003 1847 4050 est
1885 3996 2050 4051 etiam

464 4087 678 4158 efﬁgies
720 4085 1086 4142 substantia}:
1128 4084 1242 4139 fieri
1279 4085 1422 4139 enim
1470 4100 1576 4139 non
1613 4093 1816 4156 potest,
1857 4096 1917 4139 nt
1946 4088 2048 4142 mi-

464 4196 566 4235 nor
594 4181 664 4236 sit
703 4179 911 4250 effigies
957 4196 1120 4250 quam
1159 4179 1469 4235 substantia
1500 4195 1621 4250 qua!
1652 4196 1747 4249 per
1774 4196 1892 4236 eam
1919 4197 2050 4236 con-

467 4272 756 4328 sideratur.
784 4270 927 4337 Quin
951 4271 1114 4325 etiam
1146 4286 1379 4342 magnus
1398 4268 1640 4326 Joannes
1671 4270 1859 4326 eadem
1891 4273 2049 4327 doect

2218 3629 2356 3684 Οἱδέ
2390 3631 2450 3682 16
2474 3631 2792 3700 μικρότερον
2826 3629 2920 3682 καὶ
2951 3629 3012 3682 τὸ
3040 3628 3222 3699 μεῖζον
3247 3627 3339 3681 ἐπὶ
3369 3625 3463 3680 τοῦ
3487 3627 3621 3681 Υἱοῦ
3647 3629 3746 3682 καὶ

2149 3721 2244 3774 τοῦ
2273 3721 2484 3792 Πατρὸς
2511 3721 2780 3789 λέγοντες,
2816 3720 3224 3791 διδαχθήτωσαν
3267 3719 3421 3789 παρά
3468 3720 3562 3794 τοῦ
3592 3720 3749 3774 Παύ-

2149 3815 2241 3868 λου
2276 3815 2349 3885 μὴ
2379 3817 2596 3884 μετρεῖν
2626 3815 3006 3885 τὰττάμέτρητα
3026 3830 3038 3844 ·
3076 3809 3114 3866 ’ὁ
3144 3813 3252 3884 γάρ
3293 3813 3620 3877 Ἀπόστολος
3652 3813 3752 3867 τὸν

2153 3910 2279 3962 Υἱὸν
2311 3909 2636 3979 χαρακτῆρα
2664 3907 2812 3974 λέγει
2859 3906 2956 3976 τῆς
2985 3904 3078 3958 τοῦ
3111 3905 3323 3976 Πατρὸς
3363 3905 3750 3970 ὑποστάσεως.

2153 4001 2319 4072 Δῆλον
2348 3997 2439 4053 οὖν
2468 4002 2548 4052 ὅτι
2574 3999 2647 4071 (9.)
2678 4001 2776 4070 ὅση
2807 3999 2871 4052 ἂν
2900 3999 2933 4068 ἡ
2967 3998 3260 4061 ὑπόστασις
3372 3997 3464 4050 τοῦ
3502 3997 3754 4070 Πατρὸς,

2157 4090 2409 4151 τοσοῦτος
2438 4091 2529 4143 καὶ
2553 4091 2580 4141 6
2606 4091 2891 4161 χαρακτήρ
2908 4091 3020 4141 ἐστι
3041 4090 3138 4158 τῆς
3157 4089 3527 4151 ὑποστάσεωςο
3552 4090 3614 4141 ού
3640 4090 3756 4161 γὰρ

2159 4184 2431 4253 ἐνδέχεται
2466 4177 2603 4234 εἶναι
2639 4181 2961 4252 μικρότερον
3003 4181 3093 4234 τὸν
3134 4183 3457 4252 χαρακτῆρα
3490 4183 3591 4251 τῆς
3617 4181 3760 4235 θεω-

2162 4273 2429 4344 ρουμένης
2462 4274 2518 4324 ὲν
2546 4271 2694 4343 αὐτῷ
2725 4272 3092 4334 ὑποστάσεως.
3158 4271 3319 4323 Ἀλλὰ
3364 4271 3455 4322 καὶ
3502 4272 3530 4322 6
3573 4271 3761 4340 μέγας

465 4379 587 4420 eum
621 4364 776 4428 dicit,
817 4384 834 4416 ι
873 4364 931 4418 ln
971 4363 1247 4435 principio
1277 4371 1394 4418 erat
1424 4362 1687 4431 Verbum,
1719 4371 1773 4419 et
1806 4361 2026 4419 Verbun

2173 4364 2422 4433 Ἰωάννης
2473 4363 2644 4415 ταῦτα
2698 4362 2937 4416 διδάσκει
2993 4362 3187 4429 λέγων,
3260 4379 3277 4411 ι
3314 4361 3402 4412 Ἐν
3430 4362 3572 4431 ἀρχῇ
3604 4355 3678 4431 ἦν
3729 4362 3762 4413 6

465 4467 582 4512 erat
637 4457 780 4526 apud
834 4457 1001 4512 Deum
1038 4457 1100 4513 “.
1144 4476 1162 4507 ι
1215 4457 1292 4510 Ex
1326 4471 1391 4511 eo
1427 4471 1662 4528 namque
1701 4456 1846 4525 quod
1889 4456 2047 4518 dixit,

463 4548 610 4619 quod
662 4547 716 4602 in
764 4548 1036 4617 principio
1074 4555 1214 4611 erat,
1265 4557 1319 4602 ct
1362 4563 1469 4603 non
1523 4557 1648 4618 post
1692 4546 2048 4618 principium,

466 4641 705 4696 ostendit
757 4640 901 4710 quod
934 4655 1211 4709 nunquam
1242 4641 1449 4709 absque
1497 4639 1673 4695 Verbo
1721 4639 2049 4710 principium

467 4743 605 4786 erat.
673 4731 749 4784 Ex
795 4747 861 4784 eo
918 4749 1046 4787 vero
1085 4732 1231 4801 quod
1299 4734 1566 4796 ostendit,
1621 4734 1764 4802 quod
1817 4733 2049 4785 Verbum

2159 4457 2353 4522 Λόγος,
2388 4454 2481 4507 καὶ
2513 4458 2540 4507 6
2573 4453 2739 4522 Λόγος
2766 4449 2832 4524 ἦν
2869 4453 3004 4524 πρὸς
3037 4453 3127 4506 16v
3153 4452 3304 4505 Θεόν.
3338 4471 3356 4502 ι
3397 4452 3489 4504 Ἐκ
3515 4452 3628 4522 γὰρ
3656 4451 3763 4505 τοῦ

2159 4549 2354 4609 εἰπεῖν,
2387 4547 2469 4599 ὅτι
2507 4566 2522 4596 ι
2552 4549 2608 4599 ἐν
2649 4548 2788 4618 ἀρχῇ
2819 4542 2946 4616 ἦν,ι
2996 4545 3087 4598 καὶ
3120 4546 3178 4598 ού
3234 4544 3374 4616 μετά
3412 4545 3508 4615 τὴν
3546 4545 3761 4614 ἀρχὴν,

2161 4639 2359 4704 ἔδειξεν
2397 4641 2479 4692 ὅτι
2521 4640 2779 4692 οὐδέποτε
2827 4639 3017 4706 ἄλογος
3057 4635 3124 4708 ἦν
3157 4640 3189 4710 ἡ
3237 4639 3400 4709 ἀρχή.
3446 4639 3540 4690 Ἐκ
3568 4637 3629 4690 δὲ
3657 4639 3764 4692 τοῦ

2162 4730 2437 4795 ἀποδεῖξαι
2461 4731 2540 4784 ὅτι
2572 4733 2662 4783 καὶ
2691 4735 2718 4782 6
2744 4732 2912 4798 Λόγος
2938 4727 3006 4800 ἦν
3031 4729 3166 4801 πρὸς
3201 4731 3292 4783 τὸν
3317 4730 3472 4791 Θεὸν,
3499 4730 3561 4781 τὸ
3595 4731 3770 4784 ἀνελ-

544 4978 620 5045 (9.)
667 4976 865 5049 Δῆλον
894 4976 1006 5033 οὖν
1040 4980 1148 5032 ὅτι.
1185 4979 1334 5033 Hanc
1370 4979 1650 5049 periodum
1685 4995 1788 5032 non
1819 4978 2044 5049 exhibe-

472 5050 565 5104 bat
602 5049 768 5103 editio
792 5047 1166 5119 llaphelengii,
1205 5047 1381 5118 neque
1429 5051 1564 5106 liber
1604 5067 1714 5118 quo
1766 5066 1899 5104 usus
1948 5048 2048 5102 ftiit

473 5120 818 5192 Euthymius,
848 5122 939 5174 sed
965 5137 1028 5174 ex
1064 5138 1164 5173 nis.
1195 5122 1411 5175 (Ianteri
1442 5137 1698 5190 expressa
1726 5129 1805 5174 est
1835 5137 1847 5170 :
1877 5134 2050 5188 neque

471 5192 616 5248 enim
672 5191 878 5260 absque
932 5193 1211 5245 sententiae
1270 5192 1436 5245 totius
1489 5192 1816 5245 detrimento
1858 5192 2050 5247 abesse

471 5272 704 5333 poterat.
733 5261 910 5333 Locus
965 5271 1050 5333 cst
1082 5263 1221 5331 apud
1250 5261 1475 5316 Paulum
1514 5263 1578 5316 ad
1615 5262 1867 5315 Hebraeos
1892 5277 1928 5324 ι,
1968 5265 2000 5314 5
2035 5280 2047 5314 :

477 5335 580 5398 Qui
597 5333 795 5387 eumsi!
813 5332 1062 5400 splendor
1083 5333 1265 5402 gloriw
1293 5343 1339 5385 et
1374 5333 1546 5400 ﬁgura
1579 5333 1892 5385 substantia:
1911 5335 2046 5400 ejus.

475 5405 594 5467 Quo
621 5405 782 5458 etiam
809 5405 983 5456 utitur
1025 5403 1351 5458 Athanasius
1405 5403 1666 5457 adversus
1698 5405 1929 5460 Arianos
1982 5407 2047 5459 ad

2155 4977 2415 5030 tuendum
2447 4977 2508 5030 τὸ
2533 4979 2818 5045 όμοούσιον
2841 4980 2962 5034 Filii
2997 4980 3113 5045 Dei,
3142 4987 3282 5033 orat.
3316 4979 3372 5041 4,
3424 4977 3538 5031 Καὶ
3589 4978 3713 5047 γὰρ
3745 4977 3778 5030 6

2152 5049 2450 5111 ἀπόστολος
2476 5049 2538 5100 ού
2564 5049 2872 5121 βουλήσεως
2897 5068 2912 5084 ·
2949 5051 3064 5104 ἀλλ’
3097 5051 3267 5119 αὐτῆς
3298 5049 3396 5118 τῆς
3435 5048 3633 5121 ούσίας
3663 5050 3777 5117 τῆς

2155 5123 2429 5194 πατρικῆς
2454 5122 2581 5174 ἴδιον
2602 5119 2941 5194 ἀπαύγασμα
2966 5123 3060 5176 καὶ
3086 5121 3410 5194 χαρακτῆρα
3432 5119 3525 5172 τὸν
3544 5119 3778 5194 Κύριον

2157 5189 2437 5263 κηρύττει.
2497 5189 2774 5263 Siquideut
2811 5189 3116 5260 Apostolus
3147 5189 3248 5244 non
3289 5190 3603 5263 voluntatis,
3637 5189 3778 5263 γερὰ

2157 5260 2589 5333 ipsiusipaterua}
2615 5265 2855 5318 essentia:
2880 5267 3150 5332 proprium
3185 5261 3513 5333 splendorem
3546 5270 3595 5312 et
3616 5260 3780 5332 [ἰοει-

2159 5330 2274 5390 ram
2321 5332 2520 5389 Filium
2566 5336 2844 5405 prmdicat,
2879 5330 2933 5391 et
2977 5330 3179 5389 'homil.
3210 5335 3277 5388 de
3313 5330 3545 5401 Deipara
3582 5345 3596 5382 :
3634 5330 3780 5393 υἷος

2159 5411 2269 5478 γὰρ
2297 5406 2582 5463 δακτυλίου
2618 5408 2926 5476 χαρακτήρ,
2962 5416 3067 5464 etc.
3103 5405 3176 5460 In.

549 5647 571 5681 ⁹
610 5647 772 5704 Hebr.
809 5655 925 5708 1.3.
1006 5655 1048 5687 ’°
1081 5653 1238 5708 Rom.
1281 5669 1352 5720 xi,
1393 5653 1481 5710 54.
1562 5656 1599 5684 ¹¹
1635 5654 1788 5709 Joan.
1818 5672 1856 5722 i,
1897 5658 1945 5711 l.
