  <div class='ocr_page' id='page_1' title='image "/cluster/home/n/w/nwhite01/storage/ocr_20150623/45/mdp.39015011921478/081.png"; bbox 0 0 4066 6146; ppageno 0'>
   <div class='ocr_carea' id='block_1_1' title="bbox 381 173 490 234">
    <p class='ocr_par' dir='ltr' id='par_1_1' title="bbox 381 173 490 234">
     <span class='ocr_line' id='line_1_1' title="bbox 381 173 490 234; baseline -0.037 0"><span class='ocrx_word' id='word_1_1' title='bbox 381 173 490 234; x_wconf 71' lang='grc'><strong>’145</strong></span> 
     </span>
    </p>
   </div>
   <div class='ocr_carea' id='block_1_2' title="bbox 1631 175 2380 238">
    <p class='ocr_par' dir='ltr' id='par_1_2' title="bbox 1631 175 2380 238">
     <span class='ocr_line' id='line_1_2' title="bbox 1631 175 2380 238; baseline 0.004 -6"><span class='ocrx_word' id='word_1_2' title='bbox 1631 177 1685 232; x_wconf 88' lang='lat' dir='ltr'><strong>S.</strong></span> <span class='ocrx_word' id='word_1_3' title='bbox 1731 175 2052 238; x_wconf 75' lang='lat' dir='ltr'><strong>GREGORII</strong></span> <span class='ocrx_word' id='word_1_4' title='bbox 2089 176 2380 238; x_wconf 60' lang='lat' dir='ltr'><strong>NYSSENI</strong></span> 
     </span>
    </p>
   </div>
   <div class='ocr_carea' id='block_1_3' title="bbox 3543 184 3642 245">
    <p class='ocr_par' dir='ltr' id='par_1_3' title="bbox 3543 184 3642 245">
     <span class='ocr_line' id='line_1_3' title="bbox 3543 184 3642 245; baseline 0.01 -1"><span class='ocrx_word' id='word_1_5' title='bbox 3543 184 3642 245; x_wconf 61' lang='lat' dir='ltr'><strong>fit</strong></span> 
     </span>
    </p>
   </div>
   <div class='ocr_carea' id='block_1_4' title="bbox 387 295 1958 378">
    <p class='ocr_par' dir='ltr' id='par_1_4' title="bbox 387 298 1958 373">
     <span class='ocr_line' id='line_1_4' title="bbox 387 298 1958 373; baseline 0.004 -21"><span class='ocrx_word' id='word_1_6' title='bbox 387 298 587 353; x_wconf 89' lang='lat' dir='ltr'><strong>ctionis</strong></span> <span class='ocrx_word' id='word_1_7' title='bbox 633 299 896 369; x_wconf 75' lang='lat' dir='ltr'><strong>largitbr;</strong></span> <span class='ocrx_word' id='word_1_8' title='bbox 940 305 1188 354; x_wconf 75' lang='lat' dir='ltr'><strong>creatura</strong></span> <span class='ocrx_word' id='word_1_9' title='bbox 1237 300 1451 354; x_wconf 83' lang='lat' dir='ltr'><strong>subdita</strong></span> <span class='ocrx_word' id='word_1_10' title='bbox 1479 301 1682 371; x_wconf 53' lang='grc' dir='ltr'>(ὤθει,</span> <span class='ocrx_word' id='word_1_11' title='bbox 1730 303 1958 373; x_wconf 75' lang='lat' dir='ltr'><strong>Spiritus</strong></span> 
     </span>
    </p>
   </div>
   <div class='ocr_carea' id='block_1_5' title="bbox 2062 295 3641 378">
    <p class='ocr_par' dir='ltr' id='par_1_5' title="bbox 2071 295 3641 378">
     <span class='ocr_line' id='line_1_5' title="bbox 2071 295 3641 378; baseline 0.001 -20"><span class='ocrx_word' id='word_1_12' title='bbox 2071 305 2325 375; x_wconf 84' lang='grc' dir='ltr'>μονεύει·</span> <span class='ocrx_word' id='word_1_13' title='bbox 2395 307 2427 375; x_wconf 82' lang='grc' dir='ltr'>ἡ</span> <span class='ocrx_word' id='word_1_14' title='bbox 2480 305 2652 368; x_wconf 75' lang='grc' dir='ltr'>κτίσις</span> <span class='ocrx_word' id='word_1_15' title='bbox 2692 295 3119 375; x_wconf 67' lang='grc' dir='ltr'><strong>παρακαλεῖται,</strong></span> <span class='ocrx_word' id='word_1_16' title='bbox 3187 304 3245 358; x_wconf 89' lang='grc' dir='ltr'><strong>τὸ</strong></span> <span class='ocrx_word' id='word_1_17' title='bbox 3310 305 3367 359; x_wconf 86' lang='grc' dir='ltr'>δὲ</span> <span class='ocrx_word' id='word_1_18' title='bbox 3412 305 3641 378; x_wconf 86' lang='grc' dir='ltr'>Πνεῦμα</span> 
     </span>
    </p>
   </div>
   <div class='ocr_carea' id='block_1_6' title="bbox 390 389 1959 459">
    <p class='ocr_par' dir='ltr' id='par_1_6' title="bbox 390 389 1959 459">
     <span class='ocr_line' id='line_1_6' title="bbox 390 389 1959 459; baseline 0.004 -18"><span class='ocrx_word' id='word_1_19' title='bbox 390 405 514 443; x_wconf 74' lang='lat' dir='ltr'><strong>vero</strong></span> <span class='ocrx_word' id='word_1_20' title='bbox 538 394 968 459; x_wconf 64' lang='lat' dir='ltr'><strong>prieest,‘natu&#39;ra</strong></span> <span class='ocrx_word' id='word_1_21' title='bbox 991 389 1424 443; x_wconf 79' lang='lat' dir='ltr'><strong>con‘Solatibnem</strong></span> <span class='ocrx_word' id='word_1_22' title='bbox 1451 398 1503 443; x_wconf 92' lang='lat' dir='ltr'><strong>et</strong></span> <span class='ocrx_word' id='word_1_23' title='bbox 1525 390 1959 448; x_wconf 74' lang='lat' dir='ltr'><strong>exhortationem</strong></span> 
     </span>
    </p>
   </div>
   <div class='ocr_carea' id='block_1_7' title="bbox 389 481 1960 552">
    <p class='ocr_par' dir='ltr' id='par_1_7' title="bbox 389 481 1960 552">
     <span class='ocr_line' id='line_1_7' title="bbox 389 481 1960 552; baseline 0.004 -19"><span class='ocrx_word' id='word_1_24' title='bbox 389 481 608 549; x_wconf 85' lang='lat' dir='ltr'><strong>accipit,</strong></span> <span class='ocrx_word' id='word_1_25' title='bbox 639 481 876 549; x_wconf 73' lang='lat' dir='ltr'><strong>Spiritus</strong></span> <span class='ocrx_word' id='word_1_26' title='bbox 896 494 1025 535; x_wconf 81' lang='lat' dir='ltr'><strong>vero</strong></span> <span class='ocrx_word' id='word_1_27' title='bbox 1049 481 1366 534; x_wconf 89' lang='lat' dir='ltr'><strong>consolatur</strong></span> <span class='ocrx_word' id='word_1_28' title='bbox 1398 489 1449 537; x_wconf 90' lang='lat' dir='ltr'><strong>ct</strong></span> <span class='ocrx_word' id='word_1_29' title='bbox 1476 483 1833 552; x_wconf 76' lang='lat' dir='ltr'><strong>exhortatur;</strong></span> <span class='ocrx_word' id='word_1_30' title='bbox 1861 501 1960 540; x_wconf 92' lang='lat' dir='ltr'><strong>na-</strong></span> 
     </span>
    </p>
   </div>
   <div class='ocr_carea' id='block_1_8' title="bbox 389 554 1962 645">
    <p class='ocr_par' dir='ltr' id='par_1_8' title="bbox 389 554 1962 645">
     <span class='ocr_line' id='line_1_8' title="bbox 389 554 1962 645; baseline 0.006 -23"><span class='ocrx_word' id='word_1_31' title='bbox 389 577 509 624; x_wconf 83' lang='lat' dir='ltr'><strong>tura</strong></span> <span class='ocrx_word' id='word_1_32' title='bbox 545 570 732 635; x_wconf 80' lang='lat' dir='ltr'><strong>servit,</strong></span> <span class='ocrx_word' id='word_1_33' title='bbox 765 569 1002 639; x_wconf 83' lang='lat' dir='ltr'><strong>Spiritus</strong></span> <span class='ocrx_word' id='word_1_34' title='bbox 1048 576 1177 625; x_wconf 77' lang='lat' dir='ltr'><strong>vero</strong></span> <span class='ocrx_word' id='word_1_35' title='bbox 1213 571 1438 640; x_wconf 83' lang='lat' dir='ltr'><strong>liberat;</strong></span> <span class='ocrx_word' id='word_1_36' title='bbox 1488 581 1684 627; x_wconf 86' lang='lat' dir='ltr'><strong>natura</strong></span> <span class='ocrx_word' id='word_1_37' title='bbox 1744 554 1962 645; x_wconf 86' lang='lat' dir='ltr'><strong>sapien-</strong></span> 
     </span>
    </p>
   </div>
   <div class='ocr_carea' id='block_1_9' title="bbox 388 659 1959 732">
    <p class='ocr_par' dir='ltr' id='par_1_9' title="bbox 388 659 1959 732">
     <span class='ocr_line' id='line_1_9' title="bbox 388 659 1959 732; baseline 0.006 -19"><span class='ocrx_word' id='word_1_38' title='bbox 388 663 517 714; x_wconf 87' lang='lat' dir='ltr'><strong>tiam</strong></span> <span class='ocrx_word' id='word_1_39' title='bbox 554 661 802 724; x_wconf 82' lang='lat' dir='ltr'><strong>docetur,</strong></span> <span class='ocrx_word' id='word_1_40' title='bbox 859 659 1099 731; x_wconf 83' lang='lat' dir='ltr'><strong>Spirittts</strong></span> <span class='ocrx_word' id='word_1_41' title='bbox 1139 677 1268 717; x_wconf 84' lang='lat' dir='ltr'><strong>vero</strong></span> <span class='ocrx_word' id='word_1_42' title='bbox 1303 664 1586 732; x_wconf 71' lang='lat' dir='ltr'><strong>sapientiae</strong></span> <span class='ocrx_word' id='word_1_43' title='bbox 1636 666 1959 723; x_wconf 88' lang='lat' dir='ltr'><strong>beneﬁcium</strong></span> 
     </span>
    </p>
   </div>
   <div class='ocr_carea' id='block_1_10' title="bbox 388 753 1958 830">
    <p class='ocr_par' dir='ltr' id='par_1_10' title="bbox 388 753 1958 830">
     <span class='ocr_line' id='line_1_10' title="bbox 388 753 1958 830; baseline 0.006 -25"><span class='ocrx_word' id='word_1_44' title='bbox 388 753 621 823; x_wconf 79' lang='lat' dir='ltr'><strong>largitur</strong></span> <span class='ocrx_word' id='word_1_45' title='bbox 657 773 669 808; x_wconf 93' lang='lat'><strong>:</strong></span> <span class='ocrx_word' id='word_1_46' title='bbox 705 765 903 807; x_wconf 88' lang='lat' dir='ltr'><strong>natura</strong></span> <span class='ocrx_word' id='word_1_47' title='bbox 935 755 1325 810; x_wconf 89' lang='lat' dir='ltr'><strong>beneliciorum</strong></span> <span class='ocrx_word' id='word_1_48' title='bbox 1358 772 1423 812; x_wconf 84' lang='lat' dir='ltr'><strong>ac</strong></span> <span class='ocrx_word' id='word_1_49' title='bbox 1450 757 1720 814; x_wconf 89' lang='lat' dir='ltr'><strong>donorum</strong></span> <span class='ocrx_word' id='word_1_50' title='bbox 1752 771 1958 830; x_wconf 88' lang='lat' dir='ltr'><strong>partem</strong></span> 
     </span>
    </p>
   </div>
   <div class='ocr_carea' id='block_1_11' title="bbox 387 843 1957 923">
    <p class='ocr_par' dir='ltr' id='par_1_11' title="bbox 387 843 1957 923">
     <span class='ocr_line' id='line_1_11' title="bbox 387 843 1957 923; baseline 0.006 -25"><span class='ocrx_word' id='word_1_51' title='bbox 387 845 555 912; x_wconf 89' lang='lat' dir='ltr'><strong>capit,</strong></span> <span class='ocrx_word' id='word_1_52' title='bbox 606 843 845 914; x_wconf 89' lang='lat' dir='ltr'><strong>Spiritus</strong></span> <span class='ocrx_word' id='word_1_53' title='bbox 875 860 1006 900; x_wconf 88' lang='lat' dir='ltr'><strong>vero</strong></span> <span class='ocrx_word' id='word_1_54' title='bbox 1059 848 1124 901; x_wconf 89' lang='lat' dir='ltr'><strong>ad</strong></span> <span class='ocrx_word' id='word_1_55' title='bbox 1174 849 1460 903; x_wconf 87' lang='lat' dir='ltr'><strong>arbitrium</strong></span> <span class='ocrx_word' id='word_1_56' title='bbox 1512 867 1670 906; x_wconf 92' lang='lat' dir='ltr'><strong>suum</strong></span> <span class='ocrx_word' id='word_1_57' title='bbox 1712 852 1957 923; x_wconf 84' lang='lat' dir='ltr'><strong>largitur.</strong></span> 
     </span>
    </p>
   </div>
   <div class='ocr_carea' id='block_1_12' title="bbox 387 939 1962 1014">
    <p class='ocr_par' dir='ltr' id='par_1_12' title="bbox 387 939 1962 1014">
     <span class='ocr_line' id='line_1_12' title="bbox 387 939 1962 1014; baseline 0.006 -24"><span class='ocrx_word' id='word_1_58' title='bbox 387 939 580 991; x_wconf 82' lang='lat' dir='ltr'><strong>Omnia</strong></span> <span class='ocrx_word' id='word_1_59' title='bbox 625 953 862 1009; x_wconf 87' lang='lat' dir='ltr'><strong>namque</strong></span> <span class='ocrx_word' id='word_1_60' title='bbox 912 939 1026 994; x_wconf 64' lang='lat' dir='ltr'><strong>hinc</strong></span> <span class='ocrx_word' id='word_1_61' title='bbox 1079 953 1335 1010; x_wconf 90' lang='lat' dir='ltr'><strong>operatur</strong></span> <span class='ocrx_word' id='word_1_62' title='bbox 1375 958 1515 997; x_wconf 90' lang='lat' dir='ltr'><strong>unus</strong></span> <span class='ocrx_word' id='word_1_63' title='bbox 1558 955 1609 998; x_wconf 90' lang='lat' dir='ltr'><strong>et</strong></span> <span class='ocrx_word' id='word_1_64' title='bbox 1660 944 1801 999; x_wconf 90' lang='lat' dir='ltr'><strong>idem</strong></span> <span class='ocrx_word' id='word_1_65' title='bbox 1839 943 1962 1014; x_wconf 91' lang='lat' dir='ltr'><strong>Spi-</strong></span> 
     </span>
    </p>
   </div>
   <div class='ocr_carea' id='block_1_13' title="bbox 386 1029 1959 1104">
    <p class='ocr_par' dir='ltr' id='par_1_13' title="bbox 386 1029 1959 1104">
     <span class='ocr_line' id='line_1_13' title="bbox 386 1029 1959 1104; baseline 0.007 -25"><span class='ocrx_word' id='word_1_66' title='bbox 386 1029 548 1092; x_wconf 89' lang='lat' dir='ltr'><strong>ritus,</strong></span> <span class='ocrx_word' id='word_1_67' title='bbox 581 1030 913 1086; x_wconf 84' lang='lat' dir='ltr'><strong>distribuens</strong></span> <span class='ocrx_word' id='word_1_68' title='bbox 935 1032 1132 1102; x_wconf 80' lang='lat' dir='ltr'><strong>cuique</strong></span> <span class='ocrx_word' id='word_1_69' title='bbox 1156 1033 1471 1102; x_wconf 79' lang='lat' dir='ltr'><strong>singulatim</strong></span> <span class='ocrx_word' id='word_1_70' title='bbox 1499 1035 1959 1104; x_wconf 87' lang='lat' dir='ltr'><strong>quemadmodum</strong></span> 
     </span>
    </p>
   </div>
   <div class='ocr_carea' id='block_1_14' title="bbox 386 1122 1962 1195">
    <p class='ocr_par' dir='ltr' id='par_1_14' title="bbox 386 1122 1962 1195">
     <span class='ocr_line' id='line_1_14' title="bbox 386 1122 1962 1195; baseline 0.004 -22"><span class='ocrx_word' id='word_1_71' title='bbox 386 1122 502 1174; x_wconf 85' lang='lat' dir='ltr'><strong>&#39;vult</strong></span> <span class='ocrx_word' id='word_1_72' title='bbox 531 1123 595 1174; x_wconf 74' lang='grc' dir='ltr'><strong>ι’.</strong></span> <span class='ocrx_word' id='word_1_73' title='bbox 636 1123 715 1176; x_wconf 81' lang='lat' dir='ltr'><strong>Ac</strong></span> <span class='ocrx_word' id='word_1_74' title='bbox 772 1133 1026 1178; x_wconf 81' lang='lat' dir='ltr'><strong>sexcenta</strong></span> <span class='ocrx_word' id='word_1_75' title='bbox 1071 1123 1176 1177; x_wconf 87' lang='lat' dir='ltr'><strong>alia</strong></span> <span class='ocrx_word' id='word_1_76' title='bbox 1208 1123 1618 1195; x_wconf 89' lang='lat' dir='ltr'><strong>Scripturarum</strong></span> <span class='ocrx_word' id='word_1_77' title='bbox 1673 1127 1790 1182; x_wconf 88' lang='lat' dir='ltr'><strong>loca</strong></span> <span class='ocrx_word' id='word_1_78' title='bbox 1839 1127 1962 1181; x_wconf 91' lang='lat' dir='ltr'><strong>licet</strong></span> 
     </span>
    </p>
   </div>
   <div class='ocr_carea' id='block_1_15' title="bbox 386 1213 1960 1285">
    <p class='ocr_par' dir='ltr' id='par_1_15' title="bbox 386 1213 1960 1285">
     <span class='ocr_line' id='line_1_15' title="bbox 386 1213 1960 1285; baseline 0.003 -19"><span class='ocrx_word' id='word_1_79' title='bbox 386 1213 652 1276; x_wconf 91' lang='lat' dir='ltr'><strong>invenire,</strong></span> <span class='ocrx_word' id='word_1_80' title='bbox 695 1213 899 1282; x_wconf 85' lang='lat' dir='ltr'><strong>quibus</strong></span> <span class='ocrx_word' id='word_1_81' title='bbox 933 1213 1346 1269; x_wconf 88' lang='lat' dir='ltr'><strong>demonstratur</strong></span> <span class='ocrx_word' id='word_1_82' title='bbox 1378 1216 1527 1285; x_wconf 87' lang='lat' dir='ltr'><strong>quod</strong></span> <span class='ocrx_word' id='word_1_83' title='bbox 1571 1216 1756 1270; x_wconf 84' lang='lat' dir='ltr'><strong>omnia</strong></span> <span class='ocrx_word' id='word_1_84' title='bbox 1789 1217 1960 1271; x_wconf 88' lang='lat' dir='ltr'><strong>subli—</strong></span> 
     </span>
    </p>
   </div>
   <div class='ocr_carea' id='block_1_16' title="bbox 387 1302 1961 1376">
    <p class='ocr_par' dir='ltr' id='par_1_16' title="bbox 387 1302 1961 1376">
     <span class='ocr_line' id='line_1_16' title="bbox 387 1302 1961 1376; baseline 0.003 -21"><span class='ocrx_word' id='word_1_85' title='bbox 387 1305 496 1357; x_wconf 90' lang='lat' dir='ltr'><strong>mia</strong></span> <span class='ocrx_word' id='word_1_86' title='bbox 529 1302 808 1374; x_wconf 87' lang='lat' dir='ltr'><strong>Deumque</strong></span> <span class='ocrx_word' id='word_1_87' title='bbox 841 1303 1090 1359; x_wconf 84' lang='lat' dir='ltr'><strong>decentia</strong></span> <span class='ocrx_word' id='word_1_88' title='bbox 1131 1305 1376 1370; x_wconf 88' lang='lat' dir='ltr'><strong>nomina,</strong></span> <span class='ocrx_word' id='word_1_89' title='bbox 1419 1321 1759 1376; x_wconf 80' lang='lat' dir='ltr'><strong>quaecunque</strong></span> <span class='ocrx_word' id='word_1_90' title='bbox 1813 1305 1961 1360; x_wconf 88' lang='lat' dir='ltr'><strong>Patri</strong></span> 
     </span>
    </p>
   </div>
   <div class='ocr_carea' id='block_1_17' title="bbox 385 1386 1963 1467">
    <p class='ocr_par' dir='ltr' id='par_1_17' title="bbox 385 1386 1963 1467">
     <span class='ocr_line' id='line_1_17' title="bbox 385 1386 1963 1467; baseline 0.003 -17"><span class='ocrx_word' id='word_1_91' title='bbox 385 1403 438 1450; x_wconf 91' lang='lat' dir='ltr'><strong>et</strong></span> <span class='ocrx_word' id='word_1_92' title='bbox 475 1386 612 1451; x_wconf 77' lang='lat' dir='ltr'><strong>Filio</strong></span> <span class='ocrx_word' id='word_1_93' title='bbox 642 1411 670 1449; x_wconf 88' lang='lat' dir='ltr'><strong>a</strong></span> <span class='ocrx_word' id='word_1_94' title='bbox 707 1397 997 1466; x_wconf 82' lang='lat' dir='ltr'><strong>Scriptura</strong></span> <span class='ocrx_word' id='word_1_95' title='bbox 1032 1398 1538 1466; x_wconf 88' lang='lat' dir='ltr'><strong>accommodantur,</strong></span> <span class='ocrx_word' id='word_1_96' title='bbox 1575 1413 1638 1453; x_wconf 91' lang='lat' dir='ltr'><strong>ea</strong></span> <span class='ocrx_word' id='word_1_97' title='bbox 1667 1400 1813 1453; x_wconf 84' lang='lat' dir='ltr'><strong>circa</strong></span> <span class='ocrx_word' id='word_1_98' title='bbox 1846 1398 1963 1467; x_wconf 83' lang='lat' dir='ltr'><strong>Spi-</strong></span> 
     </span>
    </p>
   </div>
   <div class='ocr_carea' id='block_1_18' title="bbox 386 1485 1961 1559">
    <p class='ocr_par' dir='ltr' id='par_1_18' title="bbox 386 1485 1961 1559">
     <span class='ocr_line' id='line_1_18' title="bbox 386 1485 1961 1559; baseline 0.004 -21"><span class='ocrx_word' id='word_1_99' title='bbox 386 1485 550 1538; x_wconf 89' lang='lat' dir='ltr'><strong>ritum</strong></span> <span class='ocrx_word' id='word_1_100' title='bbox 588 1499 805 1556; x_wconf 85' lang='lat' dir='ltr'><strong>quoque</strong></span> <span class='ocrx_word' id='word_1_101' title='bbox 834 1497 1085 1542; x_wconf 89' lang='lat' dir='ltr'><strong>sanctum</strong></span> <span class='ocrx_word' id='word_1_102' title='bbox 1119 1487 1544 1543; x_wconf 87' lang='lat' dir='ltr'><strong>considerantur</strong></span> <span class='ocrx_word' id='word_1_103' title='bbox 1583 1508 1594 1543; x_wconf 96' lang='lat'>:</span> <span class='ocrx_word' id='word_1_104' title='bbox 1631 1489 1961 1559; x_wconf 78' lang='lat' dir='ltr'><strong>incorrupti-</strong></span> 
     </span>
    </p>
   </div>
   <div class='ocr_carea' id='block_1_19' title="bbox 385 1577 1957 1652">
    <p class='ocr_par' dir='ltr' id='par_1_19' title="bbox 385 1577 1957 1652">
     <span class='ocr_line' id='line_1_19' title="bbox 385 1577 1957 1652; baseline 0.004 -22"><span class='ocrx_word' id='word_1_105' title='bbox 385 1577 572 1632; x_wconf 89' lang='lat' dir='ltr'><strong>bilitas</strong></span> <span class='ocrx_word' id='word_1_106' title='bbox 623 1587 677 1632; x_wconf 89' lang='lat' dir='ltr'><strong>et</strong></span> <span class='ocrx_word' id='word_1_107' title='bbox 730 1579 1042 1649; x_wconf 80' lang='lat' dir='ltr'><strong>integritas,</strong></span> <span class='ocrx_word' id='word_1_108' title='bbox 1089 1580 1391 1647; x_wconf 88' lang='lat' dir='ltr'><strong>beatitudo,</strong></span> <span class='ocrx_word' id='word_1_109' title='bbox 1449 1582 1677 1647; x_wconf 90' lang='lat' dir='ltr'><strong>bonum,</strong></span> <span class='ocrx_word' id='word_1_110' title='bbox 1717 1583 1957 1652; x_wconf 86' lang='lat' dir='ltr'><strong>sapiens,</strong></span> 
     </span>
    </p>
   </div>
   <div class='ocr_carea' id='block_1_20' title="bbox 2065 395 3644 468">
    <p class='ocr_par' dir='ltr' id='par_1_20' title="bbox 2065 395 3644 468">
     <span class='ocr_line' id='line_1_20' title="bbox 2065 395 3644 468; baseline 0.002 -21"><span class='ocrx_word' id='word_1_111' title='bbox 2065 395 2405 465; x_wconf 64' lang='grc' dir='ltr'>παρακαλεῖέ</span> <span class='ocrx_word' id='word_1_112' title='bbox 2449 397 2479 465; x_wconf 84' lang='grc' dir='ltr'>ἠ</span> <span class='ocrx_word' id='word_1_113' title='bbox 2511 396 2683 458; x_wconf 80' lang='grc' dir='ltr'><strong>κτίσις</strong></span> <span class='ocrx_word' id='word_1_114' title='bbox 2720 396 2979 461; x_wconf 86' lang='grc' dir='ltr'><strong>δουλεύει,</strong></span> <span class='ocrx_word' id='word_1_115' title='bbox 3003 397 3063 449; x_wconf 87' lang='grc' dir='ltr'><strong>τὸ</strong></span> <span class='ocrx_word' id='word_1_116' title='bbox 3089 397 3145 450; x_wconf 86' lang='grc' dir='ltr'>δὲ</span> <span class='ocrx_word' id='word_1_117' title='bbox 3172 397 3398 468; x_wconf 81' lang='grc' dir='ltr'>Πνεῦμα</span> <span class='ocrx_word' id='word_1_118' title='bbox 3431 399 3644 450; x_wconf 74' lang='grc' dir='ltr'>ἐλευθε-</span> 
     </span>
    </p>
   </div>
   <div class='ocr_carea' id='block_1_21' title="bbox 2069 488 3643 560">
    <p class='ocr_par' dir='ltr' id='par_1_21' title="bbox 2069 488 3643 560">
     <span class='ocr_line' id='line_1_21' title="bbox 2069 488 3643 560; baseline 0.002 -20"><span class='ocrx_word' id='word_1_119' title='bbox 2069 491 2150 558; x_wconf 91' lang='grc' dir='ltr'><strong>ροῖ</strong></span> <span class='ocrx_word' id='word_1_120' title='bbox 2171 506 2182 518; x_wconf 94' lang='grc'><strong>·</strong></span> <span class='ocrx_word' id='word_1_121' title='bbox 2210 490 2242 559; x_wconf 80' lang='grc' dir='ltr'>ἡ</span> <span class='ocrx_word' id='word_1_122' title='bbox 2273 488 2448 550; x_wconf 80' lang='grc' dir='ltr'><strong>κτίσις</strong></span> <span class='ocrx_word' id='word_1_123' title='bbox 2475 488 2768 556; x_wconf 76' lang='grc' dir='ltr'><strong>σοφίζεται,</strong></span> <span class='ocrx_word' id='word_1_124' title='bbox 2801 489 2861 540; x_wconf 90' lang='grc' dir='ltr'><strong>τὸ</strong></span> <span class='ocrx_word' id='word_1_125' title='bbox 2890 489 2945 541; x_wconf 83' lang='grc' dir='ltr'>δὲ</span> <span class='ocrx_word' id='word_1_126' title='bbox 2970 489 3186 560; x_wconf 86' lang='grc' dir='ltr'>πνεῦμα</span> <span class='ocrx_word' id='word_1_127' title='bbox 3206 489 3302 560; x_wconf 82' lang='grc' dir='ltr'>τὴν</span> <span class='ocrx_word' id='word_1_128' title='bbox 3326 490 3428 560; x_wconf 84' lang='grc' dir='ltr'>τῆς</span> <span class='ocrx_word' id='word_1_129' title='bbox 3451 491 3643 559; x_wconf 81' lang='grc' dir='ltr'><strong>σοφίας</strong></span> 
     </span>
    </p>
   </div>
   <div class='ocr_carea' id='block_1_22' title="bbox 2062 581 3642 654">
    <p class='ocr_par' dir='ltr' id='par_1_22' title="bbox 2062 581 3642 654">
     <span class='ocr_line' id='line_1_22' title="bbox 2062 581 3642 654; baseline 0.003 -22"><span class='ocrx_word' id='word_1_130' title='bbox 2062 581 2242 633; x_wconf 89' lang='grc' dir='ltr'>δίδωσι</span> <span class='ocrx_word' id='word_1_131' title='bbox 2278 581 2435 651; x_wconf 83' lang='grc' dir='ltr'>χάριν</span> <span class='ocrx_word' id='word_1_132' title='bbox 2462 598 2474 611; x_wconf 80' lang='grc'><strong><em>⁸</em></strong></span> <span class='ocrx_word' id='word_1_133' title='bbox 2516 584 2548 653; x_wconf 83' lang='grc' dir='ltr'>ὴ</span> <span class='ocrx_word' id='word_1_134' title='bbox 2583 582 2759 644; x_wconf 83' lang='grc' dir='ltr'>κτίσις</span> <span class='ocrx_word' id='word_1_135' title='bbox 2796 581 3199 652; x_wconf 77' lang='grc' dir='ltr'>μεταλαμϐάνει</span> <span class='ocrx_word' id='word_1_136' title='bbox 3238 581 3348 635; x_wconf 85' lang='grc' dir='ltr'><strong>τῶν</strong></span> <span class='ocrx_word' id='word_1_137' title='bbox 3371 583 3642 654; x_wconf 84' lang='grc' dir='ltr'>χαρισμά-</span> 
     </span>
    </p>
   </div>
   <div class='ocr_carea' id='block_1_23' title="bbox 2061 671 3642 752">
    <p class='ocr_par' dir='ltr' id='par_1_23' title="bbox 2061 671 3642 752">
     <span class='ocr_line' id='line_1_23' title="bbox 2061 671 3642 752; baseline 0.003 -29"><span class='ocrx_word' id='word_1_138' title='bbox 2061 673 2253 736; x_wconf 82' lang='grc' dir='ltr'>των,τὸ</span> <span class='ocrx_word' id='word_1_139' title='bbox 2269 672 2326 726; x_wconf 89' lang='grc' dir='ltr'>δὲ</span> <span class='ocrx_word' id='word_1_140' title='bbox 2350 671 2571 743; x_wconf 79' lang='grc' dir='ltr'>Πνεῦμα</span> <span class='ocrx_word' id='word_1_141' title='bbox 2596 673 2946 737; x_wconf 82' lang='grc' dir='ltr'>κατεξουσίαν</span> <span class='ocrx_word' id='word_1_142' title='bbox 2966 675 3272 745; x_wconf 83' lang='grc' dir='ltr'>χαρίζεται.</span> <span class='ocrx_word' id='word_1_143' title='bbox 3301 676 3515 730; x_wconf 78' lang='grc' dir='ltr'>«Πάντα</span> <span class='ocrx_word' id='word_1_144' title='bbox 3533 675 3642 752; x_wconf 76' lang='grc' dir='ltr'><strong>γὰρ</strong></span> 
     </span>
    </p>
   </div>
   <div class='ocr_carea' id='block_1_24' title="bbox 2062 763 3642 841">
    <p class='ocr_par' dir='ltr' id='par_1_24' title="bbox 2062 763 3642 841">
     <span class='ocr_line' id='line_1_24' title="bbox 2062 763 3642 841; baseline 0.002 -23"><span class='ocrx_word' id='word_1_145' title='bbox 2062 763 2234 818; x_wconf 86' lang='grc' dir='ltr'>ταῦτα</span> <span class='ocrx_word' id='word_1_146' title='bbox 2259 767 2470 836; x_wconf 83' lang='grc' dir='ltr'>ἐνεργεῖ</span> <span class='ocrx_word' id='word_1_147' title='bbox 2496 765 2627 818; x_wconf 85' lang='grc' dir='ltr'>τὸὲν</span> <span class='ocrx_word' id='word_1_148' title='bbox 2650 767 2744 818; x_wconf 68' lang='grc' dir='ltr'>καὶ</span> <span class='ocrx_word' id='word_1_149' title='bbox 2771 767 2828 819; x_wconf 86' lang='grc' dir='ltr'><strong>τὸ</strong></span> <span class='ocrx_word' id='word_1_150' title='bbox 2849 767 2978 819; x_wconf 84' lang='grc' dir='ltr'>αὐτὸ</span> <span class='ocrx_word' id='word_1_151' title='bbox 3005 767 3251 837; x_wconf 80' lang='grc' dir='ltr'>Πνεῦμα,</span> <span class='ocrx_word' id='word_1_152' title='bbox 3268 764 3510 841; x_wconf 78' lang='grc' dir='ltr'>διαιροῦν</span> <span class='ocrx_word' id='word_1_153' title='bbox 3538 769 3642 840; x_wconf 77' lang='grc' dir='ltr'>ἰδίᾳ.</span> 
     </span>
    </p>
   </div>
   <div class='ocr_carea' id='block_1_25' title="bbox 2063 857 3641 930">
    <p class='ocr_par' dir='ltr' id='par_1_25' title="bbox 2063 857 3641 930">
     <span class='ocr_line' id='line_1_25' title="bbox 2063 857 3641 930; baseline 0.002 -21"><span class='ocrx_word' id='word_1_154' title='bbox 2063 857 2278 928; x_wconf 79' lang='grc' dir='ltr'><strong>ἑκάστῳ</strong></span> <span class='ocrx_word' id='word_1_155' title='bbox 2304 857 2484 921; x_wconf 86' lang='grc' dir='ltr'>καθὼς</span> <span class='ocrx_word' id='word_1_156' title='bbox 2517 857 2762 928; x_wconf 79' lang='grc' dir='ltr'>βούλεται</span> <span class='ocrx_word' id='word_1_157' title='bbox 2785 875 2797 887; x_wconf 69' lang='grc' dir='ltr'><strong>ο</strong></span> <span class='ocrx_word' id='word_1_158' title='bbox 2832 877 2850 909; x_wconf 76' lang='grc' dir='ltr'><strong>ι</strong></span> <span class='ocrx_word' id='word_1_159' title='bbox 2881 859 2970 912; x_wconf 75' lang='grc' dir='ltr'>καὶ</span> <span class='ocrx_word' id='word_1_160' title='bbox 3026 859 3220 930; x_wconf 87' lang='grc' dir='ltr'>μυρίας</span> <span class='ocrx_word' id='word_1_161' title='bbox 3253 859 3416 924; x_wconf 79' lang='grc' dir='ltr'>ἄλλας</span> <span class='ocrx_word' id='word_1_162' title='bbox 3447 861 3511 912; x_wconf 87' lang='grc' dir='ltr'>ὲκ</span> <span class='ocrx_word' id='word_1_163' title='bbox 3533 859 3641 914; x_wconf 85' lang='grc' dir='ltr'>τῶν</span> 
     </span>
    </p>
   </div>
   <div class='ocr_carea' id='block_1_26' title="bbox 2062 950 3641 1024">
    <p class='ocr_par' dir='ltr' id='par_1_26' title="bbox 2062 950 3641 1024">
     <span class='ocr_line' id='line_1_26' title="bbox 2062 950 3641 1024; baseline 0.003 -23"><span class='ocrx_word' id='word_1_164' title='bbox 2062 950 2292 1020; x_wconf 84' lang='grc' dir='ltr'>Γραφῶν</span> <span class='ocrx_word' id='word_1_165' title='bbox 2330 951 2474 1004; x_wconf 76' lang='grc' dir='ltr'>ἔστιν</span> <span class='ocrx_word' id='word_1_166' title='bbox 2509 951 2806 1015; x_wconf 75' lang='grc' dir='ltr'><strong>ἀποδείξεις</strong></span> <span class='ocrx_word' id='word_1_167' title='bbox 2828 953 3028 1023; x_wconf 86' lang='grc' dir='ltr'>εὑρεῖν,</span> <span class='ocrx_word' id='word_1_168' title='bbox 3051 953 3132 1005; x_wconf 83' lang='grc' dir='ltr'>ὅτι</span> <span class='ocrx_word' id='word_1_169' title='bbox 3161 952 3337 1010; x_wconf 87' lang='grc' dir='ltr'>πάντα</span> <span class='ocrx_word' id='word_1_170' title='bbox 3368 953 3435 1007; x_wconf 87' lang='grc' dir='ltr'><strong>τά</strong></span> <span class='ocrx_word' id='word_1_171' title='bbox 3463 952 3641 1024; x_wconf 76' lang='grc' dir='ltr'>ὑψηλά</span> 
     </span>
    </p>
   </div>
   <div class='ocr_carea' id='block_1_27' title="bbox 2063 1039 3641 1115">
    <p class='ocr_par' dir='ltr' id='par_1_27' title="bbox 2063 1039 3641 1115">
     <span class='ocr_line' id='line_1_27' title="bbox 2063 1039 3641 1115; baseline 0.002 -21"><span class='ocrx_word' id='word_1_172' title='bbox 2063 1043 2154 1094; x_wconf 72' lang='grc' dir='ltr'>καὶ</span> <span class='ocrx_word' id='word_1_173' title='bbox 2198 1041 2474 1113; x_wconf 81' lang='grc' dir='ltr'>θεοπρεπῆ</span> <span class='ocrx_word' id='word_1_174' title='bbox 2507 1039 2766 1112; x_wconf 81' lang='grc' dir='ltr'>ὀνόματα,</span> <span class='ocrx_word' id='word_1_175' title='bbox 2815 1043 2914 1095; x_wconf 86' lang='grc' dir='ltr'>ὅσα</span> <span class='ocrx_word' id='word_1_176' title='bbox 2957 1043 3033 1114; x_wconf 83' lang='grc' dir='ltr'><strong>τῷ</strong></span> <span class='ocrx_word' id='word_1_177' title='bbox 3063 1044 3238 1114; x_wconf 75' lang='grc' dir='ltr'>Πατρὶ</span> <span class='ocrx_word' id='word_1_178' title='bbox 3278 1046 3371 1097; x_wconf 74' lang='grc' dir='ltr'>καὶ</span> <span class='ocrx_word' id='word_1_179' title='bbox 3415 1045 3493 1115; x_wconf 81' lang='grc' dir='ltr'>τῷ</span> <span class='ocrx_word' id='word_1_180' title='bbox 3525 1044 3641 1115; x_wconf 86' lang='grc' dir='ltr'>Υίῷ</span> 
     </span>
    </p>
   </div>
   <div class='ocr_carea' id='block_1_28' title="bbox 2064 1133 3642 1208">
    <p class='ocr_par' dir='ltr' id='par_1_28' title="bbox 2064 1133 3642 1208">
     <span class='ocr_line' id='line_1_28' title="bbox 2064 1133 3642 1208; baseline 0.001 -21"><span class='ocrx_word' id='word_1_181' title='bbox 2064 1134 2212 1203; x_wconf 73' lang='grc' dir='ltr'>παρὰ</span> <span class='ocrx_word' id='word_1_182' title='bbox 2237 1133 2337 1203; x_wconf 79' lang='grc' dir='ltr'>τῆς</span> <span class='ocrx_word' id='word_1_183' title='bbox 2374 1135 2592 1205; x_wconf 80' lang='grc' dir='ltr'>Γραφῆς</span> <span class='ocrx_word' id='word_1_184' title='bbox 2627 1135 3016 1205; x_wconf 81' lang='grc' dir='ltr'>ἐφαρμόζεται,</span> <span class='ocrx_word' id='word_1_185' title='bbox 3061 1133 3235 1188; x_wconf 85' lang='grc' dir='ltr'>ταῦτα</span> <span class='ocrx_word' id='word_1_186' title='bbox 3271 1136 3363 1189; x_wconf 80' lang='grc' dir='ltr'>καὶ</span> <span class='ocrx_word' id='word_1_187' title='bbox 3405 1137 3530 1208; x_wconf 77' lang='grc' dir='ltr'>περὶ</span> <span class='ocrx_word' id='word_1_188' title='bbox 3579 1137 3642 1190; x_wconf 80' lang='grc' dir='ltr'><strong>τὸ</strong></span> 
     </span>
    </p>
   </div>
   <div class='ocr_carea' id='block_1_29' title="bbox 2063 1225 3635 1301">
    <p class='ocr_par' dir='ltr' id='par_1_29' title="bbox 2063 1225 3635 1301">
     <span class='ocr_line' id='line_1_29' title="bbox 2063 1225 3635 1301; baseline 0.002 -22"><span class='ocrx_word' id='word_1_189' title='bbox 2063 1227 2216 1294; x_wconf 79' lang='grc' dir='ltr'>ἅγιον</span> <span class='ocrx_word' id='word_1_190' title='bbox 2242 1225 2524 1298; x_wconf 83' lang='grc' dir='ltr'>θεωρεῖται</span> <span class='ocrx_word' id='word_1_191' title='bbox 2553 1226 2778 1298; x_wconf 82' lang='grc' dir='ltr'>Πνεῦμα</span> <span class='ocrx_word' id='word_1_192' title='bbox 2803 1245 2814 1257; x_wconf 90' lang='grc'><strong>·</strong></span> <span class='ocrx_word' id='word_1_193' title='bbox 2852 1228 2884 1298; x_wconf 81' lang='grc' dir='ltr'>ὴ</span> <span class='ocrx_word' id='word_1_194' title='bbox 2920 1227 3175 1300; x_wconf 80' lang='grc' dir='ltr'>ἁφθορία,</span> <span class='ocrx_word' id='word_1_195' title='bbox 3213 1230 3244 1299; x_wconf 83' lang='grc' dir='ltr'><strong>ἡ</strong></span> <span class='ocrx_word' id='word_1_196' title='bbox 3281 1229 3635 1301; x_wconf 86' lang='grc' dir='ltr'>μακαριότης,</span> 
     </span>
    </p>
   </div>
   <div class='ocr_carea' id='block_1_30' title="bbox 2062 1316 3638 1389">
    <p class='ocr_par' dir='ltr' id='par_1_30' title="bbox 2062 1316 3638 1389">
     <span class='ocr_line' id='line_1_30' title="bbox 2062 1316 3638 1389; baseline 0.001 -18"><span class='ocrx_word' id='word_1_197' title='bbox 2062 1318 2122 1371; x_wconf 88' lang='grc' dir='ltr'><strong>τὸ</strong></span> <span class='ocrx_word' id='word_1_198' title='bbox 2142 1317 2364 1385; x_wconf 78' lang='grc' dir='ltr'>ἀγαθὸν,</span> <span class='ocrx_word' id='word_1_199' title='bbox 2404 1316 2463 1370; x_wconf 89' lang='grc' dir='ltr'><strong>τὸ</strong></span> <span class='ocrx_word' id='word_1_200' title='bbox 2492 1317 2674 1386; x_wconf 87' lang='grc' dir='ltr'>σοφὸν,</span> <span class='ocrx_word' id='word_1_201' title='bbox 2711 1317 2773 1369; x_wconf 87' lang='grc' dir='ltr'><strong>τὸ</strong></span> <span class='ocrx_word' id='word_1_202' title='bbox 2800 1317 3041 1381; x_wconf 88' lang='grc' dir='ltr'>δυνατὸν,</span> <span class='ocrx_word' id='word_1_203' title='bbox 3077 1318 3137 1389; x_wconf 81' lang='grc' dir='ltr'><strong>τὸ</strong></span> <span class='ocrx_word' id='word_1_204' title='bbox 3169 1317 3391 1385; x_wconf 78' lang='grc' dir='ltr'>δίκαιον,</span> <span class='ocrx_word' id='word_1_205' title='bbox 3425 1319 3458 1389; x_wconf 81' lang='grc' dir='ltr'>ἠ</span> <span class='ocrx_word' id='word_1_206' title='bbox 3485 1319 3638 1386; x_wconf 87' lang='grc' dir='ltr'>ἁγιό-</span> 
     </span>
    </p>
   </div>
   <div class='ocr_carea' id='block_1_31' title="bbox 2061 1387 3637 1479">
    <p class='ocr_par' dir='ltr' id='par_1_31' title="bbox 2061 1387 3637 1479">
     <span class='ocr_line' id='line_1_31' title="bbox 2061 1387 3637 1479; baseline 0 -18"><span class='ocrx_word' id='word_1_207' title='bbox 2061 1426 2158 1478; x_wconf 82' lang='grc' dir='ltr'>της</span> <span class='ocrx_word' id='word_1_208' title='bbox 2185 1427 2199 1441; x_wconf 76' lang='grc' dir='ltr'><strong><em>ο</em></strong></span> <span class='ocrx_word' id='word_1_209' title='bbox 2246 1411 2354 1462; x_wconf 81' lang='grc' dir='ltr'><strong>πᾶν</strong></span> <span class='ocrx_word' id='word_1_210' title='bbox 2385 1409 2564 1479; x_wconf 75' lang='grc' dir='ltr'>τίμιον</span> <span class='ocrx_word' id='word_1_211' title='bbox 2593 1408 2764 1478; x_wconf 76' lang='grc' dir='ltr'>ὄνομα</span> <span class='ocrx_word' id='word_1_212' title='bbox 2794 1407 2966 1472; x_wconf 80' lang='grc' dir='ltr'>οὑτως</span> <span class='ocrx_word' id='word_1_213' title='bbox 2995 1387 3211 1478; x_wconf 55' lang='grc' dir='ltr'>λέγεται</span> <span class='ocrx_word' id='word_1_214' title='bbox 3247 1410 3341 1462; x_wconf 73' lang='grc' dir='ltr'><strong>ἐπὶ</strong></span> <span class='ocrx_word' id='word_1_215' title='bbox 3361 1408 3454 1462; x_wconf 89' lang='grc' dir='ltr'><strong>τοῦ</strong></span> <span class='ocrx_word' id='word_1_216' title='bbox 3483 1411 3637 1478; x_wconf 83' lang='grc' dir='ltr'>ἁγίου</span> 
     </span>
    </p>
   </div>
   <div class='ocr_carea' id='block_1_32' title="bbox 2063 1498 3638 1570">
    <p class='ocr_par' dir='ltr' id='par_1_32' title="bbox 2063 1498 3638 1570">
     <span class='ocr_line' id='line_1_32' title="bbox 2063 1498 3638 1570; baseline 0.001 -18"><span class='ocrx_word' id='word_1_217' title='bbox 2063 1500 2400 1568; x_wconf 84' lang='grc' dir='ltr'>Πνεὺματος,</span> <span class='ocrx_word' id='word_1_218' title='bbox 2433 1500 2508 1562; x_wconf 85' lang='grc' dir='ltr'>ὼς</span> <span class='ocrx_word' id='word_1_219' title='bbox 2537 1500 2632 1553; x_wconf 77' lang='grc' dir='ltr'>καὶ</span> <span class='ocrx_word' id='word_1_220' title='bbox 2662 1499 2753 1551; x_wconf 77' lang='grc' dir='ltr'><strong>ἐπὶ</strong></span> <span class='ocrx_word' id='word_1_221' title='bbox 2787 1498 2880 1552; x_wconf 91' lang='grc' dir='ltr'><strong>τοῦ</strong></span> <span class='ocrx_word' id='word_1_222' title='bbox 2909 1499 3120 1570; x_wconf 85' lang='grc' dir='ltr'>Πατρὸς</span> <span class='ocrx_word' id='word_1_223' title='bbox 3161 1501 3255 1553; x_wconf 79' lang='grc' dir='ltr'><strong>καὶ</strong></span> <span class='ocrx_word' id='word_1_224' title='bbox 3281 1499 3373 1553; x_wconf 74' lang='grc' dir='ltr'><strong>ἐπὶ</strong></span> <span class='ocrx_word' id='word_1_225' title='bbox 3396 1499 3489 1553; x_wconf 88' lang='grc' dir='ltr'><strong>τοῦ</strong></span> <span class='ocrx_word' id='word_1_226' title='bbox 3508 1499 3638 1556; x_wconf 80' lang='grc' dir='ltr'>Υίοῦ</span> 
     </span>
    </p>
   </div>
   <div class='ocr_carea' id='block_1_33' title="bbox 2061 1583 3638 1663">
    <p class='ocr_par' dir='ltr' id='par_1_33' title="bbox 2061 1583 3638 1663">
     <span class='ocr_line' id='line_1_33' title="bbox 2061 1583 3638 1663; baseline 0.003 -20"><span class='ocrx_word' id='word_1_227' title='bbox 2061 1591 2297 1660; x_wconf 86' lang='grc' dir='ltr'>λέγεται,</span> <span class='ocrx_word' id='word_1_228' title='bbox 2321 1591 2473 1661; x_wconf 81' lang='grc' dir='ltr'>’πλὴν</span> <span class='ocrx_word' id='word_1_229' title='bbox 2503 1590 2705 1644; x_wconf 80' lang='grc' dir='ltr'>τούτων</span> <span class='ocrx_word' id='word_1_230' title='bbox 2745 1591 2811 1644; x_wconf 85' lang='grc' dir='ltr'><strong>δι’</strong></span> <span class='ocrx_word' id='word_1_231' title='bbox 2839 1583 2913 1644; x_wconf 84' lang='grc' dir='ltr'>ὧν</span> <span class='ocrx_word' id='word_1_232' title='bbox 2970 1593 3024 1644; x_wconf 85' lang='grc' dir='ltr'><strong>αί</strong></span> <span class='ocrx_word' id='word_1_233' title='bbox 3065 1591 3391 1656; x_wconf 85' lang='grc' dir='ltr'><strong>ὑποστάσεις</strong></span> <span class='ocrx_word' id='word_1_234' title='bbox 3428 1597 3638 1663; x_wconf 79' lang='grc' dir='ltr'>τρανῶς</span> 
     </span>
    </p>
   </div>
   <div class='ocr_carea' id='block_1_34' title="bbox 384 1663 1958 1753">
    <p class='ocr_par' dir='ltr' id='par_1_34' title="bbox 384 1663 1958 1742">
     <span class='ocr_line' id='line_1_34' title="bbox 384 1663 1958 1742; baseline 0.004 -22"><span class='ocrx_word' id='word_1_235' title='bbox 384 1677 600 1738; x_wconf 88' lang='lat' dir='ltr'><strong>potens,</strong></span> <span class='ocrx_word' id='word_1_236' title='bbox 637 1669 870 1739; x_wconf 90' lang='lat' dir='ltr'><strong>justum,</strong></span> <span class='ocrx_word' id='word_1_237' title='bbox 902 1663 1185 1735; x_wconf 82' lang='lat' dir='ltr'><strong>sanctitas,</strong></span> <span class='ocrx_word' id='word_1_238' title='bbox 1217 1687 1377 1727; x_wconf 87' lang='lat' dir='ltr'><strong>omne</strong></span> <span class='ocrx_word' id='word_1_239' title='bbox 1400 1672 1634 1742; x_wconf 89' lang='lat' dir='ltr'><strong>denique</strong></span> <span class='ocrx_word' id='word_1_240' title='bbox 1663 1675 1958 1742; x_wconf 87' lang='lat' dir='ltr'><strong>pretiosum</strong></span> 
     </span>
    </p>
   </div>
   <div class='ocr_carea' id='block_1_35' title="bbox 2062 1663 3641 1753">
    <p class='ocr_par' dir='ltr' id='par_1_35' title="bbox 2065 1680 3641 1753">
     <span class='ocr_line' id='line_1_35' title="bbox 2065 1680 3641 1753; baseline 0.001 -19"><span class='ocrx_word' id='word_1_241' title='bbox 2065 1698 2123 1734; x_wconf 91' lang='grc' dir='ltr'><strong>τε</strong></span> <span class='ocrx_word' id='word_1_242' title='bbox 2155 1681 2248 1734; x_wconf 78' lang='grc' dir='ltr'><strong>καὶ</strong></span> <span class='ocrx_word' id='word_1_243' title='bbox 2278 1680 2598 1750; x_wconf 83' lang='grc' dir='ltr'>ἀσυγχύτως</span> <span class='ocrx_word' id='word_1_244' title='bbox 2631 1681 2727 1733; x_wconf 87' lang='grc' dir='ltr'><strong>ἀπ’</strong></span> <span class='ocrx_word' id='word_1_245' title='bbox 2749 1681 2991 1750; x_wconf 83' lang='grc' dir='ltr'>ἀλλήλων</span> <span class='ocrx_word' id='word_1_246' title='bbox 3017 1681 3450 1753; x_wconf 81' lang='grc' dir='ltr'>διαχωρίζονται.</span> <span class='ocrx_word' id='word_1_247' title='bbox 3485 1683 3641 1750; x_wconf 83' lang='grc' dir='ltr'>Λέγω</span> 
     </span>
    </p>
   </div>
   <div class='ocr_carea' id='block_1_36' title="bbox 384 1762 1957 1836">
    <p class='ocr_par' dir='ltr' id='par_1_36' title="bbox 384 1762 1957 1836">
     <span class='ocr_line' id='line_1_36' title="bbox 384 1762 1957 1836; baseline 0.004 -22"><span class='ocrx_word' id='word_1_248' title='bbox 384 1770 440 1815; x_wconf 91' lang='lat' dir='ltr'><strong>et</strong></span> <span class='ocrx_word' id='word_1_249' title='bbox 476 1762 798 1818; x_wconf 90' lang='lat' dir='ltr'><strong>honorabile</strong></span> <span class='ocrx_word' id='word_1_250' title='bbox 830 1779 1028 1819; x_wconf 89' lang='lat' dir='ltr'><strong>nomen</strong></span> <span class='ocrx_word' id='word_1_251' title='bbox 1060 1774 1166 1818; x_wconf 92' lang='lat' dir='ltr'><strong>tam</strong></span> <span class='ocrx_word' id='word_1_252' title='bbox 1205 1765 1274 1820; x_wconf 91' lang='lat' dir='ltr'><strong>de</strong></span> <span class='ocrx_word' id='word_1_253' title='bbox 1313 1766 1516 1835; x_wconf 87' lang='lat' dir='ltr'><strong>Spiritu</strong></span> <span class='ocrx_word' id='word_1_254' title='bbox 1546 1777 1763 1831; x_wconf 88' lang='lat' dir='ltr'><strong>saneto,</strong></span> <span class='ocrx_word' id='word_1_255' title='bbox 1794 1781 1957 1836; x_wconf 81' lang='lat' dir='ltr'><strong>quam</strong></span> 
     </span>
    </p>
   </div>
   <div class='ocr_carea' id='block_1_37' title="bbox 384 1847 1960 1928">
    <p class='ocr_par' dir='ltr' id='par_1_37' title="bbox 384 1847 1960 1928">
     <span class='ocr_line' id='line_1_37' title="bbox 384 1847 1960 1928; baseline 0.003 -21"><span class='ocrx_word' id='word_1_256' title='bbox 384 1854 450 1909; x_wconf 90' lang='lat' dir='ltr'><strong>de</strong></span> <span class='ocrx_word' id='word_1_257' title='bbox 501 1853 660 1910; x_wconf 86' lang='lat' dir='ltr'><strong>Patre</strong></span> <span class='ocrx_word' id='word_1_258' title='bbox 711 1863 764 1911; x_wconf 89' lang='lat' dir='ltr'><strong>et</strong></span> <span class='ocrx_word' id='word_1_259' title='bbox 812 1854 949 1910; x_wconf 88' lang='lat' dir='ltr'><strong>Filio</strong></span> <span class='ocrx_word' id='word_1_260' title='bbox 987 1857 1207 1922; x_wconf 90' lang='lat' dir='ltr'><strong>dicitur,</strong></span> <span class='ocrx_word' id='word_1_261' title='bbox 1269 1847 1509 1927; x_wconf 80' lang='lat' dir='ltr'><strong>exceptis</strong></span> <span class='ocrx_word' id='word_1_262' title='bbox 1551 1857 1640 1923; x_wconf 90' lang='lat' dir='ltr'><strong>iis,</strong></span> <span class='ocrx_word' id='word_1_263' title='bbox 1694 1873 1791 1928; x_wconf 89' lang='lat' dir='ltr'><strong>per</strong></span> <span class='ocrx_word' id='word_1_264' title='bbox 1841 1873 1960 1928; x_wconf 66' lang='lat' dir='ltr'><strong>quae</strong></span> 
     </span>
    </p>
   </div>
   <div class='ocr_carea' id='block_1_38' title="bbox 386 1953 1960 2024">
    <p class='ocr_par' dir='ltr' id='par_1_38' title="bbox 386 1953 1960 2024">
     <span class='ocr_line' id='line_1_38' title="bbox 386 1953 1960 2024; baseline 0.003 -20"><span class='ocrx_word' id='word_1_265' title='bbox 386 1953 703 2023; x_wconf 83' lang='lat' dir='ltr'><strong>hypostases</strong></span> <span class='ocrx_word' id='word_1_266' title='bbox 745 1953 1051 2023; x_wconf 78' lang='lat' dir='ltr'><strong>perSpicue,</strong></span> <span class='ocrx_word' id='word_1_267' title='bbox 1100 1953 1247 2008; x_wconf 86' lang='lat' dir='ltr'><strong>clare</strong></span> <span class='ocrx_word' id='word_1_268' title='bbox 1282 1961 1337 2008; x_wconf 92' lang='lat' dir='ltr'><strong>et</strong></span> <span class='ocrx_word' id='word_1_269' title='bbox 1385 1954 1592 2024; x_wconf 89' lang='lat' dir='ltr'><strong>absque</strong></span> <span class='ocrx_word' id='word_1_270' title='bbox 1638 1953 1960 2009; x_wconf 82' lang='lat' dir='ltr'><strong>confusione</strong></span> 
     </span>
    </p>
   </div>
   <div class='ocr_carea' id='block_1_39' title="bbox 385 2049 1960 2120">
    <p class='ocr_par' dir='ltr' id='par_1_39' title="bbox 385 2049 1960 2120">
     <span class='ocr_line' id='line_1_39' title="bbox 385 2049 1960 2120; baseline 0.001 -17"><span class='ocrx_word' id='word_1_271' title='bbox 385 2051 454 2104; x_wconf 88' lang='lat' dir='ltr'><strong>ab</strong></span> <span class='ocrx_word' id='word_1_272' title='bbox 499 2050 731 2105; x_wconf 85' lang='lat' dir='ltr'><strong>invicem</strong></span> <span class='ocrx_word' id='word_1_273' title='bbox 779 2059 1128 2118; x_wconf 86' lang='lat' dir='ltr'><strong>separantur.</strong></span> <span class='ocrx_word' id='word_1_274' title='bbox 1171 2049 1300 2104; x_wconf 87' lang='lat' dir='ltr'><strong>Dico</strong></span> <span class='ocrx_word' id='word_1_275' title='bbox 1347 2060 1530 2104; x_wconf 86' lang='lat' dir='ltr'><strong>autem</strong></span> <span class='ocrx_word' id='word_1_276' title='bbox 1584 2050 1728 2120; x_wconf 88' lang='lat' dir='ltr'><strong>quod</strong></span> <span class='ocrx_word' id='word_1_277' title='bbox 1784 2064 1960 2120; x_wconf 88' lang='lat' dir='ltr'><strong>neque</strong></span> 
     </span>
    </p>
   </div>
   <div class='ocr_carea' id='block_1_40' title="bbox 2065 1769 3638 1843">
    <p class='ocr_par' dir='ltr' id='par_1_40' title="bbox 2065 1769 3638 1843">
     <span class='ocr_line' id='line_1_40' title="bbox 2065 1769 3638 1843; baseline 0.001 -19"><span class='ocrx_word' id='word_1_278' title='bbox 2065 1773 2122 1825; x_wconf 83' lang='grc' dir='ltr'>δὲ</span> <span class='ocrx_word' id='word_1_279' title='bbox 2145 1771 2373 1826; x_wconf 79' lang='grc' dir='ltr'>ὅτιόὑτε</span> <span class='ocrx_word' id='word_1_280' title='bbox 2404 1769 2592 1843; x_wconf 77' lang='grc' dir='ltr'>Πατὴρ</span> <span class='ocrx_word' id='word_1_281' title='bbox 2628 1771 2843 1840; x_wconf 84' lang='grc' dir='ltr'>λέγεται</span> <span class='ocrx_word' id='word_1_282' title='bbox 2880 1774 2940 1826; x_wconf 85' lang='grc' dir='ltr'><strong>τὸ</strong></span> <span class='ocrx_word' id='word_1_283' title='bbox 2966 1771 3188 1843; x_wconf 87' lang='grc' dir='ltr'>Πνεῦμα</span> <span class='ocrx_word' id='word_1_284' title='bbox 3213 1773 3274 1826; x_wconf 90' lang='grc' dir='ltr'><strong>τὸ</strong></span> <span class='ocrx_word' id='word_1_285' title='bbox 3315 1773 3489 1843; x_wconf 83' lang='grc' dir='ltr'>ἆγιον,</span> <span class='ocrx_word' id='word_1_286' title='bbox 3515 1773 3638 1826; x_wconf 77' lang='grc' dir='ltr'>οὕτε</span> 
     </span>
    </p>
   </div>
   <div class='ocr_carea' id='block_1_41' title="bbox 2068 1864 3638 1938">
    <p class='ocr_par' dir='ltr' id='par_1_41' title="bbox 2068 1864 3638 1938">
     <span class='ocr_line' id='line_1_41' title="bbox 2068 1864 3638 1938; baseline -0.001 -21"><span class='ocrx_word' id='word_1_287' title='bbox 2068 1865 2196 1928; x_wconf 80' lang='grc' dir='ltr'>Υἱός</span> <span class='ocrx_word' id='word_1_288' title='bbox 2221 1883 2234 1896; x_wconf 83' lang='grc'><strong><em>-</em></strong></span> <span class='ocrx_word' id='word_1_289' title='bbox 2262 1865 2330 1918; x_wconf 82' lang='grc' dir='ltr'>τὰ</span> <span class='ocrx_word' id='word_1_290' title='bbox 2353 1865 2409 1918; x_wconf 85' lang='grc' dir='ltr'>δὲ</span> <span class='ocrx_word' id='word_1_291' title='bbox 2436 1864 2569 1918; x_wconf 73' lang='grc' dir='ltr'>ἄλλα</span> <span class='ocrx_word' id='word_1_292' title='bbox 2583 1865 2682 1917; x_wconf 83' lang='grc' dir='ltr'>ὅσα</span> <span class='ocrx_word' id='word_1_293' title='bbox 2707 1866 2734 1917; x_wconf 94' lang='lat'><strong>6</strong></span> <span class='ocrx_word' id='word_1_294' title='bbox 2759 1865 2948 1938; x_wconf 82' lang='grc' dir='ltr'>Πατὴρ</span> <span class='ocrx_word' id='word_1_295' title='bbox 2975 1867 3068 1919; x_wconf 74' lang='grc' dir='ltr'>καὶ</span> <span class='ocrx_word' id='word_1_296' title='bbox 3093 1867 3121 1918; x_wconf 98' lang='lat'><strong>6</strong></span> <span class='ocrx_word' id='word_1_297' title='bbox 3145 1865 3270 1929; x_wconf 76' lang='grc' dir='ltr'>Υἱὸς</span> <span class='ocrx_word' id='word_1_298' title='bbox 3292 1865 3638 1937; x_wconf 75' lang='grc' dir='ltr'>ὀνομάζεται,</span> 
     </span>
    </p>
   </div>
   <div class='ocr_carea' id='block_1_42' title="bbox 2066 1957 3644 2032">
    <p class='ocr_par' dir='ltr' id='par_1_42' title="bbox 2066 1957 3644 2032">
     <span class='ocr_line' id='line_1_42' title="bbox 2066 1957 3644 2032; baseline -0.002 -20"><span class='ocrx_word' id='word_1_299' title='bbox 2066 1959 2238 2012; x_wconf 88' lang='grc' dir='ltr'>ταῦτα</span> <span class='ocrx_word' id='word_1_300' title='bbox 2262 1959 2355 2012; x_wconf 75' lang='grc' dir='ltr'>καὶ</span> <span class='ocrx_word' id='word_1_301' title='bbox 2382 1958 2460 2028; x_wconf 82' lang='grc' dir='ltr'>τῷ</span> <span class='ocrx_word' id='word_1_302' title='bbox 2490 1959 2628 2030; x_wconf 84' lang='grc' dir='ltr'>ἁγίῳ</span> <span class='ocrx_word' id='word_1_303' title='bbox 2655 1957 2934 2030; x_wconf 82' lang='grc' dir='ltr'>Πνεύματι</span> <span class='ocrx_word' id='word_1_304' title='bbox 2977 1959 3127 2032; x_wconf 87' lang='grc' dir='ltr'><strong>παρά</strong></span> <span class='ocrx_word' id='word_1_305' title='bbox 3154 1959 3253 2030; x_wconf 81' lang='grc' dir='ltr'>τῆς</span> <span class='ocrx_word' id='word_1_306' title='bbox 3281 1959 3504 2032; x_wconf 80' lang='grc' dir='ltr'>Γραφῆς</span> <span class='ocrx_word' id='word_1_307' title='bbox 3552 1959 3644 2028; x_wconf 66' lang='lat' dir='ltr'><strong>scp-</strong></span> 
     </span>
    </p>
   </div>
   <div class='ocr_carea' id='block_1_43' title="bbox 2067 2050 3384 2122">
    <p class='ocr_par' dir='ltr' id='par_1_43' title="bbox 2067 2050 3384 2122">
     <span class='ocr_line' id='line_1_43' title="bbox 2067 2050 3384 2122; baseline 0 -19"><span class='ocrx_word' id='word_1_308' title='bbox 2067 2050 2384 2122; x_wconf 77' lang='grc' dir='ltr'>αρμόζεται.</span> <span class='ocrx_word' id='word_1_309' title='bbox 3381 2071 3384 2074; x_wconf 94' lang='grc'>·</span> 
     </span>
    </p>
   </div>
   <div class='ocr_carea' id='block_1_44' title="bbox 386 2137 3640 2223">
    <p class='ocr_par' dir='ltr' id='par_1_44' title="bbox 386 2137 3640 2223">
     <span class='ocr_line' id='line_1_44' title="bbox 386 2137 3640 2223; baseline -0.001 -30"><span class='ocrx_word' id='word_1_310' title='bbox 386 2140 572 2206; x_wconf 85' lang='lat' dir='ltr'><strong>Pater,</strong></span> <span class='ocrx_word' id='word_1_311' title='bbox 613 2155 790 2209; x_wconf 89' lang='lat' dir='ltr'><strong>neque</strong></span> <span class='ocrx_word' id='word_1_312' title='bbox 821 2138 993 2194; x_wconf 81' lang='lat' dir='ltr'><strong>Filius</strong></span> <span class='ocrx_word' id='word_1_313' title='bbox 1032 2139 1234 2192; x_wconf 89' lang='lat' dir='ltr'><strong>dicitur</strong></span> <span class='ocrx_word' id='word_1_314' title='bbox 1281 2139 1521 2208; x_wconf 88' lang='lat' dir='ltr'><strong>Spiritus</strong></span> <span class='ocrx_word' id='word_1_315' title='bbox 1567 2149 1830 2205; x_wconf 89' lang='lat' dir='ltr'><strong>sanctus;</strong></span> <span class='ocrx_word' id='word_1_316' title='bbox 1867 2147 2063 2194; x_wconf 66' lang='lat' dir='ltr'><strong>caetera</strong></span> <span class='ocrx_word' id='word_1_317' title='bbox 2115 2155 2246 2195; x_wconf 86' lang='lat' dir='ltr'><strong>vero</strong></span> <span class='ocrx_word' id='word_1_318' title='bbox 2279 2139 2700 2209; x_wconf 86' lang='lat' dir='ltr'><strong>quibuscunque</strong></span> <span class='ocrx_word' id='word_1_319' title='bbox 2767 2140 3084 2196; x_wconf 88' lang='lat' dir='ltr'><strong>nominibus</strong></span> <span class='ocrx_word' id='word_1_320' title='bbox 3148 2137 3312 2223; x_wconf 79' lang='lat' dir='ltr'><strong>Pater</strong></span> <span class='ocrx_word' id='word_1_321' title='bbox 3350 2149 3404 2194; x_wconf 92' lang='lat' dir='ltr'><strong>et</strong></span> <span class='ocrx_word' id='word_1_322' title='bbox 3445 2137 3640 2193; x_wconf 70' lang='lat' dir='ltr'><strong>Filius</strong></span> 
     </span>
    </p>
   </div>
   <div class='ocr_carea' id='block_1_45' title="bbox 386 2231 2348 2305">
    <p class='ocr_par' dir='ltr' id='par_1_45' title="bbox 386 2231 2348 2305">
     <span class='ocr_line' id='line_1_45' title="bbox 386 2231 2348 2305; baseline 0.001 -19"><span class='ocrx_word' id='word_1_323' title='bbox 386 2234 756 2304; x_wconf 85' lang='lat' dir='ltr'><strong>appellantur,</strong></span> <span class='ocrx_word' id='word_1_324' title='bbox 788 2247 850 2288; x_wconf 82' lang='lat' dir='ltr'><strong>ea</strong></span> <span class='ocrx_word' id='word_1_325' title='bbox 885 2231 1111 2302; x_wconf 86' lang='lat' dir='ltr'><strong>Spiritui</strong></span> <span class='ocrx_word' id='word_1_326' title='bbox 1143 2247 1361 2302; x_wconf 88' lang='lat' dir='ltr'><strong>quoque</strong></span> <span class='ocrx_word' id='word_1_327' title='bbox 1393 2241 1585 2288; x_wconf 88' lang='lat' dir='ltr'><strong>sancto</strong></span> <span class='ocrx_word' id='word_1_328' title='bbox 1617 2248 1647 2287; x_wconf 90' lang='lat' dir='ltr'><strong>a</strong></span> <span class='ocrx_word' id='word_1_329' title='bbox 1677 2233 1961 2305; x_wconf 88' lang='lat' dir='ltr'><strong>Scriptura</strong></span> <span class='ocrx_word' id='word_1_330' title='bbox 2001 2235 2348 2305; x_wconf 84' lang='lat' dir='ltr'><strong>adaptantur.</strong></span> 
     </span>
    </p>
   </div>
   <div class='ocr_carea' id='block_1_46' title="bbox 456 2387 1960 2459">
    <p class='ocr_par' dir='ltr' id='par_1_46' title="bbox 456 2387 1960 2459">
     <span class='ocr_line' id='line_1_46' title="bbox 456 2387 1960 2459; baseline 0.001 -17"><span class='ocrx_word' id='word_1_331' title='bbox 456 2389 560 2445; x_wconf 85' lang='lat' dir='ltr'><strong>Per</strong></span> <span class='ocrx_word' id='word_1_332' title='bbox 606 2391 708 2444; x_wconf 90' lang='lat' dir='ltr'><strong>hoc</strong></span> <span class='ocrx_word' id='word_1_333' title='bbox 766 2389 931 2459; x_wconf 79' lang='lat' dir='ltr'><strong>igitur</strong></span> <span class='ocrx_word' id='word_1_334' title='bbox 979 2388 1472 2459; x_wconf 82' lang='lat' dir='ltr'><strong>deprehendimus,</strong></span> <span class='ocrx_word' id='word_1_335' title='bbox 1524 2388 1669 2458; x_wconf 88' lang='lat' dir='ltr'><strong>quod</strong></span> <span class='ocrx_word' id='word_1_336' title='bbox 1723 2387 1960 2459; x_wconf 89' lang='lat' dir='ltr'><strong>Spiritus</strong></span> 
     </span>
    </p>
   </div>
   <div class='ocr_carea' id='block_1_47' title="bbox 385 2480 1960 2554">
    <p class='ocr_par' dir='ltr' id='par_1_47' title="bbox 385 2480 1960 2554">
     <span class='ocr_line' id='line_1_47' title="bbox 385 2480 1960 2554; baseline -0.003 -13"><span class='ocrx_word' id='word_1_337' title='bbox 385 2494 610 2541; x_wconf 82' lang='lat' dir='ltr'><strong>sanctus</strong></span> <span class='ocrx_word' id='word_1_338' title='bbox 638 2493 720 2540; x_wconf 91' lang='lat' dir='ltr'><strong>est</strong></span> <span class='ocrx_word' id='word_1_339' title='bbox 743 2499 920 2554; x_wconf 74' lang='lat' dir='ltr'><strong>super</strong></span> <span class='ocrx_word' id='word_1_340' title='bbox 963 2490 1212 2537; x_wconf 86' lang='lat' dir='ltr'><strong>naturam</strong></span> <span class='ocrx_word' id='word_1_341' title='bbox 1246 2503 1258 2538; x_wconf 90' lang='lat'>:</span> <span class='ocrx_word' id='word_1_342' title='bbox 1296 2483 1554 2552; x_wconf 90' lang='lat' dir='ltr'><strong>quocirca</strong></span> <span class='ocrx_word' id='word_1_343' title='bbox 1596 2482 1686 2536; x_wconf 89' lang='lat' dir='ltr'><strong>ubi</strong></span> <span class='ocrx_word' id='word_1_344' title='bbox 1719 2480 1880 2536; x_wconf 89' lang='lat' dir='ltr'><strong>Pater</strong></span> <span class='ocrx_word' id='word_1_345' title='bbox 1907 2488 1960 2536; x_wconf 87' lang='lat' dir='ltr'><strong>et</strong></span> 
     </span>
    </p>
   </div>
   <div class='ocr_carea' id='block_1_48' title="bbox 387 2571 1952 2644">
    <p class='ocr_par' dir='ltr' id='par_1_48' title="bbox 387 2571 1952 2644">
     <span class='ocr_line' id='line_1_48' title="bbox 387 2571 1952 2644; baseline -0.005 -12"><span class='ocrx_word' id='word_1_346' title='bbox 387 2578 477 2632; x_wconf 93' lang='lat' dir='ltr'><strong>ubi</strong></span> <span class='ocrx_word' id='word_1_347' title='bbox 508 2575 680 2631; x_wconf 86' lang='lat' dir='ltr'><strong>Filius</strong></span> <span class='ocrx_word' id='word_1_348' title='bbox 719 2573 1058 2644; x_wconf 75' lang='lat' dir='ltr'><strong>intelligitur,</strong></span> <span class='ocrx_word' id='word_1_349' title='bbox 1097 2573 1168 2626; x_wconf 88' lang='lat' dir='ltr'><strong>ibi</strong></span> <span class='ocrx_word' id='word_1_350' title='bbox 1206 2571 1444 2641; x_wconf 91' lang='lat' dir='ltr'><strong>Spiritus</strong></span> <span class='ocrx_word' id='word_1_351' title='bbox 1484 2585 1701 2641; x_wconf 87' lang='lat' dir='ltr'><strong>quoque</strong></span> <span class='ocrx_word' id='word_1_352' title='bbox 1735 2577 1952 2626; x_wconf 88' lang='lat' dir='ltr'><strong>sanctus</strong></span> 
     </span>
    </p>
   </div>
   <div class='ocr_carea' id='block_1_49' title="bbox 385 2659 1960 2736">
    <p class='ocr_par' dir='ltr' id='par_1_49' title="bbox 385 2659 1960 2736">
     <span class='ocr_line' id='line_1_49' title="bbox 385 2659 1960 2736; baseline -0.006 -14"><span class='ocrx_word' id='word_1_353' title='bbox 385 2667 708 2736; x_wconf 80' lang='lat' dir='ltr'><strong>intelligitur</strong></span> <span class='ocrx_word' id='word_1_354' title='bbox 761 2684 774 2717; x_wconf 90' lang='lat'><strong>:</strong></span> <span class='ocrx_word' id='word_1_355' title='bbox 827 2679 952 2717; x_wconf 88' lang='lat' dir='ltr'><strong>nam</strong></span> <span class='ocrx_word' id='word_1_356' title='bbox 995 2678 1161 2732; x_wconf 88' lang='lat' dir='ltr'><strong>super</strong></span> <span class='ocrx_word' id='word_1_357' title='bbox 1208 2669 1462 2716; x_wconf 84' lang='lat' dir='ltr'><strong>naturam</strong></span> <span class='ocrx_word' id='word_1_358' title='bbox 1498 2660 1658 2714; x_wconf 84' lang='lat' dir='ltr'><strong>Pater</strong></span> <span class='ocrx_word' id='word_1_359' title='bbox 1698 2667 1752 2714; x_wconf 88' lang='lat' dir='ltr'><strong>et</strong></span> <span class='ocrx_word' id='word_1_360' title='bbox 1789 2659 1960 2713; x_wconf 88' lang='lat' dir='ltr'><strong>Filius</strong></span> 
     </span>
    </p>
   </div>
   <div class='ocr_carea' id='block_1_50' title="bbox 385 2750 1959 2828">
    <p class='ocr_par' dir='ltr' id='par_1_50' title="bbox 385 2750 1959 2828">
     <span class='ocr_line' id='line_1_50' title="bbox 385 2750 1959 2828; baseline -0.006 -14"><span class='ocrx_word' id='word_1_361' title='bbox 385 2768 493 2819; x_wconf 90' lang='lat' dir='ltr'><strong>est,</strong></span> <span class='ocrx_word' id='word_1_362' title='bbox 525 2757 671 2828; x_wconf 87' lang='lat' dir='ltr'><strong>quod</strong></span> <span class='ocrx_word' id='word_1_363' title='bbox 720 2756 952 2825; x_wconf 88' lang='lat' dir='ltr'><strong>Spiritui</strong></span> <span class='ocrx_word' id='word_1_364' title='bbox 993 2769 1212 2824; x_wconf 90' lang='lat' dir='ltr'><strong>quoque</strong></span> <span class='ocrx_word' id='word_1_365' title='bbox 1245 2754 1638 2822; x_wconf 85' lang='lat' dir='ltr'><strong>consequentia</strong></span> <span class='ocrx_word' id='word_1_366' title='bbox 1687 2750 1959 2806; x_wconf 86' lang='lat' dir='ltr'><strong>sermonis</strong></span> 
     </span>
    </p>
   </div>
   <div class='ocr_carea' id='block_1_51' title="bbox 385 2837 1955 2916">
    <p class='ocr_par' dir='ltr' id='par_1_51' title="bbox 385 2837 1955 2916">
     <span class='ocr_line' id='line_1_51' title="bbox 385 2837 1955 2916; baseline -0.006 -13"><span class='ocrx_word' id='word_1_367' title='bbox 385 2857 696 2903; x_wconf 86' lang='lat' dir='ltr'><strong>attestatur.</strong></span> <span class='ocrx_word' id='word_1_368' title='bbox 729 2846 832 2912; x_wconf 87' lang='lat' dir='ltr'><strong>Qui</strong></span> <span class='ocrx_word' id='word_1_369' title='bbox 862 2846 1026 2914; x_wconf 76' lang='lat' dir='ltr'><strong>igitur</strong></span> <span class='ocrx_word' id='word_1_370' title='bbox 1048 2861 1214 2916; x_wconf 89' lang='lat' dir='ltr'><strong>supra</strong></span> <span class='ocrx_word' id='word_1_371' title='bbox 1240 2837 1496 2899; x_wconf 88' lang='lat' dir='ltr'><strong>naturam</strong></span> <span class='ocrx_word' id='word_1_372' title='bbox 1531 2841 1794 2914; x_wconf 90' lang='lat' dir='ltr'><strong>Spiritum</strong></span> <span class='ocrx_word' id='word_1_373' title='bbox 1825 2858 1955 2898; x_wconf 87' lang='lat' dir='ltr'><strong>san-</strong></span> 
     </span>
    </p>
   </div>
   <div class='ocr_carea' id='block_1_52' title="bbox 2131 2381 3642 2461">
    <p class='ocr_par' dir='ltr' id='par_1_52' title="bbox 2131 2381 3642 2461">
     <span class='ocr_line' id='line_1_52' title="bbox 2131 2381 3642 2461; baseline 0.001 -21"><span class='ocrx_word' id='word_1_374' title='bbox 2131 2389 2229 2441; x_wconf 67' lang='grc' dir='ltr'>Διά</span> <span class='ocrx_word' id='word_1_375' title='bbox 2278 2387 2436 2441; x_wconf 87' lang='grc' dir='ltr'>τοῦτο</span> <span class='ocrx_word' id='word_1_376' title='bbox 2473 2381 2567 2441; x_wconf 78' lang='grc' dir='ltr'><strong>οῦν</strong></span> <span class='ocrx_word' id='word_1_377' title='bbox 2601 2388 3090 2461; x_wconf 79' lang='grc' dir='ltr'>καταλαμϐάνομεν</span> <span class='ocrx_word' id='word_1_378' title='bbox 3112 2391 3192 2444; x_wconf 79' lang='grc' dir='ltr'>ὅτι</span> <span class='ocrx_word' id='word_1_379' title='bbox 3233 2391 3349 2445; x_wconf 80' lang='grc' dir='ltr'>ἄνω</span> <span class='ocrx_word' id='word_1_380' title='bbox 3383 2390 3484 2460; x_wconf 82' lang='grc' dir='ltr'>τῆς</span> <span class='ocrx_word' id='word_1_381' title='bbox 3521 2392 3642 2444; x_wconf 85' lang='grc' dir='ltr'>κτί-</span> 
     </span>
    </p>
   </div>
   <div class='ocr_carea' id='block_1_53' title="bbox 2064 2481 3643 2557">
    <p class='ocr_par' dir='ltr' id='par_1_53' title="bbox 2064 2481 3643 2557">
     <span class='ocr_line' id='line_1_53' title="bbox 2064 2481 3643 2557; baseline 0.003 -24"><span class='ocrx_word' id='word_1_382' title='bbox 2064 2481 2200 2546; x_wconf 85' lang='grc' dir='ltr'>σεώς</span> <span class='ocrx_word' id='word_1_383' title='bbox 2239 2484 2354 2536; x_wconf 78' lang='grc' dir='ltr'>ἐστι</span> <span class='ocrx_word' id='word_1_384' title='bbox 2387 2481 2448 2534; x_wconf 90' lang='grc' dir='ltr'><strong>τὸ</strong></span> <span class='ocrx_word' id='word_1_385' title='bbox 2481 2481 2706 2553; x_wconf 87' lang='grc' dir='ltr'>Πνεῦμα</span> <span class='ocrx_word' id='word_1_386' title='bbox 2735 2482 2796 2536; x_wconf 89' lang='grc' dir='ltr'><strong>τὸ</strong></span> <span class='ocrx_word' id='word_1_387' title='bbox 2836 2481 3010 2552; x_wconf 82' lang='grc' dir='ltr'>ἆγιον-</span> <span class='ocrx_word' id='word_1_388' title='bbox 3051 2484 3246 2538; x_wconf 84' lang='grc' dir='ltr'>οὑκοῦν</span> <span class='ocrx_word' id='word_1_389' title='bbox 3290 2486 3422 2538; x_wconf 85' lang='grc' dir='ltr'>ὅπου</span> <span class='ocrx_word' id='word_1_390' title='bbox 3455 2485 3643 2557; x_wconf 75' lang='grc' dir='ltr'>Πατὴρ</span> 
     </span>
    </p>
   </div>
   <div class='ocr_carea' id='block_1_54' title="bbox 2065 2571 3644 2646">
    <p class='ocr_par' dir='ltr' id='par_1_54' title="bbox 2065 2571 3644 2646">
     <span class='ocr_line' id='line_1_54' title="bbox 2065 2571 3644 2646; baseline 0.002 -21"><span class='ocrx_word' id='word_1_391' title='bbox 2065 2573 2158 2625; x_wconf 77' lang='grc' dir='ltr'>καὶ</span> <span class='ocrx_word' id='word_1_392' title='bbox 2196 2571 2327 2624; x_wconf 83' lang='grc' dir='ltr'>ὅπου</span> <span class='ocrx_word' id='word_1_393' title='bbox 2352 2571 2480 2635; x_wconf 77' lang='grc' dir='ltr'>Υἱὸς</span> <span class='ocrx_word' id='word_1_394' title='bbox 2517 2576 2736 2637; x_wconf 82' lang='grc' dir='ltr'>νοεῖται,</span> <span class='ocrx_word' id='word_1_395' title='bbox 2763 2575 2879 2627; x_wconf 83' lang='grc' dir='ltr'>ἐκεῖ</span> <span class='ocrx_word' id='word_1_396' title='bbox 2901 2577 3100 2628; x_wconf 85' lang='grc' dir='ltr'>νοεῖται</span> <span class='ocrx_word' id='word_1_397' title='bbox 3124 2576 3215 2628; x_wconf 75' lang='grc' dir='ltr'>καὶ</span> <span class='ocrx_word' id='word_1_398' title='bbox 3241 2574 3300 2628; x_wconf 88' lang='grc' dir='ltr'><strong>τὸ</strong></span> <span class='ocrx_word' id='word_1_399' title='bbox 3333 2575 3556 2646; x_wconf 87' lang='grc' dir='ltr'>Πνεῦμα</span> <span class='ocrx_word' id='word_1_400' title='bbox 3582 2577 3644 2628; x_wconf 89' lang='grc' dir='ltr'><strong>τὸ</strong></span> 
     </span>
    </p>
   </div>
   <div class='ocr_carea' id='block_1_55' title="bbox 2067 2661 3646 2738">
    <p class='ocr_par' dir='ltr' id='par_1_55' title="bbox 2067 2661 3646 2738">
     <span class='ocr_line' id='line_1_55' title="bbox 2067 2661 3646 2738; baseline 0.004 -24"><span class='ocrx_word' id='word_1_401' title='bbox 2067 2661 2216 2730; x_wconf 82' lang='grc' dir='ltr'>ἅγιον</span> <span class='ocrx_word' id='word_1_402' title='bbox 2232 2680 2245 2693; x_wconf 91' lang='grc'><strong>·</strong></span> <span class='ocrx_word' id='word_1_403' title='bbox 2269 2663 2378 2717; x_wconf 82' lang='grc' dir='ltr'>ἄνω</span> <span class='ocrx_word' id='word_1_404' title='bbox 2399 2663 2507 2732; x_wconf 83' lang='grc' dir='ltr'><strong>γὰρ</strong></span> <span class='ocrx_word' id='word_1_405' title='bbox 2523 2665 2620 2734; x_wconf 85' lang='grc' dir='ltr'>τῆς</span> <span class='ocrx_word' id='word_1_406' title='bbox 2637 2666 2865 2731; x_wconf 84' lang='grc' dir='ltr'>κτίσεως</span> <span class='ocrx_word' id='word_1_407' title='bbox 2881 2669 2909 2718; x_wconf 84' lang='lat'><strong>6</strong></span> <span class='ocrx_word' id='word_1_408' title='bbox 2929 2667 3116 2738; x_wconf 83' lang='grc' dir='ltr'>Πατὴρ</span> <span class='ocrx_word' id='word_1_409' title='bbox 3128 2667 3370 2733; x_wconf 79' lang='grc' dir='ltr'>καὶΥἱὸς,</span> <span class='ocrx_word' id='word_1_410' title='bbox 3386 2669 3523 2738; x_wconf 84' lang='grc' dir='ltr'>ὅπερ</span> <span class='ocrx_word' id='word_1_411' title='bbox 3548 2671 3646 2722; x_wconf 76' lang='grc' dir='ltr'>καὶ</span> 
     </span>
    </p>
   </div>
   <div class='ocr_carea' id='block_1_56' title="bbox 2062 2753 3646 2829">
    <p class='ocr_par' dir='ltr' id='par_1_56' title="bbox 2062 2753 3646 2829">
     <span class='ocr_line' id='line_1_56' title="bbox 2062 2753 3646 2829; baseline 0.003 -23"><span class='ocrx_word' id='word_1_412' title='bbox 2062 2753 2142 2823; x_wconf 84' lang='grc' dir='ltr'>τῷ</span> <span class='ocrx_word' id='word_1_413' title='bbox 2169 2753 2305 2823; x_wconf 83' lang='grc' dir='ltr'>ἁγίῳ</span> <span class='ocrx_word' id='word_1_414' title='bbox 2328 2754 2606 2825; x_wconf 83' lang='grc' dir='ltr'>Πνεὺματι</span> <span class='ocrx_word' id='word_1_415' title='bbox 2638 2759 2669 2826; x_wconf 81' lang='grc' dir='ltr'>ἡ</span> <span class='ocrx_word' id='word_1_416' title='bbox 2699 2757 2988 2811; x_wconf 83' lang='grc' dir='ltr'>ἀκολουθία</span> <span class='ocrx_word' id='word_1_417' title='bbox 3018 2757 3110 2811; x_wconf 89' lang='grc' dir='ltr'><strong>τοῦ</strong></span> <span class='ocrx_word' id='word_1_418' title='bbox 3140 2757 3296 2826; x_wconf 83' lang='grc' dir='ltr'>λόγου</span> <span class='ocrx_word' id='word_1_419' title='bbox 3330 2774 3646 2829; x_wconf 76' lang='grc' dir='ltr'>προσεμαρ-</span> 
     </span>
    </p>
   </div>
   <div class='ocr_carea' id='block_1_57' title="bbox 2062 2845 3644 2921">
    <p class='ocr_par' dir='ltr' id='par_1_57' title="bbox 2062 2845 3644 2921">
     <span class='ocr_line' id='line_1_57' title="bbox 2062 2845 3644 2921; baseline 0.004 -24"><span class='ocrx_word' id='word_1_420' title='bbox 2062 2845 2319 2915; x_wconf 82' lang='grc' dir='ltr'>τύρησεν.</span> <span class='ocrx_word' id='word_1_421' title='bbox 2351 2847 2409 2898; x_wconf 86' lang='lat'><strong>&#39;0</strong></span> <span class='ocrx_word' id='word_1_422' title='bbox 2437 2847 2613 2900; x_wconf 89' lang='grc' dir='ltr'>τοίνυν</span> <span class='ocrx_word' id='word_1_423' title='bbox 2637 2849 2946 2920; x_wconf 72' lang='grc' dir='ltr'>ὑπερτιθεὶς</span> <span class='ocrx_word' id='word_1_424' title='bbox 2967 2849 3064 2921; x_wconf 86' lang='grc' dir='ltr'><strong>τῆς</strong></span> <span class='ocrx_word' id='word_1_425' title='bbox 3091 2850 3317 2913; x_wconf 81' lang='grc' dir='ltr'>κτίσεως</span> <span class='ocrx_word' id='word_1_426' title='bbox 3342 2850 3401 2903; x_wconf 84' lang='grc' dir='ltr'><strong>τὸ</strong></span> <span class='ocrx_word' id='word_1_427' title='bbox 3422 2850 3644 2921; x_wconf 87' lang='grc' dir='ltr'>Πνεῦμα</span> 
     </span>
    </p>
   </div>
   <div class='ocr_carea' id='block_1_58' title="bbox 386 2929 1958 3016">
    <p class='ocr_par' dir='ltr' id='par_1_58' title="bbox 386 2929 1956 3009">
     <span class='ocr_line' id='line_1_58' title="bbox 386 2929 1956 3009; baseline -0.004 -16"><span class='ocrx_word' id='word_1_428' title='bbox 386 2949 533 2993; x_wconf 89' lang='lat' dir='ltr'><strong>ctum</strong></span> <span class='ocrx_word' id='word_1_429' title='bbox 571 2939 743 3008; x_wconf 88' lang='lat' dir='ltr'><strong>ponit,</strong></span> <span class='ocrx_word' id='word_1_430' title='bbox 773 2943 1176 3009; x_wconf 90' lang='lat' dir='ltr'><strong>consequenter</strong></span> <span class='ocrx_word' id='word_1_431' title='bbox 1207 2946 1260 2992; x_wconf 92' lang='lat' dir='ltr'><strong>ct</strong></span> <span class='ocrx_word' id='word_1_432' title='bbox 1288 2929 1499 2991; x_wconf 82' lang='lat' dir='ltr'><strong>rectum</strong></span> <span class='ocrx_word' id='word_1_433' title='bbox 1534 2944 1586 2990; x_wconf 91' lang='lat' dir='ltr'><strong>et</strong></span> <span class='ocrx_word' id='word_1_434' title='bbox 1629 2950 1825 2991; x_wconf 90' lang='lat' dir='ltr'><strong>sanum</strong></span> <span class='ocrx_word' id='word_1_435' title='bbox 1866 2949 1956 2988; x_wconf 87' lang='lat' dir='ltr'><strong>ac-</strong></span> 
     </span>
    </p>
   </div>
   <div class='ocr_carea' id='block_1_59' title="bbox 2062 2929 3646 3016">
    <p class='ocr_par' dir='ltr' id='par_1_59' title="bbox 2066 2938 3646 3016">
     <span class='ocr_line' id='line_1_59' title="bbox 2066 2938 3646 3016; baseline 0.005 -27"><span class='ocrx_word' id='word_1_436' title='bbox 2066 2938 2123 2990; x_wconf 90' lang='grc' dir='ltr'><strong>τὸ</strong></span> <span class='ocrx_word' id='word_1_437' title='bbox 2155 2938 2330 3006; x_wconf 80' lang='grc' dir='ltr'>ἆγιον,</span> <span class='ocrx_word' id='word_1_438' title='bbox 2351 2939 2658 3005; x_wconf 78' lang='grc' dir='ltr'>ἀκολούθως</span> <span class='ocrx_word' id='word_1_439' title='bbox 2681 2939 2770 2996; x_wconf 83' lang='grc' dir='ltr'><strong>τὸν</strong></span> <span class='ocrx_word' id='word_1_440' title='bbox 2795 2943 2951 3014; x_wconf 86' lang='grc' dir='ltr'>ὀρθόν</span> <span class='ocrx_word' id='word_1_441' title='bbox 2972 2962 3030 2998; x_wconf 88' lang='grc' dir='ltr'><strong>τε</strong></span> <span class='ocrx_word' id='word_1_442' title='bbox 3053 2945 3146 2998; x_wconf 77' lang='grc' dir='ltr'><strong>καὶ</strong></span> <span class='ocrx_word' id='word_1_443' title='bbox 3173 2946 3300 3016; x_wconf 80' lang='grc' dir='ltr'>ὑγιῆ</span> <span class='ocrx_word' id='word_1_444' title='bbox 3315 2944 3646 3016; x_wconf 79' lang='grc' dir='ltr'>παρεδέξατο</span> 
     </span>
    </p>
   </div>
   <div class='ocr_carea' id='block_1_60' title="bbox 386 3015 1960 3100">
    <p class='ocr_par' dir='ltr' id='par_1_60' title="bbox 386 3015 1960 3100">
     <span class='ocr_line' id='line_1_60' title="bbox 386 3015 1960 3100; baseline -0.001 -15"><span class='ocrx_word' id='word_1_445' title='bbox 386 3032 529 3100; x_wconf 81' lang='lat' dir='ltr'><strong>cepit</strong></span> <span class='ocrx_word' id='word_1_446' title='bbox 552 3046 862 3085; x_wconf 87' lang='lat' dir='ltr'><strong>sermonem</strong></span> <span class='ocrx_word' id='word_1_447' title='bbox 892 3040 946 3084; x_wconf 85' lang='lat' dir='ltr'><strong>et</strong></span> <span class='ocrx_word' id='word_1_448' title='bbox 975 3030 1310 3100; x_wconf 84' lang='lat' dir='ltr'><strong>opiniOnem.</strong></span> <span class='ocrx_word' id='word_1_449' title='bbox 1345 3015 1520 3082; x_wconf 86' lang='lat' dir='ltr'><strong>Unam</strong></span> <span class='ocrx_word' id='word_1_450' title='bbox 1552 3029 1697 3083; x_wconf 89' lang='lat' dir='ltr'><strong>enim</strong></span> <span class='ocrx_word' id='word_1_451' title='bbox 1729 3027 1960 3083; x_wconf 88' lang='lat' dir='ltr'><strong>conﬁte-</strong></span> 
     </span>
    </p>
   </div>
   <div class='ocr_carea' id='block_1_61' title="bbox 385 3119 1960 3189">
    <p class='ocr_par' dir='ltr' id='par_1_61' title="bbox 385 3119 1960 3189">
     <span class='ocr_line' id='line_1_61' title="bbox 385 3119 1960 3189; baseline -0.002 -13"><span class='ocrx_word' id='word_1_452' title='bbox 385 3123 534 3176; x_wconf 82' lang='lat' dir='ltr'><strong>bitur</strong></span> <span class='ocrx_word' id='word_1_453' title='bbox 568 3129 817 3176; x_wconf 88' lang='lat' dir='ltr'><strong>naturam</strong></span> <span class='ocrx_word' id='word_1_454' title='bbox 860 3136 969 3176; x_wconf 88' lang='lat' dir='ltr'><strong>non</strong></span> <span class='ocrx_word' id='word_1_455' title='bbox 1022 3128 1290 3185; x_wconf 85' lang='lat' dir='ltr'><strong>creatam,</strong></span> <span class='ocrx_word' id='word_1_456' title='bbox 1349 3133 1469 3189; x_wconf 62' lang='lat' dir='ltr'><strong>quae</strong></span> <span class='ocrx_word' id='word_1_457' title='bbox 1511 3127 1565 3174; x_wconf 88' lang='lat' dir='ltr'><strong>et</strong></span> <span class='ocrx_word' id='word_1_458' title='bbox 1607 3119 1660 3173; x_wconf 90' lang='lat' dir='ltr'><strong>in</strong></span> <span class='ocrx_word' id='word_1_459' title='bbox 1695 3119 1854 3174; x_wconf 85' lang='lat' dir='ltr'><strong>Patre</strong></span> <span class='ocrx_word' id='word_1_460' title='bbox 1905 3127 1960 3174; x_wconf 84' lang='lat' dir='ltr'><strong>et</strong></span> 
     </span>
    </p>
   </div>
   <div class='ocr_carea' id='block_1_62' title="bbox 385 3210 1962 3286">
    <p class='ocr_par' dir='ltr' id='par_1_62' title="bbox 385 3210 1962 3286">
     <span class='ocr_line' id='line_1_62' title="bbox 385 3210 1962 3286; baseline -0.003 -17"><span class='ocrx_word' id='word_1_461' title='bbox 385 3214 522 3270; x_wconf 84' lang='lat' dir='ltr'><strong>Filio</strong></span> <span class='ocrx_word' id='word_1_462' title='bbox 547 3223 598 3270; x_wconf 90' lang='lat' dir='ltr'><strong>et</strong></span> <span class='ocrx_word' id='word_1_463' title='bbox 629 3215 838 3286; x_wconf 89' lang='lat' dir='ltr'><strong>Spiritu</strong></span> <span class='ocrx_word' id='word_1_464' title='bbox 877 3221 1070 3269; x_wconf 87' lang='lat' dir='ltr'><strong>sancto</strong></span> <span class='ocrx_word' id='word_1_465' title='bbox 1106 3213 1512 3269; x_wconf 87' lang='lat' dir='ltr'><strong>consideratur.</strong></span> <span class='ocrx_word' id='word_1_466' title='bbox 1555 3210 1824 3278; x_wconf 85' lang='lat' dir='ltr'><strong>Quoniam</strong></span> <span class='ocrx_word' id='word_1_467' title='bbox 1871 3227 1962 3265; x_wconf 87' lang='lat' dir='ltr'><strong>au-</strong></span> 
     </span>
    </p>
   </div>
   <div class='ocr_carea' id='block_1_63' title="bbox 382 3301 1959 3375">
    <p class='ocr_par' dir='ltr' id='par_1_63' title="bbox 382 3301 1959 3375">
     <span class='ocr_line' id='line_1_63' title="bbox 382 3301 1959 3375; baseline -0.004 -9"><span class='ocrx_word' id='word_1_468' title='bbox 382 3320 490 3366; x_wconf 88' lang='lat' dir='ltr'><strong>tem</strong></span> <span class='ocrx_word' id='word_1_469' title='bbox 521 3311 588 3364; x_wconf 90' lang='lat' dir='ltr'><strong>ad</strong></span> <span class='ocrx_word' id='word_1_470' title='bbox 619 3307 1132 3372; x_wconf 87' lang='lat' dir='ltr'><strong>demonstrandum,</strong></span> <span class='ocrx_word' id='word_1_471' title='bbox 1171 3314 1232 3360; x_wconf 89' lang='lat' dir='ltr'><strong>ut</strong></span> <span class='ocrx_word' id='word_1_472' title='bbox 1277 3314 1492 3375; x_wconf 88' lang='lat' dir='ltr'><strong>putant,</strong></span> <span class='ocrx_word' id='word_1_473' title='bbox 1539 3305 1682 3374; x_wconf 90' lang='lat' dir='ltr'><strong>quod</strong></span> <span class='ocrx_word' id='word_1_474' title='bbox 1722 3301 1959 3374; x_wconf 89' lang='lat' dir='ltr'><strong>Spiritus</strong></span> 
     </span>
    </p>
   </div>
   <div class='ocr_carea' id='block_1_64' title="bbox 385 3395 1962 3468">
    <p class='ocr_par' dir='ltr' id='par_1_64' title="bbox 385 3395 1962 3468">
     <span class='ocr_line' id='line_1_64' title="bbox 385 3395 1962 3468; baseline -0.004 -12"><span class='ocrx_word' id='word_1_475' title='bbox 385 3409 610 3456; x_wconf 86' lang='lat' dir='ltr'><strong>sanctus</strong></span> <span class='ocrx_word' id='word_1_476' title='bbox 644 3411 863 3454; x_wconf 88' lang='lat' dir='ltr'><strong>creatus</strong></span> <span class='ocrx_word' id='word_1_477' title='bbox 898 3400 992 3462; x_wconf 89' lang='lat' dir='ltr'><strong>sit,</strong></span> <span class='ocrx_word' id='word_1_478' title='bbox 1029 3398 1310 3468; x_wconf 68' lang='lat' dir='ltr'><strong>propheta:</strong></span> <span class='ocrx_word' id='word_1_479' title='bbox 1343 3411 1531 3450; x_wconf 86' lang='lat' dir='ltr'><strong>vocem</strong></span> <span class='ocrx_word' id='word_1_480' title='bbox 1580 3396 1736 3450; x_wconf 90' lang='lat' dir='ltr'><strong>nobis</strong></span> <span class='ocrx_word' id='word_1_481' title='bbox 1787 3395 1962 3465; x_wconf 82' lang='lat' dir='ltr'><strong>profe-</strong></span> 
     </span>
    </p>
   </div>
   <div class='ocr_carea' id='block_1_65' title="bbox 384 3486 1962 3560">
    <p class='ocr_par' dir='ltr' id='par_1_65' title="bbox 384 3486 1962 3560">
     <span class='ocr_line' id='line_1_65' title="bbox 384 3486 1962 3560; baseline -0.004 -15"><span class='ocrx_word' id='word_1_482' title='bbox 384 3501 534 3558; x_wconf 89' lang='lat' dir='ltr'><strong>rtmt,</strong></span> <span class='ocrx_word' id='word_1_483' title='bbox 585 3505 708 3560; x_wconf 67' lang='lat' dir='ltr'><strong>quin</strong></span> <span class='ocrx_word' id='word_1_484' title='bbox 759 3491 832 3542; x_wconf 91' lang='lat' dir='ltr'><strong>ita</strong></span> <span class='ocrx_word' id='word_1_485' title='bbox 873 3488 1036 3542; x_wconf 87' lang='lat' dir='ltr'><strong>habet</strong></span> <span class='ocrx_word' id='word_1_486' title='bbox 1072 3507 1083 3541; x_wconf 91' lang='lat'>:</span> <span class='ocrx_word' id='word_1_487' title='bbox 1121 3506 1139 3538; x_wconf 78' lang='grc' dir='ltr'><strong>ι</strong></span> <span class='ocrx_word' id='word_1_488' title='bbox 1173 3486 1276 3552; x_wconf 87' lang='lat' dir='ltr'><strong>Qui</strong></span> <span class='ocrx_word' id='word_1_489' title='bbox 1320 3486 1502 3540; x_wconf 91' lang='lat' dir='ltr'><strong>ﬁrmat</strong></span> <span class='ocrx_word' id='word_1_490' title='bbox 1544 3487 1871 3550; x_wconf 91' lang='lat' dir='ltr'><strong>tonitruum,</strong></span> <span class='ocrx_word' id='word_1_491' title='bbox 1907 3495 1962 3541; x_wconf 90' lang='lat' dir='ltr'><strong>et</strong></span> 
     </span>
    </p>
   </div>
   <div class='ocr_carea' id='block_1_66' title="bbox 385 3576 1963 3650">
    <p class='ocr_par' dir='ltr' id='par_1_66' title="bbox 385 3576 1963 3650">
     <span class='ocr_line' id='line_1_66' title="bbox 385 3576 1963 3650; baseline -0.005 -12"><span class='ocrx_word' id='word_1_492' title='bbox 385 3593 534 3639; x_wconf 87' lang='lat' dir='ltr'><strong>creat</strong></span> <span class='ocrx_word' id='word_1_493' title='bbox 588 3582 867 3650; x_wconf 88' lang='lat' dir='ltr'><strong>spiritum,</strong></span> <span class='ocrx_word' id='word_1_494' title='bbox 919 3589 972 3633; x_wconf 91' lang='lat' dir='ltr'><strong>et</strong></span> <span class='ocrx_word' id='word_1_495' title='bbox 1014 3578 1305 3632; x_wconf 88' lang='lat' dir='ltr'><strong>annuntiat</strong></span> <span class='ocrx_word' id='word_1_496' title='bbox 1354 3579 1406 3631; x_wconf 92' lang='lat' dir='ltr'><strong>in</strong></span> <span class='ocrx_word' id='word_1_497' title='bbox 1459 3577 1772 3632; x_wconf 89' lang='lat' dir='ltr'><strong>hominibus</strong></span> <span class='ocrx_word' id='word_1_498' title='bbox 1811 3576 1963 3631; x_wconf 90' lang='lat' dir='ltr'><strong>Chri-</strong></span> 
     </span>
    </p>
   </div>
   <div class='ocr_carea' id='block_1_67' title="bbox 385 3668 1958 3741">
    <p class='ocr_par' dir='ltr' id='par_1_67' title="bbox 385 3668 1958 3741">
     <span class='ocr_line' id='line_1_67' title="bbox 385 3668 1958 3741; baseline -0.004 -12"><span class='ocrx_word' id='word_1_499' title='bbox 385 3685 527 3729; x_wconf 85' lang='lat' dir='ltr'><strong>stum</strong></span> <span class='ocrx_word' id='word_1_500' title='bbox 553 3687 712 3726; x_wconf 89' lang='lat' dir='ltr'><strong>suum</strong></span> <span class='ocrx_word' id='word_1_501' title='bbox 743 3671 785 3702; x_wconf 83' lang='grc'><strong>¹³</strong></span> <span class='ocrx_word' id='word_1_502' title='bbox 814 3687 826 3722; x_wconf 88' lang='lat'>:</span> <span class='ocrx_word' id='word_1_503' title='bbox 855 3689 872 3722; x_wconf 74' lang='grc' dir='ltr'><strong>ι</strong></span> <span class='ocrx_word' id='word_1_504' title='bbox 896 3670 997 3724; x_wconf 89' lang='lat' dir='ltr'><strong>hoc</strong></span> <span class='ocrx_word' id='word_1_505' title='bbox 1024 3669 1277 3724; x_wconf 82' lang='lat' dir='ltr'><strong>convenit</strong></span> <span class='ocrx_word' id='word_1_506' title='bbox 1301 3669 1603 3741; x_wconf 84' lang='lat' dir='ltr'><strong>intelligere</strong></span> <span class='ocrx_word' id='word_1_507' title='bbox 1625 3668 1768 3740; x_wconf 90' lang='lat' dir='ltr'><strong>quod</strong></span> <span class='ocrx_word' id='word_1_508' title='bbox 1793 3669 1958 3724; x_wconf 86' lang='lat' dir='ltr'><strong>alium</strong></span> 
     </span>
    </p>
   </div>
   <div class='ocr_carea' id='block_1_68' title="bbox 385 3761 1957 3835">
    <p class='ocr_par' dir='ltr' id='par_1_68' title="bbox 385 3761 1957 3835">
     <span class='ocr_line' id='line_1_68' title="bbox 385 3761 1957 3835; baseline -0.004 -15"><span class='ocrx_word' id='word_1_509' title='bbox 385 3767 640 3835; x_wconf 89' lang='lat' dir='ltr'><strong>spiritum</strong></span> <span class='ocrx_word' id='word_1_510' title='bbox 689 3763 744 3817; x_wconf 85' lang='lat' dir='ltr'><strong>in</strong></span> <span class='ocrx_word' id='word_1_511' title='bbox 802 3762 1140 3817; x_wconf 90' lang='lat' dir='ltr'><strong>ﬁrmitudine</strong></span> <span class='ocrx_word' id='word_1_512' title='bbox 1187 3763 1415 3816; x_wconf 89' lang='lat' dir='ltr'><strong>tonitrui</strong></span> <span class='ocrx_word' id='word_1_513' title='bbox 1472 3761 1737 3832; x_wconf 86' lang='lat' dir='ltr'><strong>propheta</strong></span> <span class='ocrx_word' id='word_1_514' title='bbox 1784 3762 1957 3817; x_wconf 90' lang='lat' dir='ltr'><strong>creari</strong></span> 
     </span>
    </p>
   </div>
   <div class='ocr_carea' id='block_1_69' title="bbox 384 3854 1957 3924">
    <p class='ocr_par' dir='ltr' id='par_1_69' title="bbox 384 3854 1957 3924">
     <span class='ocr_line' id='line_1_69' title="bbox 384 3854 1957 3924; baseline -0.004 -12"><span class='ocrx_word' id='word_1_515' title='bbox 384 3857 541 3922; x_wconf 90' lang='lat' dir='ltr'><strong>dicit,</strong></span> <span class='ocrx_word' id='word_1_516' title='bbox 583 3868 635 3910; x_wconf 90' lang='lat' dir='ltr'><strong>et</strong></span> <span class='ocrx_word' id='word_1_517' title='bbox 673 3871 782 3910; x_wconf 90' lang='lat' dir='ltr'><strong>non</strong></span> <span class='ocrx_word' id='word_1_518' title='bbox 819 3854 1080 3924; x_wconf 72' lang='lat' dir='ltr'><strong>Spiritum</strong></span> <span class='ocrx_word' id='word_1_519' title='bbox 1119 3862 1369 3909; x_wconf 87' lang='lat' dir='ltr'><strong>sanctum</strong></span> <span class='ocrx_word' id='word_1_520' title='bbox 1409 3873 1436 3907; x_wconf 54' lang='lat'><strong>:»</strong></span> <span class='ocrx_word' id='word_1_521' title='bbox 1467 3855 1768 3907; x_wconf 88' lang='lat' dir='ltr'><strong>tonitruum</strong></span> <span class='ocrx_word' id='word_1_522' title='bbox 1815 3854 1957 3908; x_wconf 90' lang='lat' dir='ltr'><strong>enim</strong></span> 
     </span>
    </p>
   </div>
   <div class='ocr_carea' id='block_1_70' title="bbox 385 3944 1961 4022">
    <p class='ocr_par' dir='ltr' id='par_1_70' title="bbox 385 3944 1961 4022">
     <span class='ocr_line' id='line_1_70' title="bbox 385 3944 1961 4022; baseline -0.003 -20"><span class='ocrx_word' id='word_1_523' title='bbox 385 3949 652 4022; x_wconf 79' lang='lat' dir='ltr'><strong>mysticus</strong></span> <span class='ocrx_word' id='word_1_524' title='bbox 695 3962 877 4004; x_wconf 91' lang='lat' dir='ltr'><strong>sermo</strong></span> <span class='ocrx_word' id='word_1_525' title='bbox 915 3945 1264 4017; x_wconf 75' lang='lat' dir='ltr'><strong>Evangelium</strong></span> <span class='ocrx_word' id='word_1_526' title='bbox 1299 3947 1567 3999; x_wconf 90' lang='lat' dir='ltr'><strong>nominat.</strong></span> <span class='ocrx_word' id='word_1_527' title='bbox 1605 3944 1818 4010; x_wconf 87' lang='lat' dir='ltr'><strong>Quibus</strong></span> <span class='ocrx_word' id='word_1_528' title='bbox 1860 3944 1961 4015; x_wconf 82' lang='lat' dir='ltr'><strong>igi-</strong></span> 
     </span>
    </p>
   </div>
   <div class='ocr_carea' id='block_1_71' title="bbox 386 4038 1963 4109">
    <p class='ocr_par' dir='ltr' id='par_1_71' title="bbox 386 4038 1963 4109">
     <span class='ocr_line' id='line_1_71' title="bbox 386 4038 1963 4109; baseline -0.003 -12"><span class='ocrx_word' id='word_1_529' title='bbox 386 4038 660 4097; x_wconf 88' lang='lat' dir='ltr'><strong>tur&#39;ﬁrma</strong></span> <span class='ocrx_word' id='word_1_530' title='bbox 692 4055 756 4095; x_wconf 89' lang='lat' dir='ltr'><strong>ac</strong></span> <span class='ocrx_word' id='word_1_531' title='bbox 787 4040 1003 4095; x_wconf 89' lang='lat' dir='ltr'><strong>stabilis</strong></span> <span class='ocrx_word' id='word_1_532' title='bbox 1040 4039 1107 4095; x_wconf 90' lang='lat' dir='ltr'><strong>de</strong></span> <span class='ocrx_word' id='word_1_533' title='bbox 1155 4038 1446 4109; x_wconf 77' lang='lat' dir='ltr'><strong>Evangelio</strong></span> <span class='ocrx_word' id='word_1_534' title='bbox 1483 4038 1540 4090; x_wconf 91' lang='lat' dir='ltr'><strong>ﬁt</strong></span> <span class='ocrx_word' id='word_1_535' title='bbox 1571 4038 1726 4102; x_wconf 89' lang='lat' dir='ltr'><strong>ﬁdes,</strong></span> <span class='ocrx_word' id='word_1_536' title='bbox 1772 4038 1823 4091; x_wconf 92' lang='lat' dir='ltr'><strong>hi</strong></span> <span class='ocrx_word' id='word_1_537' title='bbox 1867 4054 1963 4108; x_wconf 87' lang='lat' dir='ltr'><strong>per</strong></span> 
     </span>
    </p>
   </div>
   <div class='ocr_carea' id='block_1_72' title="bbox 389 4127 1963 4199">
    <p class='ocr_par' dir='ltr' id='par_1_72' title="bbox 389 4127 1963 4199">
     <span class='ocr_line' id='line_1_72' title="bbox 389 4127 1963 4199; baseline -0.002 -15"><span class='ocrx_word' id='word_1_538' title='bbox 389 4134 551 4188; x_wconf 73' lang='lat' dir='ltr'><strong>ﬁdem</strong></span> <span class='ocrx_word' id='word_1_539' title='bbox 586 4139 873 4186; x_wconf 84' lang='lat' dir='ltr'><strong>transeunt</strong></span> <span class='ocrx_word' id='word_1_540' title='bbox 895 4130 963 4184; x_wconf 88' lang='lat' dir='ltr'><strong>ab</strong></span> <span class='ocrx_word' id='word_1_541' title='bbox 992 4145 1056 4184; x_wconf 90' lang='lat' dir='ltr'><strong>eo</strong></span> <span class='ocrx_word' id='word_1_542' title='bbox 1087 4129 1233 4199; x_wconf 89' lang='lat' dir='ltr'><strong>quod</strong></span> <span class='ocrx_word' id='word_1_543' title='bbox 1264 4144 1460 4182; x_wconf 88' lang='lat' dir='ltr'><strong>carnes</strong></span> <span class='ocrx_word' id='word_1_544' title='bbox 1484 4135 1636 4192; x_wconf 86' lang='lat' dir='ltr'><strong>sunt,</strong></span> <span class='ocrx_word' id='word_1_545' title='bbox 1669 4127 1732 4182; x_wconf 89' lang='lat' dir='ltr'><strong>ad</strong></span> <span class='ocrx_word' id='word_1_546' title='bbox 1775 4128 1877 4198; x_wconf 75' lang='lat' dir='ltr'><strong>hoc</strong></span> <span class='ocrx_word' id='word_1_547' title='bbox 1905 4137 1963 4182; x_wconf 88' lang='lat' dir='ltr'><strong>ut</strong></span> 
     </span>
    </p>
   </div>
   <div class='ocr_carea' id='block_1_73' title="bbox 384 4218 1956 4296">
    <p class='ocr_par' dir='ltr' id='par_1_73' title="bbox 384 4218 1956 4296">
     <span class='ocr_line' id='line_1_73' title="bbox 384 4218 1956 4296; baseline -0.004 -14"><span class='ocrx_word' id='word_1_548' title='bbox 384 4227 609 4296; x_wconf 70' lang='lat' dir='ltr'><strong>spiritus</strong></span> <span class='ocrx_word' id='word_1_549' title='bbox 693 4223 844 4289; x_wconf 91' lang='lat' dir='ltr'><strong>ﬁant,</strong></span> <span class='ocrx_word' id='word_1_550' title='bbox 915 4222 1373 4295; x_wconf 86' lang='lat' dir='ltr'><strong>quemadmodum</strong></span> <span class='ocrx_word' id='word_1_551' title='bbox 1447 4221 1581 4274; x_wconf 90' lang='lat' dir='ltr'><strong>dicit</strong></span> <span class='ocrx_word' id='word_1_552' title='bbox 1662 4218 1956 4276; x_wconf 88' lang='lat' dir='ltr'><strong>Dominus:</strong></span> 
     </span>
    </p>
   </div>
   <div class='ocr_carea' id='block_1_74' title="bbox 387 4312 1959 4384">
    <p class='ocr_par' dir='ltr' id='par_1_74' title="bbox 387 4312 1959 4384">
     <span class='ocr_line' id='line_1_74' title="bbox 387 4312 1959 4384; baseline -0.002 -16"><span class='ocrx_word' id='word_1_553' title='bbox 387 4337 405 4368; x_wconf 76' lang='grc' dir='ltr'><strong>ι</strong></span> <span class='ocrx_word' id='word_1_554' title='bbox 435 4318 588 4384; x_wconf 81' lang='lat' dir='ltr'><strong>Quod</strong></span> <span class='ocrx_word' id='word_1_555' title='bbox 609 4325 795 4372; x_wconf 84' lang='lat' dir='ltr'><strong>natum</strong></span> <span class='ocrx_word' id='word_1_556' title='bbox 815 4326 899 4373; x_wconf 92' lang='lat' dir='ltr'><strong>est</strong></span> <span class='ocrx_word' id='word_1_557' title='bbox 919 4333 982 4372; x_wconf 85' lang='lat' dir='ltr'><strong>cx</strong></span> <span class='ocrx_word' id='word_1_558' title='bbox 1008 4331 1194 4378; x_wconf 89' lang='lat' dir='ltr'><strong>carne,</strong></span> <span class='ocrx_word' id='word_1_559' title='bbox 1220 4330 1350 4368; x_wconf 87' lang='lat' dir='ltr'><strong>caro</strong></span> <span class='ocrx_word' id='word_1_560' title='bbox 1378 4321 1481 4377; x_wconf 85' lang='lat' dir='ltr'><strong>est,</strong></span> <span class='ocrx_word' id='word_1_561' title='bbox 1515 4322 1568 4368; x_wconf 89' lang='lat' dir='ltr'><strong>et</strong></span> <span class='ocrx_word' id='word_1_562' title='bbox 1597 4312 1741 4383; x_wconf 90' lang='lat' dir='ltr'><strong>quod</strong></span> <span class='ocrx_word' id='word_1_563' title='bbox 1774 4321 1959 4366; x_wconf 88' lang='lat' dir='ltr'><strong>natum</strong></span> 
     </span>
    </p>
   </div>
   <div class='ocr_carea' id='block_1_75' title="bbox 382 4407 1959 4481">
    <p class='ocr_par' dir='ltr' id='par_1_75' title="bbox 382 4407 1959 4481">
     <span class='ocr_line' id='line_1_75' title="bbox 382 4407 1959 4481; baseline -0.001 -19"><span class='ocrx_word' id='word_1_564' title='bbox 382 4420 467 4464; x_wconf 86' lang='lat' dir='ltr'><strong>est</strong></span> <span class='ocrx_word' id='word_1_565' title='bbox 499 4425 565 4464; x_wconf 74' lang='lat' dir='ltr'><strong>ex</strong></span> <span class='ocrx_word' id='word_1_566' title='bbox 605 4410 834 4481; x_wconf 75' lang='lat' dir='ltr'><strong>Spiritu,</strong></span> <span class='ocrx_word' id='word_1_567' title='bbox 856 4410 1084 4480; x_wconf 87' lang='lat' dir='ltr'><strong>spiritus</strong></span> <span class='ocrx_word' id='word_1_568' title='bbox 1114 4416 1196 4465; x_wconf 89' lang='lat' dir='ltr'><strong>cst</strong></span> <span class='ocrx_word' id='word_1_569' title='bbox 1227 4408 1292 4460; x_wconf 77' lang='lat'><strong>&quot;.</strong></span> <span class='ocrx_word' id='word_1_570' title='bbox 1321 4428 1337 4460; x_wconf 75' lang='grc' dir='ltr'><strong>ι</strong></span> <span class='ocrx_word' id='word_1_571' title='bbox 1381 4407 1525 4462; x_wconf 83' lang='lat' dir='ltr'><strong>Deus</strong></span> <span class='ocrx_word' id='word_1_572' title='bbox 1554 4408 1717 4478; x_wconf 82' lang='lat' dir='ltr'><strong>igitur</strong></span> <span class='ocrx_word' id='word_1_573' title='bbox 1752 4414 1834 4460; x_wconf 88' lang='lat' dir='ltr'><strong>est</strong></span> <span class='ocrx_word' id='word_1_574' title='bbox 1866 4407 1959 4476; x_wconf 86' lang='lat' dir='ltr'><strong>qui</strong></span> 
     </span>
    </p>
   </div>
   <div class='ocr_carea' id='block_1_76' title="bbox 451 4671 1954 4744">
    <p class='ocr_par' dir='ltr' id='par_1_76' title="bbox 451 4671 1954 4744">
     <span class='ocr_line' id='line_1_76' title="bbox 451 4671 1954 4744; baseline -0.001 -16"><span class='ocrx_word' id='word_1_575' title='bbox 451 4675 529 4743; x_wconf 87' lang='grc'><strong>(6)</strong></span> <span class='ocrx_word' id='word_1_576' title='bbox 556 4671 767 4727; x_wconf 87' lang='lat' dir='ltr'><strong>Natura</strong></span> <span class='ocrx_word' id='word_1_577' title='bbox 820 4674 1051 4729; x_wconf 81' lang='lat' dir='ltr'><strong>subdita.</strong></span> <span class='ocrx_word' id='word_1_578' title='bbox 1106 4673 1297 4738; x_wconf 87' lang='grc' dir='ltr'>Κτίσις</span> <span class='ocrx_word' id='word_1_579' title='bbox 1333 4675 1529 4744; x_wconf 85' lang='lat' dir='ltr'><strong>legitur</strong></span> <span class='ocrx_word' id='word_1_580' title='bbox 1583 4675 1636 4727; x_wconf 91' lang='lat' dir='ltr'><strong>in</strong></span> <span class='ocrx_word' id='word_1_581' title='bbox 1670 4674 1755 4727; x_wconf 89' lang='lat' dir='ltr'><strong>his</strong></span> <span class='ocrx_word' id='word_1_582' title='bbox 1818 4673 1954 4727; x_wconf 91' lang='lat' dir='ltr'><strong>locis</strong></span> 
     </span>
    </p>
   </div>
   <div class='ocr_carea' id='block_1_77' title="bbox 379 4744 1954 4810">
    <p class='ocr_par' dir='ltr' id='par_1_77' title="bbox 379 4744 1954 4810">
     <span class='ocr_line' id='line_1_77' title="bbox 379 4744 1954 4810; baseline -0.003 -10"><span class='ocrx_word' id='word_1_583' title='bbox 379 4747 586 4806; x_wconf 69' lang='lat' dir='ltr'><strong>Grmce,</strong></span> <span class='ocrx_word' id='word_1_584' title='bbox 621 4753 674 4798; x_wconf 91' lang='lat' dir='ltr'><strong>et</strong></span> <span class='ocrx_word' id='word_1_585' title='bbox 701 4745 755 4798; x_wconf 91' lang='lat' dir='ltr'><strong>in</strong></span> <span class='ocrx_word' id='word_1_586' title='bbox 790 4760 994 4801; x_wconf 80' lang='lat' dir='ltr'><strong>excuso</strong></span> <span class='ocrx_word' id='word_1_587' title='bbox 1016 4752 1070 4799; x_wconf 85' lang='lat' dir='ltr'><strong>et</strong></span> <span class='ocrx_word' id='word_1_588' title='bbox 1099 4746 1152 4797; x_wconf 90' lang='lat' dir='ltr'><strong>in</strong></span> <span class='ocrx_word' id='word_1_589' title='bbox 1186 4761 1288 4799; x_wconf 89' lang='lat' dir='ltr'><strong>ms.</strong></span> <span class='ocrx_word' id='word_1_590' title='bbox 1318 4747 1502 4808; x_wconf 82' lang='lat' dir='ltr'><strong>Cant.,</strong></span> <span class='ocrx_word' id='word_1_591' title='bbox 1534 4760 1639 4797; x_wconf 93' lang='lat' dir='ltr'><strong>non</strong></span> <span class='ocrx_word' id='word_1_592' title='bbox 1668 4744 1846 4810; x_wconf 79' lang='grc' dir='ltr'>φύσις,</span> <span class='ocrx_word' id='word_1_593' title='bbox 1863 4745 1954 4798; x_wconf 89' lang='lat' dir='ltr'><strong>ubi</strong></span> 
     </span>
    </p>
   </div>
   <div class='ocr_carea' id='block_1_78' title="bbox 379 4813 1955 4886">
    <p class='ocr_par' dir='ltr' id='par_1_78' title="bbox 379 4813 1955 4886">
     <span class='ocr_line' id='line_1_78' title="bbox 379 4813 1955 4886; baseline -0.003 -15"><span class='ocrx_word' id='word_1_594' title='bbox 379 4827 433 4871; x_wconf 87' lang='lat' dir='ltr'><strong>et</strong></span> <span class='ocrx_word' id='word_1_595' title='bbox 487 4816 756 4883; x_wconf 87' lang='lat' dir='ltr'><strong>interpres</strong></span> <span class='ocrx_word' id='word_1_596' title='bbox 792 4815 1104 4886; x_wconf 15' lang='lat' dir='ltr'><strong>rEutitymii,</strong></span> <span class='ocrx_word' id='word_1_597' title='bbox 1145 4813 1241 4867; x_wconf 81' lang='lat' dir='ltr'><strong>Res</strong></span> <span class='ocrx_word' id='word_1_598' title='bbox 1303 4824 1605 4882; x_wconf 86' lang='lat' dir='ltr'><strong>procreatas</strong></span> <span class='ocrx_word' id='word_1_599' title='bbox 1665 4814 1808 4879; x_wconf 85' lang='lat' dir='ltr'><strong>duci,</strong></span> <span class='ocrx_word' id='word_1_600' title='bbox 1876 4831 1955 4868; x_wconf 88' lang='lat' dir='ltr'><strong>res</strong></span> 
     </span>
    </p>
   </div>
   <div class='ocr_carea' id='block_1_79' title="bbox 380 4885 1958 4951">
    <p class='ocr_par' dir='ltr' id='par_1_79' title="bbox 380 4885 1958 4951">
     <span class='ocr_line' id='line_1_79' title="bbox 380 4885 1958 4951; baseline -0.002 -11"><span class='ocrx_word' id='word_1_601' title='bbox 380 4895 588 4940; x_wconf 85' lang='lat' dir='ltr'><strong>creatas</strong></span> <span class='ocrx_word' id='word_1_602' title='bbox 621 4885 1032 4939; x_wconf 77' lang='lat' dir='ltr'><strong>consolationem</strong></span> <span class='ocrx_word' id='word_1_603' title='bbox 1062 4886 1314 4951; x_wconf 84' lang='lat' dir='ltr'><strong>accipere,</strong></span> <span class='ocrx_word' id='word_1_604' title='bbox 1347 4901 1426 4939; x_wconf 88' lang='lat' dir='ltr'><strong>res</strong></span> <span class='ocrx_word' id='word_1_605' title='bbox 1473 4897 1676 4938; x_wconf 82' lang='lat' dir='ltr'><strong>creatas</strong></span> <span class='ocrx_word' id='word_1_606' title='bbox 1713 4901 1824 4938; x_wconf 81' lang='lat' dir='ltr'><strong>esse</strong></span> <span class='ocrx_word' id='word_1_607' title='bbox 1847 4902 1958 4939; x_wconf 87' lang='lat' dir='ltr'><strong>ser-</strong></span> 
     </span>
    </p>
   </div>
   <div class='ocr_carea' id='block_1_80' title="bbox 381 4956 1955 5026">
    <p class='ocr_par' dir='ltr' id='par_1_80' title="bbox 381 4956 1955 5026">
     <span class='ocr_line' id='line_1_80' title="bbox 381 4956 1955 5026; baseline -0.002 -16"><span class='ocrx_word' id='word_1_608' title='bbox 381 4973 504 5020; x_wconf 83' lang='lat' dir='ltr'><strong>vas;</strong></span> <span class='ocrx_word' id='word_1_609' title='bbox 549 4956 850 5023; x_wconf 90' lang='lat' dir='ltr'><strong>eodemque</strong></span> <span class='ocrx_word' id='word_1_610' title='bbox 910 4959 1098 5026; x_wconf 53' lang='lat' dir='ltr'><strong>modo</strong></span> <span class='ocrx_word' id='word_1_611' title='bbox 1125 4960 1286 5022; x_wconf 87' lang='lat' dir='ltr'><strong>paulo</strong></span> <span class='ocrx_word' id='word_1_612' title='bbox 1313 4964 1436 5024; x_wconf 92' lang='lat' dir='ltr'><strong>post</strong></span> <span class='ocrx_word' id='word_1_613' title='bbox 1468 4972 1480 5008; x_wconf 94' lang='lat'>:</span> <span class='ocrx_word' id='word_1_614' title='bbox 1513 4957 1656 5008; x_wconf 75' lang='grc' dir='ltr'>’Λνω</span> <span class='ocrx_word' id='word_1_615' title='bbox 1697 4957 1797 5026; x_wconf 81' lang='grc' dir='ltr'>τῆς</span> <span class='ocrx_word' id='word_1_616' title='bbox 1841 4956 1955 5008; x_wconf 82' lang='grc' dir='ltr'>κτί-</span> 
     </span>
    </p>
   </div>
   <div class='ocr_carea' id='block_1_81' title="bbox 381 5023 1950 5095">
    <p class='ocr_par' dir='ltr' id='par_1_81' title="bbox 381 5023 1950 5095">
     <span class='ocr_line' id='line_1_81' title="bbox 381 5023 1950 5095; baseline -0.001 -16"><span class='ocrx_word' id='word_1_617' title='bbox 381 5045 540 5090; x_wconf 88' lang='grc' dir='ltr'>σεως,</span> <span class='ocrx_word' id='word_1_618' title='bbox 573 5041 734 5092; x_wconf 75' lang='lat' dir='ltr'><strong>supra</strong></span> <span class='ocrx_word' id='word_1_619' title='bbox 759 5035 1034 5095; x_wconf 85' lang='lat' dir='ltr'><strong>naturam,</strong></span> <span class='ocrx_word' id='word_1_620' title='bbox 1061 5023 1334 5095; x_wconf 79' lang='lat' dir='ltr'><strong>Eutbymii</strong></span> <span class='ocrx_word' id='word_1_621' title='bbox 1368 5029 1659 5095; x_wconf 89' lang='lat' dir='ltr'><strong>interpres,</strong></span> <span class='ocrx_word' id='word_1_622' title='bbox 1692 5023 1950 5093; x_wconf 69' lang='lat' dir='ltr'><strong>Spiritum</strong></span> 
     </span>
    </p>
   </div>
   <div class='ocr_carea' id='block_1_82' title="bbox 378 5094 1954 5164">
    <p class='ocr_par' dir='ltr' id='par_1_82' title="bbox 378 5094 1954 5164">
     <span class='ocr_line' id='line_1_82' title="bbox 378 5094 1954 5164; baseline -0.003 -12"><span class='ocrx_word' id='word_1_623' title='bbox 378 5106 622 5152; x_wconf 84' lang='lat' dir='ltr'><strong>sanctum</strong></span> <span class='ocrx_word' id='word_1_624' title='bbox 691 5094 844 5148; x_wconf 84' lang='lat' dir='ltr'><strong>rebus</strong></span> <span class='ocrx_word' id='word_1_625' title='bbox 908 5097 1099 5149; x_wconf 80' lang='lat' dir='ltr'><strong>creatis</strong></span> <span class='ocrx_word' id='word_1_626' title='bbox 1157 5094 1267 5149; x_wconf 86' lang='lat' dir='ltr'><strong>esse</strong></span> <span class='ocrx_word' id='word_1_627' title='bbox 1319 5094 1759 5164; x_wconf 72' lang='lat' dir='ltr'><strong>pra&#39;stantiorem.</strong></span> <span class='ocrx_word' id='word_1_628' title='bbox 1833 5096 1954 5149; x_wconf 72' lang='lat' dir='ltr'><strong>Mox</strong></span> 
     </span>
    </p>
   </div>
   <div class='ocr_carea' id='block_1_83' title="bbox 377 5167 1953 5235">
    <p class='ocr_par' dir='ltr' id='par_1_83' title="bbox 377 5167 1953 5235">
     <span class='ocr_line' id='line_1_83' title="bbox 377 5167 1953 5235; baseline -0.003 -12"><span class='ocrx_word' id='word_1_629' title='bbox 377 5171 543 5223; x_wconf 88' lang='lat' dir='ltr'><strong>etiam</strong></span> <span class='ocrx_word' id='word_1_630' title='bbox 600 5167 804 5221; x_wconf 89' lang='lat' dir='ltr'><strong>citatur</strong></span> <span class='ocrx_word' id='word_1_631' title='bbox 849 5168 1002 5221; x_wconf 88' lang='lat' dir='ltr'><strong>locus</strong></span> <span class='ocrx_word' id='word_1_632' title='bbox 1045 5167 1213 5220; x_wconf 80' lang='lat' dir='ltr'><strong>Amos</strong></span> <span class='ocrx_word' id='word_1_633' title='bbox 1284 5167 1558 5235; x_wconf 81' lang='lat' dir='ltr'><strong>prophetae</strong></span> <span class='ocrx_word' id='word_1_634' title='bbox 1612 5183 1686 5227; x_wconf 84' lang='lat' dir='ltr'><strong>tv,</strong></span> <span class='ocrx_word' id='word_1_635' title='bbox 1749 5167 1836 5228; x_wconf 82' lang='grc'><strong>15,</strong></span> <span class='ocrx_word' id='word_1_636' title='bbox 1898 5168 1953 5218; x_wconf 83' lang='lat'><strong>&#39;0</strong></span> 
     </span>
    </p>
   </div>
   <div class='ocr_carea' id='block_1_84' title="bbox 381 5236 1955 5310">
    <p class='ocr_par' dir='ltr' id='par_1_84' title="bbox 381 5236 1955 5310">
     <span class='ocr_line' id='line_1_84' title="bbox 381 5236 1955 5310; baseline -0.001 -19"><span class='ocrx_word' id='word_1_637' title='bbox 381 5239 616 5310; x_wconf 67' lang='grc' dir='ltr'>στερεῶν</span> <span class='ocrx_word' id='word_1_638' title='bbox 653 5237 903 5309; x_wconf 86' lang='grc' dir='ltr'>βροντήν.</span> <span class='ocrx_word' id='word_1_639' title='bbox 941 5238 1044 5303; x_wconf 81' lang='lat' dir='ltr'><strong>Qui</strong></span> <span class='ocrx_word' id='word_1_640' title='bbox 1069 5237 1224 5310; x_wconf 80' lang='lat' dir='ltr'><strong>ﬁrmo</strong></span> <span class='ocrx_word' id='word_1_641' title='bbox 1259 5239 1579 5310; x_wconf 76' lang='lat' dir='ltr'><strong>tonitruum,</strong></span> <span class='ocrx_word' id='word_1_642' title='bbox 1609 5249 1657 5310; x_wconf 76' lang='lat' dir='ltr'><strong>et</strong></span> <span class='ocrx_word' id='word_1_643' title='bbox 1685 5253 1802 5310; x_wconf 79' lang='lat' dir='ltr'><strong>creo</strong></span> <span class='ocrx_word' id='word_1_644' title='bbox 1834 5236 1955 5305; x_wconf 89' lang='lat' dir='ltr'><strong>Spi-</strong></span> 
     </span>
    </p>
   </div>
   <div class='ocr_carea' id='block_1_85' title="bbox 377 5308 1955 5380">
    <p class='ocr_par' dir='ltr' id='par_1_85' title="bbox 377 5308 1955 5380">
     <span class='ocr_line' id='line_1_85' title="bbox 377 5308 1955 5380; baseline -0.001 -19"><span class='ocrx_word' id='word_1_645' title='bbox 377 5308 564 5376; x_wconf 82' lang='lat' dir='ltr'><strong>ritum,</strong></span> <span class='ocrx_word' id='word_1_646' title='bbox 595 5308 850 5380; x_wconf 81' lang='lat' dir='ltr'><strong>quedque</strong></span> <span class='ocrx_word' id='word_1_647' title='bbox 896 5312 998 5363; x_wconf 90' lang='lat' dir='ltr'><strong>sub</strong></span> <span class='ocrx_word' id='word_1_648' title='bbox 1039 5309 1207 5380; x_wconf 58' lang='lat' dir='ltr'><strong>tinem</strong></span> <span class='ocrx_word' id='word_1_649' title='bbox 1251 5309 1380 5380; x_wconf 88' lang='lat' dir='ltr'><strong>libri</strong></span> <span class='ocrx_word' id='word_1_650' title='bbox 1421 5308 1777 5377; x_wconf 82' lang='grc' dir='ltr'>εὐαγγελικὴν</span> <span class='ocrx_word' id='word_1_651' title='bbox 1845 5326 1955 5380; x_wconf 67' lang='grc' dir='ltr'><strong>φωτ</strong></span> 
     </span>
    </p>
   </div>
   <div class='ocr_carea' id='block_1_86' title="bbox 379 5378 1954 5452">
    <p class='ocr_par' dir='ltr' id='par_1_86' title="bbox 379 5378 1954 5452">
     <span class='ocr_line' id='line_1_86' title="bbox 379 5378 1954 5452; baseline 0 -20"><span class='ocrx_word' id='word_1_652' title='bbox 379 5381 499 5452; x_wconf 82' lang='grc' dir='ltr'>νήν,</span> <span class='ocrx_word' id='word_1_653' title='bbox 524 5378 689 5436; x_wconf 77' lang='lat' dir='ltr'><strong>vertit</strong></span> <span class='ocrx_word' id='word_1_654' title='bbox 739 5379 986 5446; x_wconf 72' lang='lat' dir='ltr'><strong>Silanus,</strong></span> <span class='ocrx_word' id='word_1_655' title='bbox 1025 5378 1399 5447; x_wconf 78' lang='lat' dir='ltr'><strong>Ecangelicnm</strong></span> <span class='ocrx_word' id='word_1_656' title='bbox 1447 5381 1756 5441; x_wconf 84' lang='lat' dir='ltr'><strong>tonitruum,</strong></span> <span class='ocrx_word' id='word_1_657' title='bbox 1813 5378 1954 5448; x_wconf 89' lang='lat' dir='ltr'><strong>apud</strong></span> 
     </span>
    </p>
   </div>
   <div class='ocr_carea' id='block_1_87' title="bbox 456 5651 1536 5732">
    <p class='ocr_par' dir='ltr' id='par_1_87' title="bbox 456 5651 1536 5732">
     <span class='ocr_line' id='line_1_87' title="bbox 456 5651 1536 5732; baseline 0.001 -26"><span class='ocrx_word' id='word_1_658' title='bbox 456 5654 498 5686; x_wconf 76' lang='grc' dir='ltr'>η</span> <span class='ocrx_word' id='word_1_659' title='bbox 539 5651 560 5706; x_wconf 88' lang='grc' dir='ltr'><strong>ι</strong></span> <span class='ocrx_word' id='word_1_660' title='bbox 597 5652 720 5709; x_wconf 90' lang='lat' dir='ltr'><strong>Cor.</strong></span> <span class='ocrx_word' id='word_1_661' title='bbox 759 5669 855 5722; x_wconf 75' lang='lat' dir='ltr'><strong>xit,</strong></span> <span class='ocrx_word' id='word_1_662' title='bbox 894 5656 975 5709; x_wconf 82' lang='grc' dir='ltr'><strong>Η.</strong></span> <span class='ocrx_word' id='word_1_663' title='bbox 1025 5727 1030 5732; x_wconf 19' lang='grc' dir='ltr'><em>ο</em></span> <span class='ocrx_word' id='word_1_664' title='bbox 1067 5656 1108 5688; x_wconf 82' lang='grc'>¹³</span> <span class='ocrx_word' id='word_1_665' title='bbox 1138 5655 1302 5711; x_wconf 80' lang='lat' dir='ltr'><strong>Amos</strong></span> <span class='ocrx_word' id='word_1_666' title='bbox 1341 5670 1412 5721; x_wconf 79' lang='lat' dir='ltr'><strong>iv,</strong></span> <span class='ocrx_word' id='word_1_667' title='bbox 1457 5654 1536 5708; x_wconf 79' lang='grc'><strong>15.</strong></span> 
     </span>
    </p>
   </div>
   <div class='ocr_carea' id='block_1_88' title="bbox 2062 3029 3642 3107">
    <p class='ocr_par' dir='ltr' id='par_1_88' title="bbox 2062 3029 3642 3107">
     <span class='ocr_line' id='line_1_88' title="bbox 2062 3029 3642 3107; baseline 0.004 -25"><span class='ocrx_word' id='word_1_668' title='bbox 2062 3029 2239 3098; x_wconf 88' lang='grc' dir='ltr'>λόγον.</span> <span class='ocrx_word' id='word_1_669' title='bbox 2269 3030 2414 3084; x_wconf 86' lang='grc' dir='ltr'>Μίαν</span> <span class='ocrx_word' id='word_1_670' title='bbox 2441 3032 2549 3104; x_wconf 80' lang='grc' dir='ltr'>γὰρ</span> <span class='ocrx_word' id='word_1_671' title='bbox 2577 3034 2899 3107; x_wconf 83' lang='grc' dir='ltr'>ὁμολογήσει</span> <span class='ocrx_word' id='word_1_672' title='bbox 2929 3037 3026 3107; x_wconf 78' lang='grc' dir='ltr'>τὴν</span> <span class='ocrx_word' id='word_1_673' title='bbox 3048 3039 3301 3092; x_wconf 81' lang='grc' dir='ltr'>ἄκτιστον</span> <span class='ocrx_word' id='word_1_674' title='bbox 3335 3037 3517 3106; x_wconf 78' lang='grc' dir='ltr'>φύσιν,</span> <span class='ocrx_word' id='word_1_675' title='bbox 3541 3037 3642 3106; x_wconf 76' lang='grc' dir='ltr'>τὴν</span> 
     </span>
    </p>
   </div>
   <div class='ocr_carea' id='block_1_89' title="bbox 2062 3119 3638 3198">
    <p class='ocr_par' dir='ltr' id='par_1_89' title="bbox 2062 3119 3638 3198">
     <span class='ocr_line' id='line_1_89' title="bbox 2062 3119 3638 3198; baseline 0.006 -28"><span class='ocrx_word' id='word_1_676' title='bbox 2062 3120 2119 3171; x_wconf 84' lang='grc' dir='ltr'>ὲν</span> <span class='ocrx_word' id='word_1_677' title='bbox 2150 3119 2327 3190; x_wconf 75' lang='grc' dir='ltr'>Πατρὶ</span> <span class='ocrx_word' id='word_1_678' title='bbox 2365 3122 2459 3174; x_wconf 75' lang='grc' dir='ltr'><strong>καὶ</strong></span> <span class='ocrx_word' id='word_1_679' title='bbox 2485 3122 2599 3193; x_wconf 84' lang='grc' dir='ltr'>Υίῷ</span> <span class='ocrx_word' id='word_1_680' title='bbox 2635 3125 2727 3178; x_wconf 76' lang='grc' dir='ltr'>καὶ</span> <span class='ocrx_word' id='word_1_681' title='bbox 2752 3125 3030 3196; x_wconf 85' lang='grc' dir='ltr'>Πνεύματι</span> <span class='ocrx_word' id='word_1_682' title='bbox 3063 3127 3201 3197; x_wconf 85' lang='grc' dir='ltr'>ἁγίῳ</span> <span class='ocrx_word' id='word_1_683' title='bbox 3239 3127 3638 3198; x_wconf 82' lang='grc' dir='ltr'>θεωρουμένην.</span> 
     </span>
    </p>
   </div>
   <div class='ocr_carea' id='block_1_90' title="bbox 2074 3209 3640 3282">
    <p class='ocr_par' dir='ltr' id='par_1_90' title="bbox 2074 3209 3640 3282">
     <span class='ocr_line' id='line_1_90' title="bbox 2074 3209 3640 3282; baseline 0.006 -21"><span class='ocrx_word' id='word_1_684' title='bbox 2074 3209 2226 3262; x_wconf 75' lang='grc' dir='ltr'>Ἐπεὶ</span> <span class='ocrx_word' id='word_1_685' title='bbox 2258 3211 2314 3263; x_wconf 84' lang='grc' dir='ltr'>δὲ</span> <span class='ocrx_word' id='word_1_686' title='bbox 2343 3215 2421 3276; x_wconf 82' lang='grc' dir='ltr'>εἰς</span> <span class='ocrx_word' id='word_1_687' title='bbox 2450 3213 2741 3279; x_wconf 79' lang='grc' dir='ltr'>ἀπόδειξιν,</span> <span class='ocrx_word' id='word_1_688' title='bbox 2762 3217 2837 3279; x_wconf 81' lang='grc' dir='ltr'>ὡς</span> <span class='ocrx_word' id='word_1_689' title='bbox 2861 3216 3084 3282; x_wconf 79' lang='grc' dir='ltr'>οἱόνται,</span> <span class='ocrx_word' id='word_1_690' title='bbox 3115 3218 3211 3271; x_wconf 90' lang='grc' dir='ltr'><strong>τοῦ</strong></span> <span class='ocrx_word' id='word_1_691' title='bbox 3247 3220 3463 3273; x_wconf 86' lang='grc' dir='ltr'>κτιστὸν</span> <span class='ocrx_word' id='word_1_692' title='bbox 3503 3215 3640 3272; x_wconf 80' lang='grc' dir='ltr'>εἶναι</span> 
     </span>
    </p>
   </div>
   <div class='ocr_carea' id='block_1_91' title="bbox 2060 3300 3640 3380">
    <p class='ocr_par' dir='ltr' id='par_1_91' title="bbox 2060 3300 3640 3380">
     <span class='ocr_line' id='line_1_91' title="bbox 2060 3300 3640 3380; baseline 0.006 -29"><span class='ocrx_word' id='word_1_693' title='bbox 2060 3300 2122 3352; x_wconf 89' lang='grc' dir='ltr'><strong>τὸ</strong></span> <span class='ocrx_word' id='word_1_694' title='bbox 2155 3300 2378 3373; x_wconf 90' lang='grc' dir='ltr'>Πνεῦμα</span> <span class='ocrx_word' id='word_1_695' title='bbox 2414 3302 2474 3356; x_wconf 91' lang='grc' dir='ltr'><strong>τὸ</strong></span> <span class='ocrx_word' id='word_1_696' title='bbox 2502 3304 2675 3372; x_wconf 77' lang='grc' dir='ltr'>ἅγιον,</span> <span class='ocrx_word' id='word_1_697' title='bbox 2704 3305 2802 3376; x_wconf 79' lang='grc' dir='ltr'>τὴν</span> <span class='ocrx_word' id='word_1_698' title='bbox 2843 3305 2938 3359; x_wconf 89' lang='grc' dir='ltr'><strong>τοῦ</strong></span> <span class='ocrx_word' id='word_1_699' title='bbox 2969 3309 3246 3378; x_wconf 86' lang='grc' dir='ltr'>προφήτου</span> <span class='ocrx_word' id='word_1_700' title='bbox 3299 3309 3480 3380; x_wconf 81' lang='grc' dir='ltr'>φωνὴν</span> <span class='ocrx_word' id='word_1_701' title='bbox 3507 3310 3640 3378; x_wconf 79' lang='grc' dir='ltr'>ἡμῖν</span> 
     </span>
    </p>
   </div>
   <div class='ocr_carea' id='block_1_92' title="bbox 2063 3393 3635 3471">
    <p class='ocr_par' dir='ltr' id='par_1_92' title="bbox 2063 3393 3635 3471">
     <span class='ocr_line' id='line_1_92' title="bbox 2063 3393 3635 3471; baseline 0.005 -27"><span class='ocrx_word' id='word_1_702' title='bbox 2063 3393 2394 3465; x_wconf 79' lang='grc' dir='ltr'>προφέρουσι</span> <span class='ocrx_word' id='word_1_703' title='bbox 2424 3395 2522 3464; x_wconf 79' lang='grc' dir='ltr'>τὴν</span> <span class='ocrx_word' id='word_1_704' title='bbox 2550 3397 2840 3464; x_wconf 84' lang='grc' dir='ltr'>λέγουσαν·</span> <span class='ocrx_word' id='word_1_705' title='bbox 2882 3419 2900 3450; x_wconf 81' lang='grc' dir='ltr'><strong>ι</strong></span> <span class='ocrx_word' id='word_1_706' title='bbox 2924 3397 2982 3454; x_wconf 85' lang='grc' dir='ltr'>Ὀ</span> <span class='ocrx_word' id='word_1_707' title='bbox 3019 3399 3254 3470; x_wconf 83' lang='grc' dir='ltr'>στερεῶν</span> <span class='ocrx_word' id='word_1_708' title='bbox 3291 3399 3516 3471; x_wconf 79' lang='grc' dir='ltr'>βροντὴν</span> <span class='ocrx_word' id='word_1_709' title='bbox 3541 3401 3635 3452; x_wconf 74' lang='grc' dir='ltr'>καὶ</span> 
     </span>
    </p>
   </div>
   <div class='ocr_carea' id='block_1_93' title="bbox 2063 3480 3638 3558">
    <p class='ocr_par' dir='ltr' id='par_1_93' title="bbox 2063 3480 3638 3558">
     <span class='ocr_line' id='line_1_93' title="bbox 2063 3480 3638 3558; baseline 0.004 -24"><span class='ocrx_word' id='word_1_710' title='bbox 2063 3480 2260 3545; x_wconf 74' lang='grc' dir='ltr'>κτίζων</span> <span class='ocrx_word' id='word_1_711' title='bbox 2290 3484 2528 3554; x_wconf 87' lang='grc' dir='ltr'>πνεῦμα,</span> <span class='ocrx_word' id='word_1_712' title='bbox 2563 3487 2657 3538; x_wconf 77' lang='grc' dir='ltr'><strong>καὶ</strong></span> <span class='ocrx_word' id='word_1_713' title='bbox 2696 3487 3053 3556; x_wconf 85' lang='grc' dir='ltr'>ἀπαγγέλλων</span> <span class='ocrx_word' id='word_1_714' title='bbox 3082 3489 3163 3552; x_wconf 81' lang='grc' dir='ltr'><strong>είς</strong></span> <span class='ocrx_word' id='word_1_715' title='bbox 3201 3488 3521 3558; x_wconf 79' lang='grc' dir='ltr'>ἀνθρώπους</span> <span class='ocrx_word' id='word_1_716' title='bbox 3546 3489 3638 3540; x_wconf 85' lang='grc' dir='ltr'><strong>τὸν</strong></span> 
     </span>
    </p>
   </div>
   <div class='ocr_carea' id='block_1_94' title="bbox 2063 3573 3640 3650">
    <p class='ocr_par' dir='ltr' id='par_1_94' title="bbox 2063 3573 3640 3650">
     <span class='ocr_line' id='line_1_94' title="bbox 2063 3573 3640 3650; baseline 0.005 -24"><span class='ocrx_word' id='word_1_717' title='bbox 2063 3573 2295 3643; x_wconf 85' lang='grc' dir='ltr'>Χριστὸν</span> <span class='ocrx_word' id='word_1_718' title='bbox 2338 3575 2523 3640; x_wconf 82' lang='grc' dir='ltr'>αὑτοῦ,</span> <span class='ocrx_word' id='word_1_719' title='bbox 2558 3595 2578 3627; x_wconf 71' lang='grc' dir='ltr'><strong>ι</strong></span> <span class='ocrx_word' id='word_1_720' title='bbox 2631 3575 2791 3631; x_wconf 89' lang='grc' dir='ltr'>τοῦτο</span> <span class='ocrx_word' id='word_1_721' title='bbox 2845 3579 3110 3650; x_wconf 83' lang='grc' dir='ltr'>προσήκει</span> <span class='ocrx_word' id='word_1_722' title='bbox 3143 3580 3352 3650; x_wconf 82' lang='grc' dir='ltr'>νοῆσαι,</span> <span class='ocrx_word' id='word_1_723' title='bbox 3388 3583 3468 3634; x_wconf 86' lang='grc' dir='ltr'>ὅτι</span> <span class='ocrx_word' id='word_1_724' title='bbox 3513 3579 3640 3634; x_wconf 81' lang='grc' dir='ltr'>ἄλλο</span> 
     </span>
    </p>
   </div>
   <div class='ocr_carea' id='block_1_95' title="bbox 2063 3668 3641 3743">
    <p class='ocr_par' dir='ltr' id='par_1_95' title="bbox 2063 3668 3641 3743">
     <span class='ocr_line' id='line_1_95' title="bbox 2063 3668 3641 3743; baseline 0.003 -23"><span class='ocrx_word' id='word_1_725' title='bbox 2063 3668 2340 3732; x_wconf 80' lang='grc' dir='ltr'>κτίζεσθαι</span> <span class='ocrx_word' id='word_1_726' title='bbox 2361 3669 2574 3740; x_wconf 89' lang='grc' dir='ltr'>πνεῦμα</span> <span class='ocrx_word' id='word_1_727' title='bbox 2595 3671 2652 3722; x_wconf 78' lang='grc' dir='ltr'><strong>έν</strong></span> <span class='ocrx_word' id='word_1_728' title='bbox 2671 3673 2736 3741; x_wconf 86' lang='grc' dir='ltr'><strong>τῇ</strong></span> <span class='ocrx_word' id='word_1_729' title='bbox 2761 3671 3184 3743; x_wconf 83' lang='grc' dir='ltr'>στερεότητιτῆς</span> <span class='ocrx_word' id='word_1_730' title='bbox 3205 3671 3452 3743; x_wconf 79' lang='grc' dir='ltr'>βροντῆς,</span> <span class='ocrx_word' id='word_1_731' title='bbox 3468 3675 3496 3725; x_wconf 95' lang='lat'><strong>6</strong></span> <span class='ocrx_word' id='word_1_732' title='bbox 3519 3689 3641 3742; x_wconf 85' lang='grc' dir='ltr'>προ-</span> 
     </span>
    </p>
   </div>
   <div class='ocr_carea' id='block_1_96' title="bbox 2065 3761 3640 3835">
    <p class='ocr_par' dir='ltr' id='par_1_96' title="bbox 2065 3761 3640 3835">
     <span class='ocr_line' id='line_1_96' title="bbox 2065 3761 3640 3835; baseline 0 -22"><span class='ocrx_word' id='word_1_733' title='bbox 2065 3763 2240 3831; x_wconf 78' lang='grc' dir='ltr'>φήτης</span> <span class='ocrx_word' id='word_1_734' title='bbox 2289 3762 2454 3831; x_wconf 89' lang='grc' dir='ltr'>λέγει,</span> <span class='ocrx_word' id='word_1_735' title='bbox 2498 3762 2591 3814; x_wconf 74' lang='grc' dir='ltr'>καὶ</span> <span class='ocrx_word' id='word_1_736' title='bbox 2633 3763 2753 3834; x_wconf 65' lang='grc' dir='ltr'>οὑχὶ</span> <span class='ocrx_word' id='word_1_737' title='bbox 2793 3763 2852 3816; x_wconf 90' lang='grc' dir='ltr'><strong>τὸ</strong></span> <span class='ocrx_word' id='word_1_738' title='bbox 2893 3761 3047 3831; x_wconf 73' lang='grc' dir='ltr'>ἅγιον</span> <span class='ocrx_word' id='word_1_739' title='bbox 3088 3762 3313 3833; x_wconf 87' lang='grc' dir='ltr'>Πνεῦμα</span> <span class='ocrx_word' id='word_1_740' title='bbox 3339 3780 3351 3794; x_wconf 73' lang='grc'><strong><em>⁸</em></strong></span> <span class='ocrx_word' id='word_1_741' title='bbox 3415 3763 3640 3835; x_wconf 74' lang='grc' dir='ltr'>βροντὴν</span> 
     </span>
    </p>
   </div>
   <div class='ocr_carea' id='block_1_97' title="bbox 2065 3854 3638 3926">
    <p class='ocr_par' dir='ltr' id='par_1_97' title="bbox 2065 3854 3638 3926">
     <span class='ocr_line' id='line_1_97' title="bbox 2065 3854 3638 3926; baseline 0 -19"><span class='ocrx_word' id='word_1_742' title='bbox 2065 3854 2174 3926; x_wconf 79' lang='grc' dir='ltr'>γὰρ</span> <span class='ocrx_word' id='word_1_743' title='bbox 2209 3855 2238 3905; x_wconf 89' lang='grc' dir='ltr'>ὁ</span> <span class='ocrx_word' id='word_1_744' title='bbox 2275 3854 2532 3924; x_wconf 82' lang='grc' dir='ltr'>μυστικὸς</span> <span class='ocrx_word' id='word_1_745' title='bbox 2563 3854 2720 3922; x_wconf 82' lang='grc' dir='ltr'>λόγος</span> <span class='ocrx_word' id='word_1_746' title='bbox 2763 3855 2822 3908; x_wconf 90' lang='grc' dir='ltr'><strong>τὸ</strong></span> <span class='ocrx_word' id='word_1_747' title='bbox 2853 3855 3181 3922; x_wconf 85' lang='grc' dir='ltr'>Εὑαγγέλιον</span> <span class='ocrx_word' id='word_1_748' title='bbox 3213 3854 3486 3924; x_wconf 78' lang='grc' dir='ltr'>ὀνομάζει.</span> <span class='ocrx_word' id='word_1_749' title='bbox 3548 3855 3638 3908; x_wconf 84' lang='grc' dir='ltr'>Ἐν</span> 
     </span>
    </p>
   </div>
   <div class='ocr_carea' id='block_1_98' title="bbox 2064 3941 3640 4017">
    <p class='ocr_par' dir='ltr' id='par_1_98' title="bbox 2064 3941 3640 4017">
     <span class='ocr_line' id='line_1_98' title="bbox 2064 3941 3640 4017; baseline -0.001 -19"><span class='ocrx_word' id='word_1_750' title='bbox 2064 3941 2144 4008; x_wconf 78' lang='grc' dir='ltr'>οἷς</span> <span class='ocrx_word' id='word_1_751' title='bbox 2172 3941 2263 3999; x_wconf 80' lang='grc' dir='ltr'><strong>οῦν</strong></span> <span class='ocrx_word' id='word_1_752' title='bbox 2293 3947 2500 4014; x_wconf 87' lang='grc' dir='ltr'>γίνεται</span> <span class='ocrx_word' id='word_1_753' title='bbox 2524 3945 2717 4016; x_wconf 77' lang='grc' dir='ltr'>βεϐαία</span> <span class='ocrx_word' id='word_1_754' title='bbox 2743 3947 2838 4000; x_wconf 66' lang='grc' dir='ltr'>καὶ</span> <span class='ocrx_word' id='word_1_755' title='bbox 2866 3946 3198 4016; x_wconf 87' lang='grc' dir='ltr'>ἀμετάθετος</span> <span class='ocrx_word' id='word_1_756' title='bbox 3224 3948 3256 4017; x_wconf 83' lang='grc' dir='ltr'>ἡ</span> <span class='ocrx_word' id='word_1_757' title='bbox 3278 3948 3358 4009; x_wconf 85' lang='grc' dir='ltr'><strong>είς</strong></span> <span class='ocrx_word' id='word_1_758' title='bbox 3376 3945 3436 3998; x_wconf 88' lang='grc' dir='ltr'><strong>τὸ</strong></span> <span class='ocrx_word' id='word_1_759' title='bbox 3463 3946 3640 4012; x_wconf 76' lang='grc' dir='ltr'>Εὐαγ-</span> 
     </span>
    </p>
   </div>
   <div class='ocr_carea' id='block_1_99' title="bbox 2065 4032 3642 4108">
    <p class='ocr_par' dir='ltr' id='par_1_99' title="bbox 2065 4032 3642 4108">
     <span class='ocr_line' id='line_1_99' title="bbox 2065 4032 3642 4108; baseline -0.001 -18"><span class='ocrx_word' id='word_1_760' title='bbox 2065 4038 2241 4106; x_wconf 90' lang='grc' dir='ltr'>γέλιον</span> <span class='ocrx_word' id='word_1_761' title='bbox 2275 4038 2481 4105; x_wconf 81' lang='grc' dir='ltr'>πίστις,</span> <span class='ocrx_word' id='word_1_762' title='bbox 2521 4032 2666 4092; x_wconf 74' lang='grc' dir='ltr'>οὗτοι</span> <span class='ocrx_word' id='word_1_763' title='bbox 2698 4038 2785 4091; x_wconf 86' lang='grc' dir='ltr'>διὰ</span> <span class='ocrx_word' id='word_1_764' title='bbox 2813 4039 2910 4106; x_wconf 86' lang='grc' dir='ltr'>τῆς</span> <span class='ocrx_word' id='word_1_765' title='bbox 2945 4040 3180 4101; x_wconf 86' lang='grc' dir='ltr'>πίστεως</span> <span class='ocrx_word' id='word_1_766' title='bbox 3229 4038 3642 4108; x_wconf 80' lang='grc' dir='ltr'>μεταϐαίνουσιν</span> 
     </span>
    </p>
   </div>
   <div class='ocr_carea' id='block_1_100' title="bbox 2066 4127 3641 4201">
    <p class='ocr_par' dir='ltr' id='par_1_100' title="bbox 2066 4127 3641 4201">
     <span class='ocr_line' id='line_1_100' title="bbox 2066 4127 3641 4201; baseline -0.001 -18"><span class='ocrx_word' id='word_1_767' title='bbox 2066 4131 2174 4183; x_wconf 70' lang='grc' dir='ltr'><strong>ἀπὸ</strong></span> <span class='ocrx_word' id='word_1_768' title='bbox 2207 4129 2300 4182; x_wconf 87' lang='grc' dir='ltr'><strong>τοῦ</strong></span> <span class='ocrx_word' id='word_1_769' title='bbox 2346 4127 2479 4182; x_wconf 76' lang='grc' dir='ltr'>εἶναι</span> <span class='ocrx_word' id='word_1_770' title='bbox 2525 4130 2746 4201; x_wconf 85' lang='grc' dir='ltr'>σάρκες,</span> <span class='ocrx_word' id='word_1_771' title='bbox 2778 4132 2858 4192; x_wconf 82' lang='grc' dir='ltr'><strong>είς</strong></span> <span class='ocrx_word' id='word_1_772' title='bbox 2900 4129 2962 4182; x_wconf 92' lang='grc' dir='ltr'><strong>τὸ</strong></span> <span class='ocrx_word' id='word_1_773' title='bbox 2994 4130 3238 4198; x_wconf 84' lang='grc' dir='ltr'>γίνεσθαι</span> <span class='ocrx_word' id='word_1_774' title='bbox 3272 4129 3511 4201; x_wconf 89' lang='grc' dir='ltr'>πνεῦμα,</span> <span class='ocrx_word' id='word_1_775' title='bbox 3543 4147 3641 4182; x_wconf 90' lang='grc' dir='ltr'>κα-</span> 
     </span>
    </p>
   </div>
   <div class='ocr_carea' id='block_1_101' title="bbox 2069 4221 3643 4293">
    <p class='ocr_par' dir='ltr' id='par_1_101' title="bbox 2069 4221 3643 4293">
     <span class='ocr_line' id='line_1_101' title="bbox 2069 4221 3643 4293; baseline 0 -18"><span class='ocrx_word' id='word_1_776' title='bbox 2069 4222 2175 4286; x_wconf 82' lang='grc' dir='ltr'>θὼς</span> <span class='ocrx_word' id='word_1_777' title='bbox 2223 4223 2369 4291; x_wconf 86' lang='grc' dir='ltr'>λέγει</span> <span class='ocrx_word' id='word_1_778' title='bbox 2407 4225 2435 4275; x_wconf 87' lang='grc' dir='ltr'>ὁ</span> <span class='ocrx_word' id='word_1_779' title='bbox 2479 4221 2709 4293; x_wconf 76' lang='grc' dir='ltr'>Κύριος,</span> <span class='ocrx_word' id='word_1_780' title='bbox 2757 4243 2775 4276; x_wconf 82' lang='grc' dir='ltr'><strong>ι</strong></span> <span class='ocrx_word' id='word_1_781' title='bbox 2809 4222 2970 4276; x_wconf 83' lang='grc' dir='ltr'>ὅτιτὸ</span> <span class='ocrx_word' id='word_1_782' title='bbox 3011 4222 3404 4293; x_wconf 82' lang='grc' dir='ltr'>γεγεννημένον</span> <span class='ocrx_word' id='word_1_783' title='bbox 3443 4223 3506 4274; x_wconf 82' lang='grc' dir='ltr'>ὲκ</span> <span class='ocrx_word' id='word_1_784' title='bbox 3541 4222 3643 4291; x_wconf 78' lang='grc' dir='ltr'>τῆς</span> 
     </span>
    </p>
   </div>
   <div class='ocr_carea' id='block_1_102' title="bbox 2070 4310 3643 4385">
    <p class='ocr_par' dir='ltr' id='par_1_102' title="bbox 2070 4310 3643 4385">
     <span class='ocr_line' id='line_1_102' title="bbox 2070 4310 3643 4385; baseline -0.003 -18"><span class='ocrx_word' id='word_1_785' title='bbox 2070 4315 2270 4385; x_wconf 83' lang='grc' dir='ltr'>σαρκὸς</span> <span class='ocrx_word' id='word_1_786' title='bbox 2300 4314 2435 4385; x_wconf 83' lang='grc' dir='ltr'>σάρξ</span> <span class='ocrx_word' id='word_1_787' title='bbox 2455 4315 2569 4368; x_wconf 81' lang='grc' dir='ltr'>ἐστι</span> <span class='ocrx_word' id='word_1_788' title='bbox 2590 4330 2604 4344; x_wconf 73' lang='grc' dir='ltr'><strong>θ</strong></span> <span class='ocrx_word' id='word_1_789' title='bbox 2635 4314 2727 4368; x_wconf 80' lang='grc' dir='ltr'><strong>καὶ</strong></span> <span class='ocrx_word' id='word_1_790' title='bbox 2749 4315 2806 4367; x_wconf 89' lang='grc' dir='ltr'><strong>τὸ</strong></span> <span class='ocrx_word' id='word_1_791' title='bbox 2834 4313 3227 4384; x_wconf 87' lang='grc' dir='ltr'>γεγεννημένον</span> <span class='ocrx_word' id='word_1_792' title='bbox 3258 4314 3320 4366; x_wconf 80' lang='grc' dir='ltr'>ὲκ</span> <span class='ocrx_word' id='word_1_793' title='bbox 3349 4310 3441 4365; x_wconf 87' lang='grc' dir='ltr'><strong>τοῦ</strong></span> <span class='ocrx_word' id='word_1_794' title='bbox 3474 4311 3643 4364; x_wconf 85' lang='grc' dir='ltr'>Πνεὺ-</span> 
     </span>
    </p>
   </div>
   <div class='ocr_carea' id='block_1_103' title="bbox 2072 4401 3642 4476">
    <p class='ocr_par' dir='ltr' id='par_1_103' title="bbox 2072 4401 3642 4476">
     <span class='ocr_line' id='line_1_103' title="bbox 2072 4401 3642 4476; baseline -0.001 -18"><span class='ocrx_word' id='word_1_795' title='bbox 2072 4423 2239 4475; x_wconf 86' lang='grc' dir='ltr'>ματος</span> <span class='ocrx_word' id='word_1_796' title='bbox 2261 4404 2475 4476; x_wconf 85' lang='grc' dir='ltr'>πνεῦμά</span> <span class='ocrx_word' id='word_1_797' title='bbox 2497 4407 2630 4460; x_wconf 75' lang='grc' dir='ltr'>ἐστι.</span> <span class='ocrx_word' id='word_1_798' title='bbox 2654 4425 2671 4457; x_wconf 79' lang='grc' dir='ltr'><strong>ι</strong></span> <span class='ocrx_word' id='word_1_799' title='bbox 2707 4404 2837 4469; x_wconf 87' lang='grc' dir='ltr'>Θεὸς</span> <span class='ocrx_word' id='word_1_800' title='bbox 2869 4401 2964 4459; x_wconf 83' lang='grc' dir='ltr'><strong>οὑν</strong></span> <span class='ocrx_word' id='word_1_801' title='bbox 2990 4406 3018 4458; x_wconf 92' lang='lat'><strong>6</strong></span> <span class='ocrx_word' id='word_1_802' title='bbox 3043 4403 3129 4457; x_wconf 74' lang='grc' dir='ltr'>διὰ</span> <span class='ocrx_word' id='word_1_803' title='bbox 3156 4402 3248 4456; x_wconf 88' lang='grc' dir='ltr'><strong>τοῦ</strong></span> <span class='ocrx_word' id='word_1_804' title='bbox 3277 4404 3642 4474; x_wconf 86' lang='grc' dir='ltr'>στερεοποιεῖν</span> 
     </span>
    </p>
   </div>
   <div class='ocr_carea' id='block_1_104' title="bbox 2064 4670 3644 4744">
    <p class='ocr_par' dir='ltr' id='par_1_104' title="bbox 2064 4670 3644 4744">
     <span class='ocr_line' id='line_1_104' title="bbox 2064 4670 3644 4744; baseline -0.003 -17"><span class='ocrx_word' id='word_1_805' title='bbox 2064 4673 2416 4744; x_wconf 84' lang='lat' dir='ltr'><strong>Euthymium</strong></span> <span class='ocrx_word' id='word_1_806' title='bbox 2476 4671 2556 4726; x_wconf 89' lang='lat' dir='ltr'><strong>sic</strong></span> <span class='ocrx_word' id='word_1_807' title='bbox 2586 4670 2819 4744; x_wconf 67' lang='lat' dir='ltr'><strong>effertur</strong></span> <span class='ocrx_word' id='word_1_808' title='bbox 2840 4671 3046 4744; x_wconf 80' lang='lat' dir='ltr'><strong>aptius,</strong></span> <span class='ocrx_word' id='word_1_809' title='bbox 3083 4685 3258 4744; x_wconf 72' lang='lat' dir='ltr'><strong>vocem</strong></span> <span class='ocrx_word' id='word_1_810' title='bbox 3281 4670 3644 4744; x_wconf 63' lang='lat' dir='ltr'><strong>euangelicum</strong></span> 
     </span>
    </p>
   </div>
   <div class='ocr_carea' id='block_1_105' title="bbox 2062 4741 3642 4812">
    <p class='ocr_par' dir='ltr' id='par_1_105' title="bbox 2062 4741 3642 4812">
     <span class='ocr_line' id='line_1_105' title="bbox 2062 4741 3642 4812; baseline -0.002 -16"><span class='ocrx_word' id='word_1_811' title='bbox 2062 4741 2388 4798; x_wconf 75' lang='lat' dir='ltr'><strong>credentibus</strong></span> <span class='ocrx_word' id='word_1_812' title='bbox 2412 4745 2751 4812; x_wconf 77' lang='lat' dir='ltr'><strong>conﬁrmans.</strong></span> <span class='ocrx_word' id='word_1_813' title='bbox 2787 4741 2959 4794; x_wconf 87' lang='lat' dir='ltr'><strong>Solvit</strong></span> <span class='ocrx_word' id='word_1_814' title='bbox 3006 4742 3251 4796; x_wconf 84' lang='lat' dir='ltr'><strong>eamdem</strong></span> <span class='ocrx_word' id='word_1_815' title='bbox 3277 4741 3642 4812; x_wconf 67' lang='lat' dir='ltr'><strong>objectiOnem</strong></span> 
     </span>
    </p>
   </div>
   <div class='ocr_carea' id='block_1_106' title="bbox 2057 4810 3644 4882">
    <p class='ocr_par' dir='ltr' id='par_1_106' title="bbox 2057 4810 3644 4882">
     <span class='ocr_line' id='line_1_106' title="bbox 2057 4810 3644 4882; baseline -0.003 -15"><span class='ocrx_word' id='word_1_816' title='bbox 2057 4829 2123 4868; x_wconf 80' lang='lat' dir='ltr'><strong>ex</strong></span> <span class='ocrx_word' id='word_1_817' title='bbox 2149 4813 2430 4882; x_wconf 69' lang='lat' dir='ltr'><strong>Propheta:</strong></span> <span class='ocrx_word' id='word_1_818' title='bbox 2465 4810 2582 4867; x_wconf 85' lang='lat' dir='ltr'><strong>loco</strong></span> <span class='ocrx_word' id='word_1_819' title='bbox 2613 4812 2956 4879; x_wconf 90' lang='lat' dir='ltr'><strong>desumptam</strong></span> <span class='ocrx_word' id='word_1_820' title='bbox 2999 4811 3263 4882; x_wconf 81' lang='lat' dir='ltr'><strong>adversus</strong></span> <span class='ocrx_word' id='word_1_821' title='bbox 3295 4810 3536 4878; x_wconf 83' lang='lat' dir='ltr'><strong>Spiritus</strong></span> <span class='ocrx_word' id='word_1_822' title='bbox 3559 4811 3644 4863; x_wconf 89' lang='lat' dir='ltr'><strong>di-</strong></span> 
     </span>
    </p>
   </div>
   <div class='ocr_carea' id='block_1_107' title="bbox 2060 4881 3642 4951">
    <p class='ocr_par' dir='ltr' id='par_1_107' title="bbox 2060 4881 3642 4951">
     <span class='ocr_line' id='line_1_107' title="bbox 2060 4881 3642 4951; baseline -0.003 -14"><span class='ocrx_word' id='word_1_823' title='bbox 2060 4881 2339 4938; x_wconf 83' lang='lat' dir='ltr'><strong>vinitatem</strong></span> <span class='ocrx_word' id='word_1_824' title='bbox 2391 4883 2727 4937; x_wconf 83' lang='lat' dir='ltr'><strong>Athanasius</strong></span> <span class='ocrx_word' id='word_1_825' title='bbox 2773 4882 2832 4951; x_wconf 16' lang='lat' dir='ltr'><strong>in,</strong></span> <span class='ocrx_word' id='word_1_826' title='bbox 2867 4882 3029 4951; x_wconf 86' lang='lat' dir='ltr'><strong>epist.</strong></span> <span class='ocrx_word' id='word_1_827' title='bbox 3068 4881 3135 4935; x_wconf 88' lang='lat' dir='ltr'><strong>ad</strong></span> <span class='ocrx_word' id='word_1_828' title='bbox 3171 4881 3529 4950; x_wconf 85' lang='lat' dir='ltr'><strong>Serapionem</strong></span> <span class='ocrx_word' id='word_1_829' title='bbox 3569 4887 3642 4951; x_wconf 17' lang='lat' dir='ltr'><strong>iet</strong></span> 
     </span>
    </p>
   </div>
   <div class='ocr_carea' id='block_1_108' title="bbox 2053 4950 3640 5022">
    <p class='ocr_par' dir='ltr' id='par_1_108' title="bbox 2053 4950 3640 5022">
     <span class='ocr_line' id='line_1_108' title="bbox 2053 4950 3640 5022; baseline -0.003 -16"><span class='ocrx_word' id='word_1_830' title='bbox 2053 4955 2393 5022; x_wconf 72' lang='lat' dir='ltr'><strong>Ambrosius</strong></span> <span class='ocrx_word' id='word_1_831' title='bbox 2436 4955 2528 5007; x_wconf 92' lang='lat' dir='ltr'><strong>lib.</strong></span> <span class='ocrx_word' id='word_1_832' title='bbox 2575 4969 2645 5015; x_wconf 88' lang='grc' dir='ltr'><strong>ιι,</strong></span> <span class='ocrx_word' id='word_1_833' title='bbox 2698 4952 2764 5005; x_wconf 86' lang='lat' dir='ltr'><strong>de</strong></span> <span class='ocrx_word' id='word_1_834' title='bbox 2815 4950 3021 5020; x_wconf 83' lang='lat' dir='ltr'><strong>Spiritu</strong></span> <span class='ocrx_word' id='word_1_835' title='bbox 3096 4951 3331 5022; x_wconf 85' lang='lat' dir='ltr'><strong>Sancto,</strong></span> <span class='ocrx_word' id='word_1_836' title='bbox 3373 4965 3513 5022; x_wconf 82' lang='lat' dir='ltr'><strong>_cap.</strong></span> <span class='ocrx_word' id='word_1_837' title='bbox 3567 4950 3640 5011; x_wconf 88' lang='lat'><strong>7,</strong></span> 
     </span>
    </p>
   </div>
   <div class='ocr_carea' id='block_1_109' title="bbox 2055 5017 3640 5094">
    <p class='ocr_par' dir='ltr' id='par_1_109' title="bbox 2055 5017 3640 5094">
     <span class='ocr_line' id='line_1_109' title="bbox 2055 5017 3640 5094; baseline -0.003 -17"><span class='ocrx_word' id='word_1_838' title='bbox 2055 5027 2145 5094; x_wconf 88' lang='lat' dir='ltr'><strong>qui</strong></span> <span class='ocrx_word' id='word_1_839' title='bbox 2190 5025 2316 5094; x_wconf 87' lang='lat' dir='ltr'><strong>legit</strong></span> <span class='ocrx_word' id='word_1_840' title='bbox 2354 5019 2447 5094; x_wconf 70' lang='lat' dir='ltr'><strong>aut</strong></span> <span class='ocrx_word' id='word_1_841' title='bbox 2477 5017 3146 5094; x_wconf 27' lang='lat' dir='ltr'><strong>eﬁerthuncﬁversumut</strong></span> <span class='ocrx_word' id='word_1_842' title='bbox 3171 5019 3349 5094; x_wconf 83' lang='lat' dir='ltr'><strong>est_in_</strong></span> <span class='ocrx_word' id='word_1_843' title='bbox 3373 5017 3640 5094; x_wconf 75' lang='lat' dir='ltr'><strong>Vaticana</strong></span> 
     </span>
    </p>
   </div>
   <div class='ocr_carea' id='block_1_110' title="bbox 2053 5089 3643 5160">
    <p class='ocr_par' dir='ltr' id='par_1_110' title="bbox 2053 5089 3643 5160">
     <span class='ocr_line' id='line_1_110' title="bbox 2053 5089 3643 5160; baseline -0.005 -11"><span class='ocrx_word' id='word_1_844' title='bbox 2053 5089 2183 5149; x_wconf 75' lang='lat' dir='ltr'><strong>édit.</strong></span> <span class='ocrx_word' id='word_1_845' title='bbox 2213 5089 2266 5149; x_wconf 68' lang='lat' dir='ltr'><strong>et</strong></span> <span class='ocrx_word' id='word_1_846' title='bbox 2299 5094 2353 5147; x_wconf 85' lang='lat' dir='ltr'><strong>in</strong></span> <span class='ocrx_word' id='word_1_847' title='bbox 2395 5092 2739 5146; x_wconf 81' lang='lat' dir='ltr'><strong>Germanicis</strong></span> <span class='ocrx_word' id='word_1_848' title='bbox 2799 5093 3010 5151; x_wconf 83' lang='lat' dir='ltr'><strong>Bibliis,</strong></span> <span class='ocrx_word' id='word_1_849' title='bbox 3077 5091 3206 5143; x_wconf 83' lang='grc' dir='ltr'>Ἰδοὺ</span> <span class='ocrx_word' id='word_1_850' title='bbox 3262 5089 3373 5157; x_wconf 80' lang='grc' dir='ltr'><strong>ἐγὼ</strong></span> <span class='ocrx_word' id='word_1_851' title='bbox 3404 5090 3643 5160; x_wconf 80' lang='grc' dir='ltr'>στερεῶν</span> 
     </span>
    </p>
   </div>
   <div class='ocr_carea' id='block_1_111' title="bbox 2059 5160 3644 5237">
    <p class='ocr_par' dir='ltr' id='par_1_111' title="bbox 2059 5160 3644 5237">
     <span class='ocr_line' id='line_1_111' title="bbox 2059 5160 3644 5237; baseline -0.003 -21"><span class='ocrx_word' id='word_1_852' title='bbox 2059 5165 2306 5237; x_wconf 82' lang='grc' dir='ltr'>βροντὴν,</span> <span class='ocrx_word' id='word_1_853' title='bbox 2332 5165 2427 5217; x_wconf 65' lang='grc' dir='ltr'><strong>κα)⁴</strong></span> <span class='ocrx_word' id='word_1_854' title='bbox 2461 5163 2658 5227; x_wconf 79' lang='grc' dir='ltr'>κτίζων</span> <span class='ocrx_word' id='word_1_855' title='bbox 2682 5160 2923 5237; x_wconf 77' lang='grc' dir='ltr'>πνεῦμα.</span> <span class='ocrx_word' id='word_1_856' title='bbox 2957 5161 3088 5215; x_wconf 79' lang='lat' dir='ltr'><strong>Ecce</strong></span> <span class='ocrx_word' id='word_1_857' title='bbox 3115 5177 3206 5237; x_wconf 76' lang='lat' dir='ltr'><strong>ego</strong></span> <span class='ocrx_word' id='word_1_858' title='bbox 3240 5161 3465 5237; x_wconf 56' lang='lat' dir='ltr'><strong>ﬁrmans</strong></span> <span class='ocrx_word' id='word_1_859' title='bbox 3501 5161 3644 5214; x_wconf 82' lang='lat' dir='ltr'><strong>toni-</strong></span> 
     </span>
    </p>
   </div>
   <div class='ocr_carea' id='block_1_112' title="bbox 2059 5231 3640 5301">
    <p class='ocr_par' dir='ltr' id='par_1_112' title="bbox 2059 5231 3640 5301">
     <span class='ocr_line' id='line_1_112' title="bbox 2059 5231 3640 5301; baseline -0.004 -13"><span class='ocrx_word' id='word_1_860' title='bbox 2059 5231 2254 5300; x_wconf 71' lang='lat' dir='ltr'><strong>truum,</strong></span> <span class='ocrx_word' id='word_1_861' title='bbox 2287 5246 2337 5288; x_wconf 89' lang='lat' dir='ltr'><strong>et</strong></span> <span class='ocrx_word' id='word_1_862' title='bbox 2391 5250 2574 5288; x_wconf 84' lang='lat' dir='ltr'><strong>creans</strong></span> <span class='ocrx_word' id='word_1_863' title='bbox 2612 5231 3022 5301; x_wconf 26' lang='lat' dir='ltr'><strong>spiritum,‘non</strong></span> <span class='ocrx_word' id='word_1_864' title='bbox 3053 5240 3111 5285; x_wconf 94' lang='lat' dir='ltr'><strong>ut</strong></span> <span class='ocrx_word' id='word_1_865' title='bbox 3142 5235 3195 5285; x_wconf 80' lang='grc' dir='ltr'><strong>ιιι</strong></span> <span class='ocrx_word' id='word_1_866' title='bbox 3238 5231 3640 5299; x_wconf 82' lang='lat' dir='ltr'><strong>C0mplutens.,</strong></span> 
     </span>
    </p>
   </div>
   <div class='ocr_carea' id='block_1_113' title="bbox 2054 5297 3640 5373">
    <p class='ocr_par' dir='ltr' id='par_1_113' title="bbox 2054 5297 3640 5373">
     <span class='ocr_line' id='line_1_113' title="bbox 2054 5297 3640 5373; baseline -0.005 -13"><span class='ocrx_word' id='word_1_867' title='bbox 2054 5316 2106 5360; x_wconf 89' lang='lat' dir='ltr'><strong>et</strong></span> <span class='ocrx_word' id='word_1_868' title='bbox 2128 5297 2479 5369; x_wconf 67' lang='lat' dir='ltr'><strong>Mantiniam,</strong></span> <span class='ocrx_word' id='word_1_869' title='bbox 2494 5303 2626 5356; x_wconf 84' lang='grc' dir='ltr'>διότι</span> <span class='ocrx_word' id='word_1_870' title='bbox 2641 5297 2848 5373; x_wconf 82' lang='grc' dir='ltr'>Κύριος</span> <span class='ocrx_word' id='word_1_871' title='bbox 2867 5297 2917 5354; x_wconf 79' lang='grc' dir='ltr'>εἷ</span> <span class='ocrx_word' id='word_1_872' title='bbox 2942 5302 3197 5373; x_wconf 84' lang='grc' dir='ltr'>στερεῶν.</span> <span class='ocrx_word' id='word_1_873' title='bbox 3217 5301 3359 5369; x_wconf 83' lang='lat' dir='ltr'><strong>Quia</strong></span> <span class='ocrx_word' id='word_1_874' title='bbox 3378 5297 3640 5354; x_wconf 75' lang='lat' dir='ltr'><strong>Dominus</strong></span> 
     </span>
    </p>
   </div>
   <div class='ocr_carea' id='block_1_114' title="bbox 2054 5377 2799 5444">
    <p class='ocr_par' dir='ltr' id='par_1_114' title="bbox 2054 5377 2799 5444">
     <span class='ocr_line' id='line_1_114' title="bbox 2054 5377 2799 5444; baseline -0.003 -14"><span class='ocrx_word' id='word_1_875' title='bbox 2054 5393 2105 5430; x_wconf 85' lang='lat' dir='ltr'><strong>es</strong></span> <span class='ocrx_word' id='word_1_876' title='bbox 2130 5377 2353 5444; x_wconf 84' lang='lat' dir='ltr'><strong>ﬁrmans</strong></span> <span class='ocrx_word' id='word_1_877' title='bbox 2381 5377 2692 5431; x_wconf 81' lang='lat' dir='ltr'><strong>tonitruum.</strong></span> <span class='ocrx_word' id='word_1_878' title='bbox 2725 5377 2799 5428; x_wconf 81' lang='lat' dir='ltr'><strong>lo.</strong></span> 
     </span>
    </p>
   </div>
   <div class='ocr_carea' id='block_1_115' title="bbox 1618 5650 2069 5721">
    <p class='ocr_par' dir='ltr' id='par_1_115' title="bbox 1618 5650 2069 5721">
     <span class='ocr_line' id='line_1_115' title="bbox 1618 5650 2069 5721; baseline 0.002 -14"><span class='ocrx_word' id='word_1_879' title='bbox 1618 5654 1656 5684; x_wconf 80' lang='lat'>“</span> <span class='ocrx_word' id='word_1_880' title='bbox 1698 5650 1853 5707; x_wconf 81' lang='lat' dir='ltr'><strong>Joan.</strong></span> <span class='ocrx_word' id='word_1_881' title='bbox 1896 5667 1976 5721; x_wconf 89' lang='grc' dir='ltr'>ιιι,</span> <span class='ocrx_word' id='word_1_882' title='bbox 2016 5653 2069 5708; x_wconf 82' lang='grc'><strong>6.</strong></span> 
     </span>
    </p>
   </div>
  </div>
