4066 6146
412 342 509 394 H7

1625 343 1679 398 S.
1723 346 2052 405 GllEGOfl-ll
2109 347 2400 403 NYSSEM

3577 351 3668 408 H8

411 468 564 514 ctute
593 457 852 526 suchpil,
889 456 934 508 si
959 463 1138 508 tamen
1159 453 1210 507 id
1241 454 1478 508 boininis
1514 457 1972 516 fuisscconsiliun

2093 482 2190 533 την
2237 463 2592 532 λογίσασθαι,
2627 468 2721 518 καὶ
2753 466 2828 536 μὴ
2879 466 3029 520 θείαν
3064 466 3182 520 τινὰ
3212 468 3529 541 συμμαχίαν
3575 470 3668 523 τοῦ

411 553 745 609 censendum
782 562 885 613 est,
914 566 975 601 ac
1002 565 1108 602 non
1143 547 1382 602 divinum
1418 552 1691 618 quoddam
1724 556 1987 608 auxilium

411 650 555 715 ejus,
593 645 684 714 qui
730 645 1025 697 humanum
1072 657 1244 710 genus
1285 651 1483 695 nostra:
1532 646 1781 697 utilitatis
1819 662 1984 700 causa

411 740 697 807 gubernat.
739 735 873 789 Cum
899 749 1029 805 ergo
1085 733 1460 802 magnitudine
1519 735 1594 789 rei
1646 747 1757 789 tum
1798 738 1986 792 obstu-

409 830 673 899 puisscm,
700 827 792 896 qui
849 834 1032 879 tantus
1062 826 1150 879 ille
1182 826 1282 888 vir,
1325 841 1516 896 magna
1558 829 1709 896 prius
1743 829 1984 883 imbutus

407 920 664 990 perﬁdia,
700 917 1022 972 excellentia
1077 917 1200 971 lidei
1267 918 1487 970 modum
1530 920 1768 988 perﬁdia:
1823 938 1982 990 supe-

408 1021 605 1076 rasset,
650 1023 812 1082 atque
844 1013 896 1065 in
933 1028 1224 1082 progressu
1252 1013 1507 1081 colloquii
1545 1014 1716 1066 nostri
1750 1015 1817 1067 de
1873 1017 1982 1069 fato

408 1108 692 1161 incidisset
735 1121 949 1158 sermo:
1009 1103 1316 1173 praecepisti
1361 1105 1528 1168 mihi,
1569 1109 1874 1161 venerabile
1928 1117 1981 1161 et

408 1214 624 1252 sacrum
666 1206 852 1265 caput,
896 1196 1404 1266 utdisputationcm
1431 1196 1496 1251 de
1537 1197 1637 1251 hoc
1659 1209 1980 1268 argumento

408 1295 460 1342 in
495 1305 686 1359 magna
733 1290 1080 1344 Constantini
1120 1290 1250 1342 urbe
1291 1305 1412 1342 cum
1461 1291 1693 1358 quodam
1735 1289 1978 1358 philoso-

408 1383 513 1451 pho
535 1382 772 1435 habitam
811 1383 905 1434 tibi
941 1381 1260 1450 perlitteras
1279 1381 1629 1450 explicarem.
1674 1381 1825 1444 Quod
1858 1397 1978 1449 pau-

408 1479 516 1527 lum
554 1474 648 1529 otii
691 1483 904 1535 nactus,
932 1473 1138 1542 paucis,
1169 1472 1416 1526 oratione
1450 1483 1713 1542 quantum
1750 1471 1860 1525 fieri
1893 1491 1979 1542 po-

408 1575 516 1620 test
553 1573 857 1624 contracta,
889 1565 1120 1634 simplici
1161 1564 1490 1633 minimeque
1522 1565 1795 1616 elaborata
1847 1583 1974 1617 nar-

407 1658 620 1712 ratione
647 1655 867 1722 faciam,
904 1656 1064 1725 idque
1102 1656 1180 1710 vel
1207 1655 1439 1709 maxime
1467 1657 1703 1719 cavebo,
1742 1674 1805 1708 nc
1857 1659 1974 1726 epi—

403 1749 553 1804 stola:
580 1749 798 1802 modum
843 1748 1090 1810 excedat,
1128 1757 1287 1817 atque.
1327 1747 1390 1800 ad
1419 1747 1656 1801 lzistorim
1680 1748 1972 1818 longitudi-

404 1856 526 1893 ncm
566 1840 946 1908 protendatur.

477 1931 644 1987 Verba
681 1933 780 1986 Ieci
817 1932 1070 1985 nonnulla
1109 1929 1174 1985 de
1207 1935 1390 1984 nostra
1426 1930 1682 2000 religione
1717 1933 1829 1985 viro
1861 1934 1978 1986 cui-

400 2026 522 2077 dam
564 2033 800 2077 externa:
838 2022 1223 2092 philosophiae,
1271 2032 1328 2075 ut
1361 2039 1423 2076 ex
1456 2023 1613 2077 dictis
1645 2025 1764 2092 ejus
1802 2026 1977 2093 Conji-

399 2128 522 2166 cere
552 2113 764 2176 licebat,
809 2111 951 2164 haud
991 2111 1228 2174 indocto,
1263 2113 1418 2180 eique
1453 2112 1778 2182 persuadere
1805 2130 1974 2167 cona-

399 2205 516 2267 bar,
551 2212 608 2255 ut
639 2221 666 2254 a
712 2204 898 2256 Graeca
936 2205 1324 2272 superstitione
1351 2205 1401 2257 in
1434 2211 1672 2258 nostram
1705 2206 1972 2260 concede-

399 2304 478 2348 ret
526 2297 867 2348 sententiain.
921 2294 1102 2349 Multis
1141 2296 1284 2350 enim
1341 2295 1695 2349 confirmabat
1751 2313 1856 2351 non
1921 2300 1972 2352 in

400 2395 586 2444 nostra
616 2395 880 2455 potestate
908 2402 1026 2439 esse
1053 2388 1443 2441 sententiarum
1483 2389 1648 2440 animi
1682 2389 1970 2456 delectum,

397 2477 492 2528 scil
521 2477 753 2545 pendere
780 2478 1054 2531 hominum
1083 2481 1244 2532 vitam
1271 2496 1335 2533 ex
1365 2481 1689 2535 necessitate
1714 2485 1970 2552 quadam,

398 2571 515 2622 sine
544 2587 647 2638 qua
681 2572 810 2623 nihil
847 2573 958 2624 ticri
993 2581 1174 2640 posset
1203 2588 1389 2625 eorum
1421 2589 1539 2641 qtae
1575 2573 1765 2630 ﬁerent
1790 2578 1840 2630 in
1872 2595 1969 2631 no-

398 2661 503 2714 bis.
545 2663 721 2728 Atque
760 2663 813 2714 in
853 2663 997 2714 hunc
1030 2663 1249 2714 modum
1281 2663 1582 2718 olitionem
1622 2681 1795 2721 meam
1853 2670 1971 2722 clu-

399 2750 583 2814 debat,
622 2752 664 2802 si
694 2751 911 2820 quidem
943 2753 1045 2820 ipsi
1086 2751 1246 2807 fatale
1270 2762 1414 2809 esset
1439 2756 1547 2810 fieri
1572 2756 1966 2822 Christianum,

398 2841 640 2892 futurum
681 2857 738 2894 se
769 2842 991 2895 omnino
1035 2844 1114 2897 vel
1147 2845 1454 2901 nolentibus
1491 2850 1693 2914 nobis;
1752 2852 1835 2904 sin
1875 2853 1967 2906 fati

395 2936 724 2997 necessitate
750 2936 1149 3004 prohiberetur,
1179 2938 1285 2992 fato
1316 2956 1374 2994 se
1400 2940 1502 2994 vim
1528 2941 1788 2997 adbibere
1817 2946 1968 2997 nulla

395 3026 606 3088 ratione
640 3042 820 3096 posse.
857 3026 980 3081 [hcc
1011 3028 1099 3082 ille
1133 3023 1253 3083 cum
1281 3030 1503 3096 diceret,
1543 3032 1592 3084 id
1623 3047 1744 3086 eum
1781 3050 1963 3104 agere,

395 3117 473 3170 uti
506 3118 799 3173 verisimile
847 3128 962 3173 erat
986 3161 999 3186 ,
1037 3121 1335 3175 arbitratus
1377 3138 1520 3185 sum,
1557 3131 1613 3176 ut
1643 3125 1847 3180 (ἑταῖραι
1873 3143 1966 3180 su-
1998 3160 2038 3215 Ο

374 3212 907 3281 perstitionipcnilus
935 3212 1208 3274 addictus,
1254 3215 1386 3267 nihil
1423 3215 1488 3270 de
1513 3217 1827 3271 Christiana
1859 3219 1962 3273 [ide

395 3299 722 3366 admitteret,
759 3309 920 3370 atque
956 3303 1027 3354 ita
1064 3319 1288 3358 cursum
1332 3313 1533 3358 nostrae
1563 3308 1828 3361 orationis
1855 3307 1963 3360 ini-

391 3395 618 3464 pediret.
651 3395 848 3449 Eadem
875 3397 1018 3450 enim
1046 3409 1261 3466 semper
1282 3397 1562 3452 inculcare
1590 3415 1697 3452 non
1731 3399 1960 3464 destitit,

393 3488 574 3539 omnia
613 3487 760 3539 fatali
799 3489 1040 3556 subjecta
1072 3501 1192 3542 esse
1223 3490 1533 3543 necessitati
1559 3530 1571 3551 ,
1606 3491 1839 3544 dominm
1881 3508 1965 3547 rc-

393 3593 539 3641 rum,
575 3577 732 3646 cujus
782 3580 937 3631 nutui
980 3578 1262 3632 obedirent
1305 3581 1584 3645 universa,
1614 3583 1735 3635 vita:
1771 3585 1981 3651 modus.

396 3685 459 3722 ac
492 3670 614 3723 linis
642 3709 654 3733 ,
689 3668 1082 3724 dissimilitudo
1117 3687 1298 3725 rerum
1333 3713 1348 3738 ,
1381 3673 1597 3729 diversa
1639 3691 1838 3744 genera
1887 3679 1965 3733 vi-

396 3761 577 3825 vendi,
613 3777 905 3831 corporum
953 3765 1296 3830 constitutio,
1343 3767 1740 3837 imequalitates
1791 3773 1965 3826 bono-

394 3868 554 3919 rum,
592 3866 646 3908 ut
689 3855 915 3924 imperio
956 3858 1188 3928 quisque
1237 3860 1441 3928 potitus
1472 3862 1524 3914 in
1563 3871 1832 3932 potestate
1874 3867 1968 3918 ba-

394 3948 518 4007 beat
550 3949 754 4011 omnia,
781 3965 900 4017 qua:
919 3951 967 4004 ei
1000 3953 1109 4005 sint
1132 3951 1341 4018 fatalia,
1371 3963 1464 4008 aut
1493 3957 1696 4012 serviat
1717 3958 1967 4012 eamdem

397 4037 470 4093 ob
504 4053 750 4103 causam,
784 4039 935 4096 dives
968 4042 1095 4096 item
1134 4043 1204 4097 sit
1236 4051 1329 4096 aut
1366 4060 1592 4116 pauper,
1639 4047 1810 4100 valeat
1843 4063 1968 4102 cor-

393 4143 528 4198 pore
563 4129 648 4185 vel
676 4139 934 4202 mgrotet;
961 4133 1250 4203 brevisque
1285 4143 1338 4188 et
1365 4135 1536 4205 longa:
1569 4139 1689 4190 vita:
1715 4139 1963 4194 eamdem

395 4239 520 4281 esse
548 4239 793 4279 causam.
831 4224 965 4279 Nam
1013 4227 1127 4281 sive
1157 4228 1281 4297 quis
1311 4230 1507 4299 exiguo
1541 4237 1784 4300 tempore
1821 4234 1969 4288 vive-

393 4322 498 4379 ret,
538 4316 652 4370 sive
684 4316 851 4370 vitam
887 4317 1105 4388 longius
1151 4319 1500 4388 produceret,
1533 4338 1641 4376 non
1671 4339 1734 4379 ex
1765 4324 1967 4396 impetu

394 4415 492 4461 aut
521 4405 804 4463 affectione
831 4410 1069 4478 quadam
1102 4411 1344 4480 pr0pria,
1383 4411 1476 4466 sed
1509 4429 1575 4468 ex
1605 4413 1694 4467 illa
1729 4418 1970 4470 necessi-

2092 553 2422 617 διοικοῦντος
2463 556 2549 607 ἐπ’
2583 555 2772 626 ἀγαθῷ
2809 557 2869 608 τὸ
2897 555 3254 628 ἀνθρώπινον.
3304 556 3436 610 Τότε
3480 556 3542 628 δή
3579 575 3667 628 μοι

2089 647 2225 716 πρὸς
2269 648 2327 699 τὸ
2363 645 2662 715 παράδοξον
2718 648 3155 720 ἐκπεπληγμένῳ
3203 647 3295 702 τοῦ
3348 647 3664 718 θαύματος·

2088 736 2203 800 πῶς
2245 738 2272 788 ό
2306 737 2544 800 τοιοῦτος
2580 741 2637 791 ἐν
2673 737 2899 810 ἀπιστίᾳ
2933 738 2992 791 τὸ
3023 739 3308 810 πρότερον,
3363 737 3666 793 πολλαπλάα

2090 845 2200 889 σιον
2231 828 2306 897 τῷ
2339 828 2554 898 μεγέθει
2582 830 2678 900 τῆς
2706 829 2937 892 πίστεως
2959 829 3259 899 ὑπερέϐαλε
3282 830 3380 900 τῆς
3414 830 3666 894 ἀπιστίας

2085 921 2146 971 τὸ
2175 920 2369 990 μέτρον
2392 960 2406 983 ,
2446 921 2628 991 ἐπειδὴ
2661 938 2744 984 τις
2769 921 3066 991 προϊούσης
3095 923 3226 991 ἡμῖν
3255 922 3352 989 τῆς
3385 921 3666 984 συνουσίας

2085 1010 2194 1062 τῶν
2224 1013 2362 1064 κατὰ
2391 1013 2489 1081 τὴν
2519 1013 2856 1082 εἱμαρμένην
2887 1013 3231 1082 ζητουμένων
3281 1012 3435 1082 λόγος
3476 1014 3664 1066 ἐνέπε-

2087 1120 2198 1164 σεν,
2226 1102 2513 1169 ἐπέταξας,
2544 1098 2588 1156 ὢ
2622 1103 2773 1174 τιμία
2812 1121 2899 1174 μοι
2931 1103 3024 1156 καὶ
3047 1103 3166 1174 ἱερᾶ
3198 1103 3425 1174 κεφαλὴ,
3454 1105 3548 1174 τὴν
3573 1121 3666 1172 γε-

2083 1194 2312 1264 νομένην
2358 1197 2490 1264 πρός
2535 1213 2654 1247 τινα
2709 1196 2813 1247 τῶν
2867 1196 3172 1266 φιλοσόφων
3217 1195 3450 1260 διάλεξιν
3490 1198 3546 1248 ὲν
3597 1198 3663 1266 τῇ

2085 1285 2291 1356 μεγάλη
2325 1285 2416 1337 τοῦ
2455 1287 2862 1338 Κωνσταντίνου
2897 1287 3047 1339 πόλει
3083 1289 3208 1358 περὶ
3230 1287 3330 1356 τῆς
3353 1287 3666 1349 ὑποθέσεως

2081 1378 2281 1447 ταύτης
2336 1379 2625 1450 ἐγγράφως
2671 1396 2752 1430 σοι
2806 1379 2870 1430 δι’
2935 1379 3219 1450 ἐπιστολῆς
3278 1378 3661 1451 διηγήσασθαι.

2081 1470 2297 1538 Μικρᾶς
2331 1470 2504 1522 τοίνυν
2547 1469 2817 1540 ἐπιτυχὼν
2855 1470 3153 1541 σχολῆς,δι’
3195 1473 3410 1540 ὀλίγων,
3450 1471 3522 1536 ὼς
3554 1464 3664 1523 οἷόν

2079 1576 2135 1610 τε
2158 1601 2171 1622 ν
2204 1559 2482 1629 συντεμὼν
2518 1560 2606 1612 τὸν
2642 1560 2817 1629 λόγον,
2865 1563 3145 1633 ἐκτίθεμαί
3185 1581 3265 1616 σοι
3291 1565 3346 1616 ἐν
3378 1560 3533 1631 ἁπλῷ
3573 1561 3666 1614 καὶ

2079 1650 2540 1721 ἁκατασκευάστῳ
2561 1652 2874 1722 διηγήματι⁸
2893 1653 3289 1724 φυλασσόμενος
3311 1656 3390 1706 ὅτι
3412 1654 3662 1724 μάλιστα,

2078 1743 2138 1794 τὸ
2165 1743 2236 1814 μὴ
2257 1745 2444 1814 πόρρω
2466 1743 2572 1796 τῶν
2603 1745 3024 1814 ἐπιστολιμαίων
3052 1745 3266 1817 μέτρων
3296 1747 3546 1799 ἐκπεσεῖν
3574 1747 3662 1800 τὸν

2079 1834 2232 1900 λόγον
2269 1836 2345 1896 εἱς
2377 1835 2769 1906 λογογραφικὸν
2805 1837 2978 1906 μῆκος
3008 1838 3446 1908 άποτεινόμενον.

2152 1925 2432 1994 Προσῆγον
2473 1925 2583 1991 ἐγώ
2616 1944 2764 1990 τινας
2801 1927 2898 1995 τῆς
2935 1927 3056 1980 καθ’
3084 1931 3231 1998 ἡμᾶς
3265 1929 3544 1992 εὐσεϐείας
3572 1930 3659 1983 λό-

2079 2032 2205 2081 γους
2257 2016 2409 2084 ἀνδρί
2454 2034 2557 2068 τινι
2590 2017 3005 2088 πεπαιδευμένῳ
3045 2019 3140 2090 τὴν
3176 2019 3280 2084 ἔξω
3329 2019 3540 2088 σοφίαν,
3585 2021 3662 2084 ὡς

3318 2112 3413 2165 καὶ
3456 2112 3660 2165 πείθειν

2077 2201 2390 2271 ἐπεχείρουν
2417 2205 2479 2254 ἐκ
2510 2202 2600 2254 τοῦ
2647 2201 3001 2273 Ἑλληνισμοῦ
3033 2203 3167 2270 πρὸς
3197 2203 3292 2274 τὴν
3327 2204 3660 2272 συγκατάθε-

2079 2309 2160 2346 σιν
2187 2292 2278 2344 τοῦ
2313 2293 2431 2345 καθ’
2468 2295 2612 2364 ἡμᾶς
2656 2293 2920 2363 δόγματος
2959 2295 3379 2364 μετατάξασθαι.
3424 2296 3573 2347 Ἐπεὶ
3602 2295 3658 2347 δὲ

2077 2385 2241 2446 πολὺς
2271 2381 2339 2454 ἦν
2366 2385 2790 2448 κατασκευάζων
2818 2386 2891 2455 μὴ
2915 2388 3030 2438 κατ’
3059 2387 3304 2450 ἐξουσίαν
3337 2387 3656 2458 προκεῖσθαι

2078 2108 2202 2177 ἐνῆν
2249 2111 2311 2160 ἐκ
2358 2110 2464 2161 τῶν
2511 2110 2818 2179 λεγομένων
2872 2111 3277 2182 στοχάσασθαι,

2074 2480 2183 2539 τοῖς
2233 2478 2572 2547 βουλομένοις
2616 2477 2722 2529 τῶν
2773 2480 2914 2531 κατὰ
2962 2479 3187 2550 γνώμην
3247 2480 3343 2550 τὴν
3409 2481 3653 2550 αἵρεσιν⁴

2074 2569 2208 2621 ἀλλὰ
2237 2570 2322 2622 διά
2353 2587 2492 2632 τινος
2529 2569 2776 2633 ἐξάπτων
2819 2571 3063 2641 ἀνάγκης
3097 2572 3193 2642 τὴν
3223 2572 3328 2622 τῶν
3355 2570 3659 2641 ἀνθρώπων

2074 2658 2238 2730 ζωὴν.
2257 2657 2323 2725 ἧς
2347 2660 2472 2713 ἄνευ
2509 2660 2583 2731 μὴ
2614 2661 2678 2713 ἄν
2702 2679 2751 2713 τι
2777 2663 3028 2730 γενέσθαι
3057 2663 3162 2716 τῶν
3192 2665 3248 2715 ἐν
3280 2664 3408 2733 ἡμῖν
3436 2664 3660 2731 γινομέτ

2073 2771 2208 2808 νων.
2252 2754 2344 2804 καὶ
2374 2753 2546 2823 τούτῳ
2579 2753 2654 2823 τῷ
2689 2753 2830 2825 λόγῳ
2867 2755 2958 2808 τὸν
2984 2755 3112 2826 ἐμὸν
3152 2755 3526 2826 παρεκρούετο
3567 2757 3656 2807 λά.

2072 2863 2198 2912 γον·
2239 2847 2313 2908 ὡς
2345 2848 2390 2897 εί
2432 2847 2529 2916 μὲν
2563 2848 2816 2916 εἵμαρται
2860 2849 3008 2918 αύτῴ
3040 2849 3292 2918 γενέσθαι
3327 2848 3656 2919 Χριστιανῷ,

2071 2939 2356 3007 γενήσεται
2400 2937 2612 3002 πάντως
2651 2939 2751 2991 κᾶν
2798 2942 2958 3010 ἡμεῖς
3002 2941 3076 3012 μὴ
3121 2939 3439 3010 βουλώμεθα
3469 2957 3480 2968 ·
3511 2942 3558 2992 εί
3597 2941 3656 2992 δὲ

2073 3027 2330 3080 κωλύοιτο
2351 3032 2415 3099 τῇ
2443 3030 2542 3099 τῆς
2567 3031 2908 3100 εἱμαρμένης
2941 3032 3172 3102 ἀνάγκῃ,
3211 3030 3284 3101 μὴ
3311 3029 3374 3083 ἂν
3403 3030 3656 3098 γενέσθαι

2073 3121 2294 3172 δυνατὸν
2343 3123 2580 3189 ἐξευρεῖν
2622 3139 2742 3174 τινα
2800 3126 3045 3193 μηχανὴν
3090 3125 3124 3194 ἢ
3167 3124 3265 3193 τὴν
3319 3123 3658 3193 εἱμαρμένηὶα

2076 3212 2344 3281 βιάσεται.
2387 3211 2569 3265 Ταῦτα
2611 3215 2878 3281 λέγοντος,
2911 3215 3021 3283 ἐγὼ
3064 3216 3184 3286 μὲν,
3228 3217 3363 3286 ὅπερ
3395 3216 3539 3279 εἰκὸς
3565 3210 3654 3285 ἦν,

2075 3303 2294 3372 φεύγειν
2323 3304 2477 3374 ᾤμην
2515 3307 2675 3358 αὑτὸν
2707 3307 2767 3359 τὸ
2804 3307 2992 3376 μαθεῖν
3020 3324 3072 3359 τι
3112 3308 3240 3379 περὶ
3280 3307 3378 3377 τῆς
3421 3308 3656 3370 πίστεως

2073 3394 2150 3460 τῷ
2203 3392 2537 3464 Ἑλληνισμῴ
2586 3394 2675 3448 διὰ
2716 3396 2911 3465 βάθους
2959 3397 3294 3468 ἐγκείμενον,
3341 3399 3435 3450 καὶ
3481 3395 3653 3465 τούτῳ

2074 3489 2150 3558 τῷ
2181 3491 2367 3561 τρόπῳ
2391 3492 2488 3561 τὴν
2528 3491 2848 3544 ἀκολουθίαν
2889 3491 2981 3545 τοῦ
3011 3491 3280 3561 ἡμετέρου
3324 3492 3657 3560 παρακρούε-

2077 3581 2198 3632 σθαι
2223 3580 2401 3648 λόγου.
2443 3583 2593 3634 Ἐπεὶ
2629 3582 2683 3634 δὲ
2710 3582 2810 3633 ούκ
2847 3581 2986 3636 ἀνίει
3018 3584 3129 3644 τοῖς
3152 3582 3332 3643 αὐτοῖς
3360 3581 3651 3650 ἐπιμένων,

2075 3673 2248 3724 πάντα
2275 3674 2446 3742 λέγων
2471 3673 2798 3744 ὑπεξεῦχθαι
2822 3677 2885 3744 τῇ
2913 3675 3012 3744 τῆς
3043 3674 3381 3744 εἱμαρμένης
3411 3673 3650 3744 ἀνάγκη,

2075 3765 2331 3835 κάκείνην
2359 3768 2666 3820 ἐπιστατεῖν
2693 3767 2798 3819 τῶν
2829 3766 3016 3826 ὄντων,
3042 3767 3135 3819 καὶ
3159 3768 3222 3835 τῇ
3255 3769 3427 3836 τροπῇ
3455 3765 3654 3836 ταύτης

2077 3861 2252 3911 πάντα
2290 3859 2620 3912 ὑποκύπτειν
2670 3859 2738 3911 τὰ
2779 3858 2941 3921 ὂντα,
2998 3857 3142 3928 ζωῆς
3189 3875 3247 3910 τε
3303 3858 3478 3928 μέτρα
3505 3897 3518 3920 ,
3561 3860 3654 3909 καὶ

2075 3949 2220 4017 ἠθῶν
2249 3949 2530 4021 διαφοράς,
2559 3952 2650 4003 καὶ
2681 3950 2810 4019 βίων
2843 3949 3098 4020 αἱρέσεις,
3131 3951 3226 4002 καὶ
3255 3949 3522 4018 σωμάτων
3563 3965 3655 4000 καο

2075 4042 2342 4104 τοισκευάς
2365 4082 2378 4104 ,
2420 4044 2510 4095 καὶ
2561 4044 2657 4106 τὰς
2691 4043 2797 4095 τῶν
2830 4042 3158 4112 ἀξιωμάτων
3197 4039 3541 4110 ἀνωμαλίας·
3579 4040 3653 4100 ὡς

2076 4136 2262 4207 ἄρχειν
2289 4154 2346 4188 τε
2373 4136 2587 4198 πάντως
2617 4136 2704 4188 τὸν
2734 4135 2853 4188 καθ’
2878 4134 3214 4205 εἱμαρμένην
3237 4132 3329 4185 ἐπὶ
3354 4133 3450 4202 τὴν
3480 4129 3653 4202 ἀρχὴν

2077 4228 2369 4298 παριόντα,
2411 4228 2682 4280 δουλεύειν
2712 4245 2770 4279 τε
2810 4227 2949 4279 κατὰ
2991 4228 3088 4294 τὴν
3117 4224 3282 4294 αὐτὴν
3324 4223 3522 4285 αἰτίου,
3562 4223 3656 4274 καὶ

3096 4311 3370 4385 ἐρρῶσοαί
3399 4328 3457 4363 τε
3491 4310 3654 4363 πάλιν

2077 4410 2153 4479 τῷ
2184 4411 2423 4479 σώματι,
2459 4410 2552 4462 καὶ
2587 4409 2822 4470 ἀσθενῶς
2845 4408 2986 4477 ἔχειν
3007 4424 3020 4438 ο
3064 4407 3124 4458 τό
3156 4422 3215 4456 τε
3243 4404 3531 4476 ὠκύμορον
3561 4405 3654 4456 καί

2079 4318 2322 4370 πλουτεῖν
2352 4316 2610 4380 ὡσαύτως
2638 4318 2728 4368 καὶ
2763 4316 3020 4367 πένεσθαι
3048 4331 3058 4343 ·

393 4508 506 4554 tate
561 4514 680 4554 eam
746 4503 921 4556 :etatis
949 4501 1320 4558 diversitatem
1371 4505 1657 4562 exsistere.
1700 4506 1831 4560 Tam
1874 4523 1966 4562 vo-

2078 4503 2132 4554 τὸ
2164 4485 2478 4572 μακρόϐιον,
2501 4500 2596 4572 τὴν
2620 4500 2786 4570 αὐτὴν
2817 4499 2929 4568 ἔχει
3055 4498 3332 4552 αἱτίαν.”0
3360 4515 3416 4550 τε
3456 4496 3562 4568 γάρ
3595 4498 3654 4549 ἐν

395 4590 688 4645 luntariam
739 4608 903 4662 quam
949 4605 1193 4650 coactam
1241 4605 1470 4651 mortem
1519 4599 1587 4653 ab
1625 4599 1814 4653 eadem
1868 4616 1965 4654 ne-

395 4685 651 4737 cessitate
699 4684 896 4738 sortito
941 4685 1189 4741 decerni.
1231 4687 1387 4742 Varia
1453 4705 1650 4759 genera
1711 4690 1961 4746 violenta:

395 4771 545 4825 necis
595 4778 816 4838 propter
854 4773 1092 4829 incertos
1137 4789 1322 4842 casus,
1361 4777 1476 4833 sive
1510 4778 1926 4836 suﬂocationem
1952 4819 1967 4846 ,

397 4863 512 4916 sive
547 4862 872 4916 sententiam
910 4864 1158 4933 judicum
1188 4907 1202 4930 ,
1241 4868 1354 4923 sive
1407 4869 1638 4926 insidias
1688 4872 1970 4928 imminen-

394 4961 510 5017 tes;
543 4952 728 5007 clades
765 4966 1025 5022 prmterea
1071 4957 1156 5012 bis
1179 4959 1350 5029 magis
1381 4974 1700 5016 communes
1727 5003 1740 5028 ,
1776 4972 1827 5018 et
1857 4965 1971 5017 uni-

389 5043 655 5110 versales,
682 5052 837 5098 terra:
863 5054 1064 5112 motus,
1086 5049 1778 5120 naufragia,inundationes
1804 5067 1970 5122 aqua-

391 5155 552 5206 rum,
603 5137 852 5192 incendia
880 5177 893 5200 ,
945 5148 997 5192 et
1043 5141 1226 5192 omnia
1259 5142 1312 5195 id
1348 5157 1518 5212 genus
1554 5144 1659 5196 alia
1714 5144 1854 5198 mala
1905 5160 1970 5200 ex

392 5228 484 5282 illa
523 5243 688 5282 causa
731 5228 964 5298 pendere
997 5227 1244 5293 dicebat,
1284 5232 1625 5302 addebatque
1659 5233 1780 5287 vita:
1804 5233 1967 5287 etiam

394 5317 644 5374 instituta
674 5337 1014 5397 nequaquam
1049 5335 1169 5375 esse
1203 5321 1256 5376 in
1281 5324 1546 5392 capientis
1575 5323 1802 5377 arbitrio
1829 5363 1843 5387 ,
1875 5324 1973 5380 sed

396 5423 586 5466 omnes
616 5416 817 5482 potenti
852 5414 961 5466 fato
1012 5414 1232 5473 servire.
1280 5415 1394 5468 sive
1426 5417 1481 5468 in
1526 5417 1966 5485 philosophiam,

397 5501 510 5555 sive
541 5502 594 5554 in
633 5504 995 5573 eloquentiam
1048 5505 1399 5569 incumbant,
1433 5508 1545 5559 sive
1577 5523 1736 5578 agros
1765 5508 1966 5569 colant,

399 5596 513 5649 sive
546 5597 816 5651 nauticam
850 5598 1050 5651 faciant
1081 5642 1094 5661 ,
1134 5599 1248 5654 sive
1285 5598 1646 5669 conjugalem,
1672 5601 1784 5654 sive
1814 5601 1968 5653 ueli-

400 5687 516 5740 bcm
577 5687 738 5740 vitam
776 5688 1080 5743 instituant.
1133 5691 1195 5743 lit
1233 5691 1447 5746 virtutis
1496 5701 1547 5744 ct
1582 5691 1692 5744 vitii
1722 5691 1967 5747 canit-lem

402 5795 519 5837 esse
551 5797 805 5850 inuisam,
840 5791 890 5835 ut
923 5797 1018 5852 pro
1051 5783 1371 5838 imruiuabili
1402 5785 1489 5837 illa
1520 5785 1800 5840 sortitione
1833 5785 1968 5838 alius

2076 4595 2239 4664 ὀλίγῳ
2274 4592 2558 4664 μετασχὼν
2588 4593 2688 4663 τῆς
2728 4592 2892 4662 ζωῆς,
2922 4593 3016 4644 καὶ
3056 4593 3111 4643 ἐν
3143 4589 3339 4660 μακρῷ
3375 4589 3452 4659 τῷ
3479 4588 3654 4660 χρόνῳ

2079 4687 2413 4757 παρατείνας
2444 4685 2535 4738 τὸν
2569 4685 2703 4754 βίον,
2734 4685 2794 4737 οὐ
2820 4683 2962 4737 κατὰ
2986 4683 3189 4736 οἰκείαν
3222 4683 3418 4753 ὁρμὴν,
3456 4679 3570 4733 ἁλλ’
3591 4682 3656 4733 ἐκ

2075 4779 2175 4848 τῆς
2205 4779 2446 4846 ἀνάγκης
2489 4777 2703 4846 ἐκείνης
2737 4777 2793 4829 ἐν
2836 4775 3078 4846 ἐκατέρῳ
3119 4775 3377 4844 ἑκάτερος
3405 4773 3614 4841 γίνεται
3637 4787 3653 4802 ·

2075 4869 2166 4921 τόν
2196 4885 2254 4920 τε
2280 4867 2583 4937 αὐτόματον
2619 4867 2712 4919 καὶ
2741 4866 2830 4918 τὸν
2869 4864 3280 4936 ἠναγκασμένον
3311 4865 3539 4918 θάνατον
3579 4863 3656 4934 μὴ

2077 4959 2248 5022 ἄλλως
2280 4958 2312 5028 ἦ
2363 4961 2490 5029 παρ’
2523 4959 2735 5029 ἐκείνης
2764 4955 3203 5027 άποκληροῦσθαι
3227 5000 3241 5023 ,
3271 4956 3365 5009 τοῦ
3395 4971 3452 5007 τε
3481 4955 3656 5026 βιαίου

2079 5051 2308 5103 θανάτου
2339 5052 2436 5113 τας
2460 5051 2830 5122 πολυτρόπους
2857 5049 3138 5122 διαφοράς,
3169 5051 3226 5101 ἐν
3257 5047 3658 5118 συμπτώμασιν

2079 5143 2111 5214 ἢ
2143 5141 2416 5212 ἀγχόναις,
2444 5142 2475 5212 ἢ
2507 5142 2671 5212 ψήφῳ
2693 5143 2998 5212 δικαστικῇ,
3031 5142 3064 5211 ἢ
3092 5141 3182 5193 καὶ
3211 5140 3328 5193 κατ’
3366 5139 3658 5210 ἐπιϐουλὴν

2079 5234 2444 5304 ἐπαγομένας.
2480 5235 2588 5288 Καὶ
2623 5235 2689 5286 τὰ.
2732 5233 2811 5286 έτι
2854 5233 3060 5286 τούτων
3109 5231 3516 5302 καθολικώτερα
3564 5233 3659 5284 καὶ

2079 5325 2586 5396 περιληπτικώτερα
2625 5324 2770 5393 πάθη
2797 5364 2811 5389 ,
2843 5325 3097 5393 σεισμοὺς
3135 5322 3228 5374 καὶ
3254 5323 3486 5390 ναυάγια
3507 5363 3521 5386 ,
3564 5323 3660 5373 καὶ

2079 5417 2387 5481 ἐπικλύσεις
2409 5417 2634 5480 ὑδάτων,
2669 5421 2760 5468 καὶ
2792 5416 2890 5477 τὰς
2915 5419 2976 5468 ἐκ
3005 5415 3172 5484 πυρὸς
3209 5414 3493 5485 συμςεοράς
3521 5454 3536 5476 ,
3560 5413 3658 5466 καὶ

2078 5514 2174 5564 ὅσα
2215 5510 2437 5563 τοιαῦτα
2470 5507 2584 5579 εἴδη
2637 5507 2822 5562 κακῶν
2865 5507 3041 5560 πάντα
3088 5505 3187 5576 τῆς
3229 5507 3408 5571 αἰτίας
3442 5504 3659 5576 ἐκείνης

2079 5599 2346 5664 ἐξάπτων,
2384 5597 2687 5669 προσετίθει
2729 5597 2819 5649 καὶ
2863 5597 2970 5650 τῶν
3018 5597 3158 5649 κατά
3197 5595 3289 5649 τὸν
3320 5596 3433 5666 βίον
3461 5597 3658 5666 5m"?

2078 5692 2166 5743 ὃευ
2177 5692 2359 5761 μάτων
2389 5689 2636 5760 μηδαμοῦ
2670 5689 2758 5744 τὸν
2789 5689 3044 5761 λογισμὸν
3083 5691 3175 5744 τοῦ
3199 5691 3522 5763 αἱρουμένου
3555 5709 3655 5744 κυ-

2268 5778 2290 5796 τ

2083 5803 2193 5855 {xm
2243 5782 2395 5835 εἶναι’
2453 5783 2655 5847 πάντας
2703 5782 2756 5847 δέ
2807 5783 2884 5854 τῷ
2932 5783 3119 5858 κράτει
3176 5784 3266 5856 τῆς
3316 5783 3657 5857 εἱμαρμένης
