4066 6146
424 214 534 275 HD

1791 232 2074 290 CONTRA
2108 236 2363 294 FATUM.

3566 250 3668 309 £50

424 332 852 404 ὖπηρετοῦντας,
885 335 916 406 ἢ
950 336 1275 406 φιλοσοφεῖν,
1312 339 1342 409 ἢ
1386 341 1719 413 ῥητορεύειν,
1750 343 1781 413 ἢ
1816 360 1992 415 γεωρ-

2120 346 2314 402 rivendi
2347 365 2521 420 genus
2560 350 2702 403 colat
2729 351 3020 406 sublimius
3041 392 3054 417 ,
3087 352 3266 422 ineps,
3303 365 3357 409 et
3382 355 3609 412 liberum
3645 377 3663 415 :

417 425 561 488 γεϊν,
589 424 622 494 ἢ
657 425 1061 491 ναυτίλλεσθαι,
1100 428 1132 499 ἢ
1160 431 1217 481 ὲν
1244 429 1405 501 γάμῳ
1439 431 1557 501 ζῇν,
1592 433 1623 501 ἢ
1660 432 1748 484 τὸν
1782 433 1997 504 ἄγαμον

426 514 697 584 αἱρεῖσθαι
726 515 862 585 βίον,
897 518 1097 588 ἀρετῆς
1120 536 1179 572 τε
1213 521 1306 573 καὶ
1338 521 1534 585 κακίας
1556 522 1653 591 τὴν
1676 522 1845 596 αὐτὴν
1870 524 1994 579 ἀνά-

427 620 567 673 γκην
610 601 748 657 εἶναι
773 605 1149 678 διισχυρίζετο.
1177 610 1339 663 Ὥστε
1365 612 1503 665 κατὰ
1530 612 1625 685 τὴν
1647 613 2001 684 ἀπαράϐατον

428 694 632 766 ταύτην
665 698 1072 768 ἀποκλήρωσιν,
1111 700 1201 754 τὸν
1253 698 1354 768 μὲν
1400 705 1466 774 τῇ
1499 703 1805 776 ὑψηλοτέρα
1835 721 2003 775 προσ-

428 787 645 857 ανέχειν
678 787 788 859 ζωῇ
823 790 879 841 ὲν
910 790 1176 862 ἁκτήμονι
1210 794 1302 844 καὶ
1335 792 1621 865 ἐλευθερίῳ
1661 794 1840 859 ζῶντα
1863 794 1962 865 βίῳ
1986 810 1999 824 ·

427 877 618 947 ἕτερον
652 877 710 930 δὲ
737 919 750 943 ,
783 876 1242 950 τυμϐωρυχεῖν,ἢ
1276 880 1635 952 πειρατεύειν,
1669 881 1704 954 ἡ
1738 880 2005 935 ἁσωτεύε-

433 966 583 1031 σθαι,
610 967 644 1037 ἢ
673 966 749 1037 τῷ
778 967 1039 1039 ἑταιρικῷ
1073 969 1172 1040 βίῳ
1199 968 1656 1040 ἀποθηλύνεσθαι.
1686 974 1796 1026 Καὶ
1828 974 2004 1027 πάντα

433 1059 503 1111 τά
528 1057 753 1111 τοιαῦτα
783 1058 1014 1126 διεξιὼν,
1044 1059 1269 1131 ἰσχυρὰν
1292 1059 1430 1132 ᾤετο
1469 1060 1561 1115 τοῦ
1600 1062 1677 1133 μὴ
1705 1064 2007 1134 παραδέξα-

438 1149 563 1203 σθαι
589 1150 681 1204 τὸν
718 1150 874 1219 λόγον
910 1152 1067 1221 ἡμῶν
1093 1152 1269 1206 αἰτίαν
1301 1153 1657 1225 ἐπιδεδεῖχθαι
1680 1197 1694 1220 ,
1729 1155 1790 1208 τὸ
1819 1156 1892 1227 μὴ
1920 1157 2004 1226 ἐφ’

436 1241 567 1310 ἡμῖν
594 1235 731 1293 εἶναι
756 1231 985 1311 ὃπερῖν
1013 1241 1256 1312 θέλωμεν
1282 1243 1402 1296 κατ’
1435 1244 1683 1308 ἐξουσίαν
1713 1246 2003 1317 αἱρεῖσθαι,

439 1332 575 1386 ἀλλὰ
596 1332 703 1384 δεῖν
733 1334 1021 1402 ἀναμεῖναι
1052 1335 1151 1405 τὴν
1176 1334 1420 1405 ἀνάγκην
1443 1336 1658 1408 ἐκείνην
1682 1378 1695 1402 ,
1728 1334 1795 1410 ἦς
1828 1338 1888 1392 τὸ
1922 1340 2007 1393 ὲν-

441 1427 656 1495 δόσιμον
696 1427 831 1496 πρὸς
867 1425 965 1498 τήν
990 1427 1248 1499 τοιαύτην
1288 1429 1462 1502 ὁρμὴν
1507 1429 1891 1501 παρασχούσης
1920 1433 2006 1485 ἐπ’

443 1517 685 1588 ἀνάγκης
706 1517 841 1572 εἶναι
876 1518 1207 1589 προσθέσθαι
1230 1519 1307 1591 τῷ
1335 1521 1495 1592 λόγῳ,
1521 1522 1616 1575 καὶ
1645 1521 1720 1592 μὴ
1752 1521 2007 1593 βουλόμε-

2105 436 2247 491 alius
2273 438 2524 508 sepulcra
2555 440 2756 504 violet,
2803 449 2895 493 aut
2929 441 3215 508 piraticam
3253 456 3543 513 exerceat,
3573 460 3666 505 aut

2106 528 2329 598 prodige
2358 533 2521 595 vivat,
2554 536 2649 583 aut
2677 531 2984 586 meretricio
3009 532 3133 588 vitae
3162 548 3363 604 genere
3384 536 3666 597 en'emlne-

2106 626 2213 670 tur.
2252 616 2463 684 Quibus
2497 618 2751 674 omnibus
2772 622 3100 690 percensitis
3121 666 3136 690 ,
3170 624 3380 681 tirmam
3406 643 3464 685 se
3504 641 3665 700 puta—

2105 709 2196 764 bat
2243 726 2350 765 non
2399 711 2748 766 admittenda
2801 721 3003 768 nostra:
3051 717 3315 772 orationis
3364 719 3670 778 reddidisse

2103 800 2405 865 rationem,
2438 816 2564 856 cum
2608 818 2717 856 non
2754 812 2902 858 esset
2946 804 3001 859 in
3043 821 3207 861 manu
3264 817 3491 877 nostra,
3523 813 3667 880 quod

2104 891 2427 963 liberet,pro
2455 892 2721 947 arbitratu
2744 893 3042 964 suscipere,
3056 898 3150 952 sed
3178 898 3271 952 illa
3297 898 3436 955 foret
3474 916 3671 971 exspe-

2104 983 2300 1057 ctanda
2341 984 2643 1040 necessitas
2680 999 2693 1035 :
2728 999 2849 1056 qua:
2894 985 2942 1041 si
2967 1002 3130 1056 quem
3174 989 3230 1045 in
3265 1005 3385 1046 eam
3428 1000 3665 1047 mentem

2105 1082 2365 1146 tanquam
2402 1076 2561 1147 signo
2588 1075 2716 1132 dato
2759 1078 3102 1147 impulisset,
3160 1082 3395 1137 orationi
3447 1098 3671 1139 necesse

2106 1182 2227 1223 esse
2250 1176 2308 1222 ut
2330 1168 2414 1223 vel
2441 1169 2634 1225 nolens
2653 1171 2987 1226 asscntiatur
3009 1188 3023 1226 :
3048 1171 3193 1242 quod
3211 1172 3331 1228 sine
3354 1172 3465 1237 illa,
3490 1189 3673 1243 quam-

2106 1259 2190 1314 vis
2238 1274 2569 1330 magnOpere
2600 1261 2792 1327 vellet,
2824 1260 2942 1317 fieri
2975 1277 3082 1318 non
3127 1270 3334 1333 posset.
3376 1263 3668 1333 Postquam

2106 1347 2222 1403 haec
2246 1347 2334 1404 ille
2358 1356 2415 1404 et
2437 1349 2557 1420 ejus
2581 1350 2798 1420 generis
2825 1352 2930 1406 alia
2956 1352 3326 1419 disseruisset,
3360 1352 3671 1410 sciscitatus

2106 1454 2175 1495 ex
2202 1453 2269 1495 eo
2298 1454 2442 1506 sum,
2477 1439 2719 1497 Deumne
2744 1442 3054 1513 quempiam
3076 1430 3085 1440 ’
3111 1458 3234 1499 esse
3267 1452 3482 1514 putaret
3511 1484 3526 1508 ,
3576 1444 3673 1500 fati

2109 1530 2331 1585 nomine
2365 1531 2724 1602 appellatum,
2759 1534 2854 1603 qui
2884 1533 3130 1589 omnium
3172 1549 3356 1590 rerum
3387 1535 3671 1605 potiretur,

440 1627 564 1663 νον·
609 1609 734 1663 ἀνευ
774 1610 832 1662 δὲ
878 1611 1119 1683 ἐκείνης,
1167 1612 1260 1666 καὶ
1303 1612 1509 1683 σφόδρα
1554 1614 2007 1685 προαιρουμένου,

2120 1628 2163 1674 et
2190 1620 2348 1690 cujus
2378 1621 2664 1677 voluntate
2698 1621 2955 1679 universa
2981 1623 3229 1680 crederet
3278 1621 3673 1680 administrari.

442 1702 518 1770 μὴ
543 1700 764 1753 δυνατὸν
793 1697 930 1754 εἶναι
964 1701 1237 1770 γενέσθαι.
1279 1704 1420 1771 Ἐγὼ
1448 1704 1504 1758 δὲ
1528 1702 1698 1758 ταῦτα
1723 1705 1885 1758 αὐτοῦ
1917 1708 2009 1761 καὶ

2120 1710 2183 1765 At
2216 1711 2305 1767 ille
2335 1727 2420 1767 me
2445 1713 2514 1767 ob
2560 1727 2680 1768 eam
2713 1713 3198 1783 interrogationem
3230 1713 3551 1784 ignorantia:
3579 1728 3675 1769 no-

437 1795 508 1848 τά
552 1795 778 1849 τοιαῦτα
812 1795 1134 1864 διεξιόντος,
1162 1799 1379 1870 ἠρόμην
1415 1800 1597 1865 αὑτὸν,
1641 1803 1689 1853 εἱ
1727 1801 1858 1855 Θεόν
1890 1818 2011 1855 τινα

2120 1799 2259 1856 mine
2287 1816 2397 1854 non
2450 1800 2644 1856 leviter
2673 1802 2986 1858 accusabat.
3031 1801 3149 1856 Non
3181 1802 3384 1857 videris
3412 1843 3426 1868 ,
3469 1803 3670 1872 inquit,

439 1887 611 1947 οἴεται
632 1888 722 1939 τὸν
748 1887 889 1941 κατά
925 1889 1138 1942 πάντων
1187 1892 1378 1961 ἔχοντα
1418 1892 1635 1961 κράτος,
1675 1894 1764 1945 τὸν
1794 1892 1869 1964 τῷ
1900 1892 2012 1946 όνόσ

444 1995 574 2048 ματι
603 1977 701 2048 τῆς
732 1979 1070 2051 εἱμαρμένης
1116 1981 1560 2054 ἀποκαλούμενον
1582 2026 1596 2050 ,
1637 1979 1697 2040 οὗ
1723 1985 1799 2056 τῷ
1823 1986 2014 2056 βουλή-

447 2088 577 2141 ματι
612 2069 678 2123 τὰ
713 2069 835 2123 καθ’
860 2071 1087 2126 ἕκαστον
1109 2074 1510 2144 οἰκονομεῖσθαι
1535 2076 1913 2129 πεπίστευκεν.
1954 2076 2012 2127 'O

439 2159 499 2214 δὲ
535 2161 734 2233 πολλήν
760 2180 859 2233 μου
897 2165 1200 2233 καταγνοὺς
1237 2165 1565 2238 ἀϐελτηρίαν
1609 2170 1665 2220 έν
1706 2166 1780 2237 τῷ
1809 2167 2013 2237 ἐρωτή-

448 2271 603 2322 ματι,
652 2251 726 2307 Οὔ
756 2272 846 2324 μοι
876 2254 1050 2319 δοκεῖς
1078 2256 1556 2328 κατανενοηκέναι,
1597 2260 1749 2328 φησὶ,
1782 2257 1889 2310 τῶν
1925 2258 2014 2309 ού-

447 2344 647 2415 ρανίων
682 2345 853 2398 οὐδέν.
889 2341 969 2398 Ἦ
1001 2346 1109 2418 γάρ
1136 2347 1201 2401 ἂν
1229 2347 1400 2416 ἔγνως
1433 2350 1531 2416 τῆς
1561 2350 1897 2421 εἱμαρμένης
1916 2352 2013 2420 τὴν

441 2436 705 2507 δύναμιν,
762 2438 857 2490 καὶ
909 2438 1055 2502 ὅπως
1113 2439 1427 2510 κατελήφθη
1480 2440 1588 2494 τῶν
1650 2440 1770 2494 καθ’
1826 2441 2014 2513 εἱρμὸν

443 2526 816 2597 ἀπαραόάτως
864 2528 1160 2600 γινομένων
1210 2531 1242 2599 ἡ
1291 2529 1537 2600 δύναμις.
1610 2529 1775 2600 Ἐμοῦ
1831 2531 1886 2583 δὲ
1923 2533 2015 2584 καὶ

447 2618 585 2687 πρὸς
617 2619 804 2672 τοῦτον
836 2619 1302 2693 ξενοφωνουμένου
1328 2622 1418 2674 τὸν
1445 2622 1622 2691 λόγον,
1646 2624 1739 2676 καί
1770 2641 1820 2676 τι
1856 2624 2015 2691 σαφέ-

446 2727 638 2782 στερον
669 2710 943 2776 ἀξιοῦντος
980 2711 1188 2782 μαθεῖν,
1223 2714 1449 2783 πότερον
1479 2713 1705 2785 δύναμίν
1738 2731 1858 2767 τινα
1891 2731 2019 2785 προ-

444 2803 735 2872 αιρετικὴν
764 2802 1068 2874 αὐτοκρατῆ
1111 2820 1169 2856 τε
1206 2805 1296 2857 καὶ
1327 2804 1636 2870 ἀδέσποτον,
1673 2807 1729 2859 έν
1758 2806 2015 2876 ὑπερκει--

449 2894 591 2963 μένῃ
622 2893 731 2945 τινὶ
757 2892 971 2964 ἐξουσίᾳ
994 2893 1366 2965 θεωρουμένην
1393 2894 1489 2966 τὴν
1517 2896 1854 2967 εἱμαρμένην
1883 2891 2018 2948 εἶναι

2114 1889 2247 1944 mihi
2281 1889 2580 1960 quidquam
2615 1891 2921 1946 cmlestium
2960 1906 3140 1946 rerum
3171 1892 3502 1961 percepisse.
3538 1891 3677 1945 Alio-

2112 1980 2245 2050 quin
2299 1980 2444 2034 enim
2495 1981 2846 2049 cognovisses
2904 1980 3148 2051 profecto
3188 1981 3292 2035 vim
3330 1981 3474 2045 fati,
3536 1980 3679 2036 unde

2116 2070 2325 2125 scilicet
2374 2079 2428 2125 et
2455 2072 2731 2141 quomodo
2767 2072 3105 2142 deprehensa
3152 2073 3223 2126 sit
3256 2073 3338 2127 vis
3370 2088 3555 2128 rerum
3585 2073 3680 2125 im-

2114 2161 2361 2216 mutabili
2399 2163 2632 2231 quadam
2665 2164 2807 2219 serie
2855 2178 3105 2233 nexuque
3146 2164 3531 2219 evenientium.
3568 2162 3681 2234 Ego

2115 2253 2385 2310 sermonis
2418 2255 2657 2309 novitate
2681 2252 3112 2324 obstupefactus,
3158 2268 3282 2307 eum
3312 2268 3588 2323 rogassem
3622 2264 3679 2308 ut

2114 2358 2200 2399 me
2219 2344 2381 2414 paulo
2403 2343 2607 2398 clarius
2626 2342 2899 2408 edoceret,
2928 2351 3109 2397 utrum
3136 2342 3302 2397 fatum
3334 2342 3479 2413 quod
3499 2342 3679 2396 animo

2117 2434 2375 2501 ﬁngeret,
2404 2434 2513 2489 vim
2541 2434 2832 2504 quamdam
2866 2435 3230 2489 voluntariam
3257 2473 3270 2497 ,
3310 2434 3559 2499 liberam,
3594 2434 3679 2488 sui

2111 2526 2275 2593 juris,
2310 2540 2641 2597 summaque
2664 2526 2938 2594 potentiae,
2970 2541 3038 2579 an
3070 2540 3199 2580 vero
3231 2526 3378 2579 aliud
3400 2525 3679 2595 quidpiam

2116 2617 2185 2669 ab
2219 2617 2310 2670 illa
2365 2618 2640 2673 diversum
2682 2632 2805 2674 esse
2848 2624 3111 2673 statueret
3159 2636 3172 2671 :
3207 2617 3398 2671 eadem
3450 2615 3679 2686 repetita

2116 2708 2399 2764 oratione:
2441 2708 2566 2775 Qui,
2597 2709 2773 2779 inquit
2794 2748 2810 2772 ,
2840 2708 3235 2777 contemplatus
3263 2716 3347 2763 est
3379 2706 3681 2762 caelestium

2117 2815 2405 2868 corporum
2460 2809 2708 2862 motum,
2763 2800 3043 2855 zodiacum
3095 2798 3402 2865 circulum,
3455 2797 3683 2866 ejusque

2118 2890 2443 2954 duodecim,
2494 2906 2615 2961 quae
2667 2890 2721 2945 in
2767 2904 2833 2945 eo
2880 2889 3333 2960 conspiciuntury,
3394 2895 3677 2958 segmenta

448 2982 807 3052 φαντάζεται,
840 2984 870 3053 ἧ
900 2984 1027 3038 ἄλλο
1064 3001 1115 3036 τι
1145 2984 1290 3056 παρὰ
1321 2986 1477 3039 τοῦτο
1522 2986 1787 3056 ὑπείληφε
1806 3027 1822 3052 ,
1860 2986 2017 3041 πάλιν

2124 2984 2463 3055 aequabiliter
2498 2985 2638 3039 inter
2674 3000 2731 3041 se
2765 2983 2957 3039 dissita
2997 3003 3011 3038 :
3046 2999 3147 3040 nec
3185 2999 3296 3037 non
3337 2981 3682 3052 singulorum

445 3077 539 3129 τὸν
575 3076 736 3129 αὐτὸν
776 3076 1131 3130 έπαναλαδὼν
1162 3076 1335 3145 λόγον,
1374 3077 1433 3130 Ὀ
1453 3077 1561 3131 τῶν
1596 3077 1877 3149 οὐρανίων,
1912 3095 2016 3148 φη-

453 3168 558 3230 σὶν,
602 3166 1148 3238 ἐπεσκεμμένοςτὴν
1193 3168 1423 3239 κίνησιν,
1472 3168 1561 3221 τόν
1597 3185 1655 3220 τε
1697 3167 2018 3237 ζωδιοφόρον

453 3258 669 3322 κύκλον,
716 3259 811 3311 καὶ
859 3259 927 3312 τά
959 3261 1017 3311 ὲν
1062 3258 1208 3329 αὐτῷ
1240 3259 1559 3312 δυοκαίδεκα
1604 3260 1902 3329 τμήματα,
1951 3259 2016 3328 τῇ

456 3351 769 3419 περιγραφῇ
804 3347 909 3400 τῶν
944 3347 1388 3419 ὲνθεωρουμένων
1420 3347 1623 3411 ζωδίων
1669 3347 1735 3400 δι’
1773 3347 1886 3400 ἴσου
1925 3346 2018 3400 ἀπ’

456 3440 699 3512 ἀλλήλων
748 3439 1086 3511 διεστηκότα,
1132 3439 1362 3494 ἑκάστου
1410 3457 1469 3493 τε
1516 3441 1623 3492 τῶν
1662 3440 1875 3511 ἄστρων
1922 3439 2020 3510 τὴν

456 3530 681 3600 δύναμιν
716 3533 1058 3602 κατανοήσας
1083 3570 1097 3594 ,
1149 3532 1262 3584 τίνα
1305 3532 1404 3601 μὲν
1448 3531 1530 3601 ἐφ’
1566 3531 1758 3585 ἑαυτοῦ
1790 3532 2020 3586 ’ἑκαστον

454 3623 519 3675 ἐκ
558 3621 769 3690 φύσεως
802 3622 951 3692 ἰσχὺν
982 3619 1092 3691 ἔχει
1113 3638 1127 3652 ·
1160 3620 1210 3674 τί
1241 3622 1296 3675 δὲ
1323 3624 1357 3693 ή
1386 3621 1597 3685 σύνοδος
1626 3621 1803 3674 αὐτῶν
1840 3623 1903 3676 ἐκ
1923 3623 2021 3693 τῆς

457 3714 615 3775 ποιᾶς
651 3711 786 3783 πρὸς
818 3710 1021 3781 ἀλληλα
1049 3711 1293 3782 κράσεως
1326 3711 1716 3782 ἀπεργάζεται,
1751 3711 1848 3780 τῆς
1882 3711 2021 3766 κατά

456 3803 684 3873 δύναμιν
724 3803 951 3858 ἑκάστου
995 3801 1170 3855 αὐτῶν
1216 3801 1475 3872 ἰδιότητος
1527 3801 1809 3872 μιχθείσης
1849 3819 1906 3855 τε
1945 3802 2023 3873 τῷ

456 3893 849 3966 προσεγγισμῷ
873 3894 1006 3965 πρὸς
1039 3894 1134 3966 τὴν
1162 3894 1376 3963 ἑτέραν,
1410 3895 1503 3947 καὶ
1528 3893 1917 3965 ἀποκριθείσης
1937 3893 2023 3948 διὰ

452 3985 553 4054 τῆς
585 3986 933 4048 ἀποστάσεως
953 4004 967 4017 ο
996 3985 1045 4038 τί
1078 4002 1136 4037 τε
1171 3984 1330 4038 πάλιν
1363 3987 1395 4055 ἡ
1423 3983 1515 4039 τοῦ
1549 3984 1854 4056 κατωτέρου
1894 3985 2025 4039 ὑπό-

453 4075 613 4136 East:
656 4077 976 4147 ἐργάζεται·
1022 4078 1115 4135 καὶ
1159 4076 1210 4128 τί
1245 4076 1277 4147 ή
1313 4076 1407 4131 τοῦ
1446 4077 1837 4148 ὑπερκειμένου
1884 4076 2025 4132 κατά

452 4167 554 4238 τὴν
586 4166 814 4237 πάροδον
835 4166 1094 4236 ἔκλειψις,
1113 4167 1207 4220 καὶ
1236 4166 1397 4220 πάλιν
1424 4166 1885 4230 ἀποκατάστασις,
1915 4168 1943 4222 ὅ
1965 4185 2024 4221 τε

454 4259 698 4322 ποικίλος
727 4257 834 4311 τῶν
865 4258 1150 4312 συνιόντων
1179 4275 1237 4312 τε
1270 4259 1363 4312 καὶ
1392 4258 1775 4330 ἀφισταμένων
1808 4275 2024 4330 σχημα-

2127 3083 2404 3132 astrorum
2440 3074 2754 3129 facultatem
2790 3088 2854 3129 ac
2888 3075 3034 3130 vires
3056 3090 3193 3148 quas
3220 3090 3316 3145 per
3344 3089 3404 3131 se
3427 3073 3685 3144 quodque

2123 3168 2178 3222 in
2207 3176 2329 3221 ortu
2365 3180 2464 3221 suo
2494 3165 2655 3219 habet
2687 3184 2700 3218 :
2735 3164 2867 3234 quid
2893 3181 3081 3219 eorum
3104 3165 3297 3220 elficiat
3329 3178 3683 3234 congressus,

2123 3257 2360 3329 pr0priis
2389 3256 2731 3327 singulorum
2769 3255 3064 3311 virtutibus
3092 3255 3235 3310 inter
3259 3270 3319 3311 se
3344 3254 3683 3325 temperatis,

2123 3353 2237 3406 sive
2281 3364 2361 3404 eae
2400 3347 2880 3412 commisceantur,
2930 3354 2990 3402 ut
3031 3362 3156 3401 cum
3200 3353 3411 3402 astrum
3457 3347 3688 3400 alterum

2123 3438 2519 3510 appropinquat
2544 3437 2722 3502 alteri,
2754 3437 2867 3493 sive
2894 3444 3275 3500 secernantur,
3314 3444 3373 3491 ut
3409 3451 3534 3491 cum
3551 3436 3686 3491 alte-

2123 3544 2244 3585 rum
2261 3529 2329 3584 ab
2345 3528 2516 3583 altero
2539 3527 2749 3584 recedit
2771 3547 2783 3583 :
2809 3527 2937 3597 quid
2962 3529 3089 3582 item
3113 3526 3390 3583 inferioris
3412 3540 3686 3586 recessus.

2123 3619 2251 3691 quid
2282 3619 2582 3690 superioris
2612 3619 2669 3674 in
2703 3619 2935 3674 transitu
2971 3617 3206 3673 defectio
3230 3659 3245 3683 ,
3278 3617 3408 3687 quid
3440 3614 3688 3685 ejusdem

2124 3710 2402 3766 restitutio
2434 3728 2447 3763 :
2480 3708 2612 3781 quid
2637 3709 2794 3764 varia
2823 3708 3290 3779 congredientium
3310 3716 3364 3763 et
3382 3707 3691 3777 digredien-

2127 3801 2261 3856 tium
2278 3799 2474 3863 forma,
2506 3800 2624 3854 sive
2641 3799 2921 3870 trianguli,
2943 3800 3057 3855 sive
3080 3798 3310 3866 scaleni,
3336 3805 3431 3853 aut
3451 3798 3495 3853 si
3523 3812 3688 3868 quam

2127 3895 2286 3949 aliam
2311 3893 2694 3965 geometricam
2736 3891 2965 3960 figuram
2991 3890 3281 3947 referunt”:
3319 3889 3411 3960 qui
3436 3889 3570 3953 haec,
3599 3887 3683 3943 in-

2126 3986 2265 4058 quit,
2296 3994 2350 4041 et
2382 3983 2699 4056 bujusmodi
2723 3984 2827 4037 alia
2850 3979 3691 4053 perspexerit,scietfatinomine

2124 4076 2180 4133 id
2211 4074 2546 4145 significari,
2601 4071 2745 4143 quod
2795 4071 2935 4126 serie
2966 4069 3203 4141 quadam
3238 4067 3563 4123 immutabili
3594 4082 3693 4137 pro

2127 4166 2406 4221 stellarum
2463 4162 2851 4233 conjunctione
2906 4158 3217 4215 necessario
3261 4158 3509 4212 eﬂicitur.
3541 4154 3679 4210 Cum

2129 4256 2182 4310 id
2224 4270 2439 4325 quoque
2494 4253 2627 4307 mihi
2687 4250 2989 4305 inauditum
3043 4257 3092 4303 et
3144 4261 3342 4302 novum
3401 4244 3691 4301 accidisset

452 4349 670 4420 τισμὺς.
712 4351 771 4402 ὲν
804 4349 1127 4420 τριγωνίοις,
1162 4347 1195 4419 ἢ
1232 4349 1514 4420 σκαληνοῖς
1542 4350 2017 4422 καταγραφόμενος

2131 4348 2262 4414 (non
2304 4346 2447 4402 enim
2483 4344 2779 4415 quidquam
2829 4356 3020 4397 eorum
3052 4356 3173 4410 quae
3221 4338 3447 4401 diceret,
3494 4336 3693 4392 intelli-

455 4442 730 4511 σχήμασιν
750 4480 764 4503 ,
794 4441 828 4511 ἦ
861 4441 954 4493 καὶ
982 4439 1110 4492 ἄλλο
1141 4457 1193 4491 τι
1225 4439 1332 4494 τῶν
1354 4440 1495 4494 κατά
1528 4441 1863 4511 γεωμετρίαν
1895 4439 2018 4492 θεω-

460 4532 737 4602 ρουμένων
802 4532 1095 4601 σχημάτων
1155 4530 1461 4585 ἀποτελῶν·
1514 4534 1762 4597 amem
1819 4531 1913 4585 καὶ¹
1957 4530 2028 4587 τὰ

452 4623 681 4678 τοιαῦτα
717 4627 1072 4695 κατανοήσας,
1103 4622 1306 4677 εἴσεται
1335 4624 1433 4694 τῆς
1467 4625 1801 4696 εἱμαρμένης
1833 4622 1894 4676 τὸ
1928 4640 2026 4693 ση-

458 4715 804 4786 μαινόμενον,
831 4714 913 4767 ὃτι
947 4713 1007 4766 τὸ
1046 4712 1221 4785 εἱρμῷ
1248 4730 1354 4767 τινι
1396 4711 1734 4784 άπαραϐάτῳ
1766 4710 1905 4764 κατὰ
1931 4710 2027 4781 τὴν

460 4804 621 4859 ποιὰν
652 4821 714 4856 συ
723 4803 970 4876 μπλοκὴν
997 4804 1103 4857 τῶν
1138 4804 1380 4875 ἀστέρων
1408 4802 1717 4873 ἀναγκαίως
1739 4801 2028 4855 ἀποτελού-

460 4913 623 4969 μενον
671 4895 749 4967 τῷ
804 4895 1026 4965 ὀνόματι
1083 4895 1180 4966 τῆς
1235 4896 1570 4966 εἱμαρμένης
1616 4895 2026 4967 διηρμήνευται.

469 4987 624 5042 Ἐπεὶ
650 4988 706 5041 δέ
734 5003 801 5057 με
827 4986 1098 5040 καὶτοῦτο
1124 4985 1284 5040 πάλιν
1302 4986 1535 5052 ἐξένιζεν
1554 5003 1566 5017 ·
1591 4987 1651 5039 ού
1686 4986 1795 5056 γὰρ
1845 4984 2031 5056 συνίην

456 5080 568 5134 τῶν
599 5080 909 5150 λεγομένων
937 5080 1106 5144 οὐδὲν,
1140 5079 1234 5133 ἆτε
1271 5080 1345 5149 μὴ
1379 5078 1805 5150 πεπαιδευμένος
1830 5076 2033 5148 ταύτην

457 5174 561 5246 τὴν
585 5172 867 5226 παίδευσιν
886 5190 900 5204 ο
926 5171 1128 5242 ἠξίουν,
1156 5171 1223 5223 δι’
1251 5164 1325 5228 ὧν
1348 5166 1416 5241 ἦν
1455 5188 1543 5240 μοι
1577 5168 1799 5222 δυνατὸν
1830 5168 2031 5237 γνῶναι

457 5268 562 5338 τὴν
594 5267 693 5337 τῆς
727 5266 1064 5338 εἱμαρμένης
1096 5263 1352 5330 διάνοιαν,
1387 5262 1473 5315 διὰ
1502 5261 1705 5314 τούτων
1736 5277 1824 5331 μοι
1869 5275 2033 5328 φανε-

464 5358 558 5430 ρὸν
612 5359 782 5409 ποιεῖν
815 5355 875 5408 τὺ
915 5354 1222 5426 λεγόμενον.
1273 5354 1411 5415 Τοὺς
1463 5352 1571 5422 γάρ
1616 5348 1892 5420 ἀστρῴους
1938 5348 2035 5402 κύ-

460 5449 627 5509 κλους
649 5446 804 5503 ἄλλον
826 5446 969 5516 ἄλλῳ
990 5444 1285 5514 ἐγκεῖσθαι,
1313 5444 1406 5498 καὶ
1431 5443 1528 5514 τὴν
1550 5441 1795 5495 ἐναντίαν
1825 5439 2035 5511 κίνησιν

462 5540 533 5608 τῇ
584 5535 814 5588 ἀπλανεῖ
854 5535 1129 5607 περιφορᾷ
1167 5534 1307 5588 κατὰ
1342 5533 1402 5585 τὸ
1436 5533 1583 5595 ἐντὸς
1632 5530 2033 5596 ἀνελίσσεσθαι,

446 5628 565 5683 ’καὶ
591 5628 796 5688 xiv-ca;
822 5626 1039 5688 τούτους
1074 5624 1146 5693 τῷ
1179 5621 1425 5695 ξωδιακῷ
1471 5622 1784 5679 ὲνδινεῖσθαι
1815 5622 1996 5694 κύκλῳ
2022 5637 2033 5651 ·

2129 4441 2340 4511 gebam,
2374 4438 2573 4507 quippe
2601 4452 2666 4491 ca
2706 4431 2992 4502 disciplina
3022 4447 3129 4485 non
3172 4427 3468 4497 eruditus),
3505 4426 3695 4498 rogavi

2130 4539 2186 4585 ut
2231 4546 2299 4583 eo
2346 4530 2505 4582 modo
2566 4526 2696 4579 mihi
2750 4525 2856 4578 vim
2908 4522 3057 4576 verbi
3087 4520 3410 4583 declararet,
3446 4532 3557 4587 quo
3598 4517 3695 4571 fati

2130 4620 2405 4675 notionem
2446 4615 2662 4684 assequi
2713 4626 2947 4683 possem.
2989 4609 3123 4664 Nam
3166 4607 3416 4663 cmlestes
3454 4606 3696 4661 circulos

2130 4713 2296 4766 alium
2360 4710 2415 4764 in
2463 4709 2571 4762 alio
2613 4722 2754 4770 esse,
2808 4712 2863 4759 et
2920 4711 3068 4757 motu
3125 4701 3405 4758 contrario
3459 4714 3696 4755 convcr-

2131 4802 2273 4861 sioni
2309 4798 2632 4856 firmamenti
2668 4812 2763 4852 seu
2795 4795 3004 4865 aplanis
3036 4794 3268 4849 interius
3300 4791 3455 4858 cieri,
3497 4804 3699 4859 eosque

2132 4909 2322 4949 omnes
2339 4893 2395 4947 in
2425 4890 2649 4946 zodiaco
2671 4886 3023 4942 circumvolvi
3055 4904 3067 4940 :
3103 4886 3241 4951 haec,
3270 4884 3512 4954 inquam,
3535 4882 3698 4938 etiam

2132 4986 2202 5041 ab
2251 4984 2374 5039 aliis
2418 4982 2620 5046 audivi,
2665 4995 2728 5035 ac
2770 4978 2998 5050 proinde
3046 4976 3400 5033 luminarium
3453 4973 3701 5045 splendo-

2133 5094 2247 5134 rem
2304 5092 2403 5148 pro
2461 5074 2815 5131 conversione
2855 5072 3053 5142 cuique
3108 5071 3252 5126 coelo
3310 5069 3530 5139 propria
3585 5073 3705 5120 tum

2135 5168 2394 5225 accedere
2417 5174 2531 5222 tum
2567 5166 2842 5228 recedere,
2883 5172 3041 5233 atque
3088 5160 3347 5217 inferiore
3374 5164 3525 5212 astro
3565 5154 3702 5212 sub-

2134 5270 2299 5316 eunte
2346 5259 2460 5313 tolli
2492 5274 2523 5311 e
2552 5263 2846 5326 conspectu
2870 5263 3063 5312 nostro
3107 5251 3382 5324 superius.
3410 5246 3457 5303 si
3479 5246 3702 5315 quidem

2136 5351 2383 5406 inferiori
2429 5349 2637 5405 directe
2677 5356 2985 5419 opponatur
3026 5365 3042 5401 :
3088 5354 3143 5401 et
3192 5352 3530 5411 quaecunque
3574 5338 3705 5394 hinc

2138 5451 2261 5514 apte
2283 5441 2693 5512 colligerentur,
2723 5440 2839 5495 sive
2863 5438 3094 5513 formam
3129 5433 3369 5502 aliquam
3394 5429 3700 5497 efﬁcerent,

2140 5541 2202 5588 ut
2247 5550 2370 5587 cum
2432 5531 2671 5585 circulus
2730 5529 2965 5599 spatium
3014 5523 3163 5595 quod
3209 5522 3264 5577 in
3327 5538 3387 5581 se
3432 5522 3700 5586 continet,

2147 5623 2220 5679 ita
2254 5629 2402 5677 motu
2437 5636 2537 5676 suo
2566 5618 2752 5683 ambit,
2793 5623 2855 5670 ut
2886 5614 3039 5670 sidus
3071 5613 3126 5670 in
3171 5611 3407 5671 transitu
3433 5621 3527 5669 aut
3555 5615 3706 5666 recta
