3980 6198
323 211 418 266 151
1567 205 1621 258 S.
1669 201 1904 259 GREGO.

2049 197 2338 255 NYSSENI

3472 201 3578 256 152

323 328 618 398 objiciatur
667 326 959 396 superiori,
987 333 1078 379 aut
1103 324 1336 379 declinet
1363 340 1380 398 ;η
1418 322 1532 375 sive
1579 321 1726 374 brevi
1753 326 1885 373 tem-

2010 316 2158 370 ταῦτα
2193 316 2286 370 καὶ
2320 317 2447 386 παρ’
2484 316 2682 387 ἐτέρων
2716 313 2867 370 εἷπον
2903 313 3231 388 ἀκηκοέναι,
3265 317 3358 370 καὶ
3380 317 3443 370 ἐκ
3479 317 3575 371 τοῦ

321 419 476 492 poris
527 418 837 480 intervallo,
888 415 1003 470 sive
1050 413 1281 484 longiori
1323 412 1589 480 cujusque
1627 409 1890 466 circuitus

325 508 720 569 absolveretur,
775 503 1214 574 quandoquidem
1264 517 1362 570 pro
1407 501 1748 570 singulorum
1774 513 1890 551 ma-

323 600 604 669 gnitudine
636 598 952 654 necessario
999 597 1084 651 vel
1115 594 1346 649 celerior
1384 593 1466 649 vel
1500 591 1711 646 tardior
1739 599 1886 648 esset

323 705 627 744 COHVBI‘SIO.

1997 407 2290 462 ἀκολούθου
2325 407 2400 479 μὴ
2422 407 2802 478 ἀμφιϐάλλειν,
2826 409 2924 472 τὰς
2947 407 3052 461 τῶν
3075 409 3374 479 φωστήρων
3402 409 3577 476 αὐγὰς

2001 501 2140 552 κατὰ
2169 499 2267 569 τὴν
2309 498 2610 562 ἰδιάζουσαν
2637 499 2851 569 ἑκάστῳ
2877 498 2982 553 τῶν
3015 499 3190 552 πόλων
3212 499 3580 570 κυκλοφορίαν

2003 593 2381 667 προσεγγίζειν
2417 611 2478 645 τε
2513 592 2606 645 καὶ
2640 591 2987 661 ἀφίστασθαι,
3024 592 3118 645 καὶ
3147 590 3458 645 ὑποϐαίνειν
3485 591 3580 644 τὸν

2005 685 2338 756 κατώτερον,
2391 684 2484 736 καὶ
2536 683 2872 754 κρύπτεσθαι
2913 683 3000 735 τὸν
3046 683 3439 754 ὑπερκείμενον
3470 679 3583 734 ἀπὺ

322 779 428 831 τῶν
474 780 754 850 ἡμετέρων
799 779 993 849 δψεων,
1038 778 1086 829 εἰ
1135 776 1275 830 κατά
1325 774 1494 826 νώτου
1542 774 1749 841 γένοιτο
1800 774 1890 827 τοῦ
1933 776 2353 838 ὑποϐαίνοντοςο
2379 775 2472 828 καλ⁴
2505 775 2680 828 πάντα
2699 776 2798 827 ὅσα
2830 775 2974 837 εἰκὸς
3008 775 3072 826 ἐκ
3127 773 3220 826 τοῦ
3279 772 3577 827 ἀκολούθου

323 869 660 938 λογίσασθαι,
708 870 816 922 εἴτε
845 887 897 924 τι
933 868 1120 937 σχῆμα
1151 865 1239 919 διὰ
1271 865 1475 918 τούτων
1513 863 1853 918 ἀποτελεῖται
1881 905 1893 929 ,
1935 866 2063 918 ὅταν
2095 870 2122 920 ὁ
2144 867 2339 930 κύκλος
2369 870 2599 938 περιστῇ
2629 866 2714 919 διὰ
2747 867 2843 936 τῆς
2869 865 3002 928 ἰδίας
3027 865 3291 936 κινήσεως
3365 864 3427 918 τὸ
3492 865 3579 933 ἐφ’

323 958 513 1013 ἑαυτοῦ
547 955 806 1029 κείμενον
845 958 1042 1026 ἄστρον
1067 975 1080 988 ο
1127 955 1266 1009 ὥστε
1311 956 1345 1025 ἢ
1397 959 1515 1010 κατ’
1545 955 1760 1008 εὐθεῖαν
1792 955 1886 1008 τοῦ
1925 957 2318 1029 ὑπερκειμένου
2353 959 2624 1027 γενέσθαι,
2660 959 2692 1030 ἢ
2749 958 3041 1026 πλαγιάσαι
3082 957 3217 1010 κατὰ
3266 955 3364 1028 τὴν
3437 955 3582 1025 πάρ-

321 1050 458 1115 οδον,
513 1049 624 1103 εἴτε
675 1050 739 1102 δι’
788 1049 963 1118 ὀλίγου
1019 1048 1109 1102 τοῦ
1150 1047 1394 1120 χρονικοῦ
1445 1048 1839 1118 διαστήματος,
1883 1051 1989 1101 εἴτε
2019 1051 2105 1105 διὰ
2135 1051 2377 1119 πλείονος
2432 1052 2660 1112 ἑκάστου
2717 1051 2976 1120 τούτωνὴ
3045 1049 3290 1120 περίοδος
3347 1049 3578 1118 γίνεται,

324 1144 465 1198 κατά
492 1144 553 1197 τὸ
583 1142 808 1214 μέγεθος
835 1145 934 1213 τῆς
965 1140 1086 1194 καθ’
1111 1140 1342 1195 ἕκαστον
1371 1139 1478 1193 τῶν
1508 1139 1722 1193 κύκλων
1763 1139 2081 1218 ἀναλογίας,
2114 1143 2423 1212 ἀναγκαίως
2456 1143 2488 1213 ἢ
2525 1143 2714 1203 θάττον
2780 1143 2811 1211 ἢ
2878 1143 3093 1216 βράδιον
3155 1144 3255 1214 τῆς
3317 1144 3581 1212 ἀναστροο

326 1236 432 1306 φῆς
463 1237 805 1308 κινουμένης.

398 1330 494 1385 llis
525 1329 781 1383 omnibus
811 1326 1028 1382 silentio
1067 1326 1357 1397 praeteritis
1392 1325 1639 1387 orabam,
1681 1333 1737 1378 ut
1771 1331 1894 1377 tan-

326 1429 442 1475 tum
497 1417 594 1472 fati
639 1418 748 1471 vim
799 1416 1086 1486 perspicue
1139 1415 1272 1469 mihi
1316 1415 1633 1484 explicaret,
1683 1413 1897 1469 Deusne

329 1512 531 1580 aliquis
574 1509 672 1563 fati
727 1507 946 1562 nomine
996 1508 1418 1578 intelligeretur,
1467 1507 1632 1577 hujus
1659 1507 1899 1562 universi

329 1604 644 1672 imperator,
671 1613 879 1655 summa
913 1608 1179 1669 potestate
1199 1599 1475 1669 praiditus,
1498 1602 1698 1676 quique
1719 1600 1899 1663 omnia

2076 1320 2260 1374 Ταῦτα
2293 1321 2466 1374 πάντα
2498 1322 2589 1374 καὶ
2627 1320 2695 1372 τὰ
2724 1320 2946 1385 τοιαῦτα
2979 1323 3135 1392 σιγᾷν
3167 1321 3374 1392 ἠξίουν,
3417 1324 3581 1394 μόνον

2003 1415 2058 1467 δέ
2093 1432 2182 1484 μοι
2219 1413 2400 1482 σαφῶς
2429 1413 2784 1477 ἐκκαλύπτειν
2812 1415 2909 1483 τῆς
2934 1413 3272 1485 εἱμαρμένης
3303 1415 3399 1486 τὴν
3422 1416 3581 1481 δύνα-

2009 1521 2122 1574 μιν,
2168 1504 2297 1567 Θεός
2331 1503 2411 1565 τίς
2463 1505 2607 1556 ἐστιν
2645 1504 2674 1555 ὁ
2711 1502 2787 1584 τῷ
2834 1503 3053 1574 ὀνόματι
3092 1503 3190 1574 τῆς
3239 1505 3582 1577 εἱμαρμένης

2007 1595 2311 1666 νοούμενος,
2346 1596 2437 1648 καὶ
2469 1595 2562 1649 τοῦ
2588 1595 2787 1658 παντὸς
2814 1593 3117 1666 ἐξημμένος
3143 1597 3202 1649 τὸ
3229 1596 3427 1668 κράτος
3446 1640 3462 1664 ,
3487 1600 3582 1661 καὶ

331 1695 555 1748 haberet
588 1693 641 1746 in
668 1707 828 1745 manu
853 1707 971 1754 sua,
1005 1699 1059 1744 et
1104 1705 1201 1759 pro
1227 1691 1494 1745 arbitratu
1539 1674 1897 1760 gubernaret:

2010 1685 2183 1738 πάντα
2227 1689 2347 1740 κατ’
2377 1685 2620 1751 ἐξουσίαν
2665 1687 2744 1757 τῷ
2779 1688 3096 1759 ὑπερέχοντι
3149 1688 3246 1758 τῆς
3292 1689 3578 1759 δυνάμεως

331 1801 398 1838 an
441 1798 566 1838 vero
613 1783 707 1836 fati
763 1783 1016 1836 virtutem
1056 1782 1283 1835 alterius
1331 1782 1564 1850 alicujus
1601 1781 1902 1851 superioris

328 1873 550 1927 virtutis
599 1873 904 1926 ministram
963 1877 1250 1933 statueret,
1303 1879 1364 1924 ut
1407 1879 1460 1924 et
1518 1872 1632 1941 ipsa
1667 1871 1900 1940 quodam

329 1962 492 2016 modo
537 1961 691 2015 alteri
747 1960 858 2014 fato
899 1959 1143 2029 subjecta
1173 1961 1264 2023 sit,
1295 1959 1739 2028 prmecllentioris
1774 1974 1904 2024 cau-

332 2069 407 2108 sa:
442 2053 497 2106 in
553 2051 1026 2106 administratione
1070 2051 1238 2105 socia.
1291 2049 1424 2102 Nam
1475 2051 1520 2103 si
1569 2065 1686 2104 eam
1729 2053 1781 2102 in
1820 2065 1904 2104 res

333 2163 524 2203 omnes
571 2146 856 2215 imperium
909 2146 1157 2199 obtinere
1208 2143 1538 2198 credendum
1591 2153 1759 2203 esset,
1817 2158 1906 2194 ra-

332 2240 480 2292 tioae
527 2253 626 2292 nos
690 2236 898 2299 induci,
957 2246 1013 2289 ut
1075 2236 1208 2290 nihil
1259 2236 1404 2288 illam
1488 2233 1899 2303 supereminere

334 2343 678 2384 censeamus.
734 2325 829 2380 Sin
864 2341 980 2381 eam
1037 2334 1310 2381 astrorum
1353 2338 1555 2379 motum
1625 2323 1800 2394 sequi,
1843 2337 1907 2377 ac

335 2421 410 2473 ita
465 2417 679 2472 demum
741 2417 979 2471 violenta
1031 2419 1266 2486 quadam
1320 2415 1647 2470 necessitate
1704 2414 1756 2466 in
1817 2427 1905 2467 res

337 2526 529 2565 omnes
577 2509 848 2565 dominari
903 2516 1268 2571 asseveraret,
1330 2506 1502 2561 satius
1551 2502 1721 2560 fuisse
1771 2519 1905 2574 prae-

336 2599 550 2655 cedenti
601 2615 764 2670 quam
817 2598 1066 2666 sequenti
1134 2597 1556 2666 omnipotentem
1615 2595 1762 2647 illam
1797 2593 1905 2645 vim

337 2691 655 2756 attribuere,
719 2701 789 2743 ae“
830 2676 912 2742 vel
959 2687 1137 2742 sidera
1199 2678 1378 2741 rerum
1436 2687 1663 2740 istarum
1705 2700 1905 2740 causas

336 2797 461 2838 esse
512 2781 710 2844 dicere,
782 2780 863 2832 vel
945 2779 1354 2833 conversionem
1409 2777 1758 2839 ﬁrmamenti,
1820 2779 1905 2832 vel

338 2873 576 2928 circulos
618 2873 710 2943 qui
749 2871 798 2924 in
833 2887 894 2925 ea
943 2871 1378 2940 conspiciuntur,
1413 2870 1495 2922 vel
1537 2876 1683 2923 certe
1723 2869 1903 2922 circu-

339 2967 448 3018 lum
503 2965 591 3033 qui
650 2964 789 3017 eualo
827 2963 1045 3031 oblique
1095 2961 1432 3015 inscribitur.
1474 2961 1529 3013 Si
1585 2960 1706 3028 quis
1757 2959 1902 3013 enim

339 3055 662 3110 concederet
721 3065 868 3110 astra
932 3069 1107 3123 neque
1168 3068 1262 3123 per
1317 3067 1375 3106 se
1432 3053 1677 3116 moveri,
1732 3065 1906 3120 neque

340 3153 596 3217 perpetua
649 3147 1006 3201 conversione
1056 3135 1195 3198 inter
1251 3159 1309 3198 se
1360 3151 1453 3195 aut
1504 3141 1760 3211 conjungi
1815 3146 1907 3192 aut

338 3239 595 3309 disjungi,
644 3239 736 3294 sed
805 3237 1045 3293 eamdem
1114 3251 1328 3303 semper
1378 3233 1581 3287 referre
1629 3232 1904 3300 ﬁguram,

339 3329 508 3381 fatum
548 3344 652 3381 non
705 3327 1014 3382 exsisteret.
1077 3324 1255 3387 Quare
1303 3321 1348 3374 si
1387 3336 1452 3373 ex
1509 3320 1745 3373 siderum
1797 3333 1909 3370 mo-

337 3419 489 3471 tione
541 3416 710 3468 fatum
763 3415 965 3475 oritur,
1009 3411 1215 3464 frustra
1257 3409 1503 3477 profecto
1535 3407 1586 3460 id
1639 3407 1906 3460 dominari

338 3513 395 3563 in
446 3518 637 3562 cwtera
687 3513 929 3574 putatur,
989 3503 1133 3570 quod
1189 3500 1458 3569 superiori
1494 3515 1673 3553 causa:
1721 3498 1906 3564 servit,

339 3615 515 3668 neque
571 3595 788 3650 omnino
854 3601 1001 3648 esset
1060 3592 1165 3645 nisi
1224 3599 1403 3644 motus
1454 3599 1620 3644 esset.
1679 3591 1746 3642 At
1799 3604 1908 3642 non

337 3707 424 3754 eo,
453 3690 627 3757 inquit
653 3685 1030 3756 philosophus,
1058 3692 1245 3736 nostra
1278 3690 1488 3750 spectat
1515 3681 1712 3748 oratio,
1749 3680 1906 3750 quasi

341 3774 518 3850 ipsum
545 3777 712 3829 fatum
754 3788 848 3843 per
874 3789 930 3827 se
970 3781 1115 3828 esset
1177 3773 1358 3842 aliqua
1411 3779 1629 3837 natura,
1661 3773 1756 3826 sed
1784 3787 1906 3824 cum

339 3874 414 3926 sit
460 3867 705 3938 quaedam
754 3881 936 3920 rerum
1004 3873 1192 3920 mutua
1240 3864 1619 3919 convenientia
1673 3872 1727 3918 et
1775 3877 1907 3917 con-

336 3961 572 4031 junctio,
606 3965 768 4027 atque
797 3957 1110 4010 universum
1158 3957 1303 4009 omni
1336 3971 1400 4009 ex
1435 3961 1589 4025 parte
1621 3954 1907 4017 cohaereat,

341 4046 801 4120 quemadmodum
835 4046 996 4098 etiam
1031 4045 1085 4097 in
1116 4059 1229 4097 uno
1277 4045 1460 4114 aliquo
1510 4059 1740 4114 corpore
1763 4058 1910 4113 quaa—

341 4143 464 4193 dam
491 4133 734 4191 omnium
780 4133 1152 4188 membrorum
1179 4133 1322 4187 inter
1361 4149 1420 4188 se
1449 4133 1908 4188 consentientium

340 4231 584 4285 cernitur
617 4225 930 4288 concordia,
963 4241 1195 4295 cumque
1222 4226 1467 4296 superior
1515 4224 1700 4279 mundi
1733 4227 1910 4295 portio

339 4321 414 4377 sit
472 4317 848 4387 praestantior:
883 4315 1095 4370 idcirco
1128 4315 1384 4371 inferiora
1430 4316 1591 4370 simul
1639 4331 1763 4368 cum
1801 4315 1910 4386 pri-

340 4410 512 4464 maria
544 4409 786 4478 portione
817 4414 1099 4478 reguntur,
1155 4407 1220 4462 ad
1269 4408 1495 4478 ejusque
1532 4407 1682 4461 velut
1716 4415 1905 4460 nutum

339 4499 544 4552 ccelesti
569 4499 735 4552 motui
756 4512 877 4554 sese
907 4497 1114 4568 ﬁngunt
1147 4505 1201 4552 ct
1236 4498 1674 4559 accommodant,
1728 4511 1906 4566 quan-

339 4589 628 4659 doquidem
681 4589 992 4643 necessario
1038 4604 1100 4642 ac
1138 4589 1513 4654 multifariam,
1569 4591 1645 4643 uti
1700 4588 1906 4643 dictum

339 4691 444 4741 est,
510 4680 560 4730 vi
618 4681 885 4748 cujusque
945 4679 1145 4733 sideris
1209 4697 1314 4734 una
1372 4690 1677 4735 moventur.
1733 4679 1802 4735 Ut
1853 4682 1907 4736 in

339 4772 738 4828 medicamento
765 4771 1069 4841 specierum
1101 4774 1392 4842 qualitates
1444 4773 1741 4828 artificiosa
1773 4789 1908 4843 qua-

337 4867 459 4920 dam
485 4863 695 4917 ratione
711 4862 1029 4928 commistte,
1049 4865 1332 4918 .eommuni
1371 4864 1463 4918 illo
1481 4872 1585 4918 tem
1597 4873 1908 4934 peramento

337 4955 612 5026 quippiam
647 4951 892 5007 efliciunt
925 4952 1089 5015 aliud,
1120 4970 1293 5024 neque
1321 4956 1426 5009 tale
1455 4955 1634 5024 qualis
1653 4969 1910 5025 unaquze-

336 5059 442 5112 que
464 5051 587 5095 ante
605 5040 890 5096 misturam
911 5041 1112 5095 fuerat:
1130 5045 1210 5096 sie
1229 5044 1530 5099 emlestium
1549 5044 1807 5098 virtutum
1827 5045 1908 5098 di-

337 5150 506 5189 versw
541 5140 666 5188 sunt
699 5132 1078 5202 proprietates,
1105 5151 1334 5202 quarum
1375 5138 1522 5190 varia
1547 5153 1609 5190 ex
1636 5145 1906 5190 astrorum

337 5228 420 5280 vel
452 5241 676 5280 accessu
698 5224 780 5278 vel
813 5239 1030 5278 recessu
1052 5227 1291 5294 profecta
1317 5228 1631 5296 conjunctio
1647 5229 1822 5281 varias
1846 5244 1908 5282 ae

339 5320 581 5373 diversas
613 5319 734 5371 vita:
753 5318 927 5370 reddit
952 5319 1216 5386 actiones,
1244 5327 1500 5388 tauquam
1522 5320 1761 5374 inlluxus
1790 5321 1905 5390 qni-

339 5407 464 5462 dam
487 5407 608 5460 inde
629 5407 696 5459 ad
729 5422 828 5460 nos
846 5405 965 5461 sine
1007 5407 1413 5476 interruptione
1445 5407 1738 5465 derivetur.
1778 5411 1907 5474 Qua:

338 5498 498 5553 etiam
533 5513 696 5556 causa
711 5508 793 5554 est
840 5499 1191 5568 quamobrem
1234 5497 1291 5562 ii,
1325 5499 1414 5566 qui
1447 5498 1559 5552 liaze
1596 5499 1908 5568 diligentius

341 5589 683 5659 investigarit,
708 5589 888 5643 futura
907 5590 1126 5645 minime
1150 5588 1286 5646 falso
1303 5589 1614 5661 przeilieant.
1636 5592 1903 5657 Quemad-

2004 1778 2138 1849 πρὸς
2165 1779 2225 1831 τὸ
2251 1778 2437 1832 δοκοῦν
2479 1779 2848 1850 διοικούμενος
2873 1798 2885 1810 ·
2935 1779 2966 1850 ἢ
3011 1779 3174 1850 ἄλλης
3220 1781 3363 1842 τινὸς
3404 1781 3578 1852 ὑπερ-

2005 1871 2259 1942 κειμένης
2283 1872 2558 1943 ἐνεργείας
2584 1872 2854 1942 ὑπουργὸν
2885 1868 3021 1925 εἶναι
3061 1871 3158 1942 τὴν
3181 1872 3278 1942 τῆς
3314 1873 3580 1944 εἱμαρμέ-

2005 1979 2100 2031 νης
2121 1955 2426 2015 ὑποτίθεται
2450 1962 2676 2034 δύναμιν
2701 2005 2714 2029 ,
2745 1962 2882 2016 ὥστε
2918 1963 3010 2023 καὶ
3038 1962 3206 2032 αὑτὴν
3227 1963 3425 2035 τρόπον
3455 1963 3578 2026 τινὰ

2006 2049 2109 2105 ὑπὸ
2139 2054 2330 2123 ἑτέραν
2357 2052 2695 2124 εἱμαρμένην
2727 2053 2959 2117 κεῖσθαι,
2985 2055 3050 2124 τῇ
3081 2052 3420 2123 ὑπερεχούσῃ
3453 2070 3580 2115 συν-

2004 2142 2378 2214 διατιθεμένην
2410 2143 2575 2212 αἰτίᾳ.
2613 2143 2674 2195 Εἰ
2720 2144 2816 2213 μὲν
2860 2144 2964 2214 γὰρ
2999 2144 3134 2214 αὓτη
3174 2145 3232 2196 τὸ
3267 2145 3404 2197 κατὰ
3446 2145 3583 2200 πάν-

2005 2250 2111 2286 των
2150 2233 2290 2303 ἔχειν
2324 2233 2521 2304 κράτος
2558 2235 2936 2301 πεπίστευται,
2964 2236 3025 2288 τὸ
3063 2236 3227 2306 μηδὲν
3258 2236 3578 2292 ὑποκεῖσθαι

2005 2325 2207 2396 ταύτης
2244 2327 2276 2395 ἠ
2308 2325 2594 2380 ἀκολουθία
2620 2325 2713 2379 τοῦ
2740 2327 2897 2394 λόγου
2934 2327 3146 2380 δίδωσιν
3181 2326 3408 2380 οἴεσθαι.
3434 2328 3495 2379 EE
3524 2326 3581 2380 δὲ

2007 2418 2071 2486 τῇ
2108 2416 2314 2485 κινήσει
2358 2415 2463 2470 τῶν
2495 2416 2708 2488 ἄστρων
2741 2416 3131 2470 ἀκολουθοῦσαν
3162 2417 3260 2487 τὴν
3307 2417 3577 2488 εἱμαρμέ-

2008 2523 2129 2575 νην,
2169 2509 2388 2576 κρατεῖν
2431 2507 2597 2578 αὐτὴν
2648 2507 2796 2578 βιαίᾳ
2825 2509 2932 2561 τινί
2971 2509 3181 2578 ἀνάγκη
3214 2509 3319 2562 τῶν
3355 2510 3580 2563 πάντων

2009 2597 2430 2668 διισχυρίζεται,
2476 2599 2879 2670 ἀσφαλέστερον
2933 2593 3002 2670 ἦν
3050 2599 3129 2668 τῷ
3183 2602 3582 2672 προηγουμένῳ

2011 2689 2208 2759 μᾶλλον
2258 2689 2288 2760 ἢ
2335 2689 2412 2759 τῷ
2468 2691 2716 2761 ἑπομένῳ
2760 2690 2857 2760 τὴν
2915 2690 3319 2760 παντοδύναμον
3377 2691 3582 2762 ταύτην

2009 2783 2449 2857 προσμαρτυρεῖν
2474 2779 2722 2844 ἐξουσίαν
2743 2798 2756 2811 °
2783 2782 2876 2833 καὶ
2902 2780 2970 2834 τὰ
2999 2782 3173 2853 ἄστρα
3199 2782 3402 2836 τούτων
3433 2783 3581 2852 αἴτια

2007 2869 2204 2937 λέγειν,
2247 2870 2280 2939 ἢ
2312 2870 2409 2939 τὴν
2439 2869 2651 2942 ἀπλανῆ
2685 2869 3008 2939 περιφοράνι
3049 2869 3082 2940 ἢ
3119 2869 3242 2932 τοὺς
3270 2871 3420 2934 ἐντὸς
3448 2875 3581 2934 ταύο

2007 2978 2104 3031 της
2164 2959 2630 3030 ὲνθεωρουμένους
2669 2943 2923 3023 κύκλους,
2958 2961 2990 3030 ἢ
3019 2960 3110 3012 τὸν
3145 2960 3314 3025 λοξῶς
3346 2963 3580 3032 ἐγκεχα-

2011 3052 2281 3124 ραγμένον
2314 3051 2392 3120 τῷ
2438 3051 2584 3120 πόλῳ
2640 3049 2855 3104 κύκλον.
2897 3051 2961 3103 Εἰ
3016 3050 3122 3121 γάρ
3163 3068 3245 3115 τις
3286 3051 3400 3122 δοίη
3456 3052 3581 3114 καθ’

2011 3133 2262 3209 ὑπόθεσιν
2299 3140 2372 3209 μὴ
2417 3138 2681 3191 κινεῖσθαι
2713 3138 2906 3204 ταῦτα,
2938 3138 3078 3209 μηδὲ
3121 3138 3208 3190 διά
3253 3138 3352 3207 τῆς
3404 3139 3580 3204 ἀϊδίου

2009 3231 2391 3303 κυκλοφορίας,
2422 3230 2454 3300 ἢ
2480 3233 2536 3284 ὲν
2565 3230 2812 3301 ἀλλήλοις
2833 3233 2851 3254 ⁶
2882 3231 2974 3283 ἀπ’
3004 3218 3249 3301 ἀλλήλων
3287 3231 3532 3298 γίνεσθαι
3562 3271 3579 3296 ,

2011 3321 2125 3374 ἀλλ’
2161 3323 2252 3374 ἐπὶ
2300 3319 2391 3373 τοῦ
2428 3321 2591 3373 αὑτοῦ
2641 3323 2915 3392 σχήματος
2958 3319 3214 3383 ὡσαύτως
3259 3320 3400 3390 ἔχειν
3449 3322 3580 3374 ἀει·

2010 3410 2109 3462 οὑκ
2141 3409 2204 3462 ἂν
2233 3412 2264 3479 ὴ
2315 3410 2621 3480 εἱμαρμένη
2661 3410 2908 3480 συσταίη.
2956 3410 3019 3462 Εἰ
3047 3405 3140 3474 οὖν
3171 3410 3204 3479 ἡ
3232 3409 3446 3478 κίνησις
3470 3409 3579 3468 τῶν

2011 3500 2224 3570 ἄστρων
2256 3501 2426 3552 τίκτει
2469 3499 2564 3569 τὴν
2596 3501 2955 3571 εἱμαρμένην,
2991 3501 3098 3571 ἄρα
3138 3500 3312 3570 μάτην
3346 3485 3579 3570 ἐπικρα-

2009 3593 2120 3642 τεῖν
2145 3590 2283 3660 αὕτη
2311 3591 2417 3641 τῶν
2445 3589 2618 3642 ἄλλων
2654 3590 2930 3660 νομίζεται
2957 3629 2974 3656 ,
3023 3591 3056 3660 ἡ
3091 3593 3158 3661 τῇ
3207 3590 3578 3662 ὑπερκειμένῃ

2012 3683 2160 3754 αἰτίᾳ
2197 3682 2520 3736 δουλεύουσα
2549 3723 2563 3746 ,
2595 3683 2689 3735 καὶ
2729 3683 2802 3754 μὴ
2836 3682 2902 3736 ἂν
2930 3678 3086 3749 οὖσα,
3119 3684 3167 3735 εἰ
3198 3682 3272 3754 μὴ
3304 3685 3336 3754 ἡ
3369 3683 3582 3752 κίνησις

2009 3771 2098 3846 ἦν.
2145 3774 2282 3827 ’Δλλ’
2317 3774 2377 3827 οὑ
2405 3772 2581 3837 τοῦτο,
2629 3774 2795 3844 φησὶν
2835 3776 2863 3828 ὁ
2895 3774 3178 3844 φιλόσοφος
3220 3776 3442 3838 ἐκεῖνος,
3481 3775 3583 3845 οὑχ

2011 3868 2180 3930 οὑτως
2220 3869 2247 3920 ὁ
2288 3867 2550 3937 ἡμέτερος
2583 3867 2789 3936 νομίζει
2821 3866 2997 3935 λόγος,
3037 3865 3098 3918 τὸ
3128 3862 3264 3931 εἶναι
3297 3867 3463 3937 αὑτὴν
3495 3869 3581 3935 ἐφ’

2010 3959 2206 4030 ἑαυτὴν
2238 3945 2335 4029 τὴν
2368 3956 2703 4028 εἱμαρμένην
2733 3959 2790 4011 ὲν
2817 3957 3110 4028 ὑποστάσει
3139 3960 3243 4024 τινὶ
3276 3962 3584 4030 θεωρουμέ-

2016 4067 2133 4121 νην’
2171 4051 2283 4103 ἀλλ’
2315 4049 2500 4119 ἐπειδὴ
2531 4048 2626 4119 μία
2660 4049 2744 4112 τίς
2783 4051 2930 4102 ἐστιν
2973 4051 3031 4102 ὲν
3063 4051 3172 4114 τοῖς
3202 4047 3320 4102 οὖσι
3361 4049 3580 4119 συμπά-

2012 4143 2163 4205 θεια,
2198 4142 2289 4194 καὶ
2320 4139 2540 4208 συνεχές
2581 4141 2697 4192 ἐστι
2732 4139 2792 4192 τὸ
2835 4141 2942 4192 πᾶν
2981 4141 3158 4211 ἐαυτῷ
3180 4180 3194 4204 ,
3239 4141 3333 4194 καὶ
3363 4142 3429 4195 τὰ
3456 4140 3580 4193 καθ’

2011 4234 2237 4286 ἕκαστον
2268 4231 2324 4282 ὲν
2363 4229 2440 4300 τῷ
2475 4231 2633 4282 παντὶ
2666 4229 3012 4303 θεωρούμενα
3047 4228 3158 4283 οἷον
3195 4233 3286 4283 ἐπὶ
3331 4230 3582 4301 σώματος

2013 4327 2130 4387 ἐνὸς
2163 4327 2218 4378 ὲν
2255 4327 2352 4395 μιᾷ
2380 4325 2652 4395 συμπνοίᾳ
2678 4310 3148 4395 καταλαμϐάνεται
3168 4366 3181 4388 ,
3207 4326 3422 4379 πάντων
3447 4325 3584 4394 πρὸς

2013 4416 2216 4485 ἄλληλα
2245 4416 2353 4468 τῶν
2389 4417 2568 4486 μερῶν
2592 4415 2966 4478 συννευόντων,
3003 4417 3193 4469 τούτου
3219 4417 3376 4487 χάριν
3413 4417 3584 4488 ἀρχη-

2010 4509 2307 4578 γικωτέρας
2330 4506 2494 4587 οὑσης
2515 4507 2610 4576 τῆς
2643 4506 2753 4560 ἀνω
2785 4506 3009 4578 λήξεως,
3031 4507 3096 4560 τὰ
3129 4509 3381 4580 περίγεια
3406 4509 3581 4572 πάντα

2009 4596 2088 4667 τῷ
2135 4598 2531 4678 προηγουμένῳ
2585 4596 2977 4648 συνδιατίθεται
3011 4614 3024 4626 ·
3081 4598 3174 4650 καὶ
3222 4597 3356 4667 πρὸς
3405 4601 3580 4650 ἐκεῖνο

2011 4689 2154 4740 νεύει
2186 4690 2324 4741 κατὰ
2358 4691 2453 4756 τὴν
2486 4688 2594 4757 ἀνω
2626 4686 2835 4756 κίνησιν
2856 4729 2868 4753 ,
2901 4688 2993 4739 καὶ
3025 4685 3129 4739 τῶν
3159 4688 3283 4758 τῇδε
3332 4690 3584 4759 πραγμά-

2009 4804 2116 4839 των
2146 4787 2206 4851 ὲξ
2232 4787 2477 4857 ἀνάγκης
2521 4786 2952 4856 συγκινουμένων
2971 4799 2984 4814 ⁸
3010 4785 3066 4835 ὲν
3100 4782 3338 4851 διατόρῳ
3365 4781 3419 4833 δὲ
3447 4817 3462 4855 η
3487 4799 3583 4834 και

2011 4879 2119 4942 θῶς
2149 4880 2397 4951 εἴρηται,
2439 4881 2503 4948 τῇ
2541 4878 2765 4948 δυνάμει
2796 4877 3024 4930 ἑκάστου
3059 4874 3165 4927 τῶν
3197 4873 3410 4943 ἄστρων
3449 4873 3584 4935 θεω-

2015 4970 2296 5042 ρουμένου.
2327 4971 2536 5040 Ὥσπερ
2571 4969 2662 5022 ἐπὶ
2693 4969 2789 5039 τῆς
2828 4967 3078 5038 ἰατρικῆς
3107 4965 3455 5038 φαρμακείας
3475 5005 3489 5030 ,
3525 4966 3582 5018 αἰ

2009 5063 2117 5116 τῶν
2147 5063 2302 5116 εἰδῶν
2339 5063 2618 5131 ποιότητες
2654 5063 2796 5133 λόγῳ
2827 5061 2932 5114 τινὶ
2965 5060 3224 5131 τεχνικῶς
3259 5059 3584 5130 συμμιχθεῖ-

2013 5171 2123 5216 σαι,
2165 5153 2291 5207 ἀλλο
2322 5171 2373 5205 τι
2413 5152 2471 5206 τὸ
2517 5155 2580 5205 ὲκ
2605 5151 2697 5206 τοῦ
2747 5151 2928 5205 κοινοῦ
2976 5150 3282 5223 συγκραθὲν
3315 5150 3582 5220 ἀπειργά-

2013 5259 2192 5304 σαντο,
2227 5244 2318 5293 καὶ
2348 5242 2444 5310 οὑχ
2463 5243 2558 5294 ὂπε
2566 5260 2598 5312 ρ
2619 5241 2846 5294 ἕκαστον
2871 5237 2938 5311 ἦν
2964 5241 3069 5310 πρὸ
3092 5240 3192 5310 τῆς
3221 5239 3355 5311 πρὸς
3379 5238 3584 5312 ἄλληλα

2014 5332 2237 5402 μίξεως·
2267 5332 2408 5385 οὑτω
2441 5335 2534 5385 καὶ
2568 5332 2674 5384 τῶν
2707 5333 2966 5404 ἀστρῴων
2993 5332 3273 5402 δυνάμεων
3313 5333 3369 5384 ὲν
3398 5331 3585 5400 διαφό-

2012 5440 2124 5493 ροις
2174 5423 2398 5495 ἰδιότησι
2447 5425 2870 5496 θεωρουμένων,
2915 5426 2947 5495 ὴ
3003 5424 3218 5493 ποικίλη
3267 5422 3408 5476 κατὰ
3456 5422 3583 5485 τοὺς

2013 5515 2449 5583 προσεγγισμοὺς
2479 5514 2658 5567 αὐτῶν
2709 5515 2802 5568 καὶ
2831 5515 2930 5578 τὰς
2959 5517 3281 5577 ἀποστάσεις
3317 5511 3576 5586 γινομένη

2010 5599 2118 5670 τῶν
2150 5599 2423 5684 διαφόρων
2474 5602 2777 5672 ἰδιωμάτων
2829 5603 3133 5674 συμπλοκὴ,
3184 5604 3280 5668 τὰς
3331 5587 3582 5681 ποικίλας
