4066 6146
549 321 653 378 155

1774 315 1829 371 S.
1889 315 1928 369 G
1941 310 2215 368 REGORH
2267 311 2309 366 Ν
2322 311 2356 365 Υ
2369 309 2565 366 ΞΞΕΝΙ

3694 320 3802 376 156

546 436 713 488 ritqu
735 431 914 485 ducat.
938 429 998 484 Et
1018 429 1272 500 quoniam
1295 429 1574 500 aequaliter
1603 443 1666 484 ac
1688 429 1849 485 simul
1871 443 2106 483 movean-

2225 446 2363 498 χνων
2387 429 2444 480 ὲν
2472 427 2678 496 κινήσει
2710 425 2823 488 πώς
2851 428 2988 488 ἐστι,
3021 427 3107 480 διά
3159 427 3434 497 μειώσεώς
3473 447 3533 482 τε
3568 433 3662 486 καὶ
3697 437 3799 489 αὐ-

553 530 662 584 tur,
693 527 844 574 certo
888 519 1137 588 judicare
1169 534 1283 574 non
1325 535 1642 589 possumus,
1668 530 1786 574 uter
1823 517 2111 588 praecedat,

545 622 668 664 νιιιιη
698 618 750 662 et
781 609 872 664 ille
905 609 1243 663 circulorum
1280 610 1660 676 conversione,
1704 617 1755 664 et
1786 609 1874 664 hic
1906 617 2115 663 naturrc

545 698 786 752 motione
835 698 1060 753 feratur.
1114 698 1280 765 Quod
1321 701 1368 754 si
1396 701 1450 754 in
1504 715 1611 753 una
1659 707 1810 768 parte
1856 698 2115 768 temporis

548 790 880 843 conveniunt
929 791 1110 855 ambo,
1155 791 1304 861 quod
1353 792 1407 845 in
1441 792 1521 846 eis
1557 791 1853 846 discrimen
1887 799 1992 854 est,
2057 797 2116 844 ut

548 880 779 933 alterum
833 881 903 934 ab
959 881 1132 935 altero
1185 881 1422 950 pendere
1463 881 1792 936 credamus?
1860 877 1919 932 Si
1969 881 2113 935 enim

546 980 693 1026 astra
745 973 1017 1027 hominem
1060 973 1470 1042 progignerent,
1532 981 1688 1026 ortus
1746 986 1928 1026 rerum
1973 980 2116 1024 esset

543 1063 862 1126 continuus,
922 1079 1096 1133 neque
1136 1065 1218 1118 vel
1252 1065 1316 1118 ad
1355 1071 1689 1118 mumentmu
1723 1062 1982 1131 temporis
2017 1061 2114 1114 ho-

545 1154 754 1208 minum
789 1155 1103 1222 procreatio
1153 1154 1634 1207 intermitteretur.
1674 1150 1794 1203 Jam
1829 1164 1957 1203 vero
1989 1163 2112 1201 cum

546 1244 692 1299 inter
716 1253 1007 1299 nascentes
1048 1244 1240 1301 crebra
1275 1245 1531 1301 intersint
1562 1241 1870 1303 intervalla,
1897 1240 2111 1310 perspi-

546 1353 710 1391 cuum
755 1335 810 1390 fit
847 1337 1126 1390 hominum
1173 1345 1352 1390 ortum
1386 1351 1494 1402 non
1535 1335 1689 1404 sequi
1729 1341 1933 1387 motum
1971 1333 2115 1387 side-

546 1443 687 1480 rum.
728 1426 825 1482 llic
864 1427 1006 1481 enim
1036 1435 1334 1496 perpetuus
1378 1433 1483 1490 est,
1524 1425 1613 1480 ille
1643 1423 2060 1494 interrumpitur
2098 1442 2109 1476 :

547 1536 608 1574 ac
639 1535 738 1574 suo
777 1519 1013 1588 quodam
1048 1518 1308 1587 peculiari
1358 1533 1503 1572 nexu
1560 1525 1722 1586 atque
1755 1517 1947 1570 ordine
1995 1524 2105 1568 tam

548 1609 794 1662 homines
831 1622 994 1674 quam
1031 1616 1175 1661 astra
1214 1622 1308 1676 per
1339 1623 1397 1661 se
1433 1614 1738 1669 moventur,
1801 1621 1922 1660 cum
1967 1606 2112 1658 nulla

545 1699 845 1754 necessitas
879 1698 1021 1751 inter
1060 1714 1116 1752 sc
1160 1699 1377 1768 copulet
1412 1712 1474 1751 ea
1500 1712 1619 1768 qua:
1661 1706 1852 1750 natura
1898 1696 2110 1762 tlisjun-

2219 517 2426 588 ξήσεως
2475 517 2534 568 ἐν
2577 519 2639 586 τῇ
2677 515 2834 586 φύσει
2864 517 3178 588 κινούμενος
3212 517 3354 587 (ἐπεὶ
3387 521 3480 574 καὶ
3509 521 3667 576 τοῦτο
3708 545 3794 580 κι-

2217 610 2423 680 νήσεως
2449 605 2589 671 εἶδός
2614 607 2752 680 ἐστι)
2779 626 2792 638 ·
2829 609 2890 661 τό
2922 627 2978 661 τε
3009 610 3205 678 ἄστρον
3229 609 3322 664 καὶ
3352 611 3457 682 πρὸ
3481 614 3570 666 τοῦ
3595 616 3683 668 τὸν
3700 616 3796 670 ἄνα

2218 699 2432 769 θρωπον
2454 697 2547 750 τοῦ
2583 698 2741 768 ἀέρος
2769 699 2970 750 σπάσαι
2991 737 3004 760 ,
3038 699 3257 767 φέρεται
3292 701 3385 752 καί
3415 701 3512 770 οὐχ
3543 703 3785 757 ἵσταται·

2217 789 2250 859 ἦ
2283 806 2340 841 τε
2375 790 2630 858 συντυχία
2656 789 2794 843 κατά
2834 791 2894 841 τὸ
2927 785 3040 842 ἴσον
3071 791 3176 843 τῶν
3206 791 3294 844 διά
3328 794 3593 863 κινήσεως
3628 796 3784 866 ἀλλή-

2216 879 2326 942 λοις
2359 881 2826 950 συντυγχανόντων
2850 921 2864 946 ,
2904 880 3106 952 ἄπορον
3144 885 3288 938 ’ποιεί⁹
3318 884 3408 937 τοῦ
3453 890 3799 958 προηγουμέ-

2217 991 2307 1025 νου
2339 973 2436 1042 τὴν
2471 974 2667 1042 κρίσιν.
2698 975 2806 1026 Καὶ
2854 975 2960 1044 γάρ
2999 976 3226 1028 κάκεῖνα
3272 981 3500 1031 κινεῖται
3541 979 3628 1034 διά
3683 978 3795 1034 τῶν

2217 1063 2461 1126 κύκλων,
2495 1065 2587 1118 καὶ
2627 1064 2783 1118 τοῦτο
2820 1066 2905 1118 διά
2940 1068 3036 1136 τῆς
3081 1068 3292 1136 φύσεως
3333 1069 3514 1123 ὁδεῦον
3546 1073 3789 1142 φέρεται.

2217 1154 2279 1207 Εἰ
2301 1155 2356 1206 δὲ
2388 1156 2445 1207 ὲν
2475 1156 2554 1208 svi.
2583 1156 2737 1226 μέρει
2768 1156 2861 1209 τοῦ
2892 1159 3080 1227 χρόνου
3115 1159 3441 1229 ἀμφοτέροις
3466 1164 3498 1230 ἡ
3529 1163 3662 1233 πρὸς
3695 1164 3792 1216 ἀλ-

2215 1247 2407 1316 λήλους
2443 1248 2654 1310 σύνοδος
2695 1249 2902 1316 γίνεται
2930 1289 2944 1314 ,
2993 1251 3077 1312 τίς
3111 1253 3143 1318 ἡ
3183 1251 3316 1320 πρὸς
3351 1252 3551 1322 ἄλληλα
3584 1254 3789 1308 τούτων

2214 1340 2445 1410 διαφορά
2465 1381 2479 1403 ,
2505 1341 2643 1394 ὥστε
2671 1340 2761 1393 τοῦ
2810 1341 2993 1412 ὲτέρου
3021 1341 3080 1393 τὸ
3126 1341 3310 1412 ἕτερον
3339 1342 3650 1415 αἰτιώτερον
3683 1346 3786 1398 οἴε-

2218 1433 2374 1498 σθαι;
2410 1434 2469 1484 Εἰ
2498 1432 2604 1503 γὰρ
2635 1433 2720 1485 διά
2749 1433 2814 1484 τά
2849 1434 3021 1502 ἄστρα
3055 1435 3082 1484 ὁ
3108 1433 3421 1502 ἄνθρωπος,
3455 1435 3683 1488 πάντοτε
3715 1437 3783 1492 ἀν

2216 1523 2362 1595 ἔρρει
2389 1524 2421 1592 ἡ
2451 1523 2608 1591 φύσις
2637 1522 2722 1574 διά
2749 1522 3070 1590 γεννήσεως,
3105 1521 3222 1573 οὐδὲ
3262 1523 3317 1573 ὲν
3346 1523 3543 1592 ἀκαρεῖ
3586 1540 3638 1574 τι
3672 1523 3789 1577 διά-

2215 1615 2418 1683 λειμμα
2454 1615 2553 1683 τῆς
2592 1613 2937 1684 ἀνθρωπίνης
2981 1613 3212 1682 παρόδου
3249 1613 3675 1668 ἐπιδεικνύουσα.
3719 1617 3786 1669 Εἰ

2213 1706 2268 1759 δὲ
2303 1707 2490 1758 πολλαὶ
2525 1705 2632 1758 τῶν
2664 1706 2954 1774 γινομένων
2984 1706 3037 1757 αἱ
3073 1704 3274 1774 μεταξὺ
3309 1705 3615 1770 διαστάσεις
3641 1748 3653 1769 ,
3689 1724 3788 1760 σα-

545 1792 642 1844 xit.
679 1789 747 1842 At
777 1789 822 1842 si
863 1788 913 1842 id
950 1798 1129 1842 vestra
1162 1789 1265 1843 sibi
1298 1789 1415 1842 vult
1445 1789 1641 1853 oratio,
1687 1797 1744 1840 ut
1775 1788 1827 1840 iu
1856 1787 1943 1839 illa
1977 1795 2106 1838 tem-

2216 1797 2328 1864 φῶς
2367 1796 2742 1848 ἀποδείκνυται
2770 1796 2850 1857 τὸ,
2882 1795 2955 1865 μὴ
2983 1797 3046 1865 τῇ
3074 1796 3282 1864 κινήσει
3317 1795 3423 1848 τῶν
3454 1795 3664 1867 ἄστρων
3685 1799 3788 1868 τὴν

545 1881 694 1952 poris
711 1881 976 1950 particula
1006 1879 1164 1934 sitam
1180 1895 1300 1935 esse
1323 1879 1610 1934 credamus
1625 1893 1847 1932 causam
1870 1878 2111 1930 onmium

543 1987 664 2043 qua‘.
682 1973 734 2025 in
757 1971 1032 2024 hominum
1057 1971 1166 2026 vita
1180 1971 1612 2034 committuntur,
1637 1969 1756 2023 vide
1773 1975 1903 2038 quot
1921 1969 2116 2038 myria-

549 2073 650 2127 das
677 2071 1018 2126 dominorum
1041 2080 1468 2142 actyrannorum
1502 2069 1556 2122 iu
1591 2068 1706 2122 dies
1741 2067 2004 2135 singulos,
2058 2066 2113 2120 in

545 2165 790 2235 singulas
820 2163 944 2218 item
985 2170 1173 2216 noctes
1204 2178 1298 2230 per
1328 2161 1704 2216 nunutasillas
1737 2158 2113 2214 etindividuas

544 2256 810 2326 temporis
835 2255 1108 2310 sectiones
1135 2253 1422 2317 exsistant,
1448 2252 1536 2306 die
1566 2266 1630 2305 ac
1654 2261 1812 2305 nocte
1833 2251 1887 2304 in
1923 2249 2109 2320 viginti

545 2352 803 2414 quatuor,
842 2352 903 2398 ut
947 2342 1152 2407 dicitis,
1202 2343 1367 2398 horas
1400 2341 1613 2405 divisis,
1652 2341 1848 2410 quavis
1894 2341 2027 2394 liora
2057 2340 2110 2395 in

542 2436 824 2506 sexaginta
868 2435 1098 2501 minuta,
1135 2433 1330 2504 quovis
1358 2433 1564 2487 minuto
1597 2433 1650 2486 in
1694 2433 1973 2502 sexaginta
2025 2447 2112 2487 se-

542 2526 742 2590 cunda,
771 2525 962 2595 quovis
1002 2524 1264 2588 secundo,
1302 2531 1359 2576 ut
1389 2529 1641 2578 asserunt
1671 2538 1735 2576 ex
1762 2522 1915 2576 vobis
1955 2522 1990 2576 ii
2015 2522 2109 2591 qui

541 2619 660 2675 haec
708 2617 964 2671 subtilius
1020 2612 1400 2684 pertractanda
1457 2621 1838 2682 susceperunt,
1895 2618 2108 2666 retento

541 2708 728 2764 eodem
761 2705 1114 2776 sexagenario
1138 2719 1388 2769 numero,
1419 2704 1474 2757 in
1505 2703 1782 2773 sexaginta
1809 2703 1990 2757 tertia.
2025 2701 2106 2756 Ex

543 2801 740 2872 quibus
781 2799 833 2854 in
861 2813 1029 2853 unmn
1060 2796 1276 2853 collecti
1323 2795 1692 2851 momentanei
1740 2795 1820 2849 illi
1863 2795 1938 2849 dii
1993 2795 2108 2850 sive

543 2891 780 2963 tyranni,
801 2890 915 2944 sive
935 2889 1120 2944 nescio
1133 2887 1332 2957 quibus
1350 2887 1471 2943 aliis
1488 2885 1802 2941 nominibus
1818 2885 2103 2948 alliciendi,

544 2981 776 3051 amplius
813 2993 973 3034 unam
1003 2989 1056 3032 et
1073 2976 1261 3048 viginti
1283 2975 1555 3048 myriadas
1577 2974 1895 3030 conticiuut.
1919 2971 2038 3027 Jam
2055 2972 2102 3027 si

544 3090 650 3127 una
673 3073 803 3126 hora
835 3079 912 3126 tot
940 3070 1093 3124 nobis
1109 3068 1342 3139 partium
1367 3066 1644 3138 myriadas
1664 3065 1999 3136 suppeditat,
2016 3067 2102 3118 vi-

541 3166 674 3236 ginti
693 3173 926 3234 quatuor
939 3137 1282 3232 proportione
1297 3137 1457 3215 unius
1470 3159 1693 3214 omnino
1712 3157 2101 3228 multiplicatw,
2129 3137 2172 3194 α

541 3257 780 3312 infinitas
797 3254 1030 3309 fatorum
1061 3252 1333 3324 myriadas
1356 3251 1655 3322 profcreut.
1676 3248 1745 3303 At
1771 3251 1914 3304 enim
1935 3248 2108 3318 quod-

543 3349 627 3403 vis
667 3364 732 3403 ex
773 3347 880 3400 illis
902 3344 1195 3399 inevitabili
1231 3342 1474 3410 potentia
1513 3341 1796 3410 praeditum
1819 3356 1940 3396 esse
1973 3355 2106 3394 con-

543 3440 812 3504 ﬁrmatis;
847 3452 914 3490 ex
945 3449 1053 3504 quo
1086 3434 1314 3488 eflicitur
1347 3433 1557 3487 nullum
1587 3447 1774 3486 eorum
1805 3447 1926 3488 esse
1957 3431 2102 3503 quod

543 3546 650 3586 non
687 3535 830 3598 agat.
870 3525 1055 3596 Neque
1099 3525 1244 3580 enim
1280 3523 1535 3594 potentia:
1568 3525 1844 3594 proprium
1873 3539 1996 3580 esse
2025 3525 2108 3580 di-

541 3623 688 3678 xeris
718 3628 776 3673 ut
807 3635 914 3672 non
947 3624 1106 3688 agat,
1139 3615 1580 3686 quandoquidem
1643 3616 1890 3684 potentia
1923 3617 2103 3672 omnis

542 3717 596 3770 in
630 3713 842 3767 actione
871 3711 1217 3780 perspicitur.
1255 3707 1508 3778 [Equalia
1553 3719 1680 3763 sunt
1729 3708 1894 3779 igitur
1938 3710 2103 3763 etiam

546 3802 797 3872 potentim
829 3800 1057 3854 effecta:
1104 3813 1271 3867 quare
1312 3805 1444 3866 quot
1479 3805 1606 3851 sunt.
1645 3806 1924 3865 segmenta
1959 3805 2100 3852 tem-

541 3894 717 3965 poris,
751 3892 969 3946 totidem
1002 3906 1216 3959 quoque
1250 3888 1496 3943 homines
1531 3889 1679 3942 horis
1723 3888 1950 3958 singulis
2001 3903 2102 3941 na-

539 3994 783 4047 scantur,
818 3998 1041 4037 necesse
1071 3990 1171 4036 est.
1205 3979 1376 4035 Porro
1420 3981 1465 4036 si
1510 3980 1684 4034 cuivis
1725 3981 1834 4033 fato
1878 3981 2102 4050 aequalis

541 4079 778 4148 potentia
812 4076 1139 4146 assignanda
1173 4082 1258 4128 est
1279 4113 1293 4138 ,
1325 4080 1487 4129 erunt
1517 4088 1704 4127 omnes
1735 4089 1799 4127 ex
1826 4088 1982 4143 aequo
2017 4090 2102 4130 re-

537 4186 663 4241 ges,
731 4169 991 4238 longazvi,
1054 4173 1338 4236 potentes,
1405 4164 1706 4232 fortunati,
1764 4165 1982 4232 felices,
2048 4175 2101 4220 et

535 4260 799 4330 quidquid
831 4268 1089 4329 praeterea
1117 4259 1172 4316 in
1217 4259 1374 4312 bonis
1422 4266 1759 4322 numeratur,
1793 4259 2095 4328 acquirent.

537 4353 668 4406 Nam
700 4354 744 4406 si
780 4354 901 4422 quis
931 4367 1119 4406 eormn
1153 4350 1396 4404 defectus
1423 4358 1506 4403 est
1529 4390 1542 4415 ,
1579 4349 1796 4419 aliquod
1826 4357 1970 4404 certe
1999 4351 2100 4403 iiu-

538 4445 784 4500 beeillius
833 4455 884 4497 et
931 4443 1306 4512 impcrfeetius
1355 4441 1712 4509 judicauilum
1759 4449 1862 4496 est.
1912 4443 2099 4510 Neque

534 4538 678 4592 enim
709 4537 969 4603 mqualem
1001 4535 1297 4602 potentiam
1330 4534 1584 4588 tribueris
1606 4576 1621 4599 ,
1650 4542 1755 4586 tam
1784 4533 1844 4596 ei,
1864 4533 1953 4602 qui
1987 4549 2101 4587 rna-

535 4642 638 4696 gna
664 4665 677 4687 ,
708 4640 867 4692 quam
893 4624 983 4690 qui
1030 4638 1196 4690 parva
1244 4622 1576 4692 praestiterit.
1628 4620 1866 4691 Exempli
1899 4636 2060 4676 causa
2083 4663 2097 4690 ,

536 4715 677 4767 alius
707 4713 1062 4766 centesimum
1095 4713 1371 4782 superavit
1397 4727 1619 4776 annum,
1655 4728 1816 4766 senex
1839 4753 1853 4777 ,
1878 4714 2101 4783 opulen-

537 4815 624 4856 tus
648 4845 662 4867 ,
715 4803 839 4855 felix
865 4843 877 4866 ,
916 4801 1171 4856 omnibus
1207 4803 1258 4854 in
1310 4801 1474 4855 rebus
1513 4801 1809 4855 secundam
1846 4813 2100 4873 expertus

536 4896 840 4958 fortunam,
871 4893 1160 4963 nepotibus
1191 4891 1421 4960 stipatus
1445 4933 1459 4957 ,
1491 4901 1844 4963 pronepotum
1878 4903 2098 4964 aspectu

536 4987 722 5047 laetus,
772 4999 969 5048 sanus,
1017 4984 1307 5036 incolumis
1333 5023 1348 5048 ,
1392 4983 1728 5047 honoratus,
1758 4985 1961 5040 doloris
2002 5002 2098 5041 ex-

532 5093 656 5150 pers
678 5116 692 5140 ,
728 5076 922 5146 opibus
954 5074 1213 5138 atllueus,
1245 5082 1298 5129 et
1333 5075 1377 5128 si
1411 5075 1540 5145 quid
1575 5076 1720 5128 aliud
1759 5077 1813 5129 in
1845 5076 1945 5130 hac
1987 5078 2096 5131 vita

531 5173 832 5244 pretiosum
865 5175 980 5231 est,
1033 5167 1194 5220 rebus
1227 5166 1482 5222 omnibus
1513 5167 1727 5222 beatus.
1757 5167 1910 5223 Alius
1936 5169 2097 5223 simul

530 5274 692 5335 atque
721 5278 788 5317 ex
834 5267 1082 5314 materno
1115 5269 1267 5312 utero
1313 5259 1550 5328 prodiit,
1588 5259 1907 5314 suffocatur.
1945 5259 2096 5314 Multi

529 5357 729 5426 quippe
783 5370 846 5408 ex
903 5350 1280 5406 meretricibus
1336 5357 1428 5402 aut
1474 5350 1736 5404 adulteris
1794 5361 2096 5407 nascuntur

531 5448 799 5505 infantes.
852 5458 990 5512 quos
1038 5450 1222 5510 utpote
1269 5440 1463 5494 nothos
1511 5439 1626 5494 suis
1674 5439 1802 5509 ipsa:
1844 5439 2095 5495 manibus

532 5546 729 5592 matres
761 5538 1123 5598 obtruncant,
1151 5533 1405 5602 ezedeque
1438 5530 1696 5601 flagitium
1727 5531 2090 5599 supprimunt.

530 5629 657 5692 Qua!
692 5628 785 5680 fati
831 5628 1066 5694 potentia
1117 5627 1167 5678 in
1217 5625 1301 5679 liis
1333 5623 1544 5677 enitet?
1580 5638 1646 5675 an
1699 5621 1819 5674 istis
1848 5638 2000 5691 mque
2031 5638 2092 5676 ac

531 5722 635 5774 iliis
668 5721 976 5774 diuturnam
1009 5720 1170 5773 vitam
1203 5719 1331 5774 dare
1363 5734 1469 5771 non
1505 5714 1729 5787 potest?
1759 5713 1812 5770 Si
1847 5715 2092 5770 asseritis

2135 4479 2176 4531 D

2216 1886 2558 1956 ἀνθρωπίνην
2590 1886 2813 1938 ἕπεσθαι
2847 1886 3076 1953 γένεσιν.
3115 1885 3177 1936 Ἠ
3212 1886 3307 1956 μὲν
3337 1886 3471 1956 γάρ,
3502 1889 3588 1941 ἀεὶ
3614 1892 3783 1941 κινεῖ-

2213 1991 2331 2026 ται·
2368 1977 2400 2044 ἡ
2431 1974 2486 2027 δὲ
2509 2016 2521 2036 ,
2565 1976 2661 2028 οὑκ
2688 1975 2772 2028 ἀεὶ
2803 1977 3052 2043 γεννᾶται
3073 1991 3086 2003 ⁸
3118 1974 3229 2027 ἀλλ’
3260 1977 3370 2047 ἰδίῳ
3393 1978 3547 2029 τοῦτο
3579 1979 3780 2049 εἱρμῷ,

2214 2069 2432 2120 κάκεῖνο
2471 2067 2630 2120 πάλιν
2664 2067 2967 2130 ἰδιαζόντως
3011 2069 3093 2136 ἐφ’
3119 2066 3309 2120 ἑαυτοῦ
3342 2069 3600 2138 φέρεται,
3632 2070 3786 2122 οὐδε-

2216 2162 2342 2230 μιᾶς
2370 2159 2610 2229 ἀνάγκης
2640 2158 3013 2228 συναπτούσης
3040 2159 3170 2228 πρδς
3199 2159 3397 2228 ἄλληλα
3429 2161 3493 2212 τά
3521 2160 3786 2214 διεστῶτα

2211 2255 2277 2322 τῇ
2313 2251 2499 2320 φύσειο
2537 2253 2583 2304 εἰ
2613 2251 2666 2302 δὲ
2699 2250 2854 2302 τοῦτο
2901 2252 2929 2302 ὁ
2969 2250 3230 2322 ὑμέτερος
3273 2253 3666 2318 κατασκευάζει
3694 2255 3786 2306 λό-

2211 2359 2306 2410 γος
2329 2383 2344 2408 ,
2373 2342 2432 2396 τὸ
2469 2342 2554 2395 ἐπ’
2580 2341 2760 2412 ἐκείνῃ
2789 2345 2853 2412 τῇ
2904 2342 3069 2411 μοίρᾳ
3103 2343 3194 2395 τοῦ
3235 2346 3425 2416 χρόνου
3463 2345 3558 2416 τήν
3599 2347 3783 2399 αἰτίαν

2209 2436 2317 2487 τῶν
2349 2435 2484 2488 κατά
2523 2434 2612 2487 τὸν
2643 2435 2754 2504 βίον
2783 2435 3036 2490 ἁπάντων
3069 2437 3312 2503 κεῖσθαι,
3353 2438 3621 2508 σκόπησον
3649 2441 3783 2503 ὅσας

2213 2525 2476 2596 μυριάδας
2502 2527 2773 2580 δεσποτῶν
2813 2527 2905 2581 καὶ
2931 2527 3206 2596 τυράννων
3227 2567 3242 2591 ,
3291 2530 3472 2599 ἡμέρα
3502 2532 3651 2584 πᾶσα
3685 2534 3783 2584 καὶ

2209 2616 2306 2680 νὺξ
2349 2616 2610 2681 ὡσαύτως
2638 2618 2780 2674 κατά
2802 2619 2899 2683 τὰς
2944 2618 3143 2682 λεπτάς
3173 2621 3383 2682 ὲκείνας
3416 2622 3510 2674 καὶ
3553 2623 3784 2694 ἀκαρείς

2208 2707 2298 2763 τοῦ
2335 2708 2526 2780 χρόνου
2571 2710 2744 2781 τομάς
2791 2709 3190 2782 ἀπεργάζεται*
3234 2713 3310 2776 εἰς
3363 2711 3638 2785 τέσσαρας
3687 2717 3783 2767 καὶ

2207 2800 2409 2854 εἴκοσιν
2439 2801 2587 2873 ὥρας
2614 2803 2805 2866 νυκτὸς
2839 2805 2932 2856 καὶ
2975 2805 3181 2878 ἡμέρας
3207 2845 3222 2868 ,
3264 2805 3338 2869 ὥς
3384 2824 3517 2875 φατε
3541 2848 3554 2871 ,
3588 2809 3783 2880 διῃρη-

2211 2893 2386 2961 μένων
2410 2909 2424 2924 ·
2461 2893 2694 2964 ἑκάστης
2731 2895 2784 2947 δὲ
2819 2894 2997 2966 ὥρας,
3034 2897 3294 2966 ἐξήκοντα
3333 2901 3580 2968 τμήμασι
3617 2918 3780 2971 μερι-

2207 2981 2475 3054 ζομένης·
2524 2985 2686 3038 πάλιν
2715 2986 2770 3037 δὲ
2800 2986 2907 3038 τῶν
2955 2988 3256 3057 τμημάτων
3304 2990 3505 3041 τούτων
3545 2991 3778 3044 ἑκάστου

2207 3073 2348 3127 κατά
2394 3074 2456 3126 τὸ
2502 3075 2783 3145 ἰσάριθμον
2829 3075 3331 3147 κερματιζομένου·
3371 3080 3445 3142 ὡς
3496 3080 3551 3132 δέ
3612 3099 3782 3148 φασιν

2208 3163 2361 3234 ὑμῶν
2383 3165 2431 3217 οἰ
2461 3166 2540 3228 εἰς
2561 3165 2658 3235 τὴν
2678 3165 3004 3236 λεπτοτέραν
3035 3167 3142 3220 τῶν
3173 3169 3429 3222 τοιούτων
3458 3174 3782 3244 παρατήρη-

2212 3272 2295 3307 σιν
2337 3254 2412 3326 τῷ
2452 3255 2593 3325 λόγῳ
2626 3256 2958 3326 διαδυόμενοι
2984 3299 2999 3324 ,
3046 3258 3128 3311 ὃτι
3173 3259 3265 3312 καὶ
3319 3260 3516 3315 τούτων
3548 3263 3780 3319 ἕκαστον

2209 3348 2369 3402 πάλιν
2401 3348 2508 3401 τῶν
2543 3349 2843 3419 λεγομένων
2875 3349 3179 3420 τμημάτων
3216 3352 3483 3424 ἰσαρίθμῳ
3514 3353 3779 3424 διαιρέσει

2207 3440 2640 3495 ὲπιλεπτύνεται.
2684 3441 2756 3494 Τὸ
2804 3441 2981 3495 τοίνυν
3041 3445 3103 3497 ὲκ
3147 3429 3360 3497 τούτων’
3395 3445 3779 3516 ἀθροιζόμενον

2207 3529 2408 3599 πλῆθος
2431 3529 2534 3582 τῶν
2561 3530 2861 3600 ἀκαριαίων
2887 3532 3108 3584 ἐκείνων
3163 3529 3320 3594 θεῶν,
3354 3532 3386 3602 ἢ
3415 3533 3706 3595 δεσποτῶν,
3746 3536 3775 3604 ἢ

2206 3622 2477 3692 τυράννων
2503 3662 2518 3686 ,
2553 3621 2586 3692 ἣ
2622 3622 2723 3674 οὐκ
2750 3617 2845 3674 οἷδ’
2871 3622 3019 3684 ὅπως
3056 3622 3160 3692 χρὴ
3192 3622 3368 3690 λέγειν
3391 3664 3407 3688 ,
3441 3626 3568 3690 μιᾶς
3612 3625 3777 3677 πλέον

2207 3715 2299 3766 καὶ
2331 3714 2500 3766 εἴκοσι
2537 3713 2808 3783 μυριάδων
2839 3713 3004 3767 ἐστίν.
3047 3715 3110 3766 Εἰ
3139 3714 3194 3768 δὲ
3226 3715 3321 3783 μία
3366 3714 3481 3785 ὥρα
3510 3716 3780 3777 τοσαύτας

2208 3805 2559 3877 μοιρῶνὴμῖν
2593 3805 2856 3876 μυριάδας
2895 3808 3057 3871 ποιεῖ,
3092 3807 3146 3858 αἰ
3182 3806 3444 3878 τέσσαρες
3474 3809 3566 3860 καὶ
3601 3808 3779 3863 εἴκοτι

2205 3898 2345 3954 κατά
2373 3898 2527 3967 λόγον
2578 3897 2678 3964 τῆς
2733 3900 2862 3967 μιᾶς
2902 3899 3116 3958 πάντως
3166 3899 3775 3964 πολλαπλασιασθεῖσαι,

2203 3990 2302 4052 τὰς
2351 3988 2608 4060 ἀπείρους
2662 3990 2767 4042 τῶν
2835 3987 3037 4059 μοιρῶν
3080 3989 3343 4060 μυριάδας
3387 3989 3773 4056 ἀπογεννῶσιν.

2225 4080 2385 4134 Ἀλλὰ
2438 4081 2542 4150 μὴν
2595 4079 2796 4132 τούτων
2841 4080 3074 4148 ἑκάστην
3131 4077 3479 4147 ἀπαράϐατον
3545 4077 3777 4146 δύναμιν

2203 4171 2344 4242 ἔχειν
2373 4171 2400 4223 ὁ
2450 4171 2710 4240 ὑμέτερος
2761 4169 3148 4239 διισχυρίζεται
3198 4169 3370 4235 λόγος.
3405 4166 3610 4220 Οὐκοῦν
3647 4170 3776 4221 ἀκό-

2201 4258 2386 4312 λουθον
2417 4257 2686 4328 μηδεμίαν
2718 4256 2894 4309 αὐτῶν
2929 4257 3206 4327 ἄπρακτον
3255 4251 3410 4308 εἶναι.
3451 4257 3524 4307 Οὐ
3574 4256 3680 4326 γάρ
3710 4256 3775 4308 ἀν

2201 4345 2297 4414 τῆς
2324 4344 2606 4414 δυνάμεως
2645 4345 2774 4397 ἴδιον
2803 4344 2899 4412 τὴν
2927 4344 3195 4414 ἀπραξίαν
3223 4345 3394 4406 εἴποις
3421 4384 3434 4407 ,
3467 4344 3580 4396 ἀλλ’
3613 4348 3668 4396 ἐν
3707 4349 3772 4414 τῇ

2203 4436 2452 4508 ἐνεργείᾳ
2484 4436 2696 4500 πάντως
2738 4436 3034 4506 καθορᾶται
3081 4437 3112 4504 ἡ
3157 4435 3400 4505 δύναμις.
3432 4435 3639 4487 Οὐκοῦν
3684 4432 3775 4487 ἶσα

2204 4528 2295 4578 καὶ
2330 4525 2397 4578 τά
2418 4527 2517 4596 τῆς
2549 4526 2826 4596 δυνάμεώς
2859 4529 3003 4580 ἐστιν
3039 4526 3448 4594 ἀποτελέσματα
3471 4542 3483 4553 ·
3508 4527 3646 4580 ὥστε
3672 4529 3773 4580 ὅσα

2201 4620 2462 4689 τμήματα
2488 4659 2502 4682 ,
2535 4619 2790 4672 τοσαῦται
2825 4619 2916 4670 καὶ
2958 4617 3064 4669 τῶν
3094 4616 3396 4688 ἀνθρώπων
3442 4617 3680 4685 γενέσεις
3716 4616 3778 4681 ἐξ

2201 4708 2442 4778 ἀνάγκης
2476 4710 2596 4762 καθ’
2623 4710 2856 4780 ἑκάστην
2887 4709 3034 4778 ὥραν
3068 4710 3441 4778 συστήσονται.
3472 4709 3578 4760 Καὶ
3614 4711 3775 4779 εἰπερ

2201 4799 2403 4870 ἑκάστῃ
2451 4801 2613 4871 μοίρᾳ
2647 4801 2704 4853 τὸ
2735 4801 2952 4854 δυνατὲν
2982 4801 3182 4870 ὁμοίως
3229 4799 3773 4869 προσμαρτυρείσθαι

2202 4891 2504 4960 προσήκει,
2554 4891 2761 4954 πάντας
2799 4891 2884 4943 ἐπ’
2923 4891 3041 4959 ἴσης
3091 4889 3380 4960 βασιλέας,
3417 4888 3770 4958 μακροϐίους,

2199 4981 2484 5047 δυνατοὺς,
2525 4982 2821 5055 εὐκλήρους
2847 5024 2862 5045 ,
2899 4982 3249 5054 εὐδαίμονας,
3285 4981 3377 5034 καὶ
3417 4981 3516 5033 ὅσα
3554 4982 3651 5050 τῆς
3700 4997 3776 5033 τι-

2203 5073 2472 5142 μιωτέρας
2503 5073 2706 5143 λήξεως
2741 5073 2876 5128 εἶναι
2916 5076 3224 5145 νομίζεται,
3261 5074 3322 5126 τὸ
3358 5075 3456 5144 τῆς
3490 5075 3774 5144 δυνάμεως

2198 5166 2456 5235 ὁμότιμον
2481 5167 2848 5236 ἀπεργάζεται
2871 5185 2882 5197 '
2914 5170 2945 5237 ἡ
2974 5167 3080 5237 γάρ
3113 5166 3345 5235 ἔλλειψις
3373 5166 3576 5220 τούτων
3605 5166 3770 5231 τινὸς,

2196 5259 2287 5310 τοῦ
2320 5259 2458 5312 κατά
2492 5258 2588 5330 τὴν
2609 5259 2833 5328 δύναμιν
2860 5259 3078 5321 ἀτελοῦς
3107 5258 3407 5329 κατηγορία
3435 5258 3660 5326 γίνεται.
3696 5259 3772 5311 υύ

2197 5352 2304 5422 γάρ
2356 5351 2419 5404 ἄν
2449 5368 2530 5414 τις
2565 5352 2685 5420 ἴσην
2736 5351 3246 5422 προσμαρτυρήσειε
3285 5349 3546 5419 δύναμιν,
3591 5349 3670 5418 τῷ
3713 5366 3773 5402 τε

2199 5442 2407 5512 μεγάλα
2437 5442 2524 5494 καὶ
2555 5441 2724 5511 μικρά
2758 5441 3128 5510 ἐνεργήσαντι.
3161 5436 3304 5504 Οἷον,
3335 5443 3363 5492 ὁ
3399 5440 3496 5509 μὲν
3537 5438 3775 5509 ύπερΰέ-

2197 5532 2363 5600 6ηκεν
2398 5531 2589 5584 ἑκατὸν
2646 5530 2738 5600 ἐτη
2797 5532 2853 5583 ἐν
2887 5532 3031 5601 γήρα
3078 5530 3289 5601 λιπαρῴ
3342 5531 3434 5581 καὶ
3467 5529 3769 5598 εὐδαίμονι,

2195 5624 2379 5678 παισὶν
2432 5622 2849 5692 εύθηνούμενος,
2882 5624 3121 5691 ἐκγόνοις
3150 5621 3642 5691 δορυφορούμενος,
3678 5623 3775 5675 καὶ

2194 5715 2268 5784 τῷ
2307 5714 2441 5784 μετά
2469 5715 2686 5778 τούτους
2715 5715 3146 5782 ἐπαγαλλόμενος
3178 5714 3344 5781 γένει,
3376 5714 3563 5776 άνοσος
3586 5751 3600 5777 ,
3628 5716 3764 5778 ἀπή-
