4066 6146
264 362 373 419 15⁸1

1606 359 1882 420 CONTRA
1938 358 2198 417 FATUM.

3424 367 3531 422 158

266 496 406 551 μων,
452 478 709 549 ἐπίτιμος
729 518 744 544 ,
774 478 977 542 ἀλυπος
996 518 1010 543 ,
1040 478 1269 534 πλούτου
1303 482 1537 553 δαψιλῶς
1561 484 1729 555 ἔχων,
1761 480 1851 537 καὶ

1954 496 2147 552 posse,
2173 477 2426 534 omnibus
2458 477 2510 531 in
2545 475 2709 531 rebus
2736 488 2799 530 ex
2828 490 2983 547 sequo
3013 476 3095 533 vis
3119 475 3239 547 ejus
3265 478 3524 537 elucebit.

262 575 317 626 ετ
342 591 397 627 τι
430 572 558 627 ἄλλο
582 571 692 625 τῶν
727 572 869 626 κατὰ
900 572 988 626 τὸν
1022 570 1134 641 βίον
1162 573 1350 629 τοῦτον
1391 578 1450 629 ὲν
1475 577 1674 648 τιμίοις
1703 575 1851 629 νενό⁴

268 680 486 736 μισται,
514 662 604 717 διὰ
655 664 874 718 πάντων
915 666 1373 737 μακαριζόμενος.
1409 668 1671 739 Ἕτερος,
1715 664 1852 736 ὁμοῦ

260 754 340 824 τῷ
374 749 727 825 παραχθῆναι
756 757 836 818 είς
867 753 981 823 φῶς
1006 794 1022 819 ,
1062 758 1364 828 κατεπνίγη
1391 774 1404 788 ·
1435 752 1522 829 οἶα
1568 754 1629 826 δὴ
1683 755 1855 810 πολλά

261 845 371 899 τῶν
391 845 695 917 γινομένων
717 846 867 900 ἐστὶν
892 847 1197 920 ἑταιρικὰῆ
1229 849 1461 919 μοιχίδια
1490 849 1686 920 βρέφη.
1710 847 1814 902 ἀπε
1824 862 1853 917 ρ

261 937 372 989 τῶν
405 936 661 1008 μητέρων
699 939 755 991 αἱ
784 938 1115 1008 παρανόμως
1144 939 1418 1009 κυήσασαι
1443 979 1457 1004 ,
1486 942 1606 1003 ταῖς
1645 934 1852 991 ἑαυτῶν

263 1030 421 1100 χερσὶ
478 1028 941 1100 διαχειριζόμεναι
970 1070 985 1096 ,
1040 1030 1254 1101 θανάτῳ
1297 1031 1386 1086 τὸν
1447 1031 1665 1101 ἔλεγχον
1712 1028 1850 1083 κλέ-

1958 570 2143 642 Neque
2173 570 2318 626 enim
2342 568 2493 623 aliud
2524 567 2761 638 poterit,
2792 567 2937 621 aliud
2966 580 3072 623 non
3109 569 3337 637 poterit,
3369 571 3413 625 si
3447 586 3529 625 re-

1958 676 2083 717 vera
2131 662 2371 733 potentia
2412 660 2552 714 valet
2583 676 2596 712 :
2628 666 2682 711 at
2710 659 2953 727 potentia
2984 672 3051 714 ex
3079 660 3292 715 eii‘ectis
3321 674 3527 731 cogno-

1959 754 2156 809 scitur.
2205 753 2362 807 Nulla
2394 765 2525 822 ergo
2555 751 2785 806 exsistet
2813 750 2936 805 vitae
2967 751 3360 807 dissimilitudo
3382 793 3396 819 ,
3431 754 3524 808 sed

1958 859 2226 901 summam
2262 845 2361 899 sibi
2398 842 2707 899 felicitatem
2738 843 2944 912 pariter
2972 858 3165 900 omnes
3196 847 3529 915 pollicebun-

1958 941 2069 998 tur,
2100 949 2168 989 eo
2206 934 2349 1003 quod
2378 948 2444 988 ex
2487 942 2670 989 vestra
2715 934 2989 989 sententia
3029 950 3225 991 omnes
3269 935 3378 991 l‘ato
3416 938 3527 991 sint

1957 1026 2220 1096 subjecti,
2250 1026 2540 1096 ipsumque
2568 1024 2738 1079 fatum
2774 1040 2990 1095 semper
3024 1029 3205 1081 omnia
3233 1029 3428 1097 possit.

263 1134 460 1176 πτουσι
486 1140 501 1155 ο
536 1123 640 1178 ποῦ
678 1127 712 1194 ἠ
742 1121 969 1196 δύναμις
999 1125 1092 1179 ἐπὶ
1136 1126 1340 1179 τούτων
1366 1126 1467 1197 τῆς
1494 1127 1724 1197 μοίρας;
1757 1123 1879 1188 Πῶς
1913 1123 1992 1187 είς
2017 1122 2078 1174 τὸ
2101 1119 2229 1174 αὐτὸ
2256 1121 2356 1193 τῆς
2380 1119 2526 1191 ζωῆς
2558 1120 2750 1192 μέτρον
2776 1122 2809 1191 ἡ
2839 1121 2937 1191 τῆς
2998 1122 3333 1194 εἱμαρμένης
3375 1124 3525 1194 ἰσχὺς

263 1216 370 1267 οὐκ
397 1216 728 1287 ἐξήρκεσεν;
758 1217 819 1269 Ei
840 1216 949 1290 γὰρ
974 1216 1035 1271 τὸ
1068 1218 1290 1275 δυνατὸν
1324 1221 1460 1291 αὐτῇ
1494 1218 1936 1291 προσμαρτυρεῖν
1959 1218 1989 1270 6
2023 1214 2284 1286 ὑμέτερος
2332 1213 2486 1282 λόγος
2555 1214 2722 1268 οἴεται
2767 1213 2909 1279 δεῖν,
2977 1216 3171 1285 ἐπίσης
3238 1218 3370 1270 πᾶσι
3413 1222 3525 1280 τοῖς

265 1300 421 1357 οὖσιν
460 1308 495 1374 ἡ
526 1304 682 1374 ἰσχὺς
710 1306 879 1376 αὐτῆς
940 1308 1261 1379 φανήσεται.
1334 1309 1410 1362 Οὐ
1475 1307 1584 1380 γὰρ
1608 1308 1669 1362 τὸ
1700 1307 1797 1378 μὲν
1824 1304 2028 1376 ἰσχύσει
2052 1344 2068 1371 ,
2101 1305 2163 1359 τὸ
2188 1305 2245 1359 δὲ
2268 1304 2330 1359 οὐ
2372 1305 2658 1376 δυνήσεται
2683 1343 2698 1368 ,
2748 1305 2909 1376 εἴπερ
2946 1306 3160 1376 ἀληθῶς
3214 1309 3271 1360 ὲν
3301 1307 3525 1378 δυνάμει

264 1397 792 1469 καταλαμϐάνεταιο
844 1401 959 1472 ἠδὲ
992 1402 1263 1474 δύναμις,
1308 1401 1398 1456 διὰ
1467 1402 1575 1455 τῶν
1646 1399 2099 1471 ἀποτελεσμάτων
2147 1400 2490 1470 γνωρίζεται.
2577 1399 2783 1452 Οὐκοῦν
2832 1396 3087 1469 οὐδεμίαν
3137 1401 3451 1471 ἀνωμαλίαν
3495 1402 3525 1455 6

269 1486 392 1555 βίος
420 1488 552 1554 ἔξει,
585 1490 803 1543 πάντων
843 1491 1039 1561 ὁμοίως
1066 1492 1127 1544 τὸ
1158 1490 1454 1563 ἀκρότατον
1488 1492 1585 1561 τῆς
1613 1484 1957 1558 εὐδαιμονίας
2014 1487 2209 1559 μέτρον
2244 1488 2302 1540 ὲν
2357 1488 2569 1549 ἑαυτοῖς
2617 1487 2939 1541 δεικνύντων
2962 1527 2975 1553 ,
3043 1488 3131 1541 διὰ
3198 1491 3259 1543 τὸ
3320 1493 3525 1556 πάντας

269 1576 378 1651 μὲν
403 1582 543 1634 κατά
569 1578 662 1635 τὸν
693 1581 849 1651 λόγον
874 1583 1027 1653 ὑμῶν
1051 1625 1066 1649 ,
1094 1584 1200 1637 ὑπὸ
1236 1583 1332 1655 τὴν
1364 1582 1704 1655 εἱμαρμένην
1734 1578 1967 1645 κεῖσθαι,
2011 1580 2186 1633 πάντα
2216 1580 2270 1633 δὲ
2302 1581 2502 1648 ταύτην
2533 1580 2619 1633 ἀεὶ
2647 1579 2905 1633 δύνασθαι
2935 1579 3112 1649 λέγειν
3133 1581 3295 1650 ὑμᾶς.

347 1680 408 1732 Ei
436 1674 530 1732 οὖν
580 1677 672 1731 καὶ
702 1678 878 1731 πάντα
914 1678 1006 1730 καὶ
1057 1678 1145 1731 ἀεὶ
1190 1678 1411 1733 δύναται
1457 1679 1489 1748 ἡ
1541 1675 1845 1747 εἱμαρμένη

267 1771 442 1839 αὕτη,
484 1770 660 1824 πάντα
680 1769 772 1821 ἐπὶ
798 1769 1016 1822 πάντων
1038 1768 1340 1839 δυνήσεται.
1384 1769 1542 1822 ’Λλλά
1590 1769 1694 1839 μὴν
1725 1766 1847 1819 πολ-

2026 1672 2082 1726 Si
2120 1688 2249 1743 ergo
2277 1680 2331 1727 et
2358 1674 2540 1728 omnia
2570 1681 2624 1727 et
2657 1688 2873 1743 semper
2914 1683 3092 1743 potest
3137 1676 3305 1729 fatum
3344 1676 3523 1744 istud,

1954 1765 2221 1819 omniain
2255 1766 2511 1819 omnibus
2558 1765 2778 1834 poterit.
2816 1764 2978 1833 Atqui
3029 1769 3195 1819 nmlta
3243 1768 3383 1823 inter
3430 1770 3524 1823 lio-

267 1862 364 1916 λαὶ
391 1862 485 1914 καὶ
506 1861 749 1915 ποικίλαι
779 1862 893 1923 τοῖς
932 1859 1239 1932 ἀνθρώποις
1271 1859 1365 1913 τοῦ
1417 1859 1533 1930 βίου
1576 1859 1848 1929 διαφοραὶ,

1956 1858 2128 1912 mines
2154 1864 2206 1911 et
2234 1858 2384 1911 varia
2412 1855 2631 1910 vivendi
2663 1863 2790 1909 sunt
2820 1871 3018 1926 genera
3042 1897 3055 1919 ,
3088 1872 3210 1912 cum
3236 1858 3519 1929 dignitate,

268 1954 416 2008 κα.τά
452 1971 512 2006 τε
536 1953 637 2015 τὰς
667 1951 822 2017 ἀξίας
865 1951 957 2006 καὶ
994 1952 1093 2013 τὰς
1123 1951 1470 2022 περιουσίας,
1500 1951 1595 2004 καὶ
1635 1949 1701 2004 τὰ
1744 1949 1851 2002 τῶν

268 2045 479 2115 χρόνων
514 2044 689 2115 μέτρα
716 2082 733 2104 ,
761 2043 855 2095 καὶ
887 2042 984 2107 τὰς
1018 2042 1127 2095 τῶν
1177 2041 1444 2111 σωμάτων
1472 2042 1693 2111 κράσεις
1716 2080 1730 2104 ,
1760 2041 1852 2093 καὶ

267 2136 449 2190 πάντα
479 2136 580 2188 ὅσα
600 2134 667 2186 δι’
694 2126 769 2187 ὧν
797 2134 831 2204 ἢ
883 2134 1218 2204 μακαριστός
1249 2149 1333 2195 τις
1382 2132 1415 2201 ἦ
1450 2131 1632 2195 ἄθλιος
1659 2130 1854 2199 ὀνομά-

266 2228 447 2293 ζεται.
482 2229 626 2298 ’Δρα
656 2226 719 2279 τδ
755 2225 827 2297 μὴ
858 2226 1033 2280 πάντα
1070 2225 1327 2279 δύνασθαι
1359 2226 1457 2293 τὴν
1495 2222 1853 2277 ἀναπλασθεῖ-

265 2336 373 2373 σαν
400 2319 615 2389 ἐκείνην
640 2317 718 2388 τῷ
746 2318 887 2387 λόγῳ
940 2320 1132 2389 μοῖραν
1181 2318 1213 2388 ἢ
1247 2315 1587 2387 εἱμαρμένην
1608 2355 1621 2380 ,
1662 2316 1694 2384 ἡ
1744 2313 1851 2366 τῶν

263 2408 726 2479 ἀποτελεσμάτων
752 2406 1004 2475 ἀνισότης
1032 2404 1215 2475 σαφῶς
1247 2403 1624 2457 ἐπιδείκνυσιν.
1656 2402 1718 2453 El
1744 2401 1851 2471 γὰρ

262 2499 334 2550 τὸ
369 2496 667 2568 μακρόϐιον
695 2495 975 2566 δυνάμεως
1022 2493 1179 2565 ἔργον
1214 2492 1505 2563 νομίζομεν
1527 2530 1540 2553 ,
1573 2488 1852 2551 ἀσθενείας

263 2590 493 2651 πάντως
519 2587 638 2640 ἐστὶ
661 2587 723 2641 τὸ
756 2586 1065 2657 ὠκύμορον.
1097 2583 1329 2647 Οὐκοῦν,
1358 2580 1455 2653 τὴν
1487 2582 1582 2652 μὲν
1608 2582 1851 2635 ἀσθενεῖν

265 2682 378 2735 τῶν
407 2681 756 2751 είμαρμένων
803 2679 898 2751 τὴν
927 2678 983 2731 δὲ
1031 2676 1287 2731 δύνασθαι
1315 2670 1659 2746 δογματίζειν
1681 2691 1849 2747 προσ-

268 2775 417 2844 ήκει.
464 2772 685 2839 Ἐπειδὴ
718 2772 827 2839 γὰρ
863 2770 1097 2823 ἐναντίον
1142 2768 1221 2839 τῷ
1267 2769 1601 2839 πολυχρονίῳ
1646 2768 1708 2821 τὸ
1747 2767 1853 2821 ὀλι-

268 2865 489 2932 γόϐιον,
520 2864 611 2917 διὰ
640 2862 750 2916 τῶν
800 2862 1051 2915 ἐναντίων
1090 2862 1375 2930 ὑφίσταται
1411 2861 1624 2925 πάντως
1651 2861 1853 2914 τούτων

273 2956 557 3026 ἑκάτερον.
592 2954 668 3007 Οὐ
713 2952 821 3024 γάρ
849 2952 913 3007 ἄν
945 2969 1028 3016 τις
1058 2953 1158 3022 τῆς
1199 2952 1368 3022 αὐτῆς
1411 2953 1591 3016 αἰτίας
1636 2952 1851 3022 ἐξάψειε

276 3049 630 3120 μακαρισμόν
658 3065 717 3101 τε
751 3048 841 3100 καὶ
874 3046 1162 3119 ἀθλιότητα
1187 3088 1201 3113 ,
1227 3046 1507 3121 ἀλλἐἴπερ
1520 3045 1678 3111 τοῦτο
1722 3062 1853 3104 κατ-

1953 1957 2006 2002 et
2036 1948 2252 2018 opibus,
2288 1956 2400 2000 tum
2434 1957 2737 2016 temporum
2763 1961 3164 2016 corporumque
3192 1958 3524 2017 temperatu-

1955 2055 2035 2104 ra,
2068 2040 2432 2109 omnibusque
2454 2038 2576 2093 aliis
2597 2039 2781 2102 rebus,
2807 2039 3005 2107 quibus
3030 2040 3221 2094 beatus
3250 2043 3523 2109 quispiam

1954 2139 2048 2186 aut
2080 2133 2244 2187 miser
2278 2132 2526 2186 habetur.
2579 2131 2766 2201 Itaque
2799 2133 3231 2186 commentitium
3266 2134 3395 2188 illud
3434 2150 3526 2188 ve-

1954 2232 2126 2279 strum
2166 2223 2332 2277 fatum
2368 2239 2475 2281 non
2520 2224 2702 2277 omnia
2750 2239 2944 2294 posse,
2991 2224 3304 2279 eliectorum
3347 2226 3523 2280 diver-

1953 2315 2086 2369 sitas
2132 2316 2340 2385 liquido
2387 2315 2649 2370 declarat.
2703 2315 2915 2369 Etenim
2961 2318 3006 2369 si
3053 2316 3215 2370 vitam
3250 2318 3459 2387 longam
3492 2331 3522 2370 a

1956 2407 2195 2476 potentia
2247 2407 2522 2477 proficisci
2569 2406 2950 2462 existimamus
2979 2449 2993 2474 ,
3022 2408 3236 2463 brevem
3282 2410 3523 2478 profecto

1954 2499 2021 2551 ab
2050 2499 2366 2567 impotentia
2394 2513 2720 2568 promanare
2757 2499 2939 2552 doceri
2980 2507 3212 2568 oportet.
3249 2501 3323 2552 ita
3354 2500 3521 2553 fatum

1953 2589 2099 2643 aliud
2126 2589 2437 2653 infirmum,
2467 2589 2612 2641 aliud
2643 2596 2834 2658 potens
2861 2589 3206 2644 statuendum
3234 2592 3358 2643 erit.
3385 2591 3523 2655 Quia

1952 2684 2094 2737 enim
2143 2685 2264 2737 vita:
2315 2684 2600 2753 longitudo
2643 2682 2887 2751 ejusdem
2934 2684 3188 2738 brevitati
3243 2686 3520 2738 contraria

1952 2784 2034 2829 est
2057 2816 2070 2838 ,
2106 2775 2373 2845 principia
2408 2776 2593 2844 utique
2628 2774 2766 2828 inter
2798 2790 2856 2829 se
2890 2776 3163 2828 contraria
3197 2776 3298 2830 sibi
3346 2775 3521 2829 vindi—

1953 2866 2170 2919 cabunt.
2206 2863 2486 2934 Siquidem
2532 2880 2690 2918 nemo
2725 2863 2790 2917 ad
2820 2865 3063 2919 eamdem
3108 2881 3326 2920 causam
3371 2876 3519 2921 retu-

1953 2956 2075 3011 lerit
2107 2967 2158 3013 et
2184 2958 2571 3012 beatitudinem
2620 2966 2675 3011 et
2716 2960 3019 3023 miseriam;
3065 2958 3158 3013 sed
3202 2961 3246 3012 si
3280 2949 3381 3013 illa
3426 2976 3521 3027 per

1954 3049 2246 3117 potentiam
2282 3050 2580 3119 potiamur,
2608 3050 2721 3103 hch
2753 3052 2972 3105 omnino
3001 3061 3218 3121 propter
3247 3049 3517 3106 defectum

272 3137 545 3212 ορθωθείη
603 3139 693 3193 διὰ
731 3137 825 3191 τοῦ
858 3138 1157 3202 δύνασθαι,
1194 3136 1255 3191 τὸ
1303 3137 1489 3209 ἕτερον
1518 3138 1578 3191 οὐ
1620 3139 1847 3209 συνέστη

1956 3140 2214 3210 potentire
2241 3156 2350 3195 non
2378 3143 2503 3195 erit.
2535 3142 2750 3196 Miseria
2780 3145 2977 3213 quippe
3005 3148 3056 3197 in
3088 3160 3151 3198 eo
3174 3146 3254 3198 vel
3284 3147 3517 3200 maxime

272 3233 496 3294 πάντως
523 3230 671 3301 παρά
696 3231 797 3302 τὴν
818 3228 918 3301 τῆς
942 3229 1224 3300 δυνάμεως
1247 3228 1497 3299 ἔλλειψιν.
1530 3230 1717 3284 ossea
1743 3230 1851 3302 γὰρ

272 3321 424 3392 ἄλλῳ
455 3325 486 3393 ἡ
522 3321 774 3391 ἀθλιότης
801 3320 1271 3390 καταλαμϐάνεται
1298 3360 1311 3383 ,
1343 3321 1375 3390 ἢ
1410 3322 1467 3375 ὲν
1491 3320 1565 3390 τῷ
1595 3320 1667 3391 μὴ
1696 3320 1853 3390 δυνη-

274 3411 440 3480 θῆναι
470 3410 723 3477 γενέσθαι
766 3410 1053 3479 μακάριον.
1103 3408 1261 3461 Ἀλλά
1298 3409 1402 3479 μὴν
1451 3408 1667 3471 πλείους
1702 3409 1852 3477 παρά

272 3502 367 3554 τὸν
409 3498 523 3569 βίον
556 3503 604 3553 οἱ
638 3499 833 3554 ἄθλιοι.
875 3497 1082 3552 Οὐκοῦν
1108 3536 1123 3562 ,
1159 3496 1358 3550 πλείων
1395 3499 1427 3568 ἠ
1474 3497 1725 3550 ἀσθένεια
1754 3498 1852 3566 τῆς

276 3592 619 3663 εἱμαρμένης
654 3594 806 3664 παρά
832 3592 929 3663 τὴν
954 3592 1179 3663 δύναμιν
1207 3590 1591 3643 ἐπιδείκνυται.
1623 3588 1731 3642 Ποῦ
1761 3585 1854 3642 οὖν

276 3687 313 3754 ἡ
336 3685 553 3754 ἄμαχος
579 3683 759 3753 ἐκείνη
811 3685 903 3737 καὶ
930 3683 1333 3753 παντοδύναμος
1383 3684 1475 3735 xa‘t
1502 3681 1854 3752 ἀπαράϐατος

279 3778 495 3845 ἀνάγκη
522 3816 537 3841 ,
566 3774 705 3828 ὥστε
728 3777 814 3828 ἐπ’
842 3776 1024 3848 ἐκείνῃ
1051 3776 1290 3830 τίθεσθαι
1319 3776 1537 3828 πάντων
1576 3774 1684 3827 τῶν
1714 3773 1855 3827 κατά

277 3868 372 3922 τὸν
407 3867 518 3938 βίον
542 3867 1001 3938 οἰκονομουμένων
1032 3868 1129 3939 τὴν
1167 3866 1433 3932 ἐξουσίαν,
1463 3866 1583 3935 ἥτις
1614 3864 1855 3935 ἀπηλέγ-

279 3958 385 4029 χθη
439 3957 528 4011 διά
573 3958 673 4029 τῆς
701 3959 1018 4022 ἀκολουθίας
1048 3960 1141 4013 τοῦ
1179 3958 1336 4026 λόγου
1385 3957 1612 4026 ἀσθενὴς
1645 3959 1702 4008 ἐν
1745 3959 1855 4020 τοῖς

280 4051 559 4115 πλείοσιν;
605 4050 742 4103 Ἀλλ’
773 4052 947 4121 ἐρεῖς,
998 4051 1077 4103 ὅτι
1123 4049 1295 4118 τούτῳ
1335 4047 1432 4117 μὲν
1481 4046 1637 4098 τοῦτο
1671 4044 1855 4115 βούλεο

276 4161 369 4199 ται
392 4159 407 4172 ’
433 4142 513 4213 τῷ
540 4143 597 4196 δὲ
627 4143 800 4215 ἑτέρῳ
842 4142 904 4195 τὸ
948 4137 1064 4194 ἴσον
1112 4141 1171 4193 οὐ
1205 4140 1483 4209 βούλεται·
1511 4136 1735 4190 δύναται
1760 4135 1854 4188 καὶ

277 4237 366 4289 ἐπ’
399 4236 599 4304 ἀμφοῖν
628 4236 763 4304 ὅπερ
787 4233 1030 4304 βούλεται
1048 4249 1062 4264 θ
1094 4233 1308 4294 πάντως
1333 4226 1423 4284 οὖν
1447 4229 1539 4282 καὶ⁹
1559 4229 1655 4299 τὴν
1677 4227 1854 4282 αἰτίαν

276 4327 613 4399 προσθήσεις
648 4326 745 4395 τῆς
776 4324 883 4378 τῶν
919 4325 1283 4396 προαιρέσεων
1316 4321 1518 4375 τούτων
1568 4321 1848 4391 διαφορᾶς.

280 4416 606 4488 Ἀνθρωπος
643 4412 796 4479 οὗτος
833 4416 928 4468 καλ¹
957 4410 1110 4477 οὗτος
1135 4455 1148 4479 ,
1182 4413 1433 4484 οὐδεμίαν
1466 4415 1606 4466 κατά
1631 4412 1729 4479 τὴν
1761 4409 1854 4478 φύε

1957 3233 2245 3297 consistit,
2299 3232 2443 3301 quod
2495 3233 2886 3287 beatitudinem
2932 3236 3056 3304 quis
3104 3239 3365 3301 consequi
3417 3254 3521 3292 non

1956 3324 2149 3394 possit.
2198 3324 2489 3383 Enimvero
2535 3324 2718 3393 plures
2761 3325 2926 3377 vitam
2974 3326 3179 3394 degunt
3224 3329 3521 3398 miseram;

1954 3413 2049 3469 iati
2077 3430 2206 3485 ergo
2237 3412 2529 3468 infirmitas
2560 3429 2719 3483 quam
2756 3414 2995 3483 potentia
3032 3427 3115 3471 est
3149 3419 3322 3482 major
3355 3427 3408 3473 et
3445 3418 3525 3474 ei"

1958 3505 2200 3561 ficacinr.
2234 3504 2329 3558 Ubi
2366 3519 2515 3558 nunc
2547 3513 2629 3558 est
2662 3504 2862 3557 invicta
2898 3505 2988 3558 illa
3014 3547 3028 3570 ,
3080 3514 3133 3559 et
3180 3509 3527 3577 omnipotens

1957 3605 2117 3665 atque
2179 3594 2549 3649 ineluctabilis
2591 3593 2925 3662 necessitas,
2980 3605 3038 3648 tit
3076 3596 3128 3648 in
3172 3612 3233 3651 ea
3281 3599 3523 3659 omnium

1955 3699 2135 3739 rerum
2169 3684 2529 3739 humanarum
2568 3691 2889 3753 potestatem
2929 3699 3051 3739 esse
3095 3687 3323 3754 positam
3370 3694 3525 3757 pute-

1954 3793 2097 3841 mus,
2130 3791 2292 3846 qnam
2322 3776 2516 3844 majori
2545 3791 2607 3829 ex
2637 3784 2791 3845 parte
2817 3775 3091 3830 infirmant
3125 3794 3245 3831 esse
3276 3794 3524 3848 compro-

1953 3869 2245 3924 bavimus?
2280 3868 2385 3924 Sed
2421 3868 2568 3923 dices
2604 3870 2710 3922 hoc
2743 3868 2905 3922 istum
2930 3909 2944 3931 ,
2978 3869 3140 3922 alium
3174 3871 3317 3921 aliud
3356 3871 3524 3937 velle,

1954 3961 2008 4015 in
2046 3968 2276 4029 utroque
2308 3967 2487 4013 tamen
2523 3958 2573 4012 id
2608 3959 2789 4013 valere
2830 3958 2974 4028 quod
3018 3961 3165 4013 velit.
3213 3959 3343 4025 Qum
3399 3976 3524 4014 vero

1956 4051 2117 4122 hujus
2154 4053 2493 4105 voluntatum
2521 4050 2855 4103 diversitatis
2880 4061 2961 4103 est
2993 4051 3201 4104 causa?
3242 4049 3525 4106 Faciamus

1954 4159 2076 4199 esse
2124 4144 2260 4198 duos
2306 4143 2592 4205 homines,
2643 4142 2734 4210 qui
2779 4142 2916 4195 nihil
2963 4142 3104 4194 inter
3145 4157 3203 4196 se
3234 4142 3521 4206 dilicrant,

1955 4247 2144 4291 neuter
2172 4239 2283 4293 sive
2309 4238 2510 4291 bonum
2550 4236 2664 4291 sive
2694 4236 2897 4288 malum
2931 4237 3073 4288 ultro
3101 4235 3171 4288 sit
3206 4216 3522 4302 amplexus,

1955 4329 2047 4383 Sed
2081 4329 2167 4382 hic
2195 4329 2358 4398 paulo
2395 4335 2519 4381 ante
2556 4343 2621 4381 ex
2661 4335 2908 4380 materno
2956 4336 3110 4380 utero
3144 4326 3445 4393 prodierit,
3477 4327 3522 4379 si

1954 4435 2083 4473 casu
2117 4421 2196 4475 sic
2228 4435 2349 4474 eum
2385 4428 2579 4472 natura
2611 4416 2893 4481 effuderit,
2926 4418 3012 4472 ille
3040 4417 3124 4470 vel
3157 4418 3415 4470 continuo
3440 4418 3524 4472 vel

280 4528 366 4564 σιν
401 4509 754 4580 παραλλαγὴν
785 4507 871 4560 ἐπ’
898 4507 1219 4579 ἀμφοτέρων
1246 4506 1460 4576 βλέπεις
1484 4546 1497 4569 ,
1526 4502 1647 4556 οὔτε
1679 4502 1851 4572 τούτῳ

1955 4513 2115 4583 paulo
2149 4520 2288 4581 post.
2322 4509 2439 4565 Non
2476 4511 2664 4565 eadem
2718 4509 2985 4563 ambobus
3018 4508 3127 4561 vita
3161 4516 3309 4562 sorte
3343 4508 3525 4562 obtin-

278 4602 340 4656 τὸ
378 4601 542 4655 καλὸν
567 4643 582 4666 ,
616 4600 648 4670 ἢ
684 4597 880 4668 φαῦλον
900 4601 963 4652 ἐκ
991 4597 1360 4670 προαιρέσεως
1383 4637 1396 4660 ,
1436 4595 1558 4649 οὔτε
1581 4594 1658 4664 τῷ
1687 4593 1850 4663 ἄλλῳ,

278 4694 395 4749 ἀλλ’
416 4687 573 4756 οὗτος
598 4692 791 4763 μικρόν
818 4708 870 4744 τι
921 4689 1014 4743 τοῦ
1043 4691 1235 4761 χρόνον
1268 4687 1550 4758 πρθλαδὼν
1576 4729 1589 4750 ’
1621 4686 1721 4756 τῆς
1759 4701 1855 4755 μη-

275 4785 460 4857 τρῴας
485 4782 677 4854 νηδύος
710 4782 973 4851 ἐξέθορεν,
1016 4780 1157 4834 οὕτω
1184 4780 1325 4834 κατὰ
1354 4779 1413 4833 τὸ
1443 4778 1653 4848 συμϐὰν
1691 4778 1811 4835 αύτὲ
1824 4794 1852 4828 ν

277 4873 805 4944 ἀποσκευασαμένης
835 4875 933 4943 τῆς
961 4872 1171 4942 φύσεως
1197 4889 1210 4902 ·
1251 4873 1454 4935 ἐκεῖνος
1484 4871 1539 4923 δὲ
1570 4868 1703 4939 μετά
1733 4869 1853 4921 τοῦ-

275 4984 367 5021 τον
390 5010 407 5033 ,
460 4967 495 5037 ἢ
535 4966 698 5029 εύθὺς
743 4965 778 5037 ἢ
808 4967 924 5035 μετ’
951 4965 1149 5033 ὀλίγον.
1178 4964 1287 5017 Καὶ
1333 4962 1469 5034 μετὰ
1503 4961 1660 5014 τοῦτο
1689 4961 1785 5030 οὐχ
1822 4962 1852 5015 ὁ

275 5058 440 5122 αὐτὸς
489 5058 820 5129 ἀμφοτέροις
857 5056 969 5128 βίος
1015 5056 1450 5128 ἀποκληροῦται,
1503 5055 1617 5109 ἀλλ’
1663 5055 1691 5107 6
1732 5055 1850 5124 μὲν,

274 5149 584 5220 εὗδαίμων,
631 5147 667 5220 ἢ
702 5148 987 5218 βασιλεὺς,
1022 5147 1087 5202 ἂν
1123 5148 1267 5202 οὕτω
1298 5147 1470 5219 τύχῃ,
1522 5144 1706 5218 χρυσῷ
1757 5146 1851 5197 καί⁸

274 5242 570 5313 πορφυρίδι
600 5242 754 5312 παρὰ
772 5243 869 5312 τὴν
899 5240 1121 5313 πρώτην
1150 5241 1363 5311 γένεσιν
1389 5239 1754 5308 ὲνειλούμενος
1782 5255 1796 5269 ·
1823 5239 1851 5291 6

268 5328 345 5391 δὲ,
372 5328 517 5392 τινὸς
545 5328 655 5382 τῶν
681 5330 950 5400 πενιχρῶν
977 5330 1009 5399 ἢ
1036 5331 1260 5393 δούλων,
1300 5330 1419 5383 οὐδὲ
1455 5329 1663 5401 ῥακίοις
1700 5328 1851 5397 παρά

269 5423 375 5475 τῶν
425 5421 852 5491 γεννησαμένων
901 5423 1061 5475 αὐτὸν
1108 5419 1608 5493 σπαργανούμενος.
1648 5419 1713 5472 Τί
1757 5414 1849 5473 οὖν

270 5510 527 5582 ἠδίκησεν
547 5550 565 5575 ,
591 5512 626 5583 ἦ
657 5510 945 5582 προλαϐὼν
983 5512 1016 5582 ἢ
1058 5511 1415 5581 ἐφυστερίσας
1459 5508 1536 5580 τῷ
1562 5510 1736 5580 χρόνῳ
1772 5526 1851 5580 μι-

269 5604 417 5674 χρὸν.
449 5605 516 5657 οὐ
559 5604 681 5657 κατ’
714 5604 922 5657 οίκείαν
957 5603 1215 5675 πρόθεσιν
1235 5645 1251 5668 ,
1296 5602 1428 5657 ἀλλὰ
1456 5601 1595 5655 κατά
1622 5602 1721 5673 τὴν
1749 5601 1848 5671 τῆς

270 5695 484 5763 φύσεως
511 5694 750 5765 κίνησιν,
783 5694 858 5758 ὡς
886 5692 1052 5747 αὐτοῦ
1094 5692 1281 5748 τούτου
1308 5694 1489 5746 ἕνεκεν
1534 5692 1851 5764 ἀποκληρω-

269 5788 424 5859 ξῡῆναι
483 5787 581 5841 τοῦ
626 5785 745 5853 βίου
793 5786 891 5855 τὴν
935 5785 1191 5853 dripior};
1230 5785 1387 5838 ποίαν
1425 5784 1518 5849 τῆς
1558 5784 1846 5852 δεσποίνης

1957 4604 2032 4671 git
2054 4643 2069 4664 ,
2100 4600 2193 4655 sed
2228 4601 2364 4654 alter
2398 4600 2526 4653 felix
2562 4607 2656 4653 aut
2686 4599 2908 4652 omnino
2938 4612 3028 4651 rex
3065 4597 3350 4660 fortassis,
3389 4614 3525 4654 auro

1954 4700 2007 4746 et
2048 4704 2289 4760 purpura
2337 4697 2500 4742 natus
2545 4703 2665 4744 mox
2719 4688 3038 4753 involvitur,
3078 4688 3216 4742 alter
3268 4688 3524 4758 pauperis

1954 4781 2223 4850 alicujus,
2269 4790 2364 4835 aut
2405 4779 2568 4834 etiam
2618 4779 2757 4833 servi
2798 4780 2941 4834 illius
2978 4796 3045 4834 ne
3085 4780 3279 4834 laceris
3303 4781 3521 4849 quidem

1950 4874 2149 4943 pannis
2179 4886 2207 4924 a
2250 4871 2569 4942 parentibus
2616 4871 2895 4941 iutegitur.
2939 4870 3080 4937 Quid
3125 4886 3255 4941 ergo
3295 4873 3522 4941 deliquit

1932 4963 2096 5034 ,quod
2152 4964 2314 5032 paulo
2368 4964 2528 5018 citius
2582 4963 2664 5019 vel
2710 4964 2920 5019 tardius
2967 4968 3139 5019 altero
3170 4965 3241 5020 sit
3280 4968 3525 5037 progeni-

1952 5063 2041 5110 tus
2063 5097 2077 5120 ,
2112 5054 2273 5125 idque
2308 5070 2416 5109 non
2447 5071 2546 5109 suo
2574 5056 2842 5121 consilio,
2873 5058 2964 5110 sed
3003 5069 3212 5111 natura:
3244 5067 3392 5111 tnotu
3418 5101 3430 5123 ,
3467 5065 3524 5109 ut

1951 5144 2158 5201 idcirco
2204 5147 2368 5200 vitam
2421 5147 2712 5201 sortiretur
2764 5148 3187 5203 inhonoratam?
3215 5148 3389 5214 Quam
3426 5162 3521 5199 vos

1952 5238 2041 5292 hic
2068 5236 2439 5293 defensionem
2479 5254 2578 5308 pro
2610 5250 2789 5294 vestra
2837 5240 2925 5294 illa
2977 5242 3195 5295 domina
3241 5236 3522 5293 aﬂ‘eretis?

1956 5328 2053 5385 Ubi
2096 5330 2302 5399 justitia
2329 5369 2344 5393 ,
2379 5330 2468 5384 ubi
2507 5332 2711 5401 pietas,
2748 5332 2836 5385 tibi
2888 5333 3138 5387 numen?
3188 5344 3314 5382 num
3372 5328 3520 5381 dices

1952 5418 2119 5475 fatum
2173 5420 2312 5474 nihil
2363 5420 2556 5475 horum
2602 5438 2837 5488 curare,
2873 5439 3051 5493 neque
3095 5419 3313 5475 virtutis
3352 5419 3520 5474 ratio-

1951 5525 2072 5566 nem
2117 5509 2356 5575 habere,
2395 5527 2573 5582 neque
2619 5514 2758 5566 bono
2802 5513 3058 5582 eui-quam
3114 5510 3518 5580 providere?si

1951 5614 2057 5652 non
2087 5598 2239 5662 istis,
2288 5599 2476 5669 utique
2516 5602 2811 5654 contrariis
2854 5601 3052 5654 studiis
3088 5598 3339 5664 vacabit,
3390 5602 3517 5670 quia

1949 5699 2163 5745 constat
2194 5691 2337 5759 quod
2374 5708 2401 5743 a
2434 5691 2575 5745 bono
2610 5692 2901 5753 abhorret,
2948 5690 2999 5743 id
3045 5704 3168 5744 cum
3218 5692 3359 5746 malo
3400 5706 3522 5746 esse

1950 5783 2327 5853 conjunctum.
2389 5781 2574 5838 Neuuc
2633 5782 2775 5845 hoc,
2837 5783 3091 5856 inquies,
3148 5799 3321 5851 neque
3381 5780 3519 5837 illud
