3980 6198
511 361 612 418 ιέῖθ

1705 352 1760 409 S.
1795 347 2120 408 GREGORII
2155 347 2450 407 NYSSENI

3647 346 3758 399 160

509 479 556 530 ei
600 489 745 529 eurze
795 481 894 530 est.
951 472 1257 527 Inanimum
1309 485 1480 542 ergo,
1546 485 1722 539 neque
1762 467 2070 523 voluntario

2184 465 2329 536 ὑμῶν
2355 465 2568 536 ἐκείνης
2593 463 2686 518 ἐπὶ
2708 464 2820 527 τοῖς
2843 462 3104 524 τοιούτοις
3133 456 3424 526 ἀπολογίαν
3454 457 3755 527 εὑρήσετες

506 563 736 633 judicio,
787 577 962 631 neque
999 561 1127 616 boni
1176 561 1372 614 malive
1420 555 1731 630 cognitione
1785 559 2069 628 praeditum

507 668 629 707 esse
655 652 916 714 affirmas,
945 653 992 706 si
1023 653 1225 716 anima,
1253 653 1484 714 ratione,
1511 658 1565 704 et
1602 650 1878 704 voluntate
1901 655 2069 713 caret,

508 759 687 812 neque
715 757 812 812 per
838 757 897 797 se
927 743 1198 798 subsistit.
1231 744 1297 795 Et
1342 741 1522 796 adhuc
1570 749 1774 796 tantam
1827 741 1875 796 ei
1910 739 2072 809 largi-

508 833 640 886 mini
691 839 1048 902 potestatem,
1102 841 1162 886 ut
1218 833 1525 886 animantes
1585 831 1797 885 arbitrii
1843 844 2073 900 capaces

509 924 840 988 moderetur,
881 931 1114 992 etregat
1146 939 1208 978 ea
1266 939 1385 993 qua:
1435 923 1764 988 subsistunt,
1821 921 1875 976 id
1929 920 2073 991 quod

509 1015 733 1070 minime
798 1015 1093 1082 subsistit,
1145 1030 1338 1085 expers
1394 1015 1516 1068 vitae
1571 1013 1869 1083 participes
1924 1014 2071 1076 vitae,

509 1108 778 1162 animatas
832 1106 1153 1173 inanimum,
1213 1121 1402 1161 exsors
1459 1105 1672 1160 consilii
1728 1112 1781 1159 et
1835 1104 2072 1169 virtutis,

508 1206 793 1254 consortes
817 1216 832 1262 ;
868 1199 1120 1268 denique,
1152 1197 1293 1251 entia
1329 1211 1434 1250 non
1458 1211 1575 1251 ens.
1602 1194 1737 1248 Nam
1759 1209 1868 1266 quo
1890 1210 2074 1250 rerum

509 1303 708 1358 genere
759 1288 1068 1342 continetur
1123 1287 1291 1348 istud,
1327 1285 1486 1354 cujus
1536 1300 1736 1340 nomen
1792 1292 2077 1354 tantopere

507 1377 752 1446 jactatis,
791 1377 1006 1434 fatum?
1057 1377 1275 1430 Animal
1307 1391 1415 1430 non
1449 1384 1555 1442 est,
1599 1378 1656 1432 in
1707 1377 1930 1432 zodiaco
1967 1391 2076 1430 non

511 1470 775 1534 cernitur,
807 1468 951 1524 Deus
981 1485 1089 1524 non
1127 1469 1378 1524 habetur.
1412 1470 1515 1536 Qui
1555 1469 1699 1524 enim
1734 1469 1876 1524 Deus
1906 1477 2072 1535 esset,

511 1561 603 1628 qui
627 1575 803 1630 neque
830 1560 1062 1624 virtutis,
1085 1575 1260 1630 neque
1285 1559 1556 1629 aequitatis
1585 1559 1748 1613 ducat
1769 1560 2032 1613 rationem
2055 1560 2077 1613 ’ἐ

511 1651 667 1722 Ωιιοά
702 1665 830 1707 vero
855 1650 993 1704 nihil
1023 1666 1088 1705 ex
1115 1651 1201 1704 his
1232 1651 1395 1706 rebus
1419 1658 1522 1714 est,
1542 1651 1667 1720 quid
1705 1650 1918 1705 tandem
1947 1650 2074 1704 est?

512 1743 619 1799 Sed
661 1743 876 1798 videtur
929 1758 958 1796 a
998 1743 1153 1798 vobis
1195 1743 1363 1797 fatum
1397 1741 1504 1796 dici
1554 1743 1784 1813 quodvis
1816 1742 2075 1811 temporis

513 1844 885 1892 momentum:
948 1834 1219 1905 siquidem
1270 1843 1485 1904 tempus
1542 1849 1662 1889 sese
1728 1833 1793 1888 ad
1857 1847 2076 1888 omnem

513 1937 720 1984 motum
743 1929 857 1984 sive
886 1927 1167 1983 ﬂuminum
1200 1927 1313 1983 sive
1335 1927 1617 1982 stellarum
1646 1926 1761 1980 sive
1793 1925 2076 1978 hominum

511 2020 775 2076 extendit.
810 2019 995 2089 Neque
1046 2018 1214 2074 refert
1273 2019 1388 2072 sive
1439 2016 1586 2071 ﬂuvii
1625 2025 1774 2071 motu
1827 2015 2078 2086 designes

514 2109 828 2166 insecabilia
859 2109 1154 2178 cujuslibet
1185 2107 1442 2163 instantis
1477 2109 1740 2176 temporis
1780 2112 2078 2175 segmenta,

516 2202 631 2256 sive
658 2200 813 2254 navis
844 2199 897 2253 vi
930 2207 1218 2252 ventorum
1255 2198 1489 2267 agitatae,
1523 2196 1637 2251 sive
1670 2196 1948 2250 hominum
1978 2196 2081 2249 iter

517 2291 855 2354 facientium,
909 2289 1020 2346 sive
1077 2296 1348 2344 astrorum
1388 2302 1508 2357 qua:
1551 2294 1891 2341 moveantur.
1934 2285 2081 2340 Unus

515 2385 661 2441 enim
691 2391 774 2438 est
807 2380 1050 2441 omnium
1082 2395 1203 2450 quzc
1231 2380 1350 2434 loco
1377 2385 1665 2434 moventur
1702 2378 1988 2443 terminus,
2021 2383 2080 2430 ut

515 2476 748 2547 migrent
784 2488 851 2534 ex
878 2487 943 2528 eo
976 2475 1033 2526 in
1066 2486 1173 2541 quo
1203 2477 1352 2535 sunt,
1390 2470 1474 2525 vel
1527 2470 1581 2523 in
1630 2469 1684 2523 id
1734 2469 1788 2522 in
1831 2483 1941 2538 quo
1973 2484 2079 2522 non

516 2575 662 2623 sunt.
701 2565 855 2633 Quod
897 2565 941 2620 si
972 2579 1148 2635 neque
1177 2563 1487 2627 ﬂuminum,
1533 2577 1710 2632 neque
1741 2561 2079 2632 navigiorum

518 2667 720 2723 motus,
749 2671 925 2726 neque
957 2655 1238 2710 hominum
1281 2654 1580 2708 ambulatio
1629 2654 1914 2708 intervalla
1946 2663 2080 2708 tem-

524 2748 674 2817 poris
705 2746 1108 2816 designantium
1137 2743 1379 2801 efficiunt
1433 2744 1600 2800 fatum
1633 2763 1645 2797 :
1680 2759 1779 2797 cur
1825 2742 2082 2812 temporis

519 2836 740 2908 punctis
786 2851 854 2891 ex
905 2835 1147 2890 motione
1206 2835 1487 2889 stellarum
1543 2832 1680 2890 ortis
1741 2831 1912 2887 fatum
1967 2831 2082 2888 fieri

520 2928 758 3000 fingitis?
783 2943 882 2982 cur
908 2917 1090 2981 dicitis
1122 2934 1303 2980 motus
1327 2933 1552 2983 catteros
1585 2940 1706 2980 esse
1725 2924 1810 2978 vel
1841 2933 2082 2993 tempora

519 3021 604 3075 vel
657 3018 857 3074 indicia
909 3018 1209 3089 temporis;
1267 3024 1322 3070 at
1368 3031 1590 3072 veroex
1631 3024 1779 3069 motu
1841 3013 2081 3070 siderum

520 3112 689 3166 fatum
723 3111 988 3166 exsistere
1017 3110 1364 3163 observatum
1393 3122 1514 3162 esse
1538 3108 1559 3158 ?
1582 3105 1692 3160 Cur
1714 3121 1824 3160 non
1853 3105 2084 3176 singulis

518 3203 804 3260 momentis
870 3201 1072 3271 singuli
1131 3199 1380 3254 homines
1445 3199 1784 3258 nascuntur?
1837 3205 2077 3268 repetam

516 3293 661 3348 enim
690 3291 1024 3362 superiorem
1052 3289 1372 3344 orationem.
1401 3287 1670 3353 Quoniam
1699 3285 1888 3342 eadem
1913 3301 2084 3341 causa

516 3391 690 3439 estut
734 3383 896 3436 homo
947 3380 1019 3434 sit
1074 3380 1264 3434 beatus
1323 3379 1410 3432 vel
1460 3377 1648 3444 miser,
1680 3385 1733 3432 et
1772 3385 1832 3431 ut
1862 3377 2084 3432 omnino

515 3474 624 3533 sit;
657 3473 703 3527 si
739 3479 886 3526 astra
936 3478 1064 3525 sunt
1124 3483 1304 3523 causa:
1338 3475 1652 3531 eventuum,
1707 3467 1801 3536 qui
1851 3468 2084 3524 hominis

518 3574 698 3620 ortum
739 3570 1063 3632 sequuntur,
1117 3574 1341 3630 prorsus
1386 3565 1440 3613 et
1499 3559 1672 3628 ipsius
1725 3559 1889 3613 etiam
1929 3568 2084 3616 ortus

518 3671 696 3711 causae
734 3664 900 3709 sunt:
934 3654 1020 3708 sin
1054 3651 1215 3720 hujus
1251 3664 1428 3705 causae
1467 3665 1576 3704 non
1637 3656 1785 3716 sunt,
1825 3665 1926 3706 nec
1962 3651 2083 3706 illo-

518 3762 638 3802 rum
665 3747 854 3814 utique
889 3752 1036 3798 sunt.
1070 3743 1138 3795 At
1191 3757 1320 3796 vero
1364 3749 1512 3795 astra
1569 3756 1680 3796 non
1738 3757 1859 3797 esse
1887 3757 2083 3798 causas

517 3845 693 3901 ortus,
726 3835 807 3890 vel
838 3851 900 3889 ex
938 3849 1004 3888 eo
1039 3834 1226 3904 liquet,
1269 3833 1417 3902 quod
1467 3833 1697 3902 tempori
1739 3835 2083 3888 continenter

518 3925 705 3980 ﬂuenti
740 3938 1078 3994 nequaquam
1125 3920 1415 3975 continens
1463 3920 1741 3992 hominum
1796 3931 1950 3976 ortus
1995 3939 2082 3976 re-

518 4016 803 4088 spondeat,
843 4015 934 4071 sed
975 4016 1445 4082 interrumpatur:
1500 4011 1591 4064 illa
1642 4019 1822 4067 autem
1857 4012 1967 4068 fata
2017 4031 2080 4070 ex

517 4110 703 4166 ﬂuenti
755 4117 1005 4178 tempore
1036 4121 1099 4160 ac
1158 4105 1492 4174 sempiterna
1549 4103 1789 4158 siderum
1845 4107 2084 4164 motione

517 4202 636 4259 sine
663 4200 772 4255 ullo
802 4207 1104 4254 nascuntur
1145 4196 1456 4261 intervallo,
1493 4195 1637 4266 quod
1687 4197 1773 4252 vel
1800 4213 1964 4253 sensu
1998 4200 2083 4254 vel

515 4291 871 4361 intelligentia
922 4288 1130 4361 percipi
1183 4297 1368 4358 queat.
1431 4287 1720 4354 Quodnam
1773 4289 1942 4360 igitur
2003 4301 2085 4346 est

516 4380 662 4433 istud
695 4379 912 4433 fatum?
939 4379 1082 4449 quod
1112 4392 1353 4432 unumne
1387 4377 1459 4440 sit
1501 4379 1772 4448 generale,
1826 4397 1894 4434 an
1929 4381 2083 4450 plura

2173 559 2284 614 Ποῦ
2313 558 2372 612 τὸ
2408 558 2648 622 δίκαιον;
2676 555 2786 609 Ποῦ
2823 555 2883 608 τὸ
2913 552 3168 618 εὐσεϐές;
3204 551 3313 604 Ποῦ
3360 550 3418 603 τὸ
3457 551 3639 616 ὃσιον;
3681 553 3757 603 Ἦ

2175 649 2379 704 τούτων
2407 649 2617 712 οὐδενὸς
2655 645 2834 718 μέλειν
2865 644 2968 715 φῂς
3003 646 3067 714 τῇ
3099 639 3430 712 εἱμαρμένῃ,
3463 638 3580 692 οὐδὲ
3616 638 3759 709 πρὸς

2175 739 2371 811 ἀρετὴν
2407 739 2622 809 βλέπειν
2649 777 2664 802 ,
2711 736 2828 790 οὐδέ
2858 753 3001 797 τινος
3029 734 3135 786 τῶν
3182 731 3400 800 ἀγαθῶν
3432 730 3758 800 ἐπιμέλειαν

2175 829 2350 899 έχειν;
2381 827 2586 881 Οὐκοῦν
2628 829 2676 880 εἰ
2729 826 2801 897 μὴ
2844 825 3015 878 ταῦτα
3042 823 3128 877 διὰ
3159 823 3392 892 σπουδῆς
3421 821 3566 873 ἐστιν
3590 821 3758 890 αὐτῇ,

2177 919 2304 989 περὶ
2327 919 2387 971 τὸ
2417 919 2655 972 ἐναντίον
2697 917 2911 980 πάντως
2946 915 3376 986 ἀσχοληθήσεται
3401 931 3415 946 '
3523 915 3632 984 γὰρ
3656 914 3756 967 τοῦ

2175 1009 2380 1078 ἀγαθοῦ
2411 1009 2759 1080 ἀλλοτρίωσις
2784 1051 2798 1076 ,
2839 1008 2937 1080 τὴν
2957 1007 3107 1079 ’πρὸς
3140 1007 3200 1059 τὸ
3244 1007 3411 1060 κακὸν
3446 1005 3760 1076 οἰκειότητα

2179 1102 2364 1172 σαφῶς
2419 1102 2801 1155 ἐπιδείκνυσιν.
2856 1098 2993 1156 Ἀλλ’
3027 1094 3146 1152 οὔτε
3185 1097 3340 1154 τοῦτο
3391 1098 3552 1169 τυχὸν
3577 1139 3590 1161 ,
3633 1099 3760 1156 οὐδὲ

2178 1194 2352 1246 ἐκεῖνο
2381 1192 2468 1245 διὰ
2498 1192 2774 1263 φροντίδος
2803 1185 2940 1243 εἶναι
2969 1189 3146 1257 λέγεις
3178 1189 3349 1258 αὐτῇς
3385 1186 3594 1242 Οὐκοῦν
3618 1189 3726 1259 ad»;
3745 1220 3761 1231 .

2177 1301 2270 1353 χον
2304 1284 2434 1346 αὐτὸ
2463 1284 2569 1354 φῂς
2598 1280 2733 1335 εἶναι
2760 1282 2854 1335 καὶ
2884 1281 3262 1352 ἀπροαίρετον,
3320 1280 3414 1334 καὶ
3448 1280 3616 1334 καλοῦ
3659 1282 3758 1334 καὶ

2177 1374 2418 1445 χείρονος
2470 1373 2866 1443 ἀνεπαίσθητον
2904 1389 2919 1404 ·
2984 1374 3031 1425 εί
3083 1371 3140 1424 δὲ
3196 1372 3330 1442 μήτε
3381 1371 3557 1444 ψυχὴν
3617 1375 3757 1444 μήτε

2178 1467 2492 1536 προαίρεσιν
2519 1465 2650 1536 ἔχει,
2684 1466 2820 1536 μήτε
2850 1465 2969 1518 κατ’
3014 1465 3148 1517 ἰδίαν
3184 1464 3468 1533 θεωρεῖται
3513 1466 3755 1519 ὑπόσταο

2179 1576 2290 1612 σινο
2326 1558 2439 1622 πῶς
2467 1558 2734 1629 τοσαύτην
2775 1559 3131 1630 μαρτυρεῖται
3172 1558 3298 1628 παρ’
3327 1557 3453 1627 ὑμῖν
3482 1555 3624 1627 ἔχειν
3655 1558 3757 1628 τὴν

2177 1650 2438 1721 δύναμιν,
2478 1650 2616 1705 ὥστε
2661 1649 2768 1703 τῶν
2805 1649 3198 1720 προαιρετικῶν
3229 1647 3383 1716 ζώων
3421 1649 3754 1730 ἐπιστατεῖν,

2180 1743 2274 1795 καὶ
2306 1743 2525 1812 κρατεῖν
2571 1741 2678 1793 τῶν
2722 1741 3044 1809 ὑφεστώτων
3091 1741 3147 1794 τὸ
3199 1740 3567 1794 ἀνυπόστατον
3591 1782 3605 1805 ,
3649 1743 3757 1795 τῶν

2183 1831 2516 1903 μετεχόντων
2557 1831 2702 1902 ζωῆς
2757 1831 2817 1884 τὸ
2864 1832 3128 1902 ἀμέτοχον
3159 1872 3174 1897 ,
3231 1831 3338 1885 τῶν
3386 1832 3648 1903 ἐμψύχων
3698 1833 3759 1887 τὸ

2180 1924 2415 1994 ἄψυχον,
2450 1922 2557 1975 τῶν
2590 1923 2651 1988 ἐν,
2685 1922 3004 1993 προαιρέσει
3045 1922 3327 1986 συζώντων
3355 1922 3417 1976 τὸ
3460 1922 3758 1994 ἀπροαίρε-

2179 2033 2269 2070 τον
2290 2055 2304 2080 ,
2334 2014 2442 2068 τῶν
2474 2014 2675 2086 ἀρετὴν
2711 2013 2999 2085 μετιόντων
3031 2013 3089 2068 τὸ
3115 2015 3316 2086 ἀρετῆς
3345 2015 3720 2086 ἀπαράδεκτον
3740 2031 3755 2046 ·

2179 2103 2407 2158 καθόλου
2435 2102 2540 2156 τῶν
2570 2103 2737 2156 ὄντων
2769 2101 2827 2154 τὸ
2859 2102 2934 2173 μὴ
2963 2103 3046 2170 δν;
3094 2104 3182 2156 Ἐν
3207 2103 3311 2156 τίνι
3341 2103 3449 2174 γὰρ
3476 2105 3756 2176 καταλαμ-

2181 2197 2399 2251 ϐάνεται
2433 2195 2525 2249 τοῦ
2559 2195 2954 2266 θρυλλουμένου
3001 2196 3190 2250 τούτου
3225 2197 3487 2267 ὀνόματος
3537 2200 3572 2268 ἡ
3630 2199 3760 2251 ὑπό-

2183 2307 2402 2355 στασις;
2441 2289 2584 2342 Ζῶον
2623 2289 2720 2341 οὐκ
2759 2288 2938 2353 ἔστιν,
2983 2289 3040 2340 ἐν
3071 2291 3384 2360 περιγραφῇ
3418 2290 3517 2360 οὐχ
3543 2292 3756 2361 ὁρᾶται,

2181 2379 2313 2442 Θεὸς
2355 2380 2416 2432 οὐ
2450 2377 2745 2448 νομίζεται.
2781 2377 2904 2441 Πῶς
2933 2378 3041 2449 γὰρ
3070 2378 3202 2442 Θεὸς
3225 2419 3239 2443 ,
3274 2381 3302 2432 ὁ
3346 2379 3421 2451 μὴ
3461 2381 3596 2451 πρὸς
3631 2381 3761 2454 ἀρε-

2181 2470 2280 2541 τὴν
2313 2469 2405 2523 καὶ
2426 2469 2486 2521 τὸ
2509 2468 2710 2523 δίκαιον
2742 2468 2953 2539 βλέπων
2977 2488 2990 2536 ;
3025 2469 3089 2522 Ὃ
3115 2469 3170 2522 δὲ
3198 2469 3363 2540 μηδέν
3393 2472 3507 2524 ἐστι
3531 2471 3758 2535 τούτων,

2181 2561 2234 2613 τί
2268 2563 2441 2627 ἐστιν;
2483 2560 2627 2612 Ἀλλ’
2661 2560 2803 2614 ἔοικε
2838 2559 2967 2632 παρ’
2999 2560 3151 2630 ὑμῶν
3187 2561 3247 2614 τὸ
3280 2562 3367 2614 ἀεὶ
3403 2562 3636 2626 ἐνεστὼς
3669 2563 3759 2616 τοῦ

2184 2654 2396 2723 χρόνου,
2425 2653 2731 2723 εἱμαρμένη
2766 2652 3017 2720 λέγεσθαι
3043 2668 3056 2682 ⁸
3090 2652 3238 2724 πάσῃ
3273 2654 3381 2724 γὰρ
3413 2656 3625 2726 κινήσει
3651 2657 3761 2708 εἴτε

2184 2744 2479 2814 ποταμῶν,
2514 2744 2620 2796 εἴτε
2658 2743 2933 2814 ἀστέρων,
2980 2743 3088 2796 εἴτε
3123 2743 3451 2814 ἀνθρώπων,
3499 2747 3526 2798 ὁ
3570 2749 3763 2818 χρόνος

2186 2836 2726 2908 συμπαρεκτείνεται.
2756 2835 3010 2906 Διαφέρει
3043 2835 3096 2888 δὲ
3122 2835 3270 2892 οὐδὲν
3295 2838 3364 2907 ,ἢ
3402 2836 3557 2892 ὕδατι
3589 2853 3762 2905 προσ-

2187 2927 2494 2999 καθήμενον
2556 2930 2620 2997 τῇ
2701 2927 2908 2997 κινήσει
2945 2924 3037 2980 τοῦ
3081 2927 3344 2996 ῥεύματος
3391 2931 3763 3000 ἀποσημειοῦ-

2187 3017 2308 3074 σθαι
2336 3017 2406 3071 τὰ
2437 3017 2617 3091 ἀκαρῆ
2655 3017 2742 3070 διὰ
2786 3016 2879 3070 τοῦ
2929 3018 3015 3070 ἀεὶ
3057 3017 3348 3082 ἐνεστῶτος
3399 3021 3593 3090 χρόνου
3628 3025 3766 3091 τμή-

2111 3134 2152 3191 C
2190 3123 2356 3176 ματα,
2386 3106 2420 3176 ἧ
2458 3104 2594 3168 νεὼς
2621 3104 2686 3158 δι’
2726 3106 2925 3175 ἀνέμου
2970 3106 3362 3178 κομιζομένης,
3393 3107 3424 3177 ἢ
3457 3108 3765 3179 ἀνθρώπων

2188 3195 2605 3269 ὁδοιπορούντων
2631 3237 2646 3262 ,
2688 3197 2720 3266 ἢ
2764 3197 3094 3267 κινουμένων
3125 3199 3356 3269 ἄστρων.
3393 3195 3486 3262 Εἷς
3526 3200 3638 3272 γὰρ
3670 3204 3762 3255 ἐπὶ

2185 3289 2404 3343 πάντων
2429 3288 2536 3340 τῶν
2565 3288 2940 3356 μεταϐατικῶς
2971 3289 3304 3357 κινουμένων
3323 3291 3446 3359 ὅρος
3469 3294 3760 3362 κινήσεως,

2189 3379 2222 3448 ἢ
2253 3378 2357 3433 ἀπὸ
2386 3377 2479 3431 τοῦ
2514 3380 2569 3431 ἐν
2676 3379 2839 3444 ἐστιν,
2871 3378 2902 3449 ἢ
2933 3379 3023 3430 ἐπὶ
3048 3378 3109 3430 τὸ
3135 3379 3193 3433 ἐν
3296 3381 3395 3432 ούκ
3424 3380 3560 3446 ἔστι,
3591 3385 3758 3451 μετά-

2192 3485 2398 3532 στασις.
2425 3470 2488 3522 Εἰ
2511 3469 2565 3521 δὲ
2595 3468 2718 3521 οὔτε
2759 3471 2792 3540 ἡ
2825 3471 2934 3522 τῶν
2973 3469 3201 3541 ῥείθρων
3230 3470 3402 3541 φορὰ,
3432 3472 3555 3525 οὔτε
3587 3477 3617 3544 ἡ
3651 3475 3762 3528 τῶν

2190 3561 2388 3614 πλοίων
2417 3560 2629 3631 κίνησις
2651 3599 2666 3624 ,
2699 3558 2820 3612 οὔτε
2851 3563 2883 3630 ἡ
2935 3559 3042 3613 τῶν
3083 3561 3382 3632 ἀνθρώπων
3427 3566 3622 3634 πορεία
3668 3584 3765 3634 ση-

2193 3651 2484 3723 μειουμένη
2537 3649 2629 3704 τοῦ
2668 3650 2868 3722 χρόνου
2913 3651 2980 3705 τὰ
3017 3652 3359 3724 διαστήματα
3421 3655 3765 3726 εἱμαρμένας

2191 3747 2350 3809 ποιεῖ,
2381 3743 2497 3807 πῶς
2527 3743 2594 3796 τὰ
2631 3743 2854 3814 χρονικὰ
2889 3748 3090 3816 σημεῖα
3127 3746 3223 3816 τῆς
3268 3747 3376 3800 τῶν
3406 3748 3652 3818 ἀστέρων
3684 3768 3765 3802 κι-

2189 3837 2394 3904 νήσεως
2434 3836 2513 3897 είς
2559 3835 2898 3906 εἱμαρμένης
2926 3837 3138 3906 γένεσιν
3171 3837 3458 3904 πλάσσετε,
3493 3840 3588 3893 καί
3622 3858 3764 3908 φατε

2189 3930 2343 4000 τήνδε
2367 3931 2464 4000 τὴν
2489 3928 2657 4000 ὥραν,
2686 3929 2719 4000 ἢ
2746 3931 2843 4000 τῆς
2877 3931 3023 4001 ὥρας
3054 3933 3114 3986 τὸ
3140 3933 3605 4007 πολλοστημόριον
3622 3935 3766 4007 ὅπερ

2190 4021 2324 4091 τῷδε
2381 4021 2456 4091 τῷ
2501 4020 2710 4091 σημείῳ
2755 4021 2852 4092 τῆς
2897 4023 3003 4075 τῶν
3053 4024 3265 4093 ἄστρων
3321 4003 3605 4096 κινήσεως.
3630 4003 3766 4098 ἐστέ-

2193 4111 2396 4183 μειῶθη
2420 4150 2436 4176 ,
2468 4110 2802 4182 εἱμαρμένην
2841 4112 3081 4180 γίνεσθαι
3107 4130 3121 4180 ;
3160 4115 3223 4166 Τί
3255 4109 3347 4168 οὖν
3378 4117 3497 4185 οὐχὶ
3541 4116 3766 4180 πάντως

2191 4204 2352 4258 παντὶ
2380 4202 2586 4272 σημείῳ
2637 4204 2729 4255 καὶ¹
2758 4203 2814 4254 αί
2846 4203 3087 4271 γενέσεις
3133 4203 3240 4258 τῶν
3281 4202 3584 4276 ἀνθρώπων
3623 4223 3766 4275 συμ-

2191 4295 2476 4364 φέρονταις
2505 4292 2672 4345 Πάλιν
2704 4293 2812 4363 γὰρ
2837 4293 2926 4345 τὸν
2954 4291 3112 4346 αὐτὸν
3139 4293 3558 4364 ἐπαναλήψομαι
3580 4295 3763 4359 λόγον.

2189 4384 2327 4455 Παρ’
2356 4378 2430 4438 ὧν
2461 4383 2569 4453 γὰρ
2599 4384 2631 4454 ἡ
2673 4383 2820 4436 αἰτία
2856 4383 2950 4435 τοῦ
2999 4378 3058 4436 εὖ
3097 4384 3129 4455 ἦ
3165 4384 3348 4448 κακῶς
3382 4379 3518 4437 εἶναι
3549 4383 3643 4440 τὸν
3673 4385 3767 4440 ἀν-

516 4472 850 4532 scctionibus
910 4469 1172 4540 temporis
1237 4472 1444 4525 minute
1506 4471 1771 4534 concisa,
1835 4472 2078 4528 nondum

2193 4475 2407 4547 θρωπον
2428 4515 2441 4539 ,
2471 4474 2621 4545 παρά
2668 4474 2774 4526 τῶν
2807 4474 2984 4527 αὐτῶν
3019 4476 3112 4528 καὶ
3155 4476 3188 4546 ή
3221 4475 3316 4528 τοῦ
3354 4469 3491 4528 εἶναι
3542 4476 3766 4542 πάντως

517 4562 727 4615 ratione
769 4561 1024 4630 colligere
1065 4561 1235 4630 potui.
1287 4561 1490 4617 Movcri
1527 4571 1674 4616 astra
1723 4561 1928 4627 dicitis,
1983 4579 2083 4618 nos

517 4669 732 4722 quoque
763 4653 1001 4707 vicissim
1035 4651 1316 4708 ﬂuminum
1369 4665 1576 4708 motum
1617 4653 1985 4723 proferimus;
2029 4663 2084 4709 at

519 4744 611 4795 illa
629 4759 860 4813 semper,
888 4745 1000 4799 haec
1026 4744 1210 4798 itidem
1231 4755 1517 4814 perpetuo,
1541 4755 1596 4798 at
1617 4747 1710 4799 illa
1732 4747 1785 4800 in
1815 4754 2078 4817 tempore,

517 4844 694 4898 neque
729 4831 841 4885 haec
869 4840 1021 4886 extra
1053 4841 1303 4901 tempus;
1338 4842 1392 4886 at
1420 4833 1474 4886 in
1504 4833 1611 4888 illis
1660 4846 1839 4890 motus
1866 4837 2081 4890 initium

518 4923 762 4976 invenire
810 4939 917 4977 non
971 4941 1295 4995 possumus;
1325 4940 1500 4994 neque
1538 4925 1592 4979 in
1642 4926 1746 4980 his.
1773 4926 1878 4980 Par
1902 4928 2082 4998 itaque

516 5021 600 5067 est
630 5013 844 5068 illorum
895 5025 949 5070 et
997 5017 1191 5070 horum
1237 5017 1534 5088 eademque
1585 5020 1742 5074 ratio.
1804 5019 1915 5076 Nec
1956 5037 2082 5076 vero

515 5106 852 5160 contrarium
883 5115 1086 5160 motum
1120 5107 1388 5176 quispiam
1422 5109 1507 5163 his
1542 5111 1924 5182 assignaverit,
1957 5127 2079 5165 cum

513 5213 654 5269 aqua
686 5197 1008 5252 naturaliter
1045 5214 1260 5268 semper
1298 5215 1326 5253 e
1359 5200 1638 5270 superiore
1678 5203 1797 5255 loco
1844 5201 1898 5255 in
1945 5201 2081 5257 infe-

513 5295 712 5346 riorem
763 5289 981 5346 deﬂuat.
1016 5290 1145 5357 Qua:
1183 5306 1305 5346 cum
1362 5292 1437 5346 ita
1492 5292 1622 5356 sint,
1675 5301 1768 5346 aut
1795 5291 2078 5346 ﬂuminum

511 5399 728 5454 quoque
761 5391 964 5437 motum
999 5382 1106 5436 fata
1142 5381 1388 5452 quaedam
1428 5382 1590 5438 edere
1640 5383 1943 5447 concedite,
1985 5392 2078 5438 aut

512 5491 684 5543 neque
717 5489 966 5546 noscam
1005 5475 1112 5528 vim
1147 5482 1421 5528 astrorum
1470 5471 1640 5528 motui
1691 5473 2074 5529 concedemus.

513 5567 579 5618 At
603 5580 664 5618 ea
696 5566 778 5619 vis
808 5575 913 5631 est,
939 5568 1116 5638 inquit
1151 5566 1261 5628 ille,
1295 5566 1518 5631 Arietis,
1544 5565 1709 5620 Tauri
1751 5573 1802 5619 ct
1833 5565 2075 5635 cujusvis

512 5657 759 5726 planetae,
799 5667 854 5710 ut
885 5659 929 5712 si
961 5661 1084 5729 quis
1112 5659 1215 5713 sub
1248 5659 1433 5729 aliquo
1469 5674 1535 5714 ex
1563 5658 1628 5712 iis
1659 5665 1936 5720 nascatur,
1963 5658 2075 5712 sive

513 5750 729 5823 aliquod
765 5755 1053 5808 erraticum
1085 5755 1237 5818 sidus
1283 5757 1479 5825 solum,
1514 5756 1627 5812 sive
1678 5770 1799 5810 cum
1849 5755 1970 5810 aliis
2021 5755 2070 5808 in

2191 4568 2340 4621 αἰτία
2369 4567 2545 4619 ἐστίν·
2585 4567 2633 4618 εί
2662 4561 2753 4619 οὖν
2801 4566 2860 4618 τὸ
2893 4566 3029 4636 μετά
3067 4566 3163 4637 τὴν
3203 4567 3413 4635 γένεσιν
3459 4570 3589 4638 παρ’
3619 4568 3765 4623 ὲκεί-

2191 4677 2294 4714 νων
2321 4701 2334 4723 ,
2371 4660 2584 4722 πάντως
2617 4659 2770 4730 παρά
2792 4657 2900 4711 τῶν
2941 4660 3116 4712 αὐτῶν
3155 4661 3246 4712 καὶ
3279 4660 3311 4730 ή
3343 4658 3552 4726 γένεσις
3572 4678 3584 4690 ’
3629 4660 3761 4714 εἰδὲ

2188 4753 2344 4806 τοῦτο
2372 4751 2468 4804 οὐκ
2504 4753 2560 4802 ἐν
2593 4749 2854 4816 ἐκείνοις,
2898 4750 3112 4814 πάντως
3155 4750 3274 4804 οὐδὲ
3313 4752 3372 4804 τὸ
3405 4752 3540 4822 μετά
3581 4752 3759 4807 τοῦτο.

2203 4843 2361 4897 Ἀλλά
2403 4842 2507 4912 μὴν
2541 4842 2600 4894 τὸ
2641 4842 2715 4912 μὴ
2755 4843 2812 4894 ὲν
2847 4843 3070 4905 ἐκείνοις
3115 4839 3250 4896 εἶναι
3285 4842 3384 4913 τὴν
3416 4843 3630 4911 γένεσιν
3653 4885 3667 4908 ,
3702 4847 3766 4900 ἐκ

2189 4935 2376 4988 τούτου
2403 4933 2558 5003 δῆλόν
2595 4937 2739 4993 ἐστιν
2762 4949 2775 4962 '
2811 4935 2888 5000 ἐκ¹
2921 4933 3015 4990 τοῦ
3054 4934 3126 5005 μὴ
3157 4934 3516 4997 ἀδιαλείπτως
3542 4976 3558 5000 ,
3595 4953 3764 4988 ποτα-

2193 5025 2293 5095 μοῦ
2327 5024 2517 5093 δίκην,
2548 5025 2624 5095 τῷ
2681 5027 2892 5094 συνεχεῖ
2943 5024 3042 5095 τῆς
3097 5025 3394 5096 παροδικῆς
3423 5026 3518 5078 τοῦ
3570 5027 3766 5097 χρόνου

2190 5115 2320 5184 ῥοῆς
2344 5156 2356 5177 ,
2386 5115 2479 5167 καὶ
2515 5115 2612 5178 τὰς
2645 5114 2988 5186 ἀνθρωπίνας
3017 5115 3264 5186 συρῤέειν
3287 5115 3397 5170 τῶν
3426 5117 3764 5186 τικτομένων

2187 5208 2425 5274 γενέσεις
2448 5248 2461 5272 ,
2493 5207 2607 5260 ἀλλ’
2637 5209 2694 5261 ἐν
2719 5208 3068 5278 διαλείμμασι
3104 5209 3201 5278 μὲν
3226 5204 3364 5260 εἶναι
3389 5210 3514 5272 τοὺς
3547 5210 3763 5272 τόκουςο

2185 5300 2282 5369 τῆς
2317 5299 2372 5352 δὲ
2409 5299 2517 5353 τῶν
2554 5299 2755 5371 μοιρῶν
2784 5299 3007 5361 ἐκείνων
3047 5300 3312 5367 γενέσεως
3335 5341 3349 5366 ,
3381 5299 3447 5364 ἃς
3501 5301 3530 5352 ὁ
3575 5303 3767 5372 χρόνος

2187 5391 2324 5460 ῥέων
2351 5391 2428 5460 τῷ
2451 5391 2742 5461 ἀεικινήτῳ
2775 5392 2872 5460 τῆς
2903 5389 3009 5444 τῶν
3029 5392 3241 5460 ἄστρων
3278 5393 3448 5462 φορᾶς
3477 5390 3770 5464 ἐξεργάζεο

2184 5498 2272 5533 ται
2299 5498 2312 5512 ·
2347 5482 2454 5534 οὐδ’
2482 5480 2656 5534 ὁτιοῦν
2695 5481 2809 5533 ἐστι
2842 5481 3136 5552 διάλειμμα
3164 5481 3287 5535 οὔτε
3333 5483 3453 5537 κατ’
3484 5482 3764 5555 αἴσθησιν,

2161 5573 2308 5629 ,οὔτε
2338 5577 2403 5642 τῇ
2447 5573 2652 5644 διανοίᾳ
2695 5573 2898 5628 λαϐεῖν.
2936 5574 3028 5636 Τίς
3059 5570 3149 5627 οὖν
3190 5575 3368 5644 ἐκείνη
3424 5575 3764 5646 εἱμαρμένη.

2183 5665 2276 5718 εἴτ’
2305 5660 2397 5718 οὖν
2436 5664 2532 5734 μία
2569 5666 2923 5736 γενικωτέρα,
2966 5665 3065 5717 εἴτ’
3101 5661 3192 5720 οὖν
3222 5666 3411 5719 πολλαὶ
3444 5669 3502 5719 αἰ
3533 5669 3628 5721 ἐπὶ
3656 5673 3768 5730 τοῖς

2182 5755 2273 5809 τοῦ
2319 5756 2508 5828 χρόνου
2539 5759 2783 5828 τμήμασι
2831 5757 3495 5829 συλλεπτυνόμεναιιοῠπω
3529 5761 3768 5816 καταλα-
