4066 6146
268 144 379 202 {Gl

1615 142 1891 198 CONTRA
1955 141 2209 197 FATUM.

3419 151 3521 205 162

264 264 397 318 δεῖν
427 264 495 317 δι’
526 262 818 317 ἀκολούθου
846 261 987 327 τινὸς
1017 262 1045 313 6
1080 262 1233 331 λόγος
1255 263 1554 332 δεδύνηται.
1580 265 1858 318 Κινεῖσθαι

1967 262 2095 316 orbe
2122 262 2556 326 circumferatur,
2593 262 2700 317 vita
2733 262 2878 317 illius
2904 262 2995 333 qui
3024 263 3076 317 in
3112 279 3229 318 eam
3270 264 3523 321 inciderit

267 357 348 410 τὰ
380 357 558 425 ἄστρα
590 354 761 423 φατέ;
793 355 902 408 Kal
942 354 1050 425 γάρ
1102 357 1191 407 καὶ
1235 356 1395 424 ἡμεῖς
1428 356 1527 424 τὴν
1559 356 1663 407 τῶν
1692 373 1857 407 ποτα-

274 444 402 514 μῶν
424 444 896 513 άντιπροφέρομεν
927 444 1157 513 κίνησιν.
1195 442 1356 496 ’Λλλά
1382 443 1468 496 διὰ
1500 445 1696 507 παντὸς
1720 446 1859 497 ἐκεί-

269 552 382 599 να,
427 535 524 588 καὶ
571 532 745 586 ταῦτα
795 534 1055 597 ὡσαύτως
1093 535 1159 611 δι’
1204 534 1344 588 ὅλου.
1400 536 1534 587 Ἀλλ’
1569 536 1749 589 ἐκεῖνα
1801 538 1857 588 ἐν

274 626 489 697 χρόνιεη
523 624 659 678 Οὐδὲ
685 625 857 679 ταῦτα
885 625 987 690 ἔξω
1024 624 1115 678 τοῦ
1154 626 1367 696 χρόνον.
1409 625 1567 678 ’Λλλά
1600 628 1856 697 χρονικὴν

273 719 381 772 οὐκ
407 718 552 770 ἔστιν
581 719 670 770 ἐπ’
705 718 926 770 ἐκείνων
960 719 1132 788 ἀρχὴν
1162 720 1400 788 ἐξευρεῖν
1426 720 1522 787 τῆς
1554 721 1852 791 κινήσεως;

277 812 446 864 Ποίαν
475 812 533 863 δέ
562 810 775 873 τούτοις
803 812 1108 882 ἐπινοήσεις
1136 811 1234 881 τὴν
1275 810 1381 865 ἀπὸ
1413 811 1615 882 χρόνων
1647 813 1851 883 ἀρχήν;

288 902 429 955 Ἀλλ’
460 905 647 955 ἐκεῖνα
672 904 813 955 κατά
836 903 903 955 τὰ
932 903 1067 955 αὐτά
1095 904 1186 955 καὶ
1209 902 1467 967 ὡσαύτως
1492 904 1577 956 ἀεὶ
1603 908 1851 971 κινεῖται;

276 997 415 1049 υύδὲ
464 995 673 1059 τούτοις
714 996 779 1048 ἄν
807 1014 890 1059 τις
918 998 1017 1067 τὴν
1054 997 1297 1050 ἐναντίαν
1350 999 1855 1067 προσμαρτυρήσειε

275 1087 515 1158 κίνησιν,
546 1088 793 1157 φυσικῶς
820 1088 907 1140 ἀεὶ
928 1086 1022 1140 τοῦ
1050 1087 1235 1149 ὓδατος
1267 1087 1374 1140 ἀπὸ
1400 1087 1491 1140 τοῦ
1521 1087 1854 1157 ὑπερκειμέ-

275 1195 372 1229 νου
423 1178 560 1249 πρὸς
595 1179 654 1230 τὸ
698 1178 900 1249 πρανὲς
930 1177 1337 1247 καταρρέοντος.
1375 1177 1536 1230 Ὥστε
1564 1177 1595 1247 ἢ
1628 1177 1721 1231 καὶ
1756 1176 1854 1247 τὴν

276 1268 495 1337 κίνησιν
536 1268 644 1319 τῶν
695 1267 952 1336 ποταμῶν
992 1265 1327 1336 είμαρμένας
1370 1266 1521 1329 τινὰς
1556 1268 1853 1337 ἀπογεννᾷν

280 1360 674 1429 συγχωρήσατε
698 1398 711 1421 ,
744 1359 775 1427 ἢ
821 1358 941 1411 οὐδέ
965 1360 1125 1428 ἡμεῖς
1164 1361 1227 1429 τῇ
1272 1359 1378 1411 τῶν
1406 1359 1617 1430 ἄστρων
1645 1361 1853 1429 κινήσει

277 1450 382 1519 τῆς
404 1451 682 1519 δυνάμεως
712 1448 912 1518 ταύτης
947 1451 1434 1521 παραχωρήσομεν.
1478 1450 1633 1503 Ἀλλά
1669 1452 1849 1521 τῆσδε,

277 1540 440 1608 φησὶ,
473 1539 569 1608 τῆς
589 1539 866 1607 δυνάμεως
894 1577 906 1601 ,
938 1540 964 1591 ὁ
991 1538 1156 1609 Κριὸς
1185 1538 1217 1609 ἢ
1244 1541 1271 1591 ὁ
1302 1538 1532 1610 Ταῦρος,
1570 1540 1662 1593 καὶ
1690 1540 1851 1608 τῆσδε

275 1628 390 1681 τῶν
417 1628 704 1698 πλανητῶν
732 1627 976 1691 ἕκαστος.
1014 1628 1180 1680 Ὅταν
1210 1624 1301 1679 οὖν
1335 1628 1391 1680 ἐν
1416 1628 1496 1680 ἐνὶ
1523 1627 1724 1681 τούτων
1763 1627 1854 1696 γέ-

276 1735 468 1789 νηται,
509 1720 541 1789 ῆ
583 1721 720 1771 κατὰ
761 1717 989 1789 μόναςῆ
1036 1718 1152 1788 μεθ’
1197 1719 1396 1789 ἐτέρων
1427 1718 1745 1789 περιοδικῶς
1774 1736 1855 1780 τις

274 1809 390 1863 τῶν
424 1810 710 1880 πλανητῶν
744 1810 848 1862 ὑπὸ
879 1809 972 1862 τοῦ
1007 1810 1203 1863 κύκλου
1241 1811 1721 1881 περιαγόμενος,ή
1759 1811 1856 1879 τῆς

278 1901 561 1971 δυνάμεως
592 1900 803 1963 σύνοδος
824 1900 970 1953 τόνδε
1001 1902 1091 1955 τὸν
1121 1901 1234 1971 βίον
1282 1900 1359 1971 τῷ
1388 1900 1762 1970 συνενεχθέντι,
1786 1899 1855 1970 τῇ

279 1993 402 2063 ῶρα
431 1991 604 2063 ταύτῃ
647 1992 784 2045 κατά
825 1992 919 2061 τὴν
971 1993 1187 2060 γένεσιν
1231 1992 1618 2062 ἀπειργάσατο.
1656 1993 1717 2043 Ὢ
1758 1992 1858 2060 τῆς

282 2084 704 2153 ματαιολογίαςί
752 2083 981 2135 δούλειον
1034 2083 1099 2136 ἂν
1138 2083 1307 2146 οὕτως
1351 2086 1485 2153 τύχῃ
1520 2083 1610 2135 τὸν
1645 2082 1857 2151 Ταῦρον

277 2173 489 2240 λέγετε,
527 2174 614 2225 διὰ
637 2173 697 2224 τὸ
725 2173 827 2224 ὑπὸ
861 2173 1006 2242 ζυγῷ
1031 2173 1090 2225 τὸ
1129 2172 1265 2237 ζῶον
1304 2171 1461 2225 τοῦτο
1488 2170 1819 2240 δαμάζεσθαι
1840 2187 1853 2201 ·

276 2265 379 2317 καὶ
404 2264 746 2333 εὐεργετικὸν
768 2264 858 2316 τὸν
878 2264 1065 2335 Κριὸν,
1089 2264 1172 2317 διὰ
1196 2265 1295 2334 τήν
1315 2263 1421 2315 τῶν
1438 2263 1641 2334 ἐρίφων
1664 2262 1853 2333 φοράν·

281 2360 348 2409 ἐν
393 2357 472 2408 ἑνὶ
504 2358 563 2409 δέ
614 2356 815 2408 τούτων
859 2356 1179 2426 γενόμενον,
1232 2355 1445 2425 ἢτόνδε
1490 2354 1597 2405 τῶν
1629 2354 1768 2406 κατὰ
1796 2354 1857 2408 τὸ

276 2446 525 2500 ἐναντίον
555 2443 945 2514 ἀνειλουμένων
969 2483 983 2505 ,
1013 2442 1156 2496 κατά
1203 2443 1301 2512 τὴν
1330 2439 1572 2511 φυσικῶς
1622 2439 1857 2508 ἐνυπάρ-

274 2551 487 2605 χουσαν
512 2534 661 2603 αὐτῷ
683 2533 907 2602 δύναμιν
941 2533 1027 2585 διὰ
1064 2534 1161 2601 τῆς
1192 2532 1300 2585 τῶν
1332 2532 1633 2601 ἰδιωμάτων
1668 2534 1856 2600 ἐπιμι-

280 2625 422 2689 ξίας,
449 2624 654 2677 τοιάνδε
680 2625 788 2676 τῶν
810 2624 1139 2693 τικτομένων
1176 2626 1367 2693 μοῖραν
1403 2623 1853 2685 κατασκευάζειν.

282 2716 351 2768 Τί
398 2711 522 2780 οὗν;
563 2715 681 2767 εἰπέ
718 2732 840 2784 μοι,
870 2714 1010 2767 ἐκὼν
1050 2717 1076 2767 6
1113 2713 1310 2784 ταῦρός
1352 2716 1496 2765 ἐστιν
1532 2713 1852 2780 ὑποζύγιος;

288 2813 382 2865 καὶ
425 2806 768 2874 καταθύμιον
796 2806 870 2875 τῷ
914 2805 1050 2875 κριῷ
1080 2806 1139 2858 τὸ
1167 2805 1441 2877 κείρεσθαι
1482 2805 1654 2872 λέγεις
1681 2824 1694 2871 ;
1724 2807 1855 2857 Τότε

288 2896 587 2964 βλαπτικὸν
643 2896 734 2947 καὶ
792 2896 1061 2967 ναρκῶδες
1111 2896 1187 2966 τῷ
1236 2897 1325 2949 τὸν
1374 2899 1630 2952 ἀνωτάτω
1702 2914 1855 2967 περι-

284 2954 522 3038 οδεύοντι
554 2985 786 3054 πόλον,ἣ
815 2954 874 3038 τό
901 2954 1100 3057 θερμδν
1236 2989 1553 3058 πυρόεντι,ἦ
1588 2990 1732 3059 ἄλλῳ
1752 2954 1857 3041 tlvl
1886 2954 1928 3013 C

285 3076 391 3128 τῶν
425 3075 834 3145 Θεωρουμένων,
862 3078 892 3146 ή
926 3078 1296 3148 ἐνυπάρχουσα
1324 3079 1547 3149 δύναμις
1575 3082 1853 3143 ἐκουσίως,

283 3168 318 3235 ἢ
355 3167 497 3221 κατά
532 3168 594 3219 τὸ
637 3170 886 3221 ἀκούσιον
917 3169 1242 3240 πρόσεστιν;
1282 3172 1342 3222 El
1398 3173 1494 3241 μὲν
1527 3174 1607 3225 ὅτι
1644 3173 1857 3235 ἑκόντες

1964 355 2176 418 horam,
2235 356 2601 411 intercedente
2644 357 2904 410 virtutum
2964 356 3353 425 conjunctione
3396 374 3520 412 eum

1957 452 2080 499 ortu
2120 446 2451 499 consentiat.
2494 445 2537 501 Ο
2568 444 3071 513 vaniloquentiam!
3118 444 3336 512 inquam
3396 461 3520 513 ego.

1957 540 2196 593 Taurum
2215 538 2349 593 adeo
2365 536 2612 592 servilem
2650 536 2790 591 forte
2829 544 3110 604 propterea
3143 536 3353 600 dicitis,
3393 540 3522 606 quia

1959 628 2013 683 id
2053 632 2250 684 animal
2275 630 2405 699 jugo
2435 628 2705 691 dometur,
2730 624 2967 682 Nrietem
2996 636 3186 681 contra
3220 628 3519 683 beneficum

1956 723 2101 791 quod
2125 724 2300 777 lanam
2351 721 2533 775 ferat:
2582 735 2644 773 ac
2686 720 2731 774 si
2781 719 2906 787 quis
2940 719 3042 772 sub
3079 721 3303 772 istorum
3350 720 3522 771 altero

1958 824 2139 881 natus,
2173 822 2267 868 aut
2298 814 2437 868 alius
2464 812 2706 868 vicissim
2750 826 2780 865 e
2810 811 2987 864 medio
3041 811 3285 865 sublatus
3333 809 3518 871 fuerit,

1956 905 2259 960 commistis
2294 903 2718 973 pr0prietatihus
2758 912 2960 955 certam
2992 900 3281 969 quamdam
3316 908 3518 954 sortem

1955 997 2308 1051 nascentibus
2328 996 2604 1049 obvenire.
2633 993 2773 1059 Quid
2802 994 2971 1063 ergo?
2995 992 3081 1046 die
3113 992 3245 1045 mihi
3266 1034 3280 1056 ,
3310 1002 3522 1061 sponte~

1955 1104 2024 1143 ne
2058 1098 2148 1142 aut
2173 1097 2362 1142 taurus
2396 1088 2497 1141 sub
2523 1087 2667 1156 jugis
2698 1093 2807 1148 est,
2844 1094 2937 1139 aut
2965 1086 3107 1139 aries
3138 1085 3355 1153 gaudet,
3396 1101 3519 1139 cum

1955 1180 2252 1234 tondetur?
2285 1179 2477 1232 Damni
2514 1180 2639 1232 item
2680 1193 2742 1231 ac
2769 1176 3004 1246 torporis
3048 1173 3307 1229 aﬂerendi
3348 1174 3521 1229 facul-

1954 1279 2039 1323 tas
2070 1279 2152 1324 est
2189 1269 2237 1323 ei
2269 1269 2360 1337 qui
2394 1268 2507 1321 obit
2536 1258 2853 1336 supremum
2892 1266 3113 1326 ctelum,
3146 1264 3228 1318 vel
3264 1264 3519 1319 ealiditas

1956 1362 2133 1423 Marti,
2169 1362 2249 1416 vel
2295 1361 2471 1414 cuivis
2509 1360 2597 1413 alii
2629 1359 2799 1413 stellae
2833 1357 3035 1411 volenti
3081 1370 3179 1411 sua
3226 1354 3309 1409 vis
3357 1356 3519 1419 inest,

1956 1466 2022 1504 an
2054 1450 2278 1503 invitae?
2313 1448 2369 1502 Si
2396 1448 2613 1518 quidem
2642 1449 2887 1503 volentes
2939 1448 2995 1501 in
3051 1446 3208 1501 malis
3253 1455 3400 1511 sunt,
3458 1463 3521 1501 ae

1954 1541 2260 1595 voluntaria
2298 1540 2597 1593 nocendivi
2630 1540 2886 1607 prazditze,
2924 1540 3172 1609 quisquis
3214 1541 3265 1593 id
3299 1541 3519 1601 fatetur,

1959 1634 2135 1703 palam
2174 1632 2416 1688 infelices
2448 1632 2784 1701 pronuntiat,
2830 1632 2973 1701 quod
3015 1631 3290 1686 meliorem
3320 1638 3521 1685 sortem

1958 1726 2012 1778 in
2047 1741 2144 1779 sua
2179 1732 2445 1794 potestate
2481 1739 2604 1777 eum
2639 1731 2878 1786 teneant,
2910 1722 3146 1777 deterior
3177 1724 3311 1790 ipsis
3336 1723 3523 1789 volup.

1958 1816 2055 1868 tati
2104 1817 2196 1871 sit.
2263 1814 2359 1868 Sin
2426 1815 2568 1868 haud
2611 1828 2708 1868 sua
2755 1821 2947 1883 sponte
3003 1813 3138 1867 tales
3178 1821 3305 1868 sunt
3337 1814 3522 1880 qualis

1958 1907 2365 1967 existimantur,
2418 1906 2509 1961 sed
2564 1905 2876 1959 necessario
2934 1904 3070 1958 tales
3118 1906 3305 1973 quales
3369 1902 3524 1957 facta:

1959 2006 2089 2053 sunt
2122 2017 2139 2053 ι
2172 1997 2390 2067 aliquod
2428 2013 2559 2065 ergo
2591 1997 2737 2050 aliud
2768 1996 3018 2065 superius
3043 1995 3209 2049 fatum
3254 1995 3340 2050 his
3384 2012 3522 2065 quo-

1959 2106 2065 2158 que
2095 2097 2345 2143 naturam
2384 2103 2445 2143 ac
2495 2089 2755 2142 virtutum
2811 2088 3167 2157 proprietates
3211 2087 3519 2141 destinavit.

1958 2179 2077 2245 Quo
2115 2180 2191 2242 fit,
2236 2191 2294 2233 ut
2334 2178 2437 2231 alia
2463 2179 2641 2232 sidera
2673 2177 2757 2231 his
2790 2177 3070 2245 superiora
3098 2175 3385 2245 quaerenda
3416 2176 3524 2228 sint

1961 2286 2065 2324 uua
2086 2286 2207 2324 cum
2243 2278 2388 2324 motu
2420 2284 2578 2338 quem
2608 2268 2711 2345 sibi
2752 2268 3053 2331 vindicent,
3094 2282 3322 2337 quorum
3375 2279 3523 2321 certa

1958 2361 2277 2431 conjunctio
2309 2361 2463 2414 fatali
2506 2361 2738 2430 quadam
2791 2358 3143 2422 necessitate,
3186 2365 3279 2411 ant
3312 2367 3523 2410 taurum

1960 2452 2244 2513 servilem,
2288 2458 2380 2503 aut
2429 2452 2650 2504 arietem
2703 2448 3061 2509 damnosum,
3116 2454 3209 2500 aut
3266 2458 3520 2499 cancrum

1959 2545 2135 2612 capite
2161 2543 2408 2595 mutilum
2440 2541 2700 2604 etl‘ecerit,
2738 2548 2830 2593 aut
2871 2540 2915 2594 si
2948 2539 3076 2609 quid
3124 2538 3266 2591 aliud
3303 2538 3366 2589 de
3412 2536 3528 2590 sin.-

1960 2635 2101 2704 gnlis
2130 2634 2296 2687 astris
2324 2633 2583 2701 sophistae
2619 2638 2909 2701 nugantur.
2953 2631 3030 2683 Ac
3065 2630 3109 2684 si
3154 2644 3215 2683 ea
3260 2643 3379 2697 quae
3425 2642 3525 2679 no-

1959 2723 2042 2776 bis
2065 2728 2355 2791 apparent,
2390 2719 2718 2775 neeessitate
2748 2719 3033 2787 cujusdam
3063 2718 3156 2771 fati
3205 2727 3333 2772 sunt
3376 2717 3526 2785 ejus-

1960 2815 2125 2878 modi,
2160 2822 2307 2869 certe
2337 2815 2500 2868 etiam
2538 2812 2839 2881 superioris
2871 2810 3017 2864 illius
3048 2809 3393 2863 necessitatis
3442 2808 3525 2859 in-

1960 2920 2122 2973 super
2155 2904 2258 2957 alia
2295 2903 2392 2956 tibi
2445 2917 2611 2955 causa
2673 2898 2978 2953 necessaria
3019 2896 3374 2965 excogitanda
3424 2895 3526 2948 erit

1963 2993 2235 3061 ejusmodi
2267 2989 2700 3051 constitutionis,
2734 2997 2784 3041 et
2821 2986 2983 3053 hujus
3031 2985 3158 3047 alia,
3214 2984 3522 3051 iterumque

1965 3085 2105 3137 alius
2144 3083 2269 3145 alia,
2296 3090 2457 3149 atque
2483 3081 2552 3133 ita
2599 3078 2806 3132 inﬁnite
2834 3076 3000 3129 fatum
3030 3074 3145 3136 fati,
3178 3074 3341 3127 sortis
3381 3088 3522 3134 sors,

1964 3174 2308 3229 necessitatis
2349 3171 2649 3225 necessitas
2692 3168 2796 3221 alia
2828 3180 3038 3233 semper
3069 3163 3448 3233 contingenda.

284 3264 343 3316 ἐν
368 3265 558 3324 κακοῖς
586 3265 689 3315 εἰσι
716 3303 729 3326 ,
762 3265 853 3315 καὶ
879 3264 1159 3333 βλαπτικοὶ
1190 3266 1254 3317 ἐκ
1284 3268 1651 3336 προαιρέσεως
1688 3267 1940 3335 γίνονται,
1970 3267 2256 3337 δυστυχίαν
2289 3268 2545 3334 ἄντικρυς
2598 3260 2775 3314 αὐτῶν
2817 3262 2844 3313 6
2892 3258 3062 3311 ταῦτα
3126 3258 3297 3325 λέγων
3358 3272 3529 3307 κατα-

283 3352 609 3423 ψηφίζεται,
634 3355 709 3424 τῷ
740 3357 858 3407 κατ’
891 3354 1136 3418 ἐξουσίαν
1163 3357 1343 3417 αὐτοῖς
1369 3358 1729 3427 προκειμένης
1754 3358 1851 3427 τῆς
1888 3359 2192 3428 κρείττονος
2214 3355 2437 3425 λήξεως,
2476 3355 2531 3405 ἐν
2556 3353 2715 3422 ήδονῇ
2780 3350 2839 3403 τὸ
2873 3349 3189 3418 ἀτιμότερον
3258 3345 3523 3399 τίθεσθαιο

287 3448 336 3497 εἰ
368 3447 425 3499 δὲ
450 3450 549 3500 οὐκ
578 3452 640 3500 ἐκ
668 3450 1033 3525 προαιρέσεως
1062 3450 1263 3502 τούτων
1287 3449 1513 3501 ἕκαστόν
1584 3452 1728 3503 ἐστιν
1788 3452 1922 3523 ὅπερ
1962 3449 2228 3521 νομίζετε,
2254 3449 2368 3502 ἀλλ’
2391 3448 2453 3500 ἐκ
2480 3463 2621 3508 τινος
2651 3444 2894 3512 ἀνάγκης
2922 3440 3155 3510 ἐγένετο,
3184 3438 3288 3509 ἄρα
3318 3455 3401 3499 τις
3432 3438 3524 3489 καὶ

286 3543 495 3605 τούτοις
528 3544 892 3615 ὑπερκειμένη
926 3545 1083 3597 πάλιν
1125 3544 1298 3598 αὐτῶν
1337 3546 1641 3616 εἱμαρμένη
1710 3546 1889 3617 ἐτέρα,
1926 3548 2023 3609 τὰς
2057 3546 2164 3600 τῶν
2190 3543 2400 3614 φύσεων
2437 3561 2493 3596 τε
2530 3542 2624 3595 καὶ
2653 3540 2929 3608 δυνάμεων
2958 3534 3265 3587 ἐπέκλωσεν
3333 3532 3526 3598 ἰδιότη-

288 3651 407 3697 τας.
462 3635 625 3687 Ὥστε
663 3636 841 3706 ζητεῖν
894 3638 1201 3705 ἐπάναγκες
1252 3638 1383 3690 ἀλλα
1435 3640 1607 3709 ἄστρα
1659 3640 1859 3693 τούτων
1896 3642 2188 3709 ὑπέρτερα,
2226 3640 2318 3691 καὶ
2348 3638 2555 3706 κίνησιν
2582 3634 2665 3703 ἐφ’
2697 3631 2901 3687 ἑαυτῶν
2940 3630 3241 3692 ἰδιάζουσαν
3265 3667 3280 3693 ,
3350 3618 3422 3677 ὧν
3491 3625 3524 3693 ή

288 3726 419 3781 ποιὰ
456 3727 741 3797 συμπλοκὴ
780 3728 917 3781 κατά
956 3746 1076 3782 τινα
1146 3730 1481 3799 εἱμαρμένης
1528 3730 1804 3801 ἀνάγκην,
1850 3732 1883 3802 ἢ
1924 3730 2156 3783 δούλειον
2209 3725 2345 3781 εἶναι
2394 3728 2482 3779 τὸν
2526 3726 2757 3795 ταῦρον,
2806 3722 2839 3793 ἢ
2889 3720 3176 3790 ἐπιζήμιον
3220 3718 3310 3770 τὸν
3372 3715 3524 3786 κριὸν

290 3816 697 3886 ἀπειργάσατο,
725 3818 757 3888 ἢ
791 3818 879 3872 τὸν
921 3820 1179 3887 καρκῖνον
1216 3819 1503 3887 ἀκέφαλον,
1543 3820 1575 3890 ἢ
1615 3822 1667 3873 ετ
1708 3839 1760 3872 τι
1801 3821 1926 3875 ἀλλο
1961 3822 2087 3893 περὶ
2121 3820 2348 3873 ἑκάστου
2381 3817 2581 3870 τούτων
2608 3816 2656 3867 οἱ
2680 3814 2834 3884 λῆροι
2862 3812 2968 3863 τῶν
3001 3809 3176 3876 σοφῶν
3200 3809 3522 3876 διέρχονται,

290 3908 399 3962 Καὶ
430 3911 478 3961 εί
518 3910 689 3964 ταῦτα
719 3911 788 3963 τὰ
828 3911 1122 3981 φαινόμενα
1152 3913 1283 3981 ήμῖν
1313 3914 1431 3965 κατ’
1461 3914 1703 3981 ἀνάγκην
1730 3913 1875 3979 τινὸς
1912 3914 2247 3984 εἱμαρμένης
2282 3913 2397 3964 ἐστὶ
2461 3908 2703 3971 τοιαῦτα,
2750 3905 2962 3966 πάντως
2993 3903 3087 3956 καὶ
3146 3902 3243 3969 τῆς
3275 3902 3525 3969 ὑπερκει-

294 4006 461 4076 μένης
492 4004 704 4073 ἐκείνης
748 4004 986 4075 ἀνάγκης
1026 4005 1215 4075 ἑτέραν
1251 4005 1426 4059 αίτίαν
1491 4008 1889 4078 ἀναγκαστικὴν
1926 4009 2026 4079 τῆς
2054 4007 2308 4076 τοιαύτης
2353 4005 2733 4064 καταστάσεως
2779 3998 3194 4071 προσεπινοήσει
3248 3997 3277 4047 6
3344 3996 3521 4061 λόγος,

289 4094 550 4165 κάκείνης
582 4094 766 4164 ἀλλην,
794 4095 887 4147 καὶ
914 4095 1072 4149 πάλιν
1100 4095 1265 4166 ἀλλην
1294 4098 1392 4167 τῆς
1417 4098 1580 4167 ἄλλης
1601 4138 1614 4161 ,
1666 4100 1759 4151 καὶ
1792 4098 1962 4160 οὕτως
2000 4101 2079 4161 εἰς
2110 4098 2331 4169 ἄπειρον
2368 4094 2567 4167 προῖὼν
2627 4094 2654 4144 6
2715 4091 2867 4158 λόγος
2893 4129 2907 4152 ,

288 4190 629 4261 εἱμαρμένην
678 4190 1051 4260 εἱμαρμένης,
1108 4192 1200 4243 καὶ
1241 4195 1431 4262 μοῖραν
1481 4194 1713 4265 μοίρας,

359 4282 548 4335 Ταῦτα
597 4280 655 4331 δέ
698 4296 796 4348 μου
844 4278 1146 4343 διεξιόντος,
1186 4282 1278 4332 καὶ
1314 4281 1399 4333 διὰ
1442 4283 1549 4334 τῶν
1601 4282 1854 4335 τοιούτων
1888 4285 1931 4339 D

288 4373 579 4444 νοημάτων
628 4370 763 4440 πρὸς
806 4369 867 4421 τὸ
914 4369 1111 4422 ἄτοπον
1156 4370 1245 4423 τὸν
1290 4372 1444 4439 λόγον
1488 4372 1854 4439 ἐκδάλλοντος,

290 4463 559 4531 ἐπικύψας
593 4460 793 4532 μεταξὺ
822 4461 907 4514 διὰ
951 4463 1260 4531 καταφορᾶς
1294 4464 1548 4534 προϊόντα
1591 4465 1680 4518 τὸν
1706 4466 1858 4533 λόγον

292 4556 319 4607 6
348 4552 867 4624 προσδιαλεγόμενός
918 4570 1005 4622 μοι
1041 4552 1342 4621 φιλόσοφος,
1378 4554 1441 4605 Τί
1489 4556 1657 4626 μάχῃ,
1704 4556 1857 4625 φησὶ,

293 4647 356 4713 τῇ
383 4641 670 4712 ἐνεργείᾳ;
699 4642 750 4693 τί
779 4640 834 4693 δὲ
856 4641 951 4710 οὐχ
977 4640 1083 4711 ἕπῃ
1113 4642 1223 4702 τοῖς
1249 4641 1332 4693 διὰ
1356 4641 1459 4693 τῶν
1485 4642 1730 4712 ἀριθμῶν
1758 4660 1859 4694 πα-

298 4738 692 4809 ρατετηρηκόσι
752 4737 848 4807 τὴν
891 4735 997 4787 τῶν
1041 4735 1173 4787 ὅλων
1206 4734 1475 4802 ἀλήθειαν,
1505 4731 1585 4797 οἷς
1629 4736 1676 4786 εί
1724 4736 1859 4805 πρὸς

292 4830 576 4901 ἀκρίϐειαν
600 4831 632 4898 ἡ
666 4828 784 4896 ὥρα
802 4826 1028 4897 ληφθείη
1061 4826 1161 4895 τῆς
1187 4825 1280 4878 τοῦ
1315 4826 1710 4896 ἀποκυηθέντος
1738 4842 1859 4894 γεν-

291 4924 517 4993 νήσεως,
548 4920 723 4971 πᾶσαν
749 4918 813 4970 δι’
846 4916 1132 4970 ἀκολούθου
1165 4916 1263 4986 τὴν
1290 4914 1432 4986 ζωὴν
1461 4916 1549 4969 τοῦ
1579 4917 1859 4986 τεχθέντος

290 5010 753 5083 προαγορεύουσι·
779 5009 868 5060 τὸν
901 5008 1108 5078 χρόνον,
1134 5008 1222 5059 τὸν
1250 5007 1467 5077 τρόπον,
1494 5006 1560 5059 τὰ
1584 5008 1688 5059 τῶν
1709 5006 1856 5077 ἠθῶν

289 5103 575 5172 ἰδιώματα,
610 5101 707 5163 τὰς
749 5099 1080 5162 κινδυνώδεις
1128 5100 1489 5168 περιστάσεις,
1522 5101 1730 5168 γάμους
1764 5099 1857 5151 καὶ

286 5194 631 5255 παιδοποιίας
663 5194 755 5245 καὶ
796 5191 1118 5261 ἀξιωμάτων
1152 5191 1506 5260 ἐπιτυχίας,ἥ
1542 5192 1635 5242 καὶ
1664 5190 1723 5241 τὸ
1757 5190 1853 5259 έμ-

287 5286 465 5349 παλιν,
505 5283 767 5346 ἀπαιδίας
808 5285 902 5335 καὶ
937 5282 1141 5343 νόσους,
1181 5282 1275 5334 καὶ
1314 5281 1553 5350 ἀτιμίας,
1589 5280 1681 5332 καὶ
1725 5280 1856 5349 βρα-

287 5378 491 5445 χύτητα
526 5376 645 5444 βίου
664 5416 677 5439 ,
710 5375 801 5426 καὶ
826 5373 892 5425 τὰ
918 5374 980 5424 ἐκ
1011 5373 1194 5433 πενίας
1226 5371 1402 5436 κακά;
1433 5371 1647 5423 Τούτων
1677 5367 1765 5424 οὖν
1790 5372 1855 5423 δι’

286 5468 573 5537 ἀκριϐείας
603 5464 1115 5536 προσημανθέντων,
1146 5463 1236 5515 καὶ
1265 5465 1327 5532 τῇ
1361 5462 1581 5515 ἐκϐάσει
1602 5462 1699 5531 τῆς
1725 5462 1855 5531 ἀλη-

289 5558 433 5623 θείας
480 5555 951 5630 μαρτυρηθείσης·
1007 5554 1088 5616 τίς
1126 5554 1200 5605 ἔτι
1249 5570 1325 5606 σοι
1358 5554 1509 5623 λόγος
1551 5555 1695 5606 ἐστὶν
1728 5555 1853 5606 ἀπι-

2974 4084 3204 4155 ούδαμοῦ
3273 4084 3523 4153 στήσεται

1766 4195 1857 4247 καὶ
1890 4195 2129 4263 ἀνάγκης
2152 4194 2390 4261 ἀνάγκην
2424 4188 2943 4260 προσαναπλάσσων.

2030 4280 2126 4336 llis
2166 4297 2195 4333 a
2259 4296 2344 4333 me
2388 4280 2459 4331 ita
2511 4275 2836 4345 disputatis,
2905 4268 3262 4340 philOSOphus
3302 4267 3520 4334 quicum

1959 4370 2301 4439 disputabam
2337 4366 2649 4436 hujusmodi
2692 4361 2998 4416 rationibus
3033 4360 3084 4411 in
3118 4373 3211 4412 eas
3246 4356 3520 4425 angustias

1960 4464 2232 4524 redactus,
2260 4460 2521 4513 orationis
2550 4456 2765 4524 longius
2791 4462 3058 4521 provectae
3093 4450 3237 4503 filum
3265 4449 3317 4502 in
3341 4448 3523 4502 medie

1960 4554 2168 4617 incidit,
2202 4559 2255 4605 et
2297 4549 2459 4615 Quid,
2499 4548 2695 4616 inquit,
2729 4558 2936 4614 pugnas
2984 4557 3106 4596 cum
3146 4540 3236 4594 vi?
3283 4556 3381 4593 cur
3413 4554 3517 4594 non

1959 4644 2203 4713 sequeris
2248 4655 2362 4704 eos,
2422 4640 2513 4708 qui
2553 4652 2734 4692 rerum
2790 4636 3068 4689 veritatem
3126 4647 3223 4702 per
3264 4645 3518 4684 numeros

1959 4735 2368 4802 indagaverunt,
2412 4744 2474 4783 ac
2522 4736 2764 4797 tempore
2794 4734 3048 4779 accurate
3094 4721 3309 4792 cognito
3350 4729 3519 4777 totam

1958 4828 2213 4895 deinceps
2264 4824 2539 4880 nascentis
2591 4822 2754 4874 vitam
2807 4818 3394 4887 praedicunt,tetatein,
3437 4815 3521 4867 in-

1958 4917 2194 4988 genium,
2229 4912 2701 4983 mores,pericula,
2737 4925 2917 4972 casus,
2953 4906 3224 4976 eonjugia,
3262 4920 3518 4974 procreav

1960 5011 2133 5063 tiones
2186 5009 2497 5071 liberorum,
2542 5006 2799 5063 honores,
2854 5007 2946 5053 aut
2994 5006 3183 5053 contra
3223 4998 3519 5052 liberorum

1958 5100 2267 5160 orbitatem,
2316 5100 2554 5157 morbos,
2603 5093 2950 5164 ignominias,
3003 5091 3127 5144 vitae
3174 5088 3517 5143 brevitatem.

1959 5191 2301 5247 incommoda
2337 5188 2716 5260 paupertatis?
2751 5187 2881 5251 Quae
2924 5199 3045 5238 eum
3088 5190 3339 5235 accurate
3387 5190 3520 5243 pra:-

1959 5280 2352 5346 significentur,
2399 5286 2733 5345 eventusque
2784 5276 2853 5328 sit
2881 5273 3037 5329 testis
3080 5269 3320 5324 veritatis
3352 5286 3362 5317 :
3397 5277 3518 5330 qua:

1958 5372 2052 5424 tibi
2087 5370 2293 5439 reliqua
2330 5376 2410 5423 est
2443 5369 2603 5429 ratio,
2638 5366 2986 5435 quamobrem
3017 5361 3109 5414 fati
3140 5354 3516 5411 necessitatem

1958 5478 2077 5518 esse
2107 5478 2212 5515 non
2250 5460 2438 5514 credas
2458 5460 2479 5512 ?
2503 5460 2639 5511 Tum
2675 5472 2775 5524 ego
2808 5452 3074 5523 ejusmodi
3108 5445 3515 5517 przedictionum

1960 5568 2151 5610 causas
2182 5568 2264 5607 me
2294 5551 2452 5621 paulo
2490 5556 2608 5618 post
2651 5550 2938 5600 allaturum
2976 5540 3267 5610 pollicitus,
3308 5538 3513 5608 rogavi,
