4066 6146
534 159 636 216 1θό

1739 153 1793 207 S.
1831 149 2150 208 GREGORII
2186 151 2477 208 NYSSENI

3673 153 3781 209 164

535 290 663 330 num
705 272 1078 343 hujuscemodi
1118 282 1411 326 eventuum
1461 283 1626 324 causa
1678 266 1897 323 fortuita
1933 273 2097 333 esset,

2204 267 2414 322 στοῦντι
2456 269 2521 339 τῇ
2567 266 2666 335 τῆς
2717 266 3054 337 εἱμαρμένης
3102 263 3352 338 ἀνάγκης
3398 265 3538 334 Ἐγὼ
3580 265 3636 320 δὲ
3665 268 3781 321 τῶν

536 382 712 436 neque
743 381 867 419 cum
898 375 1046 420 certa
1090 365 1300 419 ratione
1320 363 1637 429 conjuncta,
1689 373 1755 412 an
1787 374 1915 413 vero
1944 359 2103 412 simul

534 460 696 511 etiam
731 456 997 510 rationem
1052 456 1287 524 aliquam
1335 451 1690 512 invenissent,
1723 458 1778 510 ut
1817 458 2105 502 consenta-

539 564 698 604 neum
729 557 872 603 esset
905 550 1019 601 ﬁeri
1051 562 1171 616 qua:
1204 545 1408 598 ﬁerent.
1454 541 1564 596 lmo
1597 555 1746 604 vero,
1784 540 1979 609 inquit,
2018 555 2107 594 ra-

539 644 684 696 tione
719 641 966 695 nituntur
1013 653 1129 707 qute
1162 637 1314 700 ﬁunt,
1359 634 1484 704 quia
1514 648 1636 686 cum
1673 649 1738 687 ex
1777 640 1926 688 certo
1957 631 2104 688 sidc-

539 749 755 788 I‘t‘Jl‘IlllI
786 733 1105 802 qualitatum
1133 741 1401 782 concursu
1426 734 1627 780 certam
1659 725 2102 779 constitutionem

541 826 817 880 nascentis
880 838 1077 891 corpus
1141 819 1242 872 sibi
1294 819 1562 879 vindicet,
1619 818 1712 884 qui
1791 824 2099 872 accuratam

541 917 846 971 \‘ll‘lt'SIilIm
902 926 1080 966 rerum
1147 909 1511 978 cognitionem
1575 907 1754 972 habet,
1822 905 2102 961 nascentis

539 1007 982 1062 constitutionem
1020 1003 1328 1069 praznoscit,
1384 1013 1593 1052 necnon
1635 997 1872 1067 quandiu
1926 998 2103 1052 vivere

539 1101 732 1168 possit,
773 1094 976 1148 diutius
1011 1090 1227 1159 quidem
1263 1089 1306 1144 si
1339 1089 1544 1143 ﬁrmior
1579 1089 1650 1142 sit
1693 1088 1937 1157 corporis
1968 1103 2098 1141 con-

540 1189 768 1246 stitutio,
805 1199 914 1237 non
953 1183 1105 1244 item,
1152 1182 1198 1235 si
1239 1181 1522 1233 inﬁrmior.
1575 1179 1669 1233 llis
1713 1179 1873 1234 dictis
1917 1179 2099 1241 arrisi,

538 1289 609 1341 ct,
661 1276 996 1336 Nesciebam,
1045 1275 1291 1342 inquam,
1329 1272 1436 1326 fata
1469 1273 1564 1326 tibi
1597 1273 1783 1327 Galeni
1813 1281 1866 1326 et
1901 1272 2101 1342 Hippo-

537 1369 702 1423 cratis
733 1382 794 1420 ac
834 1366 1092 1419 similium
1137 1373 1418 1432 parentum
1448 1363 1672 1444 pignora
1709 1363 1915 1427 videri;
1965 1377 2100 1432 quo-

539 1460 682 1511 niam
719 1458 792 1510 illi
821 1470 1056 1525 quoque,
1077 1455 1243 1508 missa
1273 1453 1512 1507 siderum
1549 1455 1804 1516 motione,
1834 1461 2098 1522 quantum

536 1549 677 1602 facta
727 1563 790 1601 ex
851 1548 1129 1615 proposito
1185 1556 1416 1613 corpore
1473 1545 1786 1612 conjectura
1835 1545 2097 1614 consequi

537 1645 804 1706 poterant,
866 1637 1044 1689 futura
1107 1636 1544 1704 praenuntiabant
1595 1654 1606 1688 :
1669 1645 1729 1690 ut
1789 1651 1912 1690 cum
1970 1646 2099 1690 sunt

533 1728 674 1780 oeuli
731 1728 868 1788 cavi,
918 1734 1158 1794 tempora
1191 1733 1492 1790 contracta,
1549 1726 1696 1780 frons
1749 1728 2001 1780 indurata
2045 1735 2099 1782 et

535 1824 618 1873 vix
648 1821 770 1888 pelli
802 1818 1196 1877 adha-rcscens.
1219 1825 1446 1870 mortem
1473 1817 1792 1884 przedicunl.
1827 1822 1890 1871 At
1914 1817 2099 1872 multis

534 1921 710 1963 tamen
742 1910 901 1979 tegi-is
949 1925 1012 1962 ac
1044 1915 1270 1962 mortem
1298 1908 1520 1976 jamjam
1561 1909 1927 1966 imminentem
1960 1925 2099 1979 prae-

534 2000 881 2064 stolantibus,
924 2013 1012 2054 ars
1067 1998 1275 2054 medica
1345 1999 1571 2066 hujusce
1639 2001 1732 2054 fati
1801 2001 1886 2054 lila
1944 2002 2099 2071 quasi

540 2093 770 2143 retexuit
818 2105 880 2142 ac
924 2089 1288 2142 retractavit:
1323 2090 1780 2157 quemadmodum
1837 2091 1988 2144 Plato
2033 2093 2100 2148 de

537 2181 826 2247 paedotriba
883 2177 1148 2232 Herodico
1213 2179 1472 2247 scriptum
1523 2181 1774 2248 reliquit.
1824 2197 2098 2251 nunquam

537 2272 685 2323 illum
718 2269 934 2338 quidem
980 2269 1316 2338 gymnastico
1355 2271 1618 2327 exercitio
1657 2273 1918 2341 integram
1953 2274 2100 2327 sani-

535 2371 699 2414 tatem
766 2373 1086 2428 recuperare
1144 2360 1419 2428 potuisse,
1471 2363 1614 2430 quod
1677 2364 1900 2417 morbus
1955 2372 2100 2418 essm

535 2454 734 2515 letalis,
771 2467 984 2519 semper
1029 2460 1208 2504 tamen
1251 2462 1571 2520 pnesentem
1608 2463 1832 2509 mortem
1879 2456 2098 2510 solertia

535 2561 632 2600 sua
668 2543 1020 2614 protraxisse,
1059 2559 1234 2610 neque
1284 2542 1575 2610 perfecisse
1618 2553 1675 2598 ιιι
1719 2560 1910 2600 secure
1955 2547 2101 2600 vive-

533 2646 638 2701 ret,
697 2635 790 2689 sed
847 2642 902 2685 ut
957 2634 1164 2686 tardius
1223 2643 1546 2699 moreretur,
1608 2649 1671 2688 ac
1726 2637 1868 2689 lenta
1927 2644 2100 2689 morte

533 2740 708 2794 usque
745 2725 811 2778 ad
845 2732 1180 2779 senectutem
1222 2724 1560 2791 perduraret,
1611 2726 1702 2779 illo
1736 2727 1977 2780 remedio
2008 2742 2097 2781 sa-

537 2820 750 2888 pienter
779 2819 1016 2870 invento.
1054 2817 1207 2881 Quod
1244 2827 1564 2886 argumento
1607 2829 1689 2873 est
1721 2835 1824 2873 non
1869 2819 2100 2874 indisso-

2204 359 2455 414 τοιούτων
2481 357 2834 427 προρρήσεων
2865 354 2962 420 τὰς
2996 353 3173 420 αἰτίας
3203 353 3396 423 μικρὸν
3426 353 3651 425 ὕστερον
3693 357 3776 408 εἲς

2205 451 2320 506 πὼν
2367 452 2638 522 ζητήσειν,
2693 449 2904 519 ἠρόμην
2930 465 2943 478 ·
2997 446 3223 515 πότερον
3273 446 3465 514 ἄλογός
3513 446 3629 500 ἐστι
3682 448 3780 502 καὶ

2203 541 2496 612 συντυχικὴ
2524 540 2632 594 τῶν
2676 525 2932 597 τοιούτων
2983 537 3261 590 ἐκϐάσεων
3303 538 3336 608 ἡ
3377 537 3558 602 αἰτία,
3593 538 3778 610 ἤτινα

2204 635 2298 690 καὶ
2334 635 2487 702 λόγον
2515 634 2582 703 τῇ
2627 631 3001 702 παρατηρήσει
3039 627 3210 699 ταύτῃ
3240 629 3775 700 συνεφευρίσκουσιν,

2202 725 2277 786 ὡς
2309 724 2382 794 μὴ
2425 722 2528 786 ἔξω
2567 719 2658 774 τοῦ
2703 719 2908 781 εἰκότος
2947 716 3196 786 γενέσθαι
3241 716 3301 769 τδ
3332 717 3630 787 γινόμενον.
3665 718 3779 772 Καὶ

2205 817 2350 886 μάλα
2379 816 2476 888 μέν
2502 831 2606 875 τοι,
2631 813 2782 882 φησὶ,
2806 812 2899 868 καὶ
2926 809 3082 878 λόγος
3101 809 3289 862 ἔπεστι
3314 813 3423 878 τοῖς
3446 811 3773 879 γινομένοις.

2205 906 2370 958 Ὅταν
2397 904 2503 975 γὰρ
2534 906 2596 959 ἐκ
2625 904 2721 971 τῆς
2754 901 2912 964 ποιᾶς
2949 899 3056 953 τῶν
3087 900 3226 954 κατὰ
3254 897 3321 952 τά
3352 900 3525 969 ἄστρα
3552 901 3776 972 ποιοτή-

2202 1013 2308 1048 των
2341 993 2714 1064 συμπτώσεως
2747 992 2924 1052 τοιάδε
2974 993 3167 1062 κρᾶσις
3198 989 3446 1060 σώματος
3479 990 3556 1062 τῷ
3597 1009 3777 1047 τικτο-

2204 1087 2350 1157 μένῳ
2381 1087 2571 1155 συστῇ,
2603 1085 2632 1136 ὁ
2676 1081 3014 1153 κατειληφὼς
3056 1081 3123 1136 δι’
3151 1080 3434 1150 ἀκριὸείας
3464 1080 3573 1138 τῶν
3613 1082 3780 1154 οὐρα-

2202 1176 2327 1230 νίων
2372 1175 2470 1246 τὴν
2527 1175 2781 1245 θεωρίαν,
2827 1174 2921 1228 καὶ
2965 1173 3027 1226 τὸ
3074 1173 3431 1244 συστήσεσθαι
3478 1175 3634 1245 τήνδε
3674 1174 3779 1246 τὴν

2202 1268 2394 1338 κρᾶσιν
2429 1267 2554 1336 περ).
2592 1263 2682 1319 τὸν
2721 1264 2981 1336 τεχθέντα
3012 1263 3434 1335 προκατενόησε,
3464 1265 3559 1319 καὶ
3593 1265 3654 1318 τὸ
3678 1265 3775 1319 δύ-

2201 1359 2392 1413 νασθαι
2425 1359 2584 1430 μέχρι
2607 1357 2760 1412 τοῦδε
2787 1357 2880 1410 τοῦ
2915 1357 3115 1426 μέτρου
3147 1357 3246 1426 τὴν
3275 1355 3416 1428 ζωὴν
3441 1356 3735 1429 ἐξαρκέσαι
3757 1375 3774 1390 ο

2202 1448 2445 1511 πλείονος
2473 1448 2592 1518 μὲν,
2627 1448 2719 1502 ἐπὶ
2751 1447 2849 1516 τῆς
2881 1445 3382 1518 ἐρρωμενεστέρας,
3414 1447 3690 1512 ἐλάττονος
3715 1447 3776 1500 δὲ

2201 1541 2382 1603 πάλιν,
2417 1542 2508 1593 ἐπὶ
2536 1540 2633 1608 τῆς
2673 1539 3068 1608 νοσωδεστέρας
3105 1538 3195 1590 τοῦ
3229 1536 3475 1608 σώματος
3502 1539 3770 1610 κράσεως.

2128 1604 2173 1662 Β
2213 1631 2352 1700 Ἐγὼ
2383 1631 2438 1685 δὲ
2465 1604 2850 1700 τοϊς-ῥηθεῖσιν
2885 1604 3233 1697 ἐπιγελάσας,
3269 1604 3573 1702 ’ἐλελήθεις
3601 1634 3772 1702 ἡμᾶς,

2201 1723 2337 1794 πρὸς
2364 1723 2522 1776 αὑτὸν
2545 1718 2714 1786 εἶπον,
2743 1719 2982 1790 Γαληνοῦ
3012 1721 3105 1774 καὶ
3136 1720 3524 1792 Ἱπποκράτους
3545 1723 3639 1775 καὶ
3661 1723 3774 1776 τῶν

2198 1815 2455 1867 τοιούτων
2503 1813 2755 1881 ἐγγόνους
2788 1806 2926 1868 εἶναι
2978 1810 3076 1874 τὰς
3123 1812 3464 1882 εἰμαρμένας
3510 1811 3770 1878 δοξάζων.

2215 1899 2368 1960 Ἐπεὶ
2399 1905 2638 1958 κάκεῖνοι
2668 1902 2878 1973 χαίρειν
2919 1900 3146 1970 ἀφέντες
3177 1900 3273 1972 τὴν
3301 1901 3408 1955 τῶν
3445 1903 3657 1973 ἄστρων
3685 1903 3774 1956 κί-

2200 2011 2374 2062 νησιν,
2425 1995 2488 2046 ἐκ
2531 1992 2625 2046 τοῦ
2675 1991 3036 2062 ὑποκειμένου
3077 1995 3442 2062 στοχαστικῶς
3487 1993 3546 2046 τὺ
3583 1977 3774 2064 μ’έλλον

2200 2084 2674 2156 προαγορεύουσιν.
2712 2085 2878 2138 Ὅταν
2911 2083 3175 2154 ὀφθαλμοὶ
3203 2085 3369 2137 κοῖλοι
3388 2085 3480 2138 καὶ
3511 2086 3774 2156 κρόταφοι

2201 2175 2680 2247 συμπεπτωκότες,
2716 2175 2809 2235 καὶ
2850 2174 2918 2230 τὰ
2961 2175 3187 2244 μέτωπα
3227 2176 3656 2247 περιεσκληκότα
3693 2176 3776 2247 τῷ

2199 2268 2445 2339 δέρματι,
2478 2267 2566 2320 τὸν
2591 2267 2815 2322 θάνατον
2844 2265 3218 2338 προμηνύωσι.
3249 2267 3466 2331 Πολλοῖς
3492 2268 3568 2332 δέ,
3598 2263 3777 2333 εἷπον,

2199 2359 2587 2428 νοσωδέστερον
2630 2359 2986 2429 διακειμένοις
3015 2359 3084 2412 τὰ
3130 2358 3371 2428 σώματα,
3401 2361 3494 2413 καὶ
3521 2362 3646 2414 ὅσον
3680 2363 3775 2414 οὑ-

2195 2451 2344 2504 δέπω
2374 2450 2840 2520 προσδοκωμένοις
2881 2450 3250 2521 τεθνήξεσθαι,
3279 2453 3414 2521 πρὸς
3438 2451 3496 2508 τὸ
3538 2451 3776 2522 ἔμπαλιν

2201 2542 2258 2608 ἐξ
2295 2541 2541 2611 ἰατρικῆς
2572 2541 2886 2612 ἀνεκλώσθη
2916 2546 3012 2614 τῆς
3040 2541 3293 2612 τοιαύτης
3334 2545 3671 2614 εἱμαρμένης
3700 2544 3774 2598 τὰ

2199 2634 2416 2702 νήματα
2443 2647 2454 2662 ’
2494 2628 2604 2687 οἷον
2643 2633 2707 2705 δὴ
2751 2635 2844 2688 καὶ
2883 2635 2970 2688 τὸν
3017 2635 3364 2707 παιδοτρίϐην
3406 2635 3698 2706 Ἡρώδικον
3745 2637 3777 2689 ὀ

2200 2725 2486 2788 Πλάτωνος
2515 2725 2764 2795 ἱστόρησε
2813 2726 2990 2794 λόγος,
3031 2728 3110 2781 ὅτι
3134 2727 3220 2780 διὰ
3252 2727 3629 2797 γυμναστικῆς
3669 2729 3775 2797 ἐμ-

2200 2813 2436 2884 πειρίας,
2489 2816 2569 2876 εἰς
2616 2815 2849 2884 παντελῆ
2888 2815 2984 2884 μὲν
3025 2810 3229 2884 ὑγείαν,
3277 2817 3617 2873 ἐπιθανατίου
3674 2818 3775 2872 τοῦ

533 2911 698 2964 lnbile
731 2924 852 2963 esse
891 2909 984 2961 fati
1033 2908 1332 2972 vinculum,
1368 2909 1412 2961 si
1454 2910 1670 2978 quidem
1718 2921 1831 2964 arte
1862 2897 2093 2980 quadam

2203 2908 2504 2976 νοσήματος
2539 2906 2706 2969 ὄντος,
2741 2908 3104 2976 ἐπαναγαγεῖν
3135 2912 3194 2961 το
3237 2909 3396 2978 σῶμα
3426 2910 3520 2979 οὐχ
3571 2905 3678 2972 οἷός
3711 2927 3774 2964 τε

533 3003 872 3056 dissolvitur.
927 3002 994 3053 At
1029 3001 1129 3054 hoc
1166 3009 1568 3070 argumentum,
1604 3003 1778 3070 inquit
1826 3004 1932 3068 ille,
1962 3020 2101 3073 prce-

532 3093 800 3148 dictioncs
833 3091 1020 3146 fatales
1051 3107 1157 3146 non
1201 3092 1466 3157 confutat,
1509 3094 1633 3162 quia
1678 3094 1790 3148 ﬁeri
1837 3103 2016 3164 potest
2047 3105 2101 3148 ut

535 3183 585 3236 id
639 3197 851 3252 quoque
911 3180 1277 3251 prienuntient
1325 3181 1384 3243 ii,
1425 3182 1515 3250 qui
1573 3184 1848 3238 emlcstem
1897 3195 2097 3238 motum

532 3279 787 3326 accurate
830 3271 1178 3340 contemplati
1218 3278 1367 3333 sunt,
1402 3282 1565 3340 atque
1603 3273 1692 3326 alii
1731 3279 1959 3336 certam,
2007 3273 2097 3326 alii

531 3365 748 3416 dubiam
799 3371 1024 3415 mortem
1073 3361 1391 3430 prmdicant.
1449 3361 1547 3415 Hic
1577 3379 1703 3430 ego,
1735 3363 1848 3416 Non
1877 3370 1983 3424 est,
2014 3364 2099 3417 ἰη-

530 3468 714 3521 quam,
771 3452 865 3513 ita,
916 3451 967 3502 id
1020 3449 1165 3518 quod
1223 3466 1287 3504 ex
1324 3452 1439 3518 ipsa
1493 3452 1702 3504 ratione
1755 3453 2099 3507 necessitatis

533 3549 788 3603 constat,
845 3542 948 3592 alia
1035 3540 1234 3608 quippe
1305 3549 1386 3593 est
1445 3541 1868 3610 contingentium
1941 3542 2097 3608 ratio,

531 3633 635 3685 alia
699 3630 1176 3693 .immutabilium,
1241 3646 1359 3699 qua:
1427 3631 1648 3684 minime
1730 3632 1982 3687 convenit
2043 3632 2098 3685 in

529 3724 936 3791 eontingentia,
1000 3738 1231 3791 quorum
1302 3722 1620 3776 alterutrum
1689 3724 1912 3778 omnino
1982 3722 2097 3776 ﬁeri

530 3829 753 3867 necesse
821 3823 923 3877 est,
969 3814 1041 3866 ita
1093 3823 1269 3866 tamen
1325 3821 1382 3866 ut
1433 3814 1484 3866 in
1536 3811 1824 3882 utramque
1871 3823 2097 3868 eventus

530 3914 736 3973 partem
771 3905 1027 3973 opinione
1061 3903 1429 3957 claudicemus
1460 3919 1474 3956 :
1506 3904 1650 3972 quod
1687 3919 1716 3956 a
1755 3904 2098 3958 necessitatis

532 3997 740 4048 ratione
779 3996 1090 4064 longissime
1137 3994 1307 4053 abest.
1345 3992 1729 4049 Verumtamen
1781 3997 2001 4066 quzesivi
2031 4012 2093 4052 ex

527 4103 613 4150 eo,
649 4102 754 4156 quo
785 4087 1132 4139 I'umlamcnto
1165 4085 1429 4139 niteretur
1464 4085 1768 4140 futurorum
1807 4097 2094 4142 eventuum

527 4178 844 4248 praedictio?
903 4177 1076 4242 Quod,
1129 4177 1300 4246 inquit
1353 4177 1462 4240 ille,
1516 4178 1713 4246 saapius
1755 4177 1866 4246 jam
1901 4194 1964 4233 ex
2012 4196 2096 4235 me

2199 2993 2300 3067 ἦν’
2331 2997 2417 3048 ἀεὶ
2441 2996 2497 3048 δὲ
2531 2995 2621 3049 τὸν
2661 2997 2886 3051 θάνατον
2917 2999 3158 3069 παρόντα
3195 2999 3259 3052 δι’
3287 3000 3524 3062 ἐπινοίας
3549 3002 3777 3072 {map-rt-

2203 3089 2444 3160 θέμενος,
2475 3091 2596 3159 οὐχὶ
2627 3090 2771 3158 ζωῆς
2805 3090 3122 3158 ἀσφάλειαν,
3154 3091 3288 3145 ἀλλὰ
3321 3092 3548 3146 Θανάτου
3586 3094 3771 3164 παρά-

2200 3199 2353 3233 τασιν
2371 3180 2547 3250 ἑαυτῷ
2569 3182 2999 3250 παρεσκεύαζεν.
3027 3182 3186 3235 ’Ὸθεν
3212 3182 3306 3234 καὶ
3327 3185 3408 3244 εἰς
3427 3184 3598 3254 γῆρας
3617 3183 3773 3253 διήρ-

2204 3287 2348 3332 κεσε,
2386 3269 2580 3340 μακρῷ
2616 3269 2828 3340 θανάτῳ
2869 3269 2929 3322 τὸ
2960 3271 3034 3339 μὴ
3066 3271 3354 3326 ἀποθανεῖν
3390 3272 3768 3341 σοφισάμενος.

2197 3361 2405 3415 Οὐκοῦν
2433 3362 2552 3415 οὐδὲ
2598 3362 2738 3420 κατὰ
2771 3361 2956 3418 τοῦτον
2988 3361 3078 3414 τὸν
3110 3361 3264 3429 λόγον
3293 3364 3538 3434 ἀρραγὴς
3577 3364 3702 3433 ὑμῖν
3734 3367 3769 3436 ἡ

2201 3455 2506 3524 εἱμαρμένη
2563 3454 3074 3530 καταλαμϐάνεται,
3128 3455 3285 3524 εἴπερ
3333 3454 3639 3524 εὑρίσκεταί
3681 3472 3772 3518 τις

2198 3545 2357 3615 τέχνη
2397 3545 2492 3615 τὴν
2536 3547 2778 3614 ἀνάγκην
2819 3545 3101 3600 ἐκλύουσα.
3148 3545 3284 3600 Ἀλλ’
3323 3545 3494 3610 οὐδὲν,
3521 3549 3703 3616 φησιν,
3738 3546 3769 3600 ὁ

2199 3636 2434 3698 τοιοῦτος
2461 3637 2614 3704 λόγος
2643 3635 2738 3706 τὴν
2777 3637 2843 3688 ἐκ
2874 3636 2980 3688 τῶν
3023 3637 3376 3708 προρρήσεων
3408 3638 3534 3707 περὶ
3559 3638 3656 3706 τῆς
3688 3638 3769 3690 eis

2203 3730 2483 3799 μαρμένης
2505 3727 2773 3792 ἀπόδειξιν
2801 3729 3035 3782 ἀναλύει.
3062 3729 3292 3781 Δυνατδν
3323 3728 3429 3800 γὰρ
3459 3727 3527 3782 ἂν
3558 3728 3768 3795 γένοιτο

2199 3819 2290 3870 καὶ
2320 3818 2477 3870 τοῦτο
2507 3818 2916 3888 προμηνυθῆναι
2943 3819 3093 3888 παρὰ
3133 3817 3227 3870 τοῦ
3254 3817 3319 3870 δι’
3345 3815 3628 3887 ἀκριϐείας
3662 3817 3766 3869 ἐπ-

2198 3907 2535 3976 εσκεμμένον
2563 3905 2669 3960 τῶν
2689 3907 2952 3978 οὐρανίων
2986 3907 3080 3978 τὴν
3105 3907 3314 3977 κίνησιν
3341 3923 3352 3934 ·
3391 3905 3528 3959 ὥστε
3560 3905 3638 3976 τῷ
3667 3906 3765 3976 μὲν

2198 3997 2498 4068 ἀραρότως,
2528 3996 2605 4066 τῷ
2635 3996 2690 4050 δὲ
2728 3995 3024 4068 ἀμφίϐολον
3054 3995 3459 4068 προμηνυθῆναι
3489 3996 3576 4049 τὸν
3599 3995 3764 4051 θάνα-

2195 4106 2306 4165 τον.
2341 4084 2482 4154 Ἐγὼ
2496 4086 2687 4161 δέ,υὺχ
2700 4087 2890 4154 οὕτως,
2919 4084 3091 4155 εἷπον,
3125 4091 3153 4140 ὁ
3175 4089 3270 4159 τῆς
3291 4087 3533 4159 ἀνάγκης
3562 4087 3764 4158 διισχυ-

2199 4180 2406 4252 ρίζεται
2436 4179 2590 4248 λόγος
2611 4181 2810 4244 ’,ἄλλος
2847 4181 2956 4250 γὰρ
2985 4179 3076 4234 τοῦ
3116 4176 3457 4251 ἐνδεχομένου
3505 4181 3761 4250 ὁπότερον

527 4271 747 4335 audisti,
779 4271 845 4324 de
879 4285 941 4324 co
965 4269 1258 4324 etiamnum
1292 4269 1667 4338 percontaris?
1698 4269 1837 4323 Sunt
1863 4269 2090 4326 virtutes

2197 4271 2259 4324 ἂν
2293 4269 2428 4344 τύχῃ
2451 4269 2718 4338 γενέσθαι,
2747 4273 2840 4324 καὶ
2867 4271 3023 4335 ἄλλος
3054 4271 3146 4324 τοῦ
3171 4271 3500 4341 ἀμεταθέτου
3525 4274 3552 4325 ὁ
3581 4272 3757 4339 λόγος,

525 4368 770 4435 quaedam
799 4364 1036 4418 siderum
1069 4362 1322 4432 propriae,
1343 4377 1462 4431 quin
1487 4377 1585 4432 pro
1618 4361 1843 4416 inﬁnitis
1867 4361 2094 4417 diversis

529 4456 1003 4523 conjunctionibus
1030 4469 1058 4507 a
1096 4465 1347 4523 perpetua
1384 4455 1619 4508 motione
1649 4453 2096 4522 provenientibus

530 4549 766 4600 inﬁnitas
839 4563 1039 4615 easque
1112 4545 1355 4599 diversas
1412 4546 1719 4614 producunt
1788 4543 2092 4598 facultates.

527 4642 716 4705 Qualis
754 4640 913 4706 igitur
964 4647 1046 4692 cst
1081 4655 1174 4704 per
1211 4639 1262 4691 id
1308 4647 1521 4706 tempus
1560 4647 1828 4692 astrorum
1877 4634 2097 4690 confor-

531 4732 718 4794 matio,
771 4745 833 4782 ac
861 4729 944 4783 vis
993 4732 1157 4790 horae,
1193 4729 1247 4782 in
1283 4744 1443 4796 quam
1479 4729 1741 4796 cujusque
1787 4718 1939 4781 ortus
1985 4727 2094 4780 for-

529 4822 662 4872 tuito
707 4821 976 4882 inciderit,
1010 4820 1166 4873 talem
1203 4818 1321 4886 ejus
1345 4819 1509 4871 vitam
1562 4817 1677 4873 fore
1730 4833 1955 4874 necesse
1987 4826 2090 4881 est,

529 4927 702 4978 neque
732 4911 888 4963 aliter
925 4927 982 4964 se
1012 4927 1099 4964 res
1141 4911 1316 4964 habet.
1351 4908 1511 4974 Quid.
1549 4910 1786 4979 inquam,
1819 4910 2094 4965 calamita-

527 5014 608 5056 tes
644 5003 868 5064 bellicae,
904 5011 1061 5055 terra“:
1097 5009 1297 5060 motus.
1346 5001 1559 5054 urbium
1597 5002 1786 5062 ruina‘,
1831 5001 2093 5054 maxima-

528 5109 644 5146 rum
682 5093 965 5160 nanl‘ragia
1022 5094 1418 5153 onerariarum,
1477 5093 1878 5154 inundationes,
1928 5090 2090 5144 deﬂao

527 5186 826 5255 grationes.
865 5186 1040 5237 hiatus
1079 5193 1250 5243 terrze,
1285 5184 1496 5250 aliaque
1541 5181 1911 5250 hujuscemodi
1943 5182 2090 5235 exilii

527 5276 767 5346 genera?
819 5275 910 5343 qui
969 5274 1070 5328 ista
1125 5287 1247 5326 cum
1312 5274 1660 5341 praedictione
1717 5272 2094 5326 consentient?

525 5383 686 5434 quam
734 5367 899 5418 multa
927 5370 1138 5425 nostra,
1165 5377 1326 5429 quam
1359 5362 1523 5412 multa
1566 5369 1777 5428 patrum
1833 5362 2091 5413 memoria

527 5460 893 5524 contigerunt,
932 5465 986 5508 ιιι
1017 5452 1279 5505 diluvium
1310 5459 1468 5504 aztate
1502 5450 1635 5514 Noe,
1672 5452 1884 5503 oxustio
1917 5451 2089 5505 Sodo-

527 5562 762 5607 morum,
782 5546 1063 5600 suﬁ'oratio
1089 5541 1325 5613 Egyplii
1358 5542 1628 5596 exercitus
1658 5543 1709 5595 in
1730 5541 1861 5596 mari
1882 5539 2083 5605 liuhro,

2195 4361 2253 4414 ὃν
2283 4361 2380 4416 οὐκ
2427 4361 2569 4414 ἐστιν
2622 4362 2714 4414 ἐπὶ
2766 4362 2872 4414 τῶν
2924 4362 3284 4433 ἐνδεχομένων
3322 4363 3531 4417 λαϐεῖν·
3583 4357 3757 4434 ἀλλ’ἢ

2193 4451 2350 4506 τοῦτο
2401 4453 2634 4516 πάντως,
2673 4452 2704 4522 ἢ
2745 4453 2804 4506 τὸ
2842 4454 3056 4524 ἕτερον·
3087 4454 3146 4506 τὸ
3172 4454 3227 4507 δὲ
3263 4453 3395 4526 πρὸς
3447 4455 3758 4525 ἀμφοτέρας

2193 4545 2291 4608 τὰς
2337 4543 2590 4606 ἐκϐάσεις
2634 4548 2752 4606 ταῖς
2795 4545 3005 4599 ἐλπίσιν
3037 4545 3534 4618 ἐπικραδαίνεσθαι,
3569 4547 3758 4619 πόρρω

2193 4633 2300 4688 τῶν
2324 4635 2421 4707 τῆς
2452 4636 2695 4706 ἀνάγκης
2721 4635 2891 4704 λόγων
2926 4638 3039 4689 ἐστί
3063 4654 3077 4667 '
3105 4637 3244 4708 πλὴν
3273 4637 3427 4692 τοῦτό
3461 4655 3598 4708 φημι
3623 4638 3757 4707 πρὸς

2194 4727 2373 4792 αὑτὸν,
2409 4729 2574 4782 Πόθεν
2621 4729 2788 4782 οἴεται
2835 4728 2894 4782 τὸ
2931 4730 3117 4785 πιστὸν
3154 4731 3294 4800 ἔχειν
3339 4731 3447 4783 τῶν
3483 4731 3753 4801 ἀποϐησο-

2197 4821 2372 4890 μένων
2418 4821 2515 4891 τὴν
2561 4822 2892 4893 πρόρρησινς
2941 4821 2998 4873 Ὀ
3044 4821 3136 4885 δὲ,
3173 4822 3456 4888 Πολλάκις,
3493 4822 3644 4892 φησὶ,
3680 4823 3757 4876 δι-

2191 4910 2421 4976 εξιόντος
2439 4913 2694 4976 ἀκούσας,
2716 4912 2795 4964 ἔτι
2817 4912 2912 4966 καὶ
2935 4912 3026 4965 νῦν
3049 4914 3173 4984 περὶ
3196 4912 3304 4965 τῶν
3331 4914 3508 4966 αὐτῶν
3529 4916 3750 4984 ἐρωτᾷς,

2192 5002 2275 5055 ὅτι
2300 5001 2441 5065 τινές
2473 5004 2609 5056 εἰσιν
2645 5003 2936 5069 ἰδιάζουσαι
2974 5002 3226 5072 δυνάμεις
3266 5003 3372 5055 τῶν
3411 5001 3624 5074 ἄστρων
3653 5021 3667 5033 ·
3693 5003 3754 5055 τὸ

2191 5093 2249 5146 δὲ
2281 5093 2582 5162 ἀεικίνητον
2604 5098 2702 5166 τῆς
2726 5097 2915 5164 φορᾶς,
2955 5094 3152 5166 μυρίας
3179 5095 3243 5146 ἐκ
3271 5096 3366 5163 τῆς
3395 5096 3551 5157 ποιᾶς
3580 5093 3754 5148 αὐτῶν

2195 5184 2529 5255 συμπλοκῆς,
2564 5185 2661 5248 τὰς
2687 5185 2792 5239 τῶν
2823 5186 3101 5255 δυνάμεων
3128 5184 3386 5254 διαφορὰς
3433 5183 3752 5255 ἐργάζεταις

2205 5275 2261 5327 '0
2283 5277 2456 5328 τοίνυν
2484 5275 2779 5346 παραχθεὶς
2810 5275 2900 5326 ἐπὶ
2928 5274 3018 5326 τὸν
3042 5274 3152 5344 βίον
3175 5273 3259 5327 διὰ
3285 5273 3547 5342 γενέσεως
3572 5315 3584 5334 ,
3619 5273 3756 5327 κατά

2189 5366 2289 5436 τὴν
2320 5365 2702 5436 συμπεσοῦσαν
2741 5364 2887 5433 αὐτῷ
2924 5364 3015 5417 τοῦ
3055 5365 3245 5438 χρόνον
3277 5367 3489 5436 μοῖραν,
3519 5364 3615 5434 τὴν
3656 5365 3758 5417 ὑπὸ

2193 5457 2301 5509 τῶν
2352 5459 2567 5525 ἄστρων
2617 5455 2836 5508 τοιῶσδε
2893 5457 3348 5526 σχηματισθεῖσαν
3399 5455 3756 5517 ἐντυπωθεῖς,

2195 5547 2335 5614 ειπερ
2385 5545 2447 5597 ἂν
2478 5547 2508 5615 ἡ
2543 5544 2767 5615 δύναμις
2797 5546 2890 5618 τῆς
2917 5545 3064 5617 ὥρας
3111 5549 3323 5619 ἐκείνης
3367 5547 3561 5616 ἔχουσα
3593 5563 3761 5601 κατα·
