4066 6146
288 150 387 208 183

1631 151 1898 204 CONTRA
1953 153 2032 205 FA
2043 153 2081 205 T
2095 155 2127 208 l.‘
2141 153 2182 205 Μ
2195 193 2206 205 .

3438 159 3538 211 168

287 267 488 337 ληφθῇ,
523 265 692 320 ταῦτα
741 266 832 320 καὶ
870 267 994 336 περὶ
1027 267 1116 318 τὸν
1159 265 1270 334 βίον
1305 265 1421 318 κατ’
1457 266 1698 335 ἀνάγκην
1730 266 1858 330 ἕξει,
1896 307 1900 330 ,

2003 277 2253 319 οιιειιριιιιι
2309 265 2732 334 alienigenarum
2770 264 3037 332 jugulatio
3065 271 3120 319 ct
3149 263 3344 326 cmdes,
3383 274 3544 320 natu-

289 359 382 412 καὶ
417 359 591 420 ἄλλως
639 359 737 410 οὐκ
771 357 901 426 ἔχει.
934 357 998 408 Τί
1034 353 1145 418 οὖν,
1179 353 1352 418 εἷπον,
1377 358 1432 408 αἱ
1464 357 1601 409 κατὰ
1637 357 1866 426 πόλεμον

290 452 590 519 συμφοραὶ,
619 450 714 501 καὶ
739 449 787 501 οἱ
845 450 1080 518 σεισμοὶ,
1120 449 1212 502 καὶ
1241 447 1348 499 τῶν
1378 448 1585 500 πόλεων
1614 448 1668 498 αἱ
1698 465 1866 498 κατα-

291 548 547 602 πτωσεις,
578 541 672 593 καὶ
701 540 767 592 τὰ
813 538 1082 608 αῦτανδρα
1117 539 1224 591 τῶν
1261 538 1604 610 μυριοφόρων
1631 537 1868 590 ὁλκάδων

290 631 546 697 ναυάγια,
580 629 909 691 ἐπικλύσεις,
946 629 1040 682 καὶ
1069 628 1431 699 ἐκπυρώσεις,
1467 628 1558 680 καὶ
1597 628 1868 697 χάσματα,

291 723 385 774 καὶ
414 725 514 774 ὅσα
545 720 770 772 τοιαῦτα
800 718 1171 788 πανωλεθρίας
1204 718 1354 786 είδης
1386 717 1506 780 Πῶς
1547 716 1716 769 ταῦτα
1755 718 1869 769 δια-

296 813 458 864 σώσει
490 812 580 864 τὸν
613 811 715 879 τῆς
739 811 1095 882 προρρήσεως
1125 810 1314 877 λόγον;
1347 809 1494 860 Πόσα
1517 809 1573 860 ἐν
1601 810 1713 869 τοῖς
1742 825 1873 875 προ-

291 903 490 972 τέροις,
537 902 678 952 πόσα
715 900 768 951 δέ
797 901 890 952 καί
928 900 984 951 ὲν
1012 902 1122 962 τοῖς
1154 898 1274 950 καθ’
1302 899 1446 967 ἡμᾶς
1481 897 1689 966 κώνοις
1712 899 1738 949 6
1761 897 1875 966 βίος

295 992 460 1056 ἔδειξε
519 991 695 1060 πάθη;
741 991 832 1042 τδν
875 990 966 1043 ἐπὶ
1015 989 1136 1041 Νῶε
1175 989 1555 1058 κατακλυσμὸν
1583 1028 1597 1050 ,
1633 990 1725 1041 καὶ
1778 989 1875 1058 τὴν

296 1083 547 1150 Σοδόμων
579 1081 928 1149 ὲκπύρωσινς
966 1081 997 1150 ἢ
1029 1081 1118 1132 τὸν
1155 1080 1446 1147 Αἰγύπτιον
1488 1080 1710 1150 στρατὸν
1742 1081 1876 1132 ὑπο-

297 1173 518 1242 ϐρύχιον
567 1173 625 1222 ἐν
658 1175 723 1241 τῇ
767 1170 1001 1243 Ἐρυθρᾷ
1051 1171 1293 1243 θαλάσσῃ
1341 1170 1665 1240 γενόμενον;
1701 1172 1732 1241 ἦ
1779 1171 1878 1234 τὰς

303 1262 444 1331 μετὰ
472 1261 642 1314 ταῦτα
664 1261 773 1313 τῶν
800 1261 1107 1330 ἀλλοφύλων
1135 1263 1369 1332 σφαγὰς,
1395 1263 1493 1324 τὰς
1518 1263 1711 1333 μυρίας
1741 1261 1879 1314 ὲκεί-

303 1368 400 1412 νας
448 1350 882 1421 ἁνδροκτασίαςς
933 1351 965 1420 ἢ
1021 1351 1110 1403 τὸν
1157 1352 1458 1418 αὐτόματον
1487 1353 1543 1403 ἐν
1595 1351 1760 1421 ὀλίγῳ
1804 1351 1879 1421 τῷ

304 1440 484 1511 χρόνῳ
530 1440 754 1493 θάνατον
783 1440 874 1492 τοῦ
915 1442 1240 1512 Ἰσραηλίτου
1277 1441 1404 1494 λαοῦ
1433 1443 1487 1494 ἐν
1526 1441 1743 1505 πολλαῖς
1777 1461 1876 1512 μυ-

309 1531 458 1600 ριάσι
504 1531 899 1600 θραυσθέντος;
937 1530 1099 1600 ἢτὰς
1140 1532 1330 1584 ἐκατὸν
1361 1532 1686 1601 ὀγδοήκοντα
1717 1533 1876 1584 πέντε

312 1620 548 1693 χιλιάδας
577 1622 686 1673 τῶν
735 1621 1052 1691 Ἀσσυρίων,
1080 1625 1178 1693 μιᾷ
1209 1623 1398 1692 χρόνου
1427 1626 1564 1694 ῥοπῇ
1601 1623 1878 1694 νεκρωθεί-
1911 1605 1950 1658 Β

312 1728 429 1774 σας,
457 1711 564 1763 τῶν
588 1729 647 1763 τε
672 1711 868 1782 ἐφεξῆς
901 1712 1083 1765 κακῶν
1107 1713 1202 1775 τὰς
1239 1714 1497 1783 ἱστορίας,
1524 1716 1580 1766 ἐν
1610 1714 1878 1783 Μηδικαῖς

309 1819 367 1854 τε
414 1803 508 1855 καὶ
547 1803 884 1872 Ἑλληνικαῖς
912 1807 1212 1873 συμφοραῖς
1241 1803 1641 1872 συμπεσούσας,
1673 1807 1728 1858 ἐν
1757 1821 1880 1855 ναυ-

313 1893 536 1962 μαχίαις
567 1911 626 1946 τε
685 1896 776 1948 καὶ
829 1894 1189 1964 πεζομαχίαις
1232 1895 1524 1964 μεγάλαις,
1577 1897 1670 1948 καὶ
1707 1896 1880 1947 πάντα.

309 1981 411 2033 53a.
440 1982 680 2048 τοιαῦτα,
716 1977 791 2036 ὧν
819 1985 850 2053 ἡ
884 1985 1068 2053 μνήμη
1096 1987 1208 2046 τοῖς
1240 1985 1435 2053 ἐφεξῆς
1464 1984 1775 2046 διδασκαλος
1800 1985 1883 2049 γί-

310 2088 485 2136 νεται;
520 2072 637 2125 Κᾶν
667 2073 837 2126 ταῦτα
872 2074 1230 2144 παρέλθωμεν
1266 2075 1461 2137 πάντα,
1496 2074 1651 2125 ἱκανὰ
1679 2073 1882 2140 γένοιτο

312 2162 453 2233 πρὸς
479 2163 576 2232 τὴν
603 2163 706 2215 τῶν
759 2163 1062 2234 λεγομένων
1095 2164 1416 2235 μαρτυρίαν,
1449 2164 1543 2215 καὶ
1581 2165 1678 2214 ὅσα
1707 2165 1735 2215 6
1763 2162 1882 2216 καθ’

312 2256 464 2323 ἡμᾶς
497 2255 744 2324 ἱστόρησε
778 2254 909 2326 βίος.
944 2256 1038 2319 Τίς
1079 2257 1186 2325 γὰρ
1227 2257 1326 2308 οὐκ
1356 2252 1460 2307 οἶδε
1505 2255 1600 2324 τὴν
1645 2255 1883 2324 μεγάλην

314 2347 419 2414 τῆς
450 2347 700 2410 Βιθυνίας
729 2348 1057 2419 μητρόπολιν
1078 2351 1195 2410 ταῖς
1222 2347 1528 2416 ἐξεχούσαις
1549 2347 1654 2400 τῶν
1681 2348 1884 2399 πόλεων

313 2436 656 2506 ἐναρίθμιονς
686 2438 768 2499 τίς
818 2439 996 2506 ἀγνοεῖ
1026 2438 1124 2507 τὴν
1153 2437 1410 2490 πλατεῖαν
1443 2437 1534 2490 καὶ
1579 2437 1884 2508 εὐρύχωρον

312 2522 560 2596 Θρᾴκην,
584 2525 697 2589 πῶς
719 2526 817 2596 τὴν
843 2527 940 2596 μὲν
965 2530 992 2580 ὁ
1015 2528 1268 2598 πόλεμος,
1293 2527 1390 2598 τὴν
1421 2527 1478 2579 δὲ
1506 2527 1723 2595 σεισμὸς
1751 2526 1888 2595 μετὰ

314 2617 414 2670 τοῦ
467 2619 633 2688 πυρὸς
673 2622 729 2671 ἐν
769 2621 962 2690 ἀκαρεί
1009 2621 1102 2672 τοῦ
1150 2622 1340 2690 χρόνου
1395 2619 1561 2690 ἄρδην
1607 2617 1886 2688 ἐξέτριψε;

318 2709 486 2761 Πόσοι
522 2710 705 2773 παῖδες
756 2712 888 2773 ἐκεῖ,
925 2711 1066 2765 πόσα
1110 2713 1307 2781 νήπια;
1344 2713 1394 2763 οἱ
1443 2711 1619 2780 μέσως
1655 2709 1888 2778 ἔχοντες,

320 2801 372 2850 οἱ
396 2801 721 2871 παρήλικες,
748 2801 1013 2872 ἐλεύθεροί
1041 2821 1094 2854 τε
1117 2805 1209 2856 καὶ
1235 2802 1427 2865 δοῦλοι,
1453 2803 1770 2872 κρατοῦντες
1795 2803 1888 2854 καὶ

1971 357 2098 410 ralis
2141 371 2286 408 mors
2327 355 2601 409 lsraelitici
2641 356 2822 425 populi
2860 356 2912 409 in
2964 355 3175 408 inﬁnita
3221 355 3310 409 illa
3351 359 3540 410 multi-

1969 446 2156 500 tudine
2221 445 2491 512 confecti,
2567 447 2749 500 clades
2809 462 2917 516 qua
2977 455 3194 501 centum
3265 447 3541 516 octoginta

1969 540 2210 608 quinque
2272 539 2440 592 millia
2523 538 2871 608 Assyriorum
2947 545 3218 590 momento
3281 540 3541 606 temporis

1972 630 2269 698 perierunt,
2306 630 2643 683 calamitates
2691 637 2744 682 et
2788 629 2926 682 mala
2969 646 3087 699 qua:
3123 630 3312 694 Medis,
3342 629 3542 685 Judaris

1971 730 2027 776 et
2081 720 2286 776 ϐιηθεὶς
2351 721 2684 784 acciderunt,
2750 721 3030 774 atrocibus
3095 732 3235 775 terra
3295 721 3543 789 marique

1976 813 2284 866 commissis
2335 813 2534 880 praeliis
2564 831 2576 864 :
2611 818 2664 863 et
2712 825 3048 880 quzecunque
3103 813 3154 864 id
3217 826 3387 881 genus
3442 810 3546 862 alia

1977 905 2249 957 memoria:
2291 904 2498 972 prodita
2546 911 2694 957 sunt.
2754 904 2896 968 Quin
2947 903 3163 957 etiamsi
3211 903 3323 955 hare
3364 901 3546 955 omnia

1978 997 2386 1060 przetcreantur,
2421 993 2555 1046 satis
2590 993 2756 1046 multa
2800 993 2963 1061 hujus
2997 993 3073 1046 rei
3108 992 3416 1046 testimonia
3451 1005 3548 1044 no-

1979 1080 2063 1134 bis
2111 1079 2482 1150 suppeditant,
2532 1097 2653 1150 qua:
2705 1090 2897 1136 nostro
2941 1081 3140 1135 sacculo
3181 1081 3544 1148 contigerunt.

1977 1172 2110 1236 Quis
2139 1173 2281 1225 enim
2338 1173 2512 1226 nescit
2563 1188 2812 1242 magnam
2868 1172 3132 1240 Bithyniae
3182 1171 3548 1238 metmpolim,

1980 1277 2141 1316 unam
2172 1277 2236 1315 ex
2273 1264 2848 1332 priestantissimarum
2884 1264 3100 1316 urbium
3132 1275 3360 1315 numero
3382 1302 3396 1326 ,
3429 1259 3553 1328 quis

1980 1355 2143 1407 latam
2175 1368 2238 1407 ac
2272 1354 2566 1420 spatiosam
2614 1357 2825 1424 ignorat
2854 1353 3162 1415 Thraciam,
3193 1353 3336 1404 illam
3368 1358 3555 1404 terra:-

1979 1456 2129 1498 motu
2183 1460 2246 1498 ae
2301 1445 2442 1515 igne,
2498 1446 2635 1500 hanc
2683 1447 2824 1499 bello
2871 1452 3094 1514 repente
3145 1443 3387 1496 funditus
3431 1455 3554 1494 esse

1982 1536 2274 1589 eversam?
2307 1535 2450 1600 Quot
2484 1537 2554 1588 ibi
2612 1535 2788 1604 pueri,
2835 1542 2966 1604 quot
3016 1531 3272 1595 infantes,
3303 1532 3551 1600 juvenes,

1983 1641 2160 1686 senes.
2224 1627 2380 1680 liberi
2435 1636 2488 1680 ct
2537 1628 2698 1688 servi,
2753 1625 2990 1679 victores
3043 1631 3097 1678 et
3151 1624 3300 1684 victi,
3338 1620 3552 1684 divites,

1985 1731 2270 1783 pauperes,
2309 1716 2572 1780 valentes,
2619 1715 2808 1784 πει-οιί
2843 1715 3077 1783 denique
3123 1727 3312 1767 omnes
3357 1717 3556 1778 puncto

1985 1807 2245 1873 temporis
2300 1808 2654 1861 interierunt?
2687 1805 2890 1860 Omnes
2940 1822 3007 1860 ex
3056 1819 3212 1874 aequo
3261 1803 3559 1868 assumpsit

1986 1898 2146 1966 ignis,
2179 1897 2373 1950 domus
2407 1897 2524 1949 loco
2565 1897 2938 1964 sepulcrorum
2972 1895 3122 1950 fuere
3149 1894 3424 1949 omnibus.
3455 1892 3558 1948 Ubi

1988 1996 2116 2040 sunt
2165 1987 2402 2040 siderum
2468 1986 2907 2054 conjunctiones,
2963 2000 3084 2054 qua:
3144 1984 3387 2038 diversas
3437 1982 3559 2035 vita:

1990 2078 2192 2132 formas
2223 2078 2530 2131 hominibus
2573 2077 2921 2146 praeﬁniunt?
2956 2091 3084 2130 num
3120 2088 3310 2130 onmes
3358 2073 3433 2126 illi
3466 2087 3559 2125 ea-

1987 2171 2109 2225 dem
2167 2177 2436 2222 astrorum
2493 2169 2886 2222 constitutione
2942 2166 3052 2220 nati
3119 2165 3378 2220 fuerunt?
3429 2179 3561 2216 num

1988 2261 2232 2315 omnium
2269 2259 2571 2312 natalitium
2608 2258 2762 2313 sidus
2797 2257 2897 2311 fuit
2933 2259 3165 2322 Cancer,
3199 2257 3562 2324 omnibusque

1989 2366 2109 2404 eam
2145 2359 2344 2404 sortem
2388 2349 2723 2403 destinavit?
2765 2349 2926 2417 Atqui
2964 2349 3275 2414 diversitas,
3311 2362 3445 2416 pene
3478 2343 3562 2397 di-

1991 2459 2111 2497 cam
2164 2442 2394 2502 inlinita,
2445 2449 2664 2494 tctatum
2716 2450 2768 2492 et
2804 2440 3072 2492 honorum
3115 2440 3270 2492 testis
3314 2445 3420 2502 est,
3453 2449 3561 2488 non

1992 2549 2186 2588 oumes
2216 2548 2325 2584 uno
2359 2542 2596 2599 tempore
2631 2530 2801 2584 fuisse
2845 2530 3174 2598 progenitos.
3219 2527 3485 2592 Quocirca
3515 2524 3563 2578 si

1994 2627 2210 2678 diverso
2243 2623 2473 2692 quisque
2524 2631 2766 2688 tempore
2804 2631 2982 2685 natus,
3039 2621 3092 2673 in
3141 2634 3322 2688 parem
3361 2617 3561 2670 nihilo-

1996 2714 2178 2766 minus
2208 2713 2570 2765 calamitatem
2607 2711 2870 2764 incurrit:
2906 2726 3085 2764 nonne
3113 2709 3194 2762 vel
3234 2708 3348 2761 haec
3373 2711 3564 2760 eventa

1995 2803 2400 2870 prmdictiouem
2438 2802 2672 2855 levitatis
2705 2810 2758 2856 et
2794 2799 3173 2855 inconstantia:
3203 2795 3568 2851 convincunt?

320 2890 650 2962 ὑποχείριοι,
690 2892 948 2957 πλούσιοι,
978 2895 1226 2963 πένητες,
1298 2895 1616 2966 ἐρρωμένοι,
1676 2890 2108 2962 νοσηλευόμενοι,
2179 2892 2378 2954 πάντες
2428 2893 2484 2943 ἐν
2531 2894 2628 2962 μιᾷ
2678 2891 2865 2962 καιροῦ
2940 2892 3077 2959 ῥοπῇ
3127 2885 3563 2955 κατεφθάρησαν.

323 2983 541 3045 Πάντας
577 2983 774 3052 ἐπίσης
816 2984 875 3036 τὸ
908 2985 1016 3055 πῦρ
1046 2985 1278 3055 ἐνεμήθη
1304 3002 1317 3014 ·
1352 2987 1514 3038 πᾶσιν
1547 2987 1593 3036 οἱ
1623 2981 1757 3037 οἶκοι
1793 2983 1951 3051 τάφοι
1978 2983 2243 3050 ἐγένοντο.
2301 2983 2410 3035 Ποῦ
2437 2985 2490 3034 αἱ
2522 2984 2628 3036 τῶν
2695 2985 2908 3052 ἄστρων
2971 2982 3193 3032 ἐκείνων
3259 2975 3566 3036 διαπλοκαὶ,

324 3079 380 3128 αἱ
421 3077 522 3138 τὰς
547 3077 806 3146 διαφορὰς
834 3077 942 3130 τῶν
968 3077 1097 3146 βίων
1135 3080 1244 3139 τοῖς
1272 3075 1576 3146 ἀνθρώποις
1641 3071 1917 3144 ὁρίζουσαι
1949 3089 1964 3137 ;
2002 3067 2149 3141 ’Ἃρα
2182 3073 2345 3124 πᾶσιν
2391 3072 2617 3132 ἐκείνοις
2661 3071 2757 3140 μία
2795 3071 2900 3123 τῶν
2955 3071 3167 3139 ἄστρων
3209 3065 3422 3128 σύνοδος
3473 3064 3573 3127 τας

326 3165 524 3228 ὠδῖνας
567 3167 673 3218 τῶν
704 3167 968 3234 γενέσεων
1015 3167 1188 3231 ἔλυσε,
1237 3167 1327 3218 καὶ
1363 3167 1525 3218 πᾶσιν
1557 3165 1585 3216 ὁ
1623 3162 1891 3232 Καρκίνος
1933 3161 2264 3232 ὡροσκοπῶν
2289 3161 2386 3230 τὴν
2421 3164 2614 3230 μοῖραν
2647 3160 2911 3220 ὲπέὸαλες
2944 3161 3046 3212 Καὶ
3116 3158 3220 3228 μὴν
3287 3158 3343 3210 αἱ
3384 3155 3574 3226 μυρίαι

328 3259 438 3312 τῶν
467 3259 686 3330 ἡλικιῶν
709 3277 767 3312 τε
798 3260 889 3311 καὶ
919 3261 1240 3330 ἀξιωμάτων
1269 3261 1535 3331 διαφοραὶ,
1570 3256 1632 3310 τὸ
1664 3257 1736 3327 μὴ
1775 3255 1980 3318 πάντας
2013 3256 2260 3324 ἀλλήλοις
2330 3255 2469 3308 κατὰ
2546 3253 2738 3305 ταυτὸν
2807 3254 2873 3321 τῇ
2917 3250 3127 3317 γενέσει
3196 3246 3572 3315 συνενεχθῆναι

329 3355 809 3426 διαμαρτύρονται.
855 3357 915 3408 Εἰ
943 3353 1034 3409 οὖν
1065 3358 1094 3407 ὁ
1127 3357 1220 3425 μὲν
1262 3358 1356 3425 τῆς
1403 3354 1666 3422 γενέσεως
1707 3353 1896 3424 χρόνος
1935 3353 2148 3421 ἑκάστῳ
2211 3351 2459 3421 διάφορος
2481 3389 2494 3412 ,
2558 3351 2591 3419 ἡ
2617 3349 2673 3402 δὲ
2703 3347 2808 3400 τῶν
2833 3345 3124 3416 συμφορῶν
3154 3342 3414 3412 ταυτότης
3437 3339 3578 3392 οὐδε-

335 3452 466 3521 μίαν
503 3450 850 3522 παραλλαγὴν
891 3453 953 3503 ὲκ
1003 3451 1101 3520 τῆς
1152 3451 1289 3503 κατὰ
1339 3451 1437 3521 τὴν
1488 3449 1698 3517 γένεσι-ν
1744 3448 1920 3510 αίτίας
1975 3447 2217 3513 ἐδέξατο·

333 3545 542 3609 ἀπαγὲς
571 3545 662 3596 καὶ
689 3545 988 3596 ἀσύστατον
1015 3545 1346 3614 διελέγχεται
1367 3588 1381 3598 .

420 3640 557 3694 ’Λλλ’
593 3639 728 3702 ἔστι,
765 3641 916 3708 φησὶ,
948 3639 1040 3691 καὶ
1063 3639 1218 3702 νεὼς,
1243 3640 1339 3692 καὶ
1361 3640 1588 3702 πόλεως,
1609 3639 1700 3692 καὶ
1724 3637 1907 3698 ἔθνους
1937 3643 1981 3700 C

336 3731 540 3792 παντὸς
567 3730 894 3800 εἱμαρμένη,
950 3730 1090 3782 κατὰ
1133 3732 1230 3799 τὴν
1261 3731 1483 3799 πρώτην
1516 3730 1664 3782 θέσιν
1710 3728 1766 3782 τὸ
1815 3729 1909 3795 ἐφ-

336 3825 466 3893 εξῆς
489 3822 878 3885 ἐπικλώθουσα,
902 3827 993 3875 καὶ
1015 3821 1091 3892 τῷ
1118 3823 1417 3892 περιέχοντι
1444 3821 1510 3873 τὰ
1529 3823 1665 3890 εμπε
1677 3820 1912 3892 ριειλημ-

341 3917 481 3987 μένα
521 3917 639 3967 κατ’
684 3915 926 3983 ἀνάγκην
985 3914 1394 3966 συνδιατίθεται.
1438 3913 1533 3974 Τίς
1585 3909 1676 3965 οὖν
1727 3914 1758 3981 ἠ
1814 3912 1912 3979 τῆς

339 4004 649 4074 ναυπηγίας
697 4003 980 4072 Είλήθυια;
1015 4003 1110 4064 Τίς
1153 4001 1209 4054 δὲ
1242 4002 1270 4052 6
1314 4001 1411 4069 τῆς
1463 4001 1668 4062 πόλεως
1717 3999 1912 4065 τόκος;

353 4098 450 4149 Ἐκ
485 4096 641 4157 ποίας
665 4095 717 4146 δὲ
749 4095 921 4165 ἀρχῆς
948 4093 1038 4146 τοῦ
1070 4093 1252 4156 ἔθνους
1280 4092 1599 4162 καθορῶμεν
1625 4093 1721 4161 τὴν
1763 4091 1914 4159 γένε-

344 4203 465 4250 σιν;
499 4184 696 4253 Τέμνει
721 4187 747 4236 ὁ
770 4184 1058 4255 δρυοτὸμος
1087 4186 1182 4254 τὴν
1214 4183 1366 4253 ῦλην,
1401 4181 1764 4252 ἐμπορεύεται
1788 4179 1916 4232 ταύ-

342 4293 446 4347 την
476 4278 504 4329 6
535 4276 595 4328 τὸ
643 4276 794 4341 ξύλον
835 4276 1290 4346 ἐμπορευόμενος,
1327 4275 1621 4344 χρημάτων
1652 4276 1679 4325 6
1711 4289 1918 4341 ναυπη-

346 4371 444 4438 γὸς
473 4370 605 4440 ῦλην
626 4371 859 4434 ὠνεῖται,
897 4369 1106 4439 μερίζει
1138 4371 1202 4437 τῇ
1234 4368 1463 4437 ἐργασίᾳ
1490 4367 1586 4436 τὴν
1609 4366 1823 4436 τέχνην.
1863 4365 1919 4418 ’0

351 4465 452 4536 μὲν
483 4463 591 4532 γάρ
627 4479 708 4524 τις
747 4462 941 4531 διαιρεῖ
969 4460 1028 4512 τὸ
1063 4459 1213 4522 ξύλον
1240 4460 1320 4521 εἰς
1346 4457 1558 4519 σανίδας
1597 4456 1673 4526 τῷ
1707 4455 1917 4527 πρίονι·

350 4558 378 4606 6
403 4554 484 4614 δὲ,
535 4553 632 4621 τὴν
662 4551 849 4620 τρόπιν
880 4550 1218 4602 τεκταίνεται
1238 4566 1249 4578 ⁸
1281 4548 1465 4617 ἕτερος
1530 4548 1655 4617 περὶ
1679 4546 1748 4599 τὰ
1787 4546 1921 4598 ὑπο⁴

353 4645 585 4715 ζώματα
611 4643 706 4713 τὴν
736 4642 968 4712 σπουδὴν
993 4642 1092 4710 τῆς
1121 4640 1458 4708 κατασκευῆς
1480 4639 1612 4708 ἔχει,
1648 4638 1802 4700 ἄλλος
1827 4636 1924 4707 τὴν

355 4733 585 4804 πρῶραν
605 4771 620 4796 ,
646 4732 738 4783 καὶ
763 4731 917 4792 ἄλλος
946 4729 1041 4800 τὴν
1081 4727 1330 4799 πρύμναν
1355 4725 1758 4798 ἐκορυιρώσατο.
1792 4724 1926 4777 Τού-

354 4844 433 4897 τῳ
477 4825 571 4878 τοῦ
607 4824 754 4877 ἱστοῦ
798 4822 966 4894 μέλει,
1001 4822 1093 4874 καὶ
1123 4822 1220 4891 τῆς
1267 4819 1491 4892 κεραίας
1521 4819 1596 4888 τῷ
1636 4819 1805 4888 ἑτέρῳ
1831 4836 1843 4850 ·
1875 4819 1924 4870 οἱ

355 4918 412 4972 δὲ
462 4918 524 4970 τὸ
553 4916 697 4969 λίνον
740 4917 818 4978 εἰς
857 4913 1034 4976 κάλως
1067 4913 1354 4964 πλέκουσιν
1377 4927 1389 4940 ο
1423 4912 1471 4962 οἱ
1501 4911 1556 4962 δὲ
1591 4909 1814 4978 αὐχένες
1849 4909 1928 4979 τῷ

2287 3447 2394 3516 ἄρα
2428 3446 2520 3498 καὶ
2547 3444 2632 3497 διὰ
2666 3442 2867 3496 τούτων
2893 3442 2953 3494 τὸ
2984 3442 3108 3512 περὶ
3153 3439 3250 3510 τὴν
3277 3437 3579 3508 πρόρρησιν

2084 3631 2189 3683 Sed
2240 3639 2342 3690 est,
2391 3628 2586 3696 inquit,
2639 3633 2693 3677 et
2731 3626 2884 3678 navis
2924 3630 2976 3676 et
3024 3621 3192 3676 urbis.
3233 3627 3286 3674 el.
3320 3621 3496 3689 gentis
3526 3628 3580 3673 et

2017 3721 2262 3790 cujusvis
2305 3719 2378 3771 rei
2419 3718 2609 3779 fatum,
2659 3715 2800 3784 quod
2835 3732 2898 3768 ex
2935 3715 3109 3783 primo
3153 3721 3422 3768 astrorum
3471 3712 3581 3766 situ

2019 3825 2191 3870 totum
2236 3813 2430 3866 deinde
2473 3818 2672 3865 statmn
2718 3816 3139 3876 conscqueutem
3189 3805 3493 3866 constituit,
3527 3811 3584 3858 et

2020 3921 2240 3960 causam
2275 3904 2639 3958 continentem
2665 3916 2726 3953 ac
2763 3899 3094 3968 superiorem
3128 3897 3181 3950 in
3213 3895 3584 3967 gubernandis

2021 3999 2185 4052 rebus
2231 3995 2502 4050 contentis
2557 4009 2618 4047 ac
2656 3992 3003 4046 inferioribus
3055 3990 3368 4044 necessario
3409 3989 3582 4056 juvat.

2023 4087 2156 4152 Quis
2184 4103 2332 4156 ergo,
2371 4087 2613 4154 inquam,
2644 4093 2727 4138 est
2764 4082 2979 4136 navium
3021 4081 3216 4134 ortus?
3239 4081 3362 4148 quis
3394 4079 3585 4131 civita—

2026 4180 2135 4232 tis?
2157 4180 2297 4232 unde
2320 4177 2584 4246 originem
2616 4174 2783 4227 trahit
2808 4172 3059 4242 quaelibet
3079 4170 3248 4240 gens?
3276 4169 3445 4222 Cmdit
3467 4183 3585 4220 ma-

2027 4269 2282 4324 teriarius
2318 4268 2619 4329 materiam,
2649 4281 2767 4321 eam
2803 4264 3047 4319 venalem
3090 4263 3249 4315 habet
3283 4259 3588 4330 negotiator

2027 4362 2321 4430 lignorum,
2348 4360 2565 4412 navium
2602 4357 2782 4426 opifex
2812 4354 3039 4426 pecunia
3077 4352 3312 4416 redimit,
3353 4352 3588 4421 partitur

2030 4451 2302 4523 opiﬁcium
2323 4450 2374 4503 in
2396 4449 2694 4518 operarios.
2710 4449 2861 4502 Alius
2880 4447 3023 4502 enim
3048 4458 3197 4500 serra
3221 4442 3420 4512 lignum
3441 4449 3592 4497 secat

2031 4544 2085 4596 in
2120 4555 2354 4600 asseres,
2380 4539 2519 4592 alius
2549 4537 2786 4591 carinam
2820 4536 3134 4595 fabricatur,
3161 4533 3298 4585 alius
3317 4529 3593 4599 erigendis

2032 4631 2289 4685 tabulatis
2339 4629 2430 4680 dat
2482 4641 2741 4694 operam;
2796 4625 2882 4678 hic
2935 4639 3172 4694 proram,
3231 4621 3321 4675 ille
3372 4619 3592 4689 puppim

2034 4721 2298 4785 exstruit;
2330 4719 2454 4772 huic
2483 4717 2678 4782 malus,
2707 4716 2780 4768 illi
2817 4723 3049 4768 antenna
3067 4730 3212 4768 cura:
3233 4723 3316 4768 est
3336 4731 3352 4780 ;
3375 4713 3594 4782 quidam

2035 4832 2102 4871 ex
2134 4816 2245 4869 lino
2275 4814 2534 4867 rudentes
2568 4817 2781 4873 texunt,
2803 4809 3012 4862 clavum
3046 4807 3375 4876 gubernator
3404 4810 3562 4858 curat
3587 4819 3600 4866 ;

2038 4907 2258 4978 quidam
2297 4905 2444 4960 foros
2485 4915 2540 4959 et
2584 4903 2759 4956 velum
2794 4900 3112 4960 conﬁciunt,
3147 4896 3366 4966 quidam
3405 4907 3597 4948 navem

360 5009 672 5078 κυϐερνήτῃ
720 5004 808 5058 διὰ
841 5004 1111 5075 φροντίδος
1155 5002 1392 5070 γίνονται
1417 5018 1430 5030 °
1478 5001 1625 5053 ἄλλοι
1666 5001 1735 5053 τὰ
1761 5017 1898 5052 κατα

2003 5001 2198 5055 ’θιὶιιῐη
2236 4997 2462 5068 picturis
2519 5001 2819 5058 exornant;
2872 4989 3115 5044 nonnulli
3157 4989 3276 5058 pice
3311 4989 3600 5055 juncturas

362 5098 662 5168 στρώματα
685 5098 779 5150 καὶ
808 5096 903 5165 τὴν
927 5095 1114 5164 ὀθόνην
1142 5091 1454 5163 ἐνεργοῦσιν
1477 5106 1490 5120 °
1520 5090 1666 5144 ἄλλοι
1725 5091 1817 5142 καὶ
1841 5089 1931 5144 τὸν

358 5193 425 5245 ἐκ
462 5193 559 5260 τῆς
599 5187 918 5258 ζωγραφίας
961 5185 1342 5254 καλλωπισμὸν
1372 5184 1682 5252 ἐπάγουσιν.
1719 5181 1934 5253 Ἕτεροί

358 5300 418 5336 τε
447 5279 513 5336 αὖ
557 5279 898 5351 διαχρίοντες
929 5279 994 5348 τῇ
1041 5276 1206 5346 πίσσῃ
1255 5275 1354 5338 τὰς
1405 5273 1685 5346 ἁρμονίας,
1714 5274 1806 5325 καὶ
1844 5274 1934 5327 τὸν

361 5375 552 5428 ἄντλον
576 5376 634 5426 ἐν
657 5371 736 5441 τῷ
760 5369 908 5440 μέσῳ
929 5367 1446 5454 κατασκευάζοντες.
1469 5365 1689 5426 Πάντως
1713 5364 1771 5417 οὐ
1796 5366 1936 5418 κατὰ

361 5469 556 5522 ταύτὸν
602 5465 838 5525 ἕκαστος
884 5462 945 5514 τὸ
990 5460 1112 5514 καθ’
1159 5460 1347 5512 ἐαυτὸν
1382 5456 1711 5530 ἐνεργοῦσιν,
1766 5457 1876 5510 ἀλλ’
1906 5459 1934 5509 6

360 5565 478 5638 μὲν,
511 5562 608 5616 νῦν
632 5579 647 5592 ο
689 5561 741 5611 oi
773 5557 851 5620 δέ,
889 5557 1001 5626 μετ’
1035 5555 1208 5622 ὀλίγον
1231 5571 1242 5582 ·
1273 5555 1365 5607 καὶ
1403 5553 1476 5622 τῷ
1521 5553 1616 5622 μὲν
1644 5551 1745 5622 ἤδη
1770 5551 1938 5621 πέρας

2041 5095 2368 5163 perungunt,
2403 5095 2458 5141 et
2486 5087 2541 5140 in
2574 5085 2752 5140 medio
2787 5083 3054 5139 sentinam
3099 5084 3441 5135 construunt.
3489 5072 3599 5126 Ne-

2042 5202 2148 5256 que
2172 5198 2361 5238 onmes
2384 5181 2545 5237 simul
2579 5196 2738 5234 suum
2773 5177 2982 5232 faciunt
3001 5192 3156 5246 opus,
3180 5174 3273 5228 sed
3304 5173 3442 5225 alius
3465 5169 3599 5235 jam,

2043 5278 2184 5330 alius
2205 5275 2367 5344 paulo
2385 5280 2534 5341 post;
2555 5271 2644 5326 ille
2661 5279 2897 5339 emptum
2923 5269 3031 5337 jam
3060 5267 3124 5320 ad
3145 5266 3302 5318 ﬁnem
3330 5257 3601 5328 perduxit,

2045 5368 2148 5422 istc
2167 5369 2462 5421 etiamnum
2496 5364 2727 5417 laborat.
2761 5361 2816 5414 In
2846 5375 2953 5430 quo
2984 5359 3148 5428 igitur
3180 5363 3417 5419 tempore
3437 5348 3606 5403 fatum

2048 5460 2202 5512 navis
2230 5457 2498 5526 sapientes
2527 5452 2908 5508 collocabunt?
2934 5463 3060 5503 num
3095 5447 3146 5498 in
3175 5459 3240 5498 eo
3268 5457 3375 5512 quo
3398 5441 3606 5511 lignum

2050 5551 2268 5610 emitur,
2303 5548 2545 5609 czeditur,
2589 5554 2678 5598 aut
2711 5549 2996 5604 tractatur,
3035 5552 3101 5589 an
3137 5548 3242 5603 quo
3280 5531 3478 5586 ferrum
3514 5527 3606 5582 ad-
