4066 6146
507 191 612 253 167

1743 191 1797 246 S.
1841 186 2160 247 GBEGORII
2205 190 2495 246 NYSSENI

3641 182 3756 246 l68'

509 307 744 373 vehitur,
777 321 844 362 an
876 320 984 378 quo
1005 307 1174 361 clavis
1205 319 1416 360 asseres
1445 305 1904 375 compinguntur?
1936 303 2067 356 Nam

2182 305 2234 358 τὸ
2277 305 2702 374 σπουδαζόμενον
2744 306 2927 375 ἔσχεν·
2960 307 2986 359 ὁ
3015 305 3070 358 δέ
3127 305 3182 356 ἐν
3219 303 3291 374 τῷ
3331 305 3574 374 ἐνεργεῖν
3612 303 3748 356 καθ-

509 414 633 452 cum
666 400 832 452 multa
865 409 917 453 et
943 401 1153 454 diversa
1180 396 1393 450 diverso
1429 404 1667 464 tempore
1691 395 1868 449 studia
1903 409 2070 448 cona-

511 501 706 560 tusque
737 491 997 545 adversus
1021 489 1361 558 naufragium
1387 488 1776 553 adhibeantur,
1796 486 2068 558 quodnam

509 589 725 647 tempus
752 580 874 633 navi
905 579 1066 633 fatale
1094 578 1422 647 assignabis,
1458 587 1516 631 ut
1549 577 1788 632 instante
1817 576 2070 632 interitus

509 673 837 724 necessitate
872 678 1118 724 vectores
1143 683 1254 722 una
1285 683 1468 723 secum
1501 667 1727 737 perdat?
1771 666 1910 733 Quid
1959 666 2070 736 jam

509 758 658 812 dices
683 759 750 812 de
777 758 1124 812 civitatibus?
1148 774 1216 811 an
1250 767 1361 812 tum
1391 759 1445 811 in
1479 773 1573 811 eas
1602 757 1868 811 dominari
1902 755 2070 810 fatum

505 855 721 917 putant,
753 862 874 900 cum
903 847 938 900 ii
971 847 1060 917 qui
1097 863 1214 901 eam
1250 847 1302 900 in
1330 862 1440 901 rem
1479 846 1821 912 incumbunt,
1850 846 1916 900 de
1941 861 2074 900 con-

507 939 699 992 dendis
751 938 1040 993 consilium
1094 938 1337 1007 capiunt,
1389 953 1458 991 an
1507 952 1629 991 cum
1673 948 1921 993 naturam
1968 937 2070 992 loci

509 1029 878 1092 considerant,
911 1043 983 1082 an
1015 1043 1138 1082 cum
1170 1029 1446 1097 exemplar
1469 1027 1754 1083 elTormant
1781 1037 1872 1082 aut
1904 1027 2072 1084 fabris

511 1119 712 1172 ferrum
744 1119 1042 1182 advehunt,
1071 1125 1165 1171 aut
1196 1118 1398 1187 lapides
1457 1125 1727 1186 reponunt
1762 1125 1856 1170 aut
1899 1127 2070 1172 mate-

509 1211 645 1266 riam
691 1211 1070 1279 comportant?
1116 1208 1382 1274 Quidnam
1423 1225 1486 1264 εκ
1515 1210 1598 1264 his
1624 1217 1707 1264 est
1745 1209 2070 1279 principium

509 1300 902 1354 constituenda:
933 1299 1208 1354 civitatis?
1255 1298 1394 1363 Quid
1444 1313 1604 1366 porro
1631 1297 1782 1351 dices
1813 1297 1880 1352 de
1913 1306 2071 1367 gente

512 1391 721 1444 bellicis
783 1389 1184 1443 calamitatibus
1240 1387 1466 1440 attrita?
1519 1386 1648 1453 Quae
1703 1385 1921 1439 tandem
1981 1390 2075 1436 aut

512 1481 655 1534 unde
681 1491 798 1534 orta
831 1481 1056 1534 adversa
1096 1494 1217 1534 sors
1251 1479 1384 1534 alios
1422 1479 1702 1541 interimit,
1736 1478 1870 1532 alios
1905 1475 2075 1545 capti-

512 1588 607 1626 vos
636 1573 688 1624 in
731 1573 1046 1626 servitutem
1076 1570 1307 1640 redigit?
1335 1570 1438 1634 Qui
1467 1574 1668 1623 factum
1709 1576 1792 1623 est
1822 1576 1878 1622 ut
1904 1566 2075 1620 Anni-

2171 395 2380 463 ορᾰται.
2417 396 2549 449 Πότε
2582 394 2759 446 τοίνυν
2788 397 2851 464 τῇ
2877 393 2963 464 νηῒ
2987 393 3082 463 τὴν
3118 391 3454 461 εἱμαρμένην
3501 390 3548 440 οἱ
3588 388 3744 456 σοφοὶ

2171 485 2580 555 ἐπιστήσουσιν;
2621 485 2746 537 Ὅτε
2791 485 3003 537 ὠνεῖται
3037 481 3094 536 τὸ
3140 482 3316 549 ξύλον,
3359 481 3391 552 ἢ
3427 481 3515 533 ὅτε
3548 480 3744 550 τέμνε-

2171 595 2281 641 ται,
2317 577 2348 647 ἢ
2381 578 2466 629 ὅτε
2493 576 2941 646 μεταχειρίζεται,
2980 576 3122 647 ἢὸτε
3155 574 3350 638 ἐπάγει
3383 572 3474 625 τὸν
3504 571 3743 642 σίδηρον,

2171 670 2326 740 ἢὸτε
2375 668 2698 739 συναρμόζει
2745 667 3166 737 τοῖςγόμ-ροιςς
3220 664 3438 718 Πολλῶν
3492 663 3598 734 γὰρ
3652 663 3749 715 καὶ

2171 761 2440 831 διαφόρων
2466 760 2632 813 ὄντων
2675 759 2781 812 τῶν
2807 758 2947 812 κατά
2986 758 3081 828 τὴν
3112 756 3422 827 ναυπηγίαν
3454 754 3751 818 σπουδαζο-

2177 852 2372 923 μένων,
2401 853 2495 906 καὶ
2520 852 2580 904 οὐ
2608 852 2748 905 κατά
2775 851 2863 903 τὸν
2901 849 3062 905 αὐτὸν
3103 849 3353 920 ἀλλήλοις
3397 848 3587 920 χρόνον
3620 864 3750 899 συν-

2175 943 2492 1012 ισταμένων,
2531 944 2680 994 ποῖον
2702 940 2957 1011 ἀναθήσει
2980 932 3167 1012 χρόνον
3197 942 3261 1010 τῇ
3296 938 3628 1009 εἱμαρμένῃ,
3659 937 3751 990 ἵνα

2172 1034 2269 1105 τὴν
2298 1035 2537 1105 ἀνάγκην
2560 1037 2654 1106 τῆς
2678 1033 3021 1096 καταδύσεως
3042 1031 3330 1102 δεξαμένη,
3359 1020 3751 1102 συνδιαφθείρῃ

2179 1126 2295 1196 μεθ’
2325 1127 2523 1195 ἑαυτῆς
2555 1127 2678 1189 τοὺς
2715 1125 3046 1196 ἐμπλέοντας
3072 1139 3087 1188 ;
3123 1123 3186 1176 Τί
3215 1122 3259 1176 δ’
3312 1123 3376 1176 ἂν
3405 1122 3577 1185 εἴποις
3620 1123 3754 1193 περὶ

2173 1213 2280 1267 τῶν
2322 1213 2560 1278 πόλεων;
2611 1214 2745 1266 Πότε
2794 1214 2960 1284 αὐτῆς
2992 1213 3215 1284 κρατεῖν
3255 1210 3354 1282 τὴν
3408 1200 3752 1281 εἱμαρμένην

2174 1305 2408 1370 οἴονται;
2439 1307 2564 1360 Ὅτε
2624 1305 2783 1376 βουλή
2828 1323 2909 1369 τις
2937 1305 3029 1358 τοῦ
3061 1303 3312 1375 οἰκισμοῦ
3360 1305 3471 1366 τοῖς
3521 1303 3754 1356 σπουδαὶ

2177 1397 2324 1460 ζουσι
2372 1398 2608 1465 γίνεται;
2665 1397 2854 1451 Ὁπότε
2905 1397 2998 1450 τοῦ
3041 1397 3206 1449 τόπου
3240 1397 3337 1466 τὴν
3377 1396 3600 1464 εὐφυΐαν
3633 1397 3754 1447 ἐπι-

2175 1487 2490 1556 λογίζονται,
2515 1489 2547 1559 ἢ
2578 1490 2664 1542 ὅτε
2694 1489 2754 1540 τδ
2783 1489 2965 1558 σχῆμα
2998 1489 3531 1558 καταχαράσσουσιν,
3567 1486 3752 1556 ἦὸταν

2177 1577 2448 1646 ἐπάγωσιν
2485 1580 2586 1650 ἤδη
2611 1582 2672 1650 τῇ
2711 1579 2942 1650 ἐργασία
2965 1579 3055 1631 τὸν
3088 1579 3328 1649 σίδηρον,
3362 1578 3395 1648 ἢ
3424 1578 3547 1640 τοὺς
3571 1576 3754 1640 λίθους

511 1664 619 1729 bal,
649 1671 743 1716 aut
765 1662 966 1724 Caesar,
984 1661 1392 1716 autAlexander
1417 1659 1636 1714 Macedo
1668 1659 1775 1713 fata
1796 1665 2074 1728 aequarent

2182 1669 2594 1732 ἐναποτίθενται,
2626 1669 2658 1741 ἢ
2715 1670 3049 1740 σνσμφοροῦσι
3105 1669 3204 1732 τὰς
3239 1669 3403 1733 ὓλας;
3449 1667 3514 1720 Τί
3549 1667 3754 1721 τούτων

508 1755 750 1808 omnium
798 1755 1123 1823 quibuscum
1177 1753 1378 1806 bellum
1436 1752 1714 1821 gerebant,
1779 1765 1951 1819 usque
2008 1764 2075 1802 eo

511 1848 835 1902 necessitate
861 1847 950 1899 illa
976 1846 1322 1906 valentiores,
1342 1851 1401 1896 ut
1423 1843 1611 1898 iisdem
1637 1843 1793 1911 plane
1820 1849 1874 1895 et
1896 1855 2076 1909 :equa~

511 1937 651 1990 libus
733 1936 966 1990 hostium
1045 1933 1201 1990 malis
1278 1935 1459 1988 omnia
1536 1933 1890 2003 diriperent?
1970 1931 2076 1987 Sed

508 2028 653 2082 enim
712 2028 932 2081 minime
989 2027 1284 2082 verisimile
1335 2042 1489 2090 esse,
1548 2027 1738 2081 eadem
1791 2025 2075 2080 civitatum

510 2116 640 2181 fata,
678 2117 1009 2186 eosdemque
1051 2117 1335 2171 stellarum
1394 2117 1532 2170 situs
1578 2115 1809 2176 efficere,
1861 2123 1919 2168 ut
1966 2123 2077 2168 ter-

511 2211 825 2264 raemotibus
885 2219 1156 2278 quassatae
1220 2207 1378 2260 ruina
1433 2207 1855 2277 Opprimantur,
1911 2220 1976 2260 ex
2011 2219 2075 2259 eo

513 2300 828 2370 perspicere
873 2299 1054 2367 quivis
1101 2299 1320 2368 poterit,
1357 2298 1499 2367 quod
1541 2313 1701 2351 nemo
1731 2297 1940 2350 nesciat
1971 2296 2074 2348 htt-

422 2437 426 2440 .
507 2388 816 2459 juscemodi
846 2398 1000 2443 terra:
1024 2387 1334 2442 affectiones
1357 2402 1462 2441 non
1489 2387 1661 2442 solum
1690 2386 1742 2440 in
1770 2387 1900 2440 locis
1923 2385 2074 2440 habi-

513 2483 661 2545 tatis,
687 2481 778 2535 sed
808 2480 968 2535 etiam
989 2480 1042 2532 in
1078 2479 1524 2535 inhabitabilibus
1553 2479 1835 2534 exsistere.
1871 2478 1926 2532 Si
1954 2479 2076 2548 quis

515 2572 865 2642 Sangteorum
896 2580 1133 2625 montem
1174 2571 1228 2624 in
1271 2569 1535 2641 Bithynia:
1574 2569 1769 2626 finibus
1794 2571 1958 2624 situm
1990 2569 2074 2622 vel

514 2665 631 2734 ipse
653 2662 887 2717 viditvel
921 2661 1043 2716 aliis
1073 2661 1431 2718 referentibus
1462 2662 1686 2727 audivit,
1717 2660 1860 2731 quod
1900 2661 2074 2715 dicam

514 2768 698 2806 verum
733 2767 856 2806 esse
900 2752 1218 2821 comperiet,
1269 2761 1440 2807 totum
1470 2753 1658 2822 jugum
1691 2754 1744 2806 in
1775 2753 1914 2805 viam
1952 2751 2078 2806 sub-

511 2844 742 2908 sedisse,
780 2858 842 2897 ac
873 2845 1112 2899 terribile
1148 2847 1599 2915 prtetereuutibus
1639 2845 1881 2914 praebere
1921 2858 2076 2914 spec-

515 2935 775 2987 taculum.
829 2933 1110 3003 Ejusmodi
1156 2952 1371 3006 quoque
1411 2944 1540 2991 sunt
1579 2936 1954 3007 Paphlagonice
1998 2934 2079 2988 εἰς·

2176 1759 2320 1811 ἐστὶν
2348 1759 2610 1830 ἀρχὴτῆς
2641 1761 2982 1825 συστάσεως;
3026 1757 3090 1812 Τί
3121 1759 3177 1811 δὲ
3208 1759 3272 1813 ἂν
3301 1760 3472 1824 εἴποις
3504 1760 3630 1830 περὶ
3656 1759 3754 1812 τοῦ

2175 1847 2380 1911 ἔθνους,
2411 1848 2439 1901 ὃ
2488 1851 2606 1910 ταῖς
2655 1848 2795 1902 κατά
2841 1849 3075 1919 πόλεμον
3121 1851 3430 1918 συμφοραῖς
3470 1849 3753 1920 ἐξετρίϐης

2177 1936 2270 2002 Τίς
2307 1939 2339 2008 ἢ
2371 1938 2531 1992 πόθεν
2551 1939 2669 1992 κατ’
2699 1938 2875 1992 αὐτῶν
2901 1939 2995 2010 τὴν
3027 1940 3204 2010 ἀρχὴν
3227 1939 3465 1992 λαϐοῦσα
3495 1943 3528 2010 ὴ
3567 1943 3752 2011 μοῖρα,

2176 2031 2300 2093 τοὺς
2339 2031 2437 2100 μὲν
2477 2033 2854 2099 κατεφόνευσε,
2882 2035 3006 2096 τοὺς
3028 2032 3081 2085 δέ
3115 2033 3186 2084 δι’
3219 2033 3593 2103 αἰχμαλωσίας
3624 2051 3759 2086 κατ-

2175 2120 2530 2186 εδουλώσατο;
2587 2121 2710 2185 Πῶς
2762 2123 3004 2186 Ἀννίϐας
3053 2118 3085 2193 ἢ
3121 2125 3359 2192 Καῖσαρ,
3403 2122 3434 2192 ἢ
3481 2125 3573 2176 καί
3616 2125 3644 2176 ὁ
3688 2126 3758 2176 ἐκ

2176 2211 2508 2274 Μακεδονίας
2549 2213 2890 2284 Ἀλέξανδρος
2932 2214 3057 2285 παρ’
3087 2207 3167 2276 οἷς
3207 2214 3273 2267 ἂν
3319 2213 3563 2282 ἐγένοντο
3592 2232 3752 2285 στρα-

2175 2303 2469 2373 τευόμενοι,
2503 2305 2663 2356 πᾶσιν
2701 2304 2987 2374 ὁμοτιμίαν
3018 2303 3365 2374 εἱμαρμένης
3412 2303 3759 2374 εἰργάσαντο,

2176 2393 2423 2447 τοσοῦτον
2445 2393 2540 2464 τῆς
2563 2394 2802 2464 ἀνάγκης
2826 2393 3038 2464 ἐκείνης
3069 2395 3516 2465 ὑπερισχύοντες,
3545 2395 3618 2458 ὡς
3643 2398 3761 2458 τοῖς

2178 2484 2357 2546 αὐτοῖς
2387 2483 2479 2536 τοῦ
2511 2483 2677 2536 κακοῦ
2721 2487 2936 2554 μέτροις
2966 2485 3140 2537 πάντα
3173 2484 3505 2551 συνάγεσθαι
3531 2503 3544 2550 ;
3593 2486 3762 2539 Ἀλλὰ

2181 2573 2284 2644 μὴν
2314 2572 2374 2625 τὸ
2401 2571 2605 2626 οἴεσθαι
2632 2573 2729 2636 τὰς
2762 2574 2868 2626 τῶν
2897 2575 3101 2626 πόλεων
3140 2577 3472 2647 εἱμαρμένας
3498 2618 3508 2637 ,
3557 2578 3615 2629 ἐν
3643 2581 3762 2640 τοὶς

2177 2664 2283 2716 τῶν
2331 2664 2568 2734 σεισμῶν
2608 2663 3005 2735 καταπτώμασι
3051 2665 3149 2727 τὰς
3188 2673 3518 2736 συναστρίας
3557 2658 3759 2730 ποιεῖν,

2176 2754 2251 2817 ὡς
2276 2754 2378 2818 ἔξω
2424 2757 2518 2808 τοῦ
2567 2756 2774 2818 εἰκότος
2801 2759 2828 2809 ὁ
2860 2757 3020 2824 λόγος
3065 2758 3236 2822 ἐστὶν,
3291 2757 3537 2811 ἐντεῦθεν
3577 2759 3641 2812 ἄν
3673 2776 3764 2822 τις

2179 2846 2412 2899 κατίδοι·
2445 2847 2539 2910 Τίς
2566 2849 2664 2900 οὐκ
2693 2844 2827 2900 οἶδεν
2857 2849 2936 2901 ὅτι
2970 2849 3036 2901 τά
3074 2848 3296 2902 τοιαῦτα
3331 2849 3476 2922 πάθη
3503 2851 3602 2920 τῆς
3630 2851 3756 2920 γῆς,

2179 2935 2237 2986 οὺ
2272 2934 2427 3004 μόνον
2455 2937 2511 2988 ὲν
2536 2939 2645 3000 τοῖς
2676 2938 3009 3008 οἰκουμένοις
3030 2939 3231 3002 τόποις,
3269 2939 3413 2993 ἀλλά
3446 2943 3538 2994 καὶ
3563 2943 3619 2994 ἐν
3645 2946 3761 3006 τοῖς

513 3027 821 3080 lectiones:
871 3027 960 3080 ubi
1016 3027 1179 3082 etiam
1237 3029 1601 3084 habitationes
1660 3029 1938 3082 hominum
1989 3027 2075 3083 his

2183 3027 2453 3096 ἀοικήτοις
2479 3028 2817 3095 συνίσταται;
2855 3030 2921 3082 Εἴ
2944 3047 3025 3093 τις
3063 3031 3122 3083 τὸ
3163 3031 3274 3084 τῶν
3305 3032 3603 3101 Σαγγαγῶν
3634 3033 3762 3105 ὅρος

517 3117 692 3169 modis
733 3131 838 3170 una
870 3133 1013 3187 saepe
1061 3120 1340 3174 convulsae
1376 3131 1541 3175 sunt:
1596 3128 1756 3188 atque
1795 3119 1916 3174 ideo
1952 3134 2074 3173 cum

516 3209 654 3262 tales
686 3217 863 3263 IlmlllS
885 3209 1155 3272 oriuntur,
1187 3211 1341 3266 locus
1365 3211 1454 3266 ille
1479 3210 1547 3264 ab
1571 3210 1760 3265 incolis
1783 3209 2073 3264 deseritur.

515 3300 654 3363 Quid
687 3301 962 3369 sigillatim
994 3302 1176 3356 dicere
1209 3316 1346 3371 opus
1386 3313 1470 3356 est
1505 3301 1756 3372 Cyprios,
1784 3300 1995 3354 Pisidas
2025 3308 2080 3353 et

512 3392 786 3456 Achivos,
831 3393 972 3461 apud
1009 3408 1146 3461 quos
1180 3393 1370 3445 harum
1408 3407 1589 3446 rerum
1627 3393 1794 3445 multa
1832 3399 1958 3444 sunt
1993 3391 2078 3443 in-

515 3485 700 3538 dicia?
731 3483 931 3538 Verum
961 3485 1118 3554 cujus
1156 3485 1327 3552 gratia
1373 3484 1704 3539 mentionem
1728 3497 1914 3537 earum
1947 3481 2078 3536 feci-

517 3591 658 3634 mus,
693 3574 744 3626 id
773 3575 972 3636 dicam,
1015 3589 1206 3628 omnes
1241 3573 1508 3640 ejusmodi
1555 3581 1735 3628 motus
1769 3581 1928 3627 terrae
1959 3587 2081 3627 esse

517 3664 852 3720 affectiones.
885 3665 942 3718 Si
979 3680 1109 3734 ergo
1142 3665 1214 3717 ita
1244 3665 1453 3718 accidat
1499 3673 1556 3719 ut
1598 3665 1760 3718 etiam
1795 3664 2078 3718 hominum

519 3755 782 3808 habitatio
813 3770 878 3809 eo
911 3756 964 3807 in
1001 3755 1118 3809 loco
1150 3755 1475 3821 inveniatur,
1513 3755 1615 3826 ipsi
1647 3770 1865 3826 quoque
1903 3755 2075 3811 infor-

518 3845 732 3898 tunium
790 3844 919 3898 illud
961 3846 1061 3899 loci
1106 3846 1416 3900 necessario
1467 3847 1832 3916 participant:
1889 3847 1973 3901 sin
2032 3847 2078 3900 is

519 3935 589 3988 ab
631 3935 824 3990 incolis
859 3937 928 3990 sit
950 3951 1174 3999 vacuus,
1219 3936 1574 3990 infortunium
1619 3938 1722 3991 loci
1770 3937 2082 3992 hominibus

520 4026 705 4079 damni
751 4027 843 4081 dat
875 4028 1032 4081 nihil.
1088 4028 1217 4094 Qua:
1266 4029 1431 4098 igitur
1475 4038 1559 4085 est
1607 4029 1700 4082 fati
1751 4032 2077 4093 necessitas,

520 4134 644 4174 cum
679 4135 744 4175 ex
783 4135 940 4190 arquo
980 4121 1096 4176 loca
1131 4120 1366 4174 habitata
1389 4128 1444 4174 et
1475 4120 1847 4174 inhabitabilia
1887 4120 2080 4189 hujus-

523 4208 671 4263 modi
705 4209 1083 4266 affectionibus
1140 4211 1249 4265 sint
1287 4211 1556 4266 obnoxia?
1599 4209 1732 4263 Nam
1778 4210 1824 4264 si
1861 4218 2081 4279 possent

520 4298 898 4356 demonstrare
948 4311 1146 4356 terram
1194 4303 1560 4372 particulatim
1607 4317 1669 4355 ac
1711 4319 1817 4358 non
1863 4303 2082 4357 univer-

521 4407 636 4446 sam
681 4395 843 4448 simul
878 4395 1150 4448 conditain
1185 4409 1342 4449 esse:
1376 4395 1780 4464 vaniloquentia
1825 4395 1926 4449 ista
1958 4410 2084 4464 spc-

521 4486 661 4538 ciem
698 4484 948 4542 fortassis
970 4487 1204 4556 aliquam
1237 4503 1343 4557 prae
1366 4502 1423 4542 se
1452 4487 1633 4552 ferret,
1671 4495 1817 4540 certa
1844 4486 2086 4541 siderum

520 4575 910 4644 conjunctione
957 4585 1120 4630 certa:
1159 4576 1298 4644 parti
1347 4585 1502 4630 terra:
1547 4590 1811 4637 connexa,
1846 4574 1950 4628 hoc
1995 4583 2088 4626 aut

523 4666 657 4719 illud
713 4668 1024 4720 necessario
1083 4666 1218 4720 fieri.
1283 4668 1549 4732 Quoniam
1609 4683 1737 4720 vero
1789 4665 1969 4720 omnia
2028 4678 2088 4718 se

523 4763 714 4809 mutuo
753 4757 1207 4824 complectuntur,
1241 4760 1460 4820 crelum,
1504 4767 1666 4820 terra,
1703 4772 1870 4817 mare.
1902 4765 2085 4824 atquc,

522 4859 580 4902 ut
617 4845 828 4917 Moyses
858 4849 954 4910 ait,
998 4859 1140 4902 terra
1171 4849 1333 4901 etiam
1366 4850 1517 4917 prius
1548 4849 1765 4902 condita
1809 4857 1892 4902 est
1923 4864 2085 4917 quam

521 4949 668 4994 astra
727 4953 848 4990 cum
897 4947 1044 4991 motu
1092 4954 1237 4994 suo:
1286 4954 1384 4991 cur
1423 4953 1610 4991 eorum
1662 4953 1781 5007 quae
1828 4939 1880 4991 in
1924 4937 2089 4992 certis

521 5039 681 5082 teme
716 5030 959 5096 parlibus
993 5032 1269 5091 eveniunt,
1312 5046 1532 5082 Causam
1566 5030 1630 5082 ad
1675 5031 1913 5084 siderum
1947 5029 2088 5085 refe-

521 5126 648 5172 runt
685 5119 1027 5172 motionem?
1066 5120 1406 5188 Quapropter
1453 5136 1574 5172 cum
1621 5128 1767 5172 terra
1815 5120 1884 5172 sit
1927 5119 2089 5172 aStris

520 5225 778 5279 :eqttzeva,
820 5226 991 5276 neque
1023 5211 1186 5262 ullam
1221 5211 1343 5264 inde
1372 5211 1450 5264 vel
1487 5208 1807 5263 coincidendi
1842 5209 1922 5261 vel
1957 5223 2086 5276 per-

522 5302 756 5356 durandi
795 5317 1016 5354 causam
1053 5301 1250 5369 capiat,
1286 5317 1517 5370 etttnque
1555 5301 1604 5352 in
1645 5301 1809 5354 certis
1845 5300 2088 5368 partibus

523 5393 786 5459 ejusmodi
820 5393 1088 5446 exsistant
1122 5391 1465 5445 alIcctiones:
1511 5406 1616 5443 non
1648 5391 1833 5457 utique
1867 5389 1958 5442 fati
1991 5406 2087 5444 ne-

525 5485 775 5549 cessitas,
833 5485 924 5539 sed
979 5483 1088 5538 alia
1135 5483 1378 5552 quaedam
1432 5484 1483 5536 in
1546 5484 1610 5534 iis
1666 5483 1800 5535 locis
1854 5483 2085 5536 istorum

529 5589 752 5626 easuam
813 5577 1026 5645 propria
1083 5591 1246 5629 causa
1296 5584 1396 5630 est.
1465 5574 1692 5639 Quando
1763 5575 1922 5642 igitur
1985 5576 2088 5629 tale

2183 3119 2241 3170 τὸ
2271 3119 2404 3188 πρὸς
2423 3122 2532 3183 τοῖς
2564 3120 2731 3190 ὁρίοις
2758 3121 2862 3174 τῶν
2894 3122 3127 3175 Βιθυνῶν
3173 3124 3449 3193 κείμενον,
3483 3126 3514 3195 ἢ
3545 3128 3609 3196 τῇ
3637 3117 3763 3179 καθἱ

2185 3209 2372 3261 ἑαυτὸν
2401 3209 2540 3277 έγνω
2576 3212 2738 3282 πείρα
2775 3212 2807 3283 ἢ
2840 3215 2903 3265 ἐκ
2940 3213 3273 3284 διηγήματος
3319 3217 3574 3285 ἤκουσεν,
3600 3219 3763 3289 εὑρή-

2188 3317 2267 3351 σει
2289 3299 2507 3370 τὴντοῦ
2538 3301 2694 3369 λόγου
2735 3303 3007 3373 ἀλήθειαν,
3041 3306 3120 3357 ὅτι
3154 3306 3272 3358 κατ’
3305 3307 3476 3370 αὑτὰς
3501 3307 3599 3378 τῆς
3637 3310 3758 3363 ὀδοῦ

2185 3391 2281 3453 τὰς
2337 3391 2657 3462 ὑπερϐολάς,
2707 3391 2854 3447 πᾶσα
2910 3397 2942 3465 ἡ
2996 3395 3274 3468 ἀκρώρεια
3324 3400 3757 3471 ὑπονοστήσασα,

2186 3483 2412 3553 φοὸερὸν
2449 3483 2625 3554 θέαμα
2654 3487 2764 3547 τοῖς
2795 3485 3084 3539 διοδεύουσι
3130 3488 3360 3554 γίνεται.
3398 3491 3631 3544 Τοιαῦτα
3665 3494 3760 3546 καί

2187 3575 2314 3644 περὶ
2339 3575 2436 3638 τὰς
2463 3576 2643 3646 χώρας
2675 3576 2782 3630 τῶν
2825 3578 3188 3646 Παφλαγόνων
3221 3581 3288 3639 τὰ
3335 3583 3479 3655 πάθη
3503 3602 3514 3613 ·
3549 3585 3664 3638 ἔστι
3701 3577 3759 3639 δέ

2187 3667 2316 3719 ὅπου
2355 3668 2447 3720 καὶ
2488 3669 2727 3736 οἰκήσεις
2771 3668 3070 3739 ἀνθρώπων
3121 3675 3230 3736 τοῖς
3264 3676 3505 3744 χάσμασι
3550 3677 3760 3740 τούτοις

2191 3760 2777 3829 συγκατεσπάσΘησαν’
2824 3761 3064 3832 πολλαχῆ
3090 3761 3146 3815 δὲ
3192 3764 3299 3816 τῶν
3337 3767 3636 3837 οἰκητόρων
3664 3786 3760 3837 γυ-

2194 3856 2319 3916 μνὸς
2362 3849 2390 3899 ὁ
2423 3847 2596 3918 χῶρος
2646 3852 2702 3900 ὲν
2734 3848 2810 3919 τῷ
2846 3851 3068 3921 τοιούτῳ
3120 3852 3388 3907 δείκνυται
3435 3855 3614 3908 πάθει.
3648 3847 3760 3910 Καὶ

2189 3940 2239 3992 τί
2283 3939 2386 4011 χρὴ
2434 3940 2554 3992 καθ’
2613 3940 2840 3994 ἕκαστον
2886 3945 3192 4013 Κυπρίους,
3252 3946 3342 3998 καὶ
3399 3947 3622 4009 Πισίδας
3665 3949 3759 4001 καὶ

2203 4031 2482 4099 Ἀχαιούς·
2528 4032 2584 4084 ἐν
2635 4026 2713 4092 οἷς
2769 4032 2934 4084 πολλὰ
2983 4032 3089 4084 τῶν
3137 4034 3440 4104 λεγομένων
3488 4037 3602 4087 ἐστὶ
3672 4052 3761 4087 τε-

2191 4122 2428 4191 κμήρια;
2477 4121 2614 4173 Ἀλλ’
2647 4114 2706 4173 οὗ
2743 4123 2898 4192 χάριν
2930 4122 3034 4176 τῶν
3062 4124 3359 4193 εἰρημένων
3389 4125 3756 4196 ἐμνήσθημεν,

2189 4212 2269 4263 ὅτι
2295 4211 2466 4264 πάντα
2489 4211 2558 4263 τὰ
2582 4213 2824 4275 τοιαῦτα,
2849 4215 2948 4283 γῆς
2975 4214 3087 4265 ἐστι
3116 4214 3279 4283 πάθη.
3298 4214 3358 4266 Εἰ
3389 4214 3486 4284 μὲν
3517 4211 3609 4268 οὖν
3634 4234 3759 4268 συν-

2191 4304 2431 4372 ενεχθείη
2472 4303 2565 4355 καὶ
2595 4304 2803 4373 οἴκησιν
2846 4305 3144 4374 ἀνθρώπων
3173 4305 3456 4374 εὑρεθῆναι
3483 4306 3560 4376 τῷ
3583 4309 3753 4378 τόπῳ,

2189 4395 2329 4446 κατά
2355 4396 2530 4447 πᾶσαν
2548 4395 2789 4465 ἀνάγκην
2805 4395 3152 4448 κάκεῖνοιτοῦ
3174 4398 3314 4450 κατά
3336 4398 3424 4450 τὸν
3446 4400 3606 4451 τόπον
3635 4399 3759 4452 δυσ-

2189 4485 2496 4554 τυχήματος
2546 4487 3007 4556 παραπήλαυσαν·
3045 4488 3092 4538 εἰ
3133 4486 3188 4538 δέ
3224 4487 3501 4558 ἐλεύθερος
3536 4489 3620 4558 εἴη
3651 4490 3758 4542 τῶν

2189 4575 2508 4645 οἰκητόρων,
2560 4576 2812 4645 οὐδεμίαν
2857 4576 3162 4648 ἀνθρώποις
3203 4579 3398 4648 ἤνεγκε
3447 4579 3651 4649 βλάϐην
3699 4580 3759 4631 τὸ

2188 4665 2318 4736 περὶ
2340 4664 2430 4718 τὸν
2458 4666 2618 4718 τόπον
2643 4666 2978 4736 δυστύχημα.
3009 4668 3102 4729 Τίς
3135 4663 3226 4718 οὖν
3247 4669 3278 4737 ή
3303 4668 3400 4738 τῆς
3421 4669 3760 4739 εἱμαρμένης

2194 4755 2429 4826 ἀνάγκη,
2461 4757 2656 4828 ἐπίσης
2681 4758 2787 4810 τῶν
2812 4775 2869 4809 τε
2891 4758 3220 4826 οἰκουμένων
3243 4759 3334 4810 καὶ
3360 4759 3466 4811 τῶν
3491 4762 3761 4830 ἀοικήτων

2189 4850 2248 4902 τὸ
2276 4848 2510 4902 τοιοῦτον
2548 4849 2716 4913 πάθος
2753 4851 3164 4920 ὑπομενόντωνς
3208 4852 3268 4903 El
3318 4853 3414 4921 μὲν
3462 4853 3569 4923 γὰρ
3616 4850 3761 4923 εἶκον

2191 4939 2581 5001 ἀποδεικνύειν,
2616 4942 2754 4994 κατά
2791 4942 2928 5013 μέρη
2963 4942 3082 4994 τινα
3111 4944 3200 4994 καὶ
3223 4944 3296 5013 μὴ
3327 4943 3464 4996 κατὰ
3488 4944 3547 4996 τὸ
3569 4944 3762 5016 ἀθρόον

2192 5033 2371 5082 πᾶσαν
2401 5031 2829 5084 κατεσκευάσθαι
2861 5032 2957 5100 τὴν
2991 5033 3112 5101 γῆν,
3143 5029 3284 5102 εἶχεν
3320 5033 3384 5086 ἂν
3418 5034 3597 5096 αὐτοῖς
3633 5035 3759 5098 ἴσως

2193 5122 2379 5191 καιρὸν
2412 5123 2445 5191 ἡ
2495 5123 2868 5192 ματαιολογίαο
2904 5124 3037 5193 τῷδε
3078 5124 3153 5194 τῷ
3195 5125 3346 5195 μέρει
3382 5126 3480 5195 τῆς
3513 5127 3614 5196 γῆς
3641 5144 3757 5179 κτι-

2193 5211 2442 5281 ζομένης,
2473 5214 2633 5282 τῆσδε
2666 5215 2772 5266 τῶν
2804 5215 3017 5285 ἄστρων
3053 5217 3366 5285 συμπλοκῆς
3401 5219 3760 5287 ἐφαρμοσθεί-

2194 5320 2311 5371 σης,
2349 5305 2379 5374 ἦ
2425 5306 2580 5357 τοῦτο
2608 5306 2639 5376 ἢ
2671 5307 2844 5358 ἐκεῖνο
2870 5306 3121 5372 γενέσθαι
3163 5309 3283 5360 κατ’
3309 5309 3571 5379 ἀνάγκην.
3612 5309 3764 5362 Ἐπεὶ

2191 5394 2244 5446 δέ
2267 5395 2440 5448 πάντα
2464 5395 2578 5465 μετ’
2603 5397 2843 5466 ἀλλήλων
2870 5397 3367 5466 καταλαμϐάνεται,
3393 5401 3639 5470 οὐρανὸς,
3667 5403 3759 5468 γῆ,

2194 5487 2450 5551 θάλαττα,
2475 5487 2612 5539 κατά
2638 5486 2808 5538 δέιτὸν
2838 5486 3079 5551 Μωσέως
3112 5488 3286 5556 λόγον,
3319 5491 3410 5542 καὶ
3444 5491 3763 5560 προτερεύει

2195 5579 2226 5646 ἡ
2253 5579 2319 5646 γῆ
2349 5577 2442 5645 τῆς
2466 5577 2570 5630 τῶν
2595 5579 2806 5648 ἄστρων
2837 5579 3179 5651 κατασκευῆς
3206 5581 3296 5634 καὶ
3325 5582 3614 5650 κινήσεως·
3653 5582 3764 5645 πῶς
