4046 6156
471 268 560 321 ΠΙ
1703 276 1760 333 S.
1797 276 2119 334 GREGORII
2161 278 2450 334 NYSSENI
3610 277 3715 331 l7!

465 387 652 458 generi
698 396 892 444 natura
943 391 1138 454 hostis,
1199 391 1282 446 vis
1323 391 1569 461 quzedam
1620 393 1776 449 home
1820 407 2063 457 naturte.

2136 415 2231 460 σας
2262 398 2368 449 τῶν
2393 400 2449 450 ἐν
2474 398 2663 466 γέλωτι
2699 399 2761 450 τὰ
2796 398 2910 451 καθ’
2946 398 3090 467 ἡμᾶς
3133 395 3427 465 τιθεμένων
3453 435 3466 456 ,
3503 396 3566 447 δι’
3601 397 3713 450 ὀλί-

2736 483 2760 502 τ

467 479 799 535 adversaria.
853 481 1022 550 Cujus
1076 482 1154 536 rei
1210 493 1466 538 Sexcenta
1523 499 1694 554 eaque
1755 487 2022 541 evidentia

2138 505 2267 555 γων,
2301 488 2375 550 ὡς
2412 488 2475 541 ἂν
2505 483 2612 550 οἷός
2638 506 2693 539 τε
2730 483 2794 550 ὦ,
2823 490 3002 541 πᾶσαν
3031 487 3126 557 τὴν
3157 487 3281 557 περ)⁴
3325 485 3509 538 τούτου
3542 487 3721 539 αἰτίαν

468 573 646 624 atterri
685 581 911 640 possunt
940 582 1278 644 argumenta,
1308 575 1400 630 sed
1435 591 1538 629 non
1573 578 1807 630 arbitror
1833 593 2022 632 Πυανε-

2138 580 2459 649 ἐκοήσομαι.
2495 582 2647 631 ’Ἔστι
2673 579 2748 649 τῷ
2779 581 2922 648 γένει
2972 579 3078 631 τῶν
3107 577 3408 647 ἀνθρώπων
3443 577 3582 628 κατά
3621 577 3723 644 φύ-

469 661 670 713 sarium
723 676 846 716 esse
896 661 948 714 in
997 664 1246 731 pt'msenti
1302 666 1552 733 persequi
1601 667 1792 720 ordine
1846 668 2026 720 omnia

2138 687 2218 721 σιν
2254 670 2506 737 πολέμιος
2532 669 2756 739 δύναμίς
2801 688 2883 732 τις
2922 672 2984 721 ὲκ
3015 669 3120 720 τῶν
3156 667 3410 719 ἐναντίων
3443 668 3506 735 τῇ
3543 666 3719 736 ἀγαθῇ

469 753 666 818 quibus
700 752 856 805 fidem
899 753 1074 808 facere
1116 771 1331 824 queam.
1367 755 1500 809 Cum
1542 772 1669 826 ergo
1698 757 1892 810 divinae
1928 774 2026 810 na-

2139 761 2292 827 φύσει
2332 761 2723 830 γινωσκομένη.
2770 761 2966 812 Τούτου
3007 759 3062 812 δὲ
3096 757 3290 828 μυρίας
3341 757 3438 827 μὲν
3471 758 3585 809 ἐστι
3623 758 3721 821 τὰς

469 851 604 896 tura:
637 845 868 912 quodvis
901 845 1101 898 bonum
1143 846 1260 899 sive
1294 847 1584 915 cogitatum
1635 847 1749 902 sive
1780 848 2029 902 nomina-

2137 849 2435 915 ἀποδείξεις
2482 848 2541 914 ἐξ
2587 852 2828 920 ἐναργῶν
2873 851 3220 920 παραστῆσαι
3255 848 3612 919 πραγμάτων.
3648 849 3722 900 Οὐ

469 945 582 988 tum
616 938 926 1003 conveniat,
957 955 985 991 a
1015 955 1121 1007 qua
1158 939 1523 1010 proficiscitur
1553 940 1683 1004 vita,
1727 941 1840 1001 lux,
1890 941 2031 994 veri-

2141 939 2245 1008 μὴν
2297 941 2589 1006 ἀναγκαῖον
2637 941 2874 1011 ἡγοῦμαι
2914 941 2990 1011 τῷ
3042 941 3267 1009 παρόντι
3321 939 3492 1009 καιρῷ
3548 938 3725 992 πάντα

471 1037 574 1091 tas,
621 1025 856 1094 iustitia,
894 1030 1178 1097 sapientia,
1233 1031 1634 1093 immortalitas,
1686 1042 1736 1085 et
1768 1034 2027 1101 quidquid

2139 1034 2277 1086 κατά
2327 1034 2384 1086 :0
2431 1033 2718 1086 ἀκόλουθον
2771 1032 3041 1098 διεξιέναι,
3093 1032 3159 1082 δι’
3210 1024 3283 1082 ὧν
3335 1029 3508 1082 ταῦτα
3550 1028 3726 1091 οὕτως

469 1116 594 1170 boni
627 1117 921 1174 benevolus
945 1121 1160 1175 animus
1189 1129 1369 1190 potest
1399 1123 1720 1190 concipere:
1769 1139 1913 1186 cum,
1945 1127 2029 1176 in-

2137 1125 2278 1192 ἕχειν
2307 1125 2676 1177 πεπίστευται.
2708 1126 2816 1193 Τῆς
2844 1123 3018 1175 τοίνυν
3043 1121 3191 1182 Θείας
3219 1122 3430 1188 φύσεως
3469 1121 3524 1171 ἐν
3561 1120 3725 1171 παντὶ

467 1222 656 1276 quam,
711 1210 835 1265 talis
882 1213 951 1264 sit
985 1212 1167 1264 divina
1214 1223 1427 1275 natura,
1471 1228 1535 1265 ac
1575 1214 1700 1265 talia
1745 1213 2027 1282 largiatur,

2139 1215 2324 1284 ἀγαθῷ
2357 1216 2582 1283 νοήματί
2631 1234 2687 1267 τε
2732 1217 2823 1268 καὶ
2874 1215 3095 1283 ὀνόματι
3145 1212 3545 1283 θεωρουμένης,
3593 1213 3724 1280 παρ’

470 1299 836 1353 adversariam
864 1301 1154 1369 quamdam
1203 1304 1309 1355 vim
1341 1304 1515 1358 cuivis
1553 1303 1694 1364 bono
1729 1306 2030 1372 oppositam

2137 1300 2202 1374 ἧς
2239 1308 2269 1374 ἡ
2311 1306 2443 1375 ζωὴ,
2469 1306 2528 1357 :0
2556 1306 2691 1370 φῶς,
2736 1308 2767 1374 ἡ
2797 1305 3038 1370 ἀλήθειαε
3073 1304 3130 1356 τὸ
3158 1303 3362 1356 δίκαιόν
3405 1319 3461 1354 τε
3511 1302 3602 1353 καὶ
3638 1318 3728 1353 σο-

470 1401 614 1449 esse,
649 1387 794 1441 omni
833 1404 893 1443 ex
924 1405 1121 1459 genere
1150 1392 1476 1460 colligimus.
1511 1392 1639 1458 Quae
1666 1395 1893 1463 proinde
1914 1395 2032 1449 loco

2141 1396 2257 1464 φὺν,
2275 1398 2369 1447 καὶ
2389 1396 2675 1468 ἄφθαρτον,
2706 1398 2798 1449 καὶ
2827 1398 2932 1449 πᾶν
2964 1397 2990 1448 ὅ
3013 1395 3064 1447 τί
3092 1412 3197 1464 περ
3229 1393 3340 1446 ἔστι
3372 1393 3490 1446 κατ’
3516 1391 3725 1444 ἔννοιαν

473 1478 594 1529 vitae
626 1489 877 1542 mortem,
911 1480 1028 1534 loco
1054 1482 1300 1537 veritatis
1349 1483 1615 1546 fraudem,
1655 1486 1774 1539 loco
1808 1486 2032 1555 cujusli-

2136 1484 2319 1537 λαϐεῖν
2351 1486 2570 1552 ἀγαθὸν,
2608 1487 2761 1538 τοῦτο
2800 1485 2963 1554 οὔσης
3011 1486 3102 1538 καὶ
3140 1484 3295 1537 τοῦτο
3328 1483 3720 1554 χαριζομένης,

473 1573 562 1626 bet
625 1572 750 1626 boni
807 1573 1117 1640 Oppositum
1174 1576 1375 1628 malum
1439 1576 1750 1632 hominibus
1796 1580 2029 1649 irrogat:

2141 1577 2171 1645 ἡ
2208 1579 2268 1628 ἐκ
2314 1577 2417 1637 τῶν
2454 1579 2703 1629 ἐναντίων
2733 1577 3105 1649 γνωριζομένη
3139 1575 3363 1645 δύναμις
3403 1577 3465 1627 ἐκ
3505 1575 3725 1627 πάντων

473 1663 676 1732 quippe
705 1664 792 1716 cui
848 1664 899 1717 id
937 1674 1147 1734 gratum
1199 1665 1290 1729 sit,
1343 1668 1484 1736 quod
1536 1679 1742 1723 natura:
1786 1669 2033 1724 humanzc

2141 1665 2279 1718 κατά
2306 1666 2365 1718 τὸ
2392 1667 2756 1735 ἀντικείμενον
2787 1669 2996 1735 ἑκάστῳ
3029 1667 3134 1717 τῶν
3157 1665 3375 1732 ἀγαθῶν
3409 1664 3726 1734 θεωρουμέ-

472 1753 782 1810 exitiosum.
831 1752 934 1809 Sed
970 1757 1422 1824 quemadmodum
1465 1760 1556 1828 qui
1591 1761 1845 1814 veneficia
1879 1777 2034 1816 exer-
2069 1794 2070 1800 η

2139 1773 2240 1808 νων
2275 1756 2764 1825 καταλαμϐάνεται.
2799 1757 2958 1807 Ὥστε
3003 1759 3121 1809 ἀντὶ
3154 1755 3250 1824 μὲν
3281 1753 3445 1824 ζωῆς,
3473 1753 3726 1813 Θάνατον,

474 1853 622 1907 cent,
671 1845 829 1899 letale
860 1846 1210 1916 pharmacum
1247 1849 1406 1902 melle
1455 1850 1688 1905 reddunt
1714 1851 1891 1913 dulce,
1928 1868 2034 1905 non

2140 1848 2256 1899 ἀντὶ
2277 1848 2330 1900 δὲ
2355 1848 2625 1918 ἀληθείας,
2651 1848 2882 1917 ἀπάτην,
2907 1848 2998 1900 καὶ
3022 1848 3135 1900 ἀνθ’
3155 1845 3381 1899 ἑκάστου
3406 1845 3512 1898 τῶν
3537 1844 3732 1913 βελτιό-

473 1950 539 1988 eo
592 1936 772 1991 animo
807 1949 865 1991 ut
910 1939 1245 1992 comedentis
1291 1948 1564 2008 gustatum
1613 1943 1902 2005 oblectent,
1943 1942 2036 1996 sed

2140 1961 2262 2001 νων,
2289 1942 2384 2012 τὴν
2430 1942 2992 2011 ἀντιδιαστελλομκένην
3018 1941 3213 1993 κακίαν
3242 1942 3368 2008 παρ’
3396 1941 3580 2002 αὐτοῖς
3621 1942 3730 2000 τοῖς

476 2043 542 2081 ne
570 2027 729 2082 letale
757 2044 880 2083 esse
907 2031 1177 2085 sentiatur
1206 2049 1218 2085 :
1269 2033 1346 2084 sic
1380 2033 1656 2087 mortifera
1697 2034 1783 2086 illa
1824 2044 2035 2090 natura,

2139 2031 2442 2101 ἀνθριῖ›ποις
2480 2031 2814 2099 ἐπάγεσθαιο
2857 2027 2992 2083 εἶναι
3037 2021 3142 2100 γὰρ
3185 2030 3320 2098 αὐτῇ
3356 2029 3513 2080 τοῦτο
3556 2028 3727 2096 φίλον,

475 2135 596 2173 cum
621 2135 672 2173 tu
703 2120 884 2174 animo
909 2121 1124 2185 habeat,
1156 2123 1425 2177 hominem
1450 2125 1727 2190 inducere,
1757 2133 1868 2177 uta
1900 2125 2039 2177 bona

2140 2123 2274 2192 ὅπερ
2303 2122 2368 2175 ἂν
2393 2124 2459 2192 τῇ
2491 2122 2646 2190 φύσει
2678 2125 2789 2184 τοῖς
2825 2120 3130 2192 ἀνθρώποις
3163 2122 3248 2172 ἐπ’
3271 2118 3476 2188 ὀλέθρῳ
3498 2119 3729 2186 γίνεται.

477 2217 672 2264 natura
704 2210 999 2275 desciscat,
1049 2211 1314 2265 bonarum
1359 2214 1539 2266 rerum
1591 2213 1794 2267 formas
1842 2213 2037 2274 induit,

2143 2213 2353 2283 Ὥσπερ
2403 2213 2458 2264 δὲ
2507 2215 2555 2265 οἱ
2609 2213 2695 2265 διὰ
2739 2212 2848 2264 τῶν
2900 2211 3237 2283 δηλητηρίων
3287 2208 3732 2271 κακοποιοῦντες,

477 2317 540 2356 ac
572 2302 790 2357 fraudes
831 2303 992 2372 tegit:
1031 2310 1087 2356 ut
1123 2304 1304 2358 miseri
1346 2307 1601 2360 mortales
1634 2306 1700 2359 ad
1741 2306 1792 2360 id
1827 2307 2038 2371 intenti,

2143 2301 2398 2365 πολλάκις
2420 2303 2513 2355 καὶ
2542 2302 2716 2379 μέλιτι
2745 2303 2805 2354 :0
2825 2302 3040 2372 φθεῖρον
3073 2300 3389 2369 ἐφηδύνουσι
3414 2298 3730 2368 φάρμακον,

479 2393 640 2460 idque
671 2394 871 2446 bonum
918 2409 1037 2448 esse
1080 2395 1207 2459 rati,
1244 2395 1388 2450 illius
1417 2397 1560 2464 quod
1608 2405 1798 2450 natura
1841 2398 2040 2452 bonum

2142 2393 2240 2446 οὐκ
2286 2394 2547 2462 εὐφρᾶναι
2595 2396 2658 2463 τῇ
2699 2393 2882 2460 γεύσει
2941 2393 3029 2444 τὸν
3073 2391 3436 2461 βλαπτόμενον
3492 2389 3735 2458 σπουδὴν

477 2494 582 2546 cst.
616 2485 888 2543 desiderio
922 2504 988 2544 ne
1019 2496 1326 2544 teneantur.
1370 2490 1653 2556 Quomodo
1685 2505 1863 2548 autem
1899 2496 2043 2549 acci-

2145 2482 2473 2554 ποιούμενοι,
2513 2483 2624 2536 ἀλλ’
2656 2484 2914 2553 ἐκκλέψαι
2944 2484 3038 2553 τὴν
3076 2482 3168 2535 :05
3200 2482 3507 2553 φθείροντος
3539 2480 3731 2550 αἴσθη-

478 2578 574 2642 dit,
612 2586 670 2632 ut
699 2581 825 2648 quis
861 2596 956 2649 per
983 2582 1232 2637 fraudem
1289 2583 1523 2652 aliquam
1573 2601 1631 2639 se
1668 2584 1840 2639 futuri
1889 2587 2044 2654 quid-

2147 2593 2264 2630 σιν·
2316 2574 2456 2628 οὕτω
2511 2577 2603 2628 καὶ
2648 2578 2679 2642 ἡ
2737 2573 3056 2644 φθοροποιδς
3116 2573 3252 2642 αὕτη
3304 2572 3483 2640 φύσις.
3533 2571 3737 2623 σκοπον

482 2668 622 2733 piam
671 2669 989 2736 profiteatur
1028 2669 1449 2740 prtedieturum:
1505 2673 1585 2728 sic
1629 2682 1680 2728 et
1710 2673 2041 2728 fraudulenli

2145 2664 2342 2735 ἔχουσα
2387 2664 2487 2731 τῆς
2539 2664 2743 2734 ἀγαθῆς
2790 2664 2999 2732 φύσεως
3048 2663 3350 2732 ἀποστῆσαι
3393 2662 3482 2713 τὸν
3528 2660 3739 2731 ἄνθρω-

481 2759 753 2812 ιιτειιιοιιθε
784 2759 986 2813 faciunt
1016 2761 1068 2814 in
1107 2761 1310 2830 jecoris
1346 2764 1822 2833 contemplatione,
1859 2765 1912 2818 in
1948 2781 2046 2817 au-

2147 2773 2267 2815 πον,
2301 2753 2520 2822 ἀγαθῶν
2567 2773 2725 2806 τινων
2778 2756 3115 2824 πραγμάτων
3165 2753 3378 2825 μορφὰς
3421 2751 3738 2811 ὑποδύεται,

480 2848 674 2917 guriis,
699 2851 751 2902 in
776 2850 1070 2919 ominibus,
1100 2853 1153 2906 in
1186 2854 1424 2906 manium
1451 2856 1791 2917 evocatione,
1827 2856 1882 2910 in
1915 2856 2046 2909 vati-

2148 2846 2481 2918 προρρησεσί
2532 2864 2640 2898 τισι
2693 2847 2784 2900 καὶ
2835 2847 3097 2915 ἰατρείαις
3148 2846 3238 2898 τὸν
3286 2843 3740 2914 ἐγκεκρυμμένον

482 2938 643 3007 ciniis
682 2955 744 2993 ex
775 2940 939 2992 natali
979 2941 1184 3008 petitis,
1225 2956 1347 2996 cum
1375 2944 1653 3011 quodlibet
1700 2944 1892 2998 horum
1938 2961 2043 2999 non

2146 2940 2246 3006 τῆς
2272 2939 2485 3009 ἀπάτης
2513 2939 2667 3006 λόγον
2700 2937 3157 2990 ἐπικαλύπτουσα·
3189 2937 3262 3001 ὡς
3290 2936 3353 2989 ἂν
3377 2935 3548 3005 τούτῳ
3574 2951 3743 3006 προσ·

483 3025 669 3080 eodem
728 3028 823 3082 sed
869 3028 1086 3083 diverso
1136 3031 1296 3086 modo
1351 3033 1591 3086 futurum
1637 3036 2081 3104 .prtcsignilicet.‘

2151 3029 2362 3098 έχοντες
2397 3027 2455 3081 :0
2493 3027 2718 3078 δείλαιον
2768 3025 2876 3078 τῶν
2922 3026 3220 3098 ἀνθρώπων
3254 3027 3429 3094 γένος,
3479 3025 3637 3078 τοῦτό
3679 3040 3744 3077 τε

482 3115 666 3186 itaque
697 3129 752 3171 ut
781 3119 871 3186 qui
908 3134 970 3173 ex
1007 3120 1250 3187 illS|iCCl0
1274 3119 1477 3188 jecore.
1507 3130 1600 3175 aut
1621 3138 1684 3176 ex
1710 3123 1892 3178 omine
1921 3140 2047 3192 quo—
2077 3113 2080 3124 ’

2151 3118 2459 3188 νομίζοντες
2484 3118 2684 3185 ἀγαθὸν
2713 3113 2870 3181 εἶναι,
2895 3116 2985 3170 τοῦ
3031 3117 3198 3181 ὅντως
3237 3117 3375 3170 κατά
3402 3117 3562 3184 φύσιν
3600 3118 3744 3184 ἁγα-

480 3205 624 3273 piam
663 3205 954 3276 conjectat,
992 3215 1084 3260 aut
1125 3224 1189 3262 ex
1223 3218 1443 3279 aspectu
1475 3213 1707 3265 volantis
1740 3213 1879 3276 avis,
1936 3231 2044 3267 non

2151 3209 2241 3266 005
2274 3209 2541 3280 μηδεμίαν
2582 3209 2751 3280 ἔχοιεν
2783 3209 3093 3278 ἐπιθυμίαν.
3139 3209 3237 3262 Διά
3279 3225 3358 3260 τοι
3393 3207 3550 3261 τοῦτο
3577 3207 3747 3260 καθα-

479 3313 576 3366 per
623 3297 723 3351 fati
783 3301 1162 3354 necessitatem
1225 3316 1287 3354 ea
1342 3317 1400 3356 se
1475 3301 1766 3370 praedicere
1827 3304 2049 3372 pollice—

2152 3315 2252 3367 περ
2276 3298 2340 3351 ἄν
2369 3314 2453 3359 τις
2487 3297 2842 3365 προγνώσεως
2869 3294 3004 3360 εἶδος
3046 3297 3134 3350 διά
3170 3314 3312 3360 τινος
3350 3297 3566 3365 ἀπάτης
3605 3311 3744 3366 προ-

482 3399 600 3442 tur:
635 3390 705 3442 ita
730 3405 852 3442 cmn
879 3390 1107 3458 hujusce
1141 3391 1543 3445 vaticinationis
1576 3394 1645 3447 sit
1675 3396 1833 3447 unica
1859 3410 2045 3457 causa,

2151 3388 2471 3460 ειλημμένος
2506 3388 2663 3458 τύχη,
2687 3389 2802 3443 κατ’
2825 3391 2995 3442 ἐκεῖνο
3019 3390 3111 3442 καὶ
3136 3392 3168 3460 ἡ
3205 3388 3451 3458 ἀπατηλὴ
3478 3387 3585 3441 τῶν
3629 3387 3746 3440 δαι-

484 3479 631 3533 frans
655 3478 902 3534 videlicet
930 3489 983 3533 et
1016 3496 1178 3549 opera
1205 3481 1533 3547 dannonum,
1569 3486 1821 3553 quoniam
1849 3488 2048 3556 aliquid

2155 3481 2327 3549 μόνων
2355 3481 2624 3549 ὑπήκουσε
2647 3480 2888 3549 δύναμις,
2913 3482 2967 3532 ὲν
2998 3480 3426 3550 ήπατοσκοπίαις
3459 3480 3552 3531 καὶ
3575 3480 3747 3530 οἰωνι-

484 3570 906 3637 ρνεεηιιηιὲιιιυιη
943 3570 1238 3639 aliquando
1289 3572 1589 3641 perfectum
1639 3586 1720 3629 est
1755 3576 1830 3642 (si
1873 3587 2048 3632 tamen

2154 3573 2326 3640 σμοῖς,
2360 3573 2416 3624 ὲν
2449 3570 2716 3640 κληδόσιν,
2763 3572 2820 3623 ὲν
2856 3571 3194 3632 νεκυίαις,ὲν
3249 3568 3707 3638 γενεθλιαλογίαι;
3729 3585 3742 3597 ·

483 3660 707 3714 omnino
742 3661 1041 3730 perfectum
1075 3662 1212 3732 est),
1251 3679 1361 3718 non
1411 3667 1671 3720 continu-0
1710 3667 1804 3722 fati
1841 3671 1921 3724 vis
1953 3669 2049 3724 de-

2153 3661 2378 3715 έκάστου
2411 3662 2633 3726 τούτων,
2664 3660 2827 3734 [ἀλλ’]
2877 3662 2938 3715 οὐ
2975 3662 3116 3716 κατά
3164 3662 3254 3714 τὸν
3305 3661 3464 3714 αὐτὸν
3519 3659 3746 3731 τρόπον,

487 3760 843 3815 monstratur,
875 3753 998 3822 quia
1028 3768 1188 3808 omne
1217 3755 1620 3812 vaticinationis
1651 3774 1820 3828 genus
1857 3758 2052 3814 habere

2153 3752 2288 3807 ἀλλὰ
2307 3753 2575 3824 διαφόρως
2595 3754 2654 3806 τὸ
2681 3754 2871 3823 ἐφεξῆς
2900 3753 3538 3825 προμηνύοντος.”Ωσπερ
3561 3751 3745 3804 τοίνυν

487 3843 591 3893 vim
627 3858 780 3896 suam
818 3858 882 3897 ex
929 3841 1040 3897 fato
1071 3844 1192 3913 jure
1225 3845 1518 3900 diceretur.
1563 3847 1655 3900 Sic
1685 3862 1850 3900 utrum
1885 3848 2049 3916 fatum

2154 3849 2180 3898 ὁ
2209 3845 2285 3916 τῷ
2311 3846 2480 3914 ἥπατι
2520 3845 2580 3897 :0
2621 3846 2811 3915 μέλλον
2845 3845 3235 3915 διασημαίνων,
3269 3847 3296 3897 0
3323 3845 3411 3897 διὰ
3439 3859 3583 3905 τινος
3615 3844 3749 3911 κλη-

485 3941 628 3987 csset
657 3934 950 3996 somnium,
989 3934 1133 3988 aliud
1167 3951 1229 3988 ex
1275 3935 1646 4005 palpitatione,
1683 3936 1825 3990 aliud
1858 3955 1920 3992 ex
1955 3955 2052 3993 au-

2154 3936 2300 3998 δόνος
2335 3937 2665 4007 προεικάσας
2703 3937 2762 3989 τὸ
2810 3938 3085 4007 ἐσόμενον,
3119 3938 3150 4007 ἦ
3188 3932 3220 3990 ό
3255 3936 3386 4007 πρὸς
3412 3936 3511 4006 τὴν
3543 3934 3752 4004 πτῆσιν

485 4024 676 4094 guriis,
717 4025 797 4078 vel
831 4025 1123 4090 ominibus,
1154 4027 1239 4080 Vel
1274 4028 1599 4096 quibusdam
1627 4029 1888 4099 symbolis
1925 4046 2054 4086 con-

2154 4030 2245 4082 τοῦ
2280 4031 2468 4083 οἰωνοῦ
2508 4031 2738 4100 βλέπων,
2761 4032 2822 4084 οὐ
2848 4033 2914 4102 τῇ
2945 4031 3040 4100 τῆς
3067 4029 3404 4100 εἱμαρμένης
3434 4030 3650 4098 ἀνάγκῃ
3679 4031 3752 4080 τὶ

485 4122 673 4169 staret.
731 4113 887 4180 "Quod
946 4117 993 4171 si
1050 4117 1106 4170 in
1157 4116 1242 4171 his
1274 4118 1408 4171 nihil
1441 4118 1689 4189 prohibet
1734 4134 1842 4189 quo
1876 4121 2054 4176 minus

2157 4123 2377 4177 τοιαῦτα
2425 4122 2815 4193 προαγορεύειν
2865 4122 3398 4191 κατεπαγγέλλεται’
3446 4119 3538 4172 τὸν
3581 4120 3753 4172 αὑτὸν

482 4208 800 4263 vaticinatio
823 4209 893 4264 sit
924 4210 1045 4265 sine
1069 4207 1214 4277 fato;
1251 4225 1426 4280 neque
1456 4213 1502 4266 si
1531 4213 1620 4282 qui
1655 4211 1864 4267 fortuiti
1893 4230 2056 4269 even-

2156 4212 2354 4281 τρόπον
2388 4213 2519 4282 μιᾶς
2571 4211 2736 4280 οὔσης
2785 4212 2984 4276 αἰτίας,
3028 4210 3212 4274 καθὼς
3258 4211 3492 4281 εἴρηται,
3535 4210 3637 4278 τῆς
3686 4208 3754 4261 :0

486 4309 572 4354 tus
603 4316 726 4355 cum
763 4300 1116 4371 praedictione
1153 4303 1519 4366 consentiant,
1554 4304 1690 4360 satis
1720 4305 1774 4360 id
1804 4305 1968 4361 fuerit
2000 4313 2057 4360 ut

2157 4302 2364 4354 τοιοῦτο
2411 4302 2511 4371 τῆς
2559 4305 2912 4374 προρρήσεως
2957 4297 3094 4365 εἶδος
3149 4301 3457 4373 μετιούσης,
3505 4299 3651 4368 λέγω
3689 4299 3751 4353 δὲ

483 4391 763 4461 probetur,
820 4411 925 4448 non
971 4393 1130 4450 facile
1187 4395 1312 4449 talia
1354 4396 1688 4466 contingere.
1731 4398 2052 4468 Quanquam

2159 4393 2257 4463 τῆς
2305 4391 2445 4446 κατά
2487 4393 2584 4464 τὴν
2629 4393 2910 4464 ἀπατηλὴν
2954 4391 3061 4446 τῶν
3102 4393 3369 4463 δαιμόνων
3426 4393 3751 4463 ἐνέργειαν·

485 4499 657 4553 neque
680 4493 841 4540 certa:
863 4495 916 4540 et
951 4486 1268 4542 indubitata:
1293 4487 1652 4544 divinationes
1674 4496 1801 4543 sunt
1838 4504 2052 4554 eorum,

2158 4485 2258 4537 οὐκ
2303 4484 2486 4554 ἐπειδή
2532 4484 2659 4536 ποτέ
2696 4503 2747 4537 τι
2787 4483 2928 4537 κατὰ
2970 4484 3032 4536 :0
3078 4484 3288 4556 συμϐὰν
3330 4482 3596 4552 ἑπετέχθη
3634 4483 3755 4535 τῶν

483 4575 574 4644 qui
594 4592 711 4630 eam
735 4584 905 4630 artem
927 4578 1266 4645 proﬁtentur,
1287 4580 1380 4635 sed
1401 4580 1568 4634 multa
1594 4581 1694 4635 sibi
1714 4579 1908 4650 effugia
1933 4596 2057 4650 pro-

2158 4572 2460 4643 εἰρημένων
2487 4573 2634 4646 (εἷπε
2645 4590 2674 4642 ρ
2699 4573 2762 4645 δὴ
2796 4573 2930 4636 ὅλως
2966 4572 3063 4643 μὲν
3091 4572 3412 4650 ὲπετέχθη),
3437 4572 3524 4625 διὰ.
3556 4572 3756 4625 τούτου

486 4665 688 4730 vident,
723 4675 780 4719 ut
802 4667 846 4720 si
888 4670 1198 4722 contrarius
1237 4681 1464 4725 eventus
1497 4671 1749 4726 vanitatis
1777 4687 1871 4726 eos
1903 4687 2058 4727 c0ar-

2161 4664 2191 4734 ή
2231 4664 2328 4734 τῆς
2381 4663 2717 4735 εἱμαρμένης
2761 4664 3140 4717 ἀποδείκνυται
3185 4665 3432 4734 δύναμις,
3480 4665 3599 4717 ἐπεὶ
3636 4667 3759 4718 πᾶν

485 4763 634 4826 guat,
695 4756 907 4823 possint
958 4759 1212 4822 evadere,
1271 4761 1499 4829 prolatis
1557 4761 1860 4818 rationibus
1922 4779 2059 4832 quas

2160 4755 2514 4825 προρρήσεως
2563 4751 2700 4816 εἶδος
2774 4755 2996 4818 εἰκότως
3051 4755 3114 4810 ἂν
3163 4755 3220 4822 ἐξ
3269 4757 3605 4826 εἱμαρμένης
3646 4757 3757 4827 τὴν

484 4849 953 4916 prtenteditantur.
1005 4849 1080 4904 Ex
1114 4867 1222 4920 quo
1263 4851 1503 4905 efficitur
1550 4868 1727 4921 neque
1773 4855 2057 4908 scientiam

2164 4847 2312 4914 ἰσχὺν
2364 4846 2506 4915 ἔχειν
2553 4846 3024 4911 κατασκευάζοιτο.
3061 4849 3225 4901 Ὥστε
3270 4851 3401 4920 ἡμῖν
3455 4850 3584 4919 μίαν
3647 4853 3762 4922 μὲν

485 4956 678 4996 eorum
711 4940 872 4994 ullam
905 4957 1046 5006 esse,
1082 4945 1187 4998 nisi
1220 4952 1278 4996 ut
1307 4945 1359 4997 in
1388 4959 1509 4998 eum
1541 4946 1632 5015 qui
1664 4946 1718 4999 in
1750 4947 1880 5000 hora
1916 4947 2058 5000 indi-

2168 4936 2496 5006 εἱμαρμένην
2529 4931 2665 4990 εἶναι
2694 4938 2782 4990 τὸν
2809 4937 3013 5009 ὄνειρον
3037 4957 3047 4966 ·
3076 4941 3265 5010 ἑτέραν
3293 4940 3349 4992 δὲ
3379 4941 3475 5010 τὴν
3507 4944 3572 4994 ἐκ
3609 4945 3766 4997 παλ-

485 5031 659 5086 canda
687 5032 978 5094 erraverit,
1013 5034 1228 5101 culpam
1262 5034 1548 5089 conferant
1584 5036 1811 5100 erroris,
1871 5037 2060 5105 sicque

2169 5026 2276 5096 μῶν
2309 5028 2717 5098 παρατήρησιν·
2751 5029 2913 5099 ἄλλην
2946 5031 3021 5092 δὲ,
3059 5031 3116 5096 ἐξ
3162 5032 3484 5102 οἰωνισμῶν,
3531 5033 3563 5103 ἢ
3615 5035 3767 5106 κλη-

487 5125 871 5195 przedictiones
922 5125 1175 5195 ambigue
1206 5133 1260 5179 et
1302 5127 1355 5180 in
1394 5135 1682 5196 utramque
1711 5136 1920 5197 partem
1966 5143 2060 5196 pa-

2167 5119 2343 5184 δὸνων,
2375 5120 2408 5189 ἦ
2441 5137 2598 5172 τινων
2637 5121 2916 5190 συμϐόλων
2952 5124 3365 5193 συνισταμένην.
3402 5125 3463 5176 ΕΞ
3510 5125 3566 5178 δὲ
3594 5126 3765 5179 οὐδὲν

486 5225 632 5270 ratas
665 5216 976 5278 instituant,
1011 5224 1067 5268 ut
1096 5217 1361 5286 quidquid
1383 5219 1640 5281 evenerit,
1669 5219 1718 5271 id
1744 5217 2058 5285 praedictum

2168 5212 2246 5264 ἐπ’
2277 5211 2497 5264 ἐκείνων
2536 5211 2732 5264 κωλύει
2780 5214 2872 5266 καὶ
2911 5214 3212 5284 πρόρρησιν
3241 5211 3378 5268 εἶναι
3419 5219 3510 5268 καὶ
3545 5219 3766 5286 εἱμαρ-

484 5322 606 5361 esse
636 5307 902 5361 videatur.
957 5305 1111 5376 Saepe
1153 5306 1298 5361 enim
1333 5307 1595 5361 eximium
1630 5307 1759 5376 quid
1803 5317 1856 5361 et
1894 5323 2060 5377 supra

2171 5303 2329 5372 μένην
2363 5304 2435 5373 μὴ
2461 5298 2600 5354 εἶναι
2625 5321 2637 5332 ·
2670 5303 2787 5356 οὐδὲ
2815 5303 2869 5355 εί
2888 5321 2970 5366 τις
2995 5305 3053 5368 ἐξ
3081 5305 3312 5376 ἀριθμοῦ
3339 5308 3450 5369 τοῖς
3476 5307 3769 5374 γενεθλια-

487 5399 622 5453 alios
651 5407 973 5452 eventurum
1016 5397 1178 5450 alicui
1213 5397 1463 5467 praedixit
1498 5398 1544 5452 is
1579 5400 1667 5466 qui
1699 5397 1886 5451 horam
1922 5400 2061 5453 nati-

2175 5393 2407 5463 t.0705crw
2445 5394 2741 5466 ἐπετεύχθη
2777 5397 3096 5467 πρόρρησις,
3148 5397 3389 5468 ἀρκοῦσα
3434 5399 3647 5463 γένοιτο
3697 5402 3773 5454 ἂν

491 5486 673 5540 vitatis
704 5487 1110 5543 consideravit:
1157 5487 1352 5542 deinde
1381 5497 1560 5541 autem
1593 5502 1717 5540 cum
1762 5488 1848 5540 ille
1887 5489 1937 5541 in
1969 5504 2061 5541 ev-

2172 5489 2341 5549 πίστις
2378 5486 2454 5548 είς
2483 5486 2540 5538 τὸ
2585 5487 2657 5556 μὴ
2691 5488 2885 5558 ῥαδίως
2917 5490 2982 5542 τὰ
3010 5490 3234 5543 τοιαῦτα
3267 5489 3714 5558 έπιτυγχάνεσοα
3729 5513 3770 5546 ι.

490 5585 660 5629 trema
687 5580 826 5630 mala
871 5594 934 5632 ac
980 5579 1319 5634 calamitates
1365 5594 1474 5632 non
1505 5578 1752 5646 vulgares
1786 5579 2056 5644 inciderit,

2178 5579 2354 5629 Καίτοι
2393 5595 2453 5644 γε
2501 5577 2621 5630 οὔτε
2656 5581 2898 5651 ἀκριϐεῖς
2948 5599 3003 5634 τε
3051 5583 3143 5634 καὶ
3190 5582 3543 5652 ἀναμφίὸολοι
3595 5587 3776 5654 περὶ

490 5683 597 5721 non
635 5682 691 5721 se
738 5667 1020 5724 aberrasse
1063 5684 1092 5722 a
1139 5669 1489 5739 praedictione
1540 5668 1819 5724 afﬁrmavit
1871 5678 2056 5738 vates;

2181 5669 2268 5721 τῶν
2302 5668 2365 5720 τὰ
2401 5669 2618 5722 τοιαῦτα
2654 5671 3130 5743 ἐπαγγελλομένων
3165 5676 3217 5727 αἱ
3252 5673 3620 5746 προμηνύσεις
3664 5675 3779 5742 γί-
