4066 6146
326 258 429 314 I73

1649 264 1924 321 CONTRA
1971 257 2002 316 it
2020 254 2233 319 ATUM.

3461 262 3562 322 ιτς

319 393 537 443 νονται,
596 375 731 431 ἀλλὰ
787 374 983 442 πολλὰς
1031 372 1241 442 ἑαυτοῖς
1296 378 1668 449 ἀναχωρήσεις
1723 394 1898 448 παρα-

2010 396 2124 432 nam
2161 382 2210 434 id
2240 380 2390 451 quod
2433 379 2643 449 insigne
2676 378 2919 439 futurum
2967 384 3082 435 erat
3125 387 3179 435 et
3212 395 3376 452 supra
3411 385 3567 449 aiius,
3632 366 3636 370 Δ

320 468 679 531 σκευάζουσιν
726 468 820 521 ἐπὶ
856 471 921 539 τῇ
967 468 1209 534 ἐκϐάσει,
1257 472 1306 523 εί
1353 470 1490 540 πρὸς
1536 469 1841 521 τούναντίον
1876 471 1905 520 ό

318 560 478 626 λόγος
514 560 808 629 ἐλέγχοιτο,
840 559 934 612 καί
982 576 1104 612 τινα
1145 560 1655 632 προτεχνολογοῦσιν
1693 562 1906 623 ἑαυτοῖς

318 645 398 711 οἷς
426 647 633 700 τούτων
657 647 841 716 μέλει·
868 647 1008 701 ῶστε
1038 648 1112 718 μὴ
1141 649 1240 717 τῆς
1264 649 1567 718 ἐπιστήμης
1607 647 1683 717 τῷ
1706 645 1903 715 ἐσφαλ-

322 737 487 808 μὲνῳ,
546 736 685 788 ἀλλά
740 738 838 806 τῆς
887 735 1028 788 κατὰ
1072 735 1169 805 τὴν
1218 734 1365 808 ὥραν
1414 735 1763 804 σημειώσεως
1809 733 1906 803 τὴν

321 827 622 898 ἀποτυχίαν
650 827 977 895 λογίζεσθαι,
1010 827 1102 880 καὶ
1142 826 1292 893 λοξαὶ
1318 826 1393 890 ὡς
1418 827 1619 879 ἐπίπαν
1651 826 1744 879 καὶ
1775 827 1908 896 πρὸς

318 920 377 971 τὸ
400 918 625 972 διπλοῦν
661 918 768 970 τῶν
807 918 1082 972 ἐκϐάσεων
1122 917 1650 988 ἐπαμφοτερίζουσαι
1671 916 1907 984 γίνονται

320 1011 453 1079 παρ’
482 1007 665 1061 αὐτῶν
702 1011 759 1060 αἱ
799 1010 1149 1079 προρρήσεις,
1177 1007 1243 1060 ἵν’
1269 1008 1404 1078 ὅπερ
1445 1006 1512 1061 ἂν
1559 1008 1715 1079 ἐκϐῇ,
1738 1006 1908 1095 ’τοῦτο

322 1099 779 1170 προμεμηνύσθαι
811 1099 953 1170 δόξῃ.
989 1098 1251 1161 Πολλάκις
1279 1098 1387 1168 γάρ
1419 1098 1479 1150 τὸ
1519 1098 1811 1168 περιφανές
1845 1096 1931 1150 τε’

320 1193 415 1244 καὶ
447 1191 506 1242 τὸ
534 1190 676 1260 ὑπὲρ
717 1191 843 1253 τοὺς
884 1190 1073 1252 ἄλλους
1118 1192 1145 1242 ὁ
1183 1190 1279 1260 τὴν
1320 1188 1469 1260 ὥραν
1509 1190 1607 1259 τῆς
1644 1190 1909 1257 γενέσεως

320 1283 662 1350 κατανοήσας
694 1283 981 1351 ἐμήνυσεν.
1021 1278 1148 1333 Εἶτα
1187 1283 1241 1332 ἐν
1271 1279 1523 1346 ἐξαισίοις
1564 1281 1673 1335 τισὶ
1703 1297 1910 1351 συμφο-

325 1376 450 1443 ραῖς
480 1373 667 1426 τούτου
699 1373 1002 1439 γεγονότος,
1033 1373 1184 1425 οὐδὲν
1213 1360 1529 1442 armatum
1575 1371 1908 1443 προαγορεύ-

324 1481 428 1527 σας
469 1464 856 1534 διισχυρίσατο.
911 1460 1038 1533 Εἶχε
1083 1463 1191 1533 γὰρ
1242 1465 1384 1535 ὑπὲρ
1436 1468 1560 1528 τοὺς
1608 1466 1798 1530 ἄλλους
1846 1464 1909 1518 τὸ

321 1556 487 1607 πλέον
519 1557 598 1617 εἰς
636 1558 735 1624 τὴν
773 1554 878 1607 τῶν
922 1555 1105 1608 κακῶν
1159 1553 1441 1625 μετουσίαν
1462 1574 1475 1587 ·
1508 1557 1602 1609 καὶ
1635 1557 1836 1611 τούτων
1872 1557 1907 1628 ἡ

321 1646 448 1699 καθ’
475 1648 625 1717 ἡμᾶς
659 1645 866 1716 ἱστορία
898 1645 1104 1715 μάρτυς
1138 1646 1304 1703 ἐστίν.
1339 1647 1633 1711 Οὐάλεντος
1669 1650 1776 1720 γὰρ
1806 1649 1900 1703 τοῦ

320 1737 587 1807 βασιλέως
617 1739 709 1789 ἐπὶ
741 1737 838 1806 τῆς
865 1724 973 1791 τῶν
1004 1728 1288 1807 Ῥωμαίων
1319 1738 1469 1801 ὄντος
1491 1726 1684 1812 ἁρχῆς,
1717 1741 1900 1812 ἀπάτη

317 1847 403 1893 τις
435 1828 657 1898 τοιαύτη
702 1828 836 1899 πρὸς
881 1828 977 1900 τὴν
1020 1829 1275 1899 ἅνταρσιν
1310 1830 1411 1900 τῆς
1460 1831 1632 1901 ἀρχῆς
1660 1831 1906 1902 σπαρεκί-

317 1933 474 1989 νησε.
522 1920 631 1972 Καὶ
663 1920 691 1971 ὁ
730 1921 827 1989 μὲν
854 1920 1111 1993 ὥρμησεν
1143 1921 1350 1988 ἐφόδιον
1398 1921 1534 1993 πρὸς
1569 1920 1667 1993 τὴν
1702 1923 1905 1993 τόλμαν

317 2010 428 2063 τῶν
477 2009 1022 2078 γενεθλιαλογούντων
1078 2012 1472 2082 προαγόρευσιν
1520 2011 1692 2083 ἔχων*
1738 2011 1800 2067 τὸ
1850 2013 1907 2067 δὲ

318 2103 496 2170 πέρας
528 2103 625 2171 τῆς
655 2103 1017 2173 ἐγχειρήσεως
1058 2101 1299 2156 τοιοῦτον
1331 2102 1564 2169 ἐγένετο,
1592 2101 1732 2159 ὥστε
1748 2104 1908 2158 αὐτὸν

315 2195 410 2246 τὸν
450 2193 543 2245 ἐπὶ
576 2195 698 2255 ταῖς
743 2193 1025 2262 μεγίσταις
1057 2193 1250 2263 ἀρχαῖς
1296 2191 1695 2265 γνωρισθέντα,
1741 2196 1799 2248 ἐν
1831 2195 1909 2266 τῷ

320 2274 546 2354 μεγέθει
586 2284 683 2353 τῆς
713 2283 997 2353 συμφορᾶς
1049 2282 1301 2351 γενέσθαι
1354 2282 1769 2356 διασημότερον·
1809 2287 1909 2341 καὶ

313 2374 480 2429 τοῦτο
532 2374 785 2443 συνεργία
856 2374 952 2445 τῆς
1018 2373 1452 2442 γενεθλιαλογίας
1520 2378 1628 2439 τοῖς
1694 2377 1909 2442 πολλοῖς

314 2462 601 2533 ἐνομίσθη,
650 2464 730 2516 ὅτι
767 2463 829 2516 τὸ
878 2462 1020 2516 κατὰ
1055 2462 1337 2533 συμφορὰν
1389 2462 1614 2532 μέγεθος
1662 2466 1783 2519 ἀντὶ
1812 2466 1906 2521 τοῦ

315 2551 586 2622 μεγέθους
611 2551 719 2604 τῶν
747 2551 964 2618 ἀγαθῶν
1006 2550 1080 2621 τῷ
1106 2552 1257 2622 ἀνδρὶ
1293 2554 1609 2625 συνηνέχθη.
1672 2556 1812 2626 Ἐγὼ
1853 2564 1910 2617 δὲ

1931 1699 1979 1759 Β

2009 473 2062 527 in
2100 473 2381 528 adversam
2419 487 2481 527 ac
2512 471 2706 523 malam
2738 479 2943 540 partem
2973 480 3223 526 eventum
3255 472 3420 528 fuisse
3453 488 3572 529 sor-

2010 566 2206 619 litum:
2262 564 2422 634 idque
2459 578 2548 618 res
2575 571 2758 618 nostra
2792 564 3053 617 memoria
3087 572 3248 634 gestm
3277 572 3569 621 testantur.
3644 604 3647 607 η

2009 653 2234 708 Valente
2288 655 2429 709 enim
2475 648 2844 707 Romanorum
2895 653 3221 723 imperatore
3253 655 3378 711 talis
3421 655 3575 712 fraus

2007 752 2061 799 et
2104 745 2403 813 impostura
2438 743 2728 813 quemdam
2790 746 2854 796 ad
2887 744 3171 813 imperium
3212 746 3574 801 aﬂectandum

2009 836 2293 906 permovit.
2324 837 2547 890 Animos
2577 835 2652 887 illi
2682 835 2898 903 quidem
2931 834 3162 889 faciebat
3198 838 3572 893 audaciorem-

2008 941 2114 995 que
2148 925 2406 979 reddebat
2439 923 2904 993 genethliacorum
2936 924 3235 993 praedictio,
3274 928 3366 983 sed
3393 930 3573 983 exitus

2009 1026 2305 1072 conatuum
2338 1016 2605 1087 ejusmodi
2642 1015 2763 1075 fuit,
2804 1022 2860 1068 ut
2888 1015 3002 1085 ipse
3030 1018 3259 1073 summis
3287 1020 3574 1090 magistras

2009 1111 2156 1165 tibus
2186 1109 2353 1178 gestis
2381 1108 2583 1170 clarus,
2643 1105 2792 1159 fieret
2844 1108 3215 1178 magnitudine
3247 1111 3575 1167 calamitatis

2010 1198 2308 1268 insignior:
2343 1196 2506 1266 idque
2536 1195 2895 1266 patrocinium
2926 1200 3353 1270 genethlialogia:
3382 1202 3576 1271 pleris-

2008 1305 2113 1357 que
2160 1288 2335 1341 visum
2377 1295 2482 1351 est,
2537 1289 2682 1358 quod
2732 1306 2819 1345 res
2861 1305 3133 1360 prospera:
3171 1291 3271 1344 viri
3318 1291 3576 1348 adversas

2008 1386 2404 1448 errequassent.
2440 1378 2642 1433 Verum
2681 1395 2780 1450 ego
2816 1379 2970 1435 falsis
3004 1382 3232 1435 istorum
3267 1382 3575 1451 praedictio-

2009 1471 2172 1524 nibus
2202 1469 2267 1523 ad
2297 1468 2463 1522 fatum
2494 1469 2845 1527 refellendum
2870 1486 2976 1524 non
3008 1472 3194 1538 nitor;
3227 1472 3319 1526 sed
3355 1473 3444 1527 illa
3476 1488 3575 1544 po-

2011 1562 2119 1617 tius
2173 1561 2400 1624 ratione,
2453 1564 2597 1630 quod
2652 1562 2870 1618 fallaces
2918 1579 2982 1618 ac
3037 1564 3251 1619 subdoli
3302 1565 3577 1621 dmmones

2010 1653 2195 1707 multis
2223 1652 2385 1707 etiam
2412 1653 2534 1708 aliis
2561 1654 2735 1709 modis
2764 1655 3176 1710 vaticinationes
3209 1654 3579 1711 fraudulenter

2009 1744 2521 1799 comminiscuntur.
2587 1740 2716 1797 Nam
2766 1738 3092 1798 divinatoria
3141 1747 3384 1815 quasdam
3439 1762 3578 1817 aqua

2010 1845 2166 1905 epota
2207 1836 2258 1887 in
2311 1835 2508 1888 mentis
2536 1850 2775 1888 errorem
2810 1844 2863 1887 et
2906 1834 3175 1889 insaniam
3228 1837 3474 1905 inducit;
3526 1850 3581 1893 et

2013 1927 2239 1997 spiritus
2274 1942 2507 1996 superne
2536 1936 2632 1995 per
2659 1925 2929 1996 quoddam
2966 1926 3235 1981 oriﬁcium
3270 1944 3575 1997 permeans,

2012 2019 2267 2087 intraque
2297 2015 2526 2071 feminea
2555 2016 2764 2072 viscera
2810 2028 3083 2087 receptus,
3132 2024 3186 2072 et
3212 2029 3367 2073 utero
3401 2028 3581 2080 tumo-

2009 2118 2123 2167 rem
2170 2118 2224 2165 et
2274 2110 2440 2163 menti
2476 2108 2712 2162 furorem
2763 2123 2826 2161 ac
2856 2108 3106 2162 delirium
3145 2110 3419 2165 conciliat.
3451 2110 3582 2176 Qua:

2010 2202 2192 2257 omnia
2249 2201 2432 2255 divina
2457 2208 2509 2254 et
2536 2199 2793 2254 vaticinia
2826 2200 3079 2254 videntur
3106 2214 3292 2255 errore
3316 2201 3579 2271 deceptis.

2009 2292 2150 2360 Quin
2185 2292 2347 2347 etiam
2381 2306 2569 2346 omnes
2612 2290 2710 2356 illi,
2774 2290 2866 2360 qui
2915 2308 2982 2345 ex
3029 2292 3214 2360 jecore
3265 2301 3359 2347 aut
3407 2294 3582 2364 signis

2008 2384 2332 2456 quibusdam
2364 2382 2526 2454 ignis,
2573 2389 2669 2436 aut
2696 2398 2760 2436 ex
2799 2383 2977 2436 avium
3028 2382 3211 2438 volatu
3242 2382 3424 2438 futura
3454 2400 3583 2440 con-

2010 2476 2238 2546 jectant,
2264 2473 2371 2526 vim
2399 2472 2640 2525 vaticinii
2669 2487 2775 2525 non
2801 2472 2866 2525 ad
2902 2471 3093 2538 fatum,
3121 2472 3217 2529 sed
3248 2474 3313 2527 ad
3341 2473 3581 2529 amatum

2014 2564 2302 2639 quemdam
2332 2564 2637 2617 dmmonum
2670 2562 2933 2619 referunt.

315 2638 375 2695 τὺ
426 2643 527 2713 μὲν
576 2643 995 2713 πεπλανημένας
1038 2643 1137 2708 τὰς
1183 2645 1311 2715 περὶ
1352 2645 1555 2702 τούτων
1603 2652 1845 2720 γίνεσθαι
1890 2656 2334 2734 προαγορεύσεις,
2373 2653 2523 2707 οὔπω
2569 2654 2709 2724 μέγα
2750 2654 3007 2725 ποιοῦμαι
3046 2658 3340 2728 τεκμήριον
3372 2657 3467 2711 τοῦ
3508 2660 3583 2729 μὴ

313 2737 541 2789 ἐστάναι
564 2736 663 2805 τῆς
695 2737 1031 2807 εἱμαρμένης
1062 2735 1151 2790 τὸν
1178 2736 1365 2805 λόγον·
1407 2739 1521 2794 ἀλλ’
1558 2743 1743 2818 ἐπειδὴ
1789 2753 2010 2818 πολλαῖς
2081 2752 2174 2804 καὶ
2208 2748 2391 2809 ἄλλαις
2430 2747 2692 2809 ἐπινοίαις
2752 2748 2784 2817 ἡ
2831 2746 3081 2818 ἁπατηλὴ
3138 2747 3248 2801 τῶν
3316 2747 3584 2819 δαιμόνων

312 2825 544 2895 δύναμις
569 2824 670 2887 τὰς
694 2826 1021 2895 προῤῥήσειῖ
1045 2826 1338 2895 σοφίζεται·
1368 2830 1476 2883 Καὶ
1506 2832 1614 2903 γὰρ
1635 2837 1726 2890 καὶ
1751 2839 1892 2911 ὕδωρ
1929 2859 1981 2895 τι
2014 2837 2289 2912 μαντικὸν,
2319 2835 2642 2908 παραφοράς
2673 2836 2767 2889 καὶ
2793 2836 2988 2905 μανίας
3056 2839 3166 2900 τοῖς
3230 2839 3584 2909 γευσαμένοις

315 2917 772 2989 ἐνεργαζόμενον,
823 2919 915 2970 καὶ
961 2918 1173 2987 πνεῦμα
1210 2922 1449 2976 κάτωθεν
1476 2925 1563 2979 διά
1604 2945 1748 2994 τινος
1773 2933 1993 3004 στομίου
2032 2931 2469 3003 διεξερχόμενον*
2539 2929 2675 2996 ὅπερ
2755 2929 2803 2980 εἰ
2880 2929 2937 2980 ἐν
2979 2928 3308 2996 γυναικείοις
3378 2931 3585 2998 γένοιτο

316 3015 651 3083 σπλάγχνοις
678 3010 1006 3081 ἐξῳδηκέναι
1040 3013 1136 3083 τὴν
1168 3015 1404 3087 γαστέρα
1444 3019 1637 3087 ἐποίει,
1677 3025 1771 3078 καὶ
1801 3027 1899 3097 τῆς
1968 3026 2204 3088 διανοίας
2233 3025 2508 3084 ἔκστασιν,
2545 3023 2639 3074 καὶ⁸
2678 3021 3000 3092 παραφορὰν
3033 3020 3125 3074 τοῦ
3191 3021 3583 3093 καθεστηκότος

317 3110 629 3180 εἰργάζετο.
698 3108 877 3178 "Amp
923 3107 1101 3160 πάντα
1187 3107 1304 3163 θεῖά
1347 3129 1408 3164 τε
1455 3116 1549 3167 καὶ
1584 3119 1819 3187 μαντικὰ
1856 3123 1968 3185 τοῖς
2005 3120 2382 3189 άπατωμένοις
2414 3118 2607 3181 ἐδόκει,
2635 3115 2742 3167 τῶν
2774 3133 2832 3167 τε
2873 3115 2933 3178 ἐξ
2975 3116 3183 3185 ἥπατος
3216 3117 3249 3187 ἢ
3283 3117 3451 3187 πυρὸς
3489 3134 3589 3188 σῃ*

321 3203 498 3273 μείοις
529 3200 637 3254 τισὶ
663 3199 723 3252 τὸ
754 3199 945 3263 μέλλον
981 3198 1425 3266 προεικαζόντων,
1454 3203 1488 3276 ἢ
1515 3206 1623 3261 τῶν
1649 3209 1783 3279 πρὸς
1801 3209 1900 3273 τὰς
1937 3212 2162 3281 πτήσεις
2194 3206 2303 3260 τῶν
2371 3205 2593 3275 ὀρνέων,
2666 3202 2836 3265 οὐδεὶς
2888 3203 3117 3273 ἀνέθηκε
3165 3206 3231 3275 τῇ
3280 3205 3585 3279 εἱμαρμένῃ

318 3297 418 3368 τὴν
451 3296 553 3365 τῆς
590 3295 948 3365 προρρήσεως
995 3291 1250 3362 δύναμιν·
1308 3295 1445 3350 ἀλλά
1492 3316 1596 3352 τινι
1649 3300 1900 3373 δαιμονίᾳ
1936 3302 2231 3370 κατακωχῇ
2263 3298 2322 3351 τὸ
2352 3296 2589 3349 τοιοῦτον
2622 3292 2940 3362 λογίζονται.

392 3386 552 3440 Οὕτω
577 3388 737 3457 φημὶ,
776 3385 809 3456 ἢ
848 3384 921 3455 μὴ
954 3380 1094 3437 εἶναι
1133 3383 1360 3439 καθόλου
1396 3390 1791 3461 προαγόρευσιν
1816 3392 1903 3446 διὰ

2079 3394 2259 3456 Quare
2286 3387 2538 3443 existimo
2568 3397 2662 3438 aut
2690 3399 2797 3438 non
2827 3398 2951 3438 esse
2999 3382 3222 3437 omnino
3263 3398 3387 3438 vera
3437 3386 3582 3438 vati.-

319 3474 384 3536 τὸ
421 3480 636 3542 πολλοῖς
672 3480 1033 3548 ἐναντιώμασι
1069 3479 1169 3543 τὰς
1204 3481 1535 3551 προρρήσεις
1570 3483 1905 3553 ἐλέγχεσθαι,

320 3572 356 3643 ἢ
404 3571 564 3641 εἴπερ
613 3569 952 3623 ἀποδείκνυσί
999 3587 1080 3632 τις
1129 3570 1296 3640 αὐτὴν
1337 3571 1412 3635 ὼς
1457 3573 1825 3643 προλέγουσάν
1858 3592 1911 3628 τι

321 3663 431 3717 τῶν
460 3661 862 3732 ἐκϐησομένων,
893 3661 1027 3732 ὅπερ
1072 3662 1163 3713 ἐπὶ
1195 3661 1304 3715 τῶν
1346 3662 1518 3716 ἄλλων
1543 3664 1771 3718 ἑκάστου
1797 3665 1907 3718 τῶν

322 3752 469 3807 κατὰ
514 3752 813 3824 πρόρρησιν
866 3752 1371 3822 ἐπιτυγχανομένων
1400 3752 1909 3822 καταλαμϐάνομεν,

323 3843 482 3897 τοῦτο
511 3843 604 3895 καὶ
638 3843 731 3895 ἐπὶ¹
778 3840 870 3894 τοῦ
912 3843 1150 3894 τοιούτου
1196 3843 1294 3911 τῆς
1345 3844 1702 3915 προρρήσεως
1735 3846 1905 3910 εἴδους

321 3932 551 4003 οἰόμεθα
578 3931 773 4001 χρῆναι
804 3929 1060 4000 νομίζειν.
1092 3926 1239 3983 Ἷσον
1276 3930 1385 4001 γὰρ
1417 3932 1508 3982 ἐπὶ
1546 3932 1760 3985 πάντων
1788 3934 1909 3987 τού-

322 4038 434 4077 των
484 4018 621 4083 ἐστὶζ
660 4021 723 4074 τὸ
768 4022 825 4073 ἐν
864 4024 973 4084 τοῖς
1002 4021 1207 4074 πλείοσι
1230 4019 1636 4091 διαμαρτάνειν,
1668 4022 1728 4075 τό
1763 4040 1822 4076 τε
1856 4024 1913 4079 ἔν

324 4130 469 4167 τισιν
499 4112 675 4165 δοκεῖν
707 4112 784 4182 μὴ
812 4112 916 4176 ἔξω
956 4112 1053 4182 τῆς
1097 4109 1202 4163 τῶν
1247 4109 1629 4180 ἐκϐησομένων
1658 4110 1912 4180 ἀληθείας

321 4205 483 4273 ἄγειν
514 4204 613 4274 τὴν
645 4204 946 4274 πρόρρησιν
965 4219 978 4233 ’
1010 4202 1103 4253 καὶ
1132 4203 1196 4271 τῇ
1225 4200 1474 4272 ἀπατηλῇ
1507 4200 1614 4254 τῶν
1640 4201 1911 4273 δαιμόνων

320 4289 488 4367 φῦσει
530 4294 748 4365 ὁμοίως,
787 4294 882 4346 καὶ
921 4292 1007 4346 διὰ
1049 4292 1250 4363 ταύτης
1278 4293 1371 4346 καὶ
1405 4294 1583 4363 πάσης
1611 4294 1855 4356 ἐπινοίας
1883 4297 1913 4348 ό

322 4388 531 4450 σκοπὸς
561 4385 947 4458 κατορθοῦταιθ
986 4387 1048 4437 τὸ
1079 4384 1186 4455 γὰρ
1225 4385 1527 4455 ἀποστῆσαι
1570 4386 1661 4439 τὸν
1703 4385 1913 4456 άνθρωι

324 4498 431 4534 πον
459 4479 555 4531 τοῦ
589 4478 722 4548 πρὸς
753 4478 845 4530 τὸν
888 4477 1020 4530 Θεὸν
1052 4474 1286 4545 βλέπειν,
1321 4477 1571 4530 κάκεῖθεν
1615 4476 1789 4547 ἐαυτῷ
1817 4478 1910 4548 τὴν

319 4573 432 4626 τῶν
457 4569 680 4638 ἀγαθῶν
708 4572 897 4640 μοῖραν
935 4567 1388 4639 παρασκευάζειν,
1419 4567 1538 4620 ἀντὶ
1568 4568 1770 4631 παντὸς
1798 4571 1910 4630 τοῖς

320 4664 544 4734 δαίμοσι
578 4662 952 4725 σπουδάζεται.
990 4660 1063 4712 Τὸ
1096 4659 1274 4712 τοίνυν
1314 4656 1605 4710 πεπεῖσθαι
1648 4658 1776 4720 τοὺς
1820 4658 1910 4710 εὐ-

2011 3482 2174 3543 cinia,
2207 3478 2352 3551 quod
2385 3476 2571 3532 multis
2615 3474 2898 3530 eventibus
2930 3474 3223 3530 contrariis
3254 3475 3569 3530 convellun;

2012 3576 2137 3631 tur;
2169 3577 2262 3623 aut
2302 3569 2347 3625 si
2380 3568 2503 3637 quis
2538 3564 2790 3621 ostendat
2824 3564 2993 3618 fatum
3032 3565 3451 3635 praesignificare
3481 3568 3579 3620 ali;

2011 3679 2170 3734 quem
2204 3663 2441 3716 futurum
2466 3667 2739 3721 eventum.
2773 3657 2918 3728 quod
2948 3657 3001 3709 in
3036 3655 3159 3711 aliis
3192 3656 3469 3722 omnibus,
3502 3657 3577 3712 ita

2014 3755 2088 3807 uti
2124 3752 2484 3823 praenuntiata
2533 3747 2766 3813 fuerant,
2820 3746 3200 3801 evenientibus
3250 3745 3579 3814 reperimus,

2012 3844 2067 3900 id
2098 3846 2154 3899 in
2186 3840 2493 3912 hujusmodi
2541 3853 2759 3910 quoque
2806 3836 3208 3890 vaticinationis
3245 3851 3442 3906 genere
3482 3852 3575 3889 nc-

2012 3934 2257 3989 cessario
2297 3930 2520 4001 reperiri
2548 3943 2855 3983 censemus.
2886 3925 2992 3981 Par
3018 3928 3161 3981 enim
3207 3927 3261 3980 in
3296 3926 3381 3982 his
3407 3928 3585 3980 omni-

2012 4026 2115 4081 bus
2147 4032 2229 4081 est
2259 4025 2422 4089 ratio,
2477 4031 2534 4076 ut
2563 4021 2773 4075 fatidici
2823 4018 2914 4073 ubi
2951 4018 3006 4072 in
3058 4018 3333 4089 plerisque
3363 4032 3583 4073 erravcs

2013 4117 2141 4178 rint,
2171 4117 2225 4169 in
2250 4113 2578 4184 quibusdam
2609 4118 2757 4165 certe
2791 4102 3098 4163 futurorum
3122 4116 3415 4163 eventuum
3449 4109 3586 4162 veri-

2013 4212 2177 4259 tatem
2216 4201 2603 4258 vaticinatione
2652 4201 2940 4254 videantur
2975 4199 3239 4254 assecuti.
3276 4198 3454 4267 Atque
3499 4195 3586 4251 ir.-

2014 4305 2129 4347 star
2158 4292 2628 4345 fraudulentorum
2658 4289 2961 4343 dtemonum
2994 4286 3048 4339 in
3095 4300 3214 4341 eam
3242 4292 3365 4338 rem‘
3391 4299 3583 4339 omnes

2014 4381 2374 4453 cogitationes
2430 4380 2720 4435 conferunt
2771 4385 2824 4432 et
2869 4391 3051 4438 curas,
3112 4385 3169 4428 ut
3215 4375 3484 4428 hominem
3516 4392 3584 4429 eo

2014 4476 2262 4544 redigant
2300 4488 2368 4529 ne
2417 4472 2605 4527 oculos
2649 4471 2715 4525 ad
2748 4469 2914 4524 Dettm
2961 4474 3260 4530 convertat,
3314 4467 3381 4522 ab
3408 4482 3584 4538 ecqua

2012 4566 2196 4619 omnia
2232 4565 2372 4618 bona
2422 4562 2701 4627 obtineat;
2754 4567 2916 4629 atque
2947 4557 3084 4613 adeo
3126 4558 3439 4621 consilium,
3474 4575 3583 4628 quo

2015 4658 2264 4711 homines
2294 4656 2569 4726 simplices
2597 4662 2650 4709 et
2675 4652 2903 4707 fallaciis
2933 4651 3152 4707 obnoxii
3192 4666 3221 4703 a
3268 4651 3449 4706 divina
3484 4668 3581 4706 vo-

320 4755 710 4824 εξαπατήτους,
763 4753 837 4823 μὴ
865 4754 960 4806 ἐπὶ
1005 4752 1082 4821 τῷ
1136 4751 1264 4821 θείῳ
1305 4750 1600 4821 βουλήματι
1649 4749 1717 4802 τά
1765 4750 1906 4804 κατὰ

2010 4753 2216 4803 luntate
2232 4747 2607 4819 amplectenda
2637 4753 2965 4802 revocantur
3010 4745 3076 4796 ad
3109 4743 3377 4812 ejusmodi
3404 4753 3585 4798 astro-

321 4845 415 4899 τὸν
464 4844 575 4913 βίον
626 4843 863 4895 κεῖσθαι’
908 4841 1020 4894 ἀλλ’
1072 4842 1165 4893 ἐπὶ
1209 4842 1275 4910 τῇ
1322 4838 1497 4908 τοιᾷδε
1545 4838 1653 4891 τῶν
1689 4838 1902 4910 ἄστρων

316 4935 609 5005 διαπλοκῇ,
642 4934 737 4987 καὶ
778 4935 840 5004 τῇ
890 4931 1094 4985 ἐκεῖθεν
1127 4930 1469 5002 ἀπορῥεούσῃ
1498 4931 1744 5002 δυνάμει,
1771 4929 1904 4982 πάν-

318 5045 429 5081 των
458 5026 692 5098 μάλιστα
718 5027 852 5093 πρὸς
878 5026 970 5077 τὸν
997 5023 1196 5076 σκοπὸν
1219 5024 1316 5093 τῆς
1339 5023 1636 5093 βλαπτικῆς
1656 5022 1765 5075 τῶν
1791 5020 1905 5073 δαι-

320 5118 504 5188 μόνων
534 5115 746 5186 ιρύσεως
778 5113 979 5184 βλέπει.
1009 5114 1073 5167 Εἰ
1100 5109 1191 5166 οὖν
1226 5113 1616 5183 κεχαρισμένον
1649 5112 1767 5164 ἐστὶ
1790 5113 1903 5173 τοῖς

315 5209 562 5280 δαίμοσι,
592 5205 687 5258 τοῦ
712 5205 843 5258 Θεοῦ
876 5206 1178 5274 ἀποστῆσαι
1200 5203 1290 5255 τὸν
1317 5203 1617 5273 ἄνθρωπον,
1645 5201 1902 5270 ἀφίστησι

313 5302 373 5354 δὲ
404 5304 441 5372 ἡ
474 5300 605 5371 περί⁵
630 5296 803 5352 ταῦτα
846 5296 1041 5367 πλάνη,
1084 5294 1461 5348 ἀποδείκνυται
1501 5293 1685 5361 σαφῶς
1714 5291 1902 5361 δαιμο-

314 5393 405 5448 νία
441 5408 527 5454 τις
578 5385 713 5443 οὖσα
760 5388 1027 5458 ἐνέργεια,
1076 5387 1142 5439 δι’
1189 5385 1402 5456 ἀπάτης
1446 5381 1901 5456 παρακρουομένη

312 5484 439 5547 τοὺς
468 5482 655 5535 πᾶσαν
684 5472 784 5547 μὲν
828 5479 884 5529 ἐν
926 5476 1135 5539 τούτοις
1175 5476 1273 5547 τὴν
1316 5474 1543 5545 δύναμιν
1584 5468 1723 5525 εἶναι
1752 5471 1901 5543 νομί-

311 5577 539 5639 ζονταςο
576 5572 714 5645 πρὸς
741 5572 796 5623 δὲ
827 5568 1119 5623 παντοδύνα
1130 5585 1228 5639 μον
1259 5566 1352 5622 τοῦ
1383 5566 1516 5621 Θεοῦ
1548 5566 1794 5633 ἐξουσίαν
1822 5565 1897 5636 μὴ

310 5664 743 5723 ἀποϐλέποντας.

2009 4857 2129 4896 rum
2151 4841 2586 4911 conjunctionem
2611 4854 2674 4893 ac
2695 4840 2801 4893 vim
2828 4838 2951 4893 inde
2972 4837 3315 4902 deﬂuentem,
3347 4840 3582 4892 maxime

2009 4934 2075 4987 ad
2117 4934 2475 5002 malignorum
2511 4931 2813 4985 daemonum
2858 4938 3070 4998 spectat
3111 4944 3359 4999 scopum.
3391 4928 3581 4999 itaque

2008 5024 2059 5094 si.
2096 5023 2400 5094 jucundum
2433 5031 2517 5077 est
2566 5022 2903 5077 daemonibus
2932 5022 3145 5077 animos
3192 5022 3474 5075 hominum
3511 5026 3579 5072 at.

2010 5113 2249 5166 amicitia
2275 5111 2367 5167 Dei
2398 5122 2664 5176 avertere,
2694 5112 2882 5181 sicque
2907 5112 3103 5166 avertit
3132 5111 3361 5166 istarum
3394 5124 3574 5164 rerum

2012 5203 2262 5259 fallacia:
2318 5204 2666 5274 perspicuum
2723 5202 2780 5257 [it
2832 5201 2885 5256 id
2936 5203 3245 5257 dtemonum
3301 5199 3573 5270 quoddam

2005 5311 2128 5351 esse
2176 5310 2333 5364 opus,
2384 5302 2757 5365 comparatum
2820 5293 2887 5347 ad
2941 5292 3287 5363 decipiendos
3328 5303 3444 5350 eos,
3481 5288 3573 5358 qui

2004 5401 2219 5443 omnem
2247 5387 2395 5441 illam
2441 5387 2546 5441 vim
2575 5386 2725 5441 hisce
2753 5385 2917 5440 rebus
2960 5381 3225 5438 contineri
3258 5377 3572 5448 opinantur,

2003 5494 2181 5549 neque
2229 5479 2419 5534 oculos
2462 5478 2529 5533 ad
2577 5477 2669 5533 Dei
2724 5490 2992 5534 summam
3049 5478 3373 5528 convertunt
3423 5478 3573 5541 pote-

2003 5579 2195 5628 atatem
2206 5611 2219 5626 .
