4066 6146
431 381 2408 410 W

1675 256 1731 310 S.
1756 253 2078 309 GREGOIHI
2114 252 2406 306 i\'\'SSE.\'l

3572 247 3673 300 176

2323 391 2332 393 -
2347 387 2532 395 -.-.——__——.

2548 380 3548 409 rm

1345 548 1581 678 ,ΤΟΥ
1683 527 2053 632 ΑΥΤΟΥ
2113 607 2118 610 .
2169 543 2785 628 ΓΡΠΓΟΡΙΟΥ

1776 729 1965 779 ΠΡΟΣ
1994 730 2131 780 ΕΔΑ
2145 729 2330 778 ΗΛᾺΣ

1000 897 1210 1009 ΕΚ
1301 899 1599 1009 ΤΩΝ
1697 895 2298 1008 ΚΟΙΝΩΝ
2385 892 3110 1006 ΕΝΝΟΙΩΝ.

1432 1298 1966 1386 EJUSDEM
2041 1299 2130 1385 S.
2191 1295 2761 1386 GREGORII

1493 1489 1911 1544 TRACTATL'S
1947 1491 1982 1542 A
1997 1489 2332 1546 DVERSL'S
2375 1483 2685 1547 GRHECOS

842 1665 1045 1777 EX
1123 1666 2188 1784 COMMUNIBUS
2250 1666 3281 1828 NOTIONIBUS.

1428 1885 1696 1935 Federicus
1721 1883 2268 1948 Morellusinterdleg.
2313 1884 2488 1935 Latine
2538 1885 2698 1937 vertit.

513 2183 570 2236 Si
601 2196 796 2237 nomen
841 2183 939 2236 hoc
988 2181 1132 2238 Deus
1179 2200 1534 2254 personarum
1589 2184 2008 2254 signiticativum
2041 2190 2083 2242 Α

443 2283 608 2338 esset,
645 2290 767 2328 cum
821 2284 932 2332 tres
980 2291 1239 2345 personas
1286 2277 1537 2337 dicimus,
1585 2293 1648 2330 ex
1685 2279 2008 2333 necessitate

445 2375 554 2419 tres
583 2365 888 2422 diceremus
910 2367 1060 2432 deos;
1097 2366 1238 2436 quod
1270 2367 1312 2420 si
1336 2367 1475 2420 Deus
1504 2368 1753 2421 essentire
1783 2367 2008 2421 denota-

443 2459 610 2511 tivum
640 2474 834 2513 nomen
862 2469 964 2525 est,
1007 2459 1133 2513 dum
1169 2473 1329 2512 unam
1362 2460 1651 2512 essentiam
1687 2459 2009 2512 confitemur

445 2557 646 2602 sancta:
669 2547 970 2613 Trinitatis,
1002 2564 1166 2601 unum
1194 2547 1358 2600 Deum
1393 2547 1584 2600 merito
1618 2548 2005 2616 gloriﬁcamus,

445 2642 570 2708 quia
610 2641 768 2694 unius
800 2641 1119 2695 substantia:
1152 2655 1316 2692 unum
1359 2653 1576 2698 nomen,
1614 2637 1754 2692 Deus
1781 2647 1884 2693 est.
1928 2638 2009 2692 ld-

445 2729 594 2782 circo
631 2737 992 2798 congruenter
1028 2736 1080 2781 et
1125 2727 1442 2781 substantize
1489 2738 1539 2778 et
1595 2728 1822 2792 nomini,
1869 2744 2009 2781 unus

445 2826 528 2872 est
559 2817 719 2875 Deus.
756 2827 809 2871 et
843 2834 946 2870 non
994 2826 1122 2871 tres.
1160 2817 1340 2886 Neque
1387 2820 1528 2871 enim
1565 2817 1727 2872 Deum
1759 2833 1809 2872 et
1845 2818 2006 2872 Deum

445 2922 496 2962 et
528 2909 692 2962 Deum
721 2909 972 2972 dicimus,
1007 2911 1151 2964 velut
1197 2909 1434 2963 dicimus
1465 2906 1677 2962 Patrem
1729 2918 1781 2962 et
1812 2908 2007 2962 Filium

447 3007 501 3050 et
561 2997 818 3063 Spiritum
874 3005 1141 3061 sanctum,
1213 2997 1525 3052 nominibus
1577 3013 1693 3066 quae
1753 3013 2010 3066 personas

449 3085 778 3154 signiﬁcant,
836 3095 1224 3140 connectcntes
1267 3087 1382 3156 (et)
1433 3087 1897 3156 coajunctionem.
1936 3089 2011 3142 Eo

448 3177 590 3245 quod
623 3193 728 3232 non
758 3179 955 3231 ezedem
984 3179 1093 3232 sint
1128 3193 1392 3248 personae,
1419 3179 1512 3233 sed
1543 3179 1772 3232 diversa:
1805 3179 2007 3247 potius,

448 3277 499 3320 ct
532 3283 559 3320 a
591 3284 646 3322 se
680 3269 909 3323 invicem
951 3285 1046 3337 pro
1083 3254 1388 3339 signiﬁcatu
1444 3271 1725 3322 nominum
1760 3268 2011 3323 differen-

452 3367 550 3411 tes.
586 3355 778 3412 Verum
817 3359 1021 3412 nomini
1061 3358 1265 3427 (Deus)
1297 3359 1440 3426 quod
1474 3359 1890 3427 signiﬁcativum
1930 3370 2009 3414 est

453 3447 704 3500 essentia:
734 3462 796 3499 ex
827 3447 1002 3514 aliqua
1033 3448 1380 3515 proprietate,
1417 3463 1535 3516 quze
1565 3447 1667 3516 ipsi
1706 3451 1863 3507 inest,
1900 3466 2004 3502 non

2187 2184 2244 2235 Εἰ
2295 2182 2353 2233 τὸ
2388 2182 2518 2245 Θεὸς
2559 2183 2727 2250 ὄνομα
2767 2179 3068 2249 προσώπων
3106 2179 3395 2249 δηλωτικὸν
3439 2181 3646 2250 ὑπῆρχε
3674 2220 3691 2244 ,

2111 2276 2234 2346 τρία
2264 2276 2536 2345 πρόσωπα
2564 2273 2830 2340 λέγοντες,
2869 2271 2926 2334 ἐξ
2955 2273 3197 2342 ἀνάγκης
3231 2270 3294 2323 ἂν
3335 2274 3480 2341 τρεῖς
3513 2271 3695 2338 ἐλέγο-

2117 2382 2211 2435 μεν
2234 2363 2417 2425 Οεούς·
2443 2365 2487 2415 εξ
2523 2363 2577 2414 δὲ
2613 2361 2742 2423 Θεὸς
2777 2361 2948 2430 ὸνομα
2982 2362 3164 2423 οὐσίας
3199 2363 3524 2431 σημαντικόν
3552 2365 3690 2422 ἐστι,

2115 2456 2241 2524 μίαν
2295 2454 2479 2506 οὐσίαν
2528 2453 2909 2522 ὁμολογοῦντες
2960 2455 3055 2522 τῆς
3109 2452 3266 2519 ἁγίας
3312 2453 3554 2523 Τριὰδος,
3597 2453 3694 2504 ἕνα

2111 2543 2240 2594 Θεὸν
2275 2543 2495 2603 εἰκότως
2539 2540 2855 2608 δοξάζομεν·
2896 2540 3015 2590 ἐπεὶ
3053 2541 3179 2608 μιᾶς
3221 2541 3404 2604 οὐσίας
3433 2541 3488 2592 ἓν
3523 2541 3692 2607 ὄνομα

2109 2631 2168 2683 τὸ
2202 2630 2331 2694 Θεός
2360 2634 2492 2683 ἐστι.
2533 2630 2621 2682 Διὸ
2659 2630 2751 2682 καὶ
2781 2629 3084 2692 ἀκολούθως
3131 2635 3192 2699 τῇ
3226 2650 3280 2682 τε
3315 2631 3467 2702 οὐσία
3497 2632 3587 2684 καὶ
3615 2631 3694 2698 τῷ

2109 2718 2351 2788 ὀνόματι,
2380 2713 2458 2780 εἷς
2508 2719 2621 2770 ἐστι
2665 2716 2815 2779 Θεὸς,
2855 2717 2915 2768 οὺ
2950 2721 3116 2788 τρεῖς.
3150 2719 3284 2772 Θῦτε
3317 2721 3423 2790 γὰρ
3447 2721 3574 2773 Θεὸν
3600 2723 3695 2774 καὶ

2111 2809 2241 2861 Θεὸν
2285 2808 2377 2861 καὶ
2425 2809 2555 2861 Θεὸν
2603 2824 2799 2877 φαμεν,
2844 2807 3030 2877 ὥσπερ
3076 2810 3302 2880 λέγομεν
3348 2813 3560 2882 Πατέρα
3601 2815 3696 2866 καὶ

2114 2900 2236 2951 Υἱὸν
2269 2900 2359 2952 καὶ
2410 2900 2564 2966 ἅγιον
2609 2899 2850 2967 Πνεῦμα,
2899 2899 2988 2952 ἐπὶ
3037 2904 3145 2963 τοῖς
3184 2902 3406 2971 ὀνόμασι
3451 2908 3558 2965 τοῖς
3587 2904 3693 2956 τῶν

2117 2989 2417 3058 προσώπων
2457 2993 2808 3059 σημαντικοῖς
2860 2991 3256 3060 συμπλέκοντες
3288 2994 3377 3044 τὸν
3431 2996 3521 3047 καὶ
3571 2994 3694 3047 σύν-

2112 3081 2325 3150 δεσμον.
2357 3081 2455 3133 Διὰ
2500 3081 2559 3132 τὸ
2589 3081 2660 3149 μὴ
2707 3081 2874 3134 ταῦτὰ
2909 3079 3040 3135 εἶναι
3073 3083 3140 3134 τὰ
3173 3085 3453 3154 πρόσωπα,
3484 3088 3696 3157 ἑτεροῖα

2112 3169 2418 3238 δὲμᾶλλον,
2466 3170 2556 3222 καὶ
2607 3170 2933 3241 διαφέροντα·
2978 3173 3215 3242 ἀλλήλων
3264 3176 3403 3228 κατὰ
3452 3178 3548 3245 τὴν
3587 3178 3693 3230 τῶν

2112 3261 2386 3329 ὀνομάτων
2418 3263 2708 3329 σημασίαν.
2764 3262 2850 3332 Τῷ
2895 3264 2950 3314 δὲ
2992 3264 3121 3326 Θεὸς
3165 3265 3385 3334 ὀνόματι
3415 3267 3694 3339 δηλωτικῷ

2112 3352 2210 3421 τῆς
2240 3352 2425 3414 οὐσίας
2454 3353 2565 3403 ὄντι
2597 3353 2658 3404 ἕκ
2697 3372 2836 3416 τινος
2876 3355 3160 3425 ἰδιώματος
3190 3357 3478 3427 προσόντος
3504 3360 3691 3430 αὖτῆςν

2115 3440 2175 3490 ού
2209 3441 2547 3510 συνάπτομεν
2574 3441 2661 3493 τὸν
2696 3444 2787 3493 καὶ
2818 3443 3128 3513 σύνδεσμον,
3151 3444 3288 3497 ὥστε
3321 3445 3496 3514 λέγειν
3525 3451 3692 3518 ἡμᾶς,

377 3529 382 3532 ”
452 3535 831 3604 conjungimus
879 3535 1124 3602 copulam
1163 3536 1278 3606 (et)
1317 3543 1372 3589 ut
1425 3536 1690 3601 dicamus,
1755 3536 1917 3589 Deum
1959 3547 2013 3590 et

2118 3533 2244 3584 Θεὸν
2278 3534 2369 3586 καὶ
2417 3533 2545 3585 Θεὸν
2599 3534 2691 3584 καὶ¹
2731 3534 2861 3584 Θεὸν
2883 3551 2896 3564 ο
2931 3535 3158 3605 ἐπείπερ
3181 3535 3212 3604 ἡ
3234 3537 3370 3608 αὑτὴ
3393 3537 3476 3590 ἐπ’
3497 3543 3514 3560 ⁹
3541 3541 3694 3592 ούσία

383 3617 385 3620 ’
457 3627 620 3680 neum
656 3635 709 3679 et
743 3625 945 3679 Deum:
980 3627 1103 3694 quia
1133 3626 1316 3680 eadem
1357 3637 1438 3682 est
1467 3628 1726 3692 essentia,
1752 3645 1871 3698 qua:
1895 3646 2013 3698 per-

455 3731 601 3768 sonte
625 3722 772 3778 sunt,
818 3723 874 3767 et
908 3730 1067 3784 quam
1120 3730 1316 3769 nomen
1355 3717 1454 3769 hoc
1488 3716 1690 3785 (Deus)
1721 3719 2010 3790 signiﬁcat,

457 3816 738 3876 propteiea
770 3805 912 3874 (μιοᾱ
958 3805 1117 3859 etiam
1151 3807 1288 3859 idem
1334 3807 1446 3874 ipse
1484 3806 1662 3860 Deus:
1715 3808 1852 3860 idem
1888 3824 2015 3862 vero

455 3896 663 3964 adjecta
687 3896 1051 3951 declaratione
1074 3897 1244 3965 ipsius
1264 3914 1370 3950 non
1392 3899 1734 3952 connectitur
1755 3914 2012 3966 unquam.

457 3989 609 4054 Quod
657 3988 698 4042 si
731 3988 966 4044 dicimus
1000 3987 1214 4044 Patrem
1270 3988 1459 4050 Deum,
1513 3997 1564 4041 et
1602 3987 1793 4042 Filium
1829 3989 2014 4050 Deum,

455 4091 507 4133 ct
537 4073 802 4148 Spiritum
844 4086 1089 4132 sanctum
1127 4077 1313 4137 Deum,
1365 4079 1444 4131 vel
1476 4077 1640 4131 Deum
1681 4077 1915 4139 Patrem,
1966 4087 2017 4132 et

458 4170 621 4224 Deum
657 4169 870 4235 Filium,
913 4178 965 4224 et
998 4169 1164 4224 Deum
1204 4167 1466 4238 Spiritum
1523 4178 1793 4235 sanetum,
1843 4171 2018 4225 notio-

458 4277 576 4315 nem
635 4275 987 4330 personarum
1047 4259 1361 4314 nominibus
1421 4261 1762 4328 copulamus,
1825 4277 2018 4330 nempe

454 4351 623 4415 Patri,
666 4349 822 4417 Filio,
877 4358 1068 4405 sancto
1110 4350 1359 4420 Spiritui,
1411 4359 1467 4404 ut
1519 4353 1587 4407 sit
1634 4351 1810 4416 Pater,
1850 4352 2018 4407 Filius

453 4451 506 4494 et
524 4441 758 4510 Spiritus
776 4451 1018 4502 sanctus,
1039 4441 1137 4494 hoc
1157 4449 1239 4494 est
1259 4456 1484 4509 persona
1504 4450 1555 4495 et
1574 4458 1800 4510 persona
1818 4451 1870 4497 et
1891 4458 2020 4513 per-

455 4550 609 4588 sona.
626 4534 834 4589 Idcirco
854 4544 906 4588 et
924 4543 1033 4588 tres
1055 4545 1180 4589 sunt
1209 4550 1468 4604 personae.
1490 4533 1692 4588 Nomen
1716 4542 1893 4589 autem
1917 4536 2018 4590 lioc

455 4626 660 4694 (Deus)
695 4625 939 4680 absolute
965 4636 1015 4679 et
1042 4626 1230 4680 eodem
1257 4627 1414 4680 modo
1445 4626 1768 4695 prazdicatur
1793 4627 1856 4680 de
1886 4644 2019 4680 una-

455 4731 668 4786 quaque
692 4731 1067 4784 personarum,
1093 4717 1296 4784 absque
1319 4716 1704 4781 conjunctione
1729 4716 1844 4786 (et),
1871 4718 1940 4769 ita
1963 4725 2019 4769 ut

458 4826 562 4862 non
594 4808 866 4876 possimus
892 4808 1073 4861 dicere
1103 4806 1266 4861 Deum
1303 4816 1355 4861 et
1395 4807 1559 4862 Deum
1590 4819 1640 4862 et
1676 4808 1842 4861 Deum
1870 4826 1884 4874 ;
1924 4810 2017 4864 sed

2116 3625 2148 3692 ἦ
2180 3625 2292 3675 ἐστι
2327 3623 2393 3676 τὰ
2417 3624 2696 3694 πρόσωπα,
2735 3623 2825 3675 καὶ
2854 3624 2918 3692 ἣν
2959 3626 3206 3694 σημαίνει
3240 3627 3297 3678 τὸ
3323 3627 3452 3688 Θεὸς
3495 3628 3692 3699 ὄνομα·

2115 3716 2194 3768 δ.ὸ
2223 3717 2313 3766 καὶ
2351 3715 2376 3765 6
2408 3715 2567 3777 αὐτὸς
2602 3717 2628 3766 6
2661 3715 2810 3777 Θεὸς.
2856 3716 2910 3767 Ὀ
2942 3715 2994 3768 δὲ
3032 3717 3190 3774 αὐτὸς
3241 3720 3334 3771 καὶ
3377 3718 3700 3789 ἐπιδηλώσει

2117 3805 2208 3857 τοῦ
2246 3805 2500 3874 αὺτοῦ-οὑ
2532 3805 2897 3872 συμπλέκεταί
2937 3824 3084 3859 ποτε.
3137 3809 3196 3858 El
3235 3807 3288 3858 δὲ
3326 3807 3549 3877 λέγομεν
3588 3809 3696 3861 Πα-

2117 3895 2247 3965 τέρα
2274 3896 2422 3956 Θεὸν,
2463 3897 2551 3946 καὶ
2586 3895 2710 3946 Υἰὸν
2749 3896 2896 3958 Θεὸν,
2944 3897 3035 3950 καὶ
3072 3896 3292 3966 Πνεῦμα
3339 3897 3492 3964 ἅγιον
3542 3898 3692 3962 Θεὸν,

2119 3986 2150 4055 ῆ
2201 3987 2330 4038 Θίὸν
2382 3987 2615 4056 Πατέρα,
2671 3987 2760 4038 καὶ
2809 3988 2936 4039 Θεὸν
2977 3988 3123 4050 Υίὸν,
3171 3989 3261 4040 καὶ
3301 3990 3430 4040 (ῖθεὸν
3475 3989 3695 4060 Πνεῦμα

2121 4077 2289 4144 ἅγιον,
2318 4078 2404 4129 τὸν
2435 4078 2526 4130 καὶ
2557 4077 2848 4148 σύνδεσμον
2879 4080 2996 4132 κατ’
3023 4079 3229 4132 ἔννοιαν
3261 4083 3369 4144 τοῖς
3401 4081 3508 4133 τῶν
3530 4100 3699 4151 προσ·-

2118 4166 2279 4219 ώπων
2319 4170 2538 4238 ὀνόμασι
2572 4170 2926 4237 συνάπτομεν.
2962 4167 3104 4233 Οἷον,
3149 4172 3370 4243 Πατέρι,
3402 4172 3535 4241 Υἱῴ,
3559 4173 3698 4244 ἁγίῳ

2120 4258 2414 4327 Πνεῦματι,
2457 4260 2542 4312 ἵνα
2674 4261 2881 4330 Πατὴρ,
2922 4261 3064 4323 Υἱὸς,
3105 4263 3197 4313 καὶ
3250 4263 3402 4331 ἅγιον
3437 4253 3695 4332 Πνεῦμα,

2118 4351 2360 4403 τουτέστι
2400 4352 2706 4421 πρόσωπον,
2747 4352 2838 4403 καὶ
2886 4353 3193 4423 πρόσωπον,
3239 4354 3332 4406 καὶ
3382 4353 3695 4423 πρόσωπον.

2119 4441 2208 4494 Διὸ
2237 4441 2330 4494 καὶ
2358 4442 2480 4511 τρία
2515 4441 2796 4512 πρόσωπα.
2840 4443 2910 4494 Τὸ
2952 4443 3008 4494 δὲ
3047 4444 3176 4505 Θεὸς
3200 4444 3387 4512 ὄνομα,
3419 4443 3698 4507 ἀπολύτως

2121 4535 2212 4586 καὶ
2243 4533 2500 4596 ὡσαύτως
2551 4534 2932 4603 κατηγορεῖται
2982 4534 3210 4586 ἑκάστου
3249 4534 3355 4585 τῶν
3393 4534 3698 4603 προσώπων

2119 4625 2246 4676 ἄνευ
2275 4623 2366 4676 τοῦ
2400 4624 2492 4676 καὶ
2530 4624 2843 4693 συνδέσμου,
2871 4623 3010 4676 ὥστε
3049 4625 3121 4693 μὴ
3151 4624 3405 4676 δύνασθαι
3436 4626 3581 4693 ἡμᾶς
3613 4624 3699 4676 λέ-
3743 4653 3754 4663 -

2120 4733 2234 4782 γειν
2263 4715 2413 4778 Θεὸν,
2449 4715 2540 4768 καὶ
2581 4714 2730 4776 Θεὸν,
2772 4717 2863 4768 καὶ
2900 4715 3058 4768 Θεὸνο
3092 4715 3224 4767 ἀλλὰ
3253 4718 3388 4767 νοεῖν
3435 4716 3495 4767 τὸ
3530 4716 3698 4784 ὄνομα

2121 4807 2300 4878 τρίτον
2349 4807 2443 4876 μὲν
2494 4807 2778 4876 λεγόμενον
2816 4810 2880 4877 τῇ
2928 4811 3098 4878 φωνῇ,
3131 4808 3216 4860 διὰ
3264 4810 3330 4860 τὰ
3367 4806 3700 4876 ὑποκείμενα

455 4898 753 4968 intelligere
825 4912 1019 4968 nomen
1087 4899 1248 4951 tertio
1301 4900 1516 4968 quidem
1583 4901 1785 4954 dictum
1867 4917 2015 4967 voce,

2127 4897 2408 4968 πρόσωπα,
2444 4898 2873 4969 προϐαλλόμενον
2925 4899 2980 4950 δὲ
3027 4904 3090 4968 τῇ
3131 4897 3448 4969 δευτερὼσει
3501 4898 3591 4951 καὶ
3633 4899 3697 4966 τῇ

459 4995 677 5058 prepter
726 5001 986 5055 personas
1031 4987 1335 5056 subjectus,
1383 4991 1717 5058 propositum
1775 5005 1902 5043 vero
1932 5005 2019 5043 se-

455 5079 631 5134 cunda
677 5089 729 5132 et
781 5078 937 5132 tertia
995 5079 1316 5147 repetitione
1362 5081 1568 5149 absque
1631 5079 2020 5148 conjunctione

457 5171 738 5240 (et),quia
790 5185 896 5223 non
954 5170 1093 5224 alius
1155 5178 1316 5240 atque
1363 5171 1500 5225 alius
1550 5170 1691 5226 Deus
1745 5179 1847 5224 est.
1900 5169 2016 5223 Non

455 5264 595 5317 enim
647 5269 917 5332 quatenus
952 5259 1112 5314 Pater
1142 5260 1412 5316 diversam
1447 5262 1825 5330 proprietatem
1862 5276 2015 5314 suam

457 5364 638 5410 servat
690 5355 831 5426 apud
868 5353 1090 5417 Filium,
1139 5355 1294 5423 juxta
1353 5355 1453 5407 lioc
1507 5352 1647 5406 Deus
1695 5361 1778 5406 est
1817 5352 2016 5406 Pater:

459 5463 690 5515 namque
742 5449 811 5500 ita
867 5463 968 5500 non
1028 5447 1168 5523 Deus
1213 5453 1357 5501 esset
1389 5443 1598 5508 Filius;
1648 5445 1738 5496 sed
1795 5444 1936 5496 enim
1976 5444 2018 5497 si

457 5538 585 5608 quia
640 5535 798 5592 Pater
847 5548 930 5594 est
978 5537 1156 5600 Pater,
1215 5546 1496 5608 prOpterca
1553 5545 1605 5589 et
1660 5536 1799 5588 Deus
1839 5534 2019 5598 Pater,

460 5627 716 5698 quoniam
769 5641 878 5682 non
932 5626 1093 5682 Pater
1129 5625 1322 5686 Filius.
1367 5642 1472 5682 noa
1509 5626 1651 5681 Deus
1699 5625 1868 5680 Filius
1911 5644 1925 5678 :
1976 5627 2021 5679 si

2125 4987 2394 5056 τριτὼσει,
2431 4988 2556 5040 ἄνευ
2586 4987 2676 5040 τοῦ
2711 4989 2802 5041 καὶ
2842 4989 3154 5058 συνδέσμου,
3188 4990 3275 5042 διὰ
3312 4989 3371 5040 τὸ
3406 4989 3478 5058 μὴ
3516 4990 3698 5058 ἕτερον

2126 5080 2216 5131 καὶ
2259 5078 2443 5149 ἕτερον
2477 5075 2611 5132 εἶναι
2645 5080 2794 5134 Θεόν.
2835 5081 2908 5132 Οὐ
2942 5080 3058 5155 γὰρ.
3085 5081 3219 5133 καθὸ
3260 5081 3356 5149 τὴν
3408 5080 3699 5151 ἑτερότητα

2127 5171 2285 5234 σώζει
2320 5172 2506 5242 Πατὴρ
2541 5173 2674 5240 πρὸς
2712 5173 2854 5236 Υἱὸν,
2891 5173 3029 5225 κατὰ
3078 5172 3232 5224 τοῦτο
3265 5174 3395 5234 Θεὸς
3428 5173 3455 5224 6
3490 5173 3694 5243 Πατήρ.

2125 5262 2279 5316 Οὕτω
2307 5263 2413 5334 γὰρ
2440 5267 2539 5317 ούκ
2567 5265 2632 5317 ἂν
2666 5265 2794 5327 Θεὸς
2821 5266 2848 5316 6
2883 5265 3030 5328 Υἱός·
3061 5267 3108 5315 εἰ
3151 5266 3257 5336 γὰρ
3298 5266 3416 5317 ἐπεὶ
3460 5265 3645 5333 Πατὴρ
3672 5266 3699 5315 6

2131 5356 2337 5424 Πατὴρ,
2367 5355 2452 5407 διὰ
2481 5356 2632 5407 τοῦτο
2658 5357 2747 5408 καὶ
2774 5355 2902 5417 Θεὸς
2932 5359 2960 5408 ὁ
2987 5357 3201 5425 Πατήρ·
3244 5357 3364 5408 ἐπεὶ
3407 5357 3478 5426 μὴ
3513 5356 3699 5424 Πατὴρ

2127 5448 2154 5498 6
2188 5445 2330 5508 Υἱὸς,
2357 5449 2416 5498 οὺ
2457 5448 2585 5509 Θεὸς
2617 5449 2644 5498 6
2683 5447 2836 5509 Υἱός·
2874 5448 3000 5500 εἰδὲ
3041 5447 3170 5510 Θεὸς
3207 5450 3234 5500 6
3276 5449 3416 5511 Υἱὸς,
3449 5449 3547 5498 οὐκ
3581 5445 3700 5496 ἐπεὶ

2130 5540 2272 5601 Υἱός.
2316 5539 2542 5606 Ὁμοίως
2573 5539 2665 5591 καὶ
2703 5541 2730 5592 ὁ
2758 5540 2962 5609 Πατὴρ,
2992 5541 3090 5593 οὐκ
3124 5537 3243 5592 ἐπεὶ
3293 5540 3500 5608 Πατὴρ,
3536 5539 3700 5602 Θεὸς·

2130 5632 2243 5686 ἀλλ’
2282 5633 2400 5683 ἐπεὶ
2445 5631 2599 5683 οὐσία
2631 5632 2825 5697 τοιάδε,
2866 5630 2945 5696 εἷς
2975 5635 3089 5686 ἑστι
3129 5633 3334 5701 Πατὴρ,
3382 5631 3474 5683 καὶ
3513 5629 3543 5681 6
3577 5629 3702 5691 Υἱὸς
