4066 6146
283 240 385 297 177

1431 244 1513 297 DE
1552 240 2007 299 COMMUNIBUS
2048 237 2487 295 NOTIONIBUS.

3435 234 3538 289 ΗΒ

281 357 435 420 Θεός.
462 358 569 410 Καὶ
590 357 656 410 δι’
679 358 744 428 ῆν
768 360 944 413 αίτίαν
971 360 1160 430 Πατὴρ
1176 360 1324 425 Θεὸς,
1351 361 1442 412 καὶ
1466 361 1591 423 Υἱὸς
1606 361 1757 424 Θεὸς,
1774 362 1865 413 καὶ

1988 372 2096 413 rero
2126 356 2271 412 Deus
2303 353 2497 417 Filius,
2530 369 2635 407 non
2678 352 2806 424 quia
2840 351 3045 406 Filius:
3088 348 3340 407 similiter
3372 347 3537 402 etiam

284 443 511 513 Πνεῦμα
547 443 702 512 ἅγιον
729 442 858 508 Θεὸς
879 458 892 471 ⁸
930 445 1003 514 μὴ
1042 445 1422 516 διαιρουμένης
1467 446 1522 498 δὲ
1556 448 1653 516 τῆς
1684 446 1868 508 οὐσίας

285 536 337 589 ὲκ
360 534 579 602 ἑκάστῳ
596 535 702 587 τῶν
723 535 1047 605 προσώπων,
1071 535 1209 588 ὥστε
1235 536 1329 590 καὶ
1352 538 1499 606 τρεῖς
1521 530 1660 588 εἶναι
1684 535 1868 597 οὐσίας

285 623 429 676 utri
452 622 522 675 τὰ
562 625 847 694 πρόσωπα,
876 622 1030 694 δῆλον
1054 624 1134 676 ὅτι
1160 622 1283 675 οὔτε
1311 623 1371 676 τὸ
1401 621 1566 692 ὄνομα
1593 620 1868 691 διαιρεθή-

287 731 440 768 σεται
470 715 610 786 ὄπερ
645 716 895 784 σημαίνει
919 716 1016 786 τὴν
1045 716 1251 779 οὐσίαν,
1278 713 1400 767 οὐτε
1441 714 1502 767 τὸ
1537 713 1666 777 Θεὸς
1706 717 1783 776 είς
1811 713 1870 766 τὸ

286 799 427 857 εἶναι
453 806 603 874 τρεῖς
644 805 829 870 θεούς·
866 806 979 859 ἀλλ’
1018 806 1205 878 ὥσπερ
1242 808 1394 859 οὐσία
1421 809 1447 859 ὁ
1476 807 1686 877 Πατὴρ,
1716 806 1869 858 οὐσία

287 897 316 945 ο
338 894 485 959 Υἱὸς,
515 894 669 947 οὐσία
698 895 759 947 τὸ
793 895 944 963 ἅγιον
984 897 1202 966 Πνεῦμα
1222 913 1233 926 ·
1268 897 1359 948 καὶ
1394 896 1454 948 οὐ
1486 899 1632 967 τρεῖς
1659 895 1834 948 οὐσίαι
1854 911 1867 925 ’

288 982 433 1037 οὔτω
463 987 557 1037 καὶ
584 985 716 1049 Θεὸς
741 988 768 1039 ὁ
791 987 999 1057 Πατὴρ,
1027 986 1157 1050 Θεὸς
1187 990 1214 1040 ὀ
1243 988 1389 1052 Υἱὸς,
1415 987 1547 1051 Θεὸς
1568 986 1628 1039 τὸ
1651 986 1874 1056 Πνεῦμα

288 1076 349 1129 τὸ
378 1076 553 1144 ἅγιον,
582 1078 676 1130 καὶ
711 1077 770 1129 οὐ
809 1081 957 1149 τρεῖς
982 1078 1109 1131 θεοί.
1150 1073 1242 1142 Εἷς
1269 1078 1376 1149 γὰρ
1402 1078 1532 1141 Θεὸς
1572 1080 1664 1132 καὶ
1705 1080 1733 1132 ὁ
1778 1078 1871 1132 αὐ-

291 1168 410 1230 τός·
442 1169 565 1220 ἐπεὶ
588 1169 685 1222 καὶ
720 1170 816 1238 μία
838 1168 993 1222 οὐσία
1033 1171 1065 1239 ὴ
1108 1171 1276 1240 αὐτή·
1310 1171 1356 1222 εί
1385 1169 1478 1222 καὶ
1508 1169 1735 1222 ἕκαστον
1765 1168 1873 1220 τῶν

294 1259 603 1328 προσώπων
638 1258 876 1328 λέγεται,
910 1260 1002 1313 καὶ
1032 1261 1270 1313 ὲνούσιον
1312 1261 1405 1313 καὶ
1441 1261 1601 1323 Θεός·
1634 1260 1727 1314 καὶ
1766 1260 1873 1330 γὰρ

292 1349 508 1419 ἀνάγκη
553 1352 702 1420 τρεῖς
748 1350 925 1418 λέγειν
967 1335 1154 1415 οὐσίας
1199 1352 1437 1423 Πατέρος
1485 1353 1575 1404 καὶ
1611 1350 1736 1404 Υίοῦ
1781 1351 1875 1404 καὶ

292 1441 450 1508 ἁγίου
471 1440 786 1512 Πνεύματος
802 1458 815 1472 ·
840 1442 959 1495 ἐπεὶ
987 1442 1142 1495 οὐσία
1165 1442 1271 1495 τῶν
1301 1442 1603 1512 προσώπων
1625 1443 1870 1495 ἕκαστον

290 1532 431 1602 ὅπερ
457 1532 600 1584 ἐστὶν
635 1531 940 1600 ἀλόγιστον·
961 1529 1118 1586 ὀὐδὲ
1138 1532 1246 1603 γὰρ
1293 1533 1494 1604 Πέτρον
1537 1533 1630 1586 καὶ
1668 1530 1875 1585 Παῦλον

294 1623 388 1674 καὶ
430 1622 737 1693 Βαρνάϐαν,
770 1626 919 1694 τρεῖς
962 1623 1149 1687 οὐσίας
1191 1622 1398 1693 φαμὲνο
1450 1623 1584 1676 ἀλλὰ
1625 1621 1748 1691 μίαν
1784 1623 1875 1674 καὶ

297 1712 429 1783 μίαν
454 1713 703 1781 λέγοντες
730 1698 937 1781 οὐσίαν,
969 1709 1035 1786 ἦς
1082 1717 1196 1768 ἐστι
1250 1715 1436 1786 Πατὴρ
1485 1716 1577 1768 καὶ
1622 1714 1746 1777 Υἱὸς
1786 1714 1877 1767 καὶ

293 1804 451 1874 ἅγιον
488 1806 733 1877 Πνεῦμα,
778 1808 871 1861 ἕνα
926 1808 1230 1870 ἀκολούθως
1280 1808 1456 1878 φαμὲν
1500 1808 1660 1860 Θεὸν·
1694 1808 1741 1859 εἰ
1787 1806 1878 1860 καὶ

295 1895 405 1947 τῶν
440 1897 746 1967 προσώπων
771 1898 863 1950 καὶ
893 1897 1129 1950 ἐνούσιον
1164 1900 1256 1950 καὶ
1294 1896 1425 1951 Θεὸν
1455 1892 1591 1950 εἶναι
1630 1896 1878 1949 πιστεύο-
1906 1901 1911 1908 ’

302 2006 422 2057 μεν.
447 1990 657 2059 Ὥσπερ
681 1990 786 2061 γὰρ
803 1988 881 2058 τῷ
902 1990 1173 2059 διαφέρειν
1200 1988 1290 2041 τὸν
1315 1988 1530 2057 Πατέρα
1551 1987 1640 2040 τοῦ
1664 2004 1720 2040 τε
1747 1985 1878 2040 Υἱοῦ

294 2078 532 2168 καὶχτοῦ
584 2080 738 2147 ἁγίου
797 2078 1130 2150 Πνεύματος,
1178 2078 1305 2150 τρία
1357 2078 1535 2148 φαμὲν
1580 2078 1875 2148 πρόσωπα·

294 2171 470 2235 οὕτως
500 2172 621 2223 ἐπεὶ
651 2169 725 2240 μὴ
751 2170 1059 2240 διαφέρουσι
1089 2170 1229 2223 κατά
1255 2170 1354 2239 τὴν
1383 2170 1588 2231 οὐσίαν,
1622 2170 1731 2222 ἀλλ’
1765 2170 1878 2223 ἐστι

293 2262 418 2315 κατ’
452 2261 619 2332 αὐτὴν
652 2262 757 2314 τῶν
815 2260 1122 2331 προσώπων
1149 2261 1430 2331 ταυτότης,
1479 2260 1626 2313 ἔσται
1666 2261 1879 2324 πάντως

294 2354 394 2409 καὶ
429 2353 567 2406 κατᾶ
604 2352 665 2404 τὸ
696 2351 826 2415 Θεὸς
857 2352 1046 2422 ὄνομα.
1094 2352 1394 2423 Δηλωτικὸν
1427 2350 1531 2422 γὰρ
1583 2350 1738 2404 τοῦτο
1782 2351 1881 2421 τῆς

290 2444 506 2506 οὐσίας,
534 2444 594 2495 οὐ
633 2443 693 2497 τὸ
718 2443 770 2496 τί
799 2444 969 2513 αὐτῆς
999 2442 1295 2512 παριστῶν,
1324 2442 1445 2494 ἐπεὶ
1479 2441 1876 2511 ἀκατάληπτον,

246 2539 258 2552 '
294 2533 416 2587 ἀλλ’
444 2533 552 2585 ἀπό
576 2550 720 2595 τινος
760 2532 1061 2603 ἰδιωμάτων
1116 2533 1401 2603 προσόντος
1438 2532 1572 2603 αὐτῇ
1614 2532 1882 2602 λαμϐανό-

299 2640 503 2692 μενον,
557 2622 897 2692 παραδηλοῦν
947 2623 1133 2693 αὐτήν.
1170 2621 1321 2675 Ἐστι
1378 2622 1485 2693 γὰρ
1549 2622 1741 2692 ἰδίωμα
1784 2622 1881 2691 τῆς

297 2714 470 2767 ἀϊδίου
508 2714 718 2779 οὐσίας,
748 2708 815 2783 ἧς
854 2713 1063 2784 Πατὴρ,
1111 2713 1237 2776 Υἱὸς
1297 2714 1386 2766 καὶ
1430 2713 1583 2780 ἆγιον
1636 2712 1876 2781 Πνεῦμα,

299 2805 358 2857 τὸ
390 2803 574 2857 πάντα
603 2802 923 2855 ἐποπτεύειν
967 2803 1060 2855 καὶ
1103 2800 1322 2872 θεωρεῖν
1353 2802 1443 2855 καὶ
1476 2800 1760 2870 γινώσκειν
1792 2801 1883 2853 καὶ

300 2896 441 2948 αὐτὰ
487 2895 559 2948 τὰ
616 2894 840 2966 κρύφια.
905 2892 1178 2947 Ἐντεῦθεν
1243 2894 1567 2964 εἰλημμένον
1632 2892 1883 2957 τὸ·Θεὸς

1972 446 2149 507 Pater,
2223 460 2329 498 non
2384 442 2641 512 quoniam
2708 440 2890 503 Pater,
2946 441 3119 504 Deus;
3173 451 3359 493 verum
3410 438 3537 508 quia

1970 536 2209 593 essentia
2268 534 2394 590 talis
2434 549 2579 588 unus
2622 540 2703 587 est
2753 531 2930 595 Pater,
2964 540 3017 585 et
3060 529 3232 585 Filius
3263 526 3405 582 Deus
3443 543 3455 580 :
3488 533 3539 578 et

1972 642 2136 700 quam
2185 630 2253 683 ob
2299 642 2522 682 causam
2570 626 2727 679 Pater
2766 624 2930 686 Deus,
2968 631 3022 678 et
3067 622 3238 676 Filius
3288 619 3452 681 Deus,
3489 624 3540 671 et

1974 722 2213 791 Spiritus
2259 728 2484 774 sanctus
2523 716 2684 772 Deus.
2727 714 2862 771 Cum
2900 725 3080 769 autem
3121 728 3229 768 non
3270 710 3544 765 dividatur

1972 814 2211 869 essentia
2266 812 2320 866 in
2364 822 2691 880 unaquaque
2756 821 3134 878 personarum,
3200 804 3272 857 ita
3326 810 3384 857 ut
3431 809 3546 855 tres

1973 906 2084 962 sint
2117 904 2369 962 essentiae
2404 900 2707 959 secundum
2750 913 3037 969 personas,
3084 896 3338 950 videlicet
3374 908 3548 961 neque

1974 1010 2170 1050 nomen
2218 993 2510 1056 dividetur,
2564 991 2710 1060 quod
2760 988 3032 1060 signiﬁrat
3075 985 3412 1049 essentiam;
3451 998 3549 1035 ne-

1973 1102 2079 1155 que
2134 1085 2299 1149 Deus,
2362 1093 2420 1137 ut
2461 1082 2573 1137 sint
2607 1089 2720 1135 tres
2753 1079 2831 1133 dii
2864 1097 2876 1131 :
2911 1077 3007 1134 sed
3055 1076 3199 1132 sicut
3243 1073 3551 1153 substantia

1973 1178 2151 1240 Pater,
2206 1175 2514 1231 substantia
2558 1170 2752 1236 Filius,
2785 1168 3099 1225 substantia
3158 1166 3395 1236 Spiritus
3425 1179 3552 1225 san:

1975 1278 2117 1333 ctus,
2148 1276 2200 1323 et
2246 1284 2352 1321 non
2390 1263 2864 1321 tres-substantia:
2912 1281 2924 1316 :
2958 1262 3037 1315 sie
3067 1260 3229 1316 etiam
3274 1256 3415 1312 Deus
3446 1254 3549 1310 Pa-

1977 1369 2076 1425 ter,
2112 1358 2254 1415 Deus
2278 1358 2471 1422 Filius,
2510 1356 2650 1412 Deus
2693 1354 2935 1426 Spiritus
2972 1359 3239 1416 sanctus;
3285 1363 3390 1402 non
3443 1353 3552 1401 tres

1977 1450 2071 1518 dii.
2122 1450 2255 1507 Nam
2308 1466 2450 1504 unus
2507 1447 2650 1503 Deus
2712 1454 2766 1502 et
2815 1446 2981 1513 idem,
3030 1442 3161 1513 quia
3210 1455 3320 1495 una
3387 1437 3552 1491 etiam

1979 1541 2290 1597 substantia
2342 1539 2571 1603 eadem;
2635 1536 2737 1593 etsi
2787 1549 3016 1604 quaeque
3051 1544 3282 1603 persona
3318 1526 3551 1586 dicatur,

1968 1636 2032 1687 'et
2050 1631 2288 1687 essentia
2312 1630 2620 1685 subsistens
2642 1636 2695 1682 et
2721 1626 2901 1692 Deus;
2930 1624 3132 1681 etenim
3166 1635 3391 1677 necesse
3410 1625 3555 1673 esset

1979 1731 2092 1777 tres
2144 1721 2329 1775 dicere
2383 1719 2722 1775 substantias
2750 1717 2929 1772 Patris
2959 1723 3013 1771 et
3048 1712 3172 1769 Filii
3222 1720 3276 1767 et
3316 1709 3555 1785 Spiritus

1979 1814 2173 1878 sancti,
2219 1812 2481 1882 quoniam
2520 1811 2826 1866 substantia
2875 1820 2960 1863 est
2996 1818 3335 1875 unaquaeque
3367 1815 3555 1871 perso-

1979 1921 2200 1967 narum,
2233 1902 2380 1975 quod
2417 1920 2444 1957 a
2479 1899 2691 1959 ratione
2746 1902 2983 1955 alienum
3031 1904 3138 1953 est.
3194 1886 3382 1964 Neque
3411 1894 3554 1947 enim

1979 1997 2201 2053 Petrum
2243 2006 2296 2050 et
2337 1994 2564 2048 Paulum
2611 2004 2664 2048 et
2714 1993 3018 2046 Barnabam
3072 1998 3184 2043 tres
3222 1985 3558 2043 substantias

1982 2088 2253 2152 dicimus;
2292 2086 2386 2141 sed
2415 2100 2579 2139 unam
2616 2094 2668 2138 et
2696 2098 2859 2136 unam
2889 2082 3143 2135 dicentes
3168 2075 3554 2137 substantiam,

1980 2194 2102 2251 qua:
2125 2187 2207 2233 est
2248 2174 2411 2230 Pater
2442 2183 2495 2229 et
2530 2172 2703 2227 Filius
2737 2183 2785 2226 et
2829 2170 3068 2241 Spiritus
3116 2173 3360 2228 sanctus,
3392 2179 3557 2218 unum

1980 2274 2379 2339 consequenter
2409 2266 2648 2320 dicimus
2692 2262 2856 2317 Deum
2900 2258 3155 2315 :tametsi
3200 2268 3560 2326 unamquam—

1980 2376 2085 2432 que.
2114 2347 2403 2431 personam
2425 2353 2950 2411 consubstantialem
2987 2360 3041 2406 et
3063 2349 3234 2404 Deum
3290 2361 3413 2403 esse
3440 2359 3560 2399 cre-

1982 2455 2184 2509 dimus.
2219 2450 2352 2504 Nam
2386 2445 2870 2520 quemadmodum,
2892 2459 2958 2499 eo
2976 2441 3123 2513 quod
3157 2438 3371 2495 diﬂ'erat
3398 2436 3560 2490 Pater

1982 2559 2012 2596 a
2047 2540 2184 2596 Filio
2210 2548 2263 2595 et
2288 2540 2498 2609 Spiritu
2533 2544 2726 2592 saneto
2759 2545 2873 2590 tres
2912 2532 3211 2588 asserimus
3250 2542 3513 2599 personas
3543 2544 3556 2579 :

1984 2632 2169 2690 itidem
2216 2632 2344 2702 quia
2385 2645 2493 2684 non
2536 2627 2796 2684 dilferuut
2826 2624 3126 2682 secundum
3175 2619 3559 2679 substantiam,

1983 2724 2076 2779 sed
2129 2731 2214 2779 est
2256 2723 2408 2792 juxta
2470 2720 2641 2790 ipsam
2695 2730 3050 2789 personarum
3115 2712 3409 2769 identitas:
3459 2709 3564 2765 erit
3614 2702 3619 2709 ’

1986 2816 2148 2871 etiam
2182 2816 2403 2870 omnino
2443 2811 2741 2868 secundum
2779 2824 2974 2864 nomen
3006 2802 3435 2878 [Deus],quippe
3459 2802 3562 2856 hoc

1985 2907 2347 2963 substantiam
2372 2903 2684 2960 declarandi
2725 2902 2828 2955 vim
2860 2899 3023 2954 habet
3056 2916 3070 2951 -:
3098 2912 3206 2950 non
3246 2894 3392 2964 quod
3432 2893 3564 2963 quid

300 2984 471 3059 ὄνομα
494 2985 703 3057 κυρίως
732 2984 1019 3055 λεγόμενον
1048 2984 1292 3053 σημαίνει
1315 2983 1410 3055 τὴν
1437 2984 1624 3038 οὐσίαν
1649 2984 1880 3053 ἐκείνην.

1992 2997 2108 3066 ipsa
2168 2996 2239 3052 sit
2282 3001 2667 3064 repraesentet,
2723 2990 2990 3060 siquidem
3033 2983 3565 3051 incomprehensibi-

302 3078 452 3140 Μιᾶς
480 3075 768 3147 τοιγαροῦν
792 3075 1136 3147 ὑπαρχούσης
1168 3077 1263 3145 τῆς
1286 3076 1537 3145 τοιαύτης
1565 3075 1771 3139 οὐσίας,
1798 3076 1890 3128 καὶ

305 3169 425 3231 ἑνὸς
468 3168 562 3221 τοῦ
604 3167 1037 3241 παραδηλοῦντος
1067 3169 1235 3240 αὐτὴν
1282 3169 1543 3238 ὀνόματος
1594 3168 1784 3243 (φημὶ
1826 3166 1899 3238 δὴ

301 3261 400 3314 τοῦ
435 3259 612 3331 Θεός)ο
644 3254 721 3324 εἷς
754 3260 957 3331 κυρίως
985 3260 1134 3314 ἔσται
1159 3261 1288 3323 Θεὸς
1320 3259 1395 3331 τῷ
1416 3259 1557 3330 λόγῳ
1580 3260 1676 3328 τῆς
1704 3259 1891 3322 οὐσίας

304 3348 617 3412 ἀκολούθως
639 3367 651 3379 ·
692 3352 813 3403 ἐπεὶ
849 3351 923 3420 μὴ
967 3351 1257 3421 πρόσωπον
1294 3351 1444 3421 δηλοῖ
1474 3351 1534 3402 τὸ
1567 3349 1717 3412 Θεὸς,
1757 3348 1903 3406 ἀλλὰ,

304 3442 407 3513 τὴν
433 3443 637 3495 οὐσίαν.
679 3443 739 3495 Εἰ
781 3445 886 3514 γὰρ
914 3443 1198 3514 πρόσωπον
1229 3444 1415 3514 ἐδήλου
1450 3444 1508 3496 τὸ
1533 3442 1683 3506 Θεὸς,
1712 3442 1768 3494 ἓν
1799 3443 1892 3496 καὶ

310 3534 471 3604 μόνον
495 3533 603 3586 τῶν
629 3532 931 3605 προσώπων
957 3535 1167 3604 ἐλέγετο
1214 3538 1364 3600 Θεὶς,
1393 3537 1528 3607 ὅπερ
1573 3538 1891 3609 ἐσημαίνετο

306 3624 386 3695 τῷ
418 3624 605 3695 τοιῷδε
640 3626 1105 3698 ὀνόματιοιῶσπερ
1137 3624 1229 3681 οῦν
1276 3629 1369 3680 καὶ
1410 3629 1620 3699 Πατὴρ,
1671 3629 1827 3699 μόνος
1865 3631 1892 3681 ὁ

310 3716 503 3788 Πατὴρ
554 3717 793 3787 λέγεται,
835 3719 921 3773 διὰ
967 3719 1027 3774 τὸ
1082 3719 1373 3791 προσώπου
1423 3719 1714 3790 δηλωτικὸν
1754 3717 1891 3775 εἶναι

306 3807 468 3862 τοῦτο
489 3809 551 3861 τὸ
582 3809 763 3883 ὄνομα,

307 3914 676 3973 congruenter
714 3907 911 3960 rationi
966 3906 1217 3961 essentia:
1273 3923 1285 3958 :

1993 3088 2061 3142 iis
2090 3095 2195 3151 est,
2222 3086 2318 3141 sed
2343 3085 2412 3141 ab
2442 3085 2623 3152 aliqua
2656 3079 3075 3152 proprietatum,
3110 3092 3230 3147 quae
3261 3076 3365 3146 ipsi
3402 3075 3563 3139 inest,

1994 3185 2270 3248 sumptum
2313 3191 2431 3231 eam
2477 3174 2747 3242 designat.
2781 3169 2876 3224 Est
2899 3168 3043 3223 enim
3084 3165 3389 3237 proprietas
3420 3176 3563 3217 sem-
3638 3236 3643 3245 ‘

1993 3270 2225 3342 piternte
2253 3267 2595 3330 substantiae,
2630 3264 2789 3334 cujus
2822 3261 3005 3323 Pater,
3044 3258 3215 3313 Filius
3243 3264 3296 3312 et
3340 3262 3567 3315 sanctus

1994 3361 2256 3431 Spiritus,
2309 3359 2491 3414 omnia
2552 3357 2771 3418 intueri,
2804 3362 2857 3409 et
2881 3342 3239 3422 contemplari
3279 3355 3334 3405 et
3362 3362 3566 3417 cogno-

1996 3468 2174 3517 scere,
2203 3452 2366 3507 etiam
2397 3465 2459 3507 ea
2491 3465 2612 3521 qua:
2639 3448 2855 3504 occulta
2909 3452 3060 3501 sunt.
3115 3442 3246 3497 inde
3287 3448 3568 3509 acceptum

1996 3558 2192 3597 nomen
2256 3542 2397 3597 Deus
2450 3541 2670 3611 proprie
2717 3539 2948 3600 dictum,
3003 3534 3366 3592 substantiam
3421 3530 3566 3583 illam

1996 3634 2290 3705 signiﬁcat.
2317 3634 2683 3700 Quamobrem
2712 3647 2838 3685 cum
2875 3644 2983 3684 una
3005 3624 3277 3698 ejusmodi
3313 3622 3569 3679 substan-

1997 3730 2071 3783 tia
2113 3728 2379 3795 exsistat;
2425 3729 2664 3796 itemque
2704 3741 2899 3780 nomen
2949 3740 3116 3780 unum
3157 3736 3267 3791 quo
3311 3721 3426 3791 ipsa
3485 3718 3593 3773 de—-

2002 3817 2262 3883 claratur,
2324 3833 2516 3888 nempe
2550 3814 2764 3890 [Deus],
2808 3831 2952 3870 unus
3025 3813 3243 3885 proprie
3282 3809 3425 3867 Deus
3468 3808 3573 3864 erit

1352 3904 1619 3975 siquidem
1664 3904 1803 3961 Deus
1842 3923 2126 3977 personam
2188 3928 2296 3967 non
2337 3913 2599 3980 declarat,
2654 3911 2750 3967 sed
2810 3911 3197 3966 substantiam.
3249 3905 3461 3960 Etenim
3527 3905 3571 3959 si

312 4003 458 4059 Deus
523 4016 809 4071 personam
881 4001 1164 4062 indicaret,
1208 4016 1312 4055 una
1379 4009 1433 4055 et
1477 4002 1592 4055 sola
1640 4018 1704 4056 ex
1763 4006 2008 4071 personis
2036 4004 2316 4063 diceretur
2352 4008 2514 4076 Deus,
2557 4021 2679 4078 qua:
2726 4006 2819 4060 tali
2858 4005 3077 4060 nomine
3142 4000 3571 4072 signiﬁcaretur;

310 4098 457 4152 sient
513 4095 764 4147 nimirum
837 4092 994 4146 Pater
1037 4097 1186 4148 solus
1218 4094 1418 4148 dicitur
1439 4093 1618 4157 Pater,
1660 4097 1784 4163 quia
1810 4110 2005 4152 nomen
2033 4099 2176 4153 istud
2211 4115 2498 4169 personam
2530 4098 2779 4168 Signandi
2819 4097 2927 4151 vim
2980 4094 3162 4149 habet.

382 4188 449 4241 Εἰ
491 4185 547 4237 δὲ
578 4185 711 4255 φαίη
751 4201 832 4247 τις
870 4185 948 4238 ὅτι
993 4184 1198 4253 Πέτρον
1235 4185 1326 4236 καὶ
1370 4182 1578 4238 Παῦλον
1619 4184 1710 4237 καὶ
1758 4182 1898 4253 Βαρ-

311 4280 485 4335 νάϐαν
532 4277 708 4347 φαμὲν
755 4277 900 4345 τρεῖς
933 4274 1138 4337 οὐσίας,
1180 4273 1408 4345 μερικὰς
1449 4273 1709 4342 δηλονότι,
1747 4290 1900 4326 τουτ-

2080 4186 2235 4252 Quod
2278 4190 2322 4243 si
2371 4191 2494 4257 quis
2541 4187 2762 4250 dixerit,
2805 4184 2953 4253 quod
2987 4183 3202 4238 Petrum
3237 4187 3290 4235 et
3340 4176 3565 4230 Paulqu

2006 4288 2059 4332 et
2090 4279 2391 4333 Barnabam
2423 4278 2663 4331 dicimus
2684 4286 2796 4331 tres
2825 4271 3160 4329 substantias
3190 4266 3567 4338 particulares,

313 4375 465 4426 ἐστιν
500 4368 671 4429 ίδικὰς
697 4367 874 4437 (τοῦτο
893 4366 1001 4435 γὰρ
1033 4364 1363 4436 κυριώτατον
1392 4368 1605 4434 εἰπεῖν),
1635 4369 1715 4420 ὅτι
1747 4384 1887 4438 μερι-

2008 4369 2259 4423 videlicet
2303 4369 2553 4438 proprias
2586 4367 2712 4436 (hoc
2754 4366 2898 4421 enim
2951 4369 3035 4417 est
3076 4360 3311 4415 maxime
3357 4355 3575 4426 proprie

313 4463 418 4534 κὴν
455 4459 666 4521 οὐσίαν,
696 4456 970 4510 τουτέστιν
1014 4457 1185 4527 ίδικὴν
1225 4455 1488 4525 λέγοντες,
1536 4457 1684 4510 οὐδὲν
1717 4457 1902 4527 ἓτερον

317 4550 562 4620 σημᾶναι
591 4544 909 4616 βουλόμεθα,
938 4545 970 4616 ἢ
1006 4544 1225 4614 ἄτομον,
1269 4546 1405 4615 ὅπερ
1437 4547 1553 4599 ἐστὶ
1592 4546 1911 4617 πρόσωπονι

326 4639 639 4711 προσώποις
662 4637 719 4690 δὲ
740 4638 836 4707 οὐχ
862 4637 1052 4690 ἕπεται
1078 4637 1136 4690 τὸ
1160 4637 1307 4702 Θεὸς,
1335 4637 1516 4701 καθὼς
1537 4638 1819 4691 δέδεικται.
1840 4639 1903 4690 Τί

316 4730 410 4786 οὖν
430 4731 651 4784 λεκτέον
694 4729 828 4799 πρὸς
865 4730 1068 4793 ἐκεῖνο,
1102 4729 1183 4781 ὅτι
1216 4727 1416 4799 Πέτρον
1450 4728 1543 4781 καὶ
1573 4727 1782 4782 Παῦλον
1812 4728 1903 4780 καὶ

320 4823 627 4894 Βαρνάϐαν,
672 4824 818 4890 τρεῖς
861 4838 1038 4890 φαμεν
1088 4819 1439 4890 ἀνθρώπουςς
1486 4822 1596 4889 υύχ
1630 4819 1705 4883 ὡς
1736 4823 1903 4874 ταῦτα

320 4918 625 4990 πρόσωπα,
661 4914 930 4984 πρόσωπα
969 4912 1025 4965 δὲ
1067 4911 1143 4982 τῷ
1189 4911 1504 4982 σημαντικῷ
1544 4911 1766 4982 ὀνόματι
1805 4913 1905 4981 τῆς

317 5009 508 5076 κοινῆς
536 5007 724 5068 οὐσίας
751 5005 811 5058 οὐ
840 5004 1181 5076 σημαίνεται.
1210 5003 1394 5073 Οὐδὲή
1427 5004 1623 5073 μερικὴ
1641 5002 1904 5072 λεγομένη

313 5100 434 5169 ἤτοι
494 5096 637 5167 ὶδικὴ
674 5095 850 5157 οὐσία,
884 5094 1077 5147 ταύτὸν
1123 5093 1259 5163 αὐτὴ
1309 5093 1404 5163 τῷ⁴
1434 5093 1728 5163 προσώπῳ,
1763 5095 1906 5157 τίνος

315 5191 474 5261 χάριν
519 5191 670 5261 τρεῖς
712 5184 1028 5257 ἀνθρώπους
1079 5186 1276 5255 φαμὲν,
1322 5184 1519 5247 αὐτοὺς
1562 5185 1690 5254 μιᾶς
1721 5186 1906 5249 οὐσίας

316 5284 683 5355 ὑπάρχοντας,
735 5275 805 5353 ἧς
848 5282 966 5332 ἐστι
1011 5278 1071 5332 τὸ
1142 5279 1455 5346 ἄνθρωπος
1491 5277 1817 5345 δηλωτικόν;
1843 5282 1906 5334 Εἰ

318 5379 455 5446 μήτε
490 5373 582 5427 διὰ
617 5373 687 5425 τὰ
734 5371 1021 5443 πρόσωπα,
1055 5371 1192 5440 μήτε
1230 5370 1316 5423 διὰ
1350 5370 1411 5422 τὸ
1450 5369 1699 5437 λέγεσθαι
1755 5388 1907 5441 μερι-

315 5467 417 5538 κὴν
448 5465 662 5530 οὐσίαν,
695 5464 815 5533 ἢτοι
867 5460 1060 5530 ἰδικὴν,
1104 5449 1491 5530 ἓκφωνοῦμεν,
1534 5460 1689 5513 τοῦτό
1728 5478 1906 5531 φαμεν

312 5559 395 5637 δτι
447 5551 915 5627 καταχρηστικῶς
966 5552 1058 5604 καὶ
1106 5552 1166 5605 οὐ
1213 5552 1414 5622 κυρίως
1456 5551 1613 5605 τοῦτο
1651 5552 1905 5622 λέγομεν,

311 5650 399 5708 διά
443 5666 569 5723 τινα
617 5644 908 5723 συνήθειαν
955 5642 1012 5708 ἐξ
1056 5643 1365 5712 ἀναγκαίων
1405 5642 1589 5698 αἰτιῶν
1638 5645 1908 5715 κρατήσα-

1973 5644 2339 5710 substantia,
2400 5641 2657 5696 nimirum
2715 5634 2955 5706 propria,
3004 5632 3353 5689 enuntiemus
3396 5645 3416 5689 t

2007 4461 2194 4531 loqui),
2255 4462 2383 4530 quia
2445 4458 2829 4528 particularem
2900 4452 3289 4513 substantiam,
3340 4449 3444 4504 hoc
3494 4456 3579 4503 est

2004 4551 2276 4621 propriam
2302 4550 2567 4611 dicentes,
2608 4546 2743 4601 nihil
2775 4544 2927 4600 aliud
2958 4542 3270 4614 signiﬁcare
3301 4540 3573 4607 volumus,

2004 4658 2165 4712 quam
2208 4642 2567 4705 individuam,
2604 4638 2747 4709 quod
2779 4646 2862 4693 est
2906 4651 3179 4707 persona;
3224 4645 3387 4702 atque
3428 4630 3573 4687 Deus

2006 4750 2113 4788 non
2152 4733 2401 4803 designat
2434 4746 2717 4803 personas,
2755 4740 2813 4784 ut
2840 4729 3130 4799 probatum
3163 4733 3279 4781 est:
3303 4724 3431 4795 quid
3472 4724 3575 4794 igi-v

2006 4835 2093 4880 tur
2130 4827 2415 4881 dicendum
2443 4832 2528 4878 est
2558 4824 2624 4878 ad
2654 4822 2806 4880 illud.
2837 4819 2983 4891 quod
3011 4818 3229 4873 Petrum
3265 4823 3320 4871 et
3347 4815 3574 4870 Paulum

2005 4923 2059 4971 et
2075 4913 2375 4968 Barnabam
2398 4922 2509 4968 tres
2529 4910 2763 4967 dicimus
2783 4909 3065 4966 homines?
3082 4924 3187 4963 non
3212 4918 3269 4961 ut
3290 4909 3371 4962 hae
3389 4921 3577 4977 perso-

2008 5023 2089 5062 nae
2104 5013 2252 5072 sunt;
2274 5021 2520 5075 persona)
2539 5013 2716 5059 autem
2736 5003 3091 5073 signiticativo
3111 5002 3325 5055 nomine
3338 5015 3582 5054 comnm-

2008 5101 2094 5156 nis
2121 5099 2441 5156 substantian
2471 5112 2583 5150 non
2602 5096 2908 5163 signantur.
2942 5092 3125 5162 Neque
3150 5108 3214 5146 ea
3251 5106 3371 5159 quae
3410 5088 3579 5158 parti-

2007 5192 2213 5247 cularis
2229 5191 2451 5255 dicitur,
2477 5189 2591 5244 sive
2613 5186 2907 5257 peculiaris
2927 5193 2980 5238 et
3007 5182 3222 5253 propria
3240 5176 3575 5240 substantia;

2008 5285 2133 5355 quia
2153 5284 2290 5338 idem
2309 5283 2426 5353 ipsa
2445 5290 2526 5337 est
2541 5297 2661 5337 eum
2680 5293 2909 5348 persona
2929 5295 2941 5330 :
2958 5292 3062 5345 qua
3093 5274 3160 5327 de
3177 5284 3339 5324 causa
3361 5275 3470 5321 tres
3490 5266 3582 5320 ho-

2009 5376 2183 5429 mines
2204 5374 2459 5434 dieimus,
2482 5389 2547 5425 cu
2561 5388 2609 5425 m
2640 5370 2743 5440 ipsi
2766 5369 2929 5423 unius
2951 5362 3269 5421 substantia:
3289 5358 3575 5420 exsistant,

2009 5481 2170 5535 quam
2199 5479 2393 5519 nomen
2421 5464 2523 5517 hoc
2574 5461 2725 5515 homo
2751 5457 3000 5525 designat
3044 5471 3056 5506 :
3110 5447 3379 5518 siquidem
3405 5464 3579 5517 neque

2010 5566 2229 5628 propter
2251 5570 2532 5626 personas,
2559 5567 2733 5621 neque
2753 5564 2816 5604 eo
2837 5545 2979 5616 quod
2998 5544 3212 5598 dicatur
3232 5540 3577 5611 particularis

3469 5629 3573 5684 hoc
