4066 6146
515 322 618 381 179

1738 325 1793 383 8.
1831 323 2157 382 CllEGORll
2197 323 2236 377 N
2250 322 2484 379 \‘iSSENl

3656 319 3760 376 180

515 445 814 500 asserimus
859 443 1000 513 quod
1049 443 1274 498 abusive
1318 453 1372 498 et
1430 459 1537 497 non
1593 444 1810 514 proprie
1863 445 1965 499 hoc
2008 445 2083 499 di-

2189 461 2282 495 σαν
2327 441 2433 495 τῶν
2473 441 2546 511 μὴ
2590 441 2680 492 ἐπὶ
2726 441 2822 510 τῆς
2883 441 3040 508 ἁγίας
3090 439 3314 511 Τριάδος
3353 438 3765 511 θεωρουμένων.

513 539 729 601 cimus;
779 544 1000 606 prepter
1032 535 1483 591 consuetudinem
1514 537 1808 606 quamdam
1843 555 1962 606 qtne
1991 554 2084 592 ne-

513 626 771 681 cessariis
810 627 876 680 de
922 627 1106 682 causis
1137 626 1372 682 obtinuit
1403 630 1666 682 adversus
1702 644 1764 681 ea
1820 645 1941 698 quae
1977 645 2083 682 non

511 717 567 772 in
606 726 796 772 sancta
844 716 1111 772 Trinitate
1159 719 1582 774 considerantur
1639 737 1652 771 :
1707 728 1835 772 sunt
1906 727 2083 772 autem

511 807 826 877 ejusmodi:
887 808 1137 862 deﬁnitio
1189 809 1427 864 hominis
1473 827 1593 880 quae
1636 825 1743 863 non
1786 825 2001 879 semper
2033 810 2084 862 in

511 900 648 970 ipsis
692 900 1008 964 individuis,
1060 902 1174 955 sive
1212 902 1461 970 personis
1523 909 1822 970 spectatur.
1876 900 2084 954 Etenim

511 989 788 1058 prioribus
811 991 1190 1055 morientibus,
1220 992 1324 1044 alia
1361 991 1640 1046 individua
1693 993 1934 1061 ipsorum
1970 992 2089 1045 loco

509 1089 904 1135 construuntur
929 1100 943 1136 :
963 1097 1024 1134 ac
1047 1097 1238 1137 rursus
1263 1083 1449 1137 iisdem
1469 1071 1840 1152 smpenumero
1868 1098 2088 1137 manen-

510 1169 678 1234 tihus,
711 1172 813 1223 alia
837 1171 1082 1239 quaedam
1107 1171 1534 1240 superveniunt:
1557 1172 1629 1224 ita
1653 1179 1710 1225 ut
1728 1169 2017 1240 aliquando
2034 1170 2088 1222 in

511 1260 616 1326 his,
639 1261 933 1330 aliquando
971 1261 1021 1314 in
1046 1261 1174 1328 illis,
1213 1261 1484 1316 interdum
1527 1261 1579 1314 in
1621 1261 1888 1332 pluribus,
1923 1261 2090 1314 inter-

511 1353 640 1406 dum
666 1354 717 1408 in
743 1353 1094 1422 paucioribus
1112 1354 1559 1408 consulerentur:
1587 1355 1822 1422 itemque
1848 1355 1900 1407 in
1919 1354 2094 1407 detra-

509 1444 712 1508 ctione,
744 1445 890 1499 exitu
918 1444 1037 1498 vita:
1064 1455 1116 1499 et
1159 1446 1534 1514 procreatione
1571 1446 1998 1508 individuorum,
2036 1445 2090 1498 in

513 1533 713 1602 quibus
743 1531 983 1588 hominis
1017 1531 1260 1588 deﬁnitio
1303 1545 1602 1604 spectatur,
1639 1537 1886 1605 cogimur
1927 1535 2090 1588 etiam

514 1624 717 1678 multos
749 1625 929 1679 dicere
955 1624 1222 1688 homines,
1273 1635 1325 1680 ct
1348 1641 1573 1694 paucos,
1600 1627 1902 1680 nmtatione
1922 1635 1976 1680 et
1995 1639 2091 1678 va-

513 1715 746 1769 riatione
759 1731 854 1770 seu
879 1716 1197 1770 alteratione
1219 1720 1836 1786 personarum.cxpulsa
1853 1733 2093 1771 commu-

2187 535 2308 586 Εἰσὶ
2334 533 2389 586 δὲ
2433 528 2624 586 αὗται·
2666 531 2793 600 ὅρος
2838 531 2930 583 τοῦ
2970 531 3253 599 ἀνθρώπου
3295 531 3396 583 οὐκ
3440 530 3524 583 ἀεὶ
3570 531 3625 582 ἐν
3658 533 3768 593 τοῖς

2189 627 2368 688 αὐτοῖς
2401 626 2622 695 ἀτόμοις
2660 624 2777 694 ἦτοι
2814 623 3120 693 προσώποις
3161 622 3460 692 Θεωρεῖται.
3512 621 3632 672 Τῶν
3670 622 3770 690 μὲν

2189 716 2296 788 γὰρ
2329 717 2608 792 προτέρων
2641 715 3028 780 τελευτώντων,
3076 715 3236 784 ἕτερα
3277 713 3391 766 ἀντ’
3432 712 3608 766 αὐτῶν
3643 730 3769 764 συν-

2192 807 2431 860 ίσταται·
2464 807 2556 860 καὶ
2602 807 2761 859 πάλιν
2809 807 2916 858 τῶν
2965 804 3141 858 αὐτῶν
3197 804 3450 866 πολλάκις
3502 803 3770 872 μενόντων

2188 897 2321 952 ἄλλα
2358 898 2478 950 τινὰ
2504 899 2834 968 ἐπιγίνεται·
2869 897 2944 960 ὡς
2974 898 3102 949 ποτε
3135 897 3230 966 μὲν
3271 897 3328 948 ὲν
3362 895 3589 957 τούτοις,
3637 893 3770 946 ποτὲ

2187 989 2242 1042 δὲ
2281 991 2338 1042 ἐν
2393 989 2640 1052 ἐκείνοις,
2691 991 2783 1043 καὶ
2831 989 2958 1040 ποτὲ
3014 988 3110 1057 μὲν
3164 990 3220 1040 ὲν
3269 987 3494 1051 πλείοσι,
3536 986 3664 1038 ποτὲ
3713 986 3771 1038 δὲ

2190 1072 2259 1132 ἐν⁴
2295 1080 2536 1134 ἐλάττοσι
2582 1081 2917 1153 θεωρεῖσθαι·
2970 1081 3063 1133 καὶ
3115 1080 3206 1132 ἐπὶ
3261 1079 3361 1148 τῆς
3405 1079 3770 1148 ἀφαιρέσεως,

2187 1174 2286 1243 τῆς
2323 1190 2382 1225 τε
2420 1172 2768 1236 ἁποὸιώσεως
2814 1173 2906 1225 καὶ
2949 1173 3251 1242 γεννήσεως
3295 1170 3402 1222 τῶν
3443 1169 3675 1238 ἀτόμων,
3714 1169 3773 1220 ἐν

2190 1259 2269 1328 οἷς
2320 1265 2595 1335 θεωρεῖται
2639 1267 2667 1318 ὁ
2711 1263 2801 1316 τοῦ
2847 1261 3131 1334 ἀνθρώπου
3172 1263 3314 1332 ὅρος,
3350 1258 3771 1329 ἀναγκαζόμεθα

2193 1357 2284 1408 καὶ
2333 1356 2559 1418 πολλοὺς
2619 1354 2797 1422 λέγειν
2865 1352 3181 1424 ἀνθρώπους
3254 1353 3346 1404 καὶ
3401 1352 3651 1420 ὀλίγους,
3702 1353 3768 1422 τῇ

2190 1450 2364 1517 τροπῇ
2400 1447 2492 1498 καὶ
2534 1444 2812 1499 ἀλλοιώσει
2849 1445 2958 1496 τῶν
2989 1442 3292 1513 προσώπων
3347 1442 3770 1513 ὲκκρουσθείσης

2189 1536 2286 1606 τῆς
2325 1537 2508 1604 κοινῆς
2558 1536 2854 1606 συνηθείας,
2899 1536 2992 1587 καὶ
3040 1533 3188 1604 παρὰ
3228 1533 3388 1586 αὑτὸν
3423 1533 3512 1586 τὸν
3560 1532 3658 1602 τῆς
3689 1532 3772 1584 οὐ.

2195 1631 2315 1691 σίας
2359 1628 2545 1686 λόγον·
2578 1627 2715 1679 ὣστε
2767 1626 3112 1696 συναριθμεῖν
3153 1627 3260 1688 τοῖς
3314 1623 3622 1697 προσώποις
3649 1625 3773 1677 τινὰ

2191 1721 2390 1790 τρόπον
2457 1719 2550 1771 καὶ
2607 1718 2810 1781 οὐσίας.
2879 1718 3000 1771 Ἐπὶ
3061 1717 3116 1770 δὲ
3167 1719 3265 1788 τῆς
3332 1717 3488 1784 ἁγίας
3543 1715 3772 1786 Τριὰδος

513 1807 569 1862 ni
590 1807 1007 1874 consuetudine,
1037 1816 1088 1862 et
1116 1820 1308 1877 prater
1330 1809 1503 1878 ipsam
1533 1811 1796 1864 rationem
1815 1811 2084 1872 essentne,

2189 1811 2337 1863 οὐδὲν
2385 1810 2622 1863 τοιοῦτον
2689 1809 2971 1878 συμϐαίνει
3030 1810 3199 1872 ποτὲ,
3256 1809 3346 1862 διά
3398 1808 3458 1861 τὸ
3508 1807 3577 1860 τά
3634 1807 3773 1862 αὐτὰ

513 1907 575 1957 ut
604 1915 725 1955 cum
749 1899 1001 1970 personis
1032 1912 1498 1954 connumerentur
1523 1901 1922 1971 quodammodo
1955 1902 2088 1955 sub-

513 1991 746 2046 stantiae.
809 1992 871 2044 In
927 2000 1118 2044 sancta
1159 2007 1290 2045 vero
1331 1991 1602 2046 Trinitate
1656 1993 1793 2046 nihil
1845 2008 2086 2062 unquam

513 2081 784 2150 ejusmodi
837 2081 1110 2142 usuvenit,
1182 2096 1248 2135 eo
1287 2082 1432 2151 quod
1477 2083 1680 2136 eaedem
1731 2099 1993 2152 personm,
2035 2090 2091 2136 et

515 2185 624 2224 non
669 2169 788 2223 alim
838 2178 1001 2238 atque
1055 2169 1174 2223 alia:
1227 2170 1498 2236 dicantur,
1548 2172 1641 2226 sed
1695 2171 1760 2226 ad
1812 2173 1950 2226 idem
1991 2187 2089 2226 co-

514 2263 746 2331 demquc
798 2261 960 2314 modo
1031 2277 1090 2317 se
1149 2262 1418 2327 habeant,
1473 2280 1650 2334 neque
1697 2265 2088 2320 incrementum

517 2354 684 2408 ullum
738 2353 853 2422 ipsa
905 2353 1147 2407 Trinitas
1179 2354 1450 2418 admittat,
1498 2369 1557 2408 ut
1597 2356 1661 2408 ad
1700 2357 1959 2411 lctradcm
1997 2371 2090 2410 ac-

517 2443 695 2508 cedat,
723 2459 896 2511 neque
919 2443 1361 2508 diminutionem,
1393 2452 1451 2496 ut
1488 2445 1553 2497 ad
1578 2444 1750 2514 dyada
1781 2445 2084 2516 rrdigatur:

517 2547 695 2602 neque
735 2532 880 2585 enim
928 2541 1219 2600 generatur
1249 2541 1341 2585 aut
1376 2534 1618 2600 procedit
1649 2549 1676 2587 a
1720 2533 1877 2588 Patre
1917 2537 1996 2588 vel
2024 2553 2088 2590 cx

518 2637 626 2674 una
673 2636 703 2674 e
750 2620 1031 2688 personis,
1086 2619 1224 2672 adeo
1255 2630 1312 2672 ut
1348 2619 1588 2677 Trinitas
1621 2627 1781 2676 etiam
1819 2635 1985 2679 tetras
2020 2626 2090 2680 sit

518 2709 843 2777 aliquando;
892 2723 1068 2775 neque
1124 2707 1308 2761 interit
1357 2726 1595 2779 unquam
1639 2729 1742 2765 una
1791 2730 1854 2766 ex
1915 2715 2091 2770 tribus

519 2799 603 2852 his
641 2797 910 2866 personis,
945 2806 1004 2850 ut
1035 2796 1275 2854 Trinitas
1315 2799 1404 2854 ﬁat
1449 2801 1602 2872 dyas.
1647 2802 1766 2856 Jam
1809 2821 1935 2858 vero
1966 2822 2090 2859 cmn

521 2889 663 2941 milia
695 2889 930 2942 accretio
983 2888 1082 2942 nec
1126 2889 1436 2956 diminutio,
1469 2909 1564 2947 nec
1602 2897 1885 2950 conversio
1934 2907 2092 2968 atque

520 2978 768 3032 alteratio
824 2993 1064 3049 unquam
1125 2979 1215 3034 ﬁat
1267 2983 1441 3038 tribus
1488 2987 1751 3053 personis,
1794 2987 2087 3042 absurdum

517 3078 658 3124 esset
708 3086 870 3139 super
909 3071 1083 3126 tribus
1107 3073 1352 3142 personis
1377 3076 1536 3128 etiam
1586 3084 1696 3132 tres
1729 3077 1909 3133 dicere
1937 3080 2086 3134 deos.

519 3158 729 3216 liursus
766 3161 998 3217 hominis
1031 3177 1275 3232 personae
1297 3179 1488 3220 omnes
1518 3182 1624 3220 non
1662 3168 1728 3221 ab
1759 3171 1947 3224 eadem
1975 3187 2090 3240 per-

517 3268 650 3307 sona
673 3253 972 3308 secundum
995 3256 1316 3311 continuum
1352 3258 1549 3312 habent
1580 3277 1700 3316 esse
1733 3278 1949 3317 :verum
1979 3265 2090 3319 ha'c

516 3345 732 3414 quidem
784 3362 849 3400 ex
902 3347 1012 3410 illa,
1065 3348 1177 3401 haec
1226 3357 1406 3402 autem
1440 3366 1502 3404 cx
1557 3352 1645 3406 illa
1687 3353 1740 3406 in
1803 3357 1971 3409 multa
2036 3366 2090 3410 et

516 3437 730 3491 diversa
781 3452 902 3492 esse
954 3453 1119 3506 super
1178 3441 1418 3494 causatis
1475 3441 1636 3495 etiam
1690 3459 1884 3501 causas
1930 3466 1942 3501 :
1998 3465 2090 3503 ve-

519 3543 638 3580 rum
687 3527 739 3578 in
781 3534 970 3580 sancta
1024 3526 1295 3583 Trinitate
1344 3546 1449 3584 non
1492 3531 1566 3584 ita
1626 3548 1685 3587 se
1734 3549 1822 3589 res
1884 3537 2086 3602 habet;

520 3631 647 3672 nam
695 3632 803 3671 una
854 3618 1129 3672 eteadem
1163 3634 1393 3689 persona
1440 3621 1639 3692 Patris,
1674 3641 1736 3680 ex
1784 3643 1891 3696 quo
1921 3627 2089 3683 Filius

519 3717 811 3779 generatur
855 3719 908 3763 et
965 3707 1202 3779 Spiritus
1244 3723 1468 3770 sanctus
1520 3718 1784 3786 procedit.
1822 3719 2087 3785 ριιυιιῑηττι

491 3799 682 3854 etiam
723 3799 940 3869 proprie
985 3815 1152 3855 unum
1201 3811 1478 3859 auctorem
1543 3822 1730 3860 eorum
1785 3825 1906 3878 qua:
1949 3827 1976 3864 a
2032 3827 2089 3867 se

518 3898 579 3944 ut
598 3904 763 3946 causa
792 3889 1123 3960 dependent,
1152 3910 1319 3948 unum
1355 3895 1523 3950 Deum
1552 3899 1850 3954 asserimus
1878 3918 1888 3952 ε
1919 3917 2089 3970 quan-

519 3981 809 4052 doquidem
833 3998 939 4037 una
964 3983 1125 4038 etiam
1157 3999 1278 4038 cum
1311 3985 1444 4054 ipsis
1467 3988 1700 4040 exsistit.
1737 3987 1922 4058 Neque
1944 3993 2086 4046 enim

516 4081 761 4142 tempore
790 4073 1107 4128 dividuntur
1145 4089 1175 4128 a
1217 4091 1276 4130 se
1317 4077 1546 4130 invicem
1577 4094 1820 4146 persona:
1848 4081 2085 4148 deitatis,

519 4178 697 4233 neque
716 4164 856 4230 loco,
887 4179 1062 4234 neque
1089 4165 1366 4220 voluntate
1387 4168 1704 4234 consiliove,
1727 4186 1900 4239 neque
1927 4172 2085 4227 insti-

519 4257 1190 4326 tuto,nequeoperatione,
1209 4259 1682 4327 ncqueaﬁ‘ectione
1697 4263 1803 4315 ulla
1817 4264 2085 4333 ejusmodi

516 4362 638 4415 qua:
670 4349 1050 4404 consideratur
1088 4349 1142 4403 in
1169 4349 1504 4415 hominibus,
1533 4354 1625 4408 sed
1658 4355 1925 4410 duntaxat
1955 4359 2080 4428 quia

2190 1901 2492 1972 πρόσωπα,
2545 1899 2637 1952 καὶ
2701 1900 2795 1967 οὐχ
2859 1898 3019 1970 ἕτερα
3088 1900 3182 1954 καὶ
3239 1898 3403 1967 ἕτερα
3475 1895 3770 1965 λέγεσθαι,

2189 1992 2328 2044 κατὰ
2353 1991 2412 2043 τὸ
2434 1991 2560 2044 αὐτὸ
2591 1990 2682 2042 καὶ
2712 1989 2969 2052 ὡσαύτως
3015 1990 3232 2059 ἔχοντα’
3274 1992 3410 2061 μήτε
3445 1989 3766 2063 προσθήκην

2187 2083 2308 2136 τινὰ
2345 2082 2590 2150 δέχεσθαι
2621 2080 2786 2150 αὐτὴν
2821 2083 2898 2143 είς
2940 2081 3199 2152 τετράδα’
3241 2081 3376 2150 μήτε
3408 2081 3648 2150 μείωσιν,
3670 2080 3771 2148 τὴν

2189 2177 2268 2234 είς
2301 2174 2494 2226 δυάδα·
2532 2171 2655 2224 οὔτε
2704 2172 2810 2241 γὰρ
2837 2175 3085 2240 γεννᾶται
3131 2173 3163 2244 ἢ
3199 2172 3552 2244 ἐκπορεύεται
3587 2173 3650 2224 ἐκ
3675 2171 3770 2224 τοῦ

2189 2266 2477 2336 Πατέροςῆ
2502 2264 2559 2328 ἐξ
2588 2265 2702 2328 ἐνὸς
2733 2264 2840 2315 τῶν
2872 2263 3178 2334 προσώπων
3199 2303 3214 2326 ,
3247 2263 3386 2318 ὥστε
3416 2265 3506 2321 καὶ
3525 2264 3774 2334 τετράδα

2190 2353 2328 2410 εἷναί
2360 2373 2488 2409 ποτε
2533 2356 2629 2424 τὴν
2680 2355 2882 2424 Τριᾶδα
2909 2372 2920 2384 ·
2957 2355 3077 2407 οὒτε
3119 2355 3340 2425 τελευτᾷ
3389 2372 3517 2410 ποτε
3569 2355 3624 2407 ἒν
3659 2353 3771 2410 τῶν

2188 2447 2354 2518 τριῶν
2411 2448 2614 2500 τούτων
2668 2447 2994 2517 προσώπων,
3037 2447 3174 2500 ὥστε
3220 2447 3386 2501 δυάδα
3430 2447 3526 2517 τὴν
3566 2446 3770 2516 τριάδα

2189 2539 2452 2607 γίνεσθαι.
2515 2538 2836 2608 Προσθήκης
2882 2536 2937 2589 δὲ
2988 2538 3080 2590 καὶ
3126 2533 3424 2608 μειώσεως,
3464 2538 3672 2607 τροπῆς
3710 2552 3768 2588 τε
3803 2588 3816 2605 _

2191 2631 2283 2683 καὶ
2320 2627 2654 2691 ἀλλοιώσεως
2707 2628 2972 2698 μηδεμιᾶς
3017 2646 3145 2680 ποτε
3177 2628 3464 2697 γινομένης
3489 2629 3598 2689 τοῖς
3623 2627 3769 2698 τρισὶ

2190 2717 2519 2787 προσώποις,
2560 2717 2756 2770 ἄτοπον
2803 2716 2938 2784 πρὸς
2990 2719 3103 2778 τοῖς
3152 2717 3296 2786 τρισὶ
3341 2715 3650 2786 προσώποις
3675 2715 3772 2768 καὶ

2188 2813 2336 2881 τρεῖς
2369 2810 2545 2877 λέγειν
2575 2808 2747 2872 θεούς.
2781 2810 2946 2862 Πάλιν
2970 2809 3035 2863 τὰ
3072 2809 3163 2863 τοῦ
3195 2810 3481 2881 ἀνθρώπου
3505 2811 3770 2880 πρόσωπα

2191 2904 2388 2966 πάντα,
2417 2903 2515 2954 οὐκ
2546 2902 2650 2954 ἀπὸ
2680 2901 2772 2955 τοῦ
2822 2901 2985 2954 αὐτοῦ
3017 2902 3307 2974 προσώπου
3339 2902 3478 2954 κατά
3511 2901 3569 2954 τὸ
3613 2916 3772 2969 προσο

2191 2997 2308 3065 εχὲς
2340 2994 2450 3070 ἔχει
2481 2992 2541 3046 τὸ
2570 2988 2707 3046 εἶναι
2734 3010 2745 3021 ·
2777 2993 2911 3046 ἀλλὰ
2956 2993 3023 3046 τὰ
3057 2995 3151 3063 μὲν
3177 2995 3239 3045 ἐκ
3267 2993 3454 3046 τούτου
3489 3009 3502 3020 ”
3532 2992 3599 3044 τὰ
3623 2991 3678 3044 δὲ
3711 2990 3771 3055 ἐξ

2192 3087 2397 3146 ἐκείνου
2435 3089 2511 3148 εἰς
2537 3085 2702 3140 πολλὰ
2737 3086 2828 3138 καὶ
2851 3085 3076 3158 διάφορα
3113 3081 3248 3138 εἶναι
3285 3085 3419 3155 πρὸς
3450 3087 3563 3148 τοῖς
3595 3084 3770 3138 αἰτια-

2190 3183 2302 3243 τοῖς
2357 3181 2449 3232 καὶ
2505 3179 2570 3232 τὰ
2612 3180 2758 3232 αἴτια
2783 3196 2796 3209 ’
2840 3179 2932 3230 ἐπὶ
2974 3179 3028 3231 δὲ
3073 3179 3169 3246 τῆς
3204 3178 3361 3246 ἁγίας
3397 3177 3644 3247 Τριάὃος,
3673 3175 3770 3246 οὐχ

2190 3272 2378 3334 οὕτως.
2413 3273 2506 3323 Ἓν
2542 3271 2645 3342 γὰρ
2672 3272 2764 3324 καὶ
2799 3271 2858 3324 τὸ
2891 3271 3021 3323 αὐτὸ
3049 3271 3336 3341 πρόσωπον
3364 3269 3458 3322 τοῦ
3506 3271 3768 3340 Πατέρος,

2191 3361 2248 3427 ἐξ
2275 3355 2333 3414 οὗ
2359 3364 2386 3414 ὁ
2417 3361 2539 3423 Υἱὸς
2572 3363 2846 3429 γεννᾶται,
2889 3361 2981 3414 καὶ
3011 3362 3070 3412 τὸ
3104 3361 3322 3430 Πνεῦμα
3355 3362 3414 3413 τδ
3441 3363 3589 3429 ἅγιον
3606 3362 3771 3414 imm"

2194 3453 2427 3524 ρεῦεται.
2462 3452 2549 3506 Διό
2579 3454 2670 3506 καὶ
2695 3454 2898 3521 κυρίως
2942 3452 3030 3504 τὸν
3054 3451 3149 3504 ἕνα
3188 3453 3356 3514 αἴτιον
3385 3453 3511 3504 ὂντα
3541 3452 3645 3504 τῶν
3670 3451 3769 3505 αὑ-

2189 3546 2280 3597 τοῦ
2314 3545 2588 3609 αἰτιατῶν,
2617 3545 2712 3598 ἕνα
2743 3545 2873 3596 Θεόν
2924 3562 3134 3614 φαμεν·
3167 3546 3287 3596 ἐπεὶ
3321 3545 3410 3596 καὶ
3443 3543 3768 3617 συνυπάρχει

2188 3637 2384 3698 αὐτοῖς.
2414 3634 2548 3688 Οὔτε
2579 3635 2687 3706 γὰρ
2713 3635 2887 3706 χρόνῳ
2910 3636 3192 3706 διαιρεῖται
3224 3636 3467 3705 ἀλλήλων
3505 3635 3569 3689 τὰ
3600 3636 3769 3706 πρόσ-

2186 3745 2310 3784 ωπα
2349 3728 2447 3798 τῆς
2476 3728 2744 3795 θεότητος,
2769 3726 2888 3780 οὔτε
2925 3727 3091 3796 τόπῳ,
3140 3729 3198 3780 οὐ
3233 3728 3415 3798 βουλῇ,
3450 3728 3546 3781 οὐκ
3581 3730 3767 3800 ὲπιτηφ

2187 3819 2433 3888 δεύματι,
2471 3819 2567 3870 οὐκ
2598 3817 2865 3888 ἐνεργείᾳ,
2889 3817 2947 3870 οὐ
2978 3819 3136 3872 πάθει
3158 3819 3331 3871 οὐδενὶ
3360 3819 3464 3871 τῶν
3489 3819 3763 3884 τοιούτων,

2186 3904 2407 3980 οἷάπερ.
2431 3910 2712 3980 θεωρεῖται
2753 3910 2843 3962 ἐπὶ
2878 3909 2984 3963 τῶν
3013 3910 3313 3980 ἀνθρώπων
3333 3928 3345 3940 ·
3371 3910 3402 3980 ἢ
3441 3911 3595 3980 μόνον
3625 3913 3707 3965 ὅτι
3739 3914 3767 3966 ό

2188 4001 2395 4071 Πατὴρ,
2426 4001 2613 4070 Πατήρ
2662 4003 2798 4063 ἐστι,
2833 4001 2924 4053 καὶ
2973 4001 3070 4070 οὐχ
3108 4000 3232 4063 Υίός
3258 4017 3271 4030 ·
3312 4001 3459 4064 Υἱὸς,
3499 4002 3626 4064 Υἱός
3651 4004 3766 4055 ἐστι

2187 4093 2279 4144 καὶ
2342 4093 2401 4142 οὐ
2455 4092 2684 4160 Πατήρ·
2725 4091 2925 4159 ὁμοίως
2965 4092 3057 4143 καὶ
3103 4091 3163 4143 τὸ
3215 4091 3437 4160 Πνεῦμα
3487 4091 3548 4144 τὸ
3583 4093 3757 4160 ἅγιον,

2185 4180 2302 4233 οὐδὲ
2336 4180 2541 4249 Πατὴρ,
2570 4179 2686 4231 οὐδὲ
2719 4179 2844 4240 Υἱός
2881 4179 3076 4248 Διόπερ
3102 4179 3323 4248 οὐδεμία
3346 4179 3558 4249 ἀνάγκη
3582 4198 3766 4252 παραυ

2189 4269 2442 4332 σκευάζει
2479 4271 2622 4339 ἡμᾶς
2649 4273 2794 4339 τρεῖς
2833 4269 2985 4329 θεοὺς
3028 4271 3199 4320 εἰπεῖν
3228 4269 3294 4322 τὰ
3321 4269 3445 4339 τρία
3478 4270 3763 4339 πρόσωπα,

2185 4361 2370 4431 ὥσπερ
2400 4361 2482 4428 ἐφ’
2515 4361 2668 4430 ἡμῶν
2688 4359 2910 4424 πολλοὺς
2941 4359 3258 4430 ἀνθρώπους
3290 4362 3467 4430 φαμὲν
3497 4361 3563 4414 τά
3596 4363 3761 4415 πολλὰ

515 4437 697 4492 Pater.
717 4435 874 4492 Pater
891 4445 993 4503 est,
1017 4446 1068 4492 et
1091 4454 1198 4494 non
1218 4438 1409 4508 Filius;
1424 4439 2081 4509 Filius,Filiuscst,ctnon

2191 4450 2456 4520 πρόσωπα
2484 4448 2570 4500 διὰ
2610 4448 2708 4510 τὰς
2739 4449 3031 4518 εἰρημένας
3080 4449 3276 4511 αἰτίας,
3309 4451 3400 4502 καὶ
3428 4451 3488 4503 οῦ
3520 4452 3659 4504 κατὰ
3688 4452 3766 4505 λό-

515 4521 701 4576 Pater:
726 4524 978 4580 similiter
998 4526 1159 4580 ctiam
1186 4527 1420 4597 Spiritus
1443 4539 1683 4596 sanctus,
1712 4549 1884 4602 neque
1904 4534 2082 4602 Pater,

516 4633 695 4685 neque
723 4615 894 4672 Filius
918 4619 1020 4673 est.
1051 4618 1392 4691 Quapropter
1421 4624 1569 4676 nulla
1597 4629 1899 4683 necessitas
1933 4641 2086 4700 urget

515 4719 616 4759 nos
639 4706 705 4758 ad
730 4707 1018 4762 dicendum
1039 4716 1150 4764 tres
1176 4710 1306 4766 deos
1325 4729 1443 4766 esse
1467 4730 1725 4782 personas
1754 4727 2088 4789 tres:quem—

516 4795 804 4850 admodum
837 4799 889 4851 in
918 4799 1074 4855 nobis
1111 4801 1310 4856 multos
1352 4803 1599 4858 homines
1623 4807 1854 4863 dicimus
1889 4813 2086 4867 multas

516 4901 800 4954 personas,
834 4899 1052 4958 propter
1092 4907 1185 4945 eas
1210 4908 1346 4960 quas
1377 4893 1612 4949 diximus
1651 4913 1866 4964 causas,
1902 4910 2085 4956 etnon

515 4977 667 5046 juxta
688 4979 950 5032 rationem
977 4983 1360 5045 necessariam,
1401 4984 1545 5052 quod
1590 4986 1727 5040 idem
1767 5001 1849 5042 est
1888 5006 1982 5058 per
2005 5007 2084 5055 se,

517 5085 685 5125 unum
705 5079 760 5124 et
798 5071 963 5124 multa
999 5086 1102 5124 non
1131 5081 1305 5140 potest
1333 5090 1473 5127 esse.
1504 5073 1600 5128 Est
1629 5078 1788 5128 etiam
1816 5076 2010 5132 Petrus
2033 5087 2088 5133 et

515 5161 718 5217 Paulus
735 5169 788 5216 et
811 5160 1086 5217 Barnabas
1103 5165 1400 5221 secundum
1426 5166 1717 5226 hominem,
1745 5183 1884 5222 unus
1903 5168 2076 5239 homo;

516 5264 570 5311 ct
594 5254 893 5311 secundum
918 5254 1021 5308 hoc
1047 5255 1244 5324 ipsum,
1269 5265 1541 5326 quatenus
1571 5257 1756 5319 homo,
1792 5259 1941 5314 multi
1975 5276 2084 5315 non

518 5359 742 5417 possunt
776 5363 898 5404 esse
943 5347 1234 5402 :dicuntur
1271 5358 1445 5402 autem
1483 5349 1635 5402 multi
1682 5350 1926 5404 homines
1958 5353 2087 5406 abu-

517 5440 632 5494 sive
686 5455 750 5494 ac
788 5456 892 5494 non
936 5439 1201 5509 proprie:
1249 5439 1392 5508 quod
1440 5454 1570 5492 vero
1620 5456 1713 5508 per
1765 5441 2083 5497 abusionem

517 5527 738 5592 dicitur,
769 5529 1183 5598 haudquaquam
1215 5529 1356 5598 apud
1409 5545 1503 5583 cos
1531 5530 1621 5598 qui
1704 5531 1922 5599 sapiunt
1988 5533 2320 5602 prchonitur
2381 5533 2430 5586 ei
2485 5533 2628 5602 quod
2679 5534 2916 5602 proprie.
2975 5535 3240 5600 Quocirca

2190 4555 2285 4605 γον
2324 4540 2618 4604 ἀναγκαῖον
2646 4538 2705 4588 τὸ
2728 4537 2886 4589 αὐτὸν
2920 4537 3057 4590 κατὰ
3091 4538 3273 4603 αὑτὸν,
3302 4538 3356 4589 ἓν
3385 4540 3475 4591 καὶ
3508 4541 3675 4593 πολλὰ
3703 4545 3762 4594 οὐ

2189 4627 2412 4681 δυνατὸν
2450 4625 2606 4681 εἶναι.
2640 4628 2794 4681 Ἔστι
2829 4628 2882 4680 δὲ
2909 4630 3000 4680 καὶ
3028 4629 3247 4697 Πέτρος,
3290 4631 3381 4682 καὶ
3412 4631 3643 4696 Παῦλος,
3672 4636 3761 4686 καὶ

2193 4719 2506 4786 Βαρνάϐας,
2551 4718 2689 4771 κατά
2744 4719 2825 4780 τὸ,
2863 4719 3172 4790 ἄνθρωπος,
3208 4715 3286 4783 εἷς
3329 4721 3630 4792 ἄνθρωπος,
3673 4726 3762 4776 καὶ

2192 4811 2332 4864 κατὰ
2364 4810 2423 4862 τὸ
2454 4810 2584 4862 αὐτὸ
2637 4809 2810 4872 τοῦτο,
2849 4811 2988 4862 κατᾶ
3021 4811 3103 4873 τὸ,
3142 4811 3446 4881 ἅνθρωπος,
3490 4814 3670 4866 πολλοὶ
3703 4818 3761 4866 οὐ

2193 4902 2442 4955 δύνανται
2473 4897 2629 4955 εἶναι.
2678 4901 2936 4968 Λέγονται
2979 4903 3033 4954 δὲ
3069 4903 3251 4956 πολλοὶ
3281 4903 3555 4975 ἄνθρωποι
3593 4922 3760 4958 κατα-

2193 4990 2519 5060 χρηστικῶς.
2552 4991 2644 5042 καὶ
2671 4992 2731 5042 οῦ
2773 4991 2972 5059 κυρίως
2995 5009 3007 5020 ·
3037 4992 3161 5043 τδδὲ
3196 4995 3646 5064 καταχρηστικῶς
3678 4996 3762 5046 λε-

2193 5082 2438 5150 γόμενον,
2471 5083 2569 5135 οὐκ
2604 5082 2668 5135 ἂν
2707 5085 2814 5146 τοῖς
2842 5079 2898 5134 εὖ
2940 5083 3193 5153 φρονοῦσι
3219 5083 3312 5137 τοῦ
3341 5087 3544 5154 κυρίως
3574 5104 3757 5156 προτι-

2198 5171 2413 5241 μηθείη.
2443 5172 2531 5223 Διὸ
2555 5173 2613 5223 οὐ
2641 5172 2858 5225 λεκτέον
2893 5174 2982 5224 ἐπὶ
3010 5174 3114 5225 τῶν
3137 5174 3299 5244 τριῶν
3331 5175 3631 5245 προσώπων
3658 5179 3758 5245 τῆς

2195 5261 2342 5324 θείας
2370 5261 2552 5324 οὐσίας
2582 5266 2726 5332 τρεῖς
2773 5263 2926 5325 θεοὺς
2961 5261 3124 5327 εἶναι,
3158 5265 3296 5316 κατὰ
3323 5265 3382 5316 τὸ
3399 5266 3528 5328 Θεός
3551 5283 3564 5295 ⁵
3595 5261 3674 5328 εἷς
3705 5268 3757 5318 δὲ

2191 5351 2321 5413 Θεὸς
2345 5351 2436 5404 καὶ
2455 5353 2482 5403 ὁ
2506 5350 2664 5412 αὐτὸς
2691 5351 2778 5403 διὰ
2794 5352 2889 5421 τὴν
2905 5351 3205 5422 ταυτότητα
3220 5353 3318 5422 τῆς
3335 5355 3520 5417 οὐσίας
3549 5349 3616 5426 ἦς
3644 5357 3760 5408 ἐστι

2189 5443 2319 5506 Θεὸς
2353 5442 2703 5512 σημαντικὸν,
2740 5442 2920 5506 καθὼς
2952 5444 3194 5515 εἴπομεν.

3335 5535 3554 5589 minime
3637 5551 3759 5604 pro-

519 5619 776 5672 ﬁtendum
829 5630 912 5673 est
954 5621 1006 5674 in
1060 5622 1235 5677 tribus
1271 5621 1520 5692 personis
1575 5622 1769 5677 (Ιιι-ἰιιίυ
1807 5627 2059 5679 essentia:
2121 5614 2239 5681 tres.
2281 5625 2414 5680 deos
2443 5641 2586 5688 esse,
2622 5637 2891 5696 quatenus
2920 5627 3060 5684 Deus
3093 5647 3106 5683 :
3136 5645 3280 5684 unus
3313 5642 3441 5682 vero
3499 5635 3554 5682 et
3617 5629 3758 5686 idem

521 5709 660 5774 Deus
715 5713 1292 5782 prOpteridentitatem
1327 5715 1664 5781 substantiae,
1696 5718 1852 5786 cujus
1887 5717 1945 5770 τὸ
1968 5718 2108 5775 Deus
2146 5727 2228 5775 est
2277 5717 2716 5791 signiﬁcativum,
2773 5731 2829 5776 ut
2873 5722 3076 5777 dictum
3124 5733 3209 5776 est
3263 5737 3294 5774 a
3361 5718 3542 5776 nobis.
