4066 6146
377 223 473 279 εει
1469 210 1554 264 DE
1595 205 2048 266 COMMUNIBUS
2087 204 2515 263 bOTlONlBUS.

447 340 507 391 Εἰ
553 337 609 389 δὲ
658 333 807 402 λέγοι
864 350 975 396 τις·
1019 333 1128 387 Καὶ
1161 332 1275 395 πῶς
1319 334 1351 402 ἡ
1405 332 1595 402 Γραφὴ
1637 328 1954 401 συναριθμεῖ

2123 329 2362 409 Quodsi
2397 331 2521 400 quis
2565 328 2739 395 dicat,
2782 329 2847 384 Et
2881 329 3151 400 quomodo
3184 328 3464 402 Scriptura
3501 340 3614 387 tres

375 431 521 500 τρεῖς
576 427 772 497 ἄνδρας
808 425 947 478 κατὰ
994 424 1305 496 περιουσίαν
1333 440 1349 489 ;
1380 425 1559 494 ὁράτω
1587 423 1668 476 ὅτι
1704 420 1829 473 Υἰὸν
1860 419 1952 473 καὶ

2077 421 2197 477 'iros
2264 430 2624 476 connumerat
2689 436 2756 475 ex
2814 421 3189 478 abundantia?
3234 421 3410 478 videat
3469 424 3615 493 quod

376 522 529 588 ἅγιον
559 517 784 587 Πνεῦμα
814 516 1029 585 διδοῦσα
1054 518 1087 586 ἡ
1114 516 1304 586 Γραφὴ
1321 516 1416 568 καὶ
1439 514 1571 567 Θεὸν
1596 513 1787 580 Λόγον,
1821 510 1953 563 Θεὸν

2077 511 2247 566 I‘ilium
2285 521 2340 568 ct
2380 524 2629 569 sanctum
2664 512 2928 584 Spiritum
2970 513 3193 571 tradens
3224 513 3531 586 Scriptura,
3563 525 3615 571 et

3510 208 3614 263 {99.

380 614 455 682 μὴ
478 611 670 679 Λόγον,
692 607 959 673 τουτέστι,
976 607 1106 660 Θεὸν
1130 607 1370 677 Πατέρα,
1390 604 1522 658 Θεὸν
1546 603 1766 672 Πνεῦμα
1780 602 1951 670 ἅγιονο

377 704 509 755 Θεὸν
533 698 903 771 παραδιδοῦσα
927 738 940 762 ,
977 696 1203 751 καθόλου
1236 697 1581 766 παραιτεῖται
1623 695 1771 764 τρεῖς
1803 692 1955 754 θεοὺς

378 793 572 856 εἰπεῖν,
609 789 865 843 ἀσέϐειαν
913 787 1190 858 ἡγουμένη
1224 786 1321 858 τὴν
1374 784 1682 850 πολυθεΐαν,
1728 782 1823 836 καὶ
1860 782 1956 834 ἕνα

378 884 512 936 Θεὸν
544 881 715 935 διόλου
764 879 1131 960 κηρύττουσα,
1165 880 1301 950 μήτε
1336 876 1402 930 τὰ
1447 876 1711 947 πρόσωπα
1748 871 1957 941 συμφῦ-

381 992 572 1045 ρουσα,
630 974 769 1043 μήτε
828 972 928 1041 τὴν
991 971 1218 1042 θεότητα
1256 970 1572 1042 διαιροῦσαο
1622 968 1958 1037 φυλάττουσα

378 1062 435 1115 δὲ
474 1061 673 1133 μᾶλλον
721 1059 1025 1128 ταυτότητα
1065 1057 1313 1130 θεότητος
1350 1059 1408 1113 ὲν
1440 1059 1693 1127 ἰδιότησιν
1724 1057 1958 1110 ὑποστά-

383 1170 544 1214 σεων,
568 1153 601 1223 ἢ
625 1152 696 1214 ὡς
717 1152 884 1221 τριῶν
914 1149 1237 1221 προσώπων.
1268 1151 1331 1203 Εἰ
1346 1150 1399 1202 δὲ
1418 1149 1664 1219 βούλεται
1691 1147 1719 1199 ό
1739 1146 1959 1201 τοιαῦτα

380 1245 556 1313 λέγων
589 1242 779 1314 μαθεῖν
828 1244 887 1296 τὸ
928 1241 1143 1313 ἀληθὲς,
1182 1240 1498 1308 γινωσκέτω
1535 1239 1607 1304 ὡς
1641 1240 1788 1307 τρεῖς
1814 1237 1960 1307 λέγει

383 1337 418 1408 ἡ
452 1335 637 1407 Γραφή
663 1351 676 1363 °
712 1333 915 1403 καίπερ
936 1332 1031 1384 ’ένα
1058 1330 1338 1402 ἄνθρωπον
1364 1331 1490 1392 τοὺς
1515 1328 1838 1398 σύμπαντας
1879 1344 1960 1395 γι-

384 1424 690 1488 νώσκουσα,
742 1422 890 1477 κατὰ
935 1421 1013 1483 τὸ,
1070 1422 1411 1489 Ἀνθρωπος
1462 1420 1603 1475 ὡσεὶ
1649 1420 1861 1488 χόρτος
1903 1421 1961 1472 αἱ

386 1517 606 1587 ἡμέραι
651 1514 834 1569 αὑτοῦ
860 1530 875 1544 ·
915 1508 1000 1566 οἷα
1047 1512 1245 1584 τροφὸς
1278 1512 1476 1582 ἀγαθὴ,
1523 1510 1615 1564 καὶ
1652 1510 1757 1563 ἴδια
1790 1507 1963 1579 βρέφη

384 1610 512 1671 τοὺς
547 1604 866 1677 ἀνθρώπους
896 1603 1221 1675 λογιζομένη
1245 1619 1256 1634 '
1291 1604 1384 1657 καὶ
1414 1604 1582 1657 ἐνίοτε
1617 1603 1797 1664 αὐτοῖς
1822 1617 1959 1668 συμ-

383 1698 729 1768 ψελλίζουσα,
769 1696 862 1748 καὶ
918 1694 1176 1767 χρωμένη
1228 1684 1424 1765 ὁμοίως
1466 1694 1692 1763 ἐκείνοις
1716 1690 1825 1746 τῶν
1851 1691 1965 1744 ὀνο-

389 1789 579 1860 μάτων
626 1788 785 1849 τισὶν,
842 1787 902 1838 οὐ
956 1789 1450 1856 παραγινώσχουσα
1515 1784 1577 1838 τὸ
1618 1783 1841 1837 τέλειον.
1900 1781 1964 1835 Ἦ

385 1880 528 1951 αὑτὴ
588 1878 697 1950 γὰρ
748 1878 841 1930 καὶ
899 1870 1034 1941 ὦτα,
1088 1878 1181 1930 καὶ
1226 1875 1555 1946 ὀφθαλμοὺς,
1590 1874 1681 1928 καὶ
1712 1872 1872 1926 λοιπὰ
1903 1872 1967 1944 δὴ

391 1973 560 2044 μόρια
591 1970 840 2041 σώματος
867 1968 1009 2039 ἔχειν
1039 1968 1270 2037 λέγουσα
1302 1968 1393 2021 τὸν
1431 1967 1582 2029 Θεὸν,
1604 1967 1663 2019 οὑ
1696 1966 1871 2034 δόγμα
1909 1964 1968 2017 τὸ

387 2064 600 2119 τοιοῦτο
634 2062 998 2132 παραδίδωσι,
1055 2060 1306 2114 σύνθετον
1351 2059 1640 2130 ὁριζομένη
1691 2058 1750 2111 τὸ
1780 2058 1965 2109 Θεῖον·

387 2155 530 2211 ἀλλὰ
555 2154 697 2208 κατὰ
750 2154 840 2206 τὸν
867 2152 1152 2224 εἰρημένον
1200 2153 1399 2224 τρόπον
1432 2154 1495 2204 ἐκ
1530 2151 1840 2221 μεταφορᾶς
1864 2147 1969 2201 τῶν

385 2244 695 2319 ἡμετέρων,
745 2246 880 2316 πρὸς
940 2243 1228 2315 ἀναγωγὴν
1251 2243 1358 2297 τῶν
1409 2241 1484 2314 μὴ
1523 2241 1744 2312 άμέσως
1788 2240 1879 2293 ἐπὶ
1902 2239 1970 2292 τὰ

386 2334 662 2404 ἀσώματα
697 2336 890 2404 χωρεῖν
924 2333 1254 2402 δυναμένων,
1290 2332 1358 2385 τὰ
1393 2330 1634 2401 δόγματα
1664 2327 1966 2383 ἐκτίθεται·

389 2424 620 2493 Πνεῦμα
674 2423 902 2491 λέγουσα
936 2422 1024 2476 τὸν
1053 2422 1186 2475 Θεὸν
1218 2418 1378 2481 εἶναι,
1414 2422 1505 2474 καὶ
1542 2419 1814 2490 πανταχοῦ
1846 2418 1971 2471 ἔνθα

387 2533 479 2578 τις
512 2515 807 2586 πορευθείη
838 2517 1092 2586 παρεῖναι
1124 2514 1183 2568 τὸ
1215 2513 1419 2569 ἁπλοῦν
1453 2512 1617 2567 αὑτοῦ
1656 2514 1750 2568 καὶ
1779 2512 1971 2583 ἀπερί-

388 2623 631 2677 γραφον,
664 2606 809 2676 ἡμᾶς
852 2601 1255 2659 ὲκδιδὰσκουσα.
1284 2604 1440 2659 Οὕτω
1478 2606 1571 2659 καὶ
1601 2607 1748 2676 τρεῖς
1776 2605 1974 2676 ἄνδρας

390 2699 628 2767 λέγουσα
667 2696 756 2750 διὰ
789 2696 1107 2767 συνήθειαν,
1145 2696 1229 2749 ἵνα
1269 2698 1343 2768 μὴ
1379 2695 1558 2767 ξενίζῃ
1585 2695 1648 2748 τὸ
1678 2695 1854 2749 κοινὸν
1882 2696 1977 2747 καὶ

390 2794 454 2844 ἐν
479 2793 679 2861 χρήσει
726 2788 833 2841 τῶν
871 2787 1077 2841 πολλῶν
1115 2788 1375 2859 ὑπάρχον.
1426 2789 1533 2841 Καὶ
1589 2787 1685 2842 ἕνα
1739 2787 1872 2858 φησὶ
1908 2787 1973 2840 δι’

392 2882 705 2952 ἀκρίϐειαν,
754 2880 840 2932 ἵνα
894 2879 968 2949 μὴ
1004 2879 1352 2949 παρασαλεύῃ
1397 2878 1457 2932 τὸ
1497 2879 1668 2942 τέλος,
1699 2881 1792 2932 καὶ
1819 2881 1877 2931 ἐν
1908 2880 1974 2949 τῇ

392 2973 560 3042 φύσει
585 2972 696 3024 τῶν
726 2970 1066 3042 πραγμάτων
1087 2970 1450 3041 θεωρουμένη.
1483 2971 1592 3024 Καὶ
1615 2971 1676 3023 τὸ
1696 2971 1792 3039 μὲν
1817 2968 1978 3039 ἡγού-

396 3063 541 3137 μεθα
567 3061 969 3131 συγκατάϐασιν
997 3061 1089 3113 ἐπὶ
1123 3061 1374 3131 χρησίμῳ
1401 3060 1494 3113 καὶ
1519 3058 1848 3129 συμφέροντι
1870 3056 1977 3110 τῶν

393 3152 846 3223 νηπιωδεστέρων
873 3150 1241 3220 γεγενημένον
1262 3168 1275 3180 ·
1312 3150 1373 3203 τὸ
1405 3150 1460 3203 δὲ
1488 3148 1777 3221 όριζόμεθα
1806 3148 1979 3217 δόγμα

397 3243 495 3296 ἐπὶ
523 3241 810 3312 βεϐαιώσει
854 3241 947 3294 καὶ
978 3239 1271 3308 παραδόσει
1303 3240 1402 3310 τῆς
1422 3238 1752 3310 τελειότητος
1775 3238 1982 3291 emos-

401 3350 588 3404 μενον.
632 3331 788 3385 Ἀλλὰ
842 3331 998 3386 πάλιν
1031 3331 1159 3401 φασί
1208 3348 1348 3393 τινες
1378 3331 1478 3396 ὅτι,
1521 3329 1709 3401 ὥσπερ
1728 3330 1987 3400 λέγομεν·

414 3421 1509 3494 ’Υπόστασιςὺποστάσειι)ς,ήὑπόστασις,
1537 3423 1686 3476 οὐδὲν
1719 3422 1979 3493 διαφέρει·

402 3511 500 3565 καὶ
520 3512 583 3564 οὐ
616 3511 763 3582 παρὰ
798 3511 958 3565 τοῦτο
1000 3513 1096 3582 μία
1126 3514 1419 3581 ὑπόστασις
1460 3515 1515 3568 αί
1546 3515 1714 3567 πᾶσαι
1745 3511 1989 3566 ὑποστά-

404 3620 525 3667 σεις
550 3621 566 3636 ·
593 3603 687 3656 καὶ
718 3601 906 3674 ὥσπερ
957 3604 1134 3667 οὐσία,
1169 3605 1353 3667 οὐσίας
1399 3604 1547 3659 οὐδὲν
1576 3603 1822 3673 διαφέρει
1846 3620 1858 3634 ’
1892 3603 1986 3657 καὶ

402 3696 466 3750 οὐ
502 3694 658 3766 παρὰ
681 3695 838 3748 τοῦτο
869 3694 965 3765 μία
995 3696 1151 3748 οὐσία
1183 3697 1251 3748 αἱ
1268 3698 1437 3750 πᾶσαι
1473 3696 1648 3748 οὐσίαι
1674 3713 1687 3726 ο
1717 3692 1889 3757 οὓτως
1920 3693 1984 3747 ἂν

403 3788 682 3857 εἴποιμεν,
714 3787 846 3851 Θεὸς
871 3787 1004 3840 Θεοῦ
1036 3788 1453 3858 οὐδὲνδιαφέρει
1473 3804 1485 3815 ⁸
1513 3787 1605 3841 καὶ
1627 3786 1688 3839 οὐ
1721 3786 1807 3839 διὰ
1832 3784 1987 3839 τοῦτο

403 3876 489 3942 εἷς
523 3878 680 3944 Θεὸς,
741 3878 796 3930 αἱ
845 3880 994 3948 τρεῖς
1043 3879 1388 3942 ὑποστάσεις,
1448 3875 1570 3931 καθ’
1625 3871 1699 3933 ὧν
1757 3875 1817 3928 τὸ
1855 3876 1984 3938 Θεὸς

407 3970 816 4039 κατηγορεῖται.
840 3952 947 4020 Καὶ
975 3967 1158 4031 πάλιν,
1185 3969 1502 4037 Ἀνθρωπος
1522 3965 1808 4037 ἀνθρώπου
1833 3967 1984 4020 οὐδὲν

402 4058 682 4128 διαφέρει,
709 4057 975 4124 λέγοντες,
1018 4057 1118 4109 οὑκ
1143 4056 1473 4126 ὰναιροῦμεν
1512 4056 1571 4109 τὸ
1604 4058 1749 4126 τρεῖς
1777 4053 1985 4124 ἀνθρώ-

404 4167 548 4212 πους
579 4147 718 4202 εἶναι
758 4149 959 4220 Πέτρον
1006 4149 1100 4203 καὶ
1144 4149 1352 4202 Παῦλον
1383 4151 1478 4202 καὶ
1526 4148 1828 4219 Βαρνάϐαν.
1857 4150 1985 4199 Δια-

405 4239 570 4309 φέρει
596 4237 705 4310 γὰρ
738 4238 893 4291 οὐσία
950 4237 1135 4301 οὐσίας
1163 4255 1175 4270 ο
1214 4239 1305 4290 καὶ
1363 4240 1422 4291 οὑ
1480 4237 1611 4291 καθὸ
1638 4238 1814 4302 οὐσία,
1851 4236 1986 4290 ἀλλὰ

1998 1673 2038 1727 Β
2067 1673 2215 1765 prius
2250 1673 2391 1752 fetus
2451 1673 2698 1752 homines
2771 1698 3013 1768 singulos
3060 1707 3275 1768 reputat

2056 605 2219 659 Deum
2276 604 2512 660 Verbum
2577 613 2631 659 et
2675 603 2841 659 Deum
2892 621 3000 659 non
3056 603 3316 671 Verbum,
3376 606 3479 662 hoc
3533 616 3619 663 est

2054 693 2223 748 Deum
2269 693 2506 759 Patrem,
2559 693 2726 747 Deum
2774 691 3036 762 Spiritum
3094 704 3385 751 sanctum:
3449 694 3615 750 Deum

2056 786 2276 841 tradens
2319 784 2686 855 proﬁterisque
2729 784 2954 839 omnino
2984 794 3199 841 recusat
3227 793 3339 842 tres
3370 784 3503 841 deos
3538 789 3620 841 di-

2055 890 2209 938 cere,
2259 875 2589 944 impietatem
2643 888 2873 929 censens
2918 874 3143 929 deorum
3195 874 3617 940 multitudinem,

2055 972 2112 1020 et
2160 979 2329 1032 unum
2377 964 2546 1019 Deum
2599 963 2803 1034 ubique
2855 966 3232 1036 promulgans,
3286 982 3462 1038 neque
3500 983 3624 1038 per-

2057 1070 2225 1111 sonas
2287 1056 2656 1122 confundens,
2713 1072 2891 1128 neque
2949 1058 3292 1115 divinitatem
3348 1060 3621 1127 dividens,

2059 1148 2170 1202 imo
2205 1146 2511 1203 divinitatis
2547 1149 2886 1204 identitatem
2922 1164 3262 1209 conservans
3301 1152 3357 1207 lu
3385 1153 3626 1223 proprie-

2060 1240 2265 1296 tatibus
2327 1241 2686 1315 hypostaticis
2740 1243 2902 1298 trium
2949 1257 3326 1317 personarum.
3369 1242 3525 1309 Quod
3578 1245 3622 1299 si

2062 1330 2155 1400 qui
2178 1330 2294 1387 haec
2324 1331 2463 1386 dicit
2488 1348 2671 1387 verum
2720 1333 2931 1389 discere
2979 1334 3119 1399 vult,
3157 1341 3453 1404 cognoscat
3481 1330 3627 1388 Scri-

2063 1429 2285 1492 pturam
2313 1429 2424 1477 tres
2460 1422 2664 1487 dicere,
2693 1423 2909 1478 tametsi
2948 1438 3116 1477 unum
3158 1422 3434 1477 hominem
3464 1437 3624 1476 omne

2061 1530 2236 1584 genus
2271 1514 2564 1569 humanum
2593 1524 2909 1586 cognoscat,
2940 1516 3095 1586 juxta
3122 1516 3276 1580 illud,
3310 1515 3483 1571 Homo
3511 1525 3626 1570 tan-

2064 1622 2221 1675 quam
2265 1605 2440 1675 [emtm
2475 1606 2585 1661 dies
2628 1607 2763 1676 ejus,
2793 1608 2960 1662 veluti
2997 1609 3180 1662 nutrix
3214 1608 3376 1672 bona,
3429 1615 3479 1663 et
3508 1624 3627 1679 pro-

3330 1716 3348 1753 :
3402 1707 3456 1755 et
3505 1714 3627 1754 cum

2067 1786 2200 1855 ipsis
2231 1787 2499 1842 interdum
2534 1787 2861 1854 balbutiens,
2891 1796 2946 1843 et
2977 1792 3008 1827 l‘
3028 1790 3230 1858 pariter
3262 1789 3521 1843 nonnulla
3563 1806 3625 1844 ex

2070 1877 2176 1934 illis
2198 1878 2459 1934 vocabula
2492 1880 2557 1934 ad
2584 1896 2748 1934 unum
2779 1880 3063 1947 exhibens,
3085 1895 3194 1935 non
3218 1896 3408 1951 parum
3441 1880 3627 1936 videns

2070 1970 2396 2038 ignoransve
2429 1971 2570 2041 quod
2595 1970 2891 2041 perfectum
2923 1979 3029 2027 est.
3075 1970 3211 2026 Nam
3256 1973 3442 2029 eadem
3473 1988 3629 2029 sacra

2072 2061 2376 2133 Scriptura,
2424 2071 2478 2118 et
2522 2078 2703 2127 aures,
2742 2072 2797 2118 et
2820 2064 3009 2119 oculos
3060 2079 3124 2118 ac
3168 2065 3407 2133 reliquos
3446 2066 3633 2135 utique

2071 2161 2249 2219 artus,
2293 2164 2343 2208 et
2377 2154 2673 2224 particulas
2716 2155 2962 2224 corporis
2992 2154 3157 2210 Deum
3185 2155 3382 2210 habere
3421 2156 3628 2219 dicens,

2070 2260 2177 2299 non
2248 2246 2554 2300 doctrinam
2611 2245 2881 2316 ejusmodi
2941 2246 3124 2314 tradit,
3163 2258 3222 2302 ut
3277 2249 3632 2318 compositam

2072 2334 2299 2391 deliniat
2346 2336 2708 2401 divinitatem,
2759 2337 2853 2393 sed
2908 2340 3070 2393 modo
3119 2339 3378 2408 pradicto
3407 2341 3638 2397 transla-

2072 2426 2220 2480 tione
2243 2426 2407 2481 ducta
2438 2442 2468 2481 a
2502 2428 2670 2483 rebus
2698 2429 2909 2485 nostris
2936 2429 3002 2483 ad
3034 2429 3389 2484 elevationem
3419 2446 3632 2495 eorum,

2072 2516 2164 2585 qui
2223 2532 2328 2569 non
2383 2515 2591 2585 absque
2656 2516 2842 2572 medio
2903 2517 3139 2587 quodam
3193 2519 3259 2573 ad
3314 2519 3635 2590 incorporea

2075 2606 2333 2662 accedere
2384 2614 2634 2677 possunt,
2682 2608 2906 2678 exponit
2956 2608 3222 2664 decreta:
3271 2609 3400 2664 dum
3458 2609 3636 2680 Spiri-

2077 2707 2190 2754 tum
2248 2700 2381 2755 dicit
2409 2698 2578 2755 Deum
2604 2716 2747 2763 esse,
2777 2711 2829 2755 et
2853 2712 3180 2771 Quocunque
3217 2703 3457 2757 locorum
3484 2702 3603 2772 quis
3621 2730 3645 2744 ι

2059 2781 2228 2858 iverit,
2245 2791 2549 2862 simplicem
2589 2801 2643 2848 et
2678 2794 2844 2848 nullis
2875 2794 3135 2848 cancellis
3167 2794 3638 2864 circumscriptam

2076 2881 2196 2951 ejus
2250 2891 2499 2938 naturam
2534 2884 2727 2939 adesse
2759 2898 2862 2938 nos
2909 2884 3102 2938 edocet
3131 2903 3153 2938 ιι
3198 2884 3452 2940 similiter
3478 2887 3640 2939 etiam

2079 2981 2191 3028 tres
2250 2989 2400 3030 viros
2461 2974 2650 3030 dicens
2704 2989 2769 3030 ex
2815 2988 2986 3038 more,
3044 2976 3123 3027 uti
3178 2989 3248 3029 ne
3295 2974 3640 3045 peregrinum

2082 3077 2390 3133 novumque
2428 3072 2687 3133 appareat
2722 3064 2869 3134 quod
2896 3079 3186 3119 commune
3227 3075 3280 3119 et
3308 3065 3452 3135 quod
3487 3065 3643 3135 vulgo

2081 3154 2342 3209 usitatum
2377 3161 2481 3209 est.
2539 3154 2718 3209 Unum
2771 3161 2953 3207 autem
2978 3153 3112 3208 dicit
3142 3161 3399 3208 accurato
3429 3154 3643 3208 dicendi

2079 3259 2279 3315 genere
2326 3259 2395 3299 ne
2447 3242 2722 3298 transiliat
2760 3242 2921 3297 ﬁnem
2956 3256 3019 3297 ac
3077 3241 3325 3308 limitem,
3372 3243 3534 3297 etiam
3590 3243 3644 3296 in

2081 3348 2263 3389 rerum
2309 3341 2505 3387 natura
2553 3332 2921 3389 considerata.
2963 3331 3204 3403 Itemque
3247 3342 3306 3387 ut
3359 3332 3493 3387 illud
3521 3334 3644 3402 qui--

2081 3426 2201 3483 dem
2226 3426 2607 3483 existimemus
2624 3426 3076 3491 coudescensum,
3101 3424 3166 3479 ad
3193 3424 3246 3479 id
3267 3424 3410 3494 quod
3433 3425 3649 3494 expedit

2082 3526 2137 3574 et
2187 3517 2407 3573 confert
2456 3518 2526 3572 iis
2575 3517 2669 3587 qui
2716 3516 3059 3572 imbecilliori
3103 3523 3229 3571 sunt
3282 3516 3499 3587 ingenio
3556 3530 3647 3571 ac.

2084 3596 2486 3686 commodatum
2514 3626 2530 3676 ;
2558 3609 2663 3663 hoc
2705 3624 2838 3664 vero
2883 3615 3185 3663 statuamus
3212 3607 3492 3662 decretum
3526 3623 3649 3664 esst:

2085 3699 2153 3754 ad
2182 3698 2654 3756 conﬁrmationem
2701 3707 2758 3754 et
2791 3697 3140 3753 traditionem
3179 3696 3529 3767 perfectionis
3556 3713 3645 3752 ex-

2085 3788 2347 3856 positum.
2385 3785 2494 3843 Sed
2526 3802 2722 3844 rursus
2752 3786 2902 3841 aiunt
2938 3786 3158 3857 quidam
3192 3785 3646 3854 quemadmodum

2085 3894 2207 3932 cum
2250 3879 2487 3934 dicimus
2523 3877 2803 3933 :Persona
2833 3892 3077 3947 persona:
3104 3862 3332 3944 persona
3371 3884 3477 3938 est,
3514 3876 3647 3930 nihil

2087 3972 2286 4037 differt,
2330 3979 2383 4026 et
2423 3986 2527 4026 non
2579 3977 2864 4037 propterea
2911 3982 3016 4020 una
3053 3982 3283 4035 persona
3333 3974 3416 4022 est
3460 3981 3647 4020 omnes

2087 4062 2408 4132 hypostases
2438 4077 2454 4127 ;
2488 4068 2544 4113 ct
2587 4058 2750 4112 veluti
2792 4058 3029 4112 essentia
3059 4057 3194 4110 nihil
3224 4054 3402 4109 dillcrt
3443 4055 3513 4108 ab
3561 4069 3646 4107 cs-

2089 4154 2287 4220 sentia,
2344 4160 2399 4207 et
2447 4164 2557 4205 non
2602 4149 2723 4203 ideo
2772 4164 2879 4202 una
2940 4146 3248 4201 substantia
3289 4160 3480 4199 omnes
3519 4145 3648 4198 sub-

2088 4240 2304 4295 stantia:
2354 4249 2521 4294 sunt:
2556 4238 2637 4292 sic
2684 4236 2848 4291 etiam
2894 4234 3079 4289 dicere
3110 4236 3414 4302 possem’us,
3452 4230 3593 4287 Deus
3620 4248 3649 4285 a

405 4330 546 4384 καθὸ
566 4332 741 4384 τοιάδε
769 4331 924 4383 οὐσία
945 4347 959 4361 ο
990 4332 1083 4383 καὶ¹
1118 4332 1408 4392 ὑπόστασις
1455 4332 1821 4396 ὑποστάσεως,
1851 4330 1975 4382 καθὲ

2096 4332 2202 4387 Deo
2236 4331 2369 4386 nihil
2393 4328 2592 4393 differt,
2623 4335 2678 4384 et
2704 4342 2809 4382 non
2846 4332 3132 4396 propterea
3161 4340 3304 4379 unus
3348 4322 3513 4387 Deus,
3540 4329 3650 4379 tres

406 4424 588 4476 τοιάδε
621 4424 931 4488 ὑπόστασις,
965 4425 1054 4478 καὶ
1092 4424 1372 4491 ἄνθρωπος
1403 4423 1685 4494 ἀνθρώπου
1784 4422 1986 4475 τοιόσδε

408 4513 508 4565 ἄνθ
520 4530 718 4583 ρωπος.
743 4514 848 4566 Καὶ
875 4514 1033 4567 πάλιν
1058 4513 1187 4575 Θεὸς
1211 4512 1345 4565 Θεοῦ
1419 4513 1616 4568 τοιόσδε
1647 4513 1776 4576 Θεὸς
1797 4531 1809 4544 ⁸
1842 4512 1901 4564 τὸ
1930 4512 1987 4567 δὲ

378 4604 673 4674 ,τοιόσδεῆ
709 4604 931 4659 τοιόσδε.
964 4604 1054 4657 ἐπὶ
1086 4602 1178 4655 δύο
1213 4602 1246 4673 ἢ
1279 4602 1369 4655 καὶ
1402 4602 1659 4656 πλειόνων
1685 4603 1869 4655 εἴωθεν
1904 4602 1988 4653 λέ-

411 4692 626 4760 γεσθαι.
675 4692 830 4745 Ἀλλὰ
862 4691 1032 4744 ταῦτα
1062 4692 1159 4762 μὲν
1204 4693 1395 4745 ἐκεῖνοι
1426 4710 1438 4721 ·
1472 4694 1631 4762 ἡμεῖς
1660 4693 1714 4744 δὲ
1746 4691 1987 4760 δείξομεν

415 4785 655 4852 σόφισμα
702 4783 761 4835 τὸ
808 4784 916 4835 πᾶν
970 4779 1140 4843 εἶναι,
1188 4784 1370 4846 αὐτοῖς
1398 4785 1509 4845 τοῖς
1543 4782 1848 4852 εἰρημένοις
1891 4800 1982 4835 κε-

414 4873 706 4944 χρημένοι,
754 4872 846 4925 καὶ
890 4871 1192 4933 δεικνύντες
1233 4871 1306 4943 μὴ
1343 4873 1470 4936 δεῖν,
1502 4873 1697 4925 τοιόνδε
1722 4872 1853 4927 Θεὸν
1892 4872 1984 4925 καὶ

412 4962 636 5024 τοιόνδε,
666 4962 700 5033 ἦ
734 4961 935 5014 τοιόνδε
964 4960 1244 5030 ἄνθρωπον
1274 4963 1364 5015 καὶ
1394 4962 1592 5015 τοιόνδε
1635 4962 1811 5031 λέγειν
1830 4979 1845 4994 ⁸
1869 4961 1984 5014 ἀλλ’

413 5053 447 5122 ἢ
484 5053 593 5124 ἄρα
614 5052 822 5106 τοιάνδε
853 5051 1147 5104 ὑπόστασιν
1172 5052 1306 5105 Θεοῦ
1339 5055 1432 5107 καὶ
1457 5053 1660 5107 τοιάνδε
1690 5053 1983 5106 ὑπόστασιν

413 5142 719 5214 ἀνθρώπου.
754 5141 961 5204 Πολλὰς
992 5141 1099 5213 γὰρ
1143 5142 1463 5207 ὑποστάσεις
1511 5143 1602 5196 τοῦ
1627 5144 1742 5208 ἐνὸς
1776 5143 1983 5215 ἀνθρώ-

416 5251 536 5299 που,
568 5236 667 5289 καὶ
693 5236 848 5305 τρεῖς
899 5234 1223 5298 ὑποστάσεις
1260 5235 1354 5288 τοῦ
1388 5236 1503 5300 ἐνὸς
1543 5237 1677 5290 Θεοῦ
1709 5255 1887 5309 φαμεν
1916 5239 1992 5291 δι-

414 5328 596 5393 καίως.
631 5326 711 5380 Τὸ
745 5325 848 5397 μὲν
883 5324 974 5380 οὖν
997 5326 1194 5381 τοιόνδε
1226 5327 1535 5397 λεγόμενον,
1567 5328 1835 5398 διακρῖναι
1867 5330 1990 5400 βού-

407 5416 556 5471 λεταί
597 5417 655 5469 τί
697 5430 850 5477 τινος
889 5415 1267 5478 κοινωνοῦντος
1302 5418 1420 5468 κατ’
1457 5418 1630 5471 ἐκεῖνο
1659 5417 1915 5487 τοῦνομα,
1951 5415 1995 5489 ᾧ

399 5511 462 5567 τὸ
485 5508 704 5571 τοιόνδε
754 5506 1105 5575 προστίθεται
1123 5524 1137 5537 υ
1177 5502 1289 5560 οἷον
1325 5506 1461 5569 ζῶον
1486 5509 1684 5564 τοιόνδε
1709 5511 1886 5581 φαμὲν
1905 5512 1997 5564 τὸν

387 5601 723 5675 ἄνθρωπον,
779 5593 1051 5666 διακρῖναι
1102 5594 1262 5648 αὑτὸν
1315 5592 1624 5666 βουλόμενοι
1668 5597 1762 5650 τοῦ
1808 5597 1995 5663 ἵππου,

2097 4432 2226 4478 sunt
2242 4434 2491 4492 personae
2517 4418 2585 4474 de
2600 4419 2800 4488 quibus
2827 4416 2971 4472 Deus
2988 4415 3311 4486 praedicatur
3333 4434 3347 4469 :
3366 4422 3419 4470 et
3437 4430 3647 4480 rursus,

2101 4512 2274 4567 llomo
2292 4509 2495 4565 homini
2529 4508 2664 4562 nihil
2694 4508 2940 4570 interest,
2975 4506 3244 4572 dicentes,
3280 4519 3388 4559 non
3411 4505 3650 4560 tollimus

2090 4614 2200 4656 tres
2230 4599 2478 4654 homines
2504 4613 2625 4653 esse
2647 4595 2865 4651 Petrum
2894 4605 2947 4651 ct
2991 4594 3219 4650 Paulum
3250 4604 3303 4649 et
3322 4594 3647 4649 Barnabam.

2092 4686 2197 4749 Séd
2230 4692 2377 4748 enim
2415 4692 2593 4746 diﬂ'ert
2630 4690 2936 4747 substantia
2975 4705 3007 4744 a
3053 4689 3359 4744 substantia
3391 4705 3406 4742 :
3450 4700 3509 4744 et
3542 4704 3655 4744 non

2093 4793 2361 4852 quatenus
2409 4781 2738 4845 substantia,
2793 4780 2886 4836 sed
2924 4785 3199 4850 quatenus
3238 4778 3363 4834 talis
3402 4777 3649 4848 quaidam

2092 4872 2402 4929 substantia
2433 4879 2519 4927 est
2547 4889 2560 4926 :
2592 4880 2647 4927 et
2690 4869 3003 4941 hypostasis
3032 4867 3100 4924 ab
3140 4868 3429 4938 hyposmsi
3451 4868 3650 4932 diﬂ'ert,

2089 4974 2362 5034 quatenus
2394 4963 2522 5017 talis
2555 4962 2802 5032 quaedam
2840 4959 3195 5017 subsistentia
3235 4967 3343 5026 est,
3388 4967 3443 5015 et
3490 4958 3654 5012 homo

2093 5056 2161 5108 ab
2218 5054 2439 5107 homine
2468 5068 2573 5122 qua
2609 5051 2737 5107 talis
2794 5050 3014 5120 quidam
3058 5049 3220 5105 homo
3257 5057 3383 5104 est:
3416 5048 3655 5113 itemque

2094 5145 2239 5199 Deus
2271 5159 2300 5197 a
2347 5144 2457 5199 Deo
2486 5153 2758 5213 quatenus
2791 5139 3126 5197 talisDcus:
3169 5147 3228 5193 ut
3263 5152 3395 5193 vero
3415 5135 3648 5196 dicatur,
3680 5202 3695 5215 π

2088 5235 2217 5290 talis
2243 5241 2337 5288 aut
2365 5234 2513 5298 talis,
2570 5233 2637 5287 de
2662 5232 2875 5288 duobus
2899 5240 3062 5301 atque
3100 5229 3349 5301 pluribus
3374 5225 3484 5280 dici
3516 5239 3651 5280 con-

2091 5327 2270 5380 suevit
2297 5344 2309 5381 :
2337 5323 2736 5383 vcrumisthmc
2757 5321 2971 5391 quidem
2999 5322 3113 5376 illi:
3146 5335 3246 5374 nos
3270 5322 3451 5371 autem
3480 5324 3657 5371 osten-

2092 5418 2284 5472 demus
2354 5423 2523 5469 totmn
2589 5413 2733 5469 istud
2771 5414 3072 5482 captiosum
3122 5416 3177 5463 ct
3224 5407 3652 5461 commentitium

2094 5521 2217 5562 esse
2253 5526 2267 5561 :
2299 5506 2366 5561 iis
2402 5505 2536 5575 ipsis
2562 5520 2682 5574 quae
2721 5503 2866 5558 dicta
2891 5508 3020 5556 sunt
3056 5500 3121 5553 ad
3172 5514 3331 5554 usum
3370 5498 3653 5561 adhibitis,

2101 5606 2154 5653 et
2202 5612 2308 5653 non
2343 5606 2593 5668 oportere
2639 5595 2802 5675 talem
2835 5593 3003 5647 Deum
3051 5601 3102 5647 et
3142 5592 3320 5657 talem,
3361 5601 3453 5647 aut
3492 5592 3658 5647 talem
