4066 6146
451 228 554 285 185

1658 217 1714 271 S.
1756 214 2077 285 GiiEGOlill
2106 216 2384 271 NYSSENI

3585 205 3686 261 184

451 348 720 403 hominem
748 353 909 413 atque
935 343 1094 396 talem
1120 339 1662 426 dicere’probantes;
1699 353 1886 392 verum
1927 346 2012 390 ta-

2119 339 2247 410 φέρε
2291 341 2481 398 εἰπεῖν,
2532 335 2903 395 κοινωνοὺντος
2945 330 3090 401 αὑτῷ
3144 328 3280 383 κατὰ
3326 327 3558 396 τοῦνομα
3592 327 3684 379 τοῦ

450 445 555 499 lem
586 445 679 499 Dei
716 457 1000 515 personam
1033 448 1088 495 et
1120 422 1281 494 talem
1313 422 1724 493 subsistentiam
1754 436 2013 502 hominis;

451 560 577 597 nam
625 543 826 597 multas
873 540 1034 594 unius
1092 536 1336 592 hominis
1397 535 1741 606 hypostases,
1799 541 1851 586 et
1909 540 2020 586 tres

451 641 614 694 unius
636 639 725 694 Dei
758 652 1021 709 personas
1043 637 1167 707 jure
1191 636 1450 691 dicimus.
1487 633 1850 700 Quamobrem
1875 633 2018 702 quod

449 742 558 795 tale
596 739 802 794 dicitur
827 739 1139 792 discernere
1171 737 1285 790 vult
1322 734 1529 805 aliquid
1567 750 1594 787 a
1628 733 1860 804 quodam
1897 747 2020 802 par-

451 836 708 904 ticipautc
728 850 924 889 nomen
949 833 1081 887 illud
1105 834 1192 888 cui
1225 834 1329 888 tale
1347 832 1478 902 quid
1511 831 1792 901 adjicitur.
1811 829 2020 897 Quem-

452 933 743 988 admodum
761 933 961 987 animal
983 933 1086 988 tale
1109 933 1344 987 dicimus
1363 931 1667 997 hominem,
1691 945 1817 984 cum
1837 929 2014 1000 ipsum

451 1034 786 1104 distinguere
827 1035 1078 1088 volumus
1138 1033 1206 1085 ab
1256 1047 1419 1101 equo,
1466 1031 1617 1087 verbi
1670 1031 1868 1101 gratia,
1927 1029 2018 1098 qui

451 1150 739 1189 commune
763 1135 978 1205 quidem
1009 1147 1205 1187 nomen
1233 1131 1492 1186 animalis
1523 1130 1686 1184 habet
1720 1145 1844 1183 cum
1875 1129 2015 1198 ipso,

453 1236 548 1290 sed
585 1236 651 1288 ab
707 1249 770 1288 eo
819 1233 1174 1303 distinguitur
1220 1246 1314 1300 per
1344 1230 1611 1284 rationale
1667 1236 1720 1282 et
1776 1227 2014 1281 brutum.

458 1332 794 1386 Discernitur
827 1340 1007 1385 autem
1037 1329 1242 1400 aliquid
1281 1329 1348 1384 ab
1375 1328 1576 1397 aliquo,
1627 1334 1720 1379 aut
1764 1325 2019 1380 substan-

455 1435 551 1497 tia,
601 1442 696 1486 aut
731 1447 986 1500 persona,
1025 1441 1118 1486 aut
1156 1432 1392 1486 essentia
1417 1472 1431 1494 ,
1480 1437 1640 1499 atque
1680 1442 1913 1497 persona
1956 1441 2018 1478 ac

457 1525 762 1579 substantia
817 1523 1036 1592 quidem
1105 1523 1460 1592 distinguitur
1523 1521 1684 1574 homo
1737 1520 1803 1574 ab
1850 1534 2011 1588 equo,

456 1631 690 1684 persona
731 1632 859 1670 vero
905 1615 1106 1669 Paulus
1151 1629 1180 1667 a
1223 1613 1419 1680 Petro;
1471 1613 1707 1668 essentia
1743 1618 1922 1664 autem
1967 1617 2018 1664 et

457 1707 848 1772 subsistentia,
927 1707 1041 1760 hare
1111 1705 1345 1760 hominis
1402 1703 1755 1758 subsistentia
1803 1701 1870 1756 ab
1919 1700 2018 1754 hac

455 1794 578 1864 equi
615 1794 988 1848 subsistentia.
1037 1791 1236 1849 Verum
1265 1792 1534 1863 patefacta
1580 1793 1789 1846 ratione
1827 1807 2015 1846 eorum

456 1901 576 1954 (iure
627 1884 925 1938 secundum
983 1883 1414 1945 subsistentiam,
1468 1892 1521 1937 at
1565 1898 1672 1936 non
1714 1881 2015 1957 secundum

455 1978 747 2030 essentiam
803 1975 1100 2028 dilTerunt:
1147 1973 1433 2030 manifesta
1487 1989 1702 2043 quoque
1746 1973 1834 2027 fiet
1878 1972 2018 2026 ratio

453 2082 640 2120 eorum
667 2082 787 2135 quae
819 2065 1118 2120 secundum
1169 2065 1529 2118 substantiam
1571 2063 1831 2116 distincta
1870 2070 2015 2115 sunt.

457 2157 588 2212 Nam
624 2157 770 2228 quod
810 2166 924 2210 tum
958 2172 1020 2209 ea
1065 2171 1184 2222 quae
1237 2155 1536 2209 secundum
1568 2153 1860 2209 essentiam
1911 2151 2017 2206 dif-

456 2247 778 2302 iernntduae
816 2255 994 2299 tresve
1026 2231 1276 2298 essentia;
1315 2244 1584 2307 dicantur,
1637 2253 1746 2296 tum
1794 2258 1855 2296 ea
1900 2257 2018 2310 quae

455 2336 757 2392 secundum
799 2336 1212 2392 subsistentiam
1277 2335 1565 2399 dissident,
1611 2335 1798 2400 eodem
1856 2335 2018 2389 modo

456 2430 576 2482 dua:
610 2429 690 2482 vel
720 2437 832 2482 tres
860 2427 1178 2500 liypostases
1209 2427 1584 2489 enuntientur,
1619 2436 1673 2480 et
1706 2426 1807 2495 ipsi
1841 2425 2017 2480 faten-

456 2531 545 2571 tur
583 2527 636 2573 et
672 2533 772 2573 nos
805 2537 817 2572 :
848 2517 1149 2571 dillerimus
1191 2525 1370 2571 autem
1403 2517 1455 2569 in
1493 2532 1556 2570 eo
1591 2517 1733 2585 quod
1771 2518 1825 2570 in
1858 2515 2019 2570 Petro

454 2609 672 2678 quidem
705 2615 757 2662 et
799 2605 968 2661 Paulo
997 2607 1146 2659 aiunt
1197 2606 1380 2660 dicere
1425 2613 1676 2674 Oportere
1724 2606 2014 2660 homines:

455 2715 554 2753 nos
584 2714 713 2754 vero
737 2713 843 2751 non
873 2699 1088 2767 proprie
1126 2708 1179 2750 et
1219 2695 1518 2750 secundum
1551 2697 1811 2750 rationem
1833 2698 2015 2751 scien-

455 2790 656 2844 tilicam
689 2807 704 2843 :
739 2805 848 2843 una
902 2788 1101 2858 quippe
1154 2789 1292 2842 ratio
1334 2803 1481 2841 nunc
1523 2796 1605 2841 est
1651 2803 1679 2840 a
1743 2793 2017 2844 communi

455 2887 618 2949 atque
658 2880 886 2934 abusivo
947 2895 1069 2934 usu.
1126 2879 1226 2932 Hic
1275 2880 1418 2934 enim
1475 2896 1649 2949 neque
1682 2881 1756 2934 ad-
1792 2883 2015 2936 exitium

2118 429 2258 492 ξώου
2285 447 2297 458 ·
2335 429 2679 499 διαφέροντος
2713 427 2766 480 δὲ
2791 426 2866 496 τῷ
2888 423 3088 492 λογικῷ
3115 422 3208 474 καὶ
3233 421 3311 490 τῷ
3345 422 3541 490 ἀλόγῳ.
3569 421 3690 471 Δια-

2119 519 2360 589 κρίνεται
2417 519 2475 571 δέ
2523 519 2574 570 τί
2606 535 2768 579 τινος,
2800 516 2832 586 ἢ
2870 515 3046 578 οὑσία,
3072 514 3104 582 ἢ
3135 509 3498 579 ὑπόστασις,ἣ
3531 509 3688 582 οὑσῖᾳ

2118 608 2212 661 καὶ
2234 609 2544 662 ὑποστάσει·
2573 607 2664 660 καὶ
2682 606 2836 674 οὐσίᾳ
2869 605 2963 674 μὲν
2985 602 3317 672 διακρίνεται
3356 601 3384 652 ὁ
3407 600 3500 653 ἄνθ
3511 617 3689 670 ρωπος

2119 700 2209 752 τοῦ
2245 699 2440 751 ἵππου·
2469 696 2761 750 ὑποστάσει
2799 695 2854 747 δὲ
2905 693 3132 756 Παῦλος,
3164 693 3391 762 Πέτρου.
3432 689 3599 761 Οὑσίᾳ
3631 689 3688 742 δὲ

2118 789 2212 842 καὶ
2264 787 2584 852 ὑποστάσει,
2636 786 2727 855 ἥδε
2767 785 2911 837 ἐστὶν
2945 785 2977 854 ἡ
3012 783 3304 843 ὑπόστασις
3352 778 3443 832 τοῦ
3483 777 3692 850 ἀνθρώ-

2118 897 2242 943 που,
2278 877 2435 948 τῆσδε
2461 877 2808 938 ὑποστάσεως
2845 874 2937 926 τοῦ
2976 875 3163 926 ἵππου.
3226 871 3386 924 Ἀλλὰ
3429 887 3692 941 φανερου·

2122 969 2284 1037 μένου
2328 969 2420 1021 τοῦ
2478 968 2635 1035 λόγου
2689 967 2796 1019 τῶν
2848 967 2966 1019 κατ’
3008 965 3190 1017 οὑσίαν
3221 963 3425 1026 ἁπλῶς,
3461 961 3691 1015 καὶτῶν

2120 1061 2238 1112 καθ’
2267 1061 2561 1114 ὑπόστασιν
2583 1059 2676 1113 καὶ
2697 1060 2756 1111 οὑ
2783 1059 2898 1110 κατ’
2927 1059 3114 1110 οὑσίαν
3146 1056 3526 1126 διαφερόντων,
3557 1054 3691 1124 πρό-

2117 1153 2273 1220 δηλος
2299 1152 2448 1205 ἔσται
2476 1154 2569 1206 καὶ
2595 1154 2624 1206 ό
2655 1153 2805 1222 παρὰ
2834 1150 2940 1202 τῶν
2977 1152 3095 1204 κατ’
3123 1149 3309 1202 οὑσέαν
3343 1147 3692 1218 διακεκριμέ-

2119 1259 2223 1294 νων
2257 1243 2426 1310 λόγος.
2467 1244 2586 1295 Ὅτι
2620 1243 2715 1312 μὲν
2749 1241 2856 1311 γὰρ
2879 1241 2972 1294 καὶ
3005 1239 3074 1292 τὰ
3113 1239 3433 1308 διαφέροντα
3458 1238 3574 1290 κατ’
3602 1238 3693 1290 ού-

2122 1336 2260 1396 σίαν,
2291 1335 2532 1402 λέγονται
2560 1334 2702 1404 δύοῆ
2745 1337 2891 1403 τρεῖς
2915 1332 3092 1385 ούσίαι
3116 1349 3128 1362 ·
3157 1333 3249 1383 καὶ
3276 1330 3343 1382 τὰ
3367 1330 3690 1398 διαφέροντα

2121 1427 2240 1478 καθ’
2291 1427 2605 1488 ὑπόστασιν,
2669 1425 2927 1486 ὡσαύτως
2981 1424 3225 1490 λέγονται
3277 1422 3367 1474 δύο
3416 1423 3508 1474 καὶ
3540 1425 3690 1492 τρεῖς

2122 1517 2464 1581 ὑποστάσεις,
2494 1517 2808 1586 ὁμολογοῦσι
2842 1518 2932 1570 καὶ
2972 1516 3142 1574 αὑτοὶ,
3172 1514 3264 1567 καὶ
3287 1515 3463 1583 ἡμεῖς.
3493 1515 3689 1581 Διαφε.

2125 1608 2326 1677 ρόμεθα
2350 1609 2425 1671 δὲ,
2451 1609 2531 1661 ὅτι
2561 1609 2652 1660 ἐπὶ
2679 1608 2775 1678 μὲν
2807 1607 3013 1677 Πέτρου
3049 1606 3139 1659 καὶ
3180 1604 3389 1658 Παύλου
3422 1604 3552 1673 φασὶ
3579 1604 3689 1656 δεῖν

2053 1679 2293 1768 Β’λέγειν
2354 1699 2688 1771 ἀνθρώπους.
2739 1701 2930 1770 ’Πμεῖς
2983 1699 3039 1751 δὲ
3075 1699 3134 1750 οὑ
3181 1698 3380 1768 κυρίως
3420 1697 3692 1749 καὶκατὰ

2117 1791 2208 1844 τὸν
2229 1794 2641 1862 ἐπιστημονικὸν
2657 1791 2830 1858 λόγον.
2862 1791 2993 1843 Οὐδὲ
3013 1785 3092 1853 εἷς
3113 1789 3220 1860 γὰρ
3241 1789 3394 1857 λόγος
3422 1788 3514 1841 νῦν
3541 1788 3691 1857 παρὰ

2120 1883 2300 1950 κοινῆς
2347 1900 2404 1934 τε
2463 1882 2556 1934 καὶ
2612 1880 3050 1951 καταχρηστικῆς
3091 1881 3355 1950 χρήσεως.
3396 1877 3540 1946 Δὺτη
3580 1876 3690 1947 γὰρ

2118 1973 2237 2026 οὑδὲ
2270 1971 2402 2042 πρὸς
2435 1971 2710 2041 ἀναίρεσίν
2741 1989 2881 2034 τινος
2910 1970 3029 2023 οὑτε
3062 1971 3195 2039 πρὸς
3220 1970 3472 2022 σύστασιν
3496 1969 3688 2038 ἰσχύει.

2121 2063 2501 2134 Σαφηνιζέσθω
2539 2063 2822 2133 τοιγαροῦν
2847 2062 3110 2133 πρότερον
3133 2064 3264 2132 ἡμῖν
3287 2061 3374 2114 τὸν
3407 2061 3693 2132 ἄνθρωπον

2121 2158 2211 2210 καὶ
2243 2157 2331 2209 τὸν
2363 2157 2546 2218 ἵππον,
2577 2157 2609 2227 ἢ
2645 2156 2732 2208 τόν
2761 2156 2924 2207 ἵππον
2959 2154 3052 2206 καὶ
3081 2152 3168 2205 τόν
3198 2152 3332 2205 κύνα
3357 2153 3496 2215 τινος
3532 2153 3693 2222 χάριν

2119 2247 2394 2318 διαφέρειν
2421 2247 2670 2317 λέγομεν,
2692 2245 2826 2299 καθὸ
2846 2246 3019 2300 τοιάδε
3047 2245 3221 2297 οὑσὶαο
3254 2244 3286 2315 ἢ
3313 2243 3692 2314 πρόδηλον,ὅτι

2120 2341 2240 2391 ἐπεὶ
2281 2335 2623 2406 διαφέρουσιν
2675 2336 2915 2408 ἀλλήλων
2954 2336 3090 2390 κατᾶ
3120 2336 3186 2388 τὰ
3229 2336 3478 2406 χωρῖζειν
3505 2336 3692 2399 οὐσίας

2121 2429 2345 2483 εἰωθότα
2363 2443 2374 2459 ⁶
2404 2424 2513 2482 οἷον
2541 2430 2742 2500 λογικῷ
2771 2429 2862 2482 καὶ
2890 2429 3088 2499 ἀλόγῳ,
3127 2426 3539 2498 χρεμετιστικῷ,
3569 2429 3692 2479 ὑλα-

2120 2521 2322 2591 κτικῷ·
2380 2522 2471 2574 καὶ
2520 2521 2573 2573 εἴ
2607 2539 2712 2573 τινι
2750 2520 2994 2591 τοιούτῳ.
3042 2521 3114 2572 Τὸ
3163 2519 3271 2590 γάρ
3297 2519 3474 2586 λέγειν
3502 2519 3690 2571 οὑσῖαν

2119 2609 2348 2670 τοιάνδε,
2381 2608 2529 2660 οὑδὲν
2562 2609 2743 2677 ἕτερον
2785 2607 3036 2675 λέγομεν,
3064 2607 3096 2676 ἦ
3127 2605 3352 2678 ὓπαρξιν
3377 2606 3521 2674 ζωῆς
3559 2624 3688 2675 μετ-

2121 2699 2346 2768 έχουσαν
2376 2698 2509 2768 πρὸς
2526 2698 2928 2768 άντιδιαστολὴν
2949 2701 3044 2767 τῆς
3070 2698 3142 2768 μὴ
3163 2699 3436 2766 τοιαύτης,
3461 2697 3492 2768 ἢ
3521 2697 3691 2767 ὑπαρο

2122 2792 2200 2855 ξιν
2234 2791 2538 2859 λογίζεσθαι
2571 2794 2892 2860 πεφυκυῖαν,
2951 2790 3084 2861 πρὸς
3115 2792 3383 2861 διάκρισιν
3422 2791 3519 2860 τῆς
3562 2792 3689 2844 άλο-

2119 2884 2214 2953 γίᾳ
2235 2881 2627 2954 διαφερούσης·
2660 2883 2692 2950 ἢ
2723 2881 2974 2952 ὓπαρξιν,
3006 2881 3063 2933 τὸ
3095 2882 3504 2951 χρεμετιστικὸν
3533 2882 3687 2950 ἐχου-

456 2971 721 3040 alicujus,
753 2985 928 3040 neque
954 2970 1020 3025 ad
1051 2972 1493 3026 constitutionem
1523 2974 1681 3027 valet.
1731 2973 2016 3028 Enimvero

2124 2992 2222 3029 σαν
2274 2975 2783 3046 χαρακτηριστικὺν,
2821 2974 2914 3024 καὶ
2945 2973 2997 3024 εἴ
3023 2989 3074 3024 τι
3100 2971 3356 3025 τοιοῦτον.
3405 2973 3547 3025 Ἀντὶ
3578 2973 3687 3042 γὰρ

455 3062 613 3117 nobis
651 3063 799 3131 prius
841 3063 1124 3130 perspicue
1167 3062 1494 3129 declaretur,
1539 3065 1695 3133 cujus
1729 3065 1806 3118 rei
1853 3080 2016 3120 causa

457 3154 726 3209 hominem
757 3163 808 3208 et
831 3169 1031 3223 equum
1048 3163 1101 3208 et
1130 3170 1320 3210 canem
1349 3154 1568 3210 dill'erre
1592 3156 1866 3220 dicamus,
1887 3173 2020 3227 qua-

455 3255 611 3300 tenus
639 3246 762 3299 talis
793 3246 1037 3314 qua-dam
1075 3247 1404 3312 substantia,
1449 3247 1636 3316 utique
1664 3248 1820 3303 valde
1846 3249 2020 3302 mani-

459 3335 656 3390 festum
683 3345 788 3398 est,
835 3335 976 3404 quod
1009 3352 1037 3388 a
1081 3352 1141 3390 se
1180 3338 1404 3390 invicem
1456 3336 1733 3399 differunt,
1780 3338 1930 3406 juxta
1957 3355 2020 3394 ea

453 3442 573 3494 qua:
597 3441 850 3493 separare
899 3427 1076 3480 solent
1112 3428 1409 3488 essentias,
1469 3443 1662 3495 nempe
1709 3430 2018 3484 rationabili

453 3524 506 3568 et
534 3515 920 3578 irrationabili,
955 3515 1209 3568 liinnihili
1247 3523 1300 3569 et
1344 3514 1618 3582 latrabili,
1674 3528 1728 3570 et
1764 3497 1807 3570 si
1838 3520 2016 3588 aliqua

456 3604 768 3673 Imjnsmodi
797 3605 864 3659 sit
901 3605 1227 3658 diﬂerentia.
1269 3604 1402 3658 Nam
1432 3606 1614 3660 dicere
1658 3608 2016 3665 substantiam

455 3699 645 3760 talem,
705 3696 839 3750 nihil
883 3698 1027 3750 aliud
1063 3707 1145 3752 est
1198 3697 1381 3752 dicere
1423 3715 1585 3768 quam
1639 3701 2016 3762 exsistentiam

453 3789 581 3842 vitae
632 3787 949 3856 participem
987 3789 1052 3841 ad
1110 3788 1507 3843 distinctionem
1543 3791 1709 3855 illius,
1757 3807 1876 3860 qua:
1909 3808 2016 3845 non

453 3887 538 3931 est
571 3878 874 3944 ejusmodi;
912 3879 1017 3939 vel,
1051 3880 1427 3933 exsistentiam
1459 3895 1578 3949 quae
1620 3889 1748 3933 nata
1786 3891 1870 3935 est
1894 3892 2017 3950 apta

454 3971 519 4024 ad
556 3969 1013 4029 ratiocinandum,
1063 3979 1120 4022 ut
1146 3970 1487 4023 discernatur
1513 3970 1580 4022 ab
1607 3985 1668 4022 ea
1710 3986 1828 4038 qua:
1863 3972 2017 4024 bi-uta

455 4073 646 4114 natura
682 4061 902 4129 przedita
925 4071 1004 4113 est
1033 4073 1159 4114 :aut
1187 4062 1566 4114 exsisteutiam
1618 4077 1735 4129 qua!
1759 4063 2018 4132 insignita

453 4161 536 4205 est
571 4159 694 4204 nota
731 4151 1032 4205 habilitatis
1062 4152 1128 4203 ad
1167 4151 1556 4217 hinniemlum;
1593 4163 1645 4207 et
1677 4153 1721 4206 si
1753 4155 1880 4222 quid
1915 4157 2020 4209 tale

453 4249 726 4296 Occurrat.
775 4241 987 4296 Etenim
1043 4243 1164 4296 loco
1220 4243 1530 4311 hujusmodi
1585 4244 2016 4298 differentiarum

2118 3066 2372 3119 τοιούτων
2397 3063 2670 3134 διαφορῶν
2708 3065 2800 3117 καὶ
2825 3063 2990 3128 ἰδίων,
3022 3064 3332 3133 προτίθεται
3364 3065 3427 3135 τῇ
3453 3064 3684 3136 οὑσίᾳ.ἣ

2119 3157 2212 3208 καὶ
2246 3155 2405 3207 παντὶ
2435 3153 2602 3221 γένει,
2632 3152 2767 3223 πρὸς
2802 3152 3071 3222 διάκρισιν
3107 3152 3212 3204 τῶν
3253 3152 3343 3204 ὑπ’
3375 3152 3504 3204 αὐτὸ
3531 3152 3687 3204 εἰδῶν

2118 3245 2179 3296 τὸ
2200 3241 2468 3312 τοιόνδε,ἢ
2497 3241 2695 3296 τοιόνδε
2722 3241 2860 3304 ζῶον
2885 3242 3004 3295 ἀντὶ
3029 3241 3124 3294 τοῦ
3156 3241 3385 3308 λογικὸν,
3407 3242 3437 3312 ἣ
3474 3242 3684 3310 ἄλογον.

2119 3337 2228 3387 Καὶ
2259 3335 2419 3387 πάλιν
2469 3321 2696 3402 λέγομεν
2716 3375 2729 3392 ,
2757 3334 3012 3403 Διαφέρει
3060 3335 3260 3404 Πέτρος
3292 3333 3524 3396 Παύλου,
3555 3333 3688 3386 καθὸ

2118 3426 2294 3478 τοιάδε
2329 3425 2623 3487 ὑπόστασις
2675 3424 2888 3494 ἑκάστῳ
2919 3423 3130 3476 αὑτῶν·
3167 3423 3286 3476 ἐπεὶ
3341 3423 3686 3494 διαφέρουσιν

2119 3515 2356 3584 ἀλλήλων
2405 3515 2544 3566 κατά
2592 3531 2712 3567 τινα
2767 3513 2871 3566 τῶν
2915 3514 3210 3566 ὑπόστασιν
3242 3513 3336 3566 καὶ
3372 3517 3472 3566 οὐκ
3501 3515 3686 3567 οὑσίαν

2121 3607 2370 3675 συνιστᾷν
2403 3606 2751 3674 πεφυκότων
2781 3601 2890 3657 οἷον
2916 3605 3318 3676 φαλακρότητα,
3349 3606 3683 3676 μακρότητα,

2119 3696 2454 3766 πατρότητα,
2509 3694 2758 3762 υἱότητω
2801 3697 2894 3746 καὶ
2935 3694 3063 3746 εἴτι
3096 3694 3661 3766 τοιοῦτον.,ιιρόδηλον

2119 3789 2224 3856 γὰρ
2253 3787 2327 3849 ὡς
2359 3787 2419 3839 οὑ
2458 3785 2650 3838 ταύτὸν
2674 3780 2812 3847 εἶδος
2842 3787 2931 3837 καὶ
2957 3785 3187 3855 ἄτομον·
3220 3787 3374 3839 τοῦτο
3405 3789 3560 3840 οὑσέα
3593 3790 3686 3841 καὶ

2121 3879 2413 3938 ὑπόστασις
2438 3894 2451 3906 ·
2486 3879 2518 3948 ἡ
2554 3878 2658 3948 γὰρ
2691 3877 2985 3936 ὑπόστασις
3014 3877 3173 3940 εὐθὺς
3207 3879 3305 3949 τὴν
3333 3880 3570 3932 διάνοιαν
3592 3880 3684 3933 τοῦ

2119 3969 2466 4040 ἀκροωμένου
2491 3971 2726 4036 παράγει
2747 3967 2881 4037 πρὸς
2897 3967 2956 4018 τὸ
2975 3967 3201 4038 ζητῆσαι
3224 3968 3405 4038 οὐλὴν,
3433 3969 3681 4036 γλαυκὸν,

2123 4059 2354 4129 πατέρα,
2383 4059 2497 4109 υἱὸν
2528 4097 2542 4118 ,
2579 4057 2672 4108 καὶ
2698 4055 2814 4108 εἴτι
2839 4057 3041 4125 ὅμοιον.
3073 4056 3227 4124 Λέγω
3259 4057 3316 4108 δὲ
3351 4055 3504 4121 εἶδος,
3536 4077 3685 4111 τουτ-

2121 4149 2265 4200 έστιν
2293 4150 2479 4200 οὐσίαν
2535 4149 2669 4218 πρὸς
2704 4149 2764 4200 τὸ
2789 4149 2988 4216 γνῶναι
3020 4149 3256 4218 δηλονότι
3288 4152 3424 4214 ζῶον
3449 4153 3683 4220 λογικόν,

2122 4240 2332 4310 θνητὸν,
2352 4238 2441 4291 νοῦ
2471 4240 2563 4291 καὶ
2580 4241 2886 4309 ἐπιστήμης
2900 4240 3164 4302 δεκτικὸν,
3189 4241 3324 4304 ζῶον
3349 4243 3420 4313 μὴ
3449 4243 3683 4312 λογικὸν.

451 4343 504 4389 et
548 4335 892 4402 propriorum
952 4335 1095 4399 loco,
1156 4335 1488 4403 przeponitnr
1538 4336 1877 4396 sulistantim,
1925 4345 2016 4389 aut

2124 4331 2330 4399 θνητὸν.
2360 4331 2787 4400 χρεμετιστικὸν,
2819 4332 2910 4383 καὶ
2936 4332 3003 4383 τά
3023 4333 3245 4386 τοιαῦτα
3271 4352 3284 4365 ·
3311 4337 3358 4386 ει
3385 4335 3439 4388 δὲ
3464 4335 3536 4406 μὴ
3567 4337 3686 4389 ταὺ-

450 4424 612 4475 etiam
654 4423 831 4477 cuivis
884 4423 1094 4492 generi,
1143 4424 1208 4476 ad
1262 4424 1671 4478 distinctionem
1710 4426 2014 4493 specierum

452 4515 554 4582 ipsi
599 4515 990 4584 subjectarmu,
1038 4531 1231 4584 nempe
1285 4517 1669 4582 ejusmodiant
1718 4517 1820 4570 tale
1872 4516 2016 4583 quod

453 4603 672 4668 aniinal,
725 4621 822 4674 pro
874 4606 1208 4668 rationabili,
1264 4607 1347 4659 vel
1386 4607 1612 4659 rationis
1646 4614 1892 4675 experte.
1942 4605 2017 4658 Ac

453 4711 646 4749 rursus
675 4696 926 4752 dicimus.
982 4689 1178 4750 Petrus
1213 4697 1391 4749 diﬂ'ert
1441 4713 1469 4750 a
1512 4696 1700 4761 Paulo,
1743 4704 2015 4766 quatenus

454 4786 579 4838 talis
599 4787 843 4852 quzedam
874 4787 1185 4855 hypostasis
1213 4801 1400 4840 eorum
1423 4787 1618 4854 cuique
1641 4796 1743 4851 est,
1771 4789 2016 4856 quando—

452 4874 671 4944 quidem
704 4874 959 4928 dill‘erunt
985 4892 1012 4927 a
1047 4891 1105 4929 se
1134 4876 1387 4939 invicem,
1436 4877 1734 4929 secundum
1767 4876 2010 4946 qumdam

2125 4423 2213 4474 τόν
2241 4423 2394 4475 ούσία
2451 4424 2542 4475 καὶ
2601 4423 2819 4492 ἄτομον,
2861 4424 2998 4492 ὅπερ
3038 4426 3184 4476 ἐστὶν
3217 4426 3538 4490 ὑπόστασις·
3567 4429 3683 4480 οὑδὲ

2124 4512 2293 4564 ταὺτὰ
2318 4512 2385 4564 τά
2417 4513 2887 4582 χαρακτηρίζοντα
2919 4513 3122 4583 ταύτην
3145 4532 3201 4566 τε
3229 4517 3508 4587 κάκείνην.
3547 4520 3607 4571 Εἰ
3629 4521 3683 4573 δὲ

2125 4600 2537 4671 κα¹ι⁶ταύτηνοὺ
2559 4603 2740 4662 ταύτὰ,
2769 4603 2884 4655 οὑδὲ
2915 4607 3024 4667 τοῖς
3059 4607 3240 4668 αὑτοῖς
3272 4607 3498 4678 ὀνόμασι
3526 4609 3683 4663 δυνα-

2124 4692 2215 4743 τὸν
2251 4692 2609 4744 συνάπτεσθαι
2631 4710 2644 4722 ο
2683 4693 2817 4745 ἀλλά
2849 4693 2915 4746 τὰ
2947 4695 3064 4762 μὲν,
3103 4697 3212 4757 τοῖς
3255 4699 3375 4749 κατ’
3409 4699 3616 4761 οὐσίαν,
3651 4701 3683 4770 ἢ

2121 4783 2307 4844 obsiet;
2346 4783 2616 4853 κειμένοις
2644 4801 2654 4812 ·
2681 4784 2749 4835 τὰ
2773 4784 2828 4838 δὲ
2853 4825 2866 4849 ,
2901 4788 3011 4847 τοῖς
3049 4787 3187 4838 κατὰ
3214 4788 3414 4857 ἄτομον
3456 4789 3682 4860 λεγομέο

2121 4893 2249 4928 νοις.

452 4984 640 5022 eorum
670 4983 789 5036 quae
819 4967 1178 5035 liypostasim,
1209 4979 1259 5021 et
1291 4984 1396 5022 non
1429 4970 1860 5034 sulisistentiam,
1899 4971 2232 5024 constituere
2268 4970 2482 5022 solent:
2550 4973 2878 5040 eujusmodi‘
2924 4985 3051 5028 sunt
3121 4978 3388 5041 calvities,
3453 4985 3684 5038 statura,

452 5063 771 5132 paternitas,
807 5062 1019 5124 ﬁliatio,
1065 5073 1118 5116 et
1168 5065 1210 5116 si
1246 5063 1391 5132 quod
1441 5066 1546 5118 tale
1580 5074 1682 5119 est.
1715 5065 1848 5118 Nam
1891 5065 2237 5136 perspicuqu
2263 5073 2366 5128 est,
2395 5082 2502 5118 non
2535 5066 2674 5120 idem
2707 5083 2830 5121 esse
2892 5070 3128 5137 speciem
3194 5079 3247 5122 et
3322 5071 3704 5134 individuum,

451 5155 703 5222 idemque
782 5154 1140 5208 substantiam
1215 5166 1264 5208 et
1284 5155 1615 5226 hypostasim
1652 5176 1663 5210 :
1732 5157 2082 5211 subsistentia
2122 5158 2263 5208 enim
2317 5157 2500 5212 statim
2549 5159 2825 5213 audientis
2869 5162 3403 5216 mentemdransl‘ert
3439 5162 3504 5215 ad
3537 5180 3686 5231 qn-e-

452 5249 676 5303 rendum
732 5248 993 5316 crispum,
1045 5249 1289 5313 caesium,
1372 5261 1600 5320 patrem.
1663 5252 1851 5314 tilium,
1893 5268 1956 5304 ac
2012 5253 2055 5304 si
2097 5252 2223 5320 quid
2262 5253 2458 5307 simile.
2525 5253 2654 5310 Dico
2687 5271 2816 5308 vero
2856 5256 3113 5324 speciem,
3170 5273 3362 5327 nempe
3433 5262 3687 5313 substan-

369 5368 382 5412 ε
449 5346 577 5398 tiam
612 5345 678 5399 ad
707 5342 1145 5414 cognoscendum
1181 5345 1378 5398 animal
1404 5346 1746 5406 ratimiahile,
1780 5347 2030 5408 mortale,
2078 5347 2273 5400 mentis
2295 5356 2346 5398 et
2375 5347 2619 5401 scientia:
2652 5363 2844 5417 capax,
2878 5357 2931 5402 et
2960 5350 3158 5403 animal
3202 5352 3430 5407 rationis
3466 5369 3681 5416 expers,

449 5437 697 5499 mortale,
749 5437 1031 5502 liinnibile,
1057 5448 1110 5492 et
1143 5445 1336 5492 cmtera
1367 5437 1656 5507 ejusmodi.
1735 5438 1903 5491 Porro
1947 5455 2051 5492 non
2128 5439 2269 5491 idem
2295 5449 2420 5494 sunt
2469 5441 2786 5495 substantia:
2833 5451 2887 5494 et
2918 5441 3275 5508 individuum,
3305 5445 3446 5514 quod
3473 5459 3552 5501 est
3589 5448 3685 5513 hy-

363 5524 372 5580 .’
451 5531 726 5600 postasis;
774 5548 950 5605 neque
983 5534 1171 5590 eadem
1203 5550 1321 5604 qua:
1352 5534 1639 5604 designant
1714 5549 1777 5588 ac
1820 5543 2009 5591 notant
2050 5527 2271 5590 haneet
2307 5535 2470 5591 illaut.
2505 5535 2660 5606 Quod
2692 5535 2736 5590 si
2766 5515 2881 5591 haec
2911 5536 3096 5592 eadem
3133 5554 3240 5600 non
3307 5547 3455 5604 sunt,
3509 5555 3686 5607 neque
