4066 6146
357 189 465 249 185

1469 197 1556 249 DE
1597 194 2048 251 COMMUNIBUS
2087 194 2455 257 NOTIONIBU
2467 202 2523 255 S.

3505 214 3609 269 130

353 307 526 360 etiam
583 306 900 364 nominibus
960 308 1151 363 iisdem
1219 310 1471 382 conjungi
1520 322 1786 382 possunt;
1824 310 1915 364 sed
1960 309 2074 362 bace
2108 311 2323 380 quidem
2358 315 2425 368 iis
2468 332 2588 386 qua:
2640 326 2731 371 aut
2798 322 3096 378 secundum
3170 323 3485 382 essentiam.
3513 336 3607 381 aut

357 399 690 453 substantiis
721 400 1108 470 imponuntur;
1157 404 1244 458 illa
1287 417 1465 461 autem
1508 408 1573 460 iis
1606 424 1724 473 qua!
1768 402 2065 459 secundum
2102 407 2440 461 individuum
2474 411 2752 475 dicuntur,
2795 426 3121 485 congruunt.

427 493 569 564 Τρία
612 493 788 547 τοίνυν
830 496 977 549 ἐστὶν
1034 500 1274 571 ὀνόματα
1332 504 1457 573 περὶ
1491 496 1565 557 ὧν
1598 504 1652 572 ,ἡ
1692 503 1933 570 Crinnus.

2116 500 2241 556 Tria
2273 504 2437 575 igitur
2468 509 2690 564 nomina
2736 520 2858 564 sunt
2893 512 2961 566 de
3003 512 3204 582 quibus
3237 515 3466 584 qumstio
3500 523 3605 578 est,

352 583 533 644 οὐσία,
560 582 783 654 άτομον,
807 587 1119 657 ἄνθρωπος·
1152 592 1247 646 καὶ
1266 595 1332 664 τῇ
1366 593 1465 663 μὲν
1496 593 1653 665 οὐσίᾳ
1674 592 1935 645 συνάπτο-

357 690 460 742 μεν
488 672 559 725 τά
601 674 801 737 τοιάδε,
834 677 926 730 καὶ
968 678 1358 750 συζεύγνυμεν,
1386 682 1521 752 πρὸς
1549 682 1839 753 διάκρισιν,
1864 680 1938 744 ὡς

354 760 531 829 εἷπον,
562 764 675 819 τῶν
711 766 804 818 ὑπ’
825 767 995 839 αὐτὴν
1026 769 1180 825 είδῶν
1201 773 1323 826 κατ’
1342 773 1531 827 οὐσίαν
1556 773 1802 845 ἀλλήλων
1831 774 1938 831 δια·

356 856 655 926 φερόντων.
690 857 768 927 Τῇ
816 856 872 911 δὲ
918 860 1210 914 ὑποστάσει
1251 863 1412 917 πάλιν
1440 865 1639 934 ὁμοίως
1663 865 1730 919 τὰ
1760 866 1935 919 τοιάδε

356 936 754 1019 συζεύγνυμεν,
781 949 913 1022 πρὸς
941 950 1205 1022 διαίρεσιν
1228 953 1533 1025 προσώπων
1552 955 1659 1009 τῶν
1687 956 1936 1027 ἀλλήλοις

354 1038 760 1093 κοινωνούντων
780 1040 971 1096 τούτου
994 1042 1087 1096 τοῦ
1108 1044 1391 1114 ὀνόματος,
1410 1046 1653 1099 τουτέστι
1676 1046 1775 1116 τῆς
1800 1049 1929 1100 ὑπο·

355 1130 623 1194 στάσεως,
666 1130 1031 1202 διαφερόντων
1055 1134 1298 1205 ἀλλήλων
1323 1136 1384 1191 οὑ
1418 1139 1529 1200 τοῖς
1559 1137 1747 1201 οὐσίας
1770 1154 1936 1208 χαρα-

352 1220 728 1290 κτηρίζουσιν,
753 1223 887 1277 ἀλλὰ
907 1227 1020 1288 τοῖς
1040 1224 1349 1295 λεγομένοις
1372 1227 1788 1299 συμϐεϐηκόσιν.
1818 1229 1934 1282 Τίνι

353 1307 448 1365 οὖν
482 1310 763 1379 βούλονται
798 1314 983 1385 τρόπῳ
1014 1315 1244 1384 συνάψαι
1272 1316 1349 1387 τῷ
1381 1316 1685 1387 ἅνθρωπος
1712 1317 1934 1389 ὀνόματι

360 1403 416 1455 τὸ
442 1404 645 1456 τοιόνδε
674 1420 688 1468 ;
726 1405 820 1457 Ἐκ
856 1405 966 1476 γὰρ
1022 1407 1128 1459 τῶν
1162 1408 1352 1472 κοινῶς
1378 1409 1819 1480 ὁμολογουμένων
1867 1409 1934 1461 τὰ

355 1494 803 1564 ἀμφιδαλλόμενα
834 1495 1045 1565 δέχεται
1067 1498 1162 1568 τὴν
1192 1499 1373 1551 λύσιψ
1406 1499 1480 1562 ὡς
1506 1503 1568 1571 τῇ
1596 1500 1752 1570 οὐσίᾳ
1780 1499 1933 1553 ἔσται

354 1582 426 1637 τὰ
449 1583 541 1636 ὑπ’
562 1583 731 1653 αὐτὴν
757 1583 1002 1637 οὐσιώδει
1056 1585 1286 1657 διαφορᾷ
1328 1586 1719 1657 διακεκριμένα
1772 1587 1933 1657 ἀλλή-

353 1677 463 1727 λων
485 1693 498 1706 ’
523 1676 659 1746 ὅπερ
679 1676 780 1729 οὐκ
809 1675 975 1730 ἐστιν.
1007 1678 1171 1731 Οὐδὲν
1202 1678 1312 1749 γὰρ
1333 1679 1577 1750 διαφέρει
1608 1679 1726 1732 κατ’
1748 1678 1932 1732 οὐσίαν

354 1766 570 1830 Παῦλος
588 1768 816 1837 Πέτρου,
859 1768 980 1822 καθ’
1011 1763 1085 1823 ὧν
1106 1775 1491 1842 κατηγορεῖται
1518 1772 1578 1825 τὸ
1603 1770 1929 1840 ἅνθρωπος·

351 1858 471 1911 ἀλλ’
494 1858 571 1921 ὡς
597 1861 663 1929 τῇ
698 1860 989 1914 ὑποστάσει
1028 1861 1343 1933 προσώπου.
1370 1865 1434 1916 Ἀ
1446 1879 1512 1933 pa
1554 1861 1847 1934 δηλωτικὸν
1876 1863 1937 1915 τὸ
1966 1845 2009 1899 Β

351 1950 665 2017 ἄνθρωπος
688 1950 788 2003 οὐκ
836 1951 1043 2015 οὐσίας,
1081 1953 1220 2024 ὅπερ
1260 1952 1459 2007 ἄτοπον
1493 1948 1706 2023 λέγεινῖ
1740 1952 1802 2006 τὺ
1822 1969 1937 2006 xor-

351 2042 445 2092 νδν
465 2040 573 2112 γὰρ
607 2040 704 2111 τῆς
740 2041 927 2105 οὐσίας
964 2044 1219 2123 σημαίνει
1250 2044 1310 2097 τὸ
1341 2044 1669 2111 ἄνθρωπος,
1702 2044 1794 2097 καὶ
1837 2042 1936 2096 οὐκ

354 2131 524 2184 ίδικδν
563 2132 877 2201 πρόσωπον,
926 2134 1139 2187 Παύλου
1187 2135 1318 2206 φέρε
1362 2136 1551 2200 εἰπεῖν,
1586 2136 1619 2207 ἢ
1659 2136 1930 2207 Βαρνάϐα.

352 2222 471 2275 Οὐκ
496 2223 600 2294 ἄρα
611 2223 784 2278 οὐδενὶ
809 2224 995 2297 τρόπῳ
1014 2227 1190 2280 τοιάδε
1212 2227 1501 2281 συνέπεται
1527 2226 1605 2297 τῷ
1626 2226 1933 2295 ἅνθρωπος

352 2315 501 2367 κατά
529 2332 591 2381 γε
615 2315 705 2369 τὸν
738 2317 1156 2389 ἐπιστημονικὸν
1186 2319 1359 2387 λόγον.
1385 2320 1448 2371 ΕΞ
1474 2320 1530 2371 δὲ
1565 2319 1716 2390 κοινὴ
1741 2318 1932 2389 χρῆσις

348 2406 588 2475 ἀποροίη
623 2406 852 2470 τούτοις,
901 2410 995 2463 καὶ
1025 2409 1428 2478 κατακέχρηται
1470 2412 1578 2473 τοῖς
1610 2410 1707 2479 τῆς
1745 2410 1931 2469 οὐσίας

350 2497 616 2566 ὀνόμασιν
671 2502 753 2565 εἰς
806 2499 1112 2572 προσώπων
1151 2500 1421 2569 δήλωσιν,
1462 2500 1612 2554 οὐδὲν
1666 2501 1802 2571 πρὸς
1838 2500 1930 2553 τὸν

350 2587 562 2659 ἀκρισῆ
611 2592 810 2661 κανόνα
865 2593 966 2661 τῆς
1031 2593 1251 2664 λογικῆς
1296 2595 1619 2663 ἐπιστήμης.
1678 2593 1835 2646 Ἀλλά
1877 2594 1931 2647 τί

352 2681 677 2752 κατατρέχω
712 2683 812 2752 τῆς
871 2684 1132 2755 συνήθους
1178 2688 1588 2757 καταχρήσεως,
1620 2686 1929 2759 ἀπορούσης

351 2773 437 2834 είς
487 2770 558 2825 τὰ
607 2773 850 2835 τοιαῦτα,
888 2775 1160 2828 λανθάνων
1194 2778 1275 2830 ὅτι
1306 2777 1562 2841 πολλάκις
1595 2771 1803 2849 κύρτοις
1829 2779 1929 2831 οὐκ

352 2861 740 2933 εὐποροῦντες,
765 2864 967 2935 ἑτέροις
1001 2867 1095 2920 καὶ
1119 2868 1267 2920 αὐτοὶ
1286 2885 1458 2938 καταχ
1468 2867 1686 2938 ρώμεθα
1703 2870 1928 2937 ὀνόμασι

352 2953 822 3021 καταχρηστικοῑς
878 2955 1012 3024 πρὸς
1056 2959 1392 3023 παράστασιν
1436 2956 1528 3009 τοῦ
1594 2956 1925 3026 λεγομένου;

356 3041 504 3112 Πλὴν
539 3044 714 3101 έκεῖνο
741 3043 908 3112 capt;
929 3046 1064 3114 ἡμῖν
1094 3044 1251 3107 ἔστω,
1280 3048 1468 3117 ὅτιπερ
1491 3048 1539 3100 εί
1563 3046 1818 3117 ἐλέγομεν
1836 3047 1927 3100 ἐπὶ

350 3133 563 3204 Πέτρου
627 3132 719 3187 καὶ
766 3132 996 3199 Παύλου,
1033 3136 1362 3202 Ἀνθρωπος
1398 3128 1791 3204 ἀνθρώπουςῇ
1822 3133 1926 3186 (ἶν-
1953 3164 1999 3222 c

351 3225 606 3290 θρωπος,
623 3222 801 3276 οὐδὲν
817 3222 1079 3293 διαφέρει
1098 3241 1111 3254 ·
1135 3225 1271 3280 ἀλλ’
1292 3220 1331 3297 ᾖ
1347 3224 1581 3279 τοιόσδε
1595 3224 1922 3291 ἄνθρωπος’

355 3313 475 3377 καὶ,
508 3312 699 3366 οὐσία
717 3313 952 3379 οὐσίας,
982 3308 1022 3385 ᾖ
1048 3316 1248 3378 οὐσία,
1275 3314 1456 3368 οὐδὲν
1480 3312 1763 3383 διαφέρει,
1789 3313 1929 3368 ἀλλ’

356 3396 395 3471 ᾖ
424 3400 621 3456 τοιάδε
651 3402 852 3465 οὐσία,
891 3402 1069 3470 λέγειν
1100 3403 1185 3455 ἐπ’
1220 3402 1397 3457 αὐτῶν
1423 3403 1751 3473 ἠδυνάμεθα.
1782 3404 1845 3456 Εἰ
1872 3403 1929 3457 δὲ

351 3492 516 3544 τοῦτο
534 3492 711 3560 λέγειν
742 3493 816 3564 μὴ
845 3492 1089 3557 δυνατὸν,
1129 3494 1251 3547 ἐπεὶ
1281 3495 1374 3549 καὶ
1402 3496 1435 3565 ἡ
1471 3494 1607 3565 αὑτὴ
1638 3495 1794 3548 οὐσία
1828 3493 1929 3548 Πέ-

352 3600 487 3652 τρον
541 3584 636 3637 καὶ
673 3583 904 3650 Παύλου,
955 3583 1075 3637 οὐδὲ
1123 3584 1230 3655 ἄρα
1272 3586 1392 3639 οὐδὲ
1442 3587 1649 3638 έκεῖνο·
1699 3584 1930 3656 ἐπείπερ

350 3674 543 3736 οὐσίας
564 3674 862 3744 δηλωτικὸν
893 3675 951 3728 τὸ
971 3676 1279 3745 ἄνθρωπος
1295 3675 1483 3746 ὖνομα·
1507 3677 1555 3729 εἰ
1579 3674 1635 3727 δὲ
1653 3675 1711 3728 τὺ
1734 3675 1929 3729 τοιάδε

354 3768 451 3819 καὶ
497 3766 735 3821 τοιόσδε
763 3768 862 3820 οὐκ
917 3766 1208 3821 ἀκόλουθον
1253 3767 1484 3829 συνάψαι
1513 3766 1592 3837 τῷ
1622 3766 1929 3834 ἅνθρωπος

347 3856 581 3925 ὀνόματι
606 3873 620 3887 ’
646 3856 753 3910 οὐδ’
781 3858 887 3929 άρα
924 3858 1044 3912 οὐδὲ
1065 3857 1178 3919 δύο,
1205 3857 1237 3927 ἢ
1264 3860 1411 3929 τρεῖς
1467 3857 1670 3927 κυρίως
1700 3857 1929 3927 λέγομεν

352 3948 693 4018 ἀνθρώπους.
730 3949 842 4002 Καὶ
880 3951 928 4001 εί
967 3950 1060 4003 ἐπὶ
1095 3947 1190 4000 τοῦ
1217 3945 1529 4013 ἀνθρώπου
1557 3947 1728 4000 ταῦτα
1761 3947 1927 4002 δέδει-

354 4056 511 4094 κται⁶
545 4040 697 4110 πόσῳ
760 4041 957 4111 μᾶλλον
1008 4042 1099 4093 ἐπὶ
1127 4041 1222 4109 τῆς
1257 4038 1424 4092 άῖδίου
1466 4040 1558 4091 καὶ
1574 4038 1720 4098 θείας
1743 4038 1929 4101 οὐσίας

353 4134 687 4203 κυριώτερον
718 4133 948 4203 ἁρμόσει
996 4131 1058 4186 τὸ
1116 4132 1190 4201 μὴ
1218 4130 1421 4182 τοιόσδε
1454 4130 1585 4193 Θεὸς
1606 4131 1699 4183 καὶ
1725 4130 1928 4182 τοιόσδε

352 4221 610 4289 λέγεσθαι
633 4222 742 4274 τῶν
773 4221 1121 4274 ὑποστάσεων
1177 4218 1411 4287 ἑκάστην
1436 4236 1449 4249 ’
1496 4217 1629 4287 μηδὲ
1667 4216 1796 4270 Θεὸν
1835 4217 1929 4269 καὶ

352 4311 488 4364 Θεὸν
523 4311 616 4366 καὶ
638 4311 769 4366 Θεὸν
816 4310 1175 4379 ὲκφωνεῖσθαι
1196 4310 1287 4363 τὸν
1313 4309 1531 4380 Πατέρα
1561 4308 1766 4362 καὶτὸν
1798 4306 1926 4360 Υἱὸν

355 4405 451 4460 καὶ
485 4403 549 4457 τὸ
597 4403 752 4469 ἅγιον
779 4403 1005 4474 Πνεῦμα
1030 4422 1044 4436 ·
1078 4403 1212 4473 μηδὲ
1253 4403 1421 4472 τρεῖς,
1454 4399 1558 4455 κᾶν
1587 4401 1643 4452 ὲν
1672 4401 1736 4469 τῇ
1767 4398 1925 4451 ἐνθυ-

2041 593 2366 660 substantia,
2446 598 2807 665 individuum,
2883 603 3101 657 homo:
3146 619 3209 659 ac
3288 606 3608 661 substantiae

2041 687 2264 755 quidem
2322 692 2697 746 connectimus
2742 701 2796 746 et
2859 694 3246 764 conjungimus
3297 697 3485 751 istliazc
3538 699 3604 751 ad

2038 766 2468 844 distinctionem,
2515 790 2574 835 ut
2625 782 2758 846 dixi,
2808 786 3116 852 specierum
3156 801 3279 855 qua:
3326 787 3430 841 sub
3486 787 3602 856 ipsa

2040 876 2191 933 sunt,
2220 885 2324 939 qua
2355 871 2654 926 secundum
2678 875 2970 929 essentiam
3008 890 3038 928 a
3079 891 3138 931 se
3169 877 3398 933 invicem
3445 877 3603 933 ὀίσα-

2039 968 2187 1013 runt.
2246 958 2464 1017 Rursus
2492 962 2861 1019 subsistentia:
2890 966 3093 1035 pariter
3109 966 3224 1022 hac
3254 969 3602 1038 copulamus,

2037 1050 2103 1104 ad
2143 1050 2466 1108 divisionem
2514 1069 2892 1124 personarum,
2944 1072 3066 1126 qum
3096 1058 3338 1126 ejusdem
3386 1059 3602 1129 quidem

2038 1134 2297 1207 nominis,
2328 1158 2523 1215 nempe
2562 1146 2898 1215 hypostasis,
2954 1155 3081 1202 sunt
3139 1149 3454 1219 participes,
3508 1150 3599 1205 sed

2038 1229 2355 1286 ditferunta
2396 1248 2456 1288 se
2490 1234 2744 1301 invicem,
2792 1251 2900 1289 non
2948 1235 3017 1290 iis
3068 1252 3189 1305 quae
3236 1238 3600 1293 substantiam

2033 1322 2317 1390 denotant,
2352 1339 2534 1379 verum
2569 1325 2635 1378 iis
2664 1342 2785 1395 qua:
2825 1327 3083 1383 dicuntur
3108 1330 3428 1383 accidentia.
3456 1329 3602 1394 Quo-

2037 1426 2159 1465 nam
2194 1427 2324 1482 ergo
2360 1414 2520 1469 modo
2552 1416 2884 1486 conjungere
2933 1419 3120 1473 Volunt
3168 1420 3375 1473 nomini
3423 1420 3599 1482 homo,

2035 1503 2141 1558 tale
2168 1504 2463 1573 quiddam?
2490 1505 2623 1560 Nam
2658 1523 2723 1563 ex
2757 1509 2824 1564 iis
2850 1525 2970 1578 quae
3013 1513 3286 1566 communi
3331 1527 3600 1571 consensu

2033 1594 2275 1647 omnium
2320 1598 2722 1664 approbantur,
2782 1602 3106 1657 solutionem
3153 1603 3449 1657 admittunt
3482 1620 3603 1673 qua:

2035 1684 2088 1736 in
2130 1688 2561 1742 controversiam
2613 1699 2894 1745 vocantur.
2940 1692 3027 1757 Ut,
3070 1709 3167 1763 per
3211 1696 3600 1761 substantiam,

2036 1789 2155 1841 quze
2184 1773 2287 1827 sub
2311 1774 2424 1844 ipsa
2444 1786 2573 1830 sunt
2600 1778 2881 1832 essentiali
2906 1778 3206 1835 diﬂ‘erentia
3221 1781 3478 1835 distincta
3498 1796 3526 1833 a
3544 1796 3603 1836 se

2039 1867 2268 1921 invicem
2303 1876 2488 1932 erunt,
2532 1870 2678 1938 quod
2730 1871 2947 1940 quidem
2985 1887 3094 1925 non
3118 1879 3225 1928 est.
3279 1871 3423 1925 Nihil
3451 1876 3596 1927 enim

2037 1957 2216 2012 diﬂ‘ert
2272 1957 2466 2016 Petrus
2516 1975 2545 2014 a
2580 1959 2750 2017 Paulo
2814 1965 3115 2019 secundum
3172 1965 3488 2029 essentiam,
3533 1964 3603 2020 de

2036 2051 2233 2121 quibus
2284 2053 2612 2122 praedicatur
2659 2054 2855 2119 homo;
2912 2056 3006 2109 sed
3045 2064 3103 2109 ut
3154 2056 3437 2126 hypostasi
3474 2070 3599 2125 per-

2036 2157 2205 2197 sonae.
2241 2142 2430 2213 Itaque
2473 2144 2536 2198 τὸ
2576 2144 2729 2199 homo
2784 2160 2890 2199 non
2935 2146 3301 2202 substantiam
3353 2145 3600 2211 denotat,

2033 2233 2177 2303 quod
2228 2233 2446 2303 quidem
2502 2235 2804 2290 absurdum
2857 2248 2944 2291 est
2992 2237 3139 2292 dictu
3181 2255 3194 2291 :
3234 2252 3358 2292 nam
3433 2237 3598 2292 homo

2032 2340 2324 2380 commune
2354 2324 2679 2382 substantia!
2727 2328 3020 2397 signiﬁcat,
3073 2337 3125 2383 et
3155 2343 3264 2382 non
3300 2329 3600 2398 particula-

2034 2430 2146 2469 rem
2194 2430 2505 2484 personam,
2562 2415 2715 2469 Pauli
2778 2427 2907 2486 puta
2958 2424 3053 2470 aut
3101 2416 3384 2471 Barnabe.
3438 2415 3601 2471 Nullo

2033 2500 2200 2569 igitur
2228 2509 2391 2571 pacto
2432 2503 2537 2557 tale
2564 2502 2696 2571 quid
2745 2503 3104 2572 subsequitur
3140 2503 3363 2566 homini,
3401 2505 3596 2558 saltem

2026 2590 2180 2659 juxta
2239 2592 2596 2648 seientilicam
2649 2593 2939 2647 rationem.
2988 2591 3147 2658 Quod
3189 2575 3234 2649 si
3287 2593 3598 2648 communis

2032 2681 2277 2737 usnsliis
2310 2681 2663 2745 destituatur,
2708 2690 2764 2737 et
2809 2684 3134 2739 substantiae
3183 2683 3500 2741 nominibus
3529 2687 3597 2739 ad
3696 2740 3701 2745 ,

2033 2787 2392 2840 personarum
2433 2772 2858 2828 declarationem
2894 2773 3214 2839 abutantur,
3245 2774 3381 2827 nilnil
3412 2774 3512 2827 hoc
3530 2774 3598 2827 ad

2029 2874 2276 2918 exactam
2311 2866 2497 2933 logica:
2535 2866 2780 2921 scientia:
2809 2867 3054 2935 regulam
3087 2867 3349 2936 pertinet.
3396 2863 3598 2921 Verum

2031 2970 2127 3008 cur
2153 2955 2205 3008 in
2250 2956 2566 3010 abusionem
2601 2964 2918 3011 consuetam
2967 2957 3236 3010 invectiva
3288 2965 3432 3023 utor,
3481 2972 3601 3027 qua}

2030 3046 2083 3098 in
2106 3046 2437 3114 ejuscemodi
2471 3046 2651 3101 deficit
2684 3065 2698 3100 ε
2733 3062 2842 3101 non
2876 3048 3345 3114 animadvertetis,
3381 3059 3441 3104 ut
3493 3050 3596 3119 ipsi

2030 3149 2173 3205 saepe
2200 3133 2447 3190 destituti
2494 3134 2747 3204 propriis,
2776 3135 2899 3190 aliis
2940 3134 3236 3189 abutamur
3285 3137 3600 3191 nominibus

2033 3225 2351 3295 impropriis
2383 3225 2449 3278 ad
2481 3240 2594 3279 rem
2628 3225 2697 3279 de
2729 3239 2837 3294 qua
2851 3223 3037 3295 'agitur
3061 3226 3603 3293 repraesentandam?

2032 3315 2302 3371 Duntaxat
2332 3315 2460 3370 illud
2497 3324 2697 3385 aperte
2715 3316 2875 3370 nobis
2905 3325 3144 3377 constet,
3181 3324 3238 3368 ut
3280 3316 3466 3370 dicere
3489 3331 3599 3371 ttO't

2030 3416 2357 3462 eunctemur
2390 3407 2444 3460 in
2472 3407 2635 3460 Petro
2662 3416 2714 3461 et
2732 3405 2922 3471 Paulo,
2947 3404 3122 3459 Homo
3143 3406 3209 3458 ab
3235 3408 3600 3475 ιιοηιὶηεμμιιι-

2031 3509 2180 3552 lenus
2208 3498 2383 3561 homo,
2412 3498 2543 3552 nihil
2567 3498 2768 3566 differt,
2804 3497 2894 3550 sed
2920 3512 3023 3566 qua
3050 3497 3173 3550 talis
3195 3494 3598 3565 quidumbomo;

2032 3590 2117 3636 et:
2145 3582 2753 3654 Substautia,quutenus
2784 3583 3106 3644 substantia,
3156 3582 3286 3634 nihil
3342 3582 3519 3649 (li/fert
3562 3599 3595 3636 α

2038 3673 2336 3727 substantia
2360 3689 2377 3735 ;
2405 3671 2494 3726 sed
2509 3689 2614 3742 qua
2639 3673 2762 3727 talis
2790 3672 3031 3739 quedam
3053 3672 3349 3728 substantia
3372 3681 3472 3737 est,
3494 3673 3599 3743 hoe

2030 3765 2319 3819 enuntiare
2350 3764 2418 3818 de
2479 3764 2615 3834 ipsis
2651 3764 2954 3834 potuimus.
2999 3764 3094 3817 Sin
3142 3764 3348 3830 minus,
3399 3772 3455 3819 et
3494 3764 3600 3819 hoc

2030 3857 2212 3911 dicere
2244 3856 2325 3911 fas
2348 3870 2457 3910 non
2489 3862 2592 3921 est,
2646 3853 3088 3925 quandoquidem
3133 3855 3320 3910 eadem
3341 3862 3428 3911 est
3464 3857 3603 3912 sub~

2030 3946 2230 4000 stantia
2276 3944 2418 4001 Petri
2458 3952 2511 4000 et
2547 3944 2736 4011 Pauli;
2782 3960 2959 4013 neque
2993 3958 3131 3999 sane
3171 3944 3305 3998 illud
3351 3960 3593 4014 quoque.

2030 4039 2295 4104 Quoniam
2330 4052 2527 4092 nomen
2558 4038 2711 4091 homo
2754 4038 2858 4091 vim
2890 4038 3070 4092 liabet
3109 4035 3425 4091 declarandi
3463 4038 3597 4090 sub—

2030 4132 2308 4183 stantiam.
2341 4129 2399 4183 Si
2447 4143 2577 4182 vero
2613 4129 2716 4182 hoc
2751 4128 2972 4182 nomine
3022 4128 3178 4181 homo
3204 4127 3439 4197 prolato,
3485 4142 3597 4179 non

2029 4231 2113 4273 est
2138 4221 2187 4273 ei
2212 4233 2553 4287 consequens
2588 4218 2694 4272 tale
2743 4219 2823 4272 vel
2857 4218 2965 4271 tale
2992 4216 3127 4286 quid
3156 4235 3170 4271 :
3223 4216 3391 4286 igitur
3422 4232 3601 4284 neque

2029 4310 2188 4375 duos,
2226 4318 2317 4362 aut
2342 4317 2456 4363 tres
2482 4310 2704 4379 proprie
2749 4309 2990 4363 dicimus
3028 4306 3314 4371 homines;
3374 4306 3516 4375 quod
3552 4308 3599 4360 si

2031 4405 2082 4455 in
2122 4401 2343 4454 homine
2369 4400 2482 4454 hac
2516 4400 2743 4469 probata
2786 4406 2952 4461 sunt,
3008 4407 3216 4466 quanto
3252 4397 3427 4466 magis
3470 4412 3598 4466 pro-

357 4503 544 4569 μήσει,
589 4497 1031 4568 δογματίζεσθαι.
1072 4498 1401 4569 Συνέστηκεν
1420 4491 1512 4549 οῦν
1543 4496 1650 4566 ἄρα
1687 4495 1765 4564 τῷ
1789 4494 1923 4565 πρὸς

2033 4495 2145 4563 prie
2173 4493 2225 4545 in
2255 4490 2585 4559 sempiterna
2616 4499 2670 4543 ct
2715 4490 2901 4543 divina
2934 4487 3174 4542 essentia
3220 4496 3507 4557 congruet,
3540 4497 3600 4541 ut

354 4590 512 4660 ἡμῶν
545 4589 739 4658 δικαίῳ
765 4591 858 4643 καὶ
890 4589 1165 4658 ἀκολούθῳ
1199 4590 1293 4643 καὶ
1319 4587 1725 4657 ἐπιστημονικῷ
1752 4587 1821 4639 τὰ
1848 4584 1925 4654 τῷ

353 4679 520 4750 λόγῳ,
565 4679 645 4747 ώς
680 4681 777 4734 ἕνα
794 4681 926 4736 Θεόν
944 4697 1123 4751 φαμεν
1152 4681 1244 4734 τὸν
1266 4678 1373 4733 τῶν
1389 4680 1641 4732 απάντων
1669 4677 1732 4749 δη
1742 4694 1927 4746 μιουρ-

352 4772 466 4840 τὸν,
498 4773 548 4825 εί
574 4773 672 4825 καὶ
693 4773 751 4827 ιν
777 4773 922 4843 τρισὶ
944 4771 1251 4843 προσώποις
1274 4771 1307 4842 ἢ
1336 4772 1410 4833 ὼς
1440 4770 1765 4823 ὑποστάσεσι
1794 4768 1930 4821 θεω-

354 4865 551 4931 ρεῖται,
589 4862 803 4932 Πατρδς
830 4865 922 4915 καὶ
951 4862 1082 4916 Υίοῦ
1108 4863 1202 4916 καὶ
1233 4862 1386 4930 ἁγίου
1417 4860 1748 4930 Πνεύματος.

2034 4603 2139 4638 non
2172 4585 2297 4639 talis
2326 4581 2468 4636 Deus
2502 4588 2556 4634 et
2586 4581 2712 4634 tatis
2752 4578 2968 4633 dicatur
3014 4592 3358 4647 uitaquaeque
3412 4574 3602 4647 perso—

2034 4691 2260 4736 narum;
2311 4688 2489 4741 neque
2524 4672 2665 4726 Deus
2714 4678 2766 4725 et
2815 4669 2976 4735 Deus,
3014 4677 3069 4723 et
3112 4669 3257 4723 Deus
3288 4670 3603 4723 enuntietur

2037 4768 2196 4822 Pater
2223 4775 2277 4821 et
2312 4765 2483 4820 Filius
2517 4772 2571 4818 et
2628 4761 2869 4832 Spiritus
2917 4770 3184 4827 sanctus;
3237 4776 3414 4830 neque
3468 4771 3600 4821 tres,

2037 4857 2290 4927 quamvis
2322 4856 2505 4909 animo
2542 4861 2754 4908 tantum
2783 4861 2834 4907 et
2871 4852 3224 4921 cogitatione,
3275 4851 3599 4905 doceantur.

350 4955 578 5007 Constat
631 4953 817 5021 itaque
845 4954 992 5021 justa
1022 4960 1077 5007 et
1098 4960 1461 5007 consentanea
1513 4952 1853 5020 maximeque
1882 4950 2098 5022 prepria
2124 4945 2437 5002 dissertatio
2461 4952 2650 4999 nostra
2669 4982 2684 5006 ,
2724 4941 2870 5012 quod
2898 4956 3064 4995 unum
3111 4939 3276 4995 Deum
3302 4940 3602 4995 asserimns

348 5052 593 5104 oumium
626 5048 903 5119 opiﬁcem,
926 5048 1146 5104 tametsi
1177 5048 1232 5103 in
1263 5047 1438 5102 tribus
1460 5048 1712 5115 personis
1738 5064 1834 5104 seu
1863 5043 2251 5118 liypostasibus
2275 5035 2890 5105 consideretur,Patris,
2912 5034 3035 5090 Filii
3063 5043 3115 5091 et
3138 5034 3374 5106 Spiritus
3403 5033 3600 5091 sancti.
