4066 6146
394 204 495 261 189

1843 210 1925 266 DE
1964 212 2192 266 ΛΝΙΜᾹ.
3538 216 3641 272 130

457 319 539 371 Τὰ
590 317 816 388 σώματα
859 320 925 389 τῇ
961 317 1136 389 οἰκείᾳ
1186 317 1344 387 φύσει
1374 320 1585 390 τρεπτὰ
1616 338 1675 374 τε
1716 321 1843 374 ὄντα
1873 323 1964 375 καὶ

2137 325 2375 395 Corpora
2409 332 2601 379 natura
2634 341 2729 379 sua
2765 326 3046 379 mutabilia
3076 341 3196 382 esse
3226 337 3279 381 ct
3313 343 3502 398 sparsa
3541 349 3639 402 per

385 412 653 467 σκεδαστὰ
672 411 740 464 δι’
769 410 915 476 ὅλου,
948 411 1042 464 καὶ
1081 412 1160 474 εἰς
1194 411 1421 482 ἄπειρον
1454 412 1658 482 τμητὰ,
1689 415 1745 465 ἐν
1783 415 1965 478 αὐτοῖς

388 506 614 577 μηδενὸς
642 502 1022 573 ἀμεταϐλήτου
1046 502 1498 573 ὑπολειπομένου,
1527 504 1697 556 δεῖται
1722 504 1815 556 τοῦ
1840 521 1966 558 συν-

382 598 597 667 έχοντος
628 597 723 650 καὶ
752 597 1095 665 συνάγοντος,
1128 594 1426 665 καὶῶσπερ
1457 596 1842 666 συσφίγγοντος
1873 598 1967 650 καὶ

383 688 814 768 συγκρατοῡντος
842 687 1000 751 αὐτὰ,
1030 688 1166 759 ὅπερ
1198 688 1376 758 ψυχὴν
1401 688 1648 759 λέγομεν.
1688 689 1747 742 Εἰ
1787 690 1967 742 τοίνυν

384 780 542 850 σῶμά
569 781 719 831 ἐστιν
742 781 775 847 ἡ
804 780 972 850 ψυχὴ,
1014 774 1125 833 οἷον
1162 781 1225 851 δή
1254 797 1404 844 ποτε,
1428 781 1476 833 sl
1510 780 1605 833 καὶ
1636 780 1966 851 λεπτομερέ-

382 888 611 933 στατον,
675 870 728 924 τί
781 870 838 922 δὲ
902 871 1063 924 πάλιν
1124 871 1239 923 ἐστὶ
1292 870 1350 922 τὸ
1375 870 1654 941 συμφέρον
1714 870 1963 940 ὲκείνην;

392 962 638 1034 Ἐδείχθη
665 961 776 1033 γὰρ
809 963 917 1015 πᾶν
951 962 1111 1033 σῶμα
1143 962 1349 1014 δεῖσθαι
1371 961 1463 1015 τοῦ
1493 961 1811 1031 συνέχοντος
1831 977 1844 991 ·
1871 960 1967 1013 καὶ

378 1056 551 1119 οὕτως
579 1057 657 1119 εἰς
685 1056 935 1125 ἄπειρον,
964 1055 1069 1117 ἕως
1100 1054 1164 1107 ἂν
1192 1054 1622 1122 καταντήσωμεν
1640 1052 1719 1113 εἰς
1744 1048 1966 1120 ἀσώμα-

375 1165 489 1205 τον.
544 1149 607 1200 Εἰ
633 1148 690 1199 δὲ
722 1146 952 1214 λέγοιεν,
987 1145 1175 1214 ὥσπερ
1209 1146 1258 1198 οἱ
1298 1144 1548 1205 Στωϊκοὶ,
1587 1144 1810 1212 τονικήν
1847 1159 1967 1196 τινα

376 1236 518 1291 εἶναι
549 1236 763 1306 κίνησιν
813 1236 941 1306 περὶ
967 1236 1034 1288 τὰ
1080 1233 1329 1303 σώματα,
1365 1235 1444 1297 εἰς
1484 1232 1546 1285 τὺ
1578 1233 1707 1286 εἵσω
1738 1232 1851 1300 ἅμα
1885 1248 1963 1282 κι-

378 1327 600 1398 νοῦμεν,
637 1328 732 1381 καὶ
755 1328 835 1390 εἰς
866 1327 933 1378 τὰ
963 1325 1088 1390 ἔξω,
1119 1326 1214 1379 καὶ
1260 1324 1358 1395 τὴν
1390 1325 1488 1395 μὲν
1513 1326 1590 1389 εἰς
1615 1324 1678 1375 τὸ
1710 1322 1834 1388 ἔξω,
1867 1339 1965 1391 με-

378 1420 557 1488 γεθῶν
614 1419 709 1472 καὶ
744 1418 1042 1487 ποιοτήτων
1090 1415 1513 1487 ἀποτελεστικὴν
1563 1412 1734 1479 εἶναι,
1776 1416 1874 1484 τὴν
1908 1413 1965 1465 δὲ

375 1514 460 1576 εἰς
483 1511 544 1564 τὸ
567 1511 698 1563 εἵσω
723 1551 737 1572 ,
771 1508 1015 1572 ὲνὼσεως
1044 1509 1137 1561 καὶ
1164 1509 1350 1571 οὐσίας
1373 1524 1385 1537 ·
1412 1507 1715 1580 ὲρωτητέον
1744 1504 1960 1567 αὐτούς’

386 1601 611 1673 Ἐπειδὴ
645 1604 793 1655 πᾶσα
817 1602 1028 1671 κίνησις
1062 1600 1170 1652 ἀπό
1199 1602 1340 1663 τινός
1377 1602 1494 1653 ἐστι
1540 1600 1840 1670 δυνάμεως,
1878 1598 1964 1659 τίς

372 1697 407 1765 ή
441 1695 673 1765 δυνάμις
705 1693 862 1764 αὐτὴ,
894 1694 985 1747 καὶ
1010 1695 1115 1747 τίνι
1144 1694 1429 1759 adsit-nat;
1459 1694 1520 1745 Ei
1563 1692 1659 1763 μὲν
1686 1688 1778 1744 οὗν
1809 1691 1902 1742 καὶ
1927 1689 1961 1757 ἡ

372 1785 606 1855 δύναμις
629 1783 768 1855 αὕτη
802 1784 899 1854 ὕλη
930 1784 1013 1847 τίς
1048 1785 1183 1847 ἐστι,
1208 1785 1319 1845 τοῖς
1354 1784 1534 1845 αὐτοῖς
1560 1782 1724 1836 πάλιν
1758 1782 1959 1850 χρησὸ-

377 1874 527 1944 μεθα
559 1874 756 1942 λόγοις.
792 1874 852 1926 Εἰ
880 1874 935 1926 δὲ
965 1875 1063 1943 οὐχ
1090 1871 1215 1942 ὕλη,
1249 1873 1363 1925 ἀλλ’
1388 1872 1592 1933 ἓνυλον,
1620 1871 1807 1941 ἕτερόν
1845 1872 1959 1922 ἐστι

371 1967 441 2019 τὸ
485 1965 691 2027 ἐνυλον,
730 1967 882 2037 παρὰ
928 1965 1025 2036 τὴν
1068 1965 1219 2035 ὓλην.
1272 1964 1346 2016 Τὸ
1386 1964 1493 2034 γὰρ
1545 1962 1768 2034 μετέχον
1807 1960 1957 2031 ὕλης,

373 2055 565 2108 ἔνυλον
589 2055 832 2122 λέγεται·
857 2056 909 2106 τί
933 2071 1061 2107 ποτε
1087 2055 1195 2126 ἄρα
1223 2054 1339 2106 ἐστὶ
1360 2053 1419 2106 τὸ
1444 2054 1667 2124 μετέχον
1684 2053 1777 2121 τῆς
1806 2050 1957 2120 ὕλης,

372 2148 609 2219 πότερον
639 2147 738 2216 ὕλη
761 2147 853 2199 καὶ
879 2146 1031 2207 αὐτὸ,
1060 2145 1093 2217 ἢ
1125 2145 1317 2211 imm);
1352 2146 1414 2197 Ei
1443 2144 1539 2214 μὲν
1571 2140 1663 2196 οὖν
1690 2143 1810 2212 ὕλη,
1844 2143 1961 2205 πῶς

371 2236 565 2289 ενυλον
600 2238 692 2290 καὶ
725 2237 821 2306 οὐχ
845 2235 943 2306 ὕλη
973 2253 987 2300 ;
1013 2238 1076 2289 Et
1097 2236 1152 2289 δὲ
1174 2224 1274 2306 οὐχ
1301 2235 1422 2305 ὕλη,
1453 2236 1614 2290 ἄῡλον
1646 2235 1768 2305 ἄρα.
1816 2235 1875 2285 Et
1902 2234 1959 2285 δὲ

369 2329 562 2392 ἆῠλον,
585 2330 644 2381 οὐ
677 2329 864 2398 σῶμα’
901 2329 961 2381 τὸ
993 2329 1100 2397 γὰρ
1131 2328 1288 2399 σῶμα
1326 2327 1527 2381 ἐνυλον.
1564 2328 1625 2380 Εἰ
1667 2328 1723 2379 δὲ
1749 2327 1958 2394 λέγοιεν

367 2420 461 2472 ὅτι
512 2421 581 2472 τά
618 2418 845 2489 σώματα
889 2418 1050 2489 τριχῆ
1082 2418 1342 2472 διαστατά
1379 2420 1513 2483 ἐστι,
1546 2419 1639 2471 καὶ
1669 2421 1700 2488 ἡ
1903 2419 1957 2472 δὲ

366 2512 443 2565 δι’
469 2512 591 2565 ὅλου
622 2512 884 2583 διήκουσα
902 2512 995 2564 τοῦ
1023 2510 1293 2581 σώματος,
1324 2512 1485 2582 τριχῆ
1512 2511 1769 2582 διαστατή
1801 2513 1915 2564 ἐστι
1939 2528 1954 2542 ο

368 2603 472 2658 καὶ
496 2603 583 2656 διὰ
613 2602 769 2655 τοῦτο
795 2602 1009 2665 πάντως
1029 2605 1122 2657 καὶ
1151 2602 1308 2673 σῶμα
1330 2602 1580 2673 ἐροῦμεν,
1614 2603 1694 2654 ὅτι
1721 2603 1828 2654 πᾶν
1861 2603 1959 2672 μὲν

371 2696 540 2766 σῶμα
566 2696 732 2766 τριχῆ
789 2695 1066 2748 διαστατόν
1118 2697 1296 2747 ἐστιν’
1351 2695 1412 2747 οὐ
1451 2697 1557 2747 πᾶν
1604 2694 1657 2745 δὲ
1706 2693 1765 2746 τὸ
1798 2694 1956 2764 τριχῆ

368 2787 666 2841 διαστατὸν
697 2787 875 2856 σῶμα.
912 2786 1014 2839 Kal.
1049 2785 1156 2856 γὰρ
1178 2787 1206 2838 ὁ
1225 2789 1242 2806 ⁸
1265 2785 1323 2838 τὸ
1347 2786 1531 2842 ποσὸν.
1565 2786 1658 2838 καὶ¹
1693 2784 1753 2837 τὸ
1784 2785 1955 2849 ποιὸν,

371 2880 651 2951 ἀσώματα
673 2881 801 2932 ὄντα
834 2878 951 2931 καθ’
976 2880 1163 2942 ἑαυτὰ,
1192 2878 1327 2931 κατὰ
1352 2877 1711 2947 συμϐεϐηκὸς,
1739 2877 1796 2928 ὲν
1812 2877 1958 2946 ὄγκῳ

371 2970 660 3024 ποσοῦται.
703 2969 889 3031 Οὕτως
922 2962 1014 3020 οὖν
1065 2968 1157 3019 καὶ
1196 2970 1260 3037 τῇ
1289 2967 1432 3038 ψυχῇ
1468 2965 1589 3020 καθ’
1627 2967 1826 3036 ἑαυτὴν
1859 2965 1957 3036 μὲν

372 3064 640 3134 πρόσεστι
676 3060 736 3114 τὸ
770 3061 1109 3126 ἀδιάστατον,
1137 3035 1277 3114 κατά
1314 3035 1659 3131 συμϐεϐηκὸς
1703 3059 1757 3112 δὲ
1785 3035 1873 3129 7τῷ
1900 3061 1956 3112 ὲν
1984 3035 2026 3092 C

373 3149 423 3224 ᾧ
448 3158 586 3217 ἐστι,
618 3154 780 3224 τριχῆ
818 3153 1102 3206 διαστατδν
1130 3153 1262 3215 δντι,
1298 3152 1678 3222 συνθεωρεῖται
1705 3153 1797 3205 καὶ
1818 3151 1957 3221 αὐτὴ

373 3245 539 3317 τριχῆ
573 3243 852 3313 διαστατή.
886 3244 1006 3295 Ἔτι
1051 3244 1160 3296 πᾶν
1209 3242 1242 3312 ἥ
1303 3241 1500 3308 ἔξωθεν
1539 3244 1767 3296 κινεῖται
1805 3241 1840 3311 ἢ
1874 3240 1959 3295 ἕν-

374 3336 530 3389 δοθεν
549 3353 563 3366 ·
597 3335 709 3388 ἀλλ’
736 3338 784 3387 εἱ
817 3335 914 3404 μὲν
941 3333 1162 3400 ἔξωθεν,
1202 3334 1512 3401 ἀναγκαίως
1541 3333 1744 3404 ἄψυχον
1783 3332 1954 3386 ἔσται.

378 3430 442 3483 Ei
467 3429 522 3481 δὲ
556 3427 785 3492 ἔνδοθεν,
823 3425 1083 3496 ἔμψυχον.
1125 3427 1189 3478 Εἰ
1225 3425 1279 3478 δὲ
1308 3424 1466 3495 σῶμα
1495 3428 1526 3493 ἡ
1566 3426 1710 3496 ψυχή
1740 3443 1752 3456 ·
1784 3425 1831 3476 εἰ
1861 3425 1959 3494 μὲν

380 3520 579 3585 ἔξωθεν
611 3522 860 3581 κινεῖται,
884 3520 1087 3588 ἄψυχός
1127 3520 1274 3571 ἐστιν
1296 3536 1309 3548 ·
1344 3521 1391 3572 εἰ
1425 3518 1655 3581 ἔνδοθεν,
1698 3517 1959 3587 ἔμψυχοςο

381 3613 581 3665 ἄτοπον
610 3611 664 3664 δὲ
698 3612 792 3663 καὶ
842 3610 901 3663 τὸ
955 3609 1218 3680 ἔμψυχον,
1253 3609 1367 3679 ,καὶ
1419 3609 1481 3661 τὸ
1530 3608 1732 3677 ἄψυχον
1782 3608 1964 3675 λέγειν

382 3702 479 3773 τὴν
505 3702 705 3772 ψυχήν.
732 3702 844 3754 Οὐκ
878 3701 989 3770 ἄρα
1033 3700 1190 3770 σῶμα
1225 3702 1257 3770 ἡ
1294 3700 1463 3769 ψυχή.
1501 3701 1675 3768 Ἔτιή
1714 3698 1882 3768 ψυχὴ,
1915 3700 1962 3751 εἰ

388 3795 486 3866 μὲν
514 3794 793 3864 τρέφεται,
835 3792 941 3845 ὑπὸ
970 3793 1262 3862 ἀσωμάτου
1292 3792 1569 3861 τρέφεται.
1598 3790 1677 3842 Τὰ
1711 3790 1819 3859 γὰρ
1862 3808 1965 3861 μα-

383 3886 604 3957 θήματα
638 3886 828 3958 τρέφει
856 3885 1024 3955 αὐτὴν
1045 3903 1058 3917 ·
1089 3884 1242 3936 οὐδὲν
1265 3883 1321 3935 δὲ
1350 3882 1508 3953 σῶμα
1537 3882 1642 3934 ὐπὺ
1672 3881 1964 3952 ἀσωμάτου

379 3980 674 4051 τρέφεται·
703 3978 802 4031 οὐκ
828 3977 935 4047 ἄρα
961 3976 1119 4046 σῶμα
1154 3976 1187 4046 ἡ
1219 3974 1385 4045 ψυχή.

2070 418 2405 480 utdrersum,
2445 427 2607 486 atque
2641 417 2694 474 in
2762 417 3032 471 inlinitum
3082 431 3230 473 secta
3257 461 3271 484 ,
3313 431 3367 476 et
3414 437 3538 478 cum
3579 427 3633 479 in

2055 504 2679 576 ipsisimmntabilenihil
2731 509 2987 562 relictura
3024 509 3116 572 sit,
3151 526 3313 581 egere
3365 528 3431 568 eo
3491 526 3636 584 quod

2068 604 2184 672 ipsa
2214 602 2428 671 copulet
2465 611 2516 657 ct
2548 603 2889 670 constringat
2915 611 2969 658 et
3002 604 3158 673 quasi
3192 605 3411 675 colliget
3437 616 3489 662 et
3508 623 3637 662 cou-

2068 693 2276 747 tineat:
2318 691 2463 760 quod
2518 692 2759 744 auimrun
2797 692 3051 747 dicimus.
3112 692 3292 757 Quare
3353 695 3397 748 si
3456 699 3637 750 anima

2067 797 2267 852 corpus
2299 789 2383 837 est
2424 783 2835 856 qualecunque,
2878 783 3001 836 licet
3036 784 3443 849 tenuissimum,
3480 789 3641 855 quale

2067 874 2284 929 tandem
2328 872 2465 928 foret
2494 873 2640 944 quod
2670 883 2948 929 coerceret
2973 875 3157 930 illam?
3188 892 3313 931 nam
3354 880 3637 946 probatum

2066 974 2149 1018 est
2178 978 2340 1018 omne
2374 979 2575 1034 corpus
2604 980 2764 1034 egere
2793 980 2859 1019 eo
2890 965 3036 1035 quod
3077 970 3295 1034 copulet
3325 988 3337 1022 :
3374 971 3555 1040 itaque
3586 972 3637 1024 in

2068 1056 2339 1108 infinitum
2372 1071 2695 1129 progressus
2724 1066 2892 1120 esset,
2921 1057 3093 1111 donec
3125 1073 3540 1117 oecurreremus
3572 1063 3639 1116 iis

2066 1162 2188 1214 qme
2228 1146 2551 1217 incorporea
2594 1155 2742 1202 sunt.
2781 1148 2936 1214 Quod
2968 1149 3013 1204 si
3041 1150 3248 1215 dicant,
3287 1155 3639 1221 quemadmo-

2066 1238 2194 1291 dum
2246 1237 2436 1301 Stoicl,
2501 1239 2793 1291 motionem
2832 1240 3123 1308 quamdam
3183 1222 3451 1295 inteusam
3492 1244 3636 1298 circa

2066 1345 2296 1399 corpora
2327 1344 2470 1395 esse,
2504 1330 2665 1383 simul
2697 1329 2845 1385 intus
2881 1345 3223 1385 moveremur
3249 1340 3301 1386 et
3329 1333 3393 1386 ad
3426 1348 3489 1386 ea
3519 1350 3640 1403 qurc

2067 1422 2203 1476 foris
2230 1430 2357 1475 sunt
2391 1439 2408 1487 ;
2443 1430 2608 1491 atque
2640 1421 2779 1475 lianc
2808 1422 3027 1491 quidem
3064 1423 3375 1492 perﬁciendi
3411 1424 3517 1478 vim
3551 1427 3646 1479 ha:

2065 1494 2199 1567 bere
2238 1512 2643 1583 magnitudines
2679 1519 2733 1567 et
2766 1513 3059 1583 qualitates
3125 1514 3176 1567 in
3219 1515 3289 1570 iis
3338 1532 3461 1586 qua:
3493 1517 3640 1571 foras

2065 1613 2298 1675 pergunt
2327 1622 2342 1672 ;
2374 1605 2427 1658 in
2460 1605 2527 1661 iis
2558 1619 2689 1659 vero
2726 1620 2848 1675 qua:
2880 1605 3026 1675 quod
3068 1605 3216 1660 intus
3246 1615 3332 1661 est
3368 1617 3638 1678 spectant,

2001 1684 2325 1751 Bunionem
2378 1703 2432 1751 et
2491 1697 2832 1752 essentiam:
2900 1713 3068 1767 quare
3129 1698 3209 1752 sic
3267 1699 3639 1769 interrogandi

2067 1796 2289 1844 essent:
2322 1787 2458 1854 Quia
2492 1789 2671 1846 omnis
2712 1796 2893 1844 motus
2924 1798 3004 1845 est
3043 1790 3112 1842 ah
3148 1789 3327 1859 aliqua
3361 1789 3640 1854 facultate,

2067 1892 2315 1948 quaenam
2346 1876 2578 1931 facultas
2609 1876 2724 1944 ipsa
2753 1885 2858 1944 est,
2885 1886 2941 1931 et
2971 1894 3080 1946 quo
3111 1889 3269 1947 pacto
3302 1878 3423 1947 ejus
3461 1894 3639 1934 essen-
3670 1884 3679 1889 “

2069 1969 2142 2022 tia
2176 1969 2472 2022 constituta
2523 1968 2649 2023 est?
2680 1967 2734 2021 Si
2792 1969 3009 2037 quidem
3045 1970 3207 2022 etiam
3257 1969 3493 2038 potentia
3529 1970 3643 2025 haec

2069 2062 2295 2113 materia
2328 2056 2574 2128 quaedam
2613 2068 2719 2123 est,
2750 2059 2945 2113 iisdem
2995 2075 3189 2114 rursus
3231 2067 3448 2114 utemur
3476 2061 3644 2116 ratio-

2066 2148 2249 2206 nibus.
2280 2149 2334 2203 Si
2369 2165 2497 2204 vero
2528 2165 2637 2204 non
2667 2150 2918 2214 materia,
2948 2150 3042 2205 sed
3067 2152 3304 2204 materiae
3336 2151 3639 2206 adha'rens.

2067 2239 2212 2292 aliud
2243 2249 2325 2294 est
2355 2240 2597 2293 materiae
2630 2239 2907 2308 particeps
2939 2247 3135 2309 praeter
3163 2238 3445 2292 materiam
3474 2256 3489 2306 ;
3518 2253 3642 2293 nam

2065 2329 2211 2399 quod
2242 2336 2328 2384 est
2358 2342 2584 2398 compos
2622 2329 2884 2393 malerim,
2919 2328 3202 2383 materiale
3236 2328 3435 2382 dicitur
3468 2347 3481 2383 :
3514 2327 3643 2398 quid

2065 2436 2195 2490 ergo
2225 2428 2306 2476 est
2348 2422 2591 2475 materiae
2630 2420 2931 2490 particeps,
2980 2430 3164 2473 utrum
3197 2421 3425 2475 materia
3480 2421 3642 2476 etiam

2066 2514 2270 2582 ipsum,
2321 2528 2388 2565 an
2450 2512 2694 2567 materiae
2753 2526 2951 2580 expers
3011 2511 3144 2565 est?
3196 2510 3561 2576 Quamobrem
3597 2512 3643 2566 si

2064 2607 2293 2659 materia
2341 2613 2448 2668 est,
2476 2604 2569 2674 qui
2610 2603 2897 2658 materiale
2953 2611 3057 2669 est,
3095 2609 3149 2657 et
3203 2618 3313 2656 non
3373 2603 3648 2658 materia?

2065 2699 2220 2764 Quod
2251 2699 2295 2752 si
2320 2713 2429 2752 non
2460 2698 2687 2752 materia
2718 2704 2823 2762 est,
2856 2711 3053 2766 expers
3080 2696 3246 2766 igitur
3268 2696 3509 2750 materia:
3534 2707 3644 2761 est;

2065 2791 2149 2845 sin
2182 2798 2359 2843 autem
2389 2788 2613 2843 materia
2645 2795 2816 2853 caret,
2857 2802 3057 2853 corpus
3089 2802 3194 2840 non
3226 2792 3349 2853 est;
3382 2800 3503 2839 nam
3527 2800 3647 2839 cor-

2046 2897 2167 2950 pus
2199 2881 2422 2934 maleria
2455 2887 2691 2935 constat.
2721 2878 2876 2944 Quod
2901 2878 3198 2932 sidixerint
3222 2878 3647 2947 corporatrihus

2064 2971 2340 3025 distantiis
2368 2967 2848 3042 [dimensionibus]
2878 2968 3099 3038 praedita
3125 2983 3267 3026 esse.
3286 2977 3338 3022 et
3356 2969 3532 3021 anima
3554 2986 3650 3037 per

2065 3071 2234 3117 totum
2264 3077 2465 3130 corpus
2492 3061 2920 3131 pertinens,tres
2946 3061 3106 3115 etiam
3129 3059 3420 3114 distantias
3445 3059 3605 3112 habet
3631 3080 3643 3113 :

2067 3170 2129 3209 ac
2146 3162 2430 3225 pr0pterea
2449 3154 2635 3222 utique
2653 3152 2800 3206 illam
2825 3167 3026 3220 corpus
3043 3151 3323 3216 dicemus;
3345 3151 3471 3220 quia
3486 3166 3649 3205 omne

2066 3262 2270 3318 corpus
2317 3245 2497 3299 tribus
2546 3243 2828 3298 distantiis
2867 3241 3247 3308 constituitur,
3306 3258 3490 3296 verum
3540 3259 3649 3299 nen

2068 3354 2229 3393 omne
2263 3337 2406 3407 quod
2443 3344 2555 3389 tres
2585 3334 2879 3387 distantias
2914 3326 3106 3395 habet,
3147 3344 3350 3402 corpus
3381 3342 3495 3399 est;
3569 3339 3649 3388 et-

2069 3431 2215 3486 enim
2253 3430 2403 3484 locus
2459 3435 2512 3482 et
2546 3427 2808 3496 qualitas,
2847 3426 3170 3493 incorporea
3203 3440 3326 3479 cum
3387 3426 3499 3480 sint
3554 3441 3651 3495 per

2068 3537 2148 3582 se,
2182 3537 2277 3590 per
2306 3520 2561 3573 accidens
2596 3518 2650 3571 in
2706 3518 2849 3572 mole
2905 3524 2958 3570 et
2992 3517 3300 3586 quantitate
3330 3516 3600 3571 habentur
3633 3537 3647 3572 :

2070 3615 2150 3670 sic
2180 3613 2346 3683 igitur
2374 3621 2428 3666 et
2462 3611 2659 3664 animre
2692 3625 2788 3679 per
2821 3625 2880 3663 se
2905 3610 3124 3679 quidem
3152 3611 3316 3672 inest,
3344 3614 3413 3663 ut'
3437 3608 3648 3664 distan-

2070 3705 2144 3757 tia
2178 3711 2383 3766 careat,
2437 3718 2532 3771 per
2569 3702 2826 3755 accidens
2889 3715 3019 3753 vero
3049 3700 3211 3753 simul
3268 3699 3652 3754 consideratur
3684 3740 3687 3743 γ

2071 3782 2336 3850 trifariam
2365 3794 2578 3850 distans
2608 3809 2730 3846 cum
2759 3805 2824 3847 eo
2851 3793 2904 3846 in
2939 3808 3047 3862 quo
3071 3800 3175 3856 est,
3211 3791 3357 3861 quod
3384 3791 3649 3861 triplicem

2071 3887 2384 3943 distantiam
2419 3886 2617 3941 habet;
2656 3884 2720 3937 ad
2755 3884 2869 3937 lucc
2897 3884 3079 3936 omnis
3112 3899 3198 3936 res
3230 3890 3319 3935 aut
3373 3883 3647 3936 extrinse-

2069 3994 2168 4032 cus
2199 3986 2445 4031 movetur
2471 3987 2564 4030 ant
2595 3976 2823 4029 interius
2872 3993 2885 4029 :
2943 3983 2997 4028 et
3031 3975 3074 4027 si
3108 3974 3327 4042 quidem
3368 3972 3501 4026 foris
3534 3973 3651 4041 agi-

384 4080 551 4136 tatur,
608 4071 923 4147 necessario
957 4072 1257 4124 inanimum
1318 4071 1441 4124 erit.
1500 4070 1654 4135 Quod
1708 4071 1753 4125 si
1817 4073 1965 4129 intus
2008 4082 2275 4138 movetur,
2303 4074 2601 4127 animatum
2629 4071 2755 4125 erit.
2791 4069 2847 4122 Si
2875 4084 3003 4123 vero
3033 4084 3234 4137 corpus
3305 4068 3378 4122 sit
3447 4065 3648 4122 anima.

384 4163 676 4238 siquidem
709 4164 1053 4220 extrinsecus
1091 4164 1351 4232 agitatur,
1380 4176 1578 4231 expers
1607 4171 1687 4217 est
1761 4164 1994 4220 anima):
2036 4166 2178 4233 quod
2223 4167 2265 4217 si
2315 4165 2485 4225 intus,
2548 4162 2831 4213 animata:
2899 4157 3197 4213 absurdum
3275 4171 3404 4211 vero
3458 4165 3542 4209 est
3597 4161 3651 4208 et

385 4254 710 4315 animatum,
754 4260 808 4305 et
871 4250 1110 4307 inanime
1170 4252 1353 4305 dicere
1405 4252 1681 4306 animam:
1736 4262 1960 4307 nonest
2001 4255 2162 4325 igitur
2194 4255 2371 4307 anima
2422 4268 2646 4319 corpus.
2727 4249 2857 4303 Item
2929 4249 3136 4313 anima,
3192 4249 3236 4301 si
3299 4246 3516 4315 quidem
3551 4236 3647 4318 nu:

385 4353 575 4414 tritur,
626 4350 695 4404 ab
748 4349 1069 4417 incorporeo
1125 4349 1328 4414 alitur;
1382 4350 1583 4403 etenim
1648 4349 1954 4420 diSciplinm
1988 4348 2649 4420 ipsamnutriunt:atqui
2688 4346 2896 4399 nullum
2922 4359 3125 4412 corpus
3191 4344 3259 4397 ab
3329 4342 3651 4411 incorporeo

388 4444 671 4519 nutritur:
704 4457 811 4497 non
842 4449 925 4493 est
960 4438 1124 4508 igitur
1163 4440 1343 4491 anima
1377 4454 1601 4508 corpus.
1962 4494 1967 4499 ,

458 4538 802 4610 Ξενοκράτης
838 4534 981 4589 οὓτω
1022 4534 1251 4604 συνῆγεν
1279 4553 1290 4564 ·
1326 4536 1374 4586 εἰ
1405 4534 1461 4586 δὲ
1489 4535 1564 4605 μὴ
1590 4534 1868 4605 τρέφεται,
1905 4534 1963 4584 οὐ

2142 4526 2477 4581 Xenocrates
2506 4520 2583 4577 sic
2606 4520 2932 4589 colligebat;
2963 4527 3017 4571 at
3043 4519 3087 4572 si
3118 4532 3224 4572 non
3253 4518 3419 4572 alitur
3449 4520 3647 4574 anima.

388 4634 551 4706 σῶμα
574 4632 609 4701 ἡ
635 4629 776 4700 ψυχή
794 4646 809 4661 ο
829 4629 922 4681 καὶ
947 4627 1116 4680 ταῦτα
1144 4626 1240 4694 μὲν
1276 4628 1428 4698 κοινῇ
1455 4625 1589 4695 πρὸς
1613 4627 1819 4688 πάντας
1841 4625 1964 4687 τοὺς

2073 4633 2272 4687 corpus
2303 4630 2409 4669 non
2452 4624 2576 4675 est;
2648 4620 2813 4680 atque
2852 4611 2966 4665 haec
3005 4609 3225 4679 quidem
3285 4610 3642 4663 communiter

387 4725 646 4793 λέγοντας
684 4721 843 4789 σῶμα
877 4714 1012 4770 εἶναι
1059 4716 1157 4786 τὴν
1189 4716 1400 4787 ψυχήνο
1436 4716 1541 4787 ἰδίᾳ
1582 4715 1636 4767 δὲ
1680 4715 1813 4786 πρὸς
1844 4716 1970 4776 τοὺς

387 4815 708 4881 δοξάζοντας
730 4806 868 4879 αἷμα
900 4809 931 4881 ἢ
980 4807 1195 4876 πνεῦμα
1231 4802 1368 4859 εἶναι
1408 4805 1505 4876 τὴν
1539 4805 1715 4876 ψυχήν
1737 4822 1751 4835 ο
1783 4803 1970 4874 ἐπειδὴ

384 4908 482 4961 τοῦ
503 4904 810 4976 πνεύματος
833 4902 866 4973 ἢ
892 4900 985 4954 τοῦ
1017 4901 1247 4970 αἳματος
1272 4896 1664 4969 χωριζομένου,
1688 4894 1971 4966 νεκροῦται

388 4998 448 5051 τὸ
475 4997 633 5061 ζῶον.
662 4995 776 5047 Οὐκ
808 4995 981 5047 ἐκεῖνο
1013 4990 1222 5062 ῥητέον,
1250 4989 1387 5057 ὅπερ
1411 4987 1555 5050 τινὲς
1579 4985 1687 5039 τῶν
1712 4983 1972 5055 οἰομένων

387 5086 527 5143 εἷναί
555 5106 608 5141 τι
645 5087 837 5157 μέρος,
872 5084 1255 5154 γεγραφήκασι
1291 5080 1561 5147 λέγοντες,
1604 5074 1812 5130 Οὐκοῦν
1844 5076 1971 5129 ὅταν

390 5182 645 5252 ἀπορρυῇ
695 5177 787 5231 τοῦ
830 5177 1079 5246 αἵματος,
1135 5174 1296 5242 μέρος
1351 5168 1601 5239 ἀπερρύη
1646 5167 1746 5236 τῆς
1772 5165 1969 5236 ψυχῆς.

390 5270 733 5341 Κουφολογία
763 5268 870 5339 γὰρ
911 5268 972 5319 τὸ
1016 5265 1253 5319 τοιοῦτον
1277 5279 1290 5292 ·
1335 5262 1428 5314 ἐπὶ
1451 5259 1560 5331 γὰρ
1592 5259 1698 5311 τῶν
1727 5260 1975 5328 ὁμοιομε-

393 5366 525 5427 ρῶν,
567 5363 663 5416 καὶ
715 5360 778 5414 τὸ
829 5359 1255 5427 ὑπολειπόμενον
1296 5355 1477 5425 μέρος,
1519 5351 1712 5405 ταύτόν
1752 5350 1972 5427 ἐστιτῷ

400 5452 577 5508 παντί.
603 5450 789 5522 ’Υδωρ
815 5447 945 5518 γοῦν
998 5447 1096 5500 καὶ
1151 5445 1213 5498 τὸ
1242 5445 1374 5497 πολὺ
1406 5441 1501 5497 καὶ
1527 5441 1588 5493 τὸ
1613 5426 1970 5510 βραχύτατον,

395 5546 594 5626 ίμοεως
609 5543 703 5597 καὶ⁸
728 5542 965 5626 ἄργυρος
982 5541 1074 5594 καὶ⁴
1097 5538 1314 5609 χρυσὸς,
1339 5542 1433 5590 καὶ
1456 5534 1635 5626 πάντα
1651 5525 1807 5626 ὧντὰ
1833 5530 1972 5603 μέρη

393 5620 455 5698 οὗ
481 5624 791 5693 διαλλάττεέ
809 5633 1050 5704 ἀλλήλων
1077 5630 1194 5684 κατ’
1212 5628 1420 5682 οὐσίαν.
1457 5624 1641 5688 Οὕτως
1672 5620 1764 5678 οὖν
1787 5623 1873 5677 καὶ
1918 5623 1977 5676 τὸ

2076 4711 2342 4765 adversus
2363 4722 2458 4761 eos
2487 4704 2578 4776 qui
2616 4704 2807 4758 dicunt
2851 4718 3053 4771 corpus
3083 4716 3206 4756 esse
3240 4702 3475 4755 animam
3508 4718 3524 4769 ;
3563 4719 3651 4767 pe-

2076 4800 2361 4856 culiariter
2413 4805 2592 4850 autem
2629 4793 2894 4848 adversus
2928 4807 3022 4847 eos
3057 4792 3150 4861 qui
3208 4792 3501 4861 opinantur
3535 4792 3651 4844 ani-

2078 4908 2221 4949 mam
2255 4889 2596 4960 sanguinem,
2633 4896 2725 4940 aut
2748 4887 2999 4956 spiritum
3029 4900 3181 4952 esse;
3210 4884 3650 4954 quandoquidem

2080 4981 2296 5051 spiritu,
2330 4986 2423 5047 aut
2463 4978 2730 5047 sanguine
2766 4985 3040 5045 separato,
3074 4975 3277 5029 animal
3320 4983 3497 5028 morte
3531 4989 3651 5027 con-

2082 5072 2282 5126 licitur.
2322 5070 2443 5124 Non
2476 5068 2607 5121 illud
2638 5065 2930 5121 dicendum
2966 5073 3071 5128 est,
3108 5065 3253 5135 quod
3298 5064 3517 5134 quidam
3556 5077 3651 5115 eo-

2080 5178 2224 5226 rum,
2266 5160 2357 5231 qui
2392 5160 2686 5229 opinantur
2720 5164 2926 5227 partem
2963 5156 3201 5225 aliquam
3237 5170 3382 5218 esse,
3414 5153 3651 5220 scripse-

2079 5262 2209 5309 runt
2237 5254 2464 5316 aientes,
2494 5249 2720 5316 Quoties
2750 5247 2918 5302 efﬂuit
2973 5246 3176 5316 aliquid
3242 5260 3272 5298 e
3333 5241 3599 5310 sanguine
3625 5282 3640 5304 ,

2078 5348 2273 5401 animze
2302 5361 2430 5415 pars
2464 5343 2798 5403 etl'unditur;
2830 5340 2972 5394 istud
3013 5341 3158 5394 cnim
3190 5336 3324 5390 levis
3349 5334 3643 5403 inanisque

2080 5452 2263 5491 sermo
2294 5443 2414 5493 est;
2449 5431 2541 5487 sed
2573 5431 2717 5486 enim
2757 5430 2812 5482 in
2851 5429 2918 5481 iis
2952 5441 3073 5494 quae
3117 5428 3370 5476 constant
3404 5422 3651 5492 partibus

2083 5526 2443 5587 similaribus,
2497 5524 2659 5576 etiam
2702 5534 2829 5588 pars
2878 5532 2999 5587 qua:
3043 5512 3262 5569 residua
3319 5521 3403 5569 est
3460 5515 3650 5570 eadem

2087 5627 2168 5674 est
2195 5633 2319 5672 cum
2350 5623 2482 5670 toto.
2538 5614 2688 5683 Aqua
2724 5619 2869 5664 certe
2904 5615 2986 5675 cost
3021 5606 3190 5661 multa
3228 5614 3279 5662 et
3338 5606 3665 5678 pcrexigua.’
