4066 6146
374 150 467 217 ιρι

1635 143 1690 198 S.
1726 144 2051 199 GREGORII
2091 92 2383 199 NiSSENl

3516 145 3614 200 me

375 263 639 320 Similiter
668 272 848 319 autem
885 273 1167 334 argentum
1200 275 1253 318 et
1284 279 1500 329 aurum,
1535 279 1764 334 quorum
1809 279 1935 333 par-

2053 264 2463 334 ὃπολειπόμενον
2510 262 2673 335 α’μα,
2696 267 2817 318 ὅσον
2844 265 2907 318 ἂν
2933 264 3039 335 εἴη,
3080 264 3224 335 ψυχή
3250 266 3416 329 ἐστιν,
3456 266 3614 335 εἴπερ

376 365 460 412 tes
491 373 600 411 non
629 356 944 428 discrepant
974 373 1003 409 a
1034 373 1093 412 se
1141 357 1370 411 invicem
1412 358 1568 426 juxta
1609 357 1934 411 essentiam:

376 446 456 500 sic
493 446 659 516 igitur
688 446 913 515 sanguis
958 446 1120 500 etiam
1153 446 1244 515 qui
1280 447 1625 516 relinquitur,
1678 457 1941 517 quantus-

376 551 596 607 cunque
644 535 844 602 fuerit,
902 539 1084 592 anima
1135 545 1251 605 est,
1301 537 1567 606 siquidem
1622 538 1802 592 anima
1859 545 1941 592 est

377 618 600 700 sanguis
632 648 645 683 :
680 629 812 682 illud
849 642 980 699 ergo
1011 630 1195 698 potius
1227 628 1515 683 dicendum
1552 637 1669 693 est,
1714 628 1857 699 quod
1894 629 1940 684 si

376 721 479 774 hoc
513 728 660 775 esset
686 720 890 785 anima,
929 736 1040 790 quo
1081 719 1298 774 sublato
1350 729 1651 776 moreretur
1699 721 1938 775 animal:

374 827 601 881 prorsus
639 811 800 866 etiam
836 811 1028 880 ﬂegma
1058 809 1323 880 pituitave
1357 811 1536 865 anima
1567 818 1672 874 est,
1706 819 1761 865 et
1822 812 1943 868 bilis

293 974 299 979 _
376 911 648 972 utraque;
682 915 809 963 nam
850 901 1229 971 qualecunque
1257 899 1450 955 borum
1485 900 1740 967 defuerit,
1783 901 1940 957 ﬁnem

375 1003 429 1051 et
455 995 679 1050 exitium
708 992 915 1048 inducit
946 993 1168 1046 animali
1196 1014 1207 1047 :
1242 993 1493 1063 idemque
1541 993 1716 1062 jecur,
1749 1002 1803 1049 et
1855 1008 1944 1048 ce-

376 1088 617 1149 rebrum,
650 1092 704 1140 et
737 1100 852 1148 cor,
893 1092 947 1139 et
1004 1084 1342 1149 stomachus,
1387 1096 1442 1140 et
1491 1100 1670 1149 renes,
1707 1093 1761 1140 et
1807 1086 1945 1139 inte-

375 1181 539 1245 stina,
570 1187 624 1234 et
657 1179 762 1232 alia
793 1177 1089 1248 pleraque;
1119 1193 1243 1232 nam
1277 1194 1386 1249 quo
1416 1179 1647 1234 istorum
1690 1184 1943 1247 exempto

375 1288 483 1327 non
514 1278 815 1331 moreretur
844 1269 1087 1323 animal?
1131 1270 1430 1340 (Iteteroqui
1465 1269 1631 1323 multa
1676 1276 1804 1325 sunt
1847 1285 1944 1322 ex-

375 1365 602 1436 sanguia
642 1362 884 1433 quidem,
915 1361 1006 1416 sed
1037 1361 1276 1414 animata
1312 1376 1326 1425 ;
1360 1370 1416 1415 ut
1447 1360 1628 1429 pisces
1663 1358 1943 1427 cartilagi-

376 1459 493 1513 nosi
527 1464 579 1511 et
614 1455 821 1522 absque
852 1451 1116 1522 squamis,
1157 1465 1221 1505 ac
1261 1450 1471 1515 molles,
1522 1449 1689 1503 veluti
1752 1449 1942 1516 ευριπ,

375 1559 429 1605 et
457 1546 748 1609 teuthides,
774 1544 979 1613 lolligo,
1010 1542 1174 1612 myle,
1198 1547 1360 1609 atque
1396 1539 1643 1601 testacci,
1674 1548 1726 1604 et
1755 1553 1943 1591 omnes

2039 355 2182 426 ψυχὴ
2207 357 2264 409 τὸ
2287 352 2443 426 αἷμα.
2464 357 2665 409 Ἐκεῖνο
2687 355 2780 410 οὖν
2806 357 3002 427 μᾶλλον
3023 356 3259 415 λεκτέον,
3289 355 3369 407 ὅτι
3391 356 3435 406 εί
3458 353 3615 409 τοῦτό

2040 449 2154 499 ἐστι
2184 448 2350 518 ψυχὴ,
2375 442 2434 502 οὗ
2459 448 2672 519 ἐξαιρου
2682 448 2839 519 μένου
2868 448 3086 518 θνήσκει
3114 447 3176 500 τὸ
3200 445 3365 511 ζῶονο
3400 447 3616 510 πάντως

2042 541 2133 593 καὶ
2165 540 2222 594 τὸ
2251 540 2465 611 φλέγμα
2502 540 2645 610 ψυχή
2694 542 2830 604 ἐστι,
2867 540 2959 594 καὶ
2990 541 3047 593 αἱ
3085 539 3239 610 χολαὶ
3268 539 3574 609 ἀμφότεραι
3604 555 3615 566 ·

2041 633 2221 685 ὁποῖον
2250 631 2358 701 γάρ
2387 630 2588 684 τούτων
2636 632 2703 686 ἂν
2744 630 2925 703 λείπῃ.
2960 631 3109 692 τέλος
3138 629 3330 697 ὲπάγει
3351 627 3427 698 τῷ
3456 627 3579 698 ζὼῳ
3603 646 3617 658 ·

2043 723 2119 775 ἔτι
2147 722 2201 774 δὲ
2236 722 2401 775 καὶτὸ
2429 719 2581 793 ἧπαρ
2607 722 2698 776 καὶ
2720 724 2747 776 6
2772 721 3203 790 ἐγκέφαλος.καὶ
3225 724 3257 789 ἡ
3291 719 3502 789 καρδία,
3526 718 3620 770 καὶ

2041 817 2068 867 6
2097 814 2384 883 στόμαχος,
2411 814 2505 867 καὶ
2558 815 2607 866 οἱ
2644 814 2850 883 νεφροὶ,
2880 813 2973 865 καὶ
3009 814 3077 865 τὰ
3111 812 3325 881 ἔντερα,
3358 809 3452 862 καὶ
3486 808 3620 863 ἄλλα

2044 905 2231 958 πολλὰ.
2266 905 2420 969 Τίνος
2446 904 2553 977 γὰρ
2572 904 2772 959 τούτων
2795 905 3184 976 ἐξαιρεθέντος,
3212 905 3272 956 οὐ
3307 901 3618 972 τεθνήξεται

2043 995 2102 1047 τὸ
2120 995 2254 1060 ζῶον
2274 1013 2288 1059 ς
2315 995 2522 1058 ’Ἄλλως
2540 1013 2599 1047 τε
2620 995 2787 1049 πολλὰ
2808 996 2977 1058 ἐστιν,
3001 996 3203 1065 ἄναιμα
3224 998 3240 1017 ⁰
3259 994 3377 1065 μὲν,
3402 993 3619 1063 ἔμψυχα

2043 1085 2119 1149 δὲ,
2178 1085 2252 1149 ὡς
2295 1086 2364 1139 τὰ
2404 1086 2674 1157 σμύραινα
2713 1088 2806 1140 καὶ
2841 1086 3102 1157 μαλάκια,
3155 1081 3265 1139 οἷον
3304 1085 3501 1154 σηπίας
3529 1086 3621 1137 καὶ

2043 1175 2300 1239 τευθίδες,
2344 1180 2436 1230 καὶ
2488 1177 2700 1246 σμύλυι,
2734 1179 2828 1231 καὶ
2878 1179 3053 1231 πάντα
3088 1178 3154 1231 τά
3193 1178 3617 1249 ὀστρακόδερμα,

2047 1262 2139 1321 καὶ
2171 1268 2576 1338 ἀπαλόστρακα,
2608 1269 2745 1331 ὡςοί
2780 1268 3032 1339 κάραϐοι,
3070 1270 3160 1323 καὶ
3190 1271 3240 1321 οἱ
3260 1272 3503 1339 καρκῖνοι
3526 1268 3622 1321 καὶ

2045 1358 2269 1411 ἀστακοί
2327 1359 2385 1411 ΕΞ
2419 1360 2595 1411 τοίνυν
2627 1360 2771 1412 ἐστὶν
2803 1360 3021 1429 ἔμψυχα
3053 1361 3171 1429 μὲν,
3194 1359 3407 1429 ἄναιμα
3432 1359 3507 1421 δὲ,
3531 1360 3623 1431 δῆ-

2046 1451 2134 1503 λον
2156 1451 2230 1513 ὡς
2257 1453 2355 1503 οὐκ
2377 1451 2521 1504 ἔστιν
2544 1445 2680 1520 αἷμα
2714 1455 2746 1522 ἡ
2776 1452 2942 1521 ψυχή.
2973 1452 3113 1522 Πρὸς
3142 1453 3198 1505 δὲ
3218 1453 3343 1514 τοὺς
3369 1452 3621 1518 λέγοντας

2047 1540 2189 1611 ὕδωρ
2236 1537 2373 1593 εἶναι
2420 1542 2518 1610 τὴν
2553 1540 2749 1610 ψυχὴν,
2805 1542 2886 1593 ὅτι
2934 1541 2991 1593 τὸ
3025 1541 3168 1610 ὕδωρ
3199 1541 3445 1611 φαίνεται
3489 1541 3623 1604 ζωσ-

377 1649 514 1696 testa
548 1652 647 1708 pro
676 1645 798 1697 cute
828 1632 1033 1705 prmditi
1066 1640 1121 1686 et
1152 1633 1299 1686 molli
1329 1639 1466 1687 testa
1501 1631 1719 1694 muniti,
1756 1632 1939 1685 carabi

2053 1632 2229 1698 γονοῦν
2272 1632 2465 1695 πάντα,
2499 1635 2593 1685 καὶ
2627 1633 2794 1703 χωρὶς
2826 1631 3017 1695 ὓδατος
3052 1632 3312 1701 βιοτεύειν
3342 1632 3620 1692 ἀδύνατον,

376 1741 430 1788 et
457 1730 637 1787 cancri
667 1736 720 1784 et
744 1727 936 1782 astaci.
971 1724 1025 1779 Si
1070 1725 1237 1795 igitur
1269 1732 1396 1779 sunt
1454 1723 1690 1776 animata
1726 1723 1943 1792 quidem

377 1822 475 1879 sed
536 1820 851 1890 exsanguia,
885 1817 1227 1887 perspicuum
1258 1824 1342 1870 est
1393 1814 1628 1869 animam
1660 1830 1767 1868 non
1824 1829 1945 1868 esse

377 1914 735 1984 sanguinem;
765 1911 962 1965 ctenim
1004 1908 1265 1963 adversus
1328 1922 1423 1962 eos
1453 1907 1545 1976 qui
1601 1907 1791 1961 dicunt
1831 1907 1948 1959 ani-

378 2021 520 2069 mam
550 2019 671 2059 esse
702 2015 921 2070 aquam.
958 2014 1023 2055 eo
1056 2000 1201 2068 quod
1235 2013 1374 2065 aqua
1405 1998 1652 2053 videatur
1672 1998 1946 2051 viviﬁcare

378 2093 586 2154 omnia,
624 2100 677 2146 et
709 2092 917 2159 absque
947 2102 1087 2157 aqua
1133 2086 1430 2141 vivere‘l‘as
1485 2103 1594 2140 non
1635 2089 1743 2141 sit:
1779 2087 1945 2141 inter-

379 2186 509 2242 dum
550 2183 719 2244 mulla
743 2196 960 2252 quoque
990 2179 1368 2233 intercidentia
1394 2196 1409 2245 ;
1433 2194 1606 2248 neque
1635 2178 1777 2233 enim
1819 2180 1944 2231 abs-

378 2291 485 2347 que
535 2275 795 2335 alimeuto
855 2272 980 2341 quis
1032 2271 1197 2324 vitam
1250 2269 1446 2340 degere
1502 2278 1718 2339 potest:
1783 2271 1947 2340 igitur

378 2367 637 2429 animam,
674 2370 729 2419 et
759 2362 1015 2421 alimenta
1051 2360 1231 2414 omnia
1256 2360 1532 2429 sigillatim
1566 2360 1794 2415 dicenda
1852 2376 1947 2430 per

378 2474 473 2514 se:
510 2455 708 2512 deinde
740 2454 908 2514 multa
939 2452 1194 2511 animalia
1235 2460 1363 2507 sunt
1423 2467 1543 2521 qua:
1577 2468 1685 2505 non
1731 2452 1943 2517 bibunt,

380 2558 439 2603 nt
469 2548 537 2603 de
568 2544 894 2619 quibusdam
936 2544 1137 2613 aquilis
1161 2551 1439 2609 narratur,
1460 2550 1513 2597 et
1543 2544 1729 2611 perdix
1768 2544 1947 2597 vivere

375 2647 555 2712 potest
584 2640 792 2710 absque
834 2646 982 2706 potu.
1034 2633 1138 2688 Sed
1198 2649 1295 2688 cur
1346 2635 1525 2703 potius
1567 2649 1705 2704 aqua
1741 2641 1793 2687 et
1838 2649 1944 2687 non

376 2747 470 2787 aer
492 2731 515 2784 ?
540 2744 663 2785 nam
700 2728 765 2791 ad
800 2727 1030 2793 multum
1064 2733 1277 2795 tempus
1319 2725 1433 2778 lieri
1466 2732 1643 2794 potest
1670 2732 1749 2777 ut.
1775 2725 1946 2779 absti-

377 2829 571 2880 neatur
597 2835 759 2891 aqua,
799 2819 894 2874 sed
929 2832 1036 2871 non
1092 2817 1305 2891 spirare
1356 2832 1506 2879 acra,
1567 2832 1635 2871 ne
1675 2817 1944 2870 tantillum

2049 1727 2177 1779 ποτὲ
2226 1728 2391 1779 πολλὰ
2461 1727 2528 1780 τὰ
2589 1728 2993 1782 ἀντιπίπτοντα.
3058 1727 3192 1780 Ούδὲ
3252 1726 3363 1795 γὰρ
3418 1726 3622 1796 τροφῆς

2046 1817 2212 1886 χωρὶς
2262 1813 2371 1869 οἶόν
2427 1835 2483 1870 τε
2545 1818 2682 1886 ζῇν·
2747 1817 2925 1887 ψυχὴν
3007 1817 3128 1884 ἄρα,
3187 1816 3281 1867 καὶ
3343 1814 3442 1877 τὰς
3501 1830 3623 1884 τρο-

2048 1908 2152 1976 φὰς
2210 1910 2388 1973 πάσας
2468 1910 2589 1963 καθ’
2663 1910 2901 1979 ἑκάστην
2958 1909 3150 1980 ῥητέον
3209 1908 3330 1961 κατ’
3408 1907 3575 1970 αὑτάς
3605 1920 3625 1936 ⁶

2047 1998 2236 2053 ἔπειτα
2273 2000 2441 2053 πολλά
2471 1999 2593 2072 ⁵τῶν
2641 1999 2793 2064 ζώων
2831 2001 2947 2054 ἐστὶ
2998 2000 3075 2072 μὴ
3124 2000 3368 2065 πίνοντα,
3409 1999 3483 2063 ὡς
3532 1998 3624 2052 ἐπι

2045 2106 2204 2144 τινων
2238 2091 2412 2145 ἀετῶν
2450 2092 2759 2163 ἱστόρηται*
2805 2093 2897 2145 καὶ
2921 2086 3131 2161 ’πέρδιξ
3169 2091 3225 2144 δὲ
3269 2091 3491 2144 δύναται
3523 2091 3629 2161 ζῇν

2046 2183 2213 2252 χωρὶς
2243 2182 2334 2237 τοῦ
2371 2183 2565 2237 πίνειν.
2608 2184 2706 2237 Διὰ
2738 2184 2790 2237 τί
2825 2184 2880 2237 δὲ
2916 2183 3112 2253 μᾶλλον
3142 2184 3201 2237 τὸ
3229 2182 3373 2254 ὕδωρ
3406 2184 3498 2236 καὶ
3525 2183 3625 2254 οὐχ

2046 2274 2074 2325 6
2103 2274 2237 2342 ἀήρς
2273 2273 2499 2336 Ὕδατος
2538 2274 2634 2344 μὲν
2672 2272 2780 2345 γὰρ
2821 2275 2914 2328 καὶ
2961 2275 3055 2327 ἐπὶ
3089 2273 3222 2326 πολὺ
3263 2272 3484 2326 δυνατὸν
3517 2274 3625 2326 ἀπ-

2049 2362 2285 2433 έχεσθαι·
2330 2363 2423 2416 τοῦ
2452 2364 2506 2419 δὲ
2539 2366 2793 2418 ἀναπνεῖν
2819 2365 2906 2417 τὸν
2935 2365 3092 2435 ἀέρα,
3124 2364 3242 2417 οὐδὲ
3271 2364 3331 2416 τὸ
3358 2361 3627 2432 βραχύτα-

2047 2472 2170 2508 τονο
2207 2455 2320 2508 ἀλλ’
2370 2455 2489 2508 οὐδὲ
2526 2458 2554 2508 ὁ
2588 2457 2697 2528 ἀὴρ
2734 2456 2900 2526 ψυχή.
2935 2455 3109 2508 Πολλά
3154 2455 3262 2526 γάρ
3292 2456 3406 2507 ἐστι
3449 2453 3625 2519 ζῶντα

2052 2545 2170 2615 μὲν,
2220 2546 2293 2617 μὴ
2351 2546 2685 2599 ἀναπνέοντα
2730 2546 2786 2599 δὲ
2828 2548 2919 2599 τὸν
2965 2547 3134 2616 ἀέρα,
3185 2546 3259 2609 ὡς
3304 2545 3369 2599 τὰ
3424 2545 3626 2615 ἔντομα

2050 2637 2247 2699 πάντα,
2300 2632 2410 2689 οἷον
2451 2638 2715 2707 μέλιτται,
2766 2639 2857 2691 καὶ
2891 2638 3116 2707 σφῆκες,
3170 2638 3262 2691 καὶ
3311 2636 3621 2708 μύρμηκες,

2050 2729 2142 2781 καὶ
2180 2730 2249 2782 τὰ
2296 2729 2525 2799 ἄναιμα,
2574 2730 2667 2782 καὶ
2711 2730 2819 2782 τῶν
2860 2729 3159 2783 θαλαττίων
3191 2728 3261 2782 τὰ
3307 2730 3493 2794 πολλὰ,
3530 2730 3626 2783 καὶ

2050 2821 2229 2875 πάντα
2262 2823 2362 2875 ὅσα
2403 2824 2501 2875 οὐκ
2541 2821 2651 2892 ἕχει
2699 2822 2991 2892 πνεύμονα.
3046 2823 3212 2875 Οὐδὲν
3245 2821 3352 2894 γὰρ
3390 2824 3466 2893 μὴ
3504 2822 3627 2893 ἕχον

377 2914 596 2985 quidem
630 2909 891 2980 temporis
919 2909 1181 2979 possibile
1211 2916 1295 2963 est
1330 2927 1343 2962 :
1380 2924 1567 2964 verum
1602 2923 1670 2961 ne
1704 2924 1797 2962 aer
1824 2908 1947 2976 qui-

2060 2913 2340 2983 πνεύμονα
2365 2914 2595 2967 ἀναπνεῖ
2617 2914 2707 2966 τὶν
2739 2914 2874 2984 ἀέρα
2898 2928 2911 2942 ·
2952 2914 3046 2966 καὶ
3071 2914 3435 2984 ἀντιστρέφει.
3474 2915 3627 2968 οὐδὲν

379 3007 500 3061 dem
548 3005 732 3058 anima
784 3011 907 3067 est;
963 2994 1163 3056 etenim
1198 3002 1365 3055 multa
1402 3013 1530 3056 sunt
1566 3016 1688 3071 qua:
1737 3001 1948 3066 vivunt,

378 3113 481 3152 nec
510 3105 689 3157 tamen
718 3095 931 3164 spirant
954 3109 1158 3158 aerem,
1186 3102 1244 3144 ut
1267 3092 1473 3147 insecta
1496 3092 1698 3154 omnia.
1720 3099 1778 3146 ut
1800 3107 1948 3161 apes,

379 3189 513 3255 fuci,
544 3204 742 3259 vespae,
803 3188 1062 3252 formicae,
1098 3196 1151 3241 et
1200 3187 1523 3255 exsanguia,
1560 3195 1615 3240 et
1667 3201 1697 3239 e
1724 3186 1952 3239 marinis

379 3281 572 3345 multa,
612 3281 796 3336 omnia
825 3278 1061 3347 denique
1088 3293 1208 3347 qua:
1241 3278 1500 3343 pulmone
1536 3282 1747 3331 carent.
1806 3273 1950 3326 Nihil

379 3374 524 3428 enim
553 3372 700 3443 quod
736 3371 1048 3441 pulmonem
1086 3383 1193 3440 non
1232 3368 1394 3422 habet
1431 3367 1605 3436 spirat
1641 3381 1819 3420 aerem
1853 3383 1869 3433 ;
1901 3374 1954 3420 et

380 3466 437 3521 id
474 3470 620 3520 retro
650 3463 891 3518 vicissim
927 3465 1217 3523 commeat,
1250 3458 1385 3512 nihil
1408 3472 1596 3512 eorum
1627 3471 1749 3525 quae
1783 3455 1955 3525 respi-

381 3566 510 3613 rant
546 3570 745 3617 aerem,
778 3554 1033 3624 pulmone
1068 3558 1238 3606 caret.
1289 3548 1741 3620 Quandoquidem
1790 3550 1954 3604 etiam

380 3646 665 3704 Cleanthis
707 3644 904 3709 Stoici,
954 3651 1009 3699 et
1046 3642 1337 3714 Chrysippi
1375 3643 1626 3698 feruntur
1676 3657 1956 3698 sermones

382 3739 604 3808 quidam
644 3751 753 3791 non
793 3733 1198 3797 contemnendi,
1234 3733 1569 3804 exponenda:
1597 3741 1726 3788 sunt
1758 3732 1956 3786 borum

383 3828 548 3882 etiam
580 3827 899 3891 solutiones,
944 3836 1003 3878 ut
1037 3825 1317 3880 solverunt
1352 3838 1445 3880 eas
1495 3823 1741 3878 Platonis
1788 3823 1958 3878 disci-

385 3916 827 3988 puli.Cleanthes
857 3916 1018 3970 talem
1051 3914 1575 3986 argumentationem
1610 3911 1782 3968 nectit
1808 3908 1955 3966 :Non

386 4011 588 4074 solum,
623 4008 824 4078 inquit,
855 4007 1064 4063 similes
1094 4005 1413 4076 parentibus
1450 4003 1729 4058 nascimur
1767 4018 1958 4058 secun-

384 4104 516 4159 dum
549 4116 771 4172 corpus,
800 4115 987 4154 verum
1038 4099 1203 4152 etiam
1250 4097 1405 4167 juxta
1445 4096 1708 4169 animam,
1747 4095 1959 4149 ratione

384 4185 701 4253 affectuum,
732 4204 968 4251 mormn,
1002 4185 1349 4241 aﬁectionum
1378 4204 1392 4254 ;
1427 4179 1629 4255 corpus
1677 4195 1855 4237 autem
1884 4186 1959 4238 si-

2059 3005 2132 3075 μὴ
2169 3004 2431 3057 ἀναπνέον
2477 3007 2566 3058 τὸν
2608 3004 3064 3074 ὰέρα,πνεύμονα
3093 3004 3226 3074 ἔχει.
3282 3005 3496 3076 Ἐπειδὴ
3535 3007 3627 3059 καὶ

2057 3095 2363 3159 Κλεάνθους
2411 3095 2506 3147 τοῦ
2554 3094 2816 3160 Στωϊκοῦ,
2867 3095 2960 3147 καὶ
3002 3096 3324 3165 Χρυσίππου
3374 3098 3626 3167 φέρονται

2056 3186 2201 3255 λόγοι
2232 3186 2373 3247 τινὲς
2421 3187 2518 3238 οὐκ
2571 3187 3065 3256 εὐκαταφρόνητοι,¹
3097 3187 3352 3257 ἐκρητέον
3387 3189 3480 3240 καὶ
3510 3188 3631 3241 τού-

2056 3295 2163 3333 των
2192 3275 2291 3338 τὰς
2328 3275 2531 3338 λύσεις,
2580 3277 2653 3339 ὡς
2683 3279 2957 3331 ἀπέλυσαν
2988 3279 3037 3329 οἱ
3074 3277 3180 3330 ἀπὸ
3225 3278 3524 3342 Πλάτωνος.
3567 3278 3629 3332 '0

2059 3367 2338 3434 Κ)εάνθης
2397 3368 2598 3421 τοιόνδε
2646 3369 2831 3423 πλέκει
2881 3368 3257 3438 συλλογισμόν·
3309 3369 3383 3423 Οὐ
3446 3370 3631 3440 μόνον,

2059 3459 2242 3527 φησιν,
2277 3460 2450 3529 ὅμοιοι
2482 3462 2594 3522 τοῖς
2619 3459 2837 3528 γονεῦσι
2865 3461 3125 3531 γινόμεθα
3159 3460 3294 3514 κατὰ
3340 3460 3398 3512 τὸ
3448 3460 3629 3529 σῶμα,

2058 3551 2192 3605 ἀλλά
2223 3552 2314 3604 καὶ
2346 3551 2484 3604 κατὰ
2522 3550 2618 3621 τὴν
2641 3551 2837 3622 ψυχὴν,
2887 3554 2998 3615 τοῖς
3044 3552 3259 3614 πάθεσι,
3300 3554 3411 3614 τοῖς
3449 3551 3626 3622 ῆθεσι,

2058 3646 2177 3706 ταῖς
2228 3643 2516 3696 διαθέσεσι.
2573 3642 2828 3714 Σὼματος
2867 3643 2921 3696 δὲ
2970 3643 3031 3696 τὸ
3069 3645 3249 3713 ὅμοιον
3297 3644 3391 3696 καὶ
3432 3642 3491 3695 τὸ
3535 3642 3631 3697 ἀν-

2058 3735 2260 3805 όμοιον,
2292 3736 2410 3805 ούχὶ
2434 3735 2490 3788 δὲ
2519 3735 2829 3804 ἀσωμάτου·
2871 3734 3027 3804 σῶμα
3062 3734 3167 3805 ἄρα
3198 3735 3230 3803 ή
3262 3732 3427 3803 ψυχή.
3468 3730 3633 3785 Ἀλλὰ

2061 3826 2274 3895 πρῶτον
2303 3826 2401 3893 μὲν
2428 3825 2489 3876 ἐκ
2518 3824 2622 3877 τῶν
2650 3823 2739 3876 ἐπὶ
2771 3823 2971 3894 μέρους
2998 3822 3065 3874 τὰ
3088 3821 3313 3874 καθόλου
3359 3836 3632 3887 συγκατα-

2063 3917 2415 3981 σκευάζεται·
2459 3916 2594 3985 πρὸς
2624 3914 2794 3983 τούτῳ
2834 3914 2908 3975 δὲ,
2942 3915 3034 3965 καὶ
3072 3912 3131 3965 τὸ
3157 3912 3273 3982 οὐχὶ
3311 3912 3377 3964 δι’
3407 3910 3630 3980 ἀσωμά·

2061 4024 2181 4071 του,
2236 4007 2430 4077 ψεῦδός
2480 4008 2613 4060 ἐστι.
2673 4006 2911 4075 Λέγομεν
2954 4005 3061 4074 γὰρ
3111 4005 3373 4075 ἀριθμοὺς
3418 4003 3630 4075 ὁμοίους

2062 4093 2219 4160 εἶναι,
2247 4092 2320 4151 ὧν
2362 4099 2414 4150 αἱ
2460 4097 2691 4167 πλευραὶ
2726 4095 2975 4164 ἁνάλογοί
3015 4097 3183 4147 εἰσιν·
3224 4095 3297 4156 ὡς
3327 4095 3415 4148 τὸν
3444 4094 3503 4159 ἓξ
3541 4096 3633 4147 καὶ

2060 4190 2150 4241 τὸν
2184 4189 2611 4258 εἰκοσιτέσσαρα.
2664 4187 2897 4255 Πλευραὶ
2953 4187 3060 4257 γὰρ
3110 4186 3199 4238 τοῦ
3246 4185 3303 4252 ἓξ
3349 4185 3440 4239 καὶ
3471 4186 3499 4237 6
3540 4184 3632 4238 δύο
3678 4225 3683 4231 .

386 4285 547 4341 miles
573 4293 755 4354 partes
777 4283 960 4346 habet,
984 4290 1037 4336 et
1061 4280 1376 4344 dissimiles,
1406 4295 1513 4333 non
1539 4278 1950 4348 incorporeum;

2061 4282 2153 4334 καὶ
2185 4283 2212 4333 6
2247 4282 2425 4348 τρεῖς·
2466 4278 2558 4331 τοῦ
2597 4278 2652 4330 δὲ
2699 4278 3129 4349 εἰκοσιτέσσαρα,
3171 4278 3199 4327 ὁ
3236 4276 3494 4347 τέσσαρα,
3536 4276 3631 4330 καὶ

387 4392 588 4446 corpus
615 4376 779 4445 igitur
808 4376 1008 4428 anima.
1050 4372 1157 4429 Sed
1216 4372 1449 4441 primum
1502 4368 1720 4439 quidem
1781 4383 1844 4422 ex
1894 4367 1961 4419 iis

386 4482 509 4537 qua:
541 4467 886 4538 particularia
914 4472 1063 4529 sunt,
1102 4477 1211 4517 una
1242 4461 1599 4537 constituitur
1639 4459 1784 4529 quod
1838 4457 1960 4510 uni-

382 4574 607 4614 .versum
635 4565 719 4613 est
750 4576 763 4612 :
797 4557 862 4610 ad
899 4556 1014 4609 haec
1049 4570 1177 4610 vero
1206 4555 1367 4608 etiam
1402 4550 1549 4622 quod
1590 4566 1700 4604 non
1759 4559 1853 4604 est-
1875 4548 1961 4602 in-

388 4660 733 4716 corporeum,
776 4642 1117 4697 mendacium
1150 4649 1274 4706 est;
1317 4639 1550 4694 dicimus
1587 4638 1730 4691 enim
1772 4651 1964 4690 nume-

388 4753 481 4793 ros
509 4735 715 4792 similes
744 4749 884 4797 esse,
910 4748 1143 4804 quorum
1171 4731 1339 4784 latera
1367 4729 1790 4800 proportionalia
1814 4736 1960 4794 sunt;

390 4839 449 4885 ut
468 4843 563 4882 sex
587 4833 641 4880 et
670 4825 1128 4895 rigintiquatnor;
1161 4822 1329 4876 latera
1352 4822 1493 4876 enim
1524 4820 1732 4873 numeri
1764 4818 1965 4874 senarii

390 4927 520 4974 sunt
547 4914 658 4970 duo
685 4924 740 4967 et
770 4922 881 4967 tres
907 4930 920 4979 ;
961 4912 1148 4981 viginti
1186 4920 1365 4965 autem
1393 4920 1645 4981 quatuor,
1681 4920 1967 4979 quaterna-

390 5008 507 5064 rius
531 5015 585 5062 et
615 5004 887 5061 senarius.
920 5003 1079 5072 Atqui
1109 5003 1409 5072 analogiam
1443 5013 1496 5056 et
1555 5001 1961 5071 proportionem

391 5101 597 5156 habent
625 5097 733 5152 duo
756 5098 822 5151 ad
863 5103 1119 5164 quatuor,
1155 5103 1208 5147 et
1238 5095 1339 5146 tria
1375 5095 1440 5147 ad
1501 5109 1638 5156 sex;
1694 5093 1746 5146 in
1800 5091 1962 5160 dupla

390 5180 534 5246 enin'i
566 5191 777 5245 ratione
808 5187 1272 5247 considerantur;
1316 5203 1439 5240 nam
1492 5195 1734 5256 quatuor
1797 5183 1961 5253 dupla

391 5292 520 5338 sunt
545 5283 796 5343 duorum,
827 5288 881 5335 et
921 5296 1012 5335 sex
1044 5279 1245 5345 trium;
1302 5278 1610 5349 incorporei
1666 5292 1794 5332 vero
1862 5291 1964 5329 nu-

394 5372 552 5436 meri,
595 5380 649 5427 et
688 5374 871 5443 figurae
924 5386 1083 5441 pares
1136 5378 1286 5435 sunt,
1344 5384 1683 5440 quaecunque
1732 5367 1960 5437 angulos

395 5478 556 5537 pares
588 5464 807 5529 habent,
849 5476 903 5519 et
939 5466 1109 5521 latera
1158 5478 1280 5534 quae
1326 5462 1471 5517 circa
1520 5476 1676 5532 pares
1732 5458 1962 5530 angulos

396 5560 544 5619 sunt,
583 5554 1046 5623 proportionalia:
1114 5554 1339 5627 ﬁguram
1376 5568 1505 5610 vero
1567 5552 1730 5608 etiam
1789 5551 1964 5623 ipsam

2063 4374 2091 4424 6
2126 4369 2185 4435 ἓξ
2206 4386 2220 4401 ο
2254 4368 2543 4436 ἀναλογίαν
2571 4366 2625 4419 δὲ
2661 4367 2769 4437 ἔχει
2801 4369 2829 4422 6
2862 4367 2952 4419 δύο
2987 4367 3121 4439 πρὸς
3148 4366 3215 4420 τὰ
3243 4367 3502 4437 τέσσαρα,
3539 4364 3633 4419 καὶ

2061 4463 2090 4513 6
2116 4460 2239 4531 τρία
2267 4460 2400 4531 πρὸς
2433 4460 2524 4512 τὸν
2554 4459 2631 4523 ἒξ.
2680 4459 2766 4511 Ἐν
2795 4458 3092 4511 διπλασίονι
3113 4458 3218 4530 γὰρ
3241 4458 3384 4531 λόγῳ
3412 4458 3631 4527 θεωρεῖ-

2062 4568 2170 4605 ται.
2199 4551 2278 4604 Τὰ
2306 4551 2414 4623 γὰρ
2442 4552 2681 4622 τέσσαρα
2728 4549 2835 4604 τῶν
2861 4550 2951 4603 δύο
2978 4550 3310 4609 διπλασίονα,
3352 4551 3444 4608 καὶ
3480 4550 3546 4603 τά
3574 4546 3634 4612 ἒξ

2062 4644 2168 4696 τῶν
2198 4643 2394 4713 τριῶν’
2432 4642 2717 4712 ἀσώματον
2746 4642 2801 4693 δὲ
2845 4643 2893 4694 οἱ
2922 4641 3173 4713 ἀριθμοί·
3209 4643 3276 4694 τὰ
3305 4643 3554 4711 σχήματα
3576 4640 3633 4694 δὲ

2066 4736 2336 4805 σχήμασιν
2367 4735 2528 4803 ὅμοιά
2559 4736 2727 4799 ἐστιν,
2757 4738 2856 4789 ὅσα
2898 4737 2993 4799 τάς
3025 4753 3083 4788 τε
3116 4734 3314 4802 γωνίας
3342 4736 3460 4798 ῐσας
3500 4734 3632 4804 ἔχει,

2064 4828 2156 4882 καὶ
2189 4826 2286 4890 τὰς
2317 4827 2442 4897 περὶ
2474 4828 2571 4891 τὰς
2602 4830 2720 4892 ἴσας
2749 4830 2951 4897 γωνίας
2991 4828 3227 4900 πλευρὰς
3258 4829 3545 4897 ἀνάλογον·
3575 4831 3636 4882 τὸ

2063 4922 2118 4975 δὲ
2151 4920 2337 4991 σχῆμα
2363 4921 2455 4973 καὶ
2480 4921 2609 4976 αὐτὸ
2649 4922 2935 4992 ἀσώματον
2978 4922 3069 4975 καὶ
3106 4922 3257 4975 αὐτοὶ
3288 4921 3637 4990 ὁμολογοῦσιν

2066 5006 2380 5061 εἷναιῧἜτι
2426 5008 2498 5071 ὡς
2526 5009 2616 5061 τοῦ
2651 5009 2816 5063 ποσοῦ
2849 5010 2976 5061 ἴδιόν
3008 5011 3119 5061 ἐστι
3148 5010 3207 5061 τὸ
3239 5004 3353 5062 ἴσον
3398 5010 3490 5062 καὶ
3526 5010 3636 5064 ἄνι-

2068 5119 2158 5154 σον
2180 5143 2194 5165 ,
2229 5100 2371 5154 οὕτω
2408 5102 2498 5153 καὶ
2537 5101 2627 5154 τοῦ
2662 5101 2814 5153 ποιοῦ
2844 5103 2902 5153 τὸ
2927 5102 3107 5171 ὅμοιον
3133 5101 3225 5153 καὶ
3263 5100 3322 5153 τὸ
3352 5100 3599 5168 ἀνόμοιον
3621 5114 3633 5128 ·

2067 5190 2354 5261 ἀσώματον
2382 5191 2437 5243 δὲ
2475 5194 2508 5262 ἡ
2544 5192 2764 5261 ποιότης
2804 5192 2980 5245 ἐστίν·
3024 5191 3152 5258 ἄρα,
3206 5191 3297 5243 καὶ
3346 5189 3636 5258 ἀσώματον

2066 5284 2343 5354 ἀσωμάτῳ
2386 5285 2584 5353 ὅμοιον.
2625 5284 2842 5349 "Euris,
2878 5285 3036 5354 φησιν
3084 5286 3111 5336 6
3153 5283 3450 5351 Κλεάνθης,
3486 5281 3636 5334 οὐδὲν

2068 5372 2356 5444 ἀσώματον
2391 5374 2697 5442 συμπάσχει
2744 5372 2974 5441 σώματι,
3007 5374 3127 5427 οὐδὲ
3174 5375 3449 5446 ἀσωμάτῳ
3497 5390 3635 5443 συμ-

2069 5462 2269 5531 πάσχει
2318 5461 2496 5531 σῶμα,
2545 5460 2677 5526 ἀλλά
2716 5461 2868 5532 σῶμα
2922 5461 3170 5534 σώματι·
3219 5465 3527 5534 συμπάσχει
3577 5463 3636 5515 δὲ

2068 5557 2101 5624 ἡ
2135 5553 2279 5626 ψυχὴ
2319 5553 2393 5625 τῷ
2429 5551 2637 5624 σώματι
2672 5555 2930 5623 νοσοῦντι,
2961 5556 3053 5610 καὶ
3081 5557 3415 5628 τεμνομένῳ,
3448 5556 3540 5609 καὶ
3578 5555 3636 5608 τὸ
