4066 6146
351 274 455 331 195
1792 266 1880 322 DE
1910 266 1933 321 Α

2036 265 2150 322 MA.
3511 278 3616 336 196

349 393 507 464 σῶμα
540 393 605 463 τῇ
636 374 801 463 ψυχῇ.
837 386 1241 462 Αἰσχυνομένης
1272 388 1380 459 γὰρ
1424 383 1654 458 ἐρυθρὸν
1705 384 1933 453 γίνεται,

2042 387 2422 455 incorpoream
2456 386 2557 457 ipsi
2596 388 2834 443 fatentur
2868 405 3009 446 esse.
3048 389 3315 447 Praeterea
3348 398 3407 445 ut
3434 406 3617 461 quan-

346 483 444 538 καὶ
471 483 811 553 φοϐουμένης
848 483 1023 553 ὠχρόν
1044 498 1057 513 ·
1100 481 1258 551 σῶμα
1288 480 1395 551 ἄρα
1422 480 1455 548 ἡ
1484 476 1651 547 ψυχή.

2043 471 2216 529 titatis
2242 475 2521 546 proprium
2554 489 2635 532 est
2666 493 2764 548 par
2798 488 2851 533 et
2881 480 3094 548 impar:
3125 481 3204 536 sic
3226 482 3392 535 etiam
3435 482 3617 551 quali-

348 580 480 634 tatis
512 578 694 633 simile
726 585 781 633 et
808 577 1097 633 dissimile.
1127 574 1512 645 lncorporeum
1540 584 1671 625 vero
1700 566 1937 639 qualitas
1975 575 2061 622 est
2087 585 2100 621 :
2125 582 2257 640 ergo
2297 572 2683 641 incorporeum
2722 575 3047 645 incorporeo
3082 576 3280 631 simile.
3350 577 3432 631 Ad
3475 578 3613 643 hanc,

346 673 640 731 Cleanthes
691 673 891 743 inquit,
964 673 1101 745 nihil
1200 673 1582 740 incorporeum
1638 665 1844 736 patitur
1883 677 2005 717 cum
2034 679 2281 734 corpore.
2304 683 2478 737 neque
2518 685 2642 723 eum
2675 670 3000 741 incorporeo
3023 686 3222 742 corpus
3246 676 3465 741 patitur,
3518 675 3613 730 sed

347 782 551 837 corpus
582 783 706 821 cum
742 780 1014 837 corpore;
1053 780 1242 820 verum
1289 764 1470 817 anima
1519 758 1683 815 simul
1727 756 1932 828 patitur
1969 768 2093 807 cum
2120 770 2351 827 corpore
2381 770 2676 830 aegrotante
2702 772 2755 817 et
2788 780 2911 817 cum
2963 776 3217 832 secatur;
3283 774 3336 821 et
3410 781 3614 835 corpus

344 880 470 920 cum
500 865 686 918 animo
707 863 1023 925 cruciatur;
1059 862 1257 916 etenim
1287 861 1647 915 erubescente
1685 860 1740 909 et
1780 849 2093 922 pudibunda
2130 851 2338 919 anima,
2414 870 2616 925 corpus
2665 858 2891 912 rubrum
2970 858 3223 923 eﬂicitur,
3273 868 3325 915 et
3372 875 3434 914 ea
3503 874 3618 914 me-

344 971 558 1025 tuente,
595 961 843 1032 pallescit
871 979 885 1026 ;
914 976 1116 1031 corpus
1142 976 1270 1030 ergo
1300 967 1383 1013 est
1413 958 1613 1012 anima.

422 1054 579 1105 Ἐστι
626 1052 682 1105 δὲ
732 1052 793 1105 τὸ
820 1052 1007 1124 ἕτερον
1050 1052 1159 1105 τῶν
1203 1051 1506 1124 λημμάτων
1534 1046 1744 1119 ψεῦδος,
1792 1041 1931 1097 κατὰ

343 1145 655 1217 πρόσληψιν
683 1145 1060 1215 συγκείμενον,
1086 1144 1147 1198 τὸ
1175 1145 1354 1213 λέγον,
1387 1142 1580 1197 Οὐδὲν
1612 1139 1933 1208 ἀσώματον

342 1237 575 1308 σώματι
608 1237 979 1307 συμπάσχει.
1023 1236 1087 1290 Τί
1115 1237 1222 1308 γὰρ
1252 1238 1300 1290 εἰ
1336 1236 1471 1308 μόνῃ
1501 1237 1565 1306 τῇ
1596 1234 1741 1305 ψυχῇ
1778 1230 1934 1284 τοῦτο

343 1329 671 1399 πρόσεστιν;
712 1329 921 1399 Ὥσπερ
950 1327 1005 1381 εί
1031 1346 1113 1392 τις
1140 1328 1307 1397 λέγοι,
1336 1326 1501 1381 Οὐδὲν
1532 1325 1669 1392 ζῶον
1697 1323 1795 1394 τὴν
1821 1323 1933 1376 ἀνω

345 1419 510 1488 γένυν
544 1422 716 1473 κινεῖ·
764 1420 793 1473 ό
821 1418 877 1472 δὲ
918 1418 1255 1490 κροκόδειλος
1301 1418 1398 1490 τὴν
1429 1419 1541 1473 ἀνω
1585 1418 1746 1488 γένυν
1774 1418 1928 1470 κινεῖ.

360 1508 492 1560 Ἰδοὺ
524 1508 634 1578 γάρ
660 1510 690 1561 ό
710 1509 1046 1580 κροκόδειλος
1073 1511 1165 1564 καὶ
1191 1509 1347 1575 ζῶον,
1381 1509 1473 1563 καὶ
1498 1509 1596 1580 τὴν
1627 1506 1932 1576 ἄνωγένυν

346 1602 527 1652 κινεῖο
581 1600 673 1653 τὸν
727 1600 889 1654 αὑτὸν
929 1600 985 1653 δὲ
1037 1601 1236 1671 τρόπον
1279 1601 1370 1654 καὶ
1412 1600 1538 1652 ὅταν
1586 1596 1720 1670 λέγῃ
1743 1595 1937 1667 μηδὲν

2109 1037 2205 1095 Est
2240 1040 2402 1094 etiam
2425 1042 2594 1096 altera
2631 1043 3009 1111 sumptionum
3059 1042 3217 1105 falsa,
3245 1043 3402 1112 juxta
3434 1049 3617 1116 prole-

2040 1132 2160 1201 psin
2200 1134 2689 1202 przeecptionemve
2730 1136 3057 1205 composita,
3104 1151 3227 1206 quae
3270 1137 3420 1203 dicit,
3465 1137 3617 1193 Nihil

2035 1225 2399 1291 incorporeum
2452 1225 2725 1279 condolere
2768 1243 2886 1279 cum
2932 1242 3147 1295 corpore
3183 1229 3354 1298 :quid
3391 1231 3535 1285 enim
3568 1235 3615 1287 si

2039 1316 2139 1370 soli
2168 1316 2373 1374 animae
2406 1317 2509 1373 boc
2534 1317 2723 1372 inest?
2759 1318 3217 1388 quemadmodum
3279 1320 3323 1374 si
3371 1321 3497 1390 quis
3530 1321 3617 1375 di-

2037 1415 2207 1469 ceret,
2242 1403 2460 1460 Nullum
2491 1407 2691 1461 animal
2728 1410 3065 1478 superiorem
3088 1410 3362 1464 maxillam
3398 1420 3614 1477 movet;

2037 1496 2133 1552 sed
2173 1498 2484 1553 crocodilus
2542 1500 2879 1568 superiorem
2936 1503 3213 1557 maxillam
3250 1505 3437 1573 agitat.
3477 1504 3617 1559 Ecce

2035 1589 2178 1642 enim
2211 1589 2542 1653 crocodilus,
2593 1601 2647 1646 et
2682 1593 2908 1661 animal,
2947 1602 3000 1648 et
3041 1597 3377 1666 superiorem
3423 1600 3620 1654 maxil-

346 1688 904 1759 ἀσώματονσώματι
915 1688 1307 1761 συμπάσχειν
1328 1706 1344 1721 ·
1373 1687 1777 1758 προσλαμϐάνει
1822 1683 1929 1753 γάρ

2036 1679 2138 1731 lam
2166 1688 2363 1733 meret.
2386 1679 2700 1750 Eodemque
2722 1683 2882 1737 modo
2904 1684 3065 1738 etiam
3085 1701 3207 1739 cum
3227 1685 3376 1753 dicit,
3395 1689 3618 1744 Nullum

342 1775 408 1827 τὸ
428 1763 763 1844 ’ζητούμενον
794 1778 859 1846 τῇ
894 1774 1191 1846 ἀποφάσει·
1224 1778 1355 1838 εί,δὲ
1388 1796 1471 1844 τις
1512 1779 1764 1832 ὑπόθοιτο
1800 1777 1932 1848 άλη-

342 1863 438 1930 θὲς
479 1850 619 1919 εἶναι
653 1866 712 1919 τὸ
762 1866 927 1937 μηδὲν
960 1868 1252 1939 ἀσώματον
1301 1869 1514 1941 σώματι
1555 1869 1928 1941 συμπάσχειν·

340 1953 484 2007 ἀλλά
524 1954 586 2008 τὺ
630 1955 969 2028 ἐπαγόμενον
1020 1958 1120 2012 οὐκ
1164 1958 1311 2013 ἔστιν
1356 1960 1806 2031 ὁμολογούμενον,
1850 1960 1932 2013 ὅτι

344 2045 664 2115 συμπάσχει
714 2048 746 2115 ἠ
788 2044 932 2117 ψυχὴ
970 2047 1215 2101 νοσοῦντι
1250 2048 1345 2101 καὶ
1372 2045 1691 2118 τεμνομένῳ
1718 2045 1797 2116 τῷ
1830 2044 1933 2099 σώ-

342 2152 499 2206 ματι.
549 2135 972 2207 Ἀμφιϐάλλεται
1001 2137 1109 2209 γάρ
1141 2136 1251 2190 εἴτε
1295 2137 1357 2190 τὸ
1403 2137 1563 2208 σῶμα
1611 2136 1772 2217 μόνον
1816 2134 1933 2189 ἐστὶ

335 2229 407 2282 τὸ
434 2228 651 2296 ἀλγοῦν,
678 2229 840 2282 λαϐὸν
863 2228 1014 2299 παρά
1040 2234 1140 2301 τῆς
1169 2228 1349 2299 ψυχῆς
1374 2231 1472 2299 τὴν
1498 2227 1769 2300 αἴσθησιν,
1794 2225 1930 2299 αὕτη

337 2317 404 2372 δὲ
427 2317 577 2390 μένει
610 2316 823 2389 ἀπαθής
845 2338 856 2347 ·
912 2318 1023 2373 εἴτε
1054 2318 1146 2373 καὶ
1178 2319 1430 2387 συναλγεῖ
1454 2317 1531 2389 τῷ
1562 2319 1794 2388 σώματι.
1822 2316 1933 2370 Καὶ

340 2412 545 2480 κρατεῖ
574 2409 773 2480 μᾶλλον
818 2414 968 2482 παρὰ
1001 2413 1112 2476 τοῖς
1143 2410 1502 2482 ὲνδοξοτέροις
1528 2409 1589 2463 τὸ
1632 2409 1894 2481 πρότερον
1914 2423 1929 2439 °

335 2500 521 2563 οὐδεὶς
546 2500 601 2554 δὲ
627 2500 691 2555 ὲκ
718 2501 826 2556 τῶν
857 2502 1350 2574 ἀμφιϐαλλομένων
1384 2501 1606 2570 συνάγει
1632 2501 1757 2565 τοὺς
1808 2499 1934 2553 συλο

333 2589 659 2661 λογισμοὺς,
688 2592 802 2646 ἀλλ’
849 2594 913 2646 ὲκ
939 2591 1047 2647 τῶν
1086 2593 1531 2663 ὁμολογουμένων
1552 2609 1567 2623 ·
1616 2593 1680 2645 ὲκ
1715 2609 1933 2663 περιου-

339 2680 466 2745 σίας
513 2680 570 2735 δὲ
614 2682 885 2735 δείκνυται
917 2682 1010 2736 καί
1058 2684 1179 2736 τινα
1227 2682 1493 2754 ἀσώματα
1537 2682 1933 2755 συμπάσχοντα

337 2773 454 2836 τοῖς
506 2771 778 2843 σώμασιν.
827 2772 891 2826 At
938 2772 1220 2844 ποιότητες
1265 2772 1397 2842 γοῦν
1446 2774 1728 2844 ἀσώματοι
1772 2770 1930 2829 οὖσαι

339 2865 673 2936 πασχόντων
713 2864 823 2918 τῶν
870 2865 1133 2935 σωμάτων
1164 2864 1258 2919 καὶ
1298 2866 1461 2918 αὐταὶ
1493 2865 1928 2935 συμπάσχουσιν,

341 2957 402 3010 εν
427 2975 489 3010 τε
534 2958 601 3025 τῇ
635 2956 811 3027 φθορᾷ
844 2958 937 3009 καὶ
963 2958 1027 3027 τῇ
1071 2958 1317 3027 γεννήσει
1349 2955 1823 3026 συναλλοιούμεναι
1853 2954 1931 3025 τῷ

345 3024 587 3118 σώματιξ
630 3024 956 3120 Χρόσιππος
1003 3024 1058 3101 es
1106 3024 1289 3117 φησιν,
1337 3049 1417 3102 ότι
1470 3050 1498 3101 ὁ
1547 3024 1776 3111 θάνατός
1814 3024 1929 3100 ἐστι
1959 3024 2000 3081 C

341 3141 623 3213 χωρισμὸς
652 3141 830 3212 ψυχῆς
869 3141 979 3194 ἀπὸ
1024 3140 1308 3211 σώματος·
1345 3141 1498 3194 οὐδὲν
1543 3139 1600 3193 δὲ
1642 3140 1930 3212 ἀσώματον

342 3234 454 3288 ἀπὺ
483 3232 733 3305 σώματος
772 3233 1084 3305 χωρίζεται.
1116 3233 1250 3287 Οὐδὲ
1278 3233 1384 3303 γάρ
1415 3233 1715 3302 ἐφάπτεται
1747 3231 1931 3302 σώμα-

343 3345 437 3392 τος
466 3325 786 3397 ἀσώματον·
837 3328 870 3397 ἠ
913 3327 969 3381 δὲ
1009 3325 1156 3398 ψυχὴ
1187 3326 1280 3379 καὶ
1310 3326 1609 3395 ἐφάπτεται
1647 3327 1740 3381 καὶ
1769 3326 1933 3398 χωρί-

346 3418 503 3484 ζεται
550 3418 645 3472 τοῦ
698 3415 978 3489 σώματος’
1030 3418 1131 3471 οὐκ
1183 3418 1289 3488 ἄρα
1340 3415 1632 3487 ἀσώματος
1675 3418 1708 3488 ἡ
1760 3416 1925 3487 ψυχή.

345 3509 568 3564 Τούτων
611 3508 672 3561 τὺ
721 3508 819 3579 μὲν
858 3508 951 3562 τὸν
996 3508 1223 3563 θάνατον
1268 3508 1547 3580 χωρισμὸν
1577 3502 1717 3562 εἶναι
1754 3508 1932 3579 ψυχῆς

346 3600 458 3655 ἀπὺ
502 3597 773 3670 σώματος,
820 3598 1021 3670 ἀληθές
1068 3599 1214 3651 ἐστι·
1262 3598 1322 3651 τὸ
1371 3598 1427 3651 δὲ
1479 3599 1552 3668 μὴ
1594 3598 1930 3666 ἐφάπτεσθαι

346 3690 636 3762 ἀσώματον
671 3689 943 3761 σώματος,
974 3689 1165 3760 ψευδὲς
1209 3689 1306 3761 μέν
1352 3692 1469 3742 ἐστι
1514 3689 1743 3743 καθόλου
1774 3689 1930 3757 λεγό-

350 3804 543 3858 μενοψ
579 3786 673 3838 ἐπὶ
700 3784 756 3838 δὲ
780 3785 879 3855 τῆς
911 3784 1088 3856 ψυχῆς
1117 3784 1315 3854 ἀληθές
1338 3801 1351 3816 °
1380 3783 1575 3853 ψεῦδος
1607 3784 1725 3854 μὲν,
1744 3783 1931 3855 ἐπειδὴ

263 3932 271 3939 ,
346 3879 441 3932 καὶ
469 3878 502 3948 ἡ
532 3874 767 3949 γραμμὴ
800 3875 1088 3947 ἀσώματος
1134 3871 1287 3937 οὖσα,
1337 3876 1640 3944 ἐφάπτεται
1686 3874 1932 3944 σώματος

346 3971 443 4025 καὶ
482 3967 796 4041 χωρίζεται,
856 3967 1056 4038 ὁμοίως
1104 3965 1199 4021 καὶ
1223 3967 1255 4037 ἡ
1283 3965 1543 4038 λευκότης
1563 3981 1575 3993 ’
1631 3968 1721 4019 ἐπὶ
1748 3967 1801 4020 δὲ
1833 3966 1932 4037 τῆς

345 4062 526 4133 ψυχῆς
553 4060 770 4131 ἀληθές.
828 4059 902 4113 Οὐ
959 4057 1069 4130 γάρ
1118 4058 1422 4127 ἐφάπτεται
1469 4056 1563 4110 τοῦ
1615 4057 1864 4129 σώματος
1893 4059 1928 4129 ἠ

344 4154 519 4226 ψυχή.
554 4152 618 4206 Et
644 4152 750 4223 γὰρ
773 4152 1097 4220 ἐφάπτεται,
1125 4149 1364 4220 δηλονότι
1394 4151 1721 4221 παράκειται
1751 4149 1928 4221 αὐτῷ·

347 4249 396 4300 εί
440 4246 499 4300 δὲ
544 4245 725 4311 τοῦτο,
776 4246 875 4315 οὐχ
928 4242 1032 4310 ὅλῳ
1084 4242 1432 4314 παράκειται.
1493 4243 1778 4297 Ἀδύνατον
1826 4242 1933 4314 γάρ

2034 1771 2399 1839 incorporeum
2428 1788 2547 1825 cum
2577 1789 2795 1839 corpore
2824 1779 3145 1844 compatitur
3171 1795 3189 1841 ;
3217 1781 3433 1834 atenint
3457 1798 3617 1838 assu-

2033 1858 2133 1913 mit
2160 1859 2306 1929 quod
2348 1864 2696 1930 qumrebatur
2737 1865 2789 1919 in
2823 1868 3148 1923 assertione.
3209 1867 3265 1922 Si
3315 1887 3442 1926 vero
3496 1874 3620 1943 quis

2034 1953 2388 2020 supposuerit
2434 1969 2624 2007 verum
2652 1971 2796 2022 esse,
2825 1958 3036 2012 nullum
3070 1960 3455 2030 incorporeum
3489 1980 3621 2019 con-

2034 2039 2222 2096 dolere
2268 2044 2529 2112 corpori:
2589 2054 2829 2101 attamen
2875 2044 3020 2118 quod
3064 2049 3344 2106 inducitur
3392 2068 3500 2108 non
3537 2062 3621 2108 est

2033 2147 2387 2201 concessum,
2412 2134 2557 2204 quod
2589 2138 2768 2191 anima
2792 2137 3083 2193 condoleat
3105 2155 3214 2194 una
3240 2155 3365 2195 cum
3387 2157 3621 2213 corpore

2034 2223 2180 2295 quod
2232 2235 2459 2296 tegrotat
2516 2235 2572 2283 et
2630 2238 2869 2285 secatur.
2939 2231 3151 2302 Quippe
3218 2234 3511 2304 ambigitur
3550 2251 3621 2291 an

2034 2332 2237 2388 corpus
2263 2319 2441 2374 solum
2468 2319 2561 2384 sit,
2590 2320 2736 2391 quod
2769 2322 2950 2377 doleat
2976 2339 3143 2379 sensu
3194 2324 3262 2379 ab
3300 2327 3479 2381 anima
3528 2343 3622 2383 ac-

2034 2418 2217 2479 cepto,
2285 2418 2338 2465 et
2396 2411 2514 2478 ipsa
2555 2421 2773 2467 maneat
2816 2412 3023 2469 doloris
3074 2431 3304 2485 expers;
3363 2431 3431 2471 an
3492 2434 3621 2472 vero

2033 2502 2368 2556 doleat‘cltm
2405 2517 2655 2573 corpore.
2718 2501 2941 2558 Obtinet
3001 2514 3181 2559 autem
3241 2506 3619 2577 potius‘apud

2034 2592 2297 2647 clariores
2353 2594 2500 2647 viros
2550 2593 2697 2663 quod
2758 2594 2909 2664 prius
2941 2602 3044 2650 est.
3110 2596 3273 2666 Atqui
3341 2613 3503 2651 nemo
3551 2614 3616 2653 ex

2038 2685 2415 2739 controversis
2441 2685 2649 2755 colligit
2680 2693 2733 2741 et
2781 2687 3065 2742 concludit
3094 2689 3620 2757 argumentationes,

2036 2790 2223 2831 rerum
2250 2793 2311 2831 ex
2342 2778 2410 2833 iis
2431 2793 2552 2847 qure
2584 2778 2983 2833 conceduntur.
3025 2778 3193 2833 Porro
3221 2796 3285 2834 ex
3321 2780 3620 2835 abundanti

2035 2868 2303 2936 probatur
2337 2869 2501 2921 etiam
2527 2868 2774 2938 quaedam
2814 2869 3135 2939 incorporea
3191 2872 3299 2941 pati
3341 2887 3465 2925 cum
3500 2888 3623 2927 cor-

2035 2960 2284 3029 poribus.
2336 2960 2520 3026 Quare
2551 2964 2849 3031 qualitates
2906 2963 3243 3031 iut-orporeze
3300 2979 3423 3017 cum
3484 2965 3621 3025 sint,

2035 3050 2160 3104 dum
2215 3052 2499 3121 patiuntur
2550 3069 2803 3122 corpora,
2861 3054 2993 3124 ipsae
3034 3070 3254 3123 quoque
3293 3054 3619 3121 eondolent,

2034 3143 2162 3197 dttm
2198 3143 2251 3196 in
2291 3152 2414 3196 ortu
2464 3152 2628 3213 atque
2662 3145 2887 3199 interitu
2918 3146 3078 3198 aliter
3123 3145 3438 3201 afficiuntur
3492 3162 3620 3200 cum

2033 3247 2283 3301 corpore.
2307 3232 2645 3303 Chrysippus
2672 3243 2852 3287 autem
2882 3235 2957 3287 ait
3009 3242 3237 3288 mortem
3290 3251 3413 3290 esse
3466 3251 3624 3305 sepa-

2037 3324 2302 3377 rationem
2337 3323 2533 3377 animae
2561 3340 2591 3377 a
2622 3339 2853 3394 corpore
2882 3340 2897 3390 ;
2929 3325 3040 3394 jam
3069 3340 3197 3379 vero
3252 3326 3388 3379 nibil
3433 3325 3621 3380 incor-

2032 3432 2260 3486 poreum
2286 3431 2314 3468 a
2348 3432 2579 3486 corpore
2605 3424 2894 3486 separatur
2920 3434 2935 3483 ;
2966 3432 3144 3485 neque
3165 3417 3310 3470 enim
3358 3417 3623 3489 incorpo-

2034 3526 2190 3565 reum
2219 3510 2491 3580 contingit
2522 3526 2724 3580 corpus
2750 3527 2765 3576 ;
2787 3509 2968 3562 anima
2997 3524 3127 3563 vero
3154 3519 3207 3563 et
3247 3509 3466 3581 attingit
3496 3525 3622 3564 cor-

2033 3617 2134 3672 pus
2166 3609 2219 3656 et
2250 3611 2543 3672 separatur
2576 3602 2642 3655 ab
2673 3617 2759 3655 eo.
2788 3599 2907 3654 Non
2938 3608 3023 3656 est
3080 3601 3248 3672 igitur
3294 3601 3479 3655 anima
3528 3602 3618 3657 in-

2034 3709 2316 3763 corporea.
2350 3692 2428 3747 Ex
2460 3692 2547 3749 bis
2577 3709 2766 3748 verum
2806 3692 2952 3748 istud
2980 3702 3087 3757 est,
3135 3709 3329 3763 nempe
3382 3702 3617 3749 mortem

2033 3800 2153 3840 esse
2187 3785 2584 3854 separationem
2613 3784 2806 3838 anima:
2835 3802 2861 3837 a
2892 3800 3158 3853 corpore;
3214 3786 3307 3840 sed
3349 3785 3479 3839 illud
3522 3783 3625 3840 [ηι-

2034 3893 2153 3932 sum
2178 3893 2300 3930 cum
2344 3877 2395 3930 in
2442 3892 2640 3946 genere
2672 3875 2896 3940 dicitur,
2932 3875 3078 3944 quod
3126 3878 3509 3946 incorporeum
3536 3884 3622 3931 est

2034 3984 2139 4022 non
2182 3966 2449 4038 attingere
2492 3980 2735 4036 corpus;
2786 3966 2879 4021 scd
2926 3983 3111 4021 verum
3158 3975 3240 4022 est
3292 3968 3344 4021 in
3396 3968 3619 4032 anima;

2035 4061 2166 4116 illud
2208 4071 2354 4115 certe
2384 4058 2600 4121 falsum,
2648 4062 2907 4128 quoniam
2939 4058 3078 4112 linea
3121 4074 3242 4128 quae
3297 4059 3619 4128 incorporea

2033 4163 2137 4214 est,
2172 4151 2390 4221 attingit
2422 4166 2646 4220 corpus,
2695 4156 2749 4202 et
2786 4157 3103 4215 separatur:
3156 4148 3410 4202 similiter
3458 4147 3618 4200 etiam

2036 4243 2246 4298 candor
2278 4260 2292 4308 ;
2325 4244 2378 4296 in
2410 4242 2593 4295 anima
2627 4247 2806 4294 autem
2830 4255 3051 4292 ~Vt’rllllt.
3087 4238 3206 4291 Non
3251 4239 3395 4292 enim
3438 4237 3620 4291 anima

352 4337 512 4409 σῶμα
544 4335 898 4409 σώματι,ὃλον
925 4335 1031 4406 ὅλῳ
1060 4336 1459 4408 παρακεῖσθαι·
1513 4338 1603 4390 καὶ
1630 4336 1931 4400 οὕτωςσούκ

2040 4349 2241 4403 corpus
2266 4332 2522 4401 attingit;
2556 4345 2681 4384 nam
2707 4330 2753 4384 si
2778 4329 3091 4395 attingeret,
3126 4328 3403 4396 adjacerel
3437 4328 3507 4381 ei.
3561 4329 3620 4383 Si

349 4432 503 4486 ἕσται
536 4430 656 4484 ὅλον
685 4427 926 4499 ἔμψυχον
958 4428 1017 4481 τὸ
1049 4427 1207 4492 ζῶον.
1256 4428 1416 4481 Ὥστε
1460 4430 1508 4482 εί
1563 4430 1659 4499 μὲν
1692 4428 1932 4496 ἐφάπτε-

348 4540 460 4587 ται,
483 4522 642 4592 σῶμα
661 4521 757 4591 μὲν
775 4521 976 4592 ἔσταιὴ
1006 4519 1181 4590 ψυχή·
1206 4518 1322 4573 ὅλον
1341 4519 1396 4572 δὲ
1412 4520 1509 4573 οὐκ
1524 4519 1675 4574 ἔσται
1692 4518 1931 4590 ἔμψυχον

349 4615 408 4667 τὸ
425 4604 590 4678 ζῶονζ
614 4613 676 4665 Ei
693 4611 750 4666 δὲ
766 4612 886 4666 ὅλον
906 4612 1053 4664 ἐστὶν
1083 4608 1342 4680 ἔμψυχον,
1368 4608 1490 4661 οὔτε
1509 4608 1831 4679 ἐφάπτεται,
1852 4607 1935 4663 οὕ-

349 4724 408 4761 τε
434 4705 596 4780 σῶμά
617 4706 763 4761 ἐστιν
785 4706 818 4774 ἡ
847 4705 1012 4775 ψυχή·
1034 4703 1094 4756 τὸ
1113 4703 1168 4755 δὲ
1200 4702 1335 4767 ζῶον
1355 4701 1474 4756 ὅλον
1497 4698 1736 4772 ἔμψυχόν
1762 4701 1930 4752 ἐστιν·

350 4799 473 4855 οὔτε
512 4800 621 4871 ἄρα
645 4798 967 4868 ἐφάπτεται,
1007 4794 1130 4849 οὕτε
1161 4793 1322 4864 σῶμά
1350 4794 1485 4856 ἐστι,
1517 4792 1610 4845 καλ⁵
1643 4790 1934 4862 χωρίζεται

351 4892 643 4964 ἀσώματος
695 4886 849 4945 οὖσα.
905 4890 1027 4942 Ὅτι
1080 4888 1179 4959 μὲν
1225 4883 1319 4939 οὖν
1364 4885 1463 4938 οὐκ
1513 4883 1658 4936 ἔστιν
1704 4886 1736 4953 ἡ
1789 4883 1935 4954 ψυχὴ

353 4987 535 5058 σῶμα,
574 4985 732 5056 δῆλον
784 4987 850 5036 ὲκ
894 4981 1001 5035 τῶν
1032 4981 1372 5053 είρημένων’
1419 4979 1500 5031 ὅτι
1543 4978 1601 5031 δὲ
1633 4977 1752 5030 οὐδὲ
1787 4975 1938 5030 ἁνού·

353 5096 489 5142 σιος.
525 5079 653 5149 ἑξῆς
682 5076 895 5157 ῥητέον.
1786 5064 1801 5077 “

2040 4440 2173 4480 vero
2205 4424 2371 4488 istud,
2404 4438 2510 4476 non
2553 4422 2652 4476 toti
2686 4420 2939 4491 adjacet;
2974 4419 3316 4490 impossibile
3356 4420 3500 4473 enim
3539 4428 3623 4475 est

2041 4531 2245 4586 corpus
2276 4513 2518 4582 corpori,
2570 4520 2747 4566 totum
2800 4511 2900 4564 toti
2951 4510 3236 4581 adjacere,
3292 4521 3347 4565 et
3380 4512 3459 4567 sic
3514 4528 3620 4568 non

2040 4610 2146 4664 erit
2209 4614 2381 4660 totum
2432 4604 2634 4657 animal
2694 4604 3015 4658 animatum.
3080 4602 3268 4673 Itaque
3302 4605 3346 4658 si
3401 4604 3618 4675 quidem

2043 4697 2360 4769 contigerit,
2380 4711 2582 4766 corpus
2612 4694 2830 4766 quidem
2855 4695 2957 4750 erit
2986 4695 3167 4750 anima
3197 4715 3209 4750 :
3238 4705 3410 4751 totum
3437 4708 3618 4753 autem

2042 4808 2151 4848 non
2181 4790 2287 4846 erit
2320 4788 2621 4843 animatum
2652 4788 2873 4841 animal.
2903 4786 3060 4853 Quod
3098 4788 3144 4842 si
3180 4796 3353 4843 totum
3384 4798 3469 4843 est
3500 4789 3618 4842 ani—

2044 4894 2272 4944 matum,
2324 4896 2502 4951 neque
2530 4881 2839 4951 attingitur,
2870 4896 3049 4951 neque
3070 4896 3268 4952 corpus
3298 4890 3383 4938 est
3418 4883 3619 4946 anima,

2042 4975 2244 5031 animal
2273 4990 2402 5030 vero
2427 4982 2598 5027 totum
2627 4981 2712 5029 est
2751 4974 3050 5028 animatum
3084 4993 3097 5030 :
3150 4991 3326 5045 neque
3358 4991 3488 5043 ergo
3537 4981 3622 5027 at-

2043 5067 2293 5138 tingitur,
2324 5081 2501 5135 neque
2545 5080 2747 5135 corpus
2795 5076 2900 5127 est,
2943 5073 2997 5120 et
3055 5074 3345 5136 separatur
3376 5080 3498 5117 cum
3550 5061 3621 5115 sit

355 5171 678 5238 incorporea
703 5184 723 5219 :
777 5152 922 5236 quod
978 5162 1144 5233 igitur
1190 5176 1298 5214 non
1353 5159 1426 5213 sit
1479 5159 1659 5212 anima
1712 5176 1934 5230 corpus,
1975 5156 2325 5213 manifestum
2355 5164 2440 5210 est
2480 5169 2545 5209 ex
2578 5154 2644 5209 iis
2674 5171 2796 5226 quae
2827 5156 2972 5212 dicta
3050 5163 3226 5222 sunt;
3267 5152 3411 5225 quod
3458 5152 3619 5205 dubio

355 5260 546 5336 procul
578 5274 690 5314 non
714 5257 787 5313 sit
818 5255 1139 5313 substantite
1172 5270 1232 5309 ex
1246 5268 1391 5323 pers.
1442 5253 1705 5321 deinceps
1760 5253 2144 5308 declarandum
2173 5256 2277 5305 est.

437 5357 594 5411 Ἐπεὶ
639 5354 699 5408 δὲ
750 5353 846 5407 καὶ¹
898 5350 1186 5420 Δείναρχος
1235 5344 1499 5418 ἁρμονίαν
1546 5345 1784 5417 ὡρίσατο
1838 5348 1934 5420 τὴν

350 5450 553 5521 ψυχὴν.
584 5446 683 5502 καὶ
710 5443 907 5514 Σιμίας
939 5439 1233 5509 ἀντιλέγων
1262 5437 1340 5509 τῷ
1378 5438 1655 5509 Σωκράτει
1701 5438 1799 5509 τὴν
1835 5438 1937 5509 ψυ-

352 5541 454 5612 χὴν
480 5536 754 5609 ἁρμονίαν
781 5533 1018 5603 ἔφασκεν
1046 5526 1206 5592 εἶναι,
1235 5528 1407 5596 λέγων
1436 5529 1671 5582 ἐοικέναι
1702 5529 1799 5598 τὴν
1840 5529 1936 5598 μὲν

342 5633 528 5704 ψυχὴν
556 5628 816 5700 ἁρμονίᾳ,
862 5627 924 5679 τὸ
952 5626 1008 5678 δὲ
1040 5622 1200 5692 σῶμα
1235 5621 1404 5692 λύρᾳ·
1444 5622 1690 5675 ἐκθετέον
1718 5621 1816 5684 τὰς
1847 5620 1939 5674 λύ-

353 5743 465 5791 σεις
491 5727 700 5779 τούτων
733 5722 830 5783 τὰς
862 5723 917 5772 ἐν
950 5717 1027 5789 τῷ
1062 5715 1311 5771 Φαίδωνι
1348 5714 1630 5777 Πλάτωνος
1662 5715 1935 5784 κειμένας.

2114 5343 2388 5409 Quoniam
2418 5357 2547 5396 vero
2578 5342 2739 5397 etiam
2770 5342 3078 5398 Dinarchus
3123 5341 3358 5394 animam
3408 5335 3622 5390 harmo-

2041 5435 2188 5491 niam
2222 5433 2514 5499 delinierit,
2566 5443 2620 5489 et
2675 5433 2874 5490 Simias
2909 5435 3206 5487 adversans
3242 5427 3454 5481 Sor-rati
3505 5428 3621 5480 ani-

2045 5542 2185 5581 mam
2245 5535 2570 5581 concentum
2609 5541 2733 5581 esse
2792 5524 3015 5584 dixerit,
3073 5535 3326 5575 asserens
3387 5519 3619 5575 similem

2043 5636 2160 5672 eam
2192 5635 2315 5673 esse
2352 5619 2668 5684 harmoniae,
2697 5631 2903 5686 corpus
2935 5631 3063 5669 vero
3090 5614 3255 5684 lyne;
3288 5629 3346 5670 es
3360 5610 3622 5684 ponendae

2046 5720 2172 5766 sunt
2214 5712 2517 5766 solutiones
2551 5711 2766 5775 horum,
2805 5723 2925 5779 quae
2958 5706 3010 5762 in
3057 5705 3301 5763 Platonis
3355 5701 3621 5759 Phaedone
