4046 6156
436 261 535 317 ἰθΰ

1663 248 1718 305 S.
1755 246 2078 304 GRECO‘BH
2117 247 2406 302 NYSSENI

3568 250 3667 305 {96

432 376 703 446 leguntur.
740 372 856 427 Una
883 378 1029 426 certe
1058 377 1142 424 est
1187 383 1252 423 ex
1282 368 1370 434 iis,
1404 382 1524 438 qua:
1553 368 1707 436 prius
1761 369 1829 421 ab
1884 370 1993 437 ipso

2107 369 2213 421 Μία
2250 371 2345 438 μὲν
2374 365 2466 421 οὖν
2496 370 2640 422 ἐστιν
2660 370 2722 422 ἐκ
2756 369 2861 423 τῶν
2890 367 3455 440 προαποδεδειγμένων
3482 368 3632 438 αὖτῷ
3651 387 3664 402 ο

429 468 656 536 probata
697 472 751 520 ct
790 465 1154 518 demonstrata
1201 460 1436 515 l'uerant.
1488 458 1622 512 Nam
1672 467 1830 512 antea
1877 475 2002 528 pro—

431 557 613 610 batum
655 554 829 606 fuerat
869 553 1190 620 disciplinas
1223 550 1635 606 recordationes
1687 565 1839 616 esse;
1901 551 2004 604 hoc

429 647 826 714 igitursumpto
871 652 928 695 ut
963 643 1028 696 ab
1057 643 1312 696 omnibus
1357 657 1637 706 concesso,
1678 641 1749 693 ita
1787 647 2003 694 senten-

429 737 557 789 tiam
582 750 733 788 suam
761 735 1085 787 confirmat:
1116 732 1172 785 Si
1222 732 1525 800 disciplina:
1573 739 1700 786 sunt
1752 731 2005 784 recorda—

428 827 621 890 tiones,
663 827 841 879 anima
883 835 1068 879 nostra
1113 833 1230 879 erat
1295 825 1609 892 priusquam
1658 824 1712 875 in
1767 822 2001 875 humana

428 917 605 983 sper-ie
627 916 970 968 consisteret.
1015 914 1170 978 Quod
1205 914 1246 966 si
1286 913 1592 975 harmonia,
1623 913 1736 966 sive
1763 927 2000 967 concen-

429 1016 514 1060 tus
543 1013 646 1068 est,
684 1005 836 1073 prius
869 1003 1086 1072 quidem
1113 1018 1219 1055 non
1252 1011 1390 1068 erat,
1420 1002 1512 1055 sed
1557 1003 1825 1070 posterius
1865 1018 1999 1056 con-

424 1099 582 1159 stitit,
610 1114 770 1166 quum
814 1113 1014 1165 corpus
1047 1107 1170 1164 apte
1203 1095 1532 1148 fabricatum
1569 1095 1784 1148 fuisset.
1839 1094 1996 1148 Nulla

426 1190 571 1243 enim
604 1189 929 1256 compositio
953 1189 1108 1241 aliter
1138 1203 1195 1240 se
1233 1187 1412 1252 habet,
1451 1200 1613 1254 quam
1652 1188 1741 1238 illa
1786 1202 1843 1241 se
1897 1187 1996 1239 ha-

429 1288 554 1339 bent
589 1301 651 1339 ex
687 1284 885 1354 quibus
920 1284 1217 1336 constituta
1249 1291 1366 1348 est;
1408 1284 1645 1337 SOeietas
1674 1283 1818 1337 enim
1854 1299 1998 1352 quie~

425 1375 550 1426 dam
615 1383 695 1427 est
755 1389 936 1427 rerum
988 1373 1413 1441 compositurum
1476 1374 1821 1441 compositio,
1879 1390 1996 1443 qua:

425 1475 722 1519 concentus
753 1464 972 1534 quidam
1001 1471 1115 1530 est;
1161 1479 1223 1516 ac
1259 1464 1391 1516 nihil
1423 1465 1673 1532 prohibet
1713 1467 1854 1533 quod
1888 1481 1992 1519 non

425 1558 787 1610 antecedatea
831 1573 893 1609 ex
927 1556 1124 1624 quibus
1162 1556 1530 1624 componitur,
1567 1556 1674 1609 imo
1735 1565 1995 1625 sequatur

426 1651 536 1703 illa.
590 1649 947 1714 Quamobrem
983 1657 1246 1717 repugnat
1298 1648 1656 1717 propositioni
1692 1665 1812 1717 quae
1861 1650 1993 1703 dicit

2107 459 2583 529 πρεαποδέδεικται
2623 461 2747 530 γάρ,
2799 462 2878 513 ὅτι
2919 463 2976 512 αἱ
3029 459 3291 531 μαθήσεις
3339 461 3670 530 ἀναμνήσεις

2102 550 2225 604 εἰσί.
2263 550 2430 602 Τοῦτο
2458 546 2549 602 οὖν
2577 550 2755 602 λαϐὼν
2783 552 2855 614 ὡς
2878 550 3321 619 ὁμολογούμενον,
3368 567 3669 602 κατασκευ-

2102 642 2220 704 άζει
2262 641 2350 694 τὸν
2395 642 2549 709 λόγον
2591 640 2780 703 οὕτως·
2819 644 2878 694 Ei
2926 643 2977 693 αἱ
3034 641 3296 711 μαθήσεις
3338 643 3670 710 ἀναμνήσεις

2103 732 2254 796 εἰσὶν,
2279 730 2346 802 ἦν
2375 735 2530 804 ἡμῶν
2563 736 2594 804 ἡ
2624 734 2788 803 ψυχὴ,
2826 734 2952 804 πρὶν
2983 735 3038 786 ἐν
3075 733 3152 802 τῷ
3187 733 3508 803 ἀνθρωπίνῳ
3540 735 3669 787 εῖδει

2100 825 2383 894 γενέσθαι·
2427 828 2474 877 εἰ
2504 826 2559 877 δὲ
2589 825 2820 894 ἁρμονία
2854 827 2988 886 ἐστὶ,
3021 826 3282 896 πρότερον
3319 813 3421 895 ³μὲν
3449 827 3546 877 οὐκ
3579 821 3667 896 ἦν,

2101 916 2323 985 ὕστερον
2347 915 2403 968 δὲ
2434 917 2665 984 ἐγένετο,
2697 915 3060 985 ἁρμοσθέντος
3089 916 3181 967 τοῦ
3218 909 3492 985 σώματος’
3523 918 3670 969 πᾶσα

2099 1009 2208 1076 γὰρ
2243 1007 2488 1070 σύνθεσις
2533 1009 2629 1060 οὐκ
2670 1007 2840 1071 ἄλλως
2880 1006 3012 1076 ἔχει,
3063 998 3094 1075 ή
3141 1005 3214 1068 ὡς
3247 1006 3357 1075 ἔχει
3387 1005 3568 1062 ἐκεῖνα
3600 1001 3668 1061 τὰ

2099 1100 2156 1165 ἐξ
2181 1093 2252 1151 ὧν
2297 1099 2589 1166 σύγκειται.
2641 1099 2905 1152 Κοινωνία
2941 1100 3045 1169 γάρ
3071 1099 3155 1161 τίς
3197 1102 3310 1152 ἐστι
3341 1099 3446 1152 τῶν
3480 1117 3670 1152 στάντες

2099 1185 2360 1253 θειμένων
2413 1188 2442 1254 ή
2491 1185 2734 1247 σύνθεσις
2769 1187 2998 1255 ἁρμονία
3031 1182 3184 1246 οὖσα,
3231 1187 3324 1239 καὶ
3356 1187 3415 1238 οὐ
3469 1175 3666 1238 κωλῦει

2097 1277 2155 1329 τὸ
2188 1278 2261 1346 μὴ
2292 1278 2536 1346 ἡγεῖσθαι
2571 1277 2736 1346 αὐτὴν
2763 1278 2982 1329 ἐκείνων
3012 1278 3101 1346 ἀφ’
3126 1272 3198 1330 ὧν
3228 1278 3502 1349 συνετέθη,
3533 1278 3668 1330 ἀλλὰ

2097 1369 2320 1420 ἕπεσθαι
2355 1369 2555 1430 αὐτοῖς.
2605 1369 2849 1438 Μάχεται
2893 1369 3072 1420 τοίνυν
3115 1369 3192 1439 τῷ
3223 1369 3487 1439 ἁρμονίαν
3529 1364 3666 1422 εἶναι

2095 1461 2193 1527 τὴν
2230 1460 2426 1528 ψυχὴν,
2456 1458 2515 1511 τὸ
2540 1459 2637 1521 τάς
2663 1459 2921 1530 μαθήσεις
2947 1460 3276 1528 ἀναμνήσεις
3307 1457 3445 1514 εἶναι
3466 1475 3477 1486 ·
3524 1458 3585 1510 τὸ
3610 1451 3666 1510 δὲ

2095 1549 2200 1600 τῶν
2239 1551 2592 1618 ἀναμνήσεων
2630 1549 2826 1618 ἀληθές
2871 1550 3017 1600 ἐστι’
3072 1547 3262 1616 ψεῦδος
3309 1547 3416 1617 ἄρα
3461 1547 3522 1600 τὸ
3567 1548 3665 1615 τὴν

2095 1639 2270 1709 ψυχὴν
2299 1639 2561 1710 ἁρμονίαν
2595 1635 2750 1692 εἶναι.
2783 1637 2901 1691 Ἔτι
2948 1641 2978 1708 ὴ
3008 1639 3107 1708 μὲν
3334 1639 3666 1692 ἐναντιοῦται

424 1741 658 1793 animam
687 1755 805 1793 esse
835 1738 1283 1801 concentum,illa
1306 1754 1426 1807 qua)
1456 1739 1654 1793 asserit
1678 1740 1992 1809 disciplinas

2097 1730 2172 1805 τῷ
2204 1729 2431 1799 σώματι,
2470 1732 2560 1783 καὶ
2594 1730 2682 1782 τὸν
2722 1729 2944 1799 ἀρχικὸν
2990 1729 3174 1799 ἐπέχει
3221 1731 3397 1796 λόγον,
3439 1730 3530 1782 ἆτε
3563 1731 3664 1800 ἄρ-

422 1820 544 1884 θέεο
578 1830 1020 1894 recordationes;
1049 1830 1195 1898 atqui
1225 1829 1527 1898 propositio
1570 1830 1991 1885 reminiscentiaa

422 1936 549 1973 vera
570 1928 671 1982 est,
694 1919 888 1973 falsum
912 1920 1073 1987 igitur
1095 1927 1180 1973 est
1205 1921 1442 1973 animam
1470 1936 1594 1975 esse
1625 1922 1987 1976 harmoniam.

421 2007 591 2066 Porro
643 2013 822 2066 anima
891 2012 1184 2080 opponitur
1233 2013 1471 2082 corpori,
1520 2020 1574 2068 et
1634 2015 1991 2083 principalem

421 2104 630 2159 obtinet
655 2104 922 2157 rationem
952 2111 1207 2171 tanquam
1229 2099 1503 2172 imperans
1532 2104 1667 2173 ipsi;
1694 2111 1991 2158 concentus

423 2209 574 2256 vero,
618 2209 794 2262 neque
819 2192 1096 2262 praecedit,
1125 2209 1301 2263 neque
1342 2194 1690 2250 adversatur:
1741 2211 1848 2249 non
1901 2203 1986 2250 est

425 2285 592 2354 igitur
613 2283 790 2335 anima
820 2289 1117 2335 concentus
1144 2300 1156 2334 :
1189 2290 1446 2351 praeterea
1494 2281 1779 2336 harmonia
1821 2282 1994 2352 magis

423 2385 479 2431 et
515 2377 695 2428 minus
729 2381 810 2428 est
837 2384 1134 2438 concentu;
1171 2372 1294 2427 item
1336 2374 1618 2427 harmonia
1649 2374 1703 2427 in
1737 2375 1990 2440 laxando,

425 2475 481 2521 et
527 2463 858 2520 intendendo
910 2472 1191 2530 versatur;
1241 2464 1519 2517 enimvero
1570 2464 1620 2516 in
1680 2464 1994 2519 deﬁnitione

422 2562 718 2610 concentus
748 2551 1190 2621 haudquaquam,
1215 2553 1413 2621 quippe
1446 2551 1600 2608 nefas
1624 2561 1706 2608 est
1727 2557 1989 2608 rationem

425 2649 596 2718 magis
625 2646 704 2700 vel
731 2645 911 2698 minus
948 2644 1282 2709 habere;sed
1303 2645 1356 2696 in
1386 2653 1651 2698 concentu
1684 2647 1987 2714 reperitur:

428 2740 628 2794 etenim
662 2738 707 2793 si
739 2729 1055 2806 permistus,
1087 2743 1280 2788 acutus
1307 2750 1474 2788 sonus
1505 2744 1557 2789 et
1585 2736 1767 2804 gravis
1795 2756 1808 2791 :
1841 2737 1991 2791 dein-

423 2834 487 2882 de
519 2832 562 2884 si
598 2829 965 2893 remittantur,
1003 2835 1056 2880 et
1090 2834 1484 2894 temperentur,
1533 2826 1774 2880 eamdem
1823 2828 1990 2880 ratio-

425 2935 545 2974 nem
581 2925 909 2974 conservant
945 2917 998 2970 in
1043 2916 1512 2984 magnitmlinibus
1561 2931 1838 2970 sonorum.
1881 2915 1987 2971 Ve-

423 3025 542 3064 rum
574 3009 924 3062 mutationem
952 3005 1146 3074 accipit
1181 3005 1794 3058 secundum"harmonia:
1819 3021 1980 3075 copu-

2098 1839 2262 1890 χουσα
2293 1821 2453 1873 αὑτοῦ
2476 1838 2488 1850 ·
2525 1822 2558 1891 ἡ
2591 1821 2645 1872 δῖε
2678 1821 2911 1891 ἁρμονία
2939 1819 3060 1872 οὔτε
3093 1819 3325 1890 ἡγεῖται,
3360 1820 3480 1872 οὔτε
3515 1822 3668 1872 ἐναν-

2097 1913 2334 1967 τιοῦταιο
2368 1913 2467 1967 οὐκ
2525 1915 2630 1985 ἄρα
2665 1916 2696 1984 ἡ
2727 1914 2871 1983 ψυχὴ
2903 1911 3132 1984 ἁρμονία
3155 1930 3167 1942 ·
3205 1913 3285 1965 ἔτι
3318 1913 3548 1983 ἁρμονία
3575 1913 3669 1981 ἀρ-

2102 2006 2287 2075 μονίας
2323 2003 2520 2074 μᾷλλον
2564 2004 2656 2058 καὶ
2688 2002 2848 2076 ἧττόν
2874 2007 3016 2057 ἐστιν
3037 2022 3048 2033 ·
3087 2004 3349 2074 ἁρμονίας
3379 2003 3434 2054 δὲ
3475 1999 3536 2052 τὸ
3567 2021 3668 2072 χαο

2097 2095 2292 2148 λᾶσθαι
2334 2095 2428 2148 καὶ
2461 2095 2853 2148 ἐπιτείνεσθαι*
2890 2097 2946 2149 ὲν
2984 2094 3061 2165 τῷ
3097 2094 3240 2162 λόγῳ
3272 2093 3329 2146 δὲ
3365 2093 3464 2163 τῆς
3493 2093 3668 2163 ἁρμο-

2099 2188 2213 2250 νίας
2251 2186 2345 2239 οὒ·
2382 2187 2636 2240 ἀδύνατον
2687 2186 2794 2258 γάρ
2836 2187 2990 2254 λόγον
3032 2187 3092 2238 τὸ
3128 2185 3324 2256 μᾶλλον
3370 2183 3462 2237 καὶ
3505 2177 3669 2256 ἦττον

2099 2282 2260 2351 ἔχειν,
2300 2280 2412 2332 ἀλλ’
2465 2282 2520 2332 ἐν
2568 2282 2632 2349 τῇ
2683 2279 2948 2351 ἁρμονίᾳ’
3004 2277 3100 2330 ἐὰν
3167 2277 3274 2348 γὰρ
3329 2277 3670 2348 κεκραμένος

2097 2373 2222 2436 ὀξὺς
2265 2368 2498 2440 φθόγγος
2530 2371 2621 2422 καὶ
2643 2367 2843 2439 βαρύς·
2868 2369 3056 2421 ἔπειτα
3100 2367 3360 2431 ἀνεθῶσι,
3391 2369 3481 2420 τὸν
3509 2367 3670 2434 λόγον

2103 2467 2198 2534 μὲν
2240 2463 2329 2516 τὸν
2359 2462 2519 2515 αὑτὸν
2566 2460 2825 2524 σώζουσιν
2853 2460 2909 2510 ὲν
2937 2461 3047 2521 τοῖς
3081 2457 3332 2528 μεγέθεσι
3363 2456 3470 2509 τῶν
3498 2455 3670 2526 φθόγ-

2099 2573 2242 2623 γων·
2293 2552 2642 2624 παραλλαγὴν
2680 2549 2737 2603 δὲ
2783 2547 3047 2620 λαμϐάνει
3082 2549 3223 2602 κατὰ
3256 2548 3352 2619 τὴν
3395 2547 3668 2618 ἁρμογήν,

2105 2647 2303 2716 μᾶλλον
2338 2646 2430 2697 καὶ
2459 2641 2618 2716 ἧττον
2664 2642 3038 2712 ὲπιτεινομένη
3061 2659 3073 2672 ο
3108 2640 3253 2710 ψυχὴ
3281 2640 3336 2692 δὲ
3363 2640 3538 2709 ψυχῆς
3567 2641 3672 2692 οὐκ

2098 2740 2212 2791 ἔστι
2262 2738 2457 2808 μᾶλλον
2504 2733 2595 2788 καὶ
2641 2728 2836 2806 ἦττον·
2887 2731 2986 2786 οὐκ
3019 2733 3124 2803 ἄρα
3170 2732 3402 2802 ἁρμονία
3450 2733 3597 2785 ἐστὶν
3633 2733 3670 2803 ὴ

2095 2834 2261 2903 ψυχή.
2315 2832 2433 2882 Ἒτι
2483 2831 2513 2899 ή
2552 2827 2695 2897 ψυχὴ
2739 2826 2938 2896 ἀρετὴν
2965 2827 3057 2878 καὶ
3095 2825 3291 2878 κακίαν
3323 2820 3666 2895 ἐπιδέχεται·

2096 2926 2128 2995 ἡ
2160 2924 2212 2974 δὲ
2248 2921 2479 2991 ἁρμονία
2518 2917 2780 2988 ἁρμονίαν
2821 2915 2914 2967 καὶ
2945 2916 3310 2984 ἀναρμοστίαν
3348 2914 3446 2966 οὐκ
3485 2912 3671 2965 ὲπιὸἐ·

2096 3029 2277 3087 χεται’
2338 3014 2436 3065 οὐκ
2493 3010 2597 3078 ἄρα
2655 3006 2885 3078 ἁρμονία
2939 3007 3086 3059 ἐστὶν
3140 3007 3172 3075 ἡ
3230 3005 3394 3075 ψυχή.
3457 3006 3577 3057 Ἔτι
3633 2998 3670 3074 ἠ

424 3107 527 3158 lam
559 3104 730 3174 magis
759 3111 809 3157 et
835 3101 1016 3154 minus
1057 3099 1304 3163 intensa;
1347 3099 1524 3151 anima
1563 3108 1741 3151 autem
1767 3115 1875 3152 non
1903 3110 1986 3155 est

2096 3085 2228 3179 ῂυχὴ
2282 3107 2337 3156 ἐν
2387 3102 2462 3171 τῷ
2507 3097 2840 3169 ἐπιδέχεσθαι
2895 3096 2962 3149 τὰ
3003 3096 3236 3161 ἐναντία,
3278 3096 3428 3166 παρά
3482 3095 3669 3168 μέρος,

423 3195 596 3264 magis
626 3192 709 3247 vel
747 3191 928 3244 minus
965 3188 1177 3242 anima:
1210 3187 1372 3256 igitur
1402 3189 1579 3241 anima
1613 3204 1718 3241 non
1750 3200 1831 3243 est
1859 3190 1987 3242 har-

422 3283 624 3335 monia.
678 3279 808 3335 ltem
868 3281 1046 3333 anima
1093 3279 1346 3332 virtutem
1382 3290 1434 3331 et
1488 3279 1678 3330 vitium
1725 3278 1986 3346 admittit;

422 3379 721 3426 concentus
751 3385 881 3423 vero
909 3379 1232 3423 concentum
1267 3377 1320 3421 et
1350 3367 1737 3422 inconcinnum
1773 3380 1988 3424 cantum

423 3479 532 3516 non
566 3463 730 3530 capit.
770 3459 887 3512 Non
922 3471 1003 3513 est
1035 3461 1202 3528 igitur
1233 3459 1412 3511 anima
1443 3471 1761 3515 concentus.
1793 3459 1991 3516 Adhaec

424 3552 606 3604 anima
634 3551 686 3602 in
717 3548 1082 3618 suscipiendis
1116 3549 1411 3604 contrariis
1441 3565 1568 3618 pars
1608 3558 1690 3604 est
1731 3553 1992 3607 substan-

425 3646 515 3696 tiae
539 3649 593 3696 et
620 3641 961 3710 subjectum;
993 3640 1278 3693 harmonia
1310 3656 1437 3694 vero
1467 3642 1700 3711 qualitas
1739 3651 1823 3698 est
1859 3645 1992 3699 etin

427 3733 696 3801 subjecto.
734 3731 1052 3785 Substantia
1110 3741 1288 3787 autem
1322 3733 1464 3787 aliud
1506 3745 1590 3788 est
1637 3749 1666 3786 a
1700 3735 1990 3804 qualitate:

427 3821 705 3892 estigitur
759 3822 938 3875 anima
992 3822 1138 3876 aliud
1196 3837 1226 3875 a
1284 3834 1572 3878 concentu.
1628 3824 1807 3890 Quare
1863 3826 1994 3879 nihil

428 3912 652 3967 absurdi
716 3919 797 3967 est
836 3913 1070 3966 animam
1131 3914 1453 3984 participem
1507 3930 1628 3969 esse
1667 3915 1992 3982 harmonize;

428 4005 526 4060 sed
558 4020 663 4058 non
696 4014 980 4073 propterea
1001 4013 1084 4059 est
1117 4013 1449 4072 concentus;
1475 4021 1650 4075 neque
1684 4007 1828 4060 enim
1868 4010 1994 4077 quia

425 4096 646 4150 virtutis
676 4097 950 4166 particeps
981 4105 1085 4163 est,
1121 4095 1242 4149 ideo
1275 4099 1448 4150 virtus
1481 4107 1563 4151 est
1595 4095 1795 4151 anima.
1834 4091 1995 4155 Gale-

429 4205 532 4243 nus
561 4203 691 4242 vero
721 4186 855 4241 nihil
889 4173 1020 4242 sane
1053 4187 1279 4254 asserit;
1314 4204 1498 4242 verum
1553 4198 1883 4258 protestatur
1943 4194 1994 4246 in

425 4279 854 4334 demonstrativo
887 4293 1158 4342 sermone,
1196 4279 1339 4347 quod
1372 4279 1505 4332 nihil
1533 4279 1600 4334 de
1634 4280 1812 4335 anima
1845 4279 1994 4336 afﬁr-

424 4369 685 4438 Inaverit;
727 4370 818 4425 sed
855 4371 1133 4439 probabile
1165 4378 1249 4425 est
1282 4385 1345 4424 ex
1381 4371 1448 4424 iis
1501 4385 1622 4440 qua:
1679 4372 1836 4434 dicit,
1866 4388 1988 4427 eum

428 4460 600 4530 magis
632 4461 861 4529 probare
887 4461 1121 4514 animam
1146 4475 1268 4513 esse
1319 4467 1827 4530 temperamentum.
1873 4457 1990 4517 Huc

425 4549 568 4602 enim
607 4547 939 4618 propendere
965 4565 1176 4604 morum
1206 4548 1585 4615 dill‘erentiam,
1615 4566 1678 4605 ex
1708 4550 1993 4620 Hippocra-

428 4641 500 4693 tis
523 4631 684 4695 dictis
713 4641 1162 4694 commentarium
1200 4641 1453 4693 instituit.
1490 4640 1646 4706 Quod
1708 4642 1754 4694 si
1786 4641 1858 4694 ita
1888 4649 1989 4708 est,

429 4732 775 4803 perspicuum
808 4739 890 4786 est
945 4723 1153 4801 opinari
1214 4733 1449 4783 animam
1516 4733 1795 4786 mortalem
1847 4748 1989 4798 esse,

429 4839 538 4878 non
569 4829 750 4876 tamen
803 4837 1040 4888 omnem,
1099 4822 1194 4877 sed
1241 4823 1553 4886 humanam,
1606 4839 1711 4894 qua
1767 4820 1993 4879 rationis

429 4930 622 4985 expers
646 4921 759 4979 est;
787 4930 974 4968 verum
1007 4914 1074 4968 de
1121 4915 1348 4967 rationis
1407 4913 1690 4984 participe,
1745 4915 1994 4985 ambigue

431 5005 512 5059 sic
538 5000 981 5070 loquitueruod
1018 5016 1146 5055 vero
1175 5018 1282 5055 non
1317 5004 1484 5072 possit
1517 5004 1697 5056 anima
1725 5011 1994 5073 tempera-

431 5105 672 5148 mentum
710 5090 956 5158 corporis
997 5104 1142 5152 esse,
1197 5091 1323 5145 hinc
1353 5101 1533 5160 patet:
1576 5092 1751 5147 Omne
1795 5106 1996 5160 corpus

430 5188 728 5241 animatum
763 5193 925 5252 atque
954 5183 1253 5238 inanimum
1311 5200 1375 5238 ex
1431 5192 1665 5254 quatuor
1713 5184 1996 5238 elementis

430 5280 649 5333 mistum
679 5285 792 5343 est;
834 5275 927 5330 sed
955 5275 1101 5329 enim
1137 5275 1328 5329 horum
1380 5275 1561 5329 mistio
1592 5289 1822 5344 corpora
1860 5289 1995 5329 con-

428 5371 622 5439 stituit;
673 5384 842 5441 quare
872 5369 918 5424 si
966 5368 1145 5421 anima
1202 5368 1448 5438 corporis
1509 5375 1994 5436 temperamentum

426 5472 592 5527 esset,
625 5464 759 5516 nihil
797 5462 937 5518 foret
970 5461 1228 5526 iuanime,
1258 5468 1316 5513 ut
1347 5459 1485 5514 ratio
1512 5457 1884 5514 demonstrat:
1917 5459 1996 5514 sic

427 5550 571 5603 enim
593 5552 774 5606 anima
799 5553 1046 5622 corporis
1072 5552 1256 5606 mistio
1282 5559 1448 5605 esset.
1481 5549 1690 5605 Rursus
1714 5549 1758 5604 si
1793 5564 1996 5615 corpus

426 5642 711 5697 misturam
747 5646 923 5714 habet,
973 5657 1026 5702 ct
1073 5663 1234 5703 omne
1274 5661 1474 5717 corpus
1509 5645 1743 5698 animam
1798 5644 1992 5699 habet:

2089 3200 2245 3252 οὐσία
2284 3197 2399 3248 ἐστὶ
2451 3195 2545 3246 καὶ
2588 3190 2974 3260 ὑποκείμενον·
3008 3191 3040 3259 ἡ
3081 3189 3136 3240 δὲ
3166 3189 3397 3259 ἁρμονία
3445 3189 3672 3257 ποιότης

2092 3292 2186 3345 καὶ
2240 3292 2295 3342 ἐν
2343 3285 2720 3355 ὑποκειμένῳ⁸
2781 3282 2900 3353 ήδὲ
2940 3281 3094 3334 οὐσία
3127 3281 3410 3351 ποιότητος
3453 3279 3666 3349 ἕτερον,

2092 3383 2184 3435 καὶ
2225 3384 2255 3451 ἡ
2307 3377 2452 3448 ψυχὴ
2499 3377 2604 3447 ἄρα
2653 3374 2914 3444 ἁρμονίας
2967 3371 3171 3442 ἕτερον.
3232 3370 3520 3442 Ἀρμονίας
3568 3367 3669 3441 μέν

2092 3491 2172 3526 τοι
2205 3471 2447 3541 μετέχειν
2491 3467 2586 3538 τὴν
2613 3465 2788 3536 ψυχὴν
2817 3465 2966 3517 οὐδὲν
2998 3463 3230 3517 ἄτοπονο
3276 3459 3391 3516 ἀλλ⁴
3424 3465 3485 3516 οὐ
3516 3463 3670 3534 παρά

2092 3564 2248 3616 τοῦτο
2286 3560 2517 3633 ἁρμονία
2547 3559 2724 3611 ἐστίν·
2769 3553 2830 3608 οὐ
2870 3555 2979 3626 γὰρ
3015 3555 3145 3609 διότι
3188 3556 3390 3627 ἀρετῆς
3426 3553 3666 3626 μετέχει,

2093 3651 2261 3720 ἀρετή
2298 3651 2442 3700 ἐστιν
2487 3642 2520 3716 ή
2573 3642 2741 3716 ψυχή.
2792 3645 3028 3714 Γαληνὸς
3065 3644 3121 3697 δὲ
3167 3645 3522 3714 ἀποφαίνεται
3569 3641 3671 3716 μὲν

2093 3741 2261 3804 οὐδὲν,
2295 3740 2428 3793 ἀλλὰ
2453 3737 2876 3809 διαμαρτύρεται
2915 3737 2971 3790 ὲν
3010 3735 3088 3804 τῷ
3119 3735 3479 3805 ἁποδεικτικῷ
3500 3736 3670 3806 λόγῳ,

2094 3833 2168 3894 ὡς
2197 3829 2346 3884 οὐδὲν
2380 3831 2462 3900 εἴη
2492 3830 2618 3901 περὶ
2645 3828 2824 3898 ψυχῆς
2853 3827 3285 3896 ἀποφαινόμενος
3303 3844 3316 3856 ·
3346 3826 3487 3879 ἔοικε
3522 3826 3579 3878 δὲ
3607 3827 3671 3892 ἐξ

2096 3917 2170 3975 ὧν
2196 3923 2341 3990 λέγει
2359 3920 2668 3991 δοκιμάζειν
2697 3918 2894 3989 μᾶλλον
2921 3917 3016 3988 τὴν
3039 3919 3232 3988 κρᾶσιν
3262 3912 3402 3970 εἶναι
3435 3918 3534 3986 τὴν
3562 3916 3670 3985 ψυ-

2097 4015 2197 4085 χήν
2216 4032 2230 4046 ο
2259 4008 2430 4084 ταύτῃ
2479 4011 2586 4081 γάρ
2631 4008 3012 4063 ἐπακολουθεῖν
3038 4010 3136 4078 τὴν
3164 4007 3271 4061 τῶν
3312 4007 3456 4076 ἠθῶν
3483 4003 3673 4076 διαφο-

2099 4105 2218 4174 ρὰν,
2251 4105 2314 4155 ἐκ
2341 4103 2448 4154 τῶν
2485 4101 2873 4170 Ἱπποκράτους
2902 4101 3322 4163 κατασκευάζων
3355 4098 3445 4153 τὸν
3474 4101 3630 4168 λόγον
3653 4117 3669 4131 °

2097 4194 2145 4244 εί
2175 4191 2230 4245 δὲ
2255 4185 2430 4252 τοῦτο,
2456 4190 2612 4258 δῆλον
2633 4189 2714 4242 ὅτι
2747 4189 2840 4243 καὶ
2870 4185 3065 4260 θνητὴν
3099 4185 3266 4260 αὐτὴν
3299 4191 3463 4242 οἴεται
3492 4185 3630 4242 εἶναι
3651 4201 3668 4222 ⁶

2096 4285 2156 4335 οὐ
2192 4285 2366 4335 πᾶσαν
2401 4280 2477 4345 δὲ,
2518 4280 2654 4334 ἀλλά
2694 4281 2792 4350 τὴν
2823 4280 3014 4347 ἄλογον
3055 4281 3221 4350 μόνην
3253 4280 3428 4350 ψυχὴν
3454 4280 3546 4332 τοῦ
3573 4283 3672 4332 ἀνα

2099 4372 2314 4443 θρώπου
2335 4390 2348 4402 ·
2382 4371 2509 4443 περὶ
2539 4371 2595 4424 δὲ
2623 4374 2720 4441 τῆς
2750 4365 2970 4441 λογικῆς
3009 4370 3336 4440 ἀμφιϐάλλει
3369 4369 3541 4438 λέγων
3577 4368 3638 4421 οὗ
3657 4399 3671 4408 -

2093 4482 2217 4526 τως·
2256 4464 2377 4515 Ὅτι
2407 4457 2462 4515 δὲ
2497 4463 2558 4515 οὐ
2587 4462 2805 4516 δύναται
2836 4462 2928 4515 τοῦ
2959 4460 3206 4532 σώματος
3240 4463 3272 4532 ή
3307 4462 3500 4532 κρᾶσις
3529 4456 3670 4513 εἶναι

2091 4555 2256 4625 ψυχὴ,
2294 4554 2448 4624 δῆλον
2503 4553 2781 4606 ἐντεῦθεν*
2827 4553 2942 4605 Πᾶν
2977 4553 3134 4622 σῶμα
3181 4551 3420 4622 ἔμψυχόν
3469 4569 3527 4603 τε
3575 4546 3672 4604 καὶ

2092 4647 2295 4715 ἄψυχον
2351 4647 2413 4697 ἐκ
2452 4644 2556 4697 τῶν
2588 4643 2866 4714 τεσσάρων
2899 4641 3176 4713 στοιχείων
3205 4644 3558 4714 κεκράτηται.
3601 4639 3669 4694 ’Π

2093 4738 2198 4806 γὰρ
2255 4736 2457 4787 τούτων
2517 4735 2710 4805 κρᾶσις
2761 4732 2830 4784 τὰ
2880 4730 3106 4802 σώματα
3160 4733 3551 4802 ἀπεργάζεται.
3605 4732 3671 4784 El

2093 4829 2270 4879 τοίνυν
2305 4826 2336 4895 ἡ
2381 4825 2472 4878 τοῦ
2520 4824 2766 4895 σώματος
2810 4822 3003 4892 κρᾶσίς
3043 4825 3190 4875 ἐστιν
3237 4825 3269 4893 ἡ
3309 4823 3474 4894 ψυχὴ,
3514 4824 3672 4876 οὐδὲν

2095 4917 2298 4985 ἄψυχον
2343 4915 2514 4978 ἔσται,
2562 4915 2637 4975 ὡς
2681 4914 2708 4964 ὁ
2741 4914 2896 4982 λόγος
2926 4911 3226 4978 ἀπέδειξεν.
3276 4913 3431 4966 Οὕτω
3476 4913 3584 4984 γὰρ
3633 4915 3668 4983 ἡ

2095 5011 2289 5079 κρᾶσις
2321 5007 2412 5060 τοῦ
2456 5007 2703 5077 σώματος
2747 5005 2891 5076 ψυχὴ
2921 5007 3092 5060 ἔσται.
3129 5005 3296 5059 Πάλιν
3341 5007 3387 5058 εἰ
3421 5006 3482 5058 τὸ
3510 5006 3671 5075 σῶμα

2098 5103 2288 5171 κρᾶσιν
2322 5098 2454 5169 ἔχει,
2504 5099 2595 5151 καὶ
2635 5099 2740 5150 πᾶν
2792 5097 2948 5166 σῶμα
2986 5096 3162 5168 ψυχὴν
3192 5096 3336 5166 ἔχει·
3373 5099 3421 5149 εί
3458 5099 3514 5150 δὲ
3560 5100 3672 5151 πᾶν

2099 5191 2256 5261 σῶμα
2287 5191 2452 5260 ψυχὴ,
2497 5189 2647 5242 οὐδὲν
2694 5188 2851 5258 σῶμά
2893 5189 3038 5241 ἐστιν
3083 5185 3322 5256 ἄψυχονο
3359 5186 3482 5238 οὔτε
3524 5186 3671 5248 λίθος

2097 5280 2224 5350 ἄρα,
2261 5279 2380 5334 οὔτε
2415 5280 2566 5344 ξύλα,
2614 5275 2735 5332 οὔτε
2772 5275 3005 5349 σίδηρος,
3055 5278 3177 5330 οὔτε
3215 5277 3343 5331 ἄλλο
3372 5295 3424 5330 τι
3462 5277 3669 5346 ἄψυχον

2097 5373 2281 5424 ἔσται·
2319 5372 2366 5424 εἰ
2395 5369 2450 5424 δὲ
2497 5371 2571 5440 μὴ
2603 5369 2829 5422 καθόλου
2860 5370 3034 5421 πᾶσαν
3065 5369 3259 5439 κρᾶσιν
3293 5367 3544 5436 σώματος
3577 5367 3668 5418 λέ-

2097 5479 2183 5532 γει
2210 5463 2382 5534 ψυχὴν
2415 5461 2572 5526 εἶναι,
2619 5460 2754 5514 ἀλλὰ
2785 5461 2880 5528 τὴν
2911 5461 3116 5514 τοιάνδε
3138 5478 3150 5490 ·
3187 5460 3507 5530 ἐρωτητὼν,
3539 5461 3674 5511 ποία

2099 5555 2294 5625 κρᾶσίς
2341 5557 2506 5617 ἐστιν,
2560 5555 2593 5624 ή
2648 5552 2783 5617 ζῶον
2837 5552 3084 5616 ποιοῦσα,
3140 5552 3234 5604 καὶ
3281 5551 3458 5620 ψυχῆς
3511 5549 3675 5618 λόγον

2099 5645 2388 5715 ἐπέχουσα.
2443 5644 2662 5695 Ὁποίαν
2689 5645 2794 5713 γάρ
2824 5643 2888 5696 ἂν
2921 5643 3059 5697 είποι
3101 5643 3199 5712 τὴν
3237 5642 3450 5710 κρᾶσιν,
3482 5642 3673 5695 cetari-
