4046 6156
334 233 435 290 197

1766 245 1850 300 [ll-1
1893 245 2127 301 ANHIA.

3473 248 3576 304 £98

327 373 426 428 την
455 354 755 428 εὑρήσομεν
779 350 915 410 εἶναι
947 355 1036 408 καὶ
1073 357 1130 409 ἐν
1174 359 1286 420 τοῖς
1316 357 1572 429 ἀψύχοις·
1607 361 1756 417 ὲννέα
1794 364 1898 431 γὰρ

2017 363 2141 431 μιοά
2177 361 2220 418 si
2244 377 2404 418 omne
2434 377 2633 434 corpus
2668 362 2847 416 anima
2879 371 2984 430 est,
3020 363 3230 418 nullum
3263 377 3462 434 corpus
3492 373 3576 420 est

327 447 504 502 οὐσῶν
554 448 837 519 κράσεων,
885 447 961 510 ὡς
1014 448 1174 511 αὐτὸς
1232 449 1290 501 ὲν
1341 449 1420 519 τῷ
1475 453 1603 522 περὶ
1657 455 1903 522 κράσεως

327 536 524 602 ἔδειξεν
548 556 562 569 ·
611 537 757 590 ὀκτὼ
797 539 894 608 μὲν
931 539 1039 592 τῶν
1067 540 1403 610 δυσκράτων,
1437 545 1566 612 μιᾶς
1594 543 1648 595 δὲ
1685 545 1780 614 τῆς
1814 548 1902 595 εὑ-

329 629 564 700 κράτου·
618 629 760 683 κατά
812 630 911 699 μὲν
956 631 1052 701 τὴν
1103 629 1366 702 εὔκρατον
1411 633 1556 700 λέγει
1608 635 1904 704 κεκρᾶσθαι

325 722 417 774 τὸν
465 721 773 792 ἄνθρωπον,
824 723 884 775 οὐ
926 723 1100 777 πάντα
1150 724 1228 788 δὲ,
1275 724 1410 776 ἀλλά
1459 727 1549 777 τὸν
1592 727 1689 795 τῆς
1737 728 1905 796 μέσης

327 814 610 884 κράσεως·
646 813 786 866 κατά
829 816 886 867 δὲ
934 815 1032 878 τάς
1071 815 1234 877 ἄλλας
1277 817 1609 886 δυσκρασίας
1657 819 1724 870 τὰ
1770 819 1905 872 ἄλλα

326 904 442 968 ζῶα
486 907 608 958 κατ’
655 901 793 968 εἶδος
838 905 975 976 μετά
1013 907 1112 976 τῆς
1159 908 1249 959 ἐπὶ
1293 909 1353 960 τὸ
1387 907 1583 978 μᾶλλον
1617 911 1708 962 καὶ
1746 906 1904 978 ἦττον

325 997 568 1059 ἀνέσεώς
609 1013 671 1050 τε
716 998 807 1050 καὶ
839 998 1141 1060 ὲπιτάσεως
1172 999 1514 1070 εὑρίσκονται
1535 1041 1548 1065 ,
1595 1002 1687 1054 καὶ
1717 1003 1772 1053 ὲν
1795 1005 1902 1064 τοῖς

325 1087 557 1156 ἀψύχοις
609 1087 836 1157 κράσεις
885 1088 1019 1156 μετά
1064 1087 1156 1140 τοῦ
1208 1089 1403 1157 μᾶλλον
1453 1089 1547 1142 καὶ
1593 1085 1785 1160 ἥττον’
1831 1091 1906 1153 ὡς

325 1179 490 1240 αὐτὸς
524 1177 684 1231 πάλιν
716 1179 775 1231 ὲν
808 1181 919 1240 τοῖς
964 1178 1153 1240 ἁπλοῖς
1189 1180 1486 1244 ἀπέδειξεν.
1525 1183 1645 1234 Ἔτι
1678 1184 1710 1251 ἡ
1760 1182 1904 1252 ψυχὴ

327 1269 526 1338 κρᾶσίς
564 1270 744 1321 ἐστιν·
797 1269 854 1320 αἱ
902 1268 958 1320 δὲ
994 1268 1217 1338 κράσεις
1250 1270 1390 1322 κατά
1434 1270 1532 1334 τὰς
1572 1271 1784 1341 ἡλικίας
1814 1274 1906 1324 καὶ

326 1359 427 1416 τὰς
478 1353 646 1423 ὧρας,
694 1354 788 1406 καὶ
819 1355 916 1416 τὰς
945 1355 1153 1418 διαίτας
1177 1374 1189 1384 ·
1237 1357 1270 1427 ἡ
1300 1358 1444 1428 ψυχὴ
1487 1359 1902 1414 ἐναλλάσσεται·

327 1448 378 1497 εἰ
403 1445 460 1496 δὲ
488 1445 892 1509 ὲναλλάσσεται,
921 1447 982 1498 οὐ
1006 1445 1101 1517 τὴν
1131 1447 1300 1517 αὐτὴν
1334 1448 1528 1520 ἔχομεν
1554 1450 1750 1522 ψυχὴν,
1773 1452 1906 1506 ἀλλά

331 1539 473 1590 κατὰ
507 1538 602 1608 τὴν
640 1540 856 1609 κρᾶσιν,
889 1539 1017 1591 ποτὲ
1050 1541 1147 1609 μὲν
1193 1540 1425 1605 λέοντος,
1459 1544 1589 1595 ποτὲ
1617 1544 1675 1596 δὲ
1703 1544 1905 1614 προϐά-

330 1645 444 1690 του,
472 1627 602 1678 ποτὲ
639 1628 696 1680 δὲ
723 1627 883 1680 ἄλλου
920 1627 1084 1691 τινὸς,
1117 1628 1250 1698 ὅπερ
1296 1630 1514 1684 ἄτοπον.
1547 1631 1665 1683 Ἔτι
1709 1632 1741 1702 ἡ
1775 1632 1906 1700 κρᾶ-

2006 455 2324 516 inanimum,
2358 469 2532 524 neque
2570 470 2700 523 ergo
2724 455 2884 522 lapis,
2924 470 3100 523 neque
3131 455 3298 523 ligna,
3337 470 3434 509 nec
3469 453 3579 508 ler-

2009 557 2147 606 rum,
2179 526 2354 612 neque
2375 544 2522 598 aliud
2573 544 2867 613 quidquam
2924 546 3220 598 inanimum
3245 546 3368 598 erit.
3422 544 3577 609 Quod

2006 631 2050 683 si
2112 645 2216 684 non
2271 632 2524 686 universe
2580 648 2743 686 omne
2794 641 3279 701 temperamentum
3331 633 3578 700 corporis

2004 722 2148 774 dicat
2177 723 2300 791 quis
2329 738 2451 776 esse
2487 723 2745 788 animam,
2781 724 2873 778 sed
2909 727 3014 778 tale
3047 724 3343 793 quoddam,
3382 739 3579 794 rogan-

2005 815 2133 868 dum
2165 826 2246 869 est
2273 817 2450 884 qualis
2483 818 2591 868 haec
2620 816 2848 868 mis-tura
2880 816 2949 868 sit
2975 831 3096 884 quae
3141 816 3343 868 animal
3387 815 3576 879 cilicii,

2007 907 2168 976 atque
2215 907 2408 959 animae
2465 906 2731 958 rationem
2788 906 3038 958 obtinet?
3093 904 3368 960 Utramvis
3430 906 3575 959 enim

2007 999 2205 1052 dixerit
2229 999 2388 1051 talem
2429 997 2761 1063 mistioncm,
2810 998 3150 1050 inveniemus
3177 1013 3298 1051 esse
3329 996 3574 1051 eamdem

2006 1091 2167 1145 etiam
2194 1092 2245 1143 in
2279 1090 2346 1144 iis
2385 1105 2505 1158 quae
2536 1090 2774 1160 inanima
2830 1097 2977 1142 sunt.
3021 1087 3153 1140 Nam
3205 1104 3327 1141 cum
3382 1103 3575 1141 novem

2007 1181 2118 1233 sint
2178 1187 2622 1247 temperamenta,
2685 1188 2742 1230 ut
2798 1178 2910 1246 ipse
2964 1177 3016 1230 in
3072 1180 3464 1230 connncntario
3510 1177 3577 1229 de

2009 1270 2452 1340 temperamentis
2481 1269 2664 1334 docet,
2692 1277 2818 1322 octo
2849 1269 3066 1336 quidem
3095 1283 3158 1321 ex
3193 1267 3259 1320 iis
3293 1281 3413 1335 qua:
3436 1281 3579 1335 κει-ε

2008 1371 2397 1433 temperantur,
2418 1379 2584 1416 unum
2609 1378 2756 1428 vero,
2783 1363 2926 1430 quod
2961 1361 3136 1418 facilis
3167 1370 3247 1414 est
3279 1359 3578 1427 temperiei,

2007 1469 2072 1508 ac
2130 1455 2283 1523 juxta
2336 1456 2474 1509 bene
2537 1463 2890 1523 temperatam
2963 1453 3245 1507 misturam
3303 1452 3578 1503 hominem

2010 1554 2366 1613 temp-oratum
2397 1561 2517 1600 esse
2577 1546 2730 1611 dicit,
2793 1545 2886 1598 διό
2934 1560 3039 1598 non
3085 1558 3334 1608 onmem;
3393 1556 3580 1594 verum

2009 1637 2159 1688 illum
2187 1637 2280 1705 qui
2314 1637 2505 1691 media:
2536 1645 2914 1704 temperatur-zu
2963 1644 3064 1700 est,
3123 1649 3186 1685 ac
3244 1633 3397 1700 juxta
3445 1632 3581 1684 alias

333 1736 414 1779 σς
449 1720 548 1770 οὐκ
593 1719 926 1770 ἐναντιοῦται
975 1721 1090 1781 ταῖς
1130 1720 1444 1789 ἐπιθυμίαις
1487 1721 1579 1774 τοῦ
1629 1720 1897 1791 σώματος,

2014 1729 2424 1797 temperationes
2455 1738 2650 1782 caetera
2691 1728 2946 1780 animalia
2985 1725 3286 1779 secundum
3316 1723 3576 1791 speciem,

329 1810 464 1860 ἀῖλὰ
493 1811 584 1860 καὶ
611 1811 878 1878 συνεργεῖ.
915 1808 1062 1880 Αῦτη
1093 1810 1198 1880 γάρ
1230 1811 1376 1862 ἐστιν
1403 1811 1436 1881 ἡ
1482 1810 1732 1864 κινοῦσα·
1771 1813 1804 1881 ἡ
1843 1810 1898 1863 δὲ

328 1901 474 1972 ψυχὴ
515 1901 867 1956 ἐναντιοῦται.
895 1903 1006 1955 Οὐκ
1030 1903 1137 1973 ἀρα
1163 1903 1355 1974 κρᾶσίς
1383 1905 1527 1957 ἐστιν
1561 1905 1593 1974 ἡ
1617 1903 1760 1975 ψυχή
1782 1922 1794 1935 ·
1821 1904 1900 1955 ἔτι

331 1997 378 2046 εί
413 1995 605 2063 κρᾶσίς
640 1995 756 2046 ἐστι
791 1995 958 2064 ψυχὴ,
987 1997 1018 2064 ή
1049 1995 1105 2048 δὲ
1148 1997 1342 2066 κρᾶσις
1381 1996 1634 2067 ποιότης·
1682 1997 1902 2066 ποιότης

329 2087 386 2139 δὲ
422 2086 740 2154 καὶγίνεται
765 2089 858 2138 καὶ
886 2087 1198 2154 ἀπογίνεται
1229 2088 1398 2159 χωρὶς
1434 2090 1532 2156 τῆς
1564 2086 1655 2139 τοῦ
1683 2088 1896 2146 ὑποκει-

332 2176 493 2245 μένου
527 2176 761 2246 φθορᾶς·
797 2177 891 2228 καὶ
923 2177 956 2246 ἡ
988 2175 1133 2247 ψυχὴ
1173 2176 1280 2248 ἄρα
1314 2177 1711 2248 χωρισθήσεται
1735 2179 1901 2248 χωρὶς

329 2267 429 2335 τῆς
464 2266 558 2318 τοῦ
597 2265 952 2336 ὑποκειμένου
985 2265 1218 2336 φθορᾶς·
1267 2266 1424 2320 τοῦτο
1453 2268 1509 2319 δὲ
1543 2269 1642 2320 οὐκ
1670 2267 1898 2338 ἀληθές’

329 2359 431 2411 οὐκ
469 2358 578 2428 ἄρα
603 2359 818 2429 κρᾶσις,
850 2357 968 2410 οὐδὲ
1006 2358 1226 2428 ποιότης
1257 2359 1402 2412 ἐστὶν
1429 2360 1462 2429 ἡ
1486 2359 1650 2428 ψυχή.
1679 2360 1752 2412 Οὐ
1795 2358 1903 2428 γὰρ

328 2453 393 2523 δή
431 2470 533 2505 που
565 2452 674 2506 τῶν
713 2451 1101 2522 ἀντικειμένων
1138 2451 1198 2504 τὸ
1228 2451 1412 2522 ἕτερον
1456 2451 1699 2520 φυσικῶς
1733 2468 1903 2522 προσ-

330 2548 472 2597 εῖναι
500 2545 733 2614 φήσουσι
763 2542 839 2613 τῷ
867 2543 1008 2612 ζὼῳ,
1037 2543 1112 2606 ὡς
1135 2543 1227 2595 ἐπὶ
1249 2541 1343 2594 τοῦ
1370 2542 1537 2612 πυρὸς
1567 2543 1625 2594 τὸ
1668 2542 1867 2614 θερμόν
1886 2558 1901 2572 ο

327 2637 666 2707 ἀμετάθετον
719 2636 826 2706 γὰρ
871 2635 1063 2687 τοῦτο’
1113 2635 1362 2702 φαίνεται
1411 2634 1467 2686 δὲ
1511 2635 1901 2706 μετατιθεμένη

331 2733 363 2798 ἡ
399 2729 620 2798 κρᾶσις.
656 2726 868 2779 Μᾶλλον
911 2725 967 2778 δὲ
1003 2726 1096 2779 καὶ
1132 2726 1283 2778 αὐτοί
1313 2727 1448 2777 εἰσιν
1475 2727 1522 2778 οἱ
1563 2725 1650 2778 διὰ
1699 2726 1796 2794 τῆς
1834 2728 1907 2778 ία-

332 2820 528 2889 τρικῆς
555 2817 749 2887 τέχνης
773 2817 870 2878 τὰς
899 2816 1121 2886 κράσεις
1166 2815 1587 2886 μεταϐάλλοντες
1607 2833 1620 2845 ⁸
1653 2816 1731 2868 ἔτι
1773 2835 1907 2869 παν-

334 2912 420 2972 τὸς
452 2909 705 2978 σώματος
735 2911 789 2961 αί
819 2908 1099 2978 ποιότητες
1133 2906 1384 2978 αἰσθηταί
1421 2908 1557 2959 εἰσιν
1581 2923 1594 2936 ⁸
1625 2909 1656 2977 ή
1681 2907 1737 2960 δὲ
1760 2909 1905 2979 ψυχὴ

335 3002 430 3053 οὐκ
469 2999 725 3068 αἰσθητὴ,
760 2997 894 3051 ἀλλὰ
922 2997 1084 3068 νοητή
1111 3011 1124 3024 ’
1154 2996 1253 3048 οὐκ
1280 2996 1388 3068 ἄρα
1430 2995 1649 3065 ποιότης
1680 2997 1904 3068 ἀσώμα-

335 3093 421 3155 τός
452 3093 607 3142 ἐστιν
646 3091 680 3159 ἡ
718 3088 884 3158 ψυχή.

2008 1836 2130 1874 cum
2169 1820 2492 1873 remissione
2535 1827 2588 1873 et
2627 1820 2947 1881 intentione,
2990 1817 3054 1870 ad
3110 1817 3161 1869 id
3209 1815 3352 1883 quod
3408 1813 3579 1880 magis

2009 1912 2088 1963 vel
2115 1913 2294 1964 minus
2334 1911 2712 1964 inveniuntur:
2753 1911 2991 1978 itemque
3026 1909 3078 1960 in
3106 1921 3286 1960 rerum
3314 1904 3579 1957 inanima—

2010 2010 2186 2054 tarum
2218 2002 2660 2071 temperamentis
2707 2018 2830 2054 cum
2883 2001 3209 2054 remissione
3261 1997 3343 2050 vel
3399 1996 3580 2048 inten—

2011 2093 2183 2147 tione:
2217 2105 2273 2146 ut
2304 2093 2420 2162 ipse
2451 2095 2503 2146 in
2532 2091 2874 2160 simplicibus
2902 2106 3092 2144 rursus
3131 2087 3390 2143 OStcndit.
3435 2084 3580 2136 Prae-

2010 2193 2154 2239 terea
2187 2185 2366 2238 anima
2402 2183 2722 2252 temperatio
2743 2191 2855 2249 est;
2895 2182 2989 2237 sed
3023 2179 3442 2250 temperationes
3490 2192 3580 2230 se-

2010 2274 2246 2329 cundum
2274 2275 2513 2341 habitus,
2548 2282 2756 2338 mtates,
2790 2281 3138 2342 tempestates
3161 2271 3291 2324 anni
3328 2279 3383 2325 et
3404 2269 3580 2322 victus

2011 2366 2271 2436 regimina
2303 2383 2362 2420 se
2413 2366 2646 2420 habent:
2671 2375 2725 2420 ct
2753 2367 2933 2419 anima
2967 2370 3335 2420 commutatur
3373 2380 3386 2415 :
3435 2358 3580 2430 quod

2013 2457 2059 2511 si
2107 2464 2494 2522 commutatur,
2555 2471 2662 2510 non
2711 2455 2955 2510 eamdem
2990 2456 3255 2508 habemus
3310 2451 3580 2513 animam,

2013 2546 2105 2601 sed
2133 2546 2290 2614 juxta
2341 2546 2657 2616 temperiem
2689 2545 2981 2614 aliquando
3039 2545 3233 2604 leonis,
3290 2541 3584 2610 aliquando

2012 2642 2153 2704 ovis,
2197 2637 2467 2691 interdum
2499 2639 2662 2690 etiam
2700 2637 2922 2690 alterius
2965 2635 3208 2703 cujusvis
3260 2633 3582 2697 animantis,

2013 2729 2154 2796 quod
2181 2727 2580 2797 perabsurdum
2611 2737 2714 2782 est.
2749 2728 2920 2781 Porro
2957 2735 3440 2794 temperamentum
3477 2741 3582 2776 non

2014 2821 2334 2875 adversatur
2365 2821 2684 2876 libidinibus
2711 2821 2984 2890 corporis,
3014 2821 3122 2873 imo
3173 2834 3298 2873 vero
3323 2831 3582 2885 coopera-

2015 2918 2138 2964 tur:
2176 2911 2278 2965 hoc
2305 2913 2448 2965 enim
2483 2913 2736 2981 estquod
2768 2921 2966 2968 movet.
2992 2913 3156 2981 Atqui
3189 2911 3368 2964 aninaa
3404 2909 3589 2961 adver-

2016 3013 2168 3058 satur
2199 3005 2590 3074 cupiditatibus
2617 3006 2917 3075 ejusmodi;
2951 3023 3057 3060 non
3089 3014 3170 3060 est
3211 3005 3373 3074 igitur
3404 3003 3584 3055 anima

1935 3075 2515 3161 “temperamentum.
2577 3095 2750 3149 Porro
2796 3096 3064 3165 siquidem
3121 3093 3444 3162 temperatio
3505 3099 3589 3142 est

337 3186 540 3248 anima,
598 3181 917 3251 temperatio
944 3193 1067 3234 vere
1119 3184 1205 3234 est
1248 3178 1518 3249 qualitas;
1549 3178 1665 3232 haec
1723 3187 1903 3234 autem
1946 3181 2101 3237 adest
2140 3191 2193 3237 et
2221 3183 2374 3236 abest
2407 3184 2615 3251 absque
2641 3183 2873 3252 subjecti
2905 3183 3176 3252 pernicie;
3237 3182 3401 3235 etiam
3467 3180 3587 3230 ani-

339 3290 422 3327 ma
453 3275 664 3342 absque
705 3270 926 3325 interitu
958 3268 1188 3338 subjecti
1246 3268 1756 3338 separabiturzhoc
1795 3282 1975 3325 autem
2045 3288 2172 3327 vero
2246 3282 2674 3328 consentaneum
2730 3291 2836 3328 non
2886 3282 2988 3327 est.
3070 3273 3190 3324 Non
3244 3271 3406 3339 igitur
3472 3271 3590 3320 ani-

341 3387 424 3423 ma
456 3377 545 3425 est
570 3372 1080 3436 temperamentum,
1141 3379 1240 3419 nec
1290 3365 1546 3434 qualitas.
1600 3363 1716 3418 Non
1764 3367 1910 3419 enim
1951 3369 2139 3438 utique
2174 3370 2405 3423 alterum
2437 3370 2810 3437 oppositorum
2843 3367 3167 3422 naturaliter
3242 3366 3434 3419 adesse
3502 3362 3589 3415 di-

339 3473 462 3518 cent
491 3462 734 3526 animali,
763 3468 822 3513 ut
852 3461 905 3514 in
946 3459 1068 3528 igne
1107 3459 1366 3525 calidum,
1399 3464 1634 3529 namque
1682 3461 1786 3514 hoc
1817 3461 2258 3518 inconunutabile
2284 3473 2366 3519 est
2397 3481 2411 3524 _:
2472 3465 2623 3534 atqui
2683 3465 2999 3534 temperatio
3066 3461 3351 3516 mutationi
3414 3459 3589 3512 obno—

343 3559 425 3610 xia
455 3555 692 3610 videtur.
721 3553 864 3619 Quin
897 3553 1079 3623 potius
1114 3553 1215 3620 ipsi
1251 3561 1380 3606 sunt
1423 3553 1518 3622 qui
1549 3561 1667 3607 arte
1738 3554 1949 3608 medica
2024 3563 2448 3625 temperamenta
2519 3565 2730 3611 mutant
2773 3573 2786 3607 :
2857 3556 3052 3611 deinde
3105 3555 3285 3609 omnis
3345 3552 3592 3620 corporis

343 3649 630 3716 qualitates
655 3648 759 3702 sub
787 3661 1008 3701 sensum
1033 3646 1269 3713 eadunt;
1299 3646 1479 3700 anima
1521 3661 1650 3702 vero
1677 3649 1953 3704 sensibilis
1978 3665 2085 3704 non
2120 3659 2226 3718 est,
2251 3651 2348 3706 sed
2410 3652 2788 3723 intelligibilis.
2854 3650 2974 3706 Non
3036 3661 3121 3706 est
3197 3649 3364 3718 igitur
3411 3643 3593 3698 anima

343 3744 578 3814 qualitas
605 3743 854 3810 corporis
890 3755 1106 3810 expers.

413 3839 535 3890 Ἔτι
565 3839 598 3907 ἡ
624 3835 720 3889 τοῦ
761 3835 1010 3906 σώματος
1037 3836 1130 3890 καὶ
1155 3835 1464 3906 πνεύματος
1505 3836 1644 3906 μετά
1672 3836 1914 3906 παραθέ-

345 3946 480 3993 σεως
522 3929 742 3999 σαρκῶν
775 3931 868 3980 καὶ
907 3925 1114 3998 νεύρων
1156 3927 1250 3979 καὶ
1281 3926 1390 3980 τῶν
1437 3926 1612 3980 ἄλλων
1653 3929 1916 3997 εὐκρασία

347 4023 497 4094 ἰσχύς
535 4025 715 4075 ἐστιν’
750 4023 846 4073 καὶ
888 4022 922 4091 ὴ
950 4021 1058 4076 τῶν
1087 4020 1304 4092 θερμῶν
1341 4020 1398 4072 δὲ
1427 4021 1522 4072 καὶ
1555 4019 1778 4090 ψυχρῶν
1825 4021 1917 4074 καὶ

344 4117 524 4187 ξηρῶν
557 4117 650 4168 καὶ
669 4113 853 4184 ὑγρῶν
884 4113 1169 4183 εὐκρασία,
1198 4111 1376 4180 ὑγίειά
1404 4115 1550 4165 ἐστιν
1569 4128 1583 4142 ·
1614 4114 1646 4183 ἡ
1690 4111 1746 4163 δὲ
1777 4129 1916 4181 συμ-

348 4207 543 4279 μετρία
568 4207 675 4259 τῶν
707 4205 882 4276 μελῶν
916 4206 1050 4276 μετά
1070 4205 1170 4275 τῆς
1195 4204 1439 4275 εὐχρόας,
1465 4203 1528 4256 τὸ
1557 4203 1750 4267 κάλλος
1777 4205 1920 4255 ποιεῖ

343 4300 438 4352 τοῦ
469 4297 741 4368 σώματος.
764 4295 825 4349 Εἰ
847 4297 1024 4348 τοίνυν
1046 4297 1078 4366 ἠ
1101 4294 1332 4366 ἁρμονία
1357 4295 1455 4364 τῆς
1474 4295 1681 4364 ὑγιείας
1705 4295 1796 4347 καὶ
1823 4295 1919 4363 τῆς

2096 3835 2226 3891 ltem
2259 3837 2504 3905 corporis
2569 3844 2622 3889 et
2669 3834 2894 3903 spiritus
2941 3833 3084 3887 bona
3117 3832 3408 3901 temperies
3457 3846 3584 3884 cum

2023 3927 2527 3992 carnis,nervorum
2559 3937 2719 3996 atque
2759 3927 2990 3980 aliorum
3025 3926 3386 3995 appositione,
3425 3926 3594 3979 robur

2024 4029 2128 4083 est,
2161 4030 2216 4074 et
2244 4019 2546 4074 calidorum
2598 4035 2660 4074 ac
2698 4018 3042 4089 frigidorum,
3095 4019 3366 4072 siccorum
3411 4025 3463 4070 et
3490 4017 3596 4069 bn-

2025 4112 2296 4166 midorum
2330 4111 2472 4165 bona
2507 4111 2801 4180 temperies
2832 4111 3040 4164 sanitas
3073 4118 3187 4171 est;
3224 4109 3594 4161 membrorum

2026 4211 2206 4257 autem
2254 4211 2309 4256 et
2368 4210 2583 4255 artuum
2635 4202 2914 4256 moderata
2968 4183 3284 4270 symmetria
3328 4213 3423 4252 seu
3469 4212 3597 4266 pro—

2027 4295 2206 4362 portio
2253 4310 2376 4348 cum
2415 4296 2657 4349 bonitate
2705 4293 2944 4355 coloris,
2989 4290 3457 4360 pulchritudinem
3474 4305 3597 4342 cor-

347 4391 530 4462 ίσχύος
579 4387 795 4442 καὶτοῦ
835 4387 1069 4450 κάλλους
1111 4388 1254 4457 ψυχή
1300 4387 1466 4446 ἐστιν,
1498 4388 1707 4458 ἀνάγκη
1833 4387 1911 4439 τοι

2030 4386 2177 4454 poris
2233 4385 2380 4439 facit.
2433 4387 2618 4456 Itaque
2653 4386 2698 4441 si
2746 4385 3028 4438 harmonia
3080 4383 3353 4444 sanitatis,
3387 4389 3439 4435 et
3474 4383 3595 4450 pul-

347 4480 632 4552 ἄνθρωπον
666 4477 844 4541 ζῶντα
888 4478 1024 4548 μήτε
1062 4478 1254 4540 νοσεῖν,
1297 4476 1431 4546 μήτε
1479 4476 1744 4537 ἀσθενεῖν,
1783 4478 1920 4545 μήτε

346 4573 594 4640 ἄμορφον
624 4563 762 4622 εἶναι
786 4583 800 4597 ⁸
839 4567 1124 4638 συμϐαίνει
1149 4566 1208 4618 δὲ
1247 4566 1526 4629 πολλάκις,
1563 4566 1622 4618 οὐ
1659 4567 1788 4634 μίαν
1824 4566 1920 4635 μό-

344 4683 453 4728 νον,
491 4663 610 4716 ἀλλ⁹
655 4661 788 4733 ὁμοῦ
836 4662 1016 4723 πάσας
1057 4661 1157 4721 τὰς
1185 4661 1330 4730 τρεῖς
1379 4660 1579 4722 ταύτας
1626 4660 1924 4729 εὐκρασίας

347 4753 703 4817 ἀπόλλυσθαι,
755 4752 848 4804 καὶ
880 4750 978 4822 ζῇν
1008 4750 1098 4804 τὸν
1141 4750 1456 4822 ἄνθρωπον·
1489 4749 1770 4819 συμϐαίνει
1816 4750 1923 4820 γὰρ

347 4846 436 4898 τὸν
474 4845 638 4899 αὐτὸν
664 4841 799 4914 ὁμοῦ
840 4843 934 4895 καὶ
969 4843 1214 4912 ἄμορφον
1241 4838 1377 4894 εἶναι
1417 4842 1513 4894 καὶ
1541 4841 1785 4893 ἀσθενεῖν
1827 4841 1923 4892 καὶ

347 4939 539 4991 νοσεῖν.
587 4935 704 4989 Οὐκ
743 4935 922 5004 ἀραή
966 4933 1231 5004 εὐκρασία
1275 4933 1370 4985 τοῦ
1418 4932 1664 5002 σώματός
1714 4935 1920 5002 ἐστινὴ

347 5028 508 5099 ψυχή.
545 5026 673 5089 Πῶς
696 5021 791 5079 οὖν
826 5025 1050 5092 φυσικαί
1076 5041 1218 5086 τινες
1247 5024 1434 5076 κακίαι
1465 5025 1558 5077 καλ⁹
1599 5025 1789 5095 ἀρεταὶ
1813 5027 1925 5086 τοῖς

349 5119 654 5189 ἀνθρώποις
677 5118 904 5170 ἕπονται
930 5118 944 5180 ξ
975 5116 1144 5169 Τοῦτο
1171 5118 1233 5168 ὲκ
1265 5114 1366 5184 τῆς
1394 5115 1487 5167 τοῦ
1515 5115 1762 5185 σώματος
1792 5115 1925 5184 ἀλη-

348 5208 452 5270 θῶς
501 5209 754 5278 κράσεως
798 5205 1026 5273 γίνεται.
1075 5205 1160 5268 Ὠς
1189 5205 1297 5275 γὰρ
1350 5204 1590 5274 φυσικῶς
1619 5205 1670 5256 oi
1705 5205 1928 5272 ὑγιεινοὶ

349 5302 439 5352 καὶ
464 5298 717 5361 νοσώδεις
745 5297 888 5350 εἰσιν
914 5297 977 5347 ἐκ
1001 5298 1097 5366 τῆς
1123 5296 1389 5365 κράσεως,
1416 5294 1556 5347 οὕτω
1584 5294 1728 5354 τινὲς
1765 5313 1923 5362 φυσι-

350 5389 456 5454 κῶς
505 5389 827 5461 πικρόχολοι
875 5386 1046 5449 όντες,
1097 5385 1302 5457 ὀργίλοι
1347 5383 1503 5447 εἰσὶν,
1547 5384 1697 5437 ἄλλοι
1744 5384 1924 5451 δειλοὶ,

349 5483 490 5536 ἄλλοι
513 5480 865 5551 κατωφερεῖς
885 5493 898 5506 ’
928 5477 1039 5529 ἀλλ’
1070 5477 1198 5538 ἔνιοι
1227 5475 1485 5548 κρατοῦσι
1509 5476 1602 5528 καὶ
1627 5476 1932 5546 περιγίνον-

350 5591 461 5627 ται·
505 5575 662 5646 δῆλον
695 5573 758 5626 δὲ
795 5571 882 5623 ὅτι
931 5568 1030 5637 τῆς
1057 5569 1303 5638 κράσεως
1337 5568 1628 5638 κρατοῦσιν
1651 5585 1664 5597 ·
1699 5569 1826 5623 ἄλλο
1871 5568 1928 5620 δέ

345 5668 454 5720 ἐστι
489 5668 550 5722 τὸ
579 5662 853 5739 κρατοῦν,
887 5659 982 5712 καὶ
1001 5659 1125 5713 ἄλλο
1155 5661 1215 5712 τὸ
1240 5660 1604 5730 κρατούμενον
1631 5677 1642 5689 ·
1674 5659 1800 5712 ἄλλο
1821 5659 1928 5729 ἄρα

2024 4473 2352 4529 chritudinis
2377 4485 2677 4529 concentus
2707 4483 2789 4530 est
2813 4474 3016 4535 anima,
3051 4488 3276 4526 necesse
3311 4471 3474 4525 fuerit
3510 4473 3598 4525 ho-

2025 4565 2225 4618 minem
2259 4564 2525 4619 viventem
2557 4579 2735 4633 neque
2760 4571 3046 4632 aegrotare,
3090 4578 3267 4631 neque
3295 4563 3595 4626 inlirmum,

2024 4669 2204 4724 neque
2233 4654 2533 4709 deformem
2567 4669 2690 4709 esse
2724 4671 2738 4706 :
2788 4669 2976 4708 verum
3007 4669 3149 4722 saepe
3183 4654 3450 4724 contingit
3485 4671 3592 4709 non

2026 4761 2190 4799 unam
2219 4747 2390 4800 solam
2421 4747 2892 4815 temperationem,
2944 4745 3041 4799 sed
3094 4758 3204 4799 tres
3255 4745 3390 4799 istas
3444 4748 3598 4814 prius

2025 4839 2200 4893 dictas
2230 4838 2528 4894 desiderari
2572 4845 2626 4892 et
2672 4840 2869 4908 perire,
2906 4846 2960 4893 et
2993 4849 3170 4892 tamen
3207 4839 3478 4892 hominem
3516 4839 3596 4891 vi-

2027 4944 2172 4984 vere.
2219 4927 2487 4985 Usuvenit
2517 4929 2661 4984 enim
2695 4931 2874 4999 ipsum
2910 4930 3074 4986 simul
3113 4937 3168 4984 et
3197 4930 3520 4991 deformem,
3547 4940 3596 4983 et

2027 5021 2299 5075 infirmum
2321 5062 2335 5086 ,
2383 5029 2438 5076 et
2485 5031 2744 5089 acgrotum
2772 5037 2912 5077 esse.
2949 5021 3066 5075 Non
3099 5032 3181 5076 est
3220 5023 3386 5092 igitur
3419 5023 3598 5074 anima

2027 5115 2274 5182 corporis
2317 5113 2517 5169 bonum
2567 5122 3076 5185 temperamentum.
3126 5117 3413 5182 Quomodo
3468 5128 3597 5179 ergo

2028 5203 2301 5256 naturalia
2330 5203 2578 5273 quaedam
2607 5205 2739 5258 vitia
2790 5212 2844 5260 et
2877 5207 3105 5260 virtutes
3133 5205 3464 5258 comitantur
3497 5201 3596 5252 ho-

2029 5298 2237 5352 mines?
2283 5297 2398 5353 lloc
2443 5312 2574 5352 vero
2615 5312 2680 5351 ex
2714 5297 2963 5366 corporis
3005 5311 3132 5351 vere
3168 5300 3597 5362 temperamento

2027 5391 2224 5445 oritur.
2283 5389 2418 5444 Nam
2479 5389 2939 5460 quemadmodum
2995 5385 3318 5441 naturaliter
3377 5384 3492 5436 sani
3543 5392 3600 5438 et

2030 5482 2270 5538 morbosi
2320 5489 2447 5537 sunt
2507 5497 2572 5536 ex
2630 5488 3096 5551 temperamento,
3149 5475 3229 5528 sic
3278 5475 3601 5528 naturaliter

2031 5572 2249 5640 quidam
2277 5575 2388 5626 acri
2420 5572 2526 5626 bile
2558 5571 2745 5641 perciti
2776 5565 3020 5621 iracundi
3056 5569 3220 5631 sunt;
3252 5564 3341 5618 alii
3374 5567 3602 5617 meticu-

2033 5663 2159 5727 losi,
2199 5663 2290 5716 alii
2326 5662 2663 5732 praccipites;
2699 5671 2887 5712 verum
2937 5653 3157 5726 quidam
3207 5657 3488 5711 continent
3511 5663 3595 5720 se,
