4046 6156
458 245 556 302 199

1677 257 1730 310 S.
1774 252 2096 313 GliECORll
2137 259 2422 317 NYSSENI
2472 320 2480 326 _

3567 227 3682 317 900

448 365 502 411 et
545 354 770 412 vincunt
813 375 825 412 :
882 357 1137 414 nimirum
1200 362 1326 431 quia
1378 370 1861 434 temperamentum
1915 384 2003 422 su-

2114 375 2326 442 κρᾶσις,
2357 374 2449 426 καὶ
2477 373 2602 426 ἄλλο
2621 373 2763 444 ψυχή
2789 386 2801 403 ⁵
2840 372 3070 443 ὄργανον
3094 373 3201 445 γὰρ
3223 371 3281 426 ὃν
3307 373 3366 427 τὺ
3398 373 3553 445 σῶμα
3580 377 3676 446 τῆς

452 457 666 516 perant.
711 449 873 518 Atqui
921 450 1065 504 aliud
1101 460 1185 506 est
1213 456 1356 522 quod
1389 459 1631 510 continet
1675 466 1728 511 ct
1775 461 1930 530 regit,
1959 470 2013 514 et

451 537 599 592 aliud
629 539 772 606 quod
803 542 1117 596 continetur
1146 553 1200 598 et
1232 546 1453 615 regitur.
1486 548 1644 601 Aliud
1680 550 1843 618 igitur
1880 559 2006 603 tem-

451 635 843 693 peramentum.
879 637 932 683 et
963 632 1108 685 aliud
1141 635 1320 688 anima
1351 645 1466 699 est;
1517 653 1640 690 nam
1680 639 2004 693 instrumen-

445 723 558 768 tum
586 731 708 771 cum
728 720 797 776 sit
825 722 988 774 animi
1011 738 1226 792 corpus,
1255 727 1300 779 si
1319 725 1534 795 quidem
1547 721 1669 795 apte
1690 727 2006 781 fabricatum

445 818 931 880 comparatumque
956 815 1047 878 sit,
1085 827 1340 883 Operatur
1363 819 1564 881 anima,
1606 828 1658 873 et
1687 820 1861 889 ipsum
1890 831 2013 889 apte

444 902 833 970 commodeque
865 911 1038 970 tenet;
1075 908 1157 959 sin
1185 909 1363 962 minus
1392 920 1576 977 aptum
1607 911 1672 963 ad
1708 913 2011 967 functiones

446 989 631 1054 fuerit,
669 1001 800 1048 tunc
836 997 998 1053 rebus
1025 1014 1156 1052 sane
1184 1015 1320 1068 opus
1353 1002 1546 1055 animae
1582 1003 1761 1057 fuerit;
1801 1003 2008 1057 Etenim

443 1081 730 1137 decertans
775 1101 896 1139 cum
949 1088 1307 1157 ineptitudine
1355 1082 1738 1157 instrumenti,
1796 1096 2008 1148 tametsi

445 1189 551 1226 non
599 1175 754 1228 valde
799 1179 1136 1246 CVlgllﬂVt'l'il
1163 1223 1174 1238 ,
1239 1191 1295 1234 ut
1332 1195 1686 1239 conversetur
1720 1202 1840 1239 cum
1871 1188 2010 1256 ipso,

446 1268 610 1320 veluti
655 1267 914 1330 musicus,
952 1268 1170 1325 aberrat
1221 1290 1323 1327 una
1371 1292 1493 1329 cum
1549 1279 1809 1346 pravitate
1858 1279 2006 1349 lyrae,

446 1358 551 1409 nisi
589 1359 738 1426 prius
787 1360 958 1428 ipsum
1006 1365 1431 1420 conrinnaverit.
1494 1367 1836 1437 Quapropter
1869 1385 2008 1438 opus

446 1453 531 1499 est
558 1448 747 1501 anim-.c
769 1463 900 1502 cura
927 1455 1192 1521 corporis,
1231 1464 1288 1507 ut
1320 1465 1597 1525 comparet
1624 1473 1779 1510 suum
1813 1458 2012 1512 instru-

447 1545 686 1590 mentum
722 1539 824 1592 sibi
873 1552 1077 1610 aptum,
1100 1526 1201 1615 ope
1232 1545 1458 1599 rationis
1497 1555 1551 1600 et
1586 1563 1819 1612 morum,
1867 1558 1925 1603 ut
1955 1550 2006 1602 in

444 1639 708 1684 concentu
736 1632 1072 1695 barmonico,
1102 1637 1228 1688 dum
1258 1637 1448 1704 partim
1480 1637 1644 1704 laxat,
1679 1641 1869 1708 partim
1915 1641 2000 1693 in-

443 1721 636 1785 tendit,
689 1731 745 1774 ut
798 1726 1120 1778 concinnam
1173 1727 1400 1796 gratiam
1463 1729 1633 1797 ipsam
1682 1731 2002 1800 sibimetipsi
2037 1713 2078 1771 Π

441 1821 736 1878 comparet,
771 1821 823 1866 et
867 1815 1084 1882 proprio
1118 1815 1484 1870 instrumento
1533 1829 1768 1889 apteque
1800 1828 2002 1885 utatur,

442 1908 606 1967 utque
632 1899 745 1967 ipsa
773 1915 877 1954 non
902 1901 1225 1971 depravetur
1247 1919 1369 1958 cum
1407 1909 1557 1976 ipso;
1605 1911 1879 1965 enimvero
1904 1911 2006 1964 hoc

438 1991 600 2041 etiam
636 1992 905 2045 usuvenit.
931 1991 1194 2048 Caeterum
1217 1995 1536 2052 Arismteles
1560 2001 1793 2053 animam
1822 2011 2000 2054 actum

441 2077 739 2145 perfectum
773 2096 894 2136 esse
943 2083 1166 2149 dicens,
1216 2085 1573 2141 nihilominus
1607 2091 1903 2157 propendet
1938 2090 2003 2143 ad

439 2183 534 2222 eos
562 2170 655 2238 qui
689 2170 860 2239 ipsam
895 2174 1207 2242 qualitatem
1259 2176 1470 2229 dicunt.
1525 2176 1628 2231 Sed
1659 2180 1810 2247 prius
1845 2197 2002 2248 quem

440 2261 597 2314 vocet
631 2271 811 2316 actum
847 2265 1168 2332 perfectum,
1211 2268 1574 2324 declaramus.
1633 2269 2002 2327 Substantiam

439 2351 620 2407 tribus
649 2354 822 2408 modis
845 2355 976 2409 dicit
1006 2372 1018 2408 :
1057 2358 1196 2411 hanc
1223 2359 1445 2428 quidem
1475 2370 1532 2414 ut
1566 2363 1846 2415 materiam
1880 2365 2004 2419 sub-

438 2441 657 2509 jectam,
703 2444 847 2512 quod
892 2461 989 2514 per
1036 2463 1094 2501 se
1135 2450 1351 2517 quidem
1397 2451 1533 2504 nihil
1567 2459 1671 2514 est,
1711 2455 2001 2522 potentiam

439 2541 617 2587 tamen
667 2535 829 2590 habet
875 2537 940 2590 ad
981 2547 1181 2593 ortum.
1231 2542 1393 2596 Aliud
1429 2552 1608 2599 autem
1639 2554 1723 2600 est
1753 2546 1924 2601 forma
1950 2554 2004 2600 et

439 2625 681 2692 species,
745 2629 1043 2683 secundum
1101 2646 1262 2698 quam
1329 2635 1667 2701 speciticatut
1735 2639 2000 2703 materia;

440 2718 600 2770 tertio
653 2718 770 2773 loco
821 2728 1114 2790 utrumque
1162 2723 1326 2776 simul
1374 2726 1517 2792 quod
1566 2742 1627 2779 ex
1686 2728 1908 2780 materia
1951 2737 2004 2782 et

439 2805 612 2860 forma
660 2809 1057 2876 constitutum,
1118 2813 1260 2880 quod
1312 2823 1396 2867 est
1444 2815 1630 2884 utique
1679 2819 2011 2890 animatum.

439 2897 798 2964 Quamobrem
853 2903 1076 2956 materia
1130 2903 1348 2972 quidem
1397 2908 1636 2973 potentia
1685 2918 1786 2971 est,
1830 2909 2002 2962 forma

441 3005 568 3044 vero
610 2999 784 3046 actus.
845 2991 958 3046 Hoc
1005 3009 1165 3062 porro
1221 2994 1471 3048 bifariam
1523 2998 1880 3064 intelligitur,
1944 3011 2000 3053 ut

417 3085 692 3162 scientia,
726 3096 780 3142 et
811 3088 1094 3141 scientiam
1133 3088 1482 3143 considerare
1517 3092 1822 3156 :videlicet,
1871 3095 1999 3147 illud

439 3179 656 3248 quidem
691 3187 749 3233 ut
774 3180 1082 3250 dispositio,
1119 3181 1218 3236 boc
1248 3192 1426 3235 autem
1458 3191 1516 3236 ut
1539 3191 1728 3249 actus;
1777 3186 1999 3240 scientia

437 3279 607 3332 certe,
634 3279 693 3326 ut
721 3271 848 3326 dum
880 3275 1061 3326 anima
1093 3288 1225 3327 sana
1254 3283 1356 3336 est,
1389 3283 1443 3327 et
1475 3275 1602 3328 dum
1637 3277 1807 3342 sopita
1833 3276 1998 3344 jacet,

436 3372 490 3414 et
533 3363 661 3416 dum
712 3364 947 3431 evigilat,
1001 3365 1233 3432 primum
1283 3365 1501 3433 quidem
1552 3367 1734 3435 vigilia
1779 3383 1874 3421 seu
1905 3373 2002 3421 ex-

439 3453 708 3521 perrectio
753 3461 837 3506 est
878 3454 931 3505 in
974 3454 1431 3521 contemplanda,
1471 3469 1634 3524 sopor
1681 3471 1808 3509 vero
1840 3457 1893 3508 in
1926 3458 2004 3509 vi-

437 3541 634 3599 dendo.
671 3551 725 3594 et
755 3542 977 3595 minime
1020 3543 1316 3610 operando.
1354 3544 1432 3598 Ac
1479 3546 1627 3613 prior
1670 3546 1888 3615 quidem
1919 3558 2004 3602 est

438 3634 670 3690 scientia
701 3637 1050 3703 operatione;
1102 3643 1157 3690 et
1207 3647 1490 3707 pmpterea
1537 3639 1766 3708 primum
1818 3649 1998 3693 actum

437 3725 674 3794 appellat
728 3723 955 3777 formam
993 3732 1030 3791 -,'
1063 3727 1360 3780 secundum
1422 3744 1547 3781 vero
1599 3727 1998 3793 dill'erentiam;

439 3815 603 3868 veluti
632 3814 824 3869 oculus
855 3825 938 3869 est
979 3817 1205 3884 subjecti
1236 3827 1284 3872 et
1317 3819 1544 3886 formae;
1596 3835 1660 3872 ac
1697 3821 1999 3889 subjectum

439 3905 655 3973 quidem
685 3915 769 3960 est
798 3910 848 3960 in
885 3909 1020 3976 ipso,
1049 3909 1192 3977 quod
1221 3920 1399 3962 autem
1429 3911 1620 3979 recipit
1653 3911 1850 3975 visum,
1888 3928 2002 3966 ma-

437 3996 576 4048 teria
607 4003 691 4050 est
719 3997 895 4063 oculi;
931 3999 1234 4068 appellatur
1258 3999 1420 4052 etiam
1457 3986 1541 4053 hic
1572 4001 1851 4068 :cquivoce
1877 4015 2004 4055 ocu—

439 4087 542 4141 lus.
597 4086 793 4142 Forma
841 4104 966 4143 vero
999 4098 1053 4143 et
1105 4098 1259 4144 actus
1310 4091 1516 4158 primus
1551 4092 1832 4144 oculorum
1886 4092 2000 4159 ipse

435 4180 588 4234 visus
617 4166 722 4243 est,
754 4188 809 4234 et
855 4184 946 4249 qui
987 4189 1207 4249 praestat
1256 4191 1313 4234 ut
1363 4181 1544 4236 videre
1589 4182 1758 4250 possit
1787 4183 1996 4236 oculus.

437 4271 720 4341 Secundus
777 4281 956 4326 autem
1005 4283 1158 4326 actus
1213 4273 1354 4326 oculi
1389 4283 1470 4328 est
1523 4275 1802 4342 operatio,
1846 4274 1998 4343 juxta

2114 465 2325 535 ψυχῆς,
2363 466 2454 518 ἐὰν
2497 465 2594 534 μὲν
2641 465 2960 535 ἐπιτηδείως
3001 464 3433 536 κατασκευασθῇ,
3469 470 3683 537 ἐνεργεί

2115 559 2178 625 τῇ
2211 557 2377 626 ψυχῇ,
2412 557 2504 608 καὶ
2533 556 2662 609 αὐτὸ
2694 556 2804 626 ἔχει
2837 557 3174 626 ἐπιτηδείωςθ
3227 555 3322 609 ἐὰν
3367 555 3423 608 δέ
3455 557 3527 628 μὴ
3559 560 3679 610 ἐπι-

2111 649 2317 715 τήδειον
2358 649 2647 718 ἐνήργηκε,
2678 647 2798 699 τότε
2831 648 2987 718 χρεία
3028 649 3092 717 τῇ
3131 647 3275 718 ψυχῇ
3319 649 3675 718 πραγμάτων.

2121 737 2537 806 Ἀπομαχομένη
2583 737 2689 808 γάρ
2739 737 2874 809 πρὸς
2923 737 3021 806 τὴν
3060 736 3536 808 ἁνεπιτηδειότητα
3581 738 3678 792 τοῦ

2111 827 2360 894 ὀργάνου,
2391 826 2492 880 κᾶν
2523 827 2595 897 μὴ
2637 827 2838 898 σφόδρα
2870 829 3032 898 νήψῃ,
3079 829 3172 881 καὶ
3201 828 3678 900 συνδιαστρέφεται

2112 917 2276 986 αὐτῷ,
2309 919 2554 988 καθάπερ
2585 919 2855 988 μουσικὸς,
2885 921 3346 991 συνεξαμαρτάνει
3372 926 3436 992 τῇ
3465 923 3562 992 τῆς
3585 923 3681 976 λύ-

2115 1027 2211 1078 ρας
2243 1011 2534 1081 διαστροῳῇ
2563 1051 2576 1073 ,
2611 1012 2704 1064 ἐὰν
2741 1012 2813 1082 μὴ
2863 1013 3123 1084 πρότερον
3156 1015 3323 1084 αὐτὴν
3360 1017 3679 1088 καταστήσῃ

2110 1097 2308 1160 καλῶς.
2338 1099 2428 1149 Διὸ
2471 1101 2562 1151 καὶ
2614 1101 2772 1169 χρεία
2814 1103 2877 1171 τῇ
2911 1101 3054 1171 ψυχῇ
3101 1103 3200 1171 τῆς
3233 1099 3542 1171 ἐπιμελείας
3581 1106 3677 1156 τοῦ

2113 1187 2379 1256 σώματος,
2418 1188 2502 1240 ἵνα
2554 1191 2868 1261 καταστήσῃ
2921 1192 3050 1244 αὐτὸ
3101 1192 3328 1264 ὄργανον
3375 1195 3678 1262 ἐπιτήδειον

2109 1281 2273 1350 ἑαυτῇ
2295 1297 2307 1308 ι
2337 1277 2428 1332 καὶ
2467 1279 2623 1332 τοῦτο
2649 1280 2703 1332 δέ
2736 1285 2878 1333 ποιεῖ
2919 1282 3004 1334 διά
3031 1299 3088 1334 τε
3132 1283 3224 1335 τοῦ
3263 1284 3418 1348 λόγου
3451 1287 3541 1337 καὶ
3568 1287 3678 1340 τῶν

2110 1371 2275 1440 ἠθῶν,
2308 1372 2381 1435 ὡς
2407 1375 2463 1424 ἐν
2492 1373 2747 1443 ἁρμονίᾳ,
2777 1372 2845 1424 τὰ
2881 1373 2977 1443 μὲν
3009 1375 3245 1444 χαλῶσα,
3279 1377 3345 1428 τὰ
3381 1377 3434 1429 δὲ
3479 1379 3680 1430 ἐπιτεί-

2109 1477 2288 1524 νουσα,
2337 1462 2429 1514 ἵνα
2463 1462 2716 1532 ἁρμόδιον
2749 1462 2887 1515 αὐτὸ
2935 1465 3098 1534 ἐαυτῇ
3132 1467 3535 1537 κατασκευάσῃ,
3583 1468 3678 1520 καὶ

2110 1553 2375 1622 χρήσηται
2422 1551 2709 1621 ἐπιτηδείῳ
2747 1551 2960 1622 ὀργάνῳ
2983 1567 2996 1580 ·
3034 1553 3134 1606 κᾶν
3180 1553 3252 1624 μὴ
3293 1555 3429 1624 αὐτὴ
3465 1556 3677 1608 συνδια-

2112 1649 2323 1715 στραφῇ
2357 1645 2503 1714 αὐτῷ
2524 1661 2536 1672 ·
2575 1645 2857 1714 συμϐαίνει
2885 1643 2993 1714 γάρ
3025 1645 3115 1696 καὶ
3150 1644 3326 1698 τοῦτο.
3376 1647 3680 1715 Ἀριστοτέ-

2107 1734 2200 1804 λης
2242 1735 2426 1801 δὲτὴν
2474 1734 2648 1803 ψυχὴν
2693 1733 3026 1802 ἐντελέχειαν
3077 1733 3266 1802 λέγων,
3313 1736 3465 1788 οὐδὲν
3515 1731 3677 1806 ἦττον

2109 1825 2440 1894 συμφέρεται
2473 1828 2582 1883 τοῖς
2614 1824 2872 1892 ποιότητα
2907 1823 3153 1890 λέγουσιν
3184 1825 3350 1894 αὑτήν
3371 1841 3385 1856 ·
3418 1825 3679 1892 διασαφή-

2109 1931 2288 1984 σωμεν
2313 1916 2370 1968 δὲ
2406 1917 2664 1987 πρότερον
2709 1914 2806 1984 τὴν
2837 1913 3171 1983 ἐντελέχειαν
3199 1915 3317 1968 τίνα
3355 1916 3527 1969 καλεῖ.
3563 1917 3676 1986 Τὴν

2106 1998 2288 2058 οὐσίαν
2332 2005 2530 2076 τριχῶς
2560 2005 2737 2072 λέγει’
2769 2003 2865 2074 τὴν
2907 2005 3003 2074 μέν
3031 1999 3263 2075 ὡς’ὖλην
3301 2005 3674 2075 ὑποκείμενον,

2105 2096 2132 2146 ὂ
2171 2094 2291 2148 καθ’
2319 2096 2481 2149 ἑαυτὸ
2531 2096 2628 2166 μὲν
2664 2097 2829 2166 μηδέν
2870 2097 3013 2159 ἐστι,
3045 2095 3271 2167 δύναμιν
3315 2097 3371 2149 δέ
3400 2096 3511 2166 ἔχει
3541 2097 3678 2170 πρὸς

2104 2187 2317 2253 γένεσιν
2335 2207 2347 2217 -
2376 2187 2558 2256 ἕτερον
2581 2187 2635 2239 δέ
2667 2187 2845 2256 μορφὴ
2873 2187 2964 2239 καὶ
2983 2180 3141 2250 εἶδος,
3165 2186 3282 2240 καθ’
3308 2187 3374 2258 ἣν
3400 2189 3679 2242 εἰδοποιεῖ-

2106 2293 2190 2326 ται
2226 2277 2258 2344 ἡ
2298 2274 2432 2345 ὕλη·
2475 2277 2655 2345 τρίτον
2689 2275 2744 2328 δέ
2795 2274 2856 2327 τὸ
2911 2276 3333 2347 συναμφότερον,
3381 2277 3440 2329 τὸ
3483 2278 3547 2330 ἐκ
3578 2277 3680 2346 τῆς

2108 2362 2236 2435 ὕλης
2265 2365 2470 2418 καὶτοῦ
2494 2364 2666 2428 είδους
2693 2368 3081 2437 γεγενημένον,
3105 2369 3133 2420 ὃ
3159 2369 3273 2420 ἐστι
3303 2367 3484 2421 λοιπὸν
3511 2368 3680 2437 ἔμψυ·

2106 2474 2217 2525 χον.
2261 2456 2415 2509 Ἔστι
2457 2456 2552 2525 μὲν
2592 2453 2684 2509 οὖν
2719 2459 2751 2527 ή
2803 2457 2900 2527 μὲν
2933 2457 3032 2529 ὕλη
3065 2458 3322 2528 δύναμις,
3357 2458 3418 2512 τὸ
3450 2459 3506 2511 δέ
3538 2457 3676 2522 εἶδος

2108 2547 2426 2617 ἐντελέχεια.
2459 2546 2627 2598 Τοῦτο
2653 2548 2709 2601 δὲ
2736 2548 2896 2618 διχῶς
2922 2552 3140 2612 νοεῖται,
3160 2550 3233 2613 ὡς
3262 2551 3558 2620 ἐπιστήμη,
3582 2551 3678 2602 καὶ

2105 2637 2164 2688 τὸ
2205 2637 2424 2707 θεωρεῖν
2453 2638 2552 2706 τὴν
2579 2639 2886 2708 ἐπιστήμην
2909 2654 2922 2667 ⁸
2955 2641 3224 2703 τουτέστι,
3251 2641 3310 2692 τὸ
3345 2640 3441 2709 μὲν
3466 2640 3540 2702 ὡς
3560 2641 3679 2693 διά*

2106 2726 2283 2790 θεσις,
2318 2727 2378 2779 τὸ
2420 2727 2474 2778 δέ
2503 2726 2576 2789 ὡς
2605 2729 2853 2796 ἐνέργεια
2881 2745 2893 2756 ·
2930 2728 3202 2798 ἐπιστήμη
3238 2728 3356 2796 μὲν,
3393 2731 3474 2781 ὅτι
3513 2729 3572 2781 ἐν
3598 2728 3680 2797 τῷ

2105 2816 2364 2883 ὑγιαίνειν
2385 2817 2482 2886 τὴν
2509 2816 2684 2886 ψυχὴν
2707 2817 2958 2887 ὑπάρχει²
2979 2820 3071 2871 καὶ
3096 2820 3377 2871 ὑπνοῦσαι⁶
3395 2820 3485 2871 καὶ
3512 2819 3680 2888 ἐγρηι-

2105 2907 2322 2976 γορέναι
2347 2924 2358 2936 ’
2394 2907 2608 2976 πρῶτον
2637 2907 2748 2977 δέή
2795 2909 2891 2976 μὲν
2927 2908 3252 2978 ἐγρήγορσίς
3287 2911 3401 2961 ἐστι
3435 2907 3512 2977 τῷ
3541 2907 3677 2960 θεω-

2111 3000 2252 3065 ρεῖν,
2293 2999 2319 3048 ὁ
2353 2997 2409 3048 δὲ
2453 2996 2616 3059 ὕπνος
2647 2996 2723 3066 τῷ
2758 2996 2974 3066 βλέπειν
3011 2999 3100 3050 καὶ
3139 2999 3211 3067 μὴ
3241 2999 3500 3068 ἐνεργεῖν.
3534 2999 3678 3067 Προι

2105 3087 2239 3156 τέρα
2279 3086 2334 3138 δέ
2392 3087 2537 3139 ἐστιν
2579 3088 2611 3155 ἡ
2657 3088 2931 3156 ἐπιστήμη
2979 3088 3077 3154 τῆς
3123 3088 3418 3157 ἐνεργείας.
3463 3086 3550 3138 Διὸ
3582 3088 3677 3138 καὶ

2106 3176 2326 3247 πρώτην
2353 3177 2683 3246 ἐντελέχειαν
2711 3177 2863 3230 καλεῖ
2886 3179 2944 3231 τὸ
2991 3177 3156 3243 εἶδος,
3183 3179 3432 3246 δεύτερον
3469 3179 3524 3231 δὲ
3555 3179 3676 3231 δια-

2106 3267 2275 3338 φορὰν
2304 3265 2400 3336 τὴν
2442 3268 2753 3339 ἐνέργειαν
2780 3265 2888 3320 οἷον
2923 3268 3198 3339 ὀφθαλμὸς
3228 3270 3286 3333 ἐξ
3316 3271 3673 3338 ὑποκειμένου

2105 3359 2221 3410 ἐστὶ
2242 3359 2334 3410 καὶ
2363 3359 2558 3421 εἴδους·
2586 3360 2677 3412 καὶ
2697 3359 2812 3412 ἐστι
2838 3361 2897 3412 τὸ
2926 3362 3022 3428 μὲν
3045 3361 3402 3428 ὑποκείμενον
3421 3361 3478 3412 ἐν
3503 3360 3671 3428 αὐτῷ,

2102 3451 2162 3501 τὸ
2190 3450 2244 3502 δὲ
2278 3449 2591 3520 δεδεγμένον
2625 3451 2720 3521 τὴν
2753 3451 2897 3520 ὄψιν,
2933 3451 3029 3522 ὕλη
3067 3452 3345 3522 ὀφθαλμοῦ
3369 3467 3385 3482 ·
3432 3451 3674 3503 καλεῖται

2104 3542 2196 3594 καὶ
2223 3539 2358 3611 αὕτη
2378 3539 2961 3611 ὀμωνύμωςόφθαλμός
2981 3558 2995 3573 ο
3025 3538 3159 3604 εἶδος
3189 3543 3245 3594 δέ
3263 3542 3356 3595 καὶ
3375 3542 3674 3611 ἐντελέχεια

2103 3630 2336 3701 ἡπρώτη
2354 3629 2647 3699 ὀφθαλμῶν
2662 3630 2796 3700 αὑτὴ
2808 3632 2841 3698 ἡ
2859 3629 2999 3699 ὄψις,
3020 3631 3053 3696 ἡ
3072 3630 3131 3682 τὸ
3148 3629 3368 3683 δυνατὸν
3380 3631 3511 3699 ὁρᾷν
3528 3627 3677 3696 αὐτῷ

2103 3721 2468 3791 παρεχομένη.
2515 3720 2748 3790 Δευτέρα
2775 3719 2831 3771 δὲ
2876 3720 3174 3789 ἐντελέχειά
3207 3723 3320 3772 ἐστι
3356 3719 3449 3772 τοῦ
3477 3718 3680 3787 ὀφθαλ-

2106 3811 2206 3881 μοῦ
2225 3815 2256 3881 ἠ
2277 3812 2542 3882 ἐνέργεια,
2567 3812 2686 3863 καθ’
2707 3813 2770 3879 ἣν
2787 3811 2906 3882 ὁρᾷ.
2936 3811 3145 3881 ’Ὠσπερ
3168 3807 3262 3870 οὖν
3283 3813 3310 3863 ὁ
3327 3812 3448 3882 ἄρτι
3463 3812 3676 3881 τεχθεὶς

2104 3901 2323 3966 σκύλαξ,
2355 3904 2471 3955 οὺδέ
2500 3902 2688 3970 ἑτέραν
2722 3901 2819 3970 μὲν
2843 3901 2952 3970 ἔχει
2979 3902 3345 3971 ἐντελέχειαν,
3365 3902 3592 3967 δύναμιν
3618 3901 3677 3952 δέ

2102 3991 2212 4061 ἔχει
2249 3992 2340 4045 τοῦ
2381 3993 2632 4056 δέξασθαι
2672 3992 2767 4062 τὴν
2811 3993 3140 4062 ἐντελέχειαν
3165 4010 3177 4021 '
3209 3993 3352 4046 οὕτω
3381 3993 3458 4046 δεῖ
3491 3993 3677 4046 λαϐεῖν

2103 4083 2283 4134 καὶτὸ
2325 4082 2422 4151 τῆς
2466 4082 2666 4152 ψυχῆς.
2711 4083 2796 4145 Ὠς
2831 4083 2937 4153 γὰρ
2979 4085 3093 4137 ἐκεῖ
3126 4084 3442 4155 γεννηθεῖσα
3483 4087 3516 4154 ἡ
3551 4084 3677 4152 5'3""

2100 4173 2292 4225 τελειοῖ
2339 4173 2428 4225 τὸν
2471 4174 2764 4245 ὀφθαλμὸν,
2805 4174 2978 4238 οὓτως
3017 4176 3250 4229 ἐνταῦθα
3281 4175 3604 4244 γεννηθεῖσα
3639 4178 3672 4246 ἡ

2101 4263 2245 4333 ψυχὴ
2282 4265 2338 4316 ἐν
2383 4264 2458 4334 τῷ
2506 4266 2715 4336 σώματι
2753 4268 2949 4320 τελειοῖ
2989 4268 3047 4320 τὸ
3087 4268 3242 4332 ζῶον,
3273 4268 3348 4330 ὡς
3378 4269 3515 4336 μήτε
3545 4268 3675 4320 ἄνευ

434 4379 597 4433 quam
646 4363 806 4418 videt.
844 4364 1310 4430 Quemadmodum
1358 4365 1533 4434 igitur
1592 4379 1782 4419 reCens
1837 4371 1996 4418 natus

2108 4354 2355 4424 σώματος
2389 4352 2524 4408 εἷναί
2556 4375 2684 4410 ποτε
2725 4358 2820 4428 τὴν
2847 4359 3044 4428 ψυχὴν,
3079 4360 3213 4430 μήτε
3244 4357 3400 4428 σῶμα
3427 4358 3551 4428 δίχα
3572 4359 3675 4426 ψυ-

434 4455 649 4510 catulus
697 4470 804 4508 non
855 4455 1156 4510 secundum
1209 4455 1426 4524 quidem
1463 4465 1641 4508 actum
1693 4464 1860 4518 tenet,
1907 4453 2000 4508 sed

434 4546 670 4614 potentia
719 4546 977 4615 praeditus
1008 4556 1094 4600 est
1122 4555 1301 4601 actum
1335 4547 1675 4613 accipiendi.
1728 4548 1810 4600 sic
1857 4546 2003 4601 acci-

437 4650 562 4702 pere
594 4642 804 4703 oportet
849 4635 1015 4688 animi
1067 4634 1173 4688 vim
1205 4645 1257 4690 et
1301 4645 1574 4689 naturam.
1625 4635 1760 4689 Nam
1801 4643 1859 4690 ut
1892 4636 2001 4689 illic

434 4730 657 4778 exortus
702 4723 928 4776 intuitus
977 4725 1188 4792 perficit
1236 4726 1494 4788 oculum,
1548 4727 1622 4779 ita
1677 4727 1764 4780 hic
1813 4736 2000 4782 exorta

435 4828 618 4866 annua
667 4815 722 4866 in
754 4828 1004 4882 corpore,
1057 4815 1267 4883 perlicit
1317 4816 1540 4880 animal,
1574 4824 1630 4869 ut
1666 4833 1839 4887 neque
1884 4819 2002 4873 sine

437 4918 668 4972 Corpore
701 4918 824 4957 esse
859 4920 1095 4972 unquam
1142 4907 1322 4958 anima
1370 4909 1561 4974 possit,
1600 4923 1773 4978 neque
1802 4925 2001 4978 corpus

434 4994 643 5062 absque
674 4994 873 5047 anima.
906 4991 1105 5049 Verum
1141 4996 1284 5048 enim
1319 5011 1518 5066 corpus
1545 4998 1654 5050 vita
1691 4999 1997 5066 praeditum,

431 5104 569 5156 opus
603 5085 799 5140 anima:
829 5087 1065 5140 animam
1093 5096 1268 5151 vocat,
1305 5090 1596 5158 sejungens
1627 5090 1695 5144 ab
1717 5090 1830 5158 ipsa
1853 5088 1998 5156 quod

431 5179 699 5232 rationale
736 5183 837 5231 est.
893 5175 998 5230 Sed
1040 5179 1376 5245 oportuisset
1425 5193 1638 5232 omnem
1678 5177 1839 5230 simul
1876 5179 1994 5230 ani-

433 5283 574 5320 mam
622 5267 912 5320 humanam
949 5267 1214 5334 accipere.
1262 5276 1315 5322 et
1349 5285 1455 5322 non
1483 5283 1568 5343 ex
1616 5277 1788 5336 parte,
1825 5283 1998 5335 eaque

429 5357 832 5419 inﬁrmissima,
883 5356 949 5412 de
994 5364 1107 5410 toto
1167 5360 1489 5413 sententiam
1541 5357 1741 5411 dicere.
1803 5354 1997 5411 Postea

431 5462 629 5516 corpus
681 5449 756 5502 ait
812 5458 1077 5517 potestate
1121 5449 1286 5503 vitam
1343 5450 1545 5503 habere
1592 5461 1647 5502 et
1707 5455 1996 5517 antequam

431 5536 613 5589 anima
645 5541 963 5596 exstitisset.
1008 5541 1150 5597 Dicit
1190 5543 1333 5597 enim
1381 5556 1582 5610 corpus
1614 5547 1878 5610 potestate
1914 5540 1994 5594 vi-

433 5637 542 5682 tam
576 5626 774 5682 habere
803 5631 853 5684 in
882 5635 1097 5702 seipso;
1137 5644 1348 5705 Oportet
1387 5644 1565 5689 autem
1597 5648 1798 5702 corpus
1827 5632 1994 5687 vitam

2105 4447 2225 4514 χῆς.
2270 4447 2426 4500 Ἀλλὰ
2468 4449 2526 4501 τὸ
2559 4449 2656 4518 μὲν
2695 4448 2924 4511 ζωτικὸν
2961 4451 3118 4520 σῶμα
3149 4450 3304 4520 ἔργον
3343 4451 3440 4520 τῆς
3472 4450 3672 4519 ψυχῆς,

2103 4537 2280 4606 ψυχὴν
2328 4537 2502 4601 καλεῖ,
2551 4521 2798 4607 χώρίζων
2834 4540 3003 4609 αὐτῆς
3051 4539 3109 4591 τὸ
3148 4539 3384 4605 λογικόν.
3420 4539 3568 4591 Ἔδει
3616 4539 3675 4591 δὲ

2106 4628 2283 4679 πᾶσαν
2311 4627 2444 4696 ὁμοῦ
2477 4627 2658 4681 λαϐεῖν
2686 4630 2783 4697 τὴν
2814 4628 3098 4699 ἀνθρώπου
3125 4628 3319 4699 ψυχὴν,
3345 4631 3438 4682 καὶ
3463 4629 3536 4700 μὴ
3564 4630 3675 4682 ἀπὸ

2107 4718 2325 4788 μέρους,
2361 4720 2453 4770 καὶ
2484 4719 2654 4772 ταῦτα
2684 4719 2776 4772 τοῦ
2807 4720 3218 4782 ἀσθενεστάτου,
3253 4722 3381 4791 περὶ
3413 4721 3504 4774 τοῦ
3538 4739 3678 4773 παν-

2101 4808 2192 4871 τὸς
2215 4809 2625 4877 ἀποφαίνεσθαι.
2661 4812 2888 4864 Ἔπειτα
2912 4812 2970 4863 τὸ
3007 4811 3167 4882 σῶμά
3204 4829 3336 4882 φησι
3362 4812 3590 4882 δυνάμει
3617 4813 3680 4866 τὸ

2104 4898 2202 4968 ζῇν
2236 4897 2398 4968 ἔχειν,
2435 4900 2528 4950 καὶ
2577 4900 2683 4970 πρὸ
2715 4901 2807 4953 τοῦ
2847 4901 3097 4969 γενέσθαι
3129 4902 3227 4970 τὴν
3277 4903 3472 4971 ψυχήν.
3512 4904 3679 4971 Λέγει

2103 4991 2208 5060 γὰρ
2234 4989 2294 5041 τὺ
2325 4989 2483 5058 σῶμα
2510 4991 2734 5061 δυνάμει
2765 4991 2908 5061 ζωὴν
2937 4991 3080 5061 ἔχειν
3109 4996 3166 5046 ἐν
3189 4993 3384 5063 ἐαυτῷ.
3416 4995 3584 5046 Δεῖδέ
3616 4995 3680 5046 τὸ

2104 5081 2261 5150 σῶμα
2289 5080 2347 5132 τὺ
2367 5081 2591 5155 δυνάμει
2615 5081 2757 5153 ζωὴν
2786 5082 2905 5152 ἕχον
2943 5083 3202 5153 πρότερον
3237 5085 3490 5154 ἐνεργείᾳ
3520 5088 3678 5155 σῶμα

2102 5166 2272 5222 εἶναι’
2304 5172 2362 5223 οὐ
2409 5171 2627 5224 δύναται
2658 5172 2712 5224 δέ
2762 5173 3008 5242 ἐνεργείᾳ
3052 5175 3208 5243 σῶμα
3259 5168 3396 5226 εἶναι
3444 5176 3546 5244 πρὸ
3581 5176 3676 5226 τοῦ

2101 5261 2354 5326 δέξασθαι
2386 5264 2444 5315 τὸ
2472 5259 2631 5326 εἶδος.
2667 5265 2803 5334 ’Ύλη
2835 5266 2940 5334 γάρ
2975 5267 3118 5316 ἐστιν
3152 5264 3378 5340 ἄποιοςη
3399 5269 3492 5318 καὶ
3531 5268 3592 5318 οὐ
3617 5267 3679 5319 τὸ

2103 5355 2280 5424 σῶμα.
2336 5355 2616 5408 Ἀδύνατον
2662 5355 2769 5428 ἄρα
2818 5356 2877 5408 τὸ
2927 5357 3000 5426 μὴ
3048 5356 3106 5408 ὃν
3149 5357 3399 5426 ἐνεργείᾳ.
3448 5358 3677 5428 δύναμιν

2101 5447 2244 5515 ἔχειν
2276 5447 2410 5518 πρὸς
2438 5448 2495 5500 τὸ
2525 5448 2583 5512 ἐξ
2616 5447 2780 5500 αὑτοῦ
2819 5465 2871 5499 τι
2901 5447 3162 5515 γίνεσθαι.
3197 5448 3261 5499 Εἰ
3303 5447 3358 5499 δὲ
3385 5448 3477 5500 καὶ
3515 5449 3678 5516 σῶμα.

2102 5541 2195 5592 καὶ
2237 5539 2460 5610 δυνάμει
2490 5539 2636 5593 ἐστί’
2677 5537 2791 5602 πῶς
2824 5539 2882 5592 τὸ
2909 5539 3132 5609 δυνάμει
3177 5539 3354 5607 σῶμα,
3391 5539 3677 5608 δυνάμεως

2099 5630 2243 5701 ζωὴν
2270 5631 2410 5700 ἔχειν
2438 5632 2492 5682 ἐν
2518 5630 2693 5702 ἐαυτῷ
2721 5630 2966 5697 adurat;
3003 5631 3210 5694 Ἄλλως
3233 5647 3292 5684 τε
3317 5631 3412 5684 ἐπὶ
3439 5631 3537 5701 μὲν
3565 5629 3677 5683 τῶν
