4046 6156
370 269 473 324 201

1816 253 1900 308 DE
1943 249 2169 306 ANIMA.

3520 243 3629 296 209.

368 385 551 440 ἄλλων
576 381 798 436 δυνατὸν
833 380 1022 450 ἔχοντὰ
1053 396 1103 431 τι
1134 377 1207 448 μὴ
1235 377 1466 448 χρῆσθαι
1497 374 1666 444 αὐτῷ,
1703 368 1812 425 οἷον
1832 372 1953 439 ὄψιν

2061 368 2263 422 habens
2310 371 2580 435 potestate
2639 365 2789 433 prius
2851 364 3165 434 operatione
3217 375 3416 431 corpus
3462 375 3625 424 esse;

367 477 552 546 ἔχοντι
590 475 663 544 μὴ
697 472 930 542 χρῆσθαι
982 471 1140 538 αὐτῇ,
1177 469 1270 521 ἐπὶ
1314 468 1371 518 δὲ
1413 468 1511 536 τῆς
1547 465 1722 534 ψυχῆς
1763 462 1954 516 ἀδύνα-

367 583 482 622 τον.
518 567 592 619 Οὐ
617 565 723 635 γὰρ
756 566 785 617 ό
821 562 1096 616 καθεύδων
1123 563 1250 614 ἄνευ
1279 558 1458 627 ψυχῆς
1490 557 1770 626 ἐνεργείας
1817 553 1952 606 ἐστί.

370 660 484 712 Καὶ
504 658 611 727 γὰρ
637 655 895 727 τρέφεται
925 657 1012 706 καὶ
1041 652 1287 716 αῡξεται.
1313 652 1406 703 καὶ
1430 646 1839 716 φαντασιοῦται,
1864 646 1956 697 καὶ⁸

370 750 638 801 ἀναπνεῖ·
673 749 811 816 ὅπερ
863 745 1098 816 μάλιστα
1143 744 1242 813 τῆς
1291 741 1433 812 ζωῆς
1482 744 1596 794 ἐστι
1634 738 1952 808 τεκμήριον.

382 840 482 891 Ἐκ
511 837 717 889 τούτων
761 831 854 892 οὖν
879 832 1134 903 φανερὸν,
1166 832 1248 884 ὅτι
1289 829 1510 898 δυνάμει
1537 827 1599 879 τὸ
1627 826 1726 895 ζῇν
1771 825 1831 876 οὐ
1862 822 1955 874 δύ-

368 946 535 982 ναται
585 925 867 997 προσεῖναι
899 941 1026 984 τινι,
1059 922 1196 976 ἀλλά
1242 920 1457 980 πάντως
1501 915 1752 988 ἐνεργείᾳ
1776 931 1788 942 ⁸
1823 929 1957 982 προ-

367 1017 695 1088 ηγουμένως
736 1015 845 1085 γὰρ
872 1013 934 1066 τὸ
967 1011 1265 1065 εἰδοποιοῢν
1293 1010 1390 1081 τὴν
1429 1009 1625 1078 ψυχὴν,
1654 1006 1804 1059 οὐδὲν
1831 1003 1958 1058 ἄλλο

372 1104 548 1165 ἐστὶν,
577 1102 746 1171 ἀλλ’ἢ
777 1099 889 1171 ζωή
917 1118 928 1130 ·
960 1103 1024 1170 τῇ
1064 1100 1162 1170 μὲν
1195 1100 1303 1169 γὰρ
1334 1099 1478 1167 ψυχῇ
1504 1095 1779 1165 σύμφυτός
1810 1095 1957 1146 ἐστιν

369 1192 405 1259 ὴ
436 1189 550 1259 ζωή
574 1206 586 1217 ·
622 1189 700 1258 τῷ
731 1189 789 1241 δέ
823 1187 1032 1258 σώματι
1072 1187 1211 1240 κατά
1249 1187 1482 1257 μέθεξιν.
1527 1186 1586 1238 '0
1631 1185 1802 1251 λέγων
1850 1183 1958 1235 τοί-

370 1299 472 1334 νυν
509 1281 609 1350 τὴν
637 1280 847 1345 ὑγίειαν
890 1280 1150 1347 ἀνάλογον
1180 1276 1319 1332 εἶναι
1350 1281 1415 1349 τῇ
1460 1277 1594 1347 ζωῇ,
1633 1277 1694 1328 οὐ
1723 1274 1822 1346 τὴν
1860 1275 1957 1345 τῆς

370 1372 554 1441 ψυχῆς
588 1371 732 1441 ζωὴν
765 1370 932 1439 λέγει,
964 1370 1100 1423 ἀλλὰ
1127 1371 1225 1441 τὴν
1255 1368 1348 1422 τοῦ
1378 1370 1628 1438 σώματος
1651 1384 1662 1396 ·
1697 1368 1788 1419 καὶ
1817 1365 1957 1418 οὕτω

373 1466 682 1532 σοφίζεται·
709 1467 742 1535 ἡ
796 1465 893 1534 μὲν
926 1465 1034 1534 γὰρ
1072 1462 1356 1533 σωματικὴ
1399 1463 1555 1515 οὐσία
1596 1460 1744 1530 παρά
1795 1459 1957 1529 μέρος

371 1557 486 1609 τῶν
517 1556 776 1609 ἐναντίων
807 1557 924 1608 ἐστὶ
973 1555 1192 1623 δεκτική
1215 1571 1228 1585 ο
1263 1556 1295 1623 ἡ
1337 1553 1391 1605 δὲ
1427 1552 1569 1605 κατά
1607 1551 1667 1603 τὸ
1701 1547 1836 1612 εἶδος
1868 1550 1958 1603 οὐ·

369 1647 564 1716 δαμῶς
584 1664 597 1677 °
623 1647 726 1699 κᾶν
748 1647 856 1716 γὰρ
885 1645 1024 1702 κατὰ
1052 1645 1113 1698 τὸ
1140 1641 1279 1707 εἶδος
1302 1647 1335 1714 ἡ
1365 1643 1595 1712 διαφορὰ
1624 1641 1953 1710 καταλλαγῇ,

2059 458 2205 528 atqui
2238 473 2343 512 non
2380 465 2557 527 potest
2600 465 2722 509 actu
2766 471 2967 525 corpus
3002 470 3146 518 esse,
3181 456 3496 524 priusquam
3534 469 3630 506 ae-

2058 552 2260 621 ceperit
2311 550 2578 612 formam,
2627 564 2750 602 nam
2801 550 3023 603 materia
3077 554 3161 602 est
3204 546 3486 616 qualitatis
3533 562 3626 600 ex-

2055 655 2205 710 pers,
2233 647 2287 695 et
2317 655 2424 693 non
2453 653 2676 707 corpus.
2728 636 2899 708 Igitur
2933 636 3086 692 nefas
3113 643 3196 692 est
3220 636 3363 706 quod
3399 651 3506 691 non
3542 647 3626 692 est

2055 733 2393 803 operatione,
2439 731 2754 785 facultatem
2807 730 3032 792 habere,
3081 738 3139 783 ut
3169 745 3233 784 ex
3268 731 3386 799 ipso
3419 729 3623 798 aliquid

2057 824 2167 878 ﬁat.
2201 823 2355 889 Quod
2406 823 2450 877 si
2481 836 2681 891 corpus
2711 822 2874 875 etiam
2920 822 3157 890 potentia
3205 829 3310 884 est,
3353 823 3627 891 quomodo

2055 929 2256 984 corpus
2301 914 2561 984 potentia,
2614 912 2868 982 potentia:
2901 913 3066 965 vitam
3099 913 3153 966 in
3187 929 3246 967 se
3287 913 3494 968 habere
3525 929 3624 982 po—

2057 1005 2197 1059 test?
2233 1003 2367 1057 Cum
2400 1003 2604 1072 alioqui
2639 1002 2692 1055 in
2727 1002 2850 1055 aliis
2882 1001 2994 1054 ﬁeri
3029 1002 3222 1070 possit,
3267 1009 3324 1054 ut
3347 1002 3438 1071 qui
3464 1002 3627 1056 habet

2057 1097 2282 1165 aliquid,
2330 1111 2440 1150 non
2488 1095 2743 1150 adhibeat
2794 1096 2858 1147 ad
2913 1109 3095 1156 usum,
3141 1094 3290 1148 verbi
3339 1095 3534 1163 gratia,
3570 1105 3628 1147 ut

2057 1186 2226 1239 aciem
2270 1186 2551 1240 oculorum
2601 1185 2806 1240 habens
2849 1200 2958 1239 non
3007 1192 3192 1239 utatur
3232 1187 3371 1255 ipsa.
3426 1187 3528 1241 Sed
3569 1187 3625 1241 in

2058 1278 2236 1330 anima
2263 1277 2314 1330 id
2349 1266 2685 1346 impossibile
2719 1287 2818 1331 est.
2849 1276 2965 1330 Non
2989 1278 3130 1332 enim
3156 1278 3248 1348 qui
3277 1278 3478 1332 dormit
3509 1278 3627 1333 sine

2055 1368 2182 1434 vitae
2227 1367 2530 1436 animmque
2576 1367 2891 1436 operatione
2941 1375 3024 1422 est
3067 1386 3079 1422 :
3122 1368 3320 1422 etenim
3370 1369 3536 1422 alitur
3572 1377 3627 1423 et

2057 1467 2301 1526 augetur,
2335 1466 2388 1510 et
2413 1457 2765 1526 imaginatur,
2792 1467 2844 1511 et
2873 1458 3126 1528 respirat,
3153 1459 3297 1528 quod
3329 1460 3624 1514 maximum

2057 1550 2178 1602 vitze
2207 1555 2585 1618 argumentum
2619 1558 2722 1604 est.
2755 1549 3024 1614 Quocirca
3070 1551 3420 1607 manifestum
3455 1567 3524 1607 ex
3557 1553 3626 1606 iis

2056 1649 2140 1695 est
2173 1641 2335 1694 vitam
2371 1641 2605 1709 putentia
2653 1656 2760 1695 non
2794 1657 2956 1710 posse
3001 1643 3260 1712 cuiquam
3300 1659 3624 1715 congruere,

375 1737 802 1807 μεταλλάττεται
834 1738 928 1789 καὶ
960 1737 1020 1788 τὸ
1052 1737 1188 1800 ζῶον
1207 1752 1218 1764 ·
1250 1734 1389 1787 ὥστε
1423 1735 1542 1804 οὐχὶ
1568 1733 1709 1787 κατά
1739 1733 1800 1784 τὸ
1820 1728 1957 1791 εἶδος

2061 1733 2152 1786 sed
2202 1741 2326 1785 actu
2373 1733 2635 1786 omnino:
2689 1747 2812 1786 nam
2865 1735 3009 1804 quod
3058 1735 3297 1789 animam
3347 1735 3628 1805 speciﬁcat

370 1830 408 1897 ἡ
439 1828 601 1880 οὐσία
653 1830 761 1882 τῶν
800 1829 1056 1883 ἐναντίων
1104 1828 1221 1880 ἐστὶ
1256 1827 1498 1896 δεκτικὴ,
1546 1826 1682 1879 ἀλλὰ
1723 1825 1864 1878 κατὰ
1897 1826 1956 1878 τὸ

371 1919 749 1987 ὑποκείμενον,
783 1917 1056 1977 τουτέστιν
1094 1918 1128 1986 ἡ
1159 1915 1465 1985 σωματικὴ.
1491 1914 1564 1966 Οὐ
1602 1913 1824 1965 δύναται
1849 1911 1957 1964 τοί-

372 2027 468 2062 νυν
499 2013 533 2080 ὴ
557 2010 705 2080 ψυχὴ
735 2008 856 2062 κατ’
901 2008 1088 2060 οὐδένα
1135 2006 1332 2076 τρόπον
1381 2005 1682 2074 ἐντελέχεια
1716 2004 1809 2057 τοῦ
1853 2002 1956 2055 σώ-

375 2117 544 2170 ματος
575 2095 736 2163 εἶναι,
778 2098 892 2151 ἀλλ’
921 2098 1075 2151 οὐσία
1111 2095 1403 2168 αὐτοτελὴς
1445 2094 1755 2165 ἀσώματος.
1799 2095 1955 2164 Παρά

373 2191 543 2262 μέρος
575 2190 685 2261 γὰρ
727 2189 1033 2258 ἐπιδέχεται
1077 2189 1145 2241 τὰ
1178 2188 1416 2250 ἐναντία,
1454 2185 1651 2239 κακίαν
1690 2185 1783 2238 καὶ
1829 2188 1954 2257 ἀρε-

369 2283 476 2350 τήν
498 2299 509 2309 ’
545 2282 682 2352 ὅπερ
713 2281 817 2332 οὐκ
845 2279 1076 2350 ἠδύνατο
1111 2279 1172 2331 τὸ
1197 2273 1335 2342 εἶδος
1361 2278 1633 2344 δέξασθαι.

2058 1823 2348 1892 praecipue,
2393 1823 2540 1876 aliud
2577 1824 2710 1876 nihil
2760 1832 2844 1877 est
2893 1835 3090 1894 praeter
3137 1828 3302 1880 vitam
3333 1846 3346 1882 :
3381 1830 3628 1897 quando-

2059 1913 2285 1981 quidem
2316 1913 2509 1966 animae
2539 1914 2649 1965 vita
2682 1914 2844 1968 insita
2875 1924 2928 1968 et
2963 1927 3197 1970 connata
3227 1924 3310 1972 est
3345 1934 3358 1982 ;
3409 1920 3627 1988 corpori

2058 2021 2188 2060 vero
2219 2005 2638 2075 participatione
2666 2007 2944 2062 convenit.
2983 2007 3164 2073 Quare
3195 2011 3288 2079 qui
3323 2009 3455 2063 dicit
3480 2010 3632 2064 sani-

2059 2103 2224 2148 tatem
2261 2095 2524 2150 rationem
2558 2096 2755 2150 habere
2792 2098 2934 2158 vitae,
2978 2113 3086 2151 non
3116 2099 3308 2153 animae
3340 2100 3502 2153 vitam
3547 2100 3630 2154 di-

2058 2186 2152 2249 cit,
2187 2185 2279 2240 sed
2316 2187 2560 2255 corporis
2595 2205 2609 2238 :
2645 2187 2827 2256 itaque
2871 2189 3128 2258 captione
3161 2190 3373 2255 utitur;
3427 2192 3628 2245 etenim

2061 2277 2671 2351 corporeaisubslantia
2715 2279 3121 2333 contrariorum
3176 2295 3346 2351 capax
3403 2291 3488 2337 est
3537 2297 3632 2351 per

369 2384 561 2446 partes
596 2377 708 2430 sive
732 2375 997 2430 alternis:
1021 2389 1210 2430 verum
1237 2389 1358 2445 quae
1386 2375 1684 2429 secundum
1755 2375 1989 2444 speciem
2029 2382 2131 2438 est,
2163 2350 2508 2444 nequaquam
2545 2392 2560 2429 :
2599 2375 2848 2444 quamvis
2881 2376 3022 2430 enim
3056 2376 3210 2446 juxta
3271 2379 3505 2446 Speciem
3527 2378 3634 2432 dif-

370 2469 604 2522 ferentia
651 2477 860 2522 mutata
945 2470 1036 2532 sit,
1108 2469 1272 2523 etiam
1325 2468 1526 2523 animal
1574 2477 1852 2531 mutatur;
1930 2467 2160 2538 proinde
2203 2484 2312 2522 non
2355 2468 2508 2538 juxta
2558 2468 2793 2539 speciem
2843 2470 3148 2524 substantia
3234 2473 3632 2527 contrariorum

369 2575 562 2629 capax,
580 2571 685 2620 est.
731 2561 825 2615 sed
858 2561 1156 2618 secundum
1187 2561 1516 2630 subjectum,
1548 2562 1653 2618 hoc
1700 2570 1786 2618 est
1824 2577 2087 2633 corporea
2121 2563 2382 2617 essentia.
2415 2563 2557 2632 Ergo
2594 2578 2702 2616 non
2764 2570 2944 2633 potest
3011 2564 3193 2617 anima
3249 2563 3360 2618 ulla
3417 2567 3633 2622 ratione

367 2669 496 2709 esse
536 2654 782 2723 corporis
824 2663 999 2716 actus,
1033 2654 1129 2710 sed
1174 2655 1481 2710 substantia
1523 2661 1608 2710 est
1642 2670 1739 2726 per
1770 2671 1830 2712 se
1859 2656 2216 2725 incorporea;
2263 2657 2358 2710 sed
2425 2657 2568 2709 enim
2639 2670 2734 2724 per
2798 2663 2981 2724 partes
3007 2657 3319 2713 successive
3393 2658 3628 2713 admittit

369 2749 676 2810 contraria,
725 2747 914 2801 vitium
966 2759 1019 2803 et
1075 2748 1331 2805 virtutem
1381 2768 1394 2802 :

446 2839 682 2890 Ἔπειτά
711 2854 873 2908 φησιν
907 2839 1240 2909 ἐντελέχειαν
1269 2835 1432 2894 οὖσαν
1468 2842 1566 2913 τὴν
1600 2842 1798 2913 ψυχὴν,
1836 2841 1954 2895 ἀκί-

374 2947 534 3000 νητον
579 2924 718 2981 εἶναι
748 2929 868 2982 καθ’
901 2930 1122 2999 ἑαυτὴν,
1153 2931 1416 2985 κινεῖσθαι
1453 2933 1510 2985 δέ
1543 2934 1683 2986 κατά
1719 2933 1778 2986 τὸ
1817 2951 1953 3005 συμ-

374 3020 647 3091 ϐεϐηκός·
701 3020 852 3073 οὐδὲν
898 3021 955 3074 δὲ
996 3023 1220 3087 ἀπεικὸς
1274 3024 1528 3093 ἀκίνητον
1575 3021 1740 3078 οὖσαν
1786 3027 1952 3078 κινεῖν

374 3112 543 3180 ἡμᾶς.
587 3111 696 3163 Καὶ
745 3111 855 3181 γὰρ
886 3111 947 3164 τὸ
989 3112 1182 3176 κάλλος
1226 3113 1479 3184 ἀκίνητον
1518 3113 1577 3166 ὃν
1621 3116 1760 3167 κινεῖ
1788 3116 1954 3185 ἡμᾶς.

367 3201 530 3274 ,Ἀλλ’
567 3203 616 3253 εἰ
647 3203 740 3254 καὶ
775 3202 932 3256 τοῦτο
965 3203 1220 3274 ἀκίνητον
1265 3203 1324 3256 ὃν
1353 3207 1507 3269 κινεῖ,
1537 3205 1671 3259 ἀλλὰ
1709 3205 1771 3257 τὸ
1800 3204 1960 3273 φύσιν

372 3294 498 3363 ἔχον
521 3294 783 3346 κινεῖσθαι
796 3298 954 3360 κινεῖ,
973 3296 1064 3349 καὶ
1085 3296 1202 3366 οὐχὶ
1220 3296 1313 3350 καὶ
1331 3297 1389 3349 τὸ
1405 3297 1676 3367 ἀκίνητον.
1702 3299 1764 3350 El
1781 3298 1959 3351 τοίνυν

371 3386 470 3438 καὶ
497 3385 557 3437 τὸ
590 3385 748 3454 σῶμα
777 3385 898 3439 καθ’
924 3386 1085 3439 ἐαυτδ
1115 3388 1325 3458 κίνησιν
1351 3384 1514 3459 εἶχεν,
1546 3390 1696 3443 οὐδὲν
1718 3387 1785 3461 ἦν
1811 3391 1961 3461 αὐτῷ

371 3476 577 3528 ἄτοπον
612 3477 745 3529 αὐτὸ
775 3477 1041 3531 κινεῖσθαι
1070 3478 1174 3531 ὑπὸ
1210 3480 1490 3550 ἀκινήτου.
1524 3480 1637 3534 Νῦν
1675 3481 1730 3532 δὲ
1760 3482 1956 3535 ἀδύνα-

375 3585 467 3620 τον
507 3568 567 3620 τὸ
607 3568 860 3637 ἀκίνητον
889 3567 994 3620 ὑπὸ
1039 3569 1292 3639 ἀκινήτου
1337 3571 1618 3625 κινεῖσθαι.
1656 3572 1824 3625 Πόθεν
1869 3569 1961 3627 οὖν

376 3659 456 3729 τῷ
483 3658 699 3728 σώματι
730 3659 790 3711 τὸ
836 3659 1122 3724 κινεῖσθαι,
1165 3662 1210 3713 εἰ
1247 3661 1320 3731 μὴ
1359 3661 1466 3713 ἀπὸ
1505 3662 1602 3732 τῆς
1638 3663 1852 3733 ψυχῆς
1887 3665 1960 3717 Οὐ

379 3750 487 3822 γὰρ
524 3751 876 3820 αὐτοκίνητόν
907 3752 1021 3803 ἐστι
1050 3751 1108 3803 τὸ
1139 3751 1328 3822 σῶμα-
1364 3751 1588 3821 πρώτην
1628 3749 1721 3807 οὖν
1749 3754 1962 3821 γένεσιν

381 3844 651 3912 κινήσεως
690 3843 1010 3912 βουλόμενος
1041 3843 1230 3911 δεῖξαι,
1261 3841 1320 3896 οὐ
1349 3844 1593 3915 πρώτην,
1631 3845 1767 3898 ἀλλά
1792 3846 1965 3899 δευτέ-

379 3951 484 4004 ραν
525 3933 745 3998 ἔδειξεν.
776 3933 840 3986 Ei
866 3933 964 4003 μὲν
989 3933 1095 4006 γὰρ
1137 3935 1210 4006 μὴ
1237 3935 1551 4005 κινούμενον
1593 3936 1780 3999 ἐκίνει,
1816 3937 1965 4007 πρώ-

376 4041 480 4094 την
514 4025 686 4076 ἐποίει
727 4024 960 4094 κίνησιν.
1004 4025 1066 4077 Ei
1105 4025 1162 4077 δέ
1198 4026 1259 4078 τὸ
1301 4025 1618 4095 κινούμενον
1649 4025 1742 4094 ἀφ’
1770 4025 1960 4078 ἐαυτοῦ

378 4117 477 4170 καὶ
507 4115 683 4178 ἄλλως
725 4118 882 4180 κινεῖ,
921 4115 1176 4186 δευτέρας
1207 4117 1471 4187 κινήσεως
1510 4117 1722 4184 γένεσιν
1756 4116 1964 4186 ἐξηγεῖ-

375 4223 491 4258 ται.
527 4204 698 4257 Πόθεν
729 4201 821 4259 οὖν
863 4205 924 4258 τὸ
963 4206 1250 4271 κινεῖσθαι,
1281 4210 1330 4260 εί
1365 4207 1438 4278 μὴ
1482 4209 1592 4261 ἀπὸ
1628 4207 1844 4278 ψυχῆς;
1888 4208 1961 4260 Οὐ

378 4298 490 4368 γὰρ
523 4297 873 4365 αὐτοκίνητόν
901 4298 1017 4349 ἐστι
1037 4297 1098 4350 τὺ
1125 4298 1304 4368 σῶμα.
1337 4299 1508 4352 Πόθεν
1532 4294 1624 4353 οὖν
1650 4299 1838 4369 πρώτη
1873 4299 1962 4367 γέ-

1450 2750 1597 2820 quod
1633 2749 1806 2804 forma
1841 2764 1949 2804 non
1987 2756 2176 2820 posset
2210 2750 2514 2805 admittere.
2607 2803 2618 2812 ,
2681 2797 2692 2804 .

2129 2842 2389 2912 Adiungit
2418 2851 2674 2912 praeterea
2706 2841 2943 2896 animam
2974 2858 3038 2897 eo
3067 2843 3212 2914 quod
3245 2844 3314 2899 sit
3348 2855 3505 2901 actus
3533 2847 3635 2900 im-

2060 2933 2314 2988 mobilem
2359 2949 2482 2988 csse
2528 2948 2626 3003 per
2667 2949 2747 2998 se,
2780 2935 2983 2989 moveri
3014 2950 3112 3005 per
3160 2936 3455 3002 accidens;
3498 2936 3636 2990 nihil

2062 3033 2240 3079 autem
2272 3024 2568 3079 absurdum
2595 3032 2699 3087 est,
2729 3040 2852 3079 eum
2883 3026 2951 3080 sit
2981 3027 3226 3090 immota,
3260 3042 3478 3084 movere
3508 3046 3628 3085 nos.

2061 3111 2350 3167 Enimvero
2398 3114 2746 3183 pulchritudo
2799 3115 3093 3171 immobilis
3141 3133 3263 3172 cum
3323 3119 3415 3183 sit,
3454 3127 3637 3174 movet

2060 3222 2208 3274 nos;
2254 3223 2442 3262 verum
2496 3207 2713 3262 tametsi
2764 3207 2911 3277 quod
2959 3208 3237 3263 immobile
3281 3219 3365 3264 est
3397 3219 3634 3278 moveat,

2060 3307 2240 3354 tamen
2288 3299 2431 3370 quod
2475 3312 2723 3353 naturam
2754 3299 2935 3362 habet,
2973 3306 3032 3352 ut
3080 3309 3379 3364 moveatur,
3413 3311 3634 3369 movet;

2062 3407 2172 3446 non
2235 3391 2289 3445 id
2337 3392 2502 3446 etiam
2556 3390 2701 3460 quod
2766 3389 3046 3444 immobile
3130 3398 3235 3446 est.
3289 3390 3638 3467 Quapropter

2063 3485 2108 3539 si
2147 3481 2345 3553 corpus
2388 3483 2549 3537 etiam
2599 3497 2695 3552 per
2739 3497 2797 3536 se
2825 3482 3123 3536 motionem
3182 3482 3440 3549 haberet,
3500 3485 3636 3538 nihil

2064 3575 2361 3628 absurdum
2395 3583 2559 3633 esset,
2613 3574 2791 3643 ipsum
2841 3589 3063 3643 quoque
3096 3575 3300 3629 moveri
3338 3577 3405 3629 ab
3443 3576 3638 3629 immo-

2062 3665 2175 3720 bili.
2211 3663 2328 3717 Jam
2364 3680 2494 3718 vero
2547 3663 2659 3718 ﬁeri
2713 3680 2818 3717 non
2872 3672 3089 3734 potest,
3144 3678 3201 3720 ut
3254 3666 3530 3723 immobile
3570 3670 3637 3722 ab

2064 3756 2326 3810 immobili
2363 3765 2666 3809 moveatur.
2701 3754 2980 3808 llndenam
3013 3769 3143 3824 ergo
3175 3757 3375 3810 accidit
3396 3758 3633 3826 corpori,

2066 3857 2125 3900 ut
2160 3859 2459 3910 moveatur,
2492 3846 2596 3900 nisi
2627 3848 2696 3900 ab
2718 3847 2936 3899 anima?
2975 3849 3246 3917 siquidem
3287 3864 3489 3919 corpus
3531 3866 3635 3901 non

2064 3949 2147 3994 est
2184 3954 2285 4008 per
2335 3954 2395 3993 se
2438 3941 2655 3994 mobile.
2706 3939 2973 4005 Quocirca
3028 3956 3153 3994 eum
3199 3941 3426 4009 primam
3483 3949 3636 3994 actus

2064 4029 2326 4097 originem
2358 4029 2518 4081 vellet
2539 4027 2809 4092 indicare,
2860 4044 2968 4081 non
3028 4029 3260 4098 primam
3312 4028 3406 4082 sed
3440 4044 3637 4082 secun-

2064 4119 2188 4172 dam
2226 4120 2483 4174 ostendit.
2523 4120 2732 4173 Etenim
2767 4120 2982 4188 siquod
3014 4136 3122 4174 non
3151 4127 3417 4180 movetur,
3454 4134 3636 4170 move-

2065 4217 2184 4272 ret,
2227 4211 2458 4278 primam
2491 4209 2692 4262 faceret
2730 4210 3070 4274 motionem;
3120 4209 3204 4263 sin
3255 4215 3434 4260 autem
3487 4207 3632 4275 quod

2065 4307 2318 4351 movetur
2351 4315 2445 4367 per
2479 4314 2558 4361 se,
2590 4299 2746 4352 aliter
2780 4298 2943 4351 etiam
2990 4303 3189 4361 movet,
3235 4293 3490 4349 secunda:
3520 4309 3635 4347 mo-

378 4405 530 4450 νεσις
573 4388 674 4457 τῆς
712 4389 977 4458 κινήσεως
1122 4388 1367 4459 σώματι;
1396 4391 1470 4443 Τὸ
1511 4391 1619 4462 γὰρ
1659 4391 1839 4459 λέγειν
1869 4392 1959 4460 ἀφ’

2069 4389 2234 4443 tionis
2265 4397 2446 4443 ortum
2481 4389 2725 4458 exponit.
2763 4387 3043 4441 Undenam
3087 4388 3252 4456 igitur
3288 4387 3489 4439 moveri
3527 4387 3634 4438 nisi

379 4478 594 4531 ἑαυτῶν
629 4480 892 4532 κινεῖσθαι
937 4479 1006 4534 τὰ
1056 4483 1313 4551 στοιχεῖα,
1362 4481 1429 4534 τὰ
1478 4482 1574 4552 μὲν
1621 4482 1798 4552 κοῦφα
1831 4483 1960 4536 ὄντα

381 4570 565 4638 φύσει,
598 4571 668 4624 τὰ
697 4570 754 4624 δὲ
783 4570 974 4641 βαρέα,
1000 4569 1194 4639 ψεῦδός
1213 4573 1381 4625 ἐστιν.
1409 4573 1468 4626 El
1493 4573 1600 4644 γὰρ
1629 4576 1661 4644 ἡ
1693 4575 1963 4645 κουφότης

382 4663 477 4715 καὶ
509 4661 754 4732 βαρύτης
794 4663 1005 4734 κίνησίς
1046 4665 1212 4730 ἐστιν,
1251 4664 1343 4732 ἀφ’
1376 4665 1585 4719 ἐαυτῶν
1617 4665 1673 4718 δὲ
1713 4668 1983 4732 κινεῖται,

381 4755 641 4808 οὐδέποτε
684 4756 1036 4826 στήσεταιτά
1075 4759 1252 4828 κοῦφα
1281 4759 1375 4812 κοῦ(⁹
1413 4757 1614 4829 βαρέα*
1655 4757 1867 4810 ἵσταται
1906 4757 1963 4809 δὲ

384 4849 473 4904 τὸν
501 4851 702 4903 οἰκεῖον
727 4850 1103 4905 καταλαϐόντα
1124 4845 1306 4906 τόπονξ
1336 4854 1448 4905 Οὐκ
1469 4853 1576 4922 ἄρα
1604 4850 1844 4922 βαρύτης
1869 4849 1963 4903 καὶ

383 4939 659 5010 κουφότης
699 4942 851 4994 αἰτία
903 4941 1124 5012 πρώτης
1171 4945 1454 5013 κινήσεως,
1500 4941 1634 4995 ἀλλὰ
1683 4940 1964 5010 ποιότητες

381 5032 493 5084 τῶν
527 5035 826 5101 στοιχείων.
873 5033 997 5085 Ἐὰν
1029 5033 1084 5086 δέ
1127 5033 1221 5086 καὶ
1248 5032 1406 5086 τοῦτο
1439 5032 1586 5104 δοθῇ,
1628 5031 1745 5093 πῶς
1772 5048 1854 5092 τις
1879 5029 1965 5081 λο-

380 5122 633 5192 γίζεσθαι
664 5124 758 5175 καὶ
784 5121 1029 5187 δοξάζειν
1062 5123 1157 5176 καὶ⁹
1187 5123 1390 5194 κρίνειν
1419 5121 1658 5182 δύναται,
1699 5119 1966 5189 κουφότη-

380 5232 472 5278 τος
498 5216 595 5268 καὶ
619 5213 922 5286 βαρύτητος
942 5215 1080 5284 ἔργα
1103 5213 1272 5282 sivetu;
1301 5213 1364 5266 Εί
1397 5213 1454 5266 δέ
1489 5213 1564 5283 μὴ
1595 5211 1820 5275 τούτων,
1844 5209 1966 5263 οὐδὲ

377 5307 490 5359 τῶν
531 5305 836 5376 στοιχείων.
869 5307 930 5358 ΕΞ
973 5306 1033 5358 δέ
1080 5307 1154 5377 μὴ
1185 5307 1293 5358 τῶν
1343 5306 1640 5375 στοιχείων,
1683 5304 1803 5356 οὐδὲ
1856 5302 1966 5355 τῶν

381 5397 684 5467 σωμάτων’
720 5397 800 5449 ἔτι
830 5397 879 5448 εἰ
924 5397 1065 5449 κατὰ
1096 5396 1437 5466 συμϐεϐηκὸς
1467 5397 1500 5466 ἡ
1537 5393 1681 5464 ψυχὴ
1717 5397 1963 5455 κινεῖται,

379 5489 440 5542 τὸ
470 5491 529 5543 δὲ
563 5489 729 5559 σῶμα
764 5488 824 5553 ἐξ
871 5487 1090 5552 ἑαυτοῦ,
1118 5490 1212 5542 καὶ
1248 5489 1321 5559 μὴ
1361 5489 1526 5558 οὔσης
1554 5489 1650 5557 τῆς·
1689 5486 1863 5555 ψυχῆς
1907 5485 1965 5551 ἐξ

376 5580 574 5635 ἐαυτοῦ
619 5581 683 5637 τὸ
706 5578 869 5650 σῶμα
891 5577 1432 5648 κινηθήσεται.Είδὲ
1475 5578 1650 5642 τοῦτο,
1692 5579 1784 5630 καὶ
1827 5575 1966 5639 ζῶον

374 5672 526 5731 ἔσται
566 5671 745 5744 χωρὶς
789 5670 888 5738 τῆς
945 5667 1153 5738 ψυχῆς·
1185 5667 1360 5722 ἄτοπα
1410 5669 1466 5722 δὲ
1517 5669 1716 5723 ταῦτα·
1768 5669 1966 5722 ἄτοπον

710 5763 985 5824 Parnm.
1020 5763 1136 5822 Gn.
1176 5762 1363 5821 XLV.

2067 4481 2135 4535 ab
2163 4479 2340 4532 anima
2369 4479 2582 4531 oritur?
2625 4477 2741 4530 Non
2773 4477 2914 4530 enim
2941 4491 3142 4544 corpus
3191 4491 3287 4545 per
3336 4491 3394 4530 se
3429 4477 3633 4528 moueri

2065 4578 2278 4641 potest.
2301 4570 2474 4630 Unde,
2510 4569 2754 4637 inquam,
2788 4548 2999 4637 primus
3029 4569 3287 4622 motionis
3320 4575 3474 4620 ortus
3513 4582 3636 4621 eor-

2065 4662 2185 4731 pori
2232 4661 2474 4715 accidit?
2522 4660 2655 4713 Nam
2708 4660 2888 4714 dicere
2919 4659 3182 4715 elementa
3223 4675 3253 4714 a
3297 4674 3354 4714 se
3403 4661 3630 4720 moveri,

2065 4769 2187 4823 quia:
2214 4754 2408 4824 partim
2441 4754 2579 4808 levia
2611 4761 2740 4808 sunt
2773 4763 2988 4816 natura,
3022 4753 3218 4822 partim
3249 4753 3456 4822 gravia,
3487 4767 3633 4816 mcu-

2064 4847 2279 4901 daeium
2307 4853 2410 4901 est.
2449 4845 2658 4899 Etenim
2697 4845 2742 4899 si
2775 4846 2964 4899 levitas
3018 4851 3073 4898 et
3101 4845 3338 4914 gravitas
3364 4847 3631 4897 motiones

2066 4945 2213 4999 sunt,
2236 4945 2291 4990 et
2316 4951 2345 4990 a
2367 4937 2563 5006 seipsis
2586 4946 2888 4997 moventur,
2908 4951 3184 5005 nunquam
3205 4936 3341 4989 levia
3372 4944 3425 4990 et
3448 4936 3630 5004 gravia

2066 5027 2385 5083 consistent.
2438 5025 2599 5095 Atqui
2634 5040 2696 5079 ea
2726 5039 2848 5095 quae
2882 5027 3164 5095 proprium
3215 5033 3467 5080 assecuta
3503 5031 3632 5077 sunt

2067 5120 2267 5182 locum,
2299 5117 2626 5172 consistunt.
2659 5116 2840 5182 Quare
2865 5118 3103 5188 gravitas
3145 5124 3199 5172 et
3233 5117 3422 5170 levitas
3453 5129 3633 5167 causa;

2067 5226 2176 5266 non
2206 5218 2335 5265 sunt
2370 5209 2557 5278 primae
2594 5209 2873 5268 motionis,
2907 5207 3004 5266 sed
3018 5211 3306 5280 qualitates
3339 5205 3634 5258 elemento-

2067 5319 2208 5357 rum.
2243 5301 2397 5366 Quod
2430 5301 2475 5355 si
2507 5301 2612 5354 hoc
2643 5314 2965 5354 concessum
2996 5299 3178 5361 fuerit,
3215 5295 3485 5366 quomodo
3513 5294 3630 5347 exi-

2068 5395 2292 5450 stimare
2314 5399 2369 5448 et
2396 5391 2607 5462 opinari
2640 5397 2693 5444 et
2718 5389 2968 5458 judicare
3008 5388 3130 5455 quis
3160 5391 3357 5454 potest,
3396 5382 3632 5437 levitatis

2065 5492 2122 5538 et
2146 5482 2429 5552 gravitatis
2460 5495 2623 5550 opera
2652 5480 2813 5534 esse?
2869 5478 2964 5531 Sin
3018 5475 3198 5527 minus
3232 5473 3427 5526 horum
3478 5484 3629 5536 sunt,

2068 5591 2135 5630 ne
2181 5575 2572 5630 elementorum
2625 5569 2867 5641 quidem.
2934 5567 3087 5632 Quod
3138 5565 3183 5620 si
3236 5566 3631 5622 elementorum

2071 5682 2233 5738 opera
2260 5683 2367 5721 non
2400 5674 2548 5733 sunt,
2582 5679 2649 5718 ne
2675 5675 2964 5730 corporum
3003 5656 3240 5727 quidem.
3272 5657 3541 5712 Prmterca
3583 5654 3630 5706 si

3319 5751 3355 5806 7
