4066 6146
423 192 532 252 203

1640 195 1695 250 S.
1739 198 2069 255 CllEGOllll
2107 202 2396 260 NYSSENI

3577 212 3682 270 20's

430 308 609 360 anima
643 322 739 377 per
773 305 1030 361 accidens
1067 314 1335 373 movetur,
1370 322 1570 378 corpus
1602 323 1781 367 autem
1821 329 1884 368 ex
1919 330 2003 370 sc-

2123 317 2213 390 ἱρα
2233 319 2398 374 καὶτὸ
2418 321 2476 388 ἐξ
2491 323 2682 394 ἀρχῆς
2704 323 2818 376 ἀλλ’
2834 323 2951 377 οὐδὲ
2968 324 3027 377 τὸ
3039 323 3216 392 λέγειν
3235 323 3313 376 ὅτι
3333 325 3440 378 πᾶν
3452 326 3513 380 τὸ
3530 324 3686 392 φύσει

429 396 572 468 ipso,
615 396 795 452 anima
823 413 929 452 non
957 398 1250 454 exsistente
1281 414 1482 475 corpus
1509 417 1539 456 a
1568 418 1627 459 se
1655 405 1964 461 movebitur
1989 423 2001 458 :

431 489 576 560 quod
613 489 656 546 si
689 491 758 543 ita
803 504 861 544 se
901 505 986 548 res
1019 489 1201 554 habet,
1244 491 1445 546 animal
1475 495 1637 549 etiam
1668 497 1774 550 erit
1801 498 2009 570 absque

432 584 645 648 anima;
678 583 826 651 atqui
857 582 1095 636 absurda
1132 592 1259 638 sunt
1288 585 1434 652 haec;
1469 586 1637 656 igitur
1669 589 1834 644 etiam
1862 593 2009 661 quod

433 674 502 726 ab
534 673 691 727 initio
722 673 960 743 positum
987 681 1092 738 est,
1116 675 1411 730 absurdum
1440 679 1578 745 erit;
1610 680 1704 734 sed
1731 697 1798 736 ne
1822 699 2006 738 verum

431 765 650 836 quidem
675 773 758 820 est
788 767 959 832 dictu,
983 781 1144 821 omne
1168 767 1314 836 quod
1349 777 1542 824 natura
1577 783 1822 827 movetur
1844 775 2008 829 etiam

432 859 483 910 vi
522 857 757 922 moveri,
791 863 846 913 et
876 856 1022 927 quod
1062 858 1112 912 vi
1145 867 1416 925 movetur,
1453 861 1618 916 etiam
1660 874 1854 919 natura
1896 883 2012 922 mo-

433 948 568 1002 veri.
620 947 832 1002 Etenim
867 949 1103 1005 mundus
1133 951 1225 1020 qui
1259 959 1452 1004 natura
1490 963 1754 1019 movetur,
1803 971 1910 1010 non
1960 957 2013 1012 vi

434 1048 729 1094 movetur:
767 1040 872 1095 hoc
922 1042 1087 1094 etiam
1133 1042 1431 1097 secundum
1470 1053 1722 1100 naturam
1756 1048 2010 1118 quiescit.

434 1133 725 1188 Enimvero
762 1133 1003 1188 mundus
1041 1141 1096 1188 et
1146 1135 1226 1190 sol
1258 1143 1311 1191 et
1349 1136 1497 1203 luna,
1539 1152 1659 1208 quae
1712 1141 2014 1194 secundum

435 1233 689 1279 naturam
727 1235 1032 1290 moventur,
1081 1225 1382 1281 secundum
1434 1237 1686 1282 naturam
1732 1230 2016 1300 quiescere

437 1331 545 1370 neu
583 1325 816 1386 possunt
850 1335 862 1369 :
898 1317 1089 1371 eodem
1123 1331 1256 1372 sane
1303 1318 1464 1373 modo
1515 1321 1719 1386 anima,
1771 1340 1893 1393 qua‘
1926 1339 2014 1379 se-

437 1408 675 1460 cundum
703 1415 955 1462 naturam
980 1422 1194 1476 semper
1221 1417 1491 1474 movetur,
1517 1411 1801 1480 quiescere
1826 1429 2018 1469 secun.

438 1496 566 1551 dum
601 1505 853 1552 naturam
893 1499 1102 1568 nequit.
1154 1497 1288 1553 Nam
1328 1501 1484 1572 quies
1522 1503 1748 1558 exitium
1779 1514 1861 1561 est
1899 1509 2019 1563 ani-

437 1605 559 1655 nne,
594 1597 647 1645 et
692 1590 936 1661 cujusvis
970 1606 1186 1663 semper
1225 1594 1445 1648 mobilis
1490 1604 1718 1652 natura.
1765 1597 1845 1652 Ad
1904 1600 2017 1654 hac

439 1689 638 1735 natura
665 1683 850 1747 etiam,
885 1682 1029 1754 quod
1062 1683 1114 1737 in
1154 1683 1379 1739 dubium
1409 1688 1709 1742 vocabatur
1737 1690 1805 1744 ab
1839 1691 2014 1755 initio,
2051 1669 2089 1722 Β

442 1774 683 1830 solutum
721 1782 924 1842 manet,
983 1775 1126 1831 unde
1174 1791 1377 1846 corpus
1427 1788 1674 1835 naturam
1717 1784 2015 1852 contineat,

437 1881 564 1920 cum
611 1873 804 1920 natura
853 1859 1228 1938 comparatum
1275 1869 1346 1923 sit
1391 1878 1450 1924 ut
1491 1870 1810 1942 dissipetur.
1843 1873 2018 1944 Atque

441 1959 559 2014 haec
597 1974 628 2014 e
659 1959 850 2014 tnultis
875 1960 1152 2015 suliiciunt
1183 1959 1246 2014 ad
1281 1962 1622 2032 probandum
1653 1966 1892 2020 animam
1925 1983 2018 2024 ne-

421 2043 548 2118 'que
577 2055 760 2104 actum
794 2048 1098 2120 perfectum
1142 2066 1284 2114 esse,
1319 2067 1493 2122 neque
1530 2053 1887 2119 immobilem,
1920 2071 2016 2111 ne-

439 2156 546 2209 que
580 2141 636 2194 in
670 2155 903 2208 corpore
945 2141 1117 2197 nasci.
1175 2141 1513 2213 Pythagoras
1571 2153 1742 2208 certe,
1791 2147 1884 2215 qui
1924 2161 2020 2214 per

440 2239 600 2286 notas
631 2246 847 2301 semper
876 2246 1195 2302 comparare
1233 2241 1288 2288 ct
1328 2233 1498 2289 Deum
1532 2242 1586 2290 et
1613 2236 1795 2289 omnia
1825 2252 2019 2291 nume—

439 2325 515 2379 ris
545 2323 738 2378 solitus
769 2331 909 2389 erat,
933 2324 1098 2378 etiam
1133 2324 1370 2378 animam
1401 2325 1696 2380 deﬁniebat
1729 2343 2017 2381 numerum

440 2415 682 2484 scipsum
714 2422 1048 2469 moventem.
1105 2413 1240 2468 lluic
1269 2406 1441 2469 etiam
1465 2413 1808 2472 Xenocrates
1836 2418 2020 2472 adhic-

440 2505 614 2571 rcbut,
663 2517 773 2559 non
825 2502 970 2574 quod
1002 2503 1361 2558 asscntiretur
1392 2505 1628 2558 animam
1663 2521 1788 2560 esse
1823 2521 2018 2560 nume-

440 2612 583 2662 rum,
618 2595 715 2650 sed
749 2596 896 2667 quod
931 2607 1176 2650 censeret
1211 2611 1329 2649 eam
1369 2595 1421 2649 in
1454 2597 1619 2652 rebus
1662 2598 2021 2653 numerabili-

442 2687 544 2740 bus
575 2700 699 2740 esse
748 2694 910 2754 atque
933 2684 1290 2739 multitudine
1314 2686 1725 2756 comprehensis
1756 2705 1769 2741 :
1800 2688 2020 2757 etquod

442 2777 626 2831 anima
657 2777 728 2830 sit
757 2791 878 2846 quae
908 2776 1124 2846 negotia
1159 2776 1446 2840 discernit,
1495 2776 1705 2833 formas
1742 2787 1795 2833 et
1821 2779 2020 2850 elligics

442 2863 736 2940 quibusvis
780 2865 1086 2922 inferendo.
1138 2866 1263 2922 llaec
1296 2873 1438 2922 enim
1483 2881 1566 2926 est
1597 2886 1717 2939 quae
1744 2873 1955 2940 species
1989 2886 2019 2924 a

444 2959 734 3029 speciebus
767 2968 1008 3029 separat,
1039 2966 1093 3013 et
1127 2958 1438 3015 diﬂ‘crentes
1482 2975 1512 3015 a
1553 2977 1612 3017 se
1661 2963 1892 3018 invicem
1923 2964 2020 3018 tle-

445 3055 643 3119 claral,
691 3062 805 3108 tum
849 3053 1165 3108 diversitate
1205 3069 1487 3124 generum,
1530 3063 1642 3108 tum
1674 3057 2022 3111 multitudine

445 3146 682 3211 numeri,
728 3144 966 3216 ideoque
1011 3147 1384 3201 numerabiles
1434 3147 1673 3203 cﬂiciens
1703 3165 1827 3214 res;
1880 3149 2025 3204 unde

444 3254 558 3294 non
605 3253 1002 3308 usquequaque
1033 3238 1217 3292 liberae
1247 3247 1377 3292 sunt
1429 3253 1457 3290 a
1503 3241 1896 3294 communione
1929 3256 2026 3310 per

447 3347 727 3387 numeros.
759 3329 963 3386 Verum
998 3330 1144 3399 quod
1195 3345 1290 3400 per
1319 3346 1378 3384 se
1413 3344 1662 3386 movetur
1697 3333 1858 3387 etiam
1909 3334 2028 3403 ipse

445 3425 496 3479 ei
521 3423 836 3479 testimonio
866 3437 967 3477 suo
996 3423 1204 3477 tribuit.
1238 3420 1394 3487 Quod
1418 3434 1596 3476 autem
1628 3439 1890 3478 numerus
1918 3439 2028 3478 non

449 3517 522 3572 sit
552 3515 756 3579 anima,
795 3513 921 3567 hinc
956 3513 1234 3583 colligitur
1262 3532 1274 3566 :
1307 3511 1581 3568 Numerus
1609 3514 1890 3583 quantitas
1920 3524 2024 3581 cst,

451 3607 637 3662 anima
684 3619 811 3660 vero
865 3607 1147 3674 quantitas
1199 3618 1308 3656 non
1351 3611 1475 3668 est,
1533 3606 1627 3660 sed
1680 3607 2026 3672 substantia;

450 3714 582 3769 ergo
615 3712 878 3752 numerus
913 3712 1019 3750 non
1053 3704 1137 3750 est
1170 3715 1182 3750 :
1231 3696 1448 3751 tametsi
1480 3698 1828 3766 potissimum
1863 3699 2028 3753 etiam

452 3806 744 3846 numerum
779 3789 834 3843 in
867 3788 1308 3859 intelligibilibus
1335 3791 1636 3844 essentiam
1666 3807 1788 3845 esse
1819 3793 2027 3855 volunt,

451 3891 514 3938 ut
560 3883 615 3937 in
651 3883 718 3937 iis
747 3897 869 3952 quae
901 3880 1159 3948 deinceps
1209 3888 1519 3950 sequuntur
1567 3881 1839 3936 dicemus.
1896 3882 2028 3936 Item

453 3977 634 4031 anima
679 3976 944 4030 continua
980 3982 1084 4038 est,
1136 3989 1399 4029 numerus
1432 3989 1559 4028 vero
1603 3990 1712 4028 non
1744 3983 1827 4030 est
1855 3977 2032 4030 conti-

452 4084 617 4124 nuus.
650 4066 771 4122 Non
804 4075 891 4122 est
919 4067 1083 4137 igitur
1115 4067 1296 4119 anima
1332 4079 1617 4120 numerus.
1655 4064 1770 4120 lluc
1799 4067 2030 4135 accedit,

453 4161 598 4234 quod
621 4175 881 4214 numerus
911 4174 1007 4228 per
1047 4155 1414 4226 adjectionctn
1441 4163 1692 4225 augetur,
1727 4155 1819 4210 sed
1851 4157 2032 4211 anima

454 4253 769 4310 accessione
787 4265 893 4306 non
911 4260 1160 4320 augetur.
1180 4247 1310 4302 Item
1329 4262 1587 4301 numerus
1605 4261 1700 4316 par
1713 4257 1797 4301 est
1817 4257 1909 4300 aut
1933 4247 2033 4302 im-

2110 410 2424 480 κινούμενον
2458 414 2550 466 καὶ
2589 413 2679 485 βίᾳ.
2709 419 2932 469 κινεῖται
2961 430 2974 444 ·
3014 415 3106 468 καὶ
3148 416 3257 468 πᾶν
3286 415 3346 468 τὸ
3385 415 3476 486 βίᾳ
3503 416 3684 469 κινού-

2112 516 2270 570 μενον
2317 504 2409 556 καὶ
2447 504 2603 572 φύσει
2636 509 2882 571 κινεῖται,
2923 505 3120 576 ἀληθές
3167 507 3332 560 ἐστιν.
3371 507 3429 560 Ὀ
3460 507 3568 578 γὰρ
3596 509 3688 561 κό-

2113 610 2247 663 σμος
2286 594 2443 664 φύσει
2499 597 2832 668 κινούμενος,
2882 599 2971 669 βίᾳ
2998 599 3058 651 οὐ
3100 601 3358 652 κινεῖται·
3401 599 3559 652 τοῦτο
3593 599 3688 652 καὶ

2112 685 2253 738 κατὰ
2297 689 2457 756 φύσιν
2503 691 2720 760 ἠρεμεῖ.
2755 691 2864 743 Καὶ
2891 688 2998 760 γὰρ
3040 691 3068 743 0
3096 689 3300 760 κόσμος
3340 690 3433 742 καὶ
3470 691 3498 742 ὁ
3537 690 3688 759 ἥλιος

2112 781 2204 832 καὶ
2229 783 2261 851 ἡ
2289 781 2482 851 σελήνη
2512 782 2651 834 κατά
2671 782 2830 850 φύσιν
2869 782 3183 852 κινούμενα,
3217 781 3358 835 κατά
3385 781 3544 850 φύσιν
3567 785 3690 852 ἡρε-

2115 873 2234 941 μεῖν
2273 871 2334 924 οὐ
2380 869 2629 924 δύναται·
2673 872 2764 924 τὸν
2813 872 2974 925 αὑτὸν
3005 874 3204 944 τρόπον
3253 873 3285 942 ὴ
3334 873 3500 944 ψυχὴ,
3550 873 3690 926 κατά

2115 963 2274 1032 φύσιν
2302 964 2606 1034 ἀεικίνητος
2629 959 2782 1026 οὖσα,
2821 965 2961 1017 κατά
2994 964 3152 1033 φύσιν
3192 965 3418 1036 ἠρεμεῖν
3442 965 3500 1016 οὐ
3536 963 3692 1016 δύνα-

2113 1073 2222 1108 ται.
2267 1056 2329 1108 'H
2354 1055 2461 1128 γὰρ
2493 1055 2694 1127 ἠρεμία
2723 1056 2897 1126 φθορά
2922 1057 3017 1128 τῆς
3042 1055 3220 1125 ψυχῆς
3260 1058 3393 1119 ἐστι,
3424 1055 3692 1108 καὶ-παν-

2113 1148 2204 1212 τὸς
2236 1149 2563 1220 ἀεικινήτου.
2599 1147 2742 1219 Πρὸς
2764 1148 2971 1210 τούτοις
2997 1147 3154 1215 φύσει
3177 1147 3271 1200 καὶ
3293 1146 3352 1199 τὸ
3385 1147 3700 1217 ἀπορούμε·

2116 1256 2204 1292 νον
2245 1239 2302 1306 ἐξ
2332 1239 2524 1310 ἀρχῆς,
2571 1239 2762 1292 ἄλυτον
2803 1239 2976 1309 μένει,
3022 1238 3183 1292 πόθεν
3223 1238 3285 1291 τὸ
3335 1238 3494 1308 σῶμα
3531 1236 3693 1308 φύσιν

2120 1333 2421 1400 συνέχεται,
2460 1332 2701 1400 πεφυκὸς
2729 1331 2833 1407 ,καὶ
2869 1331 3366 1385 διασκεδάννυσθαι.
3411 1333 3596 1400 ’Λρκεῖ
3634 1330 3691 1383 δὲ

2116 1422 2290 1476 ταῦτα
2323 1424 2386 1476 ὲκ
2435 1422 2642 1476 πολλῶν
2683 1422 2956 1488 ἀποδεῖξαι
2997 1423 3093 1494 τὴν
3134 1423 3330 1494 ψυχὴν,
3366 1424 3501 1495 μήτε
3547 1425 3693 1476 ἐντε-

2119 1513 2331 1584 λέχειαν
2359 1510 2540 1578 οὖσαν,
2578 1517 2711 1586 μήτε
2743 1515 3017 1585 ἀκίνητον,
3050 1515 3185 1585 μήτε
3231 1516 3288 1568 ὲν
3317 1514 3528 1585 σώματι
3555 1531 3695 1584 γινο-

2124 1606 2309 1677 μένην.
2352 1605 2674 1678 Πυθαγόρας
2721 1605 2776 1659 δὲ
2821 1605 3162 1676 συμϐολικῶς
3194 1605 3432 1668 εἰκάζειν
3467 1607 3553 1660 ἀεὶ
3598 1607 3693 1659 καὶ

2118 1701 2207 1752 τὴν
2244 1699 2374 1752 Θεὸν
2415 1700 2509 1752 καὶ
2539 1697 2610 1752 τά
2657 1698 2832 1751 πάντα
2863 1699 2971 1760 τοῖς
3008 1697 3258 1768 ἀριθμοῖς
3306 1695 3529 1760 εἰωθὼς,
3564 1697 3694 1767 ὡρί-

2120 1793 2386 1845 σατο“καὶ
2429 1792 2528 1862 τὴν
2576 1791 2754 1861 ψυχὴν
2825 1789 3054 1861 ἀριθμὸν
3094 1789 3283 1846 ἑαυτὸν
3337 1789 3612 1844 κινοῦντα·
3649 1783 3696 1857 ᾧ

2118 1881 2212 1934 καὶ
2243 1880 2584 1953 Ξενοκράτης
2613 1880 2996 1952 ἠκολούθησεν,
3029 1882 3126 1950 οὐχ
3160 1882 3241 1934 ὅτι
3279 1881 3507 1952 ἀριθμός
3547 1883 3693 1933 ἐστιν

2119 1974 2152 2044 ἡ
2179 1973 2347 2044 ψυχὴ,
2375 1973 2490 2026 ἀλλ’
2519 1975 2600 2026 ὅτι
2633 1975 2689 2026 ἐν
2721 1973 2843 2048 τοῖς,
2862 1974 3185 2044 ἀριθμητοῖς
3219 1974 3333 2025 ἐστι
3377 1973 3469 2027 καὶ
3494 1973 3552 2026 ἐν
3583 1975 3696 2036 τοῖς

2120 2061 2611 2132 πεπληθυσμένοις,
2643 2062 2734 2115 καὶ
2769 2063 2850 2115 ὅτι
2878 2064 2910 2133 ὴ
2940 2061 3083 2132 ψυχή
3112 2064 3257 2115 ἐστιν
3286 2064 3318 2132 ὴ
3347 2061 3696 2132 διακρίνουσα

2118 2153 2187 2207 τὰ
2225 2155 2549 2225 πράγματα,
2583 2153 2659 2224 τῷ
2697 2155 2912 2225 μορφὰς
2950 2156 3043 2208 καὶ
3074 2155 3270 2218 τύπους
3309 2154 3556 2216 ἑκάστοις
3577 2155 3698 2205 ὲπι-

2121 2243 2323 2297 ϐαλεῖν.
2343 2243 2491 2314 Αὕτη
2531 2243 2639 2313 γάρ
2670 2245 2816 2296 ἐστιν
2845 2246 2875 2314 ἡ
2905 2243 2975 2297 τὰ
3003 2244 3115 2315 εἴδη
3147 2243 3253 2297 ἀπὸ
3283 2243 3391 2296 τῶν
3414 2244 3568 2296 εἰδῶν
3591 2261 3697 2313 χω·-

2122 2337 2364 2407 ρίζουσα,
2402 2338 2494 2390 καὶ
2539 2337 2770 2409 διάφορα
2813 2337 2951 2390 αὐτὰ
2972 2338 3364 2406 ἀποφαίνουσα,
3395 2339 3462 2406 τῇ
3493 2352 3551 2388 τε
3576 2335 3697 2385 ἑτε-

2123 2429 2308 2500 ρότητι
2341 2428 2447 2482 τῶν
2476 2427 2652 2491 εῐδῶν,
2702 2431 2794 2481 καὶ
2832 2427 2910 2498 τῷ
2945 2428 3137 2497 πλήθει
3175 2426 3270 2480 τοῦ
3312 2425 3565 2497 ἀριθμοῦ,
3603 2425 3698 2476 καὶ

2119 2519 2204 2572 διὰ
2236 2519 2392 2572 τοῦτο
2430 2517 2708 2590 ἀριθμητὰ
2739 2519 2965 2572 ποιοῦσα
2999 2519 3066 2571 τὰ
3096 2518 3412 2588 πράγματα.
3446 2514 3606 2568 Ὅθεν
3634 2514 3696 2567 οὐ

2123 2611 2466 2665 παντάπασιν
2518 2611 2859 2681 ἀπήλλακται
2914 2611 3014 2680 τῆς
3065 2611 3205 2663 κατὰ
3253 2610 3376 2672 τοὺς
3431 2607 3700 2678 ἀριθμοὺς

2121 2698 2402 2762 κοινωνίας
2422 2698 2528 2780 ’,τὸ
2560 2698 2615 2751 δὲ
2661 2699 3010 2768 αὐτοκίνητον
3045 2701 3139 2751 καλ⁸
3166 2697 3326 2760 αὐτὸς
3354 2697 3490 2766 αὐτῇ
3525 2711 3697 2766 προσ·

2121 2791 2524 2862 εμαρτύρησεν·
2579 2791 2658 2844 ὅτι
2719 2792 2774 2844 δὲ
2822 2791 3054 2862 ἀριθμὸς
3100 2790 3199 2844 οὐκ
3245 2790 3379 2853 ἐστι,
3418 2788 3576 2860 δῆλον
3613 2789 3699 2841 ἐν·

2121 2882 2328 2936 τεῦθεν·
2377 2883 2434 2936 '0
2463 2883 2692 2954 ἀριθμὸς
2714 2883 2876 2936 ποσόν
2901 2885 3067 2945 ἐστιν,
3095 2883 3127 2952 ἡ
3157 2881 3302 2953 ψυχὴ
3333 2881 3388 2934 δὲ
3415 2881 3473 2933 οὐ
3509 2879 3696 2943 ποσὸν,

2048 2997 2089 3054 C
2123 2973 2236 3027 ἀλλ’
2271 2975 2424 3027 οὐσία
2446 2989 2458 3002 '
2491 2975 2590 3026 οὐκ
2622 2974 2726 3044 ἄρα
2759 2973 2989 3044 ἀριθμὸς
3017 2976 3048 3043 ἡ
3082 2973 3225 3043 ψυχή
3252 2989 3266 3002 ο
3300 2974 3349 3024 εί
3374 2972 3466 3024 καὶ
3489 2971 3555 3023 τά
3599 2970 3700 3040 μά-

2125 3066 2280 3117 λιστα
2318 3065 2410 3117 καὶ
2457 3063 2549 3115 τὸν
2586 3063 2815 3132 ἀριθμὸν
2848 3065 2905 3116 ὲν
2939 3066 3048 3126 τοῖς
3075 3065 3303 3133 νοητοῖς,
3343 3060 3528 3113 οὐσίαν
3561 3055 3701 3111 εἶναι

2129 3153 2522 3225 βούλονται,·ὡς
2551 3154 2606 3205 ὲν
2633 3156 2743 3215 τοῖς
2773 3153 2896 3224 ἑξῆς
2918 3153 3171 3224 ἐροῦμεν.
3202 3154 3321 3205 Ἔτι
3349 3154 3381 3222 ἡ
3411 3150 3557 3222 ψυχὴ
3578 3167 3706 3211 συντ

2126 3249 2256 3316 εχής
2291 3247 2455 3310 ἐστιν,
2489 3247 2517 3298 0
2573 3245 2629 3298 δὲ
2671 3245 2899 3315 ἀριθμὸς
2930 3247 2988 3298 οὐ
3025 3245 3279 3314 συνεχής·
3321 3243 3417 3296 οὐκ
3447 3243 3554 3313 ἄρα
3584 3241 3704 3311 ἀρι-

2128 3338 2261 3409 θμδς
2289 3341 2321 3408 ἡ
2359 3338 2523 3409 ψυχή.
2557 3339 2678 3390 Ἔτι
2709 3341 2736 3390 0
2768 3337 2998 3410 ἀριθμὸς
3026 3337 3164 3390 κατά
3198 3335 3514 3407 προσθήκην
3542 3332 3703 3398 αὒξε-

2127 3447 2247 3494 ται,
2281 3431 2314 3498 ἠ
2342 3429 2399 3481 δὲ
2425 3428 2570 3499 ψυχὴ
2615 3431 2756 3482 κατά
2803 3427 3117 3498 προσθήκην
3154 3427 3254 3478 οὐκ
3283 3423 3532 3488 αὔξεται·
3565 3422 3644 3474 ἔτι
3675 3424 3706 3475 ὁ

2128 3519 2358 3590 ἀριθμὸς
2406 3519 2591 3590 ἄρτιός
2637 3519 2783 3571 ἐστιν
2823 3517 2855 3586 ἦ
2903 3516 3174 3584 περιττὸς,
3215 3518 3247 3586 ἡ
3294 3514 3350 3567 δὲ
3393 3513 3539 3584 ψυχὴ
3581 3511 3705 3564 οὔτε

2129 3612 2334 3682 ἄρτιος,
2358 3612 2481 3664 οὔτε
2514 3611 2738 3681 περιττή
2759 3629 2770 3641 ·
2800 3611 2899 3662 οὑκ
2931 3610 3039 3677 ἀρα
3067 3607 3297 3678 ἀριθμὸς
3323 3608 3354 3676 ἡ
3386 3605 3554 3676 ψυχή.
3584 3605 3707 3656 Ἔτι

2131 3705 2164 3774 ἡ
2192 3703 2335 3774 ψυχὴ
2360 3702 2711 3772 αὑτοκίνητός
2738 3703 2882 3754 ἐστιν
2904 3741 2918 3765 ,
2947 3702 2974 3752 0
2997 3700 3050 3752 δὲ
3093 3698 3322 3769 ἀριθμὸς
3350 3700 3379 3750 0
3405 3695 3706 3766 ὡρισμένος

2131 3796 2404 3865 ἀκίνητος.
2442 3795 2562 3847 Ἔτι
2601 3795 2628 3845 ὁ
2661 3793 2758 3863 μὲν
2786 3793 3017 3865 ἀριθμὸς
3053 3792 3227 3861 μένων
3263 3784 3343 3852 εἷς
3371 3788 3462 3841 καὶ
3489 3789 3516 3840 0
3547 3785 3709 3847 αὐτὸς

2131 3887 2229 3959 τὴν
2265 3888 2446 3956 φύσιν,
2475 3886 2728 3956 οὐδεμίαν
2769 3886 3028 3955 ποιότητα
3059 3885 3155 3953 τὴν
3189 3884 3247 3934 ὲν
3279 3880 3528 3951 ἀριθμοῖς
3561 3893 3710 3945 γινο-

2136 3979 2304 4050 μένην
2338 3978 2753 4044 ὲξαλλάσσεται’
2795 3979 2828 4046 ὴ
2862 3976 3007 4046 ψυχὴ
3056 3974 3111 4028 δὲ
3143 3973 3239 4044 μία
3279 3988 3363 4034 τις
3394 3967 3527 4024 οὖσα
3568 3967 3709 4022 κατά

2131 4071 2228 4142 τὴν
2270 4071 2474 4134 οὐσίαν,
2509 4069 2835 4123 ὑπαλλάττει
2880 4071 2979 4132 τὰς
3012 4067 3321 4138 ποιότητας,
3367 4063 3425 4128 ἐξ
3472 4062 3711 4133 ἀμαθίας

2134 4163 2213 4226 εἰς
2239 4164 2548 4232 ἐπιστήμην
2577 4161 3011 4223 καταπίπτουσα,
3038 4159 3133 4212 καὶ
3161 4160 3225 4211 ὲκ
3257 4157 3450 4219 κακίας
3473 4155 3552 4217 είς
3582 4153 3712 4223 ἀρε-

2133 4253 2230 4322 τήν
2256 4269 2269 4282 ο
2303 4252 2401 4302 οὐκ
2425 4251 2532 4320 ἄρα
2562 4250 2843 4320 ἀριθμὸςή
2871 4250 3038 4321 ψυχή.

453 4363 581 4419 par:
601 4359 790 4400 verum
808 4343 988 4397 anima
1012 4356 1187 4410 neque
1212 4355 1327 4410 par,
1347 4354 1522 4408 neque
1543 4339 1748 4409 impar;
1767 4355 1896 4410 ergo
1915 4360 2176 4400 numerus
2193 4359 2299 4397 non
2333 4351 2439 4398 est.
2459 4341 2538 4396 Ad
2563 4343 2678 4396 haec
2707 4343 2886 4395 anima
2910 4357 3006 4410 per
3034 4356 3093 4395 se
3119 4338 3338 4394 mobilis
3357 4344 3471 4392 est:
3493 4335 3589 4390 sed
3606 4348 3712 4388 nu-

455 4454 639 4494 merus
655 4432 1354 4492 determinatusimmobilis
1373 4439 1478 4486 est.
1508 4431 1635 4486 ltem
1669 4447 2172 4490 numerusmanens
2201 4451 2342 4489 unus
2359 4442 2408 4488 et
2437 4433 2575 4487 idem
2607 4441 2826 4492 natura,
2855 4433 3003 4485 nulla
3027 4431 3130 4484 alia
3162 4430 3421 4499 qualitate
3449 4442 3568 4496 quae
3587 4426 3711 4495 qui-

457 4530 579 4583 dem
609 4531 663 4584 in
693 4528 938 4582 numeris
971 4525 1082 4588 ﬁat,
1115 4533 1390 4591 mutatur;
1415 4525 1510 4579 sed
1543 4525 1724 4579 anima
1758 4541 1882 4579 eum
1909 4544 2014 4583 una
2048 4531 2119 4583 sit
2155 4529 2456 4585 secundum
2493 4529 2814 4586 essentiam,
2842 4533 3016 4578 mutat
3039 4523 3275 4580 subinde
3301 4522 3614 4592 qualitates,
3639 4534 3707 4575 ex

458 4621 676 4675 insenia
724 4617 792 4672 ad
839 4619 1148 4680 scientiam,
1178 4625 1233 4672 et
1276 4632 1341 4672 cx
1387 4618 1519 4671 vitio
1568 4619 1635 4672 ad
1679 4620 1936 4674 virtutem
1971 4623 2213 4693 migrans
2251 4641 2264 4677 :
2302 4624 2467 4692 igitur
2498 4622 2680 4676 anima
2711 4635 2973 4674 numerus
3006 4633 3114 4672 non
3141 4626 3246 4671 est.

531 4709 672 4763 Sunt
711 4709 877 4777 igitur
925 4716 1169 4763 veterum
1215 4708 1283 4762 de
1317 4709 1500 4761 anima
1526 4713 1812 4766 sententiae
1841 4713 2023 4782 hujus-

2206 4717 2286 4771 Τὰ
2329 4717 2428 4786 μὲν
2472 4711 2562 4768 οὖν
2609 4713 2716 4766 τῶν
2757 4711 3011 4780 «παλαιῶν
3055 4711 3301 4780 δόγματα
3354 4709 3480 4778 περὶ
3530 4706 3712 4777 ψυχῆς

459 4802 628 4859 modi.
676 4797 980 4854 Eunomius
1015 4810 1198 4853 autem
1232 4800 1468 4853 animam
1501 4799 1713 4855 deﬁuiit
1771 4806 2030 4859 substan-

461 4897 589 4950 tiam
625 4895 1028 4961 incorpoream,
1076 4891 1130 4945 in
1171 4907 1406 4960 corpore
1447 4891 1721 4948 conditam
1759 4911 1772 4948 :
1826 4897 1880 4950 in
1923 4913 2032 4967 quo

461 5001 583 5043 cum
618 4983 840 5037 Platone
896 4989 950 5037 et
1001 4982 1292 5037 Aristotele
1343 4983 1645 5037 convenit:
1694 4986 1896 5055 quippe
1945 4989 2032 5041 in-

461 5091 779 5148 corpoream
833 5089 901 5129 ex
955 5074 1182 5130 Platone
1233 5075 1489 5145 accepit:
1545 5079 1688 5147 quod
1736 5091 1914 5134 autem
1977 5082 2032 5136 in

461 5184 692 5240 corpore
719 5166 994 5222 conditam
1028 5163 1181 5228 dicit,
1206 5180 1269 5220 ex
1294 5166 1600 5224 Aristotelis
1636 5169 1884 5223 doctrina
1908 5181 1991 5226 est
2019 5187 2032 5222 :

462 5277 564 5317 nec
593 5258 977 5316 animadvertit
1007 5259 1361 5326 quantumvis
1402 5270 1596 5316 acutus
1638 5271 1692 5316 et
1745 5263 1940 5324 solcrs,
1979 5279 2038 5317 se

465 5353 521 5406 in
553 5369 721 5406 unum
753 5366 947 5422 cogere
979 5349 1133 5409 eniti.
1169 5364 1290 5419 qua:
1323 5364 1550 5419 prorsus
1581 5366 1610 5404 a
1649 5367 1708 5406 se
1734 5353 2036 5408 dissident:

465 5460 631 5500 omne
658 5446 802 5498 cnim
833 5443 978 5514 quod
1010 5451 1190 5498 ortum
1221 5440 1402 5504 habet,
1441 5451 1495 5496 et
1522 5457 1845 5512 corporeum
1873 5446 2039 5500 simul

467 5553 534 5592 ac
563 5537 857 5605 temporale
880 5544 985 5599 est,
1025 5534 1294 5588 caducum
1329 5540 1383 5587 et
1419 5534 1646 5590 mortale
1673 5535 1905 5589 exsistit.
1945 5535 2040 5589 llis

470 5629 632 5685 etiam
692 5626 989 5681 concinunt
1045 5625 1245 5699 Moysis
1318 5626 1542 5696 scripta.
1599 5625 1732 5681 Nam
1791 5627 2032 5682 omnium

2135 4808 2376 4862 τοιαῦτα.
2406 4807 2668 4874 Εὑνόμιος
2698 4805 2753 4856 δὲ
2774 4803 3009 4874 ὡρίσατο
3031 4801 3130 4872 τὴν
3154 4798 3328 4869 ψυχὴν
3358 4799 3543 4852 ουσίαν
3569 4797 3713 4851 ἀσώ-

2140 4917 2327 4970 ματον,
2383 4899 2439 4951 ἐν
2481 4898 2692 4967 σώματι
2737 4894 3094 4964 κτιζομὲνηνο
3145 4893 3518 4962 συμφωνήσας
3572 4891 3708 4961 ὁμοῦ

2139 4992 2383 5044 Πλάτωνι
2413 4988 2505 5043 καὶ
2547 4987 2925 5059 Ἀριστοτέλει.
2971 4985 3044 5038 Τὸ
3081 4986 3178 5055 μὲν
3206 4980 3298 5038 οὖν
3328 4984 3616 5054 ἀσώματον
3647 4986 3710 5036 ὲκ

2138 5083 2232 5136 τοῦ
2264 5081 2546 5145 Πλάτωνος
2581 5080 2800 5150 εἴληφε·
2831 5079 2892 5132 τὸ
2918 5077 2975 5130 δὲ
3021 5079 3078 5130 ὲν
3115 5077 3324 5147 σώματι
3366 5075 3708 5146 κτιζομένην,

2140 5175 2204 5227 ὲκ
2223 5174 2320 5243 τῆς
2349 5172 2750 5243 Ἀριστοτέλους
2769 5169 3114 5232 διδασκαλίας
3133 5187 3146 5201 ο
3171 5170 3268 5222 οὐκ
3289 5169 3567 5236 ἐννοήσας,
3587 5167 3711 5221 καί-

2141 5283 2246 5337 περ
2275 5265 2396 5331 ego;
2443 5264 2536 5331 ὢν,
2579 5266 2660 5318 ὅτι
2710 5264 2964 5332 συνάγειν
3003 5264 3082 5326 εἰς
3133 5263 3295 5315 ταὺτὸ
3347 5263 3600 5331 πειρᾶται
3642 5259 3712 5313 τὰ

2139 5358 2463 5426 ἀσύμϐατα·
2515 5357 2624 5409 πᾶν
2670 5356 2776 5426 γὰρ
2821 5356 2883 5406 τὸ
2933 5355 3148 5422 γένεσιν
3199 5353 3349 5424 ἔχον,
3403 5352 3711 5423 σωματικὸν

2138 5445 2272 5515 ὁμοῦ
2314 5445 2407 5497 καὶ
2437 5443 2706 5514 χρονικὺν,
2737 5444 2975 5514 φθαρτόν
3008 5443 3124 5495 ἐστι
3151 5443 3243 5496 καὶ
3289 5442 3478 5512 θνητόν
3505 5458 3518 5471 ·
3555 5442 3713 5512 συνᾴ-

2138 5534 2216 5588 δει
2247 5534 2305 5588 δὲ
2332 5534 2506 5604 τούτῳ
2529 5535 2623 5588 καὶ
2648 5533 2716 5587 τὰ
2740 5534 3036 5595 Μωῦσέως.
3067 5530 3178 5604 Τὴν
3206 5533 3313 5604 γὰρ
3338 5533 3468 5601 ὓλην
3495 5532 3710 5585 πάντων

2143 5626 2352 5694 γένεσιν
2393 5625 2724 5690 ὑποτίθεται,
2762 5625 2837 5690 ὡς
2867 5624 3180 5690 δοξάζουσιν
3211 5625 3259 5678 οἱ
3296 5623 3388 5676 τοῦ
3426 5620 3717 5689 Πλάτωνος

3717 500 3748 518 \
