4066 6146
401 208 517 267 9.ὒὸ

1863 214 1950 270 DE
1989 211 2220 270 ANi'MA.

3571 176 3675 274 eoo

403 329 554 396 λόγοι
602 327 695 382 καὶ
726 328 1116 401 συμφέρονται.
1147 320 1209 386 Ei
1242 332 1299 386 δὲ
1339 346 1423 398 τις
1457 334 1596 405 μετὰ
1634 334 1736 406 τήν
1762 335 1953 390 διάπλα

2053 373 2064 396 ,
2093 332 2372 387 materiam
2408 331 2676 402 originem
2703 333 2982 402 supponit,
3018 337 3078 386 ut
3109 329 3356 388 Platonis
3391 347 3676 388 sermones

403 437 492 474 σιν
521 420 617 474 τοῦ
640 420 895 492 σώματος
931 423 1266 496 ὲμόεὸλῆσαι
1294 426 1427 498 ’τὴν
1459 427 1657 498 ψυχὴν,
1692 429 1808 500 ἤτοι
1848 429 1986 499 μετὰ

397 511 469 564 τὸ
503 511 663 583 σῶμα
715 513 1038 585 γεγενῆσθαι
1086 515 1277 587 αὐτὴν,
1315 517 1673 589 διαμαρτάνει
1709 521 1808 588 τῆς
1849 519 1982 587 ἀλη-

400 601 576 666 θείας.
601 603 738 657 Οὔτε
763 604 871 678 γὰρ
898 607 927 659 6
944 606 1180 678 Μωῦσῆς
1205 609 1326 663 τότε
1347 610 1517 680 αὐτὴν
1546 609 1793 664 ἐκτίσθαι
1810 610 1979 678 λέγει,

394 693 487 747 ὅτε
511 694 588 765 τῷ
619 695 832 766 σώματι
882 699 1230 754 ὲνεῦάλλετοο
1267 699 1390 754 οὔτε
1433 700 1572 754 κατὰ
1613 701 1771 770 λόγον
1809 701 1982 765 οὕτως

391 784 532 854 ἔχει.
567 787 630 839 El
657 788 836 841 τοίνυν
859 789 1060 861 θνητὴν
1079 791 1249 862 αὐτὴν
1267 792 1542 860 λέγουσιν,
1559 791 1636 856 ὡς
1678 794 1980 864 Ἀριστοτέ-

390 875 514 946 λης,
532 877 711 947 φήσας
727 880 896 951 αὐτὴν
915 883 971 934 ἐν
994 881 1204 952 σώματι
1226 881 1533 951 γεννᾶσθαι,
1551 884 1709 937 καὶοὶ
1731 885 1974 937 Στωϊκοίο

391 969 426 1038 ἢ
458 969 631 1038 λέγων
652 971 841 1024 οὐσίαν
869 973 1180 1044 ἀσώματον,
1207 975 1682 1047 παραιτεῖσθωσαν
1707 975 1889 1044 λέγειν
1919 978 1976 1030 ὲν
2031 1029 2034 1032 .

390 1059 607 1129 σώματι
631 1062 977 1135 κτιζομένην,
997 1067 1082 1118 ἵνα
1106 1065 1180 1138 μὴ
1203 1066 1404 1138 θνητῆς
1425 1067 1602 1140 ψυχῆς
1621 1067 1829 1141 ἔννοιαν
1845 1069 1976 1139 ἡμῖν

389 1155 744 1226 παραστήσῃ,
791 1156 887 1209 καὶ
929 1158 1204 1221 παντελῶς
1254 1159 1451 1226 ἀλόγου
1477 1176 1491 1189 ·
1535 1159 1710 1223 ἄλλως
1760 1177 1819 1212 τε
1853 1160 1972 1212 κατ’

386 1242 557 1296 αὐτὸν
586 1244 647 1296 οὺ
679 1244 891 1316 πλήρης
915 1248 1062 1301 ἐστὶν
1083 1251 1110 1302 6
1137 1250 1360 1320 κόσμος,
1394 1250 1529 1304 ἀλλά
1569 1250 1825 1321 ἡμιτελής
1856 1252 1972 1303 ἐστι

383 1334 487 1386 καὶ
521 1335 636 1400 νῦν,
690 1338 1008 1409 προσθήκης
1049 1341 1136 1394 ἀεὶ
1173 1342 1447 1412 δεόμενος.
1501 1343 1970 1414 Πεντακισμυρίαι

386 1420 523 1488 γοῦν
558 1422 621 1474 τὸ
656 1423 934 1494 ἐλάχιστον
967 1427 1088 1479 καθ’
1121 1429 1359 1500 ἑκάστην
1386 1429 1598 1501 ἡμέραν
1641 1431 1817 1484 οὐσίαι
1844 1447 1968 1502 νοη-

384 1511 480 1564 Cat
528 1515 909 1582 προσγίνονται
953 1517 1136 1588 αὐτῷ·
1182 1521 1367 1574 καὶτὸ
1407 1521 1808 1591 χαλεπώτατον,
1840 1524 1968 1576 ὅταν

382 1601 835 1676 τελεσιουργηθῇ,
889 1607 1010 1660 τότε
1057 1608 1439 1681 διαλυθήσεται
1493 1614 1612 1665 κατ’
1652 1613 1816 1666 αὑτοῦ
1856 1613 1966 1666 τῶν

2087 425 2338 478 statuunt
2385 431 2440 476 et
2487 421 2860 493 perseverant.
2915 423 3070 489 Quod
3119 425 3168 478 si
3216 425 3342 495 quis
3384 433 3506 494 post
3549 441 3673 479 cor-

2085 517 2234 585 poris
2291 515 2607 586 ﬁgmentum
2661 515 2897 569 animam
2939 515 3161 570 insitam
3202 530 3326 571 esse
3372 517 3671 578 existimat,

2085 605 2339 658 nimirum
2368 618 2487 660 eam
2521 611 2643 673 post
2677 619 2878 674 corpus
2913 611 3087 659 ortam
3120 620 3262 672 esse,
3296 621 3325 659 a
3360 622 3489 662 vero
3515 607 3674 663 aber-

2083 702 2205 760 rat;
2243 709 2421 764 neque
2441 695 2588 749 enim
2625 692 2836 765 Moyses
2866 703 2996 748 tunc
3038 695 3212 764 ipsam
3235 697 3512 753 conditam
3545 713 3669 754 esse

2081 783 2176 848 ait,
2215 785 2434 854 quando
2458 785 2512 838 in
2547 797 2749 855 corpus
2781 783 2963 839 infusa
3004 796 3124 851 est,
3158 803 3336 858 neque
3376 790 3428 844 id
3468 791 3669 846 rationi

2079 886 2506 931 consentaneum
2537 886 2658 943 est;
2706 885 2799 930 aut
2841 876 3008 948 igitur
3046 881 3326 936 mortalem
3369 883 3516 936 illam
3543 899 3668 938 esse

2078 976 2319 1031 censeat,
2354 977 2411 1023 ut
2438 969 2781 1032 Aristoteles,
2807 971 2901 1040 qui
2949 971 3005 1025 'm
3045 987 3275 1041 corpore
3317 982 3497 1028 natam
3538 991 3663 1031 esse

2076 1056 2234 1120 dixit,
2277 1064 2332 1112 et
2359 1057 2564 1116 Stoici:
2603 1065 2698 1111 aut
2728 1059 3093 1114 substantiam
3133 1061 3509 1132 incorpoream
3537 1080 3663 1120 esse

2075 1161 2354 1212 asserens,
2421 1149 2477 1203 in
2526 1164 2758 1220 corpore
2803 1159 3040 1206 creatam
3097 1151 3280 1207 dicere
3331 1164 3656 1213 cunctetur:

2073 1254 2143 1292 ne
2168 1239 2362 1294 animae
2418 1241 2667 1294 mortalis
2729 1243 3010 1296 notionem
3055 1251 3109 1298 et
3151 1245 3377 1299 omnino
3427 1248 3658 1303 rationis

2071 1339 2349 1399 expertem
2396 1333 2555 1387 nobis
2595 1333 2867 1400 exhibeat,
2901 1337 3198 1404 praesertim
3247 1353 3370 1392 cum
3421 1343 3657 1396 mundus

2070 1421 2314 1476 nondum
2351 1437 2446 1491 per
2471 1439 2530 1478 se
2555 1425 2751 1494 plenus
2784 1427 2876 1490 sit,
2917 1426 3014 1481 sed
3040 1429 3453 1499 semiperfectus
3488 1432 3656 1486 etiam

2065 1525 2214 1566 nunc
2279 1521 2396 1576 est,
2458 1522 2622 1584 atque
2679 1516 3015 1572 accessionis
3103 1533 3320 1590 semper
3384 1523 3652 1593 indigens.

2069 1601 2251 1666 Quare
2295 1603 2695 1674 quinquaginta
2741 1606 2911 1660 millia
2956 1607 3022 1662 ad
3072 1610 3358 1667 minimum
3410 1616 3654 1684 quotidie

381 1693 710 1748 τελευταίων
759 1697 1060 1767 ἀνθρώπων
1107 1701 1215 1754 τῶν
1262 1703 1399 1774 πρὸς
1431 1705 1497 1774 τῇ
1546 1705 1837 1758 ἀναστάσει
1879 1705 1953 1759 si»

2072 1689 2496 1761 intelligibilium
2529 1696 2893 1752 essen-tierunt
2924 1701 3194 1755 accedunt
3227 1702 3354 1772 ipsi,
3407 1714 3462 1758 et
3508 1707 3653 1778 quod

378 1800 615 1872 ψυχικὸν
651 1805 880 1877 ἀριθμὸν
935 1810 1430 1883 ἀπδπληρούντων·
1467 1809 1527 1869 οὗ
1562 1815 1616 1868 τί
1661 1815 1727 1870 ἂν
1757 1817 1968 1886 γένοιτο

378 1890 722 1964 ἀλογώτερον
758 1897 879 1950 τότε
922 1898 1155 1968 φάσκειν
1179 1901 1585 1974 διαφθείρεσθαι
1609 1905 1701 1960 τὸν
1742 1907 1962 1978 κόσμον,

376 1981 512 2070 ὅταν
537 1984 830 2058 πληρωθῇς
865 1991 1075 2062 Κομιδῆ
1109 1991 1218 2064 γὰρ
1246 1994 1454 2065 νηπίων
1485 1997 1690 2050 παίδων
1714 2000 1742 2051 6
1767 2000 1966 2070 τρόπος

376 2065 541 2138 οὗτος
600 2079 660 2131 ὲν
703 2078 915 2152 ψάμμῳ
951 2082 1052 2154 τῆς
1083 2084 1323 2151 παιδιᾶς,
1367 2087 1528 2152 εὐθὺς
1577 2089 1717 2160 μετὰ
1742 2065 1964 2162 τὸνπληι

372 2163 558 2235 ρῶσαι
586 2171 919 2239 συγχεόντων
946 2173 1015 2226 τὰ
1044 2176 1364 2248 πράγματα.
1396 2178 1469 2230 Τὸ
1498 2178 1606 2249 γὰρ
1634 2179 1811 2248 λέγειν
1833 2198 1963 2253 προ-

373 2257 532 2322 νοίας
575 2259 716 2332 λόγῳ
748 2262 845 2318 νῦν
888 2264 988 2330 τὰς
1031 2267 1210 2338 ψυχὰς
1240 2271 1506 2338 γίνεσθαι,
1546 2272 1640 2325 καὶ
1671 2275 1794 2343 οὐχὶ
1843 2275 1960 2327 κτί-

375 2383 522 2457 σεως
559 2369 654 2440 (οὐ
685 2372 792 2445 γὰρ
831 2377 1017 2448 κοινὴν
1053 2379 1260 2448 οὐσίαν,
1301 2381 1420 2435 οὐδὲ
1469 2381 1636 2453 ἄλλην
1683 2385 1833 2457 παρὰ
1860 2387 1958 2457 τὴν

365 2455 545 2513 οὖσαν
592 2465 927 2533 εἰσάγεσθαι,
979 2469 1114 2524 ἀλλὰ
1158 2471 1254 2543 τὴν
1298 2469 1462 2528 οὖσαν
1517 2476 1659 2530 κατὰ
1702 2477 1957 2548 πρόνοιαν

371 2547 921 2626 πληστηριὰζεσθαι),
949 2560 1282 2626 ἀγνοούντων
1300 2563 1414 2615 ἐστὶ
1438 2564 1699 2634 διαφορὰν
1727 2547 1955 2631 κτίσεως

369 2643 471 2695 καὶ
513 2647 784 2715 προνοίας.
821 2650 1080 2722 Προνοίας
1129 2655 1230 2723 μὲν
1273 2655 1380 2727 γὰρ
1408 2656 1568 2727 ἔργον
1620 2659 1753 2721 ἐστὶ,
1795 2659 1855 2710 τὸ
1895 2659 1954 2726 ἐξ

368 2734 762 2806 ἁλληλογονίας
792 2730 1074 2806 διασῶζειν
1107 2743 1204 2816 τὴν
1237 2746 1344 2799 τῶν
1389 2748 1642 2820 φθαρτῶν
1682 2750 1836 2815 ζώων
1865 2751 1954 2805 οὑ-

371 2824 494 2879 σίαν
522 2843 535 2856 ·
592 2827 736 2896 λέγω
774 2829 830 2882 δὲ
872 2832 980 2884 τῶν
1017 2833 1090 2906 μὴ
1137 2837 1276 2889 κατὰ
1318 2840 1585 2908 σηπεδόνα
1615 2843 1950 2913 γινομένων,

365 2917 558 2989 ἐπειδὴ
584 2919 684 2991 τήν
705 2921 908 2976 τούτων
930 2924 1174 2998 διαδοχήν
1198 2930 1440 3000 σηπεδὼν
1471 2932 1628 2986 πάλιν
1658 2935 1816 3004 ἑτέρα
1839 2935 1952 2988 δια-

363 3010 663 3078 φυλάττει·
699 3013 930 3079 κτίσεως
962 3017 1017 3070 δὲ
1043 3021 1102 3073 τὸ
1134 3023 1416 3091 κράτιστον
1465 3025 1643 3095 ἔργον,
1679 3028 1738 3080 τὸ
1767 3028 1826 3092 ἐξ
1850 3031 1948 3082 οὐκ
1976 3045 2018 3101 c

361 3102 536 3157 ὅντων
565 3109 759 3160 ποιεῖν.
789 3109 852 3161 El
881 3111 1060 3164 τοίνυν
1090 3113 1149 3178 ἐξ
1172 3114 1549 3186 ἁλληλογονίας
1576 3120 1632 3172 αἱ
1661 3120 1830 3192 ψυχαὶ
1860 3124 1946 3192 γί-

363 3211 570 3257 νονται,
608 3196 702 3249 καὶ
748 3197 984 3268 φθαρταί
1019 3204 1144 3270 εἰσι,
1181 3204 1432 3276 καθάπερ
1461 3206 1530 3260 τὰ
1572 3208 1725 3276 ἄλλα,
1768 3212 1836 3264 τὰ
1883 3217 1946 3266 ὲκ

360 3283 616 3355 διαδοχῆς
659 3287 848 3354 γένους
887 3291 1166 3361 γινόμενα.
1204 3293 1267 3348 Ei
1308 3295 1364 3348 δὲ
1395 3296 1451 3362 ἐξ
1477 3297 1576 3352 οὐκ
1610 3299 1776 3355 ὄντων
1803 3319 1944 3374 παρ-

363 3375 610 3443 άγονται,
641 3378 819 3442 κτίσις
846 3383 962 3436 ἐστὶ
989 3385 1046 3437 τὸ
1072 3385 1377 3456 γινόμενον,
1397 3391 1489 3443 καὶ
1512 3392 1610 3445 οὐκ
1635 3392 1781 3447 ἔστιν
1811 3395 1943 3468 ἀλη-

365 3466 457 3529 θὲς
473 3469 533 3520 τὸ
547 3467 639 3521 τοῦ
652 3470 1037 3541 Μωῢσέως,τὸ,
1050 3473 1442 3532 Κατέπαυσεν
1453 3483 1484 3533 ό
1504 3481 1648 3548 Θεὸς
1663 3483 1780 3537 ἀπὸ
1801 3466 1942 3538 πάνυ

363 3578 485 3613 των
525 3560 644 3614 τῶν
669 3564 859 3633 ἔργων
889 3566 1108 3621 αὐτοῦ’
1165 3569 1340 3625 ἄτοπα
1376 3572 1433 3624 δὲ
1482 3573 1786 3647 ἀμφότερα.
1829 3578 1942 3630 Οὐκ
1967 3594 1980 3602 ί

364 3654 472 3720 ἄρα
494 3653 589 3707 νῦν
615 3657 670 3708 αἱ
695 3657 865 3728 ψυχαὶ
882 3658 1138 3726 γίνονται.
1162 3662 1236 3716 Τὸ
1264 3663 1460 3733 γὰρ,⁹0
1483 3669 1684 3736 Πατήρ
1697 3688 1816 3738 μου
1831 3671 1942 3736 ἕως

355 3746 490 3814 ἄρτι
511 3746 831 3817 ἐργάζεται,
867 3751 966 3805 οὐκ
1011 3755 1103 3806 ἐπὶ
1147 3753 1242 3807 τοῦ
1289 3756 1515 3824 κτίζειν,
1550 3760 1664 3813 ἀλλ’
1702 3763 1795 3816 ἐπὶ
1845 3765 1939 3818 τοῦ

362 3839 608 3906 προνοεῖν
651 3839 937 3909 εἰρῆσθαιο
989 3843 1083 3894 καὶ
1131 3844 1282 3915 αὐτῷ
1333 3846 1482 3900 δοκεῖ
1527 3849 1936 3924 Ἀπολλιναρίῳ,

358 3927 456 3988 τὰς
483 3925 663 3997 ψυχὰς
687 3929 796 3982 ἀπὸ
819 3929 927 3983 τῶν
948 3930 1134 4002 ψυχῶν
1154 3933 1458 3998 τίκτεσθαι,
1485 3936 1673 4009 ὥσπερ
1706 3941 1813 3993 ἀπὸ
1831 3943 1939 3996 τῶν

360 4017 650 4071 σωμάτων.
691 4020 946 4089 Προῖὲναι
995 4023 1104 4094 γὰρ
1151 4025 1252 4096 τὴν
1300 4026 1478 4098 ψυχὴν
1515 4029 1658 4082 κατὰ
1688 4032 1936 4104 διαδοχὴν

355 4109 450 4162 τοῦ
481 4109 700 4179 πρώτου
726 4113 1016 4184 ἀνθρώπου
1042 4119 1121 4180 εἰς
1142 4121 1269 4182 τοὺς
1301 4120 1360 4186 ἐξ
1388 4123 1596 4176 ἐκείνου
1629 4125 1934 4195 τεχθέντας,

354 4203 611 4273 καθάπερ
638 4204 735 4276 τήν
765 4210 1085 4281 σωματικὴν
1111 4211 1381 4284 διαδοχήν.
1409 4217 1560 4287 Μήτε
1589 4218 1696 4288 γὰρ
1723 4220 1935 4273 ἀποκεῖ-

355 4294 480 4347 σθαι
525 4295 725 4366 ψυχὰς,
772 4299 911 4370 μήτε
945 4301 1039 4353 νῦν
1089 4303 1382 4367 κτίζεσθαι.
1425 4308 1562 4372 Τοὺς
1607 4309 1713 4380 γὰρ
1762 4310 1935 4365 ταῦτα

350 4390 612 4457 λέγοντας
638 4395 902 4463 συνεργὸν
930 4397 1102 4450 ποιεῖν
1131 4397 1221 4452 τὸν
1254 4401 1386 4453 Θεὸν
1417 4406 1531 4466 τοῖς
1563 4407 1772 4475 μοιχοῖς
1799 4422 1812 4435 ·
1844 4409 1938 4461 καὶ

349 4481 460 4551 γὰρ
490 4481 556 4533 ὲκ
583 4482 787 4537 τούτων
819 4486 1006 4539 παιδία
1045 4489 1284 4544 τίκτεται
1307 4505 1321 4520 ⁸
1356 4493 1549 4562 ψεῦδος
1576 4497 1632 4549 δὲ
1679 4494 1815 4552 εἶναι
1841 4501 1936 4554 καὶ

347 4573 429 4637 τὸ,
465 4573 863 4631 Κατέπαυσεν
893 4581 926 4631 ὁ
961 4579 1106 4646 Θεὸς
1142 4581 1262 4636 ἀπὸ
1299 4585 1544 4639 πάντων
1580 4588 1700 4642 τῶν
1745 4590 1936 4659 ἔργων

346 4664 538 4718 αὑτοῦ
569 4664 608 4719 ἁ
659 4666 885 4734 ἤρξατο
926 4671 1149 4725 ποιεῖν·
1181 4675 1337 4745 εἴπερ
1383 4678 1462 4730 ἔτι
1513 4681 1606 4732 καὶ
1639 4680 1732 4736 νῦν
1757 4683 1934 4754 ψυχὰς

346 4757 691 4830 δημιουργεῖ.
736 4759 872 4812 Ἀλλ’
902 4763 951 4814 εί
990 4763 1168 4816 πάντα
1195 4766 1262 4820 τὰ
1295 4767 1435 4821 κατὰ
1463 4769 1711 4842 διαδοχὴν
1740 4771 1800 4838 ἐξ
1832 4774 1932 4828 ἀλ-

345 4848 666 4919 ληλογονίας
695 4851 954 4922 γινόμενα
981 4853 1249 4910 δέδεικται
1279 4857 1478 4928 θνητόν
1509 4861 1598 4915 διὰ
1627 4853 1786 4917 τοῦτο
1822 4867 1930 4937 γὰρ

342 4942 511 5011 γεννᾷ
543 4942 638 4994 καὶ
683 4946 960 5011 γεννᾶται,
1001 4947 1087 4999 ἵνα
1132 4947 1240 5001 τῶν
1276 4949 1530 5020 φθαρτῶν
1575 4955 1826 5029 διαμείνῃ
1869 4959 1929 5012 τὸ

342 5033 500 5102 γένος
523 5056 535 5070 -
562 5037 777 5108 ἀνάγκη
809 5040 902 5092 καὶ
925 5039 1185 5112 τούτωνῆ
1220 5040 1418 5113 θνητὴν
1447 5039 1584 5098 εἷναι
1621 5045 1800 5115 λέγειν
1828 5049 1927 5119 τὴν

340 5126 539 5199 ψυχὴν,
579 5128 638 5194 ἐξ
660 5129 1045 5202 ἀλληλογονίας
1076 5134 1444 5206 γεννωμένην,
1477 5137 1510 5205 ἢ
1537 5138 1610 5209 μὴ
1638 5139 1780 5214 κατὰ
1807 5141 1925 5195 δια-

339 5224 504 5295 δοχὴν
531 5225 592 5292 ἐξ
623 5225 1010 5297 ἀλληλογονίας
1034 5232 1328 5298 γεννᾶσθαι
1353 5235 1453 5298 τὰς
1482 5234 1660 5307 ψυχάς
1683 5257 1696 5269 ο
1730 5239 1792 5293 τὸ
1813 5241 1921 5312 γὰρ

338 5315 433 5367 ἐπὶ
453 5314 563 5370 τῶν
578 5317 641 5370 ἐκ
661 5319 906 5389 μοιχείας
925 5322 1275 5392 γεννωμένων
1294 5324 1372 5395 τῷ
1387 5328 1486 5396 τῆς
1504 5329 1758 5398 προνοίας
1780 5331 1921 5403 λόγῳ

337 5408 765 5481 καταλείπομεν,
791 5412 1055 5485 ἀγνώστῳ
1087 5417 1219 5486 παρ’
1245 5419 1378 5488 ἡμῖν
1418 5419 1552 5474 ὄντι.
1586 5423 1649 5475 Εί
1681 5422 1736 5476 δέ
1760 5442 1811 5479 τι
1841 5425 1923 5479 δεῖ

337 5501 482 5554 κατὰ
502 5503 603 5572 τῆς
641 5506 900 5575 προνοίας
933 5511 1463 5580 καταστοχάσασθαι,
1494 5515 1711 5582 πάντως
1728 5514 1834 5574 οἶδε
1858 5521 1919 5575 τὸ

407 5677 451 5709 ⁸³
484 5677 623 5736 Gen.
664 5696 724 5751 ιι,
748 5682 803 5736 2.
883 5682 1109 5740 "Joan.
1144 5701 1199 5754 ν,
1239 5686 1331 5744 l7.

2068 1781 2519 1838 molestissimum
2568 1792 2675 1853 est,
2731 1801 2856 1841 cum
2907 1790 3302 1860 perfectionem
3365 1808 3652 1853 assecutus

2065 1871 2259 1938 fuerit,
2284 1882 2418 1929 tunc
2445 1876 2798 1945 dissolvetur,
2839 1880 3157 1936 ultimorum
3191 1883 3473 1939 hominum
3513 1903 3650 1952 aevo,

2065 1965 2160 2034 qui
2220 1966 2461 2022 instante
2515 1969 2924 2026 resurrectione
2985 1973 3293 2027 animarum
3359 1992 3650 2032 numerum

2064 2055 2434 2125 complerent:
2461 2075 2571 2128 quo
2597 2060 2729 2129 quid
2759 2061 2877 2116 ﬁeri
2919 2071 3106 2131 posset
3145 2079 3174 2116 a
3219 2066 3434 2121 ratione
3477 2068 3649 2138 magis

2064 2143 2323 2208 alienum,
2368 2155 2428 2200 ut
2463 2153 2578 2201 tum
2606 2148 2928 2203 labefactari
2964 2151 3202 2207 mundus
3251 2153 3488 2218 dicatur,
3524 2172 3646 2210 cum

2061 2237 2316 2293 omnibus
2363 2240 2478 2296 suis
2525 2241 2770 2296 numeris
2812 2241 3095 2297 absolutus
3137 2245 3648 2304 l'uerit?Enimvero

2061 2327 2150 2382 hic
2199 2330 2390 2400 utique
2437 2346 2558 2388 mos
2603 2341 2689 2388 est
2735 2332 3024 2388 infantium
3056 2339 3429 2405 puerulorum,
3463 2341 3555 2410 qui
3593 2343 3645 2394 in

2059 2433 2224 2476 arena
2274 2423 2365 2477 uhi
2401 2424 2688 2479 colludunt
2733 2426 3063 2495 simulatque
3103 2429 3325 2498 aliquod
3370 2431 3645 2487 ludicrum

2059 2520 2396 2579 struxerunt,
2464 2516 2775 2571 absolutum
2843 2517 3208 2574 confundunt.
3270 2521 3402 2576 Nam
3463 2523 3646 2580 dicere

2057 2619 2205 2658 nunc
2229 2605 2588 2674 providentiae
2628 2607 2840 2663 ratione
2882 2609 3095 2664 animas
3126 2611 3264 2677 ﬁeri,
3313 2627 3418 2666 non
3461 2621 3642 2668 autem

2056 2696 2351 2752 creationis
2381 2697 2606 2767 (quippe
2653 2714 2778 2752 cum
2824 2715 2935 2754 non
2980 2702 3052 2756 sit
3087 2702 3452 2757 substantiam
3496 2719 3645 2759 σοιτίς

2053 2805 2270 2843 munem
2294 2804 2395 2844 nec
2426 2789 2588 2843 aliam
2614 2799 2811 2860 praeter
2830 2807 2951 2861 quae
2984 2801 3069 2847 est
3095 2794 3374 2856 inducere,
3409 2796 3502 2850 sed
3527 2786 3639 2865 jam

2052 2881 2399 2935 exsistentem
2427 2883 2942 2952 perprovidcntiam
2967 2887 3303 2957 complere),
3341 2903 3531 2942 eorum
3558 2897 3638 2943 εει

2052 2973 2144 3043 qui
2189 2972 2488 3029 discrimen
2523 2974 2779 3044 ignorant
2817 2977 3114 3030 crealionis
3167 2985 3221 3032 et
3261 2979 3637 3046 providentiae.

2056 3062 2269 3118 Etenim
2297 3064 2651 3134 providentia:
2678 3081 2816 3134 opus
2840 3075 2922 3120 est
2950 3083 3282 3122 conservare
3315 3069 3638 3122 animalium

2055 3155 2494 3224 corruptibilium
2548 3155 2912 3210 substantiam
2959 3159 3343 3213 vicissitudine
3384 3175 3639 3228 procrea-

2053 3246 2259 3301 tionis:
2295 3247 2495 3316 loquor’
2537 3255 2720 3301 autem
2753 3249 2820 3302 de
2852 3249 2920 3303 iis
2967 3265 3088 3319 quae
3126 3265 3234 3303 non
3261 3253 3638 3329 ex_putredine

2052 3345 2374 3405 nascuntur,
2444 3337 2715 3408 siquidem
2793 3339 2985 3394 horum
3058 3343 3466 3398 successionem
3531 3345 3635 3397 alia

2050 3427 2304 3496 deinceps
2335 3429 2564 3496 putredo
2609 3436 2924 3482 conservat.
2977 3430 3284 3487 Creationis
3327 3447 3454 3486 vero
3500 3448 3637 3502 prae-

2051 3517 2450 3573 stantissimum
2510 3533 2650 3588 opus
2705 3527 2790 3573 est
2830 3517 3062 3588 ellicere,
3120 3529 3178 3575 ut
3224 3523 3429 3593 aliquid
3462 3527 3531 3580 sit
3568 3543 3633 3580 ex

2048 3610 2239 3664 nihilo.
2296 3610 2661 3676 Quamobrem
2705 3611 2748 3665 si
2794 3611 2989 3666 animae
3031 3628 3096 3667 cx
3150 3622 3337 3668 mutua
3381 3633 3633 3686 procrea-

2048 3701 2195 3755 tione
2219 3700 2429 3763 ﬁerent,
2458 3701 2622 3754 etiam
2651 3702 2913 3756 mortales
2943 3711 3145 3768 essent,
3177 3705 3341 3759 veluti
3371 3707 3472 3760 alia
3513 3724 3632 3778 qua:

2047 3793 2260 3864 generis
2303 3793 2652 3848 successione
2685 3793 2821 3847 ﬁunt
2850 3813 2863 3847 :
2909 3796 3053 3864 quod
3100 3797 3146 3850 si
3185 3812 3250 3851 ex
3282 3799 3348 3853 iis
3376 3817 3495 3869 quae
3524 3817 3570 3852 ιιι
3599 3820 3628 3854 ιι

2047 3892 2196 3950 sunt,
2231 3883 2597 3950 deducuntur,
2625 3886 2828 3940 creatio
2859 3893 2942 3940 est
2976 3887 3122 3957 quod
3164 3890 3222 3942 lit
3246 3927 3259 3950 ,
3310 3906 3409 3944 nec
3441 3907 3628 3945 verum

2045 3987 2126 4034 est
2180 3977 2325 4048 quod
2374 3978 2450 4031 ait
2497 3978 2749 4050 Moyses,
2800 3970 3311 4052 ηοιιιιιιίεηεφιίεινὶι
3365 3985 3504 4038 Deus
3563 3993 3627 4042 ab

2047 4070 2291 4125 omnibus
2349 4072 2590 4139 operibus
2640 4073 2752 4126 suis
2782 4073 2825 4104 ⁸⁸
2865 4081 3178 4143 (utrumque
3211 4081 3390 4129 autem
3432 4080 3628 4132 absur-

2044 4164 2171 4225 dum
2201 4165 2325 4233 est).
2361 4162 2478 4219 Non
2505 4165 2667 4234 igitur
2700 4181 2845 4220 nunc
2893 4167 3089 4220 animm
3131 4180 3467 4222 nascuntur:
3496 4183 3618 4221 nam

2043 4256 2174 4310 illud
2201 4296 2214 4319 ,
2253 4256 2412 4310 Pater
2442 4273 2586 4310 meus
2627 4257 2902 4328 hucusque
2922 4271 3172 4327 operatur
3203 4262 3246 4292 ³¹
3268 4301 3280 4324 ,
3319 4275 3428 4313 non
3467 4278 3626 4316 usur-

2044 4359 2201 4418 patur
2230 4348 2296 4401 de
2326 4363 2384 4402 re
2402 4350 2662 4415 creanda,
2694 4348 2786 4402 sed
2816 4348 3020 4404 dictum
3049 4365 3172 4404 esse
3209 4350 3397 4403 volunt
3427 4367 3526 4428 pro.
3559 4369 3623 4404 eo

2039 4437 2184 4508 quod
2212 4437 2635 4504 estprovidere;
2678 4444 2732 4490 et
2773 4437 2872 4505 ipsi
2914 4453 3130 4506 quoque
3165 4440 3503 4507 Apollinario
3543 4443 3620 4494 γί-

2034 4529 2192 4584 detur
2219 4528 2432 4582 animas
2467 4529 2536 4580 ab
2568 4529 2766 4581 animis
2809 4528 2982 4582 creari
3033 4531 3182 4583 velut
3215 4545 3243 4582 a
3291 4532 3619 4602 corporibus

2035 4618 2312 4692 [corpora]
2333 4637 2346 4686 ;
2365 4619 2565 4689 quippe
2589 4620 2824 4673 animam
2847 4621 3142 4691 procedere
3168 4623 3280 4677 vult
3310 4639 3373 4678 ex
3397 4625 3620 4681 traduce

2031 4725 2128 4780 per
2174 4700 2577 4766 successionem
2613 4725 2642 4763 a
2674 4711 2848 4781 primo
2887 4712 3108 4768 homine
3147 4714 3212 4767 ad
3254 4731 3349 4771 eos
3380 4717 3471 4786 qui
3504 4720 3616 4771 nati

2032 4810 2159 4856 sunt
2201 4818 2265 4858 ex
2310 4802 2426 4867 illo,
2470 4805 2648 4858 instar
2678 4819 2958 4873 corporeae
2990 4807 3383 4863 successionis.
3434 4809 3619 4879 Neque

2031 4893 2174 4947 enim
2207 4893 2418 4948 animas
2450 4894 2655 4948 servari
2695 4895 2968 4959 conditas,
3003 4912 3180 4968 neque
3215 4916 3364 4955 nunc
3402 4905 3614 4959 creari:

2030 4983 2230 5037 etenim
2259 4997 2354 5038 eos
2385 4983 2478 5052 qui
2509 4983 2623 5038 haec
2646 4985 2920 5049 dictitant,
2951 4985 3117 5040 Deum
3155 4987 3370 5045 eﬂicere
3422 5001 3617 5060 putant

2028 5071 2330 5140 arljutorem
2377 5071 2748 5127 adulterorum
2782 5090 2805 5128 ι
2837 5089 2901 5129 ex
2951 5075 3016 5131 iis
3065 5078 3210 5132 enim
3258 5081 3420 5134 etiam
3459 5082 3615 5134 liberi

2028 5168 2353 5216 nascuntur.
2384 5160 2555 5217 Porro
2593 5165 2936 5221 mendacium
2967 5183 3091 5224 esse
3133 5179 3420 5225 autumant
3455 5172 3613 5236 illud,

2007 5249 2295 5322 ‘Requievit
2335 5252 2401 5305 ab
2440 5254 2681 5307 omnibus
2722 5257 2964 5323 operibus
3005 5262 3140 5324 suis,
3175 5277 3292 5327 qua:
3328 5261 3480 5328 saepit
3525 5261 3613 5330 fa-

2027 5359 2163 5406 cere,
2219 5343 2487 5413 siquidem
2517 5345 2681 5400 etiam
2723 5362 2869 5402 nunc
2908 5350 3123 5404 animas
3171 5349 3374 5402 condit.
3409 5350 3614 5408 Verum

2028 5435 2075 5490 si
2103 5435 2284 5490 omnia
2323 5451 2446 5506 quae
2489 5439 2804 5494 successive
2847 5439 2983 5493 ﬁunt
3027 5455 3091 5494 ex
3133 5447 3320 5496 mutua
3357 5458 3614 5514 procrea-

2028 5523 2195 5592 tione,
2241 5526 2493 5581 mortalia
2523 5541 2645 5581 esse
2689 5527 2918 5599 probata
2967 5533 3134 5594 sunt;
3171 5543 3294 5583 nam
3325 5541 3608 5604 propterea
