4066 6146
431 197 533 253 ΩθἹ

1767 197 2090 254 GREGORII
2134 197 2420 254 NYSSENI

3567 202 3672 257 908

432 317 716 378 generant,
755 319 806 362 et
859 320 1204 381 generantur,
1253 317 1310 362 ut
1345 311 1781 380 corruptibilium
1827 328 1994 382 genus

2102 313 2436 383 τικτόμενον,
2465 316 2497 386 ἢ
2526 314 2603 384 τῷ
2651 315 2747 385 βίῳ
2780 315 2811 384 ἢ
2863 314 3037 384 ἐαυτῷ
3069 314 3335 385 χρήσιμον
3381 316 3632 386 ἐσόμενον
3657 358 3670 380 ,

430 412 780 471 permaneat;
837 418 1057 457 necesse
1090 416 1306 470 quoque
1334 402 1525 456 horum
1580 413 1673 457 aut
1719 406 1998 459 mortalem

429 510 550 547 esse
598 498 830 548 animam
880 492 1008 552 dici,
1065 506 1189 545 cum
1246 493 1476 547 invicem
1532 501 2002 562 procreaturzaut

432 603 536 640 non
572 603 665 655 per
695 586 1092 639 successionem
1123 601 1188 640 ex
1219 601 1278 641 se
1320 587 1547 640 invicem
1595 587 1840 656 generari
1880 587 2000 640 ani-

431 694 579 732 mas:
617 692 737 730 nam
767 676 1121 745 quaestionem
1158 678 1224 731 de
1260 677 1326 731 iis
1360 677 1450 746 qui
1495 692 1562 729 ex
1608 677 1876 731 adulterio
1903 693 2001 731 na-

427 781 655 824 scuntur
683 769 1038 838 providentiae
1071 769 1269 822 rationi
1304 767 1662 838 relinquimus
1682 809 1697 834 ,
1732 785 1852 838 qua:
1879 769 2003 838 qui-

2103 407 2194 456 καὶ
2233 404 2319 457 διὰ
2370 404 2527 456 τοῦτο
2578 409 2847 476 συγχωρεῖ
2891 406 2987 477 τὴν
3033 405 3346 476 ἑμψύχωσιν
3391 404 3670 474 γίνεσθαιδ

2105 495 2285 547 ἰκανὸν
2331 496 2387 548 δὲ
2420 498 2714 568 τεκμήριον
2753 498 2910 550 τοῦτο
2950 497 3317 567 λαμϐάνομεν,
3347 497 3436 550 τὸν
3468 501 3531 550 ὲκ
3575 501 3670 570 τῆς

2100 585 2193 639 τοῦ
2243 587 2438 658 Οὐρίου
2502 591 2596 641 καὶ
2645 589 2808 642 Δαϐ¹ιδ
2861 590 3187 660 γεννηθέντα
3243 589 3530 660 Σολομῶνα
3577 590 3674 662 [ὡς

2103 679 2242 732 κατὰ
2276 681 2440 749 νόμον
2479 679 2570 732 τὸν
2595 679 2737 732 θεῖον
2773 680 3074 750 τικτομένῳ
3108 681 3217 742 ’ῶς
3272 681 3366 733 καὶ
3393 682 3487 734 ἐπὶ
3517 682 3674 735 Σολο-

2107 770 2277 840 μῶντι
2306 771 2381 840 τῷ
2410 770 2574 824 Δαὸὶδ
2593 770 2886 839 γεννῶνται
2909 772 2976 825 τὰ
3007 771 3321 841 γεννώμενα

425 860 546 915 dem
567 876 595 913 a
614 859 1089 929 nobisignoratur.
1123 858 1277 924 Quod
1302 859 1346 914 si
1370 859 1499 927 quid
1528 866 1775 929 oporteat
1805 859 1872 915 de
1908 861 2245 929 providentia
2266 862 2584 930 conjectura
2607 865 2846 932 assequi,
2869 863 3017 916 novit
3047 864 3213 932 probe
3247 865 3391 934 quod
3427 872 3669 919 creatum

424 959 526 1015 est,
551 958 644 1004 aut
664 952 805 1014 vitae,
835 959 930 1005 aut
965 952 1064 1005 sibi
1085 952 1427 1008 commodum
1465 963 1625 1024 atque
1654 956 1783 1009 utile
1805 955 2074 1030 futurum;
2108 957 2256 1027 atqui
2284 958 2489 1012 idcirco
2520 959 2770 1012 concedit
2791 958 3094 1012 animorum
3125 960 3498 1029 migrationem
3533 960 3665 1018 ﬁeri.

427 1041 674 1096 Validnm
694 1057 822 1096 vero
843 1041 966 1095 hinc
988 1050 1363 1111 argumentum
1403 1043 1542 1097 adid
1577 1044 1827 1098 ducimus
1858 1044 2223 1110 Salomonem,
2253 1046 2346 1116 qui
2382 1061 2446 1100 ex
2484 1046 2627 1102 Urize
2653 1047 2837 1100 uxoris
2873 1054 3160 1116 conceptu,
3201 1058 3255 1102 et
3295 1047 3509 1104 Davidis
3549 1057 3668 1104 satu

423 1132 603 1186 editus
653 1141 755 1198 est,
795 1131 950 1201 quasi
986 1131 1141 1201 juxta
1179 1132 1349 1202 legem
1385 1132 1625 1187 divinam
1661 1141 2002 1188 nasceretur.

497 1223 955 1297 (0)E.\'pem'amns
971 1224 1033 1273 tle
1060 1237 1224 1290 nee-ps
1237 1223 1399 1276 etiam
1413 1219 1833 1274 Manichaeorum
1856 1223 1976 1291 opi-

428 1315 644 1366 nionem
685 1310 750 1364 de
781 1311 962 1363 anima
994 1329 1006 1364 :
1041 1311 1197 1364 aiunt
1237 1313 1438 1366 etenim
1475 1328 1592 1366 eam
1636 1329 1759 1368 esse
1807 1313 1989 1367 incor-

427 1419 647 1474 porcam
691 1411 744 1457 et
791 1404 1190 1471 immortalem;
1236 1402 1330 1457 sed
1363 1419 1523 1456 unam
1561 1405 1841 1474 solamque
1871 1420 1992 1459 esse

427 1497 804 1551 universorum
834 1496 1070 1548 animam
1100 1510 1194 1564 per
1221 1495 1393 1550 frusta
1422 1496 1690 1558 divisam,
1727 1507 1780 1550 et
1808 1497 1993 1550 conci-

426 1602 542 1641 sam
571 1588 626 1641 in
651 1587 861 1657 singula
887 1601 1140 1656 corpora,
1169 1589 1407 1642 animata
1441 1597 1494 1643 et
1522 1589 1759 1641 inanima
1787 1608 1799 1642 :
1830 1599 1992 1658 atque

427 1675 542 1733 Haec
572 1679 835 1748 potiorem
864 1680 1116 1734 obtinere
1139 1689 1348 1750 partem
1367 1719 1381 1744 ,
1413 1680 1519 1733 alia
1546 1681 1806 1734 minorem
1830 1697 1844 1745 ;
1875 1697 1989 1734 am-

426 1770 662 1840 pliorem
697 1769 914 1840 quidem
964 1771 1236 1836 animata,
1289 1771 1655 1841 angustiorem
1690 1781 1870 1826 autem
1903 1773 1991 1826 in-

425 1861 636 1927 anima,
671 1862 840 1916 multo
870 1877 999 1916 vero
1033 1862 1401 1932 augustiorem
1433 1863 1675 1918 etelestia
1705 1881 1720 1929 ;
1751 1863 1886 1918 adeo
1936 1871 1994 1918 ut

423 1954 694 2009 universae
723 1954 946 2020 animae,
981 1955 1100 2009 aliae
1133 1955 1362 2024 singula:
1391 1955 1500 2009 sint
1529 1955 1810 2024 particulae
1835 1970 1992 2024 quae--

424 2043 588 2112 dam;
619 2051 672 2100 et
697 2044 744 2099 si
770 2044 986 2114 quidem
1015 2045 1153 2098 hanc
1175 2044 1449 2099 individue
1479 2044 1664 2113 partiri
1691 2042 1990 2106 dixissent,

423 2144 684 2205 tanquam
714 2150 902 2190 vocem
937 2135 1081 2188 inter
1122 2135 1407 2188 audientes
1427 2172 1442 2196 ,
1473 2133 1744 2187 mediocre
1781 2133 1981 2189 malum

425 2228 572 2284 istud
600 2227 810 2281 fuisset.
828 2224 984 2280 Nunc
1007 2233 1187 2280 autem
1211 2225 1399 2279 dicunt
1423 2225 1788 2279 substantiam
1817 2223 1989 2293 ipsam

423 2321 619 2374 anima:
644 2318 843 2381 dividi,
866 2326 918 2372 et
945 2317 1088 2386 quod
1123 2315 1364 2369 omnium
1401 2314 1850 2370 molestissimum
1876 2321 1990 2378 est,

423 2413 642 2483 proprie
671 2411 840 2481 ipsam
867 2410 922 2464 in
953 2407 1236 2464 elementis
1261 2421 1384 2462 esse
1413 2407 1601 2462 volunt
1620 2450 1634 2472 ,
1661 2416 1716 2461 et
1740 2423 1844 2461 una
1875 2408 1993 2462 dis—

425 2501 590 2556 tribui
625 2514 748 2554 cum
803 2500 886 2558 his
922 2499 975 2550 in
1004 2512 1304 2565 corporum
1350 2497 1734 2566 generatione,
1771 2511 1834 2551 ac
1867 2512 1994 2550 rur-

422 2609 519 2648 sus
567 2591 632 2646 ad
679 2591 822 2646 idem
863 2589 1157 2644 convenire
1195 2586 1495 2656 eodemque
1545 2587 1748 2657 redigi,
1800 2588 1994 2643 solutis

422 2683 784 2752 corporibus,
829 2681 971 2736 sicut
1014 2695 1158 2748 aqua
1207 2679 1260 2732 in
1296 2687 1482 2749 partes
1519 2677 1693 2732 divisa
1720 2719 1735 2742 ,
1769 2679 1994 2731 iterum-

424 2788 532 2842 que
560 2779 750 2825 coacta
783 2777 836 2824 et
865 2768 1147 2837 permista.
1191 2767 1430 2836 Itemque
1461 2768 1670 2822 animas
1711 2783 1877 2835 puras
1926 2767 1990 2820 ad

423 2863 600 2918 lucem
665 2876 924 2931 pergere,
986 2874 1110 2912 cmn
1171 2859 1302 2928 ipsa:
1337 2859 1514 2912 lumen
1559 2860 1690 2922 sint,
1730 2847 2002 2912 contamii

2175 1224 2333 1296 Ἑξῆς
2381 1226 2797 1296 ἐπισκεψώμεθα
2851 1225 2944 1278 καὶ
3005 1225 3102 1296 τὴν
3159 1225 3316 1292 δόξαν
3354 1227 3462 1280 τῶν
3499 1228 3670 1280 Μανι-

2095 1315 2285 1384 χαίων,
2325 1315 2391 1384 ἣν
2416 1315 2596 1384 ἔχουσι
2628 1315 2754 1385 περὶ
2791 1315 2888 1384 τῆς
2913 1315 3109 1384 ψυχῆς.
3141 1317 3277 1368 Φασὶ
3308 1317 3402 1386 μὲν
3429 1315 3538 1388 γὰρ
3573 1317 3669 1369 αὑ-

2093 1402 2188 1472 τὴν
2223 1401 2510 1472 ἀσώματον
2551 1405 2642 1455 καὶ
2688 1403 2952 1456 ἀθάνατον
2979 1420 2991 1432 ·
3044 1405 3170 1473 μίαν
3209 1405 3266 1456 δὲ
3321 1405 3486 1475 μόνην
3533 1401 3668 1458 εἶναι

2093 1493 2190 1562 τὴν
2233 1493 2340 1546 τῶν
2381 1493 2634 1548 ἁπάντων
2687 1493 2882 1564 ψυχὴν,
2924 1495 3534 1566 κατακερματιζομένην
3576 1497 3669 1550 καὶ

2095 1583 2574 1652 κατατεμνομένην
2595 1585 2672 1646 εἰς
2688 1583 2754 1636 τὰ
2780 1583 2902 1636 καθ’
2925 1584 3153 1637 ἕκαστον
3181 1585 3427 1654 σώματα,
3453 1586 3671 1657 ἔμψυχά

2098 1690 2157 1725 τε
2194 1674 2286 1726 καὶ
2329 1674 2512 1744 ἄψυχα
2533 1691 2546 1703 ·
2584 1675 2676 1726 καὶ
2700 1675 2767 1727 τά
2803 1677 2899 1745 μὲν
2933 1677 3173 1739 πλείονος
3199 1679 3368 1748 αὐτῆς
3403 1681 3667 1749 μετέχειν,

2098 1764 2165 1816 τὰ
2187 1765 2242 1817 δὲ
2267 1764 2570 1828 ἐλάττονος·
2611 1766 2853 1830 πλείονος
2890 1768 2988 1835 μὲν
3021 1768 3088 1820 τὰ
3121 1759 3356 1838 ἔμψυχα,
3394 1770 3673 1836 ἐλάττονος

2098 1855 2154 1906 δὲ
2178 1855 2243 1906 τὰ
2272 1855 2471 1924 ἄψυχα,
2505 1856 2685 1926 πολλῷ
2711 1856 2766 1908 δὲ
2795 1857 3034 1920 πλείονος
3060 1858 3130 1911 τὰ
3156 1859 3381 1929 οὐράνια
3405 1877 3416 1889 ·
3463 1859 3538 1923 ὡς
3574 1858 3672 1928 τῆς

2099 1944 2327 1997 καθόλου
2355 1946 2533 2016 ψυχῆς
2564 1947 2701 2018 μέρη
2736 1947 2833 2011 τὰς
2869 1949 2988 2002 καθ’
3019 1949 3245 2004 ἕκαστον
3286 1948 3426 2004 εἶναι
3453 1951 3629 2020 ψυχάς
3650 1967 3665 1984 '

2100 2037 2192 2087 καὶ
2221 2037 2269 2087 εί
2314 2036 2411 2106 μὲν
2455 2037 2762 2107 ἀμερίστως
2810 2039 3124 2110 μερίζεσθαι
3169 2042 3369 2112 ταύτην
3410 2042 3672 2111 ἔφασκον,

2099 2128 2174 2191 ὡς
2214 2128 2310 2198 τὴν
2360 2130 2542 2200 φωνὴν
2587 2131 2644 2183 ἐν
2695 2132 2808 2194 τοῖς
2843 2131 3119 2199 ἀκούουσι,
3151 2133 3370 2205 μέτριον
3414 2134 3478 2188 ἂν
3505 2130 3573 2205 ἦν
3612 2136 3672 2188 τὸ

2101 2220 2268 2272 κακόν
2293 2237 2306 2249 ·
2357 2219 2451 2272 νῦν
2489 2220 2545 2272 δὲ
2586 2221 2685 2290 τὴν
2717 2222 2903 2275 οὐσίαν
2941 2223 3110 2293 αὐτὴν
3157 2224 3256 2293 τῆς
3285 2225 3462 2296 ψυχῆς
3501 2243 3670 2278 κατα-

2103 2309 2417 2380 μερίζεσθαι
2440 2313 2675 2382 λέγουσι,
2708 2318 2801 2368 καὶ
2823 2317 2883 2369 τὸ
2913 2319 3129 2372 πάντων
3159 2319 3559 2388 χαλεπώτατον,
3589 2323 3671 2374 ὅτι

2100 2401 2303 2472 κυρίως
2339 2403 2510 2474 αὐτὴν
2530 2405 2590 2457 ἐν
2613 2405 3043 2474 ποιχείοιςεῖναι
3065 2407 3360 2478 βούλονται,
3397 2410 3490 2462 κα)⁵
3533 2427 3671 2478 συμ-

2104 2492 2421 2564 μερίζεσθαι
2455 2494 2664 2559 τούτοις
2697 2498 2754 2549 ἐν
2787 2501 2850 2568 τῇ
2878 2500 2984 2552 τῶν
3017 2501 3280 2570 σωμάτων
3313 2501 3542 2568 γενέσει,
3580 2503 3676 2554 καὶ

2101 2583 2260 2635 πάλιν
2307 2586 2386 2648 εἰς
2430 2586 2625 2638 ταύτὸν
2673 2588 2908 2641 συνιέναι
2953 2588 3313 2659 διαλυομένων
3345 2591 3452 2643 τῶν
3486 2593 3673 2662 σωμά-

2098 2691 2226 2738 των,
2273 2675 2348 2738 ὠς
2385 2675 2524 2748 ὕδωρ
2561 2679 2929 2749 μεριζόμενον,
2983 2681 3076 2732 καὶ
3108 2681 3267 2734 πάλιν
3311 2683 3674 2752 συναγόμενον

2101 2767 2192 2817 καὶ
2227 2767 2573 2838 μιγνύμενον.
2607 2770 2715 2822 Καὶ
2740 2771 2836 2833 τὰς
2867 2771 2964 2842 μὲν
2998 2771 3243 2844 καθαρὰς
3269 2773 3445 2842 ψυχὰς
3476 2777 3672 2843 χωρεῖν

2100 2859 2179 2920 είς
2217 2860 2278 2912 τὸ
2310 2859 2442 2930 φῶς,
2477 2861 2590 2930 φῶς
2636 2861 2801 2926 οὔσας
2825 2880 2838 2893 ·
2890 2863 2988 2926 τὰς
3028 2864 3084 2916 δὲ
3129 2865 3536 2936 μεμολυσμένας
3569 2868 3681 2919 ὑπὸ

422 2959 585 3006 natas
611 2958 792 3004 autem
821 2964 849 3002 a
875 2949 1100 3002 materia
1121 2989 1136 3014 ,
1167 2949 1232 3002 ad
1264 2949 1529 3003 elementa
1557 2949 1707 3003 abire
1726 2988 1741 3012 ,
1775 2951 1994 3004 iterum-

2098 2949 2198 3019 τῆς
2227 2951 2377 3023 ὕλης,
2415 2957 2609 3024 χωρεῖν
2635 2955 2713 3018 εἰς
2740 2953 2809 3006 τὰ
2835 2957 3098 3026 στοιχεῖα·
3133 2957 3222 3008 καὶ
3248 2957 3407 3010 πάλιν
3439 2959 3545 3011 άπὸ
3565 2958 3672 3012 τῶν

423 3060 529 3114 que
559 3044 628 3098 ab
657 3043 942 3098 elementis
973 3044 1040 3094 ad
1065 3041 1281 3110 plantas
1307 3047 1361 3094 et
1395 3040 1649 3094 animalia
1679 3041 1859 3094 bruta.
1891 3041 1996 3094 Ita-

420 3150 526 3203 que
559 3133 730 3204 ipsius
761 3132 1057 3187 essentiam
1085 3131 1426 3187 dissecantes
1449 3170 1464 3194 ,
1499 3140 1553 3185 et
1594 3131 1742 3184 velut
1795 3147 1993 3201 corpo-

421 3242 568 3281 ream
606 3224 987 3279 affectionibus
1018 3223 1408 3293 subjicientes,
1459 3224 1822 3278 immortalem
1869 3240 1994 3280 esse

421 3326 675 3374 asserunt
695 3359 709 3382 ,
746 3318 840 3372 sed
877 3318 930 3370 in
958 3316 1234 3370 contraria
1254 3317 1551 3368 incurrunt
1580 3335 1593 3370 :
1629 3316 1826 3370 etenim
1857 3317 1988 3369 dum

419 3413 654 3480 pollutas
683 3410 894 3462 animas
923 3408 989 3460 ad
1019 3408 1287 3461 elementa
1317 3420 1600 3460 recurrere
1650 3405 1950 3476 pradicant
1975 3447 1989 3471 ,

419 3512 473 3555 et
527 3499 873 3554 commisceri
932 3497 1076 3550 inter
1133 3513 1192 3552 se
1226 3535 1242 3559 ,
1305 3512 1500 3552 rursus
1554 3497 1702 3565 ipsas
1754 3499 1992 3551 cruciari

421 3593 575 3645 aiunt
608 3590 662 3644 in
699 3588 1152 3659 commigratione
1181 3587 1248 3642 ad
1289 3587 1392 3640 alia
1424 3603 1652 3656 corpora
1675 3628 1688 3652 ,
1735 3604 1833 3658 pro
1864 3605 1990 3660 gra-

425 3685 594 3737 vitate
624 3682 981 3742 delictorum,
1027 3680 1156 3734 dum
1208 3680 1410 3765 pniunt
1451 3681 1632 3750 ipsas,
1682 3682 1993 3751 iterumque

421 3782 679 3842 separant
733 3771 946 3825 ratione
1003 3769 1394 3825 subsistentiae.
1445 3768 1736 3824 Enimvero
1771 3770 1994 3824 tnnliras

421 3867 545 3920 luce
583 3870 835 3918 manente
875 3861 1159 3931 separari,
1209 3867 1360 3915 arcta
1411 3875 1542 3914 vero
1595 3859 1987 3928 conjunctione

425 3955 570 4012 uniri
594 3973 606 4009 ε
634 3954 776 4024 quod
812 3951 1031 4023 quidem
1069 3952 1124 4005 in
1157 3950 1485 4020 intelligibili
1518 3960 1713 4004 natura
1747 3952 1862 4005 ﬁeri
1894 3968 1990 4005 ne-

422 4047 560 4117 quit.
594 4043 840 4112 Namque
866 4043 1071 4097 umbrt‘e
1101 4051 1227 4097 sunt
1272 4042 1540 4096 bonorum
1570 4060 1582 4094 :
1617 4043 1831 4096 tametsi
1867 4041 1991 4110 quis

421 4138 757 4194 concesserit
792 4137 940 4204 ipsas
972 4133 1252 4204 separari,
1285 4148 1348 4188 ac
1377 4148 1572 4188 rursus
1601 4133 1785 4188 unitas
1818 4148 1982 4202 copu-

421 4233 544 4286 lari.
582 4229 754 4286 Porro
781 4227 938 4282 Plato
970 4235 1026 4282 et
1058 4241 1223 4280 unam
1255 4241 1410 4290 esse,
1449 4233 1506 4280 et
1546 4225 1747 4280 multas
1777 4227 1992 4280 animas
2041 4223 2046 4226 ’

2099 3042 2397 3110 στοιχείων,
2434 3043 2514 3106 εἰς
2541 3043 2608 3096 τὰ
2639 3045 2781 3113 φυτά
2825 3045 2918 3097 καὶ¹
2962 3045 3032 3098 τὰ
3069 3045 3183 3110 ζῶα
3208 3064 3220 3077 ·
3266 3048 3361 3100 καὶ
3403 3048 3545 3100 οὕτω
3577 3049 3674 3119 τὴν

2094 3129 2280 3182 οὐσίαν
2324 3131 2495 3200 αὐτῆς
2537 3133 2982 3200 κατατέμνοντες,
3029 3135 3123 3186 καὶ
3157 3135 3469 3206 σωματικὴν
3503 3153 3674 3190 κατα-

2094 3219 2384 3288 τέμνοντες
2409 3228 2447 3286 ·,
2503 3223 2596 3275 καὶ
2665 3224 2890 3277 πάθεσιν
2950 3225 3356 3289 ὑποϐάλλοντες,
3411 3227 3674 3280 ἀθάνατον

2094 3305 2232 3364 εἷναί
2298 3329 2430 3380 φασι
2464 3329 2478 3344 ο
2530 3315 2914 3385 περιπίπτουσι
2956 3314 3012 3368 δὲ
3062 3317 3154 3369 καὶ
3220 3321 3330 3380 τοῖς
3383 3318 3671 3380 ἐναντίοις·

2095 3401 2392 3470 φάσκοντες
2422 3403 2528 3473 γὰρ
2563 3406 2880 3477 ἀνατρέχειν
2915 3408 3008 3470 τὰς
3041 3407 3454 3478 μεμολυσμένας
3497 3407 3675 3478 ψυχὰς

2095 3494 2186 3545 ἐπὶ
2215 3496 2282 3547 τὰ
2313 3499 2567 3564 στοιχεῖα,
2599 3498 2692 3549 καὶ
2725 3499 3152 3568 καταμίγνυσθαι
3184 3498 3430 3570 ἀλλήλοις
3454 3541 3469 3564 ,
3515 3500 3676 3552 πάλιν

2093 3577 2261 3640 αὐτὰς
2315 3579 2372 3630 ἐν
2419 3581 2533 3641 ταῖς
2585 3581 3101 3650 μετενσωματώσεσί
3140 3599 3269 3649 φασι
3299 3583 3676 3652 τιμωρεῖσθαι,

2094 3664 2233 3716 κατὰ
2255 3662 2314 3714 τὺ
2345 3663 2570 3733 μέγεθος
2608 3665 2714 3717 τῶν
2740 3667 3168 3736 ἁμαρτημάτων,
3209 3665 3452 3728 ένοῦντες
3485 3667 3672 3729 αὑτὰς,

2095 3747 2186 3798 καὶ
2243 3746 2401 3799 πάλιν
2453 3746 2808 3817 χωρίζοντες,
2857 3749 2978 3802 καθ’
3029 3749 3340 3802 ὑπόστασιν.
3404 3750 3512 3802 Καὶ
3567 3749 3676 3821 γὰρ

2092 3829 2191 3892 τὰς
2221 3829 2376 3891 σκιὰς
2434 3829 2607 3897 φωτὸς
2665 3830 2914 3899 μένοντος
2959 3832 3322 3900 χωρίζεσθαι,
3377 3833 3674 3899 συναφείας

2093 3911 2150 3964 δὲ
2197 3911 2497 3980 γενομένης
2563 3912 2813 3964 ένοῦσθαι
2839 3954 2851 3973 ,
2883 3913 3016 3982 ὅπερ
3059 3911 3314 3966 ἀδύνατον
3344 3915 3434 3967 ἐπὶ
3478 3915 3679 3984 νοητῆς

2095 3994 2306 4062 φύσεως
2354 3994 2624 4062 γενέσθαι.
2668 3996 2774 4047 Καὶ
2827 3996 2930 4066 γὰρ
2978 3997 3034 4049 αἱ
3089 3998 3236 4050 σκιαὶ
3289 3998 3394 4051 τῶν
3457 3995 3678 4065 ἀγαθῶν

2093 4080 2263 4129 εἰσινο
2294 4078 2343 4128 εἰ
2377 4078 2466 4130 καὶ
2513 4077 2626 4147 δοίη
2685 4092 2765 4141 τις
2809 4078 2978 4142 αὐτὰς
3023 4078 3368 4150 χωρίζεσθαι,
3419 4082 3512 4134 καὶ
3566 4081 3678 4134 atd-

2093 4161 2176 4213 λιν
2233 4159 2502 4214 ἐνοῦσθαι.
2577 4160 2799 4213 Πλάτων
2857 4161 2913 4214 δὲ
2979 4162 3072 4215 καὶ
3167 4163 3295 4232 μίαν
3376 4159 3514 4216 εἶναι
3583 4165 3676 4216 καὶ

2094 4245 2292 4308 πολλάς
2347 4245 2521 4316 ψυχὰς
2573 4246 2957 4314 ἀποφαίνεται.
3009 4247 3152 4300 Μίαν
3209 4248 3305 4317 μὲν
3384 4249 3492 4318 γὰρ
3537 4243 3674 4300 εἶναι

421 4332 695 4382 asseverat
720 4341 734 4378 :
763 4336 921 4376 unam
945 4320 1146 4390 quippe
1173 4335 1295 4374 esse
1317 4319 1562 4394 universi
1589 4319 1860 4384 animam,
1893 4319 1986 4372 sed

2098 4329 2186 4381 τοῦ
2234 4329 2431 4392 παντὸς
2486 4328 2584 4398 τὴν
2627 4329 2835 4398 ψυχήν·
2885 4325 3024 4381 εἶναι
3079 4329 3134 4381 δὲ
3185 4332 3276 4383 καὶ
3346 4330 3508 4393 ἄλλας
3565 4333 3673 4382 τῶν

420 4425 476 4473 et
521 4417 659 4472 alias
686 4432 749 4470 ex
789 4416 856 4470 iis
890 4430 1012 4485 qua:
1045 4413 1406 4484 particulares
1445 4420 1617 4478 sunt;
1667 4419 1727 4466 ut
1771 4412 1991 4482 proprie

421 4509 754 4564 universitas
792 4508 1033 4563 animata
1072 4507 1145 4562 sit
1178 4505 1246 4560 ab
1276 4506 1530 4560 universa
1569 4505 1750 4558 anima
1775 4521 1790 4569 ;
1813 4503 1908 4558 sed
1939 4512 1994 4556 et

420 4601 772 4670 peculiariter
823 4614 917 4667 per
968 4605 1152 4667 partes
1209 4597 1428 4666 propria
1479 4596 1748 4665 cujusque
1788 4596 1990 4647 anima.

419 4691 511 4748 Ait
545 4703 675 4759 ergo
707 4689 948 4743 universi
977 4686 1196 4758 quidem
1227 4688 1465 4740 animam
1495 4687 1784 4739 distentam
1814 4699 1935 4738 esse
1964 4699 1993 4736 a

421 4787 616 4836 centro
669 4787 828 4834 terrae
862 4779 928 4832 ad
963 4779 1162 4833 limites
1209 4779 1333 4832 θα)ιὶ
1368 4795 1383 4843 ;
1420 4792 1520 4830 nec
1560 4791 1689 4830 vero
1721 4773 1993 4843 ejusmodi

422 4873 816 4927 distensionem
865 4871 1092 4925 localem
1140 4885 1263 4924 esse
1313 4867 1604 4940 praedicat,
1660 4862 1756 4921 sed
1798 4866 1996 4919 intelli-

422 4965 685 5037 gibilem:
725 4962 995 5032 ejusmodi
1039 4969 1188 5016 certe
1233 4961 1468 5014 animam
1516 4973 1640 5014 esse
1665 4998 1678 5022 ,
1728 4973 1850 5027 quae
1889 4957 1995 5010 cir-

423 5056 662 5128 cumagit
709 5054 762 5108 in
812 5054 999 5108 orbem
1052 5053 1500 5117 universitatem,
1557 5059 1612 5106 et
1676 5057 1891 5103 coercet
1943 5059 1997 5103 et

422 5149 666 5204 continet
711 5159 1030 5216 corpoream
1077 5142 1265 5196 mundi
1313 5144 1544 5208 molem,
1599 5156 1827 5211 quaeque
1875 5139 1997 5193 uni-

424 5241 704 5297 versitatis
737 5251 966 5307 corpora
999 5241 1280 5306 penetrat,
1327 5235 1381 5287 in
1432 5235 1497 5287 iis
1537 5248 1659 5302 quae
1690 5246 1854 5300 supra
1885 5239 1996 5283 tra-

425 5333 696 5387 ctavimus
744 5330 1180 5385 demonstratum
1233 5333 1339 5380 est.
1373 5324 1485 5378 lloc
1535 5338 1696 5392 porro
1734 5322 1890 5387 facit,
1940 5329 1999 5374 ut

431 5423 609 5480 anima
639 5422 711 5476 sit
748 5422 1002 5490 specilica
1021 5458 1036 5485 ,
1061 5418 1109 5475 si
1133 5417 1348 5488 quidem
1373 5415 1625 5486 quodque
1653 5429 1844 5470 eorum
1875 5431 1998 5485 qua:

498 5601 571 5669 tn)
608 5597 787 5654 Locus
820 5599 903 5654 hic
939 5601 1160 5654 lutatus
1191 5607 1294 5653 est.

2094 4413 2233 4466 κατὰ
2263 4412 2444 4482 μέρος,
2469 4413 2544 4474 ὠς
2570 4412 2674 4481 ίδίᾳ
2706 4413 2804 4482 μὲν
2831 4413 2892 4465 τὸ
2918 4414 3023 4465 πᾶν
3053 4413 3423 4482 ἐμψυχοῦσθαι
3451 4413 3555 4466 ὑπὸ
3574 4431 3674 4481 της

2095 4504 2189 4557 τοῦ
2216 4505 2414 4568 παντὸς
2439 4505 2616 4574 ψυχῆς
2638 4523 2649 4536 ·
2686 4505 2790 4576 ἰδίᾳ
2817 4505 2873 4557 δὲ
2904 4506 3062 4558 πάλιν
3095 4505 3162 4558 τὰ
3191 4505 3330 4558 κατὰ
3360 4506 3542 4576 μέρος,
3571 4507 3676 4559 ὑπὸ

2095 4595 2196 4664 τῆς
2233 4596 2368 4658 ἰδίας
2401 4596 2630 4648 ἑκάστου
2679 4595 2876 4665 ψυχῆς.
2931 4597 3092 4664 Λέγει
3141 4595 3270 4664 γοῦν
3315 4596 3414 4666 τὴν
3452 4599 3547 4666 μὲν
3581 4595 3672 4648 τοῦ

2099 4687 2298 4748 παντὸς
2331 4686 2675 4740 διατετάσθαι
2721 4687 2895 4758 ψυχὴν
2925 4689 3032 4742 ἀπὸ
3059 4687 3150 4740 τοῦ
3187 4688 3413 4758 κέντρου
3444 4689 3540 4757 τῆς
3573 4688 3676 4757 γῆς

2103 4779 2195 4830 ἐπὶ
2223 4778 2289 4830 τὰ
2319 4779 2529 4848 πέρατα
2552 4779 2643 4831 τοῦ
2677 4779 2928 4849 ούρανοῦ,
2963 4782 3023 4832 ού
3074 4778 3310 4840 τοπικῶς
3345 4779 3513 4846 αὐτὴν
3545 4777 3675 4829 δια-

2099 4868 2354 4922 τετάσθαι
2377 4869 2622 4937 φάσκων,
2653 4870 2788 4922 ἀλλά
2814 4869 3035 4939 νοητῶς.
3066 4868 3279 4937 Ταύτην
3298 4867 3353 4918 δὲ
3379 4868 3476 4937 τὴν
3497 4866 3676 4935 ψυχὴν

2101 4955 2239 5012 εἷναι
2281 4959 2377 5028 τὴν
2416 4961 2782 5030 περιάγουσαν
2813 4959 3165 5030 σφαιροειδῶς
3192 4958 3251 5010 τὸ
3287 4960 3391 5009 πᾶν
3430 4956 3521 5010 καὶ
3553 4973 3676 5008 συν-

2103 5050 2338 5117 άγουσαν
2357 5050 2446 5103 καὶ⁹
2463 5053 2860 5120 συσφίγγουσαν
2877 5051 2936 5104 τὸ
2954 5049 3312 5120 σωματοειδὲς
3332 5047 3425 5101 τοῦ
3448 5049 3672 5116 κόσμου,

2102 5138 2290 5192 διιέναι
2322 5156 2380 5191 τε
2412 5141 2480 5193 τὰ
2513 5141 2738 5210 σώματα
2763 5141 2857 5194 τοῦ
2889 5140 3220 5210 σύμπαντος,
3255 5141 3310 5190 ὲν
3336 5141 3446 5200 τοῖς
3476 5137 3675 5208 προλα-

2105 5229 2288 5284 ϐοῦσιν
2320 5231 2552 5302 ἐδείχθη.
2589 5234 2736 5285 Ποιεῖ
2764 5234 2818 5286 δὲ
2852 5232 3007 5285 τοῦτο
3048 5233 3145 5301 τὴν
3184 5229 3445 5283 εἰδοποιὸν
3476 5228 3670 5296 ψυχήν.

2103 5324 2210 5393 Ζῇν
2253 5324 2359 5394 γὰρ
2407 5327 2633 5378 ἕκαστον
2683 5325 2788 5377 τῶν
2836 5325 3003 5377 ὄντων
3053 5325 3149 5394 τὴν
3190 5323 3326 5375 ἰδίαν
3371 5319 3536 5388 ζωὴν,
3581 5319 3674 5371 καὶ

2106 5413 2420 5486 φθείρεσθαι
2452 5416 2550 5486 τὴν
2581 5416 2715 5470 ἰδίαν
2745 5415 2967 5487 φθοράν.
3007 5414 3152 5475 Ἕως
3191 5413 3288 5482 μὲν
3315 5411 3423 5481 γὰρ
3455 5415 3673 5476 συνέχε*
