4066 6146
390 238 585 327 τοο

1848 278 1933 331 DE
1972 279 2204 335 ANIMA.

3538 277 3638 331 210

394 404 487 441 1ται
514 389 604 439 καὶ
639 387 1010 456 συσφίγγεται,
1038 390 1097 441 τὸ
1132 390 1286 458 σῶμα
1313 386 1451 445 εἶναι
1482 392 1695 460 λέγεται
1720 411 1732 424 ’
1773 395 1976 448 διαλυόα

2083 406 2244 461 sunt,
2276 400 2437 452 vitam
2477 399 2636 452 habet
2671 398 2946 466 propriam
2968 438 2981 462 ,
3018 402 3071 449 et
3106 402 3161 448 ut
3204 399 3391 463 pereat
3424 392 3646 461 propria

400 495 561 547 μενον
584 479 639 531 δὲ
666 480 1012 550 φθείρεσθαι·
1062 482 1155 534 καὶ
1186 481 1284 553 ζῇν
1317 483 1415 553 μὲν
1443 484 1641 549 πάντα,
1689 486 1763 557 μὴ
1798 488 1975 541 πάντα

392 568 454 621 δὲ
488 565 628 621 εἶναι
655 568 788 633 ζῶα.
836 573 1178 642 Διακρίνουσι
1215 575 1312 643 μὲν
1340 576 1447 646 γὰρ
1478 578 1584 630 ἀπὸ
1608 576 1715 630 τῶν
1753 579 1974 649 ἀψύχων

396 660 468 711 τὰ
499 664 641 728 φυτὰ
684 662 763 732 τῷ
805 664 1130 729 αὐξάνεσθαι
1174 668 1267 718 καὶ
1295 668 1604 737 τρέφεσθαι,
1636 672 1879 723 τουτέστι
1909 675 1973 743 τῇ

397 750 666 822 θρεπτικῇ
719 754 812 806 καὶ
846 759 1047 825 φυσικῇ
1078 756 1301 826 δυνάμει
1329 775 1344 789 ⁸
1390 760 1457 813 τὰ
1483 760 1537 812 δὲ
1564 761 1697 815 ἄλλα
1728 762 1841 824 ζῶα
1868 764 1975 816 ἀπὸ

396 841 507 892 τῶν
542 843 726 910 φυτῶν
756 847 821 915 τῇ
854 846 1101 917 αἰσθήσει
1134 864 1147 877 ⁸
1197 846 1265 901 τὰ
1293 848 1349 900 δὲ
1381 848 1571 916 λογικά
1595 851 1701 904 ἀπὸ
1724 852 1830 905 τῶν
1856 853 1977 905 ἀλό-

398 948 512 997 γων
542 932 619 1002 τῷ
642 934 860 1003 λογικῷ.
911 937 1019 988 Καὶ
1046 936 1186 989 οὕτω
1222 938 1399 992 πάντα
1428 939 1525 1011 ζῇν
1558 941 1823 1008 λέγοντες,
1860 942 1975 995 δια-

398 1018 677 1076 στέλλουσι
702 1026 799 1094 τὴν
826 1027 1055 1079 ἑκάστου
1088 1030 1269 1095 φύσιν.
1304 1032 1409 1101 Ζῇν
1432 1029 1524 1084 οῦν
1548 1032 1761 1100 λέγουσι
1790 1035 1880 1086 καὶ
1908 1035 1976 1088 τά

400 1114 581 1164 πάντα
610 1114 791 1183 ἄψυχα
824 1116 1045 1186 ἐκτικὴν
1077 1118 1239 1187 ζωὴν,
1281 1120 1412 1172 καθὸ
1438 1123 1718 1192 συνέχεται
1750 1124 1852 1176 ὑπὸ
1877 1126 1976 1195 τῆς

400 1202 495 1254 τοῦ
542 1204 737 1265 παντὸς
764 1204 972 1275 ψυχῆς,
1021 1210 1100 1274 είς
1132 1210 1193 1261 τὸ
1232 1205 1369 1265 εἶναι
1405 1214 1583 1277 μόνον,
1631 1215 1723 1267 καὶ
1760 1216 1832 1285 μὴ
1863 1217 1976 1268 δια-

399 1290 645 1345 λύεσθαι.
699 1294 913 1363 Ταύτην
950 1296 1006 1347 δὲ
1046 1293 1182 1351 εἷναι
1218 1300 1312 1370 τὴν
1349 1300 1524 1371 ψυχὴν
1557 1304 1655 1372 τὴν
1692 1304 1976 1376 διακυϐερ-

400 1385 581 1437 νῶσαν
608 1385 666 1437 τὸ
698 1388 825 1451 πᾶν,
862 1388 953 1440 κα)⁵
984 1388 1082 1458 τὴν
1124 1389 1223 1453 τὰς
1254 1394 1478 1462 μερίκάς
1507 1393 1684 1464 ψυχάς
1710 1396 1809 1459 τὰς
1839 1399 1974 1468 πρό-

401 1493 560 1545 τερον
605 1477 756 1545 παρὰ
804 1477 896 1530 τοῦ
941 1481 1269 1553 δημιουργοῦ
1304 1485 1596 1554 γενομένας
1632 1488 1975 1557 ἐπιπέμπου-

403 1583 537 1617 czv'
588 1566 785 1636 δηλαδὴ
810 1568 978 1621 αὐτοῦ
1009 1570 1100 1622 τοῦ
1128 1571 1454 1641 δημιουργοῦ
1486 1576 1579 1627 καὶ
1614 1575 1809 1644 νόμους
1836 1578 1973 1647 αὐτῇ

401 1657 713 1724 δεδωκότος,
744 1658 923 1722 καθὼς
949 1660 1213 1729 διεξάγειν
1242 1664 1442 1732 ὀφείλει
1472 1665 1628 1718 τοῦτο
1651 1666 1711 1719 τὸ
1737 1669 1864 1731 πᾶν,
1884 1667 1977 1731 οὒς

403 1748 501 1799 καὶ
550 1749 889 1818 εἱμαρμένην
945 1751 1132 1815 καλεῖ,
1194 1754 1285 1805 καὶ
1347 1755 1706 1825 χορηγοῦντος
1751 1758 1977 1827 δύναμιν

401 1840 681 1908 ἀρκοῦσαν
736 1841 937 1895 διέπειν
984 1844 1151 1913 ἡμᾶς.
1210 1844 1435 1914 Εἴρηται
1489 1847 1545 1900 δὲ
1592 1849 1763 1902 ταῦτα
1800 1852 1889 1903 καὶ
1921 1853 1978 1903 ἐν

403 1934 517 1991 τοῖς
542 1932 667 2001 περὶ
693 1934 1048 2005 εἱμαρμένης.
1073 1937 1239 2006 Κοινῇ
1268 1937 1366 2005 μὲν
1389 1932 1480 1990 οῦν
1500 1939 1699 2002 πάντες
1721 1940 1979 2011 ’Έλληνες

403 2025 455 2085 οἱ
484 2023 582 2093 τὴν
608 2024 781 2095 ψυχὴν
808 2026 1075 2079 ἀθάνατον
1116 2029 1545 2099 ἀποφηνάμενοι,
1579 2031 1677 2102 τὴν
1709 2049 1977 2101 μετενσω-

409 2115 653 2184 μάτωσιν
684 2116 1063 2186 δογματίζουσι
1085 2134 1098 2148 ⁸
1145 2119 1490 2190 διαφέρονται
1514 2122 1569 2174 δὲ
1606 2123 1733 2192 περὶ
1762 2124 1829 2176 τά
1864 2125 1978 2194 είδη

403 2206 516 2258 τῶν
543 2206 745 2276 ψυχῶν.
788 2209 849 2261 Οἱ
881 2209 978 2278 μὲν
1002 2210 1109 2280 γὰρ
1139 2210 1197 2264 ἒν
1232 2209 1368 2274 εἶδος
1395 2212 1456 2264 τὸ
1490 2212 1702 2281 λογικὸν
1730 2210 1865 2268 εἶναι
1895 2215 1981 2267 λέ-

405 2314 566 2364 γουσι
584 2314 595 2327 ⁸
628 2299 781 2353 τοῦτο
807 2301 862 2353 δὲ
888 2302 982 2354 καὶ
1015 2304 1094 2365 εἰς
1120 2303 1284 2370 φυτὰ,
1314 2304 1409 2357 καὶ
1436 2306 1516 2367 είς
1540 2306 1608 2359 τὰ
1638 2305 1746 2359 τῶν
1770 2307 1980 2376 ἀλόγων

409 2389 639 2457 σώματα
676 2391 1039 2459 μεταϐαίνειν.
1090 2394 1151 2445 Οί
1184 2395 1279 2463 μὲν
1308 2394 1416 2465 γὰρ
1445 2397 1583 2449 κατά
1624 2414 1774 2460 τινας
1808 2400 1979 2469 ῥητὰς

407 2481 615 2550 χρόνων
647 2483 917 2551 περιόδους
939 2499 953 2513 ο
1000 2486 1047 2537 oi
1078 2484 1134 2537 δὲ
1158 2485 1234 2548 ὡς
1265 2486 1450 2556 ἔτυχεν
1471 2504 1486 2517 ·
1534 2488 1682 2540 ἄλλοι
1713 2488 1768 2541 δὲ
1792 2490 1887 2559 ούχ
1921 2490 1978 2543 ἓν

405 2569 547 2635 εἶδος
573 2573 779 2643 ψυχῶν,
807 2574 942 2628 ἀλλά
966 2576 1078 2641 δύο,
1112 2577 1326 2644 λογικόν
1354 2596 1412 2631 τε
1439 2581 1530 2633 καὶ
1568 2580 1757 2650 ἄλογον
1776 2599 1791 2613 °
1837 2585 1980 2648 τινὲς

405 2666 461 2718 δὲ
495 2665 665 2718 πολλά
703 2666 958 2731 τοσαῦτα,
984 2669 1084 2722 ὅσα
1122 2670 1229 2722 τῶν
1258 2670 1411 2733 ζώων
1440 2671 1508 2723 τὰ
1547 2672 1659 2741 εἴδη
1684 2690 1697 2703 ·
1746 2673 1981 2742 μάλιστα

405 2755 462 2808 δὲ
491 2758 539 2808 οξ
570 2756 682 2809 ἀπὸ
720 2757 1021 2821 Πλάτωνος,
1055 2759 1152 2821 τὰς
1185 2759 1283 2829 μὲν
1314 2760 1569 2830 θυμικάς,
1595 2763 1693 2826 τὰς
1733 2764 1789 2816 δὲ
1826 2766 1979 2834 ὀργί-

406 2844 532 2907 λους
564 2847 660 2898 καὶ
693 2847 1034 2917 ἀρπακτικάς
1057 2849 1252 2918 ψυχὰς,
1288 2850 1464 2905 λύκων
1499 2855 1591 2905 καὶ
1620 2853 1846 2907 λεόντων
1877 2856 1981 2907 σώ-

412 2954 560 3007 ματα
591 2938 1126 3008 μεταμφιέννυσθαι·
1162 2941 1261 3004 τὰς
1303 2944 1359 3000 δὲ
1405 2944 1532 3010 περὶ
1560 2945 1659 3015 τὴν
1688 2947 1981 3002 ἀκολασίαν

409 3029 810 3131 ἠσχολημένας,
846 3030 982 3131 ὄνων
1025 3032 1117 3085 καὶ
1148 3032 1254 3086 τῶν
1287 3035 1541 3090 τοιούτων
1580 3038 1979 3109 ἀναλαμϐάνειν
2008 3073 2050 3131 C

411 3122 639 3190 σώματα
665 3140 678 3151 ·
734 3123 782 3174 oi
834 3122 933 3192 μὲν
972 3123 1173 3195 κυρίως
1203 3126 1436 3196 ἥκουσαν
1475 3129 1600 3191 τοὺς
1631 3128 1851 3193 λέοντας
1888 3132 1981 3184 καὶ

409 3214 534 3289 τοὺς
577 3213 772 3276 λύκους
808 3216 898 3267 καὶ
928 3216 1054 3279 τοὺς
1096 3217 1280 3281 ὅνουςο
1327 3221 1377 3270 oi.
1424 3219 1479 3271 δὲ
1517 3220 1792 3290 τροπικῶς
1818 3222 1981 3275 αὑτὸν

408 3292 689 3374 εἰρηκέναι
715 3304 1030 3373 διέγνωσαν,
1075 3306 1145 3360 τὰ
1188 3308 1291 3379 ἤθη
1337 3308 1423 3361 διὰ
1459 3310 1565 3362 τῶν
1602 3310 1755 3375 ζώων
1783 3312 1981 3383 ἐμφαί-

410 3409 590 3445 νοντα.
616 3394 842 3465 Κρόνιος
873 3396 972 3465 μὲν
1001 3396 1108 3469 γὰρ
1138 3399 1195 3450 ὲν
1221 3398 1298 3465 τῷ
1324 3401 1809 3468 Παλινγγενεσίας,
1838 3401 1981 3456 οὕτω

411 3485 515 3557 μὲν
543 3484 696 3537 καλεῖ
722 3485 819 3557 τὴν
853 3489 1359 3558 μετενσωμάτωσιν,
1387 3490 1608 3558 λογικάς
1632 3493 1811 3556 πάσας
1843 3490 1980 3547 εἶναι

414 3574 699 3643 βούλεται·
728 3576 929 3646 ὁμοίως
959 3578 1015 3631 δὲ
1043 3578 1136 3632 καὶ
1170 3578 1442 3650 Θεόδωρος
1468 3583 1497 3632 ό
1530 3582 1894 3646 Πλατωνικὸς,
1924 3585 1983 3637 ὲν

411 3666 507 3736 τῷ,
530 3668 612 3720 ὅτι
646 3669 707 3722 Ἡ
730 3668 899 3737 ψυχὴ
930 3671 1122 3729 πάντα
1142 3670 1213 3724 τὰ
1231 3671 1364 3739 εἴδη
1386 3672 1539 3739 ἐστὶ,
1563 3675 1653 3727 καὶ¹
1677 3674 1981 3745 Πορφύριος

411 3760 613 3829 ὁμοίως
632 3777 645 3790 ·
700 3761 1001 3831 ’1άμ6λιχος
1028 3762 1084 3815 δὲ
1108 3763 1207 3833 τὴν
1232 3764 1478 3818 ἐναντίαν
1502 3764 1710 3828 τούτοις
1737 3766 1977 3836 δραμὼν,

410 3850 532 3903 κατ’
563 3846 702 3913 εἶδος
730 3849 901 3917 ζώων,
929 3851 1104 3923 ψυχῆς
1119 3849 1256 3916 εἶδος
1268 3848 1406 3906 εἶναι
1432 3854 1615 3922 λέγει’
1647 3855 1679 3925 ἢ
1706 3856 1798 3909 δύο
1826 3856 1978 3925 γοῦν,

409 3937 444 4007 ἢ
495 3937 743 4009 διάφορα.
778 3939 1084 4010 Γέγραπται
1116 3940 1245 4010 γοῦν
1291 3943 1439 4014 αὐτῷ
1478 3944 1816 4012 μονόὸιὸλον,
1865 3949 1984 4001 ὲπι-

408 4027 638 4098 γράφων
688 4029 767 4081 ὅτι
816 4018 936 4082 Οὐκ
982 4030 1304 4097 ἀνθρώπων
1340 4034 1426 4097 εἰς
1476 4031 1585 4092 ζῶα
1612 4073 1627 4097 ,
1688 4034 1829 4088 οὐδὲ
1863 4036 1982 4097 ἀπὸ

408 4120 570 4181 ζώων
601 4125 689 4186 εἰς
722 4115 1070 4191 ἀνθρώπους
1109 4127 1166 4177 al
1194 4125 1749 4194 μετενσωματώσεις
1781 4130 1980 4196 γίνον-

408 4224 526 4278 ται,
565 4214 725 4269 ἀλλὰ
757 4214 873 4267 ἀπὸ
903 4212 1057 4274 ζώων
1084 4216 1171 4280 εἰς
1208 4214 1337 4281 ζῶα,
1373 4216 1471 4270 καὶ
1510 4218 1625 4272 ἀπὸ
1657 4218 1981 4287 ἀνθρώπων

406 4308 498 4372 εὶς
529 4306 897 4374 ἀνθρώπους.

408 4402 553 4460 libro
580 4402 675 4471 qui
711 4402 1053 4468 inscribitur,

2082 490 2275 544 lanna.
2300 491 2508 545 Etenim
2531 491 2703 544 donec
2729 489 2971 543 continet
2998 496 3045 542 et
3072 482 3418 553 constringit,
3447 496 3650 550 corpus

2080 597 2202 637 esse
2224 582 2454 636 dicitur:
2491 581 2726 636 solutum
2752 587 2929 633 autem
2952 576 3232 647 deperire:
3259 583 3313 627 et
3335 573 3514 626 vivere
3536 572 3649 641 qui-

2080 675 2201 728 dem
2235 675 2437 737 omnia,
2487 688 2595 726 non
2621 671 2805 725 omnia
2845 679 3027 723 tamen
3074 683 3195 722 esse
3226 663 3522 729 animalia;
3558 678 3650 716 vc-

2080 766 2347 818 rumenim
2380 768 2446 817 ab
2469 762 2725 816 inanimis
2748 761 3142 814 discernuntur
3161 771 3223 810 ca
3248 770 3368 824 quae
3387 751 3649 821 stirpibus

2081 856 2351 918 nituntur,
2389 853 2532 923 quod
2560 864 2881 922 augeantur,
2921 856 2975 903 et
3011 849 3248 911 alantur,
3277 845 3420 915 quod
3460 844 3515 897 ﬁt
3548 857 3648 911 po-

2085 956 2279 1002 testate
2311 947 2591 1010 nutritiva,
2621 952 2675 999 et
2704 943 2937 998 naturali
2964 982 2977 1006 ,
3007 956 3170 1011 quam
3196 946 3531 1009 vegetantem
3556 949 3649 987 vo-

2080 1051 2247 1093 cant:
2282 1039 2401 1093 alia;
2437 1053 2562 1092 vero
2600 1036 2909 1090 animantes
2947 1048 2977 1086 a
3015 1031 3283 1100 stirpibus
3312 1029 3651 1096 distinguun-

2082 1138 2169 1183 tur
2198 1145 2362 1184 sensu
2404 1146 2416 1182 :
2467 1129 2676 1182 ratione
2711 1126 2947 1194 denique
3001 1130 3217 1177 utentes
3264 1135 3295 1173 a
3348 1118 3525 1173 brutis
3562 1132 3649 1170 se-

2082 1230 2345 1291 parantur
2374 1218 2705 1274 rationabili.
2742 1216 2928 1286 Itaque
2956 1214 3136 1270 omnia
3169 1212 3361 1291 vivere
3381 1210 3647 1272 dicentes,

2080 1290 2347 1378 cujusque
2375 1317 2625 1361 naturam
2656 1306 2940 1360 dirimunt.
2972 1302 3242 1369 Quocirca
3277 1290 3457 1353 vivere
3485 1296 3647 1351 etiam

2040 1393 2043 1396 ’
2081 1401 2270 1456 dicunt
2302 1400 2483 1452 omnia
2515 1398 2751 1451 inanima
2795 1397 2903 1450 vita
2940 1392 3208 1477 ’babituali
3234 1430 3247 1454 ,
3282 1399 3551 1459 quatenus
3581 1386 3649 1438 ali

2081 1491 2322 1547 universi
2367 1490 2548 1544 anima
2589 1492 2957 1553 continentur,
3002 1494 3062 1539 ut
3102 1485 3211 1541 sint
3255 1482 3551 1541 duntaxat,
3596 1487 3650 1532 et

2082 1599 2191 1638 non
2219 1582 2606 1636 dissolvantur.
2648 1580 2803 1651 lianc
2844 1580 3033 1648 utique
3077 1577 3313 1630 animam
3361 1587 3484 1628 esse
3527 1584 3650 1640 qua!

2083 1674 2337 1726 universa
2372 1672 2536 1742 regit,
2570 1678 2623 1725 et
2658 1668 2989 1731 moderatur,
3028 1680 3253 1735 quaeque
3288 1662 3650 1734 particular-es

2080 1767 2289 1817 animas
2334 1765 2484 1832 prius
2524 1763 2591 1815 ab
2627 1761 2819 1830 opiﬁce
2858 1773 3072 1813 summo
3120 1764 3333 1811 creatas
3363 1752 3647 1808 immittit:

2081 1856 2339 1907 nimirum
2368 1868 2491 1907 cum
2537 1853 2652 1921 ipse
2691 1850 2873 1920 Opifex
2906 1846 3097 1902 mundi
3146 1847 3314 1901 etiam
3361 1845 3507 1913 leges
3548 1841 3651 1909 ipsi

2080 1945 2316 2009 dederit,
2357 1945 2512 2013 juxta
2562 1957 2698 2013 quas
2745 1943 2887 1995 hanc
2946 1937 3358 1993 universitatem
3410 1933 3652 1988 admini-

2081 2047 2255 2092 strare
2279 2040 2556 2103 oporteat,
2587 2048 2791 2101 easque
2825 2032 2970 2101 leges
2998 2030 3090 2103 fati
3119 2029 3339 2083 nomine
3371 2025 3607 2095 appellat
3634 2041 3649 2089 ;

2079 2128 2268 2183 eodem
2320 2124 2519 2195 opitice
2584 2123 2839 2176 virtutem
2882 2117 3265 2187 suppeditante
3298 2118 3545 2172 idoneam
3584 2115 3653 2169 ad

2080 2235 2181 2274 nos
2216 2216 2617 2288 gubernandos.
2659 2216 2930 2269 Caeterum
2974 2212 3042 2267 de
3068 2211 3153 2265 his
3179 2211 3291 2280 jam
3322 2209 3560 2264 diximus
3597 2209 3653 2260 in

2082 2311 2221 2365 libro
2259 2308 2337 2362 De
2364 2308 2496 2376 fato.
2515 2306 2688 2360 Porro
2713 2304 2953 2375 plerique
2973 2318 3163 2359 omnes
3185 2301 3356 2356 Graeci
3380 2342 3395 2367 ,
3420 2300 3512 2369 qui
3537 2298 3655 2352 ani-

2081 2415 2223 2455 mam
2266 2413 2388 2453 esse
2436 2396 2798 2450 immortalem
2843 2403 3131 2457 asserunt,
3163 2393 3281 2462 ejus
3318 2393 3374 2446 in
3405 2391 3508 2444 alia
3538 2403 3654 2443 cor-

2082 2504 2212 2559 pora
2239 2487 2612 2558 migrationem
2643 2485 2875 2548 docent,
2906 2484 3001 2539 sed
3027 2484 3175 2539 circa
3203 2482 3508 2537 animarum
3542 2495 3655 2547 spe-

2080 2581 2194 2635 cies
2218 2580 2562 2649 discrepant;
2589 2576 2860 2647 siquidem
2883 2577 2973 2630 alii
2994 2591 3156 2631 unam
3180 2574 3414 2646 speciem
3443 2574 3655 2627 ratione

2082 2670 2361 2740 praeditam
2394 2676 2685 2734 asserunt,
2722 2669 2824 2721 hoc
2854 2682 2982 2722 vero
3013 2667 3180 2721 etiam
3221 2666 3289 2719 ad
3321 2665 3521 2732 stirpes
3545 2704 3558 2728 ,
3595 2671 3655 2717 et

2083 2763 2149 2814 ad
2180 2761 2462 2815 brutorum
2495 2774 2727 2830 corpora
2761 2760 2997 2813 transire
3027 2758 3198 2812 aiunt.
3238 2756 3341 2811 Sed
3372 2757 3517 2810 enim
3554 2754 3645 2809 alii

2082 2870 2178 2925 per
2206 2862 2385 2909 certos
2411 2852 2677 2924 quosdam
2710 2867 2975 2906 annorum
3008 2850 3270 2905 circuitus
3301 2847 3352 2903 id
3381 2847 3495 2902 ﬁeri
3526 2862 3654 2902 ccn-

2082 2954 2241 3012 sent;
2298 2946 2389 2999 alii
2435 2954 2494 2998 ut
2539 2960 2627 2999 res
2670 2942 2777 2999 fert
2809 2957 3136 3013 quocunque
3171 2940 3353 2995 modo.
3392 2938 3653 2993 Nonnulli

2084 3054 2190 3092 non
2238 3052 2402 3090 unam
2446 3044 2655 3089 tantum
2700 3035 2937 3104 speciem
2980 3035 3317 3097 animarum,
3373 3031 3467 3087 sed
3518 3031 3655 3085 duas

2084 3135 2360 3191 statuunt,
2407 3126 2635 3180 rationis
2688 3125 3041 3194 participem,
3088 3131 3141 3178 et
3185 3123 3303 3192 ejus
3350 3128 3650 3191 expertem.

2084 3218 2313 3285 Quidam
2344 3217 2542 3271 multas
2563 3258 2577 3280 ,
2603 3226 2655 3271 et
2687 3223 2767 3268 tot
2796 3229 3024 3268 numero
3058 3219 3335 3275 statuunt,
3365 3217 3498 3279 quot
3527 3219 3655 3263 sunt

2084 3310 2400 3364 animalium
2434 3318 2650 3378 genera.
2695 3305 2925 3360 Maxime
2952 3320 3081 3360 vero
3115 3303 3379 3357 Platonici
3409 3301 3542 3354 alias
3579 3299 3657 3352 fu-

2088 3402 2299 3463 riosas,
2343 3400 2479 3454 alias
2517 3398 2842 3462 iracundas,
2877 3403 2935 3450 et
2982 3408 3203 3465 rapaces
3247 3393 3459 3446 animas
3502 3390 3658 3460 lupo-

2088 3510 2207 3548 rum
2250 3501 2304 3547 et
2342 3493 2558 3545 leonum
2600 3503 2829 3559 corpora
2871 3486 3056 3542 subire
3097 3491 3324 3555 putant:
3367 3483 3489 3537 illas
3527 3494 3657 3535 vero

2087 3599 2207 3653 quae
2239 3581 2647 3638 incontinentiae
2674 3588 2728 3636 et
2760 3579 2989 3634 luxuriae
3028 3577 3298 3632 dederunt
3343 3589 3431 3639 se,
3480 3572 3657 3628 asino-

2085 3690 2207 3729 rum
2266 3684 2320 3729 et
2372 3674 2640 3743 ejusmodi
2693 3673 2997 3728 belluarum
3056 3662 3287 3739 corpora
3340 3680 3654 3728 assumere,

2086 3766 2231 3837 quod
2263 3766 2480 3835 proprie
2510 3765 2729 3834 quidam
2764 3770 3093 3833 acceperunt
3137 3762 3203 3815 de
3249 3760 3532 3824 leonibus,
3582 3757 3659 3809 lu-

2086 3860 2204 3929 pis,
2241 3869 2292 3913 et
2322 3858 2535 3913 asinis:
2583 3857 2674 3911 alii
2715 3856 2948 3927 ﬁgurate
2985 3855 3088 3909 hoc
3124 3852 3331 3907 dictum
3373 3866 3494 3906 esse
3539 3864 3657 3919 per-

2088 3956 2408 4019 spexerunt,
2454 3956 2510 4002 ut
2564 3961 2746 4003 mores
2786 3961 2883 4016 per
2926 3944 3181 3999 animalia
3230 3941 3652 4011 judicarentur:

2086 4041 2286 4096 ctenim
2317 4039 2554 4095 Cronius
2602 4039 2657 4093 in
2695 4038 3093 4093 commentario
3134 4035 3209 4089 De
3248 4031 3656 4102 Palingenesia,

2088 4132 2163 4185 ita
2199 4131 2574 4200 migrationem
2613 4130 2917 4184 animarum
2955 4129 3011 4183 in
3048 4129 3153 4182 alia
3183 4140 3412 4194 corpora
3447 4134 3681 4177 nuncu-i

2087 4233 2206 4292 pat,
2271 4238 2463 4278 omnes
2518 4223 2729 4277 animas
2788 4222 2997 4276 ratione
3054 4218 3307 4290 prmditas
3350 4230 3469 4271 esse
3520 4214 3654 4269 vult.

2088 4314 2148 4368 In
2198 4315 2384 4369 eadem
2435 4315 2704 4370 sententia
2747 4322 2832 4367 est
2879 4310 3200 4367 Theodorus
3243 4306 3559 4362 Platonicus
3600 4305 3656 4358 in

1135 4402 1288 4468 Quod
1336 4405 1518 4457 anima
1569 4406 1639 4458 sit
1722 4423 1901 4462 omnes
1946 4410 2159 4478 species.
2226 4409 2561 4478 Porphyrius
2599 4408 2764 4462 etiam
2792 4405 2933 4462 idem
2967 4404 3156 4461 sentit.
3200 4400 3502 4459 Jamblicus
3525 4411 3655 4452 vero

407 4492 744 4547 contrarium
775 4493 859 4547 his
897 4494 1001 4547 iter
1030 4493 1302 4558 instituit,
1345 4501 1401 4546 et
1436 4494 1591 4562 juxta
1631 4496 1865 4563 speciem
1944 4497 2262 4551 animalium
2351 4497 2548 4549 animae
2628 4495 2862 4549 formam
2917 4508 3041 4550 esse
3091 4492 3267 4547 dicit:
3315 4504 3507 4561 nempe
3564 4495 3657 4541 aut

405 4583 574 4649 duas,
622 4590 716 4636 aut
748 4583 991 4639 diversas
1026 4584 1235 4653 species
1272 4584 1537 4652 agnoscit.
1594 4584 1864 4655 Scriptum
1909 4588 2093 4657 utique
2134 4588 2202 4642 ab
2243 4588 2363 4656 ipso
2402 4593 2486 4641 est
2537 4583 2911 4639 monobiblum
2971 4582 3129 4653 cujus
3184 4580 3468 4651 inscriptio
3539 4579 3655 4633 haec

405 4684 521 4740 est,
572 4673 695 4729 Non
728 4675 996 4728 hominum
1031 4676 1085 4728 in
1115 4675 1302 4741 bruta,
1332 4690 1494 4744 neque
1523 4675 1798 4731 brutorum
1828 4678 1882 4732 in
1913 4679 2145 4735 homines
2188 4679 2525 4750 migrationes
2602 4676 2720 4746 fieri
2746 4718 2761 4743 ,
2805 4676 2895 4731 sed
2933 4692 2967 4730 a
3008 4674 3175 4729 brutis
3254 4671 3321 4726 ad
3363 4672 3515 4725 bruta
3540 4711 3553 4735 ,
3604 4677 3654 4723 et

408 4768 475 4821 ab
520 4769 820 4823 hominibus
867 4767 934 4821 ad
970 4768 1224 4821 homines.

480 4860 590 4915 Καί
638 4876 727 4928 μοι
770 4860 916 4911 δοκεῖ
968 4857 1165 4929 μᾶλλον
1206 4848 1358 4919 οὗτος
1391 4857 1551 4911 ἓνεκα
1587 4857 1772 4912 τούτου
1806 4858 1979 4923 καλῶς

2158 4858 2235 4911 Ae
2285 4856 2416 4911 mihi
2471 4856 2688 4925 quidem
2734 4854 2950 4910 videtur
2995 4854 3104 4922 hic,
3160 4853 3325 4925 hujus
3375 4855 3658 4911 sententiae

406 4950 856 5020 κατεστοχάσθαι,
887 4950 961 5021 μὴ
985 4950 1142 5020 μόνον
1171 4950 1268 5017 τῆς
1301 4948 1395 5002 τοῦ
1423 4949 1705 5013 Πλάτωνος
1732 4949 1976 5021 γνώμης,

403 5042 543 5097 ἀλλά
588 5042 684 5095 καὶ
718 5043 815 5111 τῆς
847 5041 1102 5111 ἀληθείας
1153 5041 1355 5112 αὐτῆς,
1401 5041 1475 5103 ὼς
1499 5039 1643 5094 ἔστιν
1673 5043 1737 5093 ὲκ
1771 5041 1981 5094 πολλῶν

404 5136 502 5188 καὶ
530 5134 703 5189 ἄλλων
732 5132 1031 5198 ἐπιδεῖξαι,
1086 5132 1318 5202 μάλιστα
1359 5131 1416 5185 δὲ
1464 5132 1528 5184 ἐκ
1571 5132 1793 5186 τούτων.
1846 5133 1980 5186 Οὐδὲ

401 5227 515 5295 γὰρ
567 5227 694 5296 μίαν
729 5226 837 5278 τῶν
886 5224 1116 5293 λογικῶν
1162 5226 1427 5295 κινήσεων
1469 5224 1823 5295 ἐμφαίνεσθαι
1866 5228 1980 5287 τοῖς

402 5316 619 5384 ἀλόγοις
660 5315 769 5368 τῶν
814 5314 987 5380 ζώων.
1041 5314 1177 5369 Οὔτε
1227 5316 1335 5386 γὰρ
1385 5315 1589 5385 τέχναι,
1636 5313 1756 5368 οὔτε
1807 5316 1980 5386 μαθή-

406 5424 574 5476 ματα,
606 5406 728 5459 οὔτε
762 5406 967 5474 βουλαὶ,
1011 5405 1135 5465 οὔτε
1180 5406 1391 5477 ἀρεταὶ,
1438 5404 1560 5459 οὔτε
1611 5404 1738 5458 ἄλλο
1780 5423 1829 5457 τι
1870 5406 1978 5458 τῶν

401 5497 760 5564 δωνοητικῶν
795 5500 851 5549 ὲν
899 5497 1081 5560 αὐτοῖς
1129 5499 1304 5550 ἐστιν·
1358 5498 1417 5564 ὲξ
1462 5491 1536 5551 ὧν
1582 5497 1757 5568 δῆλον,
1797 5497 1872 5559 ὡς
1916 5499 1977 5551 οὐ

406 5589 628 5660 μέτεστι
654 5590 875 5659 λογικῆς
893 5591 1071 5661 ψυχῆς
1098 5591 1296 5653 αὐτοῖς.
1323 5592 1431 5643 Καὶ
1452 5592 1559 5662 γὰρ
1580 5591 1775 5645 ἄτοπον
1800 5592 1978 5659 λέγειν

402 5680 471 5736 τὰ
498 5680 674 5750 ἄλογα
701 5681 894 5750 λογικά
914 5698 929 5713 ο
978 5685 1025 5735 εί
1057 5682 1160 5754 γὰρ
1190 5684 1281 5736 καὶ
1324 5682 1519 5753 κομιδῆ
1548 5684 1689 5746 νέοις
1718 5680 1835 5737 οὖσι
1868 5685 1978 5745 τοῖς

2083 4951 2279 5023 gratia,
2320 4951 2581 5021 praeclare
2615 4964 2725 5002 non
2758 4947 3003 5003 Platonis
3043 4956 3250 5002 tantum
3284 4956 3518 5003 mentem
3564 4962 3654 5000 as-

2086 5049 2330 5107 secutus,
2366 5041 2460 5095 sed
2490 5047 2545 5093 et
2575 5038 2641 5092 ad
2673 5039 2922 5093 veritatis
2958 5038 3135 5108 ipsius
3166 5039 3345 5093 cubile
3376 5037 3658 5107 pervenis-

2083 5150 2162 5197 se,
2194 5144 2253 5187 ut
2282 5148 2346 5188 ex
2396 5134 2586 5188 multis
2619 5146 2840 5202 quoque
2873 5130 2997 5186 aliis
3036 5130 3325 5186 ostendere
3365 5129 3526 5182 licet:
3559 5125 3656 5180 sed

2082 5241 2148 5280 ex
2189 5226 2274 5280 his
2324 5225 2694 5294 potissimum.
2732 5222 2919 5291 Neque
2966 5223 3112 5276 enim
3160 5221 3325 5274 ullam
3369 5225 3579 5270 tantum
3625 5232 3656 5270 e

2083 5316 2417 5372 motionibus
2473 5315 2897 5370 rationabilibus
2966 5314 3021 5368 in
3082 5312 3264 5367 brutis
3324 5306 3653 5362 animalibus

2084 5425 2368 5480 apparere,
2424 5422 2601 5480 neque
2649 5416 2815 5475 artes,
2861 5422 3039 5477 neque
3073 5401 3420 5472 disciplinas,
3478 5414 3654 5466 neque

2084 5501 2334 5567 consilia,
2380 5518 2557 5571 neque
2596 5501 2850 5565 virtutes,
2887 5506 3064 5567 neque
3109 5495 3275 5549 alium
3321 5506 3650 5563 quemquam

2087 5593 2326 5647 habitum
2358 5594 2412 5647 in
2444 5593 2807 5663 intelligentia
2847 5590 3111 5661 positum,
3149 5588 3201 5642 in
3237 5587 3346 5642 illis
3379 5601 3501 5641 esse
3522 5600 3654 5639 cou-

2084 5690 2236 5744 stat;
2270 5684 2561 5754 exquibus
2598 5681 2950 5738 manifestum
2987 5688 3091 5751 cst,
3132 5681 3334 5736 nullam
3365 5694 3486 5734 cum
3519 5674 3652 5749 ipsis
