4066 6146
416 333 514 388 ill

1573 348 1588 354 —
1647 314 1704 368 S.
1741 307 2071 367 GREG‘OBJI‘
2104 303 2400 368 NYSSENI-

3557 287 3668 344 9ίὲ

422 445 614 500 animae
632 438 912 495 rationalis
931 435 1249 505 particulam
1267 431 1750 495 communicatam,
1774 427 1976 484 etenim
2007 479 2009 487 γ

2109 423 2340 492 ιρέφεσιν
2384 421 2417 487 ή
2463 417 2650 484 ἄλογος
2706 415 2838 486 μόνη
2890 414 3102 484 κίνησις
3154 407 3481 480 πρόσεστιν,
3527 403 3665 463 ἀλλὰ
3709 392 3714 395 ”

422 535 722 591 absurdum
771 538 856 584 est
896 529 1080 581 dicere
1127 526 1285 579 bruta
1338 523 1551 578 ratione
1587 521 1664 575 uti
1700 539 1712 574 :
1744 535 1870 574 nam
1907 527 1990 572 ta-

423 627 580 682 metsi
620 637 810 678 recens
841 617 1134 674 admodum
1180 615 1326 671 natis
1363 617 1480 669 sola
1512 613 1681 667 motio
1711 612 1870 666 bruta
1913 611 1990 664 in-

423 719 512 780 sit,
545 713 900 770 nihilominus
938 711 1122 764 anima
1157 707 1409 764 rationali
1450 704 1708 777 praeditos
1745 717 1868 758 esse
1901 699 1990 756 di-

423 809 643 870 cimus,
701 802 1140 873 quaudoquidem
1191 799 1318 853 dum
1388 797 1706 851 adolescunt
1761 791 1990 846 rationis

424 913 584 953 usum
623 895 862 966 produnt
888 912 900 947 :
931 900 985 947 at
1020 906 1148 946 vero
1177 891 1396 944 brutum
1431 886 1581 941 nullo
1612 885 1770 955 plane
1801 882 1990 936 habitu

424 992 533 1045 vim
560 987 790 1042 rationis
828 983 1088 1041 ostendit.
1117 981 1296 1047 Quare
1331 991 1725 1048 supervacuam
1767 972 1993 1027 habuis-

427 1092 510 1140 set
539 1081 860 1136 rationalem
908 1077 1166 1140 animam,
1198 1089 1322 1128 cum
1353 1068 1718 1125 ratiocinandi
1762 1065 1992 1119 facultas

427 1177 634 1244 absque
675 1173 784 1226 ullo
817 1185 917 1224 usu
955 1167 1136 1221 futura
1159 1172 1303 1219 esset
1333 1181 1345 1216 :
1380 1161 1582 1216 ctenim
1627 1158 1763 1212 nihil
1796 1171 1991 1225 super-

428 1275 725 1314 vacaneum
758 1272 788 1310 a
820 1259 928 1310 Deo
957 1254 1236 1309 conditum
1271 1265 1412 1314 esse,
1442 1263 1550 1303 uno
1576 1249 1820 1302 omnium
1857 1261 1993 1300 con-

430 1367 595 1406 sensu
630 1347 864 1403 constat.
917 1344 1072 1411 Quod
1122 1357 1242 1401 eum
1277 1342 1352 1396 ita
1401 1356 1459 1395 se
1499 1340 1713 1400 habeat,
1756 1338 1994 1391 inaniter

429 1450 483 1496 et
515 1440 715 1494 frustra
751 1435 1037 1490 rationalis
1083 1433 1266 1486 anima
1308 1429 1502 1485 belluis
1555 1436 1608 1482 et
1640 1427 1816 1482 brutis
1851 1429 1996 1480 esset

431 1530 623 1592 indita,
671 1543 795 1581 cum
829 1539 1108 1594 nunquam
1157 1536 1358 1576 munus
1391 1530 1445 1576 et
1475 1535 1612 1589 opus
1656 1533 1815 1574 suum
1861 1516 1995 1570 indi-

428 1637 557 1676 care
596 1629 779 1690 posset
812 1637 825 1673 :
857 1617 1160 1688 quinetiam
1194 1615 1329 1668 vitio
1359 1620 1659 1668 verteretur
1687 1611 1735 1664 ei
1769 1609 1858 1679 qui
1893 1608 1992 1661 de-

429 1713 601 1767 disset
644 1709 881 1763 animam
914 1705 1128 1775 corpori
1165 1704 1386 1758 minime
1431 1714 1729 1770 congruam
1761 1717 1774 1752 :
1813 1711 1988 1766 neque

2087 514 2265 585 ψυχήν
2283 510 2509 580 λογικήν
2539 524 2714 579 φαμεν
2743 506 2884 577 ἔχειν
2913 505 3080 561 αὑτά·
3113 499 3411 570 ἐπειδήπερ
3439 494 3664 561 αὐξανό-

2093 583 2231 677 μενα
2260 608 2356 657 καὶ
2385 601 2481 672 τήν
2510 599 2730 670 λογικὴν
2769 597 3140 652 ἀναδείκνυσιν
3169 591 3472 661 ἐνέργειαν.
3509 585 3583 639 Τὸ
3607 583 3664 637 δὲ

2090 696 2280 764 ἄλογον
2323 694 2443 746 κατ’
2495 689 2750 759 οὐδεμίαν
2814 685 2928 750 ἓξιν
2981 687 3243 756 ἐμφαῖνον
3300 681 3361 738 τὸ
3411 677 3661 748 λογικὸν,

2093 782 2359 855 περιττῶς
2386 781 2451 835 ἂν
2472 780 2593 851 ἔσχε
2613 779 2834 850 λογικὴν
2864 775 3058 848 ψυχὴν,
3089 775 3360 848 ἀχρήστου
3389 768 3666 830 παντελῶς

2097 876 2395 948 μελλούσης
2428 873 2644 927 ἔσεσθαι
2673 874 2770 943 τῆς
2815 871 3037 939 λογικῆς
3064 869 3344 936 δυνάμεως
3371 881 3384 892 ’
3432 865 3526 916 καὶ
3557 861 3667 932 γὰρ

2093 969 2243 1022 οὐδὲν
2294 968 2546 1037 περιττὸν
2614 965 2766 1035 παρὰ
2816 961 2909 1015 τοῦ
2963 960 3095 1013 Θεοῦ
3148 954 3476 1026 γεγενῆσθαι
3527 971 3663 1023 συμ-

2095 1060 2286 1131 φώνως
2330 1059 2463 1111 πᾶσι
2504 1055 2965 1126 συνωμολόγηται.
3002 1054 3063 1105 Εἰ
3099 1051 3154 1104 δὲ
3183 1048 3360 1111 τοῦτο,
3399 1045 3667 1116 περιττῶς

2095 1151 2161 1205 ἂν
2190 1153 2222 1220 ή
2253 1149 2444 1220 λογικὴ
2479 1147 2627 1219 ψυχὴ
2659 1150 2769 1209 τοῖς
2805 1146 3027 1216 κτήνεσι
3069 1143 3163 1195 καὶ
3194 1144 3306 1202 τοῖς
3335 1139 3544 1208 θηρίοις
3577 1138 3667 1203 ἐγ-

2095 1219 2486 1305 κατεϐάλλετο,
2537 1239 2799 1310 μηδέποτε
2845 1235 3115 1306 δυναμένη
3160 1233 3222 1286 τὸ
3275 1230 3472 1299 ἑαυτῆς
3511 1229 3668 1299 ἔργον
3723 1219 3726 1222 ’

2097 1334 2460 1401 ἐπιδείξασθαι
2488 1348 2500 1361 ’
2556 1332 2649 1384 καὶ
2688 1327 2756 1401 ἦν
2797 1331 2862 1383 ἂν
2892 1327 3143 1397 ἔγκλημα
3171 1323 3265 1376 τοῦ
3293 1323 3472 1384 δόντος
3500 1320 3668 1389 ἀνάρ-

2101 1443 2293 1499 μοστον
2340 1424 2516 1495 ψυχὴν
2563 1422 2643 1493 τῷ
2689 1420 2922 1490 σώματι.
2988 1417 3125 1472 Οὔτε
3181 1416 3289 1484 γὰρ
3337 1413 3577 1484 τεχνίτου
3611 1410 3670 1463 τὺ

2097 1519 2276 1588 ἔργον,
2305 1515 2428 1570 οὔτε
2461 1515 2612 1581 τάξιν
2631 1513 2664 1583 ἢ
2686 1511 2950 1583 ἁρμονίαν
2982 1511 3205 1571 εἰδότος.
3235 1506 3298 1558 El
3324 1505 3382 1558 δέ
3414 1522 3496 1568 τις
3521 1503 3669 1570 λέγει

2097 1609 2363 1664 κινεῖσθαι
2400 1607 2498 1678 μὲν
2525 1607 2664 1660 κατὰ
2693 1604 2931 1658 διάθεσιν
2958 1599 3189 1670 λογικῶς
3229 1597 3296 1650 τὰ
3325 1595 3457 1661 ζῶα,
3487 1594 3584 1664 τὴν
3613 1593 3668 1646 δὲ

2096 1701 2384 1756 διάπλασιν
2433 1698 2612 1752 αὐτῶν
2661 1696 3004 1751 ἀνεπίδεκτον
3051 1687 3190 1745 εἶναι
3232 1688 3488 1760 τεχνικῆς
3529 1685 3670 1756 πρά-

429 1805 574 1858 enim
611 1800 837 1855 artificis
881 1813 1040 1868 opus,
1091 1811 1266 1866 neque
1310 1794 1430 1862 ejus
1478 1793 1568 1862 qui
1612 1791 1877 1853 ordinem,
1905 1797 1998 1842 aut

2109 1795 2252 1859 Ξεως,
2294 1791 2649 1860 πιστούμενος
2688 1787 2779 1840 τὸν
2821 1785 2977 1854 λόγον
3024 1782 3131 1836 ἀπὸ
3171 1779 3280 1834 τῶν
3326 1775 3626 1847 ἀνθρώπων
3653 1790 3665 1802 ·

430 1903 758 1948 concentum
814 1891 981 1960 probe
1038 1895 1247 1944 nosset.
1309 1885 1463 1952 Quod
1519 1884 1564 1939 si
1627 1883 1752 1953 quis
1799 1881 1999 1934 dixerit

433 1985 689 2038 animalia
733 1982 937 2038 moveri
973 1979 1266 2049 dispositu,
1298 1985 1353 2032 et
1405 1975 1600 2030 affectu
1646 1973 1879 2044 quodam
1911 1987 1999 2025 ra-

435 2078 574 2132 tioni
602 2074 949 2145 congruenti,
980 2073 1076 2154 sed
1111 2072 1428 2142 figmentum
1469 2067 1720 2136 corporis
1748 2079 1918 2135 capax
1945 2064 1998 2118 in

435 2169 573 2238 ipsis
623 2167 942 2235 neutiquam
991 2151 1117 2218 esse
1167 2161 1480 2216 artificiosa:
1527 2158 1762 2212 actionis
1796 2151 2001 2225 :idque

434 2259 694 2329 probaret
729 2258 942 2310 ratione
973 2256 1042 2310 ab
1072 2254 1384 2310 hominibus
1414 2251 1576 2305 ducta
1610 2267 1623 2304 :
1657 2248 1858 2318 quippe
1877 2261 2001 2301 eum

435 2350 678 2404 concisis
736 2355 948 2402 tantum
1004 2346 1190 2416 digitis
1237 2358 1496 2399 manuum
1539 2343 1807 2410 pleraeque
1855 2351 2002 2394 artes

441 2441 718 2510 perirent;
775 2438 998 2494 minime
1057 2438 1218 2492 solvit
1274 2434 1418 2506 quod
1465 2433 1753 2504 quaesitum
1788 2429 1994 2483 estzsi-

443 2530 664 2600 quidem
694 2535 938 2596 remanet
971 2527 1149 2582 adhuc
1173 2525 1314 2580 idem
1343 2523 1660 2586 absurdum,
1685 2520 1829 2590 quod
1861 2517 2002 2572 Deus

439 2622 681 2675 animam
726 2620 950 2674 minime
985 2630 1282 2686 congruam
1323 2615 1539 2683 corpori
1571 2612 1999 2668 connexuisset:

440 2711 539 2766 sed
569 2710 925 2778 superfluant,
955 2706 1202 2761 inutilem
1234 2711 1398 2772 atque
1434 2700 1763 2758 inefficacem
1783 2740 1797 2764 ,
1837 2698 2006 2768 siqui-

439 2803 562 2854 dem
595 2815 692 2869 per
737 2813 955 2853 omnem
1005 2802 1218 2851 aetatem
1267 2793 1654 2864 impedimento
1703 2791 1835 2861 ipsis
1863 2797 2008 2845 esset

441 2892 510 2945 ad
562 2907 665 2946 sua
699 2891 888 2944 munia
927 2908 940 2944 :
977 2895 1336 2959 prreterquam
1385 2885 1528 2954 quod
1575 2888 1878 2952 comparet-
1905 2879 2005 2950 ipsi

442 2982 710 3036 rationem
755 2997 820 3035 ex
864 2980 1064 3050 ignotis
1099 2987 1154 3032 et
1199 2993 1305 3031 non
1333 2974 1631 3030 concessis.
1669 2971 1823 3027 Unde
1863 2971 2006 3025 enim

442 3073 576 3127 illud
622 3072 1025 3142 depromptum,
1079 3085 1147 3124 ex
1194 3066 1556 3138 dispositione
1599 3065 1760 3118 bruta
1801 3061 2008 3116 moveri

441 3165 802 3220 conveniente
838 3163 1086 3218 ratione?
1115 3160 1312 3216 melius
1343 3159 1488 3215 enim
1521 3165 1667 3212 esset
1695 3155 2009 3211 existimare

442 3268 737 3324 congruam
765 3253 964 3324 cuique
991 3249 1208 3324 corpori
1237 3249 1474 3303 animam
1520 3261 1824 3302 connexam
1866 3259 2010 3309 esse,

443 3363 507 3402 ac
541 3348 675 3402 nihil
712 3346 946 3415 amplius
978 3344 1177 3399 habere
1204 3357 1270 3396 ex
1307 3340 1668 3409 dispositione.
1710 3337 2014 3406 affectuque

443 3436 723 3497 animalia,
755 3449 915 3504 quam
963 3432 1368 3501 simplicitatem
1416 3431 1722 3483 naturalem
1769 3429 1826 3482 in
1871 3428 2013 3496 ipso-

445 3543 568 3583 rum
617 3525 876 3595 operibus
923 3532 1296 3591 apparentem.
1341 3518 1476 3572 Nam
1529 3518 1741 3588 species
1786 3533 2014 3587 quaeque

445 3619 730 3673 brutorum
763 3614 1064 3668 secundum
1096 3609 1514 3682 propensionem
1547 3623 1701 3664 suam
1745 3609 1810 3662 ad
1849 3621 2013 3677 quam

446 3723 476 3761 a
507 3705 779 3776 principio
820 3703 960 3759 facta
995 3711 1100 3764 est,
1144 3708 1415 3764 movetur,
1450 3706 1504 3756 et
1535 3714 1717 3766 usum,
1743 3706 1798 3753 et
1841 3699 2014 3753 aetio-

448 3812 594 3859 nem,
645 3810 708 3849 ac
748 3802 1012 3866 praeterea
1053 3793 1470 3864 dispositionem
1520 3799 1702 3861 aptam
1755 3790 2013 3845 obtinuit.

448 3883 883 3954 Haudquaquam
912 3890 1062 3938 certe
1094 3881 1286 3954 Opilex
1305 3883 1411 3937 ista
1443 3882 1647 3935 auxilio
1670 3881 1817 3935 omni
1842 3879 2015 3934 desti-

449 3987 567 4030 tuta
613 3976 833 4045 reliquit
874 3990 1109 4030 :verum
1158 3973 1453 4042 unicuique
1510 3972 1852 4037 naturalem,
1905 3985 2018 4025 non

447 4069 768 4125 rationalem
823 4069 1101 4125 solertiam
1151 4065 1384 4122 inseruit
1417 4083 1430 4120 :
1463 4065 1792 4136 quibusdam
1849 4065 2015 4118 etiam

399 4193 407 4198 --
449 4161 802 4216 calliditatem
863 4167 918 4215 et
979 4159 1234 4215 astutiam
1287 4157 1506 4222 indidit,
1565 4167 1826 4225 tanquam
1883 4155 2019 4211 artis

449 4252 742 4324 imaginem
779 4261 835 4307 et
863 4249 1356 4314 umbram,duabus
1396 4249 1518 4304 istis
1554 4248 1620 4302 de
1661 4248 1866 4310 causis,
1905 4259 2019 4302 tum

449 4345 516 4399 ad
572 4353 829 4414 urgentes
873 4343 1098 4400 insidias
1139 4341 1516 4405 declinandas,
1573 4348 1628 4395 et
1673 4339 1741 4394 ad
1804 4339 2020 4394 futuras

449 4436 832 4507 praecavendas
866 4455 878 4489 :
910 4446 1024 4489 tum
1053 4433 1122 4489 ad
1157 4434 1584 4490 connectendam
1621 4446 1837 4487 omnem
1867 4444 2020 4485 crea-

426 4517 629 4584 Ituram
659 4528 1012 4597 sibimetipsi,
1043 4534 1103 4580 ut
1142 4533 1301 4582 antea
1329 4525 1536 4580 dictum
1577 4533 1682 4580 est.
1719 4521 1877 4589 Quod
1912 4537 2017 4576 au-

454 4630 562 4675 tem
591 4636 697 4674 non
736 4637 802 4676 ex
832 4621 1048 4674 ratione
1073 4619 1178 4674 ista
1208 4618 1394 4685 faciat,
1423 4616 1777 4688 perspicuum
1827 4622 1914 4669 est
1952 4628 2019 4669 ex

450 4728 518 4768 eo
547 4712 693 4782 quod
725 4713 926 4766 animal
971 4710 1227 4783 quodque
1254 4712 1460 4784 pariter
1500 4709 1690 4765 eadem
1723 4708 1889 4762 faciat
1923 4725 1937 4761 :
1969 4717 2022 4763 et
2073 4699 2078 4702 ’

450 4805 599 4874 quod
648 4819 756 4858 non
796 4805 1008 4859 varient
1041 4804 1284 4872 ipsorum
1333 4802 1531 4856 animae
1577 4801 1923 4869 operationes
1965 4799 2021 4854 in

454 4893 807 4950 multitudine
846 4912 860 4947 :
895 4893 1002 4959 nisi
1037 4891 1344 4947 intentione
1393 4891 1480 4946 vel
1528 4889 1888 4955 remissione;
1926 4889 2023 4945 sed

454 4984 758 5040 secundum
801 4984 1018 5038 unicam
1065 4982 1468 5053 proclivitatem
1496 4987 1610 5034 tota
1641 4980 1850 5050 species
1888 4995 2024 5036 con-

454 5079 675 5132 citetur.
711 5075 904 5129 Omnis
933 5074 1078 5129 enim
1104 5075 1260 5143 lepus
1298 5072 1554 5129 similiter
1584 5073 1640 5127 in
1685 5072 1915 5128 latibulo
1939 5071 2026 5142 ja-

427 5179 564 5234 -cet,
601 5177 656 5224 et
687 5169 850 5239 lupus
889 5167 1068 5222 omnis
1095 5168 1349 5223 similiter
1378 5174 1636 5222 versutus
1663 5173 1749 5221 est
1775 5182 1790 5218 :
1813 5171 1868 5220 et
1903 5179 2024 5219 om-

455 5262 542 5316 nis
588 5261 747 5317 simia
807 5260 1016 5331 pariter
1051 5259 1337 5324 imitatur;
1389 5257 1495 5312 hoc
1539 5271 1672 5312 vero
1709 5256 1765 5310 in
1806 5254 2027 5310 homine

457 5368 567 5410 non
613 5360 832 5410 constat
873 5358 1185 5407 :sexcontaa
1225 5350 1371 5406 enim
1417 5349 1518 5403 viae
1561 5358 1691 5404 sunt
1747 5347 2025 5401 actionum

459 5445 824 5501 humanarum
882 5464 894 5499 :
949 5457 1074 5498 nam
1136 5441 1349 5497 ratione
1415 5439 1740 5510 praeditum,
1794 5437 2024 5492 liberum

463 5535 744 5607 quiddam,
775 5546 828 5591 et
853 5536 938 5592 sui
966 5536 1110 5605 juris
1167 5543 1332 5605 atque
1370 5531 1586 5587 arbitrii
1614 5539 1718 5594 est,
1747 5530 1889 5586 unde
1918 5542 2028 5584 non

463 5642 632 5682 unum
669 5638 726 5683 et
766 5627 908 5682 idem
954 5643 1092 5697 opus
1147 5635 1232 5683 est
1283 5624 1540 5681 omnibus
1591 5621 1926 5685 hominibus,
1968 5629 2029 5674 ut

467 5720 666 5792 cuique
696 5719 985 5793 brutorum
1022 5720 1254 5790 speciei;
1295 5716 1739 5791 quandoquidem
1780 5715 1896 5770 haec
1930 5729 2028 5770 na-

2098 1881 2554 1954 περιαιρεθέντων
2569 1877 2677 1949 γὰρ
2706 1877 2862 1948 μόνον
2881 1873 2987 1928 τῶν
3002 1871 3277 1927 δακτύλων
3297 1867 3404 1922 ἀπὸ
3430 1864 3537 1920 τῶν
3560 1881 3669 1935 χει-

2101 1975 2232 2045 ρῶν,
2265 1974 2365 2035 τάς
2395 1971 2652 2033 πλείστας
2680 1969 2873 2038 τέχνας
2920 1960 3367 2035 παραπόλλυσθαι
3393 1975 3408 1990 ·
3455 1957 3514 2010 ού
3554 1954 3673 2008 λύει

2099 2067 2159 2118 τὸ
2187 2064 2539 2134 ζητούμενον.
2587 2061 2751 2115 Μένει
2782 2060 2889 2130 γάρ
2923 2057 3003 2110 ἑτι
3032 2057 3094 2109 τὸ
3138 2054 3268 2108 αὐτὸ
3319 2052 3548 2112 ἄτοπον,
3597 2046 3672 2110 ὡς

2101 2155 2194 2211 τοῦ
2222 2155 2356 2209 Θεοῦ
2393 2154 2467 2225 μὴ
2497 2154 2802 2224 πρόσφορον
2829 2149 3005 2222 ψυχὴν
3040 2146 3437 2219 ἐναρμόσαντος
3466 2140 3544 2211 τῷ
3567 2139 3673 2192 σώ-

2107 2267 2254 2321 ματι,
2289 2246 2426 2301 ἀλλά
2454 2243 2708 2316 περιττὴν
2736 2243 2828 2296 καὶ
2859 2243 3114 2310 ἀνόνητον
3142 2239 3236 2294 καὶ
3281 2235 3662 2305 άνενέργητον,

2103 2339 2531 2409 ἐμποδιζομένην
2552 2336 2640 2391 διὰ
2659 2336 2838 2405 πάσης
2866 2335 2965 2406 τῆς
2993 2333 3207 2404 ἡλικίας
3234 2329 3432 2391 αὐτῶν,
3464 2331 3543 2390 είς
3574 2323 3676 2385 τὰς

2102 2431 2311 2494 οἰκείας
2333 2428 2632 2500 ἐνεργείας,
2659 2425 2794 2494 πρὸς
2815 2426 2876 2477 τὸ
2903 2423 2997 2477 καὶ
3026 2424 3116 2476 τὸν
3134 2421 3287 2490 λόγον
3315 2421 3482 2492 αὐτῆς
3505 2437 3670 2473 κατα·

2107 2522 2389 2587 σκευάζειν
2421 2520 2480 2584 ἐξ
2525 2519 2731 2590 ἀδήλων
2779 2518 2875 2570 καὶ
2910 2517 3007 2585 οὐχ
3051 2513 3513 2584 ὁμολογουμένων.
3563 2509 3668 2564 Ilo-

2106 2615 2196 2668 θεν
2241 2613 2349 2684 γὰρ
2404 2613 2486 2665 ὅτι
2553 2609 2696 2664 κατὰ
2759 2607 2998 2661 διάθεσιν
3053 2603 3285 2673 λογικῶς
3332 2605 3559 2656 κινεῖται
3607 2601 3679 2655 τά

2108 2707 2250 2773 (Eia;
2286 2705 2501 2759 Βέλτιον
2543 2703 2651 2774 γὰρ
2689 2702 2996 2772 πρόσφορον
3031 2698 3283 2771 ήγεϊσθαι
3317 2696 3530 2766 ἑκάστῳ
3571 2694 3674 2747 σώ-

2113 2814 2241 2867 ματι
2286 2795 2463 2865 ψυχὴν
2516 2792 2888 2865 ἐνηρμόσθαι,
2939 2791 3032 2844 καὶ¹
3083 2789 3246 2860 μηδὲν
3313 2787 3458 2857 ἔχειν
3520 2784 3680 2838 πλέον

2110 2886 2248 2940 κατὰ
2290 2886 2524 2940 διάθεσιν
2573 2884 2643 2937 τὰ
2695 2882 2807 2946 ζῶα
2853 2882 2950 2951 τῆς
2993 2878 3386 2950 ἐκφαινομένης
3433 2878 3545 2939 τοῖς
3587 2873 3680 2944 έρς

2108 2999 2226 3050 γοις
2269 2980 2447 3033 αὐτῶν
2479 2978 2714 3048 φυσικῆς
2758 2974 3077 3044 ἁπλότητος.
3126 2971 3394 3024 Ἕκαστον
3445 2966 3555 3038 γὰρ
3602 2960 3680 3018 εἷ-

2109 3074 2196 3138 δος
2235 3072 2342 3126 τῶν
2383 3071 2590 3139 ἀλόγων
2631 3069 2751 3122 κατ’
2789 3065 2994 3120 οίκείαν
3037 3063 3214 3134 ὁρμὴν
3248 3062 3498 3124 κινεῖται,
3547 3055 3684 3128 πρὸς

2113 3168 2180 3236 ἢν
2205 3164 2426 3233 γέγονεν
2453 3162 2511 3228 ἐξ
2553 3160 2749 3231 ἀρχῆς,
2793 3156 2982 3228 χρείαν
3010 3171 3071 3208 τε
3116 3154 3210 3208 καὶ
3257 3153 3554 3223 ἐνέργειαν,
3587 3148 3684 3203 καὶ

2113 3257 2252 3323 πρὸς
2297 3252 2473 3307 ταῦτα
2530 3251 2626 3304 καὶ
2687 3249 2786 3320 τὴν
2841 3247 3083 3300 διάθεσιν
3143 3242 3450 3314 ἐπιτηδείαν
3493 3239 3680 3310 ἔσχεν.

2114 3348 2188 3402 Οὐ
2242 3345 2348 3416 μὴν
2392 3341 2674 3414 ἀϐοήθητα
2722 3339 3068 3393 παντάπασιν
3117 3333 3257 3389 αὐτὰ
3298 3330 3689 3387 καταλέλοιπεν

2113 3440 2142 3492 ὁ
2183 3435 2522 3507 Δημιουργός
2547 3451 2561 3466 ⁸
2609 3431 2723 3487 ἀλλ’
2774 3429 2990 3499 ἑκάστῳ
3040 3425 3306 3496 φυσικὴν,
3363 3424 3424 3477 οὐ
3464 3421 3686 3492 λογικήν

2109 3526 2332 3602 ¹ἐνέϐαλε
2367 3525 2617 3580 σύνεσινο
2657 3523 2769 3576 τισὶ
2798 3522 2856 3576 δέ
2891 3519 2988 3573 καὶ
3031 3516 3364 3588 πανουργίαν
3405 3513 3686 3584 ἐνέθηκεν,

2113 3617 2302 3688 ὥσπερ
2330 3617 2524 3686 τέχνης
2555 3614 2738 3668 εἰκόνα
2763 3612 2857 3666 καὶ
2885 3609 3042 3664 σκιὰν
3074 3608 3219 3662 δυοῖν
3249 3605 3453 3659 τούτων
3479 3603 3684 3666 ἕνεκεν,

2115 3707 2256 3777 ὑπὲρ
2273 3706 2366 3760 τοῦ
2397 3706 2491 3760 καὶ
2514 3703 2615 3767 τὰς
2637 3701 2939 3765 ἐνεστώσας
2960 3697 3250 3760 ἐπιϐουλὰς
3274 3695 3566 3758 ἐκκλίνειν,
3591 3692 3692 3751 καὶ

2113 3798 2212 3861 τὰς
2249 3796 2542 3868 μελλούσας
2569 3789 3037 3868 προφυλάττεσθαι
3056 3805 3072 3821 ⁶
3111 3789 3205 3842 καὶ
3241 3787 3331 3840 ἐπὶ
3353 3784 3431 3856 τῷ
3454 3784 3689 3852 συνάψαι

2114 3888 2212 3962 τὴν
2240 3888 2415 3940 κτίσιν
2446 3888 2627 3940 πᾶσαν
2660 3885 2850 3954 ἑαυτῇ,
2882 3883 2958 3944 ὡς
2987 3879 3089 3951 ήδη
3128 3877 3361 3949 είρηται.
3393 3877 3516 3929 Ὅτι
3540 3873 3597 3929 δὲ
3627 3874 3691 3928 οὐ

2116 3979 2345 4047 λογικῶς
2371 3977 2543 4032 ταῦτα
2567 3978 2726 4039 ποιεῖ,
2753 3973 2907 4045 δῆλον
2936 3973 3001 4025 ἐκ
3027 3969 3120 4024 τοῦ
3150 3969 3271 4024 κατ’
3301 3964 3442 4032 εἶδος
3464 3968 3692 4022 ἕκαστον

2118 4070 2254 4135 ζῶον
2288 4070 2487 4140 ὁμοίως
2511 4067 2581 4121 τὰ
2613 4065 2754 4121 αὐτά
2787 4067 2978 4130 ποιεῖν,
3013 4063 3106 4116 καὶ
3138 4061 3212 4132 μὴ
3239 4060 3570 4114 διαλλάττειν
3595 4058 3693 4112 a5-

2116 4165 2225 4220 τῶν
2267 4165 2324 4219 ἐν
2361 4163 2438 4233 τῷ
2479 4161 2672 4231 πλήθει
2708 4159 2807 4224 τὰς
2846 4159 2947 4229 τῆς
2989 4158 3165 4228 ψυχῆς
3197 4156 3504 4226 ἐνεργείας·
3533 4155 3583 4207 εί
3617 4151 3694 4224 μὴ

2118 4253 2260 4306 κατά
2290 4252 2350 4306 τὸ
2393 4251 2590 4322 μᾶλλον
2620 4252 2713 4304 καὶ
2754 4245 2915 4322 ἦττον
2937 4265 2952 4281 ο
2991 4247 3126 4302 ἀλλὰ
3165 4247 3306 4301 κατὰ
3352 4246 3479 4317 μίαν
3519 4243 3695 4316 ὁρμὴν

2118 4345 2238 4397 ὅλον
2265 4343 2324 4396 τὸ
2353 4338 2488 4405 εἶδος
2521 4339 2808 4395 κινεῖσθαι.
2843 4340 2958 4403 Πᾶς
2989 4336 3096 4409 γὰρ
3122 4336 3331 4404 λαγωὸς
3366 4333 3568 4406 ὁμοίως
3601 4333 3694 4386 εὐ-

2050 4445 2098 4505 D
2129 4432 2382 4499 νάξεται,
2413 4433 2506 4487 καὶ
2544 4434 2652 4494 πᾶς
2683 4430 2844 4494 λύκος
2879 4428 3080 4500 ὁμοίως
3109 4428 3426 4498 πανουργεῖ,
3461 4426 3557 4479 καὶ
3586 4425 3694 4488 πᾶς

2122 4525 2351 4598 πίθηκος
2374 4524 2574 4595 ὁμοίως
2599 4524 2866 4593 μιμεῖται.
2893 4521 3071 4592 Ὅπερ
3090 4519 3188 4572 οὐκ
3213 4517 3358 4571 ἔστιν
3381 4518 3468 4570 ἐπ’
3489 4514 3694 4586 ἀνθρώ·

2121 4635 2244 4672 που.
2297 4617 2502 4688 Μυρίαι
2545 4615 2654 4686 γὰρ
2695 4614 2805 4667 ὁδοὶ
2855 4612 2962 4666 τῶν
3014 4608 3367 4681 ἀνθρωπίνων
3419 4605 3691 4677 πράξεων.

2134 4707 2442 4779 Ἐλεύθερον
2474 4707 2582 4777 γάρ
2611 4723 2665 4758 τι
2701 4704 2794 4759 καὶ
2835 4701 3176 4768 αὐτεξούσιον
3209 4699 3270 4753 τὸ
3297 4698 3530 4768 λογικὸν,
3573 4695 3699 4750 ὅθεν

2122 4801 2219 4870 οὐχ
2248 4801 2306 4854 ἓν
2335 4800 2425 4853 καὶ
2451 4798 2616 4853 ταύτὸ
2641 4799 2806 4850 πᾶσιν
2833 4795 2992 4866 ἔργον
3024 4791 3350 4862 ἀνθρώποις,
3375 4790 3450 4853 ὡς
3481 4787 3701 4858 ἑκάστῳ

2125 4891 2254 4945 εἴδει
2276 4890 2384 4943 τῶν
2415 4889 2624 4957 ἀλόγων
2664 4887 2836 4952 ζώων.
2863 4886 3026 4939 Φύσει
3054 4885 3163 4955 γὰρ
3208 4883 3347 4956 μόνῃ,
3403 4880 3576 4934 ταῦτα
3610 4895 3696 4931 κι-

2125 4980 2403 5037 νεῖται-τὰ
2441 4979 2499 5033 δὲ
2541 4979 2701 5049 φύσει
2743 4976 2942 5048 ὁμοίως
2969 4975 3117 5046 παρά
3148 4973 3313 5027 πᾶσίν
3341 4973 3521 5025 ἐστιν’
3554 4970 3613 5022 αί·
3636 4968 3694 5021 δὲ

2125 5071 2340 5141 λογικαὶ
2373 5069 2594 5142 πράξεις
2635 5069 2790 5124 ἄλλαι
2824 5067 2954 5137 παρ’
2984 5066 3185 5132 ἄλλοις,
3235 5063 3335 5117 οὐκ
3363 5061 3424 5126 ἐξ
3451 5060 3696 5128 ἀνάγκης

2126 5166 2183 5222 αἱ
2208 5164 2370 5218 αὑταὶ
2401 5162 2552 5234 παρά
2577 5163 2760 5218 πᾶσιν,
2792 5160 2858 5216 El
2883 5159 2942 5214 δὲ
2969 5158 3178 5226 λέγοιεν
3214 5155 3307 5208 ἐπὶ
3337 5151 3577 5224 τιμωρίᾳ
3599 5151 3700 5218 τὴν

2129 5252 2305 5324 ψυχὴν
2334 5250 2442 5305 τῶν
2481 5249 2990 5323 προημαρτημένων
3026 5248 3088 5300 ἐν
3135 5243 3213 5316 τῷ
3240 5240 3564 5314 ἀνθρωπίνῳ
3597 5236 3698 5308 βίῳ

2127 5346 2208 5409 είς
2244 5343 2466 5398 τοιαῦτα
2505 5341 2731 5414 σώματα
2770 5336 3258 5410 καταπέμπεσθαι,
3298 5335 3363 5387 ἐκ
3405 5330 3513 5384 τῶν
3540 5327 3694 5382 ὑστᾶ-

2133 5454 2242 5510 ρων
2271 5436 2544 5490 ποιοῦνται
2571 5434 2669 5506 τὴν
2701 5431 2990 5498 ἀπόδειξιν.
3015 5429 3116 5483 Διά
3145 5427 3198 5482 τί
3225 5427 3336 5497 γὰρ
3362 5425 3442 5488 είς
3464 5423 3532 5476 τὰ
3557 5417 3699 5510 πρῶ-

2129 5509 2200 5582 τα
2233 5528 2494 5597 γενόμενα
2522 5524 2748 5594 σώματα
2773 5522 2880 5576 τῶν
2908 5520 3062 5585 ζώων
3090 5516 3462 5587 ἀνεδλήθησαν
3485 5509 3702 5579 λογικαὶ

2131 5618 2332 5688 ψυχαί;
2371 5617 2448 5670 Ού
2483 5615 2591 5686 γὰρ
2632 5615 2805 5686 δήπου
2851 5615 2927 5676 ὡς
2960 5613 3018 5665 ἐν
3061 5609 3303 5681 σώμασιν
3342 5601 3699 5676 ἀνθρωπίνας

2139 5708 2555 5780 ἁμαρτήσασαι,
2589 5704 2717 5775 πρὶν
2767 5703 2858 5758 καὶ
2890 5705 2968 5768 εἰς
3004 5700 3160 5771 σῶμα
3195 5694 3444 5767 γενέσθαι
3493 5689 3706 5762 ἀνθρώ.
