4066 6146
407 283 524 337 9.ίὸ

1877 272 1964 326 DE
2005 273 2238 328 ΛΝΙΜΛ.

3577 278 3687 333 εει

409 410 596 447 πινον.
633 393 817 446 Ἕοικε
863 391 917 444 δὲ
952 389 1120 460 ταύτῃ
1155 391 1279 462 δόξῃ
1311 391 1553 444 τίθεσθαι
1589 391 1680 444 καλ⁸
1714 390 1949 462 Γαληνὸς
1983 397 1993 444 ε

2117 404 2236 446 ιιιιύ
2293 393 2408 447 sola
2454 404 2788 448 moventur:
2838 395 2986 466 atqui
3027 410 3089 448 ea
3137 414 3259 466 qua:
3308 403 3500 451 natura
3552 410 3680 452 cuu-

407 484 717 553 Θαυμάσιος
754 483 956 554 ἰατρὸς,
1004 483 1094 535 καὶ
1141 482 1262 535 καθ’
1287 483 1516 536 ἕκαστον
1556 480 1694 546 εἶδος
1721 481 1858 546 ζώου
1887 483 2000 536 διά-

409 592 580 645 φορον
608 571 746 629 εἶναι
773 574 982 638 δοξάζει
1017 574 1108 627 καὶ
1130 574 1309 644 ψυχῆς
1343 571 1507 637 εἶδος·
1537 573 1684 643 λέγει
1708 574 1812 644 γὰρ
1842 574 2001 637 εὐθὺς

407 670 470 720 ὲν
499 668 644 738 ἀρχῇ
670 665 763 720 τοῦ
794 665 1008 737 πρώτου
1040 666 1246 737 βιϐλίου
1277 666 1376 737 τῆς
1393 667 1532 734 Περὶ
1553 668 1758 736 χρείας
1774 669 2002 736 μορίων

406 758 818 829 πραγματείας,
852 759 1014 811 οὕτω·
1051 778 1069 809 ι
1100 759 1209 811 Καὶ
1231 760 1280 812 εί
1310 757 1488 822 τοῦτο,
1519 758 1688 812 πολλά
1719 757 1826 813 τῶν
1847 757 2000 823 ζώων

405 851 564 903 ἔσται
614 849 812 920 μόριαο
849 850 917 903 τὰ
968 851 1062 920 μὲν
1113 851 1319 920 μείζω,
1349 850 1418 903 τά
1456 849 1512 902 δὲ
1551 849 1757 904 ὲλάττω
1783 867 1795 880 ·
1844 850 1912 903 τὰ
1944 851 2000 904 δὲ

407 942 759 994 παντάπασιν
786 941 865 1002 είς
895 940 1080 1012 ἓτερον
1106 937 1242 1004 εἶδος
1270 941 1487 1012 ἄτμητα
1507 958 1520 971 ·
1557 940 1716 1010 χρεία
1739 940 1797 993 δὲ
1821 939 1998 993 αὐτῶν

408 1033 666 1086 ἁπάντων
703 1034 820 1085 ἐστὶ
849 1035 914 1103 τῇ
948 1033 1114 1103 ψυχῇ.
1157 1034 1230 1086 Τὸ
1270 1034 1376 1104 γὰρ
1409 1033 1566 1102 σῶμα
1597 1032 1801 1102 ταύτης
1831 1033 1999 1102 ὖργα-

402 1145 516 1179 νον.
562 1128 668 1178 Καὶ
703 1125 790 1178 διά
817 1125 972 1178 τοῦτο
995 1127 1127 1179 πολὺ
1148 1127 1453 1196 διενήνοχεν
1472 1125 1715 1196 ἀλλήλων
1735 1125 1804 1177 τά
1837 1125 1998 1196 μόρια

401 1216 513 1268 τῶν
554 1215 727 1278 ζώων,
769 1214 851 1266 ὅτι
881 1216 972 1268 καὶ
1002 1217 1054 1268 αἱ
1085 1215 1272 1285 ψυχαί.
1304 1235 1322 1267 ι
1363 1216 1530 1269 Πάλιν
1572 1214 1624 1266 δὲ
1673 1215 1996 1285 προκόπτων

403 1308 463 1359 ἐν
490 1306 568 1376 τῷ
597 1305 742 1374 αὐτῷ
773 1305 982 1374 βιϐλίῳ,
1009 1306 1362 1378 προστίθησιν
1399 1308 1491 1359 ἐπὶ
1520 1305 1612 1359 τοῦ
1643 1306 1875 1372 πιθήκου
1908 1287 1998 1359 καλ.

400 1399 584 1452 τοῦτο’
617 1419 634 1451 ι
667 1401 774 1452 Καὶ
816 1399 912 1469 μὴ,
940 1392 985 1450 ὦ
1020 1396 1295 1466 σοφώτατε
1328 1398 1599 1467 κατήγορε
1623 1397 1844 1466 (λέξειεν
1871 1397 1935 1452 ἂν
1963 1399 1995 1468 ή

403 1492 570 1559 φύσις
601 1490 736 1562 πρὸς
768 1491 828 1543 σὲ
858 1489 1126 1558 γελοίως),
1151 1491 1249 1561 τὴν
1273 1490 1450 1560 ψυχὴν
1478 1490 1584 1542 τῶν
1613 1488 1765 1553 ζώων
1785 1489 1996 1543 τελείαν

400 1585 571 1654 ἐχρῆν
605 1583 822 1652 δοθῆναι
862 1582 997 1652 πρὸς
1024 1581 1121 1652 τὴν
1154 1581 1246 1634 τοῦ
1288 1581 1538 1651 σώματος
1571 1581 1932 1652 κατασκευήν.
1972 1599 1990 1632 ι

400 1675 593 1739 Οὕτως
629 1670 736 1728 εἶδε
765 1677 874 1737 τοῖς
897 1674 1174 1745 διαφόροις
1217 1674 1336 1727 κατ’
1367 1672 1505 1737 εἶδος
1538 1673 1783 1745 σώμασιν
1809 1673 1996 1742 διαφό-

2105 492 2278 550 stant,
2340 485 2595 540 similiter
2645 487 2787 557 apud
2835 503 3027 544 omnes
3073 503 3131 543 se
3183 487 3422 543 habent:
3457 499 3510 542 at
3556 502 3691 542 vero.

2104 577 2355 633 actiones
2391 594 2512 649 quae
2557 580 2772 636 ratione
2808 580 2965 647 fiunt,
3019 581 3137 636 aliae
3173 581 3315 650 apud
3351 580 3489 634 alios
3517 587 3680 646 sunt;

2103 684 2214 723 non
2254 685 2318 723 ex
2364 671 2699 726 necessitate
2747 671 2947 726 eaedem
3007 672 3150 741 apud
3192 687 3403 727 omnes.
3429 669 3586 737 Quod
3635 671 3686 726 si

2101 757 2333 812 dixerint
2382 760 2618 832 animam
2673 775 2771 830 pro
2821 761 3098 831 supplicio
3145 773 3500 832 peccatorum
3557 769 3685 817 ante

2101 849 2530 904 commissorum
2581 852 2636 905 in
2677 852 2916 906 humana
2970 854 3100 919 vita,
3150 853 3218 909 ad
3264 853 3534 923 ejusmodi
3571 868 3688 908 cor-

2106 957 2242 1010 pora
2287 943 2566 1013 ablegari:
2597 959 2664 998 ex
2711 945 3115 1014 posterioribus
3156 945 3683 1003 demonstrationem

2105 1030 2334 1086 faciunt.
2380 1033 2492 1086 Cur
2531 1034 2674 1088 enim
2705 1034 2901 1090 animm
2930 1037 3226 1092 rationales
3262 1037 3318 1091 in
3349 1053 3414 1094 ea
3455 1053 3686 1108 corpora

2101 1123 2318 1192 injet-tre
2352 1125 2606 1189 fuissent,
2637 1142 2760 1196 quae
2798 1128 2948 1196 prius
2980 1129 3266 1183 brutorum
3301 1129 3549 1184 fuerant?
3575 1147 3684 1186 non

2102 1214 2247 1266 enim
2303 1223 2451 1268 certe
2490 1231 2589 1284 pro
2641 1215 2880 1284 peccatis
2931 1217 2990 1269 in
3050 1218 3378 1288 corporibus
3425 1219 3685 1277 humanis

2104 1307 2440 1373 commissis,
2482 1309 2805 1379 priusquam
2850 1309 2906 1364 in
2938 1325 3140 1381 corpus
3170 1313 3468 1366 humanum
3504 1313 3684 1367 venis-

2102 1405 2252 1454 sent.
2308 1396 2542 1454 Videtur
2593 1408 2772 1455 autem
2834 1401 3001 1456 etiam
3055 1400 3297 1458 Galenus
3345 1402 3683 1462 admirabilis

2098 1489 2368 1554 medicus,
2429 1491 2555 1544 huic
2591 1492 2838 1562 opinioni
2885 1492 3067 1548 favere
3109 1513 3120 1546 :
3171 1495 3479 1564 quippequi
3525 1495 3684 1564 juxta

2098 1597 2547 1653 unamquamque
2595 1585 2894 1642 animantis
2947 1588 3184 1655 speciem
3228 1588 3427 1642 animm
3460 1602 3682 1657 quoque

2098 1675 2372 1743 diversam
2402 1678 2640 1747 speciem
2670 1693 2794 1733 esse
2826 1677 3141 1744 existimat;
3181 1694 3306 1734 nam
3353 1669 3539 1736 statim
3574 1679 3680 1734 ini-

403 1784 533 1836 ρους
567 1766 794 1830 ἐνούσας
815 1766 1010 1836 ψυχάς.
1055 1767 1164 1818 Καὶ
1202 1765 1375 1818 ταῦτα
1404 1765 1504 1834 μὲν
1533 1766 1662 1836 περὶ
1686 1764 1917 1817 τούτων’
1944 1767 1992 1817 εἰ

2097 1767 2172 1820 tio
2200 1768 2321 1821 libri
2353 1770 2510 1838 primi
2539 1768 2615 1823 De
2635 1787 2734 1824 usu
2757 1773 3014 1840 partium,
3039 1772 3112 1825 ita
3139 1771 3368 1826 scribit:
3399 1790 3418 1823 ι
3445 1773 3509 1826 Et
3533 1772 3578 1826 si
3603 1771 3680 1835 id,

397 1859 459 1912 δὲ
497 1859 597 1930 τὴν
633 1858 808 1928 ψυχὴν
846 1857 1208 1928 ἀπεδείξαμεν
1230 1896 1244 1920 ,
1279 1858 1416 1927 μήτε
1448 1855 1607 1926 σῶμα
1636 1850 1821 1919 οὖσαν,
1857 1856 1992 1926 μήτε

401 1949 675 2020 ἁρμονίαν
694 1989 708 2013 ,
745 1949 884 2019 μήτε
915 1949 1110 2019 κρᾶσιν
1130 1989 1144 2012 ,
1186 1949 1322 2018 μήτε
1353 1947 1519 2018 ἀλλην
1551 1945 1672 1998 τινὰ
1712 1945 1990 2016 ποιότητα,

395 2041 559 2110 δῆλον
605 2043 668 2092 ὲκ
709 2039 932 2103 τούτων,
971 2038 1047 2102 ὡς
1093 2037 1251 2090 οὐσία
1294 2037 1378 2100 τίς
1437 2039 1582 2089 ἐστιν
1630 2035 1917 2107 ἀσώματος
1955 2039 2018 2108 ἡ·

399 2133 552 2202 ψυχή
581 2147 594 2161 ⁶
631 2133 713 2185 ὅτι
755 2130 852 2202 μὲν
889 2133 993 2200 γὰρ
1026 2131 1206 2194 ἐστιν,
1247 2129 1586 2198 ὁμολογεῖται
1618 2129 1814 2180 πᾶσινο
1849 2129 1896 2180 εἰ
1933 2127 1990 2180 δὲ

400 2227 544 2294 μήτε
575 2223 753 2294 σῶμα,
783 2223 922 2295 μήτε
955 2221 1321 2292 συμϐεϐηκὸς,
1353 2221 1513 2294 δῆλόν
1541 2221 1708 2287 ἐστιν,
1737 2223 1818 2274 ὅτι
1852 2219 1994 2274 ἀσώ-

2100 1860 2284 1914 multte
2326 1860 2644 1915 animalium
2681 1875 2864 1932 partes
2902 1871 3088 1926 erunt,
3115 1863 3234 1918 alia:
3263 1862 3523 1932 majores,
3559 1864 3682 1918 alia:

2102 1950 2345 2007 minores
2380 1971 2393 2008 :
2432 1955 2679 2023 quatdam
2732 1957 2958 2010 omnino
3006 1956 3071 2011 ad
3121 1956 3284 2009 aliam
3317 1956 3556 2024 speciem
3595 1957 3680 2008 in-

2097 2041 2352 2098 dividuae.
2399 2044 2542 2101 Usus
2579 2053 2763 2102 autem
2792 2048 3036 2117 ipsarum
3068 2047 3314 2101 omnium
3339 2047 3522 2102 anima
3551 2053 3636 2101 est
3663 2065 3677 2100 :

2097 2135 2368 2205 siquidem
2425 2150 2627 2205 corpus
2691 2138 3118 2194 instrumentum
3149 2138 3269 2207 ejus
3299 2146 3416 2206 est;
3452 2153 3683 2209 eamque

2094 2226 2165 2280 ob
2209 2242 2323 2281 rem
2362 2229 2594 2283 multum
2647 2247 2679 2286 a
2738 2248 2798 2288 se
2849 2232 3084 2289 invicem
3135 2241 3321 2304 partes
3360 2231 3680 2287 animalium

400 2315 574 2384 ματός
611 2316 756 2366 ἐστιν
785 2312 961 2377 οὐσία,
994 2313 1084 2365 καὶ
1109 2312 1260 2365 οὐδὲν
1288 2311 1396 2364 τῶν
1420 2311 1653 2380 ἑχόντων
1682 2315 1740 2374 ὲν
1769 2313 1911 2384 ἄλλῳ
1934 2312 1993 2366 τὸ

2097 2315 2384 2384 differunt;
2425 2320 2645 2388 quando
2675 2322 2874 2377 anima:
2903 2322 3070 2377 etiam
3099 2322 3437 2392 discrepant.
3485 2341 3501 2373 ι
3533 2319 3681 2375 Rur-

399 2403 547 2460 εἷναι
572 2422 585 2435 ·
621 2405 794 2458 ταῦτα
827 2405 936 2475 γὰρ
978 2402 1187 2472 γίνεται
1217 2403 1309 2456 καὶ
1337 2403 1654 2473 ἀπογίνεται
1696 2405 1864 2474 χωρὶς
1895 2405 1993 2476 τῆς

2097 2424 2192 2464 sus
2229 2411 2456 2482 ulterius
2486 2427 2821 2483 progressus
2863 2416 2918 2470 iu
2963 2415 3155 2470 eodem
3195 2413 3336 2469 libro
3367 2414 3470 2469 hoc
3507 2412 3676 2468 etiam

393 2498 495 2553 τοῦ
523 2497 880 2567 ὑποκειμένου
912 2495 1138 2566 φθορᾶς.
1173 2496 1283 2566 Τῆς
1307 2495 1364 2549 δὲ
1390 2495 1568 2567 ψυχῆς
1600 2497 1993 2568 χωριζομένης,

2097 2499 2345 2570 adjungit
2367 2517 2532 2572 super
2561 2504 2718 2558 simia
2753 2523 2768 2560 :
2805 2524 2823 2556 ι
2857 2503 2922 2557 Et
2954 2504 3178 2558 minime
3203 2503 3470 2574 oportuit,
3494 2517 3526 2554 ο
3550 2517 3682 2570 pru-

395 2592 458 2646 τὸ
486 2591 645 2660 σῶμα
675 2588 891 2650 πάντως
926 2585 1228 2657 φθείρεται.

2097 2591 2421 2649 dentissime
2447 2604 2736 2652 accusator
2766 2596 2998 2664 (diceret
3025 2603 3224 2650 natura
3249 2603 3302 2650 te
3325 2596 3514 2664 jocose
3544 2595 3678 2648 allo-

393 2679 868 2751 quens),animam
926 2677 1286 2731 animantium
1318 2677 1622 2750 perfectam
1677 2678 1862 2734 datam
1895 2695 2019 2736 esse
2053 2682 2120 2736 ad
2182 2686 2433 2753 corporis
2490 2685 2925 2742 fabricationem.
2959 2706 2977 2738 ι
3025 2685 3118 2741 Sic
3163 2687 3256 2742 ille
3301 2685 3682 2740 differentibus

395 2777 583 2848 specie
630 2772 956 2842 corporibus
1006 2771 1322 2829 differentes
1374 2774 1557 2830 inesse
1605 2773 1817 2830 animas
1879 2779 2156 2848 cognovit.
2212 2779 2393 2849 Atque
2435 2782 2550 2837 haec
2599 2783 2820 2853 quidem
2862 2783 3130 2838 hactenus
3172 2782 3240 2837 iis
3284 2781 3362 2836 de-
3388 2781 3577 2836 rebus.
3622 2781 3678 2834 Si

397 2874 564 2944 igitur
600 2869 841 2926 animam
883 2881 1070 2936 neque.
1091 2881 1290 2938 corpus
1332 2886 1476 2934 esse,
1546 2886 1726 2940 neque
1786 2883 2140 2942 concentum,
2193 2892 2372 2948 neque
2423 2880 2760 2946 mistionem,
2827 2895 3007 2949 neque
3076 2879 3242 2933 ullam
3275 2877 3438 2931 aliam
3501 2877 3680 2946 quali-

395 2977 564 3024 tatem
606 2972 987 3040 probavimus,
1020 2978 1170 3042 patet
1203 2984 1268 3025 ex
1299 2967 1366 3023 iis
1396 2966 1638 3020 animam
1668 2966 2034 3023 substantiam
2064 2986 2189 3028 esse
2211 2975 2465 3044 corporis
2487 2983 2770 3045 expertem
2804 2995 2817 3029 :
2851 2991 2976 3030 nam
3023 2976 3078 3029 in
3117 2972 3374 3029 confesso
3412 2977 3498 3024 est
3516 2970 3686 3024 omni-

396 3061 501 3118 bus
549 3078 670 3118 eam
717 3065 986 3120 exsistere
1027 3082 1041 3118 :
1089 3077 1259 3128 quare
1300 3062 1344 3116 si
1396 3074 1574 3129 neque
1627 3073 1850 3128 corpus,
1909 3077 2089 3132 neque
2136 3067 2394 3120 accidens
2435 3074 2554 3130 est,
2599 3068 2951 3124 manifestum
2995 3077 3081 3123 est
3128 3069 3511 3136 incorpoream
3552 3080 3678 3121 esse

397 3155 786 3222 substantiam,
826 3164 881 3210 et
911 3156 1048 3210 nihil
1077 3168 1268 3211 eorum
1310 3167 1432 3222 qua:
1460 3151 1514 3205 in
1544 3150 1652 3205 alio
1680 3165 1803 3206 esse
1839 3151 2074 3221 habent;
2109 3155 2226 3210 haec
2263 3157 2410 3212 enim
2440 3159 2662 3228 adsunt,
2691 3168 2746 3214 et
2780 3161 2981 3217 absunt
3015 3164 3134 3216 sine
3157 3159 3390 3229 subjecti
3417 3159 3675 3228 pernicie.

399 3248 506 3303 Sed
539 3248 720 3301 anima
749 3258 999 3318 separata
1024 3249 1166 3318 perit
1197 3245 1423 3301 omnino
1451 3259 1675 3314 corpus.

469 3341 597 3405 Τοῖς
633 3342 817 3404 αὐτοῖς
869 3341 926 3394 δὲ
964 3341 1310 3411 χρησάμενον
1362 3337 1508 3391 ἐστιν
1539 3334 1840 3401 ἀποδεῖξαι
1891 3334 1990 3404 τὴν

2164 3334 2360 3390 Iisdem
2391 3349 2522 3390 vero
2557 3335 2865 3391 rationibus
2904 3334 3110 3391 utendo
3134 3337 3520 3393 demonstrare
3550 3338 3680 3394 licet

395 3430 577 3503 ψυχὴν
625 3431 893 3486 ἀθάνατον
939 3427 1126 3486 οὖσαν.
1173 3431 1238 3484 El
1283 3428 1392 3500 γάρ
1439 3428 1576 3498 μήτε
1625 3425 1787 3496 σῶμά
1818 3426 1985 3491 ἐστιν,

2097 3428 2330 3482 animam
2354 3427 2718 3482 immortalem
2745 3443 2888 3483 esse.
2909 3427 3041 3482 Nam
3072 3428 3316 3500 sineque
3343 3445 3545 3500 corpus
3567 3440 3674 3494 est,

397 3519 536 3595 ὅπερ
603 3523 763 3593 φύσει
821 3523 1068 3577 διαλυτὸν
1124 3521 1336 3592 ἐδείχθη
1385 3520 1479 3574 καὶ
1527 3517 1798 3590 φθαρτὸν,
1852 3518 1989 3587 μήτε

2097 3519 2235 3590 quod
2249 3519 2464 3590 quidem
2480 3530 2672 3575 natura
2692 3519 3013 3578 dissolubile
3051 3528 3106 3576 et
3124 3522 3390 3578 caducum
3410 3538 3535 3579 esse
3556 3537 3678 3592 pro-

399 3619 662 3690 ποιότης,
697 3618 832 3689 μήτε
880 3617 1137 3687 ποσότης,
1183 3615 1319 3686 μήτε
1362 3614 1488 3668 ἄλλο
1528 3630 1582 3666 τι
1618 3612 1726 3665 τῶν
1775 3609 1988 3680 φθειρο-

403 3711 605 3782 μένων,
632 3709 875 3780 δηλονότι
905 3709 1176 3772 ἀθάνατός
1215 3711 1354 3761 ἐστι.
1386 3705 1588 3759 nam
1622 3704 1720 3775 μὲν
1748 3698 1841 3756 οὖν
1885 3704 1990 3755 εἱσι

398 3804 498 3874 τῆς
533 3803 832 3866 ἀθανασίας
859 3802 1032 3872 αὐτῆς
1073 3799 1376 3865 ἀποδείξεις
1399 3840 1412 3865 ,
1450 3799 1602 3869 παρὰ
1636 3815 1694 3850 τε
1745 3796 1989 3850 Πλάτωνι

399 3891 499 3944 καὶ
545 3892 657 3954 τοῖς
693 3889 875 3954 ἄλλοις
898 3907 913 3924 ·
953 3890 1070 3944 ἀλλ’
1123 3890 1328 3943 ἐκεῖναι
1379 3887 1478 3959 μὲν
1529 3887 1866 3958 περισκελεῑς
1898 3888 1991 3940 καὶ⁸

399 3981 826 4053 δυσκατανόητοι
849 4021 866 4047 ,
902 3983 998 4037 καὶ
1035 3981 1186 4053 μόλις
1214 3983 1329 4044 τοῖς
1360 3979 1814 4051 ὲντεθραμμένοις
1845 3979 1986 4032 ἐκεί⁹

399 4091 524 4136 ναις
552 4076 670 4137 ταῖς
699 4075 1029 4145 ἐπιστήμαις
1064 4075 1330 4146 γνώριμοι
1349 4092 1363 4106 °
1394 4075 1528 4145 ἡμῖν
1574 4073 1631 4127 δὲ
1663 4073 1824 4142 ἀρκεῖ
1854 4070 1991 4143 πρὸς

399 4165 678 4229 ἀπόδειξιν
709 4165 810 4236 τῆς
839 4166 1140 4230 ἀθανασίας
1171 4167 1364 4237 αὐτῆς,
1401 4168 1434 4237 ἡ
1471 4164 1580 4220 τῶν
1609 4164 1767 4218 θείων
1798 4163 1991 4233 λογίων

399 4259 744 4324 διδασκαλία,
790 4260 852 4313 τὸ
897 4258 1086 4314 πιστὸν
1138 4259 1224 4328 ἐφ’
1272 4260 1472 4328 ἑαυτῆς
1525 4257 1745 4328 ἔχουσα,
1795 4255 1887 4309 διὰ
1929 4255 1992 4309 τὸ

399 4350 761 4414 θεόπνευστος
792 4345 952 4404 εἶναι.
989 4349 1134 4421 Πρὸς
1164 4349 1224 4403 δὲ
1254 4350 1381 4413 τοὺς
1417 4348 1493 4420 μὴ
1524 4347 1992 4418 καταδεχομένους

401 4444 474 4498 τά
507 4443 616 4496 τῶν
657 4443 996 4515 Χριστιανῶν
1039 4443 1304 4513 δόγματα,
1343 4443 1505 4514 ἀρκεῖ
1549 4441 1610 4494 τὸ
1657 4441 1820 4512 μηδὲν
1851 4437 1992 4492 εἶναι

399 4537 504 4610 τὴν
533 4535 708 4610 ψυχὴν
738 4536 846 4590 τῶν
872 4535 1243 4607 φθειρομένων
1265 4533 1564 4598 ἀποδεῖξαι.
1595 4533 1655 4585 Et
1685 4532 1796 4602 γάρ
1825 4529 1991 4601 μηδέν

402 4631 523 4683 ἐστι
559 4629 670 4682 τῶν
705 4627 1100 4700 φθειρομένων,
1149 4627 1264 4681 ἔστι
1300 4627 1358 4683 δὲ
1399 4626 1698 4696 ἄφθαρτος,
1744 4624 1858 4677 ἔστι
1898 4623 1992 4676 καὶ

405 4718 674 4783 ἀθάνατος
696 4737 712 4752 ο
753 4717 894 4772 ὥστε
943 4717 1100 4771 τοῦτο
1141 4717 1239 4786 μὲν
1283 4716 1597 4788 ἀρκούντως
1647 4715 1769 4786 ἔχον
1817 4731 1992 4784 παρα-

404 4811 670 4864 λειπτέον.
691 4810 958 4882 Ζητητέον
977 4810 1032 4861 δὲ
1055 4808 1172 4870 πῶς
1193 4809 1371 4879 ψυχῆς
1397 4806 1492 4862 καὶ
1514 4808 1763 4878 σώματος
1783 4805 1991 4876 ἀψύχου

405 4903 616 4972 γίνεται
664 4901 856 4965 ἓνωσις
879 4919 893 4932 ·
941 4901 1144 4972 ἄπορον
1190 4901 1298 4971 γὰρ
1332 4900 1392 4954 τὸ
1422 4901 1656 4971 πρᾶγμα
1679 4914 1694 4932 ·
1729 4900 1778 4952 εί
1813 4897 1870 4952 δὲ
1915 4897 1990 4969 μὴ

407 4995 570 5066 μόνον
597 4997 660 5049 ὲκ
690 4994 916 5057 τούτων,
944 4993 1080 5046 ἀλλά
1109 4994 1204 5046 καὶ
1235 4992 1330 5047 τοῦ
1362 4991 1454 5045 νοῦ
1488 4991 1816 5062 συνέστηκεν
1843 4991 1873 5042 ὁ
1900 4991 1991 5044 ἀν-

405 5086 659 5158 θρωπος,
716 5087 795 5150 ὡς
845 5081 996 5140 εἶπόν
1040 5101 1214 5150 τινες,
1266 5083 1346 5137 ἔτι
1401 5082 1561 5137 πλέον
1615 5082 1984 5153 ἀπορώτερον.

406 5181 594 5235 Πάντα
640 5179 746 5252 γὰρ
780 5178 848 5232 τὰ
894 5179 1142 5232 συνιόντα
1183 5178 1262 5240 εἰς
1304 5177 1435 5246 μιᾶς
1475 5174 1660 5237 οὐσίας
1694 5173 1990 5228 ὑπόστασιν

407 5273 630 5338 πάντως
666 5271 881 5326 ἑνοῦται
903 5286 916 5302 ·
949 5269 1124 5324 πάντα
1159 5269 1217 5322 δὲ
1252 5267 1322 5323 τὰ
1365 5266 1632 5338 ἑνούμενα
1663 5265 1986 5329 ἀλλοιοῦται,

405 5363 501 5417 καὶ
532 5363 594 5417 οὐ
630 5361 781 5434 μένει
820 5360 856 5414 ἃ
885 5360 1149 5432 πρότερον
1180 5354 1246 5430 ἦν
1266 5399 1279 5421 ,
1326 5357 1402 5421 ὡς
1449 5355 1544 5410 ἐπὶ
1572 5355 1682 5409 τῶν
1715 5355 1991 5426 στοιχείων

403 5455 771 5526 δειχθήσεται·
804 5453 1069 5506 ὲνωθέντα
1107 5451 1214 5522 γὰρ
1243 5451 1371 5506 ἄλλο
1405 5467 1458 5503 τι
1487 5449 1699 5519 γέγονε.
1731 5448 1854 5512 Πῶς
1877 5444 1992 5514 οὖν,

405 5549 456 5600 εί
492 5546 552 5599 τὸ
587 5543 1070 5614 σῶμα-ἡνωμένον
1114 5547 1179 5614 τῇ
1213 5543 1358 5614 ψυχῇ
1404 5541 1485 5596 ἔτι
1530 5541 1680 5613 μένει
1725 5541 1916 5612 σῶμα,
1956 5542 1989 5613 ἢ

408 5639 570 5690 πάλιν
595 5639 628 5706 ἡ
652 5634 799 5706 ψυχὴ
833 5633 1120 5705 ἀσώματος
1151 5630 1284 5686 οὖσα
1310 5633 1404 5688 καὶ
1431 5631 1694 5702 οὺσιὼδης
1722 5631 1841 5685 καθ’
1867 5632 1992 5684 ἑαυσ

411 5727 525 5798 τὴν,
563 5729 697 5792 πῶς
743 5725 957 5782 ἑνοῦται
1005 5724 1250 5795 σώματι,
1299 5724 1393 5778 καὶ
1441 5724 1602 5795 μέρος
1645 5724 1861 5793 γίνεται
1897 5721 1988 5777 τοῦ

2024 4678 2074 4738 D

2092 3612 2277 3666 batum
2300 3620 2422 3679 est;
2450 3628 2626 3684 neque
2652 3613 2912 3684 qualitas,
2950 3631 3128 3685 neque
3159 3617 3464 3686 quantitas,
3498 3631 3675 3686 neque

2094 3703 2243 3758 aliud
2269 3705 2548 3774 quidpiam
2583 3720 2778 3760 eorum
2818 3720 2942 3776 quae
2975 3705 3190 3777 fragilia
3216 3714 3270 3761 et
3299 3707 3677 3777 corruptibilia
3777 3768 3798 3783 γ

2093 3800 2244 3856 sunt,
2289 3793 2544 3848 videlicet
2583 3794 2913 3851 immortalis
2961 3804 3066 3863 est,
3103 3813 3167 3852 ac
3215 3800 3400 3854 multa:
3432 3799 3676 3870 profecto

2093 3896 2224 3940 sunt
2262 3885 2694 3941 immortalitatis
2749 3887 2926 3957 ipsius
2981 3887 3484 3948 demonstrationes
3533 3890 3677 3962 apud

2092 3977 2373 4034 Platonem
2405 3987 2458 4034 et
2486 3979 2663 4045 alios;
2695 3979 2790 4036 sed
2828 3980 2934 4035 illae
2959 3996 3117 4052 aequo
3151 3983 3451 4054 longiores,
3480 3992 3534 4038 et
3563 3998 3681 4053 per-

2093 4077 2253 4138 ceptu
2300 4069 2549 4126 difficiles
2585 4078 2717 4125 sunt
2745 4089 2757 4124 :
2795 4078 2850 4126 et
2881 4073 2968 4127 vix
3017 4073 3085 4130 iis
3115 4074 3209 4144 qui
3235 4075 3450 4129 educati
3483 4081 3613 4129 sunt
3647 4090 3677 4128 a

2093 4161 2299 4218 teneris
2338 4161 2392 4215 in
2421 4162 2671 4217 scientiis
2705 4163 3043 4231 huiusmodi,
3088 4166 3324 4236 cognitae
3364 4174 3419 4220 et.
3455 4180 3680 4234 perspe-

2092 4261 2232 4320 ctaa;
2271 4253 2435 4308 nobis
2458 4269 2591 4310 vero
2625 4255 2691 4308 ad
2731 4254 3258 4311 demonstrationem
3293 4256 3677 4310 immortalita-

2095 4345 2165 4400 tis
2186 4345 2359 4415 ipsius
2387 4347 2520 4401 satis
2551 4361 2827 4418 superque
2868 4355 2953 4404 est
2978 4348 3294 4404 divinorum
3319 4349 3677 4403 oraculorum

2093 4437 2364 4501 doctrina,
2402 4455 2525 4509 qua:
2545 4439 2598 4494 in
2635 4455 2695 4494 se
2728 4440 2853 4495 fidei
2894 4440 3296 4496 faciendae-vim
3334 4441 3520 4507 habet,
3553 4441 3678 4498 ideo

2091 4528 2240 4599 quod
2273 4545 2302 4582 a
2331 4529 2442 4583 Deo
2472 4530 2742 4598 inspirata
2775 4539 2880 4586 est.
2923 4531 3003 4588 lis
3037 4547 3169 4587 vero
3199 4533 3292 4603 qui
3333 4548 3445 4587 non
3481 4533 3678 4587 admit-

2096 4627 2217 4672 tunt
2266 4618 2710 4674 Christianorum
2758 4619 3004 4686 decreta,
3059 4619 3257 4676 sufficit
3298 4621 3681 4677 demonstrare

2097 4709 2338 4762 animam
2394 4708 2528 4763 nihil
2581 4724 2705 4766 esse
2750 4726 2940 4766 eorum
2994 4728 3115 4783 quae
3162 4721 3408 4782 pereunt.
3455 4711 3590 4768 Nam
3631 4714 3678 4769 si

2095 4802 2232 4857 nihil
2259 4812 2343 4858 est
2372 4817 2556 4857 rerum
2601 4803 2969 4873 pereuntium,
3006 4813 3092 4860 est
3128 4804 3291 4860 etiam
3335 4805 3676 4876 incorrupta,

2095 4895 2394 4964 eademque
2436 4895 2784 4951 immortalis.
2815 4894 3185 4962 Quamobrem
3226 4896 3331 4952 hoc
3363 4896 3508 4967 quod
3544 4895 3682 4950 satis

2093 4987 2527 5042 demonstratum
2589 4994 2710 5052 est,
2772 4987 3252 5058 praetereundum;
3319 4986 3679 5058 quaerendum

2096 5085 2278 5132 autem
2305 5087 2393 5133 est
2429 5093 2538 5148 qua
2567 5078 2784 5134 ratione
2820 5079 3019 5136 anima:
3068 5089 3124 5136 et
3151 5081 3405 5151 corporis
3450 5073 3681 5132 inanimi

2097 5175 2247 5222 arcta
2283 5167 2336 5222 in
2366 5183 2535 5222 unum
2581 5168 2905 5238 conjunctio
2938 5169 3060 5234 fiat;
3095 5179 3454 5228 controversa
3483 5164 3682 5232 quippe

2099 5275 2186 5317 res
2216 5267 2320 5316 est.
2353 5258 2510 5326 Quod
2558 5260 2603 5316 si
2647 5276 2759 5316 non
2792 5267 3006 5317 tantum
3048 5277 3114 5317 ex
3160 5261 3252 5324 iis,
3288 5257 3384 5314 sed
3416 5255 3582 5311 etiam
3614 5270 3680 5309 ex

2099 5358 2285 5406 mente
2313 5357 2533 5407 constat
2575 5351 2764 5416 homo,
2810 5361 2870 5407 ut
2901 5352 3122 5422 quidam
3159 5351 3438 5411 dixerunt,
3499 5345 3683 5402 adhuc

2099 5443 2384 5500 incertius.
2455 5443 2562 5499 Sed
2611 5445 2757 5499 enim
2809 5447 2995 5498 omnia
3042 5456 3164 5512 quas
3211 5437 3546 5494 conveniunt
3610 5436 3679 5493 ad

2097 5539 2262 5593 unius
2307 5536 2562 5593 essentia!
2615 5535 3052 5610 subsistentiam.
3099 5545 3327 5602 prorsus
3373 5531 3674 5586 uniuntur:

2097 5629 2246 5698 atqui
2289 5629 2473 5684 omnia
2503 5629 2660 5682 unita
2705 5626 3014 5685 variantur.
3063 5639 3165 5680 nec
3214 5624 3269 5679 in
3301 5623 3492 5680 eodem
3529 5629 3679 5678 statu

2096 5727 2340 5788 manent,
2369 5720 2426 5777 in
2455 5733 2564 5788 quo
2597 5719 2750 5789 prius
2783 5725 2958 5782 erant,
2996 5725 3055 5773 ut
3089 5717 3142 5773 in
3174 5717 3462 5794 elementis
3493 5721 3676 5770 osten‘
