4046 6156
394 266 499 321 Ωεὸ

1595 271 1650 325 S.
1695 265 2017 323 GREGOBII
2057 265 2350 321 NYSSENi

3536 262 3647 318 ’216

393 387 572 441 detur.
617 383 858 453 Namque
898 384 1043 437 unita
1078 385 1222 439 aliud
1258 385 1532 454 quidpiam
1599 384 1789 439 ellecta
1830 392 1973 437 sunt.

2086 382 2245 446 ζώου,
2310 383 2551 448 σώζουσα
2616 386 2714 455 τὴν
2771 386 2909 440 ίδίαν
2971 386 3153 438 οὐσίαν
3203 384 3505 454 ἀσύγχυτον
3557 383 3653 440 καὶ

390 475 497 543 Qui
546 476 710 545 igitur
758 476 801 529 si
854 490 1056 544 corpus
1122 477 1331 530 unitum
1377 477 1572 531 animae
1628 476 1803 529 adhuc
1857 489 1971 527 ma-

391 577 487 621 net
555 582 792 635 corpus,
869 575 962 619 aut
1021 583 1216 623 rursus
1296 570 1476 622 anima
1560 583 1681 622 eum
1752 567 1823 622 sit
1888 567 1971 619 in-

394 672 660 726 corporea
709 665 763 709 et
826 659 1138 713 essentialis
1201 674 1298 729 per
1340 675 1441 726 se,
1515 658 1788 726 quomodo
1848 658 1969 711 uni-

391 756 484 801 tur
552 749 809 816 corpori,
880 757 934 803 et
1013 765 1139 819 pars
1203 751 1419 805 exsistit
1486 744 1787 813 animalis,
1842 764 1968 819 pro-

391 843 566 911 priam
619 842 872 896 animalis
929 844 1224 897 essentiam
1280 857 1617 896 conservans
1670 858 1778 894 non
1840 855 1968 894 con-

390 933 614 993 fusam,
674 949 851 1002 neque
918 935 1279 1002 corruptam?
1356 932 1590 987 Necesse
1659 932 1802 985 enim
1886 936 1969 984 est

395 1032 491 1077 aut
549 1024 699 1077 unita
746 1039 870 1078 esse
915 1024 1152 1077 animam
1205 1032 1256 1077 et
1304 1038 1536 1092 corpus,
1590 1030 1645 1075 et
1687 1036 1793 1074 una
1849 1035 1968 1073 mu-

394 1125 506 1170 tata
560 1132 681 1171 esse
727 1125 781 1171 et
832 1116 993 1170 simul
1037 1124 1317 1185 corrupta,
1376 1125 1435 1170 ut
1489 1116 1759 1169 elementa
1812 1132 1825 1167 :
1875 1121 1967 1165 aut

392 1210 607 1262 unitum
642 1225 747 1261 non
771 1224 894 1263 esse
920 1217 1231 1277 utrumque,
1258 1207 1327 1261 ob
1350 1205 1637 1277 prtedictas
1668 1203 1969 1259 absurdita-

391 1312 510 1362 tes,
557 1299 807 1366 adjacere
851 1314 981 1353 vero
1032 1308 1291 1367 tanquam
1346 1298 1632 1352 saltatores
1681 1296 1735 1349 in
1776 1296 1965 1359 choro,

392 1400 487 1444 aut
544 1391 815 1447 calculum
872 1391 1102 1452 calculo,
1151 1402 1243 1444 aut
1298 1390 1518 1443 mistum
1564 1397 1617 1443 et
1670 1387 1965 1443 confusum

391 1495 536 1543 esse,
582 1479 744 1532 veluti
778 1492 918 1548 aqua
947 1488 1002 1533 et
1049 1480 1255 1531 vinum.
1309 1477 1414 1531 Sed
1460 1477 1603 1547 quod
1640 1477 1819 1529 anima
1870 1491 1966 1530 ne—

392 1577 556 1639 queat
586 1569 839 1637 adjacere
894 1571 1129 1639 corpori,
1175 1570 1229 1623 in
1267 1575 1502 1623 tractatu
1537 1568 1615 1622 De
1656 1568 1834 1621 anima
1877 1567 1968 1619 de-

393 1670 756 1716 monstratum
811 1671 939 1715 est:
990 1671 1135 1716 esset
1183 1661 1327 1715 enim
1378 1661 1494 1715 sola
1547 1676 1672 1729 pars
1721 1658 1967 1727 corporis

2078 476 2400 548 ἀδιάφθορον
2426 494 2440 543 ;
2477 477 2711 547 Ἀνάγκη
2740 477 2846 547 γὰρ
2876 478 2908 546 ἢ
2944 477 3182 547 ἡνῶσθαι
3214 477 3313 549 τὴν
3352 476 3529 547 ψυχὴν
3558 476 3655 531 καὶ

2077 570 2137 623 τὸ
2176 570 2353 647 σῶμα,
2385 572 2477 623 καὶ
2511 569 2929 639 συνηλλοιῶσθαι
2958 570 3050 622 καὶ
3083 568 3444 640 συνεφθάρθαι
3478 568 3655 640 ἀμφό-

2078 680 2230 732 τερα,
2275 662 2350 725 ὡς
2389 662 2457 715 τὰ
2502 664 2767 731 στοιχεῖαε
2804 661 2837 731 ἢ
2878 662 2951 733 μὴ
2988 661 3228 731 ἡνῶσθαι
3282 662 3379 731 μὲν
3425 660 3513 714 διὰ
3554 661 3657 725 τὰς

2078 753 2479 824 προειρημένας
2516 752 2771 817 ἀτοπίας,
2810 752 3174 823 παρακεῖσθαι
3203 753 3258 805 δὲ
3289 752 3365 816 ὡς
3393 751 3657 822 χορευτὰς

2080 844 2136 895 ἐν
2166 842 2340 914 χορῷ,
2370 842 2403 913 ἦ
2434 842 2609 913 ψῆφον
2646 842 2832 912 ψήφῳ,
2880 841 2913 911 ἢ
2945 840 3242 913 κεκρᾶσθαι
3284 840 3359 901 ῶς
3390 839 3533 910 ὕδωρ
3561 839 3658 893 καὶ

2076 929 2237 988 οἶνον.
2282 934 2421 985 Ἀλλ’
2453 936 2538 987 ὅτι
2569 934 2663 1005 μὲν
2694 934 2753 986 οὐ
2791 932 3011 987 δύναται
3043 930 3406 1002 παρακεῖσθαι
3442 929 3521 1000 τῷ
3552 928 3661 982 σώ-

2079 1042 2208 1095 ματι
2254 1027 2287 1096 ἡ
2321 1024 2486 1096 ψυχὴ,
2523 1027 2579 1077 ὲν
2620 1020 3083 1095 τῷΠερὶψυχῆς
3109 1022 3504 1075 ἀποδέδεικται.
3546 1018 3659 1074 Ἦν

2076 1120 2184 1190 γὰρ
2223 1118 2289 1170 ἂν
2326 1119 2483 1188 μόνον
2516 1118 2645 1171 αὐτὸ
2688 1114 2781 1169 τοῦ
2824 1114 3071 1186 σώματος
3115 1115 3357 1185 ἔμψυχον
3392 1114 3555 1184 μέρος
3594 1112 3661 1166 τὸ

2078 1206 2374 1277 πλησιάζον
2406 1211 2471 1279 τῇ
2502 1208 2645 1277 ψυχῇ
2671 1226 2683 1238 ·
2712 1209 2772 1261 τὸ
2808 1208 2863 1260 δὲ
2894 1208 2967 1278 μὴ
3013 1207 3353 1278 συνημμένον
3372 1246 3387 1269 ,
3428 1207 3653 1276 ἄψυχον,

2076 1302 2212 1370 πρὸς
2244 1299 2320 1369 τῷ
2354 1302 2426 1370 μὴ
2462 1298 2716 1353 δύνασθαι
2752 1299 2809 1353 ἒν
2839 1299 3014 1368 λέγειν
3046 1295 3185 1351 εἶναι
3206 1299 3274 1353 τὰ
3306 1300 3446 1353 κατά
3479 1300 3659 1368 παρά-

2077 1392 2242 1455 θεσιν,
2267 1392 2340 1455 ὡς
2368 1392 2517 1456 ξύλα,
2551 1392 2683 1463 φέρε
2715 1394 2905 1456 εἰπεῖν,
2931 1392 2963 1462 ἢ
2993 1391 3223 1462 σίδηρον,
3254 1393 3287 1461 ἡ
3309 1409 3363 1444 τι
3391 1391 3655 1446 τοιοῦτον

2076 1487 2167 1537 καὶ
2210 1487 2242 1555 ἡ
2276 1485 2469 1555 κρᾶσις
2506 1485 2560 1537 δὲ
2590 1484 2683 1537 τοῦ
2712 1486 2852 1538 οἴνου
2886 1483 2979 1536 καὶ
3008 1483 3102 1536 τοῦ
3142 1483 3332 1547 ὓδατος
3370 1483 3659 1554 ἀμφότερα

2077 1573 2385 1642 συνδιαφθεί
2392 1576 2492 1645 ρει.
2519 1573 2652 1627 Ούτε
2670 1573 2777 1645 γὰρ
2796 1574 2937 1645 ὕδωρ
2961 1574 3077 1625 ἐστὶ
3098 1573 3157 1627 τὸ
3182 1574 3371 1643 κρᾶμα
3392 1572 3653 1643 καθαρὸν,

2074 1667 2197 1719 οὔτε
2225 1664 2383 1730 οἶνος·
2410 1667 2585 1721 καίτοι
2612 1668 2713 1736 τῆς
2762 1665 3016 1735 τοιαύτης
3041 1665 3285 1736 κράσεως
3308 1667 3449 1719 κατά
3478 1664 3660 1733 παρά-

392 1753 633 1804 animata
662 1766 782 1820 qua:
814 1751 1059 1819 proxima
1090 1758 1239 1805 esset
1267 1751 1497 1818 animae;
1549 1765 1669 1819 qum
1710 1764 1839 1803 vero
1878 1764 1969 1803 c0-

2079 1757 2220 1810 θεσιν
2249 1757 2570 1829 γινομένης,
2620 1732 2987 1813 λανθάνουσαν
3016 1732 3114 1826 ’τὴ-ν
3148 1756 3399 1826 αἴσθησιν
3419 1794 3433 1817 ,
3478 1732 3572 1807 διὰγ
3594 1753 3660 1806 τὸ

390 1830 575 1910 pulata
609 1857 715 1896 non
746 1851 912 1905 esset,
944 1842 1199 1896 inanimis
1230 1860 1244 1908 ;
1288 1850 1646 1912 praeterquam
1677 1839 1824 1910 quod
1862 1854 1969 1893 non

358 1932 359 1935 “
393 1934 604 2001 possint
652 1950 817 1988 unum
853 1934 961 1988 dici
995 1948 1115 2003 quae
1149 1949 1244 2002 per
1285 1933 1683 2003 appositionem
1732 1938 1878 1996 sunt,
1911 1938 1970 1984 ut

390 2044 445 2080 γ.
481 2044 535 2098 g.
564 2028 709 2098 ligna
743 2034 837 2081 aut
868 2026 1073 2081 ferrum
1104 2034 1198 2080 aut
1225 2026 1433 2095 aliquid
1474 2024 1766 2094 ejusmodi.
1802 2025 1971 2079 Porro

392 2118 509 2172 vini
547 2126 602 2172 et
642 2133 797 2187 aqua:
843 2118 1028 2171 mistio
1065 2126 1359 2186 utrumque
1407 2118 1571 2171 simul
1614 2116 1917 2184 corrumpit
1954 2134 1967 2169 :

401 2225 578 2278 neque
608 2210 753 2263 enim
788 2224 929 2278 aqua
959 2217 1045 2263 est
1096 2209 1282 2263 mistio
1329 2223 1487 2277 pura,
1520 2222 1697 2276 neque
1732 2207 1915 2260 vinum
1955 2225 1969 2261 :

395 2300 609 2355 etiamsi
640 2299 911 2370 ejusmodi
938 2308 1428 2368 temperamentum
1454 2314 1549 2367 per
1581 2298 1972 2367 appositionem

398 2396 511 2457 tiat,
539 2407 659 2461 qua:
687 2406 906 2447 sensum
938 2389 1107 2461 fugiat
1142 2400 1363 2461 propter
1389 2389 1705 2443 tenuitatem
1738 2390 1972 2457 partium

395 2502 588 2539 eorum
619 2500 739 2554 qua:
766 2484 927 2537 mista
962 2491 1124 2549 sunt;
1168 2483 1220 2537 id
1248 2498 1377 2536 vero
1400 2490 1616 2536 constat
1648 2497 1713 2535 ex
1742 2496 1807 2535 eo
1827 2480 1975 2551 quod

398 2593 593 2631 rursus
632 2592 660 2629 a
698 2592 757 2630 se
804 2575 1037 2628 invicem
1084 2574 1494 2627 discernuntur.
1550 2572 1786 2643 Spongia
1828 2581 1976 2628 certe

396 2672 516 2724 oleo
546 2670 712 2722 tincta
744 2668 890 2736 sugit
918 2681 1107 2735 puram
1144 2680 1365 2735 aquam,
1392 2674 1446 2720 et
1474 2681 1732 2736 papyrus.
1773 2664 1975 2718 Verum

394 2777 463 2815 ex
492 2776 557 2815 eo
586 2760 744 2827 plane
777 2767 861 2812 est
900 2759 1045 2827 quod
1078 2758 1192 2811 ﬁeri
1237 2772 1346 2809 non
1389 2765 1588 2826 potest,
1621 2765 1681 2809 ut
1723 2764 1977 2815 accurate

397 2852 551 2904 unita
590 2856 912 2918 separentur
941 2848 1154 2903 ratione
1197 2847 1469 2902 sensibili.
1511 2846 1667 2913 Quod
1708 2846 1755 2901 si
1803 2861 1978 2913 neque

397 2944 611 2997 unitum
643 2951 744 3006 est,
776 2956 949 3009 neque
976 2940 1220 3004 mistum,
1256 2955 1434 3010 neque
1461 2939 1695 3007 adjacet,
1726 2950 1976 3008 quamam

396 3034 538 3088 ratio
581 3041 665 3087 est
712 3040 770 3087 ut
822 3032 1036 3087 dicatur
1092 3046 1261 3085 unum
1326 3030 1570 3084 animal?
1625 3030 1777 3084 Plato
1827 3035 1976 3082 certe

394 3127 557 3180 etiam
589 3125 657 3179 ob
687 3125 788 3180 hoc
819 3125 1070 3187 dubium,
1102 3138 1213 3178 non
1242 3122 1358 3176 vult
1388 3121 1590 3175 animal
1620 3136 1685 3176 ex
1716 3120 1898 3175 anima
1919 3127 1973 3174 et

395 3234 625 3287 corpore
658 3225 931 3281 constare,
978 3216 1071 3271 sed
1120 3215 1353 3269 animam
1383 3213 1600 3281 corpori
1648 3212 1887 3276 mistam,
1924 3220 1978 3265 et

393 3318 652 3379 tanquam
689 3311 935 3364 indutam
972 3323 1227 3377 corpore.
1259 3304 1462 3358 Verum
1491 3305 1606 3358 haec
1634 3317 1855 3371 quoque
1890 3317 1978 3353 ra-

392 3402 475 3454 tio
528 3400 935 3454 dubitationem
993 3398 1234 3466 aliquam
1282 3396 1468 3449 habet.
1517 3392 1654 3447 Nam
1703 3390 1977 3462 quomodo

396 3507 567 3544 unum
611 3506 735 3543 esse
779 3495 961 3558 potest
1011 3487 1218 3552 anima,
1266 3500 1391 3538 cum
1448 3483 1808 3537 indumento?
1858 3482 1976 3536 Non

394 3585 544 3639 enim
577 3582 719 3637 idem
757 3581 946 3634 tunica
997 3588 1051 3633 et
1102 3594 1270 3632 unum
1316 3584 1402 3633 est
1435 3592 1561 3632 cum
1602 3583 1832 3647 corpore
1859 3578 1977 3646 ipsa

395 3673 616 3727 induto.
649 3672 974 3725 Ammonius
1006 3679 1188 3725 autem
1235 3669 1431 3724 doctor
1477 3668 1680 3723 Plotini
1713 3668 1973 3737 quaestio-

400 3782 524 3822 nem
559 3767 718 3821 istam
772 3764 876 3819 boc
922 3765 1084 3819 modo
1130 3764 1421 3819 solvebat:
1475 3762 1750 3833 siquidem
1797 3762 1975 3816 aiebat

398 3858 767 3927 intelligibilia
800 3856 1073 3926 ejusmodi
1105 3857 1213 3910 vim
1264 3864 1320 3910 et
1358 3862 1609 3909 naturam
1660 3854 1883 3915 habere,
1916 3858 1976 3906 ut

397 3951 561 4005 etiam
597 3950 742 4002 uniri
774 3947 1205 4018 percipientibns
1231 3949 1346 4016 ipsa
1373 3945 1754 4010 admitterent,
1786 3957 1976 4011 quem-

398 4040 691 4094 azlmodum
725 4038 889 4094 simul
927 4045 1211 4108 corrupta,
1242 4045 1296 4091 et
1323 4037 1506 4102 unita;
1551 4042 1606 4089 et
1636 4048 1859 4087 manere
1888 4032 1975 4086 in-

398 4133 651 4195 eonfusa,
705 4141 761 4185 et
807 4131 1165 4199 incorrupta,
1216 4129 1363 4181 velut
1410 4142 1474 4181 ea
1524 4141 1647 4196 qua:
1690 4123 1975 4192 adjacent;

396 4227 597 4279 etenim
627 4224 681 4277 in
714 4222 1045 4293 corporibus
1072 4222 1203 4276 unio
1238 4221 1617 4274 alterationem
1639 4232 1827 4272 eorum
1854 4231 1976 4286 qua:

397 4326 617 4385 coeunt,
651 4314 813 4371 ellicit
842 4334 853 4368 :
887 4313 1338 4385 quandoquidem
1372 4311 1428 4364 in
1465 4311 1568 4364 alia
1601 4322 1832 4377 corpora
1856 4323 1976 4360 mu-

2071 1849 2401 1919 λεπτομερὲς
2433 1850 2541 1902 τῶν
2572 1850 2946 1921 κεκραμένων.
2982 1848 3148 1918 Δῆλον
3180 1848 3237 1900 δὲ
3267 1848 3331 1899 ὲκ
3370 1843 3465 1898 τοῦ
3494 1844 3659 1898 πάλιν

2071 1942 2165 1993 ἀπ’
2190 1940 2433 2011 ἀλλήλων
2456 1942 2898 2011 διαχωρίζεσθαι.
2928 1940 3175 2007 Σπόγγος
3198 1937 3329 2005 γοῦν
3352 1935 3656 1999 ὲλαιωθεὶς,

2073 2035 2333 2104 ἀνιμᾶται
2363 2032 2604 2103 καθαρὸν
2633 2032 2692 2084 τὸ
2735 2031 2899 2101 ὕδωρ,
2939 2028 3034 2081 καὶ
3071 2028 3337 2097 πάπυρος.
3377 2020 3662 2091 Αίσθητῶς

2072 2126 2127 2178 δὲ
2152 2124 2385 2195 χωρίσαι
2423 2123 2493 2176 τὰ
2521 2121 2761 2193 ἀκριϐῶς
2791 2119 3061 2191 ἡνωμένα,
3096 2117 3439 2170 παντάπασιν
3466 2111 3661 2166 ἀδύνα-

2071 2234 2181 2269 τον.
2212 2215 2273 2269 Εἰ
2299 2216 2356 2269 δὲ
2400 2212 2535 2285 μήτε
2564 2216 2788 2284 ἥνωται,
2820 2213 2958 2281 μήτε
2990 2210 3274 2279 κέκραται,
3308 2208 3447 2277 μήτε
3477 2203 3658 2274 παρά-

2074 2325 2269 2371 κειται,
2296 2307 2379 2370 τίς
2404 2309 2432 2359 6
2457 2306 2613 2373 λόγος
2645 2301 2739 2357 τοῦ
2766 2304 2830 2356 τὸ
2863 2302 3001 2367 ζῶον
3027 2301 3083 2354 ἒν
3113 2299 3401 2369 λέγεσθαι;
3432 2297 3661 2350 Πλάτων

2078 2401 2174 2470 μὲν
2206 2394 2297 2451 οὖν
2332 2397 2428 2450 καλ⁸
2453 2396 2539 2449 διὰ
2580 2394 2781 2465 ταύτην
2818 2395 2917 2463 τὴν
2956 2392 3189 2464 ἀπορίαν
3225 2392 3285 2444 ού
3322 2390 3567 2460 βούλεται
3597 2388 3661 2441 τὸ

2075 2491 2213 2555 ζῶον
2244 2491 2308 2543 ὲκ
2340 2489 2517 2559 ψυχῆς
2552 2486 2689 2541 εἶναι
2723 2487 2817 2540 καὶ
2852 2485 3136 2556 σώματος,
3180 2483 3314 2537 ἀλλά
3344 2482 3519 2553 ψυχὴν
3554 2480 3662 2533 σώ-

2079 2599 2208 2652 ματι
2237 2580 2603 2651 κεκραμένην,
2634 2577 2729 2631 καὶ
2756 2576 2944 2647 ῶσπερ
2978 2575 3335 2645 ὲνδεδυμένην
3362 2574 3423 2627 τδ
3454 2572 3615 2643 σῶμα
3636 2585 3658 2603 ⁶

2076 2672 2188 2743 ἔχει
2224 2672 2281 2725 δὲ
2316 2671 2410 2724 καὶ
2452 2663 2605 2733 οὗτος
2642 2672 2670 2723 6
2714 2668 2869 2737 λόγος
2919 2667 3123 2737 ἄπορόν
3166 2684 3239 2720 τι.
3284 2665 3409 2729 Πῶς
3447 2664 3555 2735 γὰρ
3599 2660 3663 2715 ἓν

2077 2760 2215 2818 εἶναι
2247 2763 2467 2817 δύναται
2505 2761 2642 2831 μετά
2680 2759 2775 2812 τοῦ
2817 2758 3112 2828 ἐνδύματος
3149 2758 3182 2827 ἡ
3212 2756 3399 2826 ψυχῆς
3443 2751 3520 2807 Οὐ
3550 2752 3664 2825 γὰρ

2077 2857 2134 2910 ἓν
2180 2859 2208 2909 6
2245 2853 2410 2926 χιτὼν
2459 2853 2595 2924 μετά
2629 2852 2723 2905 τοῦ
2770 2851 3137 2921 ἐνδεδυμένον.
3187 2846 3495 2919 Ἀμμώνιος
3538 2846 3595 2900 δὲ
3629 2847 3663 2899 6

2076 2948 2388 3009 διδάσκαλος
2420 2944 2692 2999 Πλωτίνου
2712 2952 2715 2955 ⁷
2734 2943 2795 2995 τὸ
2838 2941 3168 3012 ζητούμενον
3199 2939 3389 2993 τοῦτον
3412 2938 3506 2991 τὸν
3529 2937 3662 3007 τρό-

2078 3057 2179 3093 πον
2223 3038 2486 3092 ἀπελύετο
2512 3054 2527 3069 ο
2571 3035 2721 3103 ἔλεγε
2762 3035 2873 3106 γὰρ
2908 3034 2978 3087 τὰ
3018 3033 3185 3103 νοητά
3235 3031 3488 3101 τοιαύτην
3517 3030 3664 3100 ἔχειν

2081 3129 2262 3199 φύσιν,
2284 3127 2359 3189 ὡς
2380 3127 2475 3179 καὶ
2494 3123 2743 3178 ὲνοῦσθαι
2764 3126 2873 3185 τοῖς
2894 3122 3207 3192 δυναμένοις
3225 3121 3363 3175 αὐτὰ
3382 3118 3662 3186 δέξασθαι,

2080 3219 2329 3288 καθάπερ
2357 3217 2425 3270 τὰ
2452 3216 2867 3288 συνεφθαρμένα
2895 3216 2988 3268 καὶ
3022 3214 3301 3284 ἡνωμένα,
3338 3213 3434 3265 καὶ
3480 3212 3662 3283 μένειν

2080 3312 2357 3381 ἀσύγχυτα
2390 3310 2484 3363 καὶ
2522 3309 2843 3379 ἀδιάφθορα,
2873 3308 2945 3371 ὡς
2976 3307 3042 3362 τὰ
3080 3307 3482 3377 παρακείμενα.
3538 3304 3664 3358 Ἐπὶ

2084 3405 2183 3475 μὲν
2219 3405 2327 3473 γὰρ
2364 3402 2471 3455 τῶν
2507 3399 2774 3471 σωμάτων
2811 3401 2843 3470 ἡ
2887 3398 3081 3463 ἓνωσις
3123 3398 3406 3451 ἀλλοίωσιν
3443 3396 3666 3461 πάντως

2078 3495 2188 3547 τῶν
2224 3495 2510 3547 συνιόντων
2552 3493 2874 3563 ἐργάζεται·
2924 3492 3223 3562 ἐπειδήπερ
3256 3492 3336 3554 είς
3378 3489 3516 3544 ἀλλα
3553 3488 3665 3543 σώς-

2085 3603 2228 3656 ματα
2250 3584 2659 3656 μεταϐάλλεται,
2685 3584 2761 3647 ὡς
2779 3582 2849 3635 τά
2867 3586 3106 3652 στοιχεῖα
3124 3584 3203 3644 εἰς
3216 3581 3285 3634 τά
3309 3574 3661 3651 σύγκείμενα,

2081 3677 2174 3732 καὶ
2203 3679 2257 3729 αί
2294 3676 2489 3747 τροφαὶ
2525 3677 2605 3739 είς
2628 3670 2765 3743 αἷμα
2788 3691 2802 3705 ·
2832 3675 2895 3727 τὸ
2935 3674 2993 3726 δὲ
3020 3666 3160 3743 αἷμα
3199 3674 3280 3736 εἰς
3313 3673 3523 3744 σάρκα,
3566 3672 3663 3726 καὶ

2078 3770 2147 3823 τά
2191 3768 2354 3821 λοιπά
2398 3767 2559 3841 μόρια
2598 3766 2692 3819 τοῦ
2742 3765 3027 3835 σώματος·
3082 3765 3174 3818 ἐπὶ
3208 3763 3265 3817 δὲ
3310 3763 3417 3818 τῶν
3454 3762 3665 3833 νοητῶν

2080 3864 2271 3927 ἓνωσις
2320 3863 2417 3932 μὲν
2448 3863 2679 3930 γίνεται,
2723 3859 3009 3922 ἀλλοίωσις
3038 3858 3096 3912 δὲ
3138 3859 3199 3911 οὐ
3240 3857 3659 3931 παρακολουθεῖ.

2081 3955 2154 4007 Οὐ
2192 3953 2300 4024 γὰρ
2327 3954 2540 4023 πέφυκε
2560 3952 2748 4023 νοητδν
2776 3953 2898 4005 κατ’
2933 3949 3121 4004 οὐσίαν
3149 3949 3511 4014 ἀλλοιοῦσθαι,
3546 3948 3662 4003 ἀλλ’

2079 4045 2112 4115 ἢ
2158 4044 2453 4109 ἐξίσταται,
2484 4044 2518 4114 ἢ
2553 4046 2633 4106 είς
2675 4044 2735 4096 τὸ
2777 4042 2851 4114 μὴ
2894 4041 2954 4096 ὃν
2989 4042 3303 4113 φθείρεται’
3358 4042 3663 4113 μεταϐολὴν

2079 4135 2135 4187 δὲ
2160 4136 2259 4189 οὐκ
2285 4135 2622 4205 ἐπιδέχεται,
2655 4134 2769 4187 ἀλλ’
2796 4133 2920 4186 οὔτε
2945 4136 3024 4198 είς
3062 4134 3123 4186 τὸ
3158 4134 3232 4204 μὴ
3266 4133 3325 4186 ὃν
3358 4133 3663 4205 φθείρεται.

2080 4228 2155 4279 Οὐ
2183 4226 2291 4297 γὰρ
2325 4222 2393 4297 ἦν
2425 4225 2690 4288 ἀθάνατος
2720 4226 2813 4278 καὶ
2838 4228 2871 4297 ἡ
2910 4225 3055 4297 ψυχὴ
3092 4226 3204 4295 ζωὴ
3234 4220 3390 4289 οὖσα,
3421 4226 3470 4277 εί
3497 4228 3555 4279 ὲν
3592 4227 3660 4296 τῇ

2080 4317 2275 4387 κράσει
2318 4314 2703 4383 μετεϐάλλετο’
2754 4314 3019 4386 ἠλλοιώθη
3068 4315 3155 4382 ἂν,
3200 4316 3293 4369 καὶ
3326 4316 3426 4369 οὐκ
3461 4311 3530 4387 ἦν
3580 4315 3664 4370 ἔτι

398 4420 605 4471 tantur,
652 4416 712 4462 ut
738 4409 1006 4462 elementa
1038 4408 1092 4459 in
1130 4422 1219 4461 res
1247 4403 1603 4472 compositas,
1635 4409 1688 4456 et
1715 4402 1973 4454 alimenta

2084 4406 2217 4477 ζωὴ.
2249 4406 2314 4458 Τί
2344 4406 2399 4459 δὲ
2447 4406 2801 4460 συνεϐάλλετο
2830 4407 2908 4478 τῷ
2940 4406 3181 4477 σώματι,
3214 4409 3263 4460 εί
3297 4409 3371 4479 μὴ
3401 4411 3664 4479 παρεῖχεν

399 4503 454 4554 in
485 4502 833 4569 sanguinem,
868 4499 1093 4568 sanguis
1123 4513 1250 4551 vero
1304 4499 1357 4550 in
1390 4510 1612 4549 carnem
1651 4500 1705 4547 et
1735 4492 1976 4559 reliquas

399 4593 653 4659 corporis
697 4600 901 4659 partes.
943 4589 1060 4641 Jam
1101 4604 1229 4642 vero
1279 4589 1334 4641 in
1372 4583 1811 4654 intelligibilibus
1844 4581 1975 4635 unio

397 4684 621 4753 quidem
651 4684 729 4747 ﬁt,
756 4687 849 4736 sed
881 4681 1136 4735 alteratio
1162 4696 1270 4733 non
1293 4680 1669 4747 subsequitur.
1702 4675 1808 4730 Sed
1830 4674 1974 4728 enim

399 4774 746 4841 intelligibile
774 4790 882 4826 non
918 4772 1059 4826 solet
1080 4770 1382 4825 secundum
1406 4770 1700 4825 essentiam
1731 4766 1975 4830 alterari,

398 4879 589 4919 verum
626 4872 718 4915 aut
839 4863 1062 4921 excidit.
1099 4872 1193 4916 aut
1221 4862 1278 4915 in
1308 4860 1536 4914 nihilum
1568 4860 1699 4923 abit,
1759 4874 1822 4913 ac
1856 4874 1977 4912 mn-

401 4956 663 5009 tationem
716 4968 824 5005 non
868 4952 1149 5017 admittit,
1216 4968 1392 5020 neque
1452 4967 1583 5006 vero
1640 4952 1693 5004 in
1745 4952 1975 5005 nihilum

400 5046 560 5118 perit.
599 5042 719 5097 Non
750 5045 893 5096 enim
926 5044 1105 5096 anima
1148 5044 1474 5097 immortalis
1501 5050 1675 5105 esset,
1708 5058 1832 5096 cum
1862 5043 1978 5112 ipsa

401 5140 511 5191 vita
544 5138 635 5201 sit,
670 5134 943 5205 siquidem
976 5135 1029 5187 in
1057 5134 1314 5189 mistione
1344 5143 1672 5196 mutaretur,
1706 5135 1895 5202 utique
1926 5142 1979 5187 et

401 5234 513 5285 vita
557 5230 794 5300 amplius
828 5245 938 5283 non
971 5234 1140 5283 esset.
1171 5226 1313 5291 Quid
1346 5238 1526 5281 autem
1554 5225 1831 5280 conferret
1860 5240 1982 5281 cor-

402 5306 539 5395 pori,
566 5327 611 5379 si
642 5325 805 5379 vitam
836 5321 939 5391 ipsi
971 5336 1078 5376 non
1116 5321 1417 5390 praeberet?
1445 5319 1634 5387 Itaque
1664 5318 1847 5371 anima
1871 5333 1980 5371 non

402 5416 668 5469 alteratur
704 5418 758 5469 in
800 5416 1024 5469 unione.
1062 5412 1174 5467 lloc
1204 5412 1371 5483 igitur
1396 5412 1794 5473 demonstrato,
1835 5410 1981 5478 quod

403 5506 769 5573 intelligibilia
816 5522 925 5560 non
972 5507 1258 5561 varientur
1310 5504 1621 5560 secundum,
1658 5504 1978 5565 essentiam,

404 5597 719 5651 necessario
754 5600 1134 5667 consequitur,
1175 5607 1229 5652 ut
1264 5613 1371 5651 non
1409 5612 1517 5650 una
1568 5603 1813 5665 pereant,
1857 5597 1981 5665 qni-

407 5696 506 5747 bus
535 5688 716 5743 anima
750 5692 966 5757 corpori
1014 5692 1217 5745 unitnr.
1274 5690 1406 5747 Nam
1452 5690 1598 5760 quod
1637 5690 1851 5744 unitum
1886 5690 1975 5753 sit,

2084 4496 2232 4567 αὐτῷ
2272 4497 2369 4567 τὴν
2405 4497 2581 4568 ζωὴν;
2612 4498 2725 4552 Οὐκ
2760 4498 2867 4571 ἄρα
2908 4498 3211 4553 ἀλλοιοῦται
3253 4500 3287 4569 ἡ
3322 4499 3467 4570 ψυχὴ
3506 4501 3563 4552 ὲν
3592 4501 3662 4569 τῇ

2084 4590 2291 4644 ὲνώσει.
2352 4590 2705 4660 Δεδειγμένου
2757 4591 2936 4644 τοίνυν
2984 4591 3206 4656 τούτου,
3247 4593 3326 4645 ὅτι
3378 4592 3448 4645 τὰ
3496 4591 3666 4663 νοητά

2084 4682 2414 4736 ἀναλλοίωτα
2466 4684 2583 4735 κατ’
2617 4682 2805 4736 οὐσίαν
2848 4683 3017 4750 εἰσὶν,
3061 4684 3393 4751 ἀναγκαίως
3423 4701 3665 4754 πειρακο⁴

2084 4774 2264 4827 λουθεῖ
2297 4774 2359 4827 τὸ
2390 4774 2464 4845 μὴ
2496 4774 2995 4846 συνδιαφθείρεσθαι
3037 4770 3118 4837 οἷς
3145 4778 3348 4845 ἥνωται
3384 4774 3593 4845 σώματι
3628 4776 3663 4845 ἡ

2083 4866 2229 4935 ψυχή
2257 4882 2269 4893 ·
2305 4865 2385 4916 ὅτι
2427 4866 2523 4932 μὲν
2553 4864 2661 4935 γὰρ
2695 4865 2934 4934 ἥνωται,
2969 4866 3003 4934 ἡ
3050 4865 3361 4935 συμπάθεια
3400 4865 3662 4919 δείκνυσι.

2086 4955 2372 5026 Συμπαθεῖ
2399 4956 2504 5026 γὰρ
2540 4954 2659 5009 ὅλον
2688 4957 2866 5026 ἐαυτῷ
2893 4956 2954 5009 τδ
2987 4954 3146 5020 ζῶον,
3174 4956 3249 5019 ῶς
3281 4955 3338 5009 ἓν
3369 4956 3427 5009 ὅν
3448 4972 3462 4986 ·
3496 4957 3578 5010 ὅτι
3607 4956 3666 5008 δὲ

2087 5047 2181 5100 καὶ
2215 5045 2515 5116 ἀσύγχυτον
2551 5046 2721 5117 μένει,
2744 5042 2899 5119 δῆλον
2929 5050 2993 5101 ὲκ
3020 5047 3114 5101 τοῦ
3140 5048 3238 5118 τὴν
3263 5048 3441 5118 ψυχὴν
3464 5048 3664 5119 τρόπον

2084 5140 2206 5193 τινὰ
2241 5138 2617 5209 χωριζομένην
2650 5141 2714 5193 ὲκ
2754 5140 2848 5193 τοῦ
2881 5140 3129 5211 σώματος
3161 5142 3219 5193 ὲν
3255 5140 3330 5211 τῷ
3364 5139 3537 5210 ὕπνῳ,
3572 5140 3665 5192 καὶ

2089 5232 2277 5304 ὥσπερ
2306 5232 2500 5303 νεκρὸν
2528 5232 2660 5286 αὐτὸ
2689 5232 2900 5287 κεῖσθαι
2939 5233 3343 5287 καταλιποῦσαν
3362 5250 3377 5265 ·
3424 5232 3583 5302 μόνον
3607 5231 3665 5283 δὲ

2088 5323 2482 5395 ὲξατμίζουσαν
2514 5325 2661 5395 αὐτῷ
2692 5326 2789 5395 τὴν
2822 5324 2967 5397 ζωὴν
2986 5366 3001 5390 ,
3029 5326 3115 5379 ἵνα
3151 5326 3226 5396 μὴ
3256 5324 3531 5386 παντελῶς
3556 5324 3665 5376 ἀπε-

2087 5417 2296 5487 όληται,
2329 5416 2450 5469 καθ’
2477 5417 2675 5486 ἑαυτὴν
2699 5418 2757 5468 ὲν
2789 5419 2901 5479 τοῖς
2934 5417 3157 5488 ὀνείροις
3182 5418 3443 5487 ἐνεργεῖν.
3475 5415 3666 5468 θεσπί-

2089 5508 2286 5572 ζουσαν
2324 5510 2383 5561 τὸ
2424 5508 2646 5576 μέλλον,
2693 5508 2787 5561 καὶ
2822 5512 2935 5572 τοῖς
2981 5513 3190 5579 νοητοῖς
3238 5507 3660 5579 πλησιάζουσαν.

2090 5601 2162 5653 Τὸ
2187 5601 2316 5653 αὐτὸ
2339 5601 2395 5654 δὲ
2431 5599 2717 5669 συμϐαίνει
2752 5602 2846 5655 καὶ
2876 5602 3004 5655 ὅταν
3045 5599 3441 5670 ὲπισκέπτηταί
3474 5616 3523 5649 τι
3555 5597 3665 5650 τῶν

2090 5692 2312 5761 νοητῶν.
2354 5691 2461 5745 Καὶ
2488 5691 2605 5744 τότε
2634 5692 2761 5761 γὰρ.
2798 5694 2872 5755 ὡς
2901 5688 3010 5747 οἷον
3036 5710 3115 5759 τε,
3148 5692 3237 5745 τοῦ
3275 5691 3520 5759 σώματος
3545 5688 3666 5740 ἐαυ-
