4066 6146
321 280 429 335 217

1783 283 1870 338 DE
1906 283 2142 339 ANIMA.

3483 287 3589 344 'Zi8

324 395 426 467 τὴν
467 394 716 467 χωρίζει,
761 396 854 451 καὶ
900 397 1020 452 καθ’
1067 399 1267 471 ἑαυτὴν
1306 400 1572 470 γίγνεται,
1618 402 1704 454 ἵνα
1748 402 1920 466 οὕτως

2026 409 2247 456 mutuus
2301 398 2528 456 allectus
2577 400 2816 455 declarat
2859 419 2872 454 :
2924 399 3123 457 etenim
3169 405 3341 456 totum
3391 402 3594 458 animal

325 488 595 560 ἐπιϐάλλῃ
650 491 765 553 τοῖς
813 485 963 544 οὖσιν
991 507 1005 522 ·
1059 492 1348 564 ἀσώματος
1399 494 1506 567 γὰρ
1557 491 1692 548 οὖσα
1744 495 1917 548 διόλου

326 576 669 648 κεχώρηκεν,
706 580 782 643 ὡς
815 581 884 632 τά
918 582 1334 653 συνεφθαρμένα
1356 600 1369 613 ⁵
1404 586 1638 656 μένουσα
1667 586 1919 655 ἀδιάφθο-

327 685 425 738 ρος
458 668 555 720 καὶ
583 668 908 740 ἀσύγχυτος,
946 674 1039 726 καὶ
1071 673 1191 727 καθ’
1219 676 1415 746 ἑαυτὴν
1457 677 1791 741 ὲνδιάζουσα,
1828 679 1920 731 καὶ

326 761 386 812 ὲν
417 754 499 823 οἷς
531 759 598 813 ἂν
623 762 850 831 γένηται
879 763 1154 833 τρέπουσα
1183 767 1365 819 ἐκεῖνα
1393 767 1532 820 κατὰ
1568 767 1666 838 τὴν
1698 769 1756 820 ὲν
1782 769 1918 839 αὐτῇ

327 850 496 920 ζωὴν,
554 851 647 903 καὶ
699 851 773 922 μὴ
811 855 1117 926 τρεπομένη
1172 857 1263 910 ὑπ’
1311 858 1552 911 ἐκείνων.
1610 860 1697 922 Ὠς
1739 859 1847 930 γὰρ
1892 864 1921 914 ὁ

323 942 480 1012 ἥλιος
509 945 575 1013 τῇ
603 943 710 1015 ἰδίᾳ
731 947 1003 1017 παρουσίᾳ.
1025 947 1189 1001 αὐτοῦ
1218 949 1308 1002 τὸν
1332 950 1473 1020 ἀέρα
1499 952 1579 1013 είς
1605 950 1720 1018 φῶς
1753 968 1919 1021 μετα-

326 1032 540 1097 ϐάλλει,
576 1034 748 1086 ποιῶν
789 1036 949 1090 αὐτὸν
984 1039 1265 1108 φωτοειδῆ,
1295 1040 1389 1093 καὶ
1431 1039 1644 1094 ἑνοῦται
1688 1039 1765 1109 τῷ
1798 1042 1919 1110 ἀέρι

324 1121 389 1173 τὸ
423 1121 562 1189 φῶς,
601 1124 920 1192 ἀσυγχύτως
953 1123 1069 1195 ἅμα
1101 1127 1247 1197 αὐτῷ
1279 1129 1603 1198 κεχυμένον·
1634 1131 1726 1181 τὸν
1758 1130 1920 1183 αὑτὸν

324 1213 532 1281 τρόπον
594 1215 690 1267 καὶ
740 1217 773 1284 ή
826 1215 971 1287 ψυχὴ
1035 1219 1294 1290 ἑνουμένη
1354 1221 1432 1290 τῷ
1496 1219 1708 1292 σώματι
1769 1222 1919 1291 μένει

324 1304 658 1373 ἀσύγχυτος,
684 1306 824 1359 κατά
845 1307 1004 1360 τοῦτο
1038 1310 1195 1376 μόνον
1221 1310 1625 1374 διαλλάττουσα,
1652 1313 1735 1365 ὅτι
1764 1315 1790 1365 ὁ
1820 1312 1919 1381 μὲν

323 1397 483 1465 ἣλιος
517 1397 675 1467 σῶμα
703 1398 796 1462 ῶν,
833 1404 926 1453 καὶ
961 1401 1112 1472 τόπῳ
1150 1405 1645 1474 περιγραφόμενος,
1675 1406 1773 1457 οὐκ
1804 1405 1918 1458 ἔστι

325 1487 609 1556 πανταχοῦ
655 1487 782 1541 ἔνθα
825 1490 916 1541 καὶ
952 1490 1012 1541 τὸ
1048 1491 1162 1560 φῶς
1195 1493 1383 1556 αὑτοῦ,
1428 1494 1500 1555 ὡς
1537 1495 1654 1547 οὐδὲ
1684 1496 1744 1547 τὸ
1777 1494 1914 1566 πῦρ·

329 1578 488 1647 μένει
537 1579 645 1649 γὰρ
676 1580 770 1632 καὶ
813 1581 944 1632 αὐτὸ
983 1583 1040 1634 ὲν
1087 1586 1200 1645 τοῖς
1249 1584 1442 1648 ξύλοις,
1491 1584 1522 1654 ἢ
1558 1588 1614 1637 ἐν
1644 1585 1917 1655 θρυαλλίδι

324 1670 634 1741 δεδεμένον,
670 1672 746 1735 ὡς
784 1674 840 1725 ὲν
869 1674 1020 1744 τόπῳ
1155 1677 1210 1729 δὲ
1240 1677 1386 1746 ψυχὴ
1418 1676 1710 1746 ἀσώματος
1740 1674 1874 1730 οὖσα
1897 1721 1911 1742 ,

2023 491 2234 561 sibiipsi
2284 493 2648 562 compatitur,
2697 491 2820 547 cum
2870 508 3036 547 unum
3069 493 3182 549 sit:
3233 492 3378 563 quod
3409 503 3592 549 autem

2024 597 2132 636 non
2180 581 2471 635 confusum
2509 591 2746 645 maneat,
2791 598 2857 636 ex
2905 598 2970 637 eo
3015 591 3185 651 patet,
3219 584 3366 652 quod
3412 585 3594 638 anima

2022 671 2425 742 quodammodo
2475 680 2728 742 separata
2765 688 2795 726 a
2846 688 3078 743 corpore
3126 675 3180 727 in
3215 675 3424 729 somnis
3469 684 3594 729 tan-

2022 778 2184 833 quam
2219 763 2450 818 cadaver
2479 763 2752 832 quoddar‘n
2786 767 2965 833 ipsum
2993 763 3354 834 derelinquat,
3387 780 3452 819 ac
3475 773 3597 819 tan-

2022 863 2135 908 tum
2166 855 2386 910 exhalet
2416 855 2521 924 ipsi
2553 855 2742 920 vitam,
2779 864 2839 909 ut
2881 871 2992 910 non
3025 857 3248 910 omnino
3297 865 3504 926 pereat,
3545 865 3599 910 et

2023 963 2118 1018 per
2150 962 2229 1010 se,
2260 947 2390 1000 dum
2420 948 2649 1016 sopitur,
2681 954 2961 1018 operetur,
3010 948 3308 1004 divinando
3338 948 3481 1019 quod
3513 950 3599 1003 fu-

2023 1047 2206 1092 turum
2252 1046 2372 1104 est,
2427 1049 2483 1093 et
2529 1040 2596 1094 ad
2642 1041 3010 1111 intelligibilia
3055 1041 3390 1096 accedendo.
3452 1041 3598 1096 ldem

2021 1146 2240 1200 quoque
2265 1146 2365 1184 usu
2402 1131 2553 1185 venit
2579 1133 2743 1187 etiam
2759 1147 2883 1186 cum
2903 1130 3282 1187 consideratur
3299 1133 3503 1203 aliquid
3532 1149 3601 1188 ex

2023 1222 2458 1291 intelligibilibus
2494 1241 2507 1276 :
2538 1230 2670 1277 tunc
2687 1224 2854 1288 enim,
2887 1223 3068 1294 quoad
3101 1223 3222 1294 ejus
3251 1224 3366 1279 ﬁeri
3398 1233 3598 1294 potest,

2023 1329 2082 1368 se
2110 1329 2139 1366 a
2172 1328 2403 1382 corpore
2445 1313 2705 1384 seiungit,
2741 1322 2795 1369 et
2845 1315 2929 1369 sui
2979 1314 3121 1386 juris
3171 1315 3250 1380 fit,
3303 1323 3364 1369 ut
3405 1315 3485 1370 sic
3532 1315 3600 1370 iis

2021 1421 2142 1475 qua:
2169 1413 2316 1468 sunt,
2357 1406 2657 1460 incumbat.
2689 1404 2822 1459 Nam
2857 1422 2981 1461 cum
3025 1408 3346 1478 incorporea
3380 1407 3473 1468 sit,
3504 1422 3603 1478 per

2021 1504 2192 1550 totum
2221 1497 2546 1564 penetravit,
2573 1512 2668 1566 per
2691 1512 2753 1551 ea
2777 1512 2896 1565 quae
2919 1505 3348 1567 corrumpuntur
3374 1511 3602 1551 manens

2025 1587 2346 1657 incorrupta
2373 1596 2426 1642 et
2457 1604 2564 1642 non
2588 1588 2844 1653 confusa,
2877 1599 2931 1645 et
2955 1606 3054 1659 per
3082 1605 3141 1646 se
3161 1590 3363 1660 degens
3387 1607 3401 1654 ;
3438 1598 3604 1659 atque

2025 1677 2118 1730 illa
2153 1694 2276 1732 cum
2309 1679 2509 1747 quibus
2536 1687 2794 1733 versatur
2821 1686 3018 1739 mutat,
3051 1686 3106 1733 et
3135 1678 3203 1731 ad
3245 1678 3413 1731 vitam
3447 1692 3603 1732 suam

326 1765 429 1817 καὶ
465 1765 541 1835 μὴ
573 1767 1024 1838 περιγραφομένη
1055 1767 1224 1838 τόπῳ,
1253 1769 1346 1838 ὅλη
1375 1769 1441 1821 δι’
1465 1769 1586 1821 ὅλου
1611 1771 1792 1840 χωρεῖ,
1823 1771 1916 1822 καὶ

2026 1767 2352 1832 conformat,
2390 1783 2490 1821 nec
2527 1769 2595 1821 ab
2651 1769 2761 1823 illis
2809 1777 3073 1822 mutatur.
3122 1767 3280 1822 Sicut
3319 1767 3464 1822 enim
3519 1767 3605 1821 sol

325 1856 425 1908 τοῦ
455 1856 633 1924 φωτὸς
666 1857 835 1926 αὐτῆς
860 1859 953 1910 καὶ
989 1859 1082 1911 τοῦ
1114 1859 1395 1928 σώματος·
1426 1862 1520 1912 καὶ
1547 1861 1646 1912 οὐκ
1681 1859 1794 1912 ἔστι
1825 1860 1920 1930 μέ-

332 1965 427 2017 ρος
458 1949 824 2018 φωτιζόμενον
856 1950 945 2002 ὑπ’
975 1951 1163 2020 αὐτῆς,
1195 1953 1254 2003 ὲν
1297 1944 1340 2018 ᾧ
1387 1951 1460 2022 μὴ
1490 1952 1582 2022 ὅλη
1622 1952 1882 2022 πάρεστιν
1903 1968 1915 1980 ·

325 2039 394 2090 οὐ
420 2038 532 2108 γάρ
556 2042 840 2108 κρατεῖται
867 2040 971 2092 ὑπὸ
993 2040 1087 2092 τοῦ
1116 2039 1387 2110 σώματος,
1423 2042 1537 2096 ἀλλ’
1568 2042 1706 2112 αὑτὴ
1731 2043 1922 2113 κρατεί

322 2128 394 2180 τὸ
433 2127 628 2198 σῶμα’
670 2130 790 2182 οὐδὲ
831 2132 887 2182 ὲν
923 2131 1000 2202 τῷ
1040 2131 1251 2202 σώματί
1292 2133 1461 2197 ἐστιν,
1501 2133 1575 2196 ὡς
1611 2135 1670 2185 ὲν
1713 2133 1920 2203 ἀγγείῳ

325 2223 363 2292 ἢ
414 2221 604 2292 ἀσκῷ,
643 2223 777 2276 ἀλλά
807 2224 1006 2294 μᾶλλον
1040 2225 1102 2278 τὸ
1141 2224 1299 2295 σῶμα
1333 2227 1391 2279 ἐν
1439 2225 1634 2298 ταύτῃ.
1675 2226 1765 2295 Μὴ
1809 2243 1919 2278 κω-

325 2313 572 2384 λυόμενα
614 2314 722 2386 γὰρ
758 2315 863 2368 ὑπὸ
888 2315 998 2369 τῶν
1032 2317 1300 2387 σωμάτων
1334 2318 1402 2372 τά
1443 2318 1628 2390 νοητά,
1672 2318 1804 2371 ἀλλά
1833 2317 1921 2371 διὰ

327 2407 538 2469 παντὸς
599 2406 851 2476 σώματος
902 2408 1192 2479 χωροῦντα
1242 2410 1334 2463 καὶ
1387 2409 1775 2477 διαφοιτῶντα,
1827 2411 1921 2462 καὶ

323 2497 618 2564 διεξιόντα,
646 2498 744 2568 οὐχ
769 2491 860 2551 οἷά
884 2498 943 2550 τέ
975 2501 1122 2552 ἐστιν
1155 2500 1259 2552 ὑπὸ
1287 2499 1397 2552 τῶν
1435 2499 1764 2570 σωματικῶν
1791 2516 1920 2552 κατ-

323 2588 554 2659 έχεσθαι
575 2604 590 2618 ⁸
625 2589 790 2658 νοητὰ
831 2589 940 2660 γὰρ
971 2589 1100 2643 ὄντα
1139 2592 1196 2643 έν
1220 2594 1332 2654 τοῖς
1375 2595 1584 2659 νοητοῖς
1613 2592 1704 2645 καὶ
1733 2593 1921 2654 τόποις

328 2679 491 2732 εἰσίν.
550 2681 620 2732 Ἦ
661 2679 769 2750 γὰρ
812 2682 868 2732 ὲν
920 2681 1120 2746 αὐτοῖς,
1171 2680 1204 2750 ἢ
1250 2683 1306 2733 ἐν
1346 2684 1460 2744 τοῖς
1507 2681 1922 2752 ὑπερκειμένοις

331 2773 544 2839 νοητοῖς
570 2787 581 2799 ·
611 2770 686 2833 ὡς
713 2771 859 2842 ψυχὴ
900 2773 1028 2825 ποτὲ
1083 2771 1182 2842 μὲν
1223 2773 1279 2825 ὲν
1315 2774 1481 2843 ἑαυτῇ
1515 2775 1681 2838 ἐστιν,
1725 2773 1800 2835 ὡς
1833 2773 1920 2825 ὅτε

330 2860 628 2930 λογίζεται,
672 2861 803 2914 ποτὲ
831 2863 888 2914 δὲ
921 2864 977 2915 ὲν
1008 2863 1084 2932 τῷ
1109 2863 1204 2934 νῷ,
1239 2865 1364 2917 ὅταν
1390 2868 1504 2936 νοῇ.
1551 2866 1716 2918 Ἐπάν
1745 2860 1836 2918 οὖν
1865 2867 1921 2916 ἐν

332 2955 549 3024 σώματι
580 2955 797 3023 λέγεται
828 2950 988 3020 εἶναι,
1021 2957 1119 3026 οὐχ
1142 2956 1216 3019 ὡς
1242 2959 1298 3010 ὲν
1322 2959 1473 3026 τόπῳ
1502 2957 1581 3027 τῷ
1609 2957 1817 3028 σώματι
1843 2957 1922 3008 λέ-

329 3063 490 3114 γεται
520 3043 683 3113 εἶναι,
716 3047 832 3100 ἀλλ’
867 3048 942 3111 ὡς
970 3051 1028 3102 ἐν
1063 3049 1263 3119 σχέσει,
1296 3051 1388 3103 καὶ
1420 3053 1486 3121 τῇ
1521 3051 1656 3120 πρός
1697 3068 1750 3102 τι
1782 3052 1919 3120 ῥοπῇ

2027 1860 2314 1926 praesentia
2341 1873 2437 1914 sua
2461 1873 2639 1914 aerem
2672 1861 2918 1913 immutat
2952 1860 3003 1913 in
3037 1861 3234 1922 lucem,
3261 1858 3388 1912 dum
3422 1859 3603 1928 ipsum

2029 1954 2205 2008 reddit
2239 1955 2594 2017 quiinosum,
2637 1962 2802 2023 atque
2835 1955 2948 2008 aeri
2987 1954 3076 2007 lux
3109 1954 3297 2007 unitur
3343 1953 3463 2007 sine
3497 1951 3604 2005 ulla

2026 2045 2350 2098 confusione
2375 2060 2498 2099 cum
2529 2046 2646 2114 ipso
2679 2045 2797 2100 fusa
2824 2065 2836 2100 :
2862 2045 3049 2099 eodem
3079 2053 3226 2100 certe
3256 2043 3416 2098 modo
3436 2042 3604 2098 etiam

2027 2137 2206 2190 anima
2240 2138 2456 2206 corpori
2488 2139 2638 2191 unita
2687 2148 2869 2191 manet
2905 2138 3216 2201 inconfusa,
3255 2137 3306 2190 in
3358 2137 3460 2190 hoc
3495 2150 3606 2190 uno

2027 2229 2370 2296 discrepans,
2406 2229 2552 2298 quod
2591 2229 2672 2282 sol
2723 2244 2848 2282 cum
2885 2230 2956 2283 sit
2997 2244 3223 2298 corpus,
3255 2237 3309 2282 et
3341 2227 3462 2282 loco
3490 2227 3606 2281 cir-

2028 2321 2422 2389 cumscriptus,
2453 2335 2562 2373 non
2601 2328 2685 2373 est
2709 2321 3024 2389 ubicunque
3056 2321 3144 2372 lux
3179 2319 3378 2388 ipsius,
3412 2325 3471 2372 ut
3503 2333 3606 2372 nec

2028 2412 2119 2465 ubi
2157 2411 2319 2479 ignis.
2357 2410 2640 2480 Siquidem
2690 2419 2871 2464 manet
2917 2412 3078 2466 etiam
3115 2411 3168 2464 in
3199 2411 3382 2480 lignis,
3427 2418 3521 2463 aut
3549 2411 3604 2462 in

2027 2504 2301 2574 ellychnio
2344 2502 2628 2566 astrictus,
2663 2513 2722 2556 ut
2756 2503 2809 2556 in
2841 2503 2998 2566 loco;
3047 2510 3103 2555 at
3141 2517 3270 2556 vero
3300 2502 3481 2554 anima
3519 2502 3605 2553 in—

2027 2609 2295 2664 corporea
2331 2607 2454 2647 cum
2485 2595 2576 2655 sit,
2615 2602 2669 2648 et
2697 2594 2848 2647 nullo
2877 2594 3293 2661 circumscripta
3321 2593 3464 2654 loco,
3491 2599 3605 2646 tota

2028 2703 2124 2756 per
2156 2694 2329 2740 totum
2365 2693 2633 2756 penetrat,
2687 2693 2800 2738 tum
2858 2700 2954 2754 per
3001 2686 3184 2740 lumen
3239 2683 3436 2752 ipsius,
3488 2690 3606 2737 tum

2027 2795 2123 2848 per
2147 2794 2346 2849 corpus
2382 2798 2394 2832 τ
2425 2795 2526 2833 nec
2557 2780 2665 2832 ulla
2695 2795 2820 2849 pars
2855 2787 2940 2835 est
2969 2779 3039 2833 ab
3069 2779 3186 2848 ipsa
3219 2779 3518 2840 illustrata,
3549 2779 3605 2830 in

2027 2885 2134 2939 qua
2160 2886 2266 2924 non
2306 2878 2415 2923 tota
2445 2870 2586 2925 adsit
2613 2885 2625 2921 :
2661 2886 2767 2922 non
2799 2869 2943 2923 enim
2976 2885 3006 2922 a
3039 2883 3274 2938 corpore
3305 2868 3605 2932 detinetur,

2028 2965 2120 3016 sed
2154 2962 2270 3031 ipsa
2301 2977 2504 3030 corpus
2537 2969 2686 3014 arcet
2737 2969 2793 3014 et
2840 2960 3015 3029 regit;
3073 2975 3250 3028 neque
3279 2959 3334 3012 in
3377 2973 3609 3028 corpore

2028 3061 2113 3107 est
2143 3062 2203 3106 ut
2236 3053 2291 3106 in
2327 3069 2476 3115 vase,
2509 3061 2602 3105 aut
2632 3061 2788 3117 utre;
2831 3051 2925 3106 sed
2951 3066 3152 3120 corpus
3192 3051 3375 3120 potius
3416 3051 3470 3104 in
3499 3066 3561 3104 ea
3590 3065 3604 3101 :

332 3145 426 3196 καὶ
460 3142 698 3197 διαθέσει
745 3141 988 3196 δεδέσθαι
1037 3143 1217 3213 φαμὲν
1263 3145 1368 3196 ὑπὸ
1412 3143 1508 3198 τοῦ
1542 3143 1792 3214 σώματος
1829 3145 1920 3215 τὴν

2033 3163 2155 3201 cum
2188 3147 2332 3200 enim
2370 3162 2399 3199 a
2434 3145 2760 3213 corporibus
2790 3158 2900 3198 non
2949 3143 3320 3212 impediantur
3345 3143 3609 3211 intelligi-

328 3232 528 3302 ψυχὴν,
573 3233 648 3295 ὡς
676 3232 908 3301 λέγομεν
937 3233 1042 3285 ὑπὸ
1079 3234 1176 3303 τῆς
1228 3234 1510 3304 ἐρωμένης
1554 3234 1796 3286 δεδέσθαι
1835 3234 1924 3287 τὸν

332 3324 604 3392 ἐραστὴν,
640 3323 700 3374 οὐ
737 3322 1085 3391 σωματικῶς,
1124 3323 1244 3376 οὐδὲ
1295 3323 1569 3388 τοπικῶς,
1606 3323 1741 3378 ἀλλά
1783 3324 1924 3378 κατά

335 3415 544 3484 σχέσιν.
609 3414 903 3485 Ἀμέγεθες
947 3414 1055 3485 γάρ
1094 3414 1152 3467 ὃν
1197 3417 1290 3468 καὶ
1332 3416 1529 3484 ἄογκον
1567 3416 1662 3469 καὶ
1696 3415 1920 3488 ἀμερὲς,

331 3505 432 3574 τῆς
468 3504 607 3559 κατά
645 3506 808 3576 μέρος
836 3507 1062 3576 τοπικῆς
1100 3508 1449 3578 περιγραφῆς
1480 3507 1730 3579 κρεῖττόν
1765 3509 1919 3560 ἐστι’

331 3597 392 3647 τὺ
424 3595 534 3665 γὰρ
569 3595 644 3666 μὴ
671 3597 791 3668 ἕχον
835 3598 1000 3668 μέρος
1032 3598 1169 3670 ποίῳ
1207 3599 1430 3652 δύναται
1471 3601 1620 3670 τόπῳ
1661 3600 1927 3671 περιγρά-

334 3686 565 3756 (paceni;
594 3688 756 3751 τόπος
791 3689 900 3760 γάρ
929 3691 1044 3742 ἐστι
1072 3691 1246 3760 πέρας
1272 3690 1367 3744 τοῦ
1395 3692 1760 3762 περιέχοντος,
1792 3691 1926 3744 καθὸ

333 3779 582 3850 περιέχει
612 3781 673 3840 τὸ
698 3781 1103 3851 περιεχόμενον.
1134 3783 1195 3834 Εἰ
1215 3783 1271 3834 δέ
1300 3800 1382 3845 τις
1413 3783 1803 3850 λέγοι,οὺκοῦν
1834 3784 1926 3836 καὶ

331 3872 583 3945 ὲνῬώμῃ
600 3875 692 3926 καὶ
713 3875 771 3926 ἐν
797 3875 1191 3946 Ἀλεξανδρείᾳ,
1207 3877 1302 3928 καὶ
1316 3875 1591 3946 πανταχοῦ
1607 3877 1752 3928 ἐστιν
1769 3877 1801 3946 ἡ
1819 3874 1925 3947 ἐμὴ

331 3961 500 4031 ψυχὴ,
525 3962 777 4017 λανθάνει
798 3965 1012 4032 ἑαυτὸν,
1031 3966 1195 4019 πάλιν
1215 3966 1378 4019 τόπον
1398 3966 1590 4034 λέγων·
1620 3968 1712 4020 καὶ
1732 3967 1840 4037 γὰρ
1865 3968 1927 4018 τὸ

332 4055 393 4106 ἐν
429 4053 826 4127 Ἀλεξανδρείᾳ,
852 4057 944 4108 καὶ
968 4057 1105 4121 ὅλως
1128 4059 1188 4110 τὸ
1210 4059 1268 4110 ὲν
1297 4058 1456 4129 τῷδε,
1485 4059 1649 4121 τόπος
1669 4058 1814 4110 ἐστίν
1832 4076 1844 4088 ·
1868 4061 1925 4111 ἐν

328 4145 484 4214 τόπῳ
522 4145 580 4198 δὲ
621 4145 758 4209 ὅλως
798 4147 897 4200 οὐκ
933 4148 1101 4213 ἐστιν,
1139 4149 1254 4203 ἀλλ’
1289 4152 1347 4202 ἐν
1397 4149 1618 4220 σχέσει·
1660 4150 1925 4203 δέδεικται

328 4235 445 4305 γάρ
477 4235 553 4306 μὴ
579 4235 836 4296 δύνασθαι
867 4238 1267 4309 περιληφθῆναι
1302 4240 1473 4310 τόπῳ.
1511 4241 1679 4294 Ὅταν
1709 4239 1839 4308 γοῦν
1869 4241 1926 4294 ἐν

331 4328 519 4396 σχέσει
553 4329 779 4399 γένηται
814 4331 1035 4402 νοητὸν,
1067 4332 1231 4385 τόπου
1266 4333 1409 4396 τινὸς
1437 4333 1469 4403 ἢ
1514 4334 1839 4406 πράγματος
1869 4334 1926 4386 ὲν

326 4421 484 4489 τόπῳ
529 4422 716 4488 ὄντος,
755 4425 1336 4496 καταχρηστικώτερον
1370 4426 1598 4496 λέγομεν
1650 4427 1780 4480 αὐτὸ
1809 4428 1924 4479 ἐκεῖ

329 4507 506 4577 εἶναι,
539 4515 626 4568 διὰ
665 4516 764 4584 τὴν
804 4520 1082 4590 ἐνέργειαν
1131 4518 1315 4580 αὑτοῦ,
1357 4519 1450 4571 τοῦ
1487 4521 1603 4572 ἐκεῖ
1634 4519 1724 4572 τὸν
1755 4521 1920 4572 τόπον

330 4606 453 4657 ἀντὶ
492 4606 729 4676 σχέσεως
768 4611 862 4662 καὶ
907 4610 1007 4681 τῆς
1041 4611 1318 4681 ἐνεργείας
1349 4610 1740 4680 λαμϐάνοντες.
1791 4610 1920 4664 Δέον

330 4696 441 4766 γὰρ
466 4697 669 4765 λέγειν,
715 4700 876 4754 Ἐκεῖ
895 4701 1140 4770 ἐνεργεῖ,
1173 4702 1422 4772 λέγομεν,
1469 4701 1633 4755 Ἐκεῖ
1654 4703 1846 4756 ἐστιν.

2027 3241 2181 3303 bilia,
2230 3254 2418 3292 verum
2469 3253 2565 3306 per
2613 3244 2787 3290 totum
2842 3251 3042 3304 corpus
3096 3233 3313 3298 abeant,
3351 3243 3405 3288 et
3439 3234 3610 3288 libere

2027 3330 2366 3399 spatientur,
2408 3327 2524 3381 ﬁeri
2556 3341 2664 3380 non
2706 3333 2905 3394 potest,
2940 3333 2998 3378 ut
3036 3339 3064 3375 a
3095 3323 3481 3394 corporalibus
3507 3323 3607 3376 de-

2026 3423 2340 3485 tineantur;
2371 3421 2461 3475 sed
2495 3420 2637 3474 enim
2676 3433 2798 3472 cum
2827 3417 3189 3486 intelligibilia
3228 3416 3359 3481 sint,
3393 3416 3446 3468 in
3475 3415 3611 3469 locis

2025 3514 2188 3568 etiam
2222 3511 2659 3580 intelligibilibus
2694 3518 2859 3574 sunt;
2908 3517 3002 3562 aut
3033 3510 3179 3563 enim
3224 3508 3277 3562 in
3313 3507 3471 3575 ipsis,
3510 3513 3606 3560 aut

2026 3603 2080 3656 in
2108 3601 2483 3670 superioribus
2516 3599 2972 3655 intellectualibus
2998 3615 3012 3664 ;
3041 3607 3100 3653 ut
3125 3599 3306 3653 anima
3333 3597 3606 3652 interdum

2026 3696 2080 3750 in
2123 3695 2304 3764 seipsa
2353 3701 2456 3757 est,
2499 3702 2558 3746 ut
2592 3709 2718 3746 cum
2775 3692 2999 3760 cogitat,
3041 3692 3315 3747 interdum
3371 3705 3503 3745 vero
3552 3690 3610 3743 in

2027 3796 2213 3842 mente
2238 3827 2254 3852 ,
2309 3801 2435 3840 cum
2474 3786 2748 3855 intelligit.
2802 3785 3032 3850 Quando
3066 3785 3234 3853 igitur
3284 3784 3337 3837 in
3376 3797 3610 3852 corpore

2028 3879 2232 3933 dicitur
2251 3891 2393 3940 esse,
2419 3893 2528 3929 non
2559 3885 2616 3928 ut
2648 3877 2702 3929 in
2737 3876 2856 3930 loco
2885 3891 3008 3931 esse
3035 3874 3238 3928 dicitur
3265 3875 3318 3927 in
3351 3888 3607 3943 corpore,

2029 3972 2124 4029 sed
2160 3981 2218 4026 ut
2255 3973 2306 4026 in
2343 3972 2472 4034 situ,
2515 3971 2835 4027 habitudine
2867 3982 2922 4026 et
2952 3981 3230 4027 momento
3260 3987 3324 4026 ac
3363 3971 3608 4039 disposi-

2027 4063 2177 4117 tione
2231 4063 2294 4117 ad
2350 4061 2556 4132 aliquid
2608 4062 2856 4132 colligari
2896 4062 3134 4116 dicimus
3163 4077 3191 4114 a
3225 4076 3455 4130 corpore
3490 4060 3611 4114 ani-

2027 4168 2194 4216 mam,
2230 4161 2393 4221 prout
2423 4153 2658 4208 dicimus
2690 4155 2757 4206 ab
2791 4152 2998 4208 amasia
3029 4161 3334 4205 amatorem
3367 4149 3610 4205 constri-

2028 4253 2173 4297 ctum
2216 4245 2565 4313 vinctumque
2613 4259 2758 4306 esse,
2802 4259 2913 4296 non
2965 4243 3328 4313 corporaliter
3361 4249 3414 4295 et
3458 4242 3608 4295 loca-

2029 4336 2175 4396 liter,
2227 4333 2322 4387 sed
2368 4336 2581 4388 ratione
2630 4333 2849 4387 habitus
2882 4333 3174 4400 situsque;
3235 4331 3438 4400 quippe
3481 4345 3608 4384 cum

2028 4425 2442 4497 magnitudinis,
2477 4433 2531 4479 et
2571 4424 2750 4486 molis,
2777 4431 2831 4476 et
2861 4423 3096 4492 partium
3124 4438 3320 4491 expers
3351 4423 3442 4485 sit,
3471 4437 3609 4491 prae-

2028 4520 2262 4574 stantior
2299 4525 2385 4573 est
2417 4517 2564 4570 omni
2611 4515 2986 4584 descriptione
3030 4531 3128 4584 per
3167 4523 3351 4584 partes
3392 4515 3550 4568 locali
3583 4525 3598 4566 :

2027 4611 2227 4666 etenim
2254 4609 2398 4679 quod
2441 4614 2624 4677 partes
2651 4621 2762 4660 non
2791 4606 2977 4669 habet,
3011 4621 3248 4674 quonam
3277 4612 3456 4676 potest
3489 4605 3610 4659 loco

2027 4699 2451 4756 circumscribi?
2489 4704 2574 4752 est
2605 4696 2748 4751 enim
2793 4697 2945 4752 locus
2975 4701 3295 4753 extremitas
3324 4699 3612 4752 continen-

335 4785 428 4851 lis,
457 4799 734 4859 quatenus
767 4794 1010 4848 continet
1046 4795 1097 4849 id
1126 4794 1271 4864 quod
1301 4793 1635 4848 continetur.
1678 4793 1838 4859 Quod
1875 4792 1920 4848 si
1960 4792 2086 4863 quis
2122 4792 2346 4853 dixerit,
2375 4788 2562 4842 Romae
2593 4789 2761 4860 igitur
2791 4796 2843 4843 et
2868 4789 3231 4853 Alexandriae,
3291 4797 3344 4843 et
3409 4790 3609 4859 ubique

331 4896 416 4940 est
442 4886 624 4939 anima
660 4902 814 4955 mea;
867 4887 1002 4959 fugit
1047 4889 1249 4959 ipsum,
1303 4889 1448 4958 quod
1517 4904 1712 4945 rursus
1766 4889 1946 4944 locum
1991 4888 2292 4958 designat:
2332 4888 2612 4942 enimvero
2656 4885 3037 4952 Alexandriae,
3115 4893 3170 4940 et
3206 4885 3430 4940 omnino
3483 4885 3610 4956 (hic

330 4979 417 5032 vel
447 4978 582 5051 illic)
610 4980 802 5047 locus;
835 4980 986 5051 atqui
1028 4981 1083 5036 in
1124 4983 1244 5037 loco
1309 4997 1534 5051 prorsus
1600 4997 1710 5036 non
1753 4989 1860 5048 est,
1895 4981 1991 5036 sed
2034 4981 2087 5034 in
2121 4981 2230 5034 situ
2262 4995 2274 5030 :
2309 4995 2432 5032 nam
2466 4980 2751 5049 probatum
2783 4987 2866 5034 est
2901 4994 3008 5034 non
3032 4993 3193 5049 posse
3220 4975 3610 5049 comprehendi

334 5074 474 5128 loco.
524 5075 718 5143 Itaque
744 5089 868 5127 cum
908 5073 961 5128 id
1004 5075 1150 5144 quod
1181 5075 1548 5144 intelligentia
1590 5074 1912 5145 percipitur,
1955 5074 2010 5126 in
2055 5073 2164 5128 situ
2215 5071 2400 5135 fuerit,
2445 5079 2538 5124 aut
2585 5072 2805 5141 negotio
2849 5072 3087 5142 quodam
3166 5072 3220 5125 in
3296 5072 3416 5124 loco
3463 5068 3608 5121 exsi-

333 5170 551 5222 stente:
599 5164 826 5218 abusive
864 5172 918 5218 et
950 5165 1182 5235 ﬁgurate
1222 5165 1459 5221 dicimus
1489 5164 1594 5220 hoc
1665 5165 1843 5235 ipsum
1923 5163 1997 5218 ibi
2037 5178 2184 5226 esse,
2216 5172 2438 5232 propter
2463 5165 2838 5231 operationem
2868 5165 2988 5232 ejus
3016 5162 3160 5233 quod
3195 5162 3268 5217 ibi
3293 5169 3398 5225 est,
3428 5159 3608 5212 locum

335 5271 436 5324 pro
463 5254 574 5308 situ
623 5264 679 5310 et
707 5257 924 5312 actione
955 5265 1274 5324 sumentes;
1303 5271 1430 5311 nam
1463 5271 1588 5311 cum
1621 5256 1915 5311 dicendum
1953 5253 2171 5320 fuisset,
2197 5249 2279 5306 Ibi
2307 5263 2584 5321 operatur,
2616 5253 2876 5320 dicimus,
2899 5247 2984 5310 Ibi
3013 5263 3115 5309 est.

418 5351 708 5423 'Appoaste
743 5354 786 5406 δ’
818 5353 883 5407 ἂν
914 5357 943 5408 ὁ
970 5355 1129 5423 λόγος
1177 5346 1332 5418 οὗτος
1383 5353 1799 5424 καθαρώτερον,
1830 5354 1926 5406 καὶ

337 5445 574 5514 μάλιστα
604 5449 674 5516 τῇ
704 5446 838 5517 πρὸς
865 5447 956 5500 τὸν
985 5447 1269 5518 ἄνθρωπον
1301 5446 1490 5500 ὲνώσει
1518 5446 1612 5500 τοῦ
1641 5446 1775 5500 Θεοῦ
1818 5445 1920 5499 Λό-

331 5556 448 5604 γου,
487 5540 611 5592 καθ’
650 5541 717 5611 ἣν
747 5540 987 5604 ὲνωθεὶς,
1023 5540 1234 5611 ἔμεινεν
1263 5541 1567 5610 ἀσύγχυτος
1597 5541 1704 5593 xui:
1727 5539 1920 5610 ἀπερί-

330 5630 557 5700 ληπτος,
581 5630 643 5682 οὐ
689 5631 831 5684 κατά
855 5631 945 5684 τὸν
970 5632 1070 5700 τῆς
1099 5631 1274 5700 ψυχῆς
1304 5631 1526 5702 τρόπον.
1571 5629 1788 5698 Ἐκείνη
1823 5630 1919 5700 μὲν

335 5722 438 5793 γὰρ
467 5721 580 5776 τῶν
616 5720 1083 5794 πεπληθυσμένων
1115 5717 1430 5790 οὗσα,δοκεῖ
1461 5721 1550 5774 καὶ
1576 5720 1914 5792 συμπάσχειν

2100 5349 2444 5420 Congrueret
2489 5363 2625 5404 sane
2659 5349 2750 5405 hic
2794 5364 2978 5406 sermo
3009 5347 3224 5420 purius,
3272 5352 3327 5399 et
3375 5344 3610 5402 maxime

2031 5441 2221 5497 unioni
2257 5439 2421 5497 Verbi
2456 5439 2548 5496 Dei
2579 5457 2702 5496 cum
2751 5440 3168 5509 homine,juxta
3208 5451 3373 5507 quam
3419 5437 3607 5494 unitus

2028 5534 2292 5589 remansit
2344 5533 2689 5598 inconfusus,
2744 5539 2797 5586 et
2847 5527 3440 5598 incomprehensibilis,
3495 5545 3605 5585 non

2028 5631 2223 5684 animae
2253 5643 2404 5682 more
2438 5626 2728 5694 modoque.
2764 5622 3010 5690 Namque
3044 5621 3136 5676 illa
3169 5636 3294 5676 cum
3324 5636 3390 5676 ex
3427 5621 3512 5676 bis
3538 5621 3608 5677 sit

2026 5737 2145 5791 quae
2177 5735 2465 5776 numerum
2490 5717 2744 5782 faciunt,
2794 5713 3010 5771 videtur
3058 5725 3111 5773 et
3147 5714 3438 5773 condolere
3467 5731 3606 5786 quo-
