4046 6156
435 233 540 287 219

1582 226 1589 236 ‘
1649 219 1704 274 S.
1741 217 2070 274 GREGURH
2112 218 2406 276 NYSSENI

3482 197 3502 212 °
3597 214 3714 270 2‘20

435 344 728 402 dummodo
749 340 966 412 corpori
998 339 1066 394 ob
1093 345 1300 392 arctam
1328 335 1781 400 familiaritatem,
1811 345 1864 391 et
1890 336 2020 390 illud

2125 353 2242 400 πως
2270 336 2337 388 δι’
2364 336 2670 406 οἰκειότητα
2699 334 2776 405 τῷ
2813 334 3045 406 σώματι,
3074 332 3166 386 καὶ
3205 331 3424 403 κρατεῖν
3446 328 3556 382 ἔσθ’
3592 330 3712 392 ὅτε,

439 435 710 491 interdum
761 430 1066 492 continere,
1112 441 1386 489 coercere,
1431 436 1484 482 ct
1516 427 1584 479 ab
1620 426 1713 479 illo
1750 425 2011 480 coerceri.

438 528 637 582 Verum
695 522 838 576 Deus
866 520 1104 575 Verbum
1144 518 1280 572 nihil
1337 533 1367 571 a
1419 516 1805 571 communione
1852 531 2014 586 quam

436 633 558 671 cum
613 627 842 681 corpore
877 619 932 664 et
975 609 1154 663 anima
1189 608 1372 671 habet,
1411 607 1674 669 variatur,
1709 620 1886 672 neque
1936 604 2018 656 in-

440 707 712 762 ﬁrmitatis
739 705 953 758 illorum
980 701 1255 772 particeps
1278 707 1398 765 est;
1437 699 1529 754 sed
1555 713 1679 751 cum
1712 697 1848 766 ipsis
1869 711 2051 750 com--

435 800 680 854 nntnicet
711 798 814 849 vim
844 793 1146 849 divinitatis
1195 808 1328 855 suae,
1381 790 1520 844 idem
1559 803 1902 858 permanens.
1961 787 2015 841 in

436 893 738 960 eodemque
791 895 958 952 statu,
1010 887 1064 940 in
1110 899 1220 955 quo
1267 889 1385 938 erat
1423 891 1548 936 ante
1596 882 1891 947 unionem;
1953 894 2017 932 ac

437 984 594 1039 valde
626 998 800 1037 novus
833 982 921 1035 hic
953 979 1226 1034 mistionis
1279 983 1372 1030 aut
1406 975 1626 1029 unionis
1660 974 1856 1028 modus
1902 981 2014 1036 est;

437 1086 491 1131 ct
542 1077 812 1130 miscetur
857 1081 910 1128 et
950 1079 1134 1126 manet
1181 1083 1576 1138 usquequaque
1619 1067 1912 1130 immistus,
1963 1073 2018 1120 et

440 1167 786 1228 inconfusus,
840 1173 893 1219 et
942 1161 1423 1225 incommutabilis,
1472 1175 1579 1212 non
1610 1157 2016 1228 compatiendo,

440 1262 534 1317 sed
563 1259 908 1330 cooperando
944 1265 1176 1318 tantum,
1204 1269 1325 1308 cum
1361 1267 1539 1320 neque
1570 1251 1735 1304 simul
1773 1264 2019 1303 corrum-

441 1363 624 1426 patur,
653 1366 753 1405 nec
785 1349 947 1404 simul
979 1349 1236 1401 alteretur
1263 1362 1274 1396 :
1313 1359 1499 1398 verum
1535 1343 1623 1396 illa
1647 1342 1864 1412 quidem
1887 1357 2021 1395 con-

439 1449 610 1510 ciliet,
667 1447 783 1515 ipse
832 1457 962 1496 vero
1007 1455 1118 1493 non
1167 1437 1472 1492 diminutus
1504 1434 1572 1488 ab
1619 1431 1776 1501 ipsis,
1800 1436 2018 1482 maneat

440 1538 762 1596 mutationis
806 1542 859 1589 et
903 1530 1250 1587 confusionis
1285 1541 1519 1597 expers:
1582 1524 2019 1595 quandoquidem

440 1631 619 1684 omnis
650 1643 876 1697 prorsus
911 1622 1232 1676 variationis
1253 1628 1307 1674 et
1338 1617 1678 1672 alterationis
1699 1631 1890 1671 exsors
1914 1623 2016 1670 est.

2118 430 2212 482 καί
2244 427 2562 500 κρατεῖσθαι
2585 446 2596 459 ’
2625 431 2653 481 0
2675 428 2730 480 δὲ
2765 428 2896 502 Θεὸς
2924 426 3094 494 Λόγος
3117 423 3270 478 οὐδὲν
3300 421 3462 486 αὐτὸς
3483 409 3590 475 ἀπὸ
3607 424 3715 490 τῆς

2118 520 2400 582 κοινωνίας
2425 520 2523 590 τῆς
2549 519 2675 590 περὶ
2709 518 2768 572 τὸ
2795 519 2952 588 σῶμα
2982 517 3076 570 καὶ
3106 515 3204 587 τὴν
3238 514 3417 585 ψυχὴν
3458 513 3710 568 ἀλλοιούι-

2121 628 2298 682 μενος,
2337 612 2458 664 οὐδὲ
2493 611 2734 681 μετέχων
2761 613 2858 681 τῆς
2883 609 3106 663 ἐκείνων
3144 606 3427 670 ἀσθενείας
3446 622 3460 634 ·
3490 606 3714 676 μεταδι-

2115 701 2239 764 δοὺς
2267 702 2323 755 δὲ
2349 703 2530 765 αὐτοῖς
2552 703 2648 772 τῆς
2677 701 2841 756 αὐτοῦ
2870 701 3123 771 θεότητος
3147 700 3246 770 τὴν
3268 697 3518 768 δύναμιν,
3549 699 3577 750 0
3609 698 3714 751 αὺ-

2115 795 2205 858 τὸς
2231 795 2405 866 μένων
2432 798 2488 848 έν
2512 790 2591 859 οἷς
2611 791 2680 866 ἦν
2715 796 2808 847 καὶ
2841 795 2946 864 πρὸ
2975 793 3074 863 τῆς
3101 790 3375 854 ένὼσεως’
3394 790 3713 861 καινότερος

2117 882 2268 949 οὗτος
2289 889 2316 939 0
2344 887 2541 957 τρόπος
2571 887 2667 956 τῆς
2697 886 2946 957 κράσεως
2974 884 3006 954 ἦ
3031 882 3274 946 ὲνώσεως
3294 900 3307 912 ·
3335 882 3429 935 καὶ
3449 883 3722 952 κιρνᾶται,

2121 978 2215 1030 καί
2253 978 2399 1047 μένει
2473 978 2813 1032 παντάπασιν
2852 978 3081 1047 ἄμικτος
3127 975 3223 1028 καὶ
3263 972 3570 1044 ἀσύγχυτος
3610 973 3711 1026 καὶ

2119 1069 2441 1139 ἀδιάφθορος
2488 1070 2583 1124 καί
2631 1069 3024 1140 ἀμετάϐλητος,
3069 1068 3129 1120 οὺ
3167 1067 3536 1137 συμπάσχων,
3570 1065 3710 1119 ἀλλά

2121 1163 2487 1232 συμπράττων
2522 1162 2699 1231 μόνον,
2735 1160 2855 1216 οὐδὲ
2891 1159 3358 1230 συμφθειρόμενος
3382 1158 3475 1210 καὶ
3509 1156 3710 1210 συναλ-

2119 1251 2260 1307 λοιού
2270 1270 2427 1322 μενος
2450 1269 2461 1280 ·
2499 1251 2632 1306 ἀλλά
2661 1252 2906 1320 συνάγων
2957 1252 3052 1322 μὲν
3083 1251 3266 1303 ἐκεῖνα
3287 1288 3302 1313 ,
3353 1247 3514 1310 αὐτὸς
3541 1247 3598 1300 δὲ
3631 1246 3710 1318 μὴ

2125 1346 2441 1415 μειούμενος
2463 1345 2746 1399 ὑπἀὑτῶν
2779 1345 2930 1414 μένει
2961 1344 3227 1415 ἅτ’ρεπτος
3258 1343 3351 1394 καὶ
3379 1341 3705 1410 ἀσύγχυτος,

2121 1437 2308 1506 ἐπειδὴ
2352 1437 2607 1508 καθαρῶς
2639 1437 2820 1506 πάσης
2868 1434 3206 1497 ἀλλοιώσεως
3252 1432 3519 1504 ἀμέτοχός
3564 1434 3706 1484 ἐστι.

2121 1528 2348 1598 Μάρτυς
2387 1528 2575 1581 τούτου
2610 1531 2726 1581 ἐστὶ
2761 1527 3088 1599 Πορφύριος,
3121 1529 3150 1581 0
3179 1526 3318 1580 κατά
3345 1525 3439 1577 τοῦ
3467 1519 3706 1595 Χριστοῦ

2124 1621 2352 1690 κινήσας
2408 1621 2504 1691 τὴν
2549 1620 2742 1673 ἑαυτοῦ
2773 1617 3018 1688 γλῶτταν
3053 1637 3068 1649 ·
3111 1618 3330 1689 ἰσχυραὶ
3372 1618 3430 1670 δέ
3479 1618 3614 1669 εἰσιν
3647 1615 3708 1669 αἰ

440 1723 622 1778 Testis
654 1721 817 1789 hujus
849 1715 1171 1772 assertionis
1204 1722 1286 1767 est
1315 1710 1674 1779 Porphyrius,
1708 1709 1799 1778 qui
1828 1708 2019 1760 adver-

2124 1711 2227 1764 τῶν
2277 1711 2483 1780 ἐχθρῶν
2524 1711 2818 1783 μαρτυρίαι
2865 1710 3006 1781 ὑπὲρ
3053 1709 3230 1780 ἡμῶν,
3264 1709 3391 1762 ὅταν
3437 1705 3710 1777 μηδεμίαν

443 1833 538 1871 sus
578 1814 856 1868 Christum
910 1808 1243 1879 petulantem
1292 1804 1459 1857 movit
1515 1801 1779 1870 linguam.
1822 1798 2018 1853 Verum

439 1909 527 1963 vel
565 1905 910 1960 inimicorum
961 1897 1274 1954 testimonia
1304 1894 1484 1949 valida
1533 1901 1660 1947 sunt
1697 1907 1794 1961 pro
1839 1891 2016 1957 nobis,

440 2017 567 2057 cum
605 1999 810 2054 nullam
850 1995 1006 2064 plane
1034 1989 1526 2047 contradictionem
1575 1985 1890 2038 admittunt.
1923 1981 2022 2037 llic

442 2095 611 2163 igitur
636 2087 974 2158 Porphyrius
1003 2085 1056 2137 in
1084 2080 1325 2138 secundo
1354 2076 1748 2132 commentario
1790 2073 1866 2126 De
1902 2086 2043 2142 qua-:-

443 2182 703 2238 stionibus
739 2179 1088 2237 miscellaneis
1113 2214 1127 2237 ,
1155 2174 1227 2226 ita
1259 2171 1323 2225 ad
1356 2169 1580 2224 verbum
1603 2167 1827 2224 scribit:
1864 2185 1883 2218 ι
1907 2164 2023 2218 Mi-

440 2273 590 2326 nime
648 2283 779 2323 sane
841 2264 1214 2319 cunctandum
1264 2269 1348 2315 est
1391 2260 1680 2315 admittere
1725 2257 2018 2314 essentiam

441 2361 683 2428 aliquam
750 2371 858 2410 una
896 2337 1231 2422 assumptam
1267 2366 1391 2406 esse
1445 2350 1512 2403 ad
1561 2349 2020 2418 complementum

439 2452 668 2508 alterius
692 2446 1033 2512 substantiae,
1061 2453 1114 2499 et
1136 2444 1256 2513 ejus
1275 2451 1486 2514 partem
1511 2458 1653 2505 esse,
1674 2441 1838 2496 etiam
1865 2440 2021 2509 juxta

441 2552 693 2599 naturam
746 2554 901 2595 suam
957 2536 1252 2600 manendo,
1321 2542 1611 2606 postquam
1666 2532 2023 2600 compleverit

440 2637 604 2689 aliam
648 2633 975 2688 essentiam:
1029 2627 1168 2680 adeo
1199 2634 1258 2679 ut
1289 2641 1458 2679 unum
1507 2641 1633 2680 cum
1679 2625 1785 2677 alio
1820 2623 1931 2685 fiat,
1971 2631 2024 2676 et

439 2726 587 2795 quod
623 2740 718 2794 per
748 2738 806 2778 se
833 2735 1003 2775 unum
1039 2719 1201 2773 habet
1231 2728 1548 2784 conservet;
1584 2725 1638 2772 et
1673 2715 1819 2786 quod
1845 2715 2023 2784 majus

441 2825 548 2878 est,
611 2817 781 2883 ipsam
836 2830 945 2868 non
998 2819 1283 2877 mutatam,
1337 2819 1550 2866 mutare
1603 2811 1694 2867 illa
1731 2812 1786 2864 in
1823 2811 2023 2880 quibus

442 2905 607 2960 fuerit
641 2903 707 2956 ad
744 2916 898 2958 suam
943 2900 1342 2970 operationem,
1395 2900 1684 2968 praesentia
1731 2913 1852 2962 sua,
1886 2914 2022 2954 con-

443 3005 572 3053 stat.
606 3016 623 3049 ι
668 2994 790 3049 Haec
818 3002 1000 3049 autem
1030 2993 1164 3048 dicit
1191 2991 1258 3045 de
1283 2991 1484 3045 unione
1505 2990 1669 3045 Verbi
1696 2989 1790 3046 Dei
1816 2998 1869 3046 et
1897 3006 2021 3046 cor-
2049 3032 2092 3090 α

442 3088 614 3160 poris.
646 3085 801 3152 Quod
834 3085 879 3140 si
909 3099 1073 3138 verus
1095 3091 1179 3137 est
1206 3097 1389 3137 sermo
1435 3081 1488 3134 in
1519 3081 1718 3147 anima,
1744 3082 1888 3151 quod
1937 3081 2025 3136 in-

441 3194 704 3250 corporea
738 3179 828 3240 sit,
863 3177 1036 3231 multo
1068 3177 1239 3245 magis
1263 3174 1319 3228 in
1353 3172 1460 3227 Deo
1491 3171 1692 3239 Verbo,
1723 3173 1869 3243 quod
1904 3187 2020 3226 ma-

438 3279 526 3344 gis
575 3270 1103 3341 incomparabiliter,
1155 3275 1210 3321 et
1263 3281 1331 3320 ex
1364 3266 1594 3319 veritate
1640 3265 2020 3334 incorporeum

439 3362 675 3417 exsistit.
714 3360 871 3426 Quod
903 3357 1122 3429 quidem
1172 3355 1399 3408 omnino
1429 3355 1649 3408 obturat
1679 3369 1773 3408 ora
1807 3369 2019 3420 eorum,

439 3456 533 3525 qui
581 3466 844 3507 accusare
875 3437 1397 3520 aggrediuntur-Dei
1454 3446 1710 3500 unionem
1757 3461 1882 3500 cum
1924 3445 2022 3501 ho-

441 3543 620 3601 mine:
655 3541 759 3595 hoc
773 3539 943 3595 enim‘
967 3537 1122 3590 multi
1150 3535 1440 3590 ridiculum
1471 3549 1595 3591 esse
1624 3544 1826 3590 temere
1848 3551 2024 3590 enun-

443 3635 680 3702 tiarunt,
726 3639 782 3686 et
823 3637 1053 3684 mortem
1093 3628 1320 3683 minime
1352 3627 1728 3698 probabilem:
1762 3626 2020 3683 unionem

438 3745 573 3785 vero
604 3727 768 3782 etiam
805 3723 1152 3777 indecoram:
1191 3721 1406 3776 unitum
1438 3721 1639 3792 quippe
1671 3733 1794 3774 esse
1835 3720 1889 3774 in
1924 3733 2023 3773 na-

452 3828 575 3871 tura
629 3830 830 3870 numen
876 3812 1120 3867 divinum
1165 3827 1264 3882 per
1301 3813 1612 3866 mistionem
1655 3822 1709 3865 et
1739 3810 2018 3866 unionem.

447 3904 552 3961 Sed
583 3920 684 3960 nos
712 3903 956 3973 probatis
975 3900 1207 3956 testibus
1241 3900 1483 3970 ipsorum
1511 3899 1771 3953 adhibitis
1798 3912 2022 3953 causam

451 3997 755 4053 reddimus.
785 3993 997 4048 Dicitur
1028 4001 1205 4047 autem
1249 3992 1391 4063 apud
1415 3990 1732 4054 nonnullos,
1765 3997 1818 4044 et
1851 3989 2021 4057 potis-

450 4091 649 4145 simum
705 4085 1097 4148 Eunomianos,
1127 4084 1366 4144 ,unitum
1398 4097 1520 4138 esse
1565 4081 1732 4136 Deum
1785 4079 2022 4135 Verbum

451 4181 694 4250 corpori,
742 4194 850 4232 non
886 4177 1186 4232 secundum
1231 4177 1545 4238 essentiam,
1588 4172 1683 4229 sed
1723 4173 2022 4228 secundum

453 4281 718 4342 utrasque
749 4270 1060 4326 facultates.
1094 4269 1215 4322 Non
1262 4269 1408 4324 enim
1454 4267 1786 4323 substantias
1818 4267 2020 4334 unitas,

2121 1801 2424 1869 ἀντιλογίαν
2459 1795 2590 1854 ὦσιν
2612 1801 3011 1872 ὲπιδεχόμεναι.
3031 1795 3197 1862 Οὗτος
3223 1799 3400 1852 τοίνυν
3430 1800 3458 1850 0
3490 1799 3711 1867 Πορφύ-

2125 1915 2260 1966 ριος,
2283 1899 2340 1949 ὲν
2363 1896 2439 1966 τῷ
2461 1896 2698 1966 δευτέρῳ
2722 1895 2865 1966 λόγῳ
2895 1894 2973 1964 τῷ
3000 1895 3139 1962 Περί
3165 1894 3514 1962 συμμίκτων·
3535 1895 3711 1957 ζητη-

2117 1989 2322 2057 μάτων
2349 1988 2547 2058 γράφει
2573 1987 2715 2040 κατά
2741 1987 2888 2052 λέξιν
2913 1985 3106 2048 οὕτως’
3145 2003 3164 2036 ι
3190 1985 3303 2038 Οὐκ
3328 1981 3711 2051 ἀπογνωστέον

2121 2077 2213 2134 οὖν
2263 2081 2571 2150 ἐνδέχεσθαί
2621 2097 2744 2134 τινα
2795 2079 2985 2133 οὐσίαν
3041 2076 3582 2149 συμπαραληφθῆναι
3629 2076 3712 2138 είς

2123 2171 2518 2242 συμπλήρωσιν
2550 2170 2744 2240 ἐτέρας
2768 2170 2975 2234 οὐσίας,
2999 2170 3092 2223 καὶ
3114 2163 3253 2222 εἶναι
3290 2169 3456 2239 μέρος
3486 2165 3709 2230 οὐσίας’

2127 2265 2392 2334 μένουσαν
2430 2263 2485 2315 δὲ
2516 2264 2656 2317 κατά
2684 2264 2782 2333 τὴν
2814 2263 3014 2334 ἑαυτῆς
3048 2261 3232 2331 φύσιν,
3267 2262 3404 2332 μετά
3435 2259 3528 2314 τοῦ
3571 2276 3715 2330 συμ-

2124 2355 2364 2426 πληροῦν
2386 2355 2552 2424 ἄλλην
2583 2355 2790 2422 οὐσίαν,
2822 2356 2879 2408 ἓν
2897 2373 2958 2408 τε
2989 2355 3086 2408 σὺν
3111 2354 3254 2424 ἄλλῳ
3277 2356 3597 2425 γενομένην,
3617 2353 3715 2407 καὶ

2120 2449 2184 2501 τὸ
2223 2448 2343 2502 καθ’
2372 2450 2570 2518 ἑαυτὴν
2597 2447 2654 2502 ἓν
2683 2447 3070 2516 διασώζουσαν,
3117 2447 3212 2501 καί
3237 2447 3297 2500 τὸ
3327 2445 3714 2517 μεῖζον,αὑτὴν

2127 2541 2225 2612 μὲν
2249 2541 2323 2612 μὴ
2355 2541 2718 2612 τρεπομένην,
2749 2541 3050 2610 τρέπουσαν
3081 2539 3136 2593 δὲ
3157 2540 3341 2592 ἐκεῖνα
3365 2538 3434 2592 τὰ
3455 2539 3512 2591 ἐν
3540 2533 3622 2601 οἷς
3645 2537 3715 2590 ἂν

2123 2632 2398 2702 γίγνηται,
2441 2633 2520 2693 εἰς
2553 2630 2650 2701 τὴν
2696 2631 2894 2700 ἑαυτῆς
2937 2630 3219 2701 ἐνέργειαν
3251 2631 3314 2699 τῇ
3351 2628 3647 2698 παρουσίᾳ.
3688 2642 3708 2678 ι

2124 2720 2287 2789 Λέγει
2322 2721 2378 2773 δὲ
2399 2720 2572 2775 ταῦτα
2596 2721 2724 2790 περὶ
2746 2721 2845 2790 τῆς
2867 2705 3113 2783 ένώσεως
3136 2719 3231 2774 τοῦ
3254 2719 3389 2773 Θεοῦ
3415 2719 3594 2788 Λόγου
3618 2718 3717 2772 καὶ

2122 2812 2216 2864 τοῦ
2255 2811 2524 2884 σώματος.
2557 2814 2620 2866 El
2652 2813 2709 2866 δὲ
2740 2813 2831 2866 ἐπὶ
2872 2813 2971 2884 τῆς
3006 2812 3186 2883 ψυχῆς
3228 2811 3432 2883 ἀληθὴς
3466 2813 3494 2864 ὁ
3529 2811 3711 2879 λόγος,

2123 2905 2212 2958 διά
2243 2906 2303 2958 τὸ
2338 2904 2648 2976 ἀσώματον,
2673 2905 2852 2976 πολλῷ
2882 2905 3044 2958 πλέον
3084 2905 3178 2959 ἐπὶ
3207 2904 3302 2957 τοῦ
3347 2903 3482 2957 Θεοῦ
3508 2904 3710 2973 Λόγου,

2124 2996 2217 3050 τοῦ
2270 2997 2470 3068 μᾶλλον
2525 2997 2870 3069 ἀωγκρίτως
2911 2999 3006 3050 καὶ
3061 2998 3202 3051 κατά
3247 2996 3505 3068 ἀλήθειαν
3558 2997 3713 3059 ὄντος

2127 3089 2442 3157 ἀσωμάτου.
2468 3088 2645 3154 Ὅπερ
2691 3087 2946 3160 ἄντικρυς
2979 3088 3416 3160 ἀποφράττειτά
3467 3088 3714 3159 στόματα

2127 3179 2235 3230 τῶν
2255 3178 2678 3249 ἐπιχειρούντων
2703 3183 3026 3250 κατηγορεῖν
3051 3179 3152 3250 τῆς
3178 3180 3272 3232 τοῦ
3302 3180 3437 3232 θεοῦ
3466 3181 3714 3243 ὲνώσεως

2129 3271 2266 3338 πρὸς
2296 3270 2384 3323 τὸν
2405 3269 2709 3340 ἄνθρωπον.
2733 3271 2807 3324 T0
2850 3272 2947 3342 μὲν
2975 3271 3083 3342 γὰρ
3111 3270 3425 3324 ὲδειλίασεν⁴
3453 3272 3502 3323 οἰ
3527 3269 3714 3324 πολλοὶ

2129 3361 2334 3431 γελοῖον
2364 3359 2499 3416 εἶναι
2523 3361 2778 3430 ἔφασκον,
2821 3363 2914 3415 τὸν
2945 3363 3002 3416 δὲ
3031 3362 3260 3416 θάνατον
3290 3365 3383 3417 καὶ
3423 3363 3710 3430 ἀπίθανον,

2127 3453 2226 3524 τὴν
2252 3453 2309 3506 δὲ
2341 3453 2534 3507 ἕνωσιν
2560 3453 2654 3507 καί
2681 3441 2953 3525 ἀπρεπέςζ
2982 3454 3250 3508 Ἦνῶσθαι
3287 3455 3396 3525 γὰρ
3425 3457 3484 3508 ὲν
3513 3457 3580 3527 τῇ
3612 3455 3713 3524 φό-

2131 3563 2212 3600 σει
2230 3545 2290 3598 τὺ
2312 3545 2452 3598 θεῖον
2477 3545 2618 3599 κατά
2642 3548 2836 3617 κρᾶσιν
2863 3546 2956 3599 καὶ
2989 3546 3200 3601 ἕνωσιν.
3237 3547 3375 3600 Ἀλλ’
3414 3549 3574 3619 ἡμεῖς
3598 3551 3714 3612 τοῖς

2129 3637 2432 3708 εὐδοκίμοις
2456 3637 2636 3690 αὐτῶν
2663 3639 2998 3710 χρησάμενοι
3041 3639 3331 3710 μάρτυσιν,
3350 3639 3713 3711 ἀποδιδόμεθα

2127 3727 2226 3798 τὴν
2252 3727 2452 3782 αἰτίαν.
2475 3727 2709 3795 Λέγεται
2753 3728 2808 3780 δὲ
2843 3729 2995 3800 παρά
3017 3747 3148 3795 τισι,
3186 3731 3280 3784 καὶ
3334 3729 3572 3802 μάλιστα
3601 3733 3715 3798 τοῖς

2128 3819 2499 3890 Εύνομιανοῖς,
2532 3819 2768 3890 ἡνῶσθαι
2789 3821 2882 3874 τὸν
2914 3821 3047 3875 Θεὸν
3085 3823 3254 3892 Λόγον
3283 3825 3361 3895 τῷ
3392 3823 3630 3896 σώματι,
3648 3828 3711 3880 ού

2130 3912 2248 3967 κατ’
2286 3910 2498 3974 οὐσίαν,
2541 3910 2677 3963 ἀλλὰ
2720 3910 2862 3965 κατὰ
2891 3911 2991 3974 τὰς
3025 3913 3288 3983 ἑκατέρας
3321 3914 3599 3985 δυνάμεις.
3635 3917 3711 3972 Οὐ

2128 4000 2237 4072 γὰρ
2288 3996 2426 4055 εἷναι
2464 4000 2563 4064 τὰς
2602 4001 2791 4064 οὐσίας
2831 4001 2930 4066 τὰς
2975 4003 3265 4069 ένωθείσας
3304 4005 3337 4076 ἢ
3389 4006 3709 4076 κραθείσας,

2129 4092 2266 4146 ἀλλὰ
2308 4092 2410 4156 τὰς
2439 4077 2694 4162 δυνάμεις
2719 4093 2812 4147 τοῦ
2860 4093 3111 4165 σώματος
3138 4100 3259 4161 ταῖς
3295 4097 3557 4169 δυνάμεσι
3588 4103 3711 4166 ταῖς

2131 4184 2302 4248 θείαις
2327 4186 2772 4256 συγκεκρᾶσθαι·
2801 4187 3060 4258 δυνάμεις
3085 4188 3142 4242 δὲ
3173 4189 3266 4242 τοῦ
3291 4190 3543 4260 σώματος
3577 4208 3713 4245 παν-

2130 4274 2218 4336 τὸς
2251 4273 2424 4344 δήπου
2452 4274 2546 4326 τοῦ
2587 4276 2899 4345 ὀργανικοῦ,
2933 4278 3052 4332 κατ’
3097 4280 3492 4352 Ἀριστοτέλην,
3519 4282 3709 4350 λέγου-

454 4370 548 4418 aut
583 4364 771 4418 mistas
801 4378 925 4418 esse
955 4362 1315 4422 contendunt,
1345 4361 1440 4415 sed
1469 4359 1756 4416 facultates
1777 4361 2023 4430 Corporis

2133 4359 2215 4418 σιν
2248 4361 2384 4418 εἶναι
2411 4364 2510 4428 τὰς
2525 4366 2823 4437 αἰσθήσεις.
2843 4368 3082 4434 Ταύταις
3102 4365 3195 4423 οὖν
3214 4372 3269 4423 αἱ
3297 4372 3438 4425 θεῖαι
3453 4373 3712 4443 δυνάμεις

453 4456 655 4512 divinis
709 4455 1060 4509 facultatibus
1118 4453 1460 4509 commistas.
1510 4451 1685 4508 Porro
1738 4452 2024 4509 facultates

458 4545 707 4617 corporis
749 4546 992 4616 cujusvis
1018 4545 1287 4615 organici,
1325 4544 1573 4599 videlicet
1614 4559 1678 4599 ex
1705 4544 2045 4610 Aristotele...

446 4639 638 4692 dicunt
664 4653 784 4693 esse
814 4653 1031 4694 sensus.
1059 4636 1156 4691 llis
1177 4652 1306 4707 ergo
1333 4637 1531 4691 divina:
1559 4636 1848 4692 facultates
1875 4652 2026 4692 com-

444 4729 620 4783 tnistae
660 4730 912 4784 unionem
941 4729 1098 4798 juxta
1131 4728 1280 4799 ἱρεος
1314 4727 1598 4794 efficiunt;
1643 4742 1832 4780 verum
1864 4741 2026 4782 neruo

443 4820 598 4892 ipsis,
629 4824 844 4891 ορίηοΓ,
863 4823 1226 4888 concesserit,
1275 4822 1428 4892 quod
1481 4837 1679 4877 sensus
1729 4836 2026 4890 corporeas

445 4914 732 4967 facultates
761 4925 1110 4967 assevereut:
1161 4915 1363 4968 etenim
1409 4913 1478 4968 iis
1518 4927 1638 4984 qua:
1668 4928 1834 4982 supra
1877 4912 2023 4967 dixi-

445 5021 589 5067 mus,
626 5005 727 5058 ista
758 5015 943 5074 aperte
989 5006 1250 5061 distincta
1287 5017 1436 5068 sunt,
1467 5020 1718 5076 quaenam
1764 5003 2022 5057 nimirum

442 5096 663 5168 prOpria
717 5097 964 5165 corporis
1008 5098 1142 5162 sint,
1187 5113 1438 5169 quamam
1489 5099 1705 5164 animae,
1759 5096 2024 5150 nonnulla

441 5206 572 5245 vero
604 5188 894 5258 utriusque
928 5189 1130 5244 simul:
1168 5199 1332 5260 atque
1359 5192 1414 5245 in
1458 5191 1696 5260 propriis
1738 5189 2025 5259 utriusque

443 5297 641 5339 sensus
671 5284 1039 5338 instrumenta
1081 5282 1400 5338 dicebamus
1451 5284 1903 5355 iucurporeorum
1939 5282 2024 5336 in-

440 5373 672 5430 confuse
713 5373 970 5429 unionem
1013 5371 1384 5428 essentiarum
1426 5372 1565 5435 ﬁeri,
1617 5389 1741 5427 cum
1785 5357 2024 5428 diviniOr

443 5469 596 5522 nullo
620 5469 782 5524 modo
811 5451 1121 5524 olfcndatur
1163 5464 1234 5520 ab
1273 5462 1565 5526 inferiore,
1620 5465 1728 5520 imo
1760 5464 1874 5519 haec
1903 5472 2024 5530 tan-

443 5567 560 5616 tum
589 5560 884 5630 adjuvetur
919 5576 948 5615 a
989 5559 1296 5616 diviniorc:
1353 5555 1796 5628 quandoquidem
1829 5565 2022 5612 natura

391 5729 396 5734 _
443 5665 580 5719 pure
610 5651 937 5722 incorporea
963 5652 1146 5709 omnia
1170 5653 1393 5724 impune
1424 5647 1713 5722 pervolitat
1745 5647 1851 5705 late
1878 5649 2017 5717 loca,

2131 4456 2558 4527 συγκιρνάμεναι
2585 4457 2684 4526 τὴν
2711 4457 2904 4511 ἕνωσιν
2930 4459 3337 4528 ἀπειργάσαντο
3357 4462 3708 4526 κατάὐτούς.

2129 4548 2315 4611 Οὐδεὶς
2347 4548 2404 4601 δὲ
2427 4548 2494 4601 ἂν
2535 4549 2738 4612 αὐτοῖς,
2771 4544 2947 4620 οἶμαι,
2976 4553 3350 4623 συγχωρήσειε
3385 4553 3485 4616 τάς
3516 4553 3710 4623 αἰσθή-

2129 4657 2240 4703 σεις
2271 4639 2586 4710 σωματικὰς
2610 4641 2866 4712 δυνάμεις
2889 4643 3385 4714 ἀποφαινομένοις.
3416 4643 3711 4716 Διώρισται

2126 4731 2234 4801 γὰρ
2258 4732 2316 4783 ἐν
2359 4734 2472 4794 τοῖς
2508 4731 2815 4803 ἔμπροσθεν
2852 4732 3060 4801 σαφῶς,
3099 4733 3219 4787 τίνα
3257 4736 3355 4804 μὲν
3385 4736 3494 4790 ἴδια
3519 4735 3708 4806 σώμα-

2125 4839 2245 4885 τος,
2286 4823 2408 4874 τίνα
2439 4822 2494 4874 δὲ
2528 4823 2710 4894 ψυχῆς
2732 4862 2749 4890 ,
2784 4825 2906 4879 τίνα
2945 4825 3001 4878 δὲ
3034 4825 3126 4878 τοῦ
3160 4827 3570 4897 συναμφοτέρου
3615 4829 3711 4882 καὶ

2126 4916 2183 4967 ἐν
2216 4915 2328 4976 τοῖς
2369 4912 2519 4977 ἰδίοις
2568 4915 2660 4969 τοῦ
2717 4917 3130 4987 συναμφοτέρου
3176 4918 3274 4980 τὰς
3317 4917 3714 4988 αἰσθήσεις,τά

2125 5004 2330 5074 ὄργανα
2389 5004 2647 5076 ἐλέγομεν
2697 4992 2804 5060 τῶν
2847 5009 3154 5078 ἀσωμάτων
3178 5050 3193 5074 ,
3232 5009 3555 5080 ἀσυγχύτως
3612 5012 3712 5080 τὴν

2124 5095 2318 5151 ἕνωσιν
2349 5099 2456 5151 τῶν
2488 5099 2682 5152 οὐσιῶν
2727 5101 2991 5168 γίνεσθαι,
3043 5102 3208 5171 μηδὲν
3247 5103 3712 5174 παραϐλαπτομέ-

2125 5205 2223 5260 νης
2243 5190 2341 5260 τῆς
2371 5189 2644 5262 θειοτέρας
2667 5193 2731 5246 ὲκ
2752 5193 2851 5263 τῆς
2875 5192 3268 5265 ὑποδεεστέρας
3287 5233 3301 5259 ,
3345 5195 3480 5248 ἀλλὰ
3507 5197 3714 5266 ταύτης

2129 5280 2288 5352 μόνον
2339 5281 2723 5352 ῶφελουμένης
2765 5285 2830 5336 ὲκ
2880 5283 2979 5354 τῆς
3036 5283 3315 5355 θειοτέρας
3352 5303 3367 5319 ·
3411 5287 3646 5358 ἐπείπερ
3676 5289 3711 5358 ἡ

2125 5371 2380 5444 καθαρῶς
2415 5373 2702 5444 ἀσώματος
2741 5374 2901 5442 φύσις
2946 5380 3115 5448 χωρεῖ
3154 5377 3254 5447 μὲν
3296 5379 3590 5443 ἀκωλύτως
3626 5379 3718 5435 διὰ

2125 5468 2363 5532 πάντων,
2404 5467 2470 5520 δι’
2496 5467 2666 5537 αὐτῆς
2689 5467 2745 5521 δὲ
2771 5457 2924 5522 οὐδέν
2950 5487 2962 5500 υ
2998 5469 3136 5524 ὥστε
3165 5472 3226 5524 τὺ
3258 5472 3358 5542 μὲν
3395 5475 3595 5544 χωρεῖν
3616 5473 3717 5528 αὑ·-

2124 5558 2222 5630 τὴν
2253 5559 2340 5612 διά
2377 5557 2594 5611 πάντων
2626 5557 2902 5629 ἡνῶσθαι,
2928 5561 2990 5614 τὸ
3023 5561 3075 5615 δὲ
3119 5563 3285 5634 μηδὲν
3314 5563 3384 5618 δι’
3405 5565 3575 5637 αὐτῆς
3612 5566 3716 5634 μέ·

2126 5667 2236 5704 νειν
2287 5649 2516 5720 ἄμικτον
2549 5651 2643 5706 καὶ
2686 5651 3006 5724 ἁσύγχυτον.
3047 5655 3158 5708 Ούκ
3215 5655 3432 5728 εὐδοκία
3475 5657 3656 5713 τοίνυν
3694 5660 3721 5712 0
