4046 6156
313 251 421 306 εει
1585 251 1891 308 ΕΡΙΒΤΟΙΑ

1997 251 2318 309 ANONICA.
2986 300 2991 306 .
3470 258 3577 313 22⁸2

314 370 495 433 τύπος
526 367 626 438 τῆς
653 364 921 433 ἑνὼσεως,
947 366 1021 430 ὥς
1052 383 1158 419 τισι
1186 366 1295 419 τῶν
1321 365 1546 432 ἐνδόξων
1579 368 1785 439 ἀνδρῶν
1816 369 1891 422 8o-

2009 378 2060 423 et
2097 385 2191 438 per
2232 369 2404 438 ipsam
2450 367 2585 421 nihil
2621 374 2897 437 penetrat:
2953 368 3027 422 ita
3072 378 3133 423 ut
3163 371 3247 426 vis
3291 369 3380 424 illa
3410 386 3579 441 pene-

316 459 579 514 κεί·ἁλλ’
608 459 642 528 ἡ
664 457 827 527 φύσις
852 456 1018 510 αἰτία.
1055 454 1128 509 Τὸ
1156 456 1254 524 μὲν
1288 456 1395 528 γὰρ
1429 457 1715 511 ἀναλαϐεῖν
1750 459 1891 529 σῶμα

2014 460 2194 513 trandi
2220 475 2316 529 per
2336 460 2519 513 omnia
2549 459 2791 522 uniatur,
2824 460 3000 513 virtus
3031 473 3157 513 vero
3185 474 3292 529 qua
3320 460 3453 513 nihil
3485 476 3579 530 per

317 553 445 604 κατ’
470 547 719 602 εὐδοκίαν
740 548 884 601 εἰποι
909 562 994 609 τις
1015 545 1079 600 ἂν
1103 546 1339 614 εὐλόγως
1376 548 1699 617 γεγενῆσθαι
1723 566 1735 579 ·
1768 550 1826 602 τὸ
1851 549 1891 602 δὲ

2006 551 2179 619 ipsam
2215 551 2434 612 transit,
2461 557 2676 604 maneat
2699 550 2930 603 illibata.
2960 548 3325 614 Quamobrem
3359 552 3580 607 unionis

316 640 632 710 ἑνούμενον,
660 638 763 710 [μὴ
812 638 1034 701 καὶτὰς
1081 636 1465 708 καταϐάσειςο]
1483 634 1641 693 εἶναι.
1693 640 1891 693 Βέλτιοπ

2006 641 2201 696 modus
2237 656 2346 695 non
2385 640 2450 693 ad
2479 639 2734 709 placitum
2766 647 2871 705 est,
2902 648 2961 693 ut
2994 639 3318 709 quibusdam
3351 640 3579 696 illustri-

314 729 434 797 οὖν,
465 731 543 794 ὡς
569 729 911 801 προείρηται,
936 728 1075 782 κατὰ
1092 729 1188 799 τὴν
1208 729 1414 782 οἰκείαν
1435 728 1612 797 φύσιν.
1634 730 1771 792 Τοὺς
1800 730 1891 801 γὰρ

2006 731 2108 787 bus
2143 732 2275 787 viris
2311 731 2544 796 videtur,
2581 730 2677 785 sed
2721 739 2915 783 natura
2943 744 3109 786 causa
3139 729 3405 801 est._Nam
3433 730 3578 801 quod

320 821 567 892 βαθμοὺς
592 799 701 872 τῶν
730 799 939 890 ψυχῶν,
979 820 1073 873 καὶ
1118 819 1217 882 τὰς
1243 819 1553 883 ἀναϐάσεις,
1584 820 1649 882 ἃς
1692 799 1891 890 Ὠριγέξ

2009 825 2369 893 assumpserit
2424 836 2626 891 corpus
2673 836 2741 877 ex
2792 822 3152 891 beneplacito,
3211 799 3410 876 factum
3455 838 3579 878 esse

319 930 417 983 νης
447 912 659 977 εἰσάγει
678 952 693 977 ,
735 912 902 982 μηδὲν
942 911 1267 981 συναδούσας
1294 913 1410 972 ταῖς
1440 910 1609 973 θείαις
1638 912 1891 981 Γραφαῖς,

2004 915 2128 983 jure
2160 914 2354 968 merito
2381 916 2505 984 quis
2543 915 2727 969 dicere
2752 914 2948 984 possit,
2978 914 3124 984 quod
3161 923 3338 969 autem
3368 916 3575 978 unitur,

319 1005 456 1074 μηδὲ
522 1003 903 1074 προσηκούσας
955 1005 1066 1066 τοῖς
1100 1001 1206 1055 τῶν
1260 1001 1597 1073 Χριστιανῶν
1628 1001 1891 1071 δόγμασι,

2009 1020 2117 1059 nou
2145 1006 2443 1059 secundum
2472 1006 2770 1061 descensus
2798 1021 2956 1060 esse:
2991 1006 3220 1075 proinde
3263 1006 3480 1070 melius,
3516 1014 3577 1060 ut

315 1114 393 1148 πα
404 1096 739 1165 ραλειπτὲον.

2008 1104 2133 1151 ante
2158 1098 2363 1151 dictum
2392 1107 2497 1164 est,
2528 1097 2682 1166 juxta
2705 1097 2979 1166 propriam
3005 1107 3279 1150 naturam.
3304 1096 3574 1151 Caeterum

314 1192 625 1245 animarum
667 1188 873 1258 gradus
904 1195 957 1242 et
994 1201 1256 1242 ascensus
1309 1192 1363 1240 et
1412 1186 1713 1261 descensus
1765 1203 1902 1256 quos
1940 1188 2203 1259 Origenes
2249 1189 2481 1252 inducit,
2538 1197 2598 1243 ut
2678 1188 2827 1242 nulla
2895 1188 2953 1242 in
3000 1203 3057 1243 re
3093 1187 3295 1243 divinis
3344 1189 3574 1258 eloquiis

314 1284 694 1347 concinentes,
760 1280 1423 1351 neque-Christianorum
1476 1278 1710 1333 decretis
1766 1291 2155 1351 congruentes,
2188 1283 2606 1351 praetermittere
2637 1296 2734 1351 par
2768 1288 2872 1337 est.

1597 1493 3550 1524 Ἥ

325 1495 1663 1525 m—

1638 1653 1864 1738 ΤΟΥ
1918 1650 2293 1739 ΑΥΤΟΥ

1058 1862 1856 1984 ΕΠΙΣΤΟΛΗ

1992 1868 2210 2001 ΚΑ
2226 1866 2850 1983 ΝΟΝΙΚΗ

951 2080 1131 2137 ΠΡΟΣ
1182 2082 1320 2136 ΤΟΝ
1363 2082 1456 2136 EN
1491 2081 1712 2135 ΑΓΙΟΙΣ
1748 2080 2054 2133 ΛΗΤΟΙΟΝ
2087 2080 2485 2134 ΕΠΙΣΚΟΠΟΝ
2516 2081 2922 2137 ΜΕΛΙΤΙΝΗΣ.

1256 2403 1796 2493 EJUSDEM
1873 2401 1968 2491 S.
2022 2398 2603 2494 GREGORII

1036 2637 1848 2757 EPISTOLA

1998 2633 2854 2749 CANONICA

1246 2875 1336 2927 AD
1379 2873 1435 2927 s.
1477 2863 2184 2926 LETOIUMMELITINES
2228 2864 2636 2924 EPISCOPUM.

1530 3187 1777 3237 Gentiano
1803 3186 2021 3235 Hervetu
2041 3187 2333 3247 interprete.

376 3494 480 3545 Ἓν
509 3489 607 3544 καὶ
632 3488 789 3543 τοῦτο
810 3486 918 3541 τῶν
939 3487 1017 3553 είς
1039 3487 1137 3559 τὴν
1161 3485 1322 3555 ἁγίαν
1352 3485 1542 3557 ἑορτὴν
1577 3484 1889 3539 συντελούν-

2066 3483 2222 3556 [Οαη.
2243 3484 2266 3538 l
2289 3493 2339 3538 et
2361 3481 2444 3555 2.]
2472 3480 2654 3538 Unum
2674 3480 2781 3567 hoc
2802 3496 3019 3553 quoque
3041 3488 3126 3538 est
3143 3496 3334 3537 eorum
3355 3497 3480 3554 quae
3500 3483 3570 3539 ad

306 3599 419 3636 των
450 3584 606 3647 ἐστὶ,
649 3581 710 3634 τὸ
761 3580 1095 3650 κατανοῆσαι
1127 3580 1274 3650 ἡμᾶς
1304 3578 1402 3649 τὴν
1435 3578 1656 3649 ἕννομόν
1697 3596 1756 3631 τε
1799 3578 1893 3631 καὶ

313 3674 605 3744 κανονικὴν
656 3674 748 3726 ἐπὶ
789 3671 899 3725 τῶν
954 3670 1494 3742 πεπλημμεληκότων
1544 3670 1853 3741 οἰκονομίαν
1875 3684 1890 3700 ·

310 3765 461 3828 ὅπως
486 3764 553 3817 ἂν
580 3761 949 3833 θεραπευθείη
972 3762 1077 3815 πᾶν
1104 3760 1442 3832 ἀρρώστημα
1467 3758 1787 3830 ψυχικὸν,τὸ
1807 3758 1895 3812 διά

309 3872 457 3918 τινος
485 3855 759 3925 ἁμαρτίας
781 3854 1175 3923 ἐπιγινόμενον.
1205 3850 1427 3922 Ἐπειδὴ
1446 3850 1553 3921 γὰρ
1577 3851 1609 3921 ή
1633 3849 1892 3919 καθολικὴ

310 3947 408 3999 καὶ
451 3944 594 4013 αὕτη
637 3943 738 4013 τῆς
795 3943 1021 4006 κτίσεως
1062 3942 1222 4013 ἑορτὴ
1254 3940 1395 3995 κατὰ
1429 3941 1529 4010 τὴν
1557 3939 1893 4009 τεταγμένην

310 4036 562 4107 περίοδον
587 4034 679 4087 τοῦ
719 4034 1047 4088 ἐνιαυσιαίου
1092 4033 1293 4087 κύκλου
1323 4032 1445 4086 καθ’
1479 4032 1706 4084 ἕκαστον
1752 4031 1890 4097 ἐτος,

307 4128 367 4180 ἐν
418 4124 583 4177 παντὶ
632 4123 979 4195 πληρουμένη
1025 4121 1101 4192 τῷ
1152 4122 1372 4192 κόσμῳ,
1419 4121 1512 4173 ἐπὶ
1544 4123 1607 4191 τῇ
1653 4118 1893 4172 ἀναστά-

310 4234 394 4270 σει
422 4216 518 4269 τοῦ
561 4215 911 4278 πεπτωκότος
950 4213 1274 4267 ἐπιτελεῖται
1308 4227 1322 4242 ·
1359 4210 1564 4281 πτῶσις
1589 4210 1647 4264 δέ
1679 4211 1825 4263 ἐστιν
1857 4210 1890 4280 ἡ

308 4308 557 4379 ἁμαρτία
573 4326 585 4337 ·
619 4307 914 4369 ἀνάστασις
937 4305 992 4357 δὲ
1015 4308 1047 4374 ἡ
1069 4305 1133 4357 ἐκ
1159 4303 1250 4357 τοῦ
1274 4302 1564 4372 πτώματος
1591 4302 1690 4372 τῆς
1714 4303 1894 4373 ἁμαρο

307 4402 432 4463 τίας
492 4398 825 4469 ἁνόρθωσις·
871 4396 1051 4459 καλῶς
1087 4395 1152 4449 ἂν
1205 4395 1316 4465 ἔχοι
1352 4394 1489 4447 κατὰ
1536 4394 1632 4463 τὴν
1680 4394 1892 4463 ἡμέραν

308 4491 539 4561 ταύτην,
586 4491 649 4542 οὐ
705 4488 864 4559 μόνον
900 4488 1025 4549 τοὺς
1054 4488 1117 4539 ἐκ
1145 4484 1558 4553 παλιγγενεσίας
1606 4501 1889 4554 μεταποι-

311 4580 662 4651 χειουμένους
716 4578 803 4632 διὰ
847 4576 945 4646 τῆς
981 4575 1072 4629 τοῦ
1104 4574 1331 4645 λουτροῦ
1376 4575 1596 4645 χάριτος
1640 4574 1719 4644 τῷ
1772 4573 1892 4645 Θεῷ

313 4671 636 4742 προσάγειν,
665 4668 802 4722 ἀλλὰ
831 4669 924 4721 καὶ
959 4670 1084 4732 τοὺς
1117 4668 1204 4721 διὰ
1242 4667 1343 4737 τῆς
1383 4666 1667 4736 μετανοίας
1703 4683 1763 4718 τε
1798 4666 1892 4719 καὶ

312 4761 650 4832 ἐπιστροφῆς
681 4761 791 4813 ἀπὸ
838 4758 946 4813 τῶν
986 4758 1193 4830 νεκρῶν
1243 4758 1419 4828 ἔργων
1455 4760 1534 4821 εἰς
1579 4758 1679 4827 τὴν
1714 4757 1892 4821 ζῶσαν

1996 3583 2247 3631 sanctum
2271 3573 2468 3630 festum
2487 3574 2803 3641 conferunt,
2826 3578 2871 3632 si
2890 3592 2991 3633 nos
3007 3576 3381 3647 intelligamus
3398 3578 3577 3650 legiti-

1994 3683 2140 3721 mam
2168 3675 2224 3721 et
2250 3667 2572 3723 canonicam
2598 3668 2652 3720 in
2672 3666 2740 3722 iis
2758 3668 2851 3738 qui
2874 3671 3571 3740 peccaruntmconomiam,

1996 3771 2054 3815 ut
2086 3768 2311 3815 curetur
2357 3761 2538 3815 omnis
2577 3761 2804 3816 morbus
2849 3762 3045 3815 animae
3082 3762 3174 3832 qui
3211 3777 3310 3833 per
3348 3761 3572 3834 aliquod

1994 3860 2279 3923 peccatum
2322 3852 2545 3906 accidit.
2580 3852 2850 3918 Quoniam
2882 3853 3029 3908 enim
3077 3853 3181 3909 hoc
3220 3863 3305 3910 est
3344 3856 3572 3910 univer-

1995 3945 2109 4001 sale
2181 3944 2382 3999 l‘estum
2414 3945 2738 4009 crcatlonis,
2778 3945 2925 4015 quod
2965 3945 3021 4000 in
3055 3946 3365 4016 praestituto
3402 3947 3571 4002 annui

1994 4037 2188 4092 circuli
2224 4036 2454 4100 ambitu,
2487 4038 2723 4108 singulis
2756 4038 2917 4093 annis
2959 4037 3014 4091 in
3046 4039 3306 4093 universo
3341 4039 3565 4105 mundo,

1993 4135 2217 4196 propter
2250 4126 2369 4194 ejus
2399 4125 2489 4195 qui
2521 4126 2797 4180 ceciderat
2828 4127 3312 4189 resurrectionem,
3349 4127 3565 4197 peragi-

1995 4226 2084 4269 tur
2119 4221 2316 4287 (casus
2351 4223 2534 4271 autem
2584 4222 2669 4270 est
2715 4225 3022 4285 peccatum,
3059 4216 3389 4270 resurrectio
3415 4232 3567 4284 vero,

1992 4322 2057 4361 ex
2090 4308 2296 4375 peccati
2324 4321 2456 4361 casu
2479 4308 2737 4377 erectio),
2758 4314 2905 4363 recte
2931 4306 3203 4370 habuerit,
3233 4308 3278 4361 si
3304 4306 3571 4363 hodierno

1993 4397 2081 4452 die
2104 4413 2213 4451 non
2240 4397 2417 4451 solum
2448 4413 2544 4452 eos
2565 4398 2659 4467 qui
2688 4412 2755 4450 ex
2787 4396 3207 4466 regeneratione
3238 4411 3337 4466 per
3362 4397 3570 4451 lavacri

1993 4487 2226 4558 gratiam
2276 4486 2633 4539 transmutati
2668 4493 2817 4548 sunt,
2874 4484 2939 4538 ad
2985 4483 3154 4538 Deum
3210 4484 3567 4553 adducamus,

1995 4577 2091 4632 sed
2125 4592 2221 4632 eos
2266 4576 2431 4631 etiam
2468 4575 2561 4645 qui
2602 4590 2699 4645 per
2734 4574 3117 4645 pcnnitentiam
3148 4582 3204 4630 et
3251 4574 3569 4629 conversio-

1994 4685 2141 4733 nem,
2184 4683 2214 4721 a
2238 4668 2474 4723 mortuis
2504 4667 2764 4736 operibus
2796 4666 2862 4720 ad
2895 4667 3170 4721 viventem
3197 4667 3341 4721 viam
3377 4681 3569 4723 ascen-

1994 4760 2151 4823 dunt,
2184 4759 2251 4813 ad
2282 4774 2433 4829 spem
2459 4773 2579 4826 qua:
2600 4758 2782 4813 salvos
2802 4773 2897 4813 eos
2932 4757 3097 4811 faciat
3122 4764 3377 4827 tanquam
3401 4774 3565 4813 manu

309 4852 432 4905 ὁδὸν
455 4852 615 4906 πάλιν
633 4851 976 4915 ἐπανιόντας,
1003 4852 1098 4905 καὶ
1123 4851 1345 4914 τούτους
1370 4854 1727 4922 χειραγωγεῖν
1754 4852 1891 4923 πρὸς

1998 4850 2356 4915 deducamus,
2392 4866 2420 4904 a
2448 4865 2556 4920 qua
2585 4865 2681 4920 per
2708 4858 2995 4929 peccatum
3036 4848 3255 4903 alienati
3284 4856 3431 4904 sunt.
3460 4848 3569 4904 Nec

310 4943 415 5013 τὴν
445 4943 719 5007 σώζουσαν
744 4943 960 5005 ἐλπίδα,
990 4937 1056 5012 ἧς
1080 4942 1169 4995 διὰ
1195 4944 1294 5013 τῆς
1326 4943 1595 5014 ἁμαρτίας
1618 4942 1893 5009 ἀπεξενῶ-

311 5034 504 5105 (ὶησαν.
541 5034 768 5087 Ἔστιδὲ
796 5034 859 5087 οὐ
885 5034 1074 5105 μικρὸν
1098 5034 1276 5104 ἔργον,
1303 5034 1363 5087 τὸ
1387 5036 1510 5097 τοὺς
1540 5036 1665 5106 περὶ
1690 5034 1896 5088 τούτων

308 5128 503 5196 λόγους
525 5127 879 5198 οἰκονομῆσαι
905 5126 963 5179 ὲν
989 5129 1054 5198 τῇ
1082 5126 1215 5198 ὀρθῇ
1249 5143 1309 5179 τε
1344 5130 1438 5178 καὶ
1461 5125 1893 5197 δεδοκιμασμένῃ

311 5220 519 5291 κρίσει,
555 5218 695 5271 κατὰ
734 5219 798 5271 τὸ
847 5217 1209 5289 παράγγελμα
1255 5217 1349 5270 τοῦ
1383 5218 1690 5287 Προφήτου,
1715 5217 1773 5269 τὸ
1799 5234 1894 5270 κε-

305 5308 463 5366 λεῦον
495 5312 607 5365 δεῖν
653 5311 990 5380 οἰκονομεῖν
1038 5310 1179 5376 τὸυς
1201 5313 1424 5379 λόγους
1446 5310 1517 5363 ἐν
1538 5309 1753 5377 κρίσει,
1778 5309 1885 5373 ἵνα,

311 5403 495 5466 καθὼς
526 5400 720 5472 ἔχειτὸ
745 5400 944 5469 λὰγιον,
972 5399 1127 5465 μήτε
1148 5398 1419 5467 σαλευθῄ
1433 5401 1518 5465 εἰς
1542 5398 1649 5452 τὸν
1681 5398 1883 5463 αἰῶνα,

307 5495 409 5549 καὶ
460 5496 553 5560 εἰς
601 5494 1006 5563 μνημόσυνον
1053 5493 1287 5546 αἰώνιον
1345 5491 1581 5559 γένηται
1640 5490 1884 5557 δίκαιος.

376 5666 421 5697 ⁸³
451 5664 595 5723 Ρδειί
634 5680 754 5731 cn,
798 5663 833 5718 9
858 5679 980 5733 sqq.

1996 4956 2103 5009 que
2129 4954 2262 4994 vero
2293 4953 2521 5010 parvum
2556 4952 2694 5008 opus
2727 4945 2829 4999 est,
2866 4952 2950 5003 ea,
2986 4952 3108 5006 qua:
3136 4936 3205 4991 de
3238 4939 3312 4993 iis
3340 4938 3570 4993 dicenda

1998 5041 2147 5096 sunt,
2177 5032 2232 5085 in
2269 5041 2421 5085 recto
2451 5037 2505 5084 et
2543 5029 2772 5097 probato
2797 5027 3006 5095 judicio
3036 5028 3380 5098 dispensare,
3412 5028 3570 5098 juxta

1998 5106 2331 5194 praeceptum
2366 5118 2671 5189 Propbctm,
2707 5118 2854 5187 quod
2888 5118 3043 5188 jubet
3078 5127 3333 5188 oportere
3365 5134 3568 5171 scrmoq

1997 5232 2085 5268 nes
2128 5213 2441 5281 dispensare
2490 5211 2545 5265 in
2564 5210 2795 5278 Judicz'o,
2834 5217 2894 5264 ut
2917 5208 3375 5280 quemadmodum
3406 5206 3570 5260 habet

1995 5306 2236 5359 divinum
2269 5302 2587 5365 oraculum,
2631 5318 2735 5355 non
2771 5312 3042 5355 moveatur
3082 5301 3138 5353 in
3177 5307 3432 5353 aeternum
3457 5337 3471 5361 ,
3508 5308 3559 5351 et

1994 5397 2050 5451 in
2069 5406 2267 5450 wterna
2288 5393 2543 5448 memoria
2561 5393 2631 5447 sit
2646 5391 2824 5462 justus
2836 5390 2902 5443 ⁸³.
2927 5385 3397 5454 Quemadmodum
3420 5388 3567 5443 enim

1996 5488 2157 5543 etiam
2191 5487 2246 5541 in
2282 5485 2555 5557 corporali
2607 5484 2839 5547 medela,
2879 5493 3050 5537 unum
3091 5487 3175 5534 est
3216 5477 3436 5549 quidem
3481 5477 3568 5537 in-
