4066 6146
438 254 543 309 225

1665 231 1720 287 S.
1762 230 2088 287 ῦιιεαοιιιι
2128 230 2419 285 NYSSENI

3580 226 3705 283 224

444 362 690 415 stitutum
715 352 1017 412 medicina,
1043 363 1240 404 sanare
1262 364 1386 404 eum
1410 350 1503 417 qui
1537 350 1770 411 laborat,
1798 348 2009 401 varium

2133 346 2324 418 Ὠσπερ
2350 348 2456 416 γὰρ
2484 347 2575 399 καὶ
2601 346 2689 398 ἐπὶ
2719 346 2817 415 τῆς
2847 346 3161 415 σωματικῆς
3187 343 3501 414 θεραπείας,
3528 348 3556 398 ὁ
3589 346 3701 415 μὲν

446 457 626 502 autem
662 452 745 499 est
788 439 1091 497 curationis
1136 455 1309 509 genus
1354 443 1483 507 (pro
1515 439 1829 493 morborum
1869 439 2012 492 enim

447 537 731 596 varietate,
780 529 1170 583 convenienter
1218 542 1436 596 quoque
1473 525 1756 580 medicina:
1806 524 2016 578 metho-

447 630 552 682 dus
600 641 664 679 ac
716 621 1011 690 disciplina
1069 618 1369 687 unicuique
1420 616 1611 670 morbo
1660 615 2013 685 applicatur),

448 718 521 770 ita
556 730 677 769 cum
704 714 873 766 multa
899 712 970 767 sit
1002 712 1055 765 in
1084 710 1291 765 morbis
1317 724 1533 779 quoque
1556 709 1751 763 animae
1780 707 2020 762 affectio-

447 818 577 856 num
618 803 879 864 varietas,
910 799 1266 853 multiformis
1298 814 1517 868 quoque
1556 798 1866 852 necessario
1902 797 2018 850 fue-

446 895 520 949 rit
559 894 768 947 medica
798 892 1032 956 curatio,
1090 890 1158 944 ad
1189 889 1498 944 affectionis
1548 890 1815 943 rationem
1852 888 2020 941 medi-

449 988 629 1040 cinam
666 999 950 1039 exercens.
989 981 1058 1036 Ut
1105 983 1175 1035 sit
1206 990 1388 1035 autem
1440 989 1557 1035 arte
1594 981 1777 1050 aliqua
1826 994 2020 1048 proce—

450 1079 586 1131 deus
623 1077 917 1145 proposita:
948 1072 1268 1144 quastionis
1298 1071 1610 1137 methodus,
1654 1086 1768 1127 rem
1802 1071 1875 1123 ita
1908 1077 2020 1123 tra-

453 1169 741 1222 ctabimus.
804 1184 805 1195 π

525 1354 654 1408 Tria
714 1359 841 1406 sunt
877 1367 997 1420 quae
1049 1350 1103 1403 in
1145 1350 1323 1403 anima
1378 1356 1565 1403 nostra
1605 1344 2023 1400 considerantur

457 1446 752 1502 secundum
790 1444 1018 1515 primam
1036 1443 1398 1497 divisionem:
1436 1441 1593 1501 ratio,
1627 1437 2023 1506 concupiscen-

457 1540 555 1600 tia,
596 1546 649 1592 et
685 1538 785 1590 ira.
836 1535 891 1589 ln
938 1535 1006 1589 iis
1054 1543 1180 1588 sunt
1212 1542 1265 1586 et
1312 1542 1461 1587 recte
1516 1531 1655 1584 facta
1702 1543 1889 1582 eorum
1931 1526 2025 1595 qui

457 1647 523 1684 cx
562 1628 753 1682 virtute
796 1627 1003 1691 vivunt,
1044 1632 1098 1679 et
1145 1623 1345 1678 delicta
1389 1638 1661 1691 casusque
1695 1634 1883 1675 eorum
1930 1616 2023 1687 qui

458 1723 523 1775 ad
577 1720 767 1775 vitium
818 1717 1156 1770 dilabuntur.
1207 1715 1572 1781 Quamobrem
1628 1718 1842 1781 oportet
1901 1724 2023 1763 eum

457 1814 548 1882 qui
580 1811 864 1879 aegrotanti
892 1810 1087 1863 anima:
1125 1808 1267 1878 parti
1310 1807 1724 1861 convenientem
1762 1801 2025 1856 medelam

456 1911 540 1954 est
600 1900 985 1961 adhibiturus,
1035 1897 1188 1967 prius
1268 1894 1487 1966 quidem
1546 1892 1895 1948 considerare
1973 1889 2027 1941 in

458 2007 696 2062 quonam
765 1990 1023 2046 consistit
1080 1988 1332 2051 affectio,
1384 1985 1580 2040 deinde
1631 1984 1712 2038 sic
1757 1981 2029 2037 laboranti

460 2083 873 2137 convenientem
912 2079 1173 2133 medelam
1203 2078 1497 2146 applicare,
1548 2090 1617 2127 ne
1663 2079 1884 2143 propter
1916 2085 2031 2123 me-

460 2173 596 2225 dicae
626 2170 930 2239 disciplina:
963 2166 1347 2236 ignorantiam,
1394 2165 1499 2217 alia
1547 2162 1767 2232 quidem
1802 2162 1875 2215 sit
1902 2175 2030 2231 pars

460 2279 581 2332 qua:
628 2269 874 2332 aegrotat,
935 2260 1039 2311 alia
1080 2272 1208 2311 vero
1248 2256 1333 2309 cui
1370 2265 1455 2310 est
1498 2254 1742 2308 adhibita
1789 2253 2027 2307 medela:

464 2357 609 2409 sicut
662 2362 809 2408 certe
847 2352 1052 2405 multos
1092 2350 1345 2403 videmus
1380 2345 1642 2410 medicos,
1677 2346 1768 2416 qui
1811 2355 2032 2415 propter

461 2452 640 2521 primo
690 2450 897 2505 affectae
937 2450 1108 2519 partis
1165 2448 1564 2518 ignorationem
1610 2446 1862 2500 morbum
1919 2444 2033 2499 suis

460 2542 875 2598 medicamentis
917 2541 1207 2608 adaugent.
1244 2537 1379 2591 Cum
1443 2538 1588 2591 enim
1637 2551 1778 2605 saepe
1803 2534 2033 2589 exsistat

462 2636 687 2689 morbus
715 2641 941 2703 propter
981 2631 1408 2686 dominationem
1462 2639 1517 2683 et
1556 2629 2032 2698 exsuperationem

463 2723 660 2785 calidi,
723 2721 980 2789 quoniam
1032 2718 1101 2772 iis
1146 2719 1241 2787 qui
1293 2725 1513 2787 propter
1568 2718 1790 2771 nimiam
1851 2716 2033 2785 frigidi

465 2811 852 2865 abundantiam
898 2811 1038 2864 male
1068 2809 1245 2871 affecti
1273 2818 1421 2871 sunt,
1460 2809 1591 2862 utile
1630 2814 1712 2861 est
1758 2807 1899 2877 quod
1944 2822 2035 2860 ca-

467 2900 649 2956 lefacit
697 2908 750 2954 et
800 2898 1074 2965 confovet,
1125 2899 1177 2952 id
1208 2898 1352 2968 quod
1389 2899 1495 2953 illis
1529 2914 1594 2952 ex
1632 2897 1843 2951 ratione
1880 2896 2036 2950 adbi-

2115 440 2315 501 σκοπὸς
2336 438 2434 506 τῆς
2464 437 2709 507 ἰατρικῆς
2728 431 2807 499 εἷς
2826 437 3037 498 ἐστι,τδ
3068 437 3285 503 ὑγιᾶναι
3324 434 3417 487 τὸν
3458 435 3710 505 κάμνον-

2115 547 2203 584 τα·
2222 532 2282 583 τὸ
2311 530 2365 582 δὲ
2390 527 2527 590 εἶδος
2546 529 2644 599 τῆς
2672 529 2983 598 ἐπιμελείας
3003 528 3283 597 διάφορον·
3310 526 3449 578 κατά
3469 526 3575 595 γὰρ
3592 525 3701 594 τὴν

2116 621 2386 675 ποικιλίαν
2418 621 2526 674 τῶν
2559 621 3006 692 ἀρρωστημάτων
3042 618 3395 688 καταλλήλως
3429 617 3522 669 καὶ
3549 619 3581 681 ἠ
3612 617 3707 668 θε-

2120 713 2422 783 ραπευτικὴ
2457 712 2674 782 μέθοδος
2708 711 2920 781 ἑκάστῳ
2952 711 3059 763 τῶν
3082 710 3401 779 νοσημάτων
3423 708 3703 778 προσάγε-

2117 822 2206 856 ται
2236 822 2248 834 ο
2281 803 2420 856 οὕτω
2450 803 2648 873 πολλῆς
2678 802 2842 872 οὔσης
2879 803 2971 854 καὶ
3005 802 3060 853 ἐν
3089 804 3154 871 τῇ
3183 802 3384 870 ψυχικῇ
3427 801 3565 869 νόσῳ
3594 802 3701 870 τῆς

2119 896 2227 948 τῶν
2245 897 2430 949 παθῶν
2454 897 2740 957 ποικιλίας,
2761 896 3069 964 ἀναγκαίως
3097 894 3376 965 πολυειδὴς
3407 896 3703 963 γενήσεται

2119 990 2152 1057 ἡ
2189 988 2552 1058 θεραπευτικὴ
2604 987 2918 1058 ἐπιμέλεια,
2955 986 3089 1055 πρὸς
3137 985 3291 1053 λόγον
3336 984 3428 1037 τοῦ
3490 985 3701 1047 πάθους

2122 1078 2415 1146 ἐνεργοῦσα
2459 1078 2558 1146 τὴν
2610 1076 2767 1129 ἴασιν.
2813 1077 2899 1138 Ὠς
2928 1075 3057 1129 δ’ἂν
3107 1073 3314 1141 γένοιτό
3357 1090 3438 1136 τις
3471 1072 3700 1143 τεχνικὴ

2126 1168 2344 1238 μέθοδος
2364 1168 2598 1239 περὶτοῦ
2623 1167 2983 1238 προκειμένου
3019 1166 3225 1236 προόλή
3235 1181 3416 1235 ματος,
3441 1164 3582 1217 οὕτω
3601 1162 3697 1216 τδν

2123 1259 2274 1326 λόγον
2308 1250 2696 1330 διαληψόμεθα.

2194 1353 2330 1422 Τρία
2383 1354 2497 1404 ἐστὶ
2531 1354 2597 1405 τὰ
2635 1354 2759 1422 περὶ
2794 1351 2890 1422 τὴν
2939 1350 3114 1421 ψυχὴν
3151 1348 3305 1419 ἡμῶν
3349 1347 3699 1420 θεωρούμενα

2125 1445 2264 1497 κατὰ
2305 1446 2403 1515 τὴν
2447 1444 2668 1516 πρώτην
2714 1446 2974 1515 διαίρεσιν
2995 1459 3007 1471 ·
3048 1444 3109 1495 τό
3137 1460 3196 1494 τε
3226 1442 3481 1509 λογικὸν,
3516 1441 3606 1492 καὶ
3636 1440 3698 1492 τὺ

2126 1534 2543 1604 ἐπιθυμητικὸν,
2586 1537 2680 1588 καὶ
2732 1535 2791 1588 τὸ
2843 1533 3137 1603 θυμοειδές.
3184 1533 3273 1587 Ἐν
3325 1532 3533 1593 τούτοις
3580 1530 3700 1583 ἐστὶ

2128 1628 2221 1679 καὶ
2242 1628 2311 1680 τὰ
2343 1628 2741 1697 κατορθώματα
2770 1628 2875 1679 τῶν
2908 1628 3027 1680 κατ’
3054 1627 3253 1696 ἀρετὴν
3286 1624 3540 1694 βιούντων
3561 1661 3575 1685 ,
3602 1622 3699 1675 καὶ

2126 1721 2194 1773 τὰ
2226 1720 2493 1791 πτώματα
2514 1721 2619 1775 τῶν
2644 1723 2722 1784 είς
2753 1721 2949 1773 κακίαν
2981 1719 3378 1790 ἀπορρεόντων.
3411 1716 3500 1768 Διὸ
3530 1732 3703 1787 προσ-

2127 1814 2250 1883 ήκει
2289 1813 2379 1865 τὸν
2417 1813 2673 1881 μέλλοντα
2709 1813 2805 1883 τὴν
2841 1811 3167 1881 κατάλληλον
3209 1809 3501 1880 θεραπείαν
3526 1824 3698 1878 προσ-

2129 1903 2282 1971 ἀγειν
2325 1902 2404 1972 τῷ
2441 1903 2749 1972 νενοσηκότι
2782 1903 2881 1972 τῆς
2902 1902 3078 1971 ψυχῆς
3105 1900 3276 1970 μέρει,
3309 1898 3569 1968 πρότερον
3598 1896 3701 1966 μὲν

2130 1992 2553 2045 ἐπισκέπτεσθαι
2587 1994 2643 2044 ἐν
2678 1990 2784 2044 τίνι
2826 1991 3052 2058 συνέστη
3086 1989 3147 2042 τὸ
3193 1987 3395 2049 πάθος·
3432 1981 3529 2038 εἷθ’
3557 1984 3702 2038 οὕτω

2130 2084 2418 2136 πεπονθότι
2442 2083 2736 2154 προσάγειν
2765 2081 3034 2153 ἁρμοδίως
3065 2081 3163 2151 τὴν
3193 2078 3486 2150 θεραπείαν
3510 2091 3523 2104 ·
3559 2078 3701 2130 ὥστε

2133 2175 2207 2245 μὴ
2234 2176 2299 2228 δι’
2338 2174 2589 2244 ἀπειρίαν
2613 2174 2711 2243 τῆς
2753 2172 3149 2242 θεραπευτικῆς
3185 2171 3428 2241 μεθόδου,
3453 2169 3578 2224 ἀλλο
3602 2169 3703 2238 μὲν

2128 2258 2161 2336 ᾗ
2201 2263 2262 2314 τὸ
2284 2262 2531 2331 ,νοσῆσαν
2557 2261 2740 2331 μέρος,
2783 2262 2965 2331 ἕτερον
2994 2261 3050 2313 δέ
3076 2260 3135 2314 τὸ
3171 2261 3270 2330 τὴν
3296 2259 3586 2331 θεραπείαν
3616 2259 3706 2311 6a-

2131 2360 2382 2429 χόμενον·
2409 2358 2596 2428 ὥσπερ
2617 2357 2807 2427 ἀμέλει
2835 2357 3101 2427 βλέπομεν
3126 2356 3350 2421 πολλοὺς
3371 2356 3476 2410 τῶν
3504 2356 3705 2427 ίατρῶν

2131 2452 2188 2503 ἐν
2229 2450 2451 2520 ἀπειρίᾳ
2478 2448 2573 2501 τοῦ
2608 2448 3090 2518 πρωτοπαθοῦντος
3129 2448 3325 2519 μέρους
3354 2446 3707 2518 προσεπιτρί-

2132 2540 2320 2603 ϐοντας
2343 2540 2443 2608 τὴν
2475 2539 2626 2592 νόσον
2658 2539 2725 2592 δι’
2750 2531 2824 2593 ὧν
2849 2537 3229 2608 θεραπεύουσι.
3254 2538 3365 2608 Τῆς
3385 2536 3491 2607 γὰρ
3524 2537 3709 2609 ἀῤῥω-

2134 2632 2284 2694 στίας
2337 2631 2502 2702 οὔσης
2553 2631 2809 2693 πολλάκις
2860 2629 3003 2684 κατά
3064 2628 3264 2699 θερμοῦ
3322 2628 3704 2698 ἐπικράτησιν,

2126 2723 2318 2793 ἐπειδὴ
2345 2726 2456 2786 τοῖς
2483 2723 2622 2776 κατά
2649 2722 2982 2791 πλεονασμὸν
3008 2720 3102 2775 τοῦ
3132 2720 3340 2791 ψυχροῦ
3380 2719 3708 2787 κεκακωμέ-

2132 2828 2243 2873 νοις
2278 2812 2545 2881 χρήσιμον
2576 2810 2636 2863 τὸ
2680 2810 2965 2880 θερμαῖνόν
3010 2827 3068 2862 τε
3096 2809 3192 2862 καὶ
3224 2807 3528 2861 ἀναθάλπον
3566 2809 3706 2874 ἐστὶ,

2133 2901 2192 2953 τὸ
2219 2900 2425 2965 τούτοις
2457 2901 2595 2954 κοιτά
2626 2901 2782 2968 λόγον
2818 2899 3136 2967 συνενεγκὸν
3154 2939 3170 2965 ,
3200 2897 3617 2968 ἀπερισκέπτως
3645 2894 3709 2949 τὸ

468 2995 637 3048 bitum
677 2991 916 3047 confert:
953 2992 1092 3046 idem
1131 2991 1198 3046 iis
1227 2991 1320 3060 qui
1361 2991 1717 3045 immoderata
1760 2990 2031 3044 caliditate

2138 2992 2270 3045 αὐτὸ
2328 2996 2440 3055 τοῖς
2481 2994 2537 3045 ἐν
2572 2992 2808 3061 ἀμετρίᾳ
2842 2990 3170 3061 θερμότητος
3202 2990 3576 3059 ἐκκαιομένοις
3610 2989 3711 3041 ἐπ-

467 3083 902 3149 succenduntur,
948 3082 1348 3138 inconsiderate
1378 3083 1742 3157 applicantes,
1789 3081 2033 3135 efficiunt

467 3184 523 3227 ut
560 3173 631 3226 sit
664 3172 887 3225 morbus
937 3178 1129 3224 curatu
1168 3169 1543 3223 difficillimus.
1568 3168 2034 3233 Quemadmodum

466 3278 595 3334 ergo
640 3263 868 3317 medicis
930 3261 985 3315 in
1019 3261 1208 3331 primis
1249 3263 1560 3315 necessaria
1611 3260 1919 3314 existimata
1951 3267 2036 3313 est

466 3357 858 3409 elementorum
893 3352 1240 3421 proprietatis
1283 3351 1542 3419 cognitio,
1588 3358 1647 3403 ut
1687 3348 2039 3411 uniuscujus-

466 3462 571 3516 que
625 3461 815 3499 eorum
869 3459 989 3512 qua:
1040 3445 1175 3496 bene
1206 3443 1290 3496 vel
1346 3442 1486 3495 male
1535 3441 1829 3495 constituta
1883 3448 2033 3503 sunt,

467 3538 521 3590 id
567 3536 709 3605 quod
740 3543 936 3603 praeter
980 3541 1231 3587 naturam
1267 3533 1515 3587 affectum
1565 3541 1668 3596 est,
1698 3532 2034 3600 corrigatur:

469 3627 549 3681 sic
595 3636 645 3678 et
703 3640 822 3689 nos,
862 3624 927 3676 ad
975 3624 1116 3677 hanc
1162 3632 1505 3678 recurrentes
1544 3624 1885 3687 divisionem,
1918 3639 2038 3693 quae

467 3725 551 3775 est
603 3731 790 3768 eormn
834 3731 953 3783 quae
1004 3715 1057 3768 in
1113 3716 1291 3769 anima
1345 3715 1780 3779 considerantur,
1835 3715 2037 3785 princi-

464 3828 614 3883 plUll]
685 3816 739 3860 et
794 3806 1207 3861 fundamentum
1269 3808 1645 3862 convenientis
1690 3807 2035 3862 affectiunum

468 3899 770 3953 curationis
826 3902 1132 3968 generalem
1186 3900 1450 3953 faciamus
1498 3900 2032 3968 contemplationem.

469 3991 755 4044 'l'rifariam
788 4007 936 4060 ergo,
980 4001 1035 4045 ut
1057 3992 1318 4057 diximus,
1348 3991 1521 4045 divisa
1552 3991 1884 4060 proprietate
1920 4006 2037 4045 mo-

466 4084 674 4136 tionum
719 4084 933 4143 aninne,
985 4084 1036 4137 in
1095 4084 1385 4145 rationem,
1431 4082 1931 4150 concupiscentiam
1984 4091 2040 4136 et

468 4178 602 4229 iram
641 4196 653 4228 :
689 4176 918 4229 rationis
953 4177 1170 4245 quidem
1208 4176 1472 4243 compotis
1520 4174 1713 4227 animae
1743 4174 1913 4243 partis
1954 4180 2038 4228 est

471 4268 774 4335 perfet‘lum
825 4276 877 4321 et
924 4283 988 4319 ex
1021 4267 1220 4320 virtute
1258 4274 1405 4320 recte
1435 4282 1493 4320 se
1546 4281 1739 4335 gerens
1772 4264 2035 4329 officium,

2138 3082 2432 3149 ἀγαγόντες
2452 3120 2465 3144 ,
2498 3081 2742 3133 δυσίατον
2762 3080 2822 3132 τὸ
2854 3080 3023 3142 πάθος
3055 3080 3332 3149 ἐποίησαν.
3364 3079 3571 3150 Ὥσπερ
3598 3079 3710 3132 τοίο

2137 3189 2229 3225 νυν
2269 3173 2670 3241 ἀναγκαιοτάτη
2703 3174 2812 3234 τοῖς
2856 3173 3055 3241 ἰατροῖς
3086 3170 3344 3240 ἐνομίσθη
3378 3171 3410 3240 ή
3440 3170 3707 3241 κατανόη-

2140 3281 2220 3325 σις
2247 3264 2343 3333 τῆς
2390 3263 2495 3315 τῶν
2547 3263 2826 3332 στοιχείων
2858 3262 3113 3332 ἰδιότητος
3134 3304 3147 3327 ,
3187 3262 3335 3324 ὅπως
3383 3261 3449 3315 ἂν
3477 3263 3705 3316 ἑκάστου

2136 3354 2243 3407 τῶν
2275 3350 2333 3407 εὖ
2369 3355 2400 3424 ἢ
2433 3353 2614 3416 κακῶς
2664 3354 3017 3423 διακειμένων
3063 3354 3270 3422 γένοιτο
3304 3353 3398 3405 τοῦ
3430 3353 3578 3422 παρά
3608 3354 3709 3422 φύ-

2140 3463 2220 3500 σιν
2256 3446 2585 3508 διατεθέντος
2611 3448 2643 3516 ἡ
2678 3447 3046 3517 ἐπανόρθωσις
3076 3463 3090 3476 ο
3126 3445 3267 3499 οὕτω
3308 3447 3402 3499 καὶ
3432 3448 3591 3516 ἡμεῖς
3614 3447 3709 3499 ἐπὶ

2137 3537 2337 3608 ταύτην
2368 3538 2766 3607 ἀναδραμόντες
2798 3538 2896 3607 τὴν
2922 3538 3196 3607 διαίρεσιν
3227 3537 3332 3589 τῶν
3366 3539 3425 3590 ἐν
3452 3541 3519 3607 τῇ
3560 3537 3707 3607 ψυχῇ

2138 3629 2523 3699 θεωρουμένων
2543 3668 2557 3689 ,
2610 3629 2784 3698 ἀρχὴν
2816 3630 2907 3682 καὶ
2937 3630 3191 3682 ὑπόθεσιν
3239 3629 3340 3698 τῆς
3369 3629 3707 3699 καταλλήλου

2137 3722 2242 3773 τῶν
2270 3719 2457 3773 παθῶν
2493 3719 2785 3791 θεραπείας
2815 3717 3167 3790 ποιησώμεθα
3196 3721 3293 3791 τὴν
3325 3720 3543 3791 γενικὴν
3582 3721 3713 3773 θεω-

2143 3811 2279 3881 ρίαν.
2310 3810 2514 3864 Ούκοῦν
2543 3811 2703 3881 τριχῆ
2727 3851 2740 3873 ,
2768 3810 2948 3874 καθὼς
2977 3811 3186 3881 ἔφαμεν
3210 3852 3224 3879 ,
3251 3811 3583 3883 διῃρημένης
3610 3813 3711 3880 τῆς

2143 3904 2400 3974 ίδίοτητος
2430 3904 2536 3955 τῶν
2560 3904 2659 3971 τῆς
2687 3904 2863 3972 ψυχῆς
2895 3904 3205 3972 κινημάτων
3229 3945 3242 3968 ,
3280 3906 3360 3967 είς
3385 3905 3444 3957 τὸ
3476 3904 3711 3972 λογιστι-

2140 3995 2233 4047 κόν
2260 4012 2317 4046 τε
2353 3994 2444 4046 καὶ
2474 3992 2863 4063 ἐπιθυμητικὸν
2908 3994 2997 4045 καὶ
3028 3993 3303 4062 θυμοειδές
3329 4010 3343 4025 ο
3377 3993 3712 4064 κατόρθωμα

2144 4087 2242 4157 μὲν
2264 4086 2355 4138 τοῦ
2378 4083 2679 4151 λογιστικοῦ
2717 4084 2915 4155 μέρους
2947 4085 3043 4154 τῆς
3072 4084 3246 4154 ψυχῆς
3271 4085 3417 4136 ἐστιν
3441 4124 3455 4147 ,
3486 4086 3519 4153 ἡ
3552 4085 3711 4137 εὐσε-

2142 4175 2238 4245 ϐὴς
2268 4175 2395 4245 περὶ
2419 4174 2479 4225 τὸ
2500 4171 2651 4224 Θεῖον
2674 4171 2936 4241 ὑπόληψις
2962 4212 2975 4234 ,
3025 4172 3119 4223 καὶ
3145 4173 3177 4241 ἡ
3205 4171 3298 4223 τοῦ
3327 4171 3491 4224 καλοῦ
3529 4189 3587 4224 τε
3618 4173 3710 4224 καὶ

2142 4266 2311 4319 κακοῦ
2364 4264 2671 4334 διακριτικὴ
2718 4264 2989 4332 ἐπιστήμη
3015 4300 3029 4325 ,
3084 4263 3178 4315 καὶ
3210 4264 3242 4331 ἡ
3277 4264 3477 4333 τρανήν
3510 4282 3568 4316 τε
3615 4264 3710 4317 καὶ

468 4358 552 4426 pia
611 4358 676 4410 de
726 4358 834 4411 Deo
888 4359 1240 4421 existimatio,
1279 4358 1405 4411 boni
1454 4367 1507 4410 et
1561 4356 1690 4412 mali
1718 4356 2031 4411 discernens

2143 4359 2443 4427 ἀσύγχυτον
2498 4356 2693 4426 ἔχουσα
2728 4355 2855 4423 περὶ
2897 4354 2998 4423 τῆς
3038 4353 3248 4423 φύσεως
3284 4356 3390 4407 τῶν
3418 4355 3710 4426 ὑποκειμέ-

467 4450 715 4510 scientia,
773 4457 824 4501 et
883 4467 1002 4518 quae
1039 4450 1199 4504 habet
1244 4465 1427 4503 veram
1484 4458 1538 4503 et
1588 4465 1698 4503 non
1748 4447 2035 4503 confusam

467 4540 532 4592 de
562 4555 741 4591 rerum
774 4540 1141 4607 subjectarum
1178 4551 1373 4595 natura
1404 4541 1751 4610 Opinionem;
1794 4540 1925 4609 quid
1950 4546 2034 4594 est

467 4631 684 4697 quidem
740 4632 793 4683 in
830 4633 895 4685 iis
944 4649 1063 4700 quae
1108 4642 1257 4694 sunt,
1304 4633 1697 4701 expetendum;
1730 4631 1861 4701 quid
1904 4646 2034 4685 vero

470 4721 871 4774 abhorrendum
915 4736 969 4776 et
1019 4723 1425 4791 alljieiendum;
1470 4731 1523 4777 et.
1576 4739 1767 4777 rursus
1797 4739 1864 4777 ex
1899 4738 2033 4775 con-

469 4813 639 4865 trario
668 4814 807 4879 quod
836 4814 888 4865 in
924 4830 983 4868 ea
1017 4826 1163 4883 parte
1194 4824 1275 4869 est
1310 4816 1496 4868 vitium
1532 4817 1753 4869 omnino
1783 4814 2038 4869 conside--

471 4901 701 4966 rabitur,
752 4902 969 4969 quando
1022 4904 1167 4957 circa
1218 4920 1305 4958 res
1354 4904 1572 4973 quidem
1618 4904 1831 4959 divinas
1878 4904 2041 4958 fuerit

472 4994 745 5063 impietas,
798 4994 1005 5045 nullum
1049 5003 1229 5047 autem
1281 4995 1427 5048 circa
1470 4995 1519 5049 id
1568 4997 1714 5065 quod
1766 5012 1891 5050 vere
1941 4996 2042 5048 lto—

470 5094 688 5141 nestum
727 5083 1102 5152 estjudicium
1144 5100 1436 5153 :perversa
1466 5095 1646 5141 autem
1688 5094 1742 5138 et
1782 5092 2041 5152 corrupta

471 5181 537 5233 de
585 5194 765 5233 rerum
820 5186 1015 5231 natura
1062 5177 1433 5242 existimatio,
1486 5188 1546 5232 ut
1603 5177 1769 5231 lucem
1805 5176 2041 5230 tenebras

472 5273 635 5326 ducat
689 5279 739 5324 et
797 5271 1032 5324 tenebras
1088 5271 1254 5323 lucem
1292 5268 1374 5336 ⁸⁸⁵,
1434 5277 1495 5323 ut
1556 5269 1688 5323 dicit
1737 5270 2038 5339 Scriptura.

472 5363 923 5432 Concupiscentis
946 5371 1126 5419 autem
1152 5362 1321 5431 partis
1349 5369 1529 5416 motus
1554 5372 1637 5416 est
1661 5377 1726 5415 ex
1752 5362 1970 5425 virtute,
1996 5362 2041 5415 si

470 5454 536 5510 ad
561 5453 613 5509 id
637 5456 779 5524 quod
808 5465 891 5513 est
922 5473 1112 5513 revera
1134 5454 1630 5528 concupiscendum
1661 5464 1715 5511 et
1767 5469 1890 5510 vere
1918 5455 2039 5525 pulo

545 5628 588 5657 ⁸⁵
624 5629 722 5684 lsa.
767 5647 819 5692 v,
851 5631 943 5685 20.

2142 4466 2246 4502 νων
2270 4447 2365 4517 τὴν
2395 4447 2549 4510 δόξαν
2571 4464 2583 4475 ·
2613 4445 2663 4497 τί
2704 4444 2801 4513 μέν
2828 4447 2972 4497 ἐστιν
3000 4445 3214 4515 αἱρετὸν
3242 4448 3299 4498 ἐν
3322 4449 3434 4510 τοῖς
3468 4443 3586 4499 οὖσι
3612 4465 3624 4477 ·
3656 4448 3707 4499 τί

2142 4541 2195 4593 δὲ
2228 4539 2511 4609 βδελυκτδν
2542 4538 2634 4590 καὶ
2663 4537 2984 4604 ἀπόϐλητον.
3021 4538 3132 4590 Καὶ
3156 4538 3317 4592 πάλιν
3344 4540 3404 4591 ἐκ
3426 4539 3518 4591 τοῦ
3551 4540 3707 4593 ἐναν-

2140 4632 2253 4684 τίου
2310 4630 2525 4691 πάντως
2563 4631 2595 4698 ἡ
2636 4630 2692 4681 ἐν
2728 4626 2803 4696 τῷ
2832 4627 2985 4697 μέρει
3018 4628 3190 4698 τούτῳ
3236 4629 3401 4682 κακία
3428 4628 3709 4700 θεωρηθῆ-

2144 4739 2293 4774 σεται
2318 4762 2331 4785 ,
2360 4723 2484 4773 ὅταν
2511 4719 2731 4772 ἀσέϐεια
2762 4719 2858 4787 μὲν
2965 4718 3089 4788 περὶ
3117 4719 3177 4772 τὸ
3200 4724 3371 4783 Θεῖον,
3400 4720 3621 4789 ἀκρισία
3651 4722 3709 4774 δὲ

2143 4816 2270 4886 περὶ
2302 4816 2363 4866 τὸ
2390 4814 2555 4874 ὅντως
2589 4812 2775 4866 καλόν·
2806 4810 3176 4880 ἐνηλλαγμένη
3199 4811 3256 4863 δὲ
3279 4812 3370 4863 καὶ
3394 4812 3705 4882 ὲσφαλμένη

2141 4910 2173 4979 ἡ
2209 4907 2334 4978 περὶ
2372 4908 2469 4976 τὴν
2501 4906 2607 4958 τῶν
2656 4904 2991 4973 πραγμάτων
3025 4902 3185 4970 φύσιν
3207 4902 3472 4972 ὑπόληψις
3496 4944 3511 4966 ,
3534 4904 3549 4917 ⁴
3568 4902 3707 4956 ὥστε

2140 4998 2345 5051 τιθέναι
2390 4998 2456 5049 τὸ
2488 4997 2611 5066 φῶς
2642 5000 2891 5061 σκότος,
2928 4993 3024 5046 καί
3058 4992 3124 5045 τὸ
3164 4993 3383 5057 σκότος
3415 4992 3572 5060 φῶς,
3607 5011 3709 5047 κα-

2143 5088 2249 5151 θώς
2283 5105 2444 5160 φησιν
2486 5088 2754 5158 ἡΓραφή.
2790 5087 2894 5139 Τοῦ
2942 5085 2999 5137 δὲ
3049 5082 3442 5153 ἐπιθυμητικοῦ
3507 5091 3706 5157 μέρους

2144 5182 2178 5249 η
2223 5180 2319 5249 μὲν
2364 5177 2614 5248 ἐνάρετός
2643 5177 2758 5229 ἐστι
2786 5176 2997 5245 κίνησις
3032 5173 3094 5225 τὸ
3140 5173 3273 5242 πρὸς
3298 5173 3359 5224 τὸ
3385 5171 3553 5233 ὅντως
3600 5173 3712 5221 ἐπι-

2145 5266 2463 5338 θυμητικὸν,
2494 5267 2587 5319 καὶ
2621 5265 2833 5335 άληθῶς
2855 5263 3016 5316 καλὸν
3047 5260 3343 5329 ἀνάγεσθαι
3375 5260 3467 5313 τὸν
3495 5258 3661 5312 πόθον
3689 5274 3707 5290 ο

2144 5363 2239 5415 καὶ
2271 5360 2428 5421 εἴτις
2467 5360 2524 5410 ἐν
2551 5359 2679 5427 ἡμῖν
2711 5354 2946 5424 ἐρωτικὴ
2974 5352 3201 5423 δύναμίς
3240 5369 3300 5404 τε
3333 5351 3425 5403 καὶ
3452 5349 3711 5413 διάθεσις,

2143 5454 2258 5506 ἐκεῖ
2288 5448 2726 5519 κατασχολεῖσθαι
2763 5447 2973 5511 πᾶσαν,
3010 5444 3069 5498 ἐν
3100 5442 3177 5514 τῷ
3218 5441 3505 5497 πεπεῖσθαι
3544 5439 3711 5513 μηδὲν
