4046 6156
298 222 409 277 225

1565 213 1895 272 EPISTOLA
1933 211 2293 268 CANONICA.

3438 212 3541 267 29.6

299 331 524 404 ὀρεκτὸν
551 325 688 383 εἶναι
721 331 784 401 τῇ
831 326 1024 382 ἑαυτοῦ
1058 326 1214 397 φύσει
1243 326 1397 390 ἄλλο,
1434 327 1572 398 πλὴν
1615 329 1712 398 τῆς
1741 328 1872 397 ἀρε-

1979 323 2167 392 chrum
2206 329 2259 378 et
2321 320 2624 388 honestum,
2687 328 2927 392 erigatur
2981 321 3342 392 desiderium;
3401 333 3542 385 etsi

299 424 432 494 τῆς,
463 421 559 475 καὶ
587 419 692 489 τῆς
725 418 822 488 τὴν
852 418 1051 490 ἀρετὴν
1097 417 1447 489 πηγαζοὼης
1494 417 1725 487 φύσεως.
1759 419 1873 470 Πα-

302 514 549 587 ρατροπὴ
581 514 638 567 δὲ
666 514 758 566 κα)⁵
783 510 1024 583 ἁμαρτία
1056 510 1148 564 τοῦ
1195 510 1436 564 τοιούτου
1478 511 1674 581 μέρους
1696 511 1872 576 ἐστὶν,

300 600 428 651 ὃταν
472 613 555 660 τις
589 595 871 666 μεταγάγῃ
907 597 1007 665 τὴν
1037 595 1330 665 ἐπιθυμίαν
1377 597 1513 665 πρὸς
1545 595 1642 665 τὴν
1671 595 1876 648 ἀνυπόο

302 707 495 743 στατον
524 688 861 754 κενοδοξίαν·
896 684 930 757 ἢ
965 687 1100 757 πρὸς
1144 687 1206 740 τὸ
1243 687 1716 758 ὲπικεχρωσμένον
1763 691 1876 751 τοῖς

302 782 549 850 σώμασιν
581 779 740 842 ἄνθος
761 796 774 810 ·
805 778 926 831 ὅθεν
951 779 1158 845 γίνεται
1189 781 1223 846 ή
1259 777 1657 848 φιλοχρηματία
1678 817 1692 839 ,
1721 780 1813 831 καὶ
1838 780 1870 848 ἡ

301 872 572 940 φιλοδοξία
592 911 607 935 ,
637 870 732 923 καὶ
763 872 795 938 ή
827 869 1102 939 φιληδονία
1121 909 1136 930 ,
1173 869 1267 922 καὶ
1311 869 1484 922 πάντα
1529 870 1598 922 τὰ
1627 869 1869 934 τοιαῦτα,

299 965 399 1018 ὅσα
435 963 531 1016 τοῦ
561 962 802 1015 τοιούτου
833 960 1064 1031 ήρτηται
1106 960 1204 1030 τῆς
1230 961 1424 1024 κακίας
1451 961 1663 1028 γένους.
1706 962 1874 1014 Πάλιν

299 1057 355 1109 δὲ
381 1057 482 1126 τῆς
523 1053 804 1124 θυμὼδους
831 1051 1122 1114 διαθέσεως
1161 1051 1490 1122 κατόρθωμα
1525 1051 1621 1122 μέν
1661 1054 1808 1106 ἐστιν
1839 1055 1871 1124 ἡ

299 1148 436 1216 πρὸς
461 1145 520 1198 τὸ
559 1143 726 1197 κακὸν
753 1142 1014 1211 ἀπέχθεια
1035 1180 1050 1205 ,
1095 1141 1188 1195 καὶ
1225 1144 1254 1196 ὁ
1282 1141 1417 1212 πρὸς
1447 1143 1515 1196 τὰ
1544 1144 1687 1214 πάθη
1724 1145 1876 1197 πόλε-

302 1255 402 1308 μος
425 1279 440 1302 ,
470 1235 564 1288 καὶ
585 1234 644 1286 τὸ
677 1233 812 1304 πρὸς
839 1232 1088 1302 ἀνδρείαν
1115 1232 1448 1305 ὲστομῶσθαι
1472 1234 1566 1305 τὴν
1587 1235 1783 1307 ψυχὴν,
1815 1238 1871 1289 ἐν

298 1329 377 1398 τῷ
407 1328 483 1398 μὴ
511 1326 913 1396 καταπτήσσειν
938 1325 1007 1377 τά
1035 1327 1147 1388 τοῖς
1183 1325 1398 1387 πολλοῖς
1425 1327 1628 1397 φοϐερά
1654 1328 1868 1396 νομιζό-

303 1435 442 1490 μενα
463 1456 479 1480 ,
509 1416 643 1470 ἀλλά
680 1416 876 1487 μέχρις
903 1414 1132 1485 αἵματος
1179 1416 1314 1487 πρὸς
1343 1418 1442 1488 τὴν
1477 1419 1749 1488 ἁμαρτίαν
1780 1421 1873 1473 ἀν-

297 1508 712 1565 τικαθίστασθαι
737 1523 750 1537 ·
798 1511 1156 1579 καταφρονεῖν
1189 1509 1246 1561 δὲ
1287 1509 1580 1579 θανατικῆς
1621 1512 1866 1582 ἀπειλῆς,

300 1606 396 1657 καὶ
418 1589 681 1670 ἀλγεινῶν
706 1601 1101 1672 κολαστηρίων,
1129 1601 1224 1653 καὶ
1249 1601 1345 1670 τῆς
1375 1601 1482 1653 τῶν
1509 1601 1736 1672 ἡδίστων
1765 1603 1871 1655 δια-

302 1693 570 1760 ζεύξεως,
605 1693 696 1745 καὶ
729 1694 943 1745 πάντων
977 1691 1124 1758 ἅπαξ
1155 1692 1260 1745 τῶν
1299 1691 1386 1745 διά
1413 1709 1554 1756 τινος
1586 1693 1870 1764 συνηθείας

298 1787 396 1838 καὶ
425 1783 746 1855 προλήψεως
780 1784 838 1834 ὲν
879 1783 1039 1853 ἡδονῇ
1092 1784 1218 1846 τοὺς
1275 1784 1504 1848 πολλοὺς
1542 1787 1878 1854 κατεχόντων

299 1875 584 1946 κρείττονα
613 1872 861 1940 γενέσθαι
889 1911 904 1934 ,
931 1872 1028 1940 τῆς
1056 1889 1115 1925 τε
1145 1873 1380 1937 πίστεως
1422 1876 1515 1928 καὶ
1555 1875 1654 1944 τῆς
1679 1877 1879 1947 ἀρετῆς

300 1964 735 2034 προμαχόμενον.
769 1961 849 2014 Τά
877 1961 932 2014 δὲ
961 1962 1339 2033 ἀποπτώματα
1379 1963 1470 2016 τοῦ
1504 1965 1748 2017 τοιούτου
1781 1966 1876 2034 μέ⁴

300 2071 430 2123 ρους
478 2054 624 2106 ἐστὶν
665 2052 835 2105 ἅπασι
869 2051 1143 2122 πρόδηλα,
1176 2055 1204 2106 ὁ
1243 2053 1469 2122 φθόνος,
1509 2053 1568 2107 τὸ
1611 2059 1796 2124 μῖσος,
1839 2059 1872 2128 ή

301 2146 464 2214 μῆνις
487 2185 502 2208 ,
535 2145 589 2196 αἱ
620 2143 916 2212 λοιδορίαι,
958 2145 1013 2196 αἱ
1039 2144 1386 2212 συμπλοκαὶ,
1424 2148 1478 2199 αἱ
1510 2148 1873 2216 ὲμφιλόνεικοί

294 2252 357 2287 τε
388 2235 484 2288 καὶ
518 2235 810 2305 ἀμυντικαὶ
851 2234 1152 2299 διαθέσεις,
1186 2237 1241 2289 αἱ
1273 2237 1433 2307 μέχρι
1464 2238 1660 2292 πολλοῦ
1694 2259 1871 2310 παρα-

292 2327 572 2380 τείνουσαι
606 2327 702 2397 τὴν
732 2326 1096 2397 μνησικακίαν
1117 2368 1132 2393 ,
1179 2329 1273 2382 καὶ
1313 2329 1536 2393 πολλοὺς
1564 2333 1643 2395 είς
1684 2333 1876 2401 φόνους

294 2418 397 2472 καὶ
428 2417 636 2486 αἵματα
691 2415 1117 2486 καταθήγουσαι.
1150 2418 1242 2487 Μὴ
1291 2419 1400 2488 γὰρ
1433 2419 1605 2490 εὑρὼν
1649 2423 1676 2474 ό
1715 2423 1876 2476 ἀπαί-

293 2509 486 2571 δευτος
515 2507 769 2578 λογισμὸς
801 2509 933 2561 ὅπου
961 2510 1229 2582 χρήσηται
1269 2509 1560 2575 λυσιτελῶς
1595 2513 1672 2584 τῷ
1703 2515 1870 2586 ὅπλῳ,

296 2602 382 2670 ἐφ’
409 2599 604 2654 ἑαυτὸν
637 2601 827 2670 τρέπει
853 2600 949 2672 τὴν
991 2601 1084 2654 τοῦ
1113 2601 1329 2673 σιδήρου
1358 2604 1542 2674 ἀκμήν
1566 2621 1580 2638 ο
1620 2607 1714 2659 καὶ
1741 2608 1876 2676 γίνε-

293 2709 388 2744 ται
417 2691 479 2743 τὸ
502 2693 568 2743 ὲκ
603 2690 738 2769 Θεού
769 2691 917 2744 δοθὲν
943 2693 1073 2762 ἡμῖν
1111 2694 1442 2765 ἀμυντήριον
1482 2695 1644 2750 ὅπλον
1675 2699 1752 2769 τῷ
1779 2717 1873 2752 κα-

296 2782 412 2846 κῶς
450 2763 777 2852 κεχρημένῳ
803 2782 1060 2854 ὀλέθριον.

1979 430 2086 485 qua
2120 424 2201 470 est
2232 416 2286 468 in
2323 413 2480 469 nobis
2508 413 2769 468 amatoria
2791 412 3025 468 facultas
3063 424 3116 470 et
3150 415 3385 483 alfectio,
3427 431 3540 475 tota

1978 508 2032 561 in
2095 506 2191 562 illo
2244 513 2510 570 versetur,
2588 514 2650 560 ut
2699 505 2988 562 credamus
3052 507 3186 560 nihil
3231 509 3378 563 aliud
3414 527 3540 566 esse

1980 607 2171 653 natura
2226 598 2582 668 expetendum
2619 605 2815 666 praeter
2848 598 3124 664 virtutem,
3185 609 3241 655 et
3286 608 3538 656 naturam

1976 704 2097 758 quae
2120 690 2369 743 virtutem
2395 686 2641 742 eﬂ'undit.
2667 685 2837 755 Hujus
2857 695 3034 741 autem
3058 689 3226 756 partis
3247 689 3542 744 declinatio

1976 790 2061 836 est
2079 789 2132 835 et
2169 788 2472 850 peccatum,
2495 779 2712 850 quando
2730 779 3077 848 cupiditatem
3101 781 3441 835 transtulerit
3472 782 3539 835 ad

1977 873 2190 927 inanem
2232 887 2351 942 qua:
2391 887 2496 925 non
2520 877 2696 940 potest
2718 871 3019 924 consistere
3053 871 3316 939 gloriam;
3352 872 3434 925 vel
3467 872 3536 927 ad

1975 964 2160 1016 liorem
2187 961 2279 1032 qui
2307 961 2853 1030 colorataecorporum
2877 960 3184 1029 superliciei
3235 969 3320 1016 est
3344 962 3536 1017 illitus.

1975 1055 2132 1110 Unde
2162 1054 2375 1109 exsistit
2419 1053 2604 1116 libido,
2644 1052 2830 1122 gloria:
2870 1051 3159 1120 cupiditas,
3197 1054 3446 1118 ambitio,
3479 1063 3536 1110 et

1975 1142 2771 1214 avaritia,etczeteraejusmodi
2793 1156 2911 1211 quae
2939 1141 3008 1195 ab
3035 1142 3136 1194 hoc
3171 1142 3290 1195 vitii
3329 1158 3530 1210 genere

1973 1237 2298 1307 dependent.
2351 1234 2623 1288 Animosae
2670 1241 2848 1287 autem
2893 1248 2988 1289 seu
3043 1233 3331 1289 irascentis
3369 1235 3542 1303 partis

1975 1336 2121 1382 recta
2155 1334 2209 1382 et
2247 1342 2313 1381 ex
2346 1326 2546 1378 virtute
2575 1326 2716 1379 actio
2741 1331 2845 1386 est,
2882 1324 3009 1376 mali
3044 1325 3228 1378 odium
3261 1333 3312 1378 et
3339 1325 3540 1379 bellum

1972 1434 2098 1474 cum
2136 1419 2301 1472 animi
2325 1417 2846 1487 perturbationibus,
2889 1423 2941 1470 et
2981 1415 3048 1468 ad
3085 1414 3457 1469 fortitudinem
3488 1416 3544 1470 in

1972 1525 2038 1564 eo
2060 1525 2182 1565 esse
2203 1511 2575 1564 confirmatam
2601 1509 2858 1571 animam,
2883 1515 3022 1562 utea
3056 1522 3163 1561 non
3190 1507 3540 1576 pertimescat

1973 1616 2094 1671 quae
2143 1603 2301 1670 vulgo
2347 1600 2606 1655 terribilia
2634 1599 2910 1665 videntur,
2951 1600 3042 1654 sed
3083 1615 3254 1667 usque
3298 1598 3366 1652 ad
3416 1614 3544 1653 san-

1975 1695 2191 1764 guinem
2235 1702 2456 1762 peccato
2504 1693 2772 1746 resistat:
2810 1690 3004 1744 mortis
3050 1700 3230 1760 autem
3269 1690 3446 1744 minas
3488 1696 3544 1745 et

1975 1785 2157 1856 gravia
2195 1783 2464 1852 supplicia
2496 1788 2840 1847 contemnat;
2876 1787 2929 1834 et
2964 1795 2995 1832 a
3047 1780 3212 1836 rebus
3243 1781 3537 1849 jucundis-

1974 1876 2151 1938 simis,
2189 1874 2579 1941 disjunctione,
2615 1879 2668 1927 ct
2706 1873 2980 1935 omnibus,
3022 1880 3082 1926 ut
3123 1874 3290 1928 semel
3335 1873 3536 1935 dicam.

1973 1980 2094 2035 quae
2117 1972 2338 2034 propter
2355 1964 2591 2033 aliquam
2615 1963 3060 2018 consuetudinem
3106 1972 3160 2018 et
3190 1964 3539 2032 anticipatam

1973 2057 2283 2126 opinionem
2329 2056 2532 2110 multos
2591 2055 2646 2108 in
2696 2056 2976 2124 voluptate
3023 2055 3286 2122 detinent,
3323 2055 3394 2110 sit
3441 2071 3540 2109 su-

1972 2147 2172 2218 perior,
2213 2161 2311 2216 pro
2339 2146 2448 2200 ﬁde
2473 2151 2526 2201 et
2555 2146 2755 2201 virtute
2804 2145 3112 2202 decertans.
3148 2144 3324 2215 Hujus
3358 2152 3538 2200 autem

1971 2239 2146 2309 partis
2186 2238 2568 2310 prolapsiones
2597 2239 2852 2293 omnibus
2886 2246 3086 2307 aperta:
3122 2247 3271 2299 sunt,
3305 2237 3537 2300 invidia,

1971 2331 2177 2397 odium,
2232 2333 2336 2394 ira,
2388 2330 2658 2391 convicia,
2709 2331 3028 2395 certamina,
3080 2330 3436 2384 contentiosa:
3489 2320 3586 2385 ct‘

1972 2423 2198 2476 ultionis
2241 2428 2559 2491 appetentes
2595 2419 2932 2484 alfectioues,
2975 2435 3096 2488 quae
3131 2427 3368 2489 accepta:
3407 2419 3546 2488 inju-

1977 2514 2070 2566 riae
2121 2511 2552 2568 recordationem
2599 2511 2758 2579 longe
2801 2509 3120 2571 extendunt,
3151 2516 3204 2563 et
3241 2511 3442 2563 multos
3475 2509 3544 2563 ad

1975 2604 2178 2658 caedem
2223 2611 2278 2656 et
2345 2601 2663 2671 sanguinem
2726 2601 2975 2653 incitant.
3029 2579 3165 2652 Duni
3222 2599 3366 2653 enim
3433 2613 3542 2654 non

1977 2695 2244 2750 inveniret
2281 2694 2449 2749 stulta
2478 2703 2532 2747 et
2565 2691 2836 2746 inerudita
2881 2691 3024 2744 ratio
3068 2691 3343 2760 quomodo
3372 2693 3544 2746 armis

1978 2789 2094 2843 suis
2123 2788 2331 2841 utiliter
2379 2793 2642 2850 uteretur,
2683 2783 2812 2838 ferri
2849 2784 3018 2839 aciem
3051 2783 3106 2836 in
3151 2798 3210 2837 se
3244 2783 3544 2850 convertit;

298 2891 478 2945 eaque
531 2890 703 2940 arma,
741 2891 862 2945 quae
896 2876 1053 2930 nobis
1100 2891 1129 2928 a
1172 2875 1281 2932 Deo
1333 2878 1460 2932 data
1507 2890 1654 2945 sunt,
1690 2881 1738 2934 ei
1788 2882 1880 2951 qui
1939 2880 2080 2934 male
2122 2880 2293 2932 utitur
2338 2877 2564 2937 exitium
2628 2874 2881 2930 aﬂ‘erunt.

368 2968 592 3021 Τούτων
615 2967 792 3020 τοίνυν
817 2967 957 3022 κατά
980 2968 1070 3022 τὸν
1097 2970 1383 3040 εἰρημένον
1415 2971 1872 3044 διακρινηθέντων

295 3061 522 3132 τρόπον,
547 3060 648 3113 ὅσα
674 3060 771 3130 μὲν
800 3060 1172 3131 ἁμαρτήματα
1194 3061 1287 3114 τοῦ
1308 3061 1615 3130 λογιστικοῦ
1651 3064 1749 3134 τῆς
1777 3065 1878 3134 qm-

298 3155 400 3224 χῆς
432 3154 662 3206 ἀπτεται
693 3152 911 3222 μέρους,
927 3153 1277 3225 χαλεπώτερα
1301 3155 1450 3225 παρά
1477 3155 1585 3208 τῶν
1616 3157 1877 3227 Πατέρων

298 3241 518 3312 ἐκρίθη,
551 3242 644 3294 καὶ
677 3239 917 3310 μείζονος
943 3243 1036 3293 καὶ
1064 3241 1453 3312 διαρκεστέρας
1481 3243 1573 3295 καὶ
1603 3245 1877 3296 ἐπιπονω-

297 3332 466 3402 τέρας
489 3332 589 3401 τῆς
614 3331 943 3402 ἐπιστροφῆς
965 3330 1088 3396 ἄξια
1109 3349 1123 3363 ’
1158 3325 1267 3384 οἷον
1294 3332 1347 3383 εἴ
1371 3350 1454 3396 τις
1483 3334 1753 3404 ἠρνήσατο
1781 3335 1878 3405 τὴν

300 3426 381 3486 εἰς
410 3423 646 3494 Χριστὸν
679 3423 877 3488 πίστιν,
907 3423 940 3493 ἢ
979 3423 1114 3494 πρὸς
1159 3423 1484 3494 ἰουδαῖσμόν
1509 3465 1525 3490 ,
1555 3424 1586 3495 ἢ
1633 3426 1768 3496 πρὸς
1800 3429 1878 3479 εί-

299 3515 718 3586 δωλολατρείαν,
756 3515 789 3585 ἢ
821 3515 956 3590 πρρς
981 3516 1352 3586 Μανιχαῖσμὺν
1377 3557 1392 3582 ,
1429 3517 1458 3586 ἣ
1493 3518 1628 3588 πρὸς
1673 3517 1799 3571 ἄλλο
1827 3535 1879 3571 τι

300 3607 544 3661 τοιοῦτον
600 3606 785 3670 ἀθεῖας
826 3603 962 3670 εἶδος
1015 3607 1387 3678 αὐτομολήσας
1432 3611 1637 3679 ἐφάνη,
1689 3610 1718 3660 ὁ
1781 3611 1878 3679 μὲν

306 3700 572 3762 ἑκουσίως
607 3700 703 3751 ἐπὶ
750 3699 810 3751 τὸ
858 3697 1092 3752 τοιοῦτον
1116 3701 1365 3773 ὁρμήσας
1393 3702 1561 3754 κακὸν
1586 3741 1600 3764 ,
1637 3698 1754 3755 εἶτα
1783 3719 1880 3755 κα-

304 3789 539 3857 ταγνοὺς
562 3787 755 3841 ἑαυτοῦ
779 3828 794 3851 ,
825 3788 1012 3858 χρόνον
1037 3789 1126 3842 τὸν
1153 3791 1250 3859 τῆς
1277 3791 1562 3860 μετανοίας
1601 3791 1734 3862 ἔχει,
1762 3793 1880 3846 ὅλον

305 3880 398 3932 τὸν
428 3881 530 3950 τῆς
559 3878 704 3949 ζωῆς
736 3879 920 3934 αὐτοῦ.
967 3880 1230 3934 Οὐδέποτε
1259 3882 1366 3952 γάρ
1404 3881 1672 3952 μυστικῆς
1702 3885 1881 3937 ἐπιτε-

305 3968 575 4040 λουμένης
621 3969 814 4039 εὐχῆς,
874 3969 1010 4039 μετά
1051 3969 1144 4022 τοῦ
1197 3970 1324 4023 λαοῦ
1374 3973 1742 4042 προσκυνῆσαι
1790 3973 1881 4026 τὸν

305 4060 440 4114 Θεὸν
466 4061 835 4126 καταξιοῦται,
871 4061 1005 4114 ἀλλά
1028 4063 1338 4132 καταμόνας
1369 4063 1467 4134 μὲν
1489 4063 1702 4129 εὔξεται
1726 4082 1739 4094 ·
1784 4067 1880 4136 τῆς

303 4154 362 4207 δὲ
407 4153 696 4217 κοινωνίας
743 4154 850 4208 τῶν
896 4155 1247 4225 ἁγιασμάτων
1331 4155 1553 4210 καθόλου
1604 4157 1881 4230 ἀλλότριος

305 4243 465 4296 ἔσται
491 4260 505 4273 ·
539 4240 598 4294 ἐν
627 4242 684 4296 δὲ
718 4246 783 4314 τῇ
811 4243 931 4315 ὥρᾳ
956 4243 1055 4313 τῆς
1079 4244 1255 4310 ἐξόδου
1277 4244 1443 4298 αὐτοῦ
1468 4287 1482 4310 ,
1508 4247 1627 4300 τότε
1655 4249 1753 4318 τῆς
1786 4247 1878 4300 τοῦ

305 4335 654 4403 ἀγιάσματος
710 4334 923 4405 μερίδος
977 4334 1354 4406 ἀξιωθήσεται.
1405 4339 1469 4390 Εἰ
1527 4339 1584 4391 δὲ
1635 4339 1874 4409 συμϐαίη
1911 4368 1955 4424 ι)

306 4428 438 4497 παρ’
470 4425 693 4488 ἐλπίδας
717 4426 874 4497 ζῆσαι
903 4427 1084 4490 αὐτὸν,
1119 4426 1277 4480 πάλιν
1300 4430 1357 4481 ἐν
1377 4428 1453 4499 τῷ
1477 4429 1622 4498 αὐτῷ
1653 4430 1880 4501 κρίματι

305 4517 658 4571 διαδιώσεται
684 4557 699 4578 ,
747 4518 1012 4588 ἀμέτοχος
1051 4518 1158 4571 τῶν
1207 4521 1480 4589 μυστικῶν
1526 4521 1882 4592 ἀγιασμάτων

312 4610 474 4681 μέχρι
511 4609 610 4678 τῆς
640 4607 816 4673 ἐξόδου
859 4610 1159 4680 γινόμενος.
1188 4613 1250 4664 Οἱ
1279 4611 1334 4664 δὲ
1385 4611 1634 4682 βασάνοις
1665 4616 1757 4666 καὶ
1799 4632 1882 4666 τι-

313 4700 551 4770 μωρίαις
582 4700 847 4770 χαλεπαῖς
871 4701 1209 4766 αἰκισθέντες
1234 4744 1248 4766 ,
1293 4705 1349 4756 ἐν
1383 4703 1533 4774 ρητῷ
1565 4705 1740 4774 χρόνῳ
1787 4708 1882 4758 ἐπ-

311 4789 652 4859 ετιμήθησαν
675 4831 690 4853 ,
720 4788 860 4843 οὕτω
887 4789 995 4844 τῶν
1024 4792 1193 4859 ἁγίων
1219 4793 1476 4864 Πατέρων
1507 4793 1884 4865 φιλανθρωπίᾳ

311 4880 398 4932 ἐπ’
434 4878 612 4932 αὐτῶν
639 4879 999 4950 χρησαμένων
1017 4921 1030 4944 ,
1061 4881 1135 4944 ὡς
1163 4882 1280 4952 οὐχὶ
1308 4883 1486 4954 ψυχῆς
1515 4880 1886 4954 γεγενημένης

310 4972 370 5023 ἐν
419 4969 671 5041 πτώματι
701 5010 716 5035 ,
753 4970 892 5025 ἀλλὰ
938 4971 1037 5040 τῆς
1089 4975 1404 5043 σωματικῆς
1441 4972 1722 5035 ἀσθενείας
1753 4973 1886 5043 πρὸς

305 5061 410 5126 τὰς
439 5063 625 5124 αἰκίας
672 5063 774 5116 οὐκ
804 5061 1179 5133 ἀντισχούσης.
1229 5063 1319 5118 Διὸ
1344 5062 1420 5133 τῷ
1468 5062 1650 5134 μέτρῳ
1681 5063 1789 5116 τῶν
1831 5064 1887 5116 ὲν

307 5153 540 5226 πορνείᾳ
574 5153 1083 5226 πλημμελησάντων
1107 5194 1120 5220 ,
1157 5156 1249 5208 καὶ
1286 5156 1318 5225 ἡ
1355 5153 1682 5224 βεϐιασμένη
1711 5171 1771 5206 τε
1796 5153 1890 5208 καὶ

307 5246 580 5310 ὲπὼδυνος
610 5245 922 5316 παράϐασις
952 5247 1008 5297 ὲν
1028 5248 1094 5316 τῇ
1121 5248 1418 5318 ἐπιστροφῇ
1456 5246 1851 5316 συνεμετρήθη.

375 5341 436 5392 Οἱ
470 5339 529 5393 δὲ
573 5338 714 5408 πρὸς
762 5337 970 5407 γόητας
1002 5337 1254 5400 ἀπιόντες
1275 5380 1290 5404 ,
1323 5339 1356 5408 ἢ
1398 5338 1619 5408 μάντεις
1640 5379 1654 5403 ,
1689 5337 1722 5408 ἢ
1769 5339 1893 5400 τούς

305 5429 391 5483 διὰ
437 5429 718 5500 δαιμόνων
769 5427 1048 5496 καθάρσιά
1097 5444 1218 5480 τινα
1267 5428 1360 5480 καὶ
1413 5428 1892 5498 ἀποτροπιασμοὺς

303 5521 545 5591 ἐνεργεῖν
577 5516 1051 5590 ὑπισχνουμένους
1075 5558 1090 5583 ,
1120 5509 1264 5572 οὗτοι
1298 5519 1606 5588 ἐρωτῶνται
1643 5519 1711 5572 δι’
1748 5519 1896 5588 ἀκρι-

304 5613 449 5681 6th,-
478 5615 576 5670 καὶ
616 5610 1014 5680 άνακρίνονται
1037 5648 1051 5674 ,
1085 5609 1308 5680 πότερον
1350 5611 1698 5683 ἐπιμένοντες
1726 5613 1791 5682 τῇ
1817 5611 1896 5674 είς

2053 2970 2148 3026 llis
2188 2972 2368 3039 itaque
2395 2969 2498 3022 hoc
2521 2966 2682 3022 modo
2717 2965 3014 3030 distinctis,
3056 2981 3395 3036 quaecunque
3423 2968 3549 3036 qui-

1979 3060 2099 3115 dem
2146 3068 2368 3128 peccata
2410 3056 2623 3110 ratione
2654 3056 2934 3124 praeditam
2974 3057 3169 3110 animae
3215 3065 3422 3126 partem
3469 3067 3551 3111 at-

1978 3153 2217 3220 tingunt,
2271 3164 2394 3203 esse
2433 3149 2684 3218 graviora
2734 3161 2763 3200 a
2804 3146 3060 3204 Patribus
3107 3149 3349 3218 judicata
3399 3160 3549 3219 sunt,

1980 3251 2034 3296 et
2078 3240 2270 3309 majori
2306 3255 2370 3293 ac
2416 3238 2800 3292 sufﬁcientiori
2837 3248 2889 3293 et
2939 3240 3286 3295 laboriosiori
3318 3257 3550 3297 conver-

1979 3335 2130 3389 sione
2152 3332 2312 3402 digna
2341 3350 2353 3384 :
2387 3329 2846 3401 quemadmodum
2875 3331 2920 3385 si
2961 3332 3084 3400 quis
3110 3332 3272 3387 tidem
3301 3333 3353 3386 iu
3387 3335 3552 3389 Chri-

1980 3433 2120 3479 stum
2178 3424 2411 3495 negavit,
2468 3425 2549 3478 vel
2614 3424 2683 3477 ad
2714 3423 3094 3506 jludaismum,
3135 3425 3217 3479 vel
3279 3426 3548 3482 idolorum

1979 3517 2218 3581 cultum,
2274 3516 2359 3570 vel
2423 3515 2916 3576 manichaeismum,
2976 3516 3060 3570 vel
3121 3517 3341 3587 aliqum!
3399 3520 3546 3575 aliud

1979 3603 2276 3672 impietatis
2330 3617 2500 3672 genus
2540 3603 2841 3658 descivisse
2873 3603 3024 3659 visus
3077 3606 3166 3668 sit,
3208 3607 3303 3675 qui
3354 3609 3550 3662 volun-

1980 3695 2118 3748 tarie
2164 3693 2382 3762 quidem
2437 3709 2496 3748 se
2557 3694 2626 3748 ad
2677 3695 2729 3749 id
2787 3697 2990 3748 malum
3042 3699 3294 3762 contulit,
3355 3699 3554 3756 deinde

1981 3784 2219 3854 scipsum
2265 3783 2696 3847 condemnavit,-
2737 3791 2911 3839 totum
2967 3793 3183 3857 tempus
3233 3789 3356 3845 vita:
3391 3792 3551 3847 habet

1981 3876 2314 3945 pmniteutiae
2372 3881 2605 3946 tempus.
2663 3875 2957 3947 Nunquam
2996 3881 3164 3944 enim,
3227 3883 3271 3936 si
3323 3884 3553 3954 mystica

1982 3971 2274 4032 peragatur
2318 3968 2516 4028 oratio,
2562 3962 2728 4019 Deum
2789 3981 2896 4020 una
2929 3983 3052 4022 cum
3089 3972 3288 4040 populo
3325 3975 3554 4030 adorare

1981 4053 2178 4122 dignus
2209 4055 2541 4121 censebitur,
2573 4054 2668 4110 sed
2695 4071 2945 4112 seorsum
2982 4063 3332 4130 precabitur;
3392 4079 3422 4118 a
3458 4081 3552 4121 sa-

1982 4158 2387 4203 cramentorum
2455 4157 2634 4204 autem
2705 4151 3095 4207 communione
3154 4155 3376 4208 omnino
3443 4161 3549 4212 erit

1985 4237 2226 4304 alienus;
2279 4240 2333 4292 in
2377 4240 2508 4293 hora
2560 4247 2740 4294 autem
2791 4243 2875 4297 sui
2920 4258 2951 4297 e
2994 4244 3106 4298 vita
3154 4261 3436 4314 excessus,
3463 4263 3553 4302 sa-

1983 4329 2249 4383 cramenti
2292 4331 2692 4386 communionis
2736 4335 2839 4387 erit
2896 4334 3193 4406 particeps.
3243 4337 3337 4392 Sin
3372 4349 3549 4396 autem

1986 4421 2276 4491 contigerit
2307 4429 2363 4476 ut
2387 4422 2433 4478 is
2459 4431 2654 4492 praeter
2675 4439 2829 4496 spem
2860 4426 3026 4491 vivat,
3059 4427 3112 4482 in
3139 4428 3329 4484 eodem
3359 4447 3554 4489 rursus

1987 4511 2130 4566 vivet
2169 4513 2400 4582 judicio,
2441 4515 2796 4585 mysticorum
2826 4527 3299 4576 sacramentorum
3331 4524 3395 4578 ad
3429 4525 3554 4581 vitae

1985 4604 2190 4658 exitum
2251 4620 2426 4674 usque
2473 4619 2687 4674 expers.
2741 4605 2846 4672 Qui
2914 4615 3096 4664 autem
3150 4615 3440 4671 tormentis
3497 4625 3554 4673 et

1986 4695 2242 4766 gravibus
2297 4696 2582 4766 suppliciis
2617 4699 2941 4765 excruciati,
2991 4701 3029 4756 ii
3075 4705 3385 4772 praestituto
3418 4717 3555 4762 tem-

1984 4800 2116 4855 pore
2167 4785 2483 4855 punientur,
2530 4787 2738 4844 sanctis
2790 4788 3050 4846 Patribus
3097 4793 3265 4848 sicin
3318 4811 3413 4851 eos
3446 4798 3557 4853 cle-

1988 4876 2191 4930 mentia
2238 4877 2375 4938 usis,
2425 4885 2684 4949 tanquam
2731 4881 2908 4934 anima
2954 4897 3064 4937 non
3119 4884 3273 4955 lapsa
3319 4889 3409 4953 sit,
3460 4891 3554 4944 sed

1988 4969 2291 5039 corporalis
2356 4955 2700 5026 imbecillitas
2762 4975 3050 5030 tormentis
3109 4991 3214 5031 non
3269 4981 3552 5035 restiterit.

1988 5060 2166 5127 Quare
2219 5076 2474 5117 mensura
2509 5077 2697 5117 eorum
2725 5065 2816 5133 qui
2863 5066 2917 5120 in
2957 5066 3325 5125 fornicatione
3357 5086 3555 5139 pecca-

1989 5161 2140 5216 runt,
2183 5161 2236 5208 et
2284 5155 2337 5208 vi
2379 5155 2672 5225 doloreque
2717 5172 2978 5228 expressa
3051 5163 3438 5232 transgressio,
3501 5162 3555 5216 in

1991 5245 2370 5310 conversione,
2418 5246 2607 5301 eodem
2658 5249 2834 5316 spatio
2879 5249 3131 5305 dimensa
3183 5258 3288 5306 est.

2066 5336 2220 5408 [Cum
2270 5337 2353 5410 5.]
2391 5336 2506 5404 Qui.
2535 5337 2602 5392 ad
2639 5342 3080 5410 praestigiatores,
3129 5342 3212 5395 vel
3263 5347 3416 5395 vates
3469 5342 3558 5395 ab-

1993 5427 2192 5489 ierunt,
2247 5429 2330 5483 vel
2384 5445 2478 5483 eos
2533 5430 2623 5500 qui
2662 5446 2754 5500 per
2785 5431 3057 5485 daemones
3088 5445 3147 5484 se
3178 5429 3560 5502 piacula'quaa-

1994 5520 2117 5574 dam
2174 5529 2228 5575 et
2335 5522 2648 5576 aversiones
2699 5531 3020 5592 Operaturos
3072 5523 3458 5592 pollicentur;
3523 5530 3556 5578 ii

1995 5625 2181 5670 exacte
2247 5615 2650 5686 interrogantur
2706 5622 2762 5669 et
2810 5614 3208 5685 examinantur,
3262 5625 3440 5673 utrum
3503 5619 3558 5672 in
