4066 6146
484 245 588 299 2ἳῖ

1707 226 1766 280 S.
1809 219 2140 279 GREGORII
2180 216 2468 273 NYSSENl

3625 199 3735 252 29.3

488 361 595 413 lide
647 355 702 409 in
748 350 1030 408 Christum
1072 352 1476 418 permanentes,
1526 356 1556 395 a
1591 336 1925 397 necessitate
1960 336 2059 390 ali-

2189 331 2394 405 ἱριστδν
2446 332 2623 384 πίστει
2654 368 2669 393 ,
2722 328 2811 380 ὑπ’
2861 324 3104 392 ἀνάγκης
3147 316 3290 382 τινὸς
3330 314 3735 387 συνηνέχθησαν

485 463 595 521 qua
624 447 691 503 ad
737 442 869 498 illud
906 432 1193 511 peccatum
1233 436 1457 505 impulsi
1503 442 1651 499 sunt,
1684 447 1809 486 cum
1841 428 2058 483 aﬂlictio

490 541 671 608 aliqua
707 535 792 589 vel
827 529 1192 586 intolerabilis
1233 529 1447 599 jactura
1481 527 1628 581 hunc
1676 525 1784 579 illis
1816 521 2058 576 animum

490 627 806 691 indidisset;
858 638 926 677 an
958 621 1183 677 omnino
1216 620 1464 691 neglecto
1502 616 1647 687 quod
1682 615 1842 671 nobis
1880 610 2059 667 credi-

490 728 605 774 tum
651 724 736 771 est
778 713 1119 774 testimonio,
1176 711 1243 765 ad
1291 710 1596 764 daemonum
1634 705 1949 762 societatem
2005 714 2064 756 se

488 808 861 864 contulerunt.
922 805 979 858 Si
1028 805 1174 858 enim
1237 802 1304 856 ad
1354 801 1514 855 ﬁdem
1563 794 1971 856 inﬁrmandam,
2008 800 2065 847 et

492 894 637 966 quod
672 894 836 948 Deum
875 909 998 948 esse
1031 908 1139 947 non
1185 891 1489 955 crederent,
1535 888 1628 959 qui
1661 902 1693 941 a
1735 885 2063 941 Christianis

469 987 738 1042 .credilur
788 994 841 1040 et
890 986 1169 1051 adoratur,
1201 983 1333 1037 illud
1360 982 1632 1045 fecerunt,
1657 986 1820 1034 erunt
1855 978 2068 1034 scilicet

494 1086 868 1149 apostatarum
918 1076 1132 1145 judicio
1172 1075 1416 1129 obnoxii.
1466 1073 1562 1127 Sin
1611 1079 1792 1127 autem
1853 1085 1964 1125 non
1998 1068 2071 1124 Γε-

494 1172 665 1227 renda
706 1170 1009 1226 necessitas
1044 1169 1246 1237 aliqua,
1302 1165 1499 1236 pusillo
1544 1170 1597 1219 et
1627 1152 1839 1232 abjecto
1876 1174 2067 1215 eorum

496 1265 680 1317 animo
739 1269 1019 1331 superato,
1062 1274 1129 1313 eo
1180 1257 1405 1313 deduxit
1441 1256 1576 1311 l‘alsa
1621 1258 1802 1326 aliqua
1848 1270 1942 1324 spe
1977 1254 2073 1309 de-

497 1356 729 1417 ductos;
771 1351 1023 1406 similiter
1061 1350 1166 1403 erit
1199 1357 1250 1401 et
1280 1348 1334 1401 in
1368 1348 1517 1416 ipsos
1563 1347 1870 1411 clementia,
1897 1346 2071 1400 instar

498 1459 687 1498 eorum
744 1442 835 1512 qui
890 1440 1179 1494 tormentis
1210 1441 1263 1492 in
1300 1444 1545 1507 tempore
1582 1437 1949 1492 confessionis
1983 1450 2071 1489 re—

498 1535 695 1593 sistere
745 1549 854 1588 non
903 1541 1217 1602 potuerunt.

2163 404 2346 495 ἐκείνῃ
2383 424 2449 492 τῇ
2500 417 2744 491 ἁμαρτίᾳ
2769 458 2784 481 ,
2826 409 3119 474 κακώσεως
3165 423 3339 471 τινος,
3385 404 3737 495 ἢάιρορήτου

2162 492 2365 586 ζημίας
2394 512 2599 583 ταύτην
2634 510 2814 571 αὐτοῖς
2862 507 2961 577 τὴν
3006 501 3179 573 ὁρμὴν
3232 495 3609 568 ἐμποιησάσης
3635 509 3650 525 ·

2163 607 2391 661 καθόλου
2443 581 2954 672 καταφρονήσαντες
3004 592 3097 647 τοῦ
3132 586 3563 656 πεπιστευμένου
3608 581 3741 653 παρ’

2163 699 2323 770 ἡμῶν
2349 693 2677 768 μαρτυρίου,
2701 692 2768 760 τῇ
2810 687 2920 740 τῶν
2949 684 3218 754 δαιμόνων
3251 678 3555 770 συμμαχίᾳ.
3578 692 3744 770 προ-σ-

2165 766 2416 861 έδραμον.
2449 788 2511 839 Εἰ
2543 784 2638 855 μὲν
2662 781 2771 852 γὰρ
2796 778 3048 848 ἀθετήσει
3072 776 3173 844 τῆς
3206 770 3442 861 πίστεως
3475 768 3571 821 καὶ
3602 766 3744 861 πρδς

2165 857 2236 935 τὸ-
2255 857 2330 951 μῆ
2360 876 2637 931 πιστεύειν
2658 869 2796 926 εἶναι
2825 869 2955 922 Θεὸν
2982 867 3072 919 τὸν
3098 862 3246 934 παρά
3270 861 3375 913 τῶν
3400 857 3742 931 Χριστιανῶν

2168 948 2643 1044 προσκυνούμενον
2664 1006 2678 1031 ,
2713 965 2889 1018 ἐκεῖνο
2934 959 3196 1028 ἐποίησαν
3222 994 3236 1019 ,
3281 952 3481 1044 δηλαδὴ
3515 950 3593 1020 τῷ
3621 948 3747 1044 κρίο

2172 1038 2305 1136 μάτί
2331 1061 2439 1114 τῶν
2478 1038 2839 1129 παραϐάντων
2871 1048 3298 1120 ύπαχθήσονται.
3331 1044 3392 1095 Εἰ
3425 1040 3481 1094 δέ
3508 1056 3592 1102 τις
3614 1038 3747 1092 ἀόάο

2171 1130 2397 1217 στακτος
2450 1151 2664 1218 ἀνάγκη
2709 1142 3172 1215 κατακρατήσασα
3226 1137 3325 1205 τῆς
3384 1130 3746 1204 μικροψυχίας

2171 1247 2349 1300 αὐτῶν
2370 1284 2384 1309 ,
2432 1245 2512 1305 είς
2556 1240 2712 1293 τοῦτο
2755 1235 3074 1305 προσήγαγε
3097 1229 3184 1283 διά
3214 1244 3359 1288 τινος
3387 1222 3747 1294 ἠπατημένης

2172 1339 2382 1400 ἐλπίδος
2432 1330 2976 1405 παρακρουσθέντας,
3017 1322 3277 1384 ὡσαύτως
3318 1319 3469 1372 ἔσται
3521 1317 3615 1370 καὶ
3658 1312 3741 1367 ἐπ’

2174 1432 2350 1488 αὐτῶν
2375 1432 2409 1501 ἡ
2436 1423 2816 1498 φιλανθρωπία
2837 1464 2850 1487 ,
2882 1414 3005 1475 καθ’
3029 1415 3325 1487 ὁμοιότητα
3354 1410 3458 1464 τῶν
3484 1409 3621 1480 πρὸς
3649 1406 3752 1501 τὰς

2177 1498 2443 1595 βασάνους
2472 1523 2530 1573 ὲν
2567 1516 2645 1588 τῷ
2667 1513 2844 1585 καιρῷ
2892 1514 2989 1583 τῆς
3044 1505 3331 1579 ὁμολογίας
3360 1503 3628 1571 ἀντισχεῖν
3673 1498 3748 1570 μὴ

2173 1615 2528 1686 δυνηθέντων.
2676 1598 2679 1599 ν

573 1712 731 1785 (Cen.
786 1714 870 1787 4.]
915 1714 1111 1768 Eorum
1158 1720 1337 1767 autem
1370 1726 1492 1782 quae.
1525 1710 1592 1765 ad
1636 1709 1990 1779 cupiditatem
2019 1720 2073 1764 et

2248 1683 2368 1763 Tt'bv
2418 1706 2475 1759 δὲ
2520 1700 2590 1759 δι’
2640 1698 2935 1771 ἐπιθυμίαν
2982 1712 3042 1747 τε
3088 1693 3183 1746 καὶ
3223 1687 3414 1760 ἡδονὴν
3452 1683 3754 1787 γινομένων

500 1810 832 1878 voluptatem
882 1806 1019 1860 ﬁunt
1075 1812 1449 1874 peccatorum,
1512 1803 1627 1856 haec
1676 1811 1759 1857 est
1810 1801 2006 1856 divisio
2056 1818 2071 1854 :

502 1901 610 1957 hoc
642 1900 786 1955 enim
809 1906 1040 1952 vocatur
1062 1896 1413 1961 adulterium,
1444 1895 1576 1949 illud
1604 1909 1733 1949 vero
1764 1892 2073 1948 l'ornicatio.

500 1992 580 2048 Ac
611 1991 886 2046 nonnullis
924 1988 1144 2060 quidem
1195 2003 1387 2042 eorum
1433 1990 1527 2058 qui
1565 1996 1694 2043 sunt
1738 1986 2074 2050 subtiliores,

500 2085 708 2155 placuit
766 2084 930 2139 etiam
993 2081 1373 2136 fornicationis
1424 2088 1711 2151 peccatum
1747 2079 2077 2134 adulterium

501 2191 629 2232 esse
668 2176 1005 2237 existimare,
1052 2175 1311 2243 quoniam
1370 2186 1478 2226 una
1536 2180 1621 2227 est
1666 2171 1905 2241 legitima
1949 2186 2081 2225 con-

500 2268 713 2336 junctio
732 2273 786 2320 et
829 2265 1075 2320 mulieris
1102 2279 1226 2318 cum
1252 2264 1392 2327 viro,
1430 2272 1485 2318 et
1528 2262 1633 2317 viri
1666 2277 1790 2316 cum
1827 2262 2076 2317 muliere.

505 2356 779 2427 Quidquid
808 2370 940 2425 ergo
971 2369 1079 2407 non
1106 2364 1190 2408 est
1214 2353 1538 2423 legitimum,
1559 2359 1644 2407 est
1664 2352 1887 2405 omnino
1908 2351 2082 2420 injus-

505 2457 622 2504 tum
642 2457 695 2503 et
715 2447 813 2518 legi
838 2446 1174 2501 contrarium
1202 2464 1216 2500 :
1244 2453 1299 2500 et
1331 2444 1423 2514 qui
1448 2458 1555 2497 non
1579 2443 1742 2497 habet
1773 2443 2081 2513 proprium,

502 2542 669 2598 habet
707 2536 930 2595 omnino
976 2540 1235 2594 alienum.
1270 2536 1486 2592 Homini
1526 2537 1670 2591 enim
1706 2550 1816 2591 una
1866 2543 2079 2591 tantum

504 2633 631 2687 data
653 2642 734 2688 est
754 2631 1068 2685 auxiliatrix
1103 2645 1133 2683 a
1165 2629 1368 2691 Deo,et
1410 2627 1627 2682 mulieri
1659 2642 1827 2681 unum
1862 2625 2083 2696 apposi-

506 2732 622 2778 tum
678 2730 762 2777 est
812 2728 995 2792 caput;
1044 2719 1186 2790 Ergo
1230 2720 1276 2773 si
1325 2719 1463 2788 quis,
1526 2718 1769 2787 quidem,
1811 2718 2083 2786 proprium

508 2830 601 2867 vas
658 2828 835 2874 suum,
884 2820 944 2865 ut
989 2811 1207 2866 divinus
1260 2811 1556 2880 Apostolus
1600 2809 1869 2873 nominat,
1907 2824 2085 2876 posse-

514 2905 652 2959 derit
698 2906 779 2972 ⁸³,
824 2905 873 2959 ei
909 2905 996 2959 lex
1024 2903 1474 2973 'naturaejustum
1519 2917 1677 2957 usum
1731 2900 1998 2955 concedit.
2027 2897 2085 2952 Si

511 2999 637 3069 quis
668 3005 850 3051 autem
902 3004 1057 3050 extra
1098 2995 1380 3065 proprium
1415 3009 1714 3050 conversus
1755 2993 1940 3059 fuerit,
1983 2992 2087 3046 erit

512 3090 740 3146 omnino
793 3089 849 3143 in
904 3088 1085 3143 alieno
1123 3106 1136 3143 :
1177 3096 1263 3143 est
1306 3095 1484 3141 autem
1523 3087 1819 3156 unicuique
1851 3085 2085 3139 alienum

512 3182 782 3254 quidquid
835 3196 947 3239 non
980 3189 1066 3236 est
1110 3181 1417 3251 proprium,
1460 3179 1673 3234 etiamsi
1726 3178 1780 3232 id
1818 3192 1929 3230 non
1960 3191 2090 3230 con-

513 3273 733 3330 ﬁteatur
752 3271 847 3343 qui
870 3280 956 3328 est
980 3270 1260 3327 dominus.
1294 3270 1411 3325 Non
1447 3272 1603 3341 longe
1638 3284 1770 3340 ergo
1805 3284 1834 3322 a
1869 3274 2091 3338 peccato

514 3366 791 3430 adulterii,
842 3364 1130 3420 l‘ornicatio
1175 3364 1243 3417 ab
1288 3363 1356 3417 iis
1407 3363 1501 3432 qui
1552 3377 1667 3415 rem
1720 3361 1881 3429 paulo
1930 3374 2093 3413 accu-

515 3459 693 3513 ratius
722 3456 1060 3520 examinant,
1101 3463 1355 3521 suscepta
1412 3462 1517 3514 est,
1570 3468 1693 3505 cum
1743 3452 1888 3505 dicat
1927 3452 2121 3505 etiam-

519 3546 803 3611 Scriptura
850 3563 862 3597 :
902 3543 985 3596 Ne
1014 3544 1209 3596 utullus
1247 3544 1322 3596 sis
1355 3559 1471 3596 cum
1504 3542 1679 3595 aliena
1708 3542 1780 3609 ⁸⁸,
1839 3541 1933 3597 sed
1967 3557 2091 3596 cum

518 3632 978 3689 imbecillioribus
1038 3632 1382 3702 indulgenter
1431 3632 1698 3701 agendum
1761 3638 2095 3686 censuerunt

504 3727 736 3789 Patres,
777 3724 1099 3779 distinctum
1138 3733 1223 3779 est
1262 3731 1546 3793 peccatum
1582 3724 1683 3776 hac
1734 3724 1975 3792 generali
2015 3722 2096 3776 di-

520 3816 757 3880 visione,
799 3814 942 3883 quod
988 3812 1275 3867 fornicatio
1326 3812 1547 3882 quidem
1613 3812 1825 3865 dicatur
1881 3809 2093 3879 cupidi-

523 3908 654 3961 tatis
694 3922 787 3962 seu
845 3906 1089 3960 libidinis
1133 3906 1391 3975 cxpletio,
1437 3920 1559 3974 qua:
1610 3904 1668 3956 lit
1708 3903 1826 3957 sine
1858 3903 1961 3955 alia
1993 3902 2097 3955 ali-

523 3999 684 4068 cujus
734 3997 967 4067 injuria;
1010 3997 1338 4051 adulterium
1374 4011 1525 4062 vero,
1564 3994 1776 4048 insidiae
1812 4002 1865 4048 et
1896 3993 2099 4063 injuria

458 4080 459 4083 “
524 4107 647 4160 qua:
671 4091 829 4144 alteri
868 4088 1204 4143 alferturJn
1230 4104 1295 4143 eo
1321 4096 1499 4142 autem
1527 4094 1579 4141 et
1608 4102 1732 4142 cum
1769 4087 2099 4140 animalibus

527 4182 731 4235 coitum
783 4188 837 4235 et
888 4180 1210 4250 pazdicatum
1261 4195 1382 4235 esse
1430 4179 1778 4243 existimant;
1839 4178 2097 4247 quoniam

531 4276 647 4329 haec
689 4281 816 4328 sunt
866 4281 1076 4328 natura:
1108 4271 1457 4326 adulterium.
1500 4270 1555 4323 In
1587 4270 1637 4323 id
1666 4270 1810 4324 enim
1847 4270 1991 4339 quod
2020 4276 2104 4324 est

2178 1798 2590 1872 ἁμαρτημάτων
2618 1791 2838 1861 τοιαύτη
2869 1788 3015 1840 ἐστὶν
3045 1786 3078 1855 η
3105 1781 3367 1852 διαίρεσις
3387 1792 3399 1807 ·
3430 1776 3492 1872 τὸ
3518 1774 3613 1872 μέν
3642 1773 3755 1872 γάρ

2180 1861 2423 1948 καλεῖταί
2454 1887 2664 1961 μοιχεία
2685 1927 2699 1950 ,
2741 1884 2804 1937 τδ
2838 1881 2894 1935 δὲ
2944 1876 3189 1949 πορνεία.
3221 1872 3344 1926 Τισὶ
3388 1868 3491 1961 μὲν
3522 1861 3615 1961 οὖν
3643 1864 3755 1961 των

2179 1956 2582 2057 ἀκριϐεστέρων
2608 1980 2773 2050 ἤρεσε
2815 1973 2910 2028 καὶ
2937 1970 2996 2024 τὸ
3031 1967 3173 2022 κατὰ
3212 1960 3465 2057 πορνείαν
3499 1956 3757 2057 πλημμέ-

2179 2046 2350 2149 λημα,
2381 2046 2797 2146 μοιχείαν-ἐἶναι
2827 2062 3086 2133 νομίζειν,
3133 2056 3269 2149 διότι
3297 2051 3396 2149 μία
3424 2049 3570 2149 ἐστὶν

2185 2138 2351 2241 μίμος
2382 2138 2613 2231 συζυγία
2636 2203 2650 2227 ,
2687 2159 2783 2213 καὶ
2811 2154 3031 2241 γυναικὶ
3071 2146 3407 2241 πρδςᾶνδρα
3426 2184 3441 2210 ,
3476 2141 3581 2241 καὶ.
3600 2138 3758 2208 ἀνδρὶ

2182 2232 2320 2333 πρὸς
2352 2258 2604 2327 γυναῖκα.
2653 2248 2767 2305 Πᾶν
2818 2237 2910 2302 οὗν
2955 2243 3016 2298 τδ
3063 2242 3137 2313 μὴ
3172 2232 3759 2333 νόμιμᾲονᾳπαράνομον

2183 2322 2400 2411 πάντως
2420 2388 2435 2412 ,
2470 2346 2564 2400 καὶ
2605 2346 2633 2397 ὁ
2660 2342 2737 2413 μὴ
2777 2339 2839 2392 τδ
2889 2337 3019 2392 ῐδιον
3053 2333 3191 2403 ἔχων
3211 2369 3226 2395 ,
3269 2326 3468 2398 δηλαδὴ
3500 2324 3559 2378 τὸ
3602 2322 3760 2413 and.

2182 2459 2332 2513 τριον
2363 2441 2510 2511 ἔχει’
2545 2434 2622 2508 τῷ
2654 2412 2762 2504 γὰρ
2799 2428 3070 2501 ἀνθρώπῳ
3110 2425 3207 2495 μία
3238 2422 3443 2476 δέδοται
3476 2417 3624 2489 παρά
3660 2412 3760 2467 τοῦ

2183 2532 2319 2587 Θεοῦ
2360 2529 2548 2602 βοηθὸς
2572 2570 2586 2592 ,
2619 2525 2714 2580 καὶ
2742 2525 2808 2594 τῇ
2839 2518 3059 2590 γυναικὶ
3096 2515 3192 2587 μία
3220 2514 3555 2602 ἐφήρμοσται
3586 2523 3761 2575 κεφαο

2183 2626 2273 2697 λή.
2306 2597 2512 2677 Ούκονῦν
2557 2617 2610 2669 εί
2637 2611 2734 2681 μέν
2771 2631 2861 2679 τις
2886 2611 2951 2664 τό
2977 2610 3130 2662 ἴδιον
3159 2601 3345 2658 αὑτοῦ
3374 2597 3593 2663 σκεῦος
3613 2636 3626 2658 ,
3658 2613 3764 2648 κα-

2187 2689 2293 2779 eo;
2319 2709 2571 2782 ὀνομάζει
2599 2710 2626 2760 ό
2652 2705 2795 2768 θεῖος
2828 2698 3147 2781 Ἀπόστολος
3166 2734 3180 2759 ,
3215 2691 3407 2757 ἑαυτῷ
3448 2689 3759 2782 κτήσαιτο,
3852 2708 3859 2711 -

2190 2808 2462 2878 συγχωρεῖ
2492 2806 2520 2857 ό
2561 2802 2724 2879 νόμος
2769 2796 2869 2866 τῆς
2922 2793 3134 2862 φύσεως
3162 2784 3515 2879 τὴνδικαίαν
3544 2781 3761 2879 χρῆσιν.

2189 2902 2251 2956 El
2363 2872 2447 2961 τις
2474 2894 2576 2959 ἔξω
2598 2872 2691 2945 τοῦ
2724 2889 2855 2944 ἰδίου
2884 2882 3140 2954 τραπείη,
3165 2882 3221 2933 ἐν
3250 2875 3513 2946 ἀλλοτρίῳ
3546 2872 3764 2933 πάντως

2189 2992 2477 3062 γενήσεται
2500 3001 2513 3015 °
2573 2983 2850 3052 ἀλλότριον
2899 2977 2957 3031 δὲ
3010 2974 3223 3042 ἑκάστῳ
3261 2971 3369 3062 πᾶν
3406 2966 3468 3020 τὸ
3501 2965 3573 3036 μὴ
3600 2962 3763 3062 ίδιον,

2143 3054 2156 3097 λ
2191 3054 2393 3153 adusti]
2418 3075 2845 3150 ὁμολογούμενον
2889 3071 2999 3140 ἔχει
3044 3066 3135 3120 τὸν
3182 3060 3524 3134 κυριεύοντα.
3556 3054 3766 3153 Οὔκουν

2190 3144 2499 3244 πόρρωτοῦ
2528 3144 2795 3233 κατάντὴν
2838 3158 3079 3230 μοιχείαν
3125 3152 3630 3244 πλημμελήματοςᾼ,
3654 3144 3768 3244 ’καὶ

2191 3268 2224 3335 ἡ
2276 3258 2498 3331 πορνεία
2530 3259 2641 3318 τοῖς
2685 3254 2776 3307 τὸν
2821 3249 3206 3321 ἀκριϐέστερον
3248 3243 3558 3309 ἐξετάζουσι
3608 3238 3770 3304 λόγον

2196 3329 2406 3423 ἐδείχθη
2432 3388 2447 3415 ,
2492 3346 2759 3416 λεγούσης
2804 3344 2898 3396 καὶ
2943 3341 3042 3410 τῆς
3087 3338 3238 3401 θείας
3265 3333 3518 3407 Γραφῆς·
3670 3329 3769 3423 Mi;

2194 3420 2403 3507 1:01ch
2422 3442 2544 3495 ἴσθι
2577 3437 2725 3505 πρὸς
2749 3431 3076 3500 ἀλλοτρίαν
3106 3446 3119 3459 ·
3149 3426 3289 3496 πλὴν
3317 3424 3429 3478 ἀλλ’
3456 3420 3636 3489 ἐπειδὴ
3657 3420 3772 3480 τοῖς

2193 3533 2597 3603 ἀσθενεστέροις
2640 3526 2853 3595 ἐγένετό
2899 3541 2983 3586 τις
3017 3519 3169 3591 παρά
3197 3518 3304 3571 τῶν
3350 3515 3606 3582 Πατέρων
3637 3528 3776 3579 συμ-

2196 3625 2488 3699 περιφορά,
2520 3620 2761 3692 διεκρίθη
2800 3619 2862 3671 τὸ
2896 3614 3275 3699 πλημμέλημα
3311 3612 3377 3679 τῇ
3410 3608 3597 3699 γενικῇ
3631 3604 3775 3699 διαιο

2202 3693 2349 3793 ρέσεί
2377 3693 2546 3787 ταύτῃ
2575 3756 2587 3777 ,
2626 3713 2701 3775 ὼς
2740 3696 2995 3779 πορνείαν
3054 3706 3148 3775 μὲν
3182 3697 3322 3755 εἶναι
3372 3699 3465 3751 καὶ
3500 3693 3775 3763 λέγεσθαι,

2196 3814 2294 3883 τὴν
2321 3810 2489 3881 χωρὶς
2524 3805 2735 3866 ἀδικίας
2764 3802 2953 3872 ἐτέρου
2978 3790 3266 3865 γινομένην
3307 3791 3418 3843 τισὶ
3452 3788 3551 3856 τῆς
3590 3785 3779 3837 ἐπιθυ-

2204 3879 2708 3975 μίαςὲκπλήρωσιν
2732 3911 2747 3925 ο
2824 3890 3067 3963 μοιχείαν
3114 3886 3171 3938 δὲ
3194 3925 3207 3948 ,
3244 3883 3341 3953 τὴν
3393 3879 3686 3946 ἐπιϐουλήν
3718 3892 3781 3927 τε

2201 3998 2295 4050 καὶ
2322 3997 2418 4066 τὴν
2449 3991 2660 4046 ἀδικίαν
2688 3987 2779 4041 τοῦ
2807 3983 3107 4055 ἀλλοτρίου.
3151 3979 3240 4033 Ἐν
3273 3975 3445 4047 ταύτῃ
3474 3973 3531 4025 δὲ
3559 3970 3651 4023 καὶ
3677 3969 3781 4037 τὴν

2203 4088 2540 4159 ζωοφθορίαν
2574 4084 2667 4137 καὶ
2709 4083 2807 4151 τὴν
2841 4075 3232 4147 παιδεραστίαν
3270 4066 3408 4123 εἶναι
3439 4065 3778 4133 λογίζονται·

2203 4158 2333 4235 διότι
2362 4158 2457 4233 καὶ
2490 4176 2661 4231 ταῦτα
2687 4171 2900 4243 φύσεώς
2930 4171 3046 4223 ἐστι
3080 4165 3314 4237 μοιχεία.
3351 4163 3447 4226 Εἰς
3469 4162 3576 4230 γὰρ
3603 4159 3663 4212 τὸ
3694 4158 3784 4211 άλ-

2203 4272 2412 4342 λότριόν
2438 4286 2498 4321 τε
2534 4267 2627 4321 καὶ
2657 4263 2809 4334 παρὰ
2846 4260 3004 4330 φύσιν
3029 4260 3237 4327 γίνεται
3268 4257 3300 4325 ἡ
3336 4254 3534 4307 ἀδικία.
3566 4249 3785 4317 Ταύτης

526 4367 785 4429 alienum,
818 4371 873 4419 et
902 4363 1048 4433 quod
1079 4371 1163 4417 est
1196 4369 1390 4432 praeter
1417 4368 1691 4422 naturam,
1723 4361 1780 4416 lit
1804 4361 2086 4429 iujustitia.

2204 4364 2380 4418 τοίνυν
2397 4362 2495 4431 τῆς
2514 4357 2826 4427 διαιρέσεως
2852 4354 2942 4407 καὶ
2970 4354 3026 4404 ὲν
3048 4350 3222 4419 τούτῳ
3244 4347 3320 4417 τῷ
3344 4345 3473 4398 εἴδει
3497 4344 3595 4413 τῆς
3614 4344 3787 4412 ἀμαρ-

526 4456 664 4511 Cum
711 4457 825 4511 haec
846 4471 976 4525 ergo
1007 4454 1207 4510 divisio
1245 4454 1300 4508 in
1332 4455 1435 4508 hac
1483 4454 1646 4508 etiam
1681 4455 1891 4523 peccati
1917 4453 2103 4522 specie

528 4551 644 4614 fiat,
688 4550 999 4605 universale
1041 4558 1124 4604 est
1178 4548 1506 4612 remedium,
1549 4556 1607 4601 ut
1656 4562 1685 4601 a
1716 4547 1987 4601 concitata
2046 4546 2101 4599 in

530 4642 800 4710 ejusmodi
846 4643 1155 4710 voluptates
1193 4641 1363 4704 rabie,
1398 4655 1494 4711 per
1520 4640 1901 4709 paenitentiam
1938 4638 2103 4692 homo

531 4746 703 4799 purus
736 4732 1042 4796 efﬁciatur;
1087 4730 1180 4786 sed
1218 4732 1345 4799 quia
1390 4746 1580 4785 eorum
1621 4731 1713 4800 qui
1757 4731 1809 4783 in
1861 4730 2104 4783 fornica-

533 4821 683 4875 tione
708 4823 895 4890 polluti
923 4830 1070 4887 sunt,
1108 4822 1310 4891 injuria
1345 4822 1526 4890 aliqua
1557 4836 1681 4875 cum
1733 4821 1836 4875 hoc
1873 4830 2102 4891 peccato

534 4929 642 4968 non
676 4915 961 4969 commista
990 4922 1094 4980 est,
1132 4923 1421 4984 propterea
1455 4913 1678 4985 duplum
1723 4913 2104 4969 conversionis

534 5013 747 5071 tempus
787 5004 852 5057 iis
880 5005 1262 5074 praescriptum
1302 5015 1406 5067 est,
1460 5005 1552 5074 qui
1594 5005 1647 5059 in
1694 5006 1965 5060 adulterio
2022 5006 2106 5059 in-

534 5096 746 5169 quinati
792 5102 956 5161 sunt;
996 5103 1049 5150 et
1089 5098 1141 5150 in
1176 5098 1298 5151 aliis
1329 5098 1513 5152 itidem
1554 5099 1736 5153 vetitis
1771 5098 1950 5164 malis,
1992 5098 2106 5152 ani-

535 5192 758 5247 malium
796 5191 956 5254 initu,
988 5200 1043 5244 et
1099 5192 1248 5245 rabie
1297 5192 1349 5245 in
1386 5193 1680 5248 masculos.
1719 5190 1778 5245 ln
1824 5192 1892 5247 iis
1938 5192 2107 5257 enim,

536 5294 596 5339 ut
640 5284 772 5349 dixi,
821 5290 1106 5353 peccatum
1142 5282 1477 5353 duplicatur;
1530 5302 1699 5340 unum
1749 5286 1970 5356 quidem
2028 5285 2109 5357 [in

538 5376 725 5432 illicita
760 5385 816 5431 et
864 5375 1075 5431 nefaria
1106 5377 1422 5446 voluptate;
1471 5377 1701 5432 alterum
1727 5375 1934 5449 autem]
1966 5378 2110 5448 quod

540 5468 739 5537 injuria
759 5485 879 5539 quae
905 5469 959 5523 lit
980 5468 1157 5535 alteri,
1200 5468 1469 5525 consistit.
1509 5469 1605 5523 Est
1646 5477 1827 5525 autem
1864 5468 2109 5540 quaedam

618 5640 660 5669 '"
686 5643 1012 5711 lThess.tv,
1039 5649 1091 5702 4.
1171 5648 1216 5680 ⁸⁵
1251 5646 1456 5702 Eccles.
1497 5662 1569 5705 Ix,
1602 5644 1687 5699 12.

2206 4458 2329 4519 τίας
2369 4449 2738 4523 γεγενημένης
2762 4487 2775 4511 ,
2826 4443 3083 4513 καθολικὴ
3117 4442 3213 4513 μέν
3251 4443 3366 4492 ἐστι
3397 4435 3693 4507 θεραπεία,
3721 4433 3787 4485 τὸ

2207 4549 2306 4619 τῆς
2327 4541 2606 4616 ὲμπαθοῦς
2636 4539 2841 4607 λύσσης
2860 4576 2873 4599 ,
2896 4536 2992 4608 τῆς
3014 4533 3142 4603 περὶ
3171 4531 3266 4593 τὰς
3290 4528 3542 4590 τοιαύτας
3569 4525 3782 4595 ἡδονὰς,

2210 4616 2451 4708 καθαρὸν
2497 4636 2561 4686 ὲκ
2611 4627 2971 4703 μεταμελείας
3015 4621 3266 4693 γενέσθαι
3314 4619 3403 4672 τὸν
3456 4616 3739 4686 ἄνθρωπον
3770 4628 3785 4643 ·

2210 4732 2301 4785 ἐπὶ
2347 4707 2403 4782 δὲ
2434 4726 2543 4780 τῶν
2595 4726 2652 4777 ὲν
2696 4720 2923 4791 πορνεία
2965 4714 3329 4787 μολυνθέντων
3376 4708 3556 4762 ἀδικία
3594 4723 3678 4767 τις
3718 4707 3786 4772 τῇ

2215 4820 2652 4896 άμαρτίᾳ,ταύτῃ
2678 4818 2737 4871 ού
2765 4812 3169 4884 καταμέμικται
3190 4824 3204 4839 ο
3224 4806 3312 4859 διὰ
3338 4804 3491 4856 τοῦτο
3512 4800 3788 4853 διπλάσιον

2213 4890 2420 4987 ὡρίσθη
2434 4890 2545 4981 *τῆς
2574 4906 2905 4978 ἐπιστροφῆς
2924 4905 2952 4956 ὁ
2976 4901 3165 4973 χρόνος
3183 4900 3293 4959 τοῖς
3315 4898 3371 4948 ὲν
3397 4890 3609 4987 μοιχείᾳ
3632 4906 3789 4987 μιαν-

2215 4981 2373 5068 θείσι,
2403 4981 2496 5058 καὶ
2522 5004 2578 5054 ὲν
2608 5003 2720 5062 τοῖς
2741 4998 2920 5060 ἄλλοις
2948 4996 3060 5056 τοῖς
3090 4985 3556 5060 ἀπηγορευμένοις
3578 4981 3786 5043 κακοῖς,

2216 5095 2524 5166 ζωοφθορίᾳ
2546 5111 2605 5146 τε
2646 5091 2739 5145 καὶ
2764 5091 2831 5159 τῇ
2879 5085 3021 5140 κατά
3046 5085 3173 5145 τοὺς
3211 5080 3443 5149 ἄρρενας
3469 5074 3641 5166 λύσαῃ
3664 5085 3679 5100 ·
3709 5072 3787 5166 6s-

2214 5190 2570 5253 πλασιάζεται
2624 5184 2767 5253 γὰρ,
2820 5180 2895 5242 ὡς
2937 5173 3126 5238 εἷπον,
3173 5172 3264 5225 ἐπὶ
3310 5168 3420 5222 τῶν
3468 5163 3788 5231 τοιούτωνή

2217 5283 2481 5353 ἁμαρτία.
2508 5279 2623 5333 Μία
2657 5275 2753 5345 μὲν
2786 5274 2819 5344 ἡ
2847 5269 2988 5325 κατὰ
3011 5268 3108 5337 τὴν
3131 5264 3223 5318 τοῦ
3256 5259 3533 5331 ἀλλοτρίου
3577 5253 3790 5353 ἀδικίαν

2220 5345 2601 5443 συνισταμένη.
2643 5362 2885 5435 Διαφορά
2917 5363 2973 5415 δέ
3002 5359 3083 5423 τίς
3120 5359 3266 5410 ἐστιν
3300 5356 3357 5406 ὲν
3384 5349 3460 5422 τῷ
3506 5349 3648 5443 λόγω
3696 5345 3791 5412 τῆς

2222 5467 2509 5540 μετανοίας
2529 5501 2543 5529 ,
2573 5462 2666 5515 καὶ
2699 5458 2788 5513 ἐπὶ
2818 5456 2924 5510 τῶν
2954 5452 3093 5508 κατά
3121 5450 3311 5521 ἡδονὴν
3334 5438 3793 5515 πλημμελούντων
