4066 6146
303 185 412 240 22:]

1565 194 1897 250 EPISTOLA
1934 191 2296 250 CANONICA.

3451 197 3554 253 ‘230

304 306 555 372 τοιαύτη.
600 301 660 354 '0
714 302 812 372 μὲν
862 302 969 375 γὰρ
1020 304 1113 374 ἀφ’
1160 304 1354 358 ἑαυτοῦ
1396 306 1531 376 πρὸς
1569 306 1666 378 τὴν
1704 305 1890 375 ἐξαγό-

1995 304 2299 362 differentia
2335 307 2389 362 in
2413 305 2624 362 ratione
2645 307 2982 377 pmnitnntiaa
3009 307 3064 362 in
3090 308 3158 364 iis
3183 309 3276 380 qui
3314 309 3369 364 in
3406 315 3558 366 voiu-

305 412 499 467 ρευσιν
545 393 645 463 τῆς
693 395 970 466 ἁμαρτίας
1011 397 1257 468 ὁρμήσας
1288 435 1303 460 ,
1334 396 1481 469 αύτῷ
1513 398 1586 469 τῷ
1605 396 1891 463 καταδέξα-

311 487 438 540 σθαι
466 485 535 540 δι’
560 485 768 550 οἰκείας
811 488 986 558 ὁρμῆς
1021 486 1273 556 γενέσθαι
1313 488 1419 541 τῶν
1468 488 1712 559 κρυφίων
1755 506 1888 541 κατ-

307 580 516 648 ἡγορος
537 593 551 608 ⁸
581 576 657 640 ὡς
696 576 796 648 ἤδη
843 578 942 648 τῆς
978 577 1271 649 θεραπείας
1302 577 1396 632 τοῦ
1429 577 1631 640 πάθους
1655 576 1890 646 ἀρξάμε-

307 685 437 733 νος,
483 669 578 721 καὶ
626 671 851 738 σημεῖον
888 671 986 740 τῆς
1032 669 1167 740 πρὸς
1203 670 1265 722 τὸ
1313 672 1558 740 κρεῖττον
1590 668 1889 739 μεταϐολῆς

307 760 721 830 ἐπιδειξάμενος
755 799 770 823 ,
823 763 880 813 ἐν
937 760 1462 832 φιλανθρωποτέροις
1520 762 1727 828 γίνεται
1778 763 1889 822 τοῖς

308 851 628 922 ἐπιτιμίοις.
666 852 722 904 Ὁ
748 852 804 905 δὲ
836 851 1107 922 φωραθεὶς
1139 854 1230 904 ἐπὶ
1263 851 1339 922 τῷ
1369 851 1541 922 κακῷ,
1568 851 1600 921 ἦ
1629 851 1716 904 διά
1747 868 1888 915 τινος

307 942 552 1011 ὑποψίας
634 944 668 1012 ἢ
707 944 1038 1014 κατηγορίας
1088 943 1358 1006 ἀκουσίως
1403 943 1796 1012 ἀπελεγχθεὶς,
1831 943 1889 995 ἐν

307 1033 684 1107 ἐπιτεταμένῃ
731 1034 941 1102 γίνεται
985 1037 1048 1104 τῇ
1099 1035 1437 1105 ἐπιστροφῇ·
1464 1033 1603 1091 ὥστε
1658 1035 1888 1106 καθαρι-

307 1123 510 1178 σθέντα
536 1125 605 1177 δι’
634 1124 922 1196 ἀκριϐείας
950 1125 1131 1187 αὑτὸν,
1162 1122 1332 1188 οὕτως
1363 1124 1454 1177 ἐπὶ
1479 1125 1575 1195 τὴν
1604 1125 1710 1176 τῶν
1734 1126 1890 1191 ἁγια-

308 1216 539 1284 σμάτων
567 1217 852 1269 κοινωνίαν
883 1215 1302 1288 παραδεχθῆναι.
1334 1217 1488 1269 Ἐστι
1513 1217 1692 1271 τοίνυν
1723 1218 1750 1268 ὁ
1785 1234 1888 1270 κα-

307 1303 420 1356 νὼν
450 1305 689 1368 τοιοῦτος
717 1345 731 1370 ,
761 1305 900 1358 ὥστε
927 1308 1048 1368 τοὺς
1077 1306 1135 1358 ἐν
1173 1305 1397 1376 πορνείᾳ
1423 1307 1800 1376 μολυνθέντας,
1829 1308 1886 1359 ἐν

303 1398 463 1468 τρισὶ
495 1396 594 1468 μὲν
619 1396 762 1450 έτεσι
793 1397 1018 1450 καθόλου
1040 1396 1140 1467 τῆς
1162 1397 1324 1467 εὐχῆς
1365 1398 1701 1471 ἀποϐλήτους
1727 1395 1887 1452 εἶναι·

303 1489 368 1540 ἐν
389 1491 538 1558 τρισὶ
565 1489 620 1540 δέ
649 1472 1088 1562 τῆςάκροάσεως
1129 1495 1377 1564 μετέχειν
1408 1492 1594 1564 μόνης,
1622 1493 1680 1545 ἐν
1709 1491 1889 1555 ἀλλοις

303 1578 363 1630 δὲ
393 1580 578 1648 τρισὶν
615 1579 760 1633 ἔτεσι
812 1581 948 1652 μετά
986 1583 1093 1636 τῶν
1133 1586 1192 1637 ἐν
1217 1587 1284 1656 τῇ
1335 1586 1635 1654 ἐπιστροφῇ
1689 1583 1887 1636 ὑποπι-

304 1669 555 1723 πτόντων
585 1669 999 1740 προσεύχεσθαι,
1031 1671 1125 1724 καὶ
1154 1672 1273 1726 τότε
1307 1672 1554 1743 μετέχειν
1590 1671 1700 1724 τῶν
1727 1671 1884 1738 ἁγια-

309 1761 557 1830 σμάτων.
604 1761 729 1815 Ἐπὶ
759 1761 816 1815 δέ
858 1763 966 1816 τῶν
1002 1765 1411 1836 σπουδαιότερον
1443 1763 1794 1836 κεχρημένων
1819 1765 1884 1834 τῇ

303 1853 650 1924 ἐπιστροφῇ,
704 1856 798 1910 καὶ
846 1854 923 1927 τῷ
971 1856 1071 1928 βίῳ
1129 1855 1450 1910 δεικνύντων
1489 1857 1586 1927 τὴν
1642 1854 1778 1926 πρὸς
1827 1855 1889 1910 τὸ

305 1941 516 2008 ἀγαθὸν
563 1943 854 2008 ἐπάνοδον,
901 1943 1076 2010 ἔξεστι
1122 1943 1202 2014 τῷ
1231 1942 1600 2014 οίκονομοῦντι
1644 1942 1778 2013 πρὸς
1827 1941 1888 1994 τὺ

308 2035 592 2106 συμφέρον
610 2035 709 2107 τὴν
742 2035 1197 2104 ἐκκλησιαστικὴν
1233 2034 1544 2103 οἰκονομίαν
1565 2073 1578 2096 ,
1606 2035 1887 2102 συντεμεῖν

304 2125 400 2177 τὸν
436 2125 627 2195 χρόνον
665 2124 766 2195 τῆς
794 2125 1106 2195 ἀκροάσεως
1125 2165 1139 2190 ,
1169 2124 1262 2178 καὶ
1303 2125 1490 2194 τάχιον
1525 2125 1607 2186 εἰς
1634 2125 1888 2193 ἐπιστρο-

306 2214 417 2284 φὴν
445 2215 710 2282 ἀγαγεῖν,
762 2214 856 2265 καὶ
905 2213 1064 2267 πάλιν
1112 2213 1204 2264 καὶ
1235 2211 1421 2265 τοῦτον
1469 2214 1754 2282 συντεμεῖν
1795 2212 1885 2264 τὸν

304 2305 504 2376 χρόνον
527 2343 542 2368 ,
582 2305 673 2357 καὶ
714 2305 898 2374 τάχιον
932 2302 1223 2358 ἀποδοῦναι
1253 2303 1351 2374 τὴν
1380 2305 1661 2359 κοινωνίαν
1686 2346 1702 2370 ,
1740 2305 1888 2368 ὅπως

303 2395 375 2449 ἂν
405 2398 474 2464 τῇ
509 2392 700 2448 ἑαυτοῦ
732 2394 1022 2465 δοκιμασίᾳ
1065 2395 1290 2465 ἐκκρίνῃ
1323 2395 1423 2466 τὴν
1469 2395 1562 2449 τοῦ
1593 2395 1887 2464 θεραπευο-

305 2485 477 2551 μένου
507 2483 1073 2554 κατάστασιν.”Ωσπερ
1093 2483 1200 2554 γάρ
1220 2484 1280 2536 τὸ
1311 2487 1421 2546 toi;
1445 2484 1646 2554 χοίροις
1674 2487 1886 2554 ῥίπτειν

303 2574 395 2627 τὸν
432 2573 777 2646 μαργαρίτην
805 2565 1140 2644 ἀπείρηται,
1173 2574 1314 2628 οὕτω
1335 2576 1396 2628 τὺ
1431 2577 1753 2647 ἀποστερεῖν
1793 2579 1885 2632 τοῦ

210 2703 232 2720 .
304 2664 494 2733 τιμίου
541 2663 880 2742 μαργαρίτου
913 2665 1004 2718 τὸν
1053 2663 1154 2735 ἤδη
1193 2664 1480 2734 ἄνθρωπον
1524 2666 1612 2719 διὰ
1653 2669 1752 2737 τῆς
1786 2685 1887 2720 κα-

1993 403 2139 468 ptate
2169 405 2486 465 peccarunt,
2527 395 2817 466 ejusmodi.
2857 396 2957 462 Qui
2993 397 3138 451 enim
3156 413 3220 453 ex
3246 414 3305 454 se
3342 399 3466 470 ipso
3491 400 3560 456 ad
3640 395 3643 397 ’

1993 501 2090 540 sua
2113 485 2436 556 proferenda
2464 495 2688 556 peccata
2716 487 2986 556 impulsus
3027 497 3130 551 est,
3174 503 3240 543 eo
3269 491 3414 558 quod
3457 506 3559 547 sua

1991 585 2184 648 sponte
2213 579 2552 634 occultorum
2594 587 2878 634 accusator
2910 594 3032 636 esse
3058 582 3314 648 voluerit,
3368 591 3424 637 ιιι
3466 584 3559 654 qui

1989 669 2098 739 jam
2157 669 2432 724 aifectioni
2507 670 2829 726 medicinam
2894 671 3153 726 adhibere
3201 674 3450 742 coeperit,
3507 683 3559 728 et

1991 758 2204 827 signum
2259 757 2578 812 mutationis
2616 759 2668 812 in
2722 758 2776 812 id
2827 760 2970 829 quod
2995 770 3080 815 est
3125 763 3321 817 melius
3375 770 3561 817 osten-

1993 849 2156 915 derit,
2191 849 2244 903 in
2281 849 2589 905 mitioribus
2633 851 2810 919 poenis
2849 861 3118 906 versatur.
3155 851 3258 918 Qui
3287 863 3467 909 autem
3503 855 3559 908 in

1991 942 2134 992 malo
2169 941 2537 1010 deprehensus
2581 948 2684 1006 est,
2723 943 2807 996 vel
2841 950 3063 1012 propter
3107 944 3343 1013 aliquam
3379 946 3562 1015 suspi-

1989 1031 2200 1084 cionem
2258 1031 2342 1084 vel
2385 1033 2786 1087 accusationem
2826 1034 3077 1103 ingratiis
3121 1035 3408 1091 convictus
3451 1045 3559 1102 est,

1990 1122 2207 1192 longius
2262 1124 2337 1178 illi
2380 1125 2756 1181 conversionis
2806 1136 3020 1196 tempus
3069 1125 3268 1194 datur;
3327 1137 3386 1183 ut
3443 1130 3561 1199 ipse

1989 1216 2228 1284 perfecte
2255 1223 2538 1285 purgatus,
2588 1215 2667 1270 sic
2698 1216 2764 1270 ad
2811 1227 3280 1271 sacramentorum
3318 1233 3562 1273 commu-

1989 1308 2207 1362 nionem
2262 1308 2599 1362 admittatur.
2650 1307 2745 1363 Est
2789 1324 2918 1378 ergo
2951 1310 3135 1364 Canon
3165 1313 3458 1382 ejusmodi,
3502 1325 3561 1371 ut

1990 1400 2080 1470 qui
2112 1400 2166 1453 in
2214 1398 2574 1455 fornicatione
2613 1401 2803 1470 polluti
2831 1411 2979 1465 sunt.
3031 1403 3087 1456 in
3131 1405 3306 1461 tribus
3339 1408 3556 1476 quidem

1990 1493 2150 1545 annis
2209 1493 2277 1546 ab
2311 1493 2556 1546 oratione
2600 1493 2822 1548 omnino
2869 1495 3243 1563 expellantur;
3298 1498 3353 1551 in
3385 1501 3560 1556 tribus

1991 1593 2170 1640 autem
2204 1585 2315 1641 sint
2367 1586 2540 1641 solius
2579 1585 2876 1642 auditionis
2908 1589 3221 1657 participes,
3279 1590 3332 1643 in
3382 1591 3561 1648 tribus

1989 1683 2168 1728 autem
2209 1675 2350 1739 aliis,
2393 1690 2516 1728 cum
2569 1678 2638 1730 iis
2671 1677 2763 1745 qui
2818 1678 2873 1731 in
2918 1679 3278 1734 conversione
3315 1680 3562 1736 subster-

1989 1775 2221 1831 nuntur,
2277 1774 2589 1834 precentur,
2643 1776 2698 1821 et
2746 1775 2877 1822 tunc
2924 1770 3033 1824 sint
3087 1782 3557 1827 sacramentorum

1991 1859 2308 1930 participes.
2341 1859 2398 1912 In
2430 1859 2498 1914 iis
2519 1865 2699 1914 autem
2723 1861 2815 1930 qui
2837 1861 3166 1932 diligentiori
3201 1865 3562 1921 conversione

1991 1952 2077 2006 usi
2106 1950 2325 2017 fuerint,
2360 1959 2413 2007 et
2436 1953 2547 2006 vita
2567 1989 2580 2013 ,
2605 1952 2671 2007 ad
2699 1953 2751 2006 id
2773 1954 2918 2023 quod
2950 1954 3154 2008 bonum
3180 1965 3285 2019 est,
3320 1957 3560 2011 reditum

1989 2042 2349 2107 ostenderint,
2405 2043 2531 2098 licet
2566 2043 2616 2098 ei
2664 2044 2758 2113 qui
2809 2045 3112 2114 dispensat,
3166 2061 3264 2115 pro
3303 2049 3562 2102 ecclesia-

1988 2140 2138 2193 sticae
2167 2137 2486 2192 meonomiae
2523 2137 2772 2204 utilitate,
2815 2147 3030 2207 tempus
3076 2139 3374 2196 auditionis
3426 2156 3563 2196 con-

1988 2229 2223 2296 trahere,
2267 2236 2320 2283 et
2349 2229 2581 2284 celerius
2619 2228 2685 2282 ad
2720 2230 3132 2285 conversionem
3160 2232 3466 2288 deducere:
3507 2242 3562 2288 et

1988 2336 2182 2375 rursus
2209 2320 2312 2374 hoc
2335 2335 2555 2390 quoque
2587 2327 2802 2391 tempus
2832 2322 3174 2387 contrahere,
3227 2335 3281 2376 et
3324 2324 3560 2378 celerius

1988 2414 2429 2468 communionem
2473 2411 2717 2475 reddere,
2747 2422 2805 2467 ut
2828 2428 2924 2468 sua
2951 2414 3290 2482 probatione,
3324 2416 3445 2484 ejus
3471 2417 3560 2471 cui

1989 2505 2197 2559 medela
2240 2504 3026 2569 adhibetur“constitutionem
3063 2504 3563 2574 dijudicet.Quem-

1990 2597 2281 2652 admodum
2313 2599 2456 2653 enim
2487 2597 2671 2666 porcis
2695 2597 3019 2666 margaritas
3050 2597 3320 2667 projicere
3351 2607 3434 2654 est
3462 2614 3562 2654 ve-

1989 2687 2172 2752 titum,
2229 2687 2304 2741 ita
2351 2696 2404 2742 et
2445 2687 2683 2757 pretiosa
2723 2687 3015 2755 margarita
3048 2686 3262 2755 privare
3294 2703 3417 2741 eum
3466 2690 3560 2757 qui

312 2753 610 2824 θαρότητός
638 2770 697 2805 τε
728 2753 822 2807 καὶ
873 2754 1138 2817 ἀπαθείας
1181 2754 1468 2825 γενόμενον
1495 2795 1509 2822 ,
1537 2757 1641 2809 τῶν
1673 2758 1891 2813 ἀτόπων

1995 2777 2096 2847 iam
2127 2793 2225 2846 per
2249 2777 2629 2831 alienationem
2667 2791 2695 2828 a
2730 2777 2861 2830 vitio
2884 2784 2935 2831 et
2963 2777 3338 2846 purgationem
3397 2777 3562 2832 homo

311 2845 478 2898 ἐστίν.
528 2845 598 2897 Ἢ
638 2845 695 2896 δὲ
726 2844 868 2897 κατά
919 2847 1159 2914 μοιχείαν
1190 2847 1305 2916 ἦτοι
1339 2841 1432 2900 καὶ
1462 2847 1533 2900 τά
1562 2849 1724 2903 λοιπά
1770 2850 1885 2922 εῖδη

1991 2866 2061 2921 sit
2095 2865 2293 2931 factus,
2326 2865 2623 2920 absurdum
2657 2873 2757 2920 est.
2791 2865 2922 2930 Quae
2961 2872 3141 2919 autem
3182 2866 3236 2919 in
3289 2865 3561 2921 adulterio

310 2938 406 3007 τῆς
446 2935 793 3007 ἀκαθαρσίας
827 2937 1089 3007 γενομένη
1112 2939 1455 3008 παρανομία,
1485 2940 1667 3004 καθὼς
1705 2941 1888 3012 προεί-

1995 2967 2044 3013 et
2080 2959 2132 3011 in
2179 2958 2402 3027 reliquis
2450 2956 2806 3011 immunditiae
2845 2957 3135 3026 generibus
3176 2957 3233 3010 fit
3274 2956 3561 3023 iniquitas,

312 3046 498 3100 ρηται,
537 3027 680 3081 κατά
710 3028 888 3080 πάντα
922 3030 979 3080 ἐν
1012 3027 1088 3098 τῷ
1118 3027 1265 3098 αὐτῷ
1294 3031 1520 3101 κρίματι
1554 3031 1890 3106 θεραπευθῆ-

309 3136 487 3182 σεται,
524 3121 582 3172 ἐν
612 3113 656 3186 ᾧ
681 3119 775 3171 καὶ
799 3119 859 3172 τὸ
889 3119 987 3188 τῆς
1023 3120 1276 3189 πορνείας
1313 3121 1445 3188 ἄγος
1469 3139 1482 3152 ⁹
1525 3122 1601 3192 τῷ
1637 3123 1692 3176 δὲ
1714 3128 1891 3197 Χρόνῳ

307 3209 745 3274 διπλασιάζεται.
782 3211 1307 3281 Παρατηρηθήσεται
1339 3211 1396 3264 δὲ
1427 3214 1520 3266 καὶ
1559 3215 1643 3266 ἐπ’
1673 3216 1820 3286 αὐτῷ
1855 3219 1888 3288 ἡ

309 3302 404 3354 τοῦ
429 3300 864 3372 θεραπευομένου
899 3300 1166 3366 διάθεσις,
1203 3300 1261 3353 ὃν
1300 3304 1498 3370 τρόπον
1527 3305 1622 3357 καὶ
1655 3307 1748 3358 ἐπὶ
1780 3306 1888 3361 τῶν

307 3392 388 3462 τῷ
423 3391 681 3461 μολυσμῷ
723 3391 824 3461 τῆς
867 3391 1121 3462 πορνείας
1170 3393 1629 3462 συνενεχθέντων,
1661 3396 1800 3451 ὥστε
1852 3400 1885 3471 ἢ

309 3486 506 3537 θᾶττον
541 3483 573 3552 ἣ
601 3482 922 3554 βραδύτερον
948 3483 1196 3544 γενέσθαι
1224 3487 1407 3548 αὐτοῖς
1440 3487 1538 3557 τὴν
1563 3487 1654 3540 τοῦ
1683 3489 1890 3558 ἀγαθοῦ

314 3575 625 3641 μετουσίαν.

381 3670 645 3722 Λείπεται
670 3667 806 3738 πρὸς
829 3665 1035 3728 τούτοις
1056 3665 1116 3718 τὸ
1132 3664 1410 3736 θυμοειδὲς
1437 3667 1535 3736 τῆς
1553 3667 1729 3738 ψυχῆς
1755 3687 1892 3742 προ-

316 3762 488 3814 θεῖναι
522 3761 600 3819 είς
645 3757 906 3824 ἐξέτασιν,
953 3757 1080 3809 ὅταν
1106 3755 1524 3827 παρασφαλεῖσα
1552 3757 1647 3827 τῆς
1683 3759 1892 3828 ἀγαθῆς

313 3849 408 3904 τοῦ
455 3850 628 3920 θυμοῦ
669 3851 943 3921 χρήσεως,
979 3850 1058 3910 είς
1092 3845 1364 3916 ἁμαρτίαν
1393 3846 1620 3916 ἐκπέσῃ.
1680 3849 1892 3904 Πολλῶν

313 3958 373 3993 τε
402 3940 573 3992 ὄντων
605 3938 748 3992 κατά
763 3938 932 4008 θυμὸν
947 3939 1027 4000 είς
1051 3937 1321 4008 ἁμαρτίαν
1347 3937 1776 4006 ἐνεργουμένων,
1799 3942 1892 3994 καὶ

315 4034 537 4087 πάντων
563 4030 770 4097 κακῶν,
815 4029 978 4100 ἤρεσέ
1006 4046 1121 4091 πως
1162 4031 1274 4092 τοῖς
1319 4028 1596 4099 Ῑῐατράσιν
1627 4030 1800 4100 ἡμῶν,
1821 4035 1890 4085 ἐν

312 4127 428 4185 τοῖς
470 4121 651 4184 ἄλλοις
689 4120 762 4192 μὴ
813 4120 931 4174 λίαν
975 4119 1466 4190 ἀκριϐολογεῖσθαι,
1516 4119 1651 4190 μηδὲ
1694 4122 1893 4193 πολλῆς

1991 3057 2049 3103 ιιι
2083 3051 2286 3102 dictum
2324 3058 2427 3113 est,
2453 3048 2642 3102 eodem
2689 3048 2899 3116 judicio
2934 3049 3189 3116 punietur
3217 3065 3326 3118 quo
3362 3053 3412 3104 et
3443 3048 3558 3102 for—

1991 3141 2283 3195 nicationis
2317 3140 2516 3203 scelus,
2559 3139 2653 3194 sed
2693 3147 2934 3206 tempore
2987 3139 3374 3206 duplicabitur.
3405 3141 3462 3191 In
3496 3155 3560 3194 eo

1992 3243 2194 3295 autem,
2235 3233 2354 3299 ejus
2385 3230 2546 3282 etiam
2598 3229 2687 3282 cui
2737 3227 2944 3282 medela
2997 3229 3306 3293 adhibetur,
3348 3230 3560 3284 affectio

1995 3319 2452 3382 considerabitur,
2478 3337 2585 3389 quo
2608 3320 2849 3374 modo-et
2886 3319 2938 3372 in
2974 3319 3043 3373 iis
3063 3320 3156 3388 qui
3185 3318 3563 3374 fornicationis

1994 3413 2406 3480 inquinamento
2443 3410 2719 3480 illaqueati
2765 3419 2914 3474 sunt,
2962 3420 3021 3464 ut
3047 3411 3128 3465 vel
3158 3411 3320 3467 citius
3349 3410 3434 3464 vel
3455 3419 3562 3465 tar-

1999 3504 2123 3561 dius
2142 3503 2224 3561 eis
2243 3506 2315 3560 sit
2337 3505 2462 3561 boni
2487 3498 2847 3573 participatio.

2065 3664 2256 3718 Restat
2302 3663 2367 3715 ad
2421 3663 2534 3729 inec
2602 3669 2660 3715 ut
2718 3662 3043 3716 irascentem
3117 3664 3311 3717 anima:
3351 3673 3561 3734 partem

1996 3755 2410 3812 examinandum
2449 3769 2840 3826 proponamus,
2871 3756 3090 3823 quando
3132 3757 3282 3823 lapsa
3335 3772 3363 3808 a
3422 3757 3564 3810 bono

1997 3849 2090 3903 ira:
2114 3865 2214 3903 usu
2243 3849 2298 3904 in
2334 3854 2613 3916 peccatum
2646 3845 2923 3901 ceciderit.
2968 3845 3139 3918 [Cum
3175 3845 3264 3918 5.]
3289 3848 3423 3902 Cum
3461 3865 3564 3901 au-

1997 3949 2102 3993 tem
2147 3941 2316 3992 multa
2377 3938 2486 3990 sint
2537 3951 2658 4006 quae
2703 3951 2800 4006 per
2851 3936 2987 3990 iram
3053 3935 3187 3989 fiunt
3243 3945 3462 4004 peccata
3513 3944 3567 3988 et

1999 4032 2176 4086 omnis
2214 4029 2427 4100 generis
2464 4029 2628 4092 mala,
2674 4027 2879 4097 placuit
2910 4026 3165 4081 omnibus
3213 4026 3416 4080 nostris
3463 4025 3568 4077 Pa-

2001 4123 2174 4177 tribus
2248 4122 2300 4175 in
2363 4119 2485 4174 aliis
2558 4118 2779 4189 quidem
2830 4133 2939 4170 non
3005 4117 3231 4170 nimium
3297 4116 3568 4171 subtiliter

315 4218 464 4282 ἆξιον
499 4215 747 4286 ἡγεῖσθαι
778 4213 1031 4282 σπουδῆς,
1065 4212 1126 4265 τὸ
1164 4211 1486 4282 θεραπεύειν
1524 4212 1700 4268 πάντα
1730 4213 1798 4267 τὰ
1829 4218 1891 4267 έκ

2000 4229 2180 4284 agere,
2215 4228 2317 4267 nec
2350 4211 2581 4266 nimium
2618 4210 2672 4264 in
2705 4224 2770 4264 eo
2819 4209 2985 4263 studii
3019 4221 3304 4277 Operaeque
3345 4222 3563 4274 ponere,

315 4307 490 4378 θυμοῦ
519 4305 939 4376 παραπτώματα
958 4320 970 4332 ·
1011 4304 1104 4357 καί
1132 4303 1214 4357 τοί
1245 4321 1305 4373 γε
1332 4305 1426 4373 τῆς
1453 4304 1692 4373 Γραφῆς,
1717 4306 1778 4357 οὐ
1808 4309 1898 4376 μό-

314 4415 404 4452 νον
447 4393 775 4467 τὴν·ψυχὴν
815 4393 1261 4463 ἀπαγορευούσης
1311 4392 1522 4462 πληγήν
1553 4409 1566 4421 ⁵
1615 4394 1749 4448 ἀλλά
1800 4397 1895 4449 καὶ

315 4490 501 4542 πᾶσαν
533 4486 820 4556 λοιδορίαν,
866 4483 898 4554 ἢ
933 4484 1296 4555 βλασφημίαν,
1337 4483 1431 4537 καὶ
1459 4484 1512 4536 ετ
1543 4501 1595 4535 τι
1624 4484 1750 4538 ἄλλο
1782 4505 1894 4541 τοι-ο

315 4579 472 4633 οὖτον
501 4581 529 4630 ό
565 4577 734 4646 θυμὸς
771 4573 1170 4645 ἀπεργάζεται·
1220 4574 1377 4645 μόνον
1402 4575 1459 4628 δὲ
1497 4576 1589 4629 τοῦ
1624 4578 1763 4631 κατὰ
1804 4579 1895 4632 τὸν

319 4674 479 4744 φόνον
509 4672 673 4740 ἄγους
713 4669 810 4740 τὴν
840 4668 1234 4740 παραφυλακὴν
1277 4668 1619 4738 ἐποιήσαντο,
1666 4670 1754 4723 διὰ
1787 4670 1918 4724 τῶν⁷

319 4763 629 4833 ἐπιτιμίων.
663 4761 924 4832 Διῄρηται
949 4760 1006 4813 δὲ
1035 4759 1095 4813 τὸ
1129 4759 1364 4812 τοιοῦτον
1391 4759 1555 4813 κακὸν
1579 4764 1644 4831 τῇ
1666 4761 1897 4834 διαφορᾷ.

317 4856 412 4910 τοῦ
448 4855 698 4910 ἑκουσίου
739 4870 800 4906 τε
845 4853 940 4906 καὶ
979 4853 1258 4915 ἀκουσίου,
1291 4853 1349 4906 ἐν
1377 4847 1457 4916 οἷς
1505 4853 1748 4917 ἑκούσιος
1799 4855 1896 4923 μέν

317 4951 434 5002 ἐστι
464 4948 642 5016 φόνος.
682 4945 904 5018 Πρῶτον
929 4945 1044 5016 μὲν,
1086 4946 1115 4998 ὁ
1150 4945 1215 4998 ἐκ
1245 4945 1597 5015 παρασκευῆς
1628 4945 1896 5016 τετολμη-

322 5041 484 5111 μένος
509 5039 604 5092 τοῦ
627 5039 708 5101 εἰς
733 5037 865 5090 αὐτὸ
892 5037 1046 5090 τοῦτο
1073 5036 1553 5108 εύτρεπισαμένου,
1581 5039 1726 5101 ὅπως
1746 5036 1812 5091 ἀν
1837 5039 1898 5091 τὸ

319 5135 449 5202 ἄγος
469 5132 796 5204 ἐργάσηται.
819 5130 1045 5182 Ἔπειτα
1060 5129 1115 5182 δὲ
1140 5131 1390 5193 κάκεῖνος
1421 5130 1478 5182 ἐν
1497 5131 1609 5192 τοῖς
1632 5129 1896 5194 ἑκουσίοις

321 5224 604 5295 ἐνομίσθη,
625 5224 756 5277 ὅταν
773 5239 858 5285 τις
888 5223 947 5274 ἐν
966 5220 1246 5291 συμπλοκῇ
1283 5221 1375 5274 καὶ
1403 5220 1571 5292 μάχῃ,
1593 5221 1807 5274 τύπτων
1839 5239 1897 5274 τε

321 5315 414 5369 καὶ
438 5315 800 5384 τυπτόμενος,
815 5313 1010 5384 ἐνέγκῃ
1033 5312 1170 5366 κατά
1188 5329 1332 5374 τινος
1354 5313 1570 5381 καιρίου
1586 5311 1683 5382 τὴν
1699 5311 1788 5365 διὰ
1802 5313 1898 5381 τῆς

320 5405 499 5478 χειρὸς
529 5405 775 5476 πληγήν.
809 5393 869 5455 Ὀ
887 5403 994 5474 γὰρ
1016 5402 1161 5469 ἅπαξ
1184 5403 1260 5474 τῷ
1281 5401 1438 5472 θυμῷ
1468 5402 1778 5474 κρατηθεὶς,
1807 5403 1901 5455 καὶ

317 5499 380 5569 τῇ
410 5499 559 5570 ὁρμῇ
604 5495 708 5564 τῆς
747 5494 912 5564 ὀργῆς
942 5495 1310 5566 χαριζόμενος,
1346 5494 1497 5547 οὐδὲν
1535 5493 1600 5546 ἂν
1629 5494 1780 5564 παρά
1811 5494 1900 5546 τὸν

317 5590 507 5663 καιρὸν
543 5584 643 5641 τοῦ
668 5582 872 5647 πάθους
892 5583 999 5638 τῶν
1024 5583 1288 5653 ἀνακόψαι
1318 5582 1378 5637 τδ
1404 5581 1569 5638 κακὸν
1592 5583 1900 5654 δυναμένων

2009 4314 2068 4360 ιιι
2093 4303 2274 4358 omnia
2306 4318 2426 4372 qua:
2451 4318 2519 4357 ex
2552 4302 2634 4354 ira
2664 4306 3019 4354 nascerentur
3049 4297 3245 4352 delicta
3276 4306 3564 4361 curarent;

2003 4394 2253 4467 quamvis
2291 4391 2574 4460 Scriptura
2628 4405 2737 4444 non
2785 4390 2958 4443 solum
3013 4387 3212 4441 vulnus
3261 4387 3566 4455 prohibeat,

2004 4487 2098 4544 sed
2129 4487 2291 4541 etiam
2318 4497 2480 4538 omne
2521 4481 2828 4535 convicium
2866 4478 2945 4532 vel
2981 4478 3349 4541 maledictum,
3411 4485 3464 4531 ct
3521 4479 3568 4532 si

2002 4576 2130 4647 quid
2166 4575 2309 4630 aliud
2358 4570 2625 4642 ejusmodi
2657 4571 2731 4624 ita
2783 4568 2988 4635 edicit;
3027 4567 3119 4622 sed
3177 4567 3346 4622 solam
3405 4567 3571 4620 caedis

2003 4667 2312 4722 cautionem
2372 4664 2487 4719 suis
2548 4662 2725 4732 pomis
2800 4660 3242 4714 introduxerunt.
3301 4657 3572 4711 Dividitur

2003 4766 2181 4813 autem
2217 4757 2319 4810 hoc
2349 4754 2547 4809 malum
2569 4793 2584 4819 ,
2614 4751 2915 4806 differentia
2947 4749 3268 4803 voluntariae
3321 4758 3374 4802 et
3413 4748 3570 4803 invo-

2003 4853 2290 4908 luntariae:
2348 4835 2404 4902 et
2458 4855 2544 4901 est
2599 4845 2776 4899 caedes
2810 4841 3027 4912 quidem
3067 4840 3397 4904 voluntaria,
3447 4854 3570 4908 quae

2004 4942 2377 5016 praemeditate
2437 4945 2694 5007 suscepta
2748 4943 2832 4990 est
2871 4934 2938 4988 ab
2996 4948 3062 4988 eo
3091 4934 3183 5003 qui
3247 4948 3304 4988 se
3339 4932 3404 4987 ad
3467 4933 3570 4986 hoc

2002 5040 2412 5105 comparaverat
2441 5039 2500 5086 ut
2563 5032 2668 5084 hoc
2697 5029 2911 5084 facinus
2947 5035 3305 5098 perpetraret.
3369 5027 3572 5081 Deinde

2003 5127 2135 5183 illud
2167 5141 2386 5196 quoque
2418 5123 2471 5177 in
2502 5122 2825 5176 voluntariis
2856 5119 3227 5175 existimatum
3258 5125 3362 5177 est,
3393 5130 3572 5184 quan-

2005 5219 2075 5274 do
2107 5219 2233 5288 quis
2273 5219 2328 5271 in
2388 5229 2684 5285 congressu
2748 5212 3045 5268 verberans
3109 5219 3164 5265 et
3223 5208 3567 5268 verberatus,

2005 5324 2167 5364 manu
2219 5307 2430 5378 plagam
2462 5303 2796 5360 mortiferam
2857 5301 3124 5356 intulerit.
3162 5298 3264 5363 Qui
3305 5293 3448 5350 enim
3490 5295 3569 5347 ira

2007 5399 2174 5454 semel
2200 5399 2379 5452 victus
2429 5402 2602 5458 est,et
2648 5394 2815 5449 animi
2865 5390 3185 5462 appetitioni
3233 5387 3398 5449 cedit,
3433 5387 3569 5440 nihil

2005 5505 2193 5546 eorum
2224 5504 2346 5559 quae
2381 5488 2581 5542 malum
2628 5492 2852 5555 possent
2902 5490 3205 5552 ampdtare,
3241 5478 3288 5532 ei
3324 5480 3379 5533 in
3418 5494 3569 5533 men-

2007 5588 2115 5637 tem
2143 5579 2307 5636 venit.
2343 5577 2521 5644 Quare
2545 5587 2598 5633 et
2632 5575 2742 5631 illic
2773 5588 2988 5644 quoque
3022 5573 3114 5641 qui
3167 5587 3234 5628 ex
3287 5577 3568 5626 concerta—
