  <div class='ocr_page' id='page_1' title='image "/cluster/home/n/w/nwhite01/storage/ocr_20150623/45/mdp.39015011921478/125.png"; bbox 0 0 4046 6156; ppageno 0'>
   <div class='ocr_carea' id='block_1_1' title="bbox 465 240 560 296">
    <p class='ocr_par' dir='ltr' id='par_1_1' title="bbox 465 240 560 296">
     <span class='ocr_line' id='line_1_1' title="bbox 465 240 560 296; baseline -0.011 0"><span class='ocrx_word' id='word_1_1' title='bbox 465 240 560 296; x_wconf 73' lang='grc'><strong>231</strong></span> 
     </span>
    </p>
   </div>
   <div class='ocr_carea' id='block_1_2' title="bbox 1691 237 2441 297">
    <p class='ocr_par' dir='ltr' id='par_1_2' title="bbox 1691 237 2441 297">
     <span class='ocr_line' id='line_1_2' title="bbox 1691 237 2441 297; baseline -0.003 -1"><span class='ocrx_word' id='word_1_2' title='bbox 1691 239 1749 297; x_wconf 90' lang='lat' dir='ltr'><strong>S.</strong></span> <span class='ocrx_word' id='word_1_3' title='bbox 1786 237 2112 296; x_wconf 77' lang='lat' dir='ltr'><strong>GREGORII</strong></span> <span class='ocrx_word' id='word_1_4' title='bbox 2150 238 2441 296; x_wconf 81' lang='lat' dir='ltr'><strong>NYSSENI</strong></span> 
     </span>
    </p>
   </div>
   <div class='ocr_carea' id='block_1_3' title="bbox 3603 237 3716 291">
    <p class='ocr_par' dir='ltr' id='par_1_3' title="bbox 3603 237 3716 291">
     <span class='ocr_line' id='line_1_3' title="bbox 3603 237 3716 291; baseline 0 -1"><span class='ocrx_word' id='word_1_5' title='bbox 3603 237 3716 291; x_wconf 64' lang='lat'><strong>23%</strong></span> 
     </span>
    </p>
   </div>
   <div class='ocr_carea' id='block_1_4' title="bbox 469 349 2043 425">
    <p class='ocr_par' dir='ltr' id='par_1_4' title="bbox 469 349 2028 424">
     <span class='ocr_line' id='line_1_4' title="bbox 469 349 2028 424; baseline 0.004 -18"><span class='ocrx_word' id='word_1_6' title='bbox 469 357 618 407; x_wconf 85' lang='lat' dir='ltr'><strong>tione</strong></span> <span class='ocrx_word' id='word_1_7' title='bbox 654 351 931 424; x_wconf 83' lang='lat' dir='ltr'><strong>profectus</strong></span> <span class='ocrx_word' id='word_1_8' title='bbox 953 361 1058 420; x_wconf 82' lang='lat' dir='ltr'><strong>est,</strong></span> <span class='ocrx_word' id='word_1_9' title='bbox 1099 353 1268 411; x_wconf 67' lang='lat' dir='ltr'><strong>caadis</strong></span> <span class='ocrx_word' id='word_1_10' title='bbox 1292 349 1542 418; x_wconf 81' lang='lat' dir='ltr'><strong>eventus,</strong></span> <span class='ocrx_word' id='word_1_11' title='bbox 1587 357 1642 410; x_wconf 88' lang='lat' dir='ltr'><strong>in</strong></span> <span class='ocrx_word' id='word_1_12' title='bbox 1691 358 1892 411; x_wconf 89' lang='lat' dir='ltr'><strong>factum</strong></span> <span class='ocrx_word' id='word_1_13' title='bbox 1938 373 2028 412; x_wconf 86' lang='lat' dir='ltr'><strong>v0-</strong></span> 
     </span>
    </p>
   </div>
   <div class='ocr_carea' id='block_1_5' title="bbox 2145 349 3718 425">
    <p class='ocr_par' dir='ltr' id='par_1_5' title="bbox 2145 351 3718 425">
     <span class='ocr_line' id='line_1_5' title="bbox 2145 351 3718 425; baseline -0.001 -15"><span class='ocrx_word' id='word_1_14' title='bbox 2145 359 2222 412; x_wconf 69' lang='grc' dir='ltr'><strong>ὲπὶ</strong></span> <span class='ocrx_word' id='word_1_15' title='bbox 2248 359 2371 411; x_wconf 80' lang='grc' dir='ltr'>νοῦν</span> <span class='ocrx_word' id='word_1_16' title='bbox 2399 357 2572 410; x_wconf 75' lang='grc' dir='ltr'>λάθοι.</span> <span class='ocrx_word' id='word_1_17' title='bbox 2621 355 2778 408; x_wconf 86' lang='grc' dir='ltr'>Ὥστε</span> <span class='ocrx_word' id='word_1_18' title='bbox 2811 352 2902 406; x_wconf 57' lang='grc' dir='ltr'><strong>καὶ¹</strong></span> <span class='ocrx_word' id='word_1_19' title='bbox 2923 351 2983 407; x_wconf 86' lang='grc' dir='ltr'><strong>τδ</strong></span> <span class='ocrx_word' id='word_1_20' title='bbox 3011 353 3076 407; x_wconf 84' lang='grc' dir='ltr'><strong>ἐκ</strong></span> <span class='ocrx_word' id='word_1_21' title='bbox 3100 355 3196 424; x_wconf 88' lang='grc' dir='ltr'><strong>τῆς</strong></span> <span class='ocrx_word' id='word_1_22' title='bbox 3223 353 3540 425; x_wconf 75' lang='grc' dir='ltr'><strong>συμπλοκῆς</strong></span> <span class='ocrx_word' id='word_1_23' title='bbox 3575 359 3718 408; x_wconf 83' lang='grc' dir='ltr'>ἀπο-</span> 
     </span>
    </p>
   </div>
   <div class='ocr_carea' id='block_1_6' title="bbox 469 445 2036 508">
    <p class='ocr_par' dir='ltr' id='par_1_6' title="bbox 469 445 2036 508">
     <span class='ocr_line' id='line_1_6' title="bbox 469 445 2036 508; baseline 0.001 -9"><span class='ocrx_word' id='word_1_24' title='bbox 469 445 790 508; x_wconf 90' lang='lat' dir='ltr'><strong>luntarium,</strong></span> <span class='ocrx_word' id='word_1_25' title='bbox 822 460 928 498; x_wconf 91' lang='lat' dir='ltr'><strong>non</strong></span> <span class='ocrx_word' id='word_1_26' title='bbox 985 445 1038 498; x_wconf 90' lang='lat' dir='ltr'><strong>in</strong></span> <span class='ocrx_word' id='word_1_27' title='bbox 1072 458 1263 500; x_wconf 91' lang='lat' dir='ltr'><strong>casum</strong></span> <span class='ocrx_word' id='word_1_28' title='bbox 1299 447 1604 501; x_wconf 75' lang='lat' dir='ltr'><strong>confertur.</strong></span> <span class='ocrx_word' id='word_1_29' title='bbox 1656 446 2036 501; x_wconf 73' lang='lat' dir='ltr'><strong>lnvoluntariae</strong></span> 
     </span>
    </p>
   </div>
   <div class='ocr_carea' id='block_1_7' title="bbox 469 535 2034 608">
    <p class='ocr_par' dir='ltr' id='par_1_7' title="bbox 469 535 2034 608">
     <span class='ocr_line' id='line_1_7' title="bbox 469 535 2034 608; baseline 0.002 -21"><span class='ocrx_word' id='word_1_30' title='bbox 469 544 650 589; x_wconf 91' lang='lat' dir='ltr'><strong>autem</strong></span> <span class='ocrx_word' id='word_1_31' title='bbox 684 535 888 589; x_wconf 82' lang='lat' dir='ltr'><strong>habent</strong></span> <span class='ocrx_word' id='word_1_32' title='bbox 923 535 1215 590; x_wconf 90' lang='lat' dir='ltr'><strong>manifesta</strong></span> <span class='ocrx_word' id='word_1_33' title='bbox 1270 537 1494 601; x_wconf 92' lang='lat' dir='ltr'><strong>indicia,</strong></span> <span class='ocrx_word' id='word_1_34' title='bbox 1527 537 1749 607; x_wconf 87' lang='lat' dir='ltr'><strong>quando</strong></span> <span class='ocrx_word' id='word_1_35' title='bbox 1778 539 1901 608; x_wconf 89' lang='lat' dir='ltr'><strong>quis</strong></span> <span class='ocrx_word' id='word_1_36' title='bbox 1933 539 2034 591; x_wconf 89' lang='lat' dir='ltr'><strong>ali-</strong></span> 
     </span>
    </p>
   </div>
   <div class='ocr_carea' id='block_1_8' title="bbox 469 624 2034 701">
    <p class='ocr_par' dir='ltr' id='par_1_8' title="bbox 469 624 2034 701">
     <span class='ocr_line' id='line_1_8' title="bbox 469 624 2034 701; baseline 0.004 -24"><span class='ocrx_word' id='word_1_37' title='bbox 469 625 556 677; x_wconf 92' lang='lat' dir='ltr'><strong>cui</strong></span> <span class='ocrx_word' id='word_1_38' title='bbox 590 624 744 678; x_wconf 89' lang='lat' dir='ltr'><strong>alteri</strong></span> <span class='ocrx_word' id='word_1_39' title='bbox 771 626 848 679; x_wconf 85' lang='lat' dir='ltr'><strong>rei</strong></span> <span class='ocrx_word' id='word_1_40' title='bbox 879 627 1120 682; x_wconf 90' lang='lat' dir='ltr'><strong>studium</strong></span> <span class='ocrx_word' id='word_1_41' title='bbox 1154 628 1452 698; x_wconf 88' lang='lat' dir='ltr'><strong>applicans,</strong></span> <span class='ocrx_word' id='word_1_42' title='bbox 1485 645 1616 686; x_wconf 87' lang='lat' dir='ltr'><strong>casu</strong></span> <span class='ocrx_word' id='word_1_43' title='bbox 1649 631 2034 701; x_wconf 85' lang='lat' dir='ltr'><strong>gravissimum</strong></span> 
     </span>
    </p>
   </div>
   <div class='ocr_carea' id='block_1_9' title="bbox 469 714 2038 792">
    <p class='ocr_par' dir='ltr' id='par_1_9' title="bbox 469 714 2038 792">
     <span class='ocr_line' id='line_1_9' title="bbox 469 714 2038 792; baseline 0.006 -26"><span class='ocrx_word' id='word_1_44' title='bbox 469 714 688 783; x_wconf 83' lang='lat' dir='ltr'><strong>aliquod</strong></span> <span class='ocrx_word' id='word_1_45' title='bbox 715 716 916 769; x_wconf 86' lang='lat' dir='ltr'><strong>malum</strong></span> <span class='ocrx_word' id='word_1_46' title='bbox 950 721 1267 786; x_wconf 89' lang='lat' dir='ltr'><strong>patraverit.</strong></span> <span class='ocrx_word' id='word_1_47' title='bbox 1297 719 1353 772; x_wconf 91' lang='lat' dir='ltr'><strong>ln</strong></span> <span class='ocrx_word' id='word_1_48' title='bbox 1400 721 1484 775; x_wconf 88' lang='lat' dir='ltr'><strong>his</strong></span> <span class='ocrx_word' id='word_1_49' title='bbox 1525 737 1676 792; x_wconf 79' lang='lat' dir='ltr'><strong>ergo,</strong></span> <span class='ocrx_word' id='word_1_50' title='bbox 1703 722 1879 777; x_wconf 63' lang='lat' dir='ltr'><strong>caedes</strong></span> <span class='ocrx_word' id='word_1_51' title='bbox 1915 723 2038 792; x_wconf 90' lang='lat' dir='ltr'><strong>qui-</strong></span> 
     </span>
    </p>
   </div>
   <div class='ocr_carea' id='block_1_10' title="bbox 470 801 2038 880">
    <p class='ocr_par' dir='ltr' id='par_1_10' title="bbox 470 801 2038 880">
     <span class='ocr_line' id='line_1_10' title="bbox 470 801 2038 880; baseline 0.005 -24"><span class='ocrx_word' id='word_1_52' title='bbox 470 801 592 857; x_wconf 86' lang='lat' dir='ltr'><strong>dem</strong></span> <span class='ocrx_word' id='word_1_53' title='bbox 626 806 681 858; x_wconf 82' lang='lat' dir='ltr'><strong>in</strong></span> <span class='ocrx_word' id='word_1_54' title='bbox 712 807 910 875; x_wconf 81' lang='lat' dir='ltr'><strong>triplex</strong></span> <span class='ocrx_word' id='word_1_55' title='bbox 944 815 1159 878; x_wconf 83' lang='lat' dir='ltr'><strong>tempus</strong></span> <span class='ocrx_word' id='word_1_56' title='bbox 1187 811 1498 864; x_wconf 80' lang='lat' dir='ltr'><strong>extenditur</strong></span> <span class='ocrx_word' id='word_1_57' title='bbox 1547 812 1615 866; x_wconf 93' lang='lat' dir='ltr'><strong>iis</strong></span> <span class='ocrx_word' id='word_1_58' title='bbox 1663 813 1755 880; x_wconf 88' lang='lat' dir='ltr'><strong>qui</strong></span> <span class='ocrx_word' id='word_1_59' title='bbox 1789 828 1884 880; x_wconf 90' lang='lat' dir='ltr'><strong>per</strong></span> <span class='ocrx_word' id='word_1_60' title='bbox 1913 827 2038 867; x_wconf 91' lang='lat' dir='ltr'><strong>con-</strong></span> 
     </span>
    </p>
   </div>
   <div class='ocr_carea' id='block_1_11' title="bbox 469 895 2032 955">
    <p class='ocr_par' dir='ltr' id='par_1_11' title="bbox 469 895 2032 955">
     <span class='ocr_line' id='line_1_11' title="bbox 469 895 2032 955; baseline 0.005 -8"><span class='ocrx_word' id='word_1_61' title='bbox 469 895 780 950; x_wconf 77' lang='lat' dir='ltr'><strong>versionem</strong></span> <span class='ocrx_word' id='word_1_62' title='bbox 818 899 1128 952; x_wconf 87' lang='lat' dir='ltr'><strong>voluntario</strong></span> <span class='ocrx_word' id='word_1_63' title='bbox 1164 897 1397 952; x_wconf 80' lang='lat' dir='ltr'><strong>facinori</strong></span> <span class='ocrx_word' id='word_1_64' title='bbox 1442 900 1744 954; x_wconf 88' lang='lat' dir='ltr'><strong>remedium</strong></span> <span class='ocrx_word' id='word_1_65' title='bbox 1779 900 2032 955; x_wconf 71' lang='lat' dir='ltr'><strong>afferunt.</strong></span> 
     </span>
    </p>
   </div>
   <div class='ocr_carea' id='block_1_12' title="bbox 470 984 2034 1056">
    <p class='ocr_par' dir='ltr' id='par_1_12' title="bbox 470 984 2034 1056">
     <span class='ocr_line' id='line_1_12' title="bbox 470 984 2034 1056; baseline 0.004 -18"><span class='ocrx_word' id='word_1_66' title='bbox 470 984 578 1039; x_wconf 90' lang='lat' dir='ltr'><strong>Ter</strong></span> <span class='ocrx_word' id='word_1_67' title='bbox 608 1002 800 1041; x_wconf 87' lang='lat' dir='ltr'><strong>novem</strong></span> <span class='ocrx_word' id='word_1_68' title='bbox 834 989 996 1042; x_wconf 90' lang='lat' dir='ltr'><strong>etiam</strong></span> <span class='ocrx_word' id='word_1_69' title='bbox 1031 997 1158 1042; x_wconf 93' lang='lat' dir='ltr'><strong>sunt</strong></span> <span class='ocrx_word' id='word_1_70' title='bbox 1215 990 1367 1056; x_wconf 91' lang='lat' dir='ltr'><strong>anni,</strong></span> <span class='ocrx_word' id='word_1_71' title='bbox 1431 991 1728 1044; x_wconf 89' lang='lat' dir='ltr'><strong>novenario</strong></span> <span class='ocrx_word' id='word_1_72' title='bbox 1766 1007 2034 1046; x_wconf 90' lang='lat' dir='ltr'><strong>annorum</strong></span> 
     </span>
    </p>
   </div>
   <div class='ocr_carea' id='block_1_13' title="bbox 471 1077 2034 1152">
    <p class='ocr_par' dir='ltr' id='par_1_13' title="bbox 471 1077 2034 1152">
     <span class='ocr_line' id='line_1_13' title="bbox 471 1077 2034 1152; baseline 0.006 -26"><span class='ocrx_word' id='word_1_73' title='bbox 471 1089 699 1129; x_wconf 85' lang='lat' dir='ltr'><strong>numero</strong></span> <span class='ocrx_word' id='word_1_74' title='bbox 733 1077 788 1130; x_wconf 92' lang='lat' dir='ltr'><strong>in</strong></span> <span class='ocrx_word' id='word_1_75' title='bbox 820 1091 1148 1148; x_wconf 91' lang='lat' dir='ltr'><strong>unoquoque</strong></span> <span class='ocrx_word' id='word_1_76' title='bbox 1182 1081 1351 1149; x_wconf 82' lang='lat' dir='ltr'><strong>gradu</strong></span> <span class='ocrx_word' id='word_1_77' title='bbox 1384 1080 1670 1149; x_wconf 64' lang='lat' dir='ltr'><strong>praefinito,</strong></span> <span class='ocrx_word' id='word_1_78' title='bbox 1719 1091 1779 1135; x_wconf 93' lang='lat' dir='ltr'><strong>ut</strong></span> <span class='ocrx_word' id='word_1_79' title='bbox 1820 1083 1872 1136; x_wconf 94' lang='lat' dir='ltr'><strong>in</strong></span> <span class='ocrx_word' id='word_1_80' title='bbox 1910 1098 2034 1152; x_wconf 90' lang='lat' dir='ltr'><strong>per-</strong></span> 
     </span>
    </p>
   </div>
   <div class='ocr_carea' id='block_1_14' title="bbox 473 1165 2037 1239">
    <p class='ocr_par' dir='ltr' id='par_1_14' title="bbox 473 1165 2037 1239">
     <span class='ocr_line' id='line_1_14' title="bbox 473 1165 2037 1239; baseline 0.006 -21"><span class='ocrx_word' id='word_1_81' title='bbox 473 1165 613 1218; x_wconf 83' lang='lat' dir='ltr'><strong>fecta</strong></span> <span class='ocrx_word' id='word_1_82' title='bbox 677 1167 897 1234; x_wconf 85' lang='lat' dir='ltr'><strong>quidem</strong></span> <span class='ocrx_word' id='word_1_83' title='bbox 939 1173 1308 1239; x_wconf 80' lang='lat' dir='ltr'><strong>segregatione</strong></span> <span class='ocrx_word' id='word_1_84' title='bbox 1350 1187 1543 1225; x_wconf 88' lang='lat' dir='ltr'><strong>novem</strong></span> <span class='ocrx_word' id='word_1_85' title='bbox 1597 1187 1862 1227; x_wconf 90' lang='lat' dir='ltr'><strong>annorum</strong></span> <span class='ocrx_word' id='word_1_86' title='bbox 1901 1183 2037 1227; x_wconf 82' lang='lat' dir='ltr'><strong>tem-</strong></span> 
     </span>
    </p>
   </div>
   <div class='ocr_carea' id='block_1_15' title="bbox 473 1259 2034 1331">
    <p class='ocr_par' dir='ltr' id='par_1_15' title="bbox 473 1259 2034 1331">
     <span class='ocr_line' id='line_1_15' title="bbox 473 1259 2034 1331; baseline 0.006 -23"><span class='ocrx_word' id='word_1_87' title='bbox 473 1271 607 1324; x_wconf 88' lang='lat' dir='ltr'><strong>pore</strong></span> <span class='ocrx_word' id='word_1_88' title='bbox 637 1266 883 1312; x_wconf 76' lang='lat' dir='ltr'><strong>versetur</strong></span> <span class='ocrx_word' id='word_1_89' title='bbox 919 1259 988 1314; x_wconf 90' lang='lat' dir='ltr'><strong>ab</strong></span> <span class='ocrx_word' id='word_1_90' title='bbox 1023 1259 1262 1316; x_wconf 82' lang='lat' dir='ltr'><strong>Ecclesia</strong></span> <span class='ocrx_word' id='word_1_91' title='bbox 1290 1263 1598 1331; x_wconf 87' lang='lat' dir='ltr'><strong>prohibitus</strong></span> <span class='ocrx_word' id='word_1_92' title='bbox 1625 1282 1639 1330; x_wconf 90' lang='lat'><strong>;</strong></span> <span class='ocrx_word' id='word_1_93' title='bbox 1691 1265 1828 1320; x_wconf 91' lang='lat' dir='ltr'><strong>alios</strong></span> <span class='ocrx_word' id='word_1_94' title='bbox 1857 1273 2034 1320; x_wconf 91' lang='lat' dir='ltr'><strong>autem</strong></span> 
     </span>
    </p>
   </div>
   <div class='ocr_carea' id='block_1_16' title="bbox 474 1350 2034 1422">
    <p class='ocr_par' dir='ltr' id='par_1_16' title="bbox 474 1350 2034 1422">
     <span class='ocr_line' id='line_1_16' title="bbox 474 1350 2034 1422; baseline 0.007 -23"><span class='ocrx_word' id='word_1_95' title='bbox 474 1355 557 1402; x_wconf 92' lang='lat' dir='ltr'><strong>tot</strong></span> <span class='ocrx_word' id='word_1_96' title='bbox 589 1363 761 1403; x_wconf 89' lang='lat' dir='ltr'><strong>annos</strong></span> <span class='ocrx_word' id='word_1_97' title='bbox 793 1350 846 1404; x_wconf 93' lang='lat' dir='ltr'><strong>in</strong></span> <span class='ocrx_word' id='word_1_98' title='bbox 895 1351 1172 1407; x_wconf 88' lang='lat' dir='ltr'><strong>auditione</strong></span> <span class='ocrx_word' id='word_1_99' title='bbox 1219 1363 1554 1422; x_wconf 87' lang='lat' dir='ltr'><strong>permaneat.</strong></span> <span class='ocrx_word' id='word_1_100' title='bbox 1597 1357 1712 1410; x_wconf 88' lang='lat' dir='ltr'><strong>sola</strong></span> <span class='ocrx_word' id='word_1_101' title='bbox 1752 1357 2034 1410; x_wconf 90' lang='lat' dir='ltr'><strong>doctorum</strong></span> 
     </span>
    </p>
   </div>
   <div class='ocr_carea' id='block_1_17' title="bbox 476 1439 2034 1507">
    <p class='ocr_par' dir='ltr' id='par_1_17' title="bbox 476 1439 2034 1507">
     <span class='ocr_line' id='line_1_17' title="bbox 476 1439 2034 1507; baseline 0.005 -15"><span class='ocrx_word' id='word_1_102' title='bbox 476 1447 532 1492; x_wconf 88' lang='lat' dir='ltr'><strong>et</strong></span> <span class='ocrx_word' id='word_1_103' title='bbox 581 1439 982 1507; x_wconf 88' lang='lat' dir='ltr'><strong>Scripturarum</strong></span> <span class='ocrx_word' id='word_1_104' title='bbox 1037 1444 1311 1498; x_wconf 86' lang='lat' dir='ltr'><strong>auditione</strong></span> <span class='ocrx_word' id='word_1_105' title='bbox 1349 1453 1401 1499; x_wconf 92' lang='lat' dir='ltr'><strong>et</strong></span> <span class='ocrx_word' id='word_1_106' title='bbox 1435 1448 1850 1502; x_wconf 87' lang='lat' dir='ltr'><strong>conversatione</strong></span> <span class='ocrx_word' id='word_1_107' title='bbox 1910 1462 2034 1501; x_wconf 93' lang='lat' dir='ltr'><strong>cum</strong></span> 
     </span>
    </p>
   </div>
   <div class='ocr_carea' id='block_1_18' title="bbox 477 1531 2038 1601">
    <p class='ocr_par' dir='ltr' id='par_1_18' title="bbox 477 1531 2038 1601">
     <span class='ocr_line' id='line_1_18' title="bbox 477 1531 2038 1601; baseline 0.006 -18"><span class='ocrx_word' id='word_1_108' title='bbox 477 1531 677 1599; x_wconf 88' lang='lat' dir='ltr'><strong>p0pulo</strong></span> <span class='ocrx_word' id='word_1_109' title='bbox 704 1531 901 1601; x_wconf 78' lang='lat' dir='ltr'><strong>dignus</strong></span> <span class='ocrx_word' id='word_1_110' title='bbox 938 1534 1176 1601; x_wconf 86' lang='lat' dir='ltr'><strong>habitus,</strong></span> <span class='ocrx_word' id='word_1_111' title='bbox 1202 1537 1257 1590; x_wconf 91' lang='lat' dir='ltr'><strong>in</strong></span> <span class='ocrx_word' id='word_1_112' title='bbox 1294 1538 1455 1591; x_wconf 89' lang='lat' dir='ltr'><strong>tertio</strong></span> <span class='ocrx_word' id='word_1_113' title='bbox 1509 1547 1688 1593; x_wconf 86' lang='lat' dir='ltr'><strong>autem</strong></span> <span class='ocrx_word' id='word_1_114' title='bbox 1740 1539 2038 1593; x_wconf 88' lang='lat' dir='ltr'><strong>novenario</strong></span> 
     </span>
    </p>
   </div>
   <div class='ocr_carea' id='block_1_19' title="bbox 474 1622 2037 1698">
    <p class='ocr_par' dir='ltr' id='par_1_19' title="bbox 474 1622 2037 1698">
     <span class='ocr_line' id='line_1_19' title="bbox 474 1622 2037 1698; baseline 0.005 -24"><span class='ocrx_word' id='word_1_115' title='bbox 474 1636 601 1675; x_wconf 91' lang='lat' dir='ltr'><strong>cum</strong></span> <span class='ocrx_word' id='word_1_116' title='bbox 625 1622 917 1680; x_wconf 85' lang='lat' dir='ltr'><strong>substratis</strong></span> <span class='ocrx_word' id='word_1_117' title='bbox 947 1626 1002 1679; x_wconf 92' lang='lat' dir='ltr'><strong>in</strong></span> <span class='ocrx_word' id='word_1_118' title='bbox 1033 1629 1395 1682; x_wconf 80' lang='lat' dir='ltr'><strong>conversione</strong></span> <span class='ocrx_word' id='word_1_119' title='bbox 1434 1643 1619 1693; x_wconf 85' lang='lat' dir='ltr'><strong>orans,</strong></span> <span class='ocrx_word' id='word_1_120' title='bbox 1658 1638 1716 1683; x_wconf 88' lang='lat' dir='ltr'><strong>ut</strong></span> <span class='ocrx_word' id='word_1_121' title='bbox 1758 1631 2037 1698; x_wconf 84' lang='lat' dir='ltr'><strong>perveniat</strong></span> 
     </span>
    </p>
   </div>
   <div class='ocr_carea' id='block_1_20' title="bbox 477 1713 2036 1784">
    <p class='ocr_par' dir='ltr' id='par_1_20' title="bbox 477 1713 2036 1784">
     <span class='ocr_line' id='line_1_20' title="bbox 477 1713 2036 1784; baseline 0.005 -18"><span class='ocrx_word' id='word_1_122' title='bbox 477 1713 545 1767; x_wconf 78' lang='lat' dir='ltr'><strong>ad</strong></span> <span class='ocrx_word' id='word_1_123' title='bbox 577 1716 1016 1770; x_wconf 88' lang='lat' dir='ltr'><strong>communionem</strong></span> <span class='ocrx_word' id='word_1_124' title='bbox 1049 1719 1375 1773; x_wconf 86' lang='lat' dir='ltr'><strong>sacramenti</strong></span> <span class='ocrx_word' id='word_1_125' title='bbox 1399 1719 1608 1774; x_wconf 89' lang='lat' dir='ltr'><strong>scilicet</strong></span> <span class='ocrx_word' id='word_1_126' title='bbox 1633 1738 1649 1784; x_wconf 86' lang='lat'><strong>;</strong></span> <span class='ocrx_word' id='word_1_127' title='bbox 1678 1729 1733 1774; x_wconf 88' lang='lat' dir='ltr'><strong>et</strong></span> <span class='ocrx_word' id='word_1_128' title='bbox 1759 1720 1811 1774; x_wconf 90' lang='lat' dir='ltr'><strong>in</strong></span> <span class='ocrx_word' id='word_1_129' title='bbox 1846 1722 2036 1775; x_wconf 90' lang='lat' dir='ltr'><strong>eodem</strong></span> 
     </span>
    </p>
   </div>
   <div class='ocr_carea' id='block_1_21' title="bbox 476 1804 2040 1880">
    <p class='ocr_par' dir='ltr' id='par_1_21' title="bbox 476 1804 2040 1880">
     <span class='ocr_line' id='line_1_21' title="bbox 476 1804 2040 1880; baseline 0.005 -22"><span class='ocrx_word' id='word_1_130' title='bbox 476 1804 662 1858; x_wconf 89' lang='lat' dir='ltr'><strong>eadem</strong></span> <span class='ocrx_word' id='word_1_131' title='bbox 695 1807 798 1860; x_wconf 83' lang='lat' dir='ltr'><strong>erit</strong></span> <span class='ocrx_word' id='word_1_132' title='bbox 835 1807 1142 1864; x_wconf 85' lang='lat' dir='ltr'><strong>observatio</strong></span> <span class='ocrx_word' id='word_1_133' title='bbox 1181 1810 1249 1864; x_wconf 91' lang='lat' dir='ltr'><strong>ab</strong></span> <span class='ocrx_word' id='word_1_134' title='bbox 1287 1825 1352 1865; x_wconf 93' lang='lat' dir='ltr'><strong>eo</strong></span> <span class='ocrx_word' id='word_1_135' title='bbox 1377 1811 1472 1880; x_wconf 92' lang='lat' dir='ltr'><strong>qui</strong></span> <span class='ocrx_word' id='word_1_136' title='bbox 1516 1811 1813 1867; x_wconf 88' lang='lat' dir='ltr'><strong>Ecclesiam</strong></span> <span class='ocrx_word' id='word_1_137' title='bbox 1864 1813 2040 1868; x_wconf 43' lang='lat' dir='ltr'><strong>admié</strong></span> 
     </span>
    </p>
   </div>
   <div class='ocr_carea' id='block_1_22' title="bbox 475 1894 2042 1972">
    <p class='ocr_par' dir='ltr' id='par_1_22' title="bbox 475 1894 2042 1972">
     <span class='ocr_line' id='line_1_22' title="bbox 475 1894 2042 1972; baseline 0.006 -25"><span class='ocrx_word' id='word_1_138' title='bbox 475 1894 694 1957; x_wconf 89' lang='lat' dir='ltr'><strong>nistrat,</strong></span> <span class='ocrx_word' id='word_1_139' title='bbox 727 1902 781 1950; x_wconf 92' lang='lat' dir='ltr'><strong>et</strong></span> <span class='ocrx_word' id='word_1_140' title='bbox 810 1911 908 1965; x_wconf 91' lang='lat' dir='ltr'><strong>pro</strong></span> <span class='ocrx_word' id='word_1_141' title='bbox 937 1898 1148 1953; x_wconf 85' lang='lat' dir='ltr'><strong>ratione</strong></span> <span class='ocrx_word' id='word_1_142' title='bbox 1175 1899 1549 1956; x_wconf 83' lang='lat' dir='ltr'><strong>conversionis</strong></span> <span class='ocrx_word' id='word_1_143' title='bbox 1576 1902 1652 1955; x_wconf 85' lang='lat' dir='ltr'><strong>illi</strong></span> <span class='ocrx_word' id='word_1_144' title='bbox 1679 1917 1899 1972; x_wconf 91' lang='lat' dir='ltr'><strong>quoque</strong></span> <span class='ocrx_word' id='word_1_145' title='bbox 1925 1916 2042 1972; x_wconf 78' lang='lat' dir='ltr'><strong>pae-</strong></span> 
     </span>
    </p>
   </div>
   <div class='ocr_carea' id='block_1_23' title="bbox 476 1987 2040 2060">
    <p class='ocr_par' dir='ltr' id='par_1_23' title="bbox 476 1987 2040 2060">
     <span class='ocr_line' id='line_1_23' title="bbox 476 1987 2040 2060; baseline 0.006 -24"><span class='ocrx_word' id='word_1_146' title='bbox 476 1999 559 2037; x_wconf 85' lang='lat' dir='ltr'><strong>nae</strong></span> <span class='ocrx_word' id='word_1_147' title='bbox 591 1987 1235 2055; x_wconf 78' lang='lat' dir='ltr'><strong>extensio&#39;rescindetur,</strong></span> <span class='ocrx_word' id='word_1_148' title='bbox 1268 1997 1328 2044; x_wconf 88' lang='lat' dir='ltr'><strong>ut</strong></span> <span class='ocrx_word' id='word_1_149' title='bbox 1375 2005 1474 2060; x_wconf 90' lang='lat' dir='ltr'><strong>pro</strong></span> <span class='ocrx_word' id='word_1_150' title='bbox 1526 2006 1718 2046; x_wconf 90' lang='lat' dir='ltr'><strong>novem</strong></span> <span class='ocrx_word' id='word_1_151' title='bbox 1773 1993 1932 2047; x_wconf 89' lang='lat' dir='ltr'><strong>annis</strong></span> <span class='ocrx_word' id='word_1_152' title='bbox 1986 1993 2040 2046; x_wconf 91' lang='lat' dir='ltr'><strong>in</strong></span> 
     </span>
    </p>
   </div>
   <div class='ocr_carea' id='block_1_24' title="bbox 477 2080 2043 2154">
    <p class='ocr_par' dir='ltr' id='par_1_24' title="bbox 477 2080 2043 2154">
     <span class='ocr_line' id='line_1_24' title="bbox 477 2080 2043 2154; baseline 0.008 -26"><span class='ocrx_word' id='word_1_153' title='bbox 477 2091 807 2146; x_wconf 89' lang='lat' dir='ltr'><strong>unoquoque</strong></span> <span class='ocrx_word' id='word_1_154' title='bbox 827 2080 1017 2149; x_wconf 75' lang='lat' dir='ltr'><strong>gradu,</strong></span> <span class='ocrx_word' id='word_1_155' title='bbox 1041 2081 1125 2136; x_wconf 87' lang='lat' dir='ltr'><strong>vel</strong></span> <span class='ocrx_word' id='word_1_156' title='bbox 1149 2091 1294 2145; x_wconf 89' lang='lat' dir='ltr'><strong>octo,</strong></span> <span class='ocrx_word' id='word_1_157' title='bbox 1319 2083 1405 2136; x_wconf 84' lang='lat' dir='ltr'><strong>vel</strong></span> <span class='ocrx_word' id='word_1_158' title='bbox 1435 2089 1663 2151; x_wconf 85' lang='lat' dir='ltr'><strong>septem,</strong></span> <span class='ocrx_word' id='word_1_159' title='bbox 1695 2084 1780 2139; x_wconf 86' lang='lat' dir='ltr'><strong>vel</strong></span> <span class='ocrx_word' id='word_1_160' title='bbox 1802 2085 2043 2154; x_wconf 91' lang='lat' dir='ltr'><strong>quinque</strong></span> 
     </span>
    </p>
   </div>
   <div class='ocr_carea' id='block_1_25' title="bbox 481 2167 2042 2254">
    <p class='ocr_par' dir='ltr' id='par_1_25' title="bbox 481 2167 2042 2254">
     <span class='ocr_line' id='line_1_25' title="bbox 481 2167 2042 2254; baseline 0.008 -34"><span class='ocrx_word' id='word_1_161' title='bbox 481 2167 657 2220; x_wconf 86' lang='lat' dir='ltr'><strong>solum</strong></span> <span class='ocrx_word' id='word_1_162' title='bbox 691 2169 818 2220; x_wconf 91' lang='lat' dir='ltr'><strong>anni</strong></span> <span class='ocrx_word' id='word_1_163' title='bbox 845 2169 998 2234; x_wconf 82' lang='lat' dir='ltr'><strong>ﬁant,</strong></span> <span class='ocrx_word' id='word_1_164' title='bbox 1029 2172 1074 2224; x_wconf 91' lang='lat' dir='ltr'><strong>si</strong></span> <span class='ocrx_word' id='word_1_165' title='bbox 1111 2174 1446 2254; x_wconf 70' lang='lat' dir='ltr'><strong>pcenitentia:</strong></span> <span class='ocrx_word' id='word_1_166' title='bbox 1474 2175 1793 2244; x_wconf 79' lang='lat' dir='ltr'><strong>magnitudo</strong></span> <span class='ocrx_word' id='word_1_167' title='bbox 1828 2185 2042 2246; x_wconf 89' lang='lat' dir='ltr'><strong>tempus</strong></span> 
     </span>
    </p>
   </div>
   <div class='ocr_carea' id='block_1_26' title="bbox 480 2255 2041 2335">
    <p class='ocr_par' dir='ltr' id='par_1_26' title="bbox 480 2255 2041 2335">
     <span class='ocr_line' id='line_1_26' title="bbox 480 2255 2041 2335; baseline 0.008 -28"><span class='ocrx_word' id='word_1_168' title='bbox 480 2255 686 2320; x_wconf 86' lang='lat' dir='ltr'><strong>vincat,</strong></span> <span class='ocrx_word' id='word_1_169' title='bbox 726 2268 781 2312; x_wconf 84' lang='lat' dir='ltr'><strong>et</strong></span> <span class='ocrx_word' id='word_1_170' title='bbox 814 2267 1034 2328; x_wconf 88' lang='lat' dir='ltr'><strong>superet</strong></span> <span class='ocrx_word' id='word_1_171' title='bbox 1080 2262 1440 2318; x_wconf 88' lang='lat' dir='ltr'><strong>correctionis</strong></span> <span class='ocrx_word' id='word_1_172' title='bbox 1474 2264 1658 2320; x_wconf 91' lang='lat' dir='ltr'><strong>studio</strong></span> <span class='ocrx_word' id='word_1_173' title='bbox 1718 2281 1814 2322; x_wconf 90' lang='lat' dir='ltr'><strong>eos</strong></span> <span class='ocrx_word' id='word_1_174' title='bbox 1861 2267 1955 2335; x_wconf 92' lang='lat' dir='ltr'><strong>qui</strong></span> <span class='ocrx_word' id='word_1_175' title='bbox 1987 2266 2041 2320; x_wconf 91' lang='lat' dir='ltr'><strong>in</strong></span> 
     </span>
    </p>
   </div>
   <div class='ocr_carea' id='block_1_27' title="bbox 481 2348 2043 2424">
    <p class='ocr_par' dir='ltr' id='par_1_27' title="bbox 481 2348 2043 2424">
     <span class='ocr_line' id='line_1_27' title="bbox 481 2348 2043 2424; baseline 0.007 -22"><span class='ocrx_word' id='word_1_176' title='bbox 481 2348 644 2418; x_wconf 78' lang='lat' dir='ltr'><strong>longo</strong></span> <span class='ocrx_word' id='word_1_177' title='bbox 671 2357 915 2419; x_wconf 85' lang='lat' dir='ltr'><strong>tempore</strong></span> <span class='ocrx_word' id='word_1_178' title='bbox 956 2353 1260 2420; x_wconf 83' lang='lat' dir='ltr'><strong>praestituto</strong></span> <span class='ocrx_word' id='word_1_179' title='bbox 1308 2364 1588 2424; x_wconf 90' lang='lat' dir='ltr'><strong>susceptas</strong></span> <span class='ocrx_word' id='word_1_180' title='bbox 1621 2372 1651 2410; x_wconf 91' lang='lat' dir='ltr'><strong>a</strong></span> <span class='ocrx_word' id='word_1_181' title='bbox 1689 2372 1748 2412; x_wconf 92' lang='lat' dir='ltr'><strong>se</strong></span> <span class='ocrx_word' id='word_1_182' title='bbox 1802 2358 2043 2413; x_wconf 85' lang='lat' dir='ltr'><strong>maculas</strong></span> 
     </span>
    </p>
   </div>
   <div class='ocr_carea' id='block_1_28' title="bbox 479 2439 2041 2517">
    <p class='ocr_par' dir='ltr' id='par_1_28' title="bbox 479 2439 2041 2517">
     <span class='ocr_line' id='line_1_28' title="bbox 479 2439 2041 2517; baseline 0.005 -24"><span class='ocrx_word' id='word_1_183' title='bbox 479 2439 724 2508; x_wconf 76' lang='lat' dir='ltr'><strong>segniter</strong></span> <span class='ocrx_word' id='word_1_184' title='bbox 747 2440 956 2495; x_wconf 91' lang='lat' dir='ltr'><strong>eluunt.</strong></span> <span class='ocrx_word' id='word_1_185' title='bbox 989 2439 1417 2498; x_wconf 90' lang='lat' dir='ltr'><strong>lnvoluntarium</strong></span> <span class='ocrx_word' id='word_1_186' title='bbox 1444 2457 1620 2500; x_wconf 86' lang='lat' dir='ltr'><strong>autem</strong></span> <span class='ocrx_word' id='word_1_187' title='bbox 1641 2447 1800 2502; x_wconf 88' lang='lat' dir='ltr'><strong>venia</strong></span> <span class='ocrx_word' id='word_1_188' title='bbox 1825 2447 2041 2517; x_wconf 91' lang='lat' dir='ltr'><strong>quidem</strong></span> 
     </span>
    </p>
   </div>
   <div class='ocr_carea' id='block_1_29' title="bbox 480 2527 2042 2602">
    <p class='ocr_par' dir='ltr' id='par_1_29' title="bbox 480 2527 2042 2602">
     <span class='ocr_line' id='line_1_29' title="bbox 480 2527 2042 2602; baseline 0.008 -22"><span class='ocrx_word' id='word_1_189' title='bbox 480 2527 726 2598; x_wconf 80' lang='lat' dir='ltr'><strong>dignum,</strong></span> <span class='ocrx_word' id='word_1_190' title='bbox 756 2529 852 2584; x_wconf 90' lang='lat' dir='ltr'><strong>sed</strong></span> <span class='ocrx_word' id='word_1_191' title='bbox 882 2545 990 2584; x_wconf 92' lang='lat' dir='ltr'><strong>non</strong></span> <span class='ocrx_word' id='word_1_192' title='bbox 1023 2531 1292 2587; x_wconf 84' lang='lat' dir='ltr'><strong>laudabile</strong></span> <span class='ocrx_word' id='word_1_193' title='bbox 1315 2533 1624 2602; x_wconf 83' lang='lat' dir='ltr'><strong>judicatum</strong></span> <span class='ocrx_word' id='word_1_194' title='bbox 1654 2548 1758 2591; x_wconf 89' lang='lat' dir='ltr'><strong>est.</strong></span> <span class='ocrx_word' id='word_1_195' title='bbox 1794 2535 1909 2591; x_wconf 87' lang='lat' dir='ltr'><strong>lloc</strong></span> <span class='ocrx_word' id='word_1_196' title='bbox 1952 2551 2042 2592; x_wconf 87' lang='lat' dir='ltr'><strong>au—</strong></span> 
     </span>
    </p>
   </div>
   <div class='ocr_carea' id='block_1_30' title="bbox 481 2617 2044 2694">
    <p class='ocr_par' dir='ltr' id='par_1_30' title="bbox 481 2617 2044 2694">
     <span class='ocr_line' id='line_1_30' title="bbox 481 2617 2044 2694; baseline 0.008 -25"><span class='ocrx_word' id='word_1_197' title='bbox 481 2624 590 2671; x_wconf 91' lang='lat' dir='ltr'><strong>tem</strong></span> <span class='ocrx_word' id='word_1_198' title='bbox 621 2617 756 2680; x_wconf 82' lang='lat' dir='ltr'><strong>dixi,</strong></span> <span class='ocrx_word' id='word_1_199' title='bbox 791 2627 852 2672; x_wconf 92' lang='lat' dir='ltr'><strong>ut</strong></span> <span class='ocrx_word' id='word_1_200' title='bbox 881 2621 950 2673; x_wconf 90' lang='lat' dir='ltr'><strong>sit</strong></span> <span class='ocrx_word' id='word_1_201' title='bbox 979 2629 1248 2690; x_wconf 91' lang='lat' dir='ltr'><strong>apertum,</strong></span> <span class='ocrx_word' id='word_1_202' title='bbox 1277 2623 1422 2690; x_wconf 88' lang='lat' dir='ltr'><strong>quod</strong></span> <span class='ocrx_word' id='word_1_203' title='bbox 1452 2625 1612 2678; x_wconf 89' lang='lat' dir='ltr'><strong>etiam</strong></span> <span class='ocrx_word' id='word_1_204' title='bbox 1647 2626 1699 2680; x_wconf 94' lang='lat' dir='ltr'><strong>si</strong></span> <span class='ocrx_word' id='word_1_205' title='bbox 1735 2628 1858 2694; x_wconf 91' lang='lat' dir='ltr'><strong>quis</strong></span> <span class='ocrx_word' id='word_1_206' title='bbox 1891 2628 2044 2681; x_wconf 88' lang='lat' dir='ltr'><strong>invo-</strong></span> 
     </span>
    </p>
   </div>
   <div class='ocr_carea' id='block_1_31' title="bbox 481 2705 2042 2786">
    <p class='ocr_par' dir='ltr' id='par_1_31' title="bbox 481 2705 2042 2786">
     <span class='ocr_line' id='line_1_31' title="bbox 481 2705 2042 2786; baseline 0.007 -26"><span class='ocrx_word' id='word_1_207' title='bbox 481 2705 721 2762; x_wconf 80' lang='lat' dir='ltr'><strong>luntarie</strong></span> <span class='ocrx_word' id='word_1_208' title='bbox 759 2707 922 2764; x_wconf 89' lang='lat' dir='ltr'><strong>fuerit</strong></span> <span class='ocrx_word' id='word_1_209' title='bbox 957 2709 1010 2763; x_wconf 91' lang='lat' dir='ltr'><strong>in</strong></span> <span class='ocrx_word' id='word_1_210' title='bbox 1041 2711 1248 2765; x_wconf 88' lang='lat' dir='ltr'><strong>scelere</strong></span> <span class='ocrx_word' id='word_1_211' title='bbox 1279 2712 1558 2767; x_wconf 89' lang='lat' dir='ltr'><strong>homicidii</strong></span> <span class='ocrx_word' id='word_1_212' title='bbox 1585 2732 1598 2768; x_wconf 91' lang='lat'><strong>:</strong></span> <span class='ocrx_word' id='word_1_213' title='bbox 1635 2730 1758 2769; x_wconf 91' lang='lat' dir='ltr'><strong>eum</strong></span> <span class='ocrx_word' id='word_1_214' title='bbox 1787 2724 2042 2786; x_wconf 85' lang='lat' dir='ltr'><strong>tanquam</strong></span> 
     </span>
    </p>
   </div>
   <div class='ocr_carea' id='block_1_32' title="bbox 479 2796 2042 2869">
    <p class='ocr_par' dir='ltr' id='par_1_32' title="bbox 479 2796 2042 2869">
     <span class='ocr_line' id='line_1_32' title="bbox 479 2796 2042 2869; baseline 0.008 -20"><span class='ocrx_word' id='word_1_215' title='bbox 479 2796 593 2866; x_wconf 88' lang='lat' dir='ltr'><strong>jam</strong></span> <span class='ocrx_word' id='word_1_216' title='bbox 625 2796 940 2866; x_wconf 87' lang='lat' dir='ltr'><strong>profanum,</strong></span> <span class='ocrx_word' id='word_1_217' title='bbox 975 2800 1252 2869; x_wconf 87' lang='lat' dir='ltr'><strong>piaculum</strong></span> <span class='ocrx_word' id='word_1_218' title='bbox 1292 2803 1586 2868; x_wconf 89' lang='lat' dir='ltr'><strong>redditum,</strong></span> <span class='ocrx_word' id='word_1_219' title='bbox 1651 2820 1681 2858; x_wconf 92' lang='lat' dir='ltr'><strong>a</strong></span> <span class='ocrx_word' id='word_1_220' title='bbox 1715 2808 2042 2862; x_wconf 85' lang='lat' dir='ltr'><strong>sacerdotali</strong></span> 
     </span>
    </p>
   </div>
   <div class='ocr_carea' id='block_1_33' title="bbox 483 2887 2041 2963">
    <p class='ocr_par' dir='ltr' id='par_1_33' title="bbox 483 2887 2041 2963">
     <span class='ocr_line' id='line_1_33' title="bbox 483 2887 2041 2963; baseline 0.006 -21"><span class='ocrx_word' id='word_1_221' title='bbox 483 2887 656 2959; x_wconf 76' lang='lat' dir='ltr'><strong>gratia</strong></span> <span class='ocrx_word' id='word_1_222' title='bbox 706 2888 1033 2958; x_wconf 87' lang='lat' dir='ltr'><strong>ejiciendum</strong></span> <span class='ocrx_word' id='word_1_223' title='bbox 1085 2894 1456 2960; x_wconf 85' lang='lat' dir='ltr'><strong>pronuntiavit</strong></span> <span class='ocrx_word' id='word_1_224' title='bbox 1507 2910 1705 2950; x_wconf 92' lang='lat' dir='ltr'><strong>canon.</strong></span> <span class='ocrx_word' id='word_1_225' title='bbox 1768 2896 2041 2963; x_wconf 84' lang='lat' dir='ltr'><strong>Quantum</strong></span> 
     </span>
    </p>
   </div>
   <div class='ocr_carea' id='block_1_34' title="bbox 2135 443 3713 517">
    <p class='ocr_par' dir='ltr' id='par_1_34' title="bbox 2135 443 3713 517">
     <span class='ocr_line' id='line_1_34' title="bbox 2135 443 3713 517; baseline -0.003 -17"><span class='ocrx_word' id='word_1_226' title='bbox 2135 447 2370 517; x_wconf 84' lang='grc' dir='ltr'>τέλεσμα</span> <span class='ocrx_word' id='word_1_227' title='bbox 2397 445 2491 500; x_wconf 80' lang='grc' dir='ltr'>τοῦ</span> <span class='ocrx_word' id='word_1_228' title='bbox 2529 445 2708 514; x_wconf 89' lang='grc' dir='ltr'>φόνου,</span> <span class='ocrx_word' id='word_1_229' title='bbox 2751 446 2831 507; x_wconf 85' lang='grc' dir='ltr'>εἰς</span> <span class='ocrx_word' id='word_1_230' title='bbox 2856 443 3014 514; x_wconf 78' lang='grc' dir='ltr'>ἔργον</span> <span class='ocrx_word' id='word_1_231' title='bbox 3050 443 3442 514; x_wconf 86' lang='grc' dir='ltr'>προαιρέσεως,</span> <span class='ocrx_word' id='word_1_232' title='bbox 3483 445 3575 499; x_wconf 72' lang='grc' dir='ltr'>καὶ</span> <span class='ocrx_word' id='word_1_233' title='bbox 3608 446 3713 498; x_wconf 74' lang='grc' dir='ltr'><strong>οὐκ</strong></span> 
     </span>
    </p>
   </div>
   <div class='ocr_carea' id='block_1_35' title="bbox 2135 533 3713 606">
    <p class='ocr_par' dir='ltr' id='par_1_35' title="bbox 2135 533 3713 606">
     <span class='ocr_line' id='line_1_35' title="bbox 2135 533 3713 606; baseline -0.003 -15"><span class='ocrx_word' id='word_1_234' title='bbox 2135 539 2213 600; x_wconf 86' lang='grc' dir='ltr'>εἰς</span> <span class='ocrx_word' id='word_1_235' title='bbox 2235 537 2532 606; x_wconf 77' lang='grc' dir='ltr'><strong>ἀποτυχίαν</strong></span> <span class='ocrx_word' id='word_1_236' title='bbox 2559 535 2837 604; x_wconf 82' lang='grc' dir='ltr'>ἀνάγεται.</span> <span class='ocrx_word' id='word_1_237' title='bbox 2866 537 2929 586; x_wconf 88' lang='grc' dir='ltr'>Οί</span> <span class='ocrx_word' id='word_1_238' title='bbox 2952 533 3009 586; x_wconf 79' lang='grc' dir='ltr'>δὲ</span> <span class='ocrx_word' id='word_1_239' title='bbox 3032 533 3273 587; x_wconf 81' lang='grc' dir='ltr'>ἀκούσιοι</span> <span class='ocrx_word' id='word_1_240' title='bbox 3297 535 3504 606; x_wconf 86' lang='grc' dir='ltr'>φανερά</span> <span class='ocrx_word' id='word_1_241' title='bbox 3526 535 3713 606; x_wconf 75' lang='grc' dir='ltr'>ἔχουσι</span> 
     </span>
    </p>
   </div>
   <div class='ocr_carea' id='block_1_36' title="bbox 2134 622 3716 713">
    <p class='ocr_par' dir='ltr' id='par_1_36' title="bbox 2134 622 3716 713">
     <span class='ocr_line' id='line_1_36' title="bbox 2134 622 3716 713; baseline -0.003 -33"><span class='ocrx_word' id='word_1_242' title='bbox 2134 627 2203 680; x_wconf 83' lang='grc' dir='ltr'><strong>τά</strong></span> <span class='ocrx_word' id='word_1_243' title='bbox 2231 626 2584 696; x_wconf 83' lang='grc' dir='ltr'>γνωρίσματα</span> <span class='ocrx_word' id='word_1_244' title='bbox 2603 641 2617 655; x_wconf 87' lang='grc'><strong>·</strong></span> <span class='ocrx_word' id='word_1_245' title='bbox 2658 625 2785 676; x_wconf 84' lang='grc' dir='ltr'>ὅταν</span> <span class='ocrx_word' id='word_1_246' title='bbox 2831 641 2913 686; x_wconf 88' lang='grc' dir='ltr'><strong>τις</strong></span> <span class='ocrx_word' id='word_1_247' title='bbox 2943 622 3079 694; x_wconf 78' lang='grc' dir='ltr'>πρὸς</span> <span class='ocrx_word' id='word_1_248' title='bbox 3110 622 3294 694; x_wconf 73' lang='grc' dir='ltr'>ἕτερόν</span> <span class='ocrx_word' id='word_1_249' title='bbox 3323 641 3375 675; x_wconf 89' lang='grc' dir='ltr'><strong>τι</strong></span> <span class='ocrx_word' id='word_1_250' title='bbox 3403 623 3502 713; x_wconf 78' lang='grc' dir='ltr'><strong>την</strong></span> <span class='ocrx_word' id='word_1_251' title='bbox 3541 641 3716 676; x_wconf 73' lang='grc' dir='ltr'><strong>σπου⁴</strong></span> 
     </span>
    </p>
   </div>
   <div class='ocr_carea' id='block_1_37' title="bbox 2134 712 3710 788">
    <p class='ocr_par' dir='ltr' id='par_1_37' title="bbox 2134 712 3710 788">
     <span class='ocr_line' id='line_1_37' title="bbox 2134 712 3710 788; baseline -0.004 -18"><span class='ocrx_word' id='word_1_252' title='bbox 2134 717 2233 788; x_wconf 77' lang='grc' dir='ltr'>δὴν</span> <span class='ocrx_word' id='word_1_253' title='bbox 2275 717 2446 787; x_wconf 85' lang='grc' dir='ltr'>ἔχων,</span> <span class='ocrx_word' id='word_1_254' title='bbox 2484 715 2545 779; x_wconf 82' lang='grc' dir='ltr'><strong>ἐξ</strong></span> <span class='ocrx_word' id='word_1_255' title='bbox 2577 714 2873 784; x_wconf 78' lang='grc' dir='ltr'><strong>ἀποτυχίας</strong></span> <span class='ocrx_word' id='word_1_256' title='bbox 2905 729 2956 765; x_wconf 92' lang='grc' dir='ltr'><strong>τι</strong></span> <span class='ocrx_word' id='word_1_257' title='bbox 3004 712 3111 765; x_wconf 84' lang='grc' dir='ltr'><strong>τῶν</strong></span> <span class='ocrx_word' id='word_1_258' title='bbox 3151 712 3470 782; x_wconf 83' lang='grc' dir='ltr'><strong>ἀνηκέστων</strong></span> <span class='ocrx_word' id='word_1_259' title='bbox 3510 713 3710 784; x_wconf 80' lang='grc' dir='ltr'><strong>δράσῃ.</strong></span> 
     </span>
    </p>
   </div>
   <div class='ocr_carea' id='block_1_38' title="bbox 2148 801 3713 880">
    <p class='ocr_par' dir='ltr' id='par_1_38' title="bbox 2148 801 3713 880">
     <span class='ocr_line' id='line_1_38' title="bbox 2148 801 3713 880; baseline -0.002 -23"><span class='ocrx_word' id='word_1_260' title='bbox 2148 806 2269 858; x_wconf 77' lang='grc' dir='ltr'>Ἐπὶ</span> <span class='ocrx_word' id='word_1_261' title='bbox 2309 804 2511 856; x_wconf 87' lang='grc' dir='ltr'>τούτων</span> <span class='ocrx_word' id='word_1_262' title='bbox 2558 803 2736 856; x_wconf 85' lang='grc' dir='ltr'>τοίνυν</span> <span class='ocrx_word' id='word_1_263' title='bbox 2781 805 2809 854; x_wconf 99' lang='lat'><strong>6</strong></span> <span class='ocrx_word' id='word_1_264' title='bbox 2857 801 2954 870; x_wconf 85' lang='grc' dir='ltr'>μὲν</span> <span class='ocrx_word' id='word_1_265' title='bbox 3001 802 3178 870; x_wconf 82' lang='grc' dir='ltr'>φόνος,</span> <span class='ocrx_word' id='word_1_266' title='bbox 3222 803 3301 863; x_wconf 86' lang='grc' dir='ltr'><strong>είς</strong></span> <span class='ocrx_word' id='word_1_267' title='bbox 3351 801 3713 880; x_wconf 71' lang='grc' dir='ltr'>τριπλασίονά</span> 
     </span>
    </p>
   </div>
   <div class='ocr_carea' id='block_1_39' title="bbox 2137 891 3713 966">
    <p class='ocr_par' dir='ltr' id='par_1_39' title="bbox 2137 891 3713 966">
     <span class='ocr_line' id='line_1_39' title="bbox 2137 891 3713 966; baseline -0.003 -18"><span class='ocrx_word' id='word_1_268' title='bbox 2137 895 2323 966; x_wconf 87' lang='grc' dir='ltr'>χρόνον</span> <span class='ocrx_word' id='word_1_269' title='bbox 2361 894 2759 964; x_wconf 83' lang='grc' dir='ltr'>παρατείνεται,</span> <span class='ocrx_word' id='word_1_270' title='bbox 2795 895 2908 954; x_wconf 84' lang='grc' dir='ltr'>τοῖς</span> <span class='ocrx_word' id='word_1_271' title='bbox 2939 891 3004 944; x_wconf 84' lang='grc' dir='ltr'>δι’</span> <span class='ocrx_word' id='word_1_272' title='bbox 3038 894 3371 962; x_wconf 72' lang='grc' dir='ltr'><strong>ἐπιστροφῆς</strong></span> <span class='ocrx_word' id='word_1_273' title='bbox 3405 892 3713 962; x_wconf 87' lang='grc' dir='ltr'>θεραπευο-</span> 
     </span>
    </p>
   </div>
   <div class='ocr_carea' id='block_1_40' title="bbox 2141 983 3711 1057">
    <p class='ocr_par' dir='ltr' id='par_1_40' title="bbox 2141 983 3711 1057">
     <span class='ocr_line' id='line_1_40' title="bbox 2141 983 3711 1057; baseline -0.003 -19"><span class='ocrx_word' id='word_1_274' title='bbox 2141 986 2320 1057; x_wconf 83' lang='grc' dir='ltr'>μένοις</span> <span class='ocrx_word' id='word_1_275' title='bbox 2346 985 2404 1038; x_wconf 83' lang='grc' dir='ltr'><strong>τὸ</strong></span> <span class='ocrx_word' id='word_1_276' title='bbox 2435 985 2677 1037; x_wconf 81' lang='grc' dir='ltr'>ἑκούσιον</span> <span class='ocrx_word' id='word_1_277' title='bbox 2703 984 2853 1050; x_wconf 81' lang='grc' dir='ltr'>ἄγος.</span> <span class='ocrx_word' id='word_1_278' title='bbox 2899 983 3191 1050; x_wconf 82' lang='grc' dir='ltr'>Τρισεννέα</span> <span class='ocrx_word' id='word_1_279' title='bbox 3223 984 3331 1051; x_wconf 91' lang='grc' dir='ltr'><strong>γάρ</strong></span> <span class='ocrx_word' id='word_1_280' title='bbox 3361 984 3494 1034; x_wconf 75' lang='grc' dir='ltr'>εἰσιν</span> <span class='ocrx_word' id='word_1_281' title='bbox 3527 985 3711 1036; x_wconf 69' lang='grc' dir='ltr'><strong>ἐνιαυ⁶</strong></span> 
     </span>
    </p>
   </div>
   <div class='ocr_carea' id='block_1_41' title="bbox 2136 1072 3716 1143">
    <p class='ocr_par' dir='ltr' id='par_1_41' title="bbox 2136 1072 3716 1143">
     <span class='ocr_line' id='line_1_41' title="bbox 2136 1072 3716 1143; baseline -0.003 -14"><span class='ocrx_word' id='word_1_282' title='bbox 2136 1077 2237 1140; x_wconf 76' lang='grc' dir='ltr'>τοὶ,</span> <span class='ocrx_word' id='word_1_283' title='bbox 2272 1076 2391 1128; x_wconf 82' lang='grc' dir='ltr'>καθ’</span> <span class='ocrx_word' id='word_1_284' title='bbox 2421 1075 2649 1128; x_wconf 73' lang='grc' dir='ltr'>ἕκαστον</span> <span class='ocrx_word' id='word_1_285' title='bbox 2697 1072 2897 1143; x_wconf 82' lang='grc' dir='ltr'>βαθμὸν</span> <span class='ocrx_word' id='word_1_286' title='bbox 2926 1073 3023 1141; x_wconf 87' lang='grc' dir='ltr'><strong>τῆς</strong></span> <span class='ocrx_word' id='word_1_287' title='bbox 3050 1073 3263 1135; x_wconf 86' lang='grc' dir='ltr'>ἐννάδος</span> <span class='ocrx_word' id='word_1_288' title='bbox 3291 1073 3398 1142; x_wconf 76' lang='grc' dir='ltr'><strong>τῶν</strong></span> <span class='ocrx_word' id='word_1_289' title='bbox 3430 1073 3564 1125; x_wconf 84' lang='grc' dir='ltr'>ἐτῶν</span> <span class='ocrx_word' id='word_1_290' title='bbox 3595 1077 3716 1142; x_wconf 82' lang='grc' dir='ltr'>ὁρι-</span> 
     </span>
    </p>
   </div>
   <div class='ocr_carea' id='block_1_42' title="bbox 2139 1164 3710 1238">
    <p class='ocr_par' dir='ltr' id='par_1_42' title="bbox 2139 1164 3710 1238">
     <span class='ocr_line' id='line_1_42' title="bbox 2139 1164 3710 1238; baseline -0.001 -18"><span class='ocrx_word' id='word_1_291' title='bbox 2139 1168 2374 1237; x_wconf 89' lang='grc' dir='ltr'>σθείσης,</span> <span class='ocrx_word' id='word_1_292' title='bbox 2402 1166 2542 1218; x_wconf 81' lang='grc' dir='ltr'>ὥστε</span> <span class='ocrx_word' id='word_1_293' title='bbox 2573 1168 2628 1217; x_wconf 83' lang='grc' dir='ltr'><strong>ἐν</strong></span> <span class='ocrx_word' id='word_1_294' title='bbox 2662 1165 2758 1234; x_wconf 84' lang='grc' dir='ltr'><strong>μὲν</strong></span> <span class='ocrx_word' id='word_1_295' title='bbox 2787 1165 2862 1233; x_wconf 81' lang='grc' dir='ltr'>τῷ</span> <span class='ocrx_word' id='word_1_296' title='bbox 2891 1164 3140 1216; x_wconf 78' lang='grc' dir='ltr'>παντελεῖ</span> <span class='ocrx_word' id='word_1_297' title='bbox 3158 1166 3465 1235; x_wconf 82' lang='grc' dir='ltr'>ἀφορισμῷ.</span> <span class='ocrx_word' id='word_1_298' title='bbox 3484 1167 3710 1238; x_wconf 80' lang='grc' dir='ltr'>ἐνναετῆ</span> 
     </span>
    </p>
   </div>
   <div class='ocr_carea' id='block_1_43' title="bbox 2137 1254 3708 1329">
    <p class='ocr_par' dir='ltr' id='par_1_43' title="bbox 2137 1254 3708 1329">
     <span class='ocr_line' id='line_1_43' title="bbox 2137 1254 3708 1329; baseline -0.017 -17"><span class='ocrx_word' id='word_1_299' title='bbox 2137 1259 2325 1329; x_wconf 88' lang='grc' dir='ltr'>χρόνον</span> <span class='ocrx_word' id='word_1_300' title='bbox 2371 1255 2710 1324; x_wconf 77' lang='grc' dir='ltr'>διαγενέσθαι</span> <span class='ocrx_word' id='word_1_301' title='bbox 2757 1254 3150 1324; x_wconf 81' lang='grc' dir='ltr'>ἀπειργόμενον</span> <span class='ocrx_word' id='word_1_302' title='bbox 3192 1255 3289 1324; x_wconf 86' lang='grc' dir='ltr'><strong>τῆς</strong></span> <span class='ocrx_word' id='word_1_303' title='bbox 3349 1255 3708 1325; x_wconf 68' lang='grc' dir='ltr'>Ἐκκλησίας.</span> 
     </span>
    </p>
   </div>
   <div class='ocr_carea' id='block_1_44' title="bbox 2136 1347 3705 1417">
    <p class='ocr_par' dir='ltr' id='par_1_44' title="bbox 2136 1347 3705 1417">
     <span class='ocr_line' id='line_1_44' title="bbox 2136 1347 3705 1417; baseline -0.004 -11"><span class='ocrx_word' id='word_1_304' title='bbox 2136 1353 2268 1407; x_wconf 84' lang='grc' dir='ltr'>ἄλλα</span> <span class='ocrx_word' id='word_1_305' title='bbox 2310 1351 2367 1402; x_wconf 85' lang='grc' dir='ltr'><strong>δέ</strong></span> <span class='ocrx_word' id='word_1_306' title='bbox 2416 1348 2652 1403; x_wconf 80' lang='grc' dir='ltr'>τοσαῦτα</span> <span class='ocrx_word' id='word_1_307' title='bbox 2694 1347 2787 1417; x_wconf 77' lang='grc' dir='ltr'>ἔτη</span> <span class='ocrx_word' id='word_1_308' title='bbox 2836 1349 2892 1398; x_wconf 84' lang='grc' dir='ltr'><strong>ἐν</strong></span> <span class='ocrx_word' id='word_1_309' title='bbox 2924 1349 2990 1416; x_wconf 85' lang='grc' dir='ltr'>τῇ</span> <span class='ocrx_word' id='word_1_310' title='bbox 3039 1347 3297 1416; x_wconf 81' lang='grc' dir='ltr'>ἀκροάσει</span> <span class='ocrx_word' id='word_1_311' title='bbox 3350 1350 3705 1417; x_wconf 76' lang='grc' dir='ltr'>παραμεῖναι,</span> 
     </span>
    </p>
   </div>
   <div class='ocr_carea' id='block_1_45' title="bbox 2141 1438 3712 1514">
    <p class='ocr_par' dir='ltr' id='par_1_45' title="bbox 2141 1438 3712 1514">
     <span class='ocr_line' id='line_1_45' title="bbox 2141 1438 3712 1514; baseline -0.003 -19"><span class='ocrx_word' id='word_1_312' title='bbox 2141 1443 2306 1514; x_wconf 88' lang='grc' dir='ltr'>μόνης</span> <span class='ocrx_word' id='word_1_313' title='bbox 2325 1441 2433 1494; x_wconf 85' lang='grc' dir='ltr'><strong>τῶν</strong></span> <span class='ocrx_word' id='word_1_314' title='bbox 2458 1439 2789 1492; x_wconf 82' lang='grc' dir='ltr'>διδασκάλων</span> <span class='ocrx_word' id='word_1_315' title='bbox 2821 1438 2913 1490; x_wconf 72' lang='grc' dir='ltr'><strong>καὶ</strong></span> <span class='ocrx_word' id='word_1_316' title='bbox 2953 1438 3050 1507; x_wconf 90' lang='grc' dir='ltr'><strong>τῆς</strong></span> <span class='ocrx_word' id='word_1_317' title='bbox 3082 1438 3189 1490; x_wconf 87' lang='grc' dir='ltr'>τῶν</span> <span class='ocrx_word' id='word_1_318' title='bbox 3230 1438 3464 1509; x_wconf 82' lang='grc' dir='ltr'>Γραφῶν</span> <span class='ocrx_word' id='word_1_319' title='bbox 3503 1439 3712 1507; x_wconf 82' lang='grc' dir='ltr'>ἀκροά-</span> 
     </span>
    </p>
   </div>
   <div class='ocr_carea' id='block_1_46' title="bbox 2139 1527 3710 1601">
    <p class='ocr_par' dir='ltr' id='par_1_46' title="bbox 2139 1527 3710 1601">
     <span class='ocr_line' id='line_1_46' title="bbox 2139 1527 3710 1601; baseline -0.003 -15"><span class='ocrx_word' id='word_1_320' title='bbox 2139 1551 2297 1598; x_wconf 87' lang='grc' dir='ltr'>σεως,</span> <span class='ocrx_word' id='word_1_321' title='bbox 2354 1532 2448 1584; x_wconf 79' lang='grc' dir='ltr'><strong>καὶ</strong></span> <span class='ocrx_word' id='word_1_322' title='bbox 2480 1529 2617 1601; x_wconf 83' lang='grc' dir='ltr'>μετὰ</span> <span class='ocrx_word' id='word_1_323' title='bbox 2651 1532 2750 1598; x_wconf 84' lang='grc' dir='ltr'><strong>τῆς</strong></span> <span class='ocrx_word' id='word_1_324' title='bbox 2780 1527 2874 1580; x_wconf 80' lang='grc' dir='ltr'>τοῦ</span> <span class='ocrx_word' id='word_1_325' title='bbox 2925 1527 3055 1581; x_wconf 79' lang='grc' dir='ltr'>λαοῦ</span> <span class='ocrx_word' id='word_1_326' title='bbox 3087 1527 3392 1591; x_wconf 71' lang='grc' dir='ltr'>συστάσεως</span> <span class='ocrx_word' id='word_1_327' title='bbox 3453 1528 3710 1596; x_wconf 66' lang='grc' dir='ltr'>ἀξιούμεά</span> 
     </span>
    </p>
   </div>
   <div class='ocr_carea' id='block_1_47' title="bbox 2139 1619 3712 1692">
    <p class='ocr_par' dir='ltr' id='par_1_47' title="bbox 2139 1619 3712 1692">
     <span class='ocr_line' id='line_1_47' title="bbox 2139 1619 3712 1692; baseline -0.004 -15"><span class='ocrx_word' id='word_1_328' title='bbox 2139 1643 2256 1688; x_wconf 91' lang='grc' dir='ltr'>νον,</span> <span class='ocrx_word' id='word_1_329' title='bbox 2307 1625 2364 1676; x_wconf 88' lang='grc' dir='ltr'><strong>ἐν</strong></span> <span class='ocrx_word' id='word_1_330' title='bbox 2395 1623 2451 1675; x_wconf 83' lang='grc' dir='ltr'><strong>δὲ</strong></span> <span class='ocrx_word' id='word_1_331' title='bbox 2492 1621 2650 1692; x_wconf 80' lang='grc' dir='ltr'>τρίτῃ</span> <span class='ocrx_word' id='word_1_332' title='bbox 2697 1619 2909 1684; x_wconf 86' lang='grc' dir='ltr'>ἐννάδι,</span> <span class='ocrx_word' id='word_1_333' title='bbox 2974 1619 3110 1689; x_wconf 88' lang='grc' dir='ltr'><strong>μετά</strong></span> <span class='ocrx_word' id='word_1_334' title='bbox 3147 1619 3253 1671; x_wconf 83' lang='grc' dir='ltr'>τῶν</span> <span class='ocrx_word' id='word_1_335' title='bbox 3296 1619 3712 1672; x_wconf 83' lang='grc' dir='ltr'>ὑποπιπτόντων</span> 
     </span>
    </p>
   </div>
   <div class='ocr_carea' id='block_1_48' title="bbox 2142 1709 3712 1786">
    <p class='ocr_par' dir='ltr' id='par_1_48' title="bbox 2142 1709 3712 1786">
     <span class='ocr_line' id='line_1_48' title="bbox 2142 1709 3712 1786; baseline -0.004 -17"><span class='ocrx_word' id='word_1_336' title='bbox 2142 1719 2198 1770; x_wconf 86' lang='grc' dir='ltr'><strong>ἐν</strong></span> <span class='ocrx_word' id='word_1_337' title='bbox 2255 1718 2320 1786; x_wconf 84' lang='grc' dir='ltr'>τῇ</span> <span class='ocrx_word' id='word_1_338' title='bbox 2395 1715 2690 1783; x_wconf 70' lang='grc' dir='ltr'>ἐπιστροφῇ</span> <span class='ocrx_word' id='word_1_339' title='bbox 2767 1712 3235 1781; x_wconf 81' lang='grc' dir='ltr'>προσευχόμενον,</span> <span class='ocrx_word' id='word_1_340' title='bbox 3292 1709 3464 1774; x_wconf 77' lang='grc' dir='ltr'>οὕτως</span> <span class='ocrx_word' id='word_1_341' title='bbox 3534 1712 3712 1764; x_wconf 75' lang='grc' dir='ltr'>ἐλθεῖν</span> 
     </span>
    </p>
   </div>
   <div class='ocr_carea' id='block_1_49' title="bbox 2141 1802 3714 1878">
    <p class='ocr_par' dir='ltr' id='par_1_49' title="bbox 2141 1802 3714 1878">
     <span class='ocr_line' id='line_1_49' title="bbox 2141 1802 3714 1878; baseline -0.003 -17"><span class='ocrx_word' id='word_1_342' title='bbox 2141 1809 2233 1862; x_wconf 78' lang='grc' dir='ltr'><strong>ἐπὶ</strong></span> <span class='ocrx_word' id='word_1_343' title='bbox 2288 1807 2387 1878; x_wconf 87' lang='grc' dir='ltr'><strong>τὴν</strong></span> <span class='ocrx_word' id='word_1_344' title='bbox 2451 1805 2736 1876; x_wconf 84' lang='grc' dir='ltr'>μετουσίαν</span> <span class='ocrx_word' id='word_1_345' title='bbox 2779 1803 2872 1856; x_wconf 75' lang='grc' dir='ltr'><strong>τοῦ</strong></span> <span class='ocrx_word' id='word_1_346' title='bbox 2927 1803 3264 1872; x_wconf 85' lang='grc' dir='ltr'>ἀγιάσματος</span> <span class='ocrx_word' id='word_1_347' title='bbox 3293 1820 3308 1833; x_wconf 75' lang='grc' dir='ltr'><strong>ο</strong></span> <span class='ocrx_word' id='word_1_348' title='bbox 3371 1802 3569 1874; x_wconf 76' lang='grc' dir='ltr'>δηλαδὴ</span> <span class='ocrx_word' id='word_1_349' title='bbox 3615 1803 3714 1857; x_wconf 84' lang='grc' dir='ltr'>καὶ</span> 
     </span>
    </p>
   </div>
   <div class='ocr_carea' id='block_1_50' title="bbox 2144 1890 3714 1962">
    <p class='ocr_par' dir='ltr' id='par_1_50' title="bbox 2144 1890 3714 1962">
     <span class='ocr_line' id='line_1_50' title="bbox 2144 1890 3714 1962; baseline -0.004 -12"><span class='ocrx_word' id='word_1_350' title='bbox 2144 1897 2237 1951; x_wconf 74' lang='grc' dir='ltr'><strong>ἐπὶ</strong></span> <span class='ocrx_word' id='word_1_351' title='bbox 2274 1895 2366 1948; x_wconf 80' lang='grc' dir='ltr'>τοῦ</span> <span class='ocrx_word' id='word_1_352' title='bbox 2404 1893 2662 1957; x_wconf 87' lang='grc' dir='ltr'>τοιούτου,</span> <span class='ocrx_word' id='word_1_353' title='bbox 2707 1894 2737 1962; x_wconf 83' lang='grc' dir='ltr'>ἡ</span> <span class='ocrx_word' id='word_1_354' title='bbox 2777 1890 2914 1960; x_wconf 84' lang='grc' dir='ltr'>αὐτὴ</span> <span class='ocrx_word' id='word_1_355' title='bbox 2963 1891 3334 1961; x_wconf 84' lang='grc' dir='ltr'>προστήρησις</span> <span class='ocrx_word' id='word_1_356' title='bbox 3366 1890 3515 1944; x_wconf 80' lang='grc' dir='ltr'>ἔσται</span> <span class='ocrx_word' id='word_1_357' title='bbox 3559 1892 3714 1962; x_wconf 84' lang='grc' dir='ltr'><strong>παρά</strong></span> 
     </span>
    </p>
   </div>
   <div class='ocr_carea' id='block_1_51' title="bbox 2141 1983 3714 2060">
    <p class='ocr_par' dir='ltr' id='par_1_51' title="bbox 2141 1983 3714 2060">
     <span class='ocr_line' id='line_1_51' title="bbox 2141 1983 3714 2060; baseline -0.007 -16"><span class='ocrx_word' id='word_1_358' title='bbox 2141 1991 2236 2046; x_wconf 79' lang='grc' dir='ltr'><strong>τοῦ</strong></span> <span class='ocrx_word' id='word_1_359' title='bbox 2271 1989 2673 2060; x_wconf 81' lang='grc' dir='ltr'>οἱκονομοῦντος</span> <span class='ocrx_word' id='word_1_360' title='bbox 2714 1985 2810 2056; x_wconf 80' lang='grc' dir='ltr'>τὴν</span> <span class='ocrx_word' id='word_1_361' title='bbox 2855 1987 3200 2056; x_wconf 84' lang='grc' dir='ltr'>Ἐκκλησίαν,</span> <span class='ocrx_word' id='word_1_362' title='bbox 3242 1986 3337 2037; x_wconf 76' lang='grc' dir='ltr'><strong>καὶ</strong></span> <span class='ocrx_word' id='word_1_363' title='bbox 3390 1984 3526 2054; x_wconf 85' lang='grc' dir='ltr'>πρὸς</span> <span class='ocrx_word' id='word_1_364' title='bbox 3555 1983 3714 2050; x_wconf 78' lang='grc' dir='ltr'>λόγον</span> 
     </span>
    </p>
   </div>
   <div class='ocr_carea' id='block_1_52' title="bbox 2142 2065 3715 2152">
    <p class='ocr_par' dir='ltr' id='par_1_52' title="bbox 2142 2065 3715 2152">
     <span class='ocr_line' id='line_1_52' title="bbox 2142 2065 3715 2152; baseline -0.004 -18"><span class='ocrx_word' id='word_1_365' title='bbox 2142 2082 2238 2152; x_wconf 87' lang='grc' dir='ltr'><strong>τῆς</strong></span> <span class='ocrx_word' id='word_1_366' title='bbox 2267 2079 2598 2150; x_wconf 80' lang='grc' dir='ltr'>ἐπιστροφῆς</span> <span class='ocrx_word' id='word_1_367' title='bbox 2654 2077 3085 2148; x_wconf 86' lang='grc' dir='ltr'>συντμηθήσεται</span> <span class='ocrx_word' id='word_1_368' title='bbox 3115 2065 3262 2146; x_wconf 82' lang='grc' dir='ltr'>αὐτῷ</span> <span class='ocrx_word' id='word_1_369' title='bbox 3287 2077 3379 2129; x_wconf 78' lang='grc' dir='ltr'><strong>καὶ</strong></span> <span class='ocrx_word' id='word_1_370' title='bbox 3406 2079 3439 2145; x_wconf 78' lang='grc' dir='ltr'><strong>ἠ</strong></span> <span class='ocrx_word' id='word_1_371' title='bbox 3466 2074 3558 2128; x_wconf 82' lang='grc' dir='ltr'><strong>τοῦ</strong></span> <span class='ocrx_word' id='word_1_372' title='bbox 3593 2076 3715 2127; x_wconf 83' lang='grc' dir='ltr'>ἐπι-</span> 
     </span>
    </p>
   </div>
   <div class='ocr_carea' id='block_1_53' title="bbox 2142 2168 3717 2244">
    <p class='ocr_par' dir='ltr' id='par_1_53' title="bbox 2142 2168 3717 2244">
     <span class='ocr_line' id='line_1_53' title="bbox 2142 2168 3717 2244; baseline -0.005 -17"><span class='ocrx_word' id='word_1_373' title='bbox 2142 2173 2320 2244; x_wconf 82' lang='grc' dir='ltr'>τιμίου</span> <span class='ocrx_word' id='word_1_374' title='bbox 2359 2172 2685 2242; x_wconf 82' lang='grc' dir='ltr'>παράτασις,</span> <span class='ocrx_word' id='word_1_375' title='bbox 2719 2170 2857 2224; x_wconf 82' lang='grc' dir='ltr'>ὥστε</span> <span class='ocrx_word' id='word_1_376' title='bbox 2883 2171 3003 2223; x_wconf 69' lang='grc' dir='ltr'>ἀντὶ</span> <span class='ocrx_word' id='word_1_377' title='bbox 3025 2170 3180 2224; x_wconf 80' lang='grc' dir='ltr'>ἐννέα</span> <span class='ocrx_word' id='word_1_378' title='bbox 3205 2170 3361 2232; x_wconf 85' lang='grc' dir='ltr'>ἐτῶν,</span> <span class='ocrx_word' id='word_1_379' title='bbox 3388 2170 3472 2236; x_wconf 84' lang='grc' dir='ltr'>ἐφ’</span> <span class='ocrx_word' id='word_1_380' title='bbox 3499 2168 3717 2238; x_wconf 76' lang='grc' dir='ltr'>ἑκάστῳ</span> 
     </span>
    </p>
   </div>
   <div class='ocr_carea' id='block_1_54' title="bbox 2146 2261 3718 2338">
    <p class='ocr_par' dir='ltr' id='par_1_54' title="bbox 2146 2261 3718 2338">
     <span class='ocr_line' id='line_1_54' title="bbox 2146 2261 3718 2338; baseline -0.005 -19"><span class='ocrx_word' id='word_1_381' title='bbox 2146 2265 2338 2338; x_wconf 87' lang='grc' dir='ltr'>βαθμῷ</span> <span class='ocrx_word' id='word_1_382' title='bbox 2369 2263 2510 2318; x_wconf 87' lang='grc' dir='ltr'>ὀκτὼ</span> <span class='ocrx_word' id='word_1_383' title='bbox 2546 2263 2578 2333; x_wconf 79' lang='grc' dir='ltr'><strong>ἢ</strong></span> <span class='ocrx_word' id='word_1_384' title='bbox 2612 2263 2750 2316; x_wconf 87' lang='grc' dir='ltr'><strong>ἐπτά</strong></span> <span class='ocrx_word' id='word_1_385' title='bbox 2783 2263 2815 2332; x_wconf 85' lang='grc' dir='ltr'>ἦ</span> <span class='ocrx_word' id='word_1_386' title='bbox 2853 2261 2930 2329; x_wconf 81' lang='grc' dir='ltr'><strong>ἒξ,</strong></span> <span class='ocrx_word' id='word_1_387' title='bbox 2982 2261 3014 2332; x_wconf 82' lang='grc' dir='ltr'>ἢ</span> <span class='ocrx_word' id='word_1_388' title='bbox 3052 2263 3142 2315; x_wconf 73' lang='grc' dir='ltr'><strong>καὶ</strong></span> <span class='ocrx_word' id='word_1_389' title='bbox 3188 2261 3347 2314; x_wconf 82' lang='grc' dir='ltr'>πέντε</span> <span class='ocrx_word' id='word_1_390' title='bbox 3396 2261 3529 2330; x_wconf 87' lang='grc' dir='ltr'>μόνα</span> <span class='ocrx_word' id='word_1_391' title='bbox 3560 2261 3718 2327; x_wconf 88' lang='grc' dir='ltr'>γενέ-</span> 
     </span>
    </p>
   </div>
   <div class='ocr_carea' id='block_1_55' title="bbox 2147 2351 3718 2428">
    <p class='ocr_par' dir='ltr' id='par_1_55' title="bbox 2147 2351 3718 2428">
     <span class='ocr_line' id='line_1_55' title="bbox 2147 2351 3718 2428; baseline -0.006 -16"><span class='ocrx_word' id='word_1_392' title='bbox 2147 2360 2300 2412; x_wconf 83' lang='grc' dir='ltr'>σθαι’</span> <span class='ocrx_word' id='word_1_393' title='bbox 2336 2358 2491 2428; x_wconf 70' lang='grc' dir='ltr'>εἴπερ</span> <span class='ocrx_word' id='word_1_394' title='bbox 2535 2355 2595 2408; x_wconf 83' lang='grc' dir='ltr'><strong>τὸ</strong></span> <span class='ocrx_word' id='word_1_395' title='bbox 2623 2354 2849 2424; x_wconf 86' lang='grc' dir='ltr'>μέγεθος</span> <span class='ocrx_word' id='word_1_396' title='bbox 2899 2354 2998 2424; x_wconf 72' lang='grc' dir='ltr'><strong>τῆς</strong></span> <span class='ocrx_word' id='word_1_397' title='bbox 3040 2354 3373 2424; x_wconf 74' lang='grc' dir='ltr'>ἐπιστροφῆς</span> <span class='ocrx_word' id='word_1_398' title='bbox 3413 2351 3583 2422; x_wconf 86' lang='grc' dir='ltr'>νικοίη</span> <span class='ocrx_word' id='word_1_399' title='bbox 3621 2351 3718 2403; x_wconf 84' lang='grc' dir='ltr'><strong>τὸν</strong></span> 
     </span>
    </p>
   </div>
   <div class='ocr_carea' id='block_1_56' title="bbox 2144 2436 3717 2519">
    <p class='ocr_par' dir='ltr' id='par_1_56' title="bbox 2144 2436 3717 2519">
     <span class='ocr_line' id='line_1_56' title="bbox 2144 2436 3717 2519; baseline -0.01 -18"><span class='ocrx_word' id='word_1_400' title='bbox 2144 2447 2348 2519; x_wconf 86' lang='grc' dir='ltr'>χρόνον,</span> <span class='ocrx_word' id='word_1_401' title='bbox 2381 2445 2474 2498; x_wconf 73' lang='lat' dir='ltr'><strong>ml.</strong></span> <span class='ocrx_word' id='word_1_402' title='bbox 2493 2443 2881 2514; x_wconf 79' lang='grc' dir='ltr'>ὑπερϐάλλοιτο</span> <span class='ocrx_word' id='word_1_403' title='bbox 2907 2446 2970 2513; x_wconf 85' lang='grc' dir='ltr'>τῇ</span> <span class='ocrx_word' id='word_1_404' title='bbox 3013 2443 3210 2514; x_wconf 85' lang='grc' dir='ltr'>σπουδῇ</span> <span class='ocrx_word' id='word_1_405' title='bbox 3234 2443 3330 2512; x_wconf 88' lang='grc' dir='ltr'><strong>τῆς</strong></span> <span class='ocrx_word' id='word_1_406' title='bbox 3371 2436 3717 2507; x_wconf 80' lang='grc' dir='ltr'>διορθώσεως</span> 
     </span>
    </p>
   </div>
   <div class='ocr_carea' id='block_1_57' title="bbox 2142 2529 3720 2605">
    <p class='ocr_par' dir='ltr' id='par_1_57' title="bbox 2142 2529 3720 2605">
     <span class='ocr_line' id='line_1_57' title="bbox 2142 2529 3720 2605; baseline -0.004 -17"><span class='ocrx_word' id='word_1_407' title='bbox 2142 2536 2266 2597; x_wconf 84' lang='grc' dir='ltr'>τοὺς</span> <span class='ocrx_word' id='word_1_408' title='bbox 2295 2536 2350 2586; x_wconf 87' lang='grc' dir='ltr'>ἐν</span> <span class='ocrx_word' id='word_1_409' title='bbox 2389 2536 2456 2605; x_wconf 81' lang='grc' dir='ltr'>τῇ</span> <span class='ocrx_word' id='word_1_410' title='bbox 2493 2533 2677 2603; x_wconf 83' lang='grc' dir='ltr'>μακρᾷ</span> <span class='ocrx_word' id='word_1_411' title='bbox 2709 2531 3015 2604; x_wconf 75' lang='grc' dir='ltr'>προθεσμίᾳ</span> <span class='ocrx_word' id='word_1_412' title='bbox 3043 2529 3410 2603; x_wconf 80' lang='grc' dir='ltr'>ρᾳθυμότερόν</span> <span class='ocrx_word' id='word_1_413' title='bbox 3441 2546 3558 2591; x_wconf 87' lang='grc' dir='ltr'><strong>πως</strong></span> <span class='ocrx_word' id='word_1_414' title='bbox 3587 2531 3720 2581; x_wconf 83' lang='grc' dir='ltr'>ἐαυ-</span> 
     </span>
    </p>
   </div>
   <div class='ocr_carea' id='block_1_58' title="bbox 2142 2618 3716 2692">
    <p class='ocr_par' dir='ltr' id='par_1_58' title="bbox 2142 2618 3716 2692">
     <span class='ocr_line' id='line_1_58' title="bbox 2142 2618 3716 2692; baseline -0.006 -15"><span class='ocrx_word' id='word_1_415' title='bbox 2142 2626 2268 2687; x_wconf 75' lang='grc' dir='ltr'>τοὺς</span> <span class='ocrx_word' id='word_1_416' title='bbox 2295 2623 2401 2676; x_wconf 82' lang='grc' dir='ltr'><strong>ἀπὸ</strong></span> <span class='ocrx_word' id='word_1_417' title='bbox 2437 2622 2536 2692; x_wconf 88' lang='grc' dir='ltr'><strong>τῆς</strong></span> <span class='ocrx_word' id='word_1_418' title='bbox 2578 2621 2793 2691; x_wconf 76' lang='grc' dir='ltr'>κηλῖδος</span> <span class='ocrx_word' id='word_1_419' title='bbox 2823 2621 3195 2691; x_wconf 85' lang='grc' dir='ltr'>καθαίροντας.</span> <span class='ocrx_word' id='word_1_420' title='bbox 3255 2619 3326 2672; x_wconf 89' lang='lat' dir='ltr'><em>T6</em></span> <span class='ocrx_word' id='word_1_421' title='bbox 3354 2619 3410 2671; x_wconf 72' lang='grc' dir='ltr'>δὲ</span> <span class='ocrx_word' id='word_1_422' title='bbox 3438 2618 3716 2680; x_wconf 75' lang='grc' dir='ltr'>ἀκούσιον,</span> 
     </span>
    </p>
   </div>
   <div class='ocr_carea' id='block_1_59' title="bbox 2145 2709 3831 2784">
    <p class='ocr_par' dir='ltr' id='par_1_59' title="bbox 2145 2709 3831 2784">
     <span class='ocr_line' id='line_1_59' title="bbox 2145 2709 3831 2784; baseline -0.005 -15"><span class='ocrx_word' id='word_1_423' title='bbox 2145 2713 2482 2784; x_wconf 79' lang='grc' dir='ltr'>συγγνωστὸν</span> <span class='ocrx_word' id='word_1_424' title='bbox 2512 2713 2626 2784; x_wconf 81' lang='grc' dir='ltr'>μὲν,</span> <span class='ocrx_word' id='word_1_425' title='bbox 2660 2713 2719 2765; x_wconf 83' lang='grc' dir='ltr'><strong>οὺ</strong></span> <span class='ocrx_word' id='word_1_426' title='bbox 2754 2713 2859 2783; x_wconf 80' lang='grc' dir='ltr'><strong>μὴν</strong></span> <span class='ocrx_word' id='word_1_427' title='bbox 2892 2711 3172 2765; x_wconf 81' lang='grc' dir='ltr'>ἐπαινετὸν</span> <span class='ocrx_word' id='word_1_428' title='bbox 3204 2710 3417 2780; x_wconf 81' lang='grc' dir='ltr'>ἐκρίθη.</span> <span class='ocrx_word' id='word_1_429' title='bbox 3456 2709 3626 2762; x_wconf 77' lang='grc' dir='ltr'>Τοῦτο</span> <span class='ocrx_word' id='word_1_430' title='bbox 3660 2710 3721 2762; x_wconf 77' lang='grc' dir='ltr'>δὲ</span> <span class='ocrx_word' id='word_1_431' title='bbox 3809 2714 3831 2732; x_wconf 81' lang='grc'>⁸</span> 
     </span>
    </p>
   </div>
   <div class='ocr_carea' id='block_1_60' title="bbox 2143 2801 3722 2876">
    <p class='ocr_par' dir='ltr' id='par_1_60' title="bbox 2143 2801 3722 2876">
     <span class='ocr_line' id='line_1_60' title="bbox 2143 2801 3722 2876; baseline -0.005 -16"><span class='ocrx_word' id='word_1_432' title='bbox 2143 2803 2323 2870; x_wconf 72' lang='grc' dir='ltr'>εἷπον,</span> <span class='ocrx_word' id='word_1_433' title='bbox 2376 2804 2515 2858; x_wconf 82' lang='grc' dir='ltr'>ὥστε</span> <span class='ocrx_word' id='word_1_434' title='bbox 2562 2804 2718 2876; x_wconf 87' lang='grc' dir='ltr'>δῆλον</span> <span class='ocrx_word' id='word_1_435' title='bbox 2748 2802 3033 2872; x_wconf 88' lang='grc' dir='ltr'>γενέσθαι,</span> <span class='ocrx_word' id='word_1_436' title='bbox 3092 2803 3172 2856; x_wconf 86' lang='grc' dir='ltr'>ὅτι</span> <span class='ocrx_word' id='word_1_437' title='bbox 3204 2801 3304 2855; x_wconf 80' lang='grc' dir='ltr'><strong>κᾶν</strong></span> <span class='ocrx_word' id='word_1_438' title='bbox 3339 2802 3607 2863; x_wconf 84' lang='grc' dir='ltr'>ἀκουσίως</span> <span class='ocrx_word' id='word_1_439' title='bbox 3632 2819 3722 2862; x_wconf 80' lang='grc' dir='ltr'><strong>τις</strong></span> 
     </span>
    </p>
   </div>
   <div class='ocr_carea' id='block_1_61' title="bbox 2142 2889 3719 2961">
    <p class='ocr_par' dir='ltr' id='par_1_61' title="bbox 2142 2889 3719 2961">
     <span class='ocr_line' id='line_1_61' title="bbox 2142 2889 3719 2961; baseline -0.002 -18"><span class='ocrx_word' id='word_1_440' title='bbox 2142 2892 2364 2960; x_wconf 86' lang='grc' dir='ltr'>γένηται</span> <span class='ocrx_word' id='word_1_441' title='bbox 2400 2891 2458 2943; x_wconf 84' lang='grc' dir='ltr'><strong>ὲν</strong></span> <span class='ocrx_word' id='word_1_442' title='bbox 2494 2889 2570 2961; x_wconf 83' lang='grc' dir='ltr'>τῷ</span> <span class='ocrx_word' id='word_1_443' title='bbox 2598 2890 2691 2943; x_wconf 80' lang='grc' dir='ltr'><strong>τοῦ</strong></span> <span class='ocrx_word' id='word_1_444' title='bbox 2725 2890 2883 2958; x_wconf 90' lang='grc' dir='ltr'>φόνου</span> <span class='ocrx_word' id='word_1_445' title='bbox 2932 2889 3221 2960; x_wconf 83' lang='grc' dir='ltr'>μιάσματι,</span> <span class='ocrx_word' id='word_1_446' title='bbox 3260 2891 3334 2952; x_wconf 83' lang='grc' dir='ltr'>ὡς</span> <span class='ocrx_word' id='word_1_447' title='bbox 3361 2889 3460 2958; x_wconf 72' lang='grc' dir='ltr'>ἤδη</span> <span class='ocrx_word' id='word_1_448' title='bbox 3491 2889 3719 2959; x_wconf 74' lang='grc' dir='ltr'>βέϐηλον</span> 
     </span>
    </p>
   </div>
   <div class='ocr_carea' id='block_1_62' title="bbox 484 2979 2043 3070">
    <p class='ocr_par' dir='ltr' id='par_1_62' title="bbox 484 2979 2038 3055">
     <span class='ocr_line' id='line_1_62' title="bbox 484 2979 2038 3055; baseline 0.008 -24"><span class='ocrx_word' id='word_1_449' title='bbox 484 2985 664 3033; x_wconf 82' lang='lat' dir='ltr'><strong>autem</strong></span> <span class='ocrx_word' id='word_1_450' title='bbox 691 2985 775 3034; x_wconf 90' lang='lat' dir='ltr'><strong>est</strong></span> <span class='ocrx_word' id='word_1_451' title='bbox 795 2979 1122 3050; x_wconf 83' lang='lat' dir='ltr'><strong>expiationis</strong></span> <span class='ocrx_word' id='word_1_452' title='bbox 1153 2990 1367 3055; x_wconf 88' lang='lat' dir='ltr'><strong>tempus</strong></span> <span class='ocrx_word' id='word_1_453' title='bbox 1397 2987 1464 3040; x_wconf 88' lang='lat' dir='ltr'><strong>ob</strong></span> <span class='ocrx_word' id='word_1_454' title='bbox 1511 2987 1814 3055; x_wconf 88' lang='lat' dir='ltr'><strong>simplicem</strong></span> <span class='ocrx_word' id='word_1_455' title='bbox 1867 2988 2038 3042; x_wconf 85' lang='lat' dir='ltr'><strong>forni-</strong></span> 
     </span>
    </p>
   </div>
   <div class='ocr_carea' id='block_1_63' title="bbox 2145 2979 3720 3070">
    <p class='ocr_par' dir='ltr' id='par_1_63' title="bbox 2145 2980 3720 3051">
     <span class='ocr_line' id='line_1_63' title="bbox 2145 2980 3720 3051; baseline -0.003 -14"><span class='ocrx_word' id='word_1_456' title='bbox 2145 2983 2303 3037; x_wconf 85' lang='grc' dir='ltr'>αὑτὸν</span> <span class='ocrx_word' id='word_1_457' title='bbox 2327 2983 2433 3036; x_wconf 76' lang='grc' dir='ltr'><strong>ἀπὸ</strong></span> <span class='ocrx_word' id='word_1_458' title='bbox 2461 2981 2555 3035; x_wconf 77' lang='grc' dir='ltr'>τοῦ</span> <span class='ocrx_word' id='word_1_459' title='bbox 2584 2982 2751 3051; x_wconf 82' lang='grc' dir='ltr'>ἄγους</span> <span class='ocrx_word' id='word_1_460' title='bbox 2783 2981 3087 3051; x_wconf 88' lang='grc' dir='ltr'>γενόμενον,</span> <span class='ocrx_word' id='word_1_461' title='bbox 3111 2980 3414 3051; x_wconf 72' lang='grc' dir='ltr'>ἀπόϐλητον</span> <span class='ocrx_word' id='word_1_462' title='bbox 3439 2980 3720 3051; x_wconf 87' lang='grc' dir='ltr'>ἱερατικῆς</span> 
     </span>
    </p>
   </div>
   <div class='ocr_carea' id='block_1_64' title="bbox 483 3069 2040 3136">
    <p class='ocr_par' dir='ltr' id='par_1_64' title="bbox 483 3069 2040 3136">
     <span class='ocr_line' id='line_1_64' title="bbox 483 3069 2040 3136; baseline 0.007 -14"><span class='ocrx_word' id='word_1_463' title='bbox 483 3069 778 3136; x_wconf 84' lang='lat' dir='ltr'><strong>cationem,</strong></span> <span class='ocrx_word' id='word_1_464' title='bbox 810 3078 1022 3126; x_wconf 89' lang='lat' dir='ltr'><strong>tantum</strong></span> <span class='ocrx_word' id='word_1_465' title='bbox 1053 3073 1213 3128; x_wconf 93' lang='lat' dir='ltr'><strong>etiam</strong></span> <span class='ocrx_word' id='word_1_466' title='bbox 1251 3083 1398 3129; x_wconf 89' lang='lat' dir='ltr'><strong>recte</strong></span> <span class='ocrx_word' id='word_1_467' title='bbox 1442 3076 1639 3132; x_wconf 85' lang='lat' dir='ltr'><strong>habere</strong></span> <span class='ocrx_word' id='word_1_468' title='bbox 1670 3079 2040 3133; x_wconf 87' lang='lat' dir='ltr'><strong>existimatum</strong></span> 
     </span>
    </p>
   </div>
   <div class='ocr_carea' id='block_1_65' title="bbox 481 3160 2046 3232">
    <p class='ocr_par' dir='ltr' id='par_1_65' title="bbox 481 3160 2046 3232">
     <span class='ocr_line' id='line_1_65' title="bbox 481 3160 2046 3232; baseline 0.004 -16"><span class='ocrx_word' id='word_1_469' title='bbox 481 3167 568 3216; x_wconf 80' lang='lat' dir='ltr'><strong>est</strong></span> <span class='ocrx_word' id='word_1_470' title='bbox 601 3160 656 3215; x_wconf 91' lang='lat' dir='ltr'><strong>in</strong></span> <span class='ocrx_word' id='word_1_471' title='bbox 691 3161 762 3217; x_wconf 90' lang='lat' dir='ltr'><strong>iis</strong></span> <span class='ocrx_word' id='word_1_472' title='bbox 787 3163 879 3232; x_wconf 87' lang='lat' dir='ltr'><strong>qui</strong></span> <span class='ocrx_word' id='word_1_473' title='bbox 913 3163 1116 3219; x_wconf 64' lang='lat' dir='ltr'><strong>caedem</strong></span> <span class='ocrx_word' id='word_1_474' title='bbox 1150 3165 1567 3222; x_wconf 89' lang='lat' dir='ltr'><strong>involuntariam</strong></span> <span class='ocrx_word' id='word_1_475' title='bbox 1605 3167 1906 3232; x_wconf 79' lang='lat' dir='ltr'><strong>fecissent;</strong></span> <span class='ocrx_word' id='word_1_476' title='bbox 1939 3171 2046 3225; x_wconf 87' lang='lat' dir='ltr'><strong>sci-</strong></span> 
     </span>
    </p>
   </div>
   <div class='ocr_carea' id='block_1_66' title="bbox 482 3249 2047 3323">
    <p class='ocr_par' dir='ltr' id='par_1_66' title="bbox 482 3249 2047 3323">
     <span class='ocr_line' id='line_1_66' title="bbox 482 3249 2047 3323; baseline 0.004 -20"><span class='ocrx_word' id='word_1_477' title='bbox 482 3249 631 3312; x_wconf 83' lang='lat' dir='ltr'><strong>licet,</strong></span> <span class='ocrx_word' id='word_1_478' title='bbox 659 3250 714 3305; x_wconf 92' lang='lat' dir='ltr'><strong>in</strong></span> <span class='ocrx_word' id='word_1_479' title='bbox 748 3250 817 3306; x_wconf 91' lang='lat' dir='ltr'><strong>iis</strong></span> <span class='ocrx_word' id='word_1_480' title='bbox 856 3267 1092 3323; x_wconf 91' lang='lat' dir='ltr'><strong>quoque,</strong></span> <span class='ocrx_word' id='word_1_481' title='bbox 1149 3256 1464 3323; x_wconf 72' lang='lat' dir='ltr'><strong>pmnitentis</strong></span> <span class='ocrx_word' id='word_1_482' title='bbox 1509 3256 1787 3311; x_wconf 87' lang='lat' dir='ltr'><strong>voluntate</strong></span> <span class='ocrx_word' id='word_1_483' title='bbox 1843 3258 2047 3312; x_wconf 81' lang='lat' dir='ltr'><strong>exami-</strong></span> 
     </span>
    </p>
   </div>
   <div class='ocr_carea' id='block_1_67' title="bbox 482 3344 2046 3415">
    <p class='ocr_par' dir='ltr' id='par_1_67' title="bbox 482 3344 2046 3415">
     <span class='ocr_line' id='line_1_67' title="bbox 482 3344 2046 3415; baseline 0.003 -17"><span class='ocrx_word' id='word_1_484' title='bbox 482 3349 652 3410; x_wconf 85' lang='lat' dir='ltr'><strong>nata;</strong></span> <span class='ocrx_word' id='word_1_485' title='bbox 688 3350 749 3397; x_wconf 91' lang='lat' dir='ltr'><strong>ut</strong></span> <span class='ocrx_word' id='word_1_486' title='bbox 788 3344 834 3400; x_wconf 91' lang='lat' dir='ltr'><strong>si</strong></span> <span class='ocrx_word' id='word_1_487' title='bbox 865 3344 936 3398; x_wconf 88' lang='lat' dir='ltr'><strong>sit</strong></span> <span class='ocrx_word' id='word_1_488' title='bbox 982 3344 1088 3400; x_wconf 83' lang='lat' dir='ltr'><strong>ﬁde</strong></span> <span class='ocrx_word' id='word_1_489' title='bbox 1119 3346 1338 3415; x_wconf 90' lang='lat' dir='ltr'><strong>quidem</strong></span> <span class='ocrx_word' id='word_1_490' title='bbox 1375 3347 1539 3415; x_wconf 86' lang='lat' dir='ltr'><strong>digna</strong></span> <span class='ocrx_word' id='word_1_491' title='bbox 1571 3349 1879 3411; x_wconf 88' lang='lat' dir='ltr'><strong>conversio,</strong></span> <span class='ocrx_word' id='word_1_492' title='bbox 1938 3365 2046 3403; x_wconf 89' lang='lat' dir='ltr'><strong>non</strong></span> 
     </span>
    </p>
   </div>
   <div class='ocr_carea' id='block_1_68' title="bbox 482 3437 2048 3508">
    <p class='ocr_par' dir='ltr' id='par_1_68' title="bbox 482 3437 2048 3508">
     <span class='ocr_line' id='line_1_68' title="bbox 482 3437 2048 3508; baseline 0.003 -20"><span class='ocrx_word' id='word_1_493' title='bbox 482 3442 732 3488; x_wconf 83' lang='lat' dir='ltr'><strong>servetur</strong></span> <span class='ocrx_word' id='word_1_494' title='bbox 760 3448 1030 3489; x_wconf 80' lang='lat' dir='ltr'><strong>annorum</strong></span> <span class='ocrx_word' id='word_1_495' title='bbox 1061 3449 1323 3489; x_wconf 89' lang='lat' dir='ltr'><strong>numerus</strong></span> <span class='ocrx_word' id='word_1_496' title='bbox 1351 3454 1366 3502; x_wconf 90' lang='lat'>;</span> <span class='ocrx_word' id='word_1_497' title='bbox 1402 3437 1498 3489; x_wconf 80' lang='lat' dir='ltr'><strong>sed</strong></span> <span class='ocrx_word' id='word_1_498' title='bbox 1531 3438 1793 3507; x_wconf 91' lang='lat' dir='ltr'><strong>temporis</strong></span> <span class='ocrx_word' id='word_1_499' title='bbox 1823 3440 2048 3508; x_wconf 85' lang='lat' dir='ltr'><strong>prolixi-</strong></span> 
     </span>
    </p>
   </div>
   <div class='ocr_carea' id='block_1_69' title="bbox 484 3523 2047 3589">
    <p class='ocr_par' dir='ltr' id='par_1_69' title="bbox 484 3523 2047 3589">
     <span class='ocr_line' id='line_1_69' title="bbox 484 3523 2047 3589; baseline 0.006 -13"><span class='ocrx_word' id='word_1_500' title='bbox 484 3529 596 3577; x_wconf 91' lang='lat' dir='ltr'><strong>tate</strong></span> <span class='ocrx_word' id='word_1_501' title='bbox 645 3531 911 3589; x_wconf 88' lang='lat' dir='ltr'><strong>resecata,</strong></span> <span class='ocrx_word' id='word_1_502' title='bbox 941 3525 1010 3579; x_wconf 91' lang='lat' dir='ltr'><strong>ad</strong></span> <span class='ocrx_word' id='word_1_503' title='bbox 1079 3523 1338 3580; x_wconf 72' lang='lat' dir='ltr'><strong>Ecclesiae</strong></span> <span class='ocrx_word' id='word_1_504' title='bbox 1381 3526 1781 3585; x_wconf 88' lang='lat' dir='ltr'><strong>restitutionem</strong></span> <span class='ocrx_word' id='word_1_505' title='bbox 1812 3539 1866 3585; x_wconf 88' lang='lat' dir='ltr'><strong>et</strong></span> <span class='ocrx_word' id='word_1_506' title='bbox 1917 3532 2047 3586; x_wconf 92' lang='lat' dir='ltr'><strong>boni</strong></span> 
     </span>
    </p>
   </div>
   <div class='ocr_carea' id='block_1_70' title="bbox 484 3613 2048 3691">
    <p class='ocr_par' dir='ltr' id='par_1_70' title="bbox 484 3613 2048 3691">
     <span class='ocr_line' id='line_1_70' title="bbox 484 3613 2048 3691; baseline 0.008 -27"><span class='ocrx_word' id='word_1_507' title='bbox 484 3613 955 3683; x_wconf 83' lang='lat' dir='ltr'><strong>participationem</strong></span> <span class='ocrx_word' id='word_1_508' title='bbox 986 3618 1306 3684; x_wconf 91' lang='lat' dir='ltr'><strong>compendio</strong></span> <span class='ocrx_word' id='word_1_509' title='bbox 1334 3619 1648 3674; x_wconf 86' lang='lat' dir='ltr'><strong>reducatur.</strong></span> <span class='ocrx_word' id='word_1_510' title='bbox 1693 3620 1749 3675; x_wconf 89' lang='lat' dir='ltr'><strong>Si</strong></span> <span class='ocrx_word' id='word_1_511' title='bbox 1789 3622 1912 3691; x_wconf 89' lang='lat' dir='ltr'><strong>quis</strong></span> <span class='ocrx_word' id='word_1_512' title='bbox 1946 3639 2048 3677; x_wconf 89' lang='lat' dir='ltr'><strong>au-</strong></span> 
     </span>
    </p>
   </div>
   <div class='ocr_carea' id='block_1_71' title="bbox 483 3706 2033 3782">
    <p class='ocr_par' dir='ltr' id='par_1_71' title="bbox 483 3706 2033 3782">
     <span class='ocr_line' id='line_1_71' title="bbox 483 3706 2033 3782; baseline 0.008 -25"><span class='ocrx_word' id='word_1_513' title='bbox 483 3713 594 3759; x_wconf 90' lang='lat' dir='ltr'><strong>tem</strong></span> <span class='ocrx_word' id='word_1_514' title='bbox 626 3719 732 3758; x_wconf 91' lang='lat' dir='ltr'><strong>non</strong></span> <span class='ocrx_word' id='word_1_515' title='bbox 762 3706 975 3775; x_wconf 88' lang='lat' dir='ltr'><strong>expleto</strong></span> <span class='ocrx_word' id='word_1_516' title='bbox 1023 3713 1266 3776; x_wconf 88' lang='lat' dir='ltr'><strong>tempore</strong></span> <span class='ocrx_word' id='word_1_517' title='bbox 1296 3725 1326 3763; x_wconf 91' lang='lat' dir='ltr'><strong>a</strong></span> <span class='ocrx_word' id='word_1_518' title='bbox 1379 3713 1678 3767; x_wconf 88' lang='lat' dir='ltr'><strong>canonibus</strong></span> <span class='ocrx_word' id='word_1_519' title='bbox 1720 3715 2033 3782; x_wconf 78' lang='lat' dir='ltr'><strong>praestituto</strong></span> 
     </span>
    </p>
   </div>
   <div class='ocr_carea' id='block_1_72' title="bbox 486 3795 2050 3866">
    <p class='ocr_par' dir='ltr' id='par_1_72' title="bbox 486 3795 2050 3866">
     <span class='ocr_line' id='line_1_72' title="bbox 486 3795 2050 3866; baseline 0.01 -19"><span class='ocrx_word' id='word_1_520' title='bbox 486 3795 599 3848; x_wconf 90' lang='lat' dir='ltr'><strong>vita</strong></span> <span class='ocrx_word' id='word_1_521' title='bbox 625 3796 870 3859; x_wconf 79' lang='lat' dir='ltr'><strong>excedat,</strong></span> <span class='ocrx_word' id='word_1_522' title='bbox 915 3796 1070 3866; x_wconf 89' lang='lat' dir='ltr'><strong>jubet</strong></span> <span class='ocrx_word' id='word_1_523' title='bbox 1105 3796 1323 3854; x_wconf 87' lang='lat' dir='ltr'><strong>Patrum</strong></span> <span class='ocrx_word' id='word_1_524' title='bbox 1364 3802 1648 3866; x_wconf 72' lang='lat' dir='ltr'><strong>clementia</strong></span> <span class='ocrx_word' id='word_1_525' title='bbox 1701 3813 1762 3858; x_wconf 90' lang='lat' dir='ltr'><strong>ut</strong></span> <span class='ocrx_word' id='word_1_526' title='bbox 1825 3805 2050 3862; x_wconf 82' lang='lat' dir='ltr'><strong>effectus</strong></span> 
     </span>
    </p>
   </div>
   <div class='ocr_carea' id='block_1_73' title="bbox 487 3890 2050 3962">
    <p class='ocr_par' dir='ltr' id='par_1_73' title="bbox 487 3890 2050 3962">
     <span class='ocr_line' id='line_1_73' title="bbox 487 3890 2050 3962; baseline 0.006 -20"><span class='ocrx_word' id='word_1_527' title='bbox 487 3897 956 3942; x_wconf 86' lang='lat' dir='ltr'><strong>sacramentorum</strong></span> <span class='ocrx_word' id='word_1_528' title='bbox 989 3890 1286 3959; x_wconf 88' lang='lat' dir='ltr'><strong>particeps,</strong></span> <span class='ocrx_word' id='word_1_529' title='bbox 1322 3908 1430 3946; x_wconf 92' lang='lat' dir='ltr'><strong>non</strong></span> <span class='ocrx_word' id='word_1_530' title='bbox 1458 3894 1658 3949; x_wconf 83' lang='lat' dir='ltr'><strong>viatico</strong></span> <span class='ocrx_word' id='word_1_531' title='bbox 1711 3911 1943 3962; x_wconf 89' lang='lat' dir='ltr'><strong>vacuus,</strong></span> <span class='ocrx_word' id='word_1_532' title='bbox 1983 3897 2050 3952; x_wconf 91' lang='lat' dir='ltr'><strong>ad</strong></span> 
     </span>
    </p>
   </div>
   <div class='ocr_carea' id='block_1_74' title="bbox 484 3978 2053 4054">
    <p class='ocr_par' dir='ltr' id='par_1_74' title="bbox 484 3978 2053 4054">
     <span class='ocr_line' id='line_1_74' title="bbox 484 3978 2053 4054; baseline 0.008 -23"><span class='ocrx_word' id='word_1_533' title='bbox 484 3984 784 4032; x_wconf 81' lang='lat' dir='ltr'><strong>extremam</strong></span> <span class='ocrx_word' id='word_1_534' title='bbox 813 3978 960 4033; x_wconf 91' lang='lat' dir='ltr'><strong>illam</strong></span> <span class='ocrx_word' id='word_1_535' title='bbox 982 3988 1036 4035; x_wconf 91' lang='lat' dir='ltr'><strong>et</strong></span> <span class='ocrx_word' id='word_1_536' title='bbox 1077 3982 1292 4051; x_wconf 82' lang='lat' dir='ltr'><strong>longam</strong></span> <span class='ocrx_word' id='word_1_537' title='bbox 1344 3987 1836 4054; x_wconf 85' lang='lat' dir='ltr'><strong>peregrinationem</strong></span> <span class='ocrx_word' id='word_1_538' title='bbox 1871 3993 2053 4043; x_wconf 88' lang='lat' dir='ltr'><strong>mitta-</strong></span> 
     </span>
    </p>
   </div>
   <div class='ocr_carea' id='block_1_75' title="bbox 486 4070 2052 4153">
    <p class='ocr_par' dir='ltr' id='par_1_75' title="bbox 486 4070 2052 4153">
     <span class='ocr_line' id='line_1_75' title="bbox 486 4070 2052 4153; baseline 0.011 -31"><span class='ocrx_word' id='word_1_539' title='bbox 486 4077 596 4123; x_wconf 87' lang='lat' dir='ltr'><strong>tur.</strong></span> <span class='ocrx_word' id='word_1_540' title='bbox 644 4070 742 4125; x_wconf 88' lang='lat' dir='ltr'><strong>Sin</strong></span> <span class='ocrx_word' id='word_1_541' title='bbox 803 4079 1005 4137; x_wconf 90' lang='lat' dir='ltr'><strong>autem,</strong></span> <span class='ocrx_word' id='word_1_542' title='bbox 1055 4081 1341 4144; x_wconf 87' lang='lat' dir='ltr'><strong>postquam</strong></span> <span class='ocrx_word' id='word_1_543' title='bbox 1393 4081 1719 4133; x_wconf 89' lang='lat' dir='ltr'><strong>sacramenti</strong></span> <span class='ocrx_word' id='word_1_544' title='bbox 1784 4083 2052 4153; x_wconf 86' lang='lat' dir='ltr'><strong>particeps</strong></span> 
     </span>
    </p>
   </div>
   <div class='ocr_carea' id='block_1_76' title="bbox 486 4163 2053 4230">
    <p class='ocr_par' dir='ltr' id='par_1_76' title="bbox 486 4163 2053 4230">
     <span class='ocr_line' id='line_1_76' title="bbox 486 4163 2053 4230; baseline 0.006 -12"><span class='ocrx_word' id='word_1_545' title='bbox 486 4163 667 4219; x_wconf 86' lang='lat' dir='ltr'><strong>factus</strong></span> <span class='ocrx_word' id='word_1_546' title='bbox 693 4164 877 4230; x_wconf 84' lang='lat' dir='ltr'><strong>fuerit,</strong></span> <span class='ocrx_word' id='word_1_547' title='bbox 907 4181 1125 4221; x_wconf 84' lang='lat' dir='ltr'><strong>rursum</strong></span> <span class='ocrx_word' id='word_1_548' title='bbox 1151 4168 1219 4223; x_wconf 91' lang='lat' dir='ltr'><strong>ad</strong></span> <span class='ocrx_word' id='word_1_549' title='bbox 1247 4168 1414 4223; x_wconf 88' lang='lat' dir='ltr'><strong>vitam</strong></span> <span class='ocrx_word' id='word_1_550' title='bbox 1447 4186 1699 4227; x_wconf 85' lang='lat' dir='ltr'><strong>reversus</strong></span> <span class='ocrx_word' id='word_1_551' title='bbox 1729 4173 1837 4228; x_wconf 90' lang='lat' dir='ltr'><strong>sit:</strong></span> <span class='ocrx_word' id='word_1_552' title='bbox 1879 4181 2053 4228; x_wconf 90' lang='lat' dir='ltr'><strong>statu-</strong></span> 
     </span>
    </p>
   </div>
   <div class='ocr_carea' id='block_1_77' title="bbox 487 4259 2052 4332">
    <p class='ocr_par' dir='ltr' id='par_1_77' title="bbox 487 4259 2052 4332">
     <span class='ocr_line' id='line_1_77' title="bbox 487 4259 2052 4332; baseline 0.006 -23"><span class='ocrx_word' id='word_1_553' title='bbox 487 4265 603 4309; x_wconf 90' lang='lat' dir='ltr'><strong>tum</strong></span> <span class='ocrx_word' id='word_1_554' title='bbox 629 4266 844 4326; x_wconf 87' lang='lat' dir='ltr'><strong>tempus</strong></span> <span class='ocrx_word' id='word_1_555' title='bbox 871 4265 1170 4327; x_wconf 81' lang='lat' dir='ltr'><strong>exspectet,</strong></span> <span class='ocrx_word' id='word_1_556' title='bbox 1204 4259 1259 4313; x_wconf 91' lang='lat' dir='ltr'><strong>in</strong></span> <span class='ocrx_word' id='word_1_557' title='bbox 1315 4261 1409 4315; x_wconf 91' lang='lat' dir='ltr'><strong>illo</strong></span> <span class='ocrx_word' id='word_1_558' title='bbox 1453 4263 1624 4332; x_wconf 77' lang='lat' dir='ltr'><strong>gradu</strong></span> <span class='ocrx_word' id='word_1_559' title='bbox 1675 4265 1948 4320; x_wconf 83' lang='lat' dir='ltr'><strong>exsistens</strong></span> <span class='ocrx_word' id='word_1_560' title='bbox 1999 4266 2052 4319; x_wconf 92' lang='lat' dir='ltr'><strong>in</strong></span> 
     </span>
    </p>
   </div>
   <div class='ocr_carea' id='block_1_78' title="bbox 2146 3069 3717 3145">
    <p class='ocr_par' dir='ltr' id='par_1_78' title="bbox 2146 3069 3717 3145">
     <span class='ocr_line' id='line_1_78' title="bbox 2146 3069 3717 3145; baseline -0.005 -18"><span class='ocrx_word' id='word_1_561' title='bbox 2146 3075 2363 3145; x_wconf 85' lang='grc' dir='ltr'>χάριτος</span> <span class='ocrx_word' id='word_1_562' title='bbox 2400 3075 2428 3126; x_wconf 89' lang='lat'><strong>6</strong></span> <span class='ocrx_word' id='word_1_563' title='bbox 2466 3071 2643 3125; x_wconf 86' lang='grc' dir='ltr'>κανὼν</span> <span class='ocrx_word' id='word_1_564' title='bbox 2689 3072 3006 3140; x_wconf 87' lang='grc' dir='ltr'>ἀπεφήνατο</span> <span class='ocrx_word' id='word_1_565' title='bbox 3031 3087 3044 3099; x_wconf 90' lang='grc'><strong>·</strong></span> <span class='ocrx_word' id='word_1_566' title='bbox 3097 3070 3219 3132; x_wconf 83' lang='grc' dir='ltr'>ὅσος</span> <span class='ocrx_word' id='word_1_567' title='bbox 3258 3069 3313 3122; x_wconf 92' lang='grc' dir='ltr'><strong>δέ</strong></span> <span class='ocrx_word' id='word_1_568' title='bbox 3344 3071 3489 3122; x_wconf 85' lang='grc' dir='ltr'>ἐστιν</span> <span class='ocrx_word' id='word_1_569' title='bbox 3529 3070 3623 3122; x_wconf 73' lang='grc' dir='ltr'><strong>ἐπὶ</strong></span> <span class='ocrx_word' id='word_1_570' title='bbox 3650 3073 3717 3139; x_wconf 86' lang='grc' dir='ltr'>τῇ</span> 
     </span>
    </p>
   </div>
   <div class='ocr_carea' id='block_1_79' title="bbox 2143 3160 3722 3235">
    <p class='ocr_par' dir='ltr' id='par_1_79' title="bbox 2143 3160 3722 3235">
     <span class='ocr_line' id='line_1_79' title="bbox 2143 3160 3722 3235; baseline -0.004 -18"><span class='ocrx_word' id='word_1_571' title='bbox 2143 3165 2271 3235; x_wconf 76' lang='grc' dir='ltr'><strong>ψιλῇ</strong></span> <span class='ocrx_word' id='word_1_572' title='bbox 2299 3163 2522 3234; x_wconf 81' lang='grc' dir='ltr'>πορνείᾳ</span> <span class='ocrx_word' id='word_1_573' title='bbox 2559 3162 2652 3215; x_wconf 81' lang='grc' dir='ltr'><strong>τοῦ</strong></span> <span class='ocrx_word' id='word_1_574' title='bbox 2686 3162 2978 3234; x_wconf 82' lang='grc' dir='ltr'>καθαρσίου</span> <span class='ocrx_word' id='word_1_575' title='bbox 3019 3161 3047 3213; x_wconf 88' lang='grc' dir='ltr'>ὁ</span> <span class='ocrx_word' id='word_1_576' title='bbox 3081 3161 3290 3231; x_wconf 77' lang='grc' dir='ltr'>χρόνος,</span> <span class='ocrx_word' id='word_1_577' title='bbox 3337 3160 3587 3223; x_wconf 81' lang='grc' dir='ltr'>τοσοῦτος</span> <span class='ocrx_word' id='word_1_578' title='bbox 3626 3161 3722 3213; x_wconf 74' lang='grc' dir='ltr'>καὶ</span> 
     </span>
    </p>
   </div>
   <div class='ocr_carea' id='block_1_80' title="bbox 2145 3251 3719 3322">
    <p class='ocr_par' dir='ltr' id='par_1_80' title="bbox 2145 3251 3719 3322">
     <span class='ocr_line' id='line_1_80' title="bbox 2145 3251 3719 3322; baseline -0.003 -15"><span class='ocrx_word' id='word_1_579' title='bbox 2145 3255 2369 3307; x_wconf 76' lang='grc' dir='ltr'>ἐπὶτῶν</span> <span class='ocrx_word' id='word_1_580' title='bbox 2414 3253 2682 3316; x_wconf 85' lang='grc' dir='ltr'>ἀκουσίως</span> <span class='ocrx_word' id='word_1_581' title='bbox 2715 3252 3124 3322; x_wconf 87' lang='grc' dir='ltr'>πεφονευκότων</span> <span class='ocrx_word' id='word_1_582' title='bbox 3189 3251 3519 3322; x_wconf 87' lang='grc' dir='ltr'>ἐδοκιμάσθη</span> <span class='ocrx_word' id='word_1_583' title='bbox 3554 3252 3719 3304; x_wconf 84' lang='grc' dir='ltr'>καλὸν</span> 
     </span>
    </p>
   </div>
   <div class='ocr_carea' id='block_1_81' title="bbox 2145 3343 3719 3417">
    <p class='ocr_par' dir='ltr' id='par_1_81' title="bbox 2145 3343 3719 3417">
     <span class='ocr_line' id='line_1_81' title="bbox 2145 3343 3719 3417; baseline -0.002 -19"><span class='ocrx_word' id='word_1_584' title='bbox 2145 3345 2309 3417; x_wconf 78' lang='grc' dir='ltr'>ἔχειν,</span> <span class='ocrx_word' id='word_1_585' title='bbox 2335 3345 2530 3415; x_wconf 85' lang='grc' dir='ltr'>δηλαδὴ</span> <span class='ocrx_word' id='word_1_586' title='bbox 2565 3343 2658 3396; x_wconf 67' lang='grc' dir='ltr'><strong>καὶ</strong></span> <span class='ocrx_word' id='word_1_587' title='bbox 2691 3345 2748 3395; x_wconf 82' lang='grc' dir='ltr'>ἐν</span> <span class='ocrx_word' id='word_1_588' title='bbox 2773 3343 2943 3414; x_wconf 81' lang='grc' dir='ltr'>τούτῳ</span> <span class='ocrx_word' id='word_1_589' title='bbox 2974 3348 3072 3413; x_wconf 89' lang='grc' dir='ltr'><strong>τῆς</strong></span> <span class='ocrx_word' id='word_1_590' title='bbox 3094 3343 3460 3413; x_wconf 84' lang='grc' dir='ltr'>προαιρέσεως</span> <span class='ocrx_word' id='word_1_591' title='bbox 3487 3343 3580 3396; x_wconf 82' lang='grc' dir='ltr'><strong>τοῦ</strong></span> <span class='ocrx_word' id='word_1_592' title='bbox 3619 3361 3719 3412; x_wconf 73' lang='grc' dir='ltr'>με·</span> 
     </span>
    </p>
   </div>
   <div class='ocr_carea' id='block_1_82' title="bbox 2145 3433 3724 3506">
    <p class='ocr_par' dir='ltr' id='par_1_82' title="bbox 2145 3433 3724 3506">
     <span class='ocr_line' id='line_1_82' title="bbox 2145 3433 3724 3506; baseline -0.003 -14"><span class='ocrx_word' id='word_1_593' title='bbox 2145 3436 2456 3499; x_wconf 80' lang='grc' dir='ltr'>τανοοῦντος</span> <span class='ocrx_word' id='word_1_594' title='bbox 2470 3435 2898 3506; x_wconf 77' lang='grc' dir='ltr'>δοκιμαζομένης</span> <span class='ocrx_word' id='word_1_595' title='bbox 2919 3452 2931 3464; x_wconf 93' lang='grc'><strong>·</strong></span> <span class='ocrx_word' id='word_1_596' title='bbox 2956 3433 3094 3486; x_wconf 79' lang='grc' dir='ltr'>ὥστε</span> <span class='ocrx_word' id='word_1_597' title='bbox 3113 3436 3159 3485; x_wconf 88' lang='grc' dir='ltr'><strong>εί</strong></span> <span class='ocrx_word' id='word_1_598' title='bbox 3185 3434 3494 3497; x_wconf 81' lang='grc' dir='ltr'>ἀξιόπιστος</span> <span class='ocrx_word' id='word_1_599' title='bbox 3513 3435 3724 3502; x_wconf 79' lang='grc' dir='ltr'>γένοιτο</span> 
     </span>
    </p>
   </div>
   <div class='ocr_carea' id='block_1_83' title="bbox 2147 3521 3722 3599">
    <p class='ocr_par' dir='ltr' id='par_1_83' title="bbox 2147 3521 3722 3599">
     <span class='ocr_line' id='line_1_83' title="bbox 2147 3521 3722 3599; baseline -0.003 -20"><span class='ocrx_word' id='word_1_600' title='bbox 2147 3530 2181 3599; x_wconf 80' lang='grc' dir='ltr'><strong>ἡ</strong></span> <span class='ocrx_word' id='word_1_601' title='bbox 2209 3526 2529 3597; x_wconf 80' lang='grc' dir='ltr'>ἐπιστροφὴ,</span> <span class='ocrx_word' id='word_1_602' title='bbox 2548 3524 2620 3595; x_wconf 80' lang='grc' dir='ltr'>μὴ</span> <span class='ocrx_word' id='word_1_603' title='bbox 2643 3525 2857 3584; x_wconf 88' lang='grc' dir='ltr'>πάντως</span> <span class='ocrx_word' id='word_1_604' title='bbox 2883 3521 3369 3592; x_wconf 87' lang='grc' dir='ltr'>παραφυλαχθῆναι</span> <span class='ocrx_word' id='word_1_605' title='bbox 3386 3521 3474 3574; x_wconf 83' lang='grc' dir='ltr'><strong>τὸν</strong></span> <span class='ocrx_word' id='word_1_606' title='bbox 3490 3522 3722 3592; x_wconf 73' lang='grc' dir='ltr'>ἀριθμὸν</span> 
     </span>
    </p>
   </div>
   <div class='ocr_carea' id='block_1_84' title="bbox 2145 3611 3724 3681">
    <p class='ocr_par' dir='ltr' id='par_1_84' title="bbox 2145 3611 3724 3681">
     <span class='ocr_line' id='line_1_84' title="bbox 2145 3611 3724 3681; baseline -0.004 -11"><span class='ocrx_word' id='word_1_607' title='bbox 2145 3617 2253 3670; x_wconf 82' lang='grc' dir='ltr'>τῶν</span> <span class='ocrx_word' id='word_1_608' title='bbox 2279 3615 2432 3681; x_wconf 81' lang='grc' dir='ltr'>ἐτῶν,</span> <span class='ocrx_word' id='word_1_609' title='bbox 2458 3615 2592 3668; x_wconf 88' lang='grc' dir='ltr'><strong>ἀλλά</strong></span> <span class='ocrx_word' id='word_1_610' title='bbox 2617 3612 2704 3666; x_wconf 88' lang='grc' dir='ltr'><strong>διά</strong></span> <span class='ocrx_word' id='word_1_611' title='bbox 2734 3612 3024 3681; x_wconf 71' lang='grc' dir='ltr'>συντομίας</span> <span class='ocrx_word' id='word_1_612' title='bbox 3065 3613 3290 3679; x_wconf 80' lang='grc' dir='ltr'>ἀγαγεῖν</span> <span class='ocrx_word' id='word_1_613' title='bbox 3319 3613 3482 3664; x_wconf 83' lang='grc' dir='ltr'>αὐτὸν</span> <span class='ocrx_word' id='word_1_614' title='bbox 3511 3614 3590 3674; x_wconf 87' lang='grc' dir='ltr'><strong>είς</strong></span> <span class='ocrx_word' id='word_1_615' title='bbox 3621 3611 3724 3681; x_wconf 77' lang='grc' dir='ltr'><strong>τὴν</strong></span> 
     </span>
    </p>
   </div>
   <div class='ocr_carea' id='block_1_85' title="bbox 2147 3703 3718 3780">
    <p class='ocr_par' dir='ltr' id='par_1_85' title="bbox 2147 3703 3718 3780">
     <span class='ocr_line' id='line_1_85' title="bbox 2147 3703 3718 3780; baseline -0.004 -18"><span class='ocrx_word' id='word_1_616' title='bbox 2147 3710 2243 3780; x_wconf 82' lang='grc' dir='ltr'><strong>τῆς</strong></span> <span class='ocrx_word' id='word_1_617' title='bbox 2259 3706 2578 3778; x_wconf 86' lang='grc' dir='ltr'>Ἐκκλησίας</span> <span class='ocrx_word' id='word_1_618' title='bbox 2596 3706 3054 3768; x_wconf 83' lang='grc' dir='ltr'>ἀποκατάστασιν,</span> <span class='ocrx_word' id='word_1_619' title='bbox 3077 3705 3168 3757; x_wconf 75' lang='grc' dir='ltr'><strong>καὶ</strong></span> <span class='ocrx_word' id='word_1_620' title='bbox 3185 3705 3262 3767; x_wconf 83' lang='grc' dir='ltr'><strong>είς</strong></span> <span class='ocrx_word' id='word_1_621' title='bbox 3279 3705 3376 3774; x_wconf 81' lang='grc' dir='ltr'><strong>τὴν</strong></span> <span class='ocrx_word' id='word_1_622' title='bbox 3391 3703 3484 3756; x_wconf 77' lang='grc' dir='ltr'><strong>τοῦ</strong></span> <span class='ocrx_word' id='word_1_623' title='bbox 3508 3703 3718 3771; x_wconf 76' lang='grc' dir='ltr'>ἀγαθοῦ</span> 
     </span>
    </p>
   </div>
   <div class='ocr_carea' id='block_1_86' title="bbox 2152 3795 3724 3873">
    <p class='ocr_par' dir='ltr' id='par_1_86' title="bbox 2152 3795 3724 3873">
     <span class='ocr_line' id='line_1_86' title="bbox 2152 3795 3724 3873; baseline -0.005 -18"><span class='ocrx_word' id='word_1_624' title='bbox 2152 3801 2454 3873; x_wconf 89' lang='grc' dir='ltr'>μετουσίαν.</span> <span class='ocrx_word' id='word_1_625' title='bbox 2497 3801 2560 3852; x_wconf 75' lang='lat' dir='ltr'><strong>Et</strong></span> <span class='ocrx_word' id='word_1_626' title='bbox 2607 3798 2664 3850; x_wconf 87' lang='grc' dir='ltr'><strong>δέ</strong></span> <span class='ocrx_word' id='word_1_627' title='bbox 2690 3815 2772 3861; x_wconf 86' lang='grc' dir='ltr'><strong>τις</strong></span> <span class='ocrx_word' id='word_1_628' title='bbox 2821 3797 2894 3868; x_wconf 84' lang='grc' dir='ltr'>μὴ</span> <span class='ocrx_word' id='word_1_629' title='bbox 2939 3795 3230 3867; x_wconf 77' lang='grc' dir='ltr'>πληρώσας</span> <span class='ocrx_word' id='word_1_630' title='bbox 3262 3796 3352 3849; x_wconf 75' lang='grc' dir='ltr'><strong>τὸν</strong></span> <span class='ocrx_word' id='word_1_631' title='bbox 3398 3796 3589 3866; x_wconf 83' lang='grc' dir='ltr'>χρόνον</span> <span class='ocrx_word' id='word_1_632' title='bbox 3630 3795 3724 3848; x_wconf 70' lang='grc' dir='ltr'>τὸν</span> 
     </span>
    </p>
   </div>
   <div class='ocr_carea' id='block_1_87' title="bbox 2148 3886 3720 3958">
    <p class='ocr_par' dir='ltr' id='par_1_87' title="bbox 2148 3886 3720 3958">
     <span class='ocr_line' id='line_1_87' title="bbox 2148 3886 3720 3958; baseline -0.005 -12"><span class='ocrx_word' id='word_1_633' title='bbox 2148 3895 2212 3946; x_wconf 84' lang='grc' dir='ltr'>ὲκ</span> <span class='ocrx_word' id='word_1_634' title='bbox 2263 3891 2368 3945; x_wconf 84' lang='grc' dir='ltr'>τῶν</span> <span class='ocrx_word' id='word_1_635' title='bbox 2418 3889 2653 3943; x_wconf 86' lang='grc' dir='ltr'>κανόνων</span> <span class='ocrx_word' id='word_1_636' title='bbox 2702 3888 3098 3958; x_wconf 79' lang='grc' dir='ltr'>ἀφωρισμένον,</span> <span class='ocrx_word' id='word_1_637' title='bbox 3157 3887 3388 3952; x_wconf 76' lang='grc' dir='ltr'>ἐξοδεύοι</span> <span class='ocrx_word' id='word_1_638' title='bbox 3431 3887 3525 3939; x_wconf 77' lang='grc' dir='ltr'><strong>τοῦ</strong></span> <span class='ocrx_word' id='word_1_639' title='bbox 3568 3886 3720 3954; x_wconf 89' lang='grc' dir='ltr'>βίου·</span> 
     </span>
    </p>
   </div>
   <div class='ocr_carea' id='block_1_88' title="bbox 2151 3977 3726 4052">
    <p class='ocr_par' dir='ltr' id='par_1_88' title="bbox 2151 3977 3726 4052">
     <span class='ocr_line' id='line_1_88' title="bbox 2151 3977 3726 4052; baseline -0.004 -16"><span class='ocrx_word' id='word_1_640' title='bbox 2151 3983 2357 4036; x_wconf 82' lang='grc' dir='ltr'>κελεύει</span> <span class='ocrx_word' id='word_1_641' title='bbox 2411 3985 2444 4052; x_wconf 83' lang='grc' dir='ltr'>ἡ</span> <span class='ocrx_word' id='word_1_642' title='bbox 2490 3981 2594 4033; x_wconf 80' lang='grc' dir='ltr'><strong>τῶν</strong></span> <span class='ocrx_word' id='word_1_643' title='bbox 2634 3979 2892 4048; x_wconf 86' lang='grc' dir='ltr'>Πατέρων</span> <span class='ocrx_word' id='word_1_644' title='bbox 2944 3977 3321 4047; x_wconf 85' lang='grc' dir='ltr'>φιλανθρωπία</span> <span class='ocrx_word' id='word_1_645' title='bbox 3385 3978 3726 4048; x_wconf 85' lang='grc' dir='ltr'>μετασχόντα</span> 
     </span>
    </p>
   </div>
   <div class='ocr_carea' id='block_1_89' title="bbox 2148 4069 3726 4141">
    <p class='ocr_par' dir='ltr' id='par_1_89' title="bbox 2148 4069 3726 4141">
     <span class='ocr_line' id='line_1_89' title="bbox 2148 4069 3726 4141; baseline -0.005 -13"><span class='ocrx_word' id='word_1_646' title='bbox 2148 4075 2255 4128; x_wconf 80' lang='grc' dir='ltr'>τῶν</span> <span class='ocrx_word' id='word_1_647' title='bbox 2295 4073 2679 4141; x_wconf 89' lang='grc' dir='ltr'>ἀγιασμάτων,</span> <span class='ocrx_word' id='word_1_648' title='bbox 2741 4069 2814 4139; x_wconf 85' lang='grc' dir='ltr'>μὴ</span> <span class='ocrx_word' id='word_1_649' title='bbox 2853 4070 3006 4122; x_wconf 84' lang='grc' dir='ltr'>κενὸν</span> <span class='ocrx_word' id='word_1_650' title='bbox 3050 4069 3140 4121; x_wconf 80' lang='grc' dir='ltr'><strong>τοῦ</strong></span> <span class='ocrx_word' id='word_1_651' title='bbox 3186 4069 3396 4137; x_wconf 83' lang='grc' dir='ltr'>ἐφοδίου</span> <span class='ocrx_word' id='word_1_652' title='bbox 3444 4070 3579 4138; x_wconf 84' lang='grc' dir='ltr'>πρὸς</span> <span class='ocrx_word' id='word_1_653' title='bbox 3623 4073 3726 4139; x_wconf 77' lang='grc' dir='ltr'>τὴν</span> 
     </span>
    </p>
   </div>
   <div class='ocr_carea' id='block_1_90' title="bbox 2151 4158 3806 4236">
    <p class='ocr_par' dir='ltr' id='par_1_90' title="bbox 2151 4158 3806 4236">
     <span class='ocr_line' id='line_1_90' title="bbox 2151 4158 3806 4236; baseline -0.007 -16"><span class='ocrx_word' id='word_1_654' title='bbox 2151 4167 2384 4236; x_wconf 82' lang='grc' dir='ltr'>ἐσχάτην</span> <span class='ocrx_word' id='word_1_655' title='bbox 2404 4163 2615 4233; x_wconf 80' lang='grc' dir='ltr'>ἐκείνην</span> <span class='ocrx_word' id='word_1_656' title='bbox 2636 4160 2728 4214; x_wconf 72' lang='grc' dir='ltr'>καὶ</span> <span class='ocrx_word' id='word_1_657' title='bbox 2757 4159 2971 4230; x_wconf 80' lang='grc' dir='ltr'>μακράν</span> <span class='ocrx_word' id='word_1_658' title='bbox 2989 4158 3296 4228; x_wconf 86' lang='grc' dir='ltr'>ἀποδημίαν</span> <span class='ocrx_word' id='word_1_659' title='bbox 3315 4159 3724 4228; x_wconf 76' lang='grc' dir='ltr'>ἐκπεμφθῆναι.</span> <span class='ocrx_word' id='word_1_660' title='bbox 3800 4176 3806 4183; x_wconf 95' lang='grc'>·</span> 
     </span>
    </p>
   </div>
   <div class='ocr_carea' id='block_1_91' title="bbox 2152 4247 3726 4324">
    <p class='ocr_par' dir='ltr' id='par_1_91' title="bbox 2152 4247 3726 4324">
     <span class='ocr_line' id='line_1_91' title="bbox 2152 4247 3726 4324; baseline -0.006 -14"><span class='ocrx_word' id='word_1_661' title='bbox 2152 4259 2217 4311; x_wconf 83' lang='grc' dir='ltr'><strong>Εἰ</strong></span> <span class='ocrx_word' id='word_1_662' title='bbox 2244 4257 2300 4309; x_wconf 78' lang='grc' dir='ltr'>δὲ</span> <span class='ocrx_word' id='word_1_663' title='bbox 2339 4250 2619 4324; x_wconf 87' lang='grc' dir='ltr'>μετασχὼν</span> <span class='ocrx_word' id='word_1_664' title='bbox 2642 4250 2732 4303; x_wconf 80' lang='grc' dir='ltr'><strong>τοῦ</strong></span> <span class='ocrx_word' id='word_1_665' title='bbox 2764 4249 3119 4319; x_wconf 87' lang='grc' dir='ltr'>ἀγιάσματος,</span> <span class='ocrx_word' id='word_1_666' title='bbox 3154 4249 3314 4303; x_wconf 89' lang='grc' dir='ltr'>πάλιν</span> <span class='ocrx_word' id='word_1_667' title='bbox 3343 4253 3422 4312; x_wconf 80' lang='grc' dir='ltr'><strong>είς</strong></span> <span class='ocrx_word' id='word_1_668' title='bbox 3454 4249 3550 4319; x_wconf 82' lang='grc' dir='ltr'><strong>τὴν</strong></span> <span class='ocrx_word' id='word_1_669' title='bbox 3575 4247 3726 4317; x_wconf 80' lang='grc' dir='ltr'>ζωὴν</span> 
     </span>
    </p>
   </div>
   <div class='ocr_carea' id='block_1_92' title="bbox 486 4341 2043 4414">
    <p class='ocr_par' dir='ltr' id='par_1_92' title="bbox 486 4350 2043 4414">
     <span class='ocr_line' id='line_1_92' title="bbox 486 4350 2043 4414; baseline 0.01 -18"><span class='ocrx_word' id='word_1_670' title='bbox 486 4359 599 4414; x_wconf 88' lang='lat' dir='ltr'><strong>quo</strong></span> <span class='ocrx_word' id='word_1_671' title='bbox 637 4354 754 4401; x_wconf 89' lang='lat' dir='ltr'><strong>erat</strong></span> <span class='ocrx_word' id='word_1_672' title='bbox 807 4354 933 4404; x_wconf 88' lang='lat' dir='ltr'><strong>ante</strong></span> <span class='ocrx_word' id='word_1_673' title='bbox 988 4350 1423 4406; x_wconf 90' lang='lat' dir='ltr'><strong>communionem</strong></span> <span class='ocrx_word' id='word_1_674' title='bbox 1470 4353 1546 4406; x_wconf 91' lang='lat' dir='ltr'><strong>illi</strong></span> <span class='ocrx_word' id='word_1_675' title='bbox 1613 4369 1677 4409; x_wconf 90' lang='lat' dir='ltr'><strong>ex</strong></span> <span class='ocrx_word' id='word_1_676' title='bbox 1725 4357 2043 4411; x_wconf 75' lang='lat' dir='ltr'><strong>necessitate</strong></span> 
     </span>
    </p>
   </div>
   <div class='ocr_carea' id='block_1_93' title="bbox 2145 4341 3726 4414">
    <p class='ocr_par' dir='ltr' id='par_1_93' title="bbox 2157 4341 3726 4412">
     <span class='ocr_line' id='line_1_93' title="bbox 2157 4341 3726 4412; baseline -0.006 -10"><span class='ocrx_word' id='word_1_677' title='bbox 2157 4345 2460 4406; x_wconf 80' lang='grc' dir='ltr'>ἐπανέλθοι,</span> <span class='ocrx_word' id='word_1_678' title='bbox 2489 4342 2778 4412; x_wconf 87' lang='grc' dir='ltr'>ἀναμένειν</span> <span class='ocrx_word' id='word_1_679' title='bbox 2802 4342 2890 4396; x_wconf 77' lang='grc' dir='ltr'>τὸν</span> <span class='ocrx_word' id='word_1_680' title='bbox 2915 4341 3243 4411; x_wconf 87' lang='grc' dir='ltr'>τεταγμένον</span> <span class='ocrx_word' id='word_1_681' title='bbox 3268 4342 3477 4412; x_wconf 89' lang='grc' dir='ltr'>χρόνον,</span> <span class='ocrx_word' id='word_1_682' title='bbox 3505 4343 3562 4393; x_wconf 86' lang='grc' dir='ltr'><strong>ἐν</strong></span> <span class='ocrx_word' id='word_1_683' title='bbox 3581 4341 3726 4393; x_wconf 81' lang='grc' dir='ltr'>ἐκεί-</span> 
     </span>
    </p>
   </div>
   <div class='ocr_carea' id='block_1_94' title="bbox 488 4438 694 4492">
    <p class='ocr_par' dir='ltr' id='par_1_94' title="bbox 488 4438 694 4492">
     <span class='ocr_line' id='line_1_94' title="bbox 488 4438 694 4492; baseline -0.005 0"><span class='ocrx_word' id='word_1_684' title='bbox 488 4438 694 4492; x_wconf 89' lang='lat' dir='ltr'><strong>datam.</strong></span> 
     </span>
    </p>
   </div>
   <div class='ocr_carea' id='block_1_95' title="bbox 561 4608 2048 4686">
    <p class='ocr_par' dir='ltr' id='par_1_95' title="bbox 561 4608 2048 4686">
     <span class='ocr_line' id='line_1_95' title="bbox 561 4608 2048 4686; baseline 0.004 -23"><span class='ocrx_word' id='word_1_685' title='bbox 561 4608 737 4679; x_wconf 86' lang='lat' dir='ltr'><strong>[Can.</strong></span> <span class='ocrx_word' id='word_1_686' title='bbox 768 4610 823 4665; x_wconf 88' lang='lat'><strong>6.</strong></span> <span class='ocrx_word' id='word_1_687' title='bbox 848 4611 1068 4683; x_wconf 83' lang='lat' dir='ltr'><strong>]Altera</strong></span> <span class='ocrx_word' id='word_1_688' title='bbox 1097 4623 1276 4669; x_wconf 89' lang='lat' dir='ltr'><strong>autem</strong></span> <span class='ocrx_word' id='word_1_689' title='bbox 1313 4615 1634 4671; x_wconf 69' lang='lat' dir='ltr'><strong>idololatriae</strong></span> <span class='ocrx_word' id='word_1_690' title='bbox 1668 4615 1882 4686; x_wconf 89' lang='lat' dir='ltr'><strong>species</strong></span> <span class='ocrx_word' id='word_1_691' title='bbox 1924 4615 2048 4684; x_wconf 89' lang='lat' dir='ltr'><strong>(sic</strong></span> 
     </span>
    </p>
   </div>
   <div class='ocr_carea' id='block_1_96' title="bbox 489 4699 2050 4777">
    <p class='ocr_par' dir='ltr' id='par_1_96' title="bbox 489 4699 2050 4777">
     <span class='ocr_line' id='line_1_96' title="bbox 489 4699 2050 4777; baseline 0.003 -23"><span class='ocrx_word' id='word_1_692' title='bbox 489 4699 634 4754; x_wconf 86' lang='lat' dir='ltr'><strong>enim</strong></span> <span class='ocrx_word' id='word_1_693' title='bbox 657 4699 873 4756; x_wconf 87' lang='lat' dir='ltr'><strong>divinus</strong></span> <span class='ocrx_word' id='word_1_694' title='bbox 890 4705 1181 4772; x_wconf 83' lang='lat' dir='ltr'><strong>Apostolus</strong></span> <span class='ocrx_word' id='word_1_695' title='bbox 1201 4707 1482 4760; x_wconf 87' lang='lat' dir='ltr'><strong>avaritiam</strong></span> <span class='ocrx_word' id='word_1_696' title='bbox 1502 4707 1825 4777; x_wconf 76' lang='lat' dir='ltr'><strong>appellat&quot;)</strong></span> <span class='ocrx_word' id='word_1_697' title='bbox 1846 4708 2050 4769; x_wconf 89' lang='lat' dir='ltr'><strong>nescio,</strong></span> 
     </span>
    </p>
   </div>
   <div class='ocr_carea' id='block_1_97' title="bbox 489 4791 2051 4866">
    <p class='ocr_par' dir='ltr' id='par_1_97' title="bbox 489 4791 2051 4866">
     <span class='ocr_line' id='line_1_97' title="bbox 489 4791 2051 4866; baseline 0.006 -23"><span class='ocrx_word' id='word_1_698' title='bbox 489 4791 766 4861; x_wconf 91' lang='lat' dir='ltr'><strong>quomodo</strong></span> <span class='ocrx_word' id='word_1_699' title='bbox 801 4795 1008 4864; x_wconf 90' lang='lat' dir='ltr'><strong>absque</strong></span> <span class='ocrx_word' id='word_1_700' title='bbox 1060 4797 1168 4850; x_wconf 88' lang='lat' dir='ltr'><strong>ulla</strong></span> <span class='ocrx_word' id='word_1_701' title='bbox 1213 4811 1391 4866; x_wconf 71' lang='lat' dir='ltr'><strong>preme</strong></span> <span class='ocrx_word' id='word_1_702' title='bbox 1439 4799 1648 4853; x_wconf 87' lang='lat' dir='ltr'><strong>medela</strong></span> <span class='ocrx_word' id='word_1_703' title='bbox 1705 4815 1736 4852; x_wconf 90' lang='lat' dir='ltr'><strong>a</strong></span> <span class='ocrx_word' id='word_1_704' title='bbox 1798 4797 2051 4854; x_wconf 86' lang='lat' dir='ltr'><strong>Patribus</strong></span> 
     </span>
    </p>
   </div>
   <div class='ocr_carea' id='block_1_98' title="bbox 491 4885 2052 4958">
    <p class='ocr_par' dir='ltr' id='par_1_98' title="bbox 491 4885 2052 4958">
     <span class='ocr_line' id='line_1_98' title="bbox 491 4885 2052 4958; baseline 0.004 -23"><span class='ocrx_word' id='word_1_705' title='bbox 491 4888 860 4952; x_wconf 69' lang='lat' dir='ltr'><strong>praetermissa</strong></span> <span class='ocrx_word' id='word_1_706' title='bbox 894 4885 983 4938; x_wconf 91' lang='lat' dir='ltr'><strong>sit.</strong></span> <span class='ocrx_word' id='word_1_707' title='bbox 1014 4885 1177 4956; x_wconf 86' lang='lat' dir='ltr'><strong>Atqui</strong></span> <span class='ocrx_word' id='word_1_708' title='bbox 1218 4887 1322 4941; x_wconf 91' lang='lat' dir='ltr'><strong>hoc</strong></span> <span class='ocrx_word' id='word_1_709' title='bbox 1348 4887 1549 4942; x_wconf 89' lang='lat' dir='ltr'><strong>malum</strong></span> <span class='ocrx_word' id='word_1_710' title='bbox 1584 4888 1804 4958; x_wconf 91' lang='lat' dir='ltr'><strong>quidem</strong></span> <span class='ocrx_word' id='word_1_711' title='bbox 1840 4888 2052 4944; x_wconf 91' lang='lat' dir='ltr'><strong>videtur</strong></span> 
     </span>
    </p>
   </div>
   <div class='ocr_carea' id='block_1_99' title="bbox 491 4973 2054 5035">
    <p class='ocr_par' dir='ltr' id='par_1_99' title="bbox 491 4973 2054 5035">
     <span class='ocr_line' id='line_1_99' title="bbox 491 4973 2054 5035; baseline 0.004 -7"><span class='ocrx_word' id='word_1_712' title='bbox 491 4987 615 5028; x_wconf 89' lang='lat' dir='ltr'><strong>esse</strong></span> <span class='ocrx_word' id='word_1_713' title='bbox 647 4973 810 5026; x_wconf 87' lang='lat' dir='ltr'><strong>trium</strong></span> <span class='ocrx_word' id='word_1_714' title='bbox 856 4975 1023 5028; x_wconf 88' lang='lat' dir='ltr'><strong>animi</strong></span> <span class='ocrx_word' id='word_1_715' title='bbox 1063 4978 1517 5034; x_wconf 90' lang='lat' dir='ltr'><strong>constitutionum</strong></span> <span class='ocrx_word' id='word_1_716' title='bbox 1547 4980 1781 5034; x_wconf 78' lang='lat' dir='ltr'><strong>alfectio.</strong></span> <span class='ocrx_word' id='word_1_717' title='bbox 1831 4978 1965 5033; x_wconf 88' lang='lat' dir='ltr'><strong>Nam</strong></span> <span class='ocrx_word' id='word_1_718' title='bbox 2000 4990 2054 5035; x_wconf 87' lang='lat' dir='ltr'><strong>et</strong></span> 
     </span>
    </p>
   </div>
   <div class='ocr_carea' id='block_1_100' title="bbox 491 5064 2051 5139">
    <p class='ocr_par' dir='ltr' id='par_1_100' title="bbox 491 5064 2051 5139">
     <span class='ocr_line' id='line_1_100' title="bbox 491 5064 2051 5139; baseline 0.004 -19"><span class='ocrx_word' id='word_1_719' title='bbox 491 5064 656 5120; x_wconf 85' lang='lat' dir='ltr'><strong>ratio.</strong></span> <span class='ocrx_word' id='word_1_720' title='bbox 687 5064 757 5118; x_wconf 89' lang='lat' dir='ltr'><strong>ab</strong></span> <span class='ocrx_word' id='word_1_721' title='bbox 784 5065 902 5135; x_wconf 89' lang='lat' dir='ltr'><strong>ejus</strong></span> <span class='ocrx_word' id='word_1_722' title='bbox 928 5067 1072 5134; x_wconf 91' lang='lat' dir='ltr'><strong>quod</strong></span> <span class='ocrx_word' id='word_1_723' title='bbox 1094 5068 1383 5136; x_wconf 90' lang='lat' dir='ltr'><strong>pulchrum</strong></span> <span class='ocrx_word' id='word_1_724' title='bbox 1411 5078 1494 5126; x_wconf 88' lang='lat' dir='ltr'><strong>est</strong></span> <span class='ocrx_word' id='word_1_725' title='bbox 1514 5070 1744 5139; x_wconf 89' lang='lat' dir='ltr'><strong>judicio,</strong></span> <span class='ocrx_word' id='word_1_726' title='bbox 1770 5071 2051 5134; x_wconf 88' lang='lat' dir='ltr'><strong>aberrans,</strong></span> 
     </span>
    </p>
   </div>
   <div class='ocr_carea' id='block_1_101' title="bbox 489 5157 2053 5229">
    <p class='ocr_par' dir='ltr' id='par_1_101' title="bbox 489 5157 2053 5229">
     <span class='ocr_line' id='line_1_101' title="bbox 489 5157 2053 5229; baseline 0.002 -16"><span class='ocrx_word' id='word_1_727' title='bbox 489 5174 612 5214; x_wconf 80' lang='lat' dir='ltr'><strong>esse</strong></span> <span class='ocrx_word' id='word_1_728' title='bbox 641 5158 694 5212; x_wconf 80' lang='lat' dir='ltr'><strong>in</strong></span> <span class='ocrx_word' id='word_1_729' title='bbox 720 5157 941 5211; x_wconf 88' lang='lat' dir='ltr'><strong>materia</strong></span> <span class='ocrx_word' id='word_1_730' title='bbox 975 5159 1116 5226; x_wconf 90' lang='lat' dir='ltr'><strong>quod</strong></span> <span class='ocrx_word' id='word_1_731' title='bbox 1148 5160 1435 5229; x_wconf 88' lang='lat' dir='ltr'><strong>pulchrum</strong></span> <span class='ocrx_word' id='word_1_732' title='bbox 1467 5171 1550 5218; x_wconf 89' lang='lat' dir='ltr'><strong>est</strong></span> <span class='ocrx_word' id='word_1_733' title='bbox 1597 5163 1896 5228; x_wconf 79' lang='lat' dir='ltr'><strong>existimat,</strong></span> <span class='ocrx_word' id='word_1_734' title='bbox 1944 5177 2053 5216; x_wconf 92' lang='lat' dir='ltr'><strong>non</strong></span> 
     </span>
    </p>
   </div>
   <div class='ocr_carea' id='block_1_102' title="bbox 455 5245 2050 5321">
    <p class='ocr_par' dir='ltr' id='par_1_102' title="bbox 455 5245 2050 5321">
     <span class='ocr_line' id='line_1_102' title="bbox 455 5245 2050 5321; baseline 0.006 -23"><span class='ocrx_word' id='word_1_735' title='bbox 455 5279 466 5298; x_wconf 56' lang='grc' dir='ltr'><strong>κ</strong></span> <span class='ocrx_word' id='word_1_736' title='bbox 493 5251 563 5306; x_wconf 90' lang='lat' dir='ltr'><strong>ad</strong></span> <span class='ocrx_word' id='word_1_737' title='bbox 591 5245 1053 5320; x_wconf 89' lang='lat' dir='ltr'><strong>pulchritudinem</strong></span> <span class='ocrx_word' id='word_1_738' title='bbox 1085 5266 1113 5302; x_wconf 91' lang='lat' dir='ltr'><strong>a</strong></span> <span class='ocrx_word' id='word_1_739' title='bbox 1151 5251 1376 5305; x_wconf 88' lang='lat' dir='ltr'><strong>materia</strong></span> <span class='ocrx_word' id='word_1_740' title='bbox 1406 5259 1710 5321; x_wconf 88' lang='lat' dir='ltr'><strong>separatam</strong></span> <span class='ocrx_word' id='word_1_741' title='bbox 1741 5253 2012 5321; x_wconf 89' lang='lat' dir='ltr'><strong>aspiciens</strong></span> <span class='ocrx_word' id='word_1_742' title='bbox 2034 5294 2050 5318; x_wconf 88' lang='lat'><strong>,</strong></span> 
     </span>
    </p>
   </div>
   <div class='ocr_carea' id='block_1_103' title="bbox 491 5337 2046 5410">
    <p class='ocr_par' dir='ltr' id='par_1_103' title="bbox 491 5337 2046 5410">
     <span class='ocr_line' id='line_1_103' title="bbox 491 5337 2046 5410; baseline 0.003 -17"><span class='ocrx_word' id='word_1_743' title='bbox 491 5350 546 5393; x_wconf 89' lang='lat' dir='ltr'><strong>et</strong></span> <span class='ocrx_word' id='word_1_744' title='bbox 566 5338 892 5394; x_wconf 89' lang='lat' dir='ltr'><strong>desiderium</strong></span> <span class='ocrx_word' id='word_1_745' title='bbox 915 5337 981 5392; x_wconf 91' lang='lat' dir='ltr'><strong>ad</strong></span> <span class='ocrx_word' id='word_1_746' title='bbox 1006 5354 1066 5394; x_wconf 88' lang='lat' dir='ltr'><strong>ea</strong></span> <span class='ocrx_word' id='word_1_747' title='bbox 1089 5355 1210 5410; x_wconf 74' lang='lat' dir='ltr'><strong>qua:</strong></span> <span class='ocrx_word' id='word_1_748' title='bbox 1239 5352 1365 5396; x_wconf 90' lang='lat' dir='ltr'><strong>sunt</strong></span> <span class='ocrx_word' id='word_1_749' title='bbox 1412 5343 1669 5397; x_wconf 86' lang='lat' dir='ltr'><strong>inferiora</strong></span> <span class='ocrx_word' id='word_1_750' title='bbox 1718 5343 2008 5398; x_wconf 87' lang='lat' dir='ltr'><strong>inclinatur</strong></span> <span class='ocrx_word' id='word_1_751' title='bbox 2031 5384 2046 5407; x_wconf 90' lang='lat'><strong>,</strong></span> 
     </span>
    </p>
   </div>
   <div class='ocr_carea' id='block_1_104' title="bbox 496 5429 2048 5504">
    <p class='ocr_par' dir='ltr' id='par_1_104' title="bbox 496 5429 2048 5504">
     <span class='ocr_line' id='line_1_104' title="bbox 496 5429 2048 5504; baseline 0.005 -21"><span class='ocrx_word' id='word_1_752' title='bbox 496 5429 565 5484; x_wconf 87' lang='lat' dir='ltr'><strong>ab</strong></span> <span class='ocrx_word' id='word_1_753' title='bbox 619 5446 686 5485; x_wconf 90' lang='lat' dir='ltr'><strong>eo</strong></span> <span class='ocrx_word' id='word_1_754' title='bbox 726 5429 872 5501; x_wconf 89' lang='lat' dir='ltr'><strong>quod</strong></span> <span class='ocrx_word' id='word_1_755' title='bbox 925 5446 1050 5487; x_wconf 85' lang='lat' dir='ltr'><strong>vere</strong></span> <span class='ocrx_word' id='word_1_756' title='bbox 1082 5441 1166 5488; x_wconf 87' lang='lat' dir='ltr'><strong>est</strong></span> <span class='ocrx_word' id='word_1_757' title='bbox 1199 5434 1559 5504; x_wconf 85' lang='lat' dir='ltr'><strong>expetendum</strong></span> <span class='ocrx_word' id='word_1_758' title='bbox 1613 5435 1879 5493; x_wconf 90' lang='lat' dir='ltr'><strong>dilabcns.</strong></span> <span class='ocrx_word' id='word_1_759' title='bbox 1930 5437 2048 5491; x_wconf 83' lang='lat' dir='ltr'><strong>Jam</strong></span> 
     </span>
    </p>
   </div>
   <div class='ocr_carea' id='block_1_105' title="bbox 569 5604 984 5679">
    <p class='ocr_par' dir='ltr' id='par_1_105' title="bbox 569 5604 984 5679">
     <span class='ocr_line' id='line_1_105' title="bbox 569 5604 984 5679; baseline 0.005 -18"><span class='ocrx_word' id='word_1_760' title='bbox 569 5604 611 5640; x_wconf 77' lang='grc'><strong>³⁷</strong></span> <span class='ocrx_word' id='word_1_761' title='bbox 638 5606 830 5679; x_wconf 68' lang='lat' dir='ltr'><strong>Epiros.</strong></span> <span class='ocrx_word' id='word_1_762' title='bbox 857 5628 906 5666; x_wconf 90' lang='lat' dir='ltr'><strong>v.</strong></span> 
     </span>
    </p>
   </div>
   <div class='ocr_carea' id='block_1_106' title="bbox 2160 4425 3729 4508">
    <p class='ocr_par' dir='ltr' id='par_1_106' title="bbox 2160 4425 3729 4508">
     <span class='ocr_line' id='line_1_106' title="bbox 2160 4425 3729 4508; baseline -0.012 -17"><span class='ocrx_word' id='word_1_763' title='bbox 2160 4455 2236 4508; x_wconf 86' lang='grc' dir='ltr'>νῳ</span> <span class='ocrx_word' id='word_1_764' title='bbox 2264 4435 2340 4506; x_wconf 80' lang='grc' dir='ltr'>τῷ</span> <span class='ocrx_word' id='word_1_765' title='bbox 2363 4434 2554 4504; x_wconf 85' lang='grc' dir='ltr'>βαθμῷ</span> <span class='ocrx_word' id='word_1_766' title='bbox 2578 4433 2883 4502; x_wconf 87' lang='grc' dir='ltr'>γενόμενον,</span> <span class='ocrx_word' id='word_1_767' title='bbox 2913 4433 2970 4484; x_wconf 84' lang='grc' dir='ltr'><strong>ἐν</strong></span> <span class='ocrx_word' id='word_1_768' title='bbox 2994 4425 3118 4501; x_wconf 80' lang='grc' dir='ltr'>ᾧῆν</span> <span class='ocrx_word' id='word_1_769' title='bbox 3141 4432 3245 4502; x_wconf 83' lang='grc' dir='ltr'><strong>πρὸ</strong></span> <span class='ocrx_word' id='word_1_770' title='bbox 3264 4433 3362 4502; x_wconf 89' lang='grc' dir='ltr'><strong>τῆς</strong></span> <span class='ocrx_word' id='word_1_771' title='bbox 3390 4432 3531 4486; x_wconf 87' lang='grc' dir='ltr'><strong>κατά</strong></span> <span class='ocrx_word' id='word_1_772' title='bbox 3559 4433 3729 4500; x_wconf 69' lang='grc' dir='ltr'>ἀνάγ-</span> 
     </span>
    </p>
   </div>
   <div class='ocr_carea' id='block_1_107' title="bbox 2160 4519 3045 4596">
    <p class='ocr_par' dir='ltr' id='par_1_107' title="bbox 2160 4519 3045 4596">
     <span class='ocr_line' id='line_1_107' title="bbox 2160 4519 3045 4596; baseline -0.008 -18"><span class='ocrx_word' id='word_1_773' title='bbox 2160 4541 2263 4596; x_wconf 87' lang='grc' dir='ltr'><strong>κην</strong></span> <span class='ocrx_word' id='word_1_774' title='bbox 2295 4523 2442 4592; x_wconf 84' lang='grc' dir='ltr'>αὐτῴ</span> <span class='ocrx_word' id='word_1_775' title='bbox 2472 4521 2715 4588; x_wconf 86' lang='grc' dir='ltr'>δοθείσης</span> <span class='ocrx_word' id='word_1_776' title='bbox 2747 4519 3045 4582; x_wconf 81' lang='grc' dir='ltr'>κοινωνίας.</span> 
     </span>
    </p>
   </div>
   <div class='ocr_carea' id='block_1_108' title="bbox 2231 4609 3727 4681">
    <p class='ocr_par' dir='ltr' id='par_1_108' title="bbox 2231 4609 3727 4681">
     <span class='ocr_line' id='line_1_108' title="bbox 2231 4609 3727 4681; baseline -0.004 -14"><span class='ocrx_word' id='word_1_777' title='bbox 2231 4614 2304 4667; x_wconf 83' lang='grc' dir='ltr'><strong>Τὸ</strong></span> <span class='ocrx_word' id='word_1_778' title='bbox 2328 4613 2386 4667; x_wconf 84' lang='grc' dir='ltr'>δὲ</span> <span class='ocrx_word' id='word_1_779' title='bbox 2417 4609 2553 4674; x_wconf 82' lang='grc' dir='ltr'>εἶδος</span> <span class='ocrx_word' id='word_1_780' title='bbox 2584 4612 2681 4681; x_wconf 88' lang='grc' dir='ltr'><strong>τῆς</strong></span> <span class='ocrx_word' id='word_1_781' title='bbox 2709 4611 3150 4681; x_wconf 82' lang='grc' dir='ltr'>εἰδωλολατρείας</span> <span class='ocrx_word' id='word_1_782' title='bbox 3170 4629 3182 4640; x_wconf 90' lang='grc'><strong>·</strong></span> <span class='ocrx_word' id='word_1_783' title='bbox 3217 4610 3358 4663; x_wconf 73' lang='grc' dir='ltr'>οὕτω</span> <span class='ocrx_word' id='word_1_784' title='bbox 3385 4611 3492 4680; x_wconf 68' lang='grc' dir='ltr'><strong>γάρ</strong></span> <span class='ocrx_word' id='word_1_785' title='bbox 3522 4611 3727 4680; x_wconf 83' lang='grc' dir='ltr'>ὀνομά-</span> 
     </span>
    </p>
   </div>
   <div class='ocr_carea' id='block_1_109' title="bbox 2157 4697 3729 4779">
    <p class='ocr_par' dir='ltr' id='par_1_109' title="bbox 2157 4697 3729 4779">
     <span class='ocr_line' id='line_1_109' title="bbox 2157 4697 3729 4779; baseline -0.006 -17"><span class='ocrx_word' id='word_1_786' title='bbox 2157 4711 2238 4776; x_wconf 80' lang='grc' dir='ltr'>ζει</span> <span class='ocrx_word' id='word_1_787' title='bbox 2264 4709 2361 4779; x_wconf 85' lang='grc' dir='ltr'><strong>τὴν</strong></span> <span class='ocrx_word' id='word_1_788' title='bbox 2387 4704 2694 4770; x_wconf 82' lang='grc' dir='ltr'>πλεονεξίαν</span> <span class='ocrx_word' id='word_1_789' title='bbox 2719 4706 2746 4756; x_wconf 88' lang='lat'><strong>6</strong></span> <span class='ocrx_word' id='word_1_790' title='bbox 2781 4703 2921 4766; x_wconf 86' lang='grc' dir='ltr'>θεῖος</span> <span class='ocrx_word' id='word_1_791' title='bbox 2952 4702 3296 4764; x_wconf 83' lang='grc' dir='ltr'>Ἀπόστολος·</span> <span class='ocrx_word' id='word_1_792' title='bbox 3313 4704 3412 4754; x_wconf 76' lang='grc' dir='ltr'>οὐκ</span> <span class='ocrx_word' id='word_1_793' title='bbox 3440 4697 3557 4754; x_wconf 80' lang='grc' dir='ltr'>οῖδα</span> <span class='ocrx_word' id='word_1_794' title='bbox 3577 4702 3729 4763; x_wconf 81' lang='grc' dir='ltr'>ὅπως</span> 
     </span>
    </p>
   </div>
   <div class='ocr_carea' id='block_1_110' title="bbox 2157 4790 3729 4870">
    <p class='ocr_par' dir='ltr' id='par_1_110' title="bbox 2157 4790 3729 4870">
     <span class='ocr_line' id='line_1_110' title="bbox 2157 4790 3729 4870; baseline -0.006 -17"><span class='ocrx_word' id='word_1_795' title='bbox 2157 4797 2525 4870; x_wconf 81' lang='grc' dir='ltr'>ἀθεράπευτον</span> <span class='ocrx_word' id='word_1_796' title='bbox 2547 4795 2652 4847; x_wconf 79' lang='grc' dir='ltr'>ὑπὸ</span> <span class='ocrx_word' id='word_1_797' title='bbox 2679 4794 2786 4846; x_wconf 85' lang='grc' dir='ltr'><strong>τῶν</strong></span> <span class='ocrx_word' id='word_1_798' title='bbox 2813 4793 3070 4863; x_wconf 83' lang='grc' dir='ltr'>Πατέρων</span> <span class='ocrx_word' id='word_1_799' title='bbox 3091 4790 3245 4862; x_wconf 82' lang='grc' dir='ltr'><strong>ἡμῶν</strong></span> <span class='ocrx_word' id='word_1_800' title='bbox 3275 4790 3579 4862; x_wconf 78' lang='grc' dir='ltr'>περιώφθη.</span> <span class='ocrx_word' id='word_1_801' title='bbox 3617 4792 3729 4844; x_wconf 86' lang='grc' dir='ltr'>Καί</span> 
     </span>
    </p>
   </div>
   <div class='ocr_carea' id='block_1_111' title="bbox 2158 4883 3725 4957">
    <p class='ocr_par' dir='ltr' id='par_1_111' title="bbox 2158 4883 3725 4957">
     <span class='ocr_line' id='line_1_111' title="bbox 2158 4883 3725 4957; baseline -0.006 -14"><span class='ocrx_word' id='word_1_802' title='bbox 2158 4892 2239 4944; x_wconf 92' lang='grc' dir='ltr'><strong>τοί</strong></span> <span class='ocrx_word' id='word_1_803' title='bbox 2265 4905 2328 4957; x_wconf 92' lang='grc' dir='ltr'><strong>γε</strong></span> <span class='ocrx_word' id='word_1_804' title='bbox 2352 4890 2498 4941; x_wconf 88' lang='grc' dir='ltr'><strong>δοκεῖ</strong></span> <span class='ocrx_word' id='word_1_805' title='bbox 2526 4886 2587 4938; x_wconf 76' lang='grc' dir='ltr'>τὸ</span> <span class='ocrx_word' id='word_1_806' title='bbox 2606 4886 2843 4939; x_wconf 81' lang='grc' dir='ltr'>τοιοῦτον</span> <span class='ocrx_word' id='word_1_807' title='bbox 2871 4886 3038 4938; x_wconf 85' lang='grc' dir='ltr'>κακὸν</span> <span class='ocrx_word' id='word_1_808' title='bbox 3060 4885 3158 4954; x_wconf 88' lang='grc' dir='ltr'><strong>τῆς</strong></span> <span class='ocrx_word' id='word_1_809' title='bbox 3185 4883 3371 4954; x_wconf 88' lang='grc' dir='ltr'>τρίτης</span> <span class='ocrx_word' id='word_1_810' title='bbox 3399 4884 3457 4933; x_wconf 89' lang='grc' dir='ltr'>ἐν</span> <span class='ocrx_word' id='word_1_811' title='bbox 3485 4885 3552 4953; x_wconf 78' lang='grc' dir='ltr'>τῇ</span> <span class='ocrx_word' id='word_1_812' title='bbox 3578 4883 3725 4953; x_wconf 74' lang='grc' dir='ltr'>ψυχῇ</span> 
     </span>
    </p>
   </div>
   <div class='ocr_carea' id='block_1_112' title="bbox 2157 4972 3728 5046">
    <p class='ocr_par' dir='ltr' id='par_1_112' title="bbox 2157 4972 3728 5046">
     <span class='ocr_line' id='line_1_112' title="bbox 2157 4972 3728 5046; baseline -0.006 -10"><span class='ocrx_word' id='word_1_813' title='bbox 2157 4980 2537 5040; x_wconf 88' lang='grc' dir='ltr'>καταστάσεως</span> <span class='ocrx_word' id='word_1_814' title='bbox 2571 4976 2740 5037; x_wconf 90' lang='grc' dir='ltr'>πάθος</span> <span class='ocrx_word' id='word_1_815' title='bbox 2768 4972 2924 5028; x_wconf 77' lang='grc' dir='ltr'>εἶναι.</span> <span class='ocrx_word' id='word_1_816' title='bbox 2957 4975 3061 5029; x_wconf 79' lang='grc' dir='ltr'>Καὶ</span> <span class='ocrx_word' id='word_1_817' title='bbox 3083 4975 3191 5046; x_wconf 91' lang='grc' dir='ltr'><strong>γάρ</strong></span> <span class='ocrx_word' id='word_1_818' title='bbox 3216 4975 3474 5044; x_wconf 81' lang='grc' dir='ltr'>λογισμὸς</span> <span class='ocrx_word' id='word_1_819' title='bbox 3506 4975 3608 5045; x_wconf 88' lang='grc' dir='ltr'><strong>τῆς</strong></span> <span class='ocrx_word' id='word_1_820' title='bbox 3632 4973 3728 5027; x_wconf 76' lang='grc' dir='ltr'>τοῦ</span> 
     </span>
    </p>
   </div>
   <div class='ocr_carea' id='block_1_113' title="bbox 2158 5061 3729 5143">
    <p class='ocr_par' dir='ltr' id='par_1_113' title="bbox 2158 5061 3729 5143">
     <span class='ocr_line' id='line_1_113' title="bbox 2158 5061 3729 5143; baseline -0.006 -15"><span class='ocrx_word' id='word_1_821' title='bbox 2158 5071 2321 5128; x_wconf 80' lang='grc' dir='ltr'>καλοῦ</span> <span class='ocrx_word' id='word_1_822' title='bbox 2351 5071 2581 5143; x_wconf 88' lang='grc' dir='ltr'>κρίσεως</span> <span class='ocrx_word' id='word_1_823' title='bbox 2615 5068 2962 5139; x_wconf 85' lang='grc' dir='ltr'>ἁμαρτάνων,</span> <span class='ocrx_word' id='word_1_824' title='bbox 2990 5067 3047 5118; x_wconf 86' lang='grc' dir='ltr'><strong>ἐν</strong></span> <span class='ocrx_word' id='word_1_825' title='bbox 3083 5069 3147 5135; x_wconf 86' lang='grc' dir='ltr'>τῇ</span> <span class='ocrx_word' id='word_1_826' title='bbox 3173 5065 3276 5138; x_wconf 72' lang='grc' dir='ltr'>ὕλῃ</span> <span class='ocrx_word' id='word_1_827' title='bbox 3300 5064 3360 5117; x_wconf 80' lang='grc' dir='ltr'><strong>τὸ</strong></span> <span class='ocrx_word' id='word_1_828' title='bbox 3399 5066 3564 5118; x_wconf 83' lang='grc' dir='ltr'>καλὸν</span> <span class='ocrx_word' id='word_1_829' title='bbox 3588 5061 3729 5118; x_wconf 79' lang='grc' dir='ltr'>εἶναι</span> 
     </span>
    </p>
   </div>
   <div class='ocr_carea' id='block_1_114' title="bbox 2157 5155 3726 5234">
    <p class='ocr_par' dir='ltr' id='par_1_114' title="bbox 2157 5155 3726 5234">
     <span class='ocr_line' id='line_1_114' title="bbox 2157 5155 3726 5234; baseline -0.006 -17"><span class='ocrx_word' id='word_1_830' title='bbox 2157 5161 2500 5234; x_wconf 81' lang='grc' dir='ltr'>φαντάζεται,</span> <span class='ocrx_word' id='word_1_831' title='bbox 2514 5160 2574 5212; x_wconf 85' lang='grc' dir='ltr'>οὐ</span> <span class='ocrx_word' id='word_1_832' title='bbox 2592 5158 2727 5229; x_wconf 86' lang='grc' dir='ltr'>πρὸς</span> <span class='ocrx_word' id='word_1_833' title='bbox 2751 5158 2810 5210; x_wconf 87' lang='grc' dir='ltr'><strong>τὸ</strong></span> <span class='ocrx_word' id='word_1_834' title='bbox 2825 5157 2982 5210; x_wconf 82' lang='grc' dir='ltr'>ἇῦλον</span> <span class='ocrx_word' id='word_1_835' title='bbox 3003 5155 3318 5208; x_wconf 80' lang='grc' dir='ltr'>ἀναϐλέπων</span> <span class='ocrx_word' id='word_1_836' title='bbox 3336 5155 3554 5219; x_wconf 81' lang='grc' dir='ltr'>κάλλος,</span> <span class='ocrx_word' id='word_1_837' title='bbox 3579 5158 3673 5208; x_wconf 75' lang='grc' dir='ltr'><strong>καὶ</strong></span> <span class='ocrx_word' id='word_1_838' title='bbox 3692 5158 3726 5224; x_wconf 79' lang='grc' dir='ltr'><strong>ἠ</strong></span> 
     </span>
    </p>
   </div>
   <div class='ocr_carea' id='block_1_115' title="bbox 2157 5245 3729 5323">
    <p class='ocr_par' dir='ltr' id='par_1_115' title="bbox 2157 5245 3729 5323">
     <span class='ocr_line' id='line_1_115' title="bbox 2157 5245 3729 5323; baseline -0.008 -14"><span class='ocrx_word' id='word_1_839' title='bbox 2157 5254 2418 5323; x_wconf 84' lang='grc' dir='ltr'>ἐπιθυμία</span> <span class='ocrx_word' id='word_1_840' title='bbox 2437 5251 2572 5323; x_wconf 83' lang='grc' dir='ltr'>πρὸς</span> <span class='ocrx_word' id='word_1_841' title='bbox 2590 5250 2656 5302; x_wconf 82' lang='grc' dir='ltr'>τὰ</span> <span class='ocrx_word' id='word_1_842' title='bbox 2677 5249 2826 5302; x_wconf 85' lang='grc' dir='ltr'>κάτω</span> <span class='ocrx_word' id='word_1_843' title='bbox 2846 5246 3045 5318; x_wconf 51' lang='lat' dir='ltr'><strong>deum&quot;:</strong></span> <span class='ocrx_word' id='word_1_844' title='bbox 3060 5246 3288 5317; x_wconf 83' lang='grc' dir='ltr'>ἀληθοῦς</span> <span class='ocrx_word' id='word_1_845' title='bbox 3307 5245 3534 5315; x_wconf 83' lang='grc' dir='ltr'>ὀρεκτοῦ</span> <span class='ocrx_word' id='word_1_846' title='bbox 3551 5247 3729 5316; x_wconf 75' lang='grc' dir='ltr'>ἀπορο</span> 
     </span>
    </p>
   </div>
   <div class='ocr_carea' id='block_1_116' title="bbox 2159 5333 3729 5413">
    <p class='ocr_par' dir='ltr' id='par_1_116' title="bbox 2159 5333 3729 5413">
     <span class='ocr_line' id='line_1_116' title="bbox 2159 5333 3729 5413; baseline -0.005 -19"><span class='ocrx_word' id='word_1_847' title='bbox 2159 5343 2376 5413; x_wconf 77' lang='grc' dir='ltr'>ῥέουσα.</span> <span class='ocrx_word' id='word_1_848' title='bbox 2414 5338 2522 5392; x_wconf 75' lang='grc' dir='ltr'>Καὶ</span> <span class='ocrx_word' id='word_1_849' title='bbox 2549 5339 2582 5407; x_wconf 82' lang='grc' dir='ltr'>ἡ</span> <span class='ocrx_word' id='word_1_850' title='bbox 2625 5335 2923 5405; x_wconf 90' lang='grc' dir='ltr'>φιλόνεικός</span> <span class='ocrx_word' id='word_1_851' title='bbox 2968 5351 3025 5388; x_wconf 88' lang='grc' dir='ltr'><strong>τε</strong></span> <span class='ocrx_word' id='word_1_852' title='bbox 3071 5336 3162 5388; x_wconf 68' lang='grc' dir='ltr'>καὶ</span> <span class='ocrx_word' id='word_1_853' title='bbox 3183 5333 3436 5406; x_wconf 86' lang='grc' dir='ltr'>θυμώδης</span> <span class='ocrx_word' id='word_1_854' title='bbox 3465 5333 3729 5399; x_wconf 81' lang='grc' dir='ltr'>διάθεσις,</span> 
     </span>
    </p>
   </div>
   <div class='ocr_carea' id='block_1_117' title="bbox 2159 5425 3734 5500">
    <p class='ocr_par' dir='ltr' id='par_1_117' title="bbox 2159 5425 3734 5500">
     <span class='ocr_line' id='line_1_117' title="bbox 2159 5425 3734 5500; baseline -0.006 -14"><span class='ocrx_word' id='word_1_855' title='bbox 2159 5431 2357 5494; x_wconf 78' lang='grc' dir='ltr'>πολλὰς</span> <span class='ocrx_word' id='word_1_856' title='bbox 2385 5432 2448 5484; x_wconf 80' lang='grc' dir='ltr'><strong>ἐκ</strong></span> <span class='ocrx_word' id='word_1_857' title='bbox 2469 5429 2567 5500; x_wconf 84' lang='grc' dir='ltr'><strong>τῆς</strong></span> <span class='ocrx_word' id='word_1_858' title='bbox 2593 5427 2846 5499; x_wconf 85' lang='grc' dir='ltr'>τοιαύτης</span> <span class='ocrx_word' id='word_1_859' title='bbox 2875 5426 3144 5499; x_wconf 82' lang='grc' dir='ltr'>ἁμαρτίας</span> <span class='ocrx_word' id='word_1_860' title='bbox 3176 5426 3276 5490; x_wconf 81' lang='grc' dir='ltr'>τὰς</span> <span class='ocrx_word' id='word_1_861' title='bbox 3302 5425 3561 5498; x_wconf 81' lang='grc' dir='ltr'>ἀφορμὰς</span> <span class='ocrx_word' id='word_1_862' title='bbox 3601 5429 3734 5492; x_wconf 76' lang='grc' dir='ltr'>λαμ-</span> 
     </span>
    </p>
   </div>
   <div class='ocr_carea' id='block_1_118' title="bbox 2163 5633 2188 5660">
    <p class='ocr_par' dir='ltr' id='par_1_118' title="bbox 2163 5633 2188 5660">
     <span class='ocr_line' id='line_1_118' title="bbox 2163 5633 2188 5660; baseline 0 -18"><span class='ocrx_word' id='word_1_863' title='bbox 2163 5633 2188 5660; x_wconf 61' lang='grc' dir='ltr'>ν</span> 
     </span>
    </p>
   </div>
  </div>
