4046 6156
347 253 458 309 9:25

1607 261 1940 316 l'Ll‘ISTOLA
1975 262 2336 317 CANO-N’ICA.

3500 265 3608 320 23/.

347 367 521 420 δανει.
561 367 667 421 Καὶ
692 371 748 421 τὸ
773 370 890 422 ὅλον
917 373 1110 435 εἰπεῖν,
1149 377 1429 441 συμφωνεῖ
1461 377 1492 446 ἡ
1525 377 1744 447 τοιαύτη
1777 379 1928 439 νόσος

2040 393 2162 433 vero
2187 387 2240 434 et
2279 380 2622 436 contentiosa
2651 379 3009 448 animosaque
3033 378 3228 432 animm
3283 376 3498 432 affectio
3540 394 3604 433 ex

346 458 423 526 τῷ
459 459 801 530 ἀποστολικῷ
853 463 952 531 τῆς
995 465 1307 529 πλεονεξίας
1352 467 1484 537 69m.
1537 468 1593 519 Ὀ
1632 469 1739 540 γάρ
1790 469 1932 532 θεῖος

349 551 694 615 Ἀπόστολος,
718 552 778 604 οὐ
807 554 964 622 μόνον
999 556 1162 625 αὐτὴν
1193 557 1658 630 είδωλολατρείαν,
1686 559 1819 612 ἀλλὰ
1839 561 1933 613 καὶ

349 642 508 713 ῥίζαν
537 645 754 696 πάντων
796 645 900 698 τῶν
929 647 1113 701 κακῶν
1149 649 1466 721 ἀπεφήνατο
1486 667 1498 680 ·
1562 653 1654 704 καὶ
1694 653 1842 718 ὅμως
1873 653 1934 706 τὸ

346 732 591 787 τοιοῦτον
619 731 756 798 εἶδος
801 736 1072 808 παρώφθη
1109 740 1204 806 τῆς
1249 740 1404 792 νόσου
1449 740 1845 796 ἀνεπίσκεπτόν
1871 759 1932 795 τε

348 827 445 878 καὶ
483 827 858 898 ἀτημέλητον·
887 829 966 882 διὸ
993 830 1086 883 καὶ
1107 831 1391 894 πλεονάζει
1419 832 1557 886 κατά
1587 833 1683 895 τάς
1708 834 1934 901 Ἐκκλη-

353 917 476 980 σίας
529 919 590 972 τὸ
607 919 848 973 τοιοῦτον
870 920 1234 992 ἀρρώστημα,
1261 923 1355 974 καὶ
1376 924 1548 987 οὐδεὶς
1576 925 1700 988 τοὺς
1733 925 1824 976 ἐπὶ
1843 925 1932 977 τὸν

351 1007 555 1078 κλῆρον
577 1009 880 1079 ἀγομένους
903 1010 1342 1082 περιεργάζεται,
1378 1013 1573 1083 μήπως
1605 1012 1683 1082 τῷ
1709 1015 1933 1083 τοιούτῳ

351 1099 485 1151 εῖδει
513 1099 610 1169 τῆς
634 1100 1077 1171 εἰδωλολατρείας
1103 1102 1563 1174 κατεμιάνθησαν.
1616 1103 1777 1156 Ἀλλά
1805 1104 1934 1173 περὶ

356 1190 456 1258 μὲν
487 1189 707 1257 τούτων,
752 1191 841 1246 διὰ
878 1193 941 1246 τὸ
970 1195 1260 1265 παρεῖσθαι
1293 1196 1404 1258 τοῖς
1440 1196 1716 1264 Πατρᾶσιν
1749 1195 1929 1266 ἡμῶν,

351 1284 546 1352 ἀρκεῖν
574 1283 854 1354 ἡγούμεθα
886 1285 964 1356 τῷ
989 1286 1232 1357 δημοσίῳ
1266 1287 1368 1356 τῆς
1393 1286 1739 1350 διδασκαλίας
1767 1288 1938 1358 λόγῳ,

351 1377 506 1438 ὅπως
539 1375 606 1428 ἂν
653 1371 766 1429 οἷόν
804 1394 866 1430 τε
913 1373 980 1451 ᾖ,
1012 1377 1370 1451 θεραπεύειν,
1409 1379 1598 1450 ὥσπερ
1636 1380 1761 1434 τινά
1787 1380 1930 1451 πάθη

351 1466 697 1539 πληθωρικά,
720 1468 822 1533 τάς
851 1469 1237 1535 πλεονεκτικὰς
1263 1472 1574 1543 ἀρρωστίας
1603 1471 1689 1524 διὰ
1721 1472 1814 1526 τοῦ
1842 1472 1929 1524 λό‹

351 1575 454 1624 γου
485 1558 860 1631 καθαίροντας.
907 1561 1088 1631 Μόνην
1113 1562 1170 1614 δὲ
1199 1563 1297 1633 τὴν
1327 1562 1533 1632 κλοπὴν
1562 1564 1653 1616 καὶ
1678 1563 1774 1633 τὴν
1796 1580 1931 1633 τυμ-

352 1647 652 1719 ϐωρυχίαν,
689 1650 784 1704 καὶ
815 1649 910 1720 τὴν
941 1650 1244 1720 ἱεροσυλίαν
1291 1650 1435 1722 πάθη
1477 1651 1786 1720 νομίζομεν,
1842 1649 1927 1703 διὰ

2035 471 2140 526 hoc
2194 480 2417 541 peccato
2461 474 2661 527 multas
2714 472 3035 527 occasiones
3085 470 3301 540 accipit.
3351 469 3418 524 Et
3462 478 3521 524 ut
3553 470 3607 524 in

2036 563 2350 618 universum
2379 563 2576 627 dicam.
2603 564 2690 618 hic
2722 562 2946 617 morbus
2991 576 3116 615 cum
3147 561 3447 631 apostolica
3476 575 3608 614 ava-

2036 655 2176 708 ritiae
2214 654 2532 710 deﬁnitione
2557 635 2852 709 consentit.
2888 653 3112 708 Divinos
3135 653 3280 708 enim
3309 653 3607 722 Apostolus

2035 760 2153 800 eam
2184 762 2292 799 non
2328 746 2502 800 solum
2555 745 2944 808 idololatriam,
3004 745 3097 798 sed
3146 745 3312 800 etiam
3361 744 3606 798 onmium

2035 837 2306 890 malorum
2346 838 2580 891 radicem
2613 835 2986 906 pronuntiarit
3013 835 3100 902 ἐς
3167 843 3220 889 et
3275 843 3458 889 tamen
3495 834 3610 889 haec

2034 928 2211 982 morbi
2255 929 2488 997 species,
2535 928 2940 984 inconsiderata
2983 935 3036 980 et
3092 927 3302 997 absque
3340 926 3455 979 ulla
3487 925 3608 990 ejus

2033 1032 2169 1071 cura
2204 1017 2572 1087 praetermissa
2605 1025 2689 1072 est
2715 1036 2729 1072 :
2754 1032 2863 1086 quo
2883 1017 2960 1078 ﬁt.
2990 1026 3049 1070 ut
3073 1015 3162 1068 hic
3192 1015 3416 1069 morbus
3451 1014 3608 1067 valde

2036 1109 2090 1162 in
2124 1108 2368 1165 Ecclesia
2398 1108 2682 1176 redundet,
2723 1119 2775 1164 et
2815 1122 2975 1163 nemo
3000 1108 3054 1161 in
3076 1103 3154 1161 'iis
3182 1106 3274 1176 qui
3299 1106 3364 1160 ad
3399 1106 3606 1159 clerum

2035 1199 2403 1263 adducuntur,
2446 1201 2695 1271 inquirit,
2736 1214 2868 1255 num
2904 1199 2998 1269 qui
3047 1213 3114 1254 eo
3143 1197 3464 1252 idololatria
3513 1212 3604 1264 ge-

2034 1310 2164 1349 nere
2193 1294 2382 1365 polluti
2405 1295 2534 1350 sint.
2561 1294 2667 1350 Sed
2698 1294 2766 1349 de
2795 1294 2864 1349 iis
2886 1293 3133 1363 quidem,
3163 1291 3421 1361 quoniam
3475 1289 3526 1342 id
3578 1301 3608 1340 a

2035 1386 2290 1443 Patribus
2319 1387 2748 1458 praetermissum
2792 1393 2901 1449 est,
2937 1384 3186 1441 sulIicere
3213 1381 3475 1438 existimo
3506 1394 3611 1449 pu-

2037 1479 2174 1533 blica
2227 1479 2494 1534 doctrinae
2531 1480 2767 1542 ratione,
2821 1492 2886 1532 ca
2928 1476 3206 1547 quomodo
3257 1472 3374 1528 ﬁeri
3431 1473 3614 1540 potest

2037 1582 2252 1633 curare,
2277 1568 2443 1623 veluti
2468 1565 2735 1637 quosdam
2769 1566 2993 1620 morbos
3019 1580 3085 1620 ex
3111 1561 3410 1633 repletione
3438 1564 3609 1622 ortos,

2040 1659 2382 1729 inexplebilis
2422 1659 2664 1714 avaritiae
2711 1657 3031 1712 all‘ectiones
3099 1653 3348 1710 oratione
3380 1664 3616 1722 purgan-

349 1739 414 1792 τὸ
433 1740 606 1804 οὕτως
629 1742 692 1794 ὲκ
717 1741 814 1812 τῆς
850 1742 958 1795 τῶν
989 1743 1246 1811 Πατέρων
1279 1742 1598 1806 ἀκολουθίας
1625 1741 1722 1813 τὴν
1755 1741 1933 1812 παρά-

2040 1759 2136 1804 les.
2167 1749 2353 1804 Solum
2389 1758 2570 1805 autem
2602 1748 2828 1812 furtum,
2850 1756 2904 1803 et
2935 1747 3313 1817 sepulcrorum
3357 1742 3612 1800 ell'ossio-

349 1830 501 1883 δοσιν
531 1833 659 1902 ἡμῖν
693 1832 820 1903 περὶ
859 1834 1047 1886 τούτου
1087 1833 1357 1902 γενέσθαι.
1414 1834 1523 1888 Καί
1551 1835 1634 1887 τοί
1677 1851 1740 1902 γε
1783 1833 1934 1906 παρά

351 1925 422 1993 τῇ
453 1920 574 1993 θείᾳ
603 1924 812 1994 Γραφῇ,
851 1927 947 1979 καὶ
973 1927 1001 1978 ὁ
1031 1925 1386 1996 πλεονασμὸς,
1416 1927 1508 1980 καὶ
1539 1929 1568 1978 ό
1599 1926 1775 1990 τόκος,
1823 1926 1931 1979 τῶν

353 2018 743 2089 ἀπειρημένων
779 2019 927 2083 ἐστὶ,
979 2019 1072 2071 καὶ¹
1115 2019 1176 2072 τὸ
1229 2020 1292 2072 ὲκ
1325 2018 1642 2082 δυναστείας
1679 2019 1824 2082 τινὸς
1868 2021 1933 2090 τῇ

359 2108 467 2180 ἰδίᾳ
501 2112 689 2180 κτήσει
718 2113 1090 2182 προσαγαγεῖν
1111 2112 1178 2166 τὰ
1199 2110 1474 2182 ἀλλότρια,
1500 2111 1601 2166 κᾶν
1630 2112 1686 2164 ἐν
1707 2112 1939 2182 προσχή-

356 2219 493 2272 ματι
520 2202 899 2271 πραγματείας
926 2203 983 2255 τὲ
1005 2201 1242 2256 τοιοῦτον
1264 2202 1399 2274 τύχῃ
1421 2203 1723 2273 γινόμενον.
1756 2202 1935 2256 Ἐπειο-

351 2293 420 2364 δὴ
442 2293 619 2346 τοίνυν
650 2292 709 2346 τὸ
737 2293 855 2347 καθ’
869 2295 1032 2364 ἡμᾶς,
1050 2295 1127 2357 είς
1149 2293 1391 2358 ἐξουσίαν
1412 2292 1588 2347 κανὼν
1604 2293 1933 2360 ἀξιόπιστος,

350 2383 455 2452 τὴν
487 2383 581 2436 ἐπὶ
609 2384 716 2435 τῶν
742 2384 1184 2454 ὁμολογουμένως
1229 2384 1692 2458 ἀπηγορευμένων
1722 2402 1936 2438 κανονι-

353 2474 460 2544 κὴν
484 2475 663 2545 κρίσιν
680 2475 777 2546 ἤδη
799 2479 909 2539 τοῖς
923 2477 1232 2545 εἰρημένοις
1253 2476 1650 2548 προσθήσομεν.
1671 2474 1934 2547 Διῄρηται

351 2562 448 2619 οὖν
495 2567 532 2636 ὴ
567 2567 741 2637 κλοπὴ
782 2569 860 2630 εἷς
897 2585 954 2620 τε
1000 2567 1252 2640 λῃστείαν
1297 2570 1392 2621 καὶ
1421 2570 1502 2632 είς
1536 2568 1893 2638 τοιχωρυχίαν
1917 2585 1930 2597 ·

353 2661 449 2712 καὶ
485 2653 566 2720 εἷς
599 2659 696 2728 μὲν
722 2661 808 2711 ἐπ’
844 2660 1164 2732 ἀμφοτέρων
1189 2660 1408 2727 σκοπὸς,
1444 2662 1476 2732 ἡ
1507 2660 1614 2714 τῶν
1640 2660 1936 2731 ἀλλοτρίων

354 2749 649 2820 ἀφαίρεσις
672 2766 686 2780 ·
729 2749 894 2820 πολλὴ
923 2751 978 2804 δὲ
1004 2750 1144 2804 κατά
1162 2753 1260 2822 τὴν
1289 2751 1512 2823 γνώμην
1545 2751 1723 2805 αὐτῶν
1745 2753 1776 2822 ἡ
1802 2751 1938 2821 πρὸς

355 2842 626 2911 ἀλλήλους
657 2843 773 2896 ἐστὶ
796 2842 1043 2914 διαφορά.
1096 2843 1152 2897 '0
1188 2843 1416 2914 μὲνγὰρ
1447 2845 1670 2916 λῃστὴς,
1709 2845 1803 2896 καὶ
1838 2844 1938 2914 τὴν

361 2934 675 3002 μιαιφονίαν
706 2935 783 2997 εἰς
837 2935 1148 3005 συμμαχίαν
1171 2935 1264 2988 τοῦ
1300 2934 1733 3005 σπουδαζομένου
1764 2952 1941 3004 παρα-

355 3025 646 3095 λαμϐάνει,
699 3027 834 3097 πρὸς
875 3026 1006 3080 αὐτὸ
1046 3025 1201 3080 τοῦτο
1231 3025 1782 3097 παρασκευαζόμενος
1845 3026 1938 3078 καὶ

355 3117 554 3180 ὅπλοις*
581 3119 679 3171 καὶ
704 3119 1048 3189 πολυχειρίᾳ,
1091 3119 1187 3171 καὶ
1223 3120 1334 3181 τοῖς
1362 3117 1668 3187 ἐπικαίροις
1708 3115 1815 3169 τῶν
1847 3117 1936 3170 τό-

356 3229 476 3262 πων
503 3227 513 3236 ·
541 3208 683 3261 ὥστε
712 3209 802 3261 τὸν
823 3209 1080 3274 τοιοῦτον,
1112 3209 1191 3278 τῷ
1220 3209 1446 3278 κρίματι
1464 3208 1572 3261 τῶν
1601 3208 1936 3280 ἀνδροφόνων

359 3301 688 3369 ὑπάγεσθαι,
727 3303 774 3353 εἰ
799 3300 886 3353 διὰ
911 3299 1272 3370 μεταμελείας
1306 3300 1496 3353 ἑαυτὸν
1526 3300 1658 3370 πρὸς
1684 3300 1782 3368 τὴν
1815 3299 1935 3352 Ἑκ-

359 3392 592 3462 κλησίαν
634 3391 726 3444 τοῦ
773 3389 906 3444 Θεοῦ
953 3391 1236 3459 ἐπανάγοι.
1304 3390 1361 3443 Ὀ
1407 3390 1463 3443 δὲ
1503 3390 1568 3442 δι’
1601 3389 1940 3460 ὑφαιρέσεως

358 3483 729 3553 λανθανούσης
780 3482 1223 3553 σφετεριζόμενος
1264 3481 1324 3534 τὸ
1363 3481 1658 3552 ἀλλότριον,
1704 3477 1823 3533 εἶτα
1866 3480 1936 3531 δι’

360 3574 766 3646 ἐξαγορεύσεως
785 3572 845 3626 τὸ
871 3572 1240 3642 πλημμέλημα
1258 3573 1420 3626 αὑτοῦ
1443 3570 1518 3640 τῷ
1537 3572 1670 3642 ἱερεῖ
1691 3569 1938 3640 φανερώ-

365 3668 565 3736 σας,τῇ
588 3683 652 3718 πε
662 3665 715 3735 ρί
730 3665 790 3716 τὸ
810 3664 1048 3724 ἐναντίον
1058 3663 1150 3715 τοῦ
1168 3663 1371 3726 πάθους
1391 3662 1592 3732 σπουδῇ
1616 3661 1938 3731 θεραπεύσει

363 3759 464 3826 τὴν
479 3757 790 3828 ἀρρωστίαν
805 3773 817 3785 ο
841 3755 982 3821 λέγω
1004 3754 1059 3805 δὲ
1079 3753 1165 3807 διὰ
1189 3753 1281 3805 τοῦ
1298 3752 1363 3805 τὰ
1389 3752 1657 3822 προσόντα
1679 3751 1939 3822 παρέχειν

365 3851 476 3912 τοῖς
501 3849 748 3917 πένησιν,
774 3846 859 3898 ἵνα
877 3845 952 3915 τῷ
973 3844 1229 3915 προέσθαι
1250 3845 1284 3898 ἃ
1306 3846 1436 3915 ἔχει,
1462 3846 1688 3915 φανερὸς
1718 3845 1941 3916 γένηται

365 3939 688 4010 καθαρεύων
719 3939 816 4010 τῆς
852 3941 990 3992 κατὰ
1017 3937 1326 4004 πλεονεξίαν
1364 3934 1542 3992 νόσόυ.
1597 3938 1659 3989 Εἰ
1691 3937 1747 3990 δὲ
1777 3937 1942 4008 μηδὲν

366 4033 500 4101 ἔχοι.
535 4032 696 4102 μόνον
721 4031 778 4083 δὲ
821 4031 882 4083 τὸ
927 4031 1085 4101 σῶμα
1113 4030 1244 4102 ἔχοι,
1277 4029 1487 4083 κελεύει
1518 4029 1547 4080 ὀ
1625 4029 1940 4094 Ἀπόστολος

363 4122 455 4175 διὰ
477 4120 572 4173 τοῦ
600 4120 908 4189 σωματικοῦ
936 4120 1102 4174 κόπου
1130 4121 1191 4174 τὸ
1217 4120 1454 4175 τοιοῦτον
1480 4121 1822 4187 ἐξιλάσασθαι
1845 4122 1940 4175 πά-

365 4211 479 4274 θος.
518 4213 674 4281 Ἔχει
703 4212 760 4266 δὲ
795 4215 824 4284 ἡ
857 4212 1000 4276 λέξις
1049 4212 1254 4276 οὕτως’
1311 4213 1365 4265 '0
1397 4213 1691 4276 κλέπτων,
1732 4211 1941 4280 μηκέτι

363 4303 674 4356 κλεπτέτω
699 4319 714 4336 ·
763 4304 1006 4372 μᾶλλον
1045 4304 1113 4356 δὲ
1148 4302 1408 4358 κοπιάτω
1453 4305 1838 4374 ἐργαζόμενος
1875 4307 1942 4358 τὸ

363 4397 612 4466 ἀγαθὸν,
640 4399 740 4450 ἵνα
768 4398 878 4466 ἔχῃ
907 4396 1284 4466 μεταδιδόναι
1313 4395 1394 4462 τῷ
1423 4399 1630 4466 χρείαν
1661 4398 1882 4468 ἔχοντι.

436 4581 501 4634 Ἦ
524 4582 581 4633 δὲ
598 4599 660 4632 τυ
671 4579 952 4650 μόωρυχία
994 4582 1084 4632 καὶ
1103 4580 1239 4649 αὐτὴ
1259 4580 1506 4652 διῄρηται
1527 4583 1604 4644 εἰς
1625 4583 1684 4634 τὸ
1706 4601 1945 4651 συγγνω-

370 4675 492 4726 στόν
518 4689 580 4724 τε
603 4671 698 4724 καὶ
728 4671 1130 4738 ἀσύγγνωστον.
1162 4672 1223 4723 Εί
1263 4673 1359 4740 μὲν
1382 4672 1491 4740 γάρ
1521 4690 1603 4735 τις
1635 4674 1732 4743 τῆς
1756 4676 1942 4741 οὐσίας

370 4764 710 4832 ιρειὸόμενος,
724 4761 817 4816 καὶ
828 4762 1021 4816 ἄσυλον
1039 4762 1192 4830 ἀφεὶς
1206 4763 1266 4814 τὸ
1283 4764 1659 4833 κεκρυμμένον
1679 4765 1854 4835 σῶμα,
1870 4764 1944 4832 ὡς

373 4856 448 4926 μὴ
478 4854 856 4924 ἀναδειχθῆναι
921 4855 1049 4926 ἡλίῳ
1063 4854 1158 4925 τὴν
1187 4855 1570 4925 ἀσχημοσύνην
1595 4857 1691 4924 τῆς
1709 4857 1938 4927 φύσεως,

367 4948 537 5011 λίθοις
569 4949 679 5001 τισὶ
700 4948 806 5000 τῶν
835 4949 893 5000 ὲν
924 4946 1003 5016 τῷ
1028 4947 1185 5017 τάφῳ
1211 4948 1481 5020 προσεϐλη
1491 4950 1665 5018 μένων
1706 4955 1943 5024 συγχρή-

370 5057 524 5093 σαιτο
565 5041 644 5103 είς
683 5040 844 5108 ἔργου
890 5039 1034 5101 τινὸς
1081 5041 1460 5110 κατασκευὴν,
1511 5043 1790 5097 ἐπαινετὸν
1844 5046 1942 5116 μὲν

366 5130 486 5183 οὐδὲ
508 5129 667 5183 τοῦτό
697 5132 847 5182 ἐστι·
892 5129 1031 5200 πλὴν
1075 5129 1210 5183 ἀλλά
1240 5131 1578 5198 συγγνωστὸν
1618 5134 1871 5204 ἐποίησεν
1909 5138 1940 5206 ή

366 5218 647 5290 συνήθεια,
691 5220 819 5273 ὅταν
852 5220 932 5281 εἰς
977 5219 1365 5290 προτιμότερον
1393 5237 1446 5271 τι
1492 5222 1586 5274 καὶ
1618 5227 1940 5292 κοινωφελέ-

365 5329 559 5384 στερον
586 5315 617 5382 ἡ
650 5312 749 5380 τῆς
778 5311 912 5382 ὕλης
943 5311 1232 5381 μετάθεσις
1265 5313 1502 5384 γίνηται.
1546 5314 1618 5366 To
1644 5315 1701 5368 δὲ
1734 5317 1943 5388 διερευ-

361 5403 558 5458 νᾶσθαι
586 5403 686 5472 τὴν
706 5403 851 5456 κόνιν
876 5403 986 5454 ἀπὸ
1005 5403 1106 5472 τῆς
1134 5404 1431 5475 γεωθείσης
1460 5406 1678 5475 σαρκὸς,
1706 5409 1799 5460 καλ
1821 5411 1945 5463 ἀνα-

362 5501 530 5555 κινεῖν
563 5497 633 5549 τά
661 5497 816 5560 ὀστᾶ,
843 5494 1016 5547 ἑλπίδι
1047 5494 1137 5547 τὸν
1175 5496 1376 5565 κόσμον
1403 5496 1526 5549 τινὰ
1549 5497 1653 5550 τῶν
1699 5516 1937 5568 συγκατ-

459 5678 506 5711 ⁸⁶
533 5675 556 5730 l
593 5671 838 5728 Timoth.
870 5685 944 5733 νι,
969 5669 1056 5723 10.
1133 5669 1178 5699 ⁸⁹
1211 5668 1408 5737 Ephcs.
1441 5689 1511 5738 ιγ,
1543 5674 1634 5730 28.

700 5768 979 5827 ΡΑτιιοι..
1007 5763 1123 5824 Gn.
1162 5762 1348 5824 XLV.

2039 1855 2184 1901 nem,
2211 1847 2265 1894 et
2295 1839 2644 1908 sacrilegium
2674 1837 2806 1890 vitia
2835 1837 3238 1900 existimamus,
3278 1833 3425 1903 quod
3466 1831 3544 1886 sic
3582 1845 3613 1884 a

2036 1929 2260 1984 Patrum
2283 1931 2694 2000 consequentia,
2721 1929 2837 1984 haec
2870 1927 3031 1983 nobis
3064 1925 3288 1982 traditio
3336 1923 3479 1978 facta
3519 1923 3612 1978 sit.

2036 2021 2198 2090 Atqui
2225 2020 2371 2091 apud
2401 2019 2641 2075 divinam
2676 2018 3016 2088 Scripturam
3051 2024 3108 2071 et
3134 2017 3316 2071 faenus
3361 2023 3418 2068 et
3447 2029 3617 2068 usura

2037 2119 2167 2168 sunt
2209 2112 2485 2183 prohibita
2514 2155 2527 2178 ,
2583 2121 2638 2167 et
2689 2127 2783 2181 per
2823 2110 3117 2180 quamdam
3177 2107 3500 2178 potentiam,
3549 2106 3614 2158 ad

2036 2219 2188 2260 suam
2219 2205 2620 2275 possessionem
2671 2204 2848 2258 aliena
2879 2203 3194 2264 traducere,
3251 2198 3472 2254 etiamsi
3513 2200 3616 2251 sub

2033 2305 2350 2351 contractus
2399 2304 2495 2350 aut
2555 2295 2948 2352 transactionis
2997 2291 3184 2363 specie
3228 2291 3336 2345 hoc
3382 2288 3617 2343 fortasse

2036 2387 2240 2442 factum
2274 2388 2363 2442 sit.
2397 2387 2666 2454 Quoniam
2691 2402 2820 2458 ergo
2845 2399 2944 2440 nos
2965 2383 3188 2454 quidem
3221 2381 3288 2436 ad
3335 2394 3610 2437 canonum

2036 2487 2356 2551 potestatem
2391 2479 2788 2549 assequendam
2827 2476 2932 2531 (ide
2954 2476 3102 2546 digni
3144 2490 3252 2528 non
3290 2487 3506 2537 sumus,
3560 2471 3615 2526 in

2037 2575 2123 2638 iis,
2161 2587 2283 2643 quae
2329 2587 2395 2626 ex
2433 2570 2688 2627 confesso
2737 2569 3016 2639 prohibita
3072 2574 3224 2628 sunt,
3291 2564 3614 2620 canonicam

2037 2663 2360 2718 sententiam
2387 2661 2550 2715 dictis
2576 2660 2687 2729 jam
2725 2657 3073 2728 adjiciemus.
3128 2655 3401 2710 Dividitur
3429 2661 3613 2708 autem

2039 2758 2240 2812 furtum
2271 2757 2325 2810 in
2344 2756 2694 2811 latrocinium
2714 2771 2809 2810 seu
2827 2751 3384 2823 depraedationem,et
3404 2748 3458 2802 in
3489 2762 3615 2800 mu-

2040 2867 2224 2905 rorum
2251 2847 2625 2906 eﬂ‘ossionem.
2657 2847 2804 2901 Idem
2841 2853 3023 2900 autem
3051 2844 3345 2912 utriusque
3370 2849 3456 2896 est
3526 2840 3612 2893 in-

2041 2945 2311 3008 stitutum,
2338 2941 2590 2996 videlicet
2623 2940 2798 2994 aliena
2832 2938 3085 3000 auferre;
3120 2937 3175 2990 in
3209 2935 3395 2989 animo
3434 2941 3614 2987 autem

2040 3035 2283 3104 ipsorum
2332 3047 2526 3101 magna
2555 3037 2640 3085 est
2667 3031 2808 3085 inter
2831 3044 2890 3084 se
2914 3027 3235 3083 dill'erentia.
3259 3026 3426 3079 Latro
3447 3027 3616 3090 enim,

2039 3128 2202 3182 etiam
2233 3125 2591 3180 homicidium
2623 3125 2689 3177 ad
2731 3122 2782 3176 id
2809 3119 2954 3191 quod
2985 3119 3171 3174 studet
3203 3117 3424 3188 assequi
3458 3132 3618 3171 assu-

2041 3216 2161 3282 mit,
2201 3213 2269 3268 ad
2303 3215 2356 3268 id
2392 3219 2622 3283 paratus
2649 3219 2704 3266 et
2743 3208 2936 3271 armis,
2980 3217 3033 3263 et
3059 3207 3257 3276 copiis,
3303 3214 3360 3260 et
3419 3221 3619 3274 oppor-

2040 3307 2273 3360 tunitate
2299 3305 2425 3368 loci,
2468 3303 2603 3358 adeo
2633 3309 2691 3355 ut
2725 3302 2773 3355 is
2805 3298 3206 3354 homicidarum
3243 3295 3454 3364 judicio
3484 3295 3611 3349 sub-

2037 3399 2276 3468 jiciatur,
2324 3397 2368 3450 si
2403 3411 2498 3464 per
2533 3391 2910 3463 paenitentiam
2952 3392 3018 3443 ad
3053 3388 3146 3443 Dei
3202 3385 3500 3442 Ecclesiam
3536 3401 3621 3438 re-

2041 3505 2232 3544 versus
2269 3480 2450 3542 fuerit.
2494 3484 2596 3551 Qui
2665 3492 2844 3536 autem
2912 3481 3102 3534 latenti
3165 3478 3461 3539 ablatione,
3511 3475 3616 3531 sibi

2043 3583 2278 3637 alienum
2343 3586 2598 3648 usurpat,
2666 3577 2709 3630 si
2776 3574 2973 3627 deinde
3039 3588 3134 3642 per
3187 3569 3618 3625 enuntiationem

2043 3679 2322 3743 peccatum
2364 3685 2523 3725 suum
2593 3667 2864 3722 sacerdoti
2924 3664 3216 3734 aperuerit,
3259 3662 3375 3716 vitii
3437 3659 3620 3714 studio

2045 3765 2098 3818 in
2128 3762 2466 3819 contrarium
2503 3767 2712 3813 mutato
2761 3755 3139 3826 aegritudinem
3196 3751 3451 3808 curabit:
3495 3750 3620 3805 dico

2043 3863 2246 3921 autem,
2273 3852 2553 3924 largiendo
2602 3865 2724 3920 quae
2753 3849 2913 3903 habet
2969 3845 3327 3916 pauperibus,
3361 3850 3444 3908 ut,
3486 3843 3614 3897 dum

2043 3961 2162 4018 quae
2187 3947 2349 4002 habet
2378 3941 2677 4015 profundit,
2702 3956 2760 3995 se
2792 3939 2859 3994 ab
2889 3937 3133 3991 avaritiae
3165 3935 3356 3990 morbo
3389 3935 3618 3988 liberum

2043 4047 2226 4111 aperte
2265 4035 2533 4092 ostendat.
2573 4033 2668 4086 Sin
2702 4039 2879 4083 autem
2907 4028 3040 4080 nihil
3069 4025 3214 4080 aliud
3241 4033 3603 4094 praeterquam

2044 4132 2220 4186 solum
2247 4140 2448 4196 corpus
2479 4124 2692 4184 habeat,
2717 4121 2874 4189 jubet
2906 4117 3206 4186 Apostolus
3241 4130 3337 4183 per
3373 4115 3614 4166 laborem

2043 4219 2384 4289 corporalem
2416 4216 2466 4270 ei
2510 4213 2700 4268 morbo
2736 4209 2962 4265 mederi.
3003 4207 3266 4261 Dictionis
3311 4213 3489 4257 autem
3547 4204 3617 4254 ita

2044 4314 2207 4368 habet
2235 4318 2522 4365 contextus
2553 4325 2566 4360 :
2601 4305 2704 4369 Qui
2734 4304 2968 4372 furatur,
2994 4316 3096 4352 non
3117 4297 3343 4366 amplius
3375 4295 3619 4364 foretur:

1976 4402 2019 4456 D
2048 4404 2136 4460 sed
2159 4403 2332 4472 potius
2368 4399 2570 4452 laboret
2603 4396 2796 4450 bonum
2841 4409 3084 4461 operam,
3131 4399 3187 4442 ιιι
3215 4390 3378 4458 possit
3409 4387 3459 4440 ei
3508 4386 3622 4439 lar»

2040 4497 2142 4568 giri
2164 4497 2250 4565 qui
2275 4493 2473 4561 indiget
2492 4491 2562 4543 3".

2111 4587 2290 4660 [Cum
2345 4583 2436 4655 7.]
2493 4581 2882 4651 Sepulcrorum
2935 4585 3114 4631 autem
3175 4572 3431 4636 eliossio,
3501 4573 3618 4642 ipsa
3693 4655 3696 4658 Ι

2044 4696 2260 4752 quoque
2288 4675 2549 4733 dividitur
2574 4673 2628 4727 in
2663 4673 2714 4727 id
2739 4669 2885 4740 quod
2927 4668 3140 4724 veniam
3181 4675 3442 4729 meretur,
3482 4674 3536 4720 et
3567 4663 3619 4718 id

2043 4773 2187 4843 quod
2217 4785 2326 4823 non
2361 4775 2620 4821 meretur.
2659 4763 2716 4818 Si
2761 4762 2905 4817 enim
2937 4762 3062 4831 quis
3117 4768 3456 4812 mortuorum
3495 4771 3620 4826 par-

2049 4879 2178 4919 cens
2212 4858 2569 4914 facultatibus
2620 4864 2674 4911 et
2731 4863 2936 4910 tectum
2978 4864 3180 4921 corpus
3235 4849 3498 4905 intactum
3534 4863 3620 4902 re-

2049 4957 2320 5024 linquens,
2359 4960 2551 5003 utnec
2601 4947 2700 5002 soli
2752 4945 3071 5001 ostendatur
3114 4944 3393 5014 turpitudo
3423 4957 3620 5012 corpo-

2051 5048 2125 5101 ris
2155 5064 2168 5112 ;
2204 5043 2474 5114 lapidibus
2505 5041 2712 5111 aliquot
2767 5054 2833 5093 ex
2869 5039 2937 5092 iis
2990 5038 3082 5107 qui
3115 5045 3242 5092 ante
3306 5036 3617 5106 sepulcrum

2049 5137 2276 5211 projecti
2309 5143 2458 5194 sunt.
2490 5132 2555 5188 ad
2584 5131 2801 5202 aliquod
2836 5145 2976 5201 opus
3010 5127 3440 5184 construendum
3486 5139 3620 5179 usus

2047 5241 2171 5298 est;
2206 5246 2275 5285 ne
2319 5230 2423 5282 hoc
2475 5226 2692 5296 quidem
2755 5234 2841 5279 est
2878 5222 3195 5286 laudabile;
3252 5219 3344 5274 sed
3380 5223 3438 5271 ut
3482 5221 3620 5268 esset

2047 5319 2267 5390 dignum
2302 5318 2482 5379 venia,
2514 5314 2693 5370 eﬂecit
2746 5309 3110 5372 consuetudo,
3160 5304 3380 5375 quando
3419 5298 3486 5390 ad
3517 5298 3618 5351 ali-

2047 5388 2177 5482 quid
2206 5410 2402 5464 melius
2436 5416 2488 5462 et
2536 5405 2847 5476 reipublicae
2879 5401 3069 5456 utilius
3105 5393 3328 5450 materia
3366 5388 3618 5444 traducta

2050 5503 2137 5557 sit.
2172 5500 2278 5555 Sed
2305 5501 2486 5556 carnis
2528 5498 2584 5554 in
2612 5506 2813 5553 terram
2852 5492 3086 5548 redactae
3151 5485 3429 5556 pulverem
3491 5495 3618 5553 per-

3216 5752 3256 5814 8
