4066 6146
412 266 518 319 255

1655 266 1712 319 S.
1750 262 2076 318 GREGORH
2120 267 2157 319 Ν
2170 267 2410 322 γεςςτςκι

3564 276 3668 332 256

419 376 678 440 scrutari,
710 383 763 431 et
803 391 928 431 ossa
961 392 1210 443 morere,
1259 394 1353 446 spe
1381 379 1614 445 aiiquem
1648 393 1712 432 ex
1744 377 1980 431 defossis

2109 380 2424 451 ιρυχθέντων
2453 383 2728 454 κερδᾶναι,
2773 384 2929 436 τοῦτο
2972 384 3048 453 τῷ
3082 385 3229 455 αὐτῷ
3272 387 3500 457 κρίματι
3538 406 3670 443 κατ-

420 467 793 524 lucrifaciendi
815 477 1089 531 ornatum,
1115 469 1166 523 id
1199 470 1389 524 eodem
1416 469 1626 539 judicio
1665 467 1990 522 condemna-

421 571 534 615 tum
563 567 668 621 est,
694 573 804 628 quo
837 559 1068 628 simplex
1103 559 1412 623 l'ornicatin,
1445 557 1905 631 quemadmodum
1937 557 1991 610 in

423 651 758 722 praecedente
788 651 1038 705 oratione
1066 650 1263 706 divisio
1293 651 1433 706 facta
1457 660 1540 706 est
1568 670 1582 717 ;
1609 649 1995 704 considerante

421 745 630 800 scilicet
659 758 950 800 meonomo
1011 759 1112 799 seu
1164 745 1562 814 dispensatore,
1598 758 1664 797 ex
1719 742 1836 811 ipsa
1886 743 1992 794 vita

422 818 679 911 ejus,'cui
712 839 920 894 medela
947 837 1256 900 adhibetur,
1290 837 1634 900 medicinam,
1676 845 1732 890 ut
1761 836 1992 906 spatium

425 947 454 984 a
482 930 789 985 canonibus
824 929 1186 999 praastitutum
1223 928 1398 997 possit
1432 926 1780 982 contrahere.

494 1021 512 1092 [
538 1020 671 1075 Can.
705 1019 786 1092 8.]
833 1019 1188 1090 Saerilegium
1215 1027 1416 1083 autem,
1442 1020 1495 1072 iu
1525 1018 1747 1087 antiqua
1776 1015 1995 1086 quidem

429 1112 728 1182 Scriptura,
763 1127 830 1166 ne
857 1111 1022 1166 caedis
1060 1111 1279 1181 quidem
1332 1110 1788 1165 condemnatione
1821 1109 1996 1162 visum

427 1213 510 1258 est
543 1202 905 1258 tolerabilius.
941 1201 1207 1256 Similiter
1235 1202 1402 1268 enim,
1428 1209 1481 1256 et
1503 1200 1597 1270 qui
1624 1200 1788 1255 caedis
1811 1199 2000 1254 convi-

429 1304 551 1351 ctus
591 1305 824 1364 erathet
847 1295 941 1364 qui
969 1309 1054 1349 res
1096 1293 1206 1349 Deo
1244 1294 1525 1349 dedicatas
1567 1293 1888 1356 abstulerat,
1922 1292 2002 1345 la-

431 1387 722 1456 pidationis
750 1387 1077 1457 supplicium
1119 1387 1355 1440 subibat.
1395 1385 1452 1439 In
1491 1384 1866 1440 ecclesiastica
1903 1398 1994 1437 au-

431 1490 537 1536 tem
571 1478 994 1543 consuetudine,
1037 1477 1104 1532 de
1145 1493 1316 1547 paenae
1369 1477 1636 1547 gravitate
1668 1475 1857 1530 nescio
1894 1490 2006 1545 quo

433 1569 593 1625 modo
619 1568 823 1638 aliquid
850 1567 1179 1632 detractum,
1210 1577 1262 1622 et
1300 1582 1366 1622 eo
1398 1567 1638 1622 lenitatis
1675 1565 2002 1622 descensum

433 1670 537 1723 est,
571 1669 629 1715 ut
664 1661 816 1716 illius
845 1660 1018 1714 morbi
1054 1659 1464 1714 existimaretur
1502 1657 1841 1715 tolerabilius
1887 1658 2006 1727 pia-

434 1756 616 1810 culum
645 1771 662 1821 ;
693 1754 747 1807 in
773 1752 971 1806 minori
1000 1753 1143 1806 enim
1180 1759 1422 1820 tempore
1451 1767 1612 1822 quam
1641 1751 1966 1806 adulterium
1987 1789 2002 1814 ,

435 1845 470 1898 ii
501 1859 528 1896 a
564 1845 786 1898 Patrum
817 1841 1111 1896 traditione
1137 1854 1352 1910 poenam
1386 1847 1764 1911 susceperunt.
1795 1839 2009 1909 Ubique

435 1943 615 1990 autem
654 1933 758 1988 hoc
799 1933 853 1988 in
889 1933 1139 2002 supplicii
1187 1949 1384 2004 genere
1434 1942 1560 1987 ante
1593 1931 1778 1986 omnia
1820 1930 2006 1985 viden-

435 2030 565 2080 dum
617 2033 720 2087 est,
767 2026 948 2097 qualis
985 2027 1055 2079 sit
1098 2027 1217 2094 ejus
1265 2025 1354 2079 cui
1425 2025 1713 2079 adhibetur
1756 2021 2006 2089 aifectio;

442 2130 493 2173 et
525 2135 634 2172 non
677 2120 998 2173 existimare
1039 2127 1254 2187 tempus
1309 2117 1377 2171 ad
1436 2115 1703 2170 medelam
1767 2113 2013 2170 sufﬁcere

437 2215 722 2281 (quaenam
749 2209 892 2263 enim
928 2208 1093 2261 fuerit
1125 2223 1188 2261 ex
1221 2218 1466 2276 tempore
1507 2205 1883 2277 medieina?),
1917 2205 2012 2262 sed

437 2302 578 2371 ejus,
607 2301 700 2368 qui
728 2300 832 2354 sibi
881 2314 979 2369 per
1012 2299 1426 2352 conversionem
1457 2299 1723 2362 medetur,
1762 2298 2006 2352 animum

438 2399 491 2445 et
520 2391 847 2445 institutum.
895 2389 1018 2444 llaec
1046 2390 1163 2455 tibi,
1207 2405 1240 2444 ο
1269 2392 1432 2444 homo
1489 2389 1602 2454 Dei,
1663 2405 1726 2444 ex
1777 2390 1844 2443 iis
1895 2405 2014 2459 quae

340 2506 346 2512 -
439 2491 595 2537 erant
629 2485 695 2537 ad
720 2498 940 2537 manum
977 2482 1224 2537 studiose
1247 2483 1570 2553 composita,
1595 2483 1740 2552 quod
1767 2490 2016 2552 oporteat

443 2576 672 2628 fratrum
731 2574 1005 2628 mandatis
1055 2588 1271 2643 parere,
1327 2573 1575 2628 studiose
1624 2575 1896 2630 misimus.
1933 2574 2012 2629 Tu

442 2683 572 2721 vero
597 2676 895 2722 consuetas
927 2681 1025 2735 pro
1074 2665 1234 2720 nobis
1270 2681 1460 2735 preces
1525 2667 1632 2721 Deo
1698 2666 1894 2722 olferre
1950 2685 2017 2724 ne

444 2757 795 2811 intermittas.
833 2755 1005 2810 Debes
1033 2756 1182 2810 enim
1212 2763 1270 2808 ut
1299 2765 1492 2827 gratus
1533 2755 1699 2821 illius,
1751 2758 1801 2812 ei
1832 2759 1925 2828 qui
1966 2768 2017 2812 te

442 2847 744 2903 secundum
779 2847 947 2903 Deum
971 2848 1182 2918 genuit,
1216 2849 1270 2902 in
1302 2859 1586 2905 senectute
1613 2865 1707 2920 per
1746 2858 1869 2906 tuas
1894 2865 2020 2905 ora-

443 2943 621 2996 tiones
651 2941 992 3007 alimentum,
1034 2941 1426 2996 convenienter
1454 2951 1726 3013 przecepto
1758 2944 1902 3014 quod
1930 2945 2018 3014 juo

2093 472 2380 544 εδικάσθη.
2493 475 2585 526 καὶ
2620 475 2652 543 ἡ
2691 473 2820 545 ψιλὴ
2855 475 3099 545 πορνεία,
3139 476 3318 540 καθὼς
3359 478 3453 531 καὶ
3494 480 3552 532 ἐν
3591 480 3672 552 τῷ

2096 563 2422 635 προλαῦόντι
2462 563 2713 635 διῄρὴται
2754 566 2933 636 λόγῳο
2993 566 3422 631 ἐπισκοποῦντος
3469 570 3672 642 δηλαδὴ

2095 656 2188 710 τοῦ
2227 658 2508 726 οἰκονόμου
2541 655 2598 722 ἐξ
2642 656 2805 709 αὑτοῦ
2848 658 2940 709 τοῦ
2973 657 3089 727 βίου
3155 659 3256 728 τὴν
3299 661 3541 731 ἰατρείαν
3577 662 3673 715 τοῦ

2097 749 2559 829 θεραπευομένου,
2603 750 2744 803 ὥστε
2785 766 2939 802 συντε
2949 751 3066 819 μεῖν
3091 748 3189 820 τὴν
3215 753 3279 804 ἐκ
3303 751 3410 806 τῶν
3438 753 3676 807 κανόνων

2096 839 2522 911 ὁρισθεῖσαντοῦ
2559 843 2838 914 ἐπιτιμίου
2879 843 3239 915 προθεσμίαν.

2180 1021 2243 1074 Ἦ
2270 1020 2327 1073 δὲ
2357 1020 2648 1091 ἱεροσυλία,
2680 1019 2830 1089 παρὰ
2860 1019 2959 1090 μέν
2991 1022 3055 1090 τῇ
3092 1019 3293 1091 ἀρχαίᾳ
3315 1019 3528 1090 Γραφῇ,
3555 1020 3679 1074 οὒδέ

2098 1111 2359 1183 ἐνομίσθη
2430 1111 2530 1181 τῆς
2596 1111 2822 1181 φονικῆς
2892 1109 3270 1180 κατακρίσεως
3331 1110 3678 1180 ὰνεκτοτέρα.

2111 1204 2345 1276 Ὁμοίως
2375 1205 2483 1276 γὰρ
2513 1205 2540 1258 ὅ
2581 1221 2640 1257 τε
2668 1205 2759 1258 ἐπὶ
2791 1204 2935 1274 φόνῳ
2982 1202 3166 1267 ἁλοὺς,
3213 1202 3306 1258 καὶ
3333 1203 3361 1254 ὁ
3393 1201 3462 1255 τὰ
3493 1203 3684 1256 ἀνατε-

2101 1298 2261 1352 θέντα
2282 1297 2361 1368 τῷ
2387 1296 2505 1368 Θεῷ
2531 1296 2880 1366 ὑφελόμενος,
2931 1294 3027 1365 τὴν
3056 1293 3144 1346 διὰ
3183 1293 3289 1346 τῶν
3315 1292 3474 1346 λίθων
3505 1310 3682 1364 τιμω-

2105 1393 2227 1464 ρίαν
2258 1392 2515 1461 ὑπέσχον.
2560 1390 2684 1444 Ἐπὶ
2707 1389 2762 1440 δε
2786 1388 2886 1456 τῆς
2915 1385 3372 1456 ἐκκλησιαστικῆς
3399 1383 3685 1456 συνηθείας

2103 1487 2202 1538 ούκ
2222 1481 2338 1538 οἶδα
2368 1483 2486 1546 πῶς
2515 1479 2919 1549 συγκατάόασίς
2939 1495 3024 1541 τις
3045 1477 3389 1546 ἐγένετο,καὶ
3418 1493 3685 1548 συμπερι-

2107 1576 2270 1649 φορὰ,
2311 1575 2450 1629 ὥστε
2483 1573 2835 1644 ἀνεκτότερον
2861 1570 3182 1641 νομισθῆναι
3203 1569 3265 1622 τὸ
3296 1569 3397 1640 τῆς
3431 1569 3688 1639 τοιαύτης

2096 1671 2265 1723 ,νόσου
2304 1667 2601 1738 καθάρσιον
2625 1681 2638 1695 ο
2689 1665 2746 1717 ἐν
2784 1662 3025 1716 ἐλάττονι
3057 1659 3165 1732 γὰρ
3193 1660 3373 1731 χρόνῳ
3410 1659 3563 1730 παρὰ
3586 1659 3690 1729 τὴν

2115 1757 2378 1829 μοιχείαν,
2412 1757 2526 1818 τοῖς
2551 1753 2812 1815 τοιούτοις
2833 1751 2894 1803 τὸ
2924 1751 3197 1821 ἐπιτίμιον
3224 1749 3502 1815 διετάξατο
3527 1750 3562 1819 ἡ
3580 1749 3690 1801 τῶν

2110 1848 2368 1918 Πατέρων
2388 1845 2703 1916 παράδοσις.
2727 1841 3010 1913 Πανταχοῦ
3034 1841 3129 1894 καὶ
3145 1843 3200 1893 ἐν
3224 1839 3514 1910 πλημμελή
3524 1855 3693 1909 ματος

2110 1939 2240 1992 εἴδει
2258 1938 2416 1991 τοῦτο
2430 1935 2670 2007 καθορᾷν
2691 1936 2956 2006 προσήκει
2976 1931 3082 2003 πρὸ
3100 1932 3340 1994 πάντων,
3353 1930 3438 1983 οἵα
3463 1930 3578 1982 ἐστὶ
3593 1927 3690 1981 τοῦ

2112 2029 2548 2103 θεραπευομένου
2593 2027 2850 2090 διάθεσις,
2881 2025 2953 2096 μὴ
2992 2025 3082 2078 τὸν
3105 2024 3294 2094 χρόνον
3329 2021 3537 2076 οἴεσθαι
3556 2020 3694 2090 πρὸς

2113 2122 2415 2195 θεραπείαν,
2435 2121 2622 2191 ἀρκεῖν
2642 2135 2654 2147 ·
2681 2119 2762 2182 τίς
2789 2117 2898 2188 γὰρ
2919 2117 2983 2171 ἂν
3009 2119 3072 2170 ἐκ
3092 2114 3184 2168 τοῦ
3214 2115 3407 2186 χρόνου
3427 2115 3568 2176 ἴασις
3594 2113 3692 2181 γέ-

2113 2232 2285 2280 νοιτο;
2335 2213 2469 2266 ἀλλὰ
2487 2213 2585 2280 τὴν
2620 2210 2934 2281 προαίρεσιν
2951 2207 3042 2260 τοῦ
3065 2207 3255 2261 ἑαυτὸν
3272 2206 3338 2258 δι’
3358 2202 3696 2275 ἐπιστροφῆς

2118 2306 2472 2380 ἰατρεύοντος.
2515 2303 2699 2356 Ταῦτά
2725 2319 2826 2367 σοι,
2871 2295 2915 2355 ὦ
2950 2299 3202 2370 ἄνθρωπε
3233 2297 3325 2350 τοῦ
3356 2294 3513 2360 Θεοῦ,
3553 2293 3698 2348 κατὰ

2115 2402 2316 2473 πολλὴν
2356 2397 2589 2466 σπουδὴν
2615 2397 2678 2448 ἐκ
2704 2393 2812 2448 τῶν
2843 2394 3147 2463 προχείρων
3180 2388 3489 2451 συνθέντες,
3521 2386 3611 2440 διὰ
3633 2384 3697 2438 τδ

2114 2495 2223 2547 δεῖν
2254 2494 2366 2554 τοῖς
2397 2490 2505 2543 τῶν
2553 2486 2794 2556 ἀδελφῶν
2824 2486 3163 2554 ἐπιτάγμασι
3213 2479 3520 2542 πείθεσθαι,
3555 2476 3699 2531 κατὰ

2119 2583 2350 2654 σπουδὴν
2370 2580 2785 2649 ἀπεστείλαμεν.
2819 2577 2890 2630 Σὺ
2915 2575 2970 2629 δέ
2990 2575 3088 2638 τὰς
3114 2573 3362 2644 συνήθεις
3378 2571 3518 2642 ὑπὲρ
3541 2567 3700 2640 ἡμῶν

2117 2674 2282 2746 εὐχὰς
2300 2672 2376 2743 τῷ
2396 2671 2514 2742 Θεῷ
2537 2670 2829 2742 προσάγων
2851 2666 2926 2737 μὴ
2945 2665 3242 2736 διαλείπῃς.
3264 2661 3570 2734 Χρεωστεῖς
3590 2657 3703 2731 γὰρ

2117 2768 2192 2830 ὼς
2219 2763 2513 2834 εὐγνώμων
2537 2761 2671 2824 υίὸς,
2697 2760 2781 2830 ’τῷ
2819 2757 2961 2812 κατὰ
2977 2757 3110 2810 Θεόν
3144 2773 3202 2808 σε
3228 2754 3576 2824 γεννήσαντι.
3599 2748 3702 2819 τὴν

2117 2858 2204 2913 διὰ
2248 2856 2357 2910 τῶν
2402 2852 2718 2925 προσευχῶν
2755 2849 3113 2923 γηροκομίαν,
3161 2846 3302 2900 κατὰ
3348 2843 3448 2915 τὴν
3482 2840 3704 2910 ἐντολὴν

2118 2951 2216 3021 τὴν
2245 2947 2570 3003 κελεύουσαν
2611 2947 2774 3016 τιμᾷν
2812 2945 2939 3006 τοὺς
2964 2941 3159 3012 γονέας
3189 2981 3203 3005 ,
3255 2939 3356 2992 ἵνα
3381 2932 3449 2991 εὖ
3479 2948 3579 2988 σοι
3605 2934 3705 3002 τέ-

443 3033 533 3087 bet
569 3032 843 3089 honorare
876 3041 1152 3103 parentes,
1181 3044 1238 3088 ut
1275 3035 1369 3089 tibi
1399 3035 1525 3090 bene
1557 3037 1648 3100 sit,
1682 3047 1729 3090 et
1771 3039 1845 3091 sis
1901 3039 2006 3091 lon-

2121 3059 2318 3113 νηται,
2353 3041 2449 3095 καὶ
2473 3038 2589 3107 ἔσῃ
2619 3037 3054 3107 μακροχρόνιος
3077 3031 3175 3085 ἐπὶ
3207 3029 3317 3098 τῆς
3352 3027 3486 3120 γῆς.
3534 3024 3706 3120 Δῆλον

445 3141 616 3194 gamus
645 3141 802 3195 super
841 3135 1035 3179 terram
1058 3126 1124 3181 ὀ.
1175 3126 1395 3182 Clarum
1432 3138 1516 3184 est
1549 3137 1731 3183 autem
1769 3129 1914 3200 quod
1959 3141 2017 3185 ut

447 3218 749 3288 symbolum
792 3220 1148 3284 sacerdotale,
1177 3219 1387 3277 litteras
1414 3221 1673 3294 accipies,
1709 3238 2019 3294 munusque

448 3312 712 3383 hospitale
748 3328 857 3367 non
891 3324 1232 3378 contemues,
1260 3316 1476 3371 etiamsi
1507 3317 1578 3370 sit
1633 3317 1814 3372 minus
1851 3333 2013 3387 quam

447 3419 546 3472 pro
577 3421 789 3460 summa
831 3407 906 3460 tui
941 3407 1142 3476 ingenii
1173 3407 1437 3461 bonitate.

524 3585 569 3618 "'
596 3583 761 3640 Exod.
797 3601 888 3648 xx,
925 3585 1027 3652 l2;
1062 3585 1220 3642 Deut.
1253 3601 1305 3650 v,
1337 3585 1437 3650 l6;
1475 3582 1665 3640 Matth.
1696 3601 1785 3649 xv,
1823 3585 1875 3638 ὁ.

2122 3135 2179 3188 δέ
2216 3137 2297 3188 ὅτι
2325 3133 2400 3195 ὡς
2438 3129 2703 3200 σύμϐολον
2732 3125 3023 3198 ἱερατικὸν,
3059 3123 3184 3194 δέξῃ
3222 3121 3284 3174 τὸ
3308 3119 3562 3192 γράμμα,
3605 3114 3707 3169 καὶ

2123 3226 2222 3280 οὐκ
2265 3222 2550 3292 ἀτιμάσεις
2588 3220 2649 3272 τὸ
2685 3219 2874 3284 ξένιον,
2903 3217 3005 3272 κᾶν
3043 3232 3094 3269 τι
3129 3213 3447 3286 μικρότερον
3477 3207 3578 3279 τῆς
3605 3203 3710 3276 σῆς

2131 3317 2369 3390 μεγαλοῳ
2381 3316 2494 3381 uia;
2528 3313 2634 3384 εἴη.
