4066 6146
413 217 520 274 Ξ57

1422 375 1780 386 ---.-.-..

805 374 1417 384 ...Ψ--ω--μ--α-ι-..ο

805 375 1009 384 ...Ψ--ω
1017 375 1118 382 --ύ
1127 377 1228 384 --
1238 375 1404 383 ...ι-ι..

439 375 987 402 c—rW——.—-——.‘
995 393 1218 400 -.—.—-..—.——
1227 391 1288 401 -—-
1297 394 1404 401 --.-.

1494 221 1821 280 EPISTULA
1862 225 1951 279 AD
1979 225 2265 284 PETRUM
2307 229 2590 286 SEBAST.

1781 376 2053 388 Ψ

2059 375 2911 396 --ι-*οα--υ--ηοοο

1983 386 2036 388 η
2141 386 2206 387 η
2392 386 3668 426 ἡαπ-πεπτω,

1240 531 1466 618 ΤΟΥ
1567 534 1710 617 ΕΝ
1773 535 2136 622 ΑΓΙΟΙΣ
2236 539 2856 631 ΓΡΗΓΟΡΙΟΥ

1682 738 2079 795 ΕΠΙΣΚΟΠΟΥ
2115 741 2386 796 ΝΥΣΣΗΣ

1515 937 2556 1058 ΕΠΙΣΤΟΑΗ

892 1177 1087 1230 ΠΡΟΣ
1137 1177 1276 1230 TON
1300 1178 1643 1232 ΛΔΕΛΦΟΝ
1660 1177 1910 1231 ΑΥΤΟΥ
1938 1179 2236 1232 ΠΕΤΡΟΝ
2261 1181 2673 1236 ΕΠΙΣΚΟΠΟΝ
2687 1184 2931 1239 ΣΕΒΑΣ
2939 1185 3166 1244 1Ele.

1975 1359 2048 1376 β

1077 1499 1173 1596 5.
1286 1501 1387 1590 Ρ.
1527 1505 1644 1591 Ν.
1783 1504 1972 1594 GR]

2044 1503 2364 1596 SORII
2471 1505 2976 1600 NYSSENI

1005 1649 1016 1659 ’
1681 1717 2374 1835 EPISTOLA

902 1938 906 1942 ’
975 1967 1071 2022 AD
1102 1966 1401 2023 PETRUM
1434 1963 1783 2020 FRATREM
1812 1961 2042 2031 SUUM,
2075 1962 2504 2023 EPISCOPUM
2541 1968 3069 2028 SEBASTENUH.

1661 2234 1784 2300 (Jac.
1827 2236 2063 2287 Gretsero
2090 2238 2408 2305 interprete.)

447 2511 615 2576 Μόλις
636 2509 910 2581 ἐπιτυχὼν
940 2508 1194 2581 βραχείας
1224 2508 1439 2579 σχολῆς,
1469 2509 1534 2578 τῇ
1569 2525 1624 2559 τε
1655 2505 1746 2560 τοῦ
1767 2505 1954 2577 σῶμα-

2126 2505 2412 2561 Paululum
2440 2507 2536 2560 otii
2561 2515 2758 2562 nactus
2785 2509 3082 2564 valetudini
3128 2525 3348 2580 operam
3377 2511 3518 2571 dare
3547 2529 3646 2585 po-

369 2623 468 2668 τος
510 2605 779 2675 θεραπείᾳ
833 2605 1090 2677 προσχεῖν
1132 2601 1400 2673 ἠδυνήθην
1441 2601 1580 2672 μετά
1624 2598 1721 2670 τὴν
1774 2601 1838 2652 ἐκ
1863 2595 1964 2669 τῆς
2008 2638 2014 2642 -

382 2695 684 2767 Ἀρμενίας
718 2693 991 2757 ἐπάνοδον,
1027 2694 1121 2746 καὶ
1145 2695 1473 2760 συναγαγεῖν
1499 2690 1566 2744 τά
1606 2691 1864 2762 σχεδάρια
1895 2690 1962 2744 τὰ

563 2787 828 2856 Εὐνόμιον
883 2787 1023 2838 κατὰ
1067 2783 1374 2856 συμϐουλὴν
1418 2784 1518 2854 τῆς
1556 2783 1656 2852 σῆς
1695 2784 1960 2846 συνέσεως

373 2879 799 2951 ὑπηγορευμένα
831 2895 844 2908 ⁸
895 2876 1032 2930 ὥστε
1075 2895 1164 2948 μοι
1195 2876 1380 2929 λοιπὸν
1409 2878 1487 2940 είς
1517 2876 1674 2944 λόγου
1708 2875 1960 2940 σύνταξιν

369 2970 777 3041 ὲναρμοσθῆναι
803 2969 894 3022 τὸν
926 2969 1104 3029 πόνον,
1133 2969 1224 3021 καὶ
1249 2967 1469 3021 πυκτίον
1499 2966 1598 3039 ήδη
1630 2967 1957 3037 γεγενῆσθαι

368 3063 674 3130 τὸνλόγον.
727 3059 1041 3130 Γέγραπται
1093 3058 1149 3111 δέ
1194 3076 1281 3129 μοι
1331 3059 1390 3110 οὐ
1434 3057 1569 3128 πρὸς
1617 3057 1958 3126 ἀμφοτέρους

366 3155 496 3217 τοῦς
545 3153 735 3220 λόγους
770 3170 784 3184 ·
823 3152 942 3204 οὐδὲ
987 3151 1092 3222 γὰρ
1131 3152 1388 3221 ἐπέτυχον
1429 3150 1696 3222 τοσαύτης
1736 3150 1952 3220 σχολῆς,

367 3245 464 3299 τοῦ
515 3244 817 3315 χρήσαντὸς
873 3262 959 3314 μοι
1003 3244 1060 3296 τὺ
1112 3245 1209 3312 τῆς
1252 3244 1518 3312 αἱρέσεως
1558 3242 1782 3311 βιϐλίον,
1813 3240 1955 3294 κατὰ

368 3335 572 3404 πολλὴν
622 3333 1010 3404 ἀπειροκαλίαν
1075 3333 1232 3395 εὐθὺς
1289 3332 1762 3402 ἀνακαλεσαμένου
1817 3333 1954 3402 πρὸς

366 3427 577 3488 ἑαυτὸν,
608 3427 701 3478 καὶ
727 3423 847 3478 οὔτε
885 3425 1359 3496 μεταγράψασθαι,
1395 3423 1518 3477 οὔτε
1565 3425 1703 3478 κατὰ
1755 3424 1950 3496 σχολὴν

362 3517 702 3586 ἐνδιατρίψαι
735 3518 1054 3586 ποιήσαντος
1089 3533 1101 3545 ·
1154 3517 1211 3567 ὲν
1253 3517 1486 3586 ἡμέραις
1544 3518 1650 3588 γὰρ
1688 3513 1947 3570 ὲπτακαίυ

361 3611 494 3662 δέκα
534 3610 718 3679 μόναις
764 3609 1049 3678 σχολάσας,
1077 3609 1174 3678 οὐχ
1217 3603 1323 3670 οἷός
1363 3625 1422 3659 τε
1479 3608 1626 3678 ἥμην
1673 3609 1731 3659 ὲν
1778 3607 1950 3671 οὕτως

361 3701 531 3771 ὀλίγῳ
557 3701 634 3772 τῷ
662 3702 837 3772 χρόνῳ
876 3702 1010 3772 πρὸς
1035 3699 1378 3770 ἀμφοτέρους
1424 3699 1654 3768 ἀρκέσαι
1698 3700 1823 3761 τοὺς
1864 3699 1948 3751 λό-

362 3811 516 3860 τους,

436 3905 700 3968 Πολλάκις
741 3905 796 3956 δὲ
837 3907 984 3975 παρὰ
1030 3905 1237 3959 πολλῶν
1291 3904 1597 3975 ἐνοχληθεὶς
1644 3903 1942 3974 ἀνθρώπων

361 3996 471 4048 τῶν
501 4012 623 4048 τινα
653 3995 811 4063 ζῆλον
846 3996 985 4065 ὑπὲρ
1005 3996 1103 4066 τῆς
1149 3995 1406 4064 ἀληθείας
1461 3994 1713 4065 ἐχόντων,
1759 3994 1846 4046 διὰ
1885 3993 1944 4045 τὺ

361 4086 904 4158 περιτεθρυλλῆσθαι,
954 4089 1052 4140 οὐκ
1092 4081 1206 4138 οἶδα
1271 4089 1450 4148 ὅπως,
1500 4085 1560 4138 τὸ
1608 4085 1942 4155 πεπονῆσθαι

359 4179 490 4246 ἡμῖν
516 4177 651 4247 πρὸς
679 4177 768 4228 τὸν
794 4177 1110 4246 βλάσφημον
1160 4177 1474 4248 ἀντίρρησιν
1510 4193 1520 4206 '
1575 4176 1751 4238 καλῶς
1799 4176 1940 4245 ἔχειν

357 4269 545 4339 ᾠήθην
571 4270 677 4339 προ
711 4271 926 4321 πάντων
962 4272 1026 4340 τῇ
1060 4273 1124 4340 σῇ
1152 4270 1360 4323 συνέσει
1403 4269 1529 4340 περὶ
1561 4269 1749 4322 τούτου
1805 4287 1941 4338 συμ-

359 4361 536 4428 ϐούλῳ
567 4361 890 4430 χρήσασθαι,
925 4362 1030 4412 εἴτε
1059 4361 1162 4431 χρὴ
1197 4362 1624 4415 καταπιστεῦσαι
1668 4365 1786 4426 ταῖς
1831 4363 1938 4416 τῶν

358 4451 572 4504 πολλῶν
617 4453 826 4515 ἀκοαῖς,
883 4453 991 4504 εἴτε
1030 4470 1084 4517 τι
1125 4453 1214 4504 καὶ
1255 4453 1381 4506 ἄλλο
1421 4453 1826 4522 βουλεύσασθαι.
1874 4455 1938 4506 Ὃ

360 4543 414 4594 δέ
451 4561 541 4612 μοι
574 4543 671 4612 τὴν
712 4543 1043 4612 ἀμφιὸολίαν
1085 4547 1245 4602 ποιεῖ,
1291 4545 1448 4597 τοῦτό
1496 4549 1640 4598 ἐστιν
1665 4561 1678 4575 ⁸
1711 4546 1933 4615 Ἐπειδὴ

356 4635 476 4686 κατ’
502 4635 671 4705 αὐτὴν
701 4635 792 4686 τοῦ
824 4636 979 4702 ἁγίου
1008 4635 1284 4688 Βασιλείου
1309 4635 1404 4706 τὴν
1440 4636 1694 4705 κοίμησιν
1724 4637 1815 4689 τὸν
1840 4637 1934 4690 τοῦ

357 4727 620 4796 Εὔνομίου
647 4727 801 4794 λόγον
826 4727 1190 4798 ὑπεδεξάμην,
1231 4728 1310 4782 ἔτι
1353 4729 1450 4797 τῆς
1501 4728 1724 4798 καρδίας
1779 4747 1935 4799 περι-

353 4817 582 4886 ζεούσης
618 4817 695 4887 τῷ
720 4817 887 4888 πόθῳ,
921 4819 1014 4871 καὶ
1049 4820 1182 4888 πρὸς
1207 4821 1302 4890 τὴν
1348 4820 1530 4890 κοινὴν
1570 4819 1676 4871 τῶν
1701 4821 1932 4890 Ἐκκλη-

354 4909 484 4962 σιῶν
519 4911 802 4982 συμφορὰν
829 4912 1237 4984 ὑπεραλγούσης
1257 4929 1270 4942 ο
1314 4913 1590 4983 γέγραπτο
1621 4913 1677 4966 δὲ
1722 4911 1797 4983 τῷ
1830 4915 1930 4966 Εὑ-

348 5003 539 5071 νομίῳ,
576 5005 674 5072 οὐχ
695 5004 793 5055 ὅσα
825 5003 984 5073 μόνον
1015 5004 1107 5056 τοῦ
1130 5005 1248 5057 καθ’
1282 5005 1470 5056 ἑαυτὸν
1497 5005 1762 5074 δόγματος
1788 5004 1961 5074 ἔχειν·

348 5091 520 5144 ἐδόκει
547 5094 647 5163 τὴν
691 5094 971 5158 σύστασιν,
1021 5095 1132 5148 ἀλλ’
1183 5097 1216 5166 ἡ
1272 5095 1468 5148 πλείων
1511 5097 1672 5149 αὑτοῦ
1727 5098 1927 5169 σπουδὴ

2066 2601 2169 2666 tui,
2193 2609 2314 2670 post
2336 2601 2567 2656 reditum
2593 2618 2659 2656 ex
2674 2601 2952 2667 Armenia,
2977 2613 3029 2660 et
3049 2605 3306 2677 colligere
3326 2607 3646 2672 schednlas.

2064 2705 2199 2759 quas
2245 2697 2436 2745 contra
2485 2687 2809 2746 Eunomium
2858 2699 2954 2746 tuo
2997 2708 3166 2748 suasu
3213 2695 3523 2765 composui,
3587 2706 3646 2748 ιιι

2062 2780 2169 2851 iam
2201 2782 2354 2836 labor
2394 2798 2548 2836 meus
2592 2783 2644 2836 in
2698 2783 2962 2838 orationis
3007 2782 3260 2850 formam,
3292 2793 3346 2840 et
3382 2786 3565 2841 oratio
3596 2787 3649 2839 in

2062 2873 2314 2927 volumen
2347 2874 2602 2928 evaserit.
2643 2861 2849 2944 Scripsi
2881 2886 3058 2930 autem
3082 2892 3192 2932 non
3219 2885 3409 2932 contra
3437 2885 3652 2932 utrum-

2060 2980 2165 3034 que
2203 2961 2456 3020 Eunomii
2488 2965 2686 3020 librum
2715 2987 2726 3022 :
2761 2984 2938 3038 neque
2965 2969 3109 3023 enim
3141 2977 3350 3024 tantum
3389 2972 3644 3043 temporis

2059 3072 2380 3112 concessum
2415 3067 2522 3125 est,
2552 3061 2768 3127 cumis,
2809 3063 2900 3131 qui
2929 3063 3124 3117 librum
3158 3063 3476 3119 lmreticum
3499 3079 3647 3121 com-

2059 3148 2281 3202 modato
2305 3148 2551 3211 dederat,
2588 3164 2711 3203 eum
2737 3150 2892 3205 valde
2918 3151 3227 3220 importune
3269 3159 3323 3208 et
3349 3153 3642 3210 inciviliter

2055 3240 2390 3309 repetiverit,
2418 3246 2472 3295 et
2498 3255 2673 3309 neque
2700 3242 3123 3309 transcribendi,
3154 3259 3330 3313 neque
3350 3261 3446 3315 per
3465 3246 3635 3300 otium

2053 3331 2335 3386 evolvendi
2399 3337 2482 3386 sat
2544 3332 2704 3401 spatii
2759 3332 3005 3388 dederit:
3062 3349 3188 3388 nam
3242 3336 3633 3405 septemdecim

2055 3432 2266 3478 tantum
2296 3424 2412 3479 dies
2445 3424 2570 3478 huic
2597 3426 2960 3480 lucubrationi
2989 3426 3324 3497 impertiens,
3360 3427 3473 3485 ﬁeri
3522 3444 3632 3486 non

2054 3515 2230 3584 potuit
2263 3523 2318 3567 ut
2367 3523 2476 3568 tam
2520 3515 2666 3570 brevi
2703 3523 2946 3586 tempore
2977 3530 3267 3588 utrumque
3315 3518 3514 3574 librum
3545 3534 3634 3576 re-

2050 3605 2311 3660 fellerem.

2121 3913 2329 3984 Saapius
2376 3930 2504 3969 Vero
2557 3917 2931 3986 interpellatus
2973 3934 3002 3972 a
3051 3921 3257 3984 multis,
3309 3925 3401 3992 qui
3437 3926 3621 3997 aliquo

2047 4007 2289 4061 veritatis
2336 4009 2452 4061 zelo
2497 4010 2859 4073 tenebantur,
2917 4013 3057 4080 quod
3104 4014 3244 4066 fama
3286 4016 3397 4083 jam
3439 4021 3620 4074 nescio

2045 4090 2340 4166 quomodo
2378 4100 2713 4166 vulgaverat,
2775 4115 2858 4154 me
2926 4103 3186 4157 adversus
3241 4105 3619 4172 blasphemiam

2044 4183 2364 4237 Eunomium
2402 4185 2782 4239 refutationem
2814 4188 3149 4245 confecisse:
3187 4207 3216 4245 e
3245 4208 3300 4243 re
3337 4194 3449 4248 fore
3473 4195 3619 4262 judi-

2042 4275 2181 4336 cavi,
2233 4284 2357 4330 ante
2404 4278 2586 4330 omnia
2639 4285 2689 4331 te
2733 4294 2897 4346 super
2931 4281 3030 4334 hac
3063 4298 3119 4334 re
3147 4285 3463 4338 consiliario
3507 4288 3614 4346 uti:

2040 4382 2169 4418 num
2199 4367 2407 4420 scilicet
2447 4384 2584 4436 opus
2629 4371 3012 4437 evnlgandum,
3049 4387 3113 4424 an
3144 4375 3288 4428 aliud
3325 4379 3615 4433 consilium

2040 4455 2361 4524 capiendum
2388 4457 2478 4510 sit.
2509 4457 2662 4521 Quod
2685 4460 2974 4528 ancipitem
3006 4477 3088 4515 me
3117 4463 3314 4528 reddit,
3340 4475 3421 4519 est
3445 4469 3614 4523 istud:

2033 4547 2166 4602 Cum
2204 4548 2310 4601 sub
2339 4548 2510 4616 ipsam
2544 4549 2718 4602 sancti
2755 4548 2940 4605 Basilii
2988 4561 3239 4614 mortem.
3275 4555 3470 4611 librum
3506 4558 3614 4613 Eu-

2039 4638 2204 4690 nomii
2231 4639 2584 4708 accepissem,
2610 4639 2773 4693 corde
2799 4639 2976 4694 adhuc
2996 4642 3266 4697 desiderio
3290 4646 3433 4701 illius
3453 4657 3606 4704 aestu-

2036 4737 2180 4790 ante,
2230 4737 2283 4781 et
2332 4728 2400 4782 ob
2443 4744 2786 4785 communem
2835 4730 3199 4788 Ecclesiarum
3246 4737 3610 4794 calamitatem

2034 4819 2324 4872 admodum
2357 4820 2607 4875 dolente:
2645 4820 2948 4879 Eunomius
2975 4835 3153 4879 autem
3186 4843 3292 4882 non
3322 4830 3495 4885 solum
3521 4849 3606 4896 ea,

2034 4925 2153 4978 quae
2197 4912 2261 4963 ad
2315 4912 2398 4966 sui
2453 4913 2723 4982 dogmatis
2779 4917 3184 4984 perversitatem
3226 4923 3606 4979 stabiliendam

2033 5003 2369 5066 conducunt,
2396 5004 2667 5070 attulerit;
2694 5007 2786 5060 sed
2810 5009 2930 5076 plus
2949 5008 3241 5080 diligentiae
3266 5013 3316 5066 in
3342 5016 3608 5070 conviciis

2030 5092 2292 5148 adversus
2329 5101 2538 5171 patrem
2575 5104 2822 5150 nostrum
2859 5098 3195 5168 ejaculandis
3234 5104 3479 5158 studiose
3511 5118 3606 5172 po-

347 5188 474 5255 περὶ
500 5185 597 5248 τὰς
628 5186 889 5258 λοιδορίας
936 5185 1024 5260 ἦν,
1061 5189 1126 5253 ἃς
1175 5189 1314 5242 κατὰ
1366 5189 1459 5241 τοῦ
1521 5191 1722 5262 πατρὸς
1771 5191 1972 5261 ἡμῶν(

2044 5184 2222 5244 suerit,
2251 5192 2608 5253 exasperatus
2642 5189 2990 5244 contumeliis
3024 5192 3093 5245 ab
3124 5193 3216 5246 illo
3255 5193 3464 5254 eﬂusis,
3501 5193 3605 5245 ali-

344 5275 1007 5348 ςιλοπόνωςσυνέγραψε,
1037 5279 1224 5331 τούτου
1253 5279 1441 5332 ἕνεκεν
1491 5280 1922 5350 ὑποτραχυνθεὶς

342 5368 404 5419 ἐκ
443 5368 551 5419 τῶν
571 5369 654 5438 ἐφ’
685 5369 836 5440 ὕϐρει
873 5373 1000 5442 παρ’
1042 5371 1204 5424 αὑτοῦ
1252 5372 1543 5442 ῥηθέντων,
1597 5371 1746 5425 ἔστιν
1789 5374 1922 5426 ὅπου

342 5456 512 5528 θυμόν
567 5476 690 5512 τινα
745 5461 886 5514 κατά
934 5461 1026 5514 τοῦ
1076 5461 1435 5530 συγγραφέως
1479 5461 1572 5514 κει)⁸
1616 5461 1921 5534 φλεγμονὴν

341 5549 566 5618 καρδίας
617 5550 977 5620 ὲνεδείξαμεν.
1050 5551 1198 5606 Ἐπεὶ
1244 5548 1337 5605 οὖν
1387 5552 1522 5605 ἄλλα
1553 5551 1680 5616 ἴσως
1707 5554 1836 5624 ἡμῖν
1868 5555 1918 5607 οἱ

341 5641 520 5696 πολλοὶ
567 5643 992 5711 συνεγνώκασιν,
1050 5645 1132 5697 ὅτι
1183 5645 1239 5698 δὲ
1283 5645 1418 5716 πρὸς
1457 5647 1747 5716 ὑπομένειν
1792 5647 1919 5710 τοὺς

2031 5275 2153 5328 cubi
2183 5277 2428 5330 nonnihil
2464 5277 2555 5331 irae
2579 5286 2632 5332 et
2651 5279 2775 5334 bilis
2804 5290 2994 5335 contra
3016 5284 3335 5351 scriptorem
3363 5284 3600 5339 ostendi.

2029 5367 2163 5420 Cum
2197 5375 2375 5422 autem
2405 5370 2648 5440 plerique
2697 5372 2857 5426 aliam
2910 5373 3163 5428 fortassis
3193 5375 3600 5442 persuasionem

2028 5459 2284 5525 habeant,
2313 5463 2466 5531 quasi
2500 5479 2564 5517 eo
2594 5465 2766 5518 simus
2791 5466 3030 5534 ingenio,
3064 5473 3121 5517 ut
3159 5480 3275 5527 eos,
3310 5466 3401 5536 qui
3450 5475 3607 5538 petu-

2027 5552 2200 5605 lanter
2253 5553 2306 5607 in
2355 5568 2455 5609 nos
2503 5555 2814 5626 insurgunt,
2858 5570 3014 5624 atquo
3053 5563 3106 5611 et
3150 5560 3389 5628 patiente
3419 5561 3604 5616 animo

2025 5645 2322 5714 sustinere,
2361 5655 2414 5700 ct
2455 5662 2522 5701 ex
2546 5646 2832 5717 disciplina
2863 5647 2921 5703 S.
2960 5647 3143 5705 Basilii
3172 5653 3596 5710 moderationem
