  <div class='ocr_page' id='page_1' title='image "/cluster/home/n/w/nwhite01/storage/ocr_20150623/45/mdp.39015011921478/129.png"; bbox 0 0 4046 6156; ppageno 0'>
   <div class='ocr_carea' id='block_1_1' title="bbox 353 264 457 321">
    <p class='ocr_par' dir='ltr' id='par_1_1' title="bbox 353 264 457 321">
     <span class='ocr_line' id='line_1_1' title="bbox 353 264 457 321; baseline -0.029 0"><span class='ocrx_word' id='word_1_1' title='bbox 353 264 457 321; x_wconf 70' lang='lat'><strong>239</strong></span> 
     </span>
    </p>
   </div>
   <div class='ocr_carea' id='block_1_2' title="bbox 1348 235 2624 305">
    <p class='ocr_par' dir='ltr' id='par_1_2' title="bbox 1348 235 2624 305">
     <span class='ocr_line' id='line_1_2' title="bbox 1348 235 2624 305; baseline -0.013 0"><span class='ocrx_word' id='word_1_2' title='bbox 1348 249 1549 305; x_wconf 78' lang='lat' dir='ltr'><strong>PETRI</strong></span> <span class='ocrx_word' id='word_1_3' title='bbox 1581 243 1955 302; x_wconf 61' lang='lat' dir='ltr'><strong>SEBASTENI</strong></span> <span class='ocrx_word' id='word_1_4' title='bbox 1997 240 2083 295; x_wconf 82' lang='lat' dir='ltr'><strong>AD</strong></span> <span class='ocrx_word' id='word_1_5' title='bbox 2126 239 2182 294; x_wconf 87' lang='lat' dir='ltr'><strong>S.</strong></span> <span class='ocrx_word' id='word_1_6' title='bbox 2221 235 2624 293; x_wconf 72' lang='lat' dir='ltr'><strong>GREGORIUM</strong></span> 
     </span>
    </p>
   </div>
   <div class='ocr_carea' id='block_1_3' title="bbox 3501 226 3607 280">
    <p class='ocr_par' dir='ltr' id='par_1_3' title="bbox 3501 226 3607 280">
     <span class='ocr_line' id='line_1_3' title="bbox 3501 226 3607 280; baseline 0 0"><span class='ocrx_word' id='word_1_7' title='bbox 3501 226 3607 280; x_wconf 60' lang='lat'><strong>240</strong></span> 
     </span>
    </p>
   </div>
   <div class='ocr_carea' id='block_1_4' title="bbox 358 339 1958 446">
    <p class='ocr_par' dir='ltr' id='par_1_4' title="bbox 358 358 1930 446">
     <span class='ocr_line' id='line_1_4' title="bbox 358 358 1930 446; baseline -0.016 -11"><span class='ocrx_word' id='word_1_8' title='bbox 358 387 414 437; x_wconf 89' lang='lat' dir='ltr'><strong>in</strong></span> <span class='ocrx_word' id='word_1_9' title='bbox 445 377 712 440; x_wconf 84' lang='lat' dir='ltr'><strong>moribus,</strong></span> <span class='ocrx_word' id='word_1_10' title='bbox 740 374 915 446; x_wconf 82' lang='lat' dir='ltr'><strong>quoad</strong></span> <span class='ocrx_word' id='word_1_11' title='bbox 942 373 1086 437; x_wconf 89' lang='lat' dir='ltr'><strong>licet,</strong></span> <span class='ocrx_word' id='word_1_12' title='bbox 1116 368 1371 425; x_wconf 86' lang='lat' dir='ltr'><strong>exhibere</strong></span> <span class='ocrx_word' id='word_1_13' title='bbox 1400 364 1704 427; x_wconf 81' lang='lat' dir='ltr'><strong>soleamus;</strong></span> <span class='ocrx_word' id='word_1_14' title='bbox 1743 358 1930 421; x_wconf 93' lang='lat' dir='ltr'><strong>metui,</strong></span> 
     </span>
    </p>
   </div>
   <div class='ocr_carea' id='block_1_5' title="bbox 2061 339 3609 446">
    <p class='ocr_par' dir='ltr' id='par_1_5' title="bbox 2061 339 3609 419">
     <span class='ocr_line' id='line_1_5' title="bbox 2061 339 3609 419; baseline -0.01 -13"><span class='ocrx_word' id='word_1_15' title='bbox 2061 352 2285 415; x_wconf 86' lang='grc' dir='ltr'>ιτάκτως</span> <span class='ocrx_word' id='word_1_16' title='bbox 2311 350 2431 403; x_wconf 84' lang='grc' dir='ltr'>καθ’</span> <span class='ocrx_word' id='word_1_17' title='bbox 2455 348 2611 419; x_wconf 84' lang='grc' dir='ltr'>ήμῶν</span> <span class='ocrx_word' id='word_1_18' title='bbox 2651 346 3080 417; x_wconf 82' lang='grc' dir='ltr'>Θρασυνομένους</span> <span class='ocrx_word' id='word_1_19' title='bbox 3123 341 3440 411; x_wconf 79' lang='grc' dir='ltr'><strong>ἐπιτηδείως</strong></span> <span class='ocrx_word' id='word_1_20' title='bbox 3487 339 3609 407; x_wconf 75' lang='grc' dir='ltr'>ἐχο-</span> 
     </span>
    </p>
   </div>
   <div class='ocr_carea' id='block_1_6' title="bbox 358 450 1931 539">
    <p class='ocr_par' dir='ltr' id='par_1_6' title="bbox 358 450 1931 539">
     <span class='ocr_line' id='line_1_6' title="bbox 358 450 1931 539; baseline -0.017 -11"><span class='ocrx_word' id='word_1_21' title='bbox 358 487 431 528; x_wconf 85' lang='lat' dir='ltr'><strong>ne</strong></span> <span class='ocrx_word' id='word_1_22' title='bbox 475 486 539 527; x_wconf 78' lang='lat' dir='ltr'><strong>ex</strong></span> <span class='ocrx_word' id='word_1_23' title='bbox 573 470 679 533; x_wconf 84' lang='lat' dir='ltr'><strong>his,</strong></span> <span class='ocrx_word' id='word_1_24' title='bbox 720 482 839 539; x_wconf 66' lang='lat' dir='ltr'><strong>qua:</strong></span> <span class='ocrx_word' id='word_1_25' title='bbox 872 473 1061 521; x_wconf 91' lang='lat' dir='ltr'><strong>contra</strong></span> <span class='ocrx_word' id='word_1_26' title='bbox 1098 463 1245 517; x_wconf 90' lang='lat' dir='ltr'><strong>hunc</strong></span> <span class='ocrx_word' id='word_1_27' title='bbox 1287 456 1662 513; x_wconf 85' lang='lat' dir='ltr'><strong>adversarium</strong></span> <span class='ocrx_word' id='word_1_28' title='bbox 1705 450 1931 520; x_wconf 89' lang='lat' dir='ltr'><strong>scripsi-</strong></span> 
     </span>
    </p>
   </div>
   <div class='ocr_carea' id='block_1_7' title="bbox 364 540 1936 626">
    <p class='ocr_par' dir='ltr' id='par_1_7' title="bbox 364 540 1936 626">
     <span class='ocr_line' id='line_1_7' title="bbox 364 540 1936 626; baseline -0.015 -8"><span class='ocrx_word' id='word_1_29' title='bbox 364 578 509 626; x_wconf 87' lang='lat' dir='ltr'><strong>mus,</strong></span> <span class='ocrx_word' id='word_1_30' title='bbox 536 560 831 617; x_wconf 91' lang='lat' dir='ltr'><strong>lectoribus</strong></span> <span class='ocrx_word' id='word_1_31' title='bbox 863 557 985 611; x_wconf 84' lang='lat' dir='ltr'><strong>novi</strong></span> <span class='ocrx_word' id='word_1_32' title='bbox 1017 565 1428 625; x_wconf 80' lang='lat' dir='ltr'><strong>appareremus,</strong></span> <span class='ocrx_word' id='word_1_33' title='bbox 1455 557 1714 616; x_wconf 90' lang='lat' dir='ltr'><strong>tanquam</strong></span> <span class='ocrx_word' id='word_1_34' title='bbox 1747 545 1838 613; x_wconf 87' lang='lat' dir='ltr'><strong>qui</strong></span> <span class='ocrx_word' id='word_1_35' title='bbox 1868 540 1936 594; x_wconf 91' lang='lat' dir='ltr'><strong>ad</strong></span> 
     </span>
    </p>
   </div>
   <div class='ocr_carea' id='block_1_8' title="bbox 364 632 1926 706">
    <p class='ocr_par' dir='ltr' id='par_1_8' title="bbox 364 632 1926 706">
     <span class='ocr_line' id='line_1_8' title="bbox 364 632 1926 706; baseline -0.012 -1"><span class='ocrx_word' id='word_1_36' title='bbox 364 651 820 706; x_wconf 88' lang='lat' dir='ltr'><strong>calumniatorum</strong></span> <span class='ocrx_word' id='word_1_37' title='bbox 871 643 1119 700; x_wconf 85' lang='lat' dir='ltr'><strong>convicia</strong></span> <span class='ocrx_word' id='word_1_38' title='bbox 1174 641 1328 695; x_wconf 80' lang='lat' dir='ltr'><strong>facile</strong></span> <span class='ocrx_word' id='word_1_39' title='bbox 1384 639 1803 692; x_wconf 84' lang='lat' dir='ltr'><strong>inllammemur.</strong></span> <span class='ocrx_word' id='word_1_40' title='bbox 1859 632 1926 686; x_wconf 82' lang='lat' dir='ltr'><strong>At</strong></span> 
     </span>
    </p>
   </div>
   <div class='ocr_carea' id='block_1_9' title="bbox 365 726 1940 798">
    <p class='ocr_par' dir='ltr' id='par_1_9' title="bbox 365 726 1940 798">
     <span class='ocr_line' id='line_1_9' title="bbox 365 726 1940 798; baseline -0.014 -1"><span class='ocrx_word' id='word_1_41' title='bbox 365 744 507 797; x_wconf 80' lang='lat' dir='ltr'><strong>forte</strong></span> <span class='ocrx_word' id='word_1_42' title='bbox 539 756 607 795; x_wconf 90' lang='lat' dir='ltr'><strong>ne</strong></span> <span class='ocrx_word' id='word_1_43' title='bbox 656 740 789 794; x_wconf 91' lang='lat' dir='ltr'><strong>tales</strong></span> <span class='ocrx_word' id='word_1_44' title='bbox 835 737 1150 797; x_wconf 82' lang='lat' dir='ltr'><strong>habeamur,</strong></span> <span class='ocrx_word' id='word_1_45' title='bbox 1207 729 1463 791; x_wconf 77' lang='lat' dir='ltr'><strong>obstabit,</strong></span> <span class='ocrx_word' id='word_1_46' title='bbox 1512 726 1655 798; x_wconf 90' lang='lat' dir='ltr'><strong>quod</strong></span> <span class='ocrx_word' id='word_1_47' title='bbox 1700 740 1810 779; x_wconf 88' lang='lat' dir='ltr'><strong>non</strong></span> <span class='ocrx_word' id='word_1_48' title='bbox 1845 737 1940 793; x_wconf 86' lang='lat' dir='ltr'><strong>pro</strong></span> 
     </span>
    </p>
   </div>
   <div class='ocr_carea' id='block_1_10' title="bbox 370 810 1941 899">
    <p class='ocr_par' dir='ltr' id='par_1_10' title="bbox 370 810 1941 899">
     <span class='ocr_line' id='line_1_10' title="bbox 370 810 1941 899; baseline -0.012 -15"><span class='ocrx_word' id='word_1_49' title='bbox 370 831 528 886; x_wconf 87' lang='lat' dir='ltr'><strong>nobis</strong></span> <span class='ocrx_word' id='word_1_50' title='bbox 548 873 562 897; x_wconf 94' lang='lat'><strong>,</strong></span> <span class='ocrx_word' id='word_1_51' title='bbox 604 829 698 886; x_wconf 91' lang='lat' dir='ltr'><strong>sed</strong></span> <span class='ocrx_word' id='word_1_52' title='bbox 732 844 826 899; x_wconf 89' lang='lat' dir='ltr'><strong>pro</strong></span> <span class='ocrx_word' id='word_1_53' title='bbox 856 826 1136 898; x_wconf 78' lang='lat' dir='ltr'><strong>probrosis</strong></span> <span class='ocrx_word' id='word_1_54' title='bbox 1168 824 1220 876; x_wconf 90' lang='lat' dir='ltr'><strong>in</strong></span> <span class='ocrx_word' id='word_1_55' title='bbox 1258 828 1469 890; x_wconf 86' lang='lat' dir='ltr'><strong>patrem</strong></span> <span class='ocrx_word' id='word_1_56' title='bbox 1498 824 1744 872; x_wconf 90' lang='lat' dir='ltr'><strong>nostrum</strong></span> <span class='ocrx_word' id='word_1_57' title='bbox 1779 810 1941 867; x_wconf 89' lang='lat' dir='ltr'><strong>dictis</strong></span> 
     </span>
    </p>
   </div>
   <div class='ocr_carea' id='block_1_11' title="bbox 364 899 1944 983">
    <p class='ocr_par' dir='ltr' id='par_1_11' title="bbox 364 899 1944 983">
     <span class='ocr_line' id='line_1_11' title="bbox 364 899 1944 983; baseline -0.015 -6"><span class='ocrx_word' id='word_1_58' title='bbox 364 922 679 979; x_wconf 86' lang='lat' dir='ltr'><strong>irascimur.</strong></span> <span class='ocrx_word' id='word_1_59' title='bbox 723 919 859 974; x_wconf 88' lang='lat' dir='ltr'><strong>Nam</strong></span> <span class='ocrx_word' id='word_1_60' title='bbox 896 918 952 971; x_wconf 91' lang='lat' dir='ltr'><strong>in</strong></span> <span class='ocrx_word' id='word_1_61' title='bbox 1000 899 1508 983; x_wconf 66' lang='lat' dir='ltr'><strong>hujusmodi&#39;rebus</strong></span> <span class='ocrx_word' id='word_1_62' title='bbox 1540 906 1800 975; x_wconf 84' lang='lat' dir='ltr'><strong>majorem</strong></span> <span class='ocrx_word' id='word_1_63' title='bbox 1835 901 1944 955; x_wconf 85' lang='lat' dir='ltr'><strong>for-</strong></span> 
     </span>
    </p>
   </div>
   <div class='ocr_carea' id='block_1_12' title="bbox 369 994 1947 1070">
    <p class='ocr_par' dir='ltr' id='par_1_12' title="bbox 369 994 1947 1070">
     <span class='ocr_line' id='line_1_12' title="bbox 369 994 1947 1070; baseline -0.016 -1"><span class='ocrx_word' id='word_1_64' title='bbox 369 1015 515 1069; x_wconf 83' lang='lat' dir='ltr'><strong>sitan</strong></span> <span class='ocrx_word' id='word_1_65' title='bbox 550 1014 762 1069; x_wconf 83' lang='lat' dir='ltr'><strong>veniam</strong></span> <span class='ocrx_word' id='word_1_66' title='bbox 795 1016 1034 1064; x_wconf 88' lang='lat' dir='ltr'><strong>meretur</strong></span> <span class='ocrx_word' id='word_1_67' title='bbox 1069 1017 1413 1065; x_wconf 83' lang='lat' dir='ltr'><strong>succensere,</strong></span> <span class='ocrx_word' id='word_1_68' title='bbox 1454 1012 1617 1070; x_wconf 90' lang='lat' dir='ltr'><strong>quam</strong></span> <span class='ocrx_word' id='word_1_69' title='bbox 1665 994 1947 1050; x_wconf 79' lang='lat' dir='ltr'><strong>moderate</strong></span> 
     </span>
    </p>
   </div>
   <div class='ocr_carea' id='block_1_13' title="bbox 372 1119 554 1175">
    <p class='ocr_par' dir='ltr' id='par_1_13' title="bbox 372 1119 554 1175">
     <span class='ocr_line' id='line_1_13' title="bbox 372 1119 554 1175; baseline -0.005 -19"><span class='ocrx_word' id='word_1_70' title='bbox 372 1119 554 1175; x_wconf 75' lang='lat' dir='ltr'><strong>agere.</strong></span> 
     </span>
    </p>
   </div>
   <div class='ocr_carea' id='block_1_14' title="bbox 452 1346 1950 1427">
    <p class='ocr_par' dir='ltr' id='par_1_14' title="bbox 452 1346 1950 1427">
     <span class='ocr_line' id='line_1_14' title="bbox 452 1346 1950 1427; baseline -0.01 -13"><span class='ocrx_word' id='word_1_71' title='bbox 452 1361 508 1414; x_wconf 83' lang='lat' dir='ltr'><strong>Si</strong></span> <span class='ocrx_word' id='word_1_72' title='bbox 543 1373 673 1414; x_wconf 89' lang='lat' dir='ltr'><strong>vero</strong></span> <span class='ocrx_word' id='word_1_73' title='bbox 722 1354 1020 1427; x_wconf 87' lang='lat' dir='ltr'><strong>primordia</strong></span> <span class='ocrx_word' id='word_1_74' title='bbox 1066 1352 1329 1407; x_wconf 89' lang='lat' dir='ltr'><strong>orationis</strong></span> <span class='ocrx_word' id='word_1_75' title='bbox 1366 1349 1521 1419; x_wconf 88' lang='lat' dir='ltr'><strong>quasi</strong></span> <span class='ocrx_word' id='word_1_76' title='bbox 1575 1363 1603 1401; x_wconf 88' lang='lat' dir='ltr'><strong>a</strong></span> <span class='ocrx_word' id='word_1_77' title='bbox 1653 1346 1950 1401; x_wconf 84' lang='lat' dir='ltr'><strong>certamine</strong></span> 
     </span>
    </p>
   </div>
   <div class='ocr_carea' id='block_1_15' title="bbox 378 1435 1947 1517">
    <p class='ocr_par' dir='ltr' id='par_1_15' title="bbox 378 1435 1947 1517">
     <span class='ocr_line' id='line_1_15' title="bbox 378 1435 1947 1517; baseline -0.012 -12"><span class='ocrx_word' id='word_1_78' title='bbox 378 1448 556 1505; x_wconf 87' lang='lat' dir='ltr'><strong>aliena</strong></span> <span class='ocrx_word' id='word_1_79' title='bbox 578 1446 984 1507; x_wconf 78' lang='lat' dir='ltr'><strong>existimantur,</strong></span> <span class='ocrx_word' id='word_1_80' title='bbox 1021 1456 1183 1517; x_wconf 90' lang='lat' dir='ltr'><strong>spero</strong></span> <span class='ocrx_word' id='word_1_81' title='bbox 1212 1455 1360 1503; x_wconf 90' lang='lat' dir='ltr'><strong>eum,</strong></span> <span class='ocrx_word' id='word_1_82' title='bbox 1405 1438 1499 1508; x_wconf 91' lang='lat' dir='ltr'><strong>qui</strong></span> <span class='ocrx_word' id='word_1_83' title='bbox 1521 1436 1735 1507; x_wconf 90' lang='lat' dir='ltr'><strong>judicio</strong></span> <span class='ocrx_word' id='word_1_84' title='bbox 1761 1435 1947 1505; x_wconf 83' lang='lat' dir='ltr'><strong>pollet,</strong></span> 
     </span>
    </p>
   </div>
   <div class='ocr_carea' id='block_1_16' title="bbox 381 1526 1953 1612">
    <p class='ocr_par' dir='ltr' id='par_1_16' title="bbox 381 1526 1953 1612">
     <span class='ocr_line' id='line_1_16' title="bbox 381 1526 1953 1612; baseline -0.013 -13"><span class='ocrx_word' id='word_1_85' title='bbox 381 1556 491 1598; x_wconf 88' lang='lat' dir='ltr'><strong>non</strong></span> <span class='ocrx_word' id='word_1_86' title='bbox 519 1546 742 1612; x_wconf 83' lang='lat' dir='ltr'><strong>gravate</strong></span> <span class='ocrx_word' id='word_1_87' title='bbox 782 1536 1049 1592; x_wconf 88' lang='lat' dir='ltr'><strong>orationis</strong></span> <span class='ocrx_word' id='word_1_88' title='bbox 1092 1540 1295 1589; x_wconf 68' lang='lat' dir='ltr'><strong>nostra:</strong></span> <span class='ocrx_word' id='word_1_89' title='bbox 1342 1530 1654 1585; x_wconf 86' lang='lat' dir='ltr'><strong>institutum</strong></span> <span class='ocrx_word' id='word_1_90' title='bbox 1696 1526 1953 1596; x_wconf 85' lang='lat' dir='ltr'><strong>probatu-</strong></span> 
     </span>
    </p>
   </div>
   <div class='ocr_carea' id='block_1_17' title="bbox 382 1616 1948 1700">
    <p class='ocr_par' dir='ltr' id='par_1_17' title="bbox 382 1616 1948 1700">
     <span class='ocr_line' id='line_1_17' title="bbox 382 1616 1948 1700; baseline -0.011 -12"><span class='ocrx_word' id='word_1_91' title='bbox 382 1634 523 1688; x_wconf 89' lang='lat' dir='ltr'><strong>rum.</strong></span> <span class='ocrx_word' id='word_1_92' title='bbox 552 1629 738 1700; x_wconf 84' lang='lat' dir='ltr'><strong>Neque</strong></span> <span class='ocrx_word' id='word_1_93' title='bbox 766 1628 913 1684; x_wconf 89' lang='lat' dir='ltr'><strong>enim</strong></span> <span class='ocrx_word' id='word_1_94' title='bbox 949 1626 1174 1681; x_wconf 85' lang='lat' dir='ltr'><strong>decebat</strong></span> <span class='ocrx_word' id='word_1_95' title='bbox 1222 1636 1282 1678; x_wconf 90' lang='lat' dir='ltr'><strong>ut</strong></span> <span class='ocrx_word' id='word_1_96' title='bbox 1315 1622 1494 1693; x_wconf 82' lang='lat' dir='ltr'><strong>magni</strong></span> <span class='ocrx_word' id='word_1_97' title='bbox 1530 1620 1711 1674; x_wconf 85' lang='lat' dir='ltr'><strong>Basilii</strong></span> <span class='ocrx_word' id='word_1_98' title='bbox 1748 1616 1948 1671; x_wconf 76' lang='lat' dir='ltr'><strong>famam</strong></span> 
     </span>
    </p>
   </div>
   <div class='ocr_carea' id='block_1_18' title="bbox 2044 428 3610 514">
    <p class='ocr_par' dir='ltr' id='par_1_18' title="bbox 2044 428 3610 514">
     <span class='ocr_line' id='line_1_18' title="bbox 2044 428 3610 514; baseline -0.011 -18"><span class='ocrx_word' id='word_1_99' title='bbox 2044 460 2161 514; x_wconf 87' lang='grc' dir='ltr'>μεν,</span> <span class='ocrx_word' id='word_1_100' title='bbox 2182 442 2256 505; x_wconf 84' lang='grc' dir='ltr'>ὥς</span> <span class='ocrx_word' id='word_1_101' title='bbox 2282 445 2394 495; x_wconf 75' lang='grc' dir='ltr'>ἐστι</span> <span class='ocrx_word' id='word_1_102' title='bbox 2423 440 2662 502; x_wconf 79' lang='grc' dir='ltr'>δυνατὸν,</span> <span class='ocrx_word' id='word_1_103' title='bbox 2697 440 2762 492; x_wconf 77' lang='grc' dir='ltr'>ἐκ</span> <span class='ocrx_word' id='word_1_104' title='bbox 2796 439 2894 508; x_wconf 84' lang='grc' dir='ltr'><strong>τῆς</strong></span> <span class='ocrx_word' id='word_1_105' title='bbox 2916 438 3007 491; x_wconf 83' lang='grc' dir='ltr'>τοῦ</span> <span class='ocrx_word' id='word_1_106' title='bbox 3033 435 3187 504; x_wconf 86' lang='grc' dir='ltr'>ἁγίου</span> <span class='ocrx_word' id='word_1_107' title='bbox 3217 433 3423 487; x_wconf 74' lang='grc' dir='ltr'>ἐκείνου</span> <span class='ocrx_word' id='word_1_108' title='bbox 3465 428 3610 481; x_wconf 83' lang='grc' dir='ltr'>διδα-</span> 
     </span>
    </p>
   </div>
   <div class='ocr_carea' id='block_1_19' title="bbox 2043 520 3614 601">
    <p class='ocr_par' dir='ltr' id='par_1_19' title="bbox 2043 520 3614 601">
     <span class='ocr_line' id='line_1_19' title="bbox 2043 520 3614 601; baseline -0.012 -12"><span class='ocrx_word' id='word_1_109' title='bbox 2043 534 2268 596; x_wconf 85' lang='grc' dir='ltr'>σκαλίας</span> <span class='ocrx_word' id='word_1_110' title='bbox 2294 533 2629 601; x_wconf 80' lang='grc' dir='ltr'><strong>ἀσκήσαντες</strong></span> <span class='ocrx_word' id='word_1_111' title='bbox 2660 533 2716 584; x_wconf 79' lang='grc' dir='ltr'>ὲν</span> <span class='ocrx_word' id='word_1_112' title='bbox 2750 529 2829 600; x_wconf 81' lang='grc' dir='ltr'>τῷ</span> <span class='ocrx_word' id='word_1_113' title='bbox 2857 529 2974 600; x_wconf 75' lang='grc' dir='ltr'>ἤθει</span> <span class='ocrx_word' id='word_1_114' title='bbox 3019 532 3081 580; x_wconf 73' lang='grc' dir='ltr'><strong>τὸ</strong></span> <span class='ocrx_word' id='word_1_115' title='bbox 3126 525 3363 596; x_wconf 89' lang='grc' dir='ltr'>μέτριον,</span> <span class='ocrx_word' id='word_1_116' title='bbox 3401 520 3614 574; x_wconf 86' lang='grc' dir='ltr'>δέδοικα</span> 
     </span>
    </p>
   </div>
   <div class='ocr_carea' id='block_1_20' title="bbox 2047 610 3613 695">
    <p class='ocr_par' dir='ltr' id='par_1_20' title="bbox 2047 610 3613 695">
     <span class='ocr_line' id='line_1_20' title="bbox 2047 610 3613 695; baseline -0.012 -17"><span class='ocrx_word' id='word_1_117' title='bbox 2047 627 2119 695; x_wconf 85' lang='grc' dir='ltr'>μὴ</span> <span class='ocrx_word' id='word_1_118' title='bbox 2147 628 2209 678; x_wconf 73' lang='grc' dir='ltr'>ἐκ</span> <span class='ocrx_word' id='word_1_119' title='bbox 2239 624 2344 675; x_wconf 85' lang='grc' dir='ltr'>τῶν</span> <span class='ocrx_word' id='word_1_120' title='bbox 2386 622 2521 693; x_wconf 83' lang='grc' dir='ltr'>πρὸς</span> <span class='ocrx_word' id='word_1_121' title='bbox 2568 620 2660 675; x_wconf 81' lang='grc' dir='ltr'><strong>τὸν</strong></span> <span class='ocrx_word' id='word_1_122' title='bbox 2712 618 3002 673; x_wconf 87' lang='grc' dir='ltr'>ἀντίπαλον</span> <span class='ocrx_word' id='word_1_123' title='bbox 3034 620 3167 687; x_wconf 80' lang='grc' dir='ltr'>ἡμῖν</span> <span class='ocrx_word' id='word_1_124' title='bbox 3213 610 3613 683; x_wconf 75' lang='grc' dir='ltr'><strong>γεγραμμένων</strong></span> 
     </span>
    </p>
   </div>
   <div class='ocr_carea' id='block_1_21' title="bbox 2042 698 3620 783">
    <p class='ocr_par' dir='ltr' id='par_1_21' title="bbox 2042 698 3620 783">
     <span class='ocr_line' id='line_1_21' title="bbox 2042 698 3620 783; baseline -0.013 -13"><span class='ocrx_word' id='word_1_125' title='bbox 2042 717 2318 783; x_wconf 78' lang='grc' dir='ltr'>νεοφανεῖς</span> <span class='ocrx_word' id='word_1_126' title='bbox 2349 731 2490 775; x_wconf 87' lang='grc' dir='ltr'>τινες</span> <span class='ocrx_word' id='word_1_127' title='bbox 2514 715 2625 775; x_wconf 84' lang='grc' dir='ltr'>τοῖς</span> <span class='ocrx_word' id='word_1_128' title='bbox 2654 711 3038 780; x_wconf 77' lang='grc' dir='ltr'><strong>ἐντυγχάνουσι</strong></span> <span class='ocrx_word' id='word_1_129' title='bbox 3068 706 3325 775; x_wconf 79' lang='grc' dir='ltr'>δόξωμεν,</span> <span class='ocrx_word' id='word_1_130' title='bbox 3350 703 3425 764; x_wconf 87' lang='grc' dir='ltr'>ὡς</span> <span class='ocrx_word' id='word_1_131' title='bbox 3465 698 3620 752; x_wconf 82' lang='grc' dir='ltr'>εὐκό-</span> 
     </span>
    </p>
   </div>
   <div class='ocr_carea' id='block_1_22' title="bbox 2042 792 3618 877">
    <p class='ocr_par' dir='ltr' id='par_1_22' title="bbox 2042 792 3618 877">
     <span class='ocr_line' id='line_1_22' title="bbox 2042 792 3618 877; baseline -0.011 -18"><span class='ocrx_word' id='word_1_132' title='bbox 2042 811 2149 870; x_wconf 84' lang='grc' dir='ltr'><strong>λως</strong></span> <span class='ocrx_word' id='word_1_133' title='bbox 2172 805 2306 877; x_wconf 85' lang='grc' dir='ltr'>πρὸς</span> <span class='ocrx_word' id='word_1_134' title='bbox 2331 804 2426 867; x_wconf 88' lang='grc' dir='ltr'>τὰς</span> <span class='ocrx_word' id='word_1_135' title='bbox 2446 803 2552 857; x_wconf 85' lang='grc' dir='ltr'><strong>τῶν</strong></span> <span class='ocrx_word' id='word_1_136' title='bbox 2597 801 2864 873; x_wconf 76' lang='grc' dir='ltr'>ὑϐριστῶν</span> <span class='ocrx_word' id='word_1_137' title='bbox 2911 799 3173 869; x_wconf 82' lang='grc' dir='ltr'>λοιδορίας</span> <span class='ocrx_word' id='word_1_138' title='bbox 3211 792 3618 866; x_wconf 82' lang='grc' dir='ltr'>ἐκτραχυνόμε-</span> 
     </span>
    </p>
   </div>
   <div class='ocr_carea' id='block_1_23' title="bbox 2044 880 3620 962">
    <p class='ocr_par' dir='ltr' id='par_1_23' title="bbox 2044 880 3620 962">
     <span class='ocr_line' id='line_1_23' title="bbox 2044 880 3620 962; baseline -0.01 -14"><span class='ocrx_word' id='word_1_139' title='bbox 2044 911 2139 948; x_wconf 87' lang='grc' dir='ltr'>νοι.</span> <span class='ocrx_word' id='word_1_140' title='bbox 2170 888 2248 945; x_wconf 85' lang='grc' dir='ltr'><strong>Ἦ</strong></span> <span class='ocrx_word' id='word_1_141' title='bbox 2275 891 2415 962; x_wconf 89' lang='grc' dir='ltr'>τάχα</span> <span class='ocrx_word' id='word_1_142' title='bbox 2434 892 2829 960; x_wconf 82' lang='grc' dir='ltr'>παραιτήσεται</span> <span class='ocrx_word' id='word_1_143' title='bbox 2868 890 3014 959; x_wconf 78' lang='grc' dir='ltr'>ἡμᾶς</span> <span class='ocrx_word' id='word_1_144' title='bbox 3050 886 3185 957; x_wconf 84' lang='grc' dir='ltr'>πρὸς</span> <span class='ocrx_word' id='word_1_145' title='bbox 3219 885 3277 937; x_wconf 79' lang='grc' dir='ltr'>τὸ</span> <span class='ocrx_word' id='word_1_146' title='bbox 3322 882 3396 954; x_wconf 85' lang='grc' dir='ltr'>μὴ</span> <span class='ocrx_word' id='word_1_147' title='bbox 3443 880 3620 933; x_wconf 80' lang='grc' dir='ltr'>δοκεῖν</span> 
     </span>
    </p>
   </div>
   <div class='ocr_carea' id='block_1_24' title="bbox 2046 972 3623 1053">
    <p class='ocr_par' dir='ltr' id='par_1_24' title="bbox 2046 972 3623 1053">
     <span class='ocr_line' id='line_1_24' title="bbox 2046 972 3623 1053; baseline -0.01 -14"><span class='ocrx_word' id='word_1_148' title='bbox 2046 982 2182 1039; x_wconf 77' lang='grc' dir='ltr'>εἶναι</span> <span class='ocrx_word' id='word_1_149' title='bbox 2224 984 2510 1047; x_wconf 81' lang='grc' dir='ltr'>τοιούτους,</span> <span class='ocrx_word' id='word_1_150' title='bbox 2545 983 2607 1035; x_wconf 78' lang='grc' dir='ltr'>τὸ</span> <span class='ocrx_word' id='word_1_151' title='bbox 2631 982 2706 1053; x_wconf 83' lang='grc' dir='ltr'>μὴ</span> <span class='ocrx_word' id='word_1_152' title='bbox 2729 982 2867 1053; x_wconf 82' lang='grc' dir='ltr'>ὑπὲρ</span> <span class='ocrx_word' id='word_1_153' title='bbox 2898 984 2929 1051; x_wconf 80' lang='grc' dir='ltr'>ἠ</span> <span class='ocrx_word' id='word_1_154' title='bbox 2941 982 3055 1051; x_wconf 82' lang='grc' dir='ltr'>μῶν</span> <span class='ocrx_word' id='word_1_155' title='bbox 3083 978 3286 1044; x_wconf 82' lang='grc' dir='ltr'>αὐτῶν,</span> <span class='ocrx_word' id='word_1_156' title='bbox 3336 975 3449 1029; x_wconf 86' lang='grc' dir='ltr'>ἀλλ’</span> <span class='ocrx_word' id='word_1_157' title='bbox 3482 972 3623 1042; x_wconf 83' lang='grc' dir='ltr'>ὑπὲρ</span> 
     </span>
    </p>
   </div>
   <div class='ocr_carea' id='block_1_25' title="bbox 2046 1065 3624 1147">
    <p class='ocr_par' dir='ltr' id='par_1_25' title="bbox 2046 1065 3624 1147">
     <span class='ocr_line' id='line_1_25' title="bbox 2046 1065 3624 1147; baseline -0.008 -17"><span class='ocrx_word' id='word_1_158' title='bbox 2046 1078 2154 1131; x_wconf 84' lang='grc' dir='ltr'><strong>τῶν</strong></span> <span class='ocrx_word' id='word_1_159' title='bbox 2176 1078 2317 1131; x_wconf 85' lang='grc' dir='ltr'>κατὰ</span> <span class='ocrx_word' id='word_1_160' title='bbox 2346 1076 2438 1129; x_wconf 81' lang='grc' dir='ltr'>τοῦ</span> <span class='ocrx_word' id='word_1_161' title='bbox 2467 1076 2671 1146; x_wconf 78' lang='grc' dir='ltr'>πατρὸς</span> <span class='ocrx_word' id='word_1_162' title='bbox 2704 1074 3006 1147; x_wconf 81' lang='grc' dir='ltr'>εἰρημένων</span> <span class='ocrx_word' id='word_1_163' title='bbox 3028 1069 3361 1143; x_wconf 78' lang='grc' dir='ltr'>ὀργίζεσθαι.</span> <span class='ocrx_word' id='word_1_164' title='bbox 3399 1066 3489 1120; x_wconf 89' lang='grc' dir='ltr'>Ἐν</span> <span class='ocrx_word' id='word_1_165' title='bbox 3512 1065 3624 1135; x_wconf 86' lang='grc' dir='ltr'>γὰρ</span> 
     </span>
    </p>
   </div>
   <div class='ocr_carea' id='block_1_26' title="bbox 2047 1156 3626 1236">
    <p class='ocr_par' dir='ltr' id='par_1_26' title="bbox 2047 1156 3626 1236">
     <span class='ocr_line' id='line_1_26' title="bbox 2047 1156 3626 1236; baseline -0.008 -15"><span class='ocrx_word' id='word_1_166' title='bbox 2047 1172 2160 1232; x_wconf 82' lang='grc' dir='ltr'>τοῖς</span> <span class='ocrx_word' id='word_1_167' title='bbox 2190 1168 2453 1230; x_wconf 83' lang='grc' dir='ltr'>τοιούτοις</span> <span class='ocrx_word' id='word_1_168' title='bbox 2489 1168 2629 1236; x_wconf 85' lang='grc' dir='ltr'>τάχα</span> <span class='ocrx_word' id='word_1_169' title='bbox 2669 1166 2730 1218; x_wconf 82' lang='grc' dir='ltr'><strong>τὸ</strong></span> <span class='ocrx_word' id='word_1_170' title='bbox 2770 1164 3085 1236; x_wconf 78' lang='grc' dir='ltr'>μετριάζειν</span> <span class='ocrx_word' id='word_1_171' title='bbox 3140 1161 3233 1215; x_wconf 82' lang='grc' dir='ltr'><strong>τοῦ</strong></span> <span class='ocrx_word' id='word_1_172' title='bbox 3279 1156 3626 1230; x_wconf 83' lang='grc' dir='ltr'>χαλεπαίνειν</span> 
     </span>
    </p>
   </div>
   <div class='ocr_carea' id='block_1_27' title="bbox 2050 1258 2761 1327">
    <p class='ocr_par' dir='ltr' id='par_1_27' title="bbox 2050 1258 2761 1327">
     <span class='ocr_line' id='line_1_27' title="bbox 2050 1258 2761 1327; baseline 0.001 -17"><span class='ocrx_word' id='word_1_173' title='bbox 2050 1260 2199 1311; x_wconf 76' lang='grc' dir='ltr'>ἐστὶν</span> <span class='ocrx_word' id='word_1_174' title='bbox 2232 1258 2643 1326; x_wconf 81' lang='grc' dir='ltr'>ἀσυγγνωστότε</span> <span class='ocrx_word' id='word_1_175' title='bbox 2652 1273 2761 1327; x_wconf 91' lang='grc' dir='ltr'>ρον.</span> 
     </span>
    </p>
   </div>
   <div class='ocr_carea' id='block_1_28' title="bbox 2132 1336 3627 1421">
    <p class='ocr_par' dir='ltr' id='par_1_28' title="bbox 2132 1336 3627 1421">
     <span class='ocr_line' id='line_1_28' title="bbox 2132 1336 3627 1421; baseline -0.007 -19"><span class='ocrx_word' id='word_1_176' title='bbox 2132 1350 2194 1402; x_wconf 76' lang='lat' dir='ltr'><strong>El</strong></span> <span class='ocrx_word' id='word_1_177' title='bbox 2221 1349 2279 1402; x_wconf 81' lang='grc' dir='ltr'>δὲ</span> <span class='ocrx_word' id='word_1_178' title='bbox 2311 1350 2379 1403; x_wconf 88' lang='grc' dir='ltr'><strong>τά</strong></span> <span class='ocrx_word' id='word_1_179' title='bbox 2409 1348 2601 1421; x_wconf 85' lang='grc' dir='ltr'>πρῶτα</span> <span class='ocrx_word' id='word_1_180' title='bbox 2647 1347 2742 1402; x_wconf 79' lang='grc' dir='ltr'>τοῦ</span> <span class='ocrx_word' id='word_1_181' title='bbox 2796 1347 2954 1416; x_wconf 84' lang='grc' dir='ltr'>λόγου</span> <span class='ocrx_word' id='word_1_182' title='bbox 3009 1345 3280 1413; x_wconf 80' lang='grc' dir='ltr'>ὲξαγώνιά</span> <span class='ocrx_word' id='word_1_183' title='bbox 3314 1359 3431 1405; x_wconf 89' lang='grc' dir='ltr'><strong>πως</strong></span> <span class='ocrx_word' id='word_1_184' title='bbox 3487 1336 3627 1393; x_wconf 77' lang='grc' dir='ltr'>εἶναι</span> 
     </span>
    </p>
   </div>
   <div class='ocr_carea' id='block_1_29' title="bbox 2051 1429 3630 1509">
    <p class='ocr_par' dir='ltr' id='par_1_29' title="bbox 2051 1429 3630 1509">
     <span class='ocr_line' id='line_1_29' title="bbox 2051 1429 3630 1509; baseline -0.008 -16"><span class='ocrx_word' id='word_1_185' title='bbox 2051 1440 2214 1506; x_wconf 88' lang='grc' dir='ltr'>δοκεῖ,</span> <span class='ocrx_word' id='word_1_186' title='bbox 2240 1438 2524 1508; x_wconf 80' lang='grc' dir='ltr'>λογίζομαι</span> <span class='ocrx_word' id='word_1_187' title='bbox 2563 1437 2652 1491; x_wconf 78' lang='grc' dir='ltr'><strong>τὸν</strong></span> <span class='ocrx_word' id='word_1_188' title='bbox 2682 1436 2886 1509; x_wconf 87' lang='grc' dir='ltr'>κρίνειν</span> <span class='ocrx_word' id='word_1_189' title='bbox 2923 1433 3333 1504; x_wconf 75' lang='grc' dir='ltr'>ἐπεσκεμμένον</span> <span class='ocrx_word' id='word_1_190' title='bbox 3367 1429 3630 1492; x_wconf 80' lang='grc' dir='ltr'>ἀποδέξα-</span> 
     </span>
    </p>
   </div>
   <div class='ocr_carea' id='block_1_30' title="bbox 2054 1519 3630 1600">
    <p class='ocr_par' dir='ltr' id='par_1_30' title="bbox 2054 1519 3630 1600">
     <span class='ocr_line' id='line_1_30' title="bbox 2054 1519 3630 1600; baseline -0.008 -16"><span class='ocrx_word' id='word_1_191' title='bbox 2054 1531 2175 1584; x_wconf 88' lang='grc' dir='ltr'>σθαι</span> <span class='ocrx_word' id='word_1_192' title='bbox 2205 1530 2283 1598; x_wconf 73' lang='grc' dir='ltr'><strong>ζάν</strong></span> <span class='ocrx_word' id='word_1_193' title='bbox 2338 1530 2435 1600; x_wconf 78' lang='grc' dir='ltr'>τὴν</span> <span class='ocrx_word' id='word_1_194' title='bbox 2488 1528 2740 1598; x_wconf 87' lang='grc' dir='ltr'>τοιαύτην</span> <span class='ocrx_word' id='word_1_195' title='bbox 2798 1526 2925 1598; x_wconf 81' lang='grc' dir='ltr'>περὶ</span> <span class='ocrx_word' id='word_1_196' title='bbox 2960 1526 3049 1579; x_wconf 82' lang='grc' dir='ltr'><strong>τὸν</strong></span> <span class='ocrx_word' id='word_1_197' title='bbox 3093 1525 3248 1593; x_wconf 83' lang='grc' dir='ltr'>λόγον</span> <span class='ocrx_word' id='word_1_198' title='bbox 3293 1519 3630 1591; x_wconf 81' lang='grc' dir='ltr'>οἰκονομίαν.</span> 
     </span>
    </p>
   </div>
   <div class='ocr_carea' id='block_1_31' title="bbox 2055 1612 3633 1691">
    <p class='ocr_par' dir='ltr' id='par_1_31' title="bbox 2055 1612 3633 1691">
     <span class='ocr_line' id='line_1_31' title="bbox 2055 1612 3633 1691; baseline -0.009 -15"><span class='ocrx_word' id='word_1_199' title='bbox 2055 1622 2190 1677; x_wconf 77' lang='grc' dir='ltr'>Ούτε</span> <span class='ocrx_word' id='word_1_200' title='bbox 2223 1621 2332 1691; x_wconf 87' lang='grc' dir='ltr'>γὰρ</span> <span class='ocrx_word' id='word_1_201' title='bbox 2361 1622 2762 1691; x_wconf 86' lang='grc' dir='ltr'>ἀσυνηγόρητον</span> <span class='ocrx_word' id='word_1_202' title='bbox 2789 1619 2892 1671; x_wconf 81' lang='grc' dir='ltr'>ἔδει</span> <span class='ocrx_word' id='word_1_203' title='bbox 2927 1617 3227 1688; x_wconf 82' lang='grc' dir='ltr'>παρεθῆναι</span> <span class='ocrx_word' id='word_1_204' title='bbox 3255 1614 3352 1686; x_wconf 81' lang='grc' dir='ltr'>τὴν</span> <span class='ocrx_word' id='word_1_205' title='bbox 3394 1612 3489 1666; x_wconf 81' lang='grc' dir='ltr'>τοῦ</span> <span class='ocrx_word' id='word_1_206' title='bbox 3531 1628 3633 1681; x_wconf 88' lang='grc' dir='ltr'>με-</span> 
     </span>
    </p>
   </div>
   <div class='ocr_carea' id='block_1_32' title="bbox 380 1702 1958 1783">
    <p class='ocr_par' dir='ltr' id='par_1_32' title="bbox 380 1711 1947 1783">
     <span class='ocr_line' id='line_1_32' title="bbox 380 1711 1947 1783; baseline -0.014 0"><span class='ocrx_word' id='word_1_207' title='bbox 380 1721 905 1783; x_wconf 79' lang='lat' dir='ltr'><strong>etexistimationem</strong></span> <span class='ocrx_word' id='word_1_208' title='bbox 930 1717 998 1772; x_wconf 91' lang='lat' dir='ltr'><strong>ab</strong></span> <span class='ocrx_word' id='word_1_209' title='bbox 1011 1715 1325 1771; x_wconf 84' lang='lat' dir='ltr'><strong>adversario</strong></span> <span class='ocrx_word' id='word_1_210' title='bbox 1343 1712 1604 1769; x_wconf 86' lang='lat' dir='ltr'><strong>maledice</strong></span> <span class='ocrx_word' id='word_1_211' title='bbox 1632 1711 1947 1772; x_wconf 84' lang='lat' dir='ltr'><strong>laceratam,</strong></span> 
     </span>
    </p>
   </div>
   <div class='ocr_carea' id='block_1_33' title="bbox 2061 1702 3635 1783">
    <p class='ocr_par' dir='ltr' id='par_1_33' title="bbox 2061 1702 3635 1783">
     <span class='ocr_line' id='line_1_33' title="bbox 2061 1702 3635 1783; baseline -0.009 -16"><span class='ocrx_word' id='word_1_212' title='bbox 2061 1715 2218 1783; x_wconf 88' lang='grc' dir='ltr'>γὰλου</span> <span class='ocrx_word' id='word_1_213' title='bbox 2280 1713 2545 1783; x_wconf 81' lang='grc' dir='ltr'>ὑπόληψιν</span> <span class='ocrx_word' id='word_1_214' title='bbox 2593 1714 2712 1775; x_wconf 80' lang='grc' dir='ltr'>ταῖς</span> <span class='ocrx_word' id='word_1_215' title='bbox 2763 1709 2856 1764; x_wconf 80' lang='grc' dir='ltr'><strong>τοῦ</strong></span> <span class='ocrx_word' id='word_1_216' title='bbox 2918 1707 3189 1763; x_wconf 83' lang='grc' dir='ltr'>ἀντιδίκου</span> <span class='ocrx_word' id='word_1_217' title='bbox 3262 1702 3635 1776; x_wconf 83' lang='grc' dir='ltr'>βλασφημίαις</span> 
     </span>
    </p>
   </div>
   <div class='ocr_carea' id='block_1_34' title="bbox 382 1800 1954 1880">
    <p class='ocr_par' dir='ltr' id='par_1_34' title="bbox 382 1800 1954 1880">
     <span class='ocr_line' id='line_1_34' title="bbox 382 1800 1954 1880; baseline -0.013 -8"><span class='ocrx_word' id='word_1_218' title='bbox 382 1814 720 1872; x_wconf 84' lang='lat' dir='ltr'><strong>indefensam</strong></span> <span class='ocrx_word' id='word_1_219' title='bbox 749 1811 1214 1880; x_wconf 88' lang='lat' dir='ltr'><strong>relinqueremus;</strong></span> <span class='ocrx_word' id='word_1_220' title='bbox 1250 1820 1425 1876; x_wconf 90' lang='lat' dir='ltr'><strong>neque</strong></span> <span class='ocrx_word' id='word_1_221' title='bbox 1451 1811 1511 1858; x_wconf 90' lang='lat' dir='ltr'><strong>ut</strong></span> <span class='ocrx_word' id='word_1_222' title='bbox 1539 1802 1654 1857; x_wconf 61' lang='lat' dir='ltr'><strong>haec</strong></span> <span class='ocrx_word' id='word_1_223' title='bbox 1684 1801 1814 1856; x_wconf 86' lang='lat' dir='ltr'><strong>talia</strong></span> <span class='ocrx_word' id='word_1_224' title='bbox 1841 1800 1954 1854; x_wconf 84' lang='lat' dir='ltr'><strong>dis-</strong></span> 
     </span>
    </p>
   </div>
   <div class='ocr_carea' id='block_1_35' title="bbox 382 1899 1957 1978">
    <p class='ocr_par' dir='ltr' id='par_1_35' title="bbox 382 1899 1957 1978">
     <span class='ocr_line' id='line_1_35' title="bbox 382 1899 1957 1978; baseline -0.011 -17"><span class='ocrx_word' id='word_1_225' title='bbox 382 1904 645 1978; x_wconf 78' lang='lat' dir='ltr'><strong>putationi</strong></span> <span class='ocrx_word' id='word_1_226' title='bbox 707 1900 940 1973; x_wconf 89' lang='lat' dir='ltr'><strong>sparsim</strong></span> <span class='ocrx_word' id='word_1_227' title='bbox 992 1899 1459 1968; x_wconf 78' lang='lat' dir='ltr'><strong>inspergeremus;</strong></span> <span class='ocrx_word' id='word_1_228' title='bbox 1530 1907 1840 1965; x_wconf 89' lang='lat' dir='ltr'><strong>quanquam</strong></span> <span class='ocrx_word' id='word_1_229' title='bbox 1902 1900 1957 1945; x_wconf 90' lang='lat' dir='ltr'><strong>et</strong></span> 
     </span>
    </p>
   </div>
   <div class='ocr_carea' id='block_1_36' title="bbox 370 1986 1951 2064">
    <p class='ocr_par' dir='ltr' id='par_1_36' title="bbox 370 1986 1951 2064">
     <span class='ocr_line' id='line_1_36' title="bbox 370 1986 1951 2064; baseline -0.011 -10"><span class='ocrx_word' id='word_1_230' title='bbox 370 1999 501 2054; x_wconf 79' lang='lat' dir='ltr'><strong>haec</strong></span> <span class='ocrx_word' id='word_1_231' title='bbox 517 2003 773 2052; x_wconf 86' lang='lat' dir='ltr'><strong>accurate</strong></span> <span class='ocrx_word' id='word_1_232' title='bbox 791 1989 1143 2064; x_wconf 88' lang='lat' dir='ltr'><strong>perpendenti</strong></span> <span class='ocrx_word' id='word_1_233' title='bbox 1162 2003 1289 2060; x_wconf 89' lang='lat' dir='ltr'><strong>pars</strong></span> <span class='ocrx_word' id='word_1_234' title='bbox 1313 2003 1504 2059; x_wconf 72' lang='lat' dir='ltr'><strong>pugnae</strong></span> <span class='ocrx_word' id='word_1_235' title='bbox 1526 1986 1696 2041; x_wconf 83' lang='lat' dir='ltr'><strong>videri</strong></span> <span class='ocrx_word' id='word_1_236' title='bbox 1722 1992 1951 2054; x_wconf 89' lang='lat' dir='ltr'><strong>queant:</strong></span> 
     </span>
    </p>
   </div>
   <div class='ocr_carea' id='block_1_37' title="bbox 386 2074 1958 2151">
    <p class='ocr_par' dir='ltr' id='par_1_37' title="bbox 386 2074 1958 2151">
     <span class='ocr_line' id='line_1_37' title="bbox 386 2074 1958 2151; baseline -0.011 -7"><span class='ocrx_word' id='word_1_237' title='bbox 386 2104 512 2144; x_wconf 90' lang='lat' dir='ltr'><strong>cum</strong></span> <span class='ocrx_word' id='word_1_238' title='bbox 566 2086 714 2143; x_wconf 89' lang='lat' dir='ltr'><strong>enim</strong></span> <span class='ocrx_word' id='word_1_239' title='bbox 761 2082 1059 2139; x_wconf 79' lang='lat' dir='ltr'><strong>adversarii</strong></span> <span class='ocrx_word' id='word_1_240' title='bbox 1109 2093 1327 2151; x_wconf 88' lang='lat' dir='ltr'><strong>quoque</strong></span> <span class='ocrx_word' id='word_1_241' title='bbox 1374 2078 1672 2148; x_wconf 88' lang='lat' dir='ltr'><strong>disputatio</strong></span> <span class='ocrx_word' id='word_1_242' title='bbox 1727 2076 1784 2129; x_wconf 89' lang='lat' dir='ltr'><strong>in</strong></span> <span class='ocrx_word' id='word_1_243' title='bbox 1821 2074 1958 2128; x_wconf 90' lang='lat' dir='ltr'><strong>duas</strong></span> 
     </span>
    </p>
   </div>
   <div class='ocr_carea' id='block_1_38' title="bbox 388 2165 1959 2250">
    <p class='ocr_par' dir='ltr' id='par_1_38' title="bbox 388 2165 1959 2250">
     <span class='ocr_line' id='line_1_38' title="bbox 388 2165 1959 2250; baseline -0.01 -17"><span class='ocrx_word' id='word_1_244' title='bbox 388 2185 572 2250; x_wconf 87' lang='lat' dir='ltr'><strong>partes</strong></span> <span class='ocrx_word' id='word_1_245' title='bbox 612 2175 817 2230; x_wconf 87' lang='lat' dir='ltr'><strong>tributa</strong></span> <span class='ocrx_word' id='word_1_246' title='bbox 850 2174 941 2234; x_wconf 88' lang='lat' dir='ltr'><strong>sit.</strong></span> <span class='ocrx_word' id='word_1_247' title='bbox 984 2172 1037 2225; x_wconf 90' lang='lat' dir='ltr'><strong>in</strong></span> <span class='ocrx_word' id='word_1_248' title='bbox 1068 2169 1368 2224; x_wconf 90' lang='lat' dir='ltr'><strong>calumnias</strong></span> <span class='ocrx_word' id='word_1_249' title='bbox 1407 2167 1636 2233; x_wconf 88' lang='lat' dir='ltr'><strong>scilicet,</strong></span> <span class='ocrx_word' id='word_1_250' title='bbox 1672 2176 1725 2221; x_wconf 90' lang='lat' dir='ltr'><strong>et</strong></span> <span class='ocrx_word' id='word_1_251' title='bbox 1773 2165 1825 2218; x_wconf 91' lang='lat' dir='ltr'><strong>in</strong></span> <span class='ocrx_word' id='word_1_252' title='bbox 1859 2165 1959 2219; x_wconf 91' lang='lat' dir='ltr'><strong>do-</strong></span> 
     </span>
    </p>
   </div>
   <div class='ocr_carea' id='block_1_39' title="bbox 388 2261 1963 2332">
    <p class='ocr_par' dir='ltr' id='par_1_39' title="bbox 388 2261 1963 2332">
     <span class='ocr_line' id='line_1_39' title="bbox 388 2261 1963 2332; baseline -0.01 -9"><span class='ocrx_word' id='word_1_253' title='bbox 388 2270 581 2323; x_wconf 75' lang='lat' dir='ltr'><strong>ctrinae</strong></span> <span class='ocrx_word' id='word_1_254' title='bbox 626 2280 774 2322; x_wconf 68' lang='lat' dir='ltr'><strong>sanae</strong></span> <span class='ocrx_word' id='word_1_255' title='bbox 822 2261 1323 2332; x_wconf 82' lang='lat' dir='ltr'><strong>reprehensionem,</strong></span> <span class='ocrx_word' id='word_1_256' title='bbox 1360 2273 1582 2313; x_wconf 88' lang='lat' dir='ltr'><strong>necesse</strong></span> <span class='ocrx_word' id='word_1_257' title='bbox 1632 2264 1749 2311; x_wconf 88' lang='lat' dir='ltr'><strong>erat</strong></span> <span class='ocrx_word' id='word_1_258' title='bbox 1805 2264 1862 2309; x_wconf 89' lang='lat' dir='ltr'><strong>ut</strong></span> <span class='ocrx_word' id='word_1_259' title='bbox 1908 2263 1963 2309; x_wconf 89' lang='lat' dir='ltr'><strong>et</strong></span> 
     </span>
    </p>
   </div>
   <div class='ocr_carea' id='block_1_40' title="bbox 391 2348 1965 2421">
    <p class='ocr_par' dir='ltr' id='par_1_40' title="bbox 391 2348 1965 2421">
     <span class='ocr_line' id='line_1_40' title="bbox 391 2348 1965 2421; baseline -0.009 -7"><span class='ocrx_word' id='word_1_260' title='bbox 391 2375 495 2416; x_wconf 82' lang='lat' dir='ltr'><strong>nos</strong></span> <span class='ocrx_word' id='word_1_261' title='bbox 544 2357 810 2413; x_wconf 83' lang='lat' dir='ltr'><strong>adversus</strong></span> <span class='ocrx_word' id='word_1_262' title='bbox 853 2361 1142 2421; x_wconf 83' lang='lat' dir='ltr'><strong>utramque</strong></span> <span class='ocrx_word' id='word_1_263' title='bbox 1193 2358 1400 2421; x_wconf 88' lang='lat' dir='ltr'><strong>partem</strong></span> <span class='ocrx_word' id='word_1_264' title='bbox 1449 2348 1820 2404; x_wconf 82' lang='lat' dir='ltr'><strong>defensionem</strong></span> <span class='ocrx_word' id='word_1_265' title='bbox 1866 2362 1965 2402; x_wconf 88' lang='lat' dir='ltr'><strong>no-</strong></span> 
     </span>
    </p>
   </div>
   <div class='ocr_carea' id='block_1_41' title="bbox 394 2439 1968 2517">
    <p class='ocr_par' dir='ltr' id='par_1_41' title="bbox 394 2439 1968 2517">
     <span class='ocr_line' id='line_1_41' title="bbox 394 2439 1968 2517; baseline -0.008 -11"><span class='ocrx_word' id='word_1_266' title='bbox 394 2459 563 2506; x_wconf 87' lang='lat' dir='ltr'><strong>stram</strong></span> <span class='ocrx_word' id='word_1_267' title='bbox 609 2447 988 2517; x_wconf 84' lang='lat' dir='ltr'><strong>dirigeremus.</strong></span> <span class='ocrx_word' id='word_1_268' title='bbox 1024 2441 1303 2499; x_wconf 88' lang='lat' dir='ltr'><strong>Claritatis</strong></span> <span class='ocrx_word' id='word_1_269' title='bbox 1354 2455 1516 2510; x_wconf 88' lang='lat' dir='ltr'><strong>porro</strong></span> <span class='ocrx_word' id='word_1_270' title='bbox 1563 2439 1755 2509; x_wconf 83' lang='lat' dir='ltr'><strong>gratia,</strong></span> <span class='ocrx_word' id='word_1_271' title='bbox 1806 2446 1860 2493; x_wconf 90' lang='lat' dir='ltr'><strong>et</strong></span> <span class='ocrx_word' id='word_1_272' title='bbox 1899 2454 1968 2493; x_wconf 86' lang='lat' dir='ltr'><strong>ne</strong></span> 
     </span>
    </p>
   </div>
   <div class='ocr_carea' id='block_1_42' title="bbox 396 2531 1964 2606">
    <p class='ocr_par' dir='ltr' id='par_1_42' title="bbox 396 2531 1964 2606">
     <span class='ocr_line' id='line_1_42' title="bbox 396 2531 1964 2606; baseline -0.008 -8"><span class='ocrx_word' id='word_1_273' title='bbox 396 2542 571 2598; x_wconf 88' lang='lat' dir='ltr'><strong>series</strong></span> <span class='ocrx_word' id='word_1_274' title='bbox 611 2552 823 2603; x_wconf 88' lang='lat' dir='ltr'><strong>eorum,</strong></span> <span class='ocrx_word' id='word_1_275' title='bbox 870 2551 991 2606; x_wconf 66' lang='lat' dir='ltr'><strong>quae</strong></span> <span class='ocrx_word' id='word_1_276' title='bbox 1037 2534 1105 2589; x_wconf 90' lang='lat' dir='ltr'><strong>de</strong></span> <span class='ocrx_word' id='word_1_277' title='bbox 1147 2534 1266 2603; x_wconf 89' lang='lat' dir='ltr'><strong>ipsa</strong></span> <span class='ocrx_word' id='word_1_278' title='bbox 1316 2531 1567 2587; x_wconf 87' lang='lat' dir='ltr'><strong>doctrina</strong></span> <span class='ocrx_word' id='word_1_279' title='bbox 1601 2533 1964 2598; x_wconf 90' lang='lat' dir='ltr'><strong>disseruntur,</strong></span> 
     </span>
    </p>
   </div>
   <div class='ocr_carea' id='block_1_43' title="bbox 394 2624 1968 2697">
    <p class='ocr_par' dir='ltr' id='par_1_43' title="bbox 394 2624 1968 2697">
     <span class='ocr_line' id='line_1_43' title="bbox 394 2624 1968 2697; baseline -0.007 -8"><span class='ocrx_word' id='word_1_280' title='bbox 394 2632 794 2689; x_wconf 77' lang='lat' dir='ltr'><strong>calumniarum</strong></span> <span class='ocrx_word' id='word_1_281' title='bbox 815 2625 1225 2697; x_wconf 80' lang='lat' dir='ltr'><strong>interpositione</strong></span> <span class='ocrx_word' id='word_1_282' title='bbox 1245 2624 1754 2693; x_wconf 87' lang='lat' dir='ltr'><strong>iuterrumperetur,</strong></span> <span class='ocrx_word' id='word_1_283' title='bbox 1778 2638 1968 2679; x_wconf 79' lang='lat' dir='ltr'><strong>ncces-</strong></span> 
     </span>
    </p>
   </div>
   <div class='ocr_carea' id='block_1_44' title="bbox 399 2714 1971 2790">
    <p class='ocr_par' dir='ltr' id='par_1_44' title="bbox 399 2714 1971 2790">
     <span class='ocr_line' id='line_1_44' title="bbox 399 2714 1971 2790; baseline -0.008 -10"><span class='ocrx_word' id='word_1_284' title='bbox 399 2724 548 2781; x_wconf 81' lang='lat' dir='ltr'><strong>sario</strong></span> <span class='ocrx_word' id='word_1_285' title='bbox 575 2723 632 2777; x_wconf 91' lang='lat' dir='ltr'><strong>in</strong></span> <span class='ocrx_word' id='word_1_286' title='bbox 661 2720 800 2775; x_wconf 91' lang='lat' dir='ltr'><strong>duas</strong></span> <span class='ocrx_word' id='word_1_287' title='bbox 828 2729 1009 2790; x_wconf 90' lang='lat' dir='ltr'><strong>partes</strong></span> <span class='ocrx_word' id='word_1_288' title='bbox 1038 2732 1177 2787; x_wconf 91' lang='lat' dir='ltr'><strong>opus</strong></span> <span class='ocrx_word' id='word_1_289' title='bbox 1207 2715 1619 2772; x_wconf 89' lang='lat' dir='ltr'><strong>distribuimus:</strong></span> <span class='ocrx_word' id='word_1_290' title='bbox 1664 2714 1819 2769; x_wconf 91' lang='lat' dir='ltr'><strong>initio</strong></span> <span class='ocrx_word' id='word_1_291' title='bbox 1846 2715 1971 2783; x_wconf 89' lang='lat' dir='ltr'><strong>qui-</strong></span> 
     </span>
    </p>
   </div>
   <div class='ocr_carea' id='block_1_45' title="bbox 397 2806 1974 2882">
    <p class='ocr_par' dir='ltr' id='par_1_45' title="bbox 397 2806 1974 2882">
     <span class='ocr_line' id='line_1_45' title="bbox 397 2806 1974 2882; baseline -0.006 -13"><span class='ocrx_word' id='word_1_292' title='bbox 397 2816 524 2870; x_wconf 91' lang='lat' dir='ltr'><strong>dem</strong></span> <span class='ocrx_word' id='word_1_293' title='bbox 573 2814 641 2868; x_wconf 86' lang='lat' dir='ltr'><strong>iis</strong></span> <span class='ocrx_word' id='word_1_294' title='bbox 692 2826 813 2882; x_wconf 66' lang='lat' dir='ltr'><strong>quae</strong></span> <span class='ocrx_word' id='word_1_295' title='bbox 851 2810 1010 2867; x_wconf 86' lang='lat' dir='ltr'><strong>nobis</strong></span> <span class='ocrx_word' id='word_1_296' title='bbox 1053 2808 1388 2878; x_wconf 83' lang='lat' dir='ltr'><strong>objiciuntur</strong></span> <span class='ocrx_word' id='word_1_297' title='bbox 1430 2806 1773 2861; x_wconf 89' lang='lat' dir='ltr'><strong>contumeliis</strong></span> <span class='ocrx_word' id='word_1_298' title='bbox 1823 2820 1974 2860; x_wconf 88' lang='lat' dir='ltr'><strong>amo-</strong></span> 
     </span>
    </p>
   </div>
   <div class='ocr_carea' id='block_1_46' title="bbox 399 2896 1974 2973">
    <p class='ocr_par' dir='ltr' id='par_1_46' title="bbox 399 2896 1974 2973">
     <span class='ocr_line' id='line_1_46' title="bbox 399 2896 1974 2973; baseline -0.004 -14"><span class='ocrx_word' id='word_1_299' title='bbox 399 2903 615 2969; x_wconf 88' lang='lat' dir='ltr'><strong>liendis,</strong></span> <span class='ocrx_word' id='word_1_300' title='bbox 659 2910 849 2973; x_wconf 88' lang='lat' dir='ltr'><strong>postea</strong></span> <span class='ocrx_word' id='word_1_301' title='bbox 897 2899 1201 2956; x_wconf 78' lang='lat' dir='ltr'><strong>defensioni</strong></span> <span class='ocrx_word' id='word_1_302' title='bbox 1247 2898 1518 2969; x_wconf 82' lang='lat' dir='ltr'><strong>dogmatis</strong></span> <span class='ocrx_word' id='word_1_303' title='bbox 1559 2896 1847 2953; x_wconf 80' lang='lat' dir='ltr'><strong>orthodoxi</strong></span> <span class='ocrx_word' id='word_1_304' title='bbox 1876 2913 1974 2967; x_wconf 89' lang='lat' dir='ltr'><strong>pro</strong></span> 
     </span>
    </p>
   </div>
   <div class='ocr_carea' id='block_1_47' title="bbox 402 2988 1975 3060">
    <p class='ocr_par' dir='ltr' id='par_1_47' title="bbox 402 2988 1975 3060">
     <span class='ocr_line' id='line_1_47' title="bbox 402 2988 1975 3060; baseline -0.003 -13"><span class='ocrx_word' id='word_1_305' title='bbox 402 2994 612 3051; x_wconf 85' lang='lat' dir='ltr'><strong>viribus</strong></span> <span class='ocrx_word' id='word_1_306' title='bbox 641 2993 856 3049; x_wconf 89' lang='lat' dir='ltr'><strong>intenti.</strong></span> <span class='ocrx_word' id='word_1_307' title='bbox 885 2991 1140 3047; x_wconf 87' lang='lat' dir='ltr'><strong>Continet</strong></span> <span class='ocrx_word' id='word_1_308' title='bbox 1169 3006 1298 3047; x_wconf 85' lang='lat' dir='ltr'><strong>vero</strong></span> <span class='ocrx_word' id='word_1_309' title='bbox 1342 2989 1639 3060; x_wconf 87' lang='lat' dir='ltr'><strong>disputatio</strong></span> <span class='ocrx_word' id='word_1_310' title='bbox 1672 3004 1780 3043; x_wconf 91' lang='lat' dir='ltr'><strong>non</strong></span> <span class='ocrx_word' id='word_1_311' title='bbox 1812 2988 1975 3043; x_wconf 87' lang='lat' dir='ltr'><strong>modo</strong></span> 
     </span>
    </p>
   </div>
   <div class='ocr_carea' id='block_1_48' title="bbox 406 3078 1976 3153">
    <p class='ocr_par' dir='ltr' id='par_1_48' title="bbox 406 3078 1976 3153">
     <span class='ocr_line' id='line_1_48' title="bbox 406 3078 1976 3153; baseline -0.003 -16"><span class='ocrx_word' id='word_1_312' title='bbox 406 3082 676 3137; x_wconf 60' lang='lat' dir='ltr'><strong>haeretica:</strong></span> <span class='ocrx_word' id='word_1_313' title='bbox 699 3081 982 3153; x_wconf 85' lang='lat' dir='ltr'><strong>pravitatis</strong></span> <span class='ocrx_word' id='word_1_314' title='bbox 1015 3080 1377 3144; x_wconf 87' lang='lat' dir='ltr'><strong>eversionem,</strong></span> <span class='ocrx_word' id='word_1_315' title='bbox 1408 3093 1594 3134; x_wconf 84' lang='lat' dir='ltr'><strong>verum</strong></span> <span class='ocrx_word' id='word_1_316' title='bbox 1629 3078 1791 3131; x_wconf 88' lang='lat' dir='ltr'><strong>etiam</strong></span> <span class='ocrx_word' id='word_1_317' title='bbox 1820 3078 1976 3135; x_wconf 89' lang='lat' dir='ltr'><strong>insti-</strong></span> 
     </span>
    </p>
   </div>
   <div class='ocr_carea' id='block_1_49' title="bbox 406 3166 1974 3242">
    <p class='ocr_par' dir='ltr' id='par_1_49' title="bbox 406 3166 1974 3242">
     <span class='ocr_line' id='line_1_49' title="bbox 406 3166 1974 3242; baseline -0.003 -16"><span class='ocrx_word' id='word_1_318' title='bbox 406 3173 673 3228; x_wconf 89' lang='lat' dir='ltr'><strong>tutionem</strong></span> <span class='ocrx_word' id='word_1_319' title='bbox 717 3181 770 3228; x_wconf 90' lang='lat' dir='ltr'><strong>et</strong></span> <span class='ocrx_word' id='word_1_320' title='bbox 819 3171 1231 3242; x_wconf 78' lang='lat' dir='ltr'><strong>explicationem</strong></span> <span class='ocrx_word' id='word_1_321' title='bbox 1276 3177 1591 3224; x_wconf 88' lang='lat' dir='ltr'><strong>nostrorum</strong></span> <span class='ocrx_word' id='word_1_322' title='bbox 1637 3166 1974 3237; x_wconf 84' lang='lat' dir='ltr'><strong>dogmatum.</strong></span> 
     </span>
    </p>
   </div>
   <div class='ocr_carea' id='block_1_50' title="bbox 406 3259 1977 3336">
    <p class='ocr_par' dir='ltr' id='par_1_50' title="bbox 406 3259 1977 3336">
     <span class='ocr_line' id='line_1_50' title="bbox 406 3259 1977 3336; baseline -0.004 -17"><span class='ocrx_word' id='word_1_323' title='bbox 406 3264 591 3336; x_wconf 81' lang='lat' dir='ltr'><strong>Turpe</strong></span> <span class='ocrx_word' id='word_1_324' title='bbox 636 3264 779 3320; x_wconf 89' lang='lat' dir='ltr'><strong>enim</strong></span> <span class='ocrx_word' id='word_1_325' title='bbox 812 3271 866 3318; x_wconf 92' lang='lat' dir='ltr'><strong>et</strong></span> <span class='ocrx_word' id='word_1_326' title='bbox 903 3277 1173 3334; x_wconf 85' lang='lat' dir='ltr'><strong>generoso</strong></span> <span class='ocrx_word' id='word_1_327' title='bbox 1211 3260 1393 3314; x_wconf 90' lang='lat' dir='ltr'><strong>animo</strong></span> <span class='ocrx_word' id='word_1_328' title='bbox 1423 3273 1653 3328; x_wconf 88' lang='lat' dir='ltr'><strong>prorsus</strong></span> <span class='ocrx_word' id='word_1_329' title='bbox 1696 3259 1977 3329; x_wconf 81' lang='lat' dir='ltr'><strong>indignum</strong></span> 
     </span>
    </p>
   </div>
   <div class='ocr_carea' id='block_1_51' title="bbox 409 3349 1979 3421">
    <p class='ocr_par' dir='ltr' id='par_1_51' title="bbox 409 3349 1979 3421">
     <span class='ocr_line' id='line_1_51' title="bbox 409 3349 1979 3421; baseline -0.004 -11"><span class='ocrx_word' id='word_1_330' title='bbox 409 3355 659 3411; x_wconf 79' lang='lat' dir='ltr'><strong>arbitrati</strong></span> <span class='ocrx_word' id='word_1_331' title='bbox 718 3369 929 3421; x_wconf 85' lang='lat' dir='ltr'><strong>sumus,</strong></span> <span class='ocrx_word' id='word_1_332' title='bbox 977 3369 1100 3408; x_wconf 88' lang='lat' dir='ltr'><strong>cum</strong></span> <span class='ocrx_word' id='word_1_333' title='bbox 1152 3354 1340 3406; x_wconf 86' lang='lat' dir='ltr'><strong>hostes</strong></span> <span class='ocrx_word' id='word_1_334' title='bbox 1389 3364 1546 3404; x_wconf 89' lang='lat' dir='ltr'><strong>suam</strong></span> <span class='ocrx_word' id='word_1_335' title='bbox 1588 3349 1979 3405; x_wconf 85' lang='lat' dir='ltr'><strong>absurditatem</strong></span> 
     </span>
    </p>
   </div>
   <div class='ocr_carea' id='block_1_52' title="bbox 412 3441 1982 3513">
    <p class='ocr_par' dir='ltr' id='par_1_52' title="bbox 412 3441 1982 3513">
     <span class='ocr_line' id='line_1_52' title="bbox 412 3441 1982 3513; baseline -0.003 -11"><span class='ocrx_word' id='word_1_336' title='bbox 412 3463 524 3502; x_wconf 84' lang='lat' dir='ltr'><strong>non</strong></span> <span class='ocrx_word' id='word_1_337' title='bbox 569 3448 869 3513; x_wconf 87' lang='lat' dir='ltr'><strong>occultent,</strong></span> <span class='ocrx_word' id='word_1_338' title='bbox 911 3462 1011 3501; x_wconf 82' lang='lat' dir='ltr'><strong>nos</strong></span> <span class='ocrx_word' id='word_1_339' title='bbox 1063 3444 1346 3500; x_wconf 71' lang='lat' dir='ltr'><strong>veritatem</strong></span> <span class='ocrx_word' id='word_1_340' title='bbox 1385 3441 1661 3497; x_wconf 87' lang='lat' dir='ltr'><strong>liberrime</strong></span> <span class='ocrx_word' id='word_1_341' title='bbox 1699 3457 1807 3497; x_wconf 90' lang='lat' dir='ltr'><strong>non</strong></span> <span class='ocrx_word' id='word_1_342' title='bbox 1857 3454 1982 3513; x_wconf 84' lang='lat' dir='ltr'><strong>pro-</strong></span> 
     </span>
    </p>
   </div>
   <div class='ocr_carea' id='block_1_53' title="bbox 416 3538 573 3593">
    <p class='ocr_par' dir='ltr' id='par_1_53' title="bbox 416 3538 573 3593">
     <span class='ocr_line' id='line_1_53' title="bbox 416 3538 573 3593; baseline -0.006 0"><span class='ocrx_word' id='word_1_343' title='bbox 416 3538 573 3593; x_wconf 80' lang='lat' dir='ltr'><strong>literi.</strong></span> 
     </span>
    </p>
   </div>
   <div class='ocr_carea' id='block_1_54' title="bbox 2058 1791 3631 1874">
    <p class='ocr_par' dir='ltr' id='par_1_54' title="bbox 2058 1791 3631 1874">
     <span class='ocr_line' id='line_1_54' title="bbox 2058 1791 3631 1874; baseline -0.01 -16"><span class='ocrx_word' id='word_1_344' title='bbox 2058 1802 2532 1874; x_wconf 89' lang='grc' dir='ltr'>σπαρασσομένην,</span> <span class='ocrx_word' id='word_1_345' title='bbox 2563 1800 2687 1854; x_wconf 74' lang='grc' dir='ltr'>οὔτε</span> <span class='ocrx_word' id='word_1_346' title='bbox 2722 1801 2898 1871; x_wconf 86' lang='grc' dir='ltr'>πάντη</span> <span class='ocrx_word' id='word_1_347' title='bbox 2934 1796 3324 1867; x_wconf 86' lang='grc' dir='ltr'>καταμιγνύειν</span> <span class='ocrx_word' id='word_1_348' title='bbox 3361 1791 3631 1864; x_wconf 81' lang='grc' dir='ltr'>τῷλόγῳ,</span> 
     </span>
    </p>
   </div>
   <div class='ocr_carea' id='block_1_55' title="bbox 2057 1884 3632 1967">
    <p class='ocr_par' dir='ltr' id='par_1_55' title="bbox 2057 1884 3632 1967">
     <span class='ocr_line' id='line_1_55' title="bbox 2057 1884 3632 1967; baseline -0.009 -18"><span class='ocrx_word' id='word_1_349' title='bbox 2057 1895 2331 1967; x_wconf 86' lang='grc' dir='ltr'>σποράδην</span> <span class='ocrx_word' id='word_1_350' title='bbox 2366 1894 2757 1965; x_wconf 86' lang='grc' dir='ltr'>παρενείροντα</span> <span class='ocrx_word' id='word_1_351' title='bbox 2778 1892 2876 1963; x_wconf 83' lang='grc' dir='ltr'>τὴν</span> <span class='ocrx_word' id='word_1_352' title='bbox 2904 1893 3029 1965; x_wconf 80' lang='grc' dir='ltr'>περὶ</span> <span class='ocrx_word' id='word_1_353' title='bbox 3066 1889 3255 1943; x_wconf 86' lang='grc' dir='ltr'>τούτου</span> <span class='ocrx_word' id='word_1_354' title='bbox 3290 1887 3489 1958; x_wconf 71' lang='grc' dir='ltr'>μάχην*</span> <span class='ocrx_word' id='word_1_355' title='bbox 3531 1884 3632 1937; x_wconf 75' lang='grc' dir='ltr'><strong>ἄλο</strong></span> 
     </span>
    </p>
   </div>
   <div class='ocr_carea' id='block_1_56' title="bbox 2057 1975 3630 2057">
    <p class='ocr_par' dir='ltr' id='par_1_56' title="bbox 2057 1975 3630 2057">
     <span class='ocr_line' id='line_1_56' title="bbox 2057 1975 3630 2057; baseline -0.008 -19"><span class='ocrx_word' id='word_1_356' title='bbox 2057 1988 2161 2050; x_wconf 87' lang='grc' dir='ltr'><strong>λως</strong></span> <span class='ocrx_word' id='word_1_357' title='bbox 2190 2002 2249 2038; x_wconf 90' lang='grc' dir='ltr'><strong>τε</strong></span> <span class='ocrx_word' id='word_1_358' title='bbox 2280 1985 2358 2055; x_wconf 80' lang='grc' dir='ltr'>τῷ</span> <span class='ocrx_word' id='word_1_359' title='bbox 2385 1983 2624 2057; x_wconf 81' lang='grc' dir='ltr'>ἀκριϐῶς</span> <span class='ocrx_word' id='word_1_360' title='bbox 2659 1983 2992 2053; x_wconf 77' lang='grc' dir='ltr'>λογιζομένῳ</span> <span class='ocrx_word' id='word_1_361' title='bbox 3026 1980 3122 2034; x_wconf 68' lang='grc' dir='ltr'><strong>καὶ</strong></span> <span class='ocrx_word' id='word_1_362' title='bbox 3170 1979 3343 2032; x_wconf 77' lang='grc' dir='ltr'>ταῦτα</span> <span class='ocrx_word' id='word_1_363' title='bbox 3376 1977 3445 2029; x_wconf 83' lang='grc' dir='ltr'><strong>τά</strong></span> <span class='ocrx_word' id='word_1_364' title='bbox 3489 1975 3630 2045; x_wconf 88' lang='grc' dir='ltr'>μέρη</span> 
     </span>
    </p>
   </div>
   <div class='ocr_carea' id='block_1_57' title="bbox 2058 2065 3638 2145">
    <p class='ocr_par' dir='ltr' id='par_1_57' title="bbox 2058 2065 3638 2145">
     <span class='ocr_line' id='line_1_57' title="bbox 2058 2065 3638 2145; baseline -0.009 -16"><span class='ocrx_word' id='word_1_365' title='bbox 2058 2076 2165 2129; x_wconf 85' lang='grc' dir='ltr'><strong>τῶν</strong></span> <span class='ocrx_word' id='word_1_366' title='bbox 2186 2074 2410 2144; x_wconf 85' lang='grc' dir='ltr'>ἀγώνων</span> <span class='ocrx_word' id='word_1_367' title='bbox 2460 2074 2605 2128; x_wconf 77' lang='grc' dir='ltr'>ἐστίν</span> <span class='ocrx_word' id='word_1_368' title='bbox 2635 2089 2652 2106; x_wconf 74' lang='grc' dir='ltr'><strong>ο</strong></span> <span class='ocrx_word' id='word_1_369' title='bbox 2685 2073 2869 2145; x_wconf 79' lang='grc' dir='ltr'>ἐπειδὴ</span> <span class='ocrx_word' id='word_1_370' title='bbox 2892 2072 2999 2141; x_wconf 84' lang='grc' dir='ltr'><strong>γάρ</strong></span> <span class='ocrx_word' id='word_1_371' title='bbox 3036 2073 3115 2133; x_wconf 84' lang='grc' dir='ltr'><strong>είς</strong></span> <span class='ocrx_word' id='word_1_372' title='bbox 3133 2070 3224 2123; x_wconf 85' lang='grc' dir='ltr'><strong>δύο</strong></span> <span class='ocrx_word' id='word_1_373' title='bbox 3264 2068 3497 2129; x_wconf 72' lang='grc' dir='ltr'>σκοποὺς</span> <span class='ocrx_word' id='word_1_374' title='bbox 3540 2065 3638 2117; x_wconf 72' lang='grc' dir='ltr'><strong>καὶ</strong></span> 
     </span>
    </p>
   </div>
   <div class='ocr_carea' id='block_1_58' title="bbox 2060 2154 3645 2235">
    <p class='ocr_par' dir='ltr' id='par_1_58' title="bbox 2060 2154 3645 2235">
     <span class='ocr_line' id='line_1_58' title="bbox 2060 2154 3645 2235; baseline -0.009 -13"><span class='ocrx_word' id='word_1_375' title='bbox 2060 2172 2089 2223; x_wconf 88' lang='grc' dir='ltr'>ὁ</span> <span class='ocrx_word' id='word_1_376' title='bbox 2117 2168 2211 2222; x_wconf 79' lang='grc' dir='ltr'>τοῦ</span> <span class='ocrx_word' id='word_1_377' title='bbox 2242 2166 2484 2221; x_wconf 76' lang='grc' dir='ltr'>ἐναντίου</span> <span class='ocrx_word' id='word_1_378' title='bbox 2529 2166 2684 2235; x_wconf 81' lang='grc' dir='ltr'>λόγος</span> <span class='ocrx_word' id='word_1_379' title='bbox 2749 2165 3094 2235; x_wconf 87' lang='grc' dir='ltr'>μεμέρισται,</span> <span class='ocrx_word' id='word_1_380' title='bbox 3145 2162 3224 2225; x_wconf 87' lang='grc' dir='ltr'><strong>εἴς</strong></span> <span class='ocrx_word' id='word_1_381' title='bbox 3267 2177 3324 2212; x_wconf 91' lang='grc' dir='ltr'><strong>τε</strong></span> <span class='ocrx_word' id='word_1_382' title='bbox 3365 2157 3463 2220; x_wconf 81' lang='grc' dir='ltr'>τὰς</span> <span class='ocrx_word' id='word_1_383' title='bbox 3506 2154 3645 2209; x_wconf 82' lang='grc' dir='ltr'>καθ’</span> 
     </span>
    </p>
   </div>
   <div class='ocr_carea' id='block_1_59' title="bbox 2062 2248 3647 2330">
    <p class='ocr_par' dir='ltr' id='par_1_59' title="bbox 2062 2248 3647 2330">
     <span class='ocr_line' id='line_1_59' title="bbox 2062 2248 3647 2330; baseline -0.008 -19"><span class='ocrx_word' id='word_1_384' title='bbox 2062 2262 2094 2330; x_wconf 78' lang='grc' dir='ltr'>ἡ</span> <span class='ocrx_word' id='word_1_385' title='bbox 2105 2259 2220 2330; x_wconf 84' lang='grc' dir='ltr'><strong>μῶν</strong></span> <span class='ocrx_word' id='word_1_386' title='bbox 2242 2257 2510 2320; x_wconf 80' lang='grc' dir='ltr'>διαϐολὰς,</span> <span class='ocrx_word' id='word_1_387' title='bbox 2542 2258 2633 2310; x_wconf 78' lang='grc' dir='ltr'>καὶ</span> <span class='ocrx_word' id='word_1_388' title='bbox 2658 2259 2736 2320; x_wconf 80' lang='grc' dir='ltr'>εἰς</span> <span class='ocrx_word' id='word_1_389' title='bbox 2766 2256 2860 2328; x_wconf 82' lang='grc' dir='ltr'>τὴν</span> <span class='ocrx_word' id='word_1_390' title='bbox 2900 2254 3231 2325; x_wconf 86' lang='grc' dir='ltr'>κατηγορίαν</span> <span class='ocrx_word' id='word_1_391' title='bbox 3254 2251 3347 2305; x_wconf 73' lang='grc' dir='ltr'>τοῦ</span> <span class='ocrx_word' id='word_1_392' title='bbox 3380 2248 3647 2317; x_wconf 78' lang='grc' dir='ltr'>ὑγιαίνον-</span> 
     </span>
    </p>
   </div>
   <div class='ocr_carea' id='block_1_60' title="bbox 2062 2339 3645 2418">
    <p class='ocr_par' dir='ltr' id='par_1_60' title="bbox 2062 2339 3645 2418">
     <span class='ocr_line' id='line_1_60' title="bbox 2062 2339 3645 2418; baseline -0.009 -15"><span class='ocrx_word' id='word_1_393' title='bbox 2062 2367 2154 2412; x_wconf 86' lang='grc' dir='ltr'><strong>τος</strong></span> <span class='ocrx_word' id='word_1_394' title='bbox 2177 2348 2465 2418; x_wconf 87' lang='grc' dir='ltr'>δόγματος,</span> <span class='ocrx_word' id='word_1_395' title='bbox 2506 2346 2614 2399; x_wconf 78' lang='grc' dir='ltr'>ἔδει</span> <span class='ocrx_word' id='word_1_396' title='bbox 2656 2346 2790 2418; x_wconf 79' lang='grc' dir='ltr'>πρὸς</span> <span class='ocrx_word' id='word_1_397' title='bbox 2831 2341 3066 2415; x_wconf 78' lang='grc' dir='ltr'>ἑκάτερα</span> <span class='ocrx_word' id='word_1_398' title='bbox 3116 2344 3208 2397; x_wconf 71' lang='grc' dir='ltr'><strong>καὶ</strong></span> <span class='ocrx_word' id='word_1_399' title='bbox 3244 2344 3336 2396; x_wconf 84' lang='grc' dir='ltr'><strong>τὸν</strong></span> <span class='ocrx_word' id='word_1_400' title='bbox 3375 2339 3645 2410; x_wconf 75' lang='grc' dir='ltr'>ἡμέτερον</span> 
     </span>
    </p>
   </div>
   <div class='ocr_carea' id='block_1_61' title="bbox 2068 2428 3644 2509">
    <p class='ocr_par' dir='ltr' id='par_1_61' title="bbox 2068 2428 3644 2509">
     <span class='ocr_line' id='line_1_61' title="bbox 2068 2428 3644 2509; baseline -0.008 -17"><span class='ocrx_word' id='word_1_401' title='bbox 2068 2439 2453 2509; x_wconf 78' lang='grc' dir='ltr'>ἀντιταχθῆναι</span> <span class='ocrx_word' id='word_1_402' title='bbox 2488 2438 2662 2505; x_wconf 81' lang='grc' dir='ltr'>λόγον.</span> <span class='ocrx_word' id='word_1_403' title='bbox 2696 2436 2997 2505; x_wconf 83' lang='grc' dir='ltr'>Σαφηνείας</span> <span class='ocrx_word' id='word_1_404' title='bbox 3021 2435 3077 2487; x_wconf 78' lang='grc' dir='ltr'>δὲ</span> <span class='ocrx_word' id='word_1_405' title='bbox 3105 2435 3283 2505; x_wconf 86' lang='grc' dir='ltr'>χάριν,</span> <span class='ocrx_word' id='word_1_406' title='bbox 3313 2432 3407 2484; x_wconf 77' lang='grc' dir='ltr'><strong>καὶ</strong></span> <span class='ocrx_word' id='word_1_407' title='bbox 3435 2429 3526 2483; x_wconf 79' lang='grc' dir='ltr'>τοῦ</span> <span class='ocrx_word' id='word_1_408' title='bbox 3566 2428 3644 2498; x_wconf 81' lang='grc' dir='ltr'>μὴ</span> 
     </span>
    </p>
   </div>
   <div class='ocr_carea' id='block_1_62' title="bbox 2068 2520 3646 2600">
    <p class='ocr_par' dir='ltr' id='par_1_62' title="bbox 2068 2520 3646 2600">
     <span class='ocr_line' id='line_1_62' title="bbox 2068 2520 3646 2600; baseline -0.009 -16"><span class='ocrx_word' id='word_1_409' title='bbox 2068 2531 2388 2600; x_wconf 81' lang='grc' dir='ltr'>διακοπῆναι</span> <span class='ocrx_word' id='word_1_410' title='bbox 2410 2528 2503 2581; x_wconf 75' lang='grc' dir='ltr'>τὸν</span> <span class='ocrx_word' id='word_1_411' title='bbox 2527 2528 2713 2598; x_wconf 76' lang='grc' dir='ltr'>εἱρμὸν</span> <span class='ocrx_word' id='word_1_412' title='bbox 2736 2527 2844 2580; x_wconf 84' lang='grc' dir='ltr'><strong>τῶν</strong></span> <span class='ocrx_word' id='word_1_413' title='bbox 2865 2528 3005 2581; x_wconf 85' lang='grc' dir='ltr'>κατὰ</span> <span class='ocrx_word' id='word_1_414' title='bbox 3050 2526 3110 2578; x_wconf 84' lang='grc' dir='ltr'><strong>τὸ</strong></span> <span class='ocrx_word' id='word_1_415' title='bbox 3158 2526 3332 2595; x_wconf 90' lang='grc' dir='ltr'>δόγμα</span> <span class='ocrx_word' id='word_1_416' title='bbox 3377 2520 3646 2591; x_wconf 80' lang='grc' dir='ltr'>ζητουμέ-</span> 
     </span>
    </p>
   </div>
   <div class='ocr_carea' id='block_1_63' title="bbox 2070 2610 3650 2690">
    <p class='ocr_par' dir='ltr' id='par_1_63' title="bbox 2070 2610 3650 2690">
     <span class='ocr_line' id='line_1_63' title="bbox 2070 2610 3650 2690; baseline -0.009 -15"><span class='ocrx_word' id='word_1_417' title='bbox 2070 2638 2196 2683; x_wconf 86' lang='grc' dir='ltr'>νων,</span> <span class='ocrx_word' id='word_1_418' title='bbox 2235 2623 2354 2682; x_wconf 81' lang='grc' dir='ltr'><strong>ταῖς</strong></span> <span class='ocrx_word' id='word_1_419' title='bbox 2400 2618 2766 2690; x_wconf 80' lang='grc' dir='ltr'>παρενθήκαις</span> <span class='ocrx_word' id='word_1_420' title='bbox 2805 2619 2913 2671; x_wconf 84' lang='grc' dir='ltr'><strong>τῶν</strong></span> <span class='ocrx_word' id='word_1_421' title='bbox 2957 2618 3093 2688; x_wconf 79' lang='grc' dir='ltr'>πρὸς</span> <span class='ocrx_word' id='word_1_422' title='bbox 3140 2616 3239 2679; x_wconf 80' lang='grc' dir='ltr'><strong>τὰς</strong></span> <span class='ocrx_word' id='word_1_423' title='bbox 3292 2615 3432 2683; x_wconf 86' lang='grc' dir='ltr'>παρ’</span> <span class='ocrx_word' id='word_1_424' title='bbox 3482 2610 3650 2664; x_wconf 80' lang='grc' dir='ltr'>αὑτοῦ</span> 
     </span>
    </p>
   </div>
   <div class='ocr_carea' id='block_1_64' title="bbox 2072 2705 3651 2779">
    <p class='ocr_par' dir='ltr' id='par_1_64' title="bbox 2072 2705 3651 2779">
     <span class='ocr_line' id='line_1_64' title="bbox 2072 2705 3651 2779; baseline -0.008 -13"><span class='ocrx_word' id='word_1_425' title='bbox 2072 2710 2319 2773; x_wconf 77' lang='grc' dir='ltr'>διαϐολάς</span> <span class='ocrx_word' id='word_1_426' title='bbox 2348 2709 2677 2779; x_wconf 85' lang='grc' dir='ltr'>λεγομένων,</span> <span class='ocrx_word' id='word_1_427' title='bbox 2704 2710 3015 2778; x_wconf 81' lang='grc' dir='ltr'>ἀναγκαίως</span> <span class='ocrx_word' id='word_1_428' title='bbox 3043 2711 3123 2772; x_wconf 72' lang='grc' dir='ltr'>εἰς</span> <span class='ocrx_word' id='word_1_429' title='bbox 3139 2708 3229 2760; x_wconf 90' lang='grc' dir='ltr'><strong>δύο</strong></span> <span class='ocrx_word' id='word_1_430' title='bbox 3256 2706 3522 2777; x_wconf 87' lang='grc' dir='ltr'>ταμόντες</span> <span class='ocrx_word' id='word_1_431' title='bbox 3547 2705 3651 2771; x_wconf 78' lang='grc' dir='ltr'>τὴν</span> 
     </span>
    </p>
   </div>
   <div class='ocr_carea' id='block_1_65' title="bbox 2074 2795 3655 2875">
    <p class='ocr_par' dir='ltr' id='par_1_65' title="bbox 2074 2795 3655 2875">
     <span class='ocr_line' id='line_1_65' title="bbox 2074 2795 3655 2875; baseline -0.006 -19"><span class='ocrx_word' id='word_1_432' title='bbox 2074 2802 2454 2875; x_wconf 86' lang='grc' dir='ltr'>πραγματείαν</span> <span class='ocrx_word' id='word_1_433' title='bbox 2483 2817 2495 2831; x_wconf 89' lang='grc'><strong>·</strong></span> <span class='ocrx_word' id='word_1_434' title='bbox 2526 2803 2647 2854; x_wconf 87' lang='grc' dir='ltr'>κατ’</span> <span class='ocrx_word' id='word_1_435' title='bbox 2691 2802 2865 2872; x_wconf 84' lang='grc' dir='ltr'>ἀρχὰς</span> <span class='ocrx_word' id='word_1_436' title='bbox 2898 2800 2992 2870; x_wconf 73' lang='grc' dir='ltr'><strong>μὲν</strong></span> <span class='ocrx_word' id='word_1_437' title='bbox 3038 2801 3166 2871; x_wconf 74' lang='grc' dir='ltr'>περὶ</span> <span class='ocrx_word' id='word_1_438' title='bbox 3209 2800 3306 2869; x_wconf 82' lang='grc' dir='ltr'>τὴν</span> <span class='ocrx_word' id='word_1_439' title='bbox 3354 2795 3655 2863; x_wconf 83' lang='grc' dir='ltr'>ἀπολογίαν</span> 
     </span>
    </p>
   </div>
   <div class='ocr_carea' id='block_1_66' title="bbox 2076 2887 3658 2964">
    <p class='ocr_par' dir='ltr' id='par_1_66' title="bbox 2076 2887 3658 2964">
     <span class='ocr_line' id='line_1_66' title="bbox 2076 2887 3658 2964; baseline -0.005 -17"><span class='ocrx_word' id='word_1_440' title='bbox 2076 2894 2183 2948; x_wconf 85' lang='grc' dir='ltr'>τῶν</span> <span class='ocrx_word' id='word_1_441' title='bbox 2248 2893 2658 2964; x_wconf 81' lang='grc' dir='ltr'>ἐπιφερομένων</span> <span class='ocrx_word' id='word_1_442' title='bbox 2683 2894 2810 2963; x_wconf 80' lang='grc' dir='ltr'>ἡμῖν</span> <span class='ocrx_word' id='word_1_443' title='bbox 2851 2893 3249 2963; x_wconf 83' lang='grc' dir='ltr'>ὴσχολήθημεν,</span> <span class='ocrx_word' id='word_1_444' title='bbox 3299 2890 3438 2960; x_wconf 82' lang='grc' dir='ltr'>μετά</span> <span class='ocrx_word' id='word_1_445' title='bbox 3481 2887 3658 2940; x_wconf 77' lang='grc' dir='ltr'>ταῦτα</span> 
     </span>
    </p>
   </div>
   <div class='ocr_carea' id='block_1_67' title="bbox 2078 2979 3660 3053">
    <p class='ocr_par' dir='ltr' id='par_1_67' title="bbox 2078 2979 3660 3053">
     <span class='ocr_line' id='line_1_67' title="bbox 2078 2979 3660 3053; baseline -0.004 -15"><span class='ocrx_word' id='word_1_446' title='bbox 2078 2985 2135 3038; x_wconf 80' lang='grc' dir='ltr'>δὲ</span> <span class='ocrx_word' id='word_1_447' title='bbox 2160 2986 2270 3049; x_wconf 88' lang='grc' dir='ltr'>τοῖς</span> <span class='ocrx_word' id='word_1_448' title='bbox 2296 2985 2435 3038; x_wconf 84' lang='grc' dir='ltr'>κατὰ</span> <span class='ocrx_word' id='word_1_449' title='bbox 2464 2983 2560 3036; x_wconf 80' lang='grc' dir='ltr'>τοῦ</span> <span class='ocrx_word' id='word_1_450' title='bbox 2595 2983 2860 3053; x_wconf 84' lang='grc' dir='ltr'>δόγματος</span> <span class='ocrx_word' id='word_1_451' title='bbox 2887 2983 3194 3053; x_wconf 79' lang='grc' dir='ltr'>εἰρημένοις</span> <span class='ocrx_word' id='word_1_452' title='bbox 3219 2982 3360 3034; x_wconf 84' lang='grc' dir='ltr'>κατὰ</span> <span class='ocrx_word' id='word_1_453' title='bbox 3392 2979 3453 3032; x_wconf 81' lang='grc' dir='ltr'><strong>τὸ</strong></span> <span class='ocrx_word' id='word_1_454' title='bbox 3497 2979 3660 3032; x_wconf 85' lang='grc' dir='ltr'>δυνα-</span> 
     </span>
    </p>
   </div>
   <div class='ocr_carea' id='block_1_68' title="bbox 2083 3072 3667 3144">
    <p class='ocr_par' dir='ltr' id='par_1_68' title="bbox 2083 3072 3667 3144">
     <span class='ocr_line' id='line_1_68' title="bbox 2083 3072 3667 3144; baseline -0.006 -14"><span class='ocrx_word' id='word_1_455' title='bbox 2083 3078 2173 3131; x_wconf 84' lang='grc' dir='ltr'><strong>τὸν</strong></span> <span class='ocrx_word' id='word_1_456' title='bbox 2196 3075 2627 3144; x_wconf 88' lang='grc' dir='ltr'>συνεπλάκημεν.</span> <span class='ocrx_word' id='word_1_457' title='bbox 2660 3075 2811 3144; x_wconf 87' lang='grc' dir='ltr'>Ἔχει</span> <span class='ocrx_word' id='word_1_458' title='bbox 2837 3075 2892 3126; x_wconf 83' lang='grc' dir='ltr'><strong>δὲ</strong></span> <span class='ocrx_word' id='word_1_459' title='bbox 2911 3076 2938 3127; x_wconf 88' lang='grc' dir='ltr'>ὁ</span> <span class='ocrx_word' id='word_1_460' title='bbox 2966 3075 3120 3141; x_wconf 82' lang='grc' dir='ltr'>λόγος</span> <span class='ocrx_word' id='word_1_461' title='bbox 3138 3074 3197 3125; x_wconf 82' lang='grc' dir='ltr'><strong>ού</strong></span> <span class='ocrx_word' id='word_1_462' title='bbox 3255 3072 3411 3143; x_wconf 87' lang='grc' dir='ltr'>μόνον</span> <span class='ocrx_word' id='word_1_463' title='bbox 3439 3072 3667 3139; x_wconf 85' lang='grc' dir='ltr'>ἀνατρο-</span> 
     </span>
    </p>
   </div>
   <div class='ocr_carea' id='block_1_69' title="bbox 2086 3162 3663 3238">
    <p class='ocr_par' dir='ltr' id='par_1_69' title="bbox 2086 3162 3663 3238">
     <span class='ocr_line' id='line_1_69' title="bbox 2086 3162 3663 3238; baseline -0.006 -18"><span class='ocrx_word' id='word_1_464' title='bbox 2086 3167 2193 3238; x_wconf 79' lang='grc' dir='ltr'><strong>πὴν</strong></span> <span class='ocrx_word' id='word_1_465' title='bbox 2219 3165 2329 3218; x_wconf 83' lang='grc' dir='ltr'>τῶν</span> <span class='ocrx_word' id='word_1_466' title='bbox 2356 3163 2644 3236; x_wconf 83' lang='grc' dir='ltr'>αίρετικῶν</span> <span class='ocrx_word' id='word_1_467' title='bbox 2673 3165 3008 3234; x_wconf 68' lang='grc' dir='ltr'>ὑπολήψεων,</span> <span class='ocrx_word' id='word_1_468' title='bbox 3041 3163 3173 3217; x_wconf 90' lang='grc' dir='ltr'><strong>ἀλλά</strong></span> <span class='ocrx_word' id='word_1_469' title='bbox 3199 3166 3289 3218; x_wconf 74' lang='grc' dir='ltr'><strong>καὶ</strong></span> <span class='ocrx_word' id='word_1_470' title='bbox 3315 3162 3663 3215; x_wconf 78' lang='grc' dir='ltr'>διδασκαλίαν</span> 
     </span>
    </p>
   </div>
   <div class='ocr_carea' id='block_1_70' title="bbox 2088 3250 3662 3325">
    <p class='ocr_par' dir='ltr' id='par_1_70' title="bbox 2088 3250 3662 3325">
     <span class='ocr_line' id='line_1_70' title="bbox 2088 3250 3662 3325; baseline -0.004 -14"><span class='ocrx_word' id='word_1_471' title='bbox 2088 3258 2183 3311; x_wconf 72' lang='grc' dir='ltr'><strong>καὶ</strong></span> <span class='ocrx_word' id='word_1_472' title='bbox 2218 3255 2430 3309; x_wconf 74' lang='grc' dir='ltr'>ἔκθεσιν</span> <span class='ocrx_word' id='word_1_473' title='bbox 2459 3253 2567 3308; x_wconf 84' lang='grc' dir='ltr'>τῶν</span> <span class='ocrx_word' id='word_1_474' title='bbox 2601 3253 2882 3325; x_wconf 82' lang='grc' dir='ltr'>ἡμετέρων</span> <span class='ocrx_word' id='word_1_475' title='bbox 2908 3255 3209 3325; x_wconf 87' lang='grc' dir='ltr'>δογμάτων.</span> <span class='ocrx_word' id='word_1_476' title='bbox 3261 3254 3499 3325; x_wconf 81' lang='grc' dir='ltr'>Αίσχρὸν</span> <span class='ocrx_word' id='word_1_477' title='bbox 3548 3250 3662 3320; x_wconf 72' lang='grc' dir='ltr'>γὰρ</span> 
     </span>
    </p>
   </div>
   <div class='ocr_carea' id='block_1_71' title="bbox 2089 3344 3665 3417">
    <p class='ocr_par' dir='ltr' id='par_1_71' title="bbox 2089 3344 3665 3417">
     <span class='ocr_line' id='line_1_71' title="bbox 2089 3344 3665 3417; baseline -0.004 -15"><span class='ocrx_word' id='word_1_478' title='bbox 2089 3344 2227 3403; x_wconf 75' lang='grc' dir='ltr'>εἶναι</span> <span class='ocrx_word' id='word_1_479' title='bbox 2283 3347 2374 3400; x_wconf 70' lang='grc' dir='ltr'><strong>καὶ</strong></span> <span class='ocrx_word' id='word_1_480' title='bbox 2441 3346 2783 3400; x_wconf 83' lang='grc' dir='ltr'>παντάπασιν</span> <span class='ocrx_word' id='word_1_481' title='bbox 2847 3347 3067 3417; x_wconf 85' lang='grc' dir='ltr'>ἀγεννὲς</span> <span class='ocrx_word' id='word_1_482' title='bbox 3123 3347 3500 3417; x_wconf 73' lang='grc' dir='ltr'>ὑπελάϐομεν,</span> <span class='ocrx_word' id='word_1_483' title='bbox 3554 3344 3665 3398; x_wconf 86' lang='grc' dir='ltr'>τῶν</span> 
     </span>
    </p>
   </div>
   <div class='ocr_carea' id='block_1_72' title="bbox 2088 3435 3671 3513">
    <p class='ocr_par' dir='ltr' id='par_1_72' title="bbox 2088 3435 3671 3513">
     <span class='ocr_line' id='line_1_72' title="bbox 2088 3435 3671 3513; baseline 0.001 -22"><span class='ocrx_word' id='word_1_484' title='bbox 2088 3440 2297 3512; x_wconf 75' lang='grc' dir='ltr'>ἐχθρῶν</span> <span class='ocrx_word' id='word_1_485' title='bbox 2317 3442 2415 3494; x_wconf 79' lang='grc' dir='ltr'><strong>οὐκ</strong></span> <span class='ocrx_word' id='word_1_486' title='bbox 2440 3439 2923 3510; x_wconf 81' lang='grc' dir='ltr'>ὲπικρυπτομένων</span> <span class='ocrx_word' id='word_1_487' title='bbox 2957 3439 3056 3513; x_wconf 85' lang='grc' dir='ltr'>τὴν</span> <span class='ocrx_word' id='word_1_488' title='bbox 3099 3440 3349 3505; x_wconf 88' lang='grc' dir='ltr'>ἀτοπίαν,</span> <span class='ocrx_word' id='word_1_489' title='bbox 3394 3440 3541 3510; x_wconf 77' lang='grc' dir='ltr'>ἡμεῖς</span> <span class='ocrx_word' id='word_1_490' title='bbox 3591 3435 3671 3507; x_wconf 75' lang='grc' dir='ltr'>μὴ</span> 
     </span>
    </p>
   </div>
   <div class='ocr_carea' id='block_1_73' title="bbox 2090 3530 2996 3603">
    <p class='ocr_par' dir='ltr' id='par_1_73' title="bbox 2090 3530 2996 3603">
     <span class='ocr_line' id='line_1_73' title="bbox 2090 3530 2996 3603; baseline 0.003 -21"><span class='ocrx_word' id='word_1_491' title='bbox 2090 3530 2633 3603; x_wconf 80' lang='grc' dir='ltr'>ὲμπαρῤησιάζεσθαι</span> <span class='ocrx_word' id='word_1_492' title='bbox 2658 3532 2723 3601; x_wconf 83' lang='grc' dir='ltr'>τῇ</span> <span class='ocrx_word' id='word_1_493' title='bbox 2754 3530 2996 3603; x_wconf 72' lang='grc' dir='ltr'>ἀληθείᾳ.</span> 
     </span>
    </p>
   </div>
  </div>
