4046 6156
371 228 472 287 2M

397 364 3094 393 MM

1824 233 2184 291 EPISTOLA.

3519 242 3628 299 2L2

3324 380 3596 394 ...κ-..ια-

1271 523 1498 611 ΤΟΥ
1570 524 2015 614 ΠΕΤΡΟΥ
2088 522 2739 615 ΣΕΒΑΣΤΕΙΑΣ

1485 719 2508 838 ΕΠΙΣΤΟΛΗ

907 936 1100 993 ΗΡΟΣ
1158 939 1292 994 ΊὉΝ
1334 940 1558 994 APION
1596 940 2006 994 ΓΡΗΓΟΡΙΟΝ
2030 941 2317 995 ΝΥΣΣΗΣ
2351 940 2479 995 ΤΟΥ
2506 940 2723 995 ΑΥΤΟΥ
2753 940 3101 998 ΑΔΕΛΦΟΝ.

1958 1128 2027 1140 σ-

1236 1258 1347 1346 S.
1442 1261 1870 1352 PETRI
1966 1266 2765 1357 SEBASTENI

1568 1478 2437 1597 EPISTOLA

1138 1696 1235 1751 AD
1265 1697 1323 1754 S.
1358 1696 1787 1756 GREG'ORIUH
1822 1700 2234 1758 NYSSENUM
2262 1702 2610 1760 FRATREM
2640 1701 2864 1759 SUUH.

1748 1840 1931 1891 Eodem
1965 1842 2261 1902 interprete.

1982 2010 2051 2024 ..ρ

385 2162 474 2229 Τῷ
523 2157 966 2224 θεοσεσεστὰτῳ
1004 2159 1263 2235 ἀδελφῷ,
1293 2166 1616 2233 Γρηγορίῳ,
1649 2166 1866 2232 Πέτρος
1898 2164 1965 2217 ἐν
1994 2197 1998 2206 .

2074 2163 2486 2234 Religiosissimo
2516 2165 2676 2233 fratr:
2723 2164 2995 2235 Gregorio,
3046 2164 3258 2231 Petrus,
3308 2167 3362 2219 in
3407 2164 3638 2221 Domino

937 2234 1130 2299 Κυρίῳ
1164 2234 1410 2301 χαίρειν,

465 2322 734 2392 Ἐντυχὼν
778 2325 890 2385 τοῖς
940 2324 1227 2393 γράμμασι
1260 2326 1358 2394 τῆς
1397 2326 1672 2397 ὁσιότητός
1713 2344 1827 2390 σου,
1867 2327 1960 2379 καὶ

380 2412 726 2481 κατανοήσας
760 2413 818 2464 ὲν
844 2410 921 2479 τῷ
947 2413 1084 2465 κατά
1102 2414 1199 2483 τῆς
1222 2415 1484 2484 αἱρέσεως
1519 2415 1660 2485 λόγῳ
1689 2415 1778 2468 τὸν
1822 2414 1961 2484 ὑπὲρ

377 2503 479 2572 τῆς
506 2501 784 2572 ἀληθείας,
828 2502 923 2554 καὶ
969 2502 1061 2555 τὸν
1093 2503 1231 2574 ὑπὲρ
1264 2503 1354 2555 τοῦ
1379 2505 1532 2571 ἁγίου
1567 2505 1775 2575 Πατρός
1805 2504 1961 2574 ἡμῶν

380 2593 583 2663 ζῆλον·
625 2594 686 2645 οὐ
719 2593 816 2663 τῆς
855 2592 953 2661 σῆς
996 2593 1276 2664 δυνάμεως
1316 2594 1474 2665 ἔργον
1520 2592 1656 2649 εἶναι
1692 2595 1784 2648 τὸν
1808 2594 1962 2662 λόγον

380 2687 589 2756 ᾠήθην,
612 2684 750 2739 ἀλλά
767 2684 859 2737 τοῦ
892 2684 992 2754 τὴν
1014 2683 1269 2754 ἀλήθειαν
1288 2687 1344 2738 ὲν
1367 2687 1476 2749 τοῖς
1510 2685 1700 2739 ἑαυτοῦ
1729 2685 1962 2755 δόγμασι

384 2774 662 2829 λαλεῖσθαι
702 2773 1173 2843 οἱκονομήσαντος.
1219 2774 1429 2844 ’Ὠσπερ
1478 2774 1535 2826 δὲ
1580 2775 1678 2844 τὴν
1707 2774 1846 2843 ὑπὲρ
1867 2774 1965 2842 τῇς

382 2865 645 2935 ἀληθείας
677 2864 1002 2934 συνηγορίαν
1024 2863 1171 2934 αὐτῷ
1190 2862 1266 2934 τῷ
1283 2863 1548 2933 πνεύματι
1578 2864 1674 2934 τῆς
1708 2863 1966 2933 ἀληθείας
2006 2894 2010 2897 ι

382 2958 661 3012 ἀναθεῖναι
691 2956 871 3019 καλῶς
901 2955 1044 3025 ἔχειν
1072 2956 1244 3026 φημὶ,
1286 2954 1428 3008 οὕτω
1457 2973 1545 3025 μοι
1573 2955 1717 3009 δοκεῖ
1745 2954 1851 3007 δεῖν
1872 2956 1965 3007 καὶ

382 3052 481 3121 τὴν
520 3049 664 3104 κατὰ
699 3050 798 3119 τῆς
846 3047 1193 3119 ὑγιαινούσης
1234 3047 1468 3111 πίστεως
1508 3046 1739 3116 σπουδὴν
1768 3048 1868 3100 οὐκ
1889 3049 1967 3109 είς

384 3142 673 3211 Εὐνόμιον,
718 3139 832 3193 ἀλλ’
876 3140 954 3202 εἰς
991 3139 1149 3192 αὐτὸν
1181 3139 1468 3209 ἀναφέρειν
1505 3138 1594 3191 τὸν
1619 3139 1833 3209 πατέρα
1872 3139 1966 3191 τοῦ

380 3234 633 3303 ψεύδους.
664 3232 775 3286 Καὶ
797 3230 969 3285 ἔοικεν
1020 3232 1054 3285 ὁ
1104 3231 1203 3285 ἀπ’
1236 3229 1431 3299 ἀρχῆς
1458 3231 1966 3300 ἀνθρωποκτόνος,

382 3330 414 3379 6
456 3328 516 3380 ὲν
561 3324 755 3394 ἐκείνῳ
814 3321 1201 3392 φθεγξάμενος,
1252 3322 1372 3377 καθ’
1422 3321 1613 3374 ἑαυτοῦ
1668 3321 1969 3385 σπουδαίως

384 3416 716 3486 ἠκονηκέναι
757 3414 817 3467 τὸ
872 3414 1041 3483 ξίφος.
1095 3414 1159 3466 Et
1206 3412 1313 3484 γὰρ
1362 3412 1435 3483 μὴ
1486 3412 1691 3475 ἐκεῖνος
1718 3412 1970 3466 τοσοῦτον

2726 2241 2950 2290 salutem
2963 2275 2977 2288 .

2137 2322 2270 2377 Cum
2307 2323 2564 2393 legissem
2618 2323 2831 2380 litteras
2861 2324 3171 2380 sanctitatis
3226 2331 3353 2391 tuae,
3399 2332 3454 2380 et
3485 2325 3641 2382 intel-

2068 2415 2321 2472 lexissem
2368 2426 2519 2470 tuum
2551 2430 2651 2485 pro
2701 2414 2807 2470 ﬁde
2856 2416 3120 2471 adversus
3159 2416 3414 2483 haeresin,
3466 2425 3519 2472 et
3544 2432 3643 2487 pro

2069 2515 2258 2561 sancto
2282 2506 2440 2560 Patre
2473 2513 2661 2561 nostro
2690 2506 2981 2571 fervorem,
3014 2522 3123 2561 non
3170 2516 3391 2564 tuarum
3418 2509 3639 2574 virium,

2070 2598 2162 2652 sed
2203 2597 2344 2667 ejus,
2382 2598 2477 2668 qui
2508 2598 2790 2653 veritatem
2828 2598 2943 2654 suis
2967 2600 3020 2654 in
3048 2598 3316 2671 dogmatis
3351 2603 3497 2672 loqui
3528 2603 3644 2657 dis-

2069 2688 2272 2759 posuit,
2308 2688 2356 2741 id
2388 2703 2528 2758 opus
2557 2703 2680 2743 esse
2718 2688 3053 2746 existimavi.
3090 2689 3262 2747 Sicuti
3293 2701 3471 2747 autem
3500 2694 3644 2748 veri-

2070 2782 2197 2836 tatis
2251 2780 2613 2850 patrocinium
2676 2780 2743 2833 ad
2824 2780 3002 2850 ipsum
3061 2781 3316 2852 spiritum
3401 2783 3643 2838 veritatis

2070 2872 2277 2928 referre
2308 2872 2574 2927 addecet:
2618 2872 2713 2935 ita,
2754 2886 2839 2925 me
2866 2871 3073 2942 judice,
3105 2872 3386 2943 diligentia
3416 2874 3473 2928 in
3494 2881 3642 2928 recta

2073 2963 2177 3018 fide
2211 2964 2595 3036 oppugnanda,
2638 2979 2748 3019 non
2798 2962 3087 3031 Eunomio,
3122 2965 3217 3020 sed
3279 2965 3380 3034 ipsi
3426 2964 3648 3019 menda-

2073 3057 2280 3110 ciorum
2316 3060 2528 3125 parenti
2554 3066 2609 3111 et
2640 3057 2939 3112 architecto
2977 3056 3222 3111 adscribi
3247 3056 3433 3112 debet.
3465 3058 3543 3112 Ac
3568 3057 3648 3110 vi-

2074 3147 2233 3202 detur
2273 3148 2363 3200 ille
2414 3147 2479 3200 ab
2525 3148 2677 3201 initio
2723 3147 2988 3201 homicida
3018 3147 3059 3211 ¹,
3124 3149 3217 3217 qui
3276 3132 3332 3202 in
3382 3147 3647 3203 Eunomia

2074 3239 2291 3293 locutus
2323 3243 2425 3300 est,
2460 3243 2654 3291 contra
2684 3238 2924 3306 seipsum
2966 3244 3223 3292 accurate
3260 3237 3496 3308 gladium
3521 3253 3645 3293 exa-

2075 3331 2256 3383 cuissc
2283 3328 2410 3382 :nisi
2440 3328 2583 3381 cnim
2612 3327 2702 3381 ille
2723 3334 2908 3382 tantos
2943 3328 3172 3398 spiritus
3209 3328 3472 3382 adversus
3508 3328 3647 3382 xeri-

2075 3427 2236 3471 tatem
2268 3417 2611 3488 sumpsisset,
2654 3419 2836 3474 nullus
2875 3426 2927 3473 te
2977 3418 3044 3473 ad
3074 3419 3286 3488 piorum
3334 3418 3645 3488 dogmatum

382 3511 528 3563 κατά
548 3509 645 3578 τῆς
677 3506 933 3577 ἀληθείας
985 3503 1422 3575 ἀπεθρασύνετο,
1454 3504 1628 3567 οὐδεὶς
1661 3504 1726 3558 ἀν
1756 3521 1814 3556 σε
1837 3504 1973 3575 πρὸς

2074 3508 2559 3578 pr0pugnationem
2606 3508 2989 3578 permovisset.
3026 3508 3130 3573 Qui
3184 3509 3348 3578 igitur
3387 3509 3647 3577 sapientes

391 3597 725 3669 συνηγορίαν
774 3595 884 3649 τῶν
926 3596 1026 3666 τῆς
1068 3592 1347 3657 εὐσεϐείας
1394 3593 1677 3664 δογμάτων
1703 3594 1969 3663 ὲκίνησενμ

400 3689 457 3742 '0
479 3684 593 3743 οὖν
614 3688 1027 3757 δρασσόμενος
1050 3686 1191 3751 τοὺς
1213 3684 1443 3754 σοφοὺς
1462 3685 1529 3737 ἐν
1548 3683 1623 3753 τῇ
1643 3686 1971 3754 πανουργίᾳ

392 3780 611 3843 αὐτῶν,
659 3779 858 3831 ἔδωκεν
895 3778 1097 3840 αὐτοῖς,
1127 3777 1202 3839 ὡς
1233 3776 1299 3829 ἂν
1333 3776 1565 3846 μάλιστα
1604 3776 1666 3830 τὸ
1691 3777 1888 3847 σαθρόν
1915 3795 1973 3830 τε

391 3872 488 3923 καὶ
514 3870 817 3925 ἀσύστατον
848 3866 956 3920 τῶν
980 3866 1263 3936 δογμάτων
1290 3867 1468 3920 αὐτῶν
1497 3867 1849 3937 διελεγχθείη,
1881 3870 1975 3921 καὶ

390 3960 702 4032 φράξασθαι
729 3957 871 4011 κατὰ
888 3956 986 4026 τῆς
1006 3956 1280 4027 ἀληθείας,
1316 3958 1409 4010 καὶ
1429 3957 1497 4011 τὰ
1527 3956 1658 4011 κενά
1684 3957 1973 4028 μελετῆσαι

390 4054 485 4107 διὰ
504 4054 601 4123 τῆς
632 4053 795 4121 κενῆς
815 4050 1016 4121 ταύτης
1036 4050 1422 4122 λογογραφίας.

476 4139 694 4209 Ἐπειδὴ
715 4140 894 4191 τοίνυν
923 4140 952 4191 ὁ
982 4136 1345 4208 ἐναρξάμενος
1374 4138 1532 4206 ἔργον
1566 4136 1767 4205 ἀγαθὸν
1790 4137 1973 4190 ἐπιτε-

386 4232 558 4295 λέσει,
620 4231 716 4283 καὶ
761 4228 836 4301 μὴ
867 4226 1156 4299 ἀποκάμῃς
1189 4227 1474 4297 ὑπηρετῶν
1516 4230 1583 4298 τῇ
1616 4227 1839 4297 δυνάμει
1878 4224 1972 4277 τοῦ

387 4322 724 4393 πνεύματος,
762 4320 894 4391 μηδὲ
918 4319 1143 4391 ἡμιτελῆ
1181 4321 1412 4391 ποιήσῃς
1436 4318 1534 4388 τὴν
1559 4319 1838 4389 ἀριστείαν
1868 4318 1974 4372 τῶν

388 4414 536 4468 κατά
577 4414 678 4482 τῆς
720 4410 879 4480 δόξης
914 4407 1009 4461 τοῦ
1041 4407 1278 4480 Χριστοῦ
1325 4408 1786 4478 στρατευομένων,
1839 4408 1974 4461 ἀλλά

390 4506 634 4577 μίμησαι
653 4502 745 4555 τὸν
772 4501 991 4573 γνήσιόν
1026 4517 1119 4553 σου
1160 4499 1392 4570 πατέρα,
1419 4500 1476 4563 ὃς
1507 4500 1649 4553 κατὰ
1681 4500 1769 4553 τὸν
1799 4498 1973 4570 ζηλω-

388 4598 491 4667 τὴν
532 4594 722 4656 Φινεὲς
769 4595 835 4662 τῇ
873 4593 972 4663 μιᾷ
996 4591 1175 4662 πληγῇ
1215 4589 1309 4644 τοῦ
1344 4591 1563 4660 ὲλέγχου
1597 4591 1687 4643 τὸν
1729 4591 1975 4662 μαθητὴν

391 4687 471 4758 τῷ
500 4685 809 4755 διδασκάλῳ
838 4683 1304 4753 ωναπεκέντησεν
1323 4700 1335 4712 ·
1372 4682 1510 4735 οὕτω
1538 4683 1630 4735 καὶ
1655 4684 1718 4736 σὺ
1748 4682 1975 4747 εὐτόνως

391 4778 465 4846 τῇ
495 4775 638 4846 χειρὶ
666 4773 762 4826 τοῦ
790 4772 946 4841 λόγου
986 4771 1049 4824 δι’
1085 4771 1409 4842 ἀμφοτέρων
1438 4772 1544 4823 τῶν
1565 4771 1855 4843 αίρετικῶν
1888 4770 1973 4840 βι-

2075 3599 2135 3649 in
2155 3613 2253 3651 sua
2283 3598 2484 3650 astutia
2516 3596 2855 3665 deprehendit
2880 3600 2924 3659 ³,
2975 3597 3126 3652 dedit
3179 3598 3288 3653 illis
3336 3600 3485 3670 (licet
3533 3615 3650 3653 ma-

2076 3689 2216 3741 xime
2266 3686 2573 3750 infirmitas,
2631 3695 2686 3741 et
2730 3688 3098 3742 inconstantia
3138 3688 3477 3758 dogmatum,
3531 3703 3651 3758 qua

2074 3778 2770 3848 tuentur,redarguerctur)
2801 3788 2856 3832 ct
2890 3787 3082 3835 contra
3119 3779 3406 3835 veritatem
3426 3781 3648 3847 armari,

2074 3877 2128 3924 et
2175 3885 2272 3938 pcr
2324 3871 2541 3924 inanem
2592 3871 2755 3926 istam
2839 3872 3237 3941 verbosamquc
3296 3872 3648 3942 scriptionem

2075 3961 2255 4017 inania
2284 3960 2555 4017 meditari.

2142 4139 2433 4202 Caeterum,
2465 4154 2586 4193 cum
2624 4154 2721 4208 par
2774 4141 2868 4207 sit,
2905 4148 2965 4193 ut
2999 4156 3091 4210 qui
3126 4140 3327 4195 bonum
3360 4152 3499 4209 opus
3535 4151 3649 4192 caa-

2076 4231 2174 4300 pit,
2206 4230 2259 4284 id
2283 4230 2548 4300 perﬁciat,
2575 4238 2810 4299 Oportet,
2854 4238 2913 4284 ut
2937 4231 3125 4285 virtuti
3152 4230 3376 4299 spiritus
3397 4229 3651 4284 alacriter

2077 4322 2411 4389 subservias;
2450 4336 2628 4392 neque
2686 4322 3003 4391 imperfecte
3036 4329 3089 4377 et
3122 4320 3407 4376 dimidia’te
3434 4328 3647 4376 tantum

2075 4427 2297 4474 eorum,
2330 4411 2425 4481 qui
2464 4421 2654 4465 contra
2696 4410 2901 4465 Christi
2953 4411 3184 4480 gloriam
3233 4409 3492 4472 militant,
3528 4408 3649 4478 jac-

2077 4501 2303 4555 tantiam
2347 4506 2401 4554 et
2457 4498 2808 4554 insolentiam
2846 4497 3141 4553 refutatam
3198 4498 3509 4568 relinquas;
3555 4499 3649 4555 sed

2077 4592 2291 4647 imitare
2324 4590 2620 4661 genuinum
2648 4596 2800 4643 tuum
2841 4596 3073 4659 patrem,
3110 4589 3203 4659 qui
3236 4604 3386 4643 more
3427 4590 3649 4643 aemula-

2076 4683 2212 4737 toris
2242 4680 2497 4744 Phinees,
2539 4694 2648 4734 una
2678 4679 3084 4750 rcdargutionis
3112 4681 3267 4751 plaga
3315 4679 3647 4749 discipulum

2077 4774 2238 4829 simul
2291 4788 2416 4828 cum
2468 4772 2729 4843 magistro
2768 4769 3062 4826 transfodit
3111 4771 3169 4835 ³;
3210 4772 3284 4824 ita
3319 4778 3373 4825 ct
3416 4778 3477 4824 tu
3531 4769 3647 4824 for-

585 4843 726 4920 ὧσον
756 4864 854 4934 τὴν
879 4862 972 4916 τοῦ
1004 4862 1308 4932 πνεύματος
1334 4861 1627 4932 μάχαιραν,
1659 4863 1746 4915 ἵνα
1770 4863 1842 4931 μὴ
1870 4864 1967 4931 τὴν

2077 4867 2224 4929 titer,
2264 4865 2421 4935 quasi
2451 4866 2714 4919 orationis
2758 4879 2947 4927 manu,
2975 4878 3071 4932 per
3113 4870 3407 4931 utrumque
3437 4861 3648 4915 haereti-

394 4956 633 5027 κεφαλὴν
658 4954 1118 5025 συντεθλασμένος
1142 4956 1169 5006 ὁ
1192 4955 1314 5023 ὄφις
1344 4954 1482 5007 κατὰ
1505 4954 1602 5024 τὴν
1634 4952 1798 5024 οὐρὰν
1818 4971 1881 5006 πε
1892 4970 1970 5018 ρι-

392 5047 642 5117 σπαίρων
669 5047 798 5109 τοὺς
828 5044 1247 5115 ἀκεραιοτέρους
1272 5044 1430 5114 φοϐῇ.
1459 5044 1577 5097 Τῶν
1610 5045 1718 5115 γάρ
1743 5044 1973 5115 πρώτων

389 5136 485 5191 τοῦ
509 5137 669 5204 λόγου
712 5134 1127 5205 ἀναιρεθέντων,
1166 5136 1259 5188 ὲάν
1290 5133 1349 5187 τὺ
1392 5135 1691 5187 τελευταῖον
1719 5135 1969 5201 ἀνεξέτα-

389 5248 517 5284 στον
538 5230 736 5301 ἀφεθῇ,
767 5228 922 5300 ἰσχύν
948 5243 1070 5281 τινα
1093 5228 1230 5280 κατά
1252 5226 1350 5296 τῆς
1373 5225 1626 5295 ἀληθείας
1651 5225 1794 5295 ἔχειν
1821 5227 1970 5297 παρὰ

386 5324 501 5385 τοῖς
524 5321 737 5385 πολλοῖς
758 5318 1167 5392 νομισθήσεται.
1360 5335 1368 5343 ·

469 5498 527 5552 '0
554 5499 611 5552 δὲ
636 5498 1042 5569 ἐμφαινόμενος
1071 5493 1147 5564 τῷ
1172 5494 1311 5565 λόγῳ
1345 5495 1510 5567 θυμὸς
1539 5496 1635 5566 τὴν
1664 5496 1757 5551 τοῦ
1781 5498 1975 5562 ἆλατος

2081 4973 2206 5013 cum
2238 4957 2458 5021 librum,
2492 4956 2728 5025 gladium
2763 4954 2989 5024 spiritus
3034 4955 3381 5025 transadige;
3434 4970 3500 5008 ne
3533 4968 3648 5007 ser-

2080 5065 2213 5120 pens
2246 5050 2421 5118 capite
2459 5048 2571 5117 jam
2608 5054 2861 5107 contuso,
2915 5046 3088 5101 cauda
3131 5046 3310 5099 adhuc
3355 5043 3645 5113 palpitans.

2076 5139 2445 5211 imperitiores
2470 5136 2798 5192 terrefaciat.
2831 5136 2961 5191 Nam
2981 5149 3103 5191 cum
3125 5137 3294 5205 prima
3313 5148 3437 5203 pars
3457 5131 3642 5197 dispu-

2076 5230 2299 5285 talionis
2334 5228 2684 5282 Eunomianm
2734 5225 2967 5282 refutata
2998 5226 3089 5289 sit,
3126 5226 3171 5280 si
3210 5221 3475 5293 posterior
3504 5220 3646 5272 inta—

2077 5328 2163 5374 cta
2195 5326 2504 5384 remaneat,
2538 5334 2646 5372 non
2670 5316 2922 5380 dccrunt,
2954 5316 3045 5385 qui
3077 5313 3123 5367 ei
3153 5313 3413 5365 adversus
3447 5309 3641 5362 verita-

2080 5417 2187 5462 tem
2218 5408 2422 5476 aliquid
2447 5408 2646 5463 virium
2671 5407 2851 5462 inesse
2887 5404 3256 5472 suspicentur.

2151 5497 2322 5553 Porro
2373 5498 2499 5554 bilis
2532 5508 2585 5553 et
2614 5496 2913 5554 acrimonia
2938 5490 3172 5547 orationi
3215 5490 3483 5559 inspersa,
3524 5488 3647 5545 salis

461 5639 472 5667 '
513 5636 813 5701 Joan.vm,
842 5634 935 5688 μμ.
1011 5634 1029 5661 ¹
1059 5629 1163 5683 Joh
1199 5650 1249 5694 γ,
1284 5632 1423 5699 125;]
1455 5635 1579 5689 Cur.
1614 5637 1810 5702 "1,19.
1883 5638 1901 5667 ³
1941 5636 2098 5691 Num.
2134 5638 2324 5700 xxv,l
2364 5652 2482 5706 sqq.
