4046 6156
359 266 458 322 251

1547 262 1604 317 S.
1647 257 1968 315 GREGORII
2008 256 2299 314 NYSSENI

3489 259 3596 315 ἓῧὲ

362 381 866 445 clrcumvolitandi,
904 380 1188 450 mellisque
1214 378 1429 451 opiﬁcia
1472 380 1719 435 vastandi
1764 381 1922 434 ﬁnem

2038 380 2117 433 τοῦ
2147 379 2325 447 λόγου,
2358 376 2449 429 καὶ
2480 376 2540 429 τὸ
2575 376 2691 446 μέλι
2717 375 3170 446 διαλυμαίνονται’
3205 376 3392 446 μηδεὶς
3428 378 3595 442 ἐγκα-

365 472 592 531 fnciant,
623 485 780 525 nemo
806 471 930 539 jure
955 470 1197 525 audaciae
1244 485 1331 523 me
1371 469 1722 527 insimulavit.
1779 468 1921 537 quod

365 562 433 616 ad
501 561 760 614 ultionem
825 559 1080 629 prodeam
1148 560 1267 630 ejus
1311 561 1398 614 cui
1445 575 1566 613 sese
1603 557 1926 613 defendendi

365 652 514 706 nulla
546 650 776 719 amplius
821 650 1058 719 suppetit
1101 649 1355 705 facultas.
1399 648 1586 718 Neque
1632 649 1774 703 enim
1807 663 1924 701 ma-

363 742 576 812 joribus
603 756 765 809 quam
804 742 986 795 caeteri
1020 741 1230 796 viribus
1275 740 1469 804 fretus,
1525 742 1666 794 hunc
1711 739 1927 808 suscepi

367 834 635 897 laborem;
672 831 767 886 sed
799 833 987 901 probe,
1030 833 1077 887 si
1103 835 1226 900 quis
1267 832 1427 894 alius,
1455 837 1798 901 compertum
1841 830 1929 882 ha-

368 924 485 986 bui,
517 924 761 978 inﬁnitos
787 924 1038 994 reperiri,
1073 926 1167 994 qui
1193 923 1523 978 eruditionis
1566 929 1618 977 et
1646 921 1930 991 sapientiae

368 1015 531 1069 laude
564 1015 619 1069 in
655 1014 897 1070 Ecclesia
940 1016 1234 1070 excellant.
1271 1013 1637 1068 Nihilominus
1665 1027 1788 1066 cum
1818 1026 1930 1082 pra

367 1104 625 1159 omnibus
653 1104 774 1157 aliis
805 1103 1004 1158 mortui
1048 1103 1294 1157 fortunas
1321 1102 1385 1155 ad
1415 1117 1501 1155 me
1539 1099 1811 1170 pertinere
1840 1113 1929 1151 ar-

369 1193 560 1255 bitrer,
606 1200 721 1245 tum
761 1200 983 1262 propter
1009 1193 1263 1261 scriptas,
1306 1199 1420 1243 tum
1455 1200 1676 1259 propter
1709 1195 1931 1242 natura-

368 1285 449 1338 les
474 1284 620 1351 leges
654 1301 666 1337 :
698 1282 820 1336 ideo
853 1297 953 1352 ego
1001 1297 1177 1337 meam
1226 1289 1352 1335 ante
1385 1280 1523 1336 alios
1580 1283 1719 1335 hanc
1773 1280 1928 1349 quasi

369 1371 770 1426 luereditariam
795 1371 1166 1427 defensionem
1199 1373 1332 1426 mihi
1359 1372 1653 1430 vindicavi.
1703 1371 1928 1426 inﬁmus

370 1465 590 1533 quidem
615 1464 831 1518 illorum
856 1464 949 1534 qui
982 1464 1034 1517 in
1071 1463 1310 1517 ﬁdelium
1353 1478 1642 1517 numerum
1705 1464 1930 1532 ascripti

371 1563 500 1610 sunt
532 1574 545 1610 :
577 1567 630 1610 at
660 1556 771 1618 illo,
820 1555 912 1624 qui
943 1555 1011 1609 ab
1056 1553 1296 1609 Ecclesia
1326 1569 1448 1609 sese
1475 1554 1713 1625 abrupit,
1770 1561 1824 1608 et
1864 1555 1930 1608 ad

374 1655 555 1715 partes
583 1646 925 1700 adversarias
971 1646 1267 1710 transtulit,
1296 1659 1634 1714 nequaquam
1669 1644 1915 1699 imbecil-

371 1737 507 1802 lior;
536 1751 664 1790 nam
697 1737 751 1789 in
792 1750 1020 1805 corpore
1055 1751 1188 1791 sano
1219 1735 1502 1788 minimum
1544 1735 1710 1789 etiam
1757 1749 1928 1788 mem-
1964 1732 2004 1785 Β

375 1826 529 1879 brum
588 1832 807 1894 propter
846 1828 1012 1880 totius
1056 1826 1520 1895 conspirationem
1577 1825 1810 1880 validius
1850 1836 1932 1882 est

370 1923 426 1969 et
455 1914 673 1977 fortius,
699 1930 859 1984 quam
881 1926 1194 1985 corruptum
1224 1924 1276 1970 et
1316 1917 1642 1981 abscissum,
1681 1919 1933 1986 quamvis

373 2007 474 2059 hoc
510 2007 707 2075 majus,
743 2004 871 2060 illud
903 2005 974 2061 sit
1007 2007 1205 2060 minus.

443 2097 642 2151 Nullus
695 2112 821 2152 vero
853 2097 980 2150 dum
1014 2098 1126 2151 haec
1175 2098 1297 2152 dico
1328 2098 1624 2164 existimet,
1677 2100 1820 2169 quod
1851 2115 1937 2155 me

373 2189 661 2259 magniﬁce
699 2188 990 2254 venditem,
1050 2189 1469 2260 immaniterque
1519 2183 1679 2246 velut.
1711 2194 1936 2262 proprio

373 2281 572 2333 robore
605 2279 804 2347 glorier
837 2297 851 2332 :
889 2293 1066 2347 neque
1096 2278 1240 2332 enim
1280 2294 1403 2334 cum
1459 2281 1682 2336 homine
1723 2283 1779 2336 in
1826 2299 1939 2338 are-

374 2384 500 2423 nam
535 2369 828 2434 descendo,
883 2383 1000 2422 eam
1053 2369 1123 2423 ob
1158 2383 1404 2437 causam,
1463 2379 1521 2426 ut
1568 2373 1935 2443 eloquentiam

373 2457 773 2528 verborumque
831 2458 1087 2512 ﬂosculos
1137 2458 1368 2528 juvenili
1442 2475 1596 2516 more
1645 2471 1933 2519 ostentem.

373 2549 506 2602 Nam
538 2549 594 2602 in
617 2564 683 2604 eo
711 2550 1031 2615 certamine,
1061 2565 1127 2604 ex
1173 2565 1281 2620 quo
1333 2551 1616 2606 victoriam
1659 2564 1937 2623 reportare

375 2642 566 2696 inutile
595 2649 648 2696 et
668 2640 1072 2696 infructuosum
1097 2650 1201 2706 est,
1226 2643 1458 2698 libenter
1479 2645 1789 2702 volentibus
1819 2647 1936 2716 pal-

375 2745 518 2784 mam
547 2729 926 2794 concedimus;
960 2732 1257 2798 praesertim
1277 2747 1400 2785 cum
1441 2732 1616 2800 ipsum
1640 2735 1934 2790 verborum

377 2828 704 2874 sectatorem
764 2828 818 2873 et
868 2833 1135 2888 aucupem
1185 2837 1308 2877 esse
1343 2824 1476 2878 mihi
1515 2827 1876 2895 persuadeam
1915 2846 1926 2881 :

377 2912 600 2982 quando
624 2911 865 2965 animum
905 2918 1167 2966 converto
1195 2916 1260 2967 ad
1289 2923 1526 2985 tempus,
1575 2919 1718 2986 quod
1745 2919 1797 2972 in
1830 2919 1936 2973 isto

377 3018 481 3057 suo
542 3002 794 3070 dogmate
839 3000 1156 3056 exornando
1219 3006 1497 3060 contrivit.
1551 3005 1772 3078 Egregie
1809 3025 1936 3062 vero

376 3092 629 3146 eumdem
660 3093 712 3146 in
743 3092 845 3147 hoc
879 3093 1042 3147 etiam
1077 3092 1216 3149 libro
1245 3095 1476 3151 sudasse
1521 3098 1755 3166 conjicio
1784 3109 1932 3153 :tuan

375 3199 442 3238 ex
472 3183 596 3248 hoc,
631 3185 777 3254 quod
812 3185 864 3238 in
903 3184 1004 3238 hac
1032 3185 1329 3255 scriptione
1351 3202 1458 3241 non
1489 3191 1768 3244 minimam
1813 3193 1935 3246 vita)

375 3289 489 3330 sua
519 3284 728 3345 partem
789 3277 1112 3346 collocavit;
1147 3288 1258 3334 tum
1294 3281 1437 3350 quod
1470 3289 1738 3334 amatores
1796 3283 1939 3336 illius

376 3370 480 3424 hoc
514 3371 698 3425 labore
724 3371 845 3440 ejus
880 3373 1034 3427 valde
1060 3375 1337 3428 exsultant
1362 3381 1417 3428 et
1434 3373 1800 3427 delectantur.
1829 3371 1940 3426 Nec

375 3465 574 3516 mirum
597 3473 681 3517 est
703 3463 875 3525 illum,
901 3464 994 3533 qui
1024 3464 1126 3517 hac
1166 3466 1221 3518 in
1252 3480 1310 3518 re
1345 3475 1424 3518 tot
1457 3479 1726 3518 annorum
1763 3464 1939 3534 olym-

376 3553 568 3622 piadas
603 3553 803 3622 posuit,
861 3554 1038 3622 majus
1069 3554 1232 3607 etiam
1281 3554 1540 3624 quiddam
1587 3555 1937 3624 praestitisse,

378 3658 539 3712 quam
573 3644 804 3705 soleant,
859 3645 952 3713 qui
995 3660 1061 3699 ex
1119 3656 1360 3714 tempore
1417 3646 1684 3701 scribunt.
1740 3645 1937 3699 Verum

377 3733 498 3802 ejus
529 3733 584 3786 in
615 3733 718 3788 hoc
747 3729 910 3802 opere
943 3736 1215 3791 moliendo
1267 3752 1473 3790 moram
1512 3745 1568 3791 et
1626 3738 1938 3790 cunctatio-

377 3837 502 3877 nem
531 3823 733 3876 clarius
765 3825 942 3879 adhuc
993 3826 1376 3881 demonstrant
1416 3827 1469 3881 in
1499 3828 1715 3882 dicendi
1741 3829 1942 3898 ’phale-

381 3914 460 3968 ris
490 3922 545 3968 et
579 3914 767 3983 ﬁguris
795 3917 1181 3984 conquirendis
1214 3918 1451 3986 ineptire,
1472 3925 1525 3971 et
1554 3919 1605 3971 in
1639 3919 1722 3974 his
1749 3919 1942 3973 verbo—

382 4018 502 4056 rum
562 4003 854 4060 lenociniis
906 4007 1148 4060 studium
1203 4007 1362 4074 plane
1391 4009 1551 4061 inane
1580 4016 1633 4062 et
1683 4024 1942 4078 superva.

381 4111 565 4150 cuum.
598 4095 811 4150 Etenim
853 4111 1044 4166 magna
1078 4097 1538 4152 dictiuncularum
1584 4101 1816 4154 colluvie
1849 4115 1944 4169 ap-

381 4193 573 4256 paratu
621 4187 929 4256 repentino,
1011 4198 1065 4243 et
1125 4195 1564 4258 extemporaneo,
1632 4206 1699 4245 ex
1757 4190 1942 4245 nescio

382 4275 586 4347 quibus
618 4276 773 4332 libris
797 4285 1140 4341 coacervata,
1197 4278 1498 4348 paucisque
1546 4293 1668 4348 quze
1717 4279 1938 4348 intelligi

2029 474 2187 526 λείτω
2232 471 2432 539 τόλμαν
2467 469 2586 538 ἐμοὶ
2619 470 2759 541 ὑπὲρ
2805 469 2896 523 τοῦ
2939 467 3196 537 σιγῶντος
3228 468 3491 536 στόματος
3519 467 3591 519 δι-

2028 562 2316 616 αναστάντι
2349 559 2478 630 πρὸς
2511 560 2742 630 ἄμυναν.
2771 559 2907 612 Ούδέ
2931 560 3038 630 γὰρ
3067 559 3206 629 ὺπέρ
3244 558 3370 620 τοὺς
3407 558 3598 618 ἄλλους

2033 652 2182 722 ἰσχύν
2206 668 2329 704 τινα
2360 650 2532 718 λόγων
2566 649 2783 720 ἐμαυτῷ
2822 647 3191 717 συνεγνωκὼς,
3230 646 3599 716 κατεδεξάμην

2028 743 2118 795 τὸν
2146 742 2324 795 πόνον·
2359 740 2472 794 ἀλλ’
2508 740 2749 809 ἀκριϐῶς
2779 739 2950 803 εἰδὼς,
2980 741 3134 810 εἴπερ
3161 757 3245 804 τις
3277 739 3483 810 ἕτερος,
3516 739 3598 792 ὅτι

2031 832 2263 902 χιλιάδες
2287 830 2652 902 εὐθηνούντων
2683 833 2823 884 κατά
2846 832 2908 883 τὸ
2933 831 3174 901 χάρισμα
3201 831 3299 901 τῆς
3324 830 3513 898 σοφίας
3543 831 3600 882 ἐν

2031 924 2096 991 τῇ
2155 921 2448 991 Ἐκκλησία
2491 919 2867 989 πληθύνουσιν·
2961 921 3107 990 ὅμως
3153 917 3337 988 ἐπειδὴ
3387 918 3600 970 πάντων

2035 1012 2266 1083 μάλιστα
2296 1011 2587 1081 προσήκειν
2626 1009 2747 1080 ἐμοί
2779 1025 2918 1078 φημι
2968 1008 3058 1060 τοῦ
3109 1008 3472 1078 μεταστάντος
3511 1005 3600 1059 τὸν

2031 1104 2228 1174 κλῆρον
2252 1102 2341 1156 διά
2371 1118 2428 1154 τε
2467 1103 2591 1162 τοὺς
2618 1099 3064 1170 γεγραμμένους,
3099 1099 3190 1153 καὶ
3220 1098 3346 1160 τοὺς
3375 1099 3472 1167 τῆς
3505 1097 3600 1164 cpti-

2034 1211 2170 1256 σεως
2198 1193 2426 1262 νόμους,
2473 1190 2662 1245 τούτου
2709 1191 2866 1260 χάριν
2911 1189 3071 1253 αὐτὸς
3119 1189 3255 1260 πρὸς
3283 1188 3389 1240 τῶν
3429 1188 3602 1243 ἄλλων

2030 1282 2332 1352 οίκειοῦμαι
2382 1281 2475 1352 τὴν
2515 1279 2873 1351 κληρονομίαν
2900 1278 2992 1332 τοῦ
3035 1279 3214 1346 λόγουε
3257 1276 3363 1330 τῶν
3399 1277 3496 1347 μὲν
3524 1278 3604 1340 είς

2031 1378 2128 1447 τὴν
2169 1375 2489 1444 Ἐκκλησίαν
2518 1373 2608 1426 τοῦ
2634 1372 2768 1426 Θεοῦ
2793 1371 3185 1425 συντελούντων
3212 1373 3324 1433 τοῖς
3357 1370 3604 1440 ἐσχάτοις

2033 1467 2254 1539 συναριθ
2262 1467 2360 1537 μού
2371 1482 2546 1536 μενος·
2569 1464 2661 1518 τοῦ
2681 1463 2737 1517 δέ
2757 1465 2860 1516 ἀπε
2868 1464 3132 1535 ρῤωγότος
3149 1463 3248 1531 τῆς
3283 1462 3606 1532 Ἐκκλησίας

2033 1560 2111 1621 είς
2156 1557 2444 1611 ἀντίπαλον
2488 1555 2638 1620 τάξιν
2678 1555 2778 1607 οὐκ
2809 1554 3224 1625 ἀσθενέστερος·
3271 1554 3330 1606 ἐν
3373 1552 3482 1622 γὰρ
3528 1552 3606 1621 τῷ

2035 1648 2324 1716 ὑγιαίνοντι
2366 1646 2612 1716 σώματι,
2648 1645 2742 1698 καὶ
2781 1645 2842 1698 τὸ
2869 1644 3150 1713 ἐλάχιστον
3201 1644 3367 1714 μέρος
3395 1643 3482 1696 διὰ
3505 1642 3606 1711 τῆς

2033 1741 2124 1794 τοῦ
2157 1741 2355 1803 παντὸς
2391 1738 2692 1809 συμπνοίας
2713 1777 2727 1801 ,
2757 1737 3120 1808 δυνατώτερον
3164 1737 3229 1790 ἀν
3263 1738 3348 1807 εἴη
3400 1736 3494 1790 τοῦ
3529 1737 3606 1789 δι-

2033 1831 2318 1903 εφθορότος
2374 1830 2467 1883 καὶ
2511 1829 2876 1900 τετμημένου·
2908 1829 3011 1882 κᾶν
3037 1827 3096 1881 τὸ
3123 1827 3220 1898 μὲν
3251 1828 3431 1893 πλέον,
3458 1826 3518 1879 τὸ
3547 1826 3603 1878 δέ

2035 1926 2248 1979 ἔλαττον

2103 2100 2307 2170 Μηδεὶς
2345 2099 2400 2152 δέ
2437 2098 2931 2168 μεγαλοῤῥημονεῖν
2966 2114 3033 2167 με
3061 2097 3148 2150 διὰ
3177 2099 3379 2152 τούτων
3411 2099 3607 2153 οἰέσθω

2035 2191 2141 2244 τῶν
2166 2191 2354 2259 λόγων,
2391 2191 2465 2252 ὡς
2494 2190 2631 2260 ὑπὲρ
2656 2189 2754 2259 τὴν
2783 2187 3090 2259 προσοῦσαν
3121 2189 3344 2259 δύναμιν
3379 2192 3470 2244 ἐπὶ
3506 2210 3606 2262 μα-

2035 2282 2204 2344 ταίοις
2235 2280 2604 2350 κομπάζοντα.
2649 2279 2723 2333 Οὐ
2759 2278 2868 2350 γάρ
2909 2280 3285 2350 ἀπειροκάλως
3325 2282 3403 2344 είς
3434 2282 3608 2350 λόγων

2039 2373 2285 2443 ἅμιλλαν,
2317 2372 2349 2442 ἢ
2381 2371 2638 2442 ῥημάτων
2684 2370 2960 2438 ἐπίδειξιν,
2993 2371 3341 2440 συγκαθείναι
3389 2373 3468 2443 τῷ
3509 2375 3605 2427 ἀν-

2038 2463 2240 2534 θρώπῳ
2266 2461 2402 2532 πρὸς
2429 2460 2758 2534 μειρακιώδη
2790 2463 2908 2516 τινὰ
2941 2462 3247 2533 φιλοτιμίαν
3275 2465 3605 2535 προάγομαι.

2050 2557 2162 2624 Ἐφ’
2189 2548 2262 2608 ὧν
2299 2553 2407 2624 γὰρ
2426 2553 2485 2607 τὸ
2514 2553 2675 2607 πλέον
2707 2553 2852 2626 ἔχειν
2881 2556 3173 2626 ἀνωφελὲς,
3210 2557 3303 2609 καὶ
3330 2557 3604 2630 ἀνόνητον,

2037 2647 2265 2715 ἑτοίμως
2289 2644 2636 2714 ἐκχωροῦμεν
2661 2647 2772 2709 τοῖς
2798 2645 3139 2717 βουλομένοις
3169 2648 3265 2718 τῆς
3292 2649 3466 2718 νίκης·
3496 2666 3616 2704 του-

2036 2738 2148 2790 τονὶ
2190 2736 2246 2788 δέ
2289 2736 2382 2789 καὶ
2416 2735 2588 2798 ἄλλως
2629 2737 2728 2803 μὲν
2775 2733 3006 2806 τρίϐωνα
3043 2737 3213 2806 λόγων
3243 2733 3383 2791 εἶναι
3415 2741 3612 2809 στοχά-

2038 2829 2220 2898 ζομαι,
2251 2828 2384 2898 πρὸς
2405 2828 2574 2898 αὐτὴν
2606 2827 2816 2896 βλέπων
2838 2828 2936 2898 τὴν
2956 2829 3082 2899 περὶ
3113 2828 3173 2881 τὸ
3195 2829 3372 2900 δόγμα
3391 2831 3606 2902 τριϐήν·

2035 2921 2396 2991 διαφερόντως
2420 2919 2478 2972 δὲ
2511 2920 2638 2990 περὶ
2663 2918 2752 2972 τὸν
2781 2918 3020 2989 παρόντα
3044 2921 3405 2991 πεπονηκέναι
3432 2921 3608 2990 λόγον,

2035 3011 2460 3083 τεκμαιρόμενος
2480 3008 2543 3062 ἔκ
2567 3027 2627 3096 τε
2655 3009 2747 3062 τοῦ
2775 3010 3220 3080 προσαναλῶσθαι
3249 3013 3315 3081 τῇ
3350 3011 3614 3083 λογογρα-

2040 3103 2136 3173 φίᾳ
2172 3101 2341 3172 ταύτῃ
2374 3101 2474 3170 τῆς
2511 3101 2658 3170 ζωῆς
2680 3099 2773 3154 τοῦ
2815 3101 3169 3172 συγγραφέως
3197 3104 3296 3157 οὐκ
3334 3104 3613 3175 ἐλάχιστον

2041 3193 2225 3264 μέρος·
2250 3192 2344 3245 καὶ
2371 3192 2434 3244 ἐκ
2458 3191 2551 3243 τοῦ
2591 3190 2729 3245 κατά
2763 3193 2941 3245 πᾶσαν
2969 3192 3269 3263 ὑπερϐολὴν
3314 3196 3441 3257 τοὺς
3483 3197 3612 3265 ἐρα-

2041 3283 2169 3345 στὰς
2193 3281 2356 3336 αὑτοῦ
2387 3283 2499 3344 τοῖς
2528 3281 2922 3352 πεπονημένοις
2939 3282 3289 3351 ἀγάλλεσθαι.
3325 3287 3434 3338 Καὶ
3463 3287 3614 3339 οὐδὲν

2038 3373 2266 3436 ἀπεικὸς
2284 3373 2374 3427 τὸν
2407 3375 2464 3426 ἐν
2491 3372 2778 3437 τοσαύταις
2807 3374 2941 3428 ἐτῶν
2963 3374 3258 3444 ὀλυμπιάσι
3283 3377 3608 3447 πονήσαντα,

2040 3463 2199 3517 πλέον
2223 3482 2272 3518 τι
2297 3464 2405 3516 τῶν
2425 3464 2648 3517 αὐτόθεν
2670 3465 3030 3518 ἐπιϐαλόντων
3065 3467 3608 3536 παρασκευάσασθαι·

2039 3555 2274 3608 δείκνυσι
2325 3555 2381 3608 δὲ
2433 3555 2628 3624 μᾶλλον
2667 3556 2766 3624 τὴν
2812 3556 3065 3625 τοιαύτην
3121 3557 3284 3611 αὐτοῦ
3331 3559 3459 3628 περὶ
3506 3560 3615 3611 τῶν

2039 3645 2210 3714 λόγων
2236 3645 2568 3716 κατατριὸὴν
2616 3645 2648 3715 ἡ
2683 3645 2809 3714 περὶ
2839 3644 2908 3696 τὰ
2933 3647 3186 3716 σχήματα
3213 3646 3356 3700 κατὰ
3379 3648 3480 3716 τὴν
3507 3647 3617 3700 τῶν
3668 3691 3674 3698 .

2043 3735 2312 3806 ῥηθέντων
2341 3735 2611 3806 συνθήκην
2644 3736 3022 3807 ἀπειροκαλία,
3054 3739 3146 3790 καὶ
3179 3739 3239 3791 τὺ
3283 3739 3530 3808 περιττόν
3557 3756 3612 3791 τε

2041 3827 2133 3879 καὶ
2163 3825 2386 3895 μάταιον
2413 3828 2510 3895 τῆς
2537 3825 2662 3897 περὶ
2686 3826 2751 3878 τὰ
2776 3825 2997 3881 τοιαῦτα
3020 3827 3274 3898 σπουδῆς.
3303 3828 3476 3881 Πολὺν
3506 3829 3614 3898 γάρ

2040 3932 2160 3969 τινα
2189 3915 2450 3985 συρφετὸν
2485 3915 2725 3981 λεξιδίων
2763 3915 2822 3980 ἐξ
2853 3916 3110 3983 ὑπογυίου
3164 3919 3521 3987 παρασκευῆς
3551 3919 3616 3972 ἔκ

2040 4022 2197 4059 τινων
2222 4005 2438 4075 βιϐλίων
2472 4005 2880 4075 ἐρανισάμενος,
2913 4005 2998 4057 ἐπ’
3042 4005 3240 4073 ὀλίγοις
3270 4011 3380 4068 τοῖς
3405 4009 3612 4076 νοηθεῖ-

2045 4110 2146 4159 σιν,
2200 4092 2506 4164 ἀμέτρητόν
2550 4111 2670 4146 τινα
2717 4093 2950 4162 σωρείαν
3004 4096 3264 4164 ῥημάτων
3316 4095 3614 4163 φιλοπόνως

2044 4185 2428 4255 συμφορήσας,
2473 4183 2562 4236 τὸν
2621 4184 2963 4256 πολύκμητον
3013 4185 3202 4239 τοῦτον
3266 4187 3617 4258 ἐξειργάσατο

2042 4275 2223 4335 πόνον,
2252 4274 2310 4326 ὃν
2359 4274 2636 4327 ἐπαινοῦσι
2670 4276 2787 4346 μὲν,
2829 4277 2924 4328 καὶ
2963 4275 3263 4342 τεθήπασιν
3291 4278 3341 4329 οἱ
3380 4278 3616 4348 μαθηταὶ

382 4375 627 4438 possent,
653 4368 860 4422 inﬁnita
888 4369 1120 4438 quadam
1149 4370 1436 4425 verborum
1459 4368 1710 4438 congerie
1753 4371 1936 4424 sedulo

2045 4364 2144 4434 τῆς
2180 4363 2415 4433 ἀπάτης,
2451 4365 2514 4417 ἐκ
2539 4365 2637 4435 τῆς
2666 4365 2794 4437 περὶ
2819 4365 2887 4418 τά
2913 4366 3099 4437 καίρια
3127 4369 3266 4437 τάχα
3295 4367 3613 4440 πηρώσεως,

383 4458 770 4530 superinjecta,
801 4475 938 4530 opus
974 4461 1078 4515 hoc
1108 4461 1438 4534 laboriosum
1477 4462 1764 4531 procudit:
1797 4463 1940 4532 quod

382 4550 604 4603 laudant
655 4550 872 4619 quidem
925 4559 977 4604 et
1015 4551 1356 4606 admirantur
1401 4551 1655 4622 discipuli
1710 4553 1939 4616 erroris,

382 4637 636 4694 fortassis
663 4655 729 4694 ex
759 4640 1026 4705 caecitate,
1068 4657 1177 4710 qua
1208 4643 1264 4696 in
1299 4644 1464 4697 rectis
1508 4644 1778 4708 laborant,
1832 4644 1944 4713 pri-

381 4729 491 4784 vati
523 4729 778 4784 nimirum
803 4732 951 4785 omni
981 4730 1234 4785 facultate
1266 4741 1413 4787 recta
1442 4749 1468 4785 a
1501 4750 1607 4787 non
1628 4737 1792 4788 rectis
1827 4735 1943 4790 di‘s-

385 4820 686 4885 cernendi;
746 4831 800 4874 at
834 4822 910 4874 illi
949 4823 1148 4891 quibus
1178 4837 1273 4875 cor
1318 4823 1571 4878 sordibus
1607 4824 1944 4878 inﬁdelitatis

382 4911 734 4965 obscuratum
808 4927 916 4964 non
967 4921 1067 4975 est,
1121 4913 1337 4979 rident;
1371 4921 1424 4967 et
1470 4914 1623 4968 nihili
1680 4917 1940 4986 pendunt.

383 5000 518 5056 Nam
568 5000 692 5069 quis
745 5000 916 5054 risum
970 5005 1266 5068 contineat,
1325 5021 1448 5057 cum
1492 5005 1638 5058 videt
1697 5009 1941 5074 promitti

381 5092 600 5164 quidem
630 5107 728 5162 pro
749 5093 977 5146 veritate
1031 5109 1242 5148 omnem
1285 5111 1478 5173 curam
1517 5105 1571 5151 et
1596 5098 1940 5161 industriam,

382 5188 554 5254 ipsam
585 5199 714 5238 vero
761 5182 1085 5237 industriam
1125 5194 1289 5238 totam
1324 5187 1376 5239 in
1417 5189 1710 5242 verborum
1749 5189 1941 5258 ﬁgura-

383 5290 611 5344 rumque
646 5273 863 5343 incptiis
881 5273 1030 5327 nullo
1055 5275 1420 5330 emolumento
1437 5277 1559 5344 poni
1584 5277 1768 5342 ?Quid
1797 5280 1940 5332 enim

383 5367 644 5420 momenti
677 5365 826 5420 aﬂ'ert
861 5366 927 5420 ad
976 5364 1380 5429 refutationem,
1443 5377 1501 5420 ut
1559 5368 1674 5436 ipse
1723 5369 1941 5436 quidem

384 5456 698 5523 arbitratur,
728 5459 994 5512 doctrina:
1037 5465 1257 5520 nostra},
1312 5466 1364 5511 et
1412 5459 1940 5514 commendationem

383 5547 629 5602 veritatis
654 5564 864 5612 eorunt,
908 5550 976 5606 de
1023 5549 1222 5620 quibus
1256 5550 1571 5619 ambigitur,
1613 5549 1944 5604 existimatio

384 5633 628 5704 qumdzun
665 5640 946 5705 peregrina
995 5647 1199 5693 ornatzc
1219 5637 1695 5707 sclicmatibusquo
1719 5647 1943 5707 (‘tHltllill‘

2049 4454 2489 4525 συναφῃρημένοι
2545 4456 2743 4518 παντὸς
2795 4457 2960 4510 καλοῦ
3009 4476 3072 4512 τε
3119 4461 3216 4512 καὶ
3262 4461 3335 4530 μὴ
3375 4461 3616 4514 τοιούτου

2043 4544 2330 4612 διάκρισιν·
2361 4546 2557 4613 γελῶσι
2581 4545 2635 4598 δὲ
2661 4546 2752 4599 καὶ
2777 4548 2890 4600 ἀντ’
2916 4548 3125 4613 οὐδενὸς
3153 4544 3289 4603 εἶναι
3320 4550 3614 4621 κρίνουσιν,

2045 4629 2125 4698 οἷς
2155 4635 2216 4687 τὸ
2241 4635 2540 4707 διορατικὸν
2564 4635 2660 4705 τῆς
2687 4637 2912 4707 καρδίας
2939 4637 3016 4708 τῷ
3045 4640 3199 4708 ῥύπῳ
3220 4639 3320 4710 τῆς
3361 4639 3617 4702 ἀπιστίας

2045 4728 2140 4780 οὐκ
2166 4727 2581 4798 ἐπημαύρωται.
2610 4728 2706 4789 Τίς
2726 4727 2834 4796 γὰρ
2855 4729 2954 4782 οὐκ
2977 4729 3042 4783 ἂν
3063 4731 3284 4793 εἰκότως
3316 4730 3618 4798 γελάσειεν,

2045 4817 2185 4887 ὁρῶν
2210 4816 2307 4887 τὴν
2348 4817 2446 4886 μέν
2487 4815 2742 4868 ὑπόθεσιν
2783 4817 2882 4884 τῆς
2923 4817 3156 4886 σπουδῆς
3193 4817 3334 4886 ὑπὲρ
3376 4815 3484 4868 τῶν
3520 4816 3617 4885 τῆς

2045 4907 2300 4978 ἀληθείας
2347 4907 2627 4976 δογμάτων
2681 4907 3114 4977 ἐπηγγελμένην,
3183 4907 3352 4977 αὐτὴν
3407 4907 3464 4960 δέ
3520 4909 3618 4977 τὴν

2047 4996 2298 5066 σπουδὴν,
2342 4999 2419 5059 εἰς
2457 4997 2718 5068 ῥημάτων
2757 5015 2816 5050 τε
2855 5000 2946 5050 καὶ
2993 4997 3284 5068 σχημάτων
3325 4997 3621 5067 ἀπειροκαο

2044 5088 2163 5141 λίαν
2193 5088 2565 5158 ἠσχολημένην
2603 5090 2687 5141 ἐπ’
2729 5090 2902 5143 οὐδενὶ
2952 5089 3362 5160 κατορθώματι;
3415 5091 3480 5142 Τί
3514 5092 3622 5161 γάρ

2046 5176 2113 5231 ἂν
2154 5180 2246 5229 καὶ
2275 5177 2474 5248 μᾶλλον
2499 5179 2923 5246 συναγωνίσαιτο
2951 5180 3081 5250 πρὸς
3114 5179 3332 5248 ἔλεγχον
3361 5180 3459 5251 μὲν
3492 5181 3616 5240 τῶν,

2047 5268 2122 5332 ὡς
2143 5268 2301 5330 αὐτὸς
2323 5270 2508 5334 οἴεται,
2531 5271 2650 5340 είρη
2659 5270 2852 5338 μένων,
2884 5271 3140 5324 σύστασιν
3163 5271 3218 5324 δέ
3246 5271 3346 5341 τῆς
3367 5271 3622 5341 ἀληθείας

2043 5359 2151 5412 τῶν
2181 5360 2525 5430 ζητουμένων
2563 5361 2773 5413 ἐπίνοιά
2797 5377 2879 5423 τις
2905 5361 3012 5414 τῶν
3038 5363 3096 5414 ὲν
3125 5361 3203 5431 τῷ
3235 5361 3378 5431 λόγῳ
3407 5361 3620 5431 σχημά-

2044 5468 2151 5503 των
2173 5451 2476 5513 ἀλλόκοτος,
2503 5450 2596 5503 καὶ
2623 5450 2872 5516 σύνταξις
2893 5453 3268 5522 καινοπρεπής
3289 5469 3348 5504 τε
3378 5454 3472 5506 καὶ
3500 5452 3625 5504 ἰδιά-

2046 5542 2244 5605 ζουσα,
2292 5543 2386 5594 καί
2421 5541 2576 5612 ὕϐρις
2625 5541 3030 5613 σπουδαζομένη
3052 5584 3065 5606 ,
3101 5543 3196 5596 καὶ
3229 5543 3432 5613 σπουδὴ
3461 5543 3623 5596 πάλιν

2048 5633 2372 5704 ὑϐριζομένη
2396 5674 2408 5698 ν
2437 5634 2554 5686 κατ’
2579 5634 2762 5688 οὐδένα
2779 5633 2935 5704 ζῆλον
2967 5635 3071 5689 τῶν
3108 5635 3510 5705 προειληφότων
3529 5632 3620 5684 ἐκ-
