4066 6146
417 242 530 300 955

1547 231 1827 290 CONTRA
1883 231 2283 297 EUNOMIUM,
2339 230 2467 286 LIB.
2510 230 2552 286 1.

3574 234 3679 290 εδει

421 359 715 430 πονηθεῖσα
741 375 758 425 ;
787 358 860 411 Οὐ
903 356 1008 428 γὰρ
1059 356 1124 410 ἂν
1155 353 1266 426 ἔχοι
1308 373 1388 418 τις
1432 353 1671 426 ἐξευρεῖν
1711 355 1844 424 “pb;
1890 355 2010 408 τίνα

2117 351 2407 414 orationis,
2436 358 2490 404 et
2545 349 2872 420 compositio
2902 364 3041 403 nova
3083 358 3137 405 et
3171 349 3450 414 inusitata,
3512 360 3563 405 et
3590 353 3678 406 in-

423 448 636 520 βλέπων
663 447 771 499 τῶν
794 448 884 499 ἐπὶ
902 447 1046 516 λόγῳ
1069 444 1504 517 γνωριζομένων,
1527 445 1717 498 ἑαυτὸν
1741 449 1818 508 εἰς
1851 445 2008 498 τοῦτο

2117 444 2252 512 iuria
2317 441 2604 508 affectata;
2668 449 2721 495 et
2788 457 2980 496 rursus
3055 441 3326 497 affectatio
3390 441 3676 512 injuriosa,

423 541 754 609 προήγαγεν,
799 538 987 608 ὥσπερ
1033 555 1116 600 τις
1173 536 1283 589 τῶν
1333 538 1424 590 ἐπὶ
1475 538 1677 608 σκηνῆς
1734 538 2006 607 θαυματο-

422 632 718 686 ποιούντων
749 631 838 684 διὰ
872 629 1244 702 παραλλήλων,
1286 630 1378 682 καὶ
1413 627 1702 690 ίσοκώλων,
1742 628 2007 698 όμοιοφώ-

421 741 528 777 νων
556 741 618 775 τε
646 722 741 775 καὶ
767 722 1278 792 ὁμοιοκαταλήκτων
1301 721 1580 791 ῥημάτων,
1609 713 1719 771 οἶόν
1745 737 1853 772 τισι
1885 738 1914 771 κ
1924 737 2006 790 ρο-

419 816 604 880 τάλοις
635 815 715 885 τῷ
744 814 852 867 τῶν
898 813 1138 880 λεξιδίων
1185 811 1376 883 ῥυθμῷ
1425 810 1867 881 διακυμὸαλίζων
1918 811 2007 864 τὸν

420 909 600 976 λόγον.
649 906 884 960 Τοιαῦτα
921 905 1032 975 γάρ
1078 907 1192 957 ἐστι
1245 903 1380 974 μετά
1423 903 1631 956 πολλῶν
1663 903 1882 974 ἑτέρων,
1917 903 2010 955 καὶ

420 998 491 1051 τά
553 999 610 1050 ἐν
647 996 950 1066 προοιμίοις
1013 993 1177 1047 αὑτοῦ
1233 993 1598 1063 τερετίσματα
1650 992 1718 1045 τὰ
1762 991 2005 1062 βλακώδη

420 1085 630 1151 ταῦτα,
674 1084 768 1138 καὶ
809 1082 1307 1155 παρατεθρυμμένα
1341 1083 1636 1144 σωτάδεια,
1672 1081 1708 1134 ἃ.
1748 1099 1836 1151 μοι
1867 1082 2011 1132 δοκεῖ

421 1179 564 1248 τάχα
602 1176 737 1247 μηδὲ
769 1173 1022 1247 ἠρεμαίῳ
1054 1174 1304 1240 διεξιέναι
1335 1173 1412 1245 τῷ
1443 1175 1702 1244 σχήματι,
1734 1173 1845 1225 ἀλλ’
1880 1173 2009 1225 ὑπο-

425 1268 635 1338 κροτῶν
664 1269 741 1339 τῷ
783 1267 940 1332 ποδὶ,
976 1267 1068 1319 καὶ
1094 1265 1372 1335 ὲπιψοφῶν
1399 1268 1509 1329 τοῖς
1550 1265 1826 1327 δακτύλοις
1857 1265 2008 1333 λιγυ-

429 1359 536 1429 ρῶς
564 1359 678 1429 ἅμα
707 1359 844 1430 πρὸς
866 1358 956 1410 τὸν
984 1357 1186 1428 ῥυθμὸν
1214 1355 1656 1427 ἐπιφθέγγεσθαι,
1693 1358 1786 1410 καὶ
1807 1355 2003 1425 λέγειν,

423 1449 486 1502 τὸ
517 1450 609 1502 καὶ
643 1449 808 1518 μηδὲν
840 1447 919 1500 ἔτι
965 1447 1197 1518 δεήσειν,
1236 1448 1370 1518 μήτε
1403 1446 1576 1514 λόγων
1610 1447 1830 1518 ἑτέρων,
1869 1449 2003 1518 μήτε

428 1540 606 1593 πόνων
635 1539 919 1608 δευτέρων.

2109 535 2261 590 nullo
2293 533 2590 596 desiderio,
2637 548 2698 586 ea
2727 548 2849 602 qua:
2891 535 3168 603 proposita
3205 533 3442 599 fuerant,
3494 551 3680 604 perse—

2109 626 2313 696 quendi
2360 624 2677 680 elaborata?
2714 623 2869 677 Haud
2914 626 3056 680 enim
3085 625 3242 680 facile
3287 627 3412 696 quis
3460 626 3677 682 dixerit.

2108 718 2394 788 cuiusnam
2423 732 2489 770 ex
2516 716 2899 784 eloquentibus
2920 717 3144 786 vestigia
3175 717 3446 781 imitatus,
3467 733 3532 771 eo
3553 733 3679 787 pro-

2110 811 2360 875 cesserit,
2389 818 2447 862 ut
2484 810 2651 863 veluti
2694 811 2948 864 scenicus
2983 811 3253 880 quispiam
3304 819 3680 880 portentorum

2111 908 2166 954 et
2193 897 2527 952 mirabilium
2557 898 2803 960 effector,
2830 899 3132 962 orationem
3196 902 3464 971 oppositis
3504 903 3683 956 isoco-

2111 990 2198 1052 lis,
2227 1005 2320 1044 seu
2353 989 2576 1059 paribus
2604 990 2872 1044 membris
2929 998 2982 1045 et
3029 991 3282 1046 similiter
3338 993 3680 1054 cadentibus,

2111 1087 2372 1148 tanquam
2405 1079 2758 1148 crcpitaculis
2812 1081 3140 1149 quibusdam
3195 1084 3514 1136 vocularum
3549 1099 3683 1138 con-

2112 1172 2379 1228 cinnitate
2411 1172 2747 1227 distinxerit.
2779 1172 3102 1243 Cuiusmodi
3132 1182 3330 1243 praeter
3364 1177 3531 1229 multa
3551 1178 3680 1242 alia,

2111 1263 2206 1318 illa
2239 1264 2427 1318 itidem
2460 1272 2609 1328 sunt,
2647 1280 2767 1333 quae
2791 1267 2976 1319 statim
3015 1265 3068 1319 in
3098 1267 3322 1322 exordio
3361 1280 3679 1334 occurrunt,

2114 1354 2450 1409 teretismata
2494 1363 2548 1411 et
2584 1356 2902 1424 crepundia,
2964 1357 3148 1411 mollia
3209 1366 3264 1412 et
3298 1359 3502 1413 lasciva
3544 1369 3684 1414 sota-

2111 1445 2236 1510 dea,
2283 1461 2404 1516 qua:
2433 1462 2552 1501 mea
2608 1447 2826 1516 quidem
2876 1450 3150 1502 sententia
3199 1449 3290 1504 ille
3329 1467 3397 1504 ne
3450 1451 3684 1506 recitare

2111 1537 2328 1607 quidem
2389 1554 2552 1609 posse
2611 1540 2828 1594 videtur
2889 1539 3046 1594 firmo
3098 1551 3152 1596 et
3205 1543 3390 1612 quieto
3434 1544 3683 1614 corporis

427 1643 597 1700 statu,
667 1633 762 1689 sed
818 1633 1014 1702 pedum
1071 1635 1322 1702 strepitu,
1393 1647 1763 1702 manuumque
1811 1631 2004 1701 plausu
2041 1641 2164 1701 apte
2194 1633 2406 1688 scilicet
2435 1633 2503 1688 ad
2538 1649 2850 1701 numerum,
2892 1635 3093 1696 additis
3128 1636 3260 1702 illis,
3326 1637 3479 1691 nullo
3562 1653 3678 1692 am-

427 1727 571 1797 plius
591 1741 730 1795 opus
752 1739 898 1788 esse,
944 1739 1122 1792 neque
1147 1724 1271 1777 aliis
1301 1723 1670 1786 orationibus,
1721 1738 1894 1790 neque
1917 1723 2067 1777 curis
2096 1723 2379 1778 secundis.

511 1818 600 1869 Ἐν
647 1815 854 1878 τούτοις
896 1814 1091 1879 τοίνυν,
1145 1815 1238 1867 καὶ⁹
1286 1817 1399 1877 τοῖς
1448 1813 1705 1877 τοιούτοις
1737 1814 1798 1867 τὸ
1849 1813 2008 1866 πλέον

2179 1813 2240 1869 in
2264 1815 2349 1869 his
2385 1814 2552 1886 igitur
2578 1823 2631 1871 et
2658 1816 2943 1886 similibus
2978 1816 3209 1871 libenter
3243 1819 3291 1871 ei
3321 1821 3523 1886 primas
3553 1834 3685 1872 cou-

429 1909 574 1978 ἔχειν
603 1905 763 1959 αὐτὸν
792 1905 1169 1974 συγχωρήσας,
1198 1904 1292 1957 καὶ
1321 1903 1463 1957 κατὰ
1484 1903 1729 1968 ἐξουσίαν
1755 1905 2013 1974 ὲμφορεί-.

430 1996 555 2051 σθαι
580 1996 680 2066 τῆς
710 1996 882 2066 νίκης,
919 1997 1098 2048 πᾶσαν
1125 1993 1224 2065 τὴν
1250 1995 1380 2065 περὶ
1407 1993 1576 2047 ταῦτα
1613 1994 1844 2066 σπουδὴν
1872 1993 2014 2046 ἑκὼν

429 2088 828 2160 ὑπερϐήσομαι,
855 2086 930 2149 ὡς
976 2087 1156 2157 μόνοις
1187 2088 1300 2149 τοῖς
1340 2085 1476 2157 πρὸς
1512 2085 1820 2157 φιλοτιμίαν
1845 2085 2012 2157 ὁρῶσι

431 2180 812 2250 προσήκουσαν
831 2214 847 2239 ,
877 2177 934 2230 εί
959 2177 1021 2244 γέ
1053 2194 1174 2229 τινα
1221 2176 1375 2246 φέρει
1406 2177 1712 2246 φιλοτιμίαν
1740 2176 1875 2240 ὅλως
1903 2180 2014 2239 τοῖς
2054 2181 2058 2188 ’

429 2271 690 2332 τοιούτοις
714 2269 821 2322 τῶν
841 2269 1012 2337 λόγων
1037 2269 1537 2340 ὲνδιαθρύπτεσθαι·
1566 2271 1687 2322 ἐπεὶ
1709 2271 1800 2323 καὶ
1833 2272 1860 2322 ὁ
1885 2274 2014 2341 γνή-

434 2378 548 2425 σιος
586 2361 864 2430 ὑπηρέτης
910 2361 1007 2413 τοῦ
1049 2361 1207 2428 λόγου
1252 2360 1482 2425 Παῦλος,
1517 2361 1650 2433 μόνῃ
1693 2365 1761 2432 τῇ
1792 2361 2016 2432 ἀληθείᾳ

430 2453 802 2526 κοσμούμενος
821 2495 838 2520 ,
867 2453 1027 2516 αὐτός
1056 2471 1114 2506 τε
1147 2457 1266 2517 ταῖς
1292 2454 1566 2518 τοιαύταις
1597 2453 1887 2519 ποικιλίαις
1926 2456 2014 2508 αἱ·

433 2547 598 2618 σχρὸν
619 2545 754 2618 ᾤετο
775 2545 1272 2616 κατασχηματίζειν
1289 2547 1378 2600 τὸν
1400 2547 1575 2616 λόγον,
1597 2548 1690 2600 καὶ
1710 2548 1859 2618 ἡμᾶς
1881 2547 2016 2619 πρὸς

430 2638 531 2711 τὴν
559 2638 816 2708 ἀλήθειαν
839 2638 1010 2710 μόνην
1061 2638 1271 2709 άφορᾷν
1301 2637 1661 2703 ἐξεπαίδευσέ,
1699 2639 1878 2702 καλῶς
1924 2639 2017 2692 καὶ

433 2729 822 2801 προσηκόντως
855 2728 1012 2782 τοῦτο
1037 2729 1360 2799 νομοθετῶν.
1394 2730 1460 2782 Τί
1486 2729 1597 2800 γὰρ
1625 2729 1729 2801 χρὴ
1752 2730 1850 2802 τὴν
1885 2747 2017 2800 κομ-

437 2822 686 2892 μωτικὴν
715 2821 1029 2892 περιεργίαν
1053 2823 1130 2884 είς
1153 2822 1252 2892 τὴν
1277 2822 1371 2875 τοῦ
1396 2821 1548 2875 νόθου
1577 2823 1668 2875 καὶ
1696 2823 2017 2892 σεσοφισμέ-

433 2933 527 2968 νου
581 2912 810 2976 κάλλους
845 2912 1149 2965 συντέλειαν
1198 2912 1550 2985 ἐπισύρεσθαι
1589 2915 1680 2968 τδν
1715 2914 1793 2984 τῷ
1830 2913 2018 2984 κόσμῳ

432 3006 536 3074 τῆς
562 3003 821 3075 ἀληθείας
864 3002 1269 3075 ὠραῖζόμενονς
1313 2999 1409 3069 Οἷς
1448 3006 1547 3075 μὲν
1589 3006 1697 3077 γὰρ
1733 3007 2014 3076 ἄπεστινὴ

435 3095 686 3166 ἀλήθεια,
717 3097 988 3166 χρήσιμον
1015 3095 1143 3160 ἴσως
1172 3096 1258 3150 διὰ
1278 3098 1377 3168 τῆς
1409 3098 1517 3151 τῶν
1542 3100 1801 3170 ῥημάτων
1831 3100 2019 3171 ἡδονῆς

437 3187 880 3258 ὑποφαρμάττειν
909 3187 970 3240 τὸ
999 3186 1211 3256 ψεῦδος,
1246 3182 1357 3243 οἷόν
1403 3207 1455 3242 τι
1490 3189 1682 3259 φύκιον
1710 3191 1808 3260 τὴν
1836 3191 2018 3245 τοιαύ-

436 3296 536 3349 την
581 3280 899 3351 περιεργίαν
970 3279 1402 3350 ἐνδιατρίϐοντας
1439 3281 1515 3353 τῷ
1561 3283 1864 3355 χαρακτῆρι
1925 3283 2018 3337 τοῦ

437 3370 616 3438 λόγου.
650 3369 807 3423 Οὕτω
838 3369 947 3441 γάρ
975 3369 1040 3423 ἂν
1070 3372 1275 3443 πιθανή
1309 3391 1366 3426 τε
1414 3375 1507 3428 καὶ
1551 3375 1952 3447 εὐπαράδεκτος
1986 3380 2019 3448 ἡ

442 3461 624 3532 ἀπάτη
675 3465 784 3524 τοῖς
821 3462 1078 3516 ἀκούουσι
1123 3463 1332 3531 γένοιτο
1371 3468 1880 3538 κατεγνωρισμένη,
1932 3469 2025 3521 καὶ

445 3551 870 3624 περιηνθισμένη
913 3558 1036 3619 ταῖς
1068 3555 1341 3621 τοιαύταις
1377 3557 1472 3611 τοῦ
1522 3557 1680 3626 λόγου
1715 3559 2021 3628 κομψείαις.

449 3643 616 3696 Ὀταν
647 3641 702 3694 δὲ
735 3641 951 3716 καθαρά
993 3643 1086 3696 καὶ
1110 3643 1317 3714 ἀμιγὴς
1353 3645 1549 3708 παντὸς
1577 3646 1794 3717 δολεροῦ
1822 3665 2027 3716 προκα-

445 3733 724 3805 λύμματπ
755 3734 1123 3805 σπουδάζηταί
1144 3752 1284 3789 τισιν
1327 3738 1358 3806 ἠ
1404 3736 1648 3806 ἀλήθεια,
1681 3738 1886 3792 οἴκοθεν
1925 3741 2024 3792 ὲπ-

448 3827 750 3896 ἀστράπτει
778 3829 885 3890 τοῖς
910 3826 1229 3896 λεγομένοις
1259 3829 1320 3879 τὸ
1350 3827 1564 3891 κάλλος.

513 4000 738 4056 Μέλλων
775 4002 831 4054 δὲ
878 4002 975 4074 ἢδη
1029 4002 1130 4072 τῆς
1164 4001 1462 4066 ἐξετάσεως
1498 4002 1762 4056 ἅπτεσθαι
1804 4005 1912 4058 τῶν
1944 4006 2018 4058 εί-

449 4091 721 4162 ρημένων,
756 4092 1054 4162 ἀμηχανεῖν
1096 4108 1185 4162 μοι
1234 4091 1377 4146 δοκῶ
1427 4092 1675 4166 καθάπερ
1711 4096 1767 4148 ὲν
1797 4096 2026 4166 νηνεμίᾳ

444 4199 528 4246 τις
552 4182 819 4252 γεωργὸς,
853 4183 953 4235 ούκ
982 4182 1120 4254 ἔχων
1143 4184 1289 4246 ὅπως
1318 4184 1654 4256 διακρίναιμι
1679 4185 1769 4238 τὸν
1797 4185 2023 4256 καρπὸν,

447 4275 541 4327 καὶ
584 4274 649 4327 τὺ
686 4274 904 4344 ἄχυρον·
956 4275 1210 4329 τοσοῦτον
1258 4278 1314 4328 ἐν
1349 4275 1423 4346 τῷ
1471 4275 1680 4345 θημῶνι
1704 4275 1877 4346 τούτῳ
1919 4277 2026 4330 τῶν

444 4363 616 4432 λόγων
667 4363 728 4416 τὺ
760 4363 1010 4434 περιττόν
1040 4381 1098 4417 τε
1144 4365 1237 4418 καὶ
1269 4366 1542 4437 ἀχυρῶδές
1571 4368 1739 4433 ἐστιν,
1762 4367 1838 4431 ὡς
1862 4368 2028 4436 ἐγγὺς

445 4447 585 4505 εἶναι
612 4453 705 4505 τοῦ
748 4452 992 4524 μηδόλως
1022 4453 1257 4524 νομίζειν
1297 4455 1354 4508 ὲν
1404 4457 1538 4510 πᾶσι
1568 4459 1684 4521 τοῖς
1719 4458 2026 4528 εἰρημένοις

446 4545 538 4596 ὑπ’
562 4543 747 4608 αὐτοῦ,
775 4546 1109 4615 πραγμάτων
1125 4537 1260 4595 εἷναί
1277 4546 1449 4616 τιναῆ
1481 4548 1764 4617 νοημάτων
1793 4548 2029 4601 ὑπόστα-

449 4651 552 4688 σιν.
597 4633 672 4685 To
712 4632 819 4705 γὰρ
865 4635 1032 4686 πᾶσιν
1075 4633 1272 4704 ἐφεξῆς
1318 4637 1430 4697 τοῖς
1472 4636 1874 4707 γεγραμμένοις
1927 4641 2024 4690 έπ-

447 4723 670 4787 εξιέναι,
710 4723 938 4794 μάταιόν
964 4741 1024 4776 τε
1055 4724 1170 4794 ἅμα
1194 4725 1330 4794 πρὸς
1373 4726 1473 4797 τὴν
1495 4726 1745 4796 σπουδὴν,
1778 4727 1871 4780 καὶ
1903 4729 2023 4780 ἐπί-

449 4830 629 4876 πονον,
669 4815 765 4867 καὶ
793 4814 912 4868 οὐδὲ
942 4832 1003 4867 συ
1012 4815 1234 4885 μϐαῖνον
1253 4815 1421 4888 κρίνω
1443 4817 1518 4888 τῷ
1539 4819 1790 4889 ἡμετέρῳ
1815 4820 2018 4890 σκοπῷ.

449 4904 585 4958 Οὔτε
616 4905 724 4976 γὰρ
754 4906 1007 4960 τοσοῦτον
1040 4907 1316 4978 περίεστιν
1351 4910 1480 4978 ἡμῖν
1515 4911 1612 4979 τῆς
1657 4912 1848 4981 σχολῆς
1875 4910 2022 4982 ἔχειν

450 4997 569 5050 κατ’
601 4996 852 5062 ἐξουσίαν
878 4998 1214 5068 ὲνευκαιρεῖν
1247 5001 1358 5062 τοῖς
1395 5001 1660 5068 ματαίοις·
1707 5001 1798 5054 καὶ
1857 5018 2018 5072 προσο

451 5089 604 5157 ήκειν
631 5085 786 5159 οἶμαι
813 5088 904 5141 τὸν
929 5088 1149 5158 δόκιμον
1181 5090 1438 5160 ἐργάτην,
1470 5093 1544 5163 μὴ
1573 5093 1699 5163 περὶ
1726 5092 1792 5147 τὰ
1821 5093 2022 5163 μάταια

449 5180 795 5250 κατατρίϐειν
845 5180 943 5249 τὴν
991 5180 1237 5251 δύναμιν,
1289 5183 1401 5235 ἀλλ’
1451 5185 1507 5235 ὲν
1541 5180 1622 5246 οἷς
1649 5185 1677 5236 ὁ
1730 5185 1890 5249 πόνος
1932 5186 2023 5239 τὸν

449 5271 658 5340 καρπὸν
696 5269 1127 5340 ὁμολογούμενον
1165 5271 1296 5341 ἔχει.

354 5364 357 5365 ⁷
522 5362 659 5415 Ὅσα
682 5361 861 5414 τοίνυν
888 5361 1044 5426 εὐθὺς
1071 5363 1128 5414 ἐν
1151 5364 1456 5434 προοιμίοις
1483 5366 1871 5435 ἀποσεμνύνων
1898 5369 2024 5422 ἐαυ-

449 5452 538 5506 τδν
572 5453 646 5517 ὡς
671 5451 933 5520 ἀληθείας
966 5453 1275 5522 προστάτην
1307 5454 1381 5523 τῷ
1423 5455 1518 5525 τῆς
1558 5456 1810 5520 ἀπιστίας
1835 5458 2023 5511 ὀνείδει

449 5544 556 5599 τῶν
583 5543 1054 5612 ἀντιτεταγμένων
1085 5543 1437 5609 καθάπτεται,
1475 5546 1647 5614 λέγων
1689 5546 1922 5618 ἔμμονον
1973 5566 2024 5601 τι

450 5637 540 5690 καὶ
587 5637 941 5690 δυσέκνιπτον
976 5635 1158 5693 αὐτοῖς
1213 5636 1553 5704 ἐντετηκέναι
1588 5637 1646 5689 τὸ
1684 5641 1858 5704 μῖσος.
1913 5640 2018 5692 Καὶ

2113 1906 2248 1962 cedo
2287 1906 2621 1977 victoriaque
2667 1909 2823 1976 plene
2858 1906 2965 1961 frui
3014 1922 3168 1977 aequa
3230 1917 3408 1963 mente
3465 1910 3680 1978 patior;

2114 1999 2365 2068 neglecto
2407 1999 2552 2054 enim
2573 1999 2720 2053 circa
2746 2015 2832 2054 res
2855 1999 3167 2069 hujusmodi
3203 2001 3546 2055 accuratiore
3569 2009 3685 2057 stu-

2115 2089 2206 2143 dio
2235 2098 2495 2160 tanquam
2525 2090 2635 2144 illis
2657 2098 3002 2160 competente
3040 2091 3131 2160 qui
3161 2091 3342 2146 omnia
3380 2093 3446 2146 ad
3470 2093 3683 2147 laudern

2115 2182 2392 2252 propriam
2431 2181 2698 2248 referunt,
2734 2184 2780 2236 si
2830 2197 2995 2252 quam
3048 2190 3234 2237 tamen
3279 2184 3495 2238 laudem
3541 2185 3682 2253 parit

2113 2273 2169 2326 in
2195 2273 2290 2325 tali
2317 2271 2583 2327 orationis
2616 2287 2815 2342 genere
2843 2271 3088 2327 studiose
3125 2275 3499 2334 versari,cum
3520 2289 3683 2328 verus

2114 2371 2170 2418 et
2198 2378 2492 2434 germanus
2546 2364 2817 2418 sermonis
2855 2364 3177 2420 administer
3228 2364 3288 2418 D.
3345 2363 3546 2420 Paulus
3569 2366 3685 2421 sola

2113 2455 2346 2510 veritate
2378 2454 2664 2525 speciosus
2695 2465 2850 2526 turpe
2868 2457 3146 2512 censuerit
3188 2457 3509 2526 hujusmodi
3535 2458 3686 2512 leno-

2116 2545 2276 2601 ciniis
2301 2547 2604 2601 orationem
2637 2547 2873 2614 variare,
2911 2563 3123 2616 nosque
3158 2549 3224 2601 ad
3267 2549 3438 2603 solam
3477 2549 3684 2602 verita-

2119 2643 2222 2690 tem
2245 2635 2516 2705 respicere
2533 2634 2783 2689 docuerit
2805 2653 2820 2702 ;
2860 2643 3002 2690 recte
3021 2643 3073 2690 et
3099 2637 3484 2689 convenienter
3507 2636 3688 2689 isthoc

2121 2725 2398 2780 sanciens.
2425 2725 2566 2792 Quid
2597 2726 2744 2780 enim
2777 2727 2968 2781 attinet
2990 2727 3364 2781 curiositatem
3396 2727 3544 2778 illam
3568 2740 3689 2779 ora-

2117 2815 2306 2881 tionis,
2330 2831 2451 2887 quae
2477 2818 2534 2872 in
2558 2818 2772 2873 crebris
2798 2815 3008 2872 ineissis
3023 2818 3378 2872 etcommatis
3417 2818 3688 2882 consistit,

2120 2909 2187 2962 ad
2217 2908 2367 2964 falsae
2399 2917 2454 2964 et
2503 2908 2702 2964 fucata:
2752 2909 3178 2980 pulchritudinis
3231 2910 3690 2978 complementum

2120 3001 2407 3056 corradere
2447 3001 2597 3055 illum
2645 3002 2738 3070 qui
2781 3011 2980 3056 ornatu
3024 3001 3272 3056 veritatis
3316 2999 3692 3070 splendescit?

2126 3091 2220 3148 llis
2253 3094 2396 3148 enim
2428 3108 2567 3162 quos
2593 3094 2795 3148 veritas
2825 3093 3030 3148 deserit
3068 3093 3200 3147 utile
3234 3092 3487 3147 fortassis
3529 3093 3692 3146 fuerit

2046 3180 2088 3240 (Ξ
2120 3183 2301 3238 velare
2353 3183 2695 3238 mendacium
2738 3183 3036 3238 verborum
3090 3190 3397 3246 venustate,
3445 3183 3691 3252 inspersa

2123 3273 2439 3343 hujusmodi
2483 3273 2633 3327 inani
2675 3282 2729 3328 et
2777 3272 3052 3342 superﬂua
3100 3273 3382 3342 diligentia
3434 3274 3691 3336 orationi,

2124 3373 2384 3434 tanquam
2418 3365 2542 3420 fuco
2569 3364 2828 3436 quodam.
2879 3363 3014 3418 Nam
3049 3366 3153 3419 hoc
3189 3374 3350 3434 pacto
3391 3380 3546 3418 error
3569 3379 3678 3432 pro-

2124 3457 2344 3519 babilis,
2375 3463 2430 3510 et
2464 3456 2663 3525 dignus
2698 3454 3092 3524 approbatione
3124 3455 3474 3507 auditoribus
3518 3455 3694 3508 videri

2125 3556 2324 3619 potest,
2356 3554 2544 3617 utpote
2573 3554 2748 3603 tectus
2773 3554 2828 3602 et
2863 3531 3143 3602 nitescens
3167 3546 3370 3601 talibus
3398 3546 3692 3600 verborum

2126 3639 2484 3692 ornamentis.
2517 3637 2587 3691 At
2625 3638 2846 3708 quando
2867 3639 2992 3707 quis
3038 3637 3211 3706 ipsam
3247 3638 3532 3691 veritatem
3587 3652 3689 3706 pu-

2126 3743 2246 3782 ram
2293 3737 2348 3782 et
2395 3728 2601 3782 nullius
2646 3729 2860 3783 externi
2899 3728 3224 3783 admistione
3265 3729 3692 3789 contaminatam

2128 3822 2390 3880 sectatur,
2428 3815 2611 3868 nativa
2638 3816 2874 3885 quadam
2900 3817 3311 3887 pulchritudine
3361 3818 3692 3888 splendescit

2127 3906 2326 3960 oratio.

2199 3997 2468 4054 Caeterum
2503 4013 2861 4068 aggressurus
2883 3998 2994 4068 jam
3030 4014 3260 4054 examen
3302 4010 3354 4054 et
3392 4001 3687 4057 discussio-

2126 4105 2250 4144 nem
2285 4104 2498 4153 eorum,
2521 4105 2642 4159 quae
2675 4090 2898 4159 scripsit
2937 4088 3256 4153 Eunomius,
3312 4092 3518 4146 haerere
3561 4091 3690 4144 mihi

2128 4194 2333 4248 anceps
2356 4179 2563 4242 videor,
2591 4180 2767 4235 instar
2807 4180 3060 4250 agricola:
3104 4195 3225 4233 cum
3276 4181 3454 4234 omnis
3500 4188 3696 4235 ventus

2128 4271 2382 4339 quiescit,
2409 4272 2602 4326 incerti
2635 4288 2872 4342 quonam
2907 4275 3068 4328 modo
3098 4273 3432 4328 frumentum
3471 4290 3499 4327 a
3523 4276 3696 4344 paleis

2129 4370 2396 4430 segreget.
2434 4359 2669 4414 Tantum
2726 4363 2869 4418 enim
2911 4364 2965 4416 iu
3017 4366 3123 4417 hoc
3172 4365 3440 4418 orationis
3500 4381 3699 4421 acervo

2129 4449 2389 4520 superflui
2415 4457 2468 4506 et
2506 4452 2787 4523 palearum
2815 4462 2921 4516 est,
2955 4461 3012 4508 ut
3045 4455 3158 4509 fere
3191 4457 3410 4510 credam
3432 4457 3483 4510 in
3513 4460 3694 4513 omni-

2064 4538 2104 4592 D
2132 4540 2236 4594 bus
2266 4555 2387 4610 qua:
2422 4540 2527 4596 iste
2559 4542 2762 4605 attulit,
2803 4543 2939 4596 nihil
2990 4560 3215 4613 prorsus
3264 4563 3445 4602 rerum
3507 4550 3684 4604 docta-

2131 4645 2367 4700 rumque
2389 4631 2781 4701 cogitationum
2817 4635 3017 4691 inesse.
3071 4640 3137 4690 At
3160 4655 3290 4693 vero
3321 4643 3524 4703 omnia.
3577 4660 3694 4711 quzr

2133 4722 2373 4792 scripsit,
2411 4722 2686 4792 sigillatim
2717 4739 3168 4794 commemorare,
3229 4731 3419 4786 inutile
3445 4733 3609 4788 simul
3630 4735 3693 4789 ad

2129 4822 2377 4868 nostrum
2409 4816 2772 4884 propositmn,
2805 4827 2857 4872 et
2888 4819 3141 4884 arduum,
3169 4829 3221 4876 ct
3252 4837 3281 4876 a
3313 4839 3479 4895 scopo
3508 4837 3694 4882 nostro

2129 4906 2363 4961 alienum
2400 4908 2659 4962 arbitror.
2704 4907 2893 4979 Neque
2949 4914 3090 4966 enim
3130 4922 3341 4970 tantum
3392 4919 3550 4974 nobis
3603 4921 3694 4973 otii

2127 4998 2385 5068 suppetit,
2419 5005 2478 5052 ut
2498 4999 2759 5054 arbitratu
2792 5010 2976 5057 nostro
3035 5006 3192 5060 vanis
3220 5007 3367 5062 hisce
3395 5008 3560 5062 rebus
3600 5011 3695 5062 im-

2130 5090 2331 5144 morari
2365 5090 2551 5145 liceat.
2589 5090 2654 5144 Et
2676 5107 2774 5162 par
2809 5103 2891 5149 est
2928 5096 3212 5164 probatum
3245 5101 3555 5168 operarium
3592 5099 3694 5151 vim

2132 5197 2285 5238 suam
2324 5183 2602 5238 insumere
2629 5199 2740 5238 non
2784 5185 2838 5238 in
2874 5186 3237 5245 infructuosis
3276 5189 3533 5257 operibus
3557 5227 3570 5251 ,
3603 5191 3695 5244 sed

2129 5275 2182 5328 in
2218 5275 2283 5330 iis
2317 5276 2512 5345 quibus
2559 5283 2779 5346 optatus
2808 5278 3015 5333 fructus
3046 5279 3388 5349 respondeat.

2198 5365 2348 5419 Mitto
2382 5367 2546 5435 igitur
2586 5381 2925 5436 quaecunque
2971 5369 3130 5420 initio
3160 5367 3343 5422 statim
3386 5366 3470 5420 sui
3513 5378 3696 5425 osten-

2127 5455 2276 5510 tandi
2310 5456 2506 5525 gratia,
2545 5463 2801 5524 tanquam
2826 5458 3072 5511 veritatis
3126 5470 3302 5526 prteco
3346 5466 3514 5524 esset,
3563 5460 3697 5516 ellu-

2129 5547 2248 5611 tiit;
2287 5554 2550 5614 praetereo
2605 5547 2772 5600 etiam
2825 5545 3162 5601 inﬁdelitatis
3216 5547 3545 5614 convicium,
3591 5564 3698 5618 quo

2128 5638 2478 5693 adversarios
2512 5652 2642 5693 suos
2675 5635 2936 5707 aspersit;
2989 5635 3116 5692 dum
3147 5647 3465 5708 perpetuum
3511 5649 3563 5695 et
3611 5639 3696 5692 in-
