  <div class='ocr_page' id='page_1' title='image "/cluster/home/n/w/nwhite01/storage/ocr_20150623/45/mdp.39015011921478/137.png"; bbox 0 0 4066 6146; ppageno 0'>
   <div class='ocr_carea' id='block_1_1' title="bbox 343 273 450 332">
    <p class='ocr_par' dir='ltr' id='par_1_1' title="bbox 343 273 450 332">
     <span class='ocr_line' id='line_1_1' title="bbox 343 273 450 332; baseline -0.019 -1"><span class='ocrx_word' id='word_1_1' title='bbox 343 273 450 332; x_wconf 66' lang='grc' dir='ltr'><strong>ΞΞΞ</strong></span> 
     </span>
    </p>
   </div>
   <div class='ocr_carea' id='block_1_2' title="bbox 1545 251 2298 317">
    <p class='ocr_par' dir='ltr' id='par_1_2' title="bbox 1545 251 2298 317">
     <span class='ocr_line' id='line_1_2' title="bbox 1545 251 2298 317; baseline -0.009 -2"><span class='ocrx_word' id='word_1_2' title='bbox 1545 259 1602 317; x_wconf 87' lang='lat' dir='ltr'><strong>S.</strong></span> <span class='ocrx_word' id='word_1_3' title='bbox 1651 257 1972 317; x_wconf 76' lang='lat' dir='ltr'><strong>GREGORII</strong></span> <span class='ocrx_word' id='word_1_4' title='bbox 2009 251 2298 310; x_wconf 80' lang='lat' dir='ltr'><strong>NYSSENI</strong></span> 
     </span>
    </p>
   </div>
   <div class='ocr_carea' id='block_1_3' title="bbox 3496 234 3602 290">
    <p class='ocr_par' dir='ltr' id='par_1_3' title="bbox 3496 234 3602 290">
     <span class='ocr_line' id='line_1_3' title="bbox 3496 234 3602 290; baseline -0.019 -1"><span class='ocrx_word' id='word_1_5' title='bbox 3496 234 3602 290; x_wconf 67' lang='lat'><strong>256</strong></span> 
     </span>
    </p>
   </div>
   <div class='ocr_carea' id='block_1_4' title="bbox 350 352 1962 450">
    <p class='ocr_par' dir='ltr' id='par_1_4' title="bbox 350 373 1962 450">
     <span class='ocr_line' id='line_1_4' title="bbox 350 373 1962 450; baseline -0.009 -11"><span class='ocrx_word' id='word_1_6' title='bbox 350 383 582 439; x_wconf 88' lang='lat' dir='ltr'><strong>delebile</strong></span> <span class='ocrx_word' id='word_1_7' title='bbox 613 381 795 436; x_wconf 88' lang='lat' dir='ltr'><strong>odium</strong></span> <span class='ocrx_word' id='word_1_8' title='bbox 829 380 964 450; x_wconf 76' lang='lat' dir='ltr'><strong>Ipsis</strong></span> <span class='ocrx_word' id='word_1_9' title='bbox 991 377 1214 432; x_wconf 86' lang='lat' dir='ltr'><strong>insitum</strong></span> <span class='ocrx_word' id='word_1_10' title='bbox 1268 389 1389 429; x_wconf 88' lang='lat' dir='ltr'><strong>esse</strong></span> <span class='ocrx_word' id='word_1_11' title='bbox 1444 375 1538 430; x_wconf 91' lang='lat' dir='ltr'><strong>ait.</strong></span> <span class='ocrx_word' id='word_1_12' title='bbox 1578 373 1689 429; x_wconf 83' lang='lat' dir='ltr'><strong>Nec</strong></span> <span class='ocrx_word' id='word_1_13' title='bbox 1739 375 1915 429; x_wconf 84' lang='lat' dir='ltr'><strong>dicam</strong></span> <span class='ocrx_word' id='word_1_14' title='bbox 1951 405 1962 433; x_wconf 57' lang='grc' dir='ltr'><em>λ</em></span> 
     </span>
    </p>
   </div>
   <div class='ocr_carea' id='block_1_5' title="bbox 2065 352 3601 450">
    <p class='ocr_par' dir='ltr' id='par_1_5' title="bbox 2065 352 3601 438">
     <span class='ocr_line' id='line_1_5' title="bbox 2065 352 3601 438; baseline -0.012 -16"><span class='ocrx_word' id='word_1_15' title='bbox 2065 389 2097 434; x_wconf 63' lang='grc' dir='ltr'><strong>ις</strong></span> <span class='ocrx_word' id='word_1_16' title='bbox 2123 364 2569 438; x_wconf 83' lang='grc' dir='ltr'>ἐπισοϐαρεύεται</span> <span class='ocrx_word' id='word_1_17' title='bbox 2613 364 2725 429; x_wconf 85' lang='grc' dir='ltr'>τοῖς</span> <span class='ocrx_word' id='word_1_18' title='bbox 2765 363 2988 431; x_wconf 76' lang='grc' dir='ltr'><strong>ἔναγχος</strong></span> <span class='ocrx_word' id='word_1_19' title='bbox 3021 356 3384 428; x_wconf 72' lang='grc' dir='ltr'><strong>ἐγνωσμένοις</strong></span> <span class='ocrx_word' id='word_1_20' title='bbox 3433 352 3601 423; x_wconf 73' lang='grc' dir='ltr'>αὐτῷ,</span> 
     </span>
    </p>
   </div>
   <div class='ocr_carea' id='block_1_6' title="bbox 353 467 1924 545">
    <p class='ocr_par' dir='ltr' id='par_1_6' title="bbox 353 467 1924 545">
     <span class='ocr_line' id='line_1_6' title="bbox 353 467 1924 545; baseline -0.008 -14"><span class='ocrx_word' id='word_1_21' title='bbox 353 491 516 545; x_wconf 82' lang='lat' dir='ltr'><strong>quam</strong></span> <span class='ocrx_word' id='word_1_22' title='bbox 547 475 843 528; x_wconf 67' lang='lat' dir='ltr'><strong>instilcnter</strong></span> <span class='ocrx_word' id='word_1_23' title='bbox 877 470 1140 544; x_wconf 85' lang='lat' dir='ltr'><strong>glqrietur</strong></span> <span class='ocrx_word' id='word_1_24' title='bbox 1186 468 1254 523; x_wconf 92' lang='lat' dir='ltr'><strong>iis</strong></span> <span class='ocrx_word' id='word_1_25' title='bbox 1299 482 1420 538; x_wconf 73' lang='lat' dir='ltr'><strong>qua:</strong></span> <span class='ocrx_word' id='word_1_26' title='bbox 1445 481 1546 536; x_wconf 90' lang='lat' dir='ltr'><strong>pro</strong></span> <span class='ocrx_word' id='word_1_27' title='bbox 1593 467 1712 536; x_wconf 91' lang='lat' dir='ltr'><strong>ipso</strong></span> <span class='ocrx_word' id='word_1_28' title='bbox 1752 481 1924 536; x_wconf 88' lang='lat' dir='ltr'><strong>nuper</strong></span> 
     </span>
    </p>
   </div>
   <div class='ocr_carea' id='block_1_7' title="bbox 363 557 1925 631">
    <p class='ocr_par' dir='ltr' id='par_1_7' title="bbox 363 557 1925 631">
     <span class='ocr_line' id='line_1_7' title="bbox 363 557 1925 631; baseline -0.007 -11"><span class='ocrx_word' id='word_1_29' title='bbox 363 568 578 623; x_wconf 85' lang='lat' dir='ltr'><strong>decreta</strong></span> <span class='ocrx_word' id='word_1_30' title='bbox 612 573 760 629; x_wconf 83' lang='lat' dir='ltr'><strong>sunt,</strong></span> <span class='ocrx_word' id='word_1_31' title='bbox 803 577 902 617; x_wconf 92' lang='lat' dir='ltr'><strong>nec</strong></span> <span class='ocrx_word' id='word_1_32' title='bbox 939 569 1122 616; x_wconf 89' lang='lat' dir='ltr'><strong>tamen</strong></span> <span class='ocrx_word' id='word_1_33' title='bbox 1151 575 1398 631; x_wconf 81' lang='lat' dir='ltr'><strong>quamam</strong></span> <span class='ocrx_word' id='word_1_34' title='bbox 1430 559 1519 614; x_wconf 91' lang='lat' dir='ltr'><strong>illa</strong></span> <span class='ocrx_word' id='word_1_35' title='bbox 1551 559 1660 614; x_wconf 91' lang='lat' dir='ltr'><strong>sint</strong></span> <span class='ocrx_word' id='word_1_36' title='bbox 1687 557 1925 621; x_wconf 85' lang='lat' dir='ltr'><strong>decreta,</strong></span> 
     </span>
    </p>
   </div>
   <div class='ocr_carea' id='block_1_8' title="bbox 357 647 1930 725">
    <p class='ocr_par' dir='ltr' id='par_1_8' title="bbox 357 647 1930 725">
     <span class='ocr_line' id='line_1_8' title="bbox 357 647 1930 725; baseline -0.005 -17"><span class='ocrx_word' id='word_1_37' title='bbox 357 655 624 725; x_wconf 78' lang='lat' dir='ltr'><strong>explicat;</strong></span> <span class='ocrx_word' id='word_1_38' title='bbox 661 653 838 706; x_wconf 92' lang='lat' dir='ltr'><strong>solum</strong></span> <span class='ocrx_word' id='word_1_39' title='bbox 861 652 1000 707; x_wconf 80' lang='lat' dir='ltr'><strong>dicit</strong></span> <span class='ocrx_word' id='word_1_40' title='bbox 1039 651 1105 706; x_wconf 92' lang='lat' dir='ltr'><strong>de</strong></span> <span class='ocrx_word' id='word_1_41' title='bbox 1135 650 1531 720; x_wconf 71' lang='lat' dir='ltr'><strong>quaestionibus</strong></span> <span class='ocrx_word' id='word_1_42' title='bbox 1571 647 1752 703; x_wconf 89' lang='lat' dir='ltr'><strong>dubiis</strong></span> <span class='ocrx_word' id='word_1_43' title='bbox 1779 647 1930 716; x_wconf 89' lang='lat' dir='ltr'><strong>judi-</strong></span> 
     </span>
    </p>
   </div>
   <div class='ocr_carea' id='block_1_9' title="bbox 359 737 1932 810">
    <p class='ocr_par' dir='ltr' id='par_1_9' title="bbox 359 737 1932 810">
     <span class='ocr_line' id='line_1_9' title="bbox 359 737 1932 810; baseline -0.004 -14"><span class='ocrx_word' id='word_1_44' title='bbox 359 745 504 797; x_wconf 80' lang='lat' dir='ltr'><strong>cium</strong></span> <span class='ocrx_word' id='word_1_45' title='bbox 539 742 778 806; x_wconf 88' lang='lat' dir='ltr'><strong>factum,</strong></span> <span class='ocrx_word' id='word_1_46' title='bbox 811 749 868 794; x_wconf 90' lang='lat' dir='ltr'><strong>et</strong></span> <span class='ocrx_word' id='word_1_47' title='bbox 915 739 1136 810; x_wconf 87' lang='lat' dir='ltr'><strong>quidem</strong></span> <span class='ocrx_word' id='word_1_48' title='bbox 1188 740 1510 810; x_wconf 87' lang='lat' dir='ltr'><strong>legitimum,</strong></span> <span class='ocrx_word' id='word_1_49' title='bbox 1545 737 1690 808; x_wconf 91' lang='lat' dir='ltr'><strong>quod</strong></span> <span class='ocrx_word' id='word_1_50' title='bbox 1735 743 1932 807; x_wconf 59' lang='lat' dir='ltr'><strong>praeter</strong></span> 
     </span>
    </p>
   </div>
   <div class='ocr_carea' id='block_1_10' title="bbox 362 827 1930 900">
    <p class='ocr_par' dir='ltr' id='par_1_10' title="bbox 362 827 1930 900">
     <span class='ocr_line' id='line_1_10' title="bbox 362 827 1930 900; baseline -0.003 -13"><span class='ocrx_word' id='word_1_51' title='bbox 362 834 445 889; x_wconf 87' lang='lat' dir='ltr'><strong>fas</strong></span> <span class='ocrx_word' id='word_1_52' title='bbox 477 834 649 888; x_wconf 87' lang='lat' dir='ltr'><strong>elatos</strong></span> <span class='ocrx_word' id='word_1_53' title='bbox 694 833 976 887; x_wconf 86' lang='lat' dir='ltr'><strong>moderato</strong></span> <span class='ocrx_word' id='word_1_54' title='bbox 1005 832 1189 886; x_wconf 91' lang='lat' dir='ltr'><strong>animo</strong></span> <span class='ocrx_word' id='word_1_55' title='bbox 1227 846 1350 885; x_wconf 92' lang='lat' dir='ltr'><strong>esse</strong></span> <span class='ocrx_word' id='word_1_56' title='bbox 1377 829 1654 900; x_wconf 84' lang='lat' dir='ltr'><strong>coegerit,</strong></span> <span class='ocrx_word' id='word_1_57' title='bbox 1693 827 1930 899; x_wconf 82' lang='lat' dir='ltr'><strong>prepriis</strong></span> 
     </span>
    </p>
   </div>
   <div class='ocr_carea' id='block_1_11' title="bbox 361 917 1930 995">
    <p class='ocr_par' dir='ltr' id='par_1_11' title="bbox 361 917 1930 995">
     <span class='ocr_line' id='line_1_11' title="bbox 361 917 1930 995; baseline -0.005 -17"><span class='ocrx_word' id='word_1_58' title='bbox 361 925 541 980; x_wconf 80' lang='lat' dir='ltr'><strong>verbis</strong></span> <span class='ocrx_word' id='word_1_59' title='bbox 574 924 741 995; x_wconf 86' lang='lat' dir='ltr'><strong>Lydio</strong></span> <span class='ocrx_word' id='word_1_60' title='bbox 789 923 996 978; x_wconf 78' lang='lat' dir='ltr'><strong>scilicet</strong></span> <span class='ocrx_word' id='word_1_61' title='bbox 1031 921 1322 976; x_wconf 77' lang='lat' dir='ltr'><strong>concentui</strong></span> <span class='ocrx_word' id='word_1_62' title='bbox 1361 920 1634 975; x_wconf 87' lang='lat' dir='ltr'><strong>similibus</strong></span> <span class='ocrx_word' id='word_1_63' title='bbox 1677 921 1749 972; x_wconf 89' lang='lat' dir='ltr'><strong>ita</strong></span> <span class='ocrx_word' id='word_1_64' title='bbox 1790 917 1930 973; x_wconf 81' lang='lat' dir='ltr'><strong>scri-</strong></span> 
     </span>
    </p>
   </div>
   <div class='ocr_carea' id='block_1_12' title="bbox 362 1009 1935 1085">
    <p class='ocr_par' dir='ltr' id='par_1_12' title="bbox 362 1009 1935 1085">
     <span class='ocr_line' id='line_1_12' title="bbox 362 1009 1935 1085; baseline -0.006 -13"><span class='ocrx_word' id='word_1_65' title='bbox 362 1019 496 1075; x_wconf 78' lang='lat' dir='ltr'><strong>heus</strong></span> <span class='ocrx_word' id='word_1_66' title='bbox 533 1036 547 1072; x_wconf 89' lang='lat'><strong>:</strong></span> <span class='ocrx_word' id='word_1_67' title='bbox 583 1016 776 1085; x_wconf 77' lang='lat' dir='ltr'><strong>Sapere</strong></span> <span class='ocrx_word' id='word_1_68' title='bbox 805 1015 999 1068; x_wconf 75' lang='lat' dir='ltr'><strong>coactis</strong></span> <span class='ocrx_word' id='word_1_69' title='bbox 1053 1014 1194 1075; x_wconf 79' lang='lat' dir='ltr'><strong>iusto</strong></span> <span class='ocrx_word' id='word_1_70' title='bbox 1238 1011 1441 1080; x_wconf 80' lang='lat' dir='ltr'><strong>judicio</strong></span> <span class='ocrx_word' id='word_1_71' title='bbox 1465 1011 1552 1072; x_wconf 81' lang='lat' dir='ltr'><strong>iis,</strong></span> <span class='ocrx_word' id='word_1_72' title='bbox 1599 1010 1688 1079; x_wconf 83' lang='lat' dir='ltr'><strong>qui</strong></span> <span class='ocrx_word' id='word_1_73' title='bbox 1739 1009 1935 1078; x_wconf 76' lang='lat' dir='ltr'><strong>injuste</strong></span> 
     </span>
    </p>
   </div>
   <div class='ocr_carea' id='block_1_13' title="bbox 363 1100 1935 1175">
    <p class='ocr_par' dir='ltr' id='par_1_13' title="bbox 363 1100 1935 1175">
     <span class='ocr_line' id='line_1_13' title="bbox 363 1100 1935 1175; baseline -0.008 -11"><span class='ocrx_word' id='word_1_74' title='bbox 363 1127 475 1165; x_wconf 85' lang='lat' dir='ltr'><strong>sese</strong></span> <span class='ocrx_word' id='word_1_75' title='bbox 490 1108 828 1170; x_wconf 72' lang='lat' dir='ltr'><strong>extollebant,</strong></span> <span class='ocrx_word' id='word_1_76' title='bbox 862 1104 1006 1175; x_wconf 90' lang='lat' dir='ltr'><strong>quod</strong></span> <span class='ocrx_word' id='word_1_77' title='bbox 1036 1103 1301 1173; x_wconf 85' lang='lat' dir='ltr'><strong>judicium</strong></span> <span class='ocrx_word' id='word_1_78' title='bbox 1324 1103 1494 1157; x_wconf 82' lang='lat' dir='ltr'><strong>etiam</strong></span> <span class='ocrx_word' id='word_1_79' title='bbox 1512 1100 1935 1155; x_wconf 82' lang='lat' dir='ltr'><strong>interdictionem</strong></span> 
     </span>
    </p>
   </div>
   <div class='ocr_carea' id='block_1_14' title="bbox 362 1189 1937 1270">
    <p class='ocr_par' dir='ltr' id='par_1_14' title="bbox 362 1189 1937 1270">
     <span class='ocr_line' id='line_1_14' title="bbox 362 1189 1937 1270; baseline -0.007 -15"><span class='ocrx_word' id='word_1_80' title='bbox 362 1210 417 1255; x_wconf 91' lang='lat' dir='ltr'><strong>et</strong></span> <span class='ocrx_word' id='word_1_81' title='bbox 449 1199 881 1270; x_wconf 79' lang='lat' dir='ltr'><strong>proscriptionem</strong></span> <span class='ocrx_word' id='word_1_82' title='bbox 912 1196 1192 1249; x_wconf 85' lang='lat' dir='ltr'><strong>rebellium</strong></span> <span class='ocrx_word' id='word_1_83' title='bbox 1227 1193 1551 1258; x_wconf 82' lang='lat' dir='ltr'><strong>nominavit,</strong></span> <span class='ocrx_word' id='word_1_84' title='bbox 1599 1193 1787 1246; x_wconf 87' lang='lat' dir='ltr'><strong>nescio</strong></span> <span class='ocrx_word' id='word_1_85' title='bbox 1807 1189 1937 1262; x_wconf 89' lang='lat' dir='ltr'><strong>quid</strong></span> 
     </span>
    </p>
   </div>
   <div class='ocr_carea' id='block_1_15' title="bbox 366 1281 1936 1356">
    <p class='ocr_par' dir='ltr' id='par_1_15' title="bbox 366 1281 1936 1356">
     <span class='ocr_line' id='line_1_15' title="bbox 366 1281 1936 1356; baseline -0.006 -11"><span class='ocrx_word' id='word_1_86' title='bbox 366 1293 588 1345; x_wconf 84' lang='lat' dir='ltr'><strong>nomine</strong></span> <span class='ocrx_word' id='word_1_87' title='bbox 614 1288 997 1343; x_wconf 80' lang='lat' dir='ltr'><strong>interdictionis</strong></span> <span class='ocrx_word' id='word_1_88' title='bbox 1030 1285 1343 1356; x_wconf 80' lang='lat' dir='ltr'><strong>significare</strong></span> <span class='ocrx_word' id='word_1_89' title='bbox 1374 1285 1584 1338; x_wconf 90' lang='lat' dir='ltr'><strong>volens.</strong></span> <span class='ocrx_word' id='word_1_90' title='bbox 1618 1283 1746 1338; x_wconf 67' lang='lat' dir='ltr'><strong>Haec</strong></span> <span class='ocrx_word' id='word_1_91' title='bbox 1787 1290 1841 1337; x_wconf 92' lang='lat' dir='ltr'><strong>et</strong></span> <span class='ocrx_word' id='word_1_92' title='bbox 1883 1281 1936 1336; x_wconf 90' lang='lat' dir='ltr'><strong>id</strong></span> 
     </span>
    </p>
   </div>
   <div class='ocr_carea' id='block_1_16' title="bbox 367 1373 1938 1452">
    <p class='ocr_par' dir='ltr' id='par_1_16' title="bbox 367 1373 1938 1452">
     <span class='ocr_line' id='line_1_16' title="bbox 367 1373 1938 1452; baseline -0.006 -16"><span class='ocrx_word' id='word_1_93' title='bbox 367 1396 538 1452; x_wconf 86' lang='lat' dir='ltr'><strong>genus</strong></span> <span class='ocrx_word' id='word_1_94' title='bbox 571 1380 695 1443; x_wconf 88' lang='lat' dir='ltr'><strong>alia,</strong></span> <span class='ocrx_word' id='word_1_95' title='bbox 727 1387 786 1432; x_wconf 92' lang='lat' dir='ltr'><strong>ut</strong></span> <span class='ocrx_word' id='word_1_96' title='bbox 824 1379 1039 1432; x_wconf 86' lang='lat' dir='ltr'><strong>inanem</strong></span> <span class='ocrx_word' id='word_1_97' title='bbox 1078 1376 1364 1430; x_wconf 81' lang='lat' dir='ltr'><strong>verborum</strong></span> <span class='ocrx_word' id='word_1_98' title='bbox 1399 1375 1642 1438; x_wconf 83' lang='lat' dir='ltr'><strong>turbam,</strong></span> <span class='ocrx_word' id='word_1_99' title='bbox 1672 1383 1726 1429; x_wconf 92' lang='lat' dir='ltr'><strong>et</strong></span> <span class='ocrx_word' id='word_1_100' title='bbox 1755 1373 1823 1428; x_wconf 90' lang='lat' dir='ltr'><strong>ad</strong></span> <span class='ocrx_word' id='word_1_101' title='bbox 1849 1373 1938 1426; x_wconf 92' lang='lat' dir='ltr'><strong>ni-</strong></span> 
     </span>
    </p>
   </div>
   <div class='ocr_carea' id='block_1_17' title="bbox 2041 445 3602 531">
    <p class='ocr_par' dir='ltr' id='par_1_17' title="bbox 2041 445 3602 531">
     <span class='ocr_line' id='line_1_17' title="bbox 2041 445 3602 531; baseline -0.013 -17"><span class='ocrx_word' id='word_1_102' title='bbox 2041 463 2160 514; x_wconf 90' lang='grc' dir='ltr'>τίνα</span> <span class='ocrx_word' id='word_1_103' title='bbox 2193 460 2290 531; x_wconf 83' lang='grc' dir='ltr'><strong>μὲν</strong></span> <span class='ocrx_word' id='word_1_104' title='bbox 2319 457 2388 511; x_wconf 85' lang='grc' dir='ltr'><strong>τά</strong></span> <span class='ocrx_word' id='word_1_105' title='bbox 2409 457 2715 526; x_wconf 81' lang='grc' dir='ltr'><strong>γνωσθέντα</strong></span> <span class='ocrx_word' id='word_1_106' title='bbox 2749 456 2821 527; x_wconf 81' lang='grc' dir='ltr'>μὴ</span> <span class='ocrx_word' id='word_1_107' title='bbox 2857 449 3186 523; x_wconf 70' lang='grc' dir='ltr'>προστιθεὶς,</span> <span class='ocrx_word' id='word_1_108' title='bbox 3206 447 3384 518; x_wconf 83' lang='grc' dir='ltr'>κρίσιν</span> <span class='ocrx_word' id='word_1_109' title='bbox 3405 445 3462 498; x_wconf 87' lang='grc' dir='ltr'><strong>δέ</strong></span> <span class='ocrx_word' id='word_1_110' title='bbox 3487 461 3602 496; x_wconf 87' lang='grc' dir='ltr'>τινα</span> 
     </span>
    </p>
   </div>
   <div class='ocr_carea' id='block_1_18' title="bbox 2027 533 3602 619">
    <p class='ocr_par' dir='ltr' id='par_1_18' title="bbox 2027 533 3602 619">
     <span class='ocr_line' id='line_1_18' title="bbox 2027 533 3602 619; baseline -0.012 -16"><span class='ocrx_word' id='word_1_111' title='bbox 2027 551 2136 603; x_wconf 88' lang='grc' dir='ltr'><strong>τῶν</strong></span> <span class='ocrx_word' id='word_1_112' title='bbox 2177 547 2677 619; x_wconf 87' lang='grc' dir='ltr'>ἀμφισϐητησίμων</span> <span class='ocrx_word' id='word_1_113' title='bbox 2721 545 2778 597; x_wconf 81' lang='grc' dir='ltr'><strong>ἐν</strong></span> <span class='ocrx_word' id='word_1_114' title='bbox 2812 542 2994 604; x_wconf 80' lang='grc' dir='ltr'>αὐτοῖς</span> <span class='ocrx_word' id='word_1_115' title='bbox 3039 535 3364 608; x_wconf 82' lang='grc' dir='ltr'>γεγενῆσθαι</span> <span class='ocrx_word' id='word_1_116' title='bbox 3409 533 3602 600; x_wconf 86' lang='grc' dir='ltr'>λέγων,</span> 
     </span>
    </p>
   </div>
   <div class='ocr_carea' id='block_1_19' title="bbox 2030 626 3606 708">
    <p class='ocr_par' dir='ltr' id='par_1_19' title="bbox 2030 626 3606 708">
     <span class='ocr_line' id='line_1_19' title="bbox 2030 626 3606 708; baseline -0.012 -13"><span class='ocrx_word' id='word_1_117' title='bbox 2030 642 2124 696; x_wconf 85' lang='grc' dir='ltr'><strong>καί</strong></span> <span class='ocrx_word' id='word_1_118' title='bbox 2154 658 2276 694; x_wconf 90' lang='grc' dir='ltr'>τινα</span> <span class='ocrx_word' id='word_1_119' title='bbox 2311 640 2464 708; x_wconf 86' lang='grc' dir='ltr'>δίκην</span> <span class='ocrx_word' id='word_1_120' title='bbox 2498 638 2719 708; x_wconf 75' lang='grc' dir='ltr'>ἔννομον</span> <span class='ocrx_word' id='word_1_121' title='bbox 2758 635 2854 705; x_wconf 84' lang='grc' dir='ltr'><strong>τὴν</strong></span> <span class='ocrx_word' id='word_1_122' title='bbox 2895 633 2990 686; x_wconf 81' lang='grc' dir='ltr'><strong>τοῦ</strong></span> <span class='ocrx_word' id='word_1_123' title='bbox 3024 630 3320 700; x_wconf 80' lang='grc' dir='ltr'>σωφρονεῖν</span> <span class='ocrx_word' id='word_1_124' title='bbox 3363 626 3606 695; x_wconf 86' lang='grc' dir='ltr'>ἀνάγκην</span> 
     </span>
    </p>
   </div>
   <div class='ocr_carea' id='block_1_20' title="bbox 2029 719 3607 805">
    <p class='ocr_par' dir='ltr' id='par_1_20' title="bbox 2029 719 3607 805">
     <span class='ocr_line' id='line_1_20' title="bbox 2029 719 3607 805; baseline -0.012 -15"><span class='ocrx_word' id='word_1_125' title='bbox 2029 739 2144 799; x_wconf 84' lang='grc' dir='ltr'>τοῖς</span> <span class='ocrx_word' id='word_1_126' title='bbox 2176 736 2277 789; x_wconf 83' lang='grc' dir='ltr'><strong>οὐκ</strong></span> <span class='ocrx_word' id='word_1_127' title='bbox 2317 735 2374 787; x_wconf 87' lang='grc' dir='ltr'><strong>ἐν</strong></span> <span class='ocrx_word' id='word_1_128' title='bbox 2415 733 2540 805; x_wconf 81' lang='grc' dir='ltr'>δίκῃ</span> <span class='ocrx_word' id='word_1_129' title='bbox 2583 727 3006 802; x_wconf 81' lang='grc' dir='ltr'>θρασυνομένοις</span> <span class='ocrx_word' id='word_1_130' title='bbox 3052 723 3384 791; x_wconf 83' lang='grc' dir='ltr'>ἐπάγουσαν,</span> <span class='ocrx_word' id='word_1_131' title='bbox 3431 719 3607 787; x_wconf 86' lang='grc' dir='ltr'>λέγων</span> 
     </span>
    </p>
   </div>
   <div class='ocr_carea' id='block_1_21' title="bbox 2032 813 3606 896">
    <p class='ocr_par' dir='ltr' id='par_1_21' title="bbox 2032 813 3606 896">
     <span class='ocr_line' id='line_1_21' title="bbox 2032 813 3606 896; baseline -0.011 -15"><span class='ocrx_word' id='word_1_132' title='bbox 2032 827 2230 881; x_wconf 72' lang='grc' dir='ltr'>οὑτωσὶ</span> <span class='ocrx_word' id='word_1_133' title='bbox 2249 827 2314 896; x_wconf 81' lang='grc' dir='ltr'>τῇ</span> <span class='ocrx_word' id='word_1_134' title='bbox 2335 824 2440 892; x_wconf 83' lang='grc' dir='ltr'>ἰδίᾳ</span> <span class='ocrx_word' id='word_1_135' title='bbox 2457 825 2608 893; x_wconf 84' lang='grc' dir='ltr'>φωνῇ</span> <span class='ocrx_word' id='word_1_136' title='bbox 2623 821 2759 876; x_wconf 86' lang='grc' dir='ltr'><strong>κατά</strong></span> <span class='ocrx_word' id='word_1_137' title='bbox 2777 818 2875 890; x_wconf 84' lang='grc' dir='ltr'>τὴν</span> <span class='ocrx_word' id='word_1_138' title='bbox 2891 817 3079 871; x_wconf 85' lang='grc' dir='ltr'>Λύδιον</span> <span class='ocrx_word' id='word_1_139' title='bbox 3095 815 3359 886; x_wconf 84' lang='grc' dir='ltr'>ἁρμονίαν</span> <span class='ocrx_word' id='word_1_140' title='bbox 3373 813 3606 882; x_wconf 86' lang='grc' dir='ltr'>ἐκείνην·</span> 
     </span>
    </p>
   </div>
   <div class='ocr_carea' id='block_1_22' title="bbox 2038 905 3611 981">
    <p class='ocr_par' dir='ltr' id='par_1_22' title="bbox 2038 905 3611 981">
     <span class='ocr_line' id='line_1_22' title="bbox 2038 905 3611 981; baseline -0.01 -8"><span class='ocrx_word' id='word_1_141' title='bbox 2038 918 2144 975; x_wconf 81' lang='grc' dir='ltr'><strong>Καὶ</strong></span> <span class='ocrx_word' id='word_1_142' title='bbox 2170 917 2288 971; x_wconf 77' lang='grc' dir='ltr'>τῶν</span> <span class='ocrx_word' id='word_1_143' title='bbox 2309 917 2420 971; x_wconf 83' lang='grc' dir='ltr'>οὐκ</span> <span class='ocrx_word' id='word_1_144' title='bbox 2449 916 2520 968; x_wconf 80' lang='grc' dir='ltr'><strong>ἐν</strong></span> <span class='ocrx_word' id='word_1_145' title='bbox 2559 914 2696 981; x_wconf 82' lang='grc' dir='ltr'>δίκῃ</span> <span class='ocrx_word' id='word_1_146' title='bbox 2718 909 3178 980; x_wconf 73' lang='grc' dir='ltr'>θρασυνομένων</span> <span class='ocrx_word' id='word_1_147' title='bbox 3210 908 3440 975; x_wconf 77' lang='grc' dir='ltr'><strong>ἐννόμῳ</strong></span> <span class='ocrx_word' id='word_1_148' title='bbox 3474 905 3611 972; x_wconf 79' lang='grc' dir='ltr'>δίκῃ</span> 
     </span>
    </p>
   </div>
   <div class='ocr_carea' id='block_1_23' title="bbox 2035 999 3612 1081">
    <p class='ocr_par' dir='ltr' id='par_1_23' title="bbox 2035 999 3612 1081">
     <span class='ocr_line' id='line_1_23' title="bbox 2035 999 3612 1081; baseline -0.011 -15"><span class='ocrx_word' id='word_1_149' title='bbox 2035 1009 2369 1081; x_wconf 70' lang='grc' dir='ltr'>σωφρονεῖν</span> <span class='ocrx_word' id='word_1_150' title='bbox 2395 1005 2894 1078; x_wconf 74' lang='grc' dir='ltr'><strong>ἠναγκασμένων,</strong></span> <span class='ocrx_word' id='word_1_151' title='bbox 2921 1004 2986 1074; x_wconf 78' lang='grc' dir='ltr'>ἦν</span> <span class='ocrx_word' id='word_1_152' title='bbox 3009 1001 3101 1056; x_wconf 71' lang='grc' dir='ltr'><strong>καὶ</strong></span> <span class='ocrx_word' id='word_1_153' title='bbox 3139 1001 3483 1068; x_wconf 75' lang='grc' dir='ltr'>ἀπόρῤησιν</span> <span class='ocrx_word' id='word_1_154' title='bbox 3507 999 3612 1052; x_wconf 89' lang='grc' dir='ltr'><strong>τῶν</strong></span> 
     </span>
    </p>
   </div>
   <div class='ocr_carea' id='block_1_24' title="bbox 2036 1084 3610 1166">
    <p class='ocr_par' dir='ltr' id='par_1_24' title="bbox 2036 1084 3610 1166">
     <span class='ocr_line' id='line_1_24' title="bbox 2036 1084 3610 1166; baseline -0.013 -11"><span class='ocrx_word' id='word_1_155' title='bbox 2036 1099 2452 1156; x_wconf 78' lang='grc' dir='ltr'>ἐπαναστάντων</span> <span class='ocrx_word' id='word_1_156' title='bbox 2509 1095 2818 1166; x_wconf 81' lang='grc' dir='ltr'>ὠνόμασεν·</span> <span class='ocrx_word' id='word_1_157' title='bbox 2879 1091 2974 1143; x_wconf 69' lang='grc' dir='ltr'><strong>⁸›ύ›ι</strong></span> <span class='ocrx_word' id='word_1_158' title='bbox 3029 1085 3123 1142; x_wconf 81' lang='grc' dir='ltr'>οἷδ’</span> <span class='ocrx_word' id='word_1_159' title='bbox 3173 1089 3201 1141; x_wconf 77' lang='lat'><strong>&#39;6</strong></span> <span class='ocrx_word' id='word_1_160' title='bbox 3237 1104 3288 1140; x_wconf 90' lang='grc' dir='ltr'><strong>τι</strong></span> <span class='ocrx_word' id='word_1_161' title='bbox 3326 1085 3457 1139; x_wconf 82' lang='grc' dir='ltr'>νοῶν</span> <span class='ocrx_word' id='word_1_162' title='bbox 3514 1084 3610 1153; x_wconf 72' lang='grc' dir='ltr'><strong>τὴν</strong></span> 
     </span>
    </p>
   </div>
   <div class='ocr_carea' id='block_1_25' title="bbox 2033 1177 3617 1261">
    <p class='ocr_par' dir='ltr' id='par_1_25' title="bbox 2033 1177 3617 1261">
     <span class='ocr_line' id='line_1_25' title="bbox 2033 1177 3617 1261; baseline -0.013 -14"><span class='ocrx_word' id='word_1_163' title='bbox 2033 1190 2404 1261; x_wconf 78' lang='grc' dir='ltr'>ἀπόρῤησιν,</span> <span class='ocrx_word' id='word_1_164' title='bbox 2479 1187 2572 1240; x_wconf 76' lang='grc' dir='ltr'><strong>καὶ</strong></span> <span class='ocrx_word' id='word_1_165' title='bbox 2625 1185 2802 1238; x_wconf 85' lang='grc' dir='ltr'>πάντα</span> <span class='ocrx_word' id='word_1_166' title='bbox 2843 1181 2912 1234; x_wconf 86' lang='grc' dir='ltr'><strong>τά</strong></span> <span class='ocrx_word' id='word_1_167' title='bbox 2958 1179 3210 1242; x_wconf 80' lang='grc' dir='ltr'>τοιαῦτα,</span> <span class='ocrx_word' id='word_1_168' title='bbox 3263 1179 3339 1240; x_wconf 76' lang='grc' dir='ltr'>ὡς</span> <span class='ocrx_word' id='word_1_169' title='bbox 3387 1177 3617 1246; x_wconf 81' lang='grc' dir='ltr'>μάταιον</span> 
     </span>
    </p>
   </div>
   <div class='ocr_carea' id='block_1_26' title="bbox 2038 1267 3618 1354">
    <p class='ocr_par' dir='ltr' id='par_1_26' title="bbox 2038 1267 3618 1354">
     <span class='ocr_line' id='line_1_26' title="bbox 2038 1267 3618 1354; baseline -0.009 -18"><span class='ocrx_word' id='word_1_170' title='bbox 2038 1283 2214 1354; x_wconf 80' lang='grc' dir='ltr'>ὁχλον,</span> <span class='ocrx_word' id='word_1_171' title='bbox 2245 1281 2340 1336; x_wconf 72' lang='grc' dir='ltr'><strong>καὶ</strong></span> <span class='ocrx_word' id='word_1_172' title='bbox 2365 1283 2442 1342; x_wconf 85' lang='grc' dir='ltr'><strong>είς</strong></span> <span class='ocrx_word' id='word_1_173' title='bbox 2477 1279 2627 1332; x_wconf 80' lang='grc' dir='ltr'>οὐδὲν</span> <span class='ocrx_word' id='word_1_174' title='bbox 2654 1277 2887 1346; x_wconf 83' lang='grc' dir='ltr'>φέροντα</span> <span class='ocrx_word' id='word_1_175' title='bbox 2929 1275 3199 1345; x_wconf 85' lang='grc' dir='ltr'>χρήσιμον</span> <span class='ocrx_word' id='word_1_176' title='bbox 3229 1267 3618 1341; x_wconf 75' lang='grc' dir='ltr'>παραδραμοῦ-</span> 
     </span>
    </p>
   </div>
   <div class='ocr_carea' id='block_1_27' title="bbox 2045 1362 3618 1446">
    <p class='ocr_par' dir='ltr' id='par_1_27' title="bbox 2045 1362 3618 1446">
     <span class='ocr_line' id='line_1_27' title="bbox 2045 1362 3618 1446; baseline -0.011 -18"><span class='ocrx_word' id='word_1_177' title='bbox 2045 1373 2244 1446; x_wconf 87' lang='grc' dir='ltr'>μαιτῷ</span> <span class='ocrx_word' id='word_1_178' title='bbox 2287 1373 2448 1442; x_wconf 79' lang='grc' dir='ltr'>λόγῳ.</span> <span class='ocrx_word' id='word_1_179' title='bbox 2487 1372 2550 1424; x_wconf 87' lang='grc' dir='ltr'>Εἰ</span> <span class='ocrx_word' id='word_1_180' title='bbox 2576 1370 2630 1422; x_wconf 90' lang='grc' dir='ltr'><strong>δέ</strong></span> <span class='ocrx_word' id='word_1_181' title='bbox 2671 1384 2792 1421; x_wconf 88' lang='grc' dir='ltr'>τινα</span> <span class='ocrx_word' id='word_1_182' title='bbox 2831 1365 2922 1418; x_wconf 78' lang='grc' dir='ltr'>τοῦ</span> <span class='ocrx_word' id='word_1_183' title='bbox 2967 1362 3246 1434; x_wconf 76' lang='grc' dir='ltr'>αἱρετικοῦ</span> <span class='ocrx_word' id='word_1_184' title='bbox 3275 1363 3618 1433; x_wconf 82' lang='grc' dir='ltr'>φρονήματος</span> 
     </span>
    </p>
   </div>
   <div class='ocr_carea' id='block_1_28' title="bbox 370 1451 1962 1537">
    <p class='ocr_par' dir='ltr' id='par_1_28' title="bbox 370 1451 1941 1536">
     <span class='ocr_line' id='line_1_28' title="bbox 370 1451 1941 1536; baseline -0.007 -8"><span class='ocrx_word' id='word_1_185' title='bbox 370 1451 447 1528; x_wconf 80' lang='lat' dir='ltr'><strong>bil</strong></span> <span class='ocrx_word' id='word_1_186' title='bbox 474 1471 696 1526; x_wconf 88' lang='lat' dir='ltr'><strong>omnino</strong></span> <span class='ocrx_word' id='word_1_187' title='bbox 725 1469 1122 1525; x_wconf 90' lang='lat' dir='ltr'><strong>conducibilem</strong></span> <span class='ocrx_word' id='word_1_188' title='bbox 1167 1467 1457 1536; x_wconf 68' lang='lat' dir='ltr'><strong>prazteribo</strong></span> <span class='ocrx_word' id='word_1_189' title='bbox 1485 1465 1710 1520; x_wconf 91' lang='lat' dir='ltr'><strong>tacitus.</strong></span> <span class='ocrx_word' id='word_1_190' title='bbox 1754 1463 1941 1519; x_wconf 86' lang='lat' dir='ltr'><strong>Sicubi</strong></span> 
     </span>
    </p>
   </div>
   <div class='ocr_carea' id='block_1_29' title="bbox 2065 1451 3621 1537">
    <p class='ocr_par' dir='ltr' id='par_1_29' title="bbox 2065 1451 3621 1537">
     <span class='ocr_line' id='line_1_29' title="bbox 2065 1451 3621 1537; baseline -0.012 -17"><span class='ocrx_word' id='word_1_191' title='bbox 2065 1467 2368 1537; x_wconf 64' lang='lat' dir='ltr'><strong>ruv&#39;qyopiav</strong></span> <span class='ocrx_word' id='word_1_192' title='bbox 2402 1463 2714 1532; x_wconf 87' lang='grc' dir='ltr'>πεποίηται,</span> <span class='ocrx_word' id='word_1_193' title='bbox 2767 1459 2902 1528; x_wconf 77' lang='grc' dir='ltr'>πρὸς</span> <span class='ocrx_word' id='word_1_194' title='bbox 2943 1457 3100 1509; x_wconf 74' lang='grc' dir='ltr'>τοῦτό</span> <span class='ocrx_word' id='word_1_195' title='bbox 3148 1473 3236 1524; x_wconf 92' lang='grc' dir='ltr'><strong>μοι</strong></span> <span class='ocrx_word' id='word_1_196' title='bbox 3269 1453 3448 1515; x_wconf 86' lang='grc' dir='ltr'>καλῶς</span> <span class='ocrx_word' id='word_1_197' title='bbox 3477 1451 3621 1520; x_wconf 77' lang='grc' dir='ltr'>ἔχειν</span> 
     </span>
    </p>
   </div>
   <div class='ocr_carea' id='block_1_30' title="bbox 368 1539 1962 1631">
    <p class='ocr_par' dir='ltr' id='par_1_30' title="bbox 368 1553 1942 1620">
     <span class='ocr_line' id='line_1_30' title="bbox 368 1553 1942 1620; baseline -0.008 -2"><span class='ocrx_word' id='word_1_198' title='bbox 368 1571 548 1620; x_wconf 89' lang='lat' dir='ltr'><strong>autem</strong></span> <span class='ocrx_word' id='word_1_199' title='bbox 585 1562 895 1616; x_wconf 74' lang='lat' dir='ltr'><strong>bzereticam</strong></span> <span class='ocrx_word' id='word_1_200' title='bbox 927 1573 1083 1615; x_wconf 89' lang='lat' dir='ltr'><strong>suam</strong></span> <span class='ocrx_word' id='word_1_201' title='bbox 1125 1557 1431 1611; x_wconf 81' lang='lat' dir='ltr'><strong>doctrinam</strong></span> <span class='ocrx_word' id='word_1_202' title='bbox 1484 1555 1812 1610; x_wconf 85' lang='lat' dir='ltr'><strong>confirmare</strong></span> <span class='ocrx_word' id='word_1_203' title='bbox 1856 1553 1942 1608; x_wconf 94' lang='lat' dir='ltr'><strong>ni-</strong></span> 
     </span>
    </p>
   </div>
   <div class='ocr_carea' id='block_1_31' title="bbox 2065 1539 3621 1631">
    <p class='ocr_par' dir='ltr' id='par_1_31' title="bbox 2065 1539 3621 1631">
     <span class='ocr_line' id='line_1_31' title="bbox 2065 1539 3621 1631; baseline -0.015 -17"><span class='ocrx_word' id='word_1_204' title='bbox 2065 1559 2280 1631; x_wconf 69' lang='grc' dir='ltr'>ιγοῦμαι</span> <span class='ocrx_word' id='word_1_205' title='bbox 2321 1556 2419 1627; x_wconf 84' lang='grc' dir='ltr'><strong>τὴν</strong></span> <span class='ocrx_word' id='word_1_206' title='bbox 2473 1553 2643 1606; x_wconf 89' lang='grc' dir='ltr'>πλείω</span> <span class='ocrx_word' id='word_1_207' title='bbox 2693 1548 2962 1603; x_wconf 85' lang='grc' dir='ltr'>ποιεῖσθαι</span> <span class='ocrx_word' id='word_1_208' title='bbox 3007 1546 3260 1616; x_wconf 81' lang='grc' dir='ltr'>σπουδήν.</span> <span class='ocrx_word' id='word_1_209' title='bbox 3309 1543 3466 1598; x_wconf 76' lang='grc' dir='ltr'>Οὕτω</span> <span class='ocrx_word' id='word_1_210' title='bbox 3513 1539 3621 1610; x_wconf 85' lang='grc' dir='ltr'><strong>γάρ</strong></span> 
     </span>
    </p>
   </div>
   <div class='ocr_carea' id='block_1_32' title="bbox 371 1634 1962 1718">
    <p class='ocr_par' dir='ltr' id='par_1_32' title="bbox 371 1646 1944 1718">
     <span class='ocr_line' id='line_1_32' title="bbox 371 1646 1944 1718; baseline -0.006 -10"><span class='ocrx_word' id='word_1_211' title='bbox 371 1654 614 1718; x_wconf 88' lang='lat' dir='ltr'><strong>titur,ibi</strong></span> <span class='ocrx_word' id='word_1_212' title='bbox 646 1652 950 1708; x_wconf 87' lang='lat' dir='ltr'><strong>studiosius</strong></span> <span class='ocrx_word' id='word_1_213' title='bbox 981 1658 1034 1704; x_wconf 92' lang='lat' dir='ltr'><strong>et</strong></span> <span class='ocrx_word' id='word_1_214' title='bbox 1071 1649 1386 1703; x_wconf 87' lang='lat' dir='ltr'><strong>accuratius</strong></span> <span class='ocrx_word' id='word_1_215' title='bbox 1424 1646 1708 1700; x_wconf 85' lang='lat' dir='ltr'><strong>immorari</strong></span> <span class='ocrx_word' id='word_1_216' title='bbox 1765 1659 1944 1714; x_wconf 77' lang='lat' dir='ltr'><strong>operte</strong></span> 
     </span>
    </p>
   </div>
   <div class='ocr_carea' id='block_1_33' title="bbox 2065 1634 3623 1718">
    <p class='ocr_par' dir='ltr' id='par_1_33' title="bbox 2065 1634 3623 1716">
     <span class='ocr_line' id='line_1_33' title="bbox 2065 1634 3623 1716; baseline -0.015 -9"><span class='ocrx_word' id='word_1_217' title='bbox 2065 1655 2136 1707; x_wconf 68' lang='grc' dir='ltr'>ιαὶ</span> <span class='ocrx_word' id='word_1_218' title='bbox 2163 1654 2191 1705; x_wconf 87' lang='grc' dir='ltr'><strong>ὁ</strong></span> <span class='ocrx_word' id='word_1_219' title='bbox 2211 1651 2316 1704; x_wconf 87' lang='grc' dir='ltr'><strong>τῶν</strong></span> <span class='ocrx_word' id='word_1_220' title='bbox 2347 1649 2506 1702; x_wconf 80' lang='grc' dir='ltr'>θείων</span> <span class='ocrx_word' id='word_1_221' title='bbox 2533 1645 2816 1716; x_wconf 87' lang='grc' dir='ltr'>δογμάτων</span> <span class='ocrx_word' id='word_1_222' title='bbox 2849 1641 3136 1710; x_wconf 80' lang='grc' dir='ltr'>ὑποφήτης</span> <span class='ocrx_word' id='word_1_223' title='bbox 3161 1641 3216 1690; x_wconf 87' lang='grc' dir='ltr'><strong>ἐν</strong></span> <span class='ocrx_word' id='word_1_224' title='bbox 3243 1636 3317 1706; x_wconf 83' lang='grc' dir='ltr'>τῷ</span> <span class='ocrx_word' id='word_1_225' title='bbox 3343 1634 3466 1688; x_wconf 83' lang='grc' dir='ltr'>καθ’</span> <span class='ocrx_word' id='word_1_226' title='bbox 3497 1634 3623 1686; x_wconf 78' lang='grc' dir='ltr'>ἐαυ-</span> 
     </span>
    </p>
   </div>
   <div class='ocr_carea' id='block_1_34' title="bbox 371 1727 3625 1814">
    <p class='ocr_par' dir='ltr' id='par_1_34' title="bbox 371 1727 3625 1814">
     <span class='ocr_line' id='line_1_34' title="bbox 371 1727 3625 1814; baseline -0.011 -1"><span class='ocrx_word' id='word_1_227' title='bbox 371 1745 601 1813; x_wconf 52' lang='lat' dir='ltr'><strong>Pretium</strong></span> <span class='ocrx_word' id='word_1_228' title='bbox 635 1741 912 1796; x_wconf 69' lang='grc' dir='ltr'><strong>εκίείίιηοο</strong></span> <span class='ocrx_word' id='word_1_229' title='bbox 953 1739 1029 1792; x_wconf 69' lang='lat'><strong>&quot;3</strong></span> <span class='ocrx_word' id='word_1_230' title='bbox 1084 1752 1324 1806; x_wconf 59' lang='lat' dir='ltr'><strong>namque</strong></span> <span class='ocrx_word' id='word_1_231' title='bbox 1375 1735 1683 1790; x_wconf 67' lang='grc' dir='ltr'><strong>(Ῐίνίηοτυιη</strong></span> <span class='ocrx_word' id='word_1_232' title='bbox 1720 1734 1943 1805; x_wconf 72' lang='grc' dir='ltr'>ἀοςιηει-</span> <span class='ocrx_word' id='word_1_233' title='bbox 1975 1746 2018 1800; x_wconf 83' lang='grc' dir='ltr'><strong>Β</strong></span> <span class='ocrx_word' id='word_1_234' title='bbox 2042 1747 2134 1799; x_wconf 83' lang='grc' dir='ltr'><strong>τὸν</strong></span> <span class='ocrx_word' id='word_1_235' title='bbox 2161 1745 2304 1814; x_wconf 85' lang='grc' dir='ltr'>λόγῳ</span> <span class='ocrx_word' id='word_1_236' title='bbox 2341 1741 2656 1810; x_wconf 83' lang='grc' dir='ltr'>πεποίηκεν·</span> <span class='ocrx_word' id='word_1_237' title='bbox 2693 1737 2751 1800; x_wconf 81' lang='grc' dir='ltr'>ὃς</span> <span class='ocrx_word' id='word_1_238' title='bbox 2777 1736 2984 1788; x_wconf 85' lang='grc' dir='ltr'>πολλῶν</span> <span class='ocrx_word' id='word_1_239' title='bbox 3011 1733 3179 1786; x_wconf 77' lang='grc' dir='ltr'>ὄντων</span> <span class='ocrx_word' id='word_1_240' title='bbox 3210 1728 3519 1800; x_wconf 81' lang='grc' dir='ltr'>δυναμένων</span> <span class='ocrx_word' id='word_1_241' title='bbox 3545 1727 3625 1788; x_wconf 90' lang='grc' dir='ltr'><strong>εἰς</strong></span> 
     </span>
    </p>
   </div>
   <div class='ocr_carea' id='block_1_35' title="bbox 371 1823 1944 1902">
    <p class='ocr_par' dir='ltr' id='par_1_35' title="bbox 371 1823 1944 1902">
     <span class='ocr_line' id='line_1_35' title="bbox 371 1823 1944 1902; baseline -0.009 -13"><span class='ocrx_word' id='word_1_242' title='bbox 371 1844 489 1889; x_wconf 87' lang='lat' dir='ltr'><strong>tum</strong></span> <span class='ocrx_word' id='word_1_243' title='bbox 514 1833 785 1902; x_wconf 90' lang='lat' dir='ltr'><strong>interpres</strong></span> <span class='ocrx_word' id='word_1_244' title='bbox 823 1831 934 1899; x_wconf 84' lang='lat' dir='ltr'><strong>egit</strong></span> <span class='ocrx_word' id='word_1_245' title='bbox 985 1828 1041 1882; x_wconf 92' lang='lat' dir='ltr'><strong>in</strong></span> <span class='ocrx_word' id='word_1_246' title='bbox 1069 1828 1187 1883; x_wconf 87' lang='lat' dir='ltr'><strong>suis</strong></span> <span class='ocrx_word' id='word_1_247' title='bbox 1235 1825 1388 1881; x_wconf 91' lang='lat' dir='ltr'><strong>libris</strong></span> <span class='ocrx_word' id='word_1_248' title='bbox 1419 1843 1433 1880; x_wconf 90' lang='lat'><strong>:</strong></span> <span class='ocrx_word' id='word_1_249' title='bbox 1470 1825 1557 1879; x_wconf 92' lang='lat' dir='ltr'><strong>cui</strong></span> <span class='ocrx_word' id='word_1_250' title='bbox 1611 1839 1735 1879; x_wconf 92' lang='lat' dir='ltr'><strong>cum</strong></span> <span class='ocrx_word' id='word_1_251' title='bbox 1775 1823 1944 1878; x_wconf 92' lang='lat' dir='ltr'><strong>multa</strong></span> 
     </span>
    </p>
   </div>
   <div class='ocr_carea' id='block_1_36' title="bbox 372 1915 1950 1996">
    <p class='ocr_par' dir='ltr' id='par_1_36' title="bbox 372 1915 1950 1996">
     <span class='ocr_line' id='line_1_36' title="bbox 372 1915 1950 1996; baseline -0.007 -14"><span class='ocrx_word' id='word_1_252' title='bbox 372 1932 742 1996; x_wconf 88' lang='lat' dir='ltr'><strong>suppeterent,</strong></span> <span class='ocrx_word' id='word_1_253' title='bbox 775 1921 978 1991; x_wconf 85' lang='lat' dir='ltr'><strong>quibus</strong></span> <span class='ocrx_word' id='word_1_254' title='bbox 1028 1918 1329 1974; x_wconf 87' lang='lat' dir='ltr'><strong>orationem</strong></span> <span class='ocrx_word' id='word_1_255' title='bbox 1376 1915 1714 1986; x_wconf 77' lang='lat' dir='ltr'><strong>amplificare</strong></span> <span class='ocrx_word' id='word_1_256' title='bbox 1760 1915 1950 1971; x_wconf 89' lang='lat' dir='ltr'><strong>licuis-</strong></span> 
     </span>
    </p>
   </div>
   <div class='ocr_carea' id='block_1_37' title="bbox 374 2007 1951 2083">
    <p class='ocr_par' dir='ltr' id='par_1_37' title="bbox 374 2007 1951 2083">
     <span class='ocr_line' id='line_1_37' title="bbox 374 2007 1951 2083; baseline -0.008 -10"><span class='ocrx_word' id='word_1_257' title='bbox 374 2025 480 2083; x_wconf 82' lang='lat' dir='ltr'><strong>set,</strong></span> <span class='ocrx_word' id='word_1_258' title='bbox 513 2014 766 2069; x_wconf 85' lang='lat' dir='ltr'><strong>adductis</strong></span> <span class='ocrx_word' id='word_1_259' title='bbox 792 2013 857 2066; x_wconf 92' lang='lat' dir='ltr'><strong>iis</strong></span> <span class='ocrx_word' id='word_1_260' title='bbox 882 2010 1284 2073; x_wconf 86' lang='lat' dir='ltr'><strong>tantummodo,</strong></span> <span class='ocrx_word' id='word_1_261' title='bbox 1323 2023 1444 2078; x_wconf 68' lang='lat' dir='ltr'><strong>qua:</strong></span> <span class='ocrx_word' id='word_1_262' title='bbox 1477 2007 1790 2062; x_wconf 87' lang='lat' dir='ltr'><strong>necessaria</strong></span> <span class='ocrx_word' id='word_1_263' title='bbox 1821 2021 1951 2061; x_wconf 80' lang='lat' dir='ltr'><strong>cen-</strong></span> 
     </span>
    </p>
   </div>
   <div class='ocr_carea' id='block_1_38' title="bbox 375 2093 1951 2174">
    <p class='ocr_par' dir='ltr' id='par_1_38' title="bbox 375 2093 1951 2174">
     <span class='ocr_line' id='line_1_38' title="bbox 375 2093 1951 2174; baseline -0.008 -10"><span class='ocrx_word' id='word_1_264' title='bbox 375 2108 551 2171; x_wconf 85' lang='lat' dir='ltr'><strong>sebat,</strong></span> <span class='ocrx_word' id='word_1_265' title='bbox 621 2103 988 2174; x_wconf 77' lang='lat' dir='ltr'><strong>prolixitatem</strong></span> <span class='ocrx_word' id='word_1_266' title='bbox 1055 2093 1365 2170; x_wconf 81' lang='lat' dir='ltr'><strong>argumenti</strong></span> <span class='ocrx_word' id='word_1_267' title='bbox 1409 2099 1701 2160; x_wconf 82' lang='lat' dir='ltr'><strong>contraxit,</strong></span> <span class='ocrx_word' id='word_1_268' title='bbox 1736 2097 1951 2152; x_wconf 86' lang='lat' dir='ltr'><strong>selectis</strong></span> 
     </span>
    </p>
   </div>
   <div class='ocr_carea' id='block_1_39' title="bbox 377 2190 1953 2267">
    <p class='ocr_par' dir='ltr' id='par_1_39' title="bbox 377 2190 1953 2267">
     <span class='ocr_line' id='line_1_39' title="bbox 377 2190 1953 2267; baseline -0.006 -14"><span class='ocrx_word' id='word_1_269' title='bbox 377 2195 838 2267; x_wconf 85' lang='lat' dir='ltr'><strong>blasphemiarum</strong></span> <span class='ocrx_word' id='word_1_270' title='bbox 877 2192 1150 2261; x_wconf 84' lang='lat' dir='ltr'><strong>capitibus</strong></span> <span class='ocrx_word' id='word_1_271' title='bbox 1217 2207 1284 2247; x_wconf 80' lang='lat' dir='ltr'><strong>ex</strong></span> <span class='ocrx_word' id='word_1_272' title='bbox 1335 2191 1592 2245; x_wconf 89' lang='lat' dir='ltr'><strong>omnibus</strong></span> <span class='ocrx_word' id='word_1_273' title='bbox 1645 2190 1774 2253; x_wconf 89' lang='lat' dir='ltr'><strong>illis,</strong></span> <span class='ocrx_word' id='word_1_274' title='bbox 1832 2205 1953 2259; x_wconf 73' lang='lat' dir='ltr'><strong>quae</strong></span> 
     </span>
    </p>
   </div>
   <div class='ocr_carea' id='block_1_40' title="bbox 378 2283 1224 2354">
    <p class='ocr_par' dir='ltr' id='par_1_40' title="bbox 378 2283 1224 2354">
     <span class='ocr_line' id='line_1_40' title="bbox 378 2283 1224 2354; baseline -0.011 -11"><span class='ocrx_word' id='word_1_275' title='bbox 378 2289 517 2344; x_wconf 87' lang='lat' dir='ltr'><strong>liber</strong></span> <span class='ocrx_word' id='word_1_276' title='bbox 550 2287 638 2341; x_wconf 92' lang='lat' dir='ltr'><strong>ille</strong></span> <span class='ocrx_word' id='word_1_277' title='bbox 661 2285 861 2354; x_wconf 90' lang='lat' dir='ltr'><strong>impius</strong></span> <span class='ocrx_word' id='word_1_278' title='bbox 889 2283 1224 2336; x_wconf 88' lang='lat' dir='ltr'><strong>continebat.</strong></span> 
     </span>
    </p>
   </div>
   <div class='ocr_carea' id='block_1_41' title="bbox 449 2393 1944 2468">
    <p class='ocr_par' dir='ltr' id='par_1_41' title="bbox 449 2393 1944 2468">
     <span class='ocr_line' id='line_1_41' title="bbox 449 2393 1944 2468; baseline -0.004 -15"><span class='ocrx_word' id='word_1_279' title='bbox 449 2400 601 2468; x_wconf 87' lang='lat' dir='ltr'><strong>Quod</strong></span> <span class='ocrx_word' id='word_1_280' title='bbox 632 2398 677 2455; x_wconf 90' lang='lat' dir='ltr'><strong>si</strong></span> <span class='ocrx_word' id='word_1_281' title='bbox 713 2397 836 2467; x_wconf 88' lang='lat' dir='ltr'><strong>quis</strong></span> <span class='ocrx_word' id='word_1_282' title='bbox 865 2396 1015 2464; x_wconf 90' lang='lat' dir='ltr'><strong>cupit</strong></span> <span class='ocrx_word' id='word_1_283' title='bbox 1045 2393 1430 2448; x_wconf 82' lang='lat' dir='ltr'><strong>refutationem</strong></span> <span class='ocrx_word' id='word_1_284' title='bbox 1464 2401 1713 2448; x_wconf 91' lang='lat' dir='ltr'><strong>nostram</strong></span> <span class='ocrx_word' id='word_1_285' title='bbox 1755 2393 1944 2448; x_wconf 88' lang='lat' dir='ltr'><strong>eodem</strong></span> 
     </span>
    </p>
   </div>
   <div class='ocr_carea' id='block_1_42' title="bbox 379 2485 1954 2557">
    <p class='ocr_par' dir='ltr' id='par_1_42' title="bbox 379 2485 1954 2557">
     <span class='ocr_line' id='line_1_42' title="bbox 379 2485 1954 2557; baseline -0.006 -10"><span class='ocrx_word' id='word_1_286' title='bbox 379 2492 592 2554; x_wconf 87' lang='lat' dir='ltr'><strong>ordine,</strong></span> <span class='ocrx_word' id='word_1_287' title='bbox 626 2502 787 2557; x_wconf 89' lang='lat' dir='ltr'><strong>quem</strong></span> <span class='ocrx_word' id='word_1_288' title='bbox 826 2486 914 2540; x_wconf 89' lang='lat' dir='ltr'><strong>ille</strong></span> <span class='ocrx_word' id='word_1_289' title='bbox 945 2493 1147 2547; x_wconf 88' lang='lat' dir='ltr'><strong>servat,</strong></span> <span class='ocrx_word' id='word_1_290' title='bbox 1173 2485 1382 2539; x_wconf 89' lang='lat' dir='ltr'><strong>institui</strong></span> <span class='ocrx_word' id='word_1_291' title='bbox 1407 2502 1419 2537; x_wconf 92' lang='lat'>:</span> <span class='ocrx_word' id='word_1_292' title='bbox 1445 2485 1491 2538; x_wconf 90' lang='lat' dir='ltr'><strong>is</strong></span> <span class='ocrx_word' id='word_1_293' title='bbox 1517 2485 1750 2554; x_wconf 83' lang='lat' dir='ltr'><strong>explicet</strong></span> <span class='ocrx_word' id='word_1_294' title='bbox 1773 2485 1954 2548; x_wconf 81' lang='lat' dir='ltr'><strong>velim,</strong></span> 
     </span>
    </p>
   </div>
   <div class='ocr_carea' id='block_1_43' title="bbox 380 2573 1959 2651">
    <p class='ocr_par' dir='ltr' id='par_1_43' title="bbox 380 2573 1959 2651">
     <span class='ocr_line' id='line_1_43' title="bbox 380 2573 1959 2651; baseline -0.006 -15"><span class='ocrx_word' id='word_1_295' title='bbox 380 2597 491 2651; x_wconf 91' lang='lat' dir='ltr'><strong>quo</strong></span> <span class='ocrx_word' id='word_1_296' title='bbox 532 2577 822 2634; x_wconf 90' lang='lat' dir='ltr'><strong>commodo</strong></span> <span class='ocrx_word' id='word_1_297' title='bbox 871 2577 922 2630; x_wconf 92' lang='lat' dir='ltr'><strong>id</strong></span> <span class='ocrx_word' id='word_1_298' title='bbox 957 2575 1130 2628; x_wconf 86' lang='lat' dir='ltr'><strong>fieret.</strong></span> <span class='ocrx_word' id='word_1_299' title='bbox 1174 2574 1306 2639; x_wconf 82' lang='lat' dir='ltr'><strong>Quae</strong></span> <span class='ocrx_word' id='word_1_300' title='bbox 1335 2573 1403 2628; x_wconf 90' lang='lat' dir='ltr'><strong>ad</strong></span> <span class='ocrx_word' id='word_1_301' title='bbox 1438 2573 1724 2630; x_wconf 89' lang='lat' dir='ltr'><strong>audientes</strong></span> <span class='ocrx_word' id='word_1_302' title='bbox 1758 2574 1959 2629; x_wconf 86' lang='lat' dir='ltr'><strong>rediret</strong></span> 
     </span>
    </p>
   </div>
   <div class='ocr_carea' id='block_1_44' title="bbox 381 2666 1960 2737">
    <p class='ocr_par' dir='ltr' id='par_1_44' title="bbox 381 2666 1960 2737">
     <span class='ocr_line' id='line_1_44' title="bbox 381 2666 1960 2737; baseline -0.003 -11"><span class='ocrx_word' id='word_1_303' title='bbox 381 2674 614 2737; x_wconf 88' lang='lat' dir='ltr'><strong>utilitas,</strong></span> <span class='ocrx_word' id='word_1_304' title='bbox 654 2671 700 2725; x_wconf 88' lang='lat' dir='ltr'><strong>si</strong></span> <span class='ocrx_word' id='word_1_305' title='bbox 737 2667 1118 2736; x_wconf 89' lang='lat' dir='ltr'><strong>inscriptionis</strong></span> <span class='ocrx_word' id='word_1_306' title='bbox 1161 2666 1413 2735; x_wconf 84' lang='lat' dir='ltr'><strong>griphum</strong></span> <span class='ocrx_word' id='word_1_307' title='bbox 1442 2673 1495 2720; x_wconf 93' lang='lat' dir='ltr'><strong>et</strong></span> <span class='ocrx_word' id='word_1_308' title='bbox 1524 2666 1787 2736; x_wconf 64' lang='lat' dir='ltr'><strong>aenigma,</strong></span> <span class='ocrx_word' id='word_1_309' title='bbox 1815 2667 1960 2737; x_wconf 89' lang='lat' dir='ltr'><strong>quod</strong></span> 
     </span>
    </p>
   </div>
   <div class='ocr_carea' id='block_1_45' title="bbox 387 2755 1960 2829">
    <p class='ocr_par' dir='ltr' id='par_1_45' title="bbox 387 2755 1960 2829">
     <span class='ocr_line' id='line_1_45' title="bbox 387 2755 1960 2829; baseline -0.004 -10"><span class='ocrx_word' id='word_1_310' title='bbox 387 2766 568 2819; x_wconf 90' lang='lat' dir='ltr'><strong>instar</strong></span> <span class='ocrx_word' id='word_1_311' title='bbox 619 2758 884 2829; x_wconf 81' lang='lat' dir='ltr'><strong>sphyngis</strong></span> <span class='ocrx_word' id='word_1_312' title='bbox 936 2773 966 2810; x_wconf 89' lang='lat' dir='ltr'><strong>a</strong></span> <span class='ocrx_word' id='word_1_313' title='bbox 1016 2755 1275 2824; x_wconf 71' lang='lat' dir='ltr'><strong>tragmdis</strong></span> <span class='ocrx_word' id='word_1_314' title='bbox 1323 2755 1658 2822; x_wconf 65' lang='lat' dir='ltr'><strong>decantata},</strong></span> <span class='ocrx_word' id='word_1_315' title='bbox 1706 2757 1865 2813; x_wconf 90' lang='lat' dir='ltr'><strong>nobis</strong></span> <span class='ocrx_word' id='word_1_316' title='bbox 1906 2758 1960 2812; x_wconf 90' lang='lat' dir='ltr'><strong>in</strong></span> 
     </span>
    </p>
   </div>
   <div class='ocr_carea' id='block_1_46' title="bbox 383 2847 1962 2925">
    <p class='ocr_par' dir='ltr' id='par_1_46' title="bbox 383 2847 1962 2925">
     <span class='ocr_line' id='line_1_46' title="bbox 383 2847 1962 2925; baseline -0.004 -18"><span class='ocrx_word' id='word_1_317' title='bbox 383 2851 652 2925; x_wconf 85' lang='lat' dir='ltr'><strong>prooemio</strong></span> <span class='ocrx_word' id='word_1_318' title='bbox 673 2847 951 2920; x_wconf 87' lang='lat' dir='ltr'><strong>proponit,</strong></span> <span class='ocrx_word' id='word_1_319' title='bbox 985 2847 1369 2912; x_wconf 87' lang='lat' dir='ltr'><strong>dissolverem,</strong></span> <span class='ocrx_word' id='word_1_320' title='bbox 1401 2861 1838 2904; x_wconf 82' lang='lat' dir='ltr'><strong>commemorans</strong></span> <span class='ocrx_word' id='word_1_321' title='bbox 1876 2849 1962 2902; x_wconf 89' lang='lat' dir='ltr'><strong>vi-</strong></span> 
     </span>
    </p>
   </div>
   <div class='ocr_carea' id='block_1_47' title="bbox 385 2939 1964 3010">
    <p class='ocr_par' dir='ltr' id='par_1_47' title="bbox 385 2939 1964 3010">
     <span class='ocr_line' id='line_1_47' title="bbox 385 2939 1964 3010; baseline -0.004 -10"><span class='ocrx_word' id='word_1_322' title='bbox 385 2945 582 3000; x_wconf 89' lang='lat' dir='ltr'><strong>delicet</strong></span> <span class='ocrx_word' id='word_1_323' title='bbox 626 2955 825 2996; x_wconf 86' lang='lat' dir='ltr'><strong>novam</strong></span> <span class='ocrx_word' id='word_1_324' title='bbox 877 2939 1027 2993; x_wconf 86' lang='lat' dir='ltr'><strong>illam</strong></span> <span class='ocrx_word' id='word_1_325' title='bbox 1077 2953 1178 3009; x_wconf 86' lang='lat' dir='ltr'><strong>pro</strong></span> <span class='ocrx_word' id='word_1_326' title='bbox 1233 2939 1485 3008; x_wconf 83' lang='lat' dir='ltr'><strong>apologia</strong></span> <span class='ocrx_word' id='word_1_327' title='bbox 1526 2940 1862 3010; x_wconf 82' lang='lat' dir='ltr'><strong>apologiam,</strong></span> <span class='ocrx_word' id='word_1_328' title='bbox 1911 2949 1964 2996; x_wconf 91' lang='lat' dir='ltr'><strong>et</strong></span> 
     </span>
    </p>
   </div>
   <div class='ocr_carea' id='block_1_48' title="bbox 386 3031 1960 3106">
    <p class='ocr_par' dir='ltr' id='par_1_48' title="bbox 386 3031 1960 3106">
     <span class='ocr_line' id='line_1_48' title="bbox 386 3031 1960 3106; baseline -0.004 -15"><span class='ocrx_word' id='word_1_329' title='bbox 386 3052 564 3106; x_wconf 90' lang='lat' dir='ltr'><strong>nugas</strong></span> <span class='ocrx_word' id='word_1_330' title='bbox 596 3033 734 3088; x_wconf 88' lang='lat' dir='ltr'><strong>alias</strong></span> <span class='ocrx_word' id='word_1_331' title='bbox 767 3031 1110 3101; x_wconf 88' lang='lat' dir='ltr'><strong>complures,</strong></span> <span class='ocrx_word' id='word_1_332' title='bbox 1151 3039 1206 3086; x_wconf 91' lang='lat' dir='ltr'><strong>et</strong></span> <span class='ocrx_word' id='word_1_333' title='bbox 1243 3031 1462 3099; x_wconf 80' lang='lat' dir='ltr'><strong>longam</strong></span> <span class='ocrx_word' id='word_1_334' title='bbox 1502 3046 1720 3102; x_wconf 91' lang='lat' dir='ltr'><strong>quoque</strong></span> <span class='ocrx_word' id='word_1_335' title='bbox 1765 3033 1960 3088; x_wconf 86' lang='lat' dir='ltr'><strong>somnii</strong></span> 
     </span>
    </p>
   </div>
   <div class='ocr_carea' id='block_1_49' title="bbox 2051 1818 3625 1899">
    <p class='ocr_par' dir='ltr' id='par_1_49' title="bbox 2051 1818 3625 1899">
     <span class='ocr_line' id='line_1_49' title="bbox 2051 1818 3625 1899; baseline -0.014 -7"><span class='ocrx_word' id='word_1_336' title='bbox 2051 1839 2248 1899; x_wconf 83' lang='grc' dir='ltr'>πλάτος</span> <span class='ocrx_word' id='word_1_337' title='bbox 2268 1837 2502 1888; x_wconf 79' lang='grc' dir='ltr'>ἐκτεῖναι</span> <span class='ocrx_word' id='word_1_338' title='bbox 2525 1830 2815 1897; x_wconf 72' lang='grc' dir='ltr'>τὸνλόγον,</span> <span class='ocrx_word' id='word_1_339' title='bbox 2838 1827 2926 1880; x_wconf 75' lang='grc' dir='ltr'>διὰ</span> <span class='ocrx_word' id='word_1_340' title='bbox 2951 1825 3058 1878; x_wconf 84' lang='grc' dir='ltr'><strong>τῶν</strong></span> <span class='ocrx_word' id='word_1_341' title='bbox 3079 1821 3388 1890; x_wconf 69' lang='grc' dir='ltr'>ἀναγκαίων</span> <span class='ocrx_word' id='word_1_342' title='bbox 3421 1818 3625 1890; x_wconf 86' lang='grc' dir='ltr'>προῖὼν</span> 
     </span>
    </p>
   </div>
   <div class='ocr_carea' id='block_1_50' title="bbox 2049 1910 3626 1998">
    <p class='ocr_par' dir='ltr' id='par_1_50' title="bbox 2049 1910 3626 1998">
     <span class='ocr_line' id='line_1_50' title="bbox 2049 1910 3626 1998; baseline -0.014 -16"><span class='ocrx_word' id='word_1_343' title='bbox 2049 1929 2251 1998; x_wconf 90' lang='grc' dir='ltr'>νόμων,</span> <span class='ocrx_word' id='word_1_344' title='bbox 2283 1924 2566 1994; x_wconf 78' lang='grc' dir='ltr'>συντέμνει</span> <span class='ocrx_word' id='word_1_345' title='bbox 2589 1922 2649 1973; x_wconf 78' lang='grc' dir='ltr'>τὸ</span> <span class='ocrx_word' id='word_1_346' title='bbox 2682 1919 2883 1989; x_wconf 82' lang='grc' dir='ltr'>πλῆθος</span> <span class='ocrx_word' id='word_1_347' title='bbox 2919 1915 3020 1986; x_wconf 77' lang='grc' dir='ltr'>τῆς</span> <span class='ocrx_word' id='word_1_348' title='bbox 3063 1913 3394 1976; x_wconf 78' lang='grc' dir='ltr'>ὑποθέσεως,</span> <span class='ocrx_word' id='word_1_349' title='bbox 3443 1910 3509 1963; x_wconf 84' lang='grc' dir='ltr'>τὰ</span> <span class='ocrx_word' id='word_1_350' title='bbox 3537 1926 3626 1961; x_wconf 90' lang='grc' dir='ltr'>κε-</span> 
     </span>
    </p>
   </div>
   <div class='ocr_carea' id='block_1_51' title="bbox 2053 1999 3628 2088">
    <p class='ocr_par' dir='ltr' id='par_1_51' title="bbox 2053 1999 3628 2088">
     <span class='ocr_line' id='line_1_51' title="bbox 2053 1999 3628 2088; baseline -0.012 -17"><span class='ocrx_word' id='word_1_351' title='bbox 2053 2019 2254 2088; x_wconf 86' lang='grc' dir='ltr'>φάλαια</span> <span class='ocrx_word' id='word_1_352' title='bbox 2300 2017 2396 2086; x_wconf 75' lang='grc' dir='ltr'>τῆς</span> <span class='ocrx_word' id='word_1_353' title='bbox 2446 2012 2793 2084; x_wconf 81' lang='grc' dir='ltr'>βλασφημίας</span> <span class='ocrx_word' id='word_1_354' title='bbox 2823 2011 2887 2063; x_wconf 84' lang='grc' dir='ltr'><strong>ἐκ</strong></span> <span class='ocrx_word' id='word_1_355' title='bbox 2920 2008 3134 2061; x_wconf 89' lang='grc' dir='ltr'>πάντων</span> <span class='ocrx_word' id='word_1_356' title='bbox 3169 2004 3279 2057; x_wconf 87' lang='grc' dir='ltr'><strong>τῶν</strong></span> <span class='ocrx_word' id='word_1_357' title='bbox 3322 1999 3628 2074; x_wconf 75' lang='grc' dir='ltr'>εἰρημένων</span> 
     </span>
    </p>
   </div>
   <div class='ocr_carea' id='block_1_52' title="bbox 2052 2097 3251 2180">
    <p class='ocr_par' dir='ltr' id='par_1_52' title="bbox 2052 2097 3251 2180">
     <span class='ocr_line' id='line_1_52' title="bbox 2052 2097 3251 2180; baseline -0.013 -17"><span class='ocrx_word' id='word_1_358' title='bbox 2052 2111 2109 2163; x_wconf 81' lang='grc' dir='ltr'><strong>ἐν</strong></span> <span class='ocrx_word' id='word_1_359' title='bbox 2140 2112 2206 2180; x_wconf 83' lang='grc' dir='ltr'>τῇ</span> <span class='ocrx_word' id='word_1_360' title='bbox 2243 2107 2404 2179; x_wconf 82' lang='grc' dir='ltr'>βίϐλῳ</span> <span class='ocrx_word' id='word_1_361' title='bbox 2435 2106 2531 2174; x_wconf 85' lang='grc' dir='ltr'><strong>τῆς</strong></span> <span class='ocrx_word' id='word_1_362' title='bbox 2555 2102 2806 2164; x_wconf 87' lang='grc' dir='ltr'>ἀσεϐείας</span> <span class='ocrx_word' id='word_1_363' title='bbox 2835 2097 3251 2168; x_wconf 81' lang='grc' dir='ltr'>ἀναλεξάμενος.</span> 
     </span>
    </p>
   </div>
   <div class='ocr_carea' id='block_1_53' title="bbox 2129 2397 3634 2472">
    <p class='ocr_par' dir='ltr' id='par_1_53' title="bbox 2129 2397 3634 2472">
     <span class='ocr_line' id='line_1_53' title="bbox 2129 2397 3634 2472; baseline -0.005 -13"><span class='ocrx_word' id='word_1_364' title='bbox 2129 2407 2192 2459; x_wconf 88' lang='grc' dir='ltr'>Εἰ</span> <span class='ocrx_word' id='word_1_365' title='bbox 2224 2406 2280 2458; x_wconf 84' lang='grc' dir='ltr'><strong>δέ</strong></span> <span class='ocrx_word' id='word_1_366' title='bbox 2304 2423 2387 2467; x_wconf 91' lang='grc' dir='ltr'><strong>τις</strong></span> <span class='ocrx_word' id='word_1_367' title='bbox 2427 2403 2674 2472; x_wconf 80' lang='grc' dir='ltr'>ἐπιζητεῖ</span> <span class='ocrx_word' id='word_1_368' title='bbox 2711 2401 2849 2454; x_wconf 81' lang='grc' dir='ltr'>κατὰ</span> <span class='ocrx_word' id='word_1_369' title='bbox 2876 2399 2973 2470; x_wconf 73' lang='grc' dir='ltr'><strong>τὴν</strong></span> <span class='ocrx_word' id='word_1_370' title='bbox 3008 2397 3101 2452; x_wconf 84' lang='grc' dir='ltr'>τοῦ</span> <span class='ocrx_word' id='word_1_371' title='bbox 3129 2397 3288 2468; x_wconf 85' lang='grc' dir='ltr'>λόγου</span> <span class='ocrx_word' id='word_1_372' title='bbox 3321 2397 3472 2464; x_wconf 77' lang='grc' dir='ltr'>τάξιν</span> <span class='ocrx_word' id='word_1_373' title='bbox 3502 2397 3634 2452; x_wconf 85' lang='grc' dir='ltr'>ἀκο-</span> 
     </span>
    </p>
   </div>
   <div class='ocr_carea' id='block_1_54' title="bbox 2059 2488 3632 2564">
    <p class='ocr_par' dir='ltr' id='par_1_54' title="bbox 2059 2488 3632 2564">
     <span class='ocr_line' id='line_1_54' title="bbox 2059 2488 3632 2564; baseline -0.007 -12"><span class='ocrx_word' id='word_1_374' title='bbox 2059 2499 2266 2561; x_wconf 78' lang='grc' dir='ltr'>λούθως</span> <span class='ocrx_word' id='word_1_375' title='bbox 2296 2496 2714 2564; x_wconf 79' lang='grc' dir='ltr'>άντεισαχθῆναι</span> <span class='ocrx_word' id='word_1_376' title='bbox 2753 2494 2850 2546; x_wconf 63' lang='grc' dir='ltr'><strong>καὶ</strong></span> <span class='ocrx_word' id='word_1_377' title='bbox 2886 2492 2976 2545; x_wconf 78' lang='grc' dir='ltr'><strong>τὸν</strong></span> <span class='ocrx_word' id='word_1_378' title='bbox 3005 2490 3272 2561; x_wconf 85' lang='grc' dir='ltr'>ἡμέτερον</span> <span class='ocrx_word' id='word_1_379' title='bbox 3290 2531 3304 2555; x_wconf 84' lang='grc'><strong>,</strong></span> <span class='ocrx_word' id='word_1_380' title='bbox 3339 2490 3548 2544; x_wconf 88' lang='grc' dir='ltr'>εἰπάτω</span> <span class='ocrx_word' id='word_1_381' title='bbox 3572 2488 3632 2542; x_wconf 82' lang='grc' dir='ltr'>τὺ</span> 
     </span>
    </p>
   </div>
   <div class='ocr_carea' id='block_1_55' title="bbox 2061 2581 3636 2660">
    <p class='ocr_par' dir='ltr' id='par_1_55' title="bbox 2061 2581 3636 2660">
     <span class='ocr_line' id='line_1_55' title="bbox 2061 2581 3636 2660; baseline -0.006 -18"><span class='ocrx_word' id='word_1_382' title='bbox 2061 2589 2268 2660; x_wconf 80' lang='grc' dir='ltr'>κέρδος.</span> <span class='ocrx_word' id='word_1_383' title='bbox 2312 2588 2377 2640; x_wconf 88' lang='grc' dir='ltr'>Τί</span> <span class='ocrx_word' id='word_1_384' title='bbox 2421 2587 2580 2640; x_wconf 83' lang='grc' dir='ltr'>πλέον</span> <span class='ocrx_word' id='word_1_385' title='bbox 2611 2586 2900 2656; x_wconf 84' lang='grc' dir='ltr'>γενήσεται</span> <span class='ocrx_word' id='word_1_386' title='bbox 2939 2585 3052 2644; x_wconf 79' lang='grc' dir='ltr'>τοῖς</span> <span class='ocrx_word' id='word_1_387' title='bbox 3092 2581 3400 2644; x_wconf 88' lang='grc' dir='ltr'>ἀκούουσιν,</span> <span class='ocrx_word' id='word_1_388' title='bbox 3447 2582 3495 2634; x_wconf 85' lang='grc' dir='ltr'><strong>εί</strong></span> <span class='ocrx_word' id='word_1_389' title='bbox 3545 2581 3636 2634; x_wconf 73' lang='grc' dir='ltr'>τὸν</span> 
     </span>
    </p>
   </div>
   <div class='ocr_carea' id='block_1_56' title="bbox 2062 2671 3640 2751">
    <p class='ocr_par' dir='ltr' id='par_1_56' title="bbox 2062 2671 3640 2751">
     <span class='ocr_line' id='line_1_56' title="bbox 2062 2671 3640 2751; baseline -0.004 -21"><span class='ocrx_word' id='word_1_390' title='bbox 2062 2680 2256 2751; x_wconf 79' lang='grc' dir='ltr'>γρίφον</span> <span class='ocrx_word' id='word_1_391' title='bbox 2283 2678 2378 2732; x_wconf 73' lang='grc' dir='ltr'>καὶ</span> <span class='ocrx_word' id='word_1_392' title='bbox 2401 2679 2461 2731; x_wconf 86' lang='grc' dir='ltr'><strong>τὸ</strong></span> <span class='ocrx_word' id='word_1_393' title='bbox 2486 2679 2712 2746; x_wconf 70' lang='grc' dir='ltr'>αἴνιγμα</span> <span class='ocrx_word' id='word_1_394' title='bbox 2763 2674 2864 2744; x_wconf 80' lang='grc' dir='ltr'>τῆς</span> <span class='ocrx_word' id='word_1_395' title='bbox 2891 2675 3200 2744; x_wconf 74' lang='grc' dir='ltr'>ἐπιγραφῆς</span> <span class='ocrx_word' id='word_1_396' title='bbox 3226 2671 3538 2742; x_wconf 85' lang='grc' dir='ltr'>διαλύσαιμι</span> <span class='ocrx_word' id='word_1_397' title='bbox 3560 2714 3575 2735; x_wconf 85' lang='grc'><strong>,</strong></span> <span class='ocrx_word' id='word_1_398' title='bbox 3611 2671 3640 2724; x_wconf 81' lang='grc' dir='ltr'><strong>ὁ</strong></span> 
     </span>
    </p>
   </div>
   <div class='ocr_carea' id='block_1_57' title="bbox 2063 2762 3641 2840">
    <p class='ocr_par' dir='ltr' id='par_1_57' title="bbox 2063 2762 3641 2840">
     <span class='ocr_line' id='line_1_57' title="bbox 2063 2762 3641 2840; baseline -0.005 -16"><span class='ocrx_word' id='word_1_399' title='bbox 2063 2769 2203 2826; x_wconf 84' lang='grc' dir='ltr'>κατὰ</span> <span class='ocrx_word' id='word_1_400' title='bbox 2235 2768 2330 2838; x_wconf 78' lang='grc' dir='ltr'><strong>τὴν</strong></span> <span class='ocrx_word' id='word_1_401' title='bbox 2364 2768 2627 2840; x_wconf 85' lang='grc' dir='ltr'>τραγικὴν</span> <span class='ocrx_word' id='word_1_402' title='bbox 2653 2765 2877 2834; x_wconf 85' lang='grc' dir='ltr'>σφίγγα,</span> <span class='ocrx_word' id='word_1_403' title='bbox 2908 2765 3065 2827; x_wconf 80' lang='grc' dir='ltr'>εὐθὺς</span> <span class='ocrx_word' id='word_1_404' title='bbox 3086 2765 3219 2834; x_wconf 78' lang='grc' dir='ltr'>ἡμῖν</span> <span class='ocrx_word' id='word_1_405' title='bbox 3247 2764 3304 2816; x_wconf 79' lang='grc' dir='ltr'><strong>ἐν</strong></span> <span class='ocrx_word' id='word_1_406' title='bbox 3336 2762 3641 2833; x_wconf 86' lang='grc' dir='ltr'>προοιμίοις</span> 
     </span>
    </p>
   </div>
   <div class='ocr_carea' id='block_1_58' title="bbox 2065 2849 3642 2928">
    <p class='ocr_par' dir='ltr' id='par_1_58' title="bbox 2065 2849 3642 2928">
     <span class='ocr_line' id='line_1_58' title="bbox 2065 2849 3642 2928; baseline -0.004 -19"><span class='ocrx_word' id='word_1_407' title='bbox 2065 2855 2420 2928; x_wconf 86' lang='grc' dir='ltr'>προτείνεται,</span> <span class='ocrx_word' id='word_1_408' title='bbox 2454 2854 2551 2924; x_wconf 84' lang='grc' dir='ltr'>τὴν</span> <span class='ocrx_word' id='word_1_409' title='bbox 2584 2852 2773 2921; x_wconf 79' lang='grc' dir='ltr'>καινὴν</span> <span class='ocrx_word' id='word_1_410' title='bbox 2800 2851 3012 2920; x_wconf 80' lang='grc' dir='ltr'>ἐκείνην</span> <span class='ocrx_word' id='word_1_411' title='bbox 3043 2850 3182 2920; x_wconf 75' lang='grc' dir='ltr'>ὑπὲρ</span> <span class='ocrx_word' id='word_1_412' title='bbox 3209 2850 3306 2920; x_wconf 86' lang='grc' dir='ltr'>τῆς</span> <span class='ocrx_word' id='word_1_413' title='bbox 3348 2849 3642 2918; x_wconf 85' lang='grc' dir='ltr'>ἀπολογίας</span> 
     </span>
    </p>
   </div>
   <div class='ocr_carea' id='block_1_59' title="bbox 2065 2939 3642 3014">
    <p class='ocr_par' dir='ltr' id='par_1_59' title="bbox 2065 2939 3642 3014">
     <span class='ocr_line' id='line_1_59' title="bbox 2065 2939 3642 3014; baseline -0.006 -14"><span class='ocrx_word' id='word_1_414' title='bbox 2065 2946 2379 3014; x_wconf 85' lang='grc' dir='ltr'>ἀπολογίαν,</span> <span class='ocrx_word' id='word_1_415' title='bbox 2416 2945 2510 2998; x_wconf 67' lang='grc' dir='ltr'>καὶ</span> <span class='ocrx_word' id='word_1_416' title='bbox 2536 2944 2624 2996; x_wconf 85' lang='grc' dir='ltr'><strong>τὸν</strong></span> <span class='ocrx_word' id='word_1_417' title='bbox 2654 2943 2821 2995; x_wconf 83' lang='grc' dir='ltr'>πολὺν</span> <span class='ocrx_word' id='word_1_418' title='bbox 2861 2943 2956 2995; x_wconf 77' lang='grc' dir='ltr'><strong>ἐπὶ</strong></span> <span class='ocrx_word' id='word_1_419' title='bbox 2994 2940 3168 3010; x_wconf 86' lang='grc' dir='ltr'>τούτῳ</span> <span class='ocrx_word' id='word_1_420' title='bbox 3197 2939 3383 3012; x_wconf 78' lang='grc' dir='ltr'>λῆρον,</span> <span class='ocrx_word' id='word_1_421' title='bbox 3412 2941 3504 2994; x_wconf 73' lang='grc' dir='ltr'><strong>καὶ</strong></span> <span class='ocrx_word' id='word_1_422' title='bbox 3542 2940 3642 3011; x_wconf 78' lang='grc' dir='ltr'>τὴν</span> 
     </span>
    </p>
   </div>
   <div class='ocr_carea' id='block_1_60' title="bbox 2071 3028 3644 3110">
    <p class='ocr_par' dir='ltr' id='par_1_60' title="bbox 2071 3028 3644 3110">
     <span class='ocr_line' id='line_1_60' title="bbox 2071 3028 3644 3110; baseline -0.004 -18"><span class='ocrx_word' id='word_1_423' title='bbox 2071 3039 2284 3110; x_wconf 84' lang='grc' dir='ltr'>μακράν</span> <span class='ocrx_word' id='word_1_424' title='bbox 2317 3035 2411 3090; x_wconf 82' lang='grc' dir='ltr'>τοῦ</span> <span class='ocrx_word' id='word_1_425' title='bbox 2445 3036 2654 3106; x_wconf 89' lang='grc' dir='ltr'>ὀνείρου</span> <span class='ocrx_word' id='word_1_426' title='bbox 2687 3033 3001 3100; x_wconf 81' lang='grc' dir='ltr'>καταλέγων</span> <span class='ocrx_word' id='word_1_427' title='bbox 3025 3033 3296 3104; x_wconf 79' lang='grc' dir='ltr'>διήγησιν.</span> <span class='ocrx_word' id='word_1_428' title='bbox 3327 3028 3494 3104; x_wconf 83' lang='grc' dir='ltr'>Οἶμαι</span> <span class='ocrx_word' id='word_1_429' title='bbox 3533 3032 3644 3103; x_wconf 79' lang='grc' dir='ltr'><strong>γάρ</strong></span> 
     </span>
    </p>
   </div>
   <div class='ocr_carea' id='block_1_61' title="bbox 385 3096 1962 3194">
    <p class='ocr_par' dir='ltr' id='par_1_61' title="bbox 385 3121 1962 3194">
     <span class='ocr_line' id='line_1_61' title="bbox 385 3121 1962 3194; baseline -0.004 -10"><span class='ocrx_word' id='word_1_430' title='bbox 385 3127 809 3185; x_wconf 86' lang='lat' dir='ltr'><strong>enarrationem.</strong></span> <span class='ocrx_word' id='word_1_431' title='bbox 841 3121 981 3176; x_wconf 85' lang='lat' dir='ltr'><strong>Puto</strong></span> <span class='ocrx_word' id='word_1_432' title='bbox 1006 3123 1150 3177; x_wconf 89' lang='lat' dir='ltr'><strong>enim</strong></span> <span class='ocrx_word' id='word_1_433' title='bbox 1178 3122 1411 3177; x_wconf 90' lang='lat' dir='ltr'><strong>lectores</strong></span> <span class='ocrx_word' id='word_1_434' title='bbox 1441 3124 1578 3178; x_wconf 85' lang='lat' dir='ltr'><strong>satis</strong></span> <span class='ocrx_word' id='word_1_435' title='bbox 1609 3138 1805 3194; x_wconf 90' lang='lat' dir='ltr'><strong>magna</strong></span> <span class='ocrx_word' id='word_1_436' title='bbox 1845 3140 1962 3178; x_wconf 92' lang='lat' dir='ltr'><strong>mo-</strong></span> 
     </span>
    </p>
   </div>
   <div class='ocr_carea' id='block_1_62' title="bbox 2065 3096 3644 3194">
    <p class='ocr_par' dir='ltr' id='par_1_62' title="bbox 2071 3096 3644 3194">
     <span class='ocr_line' id='line_1_62' title="bbox 2071 3096 3644 3194; baseline -0.002 -14"><span class='ocrx_word' id='word_1_437' title='bbox 2071 3096 2270 3191; x_wconf 67' lang='lat' dir='ltr'><strong>ixavé&#39;);</strong></span> <span class='ocrx_word' id='word_1_438' title='bbox 2299 3096 2616 3181; x_wconf 67' lang='grc' dir='ltr'>ἀποκναίειν</span> <span class='ocrx_word' id='word_1_439' title='bbox 2643 3126 2768 3187; x_wconf 78' lang='grc' dir='ltr'>τοὺς</span> <span class='ocrx_word' id='word_1_440' title='bbox 2793 3096 3214 3194; x_wconf 74' lang='grc' dir='ltr'>ἐντυγχάνοντας</span> <span class='ocrx_word' id='word_1_441' title='bbox 3233 3165 3246 3187; x_wconf 88' lang='grc'><strong>,</strong></span> <span class='ocrx_word' id='word_1_442' title='bbox 3281 3125 3374 3178; x_wconf 76' lang='grc' dir='ltr'>καὶ</span> <span class='ocrx_word' id='word_1_443' title='bbox 3397 3096 3464 3177; x_wconf 41' lang='grc' dir='ltr'>’ἐν</span> <span class='ocrx_word' id='word_1_444' title='bbox 3499 3096 3644 3194; x_wconf 78' lang='grc' dir='ltr'>μόνῷ</span> 
     </span>
    </p>
   </div>
   <div class='ocr_carea' id='block_1_63' title="bbox 387 3211 1966 3284">
    <p class='ocr_par' dir='ltr' id='par_1_63' title="bbox 387 3211 1966 3284">
     <span class='ocr_line' id='line_1_63' title="bbox 387 3211 1966 3284; baseline -0.001 -12"><span class='ocrx_word' id='word_1_445' title='bbox 387 3219 545 3274; x_wconf 84' lang='lat' dir='ltr'><strong>lestia</strong></span> <span class='ocrx_word' id='word_1_446' title='bbox 597 3216 849 3272; x_wconf 76' lang='lat' dir='ltr'><strong>allectum</strong></span> <span class='ocrx_word' id='word_1_447' title='bbox 901 3213 968 3268; x_wconf 90' lang='lat' dir='ltr'><strong>iri</strong></span> <span class='ocrx_word' id='word_1_448' title='bbox 1027 3211 1282 3266; x_wconf 87' lang='lat' dir='ltr'><strong>Eunomii</strong></span> <span class='ocrx_word' id='word_1_449' title='bbox 1332 3213 1620 3278; x_wconf 87' lang='lat' dir='ltr'><strong>oratione;</strong></span> <span class='ocrx_word' id='word_1_450' title='bbox 1665 3215 1862 3284; x_wconf 89' lang='lat' dir='ltr'><strong>partim</strong></span> <span class='ocrx_word' id='word_1_451' title='bbox 1897 3216 1966 3270; x_wconf 91' lang='lat' dir='ltr'><strong>ob</strong></span> 
     </span>
    </p>
   </div>
   <div class='ocr_carea' id='block_1_64' title="bbox 389 3304 1964 3373">
    <p class='ocr_par' dir='ltr' id='par_1_64' title="bbox 389 3304 1964 3373">
     <span class='ocr_line' id='line_1_64' title="bbox 389 3304 1964 3373; baseline -0.007 -7"><span class='ocrx_word' id='word_1_452' title='bbox 389 3310 668 3367; x_wconf 80' lang='lat' dir='ltr'><strong>sordidam</strong></span> <span class='ocrx_word' id='word_1_453' title='bbox 733 3315 788 3362; x_wconf 92' lang='lat' dir='ltr'><strong>et</strong></span> <span class='ocrx_word' id='word_1_454' title='bbox 822 3320 1019 3360; x_wconf 91' lang='lat' dir='ltr'><strong>vanam</strong></span> <span class='ocrx_word' id='word_1_455' title='bbox 1061 3304 1119 3358; x_wconf 91' lang='lat' dir='ltr'><strong>in</strong></span> <span class='ocrx_word' id='word_1_456' title='bbox 1175 3304 1290 3373; x_wconf 90' lang='lat' dir='ltr'><strong>ipsa</strong></span> <span class='ocrx_word' id='word_1_457' title='bbox 1341 3304 1700 3373; x_wconf 88' lang='lat' dir='ltr'><strong>inscriptione</strong></span> <span class='ocrx_word' id='word_1_458' title='bbox 1746 3305 1964 3358; x_wconf 83' lang='lat' dir='ltr'><strong>novita-</strong></span> 
     </span>
    </p>
   </div>
   <div class='ocr_carea' id='block_1_65' title="bbox 389 3399 1968 3474">
    <p class='ocr_par' dir='ltr' id='par_1_65' title="bbox 389 3399 1968 3474">
     <span class='ocr_line' id='line_1_65' title="bbox 389 3399 1968 3474; baseline -0.007 -12"><span class='ocrx_word' id='word_1_459' title='bbox 389 3417 520 3472; x_wconf 89' lang='lat' dir='ltr'><strong>tem,</strong></span> <span class='ocrx_word' id='word_1_460' title='bbox 548 3405 745 3474; x_wconf 86' lang='lat' dir='ltr'><strong>partim</strong></span> <span class='ocrx_word' id='word_1_461' title='bbox 771 3401 841 3455; x_wconf 94' lang='lat' dir='ltr'><strong>ob</strong></span> <span class='ocrx_word' id='word_1_462' title='bbox 857 3400 1100 3454; x_wconf 88' lang='lat' dir='ltr'><strong>odiosam</strong></span> <span class='ocrx_word' id='word_1_463' title='bbox 1121 3399 1475 3468; x_wconf 85' lang='lat' dir='ltr'><strong>propriorum</strong></span> <span class='ocrx_word' id='word_1_464' title='bbox 1508 3407 1804 3452; x_wconf 89' lang='lat' dir='ltr'><strong>eventuum</strong></span> <span class='ocrx_word' id='word_1_465' title='bbox 1831 3414 1968 3453; x_wconf 87' lang='lat' dir='ltr'><strong>enu-</strong></span> 
     </span>
    </p>
   </div>
   <div class='ocr_carea' id='block_1_66' title="bbox 390 3489 1968 3560">
    <p class='ocr_par' dir='ltr' id='par_1_66' title="bbox 390 3489 1968 3560">
     <span class='ocr_line' id='line_1_66' title="bbox 390 3489 1968 3560; baseline -0.006 -8"><span class='ocrx_word' id='word_1_466' title='bbox 390 3496 773 3552; x_wconf 89' lang='lat' dir='ltr'><strong>merationem.</strong></span> <span class='ocrx_word' id='word_1_467' title='bbox 806 3492 958 3555; x_wconf 77' lang='lat' dir='ltr'><strong>Quos</strong></span> <span class='ocrx_word' id='word_1_468' title='bbox 987 3504 1225 3557; x_wconf 85' lang='lat' dir='ltr'><strong>namque</strong></span> <span class='ocrx_word' id='word_1_469' title='bbox 1256 3489 1494 3552; x_wconf 86' lang='lat' dir='ltr'><strong>labores,</strong></span> <span class='ocrx_word' id='word_1_470' title='bbox 1525 3495 1586 3560; x_wconf 77' lang='lat' dir='ltr'><strong>et</strong></span> <span class='ocrx_word' id='word_1_471' title='bbox 1619 3504 1740 3558; x_wconf 74' lang='lat' dir='ltr'><strong>quae</strong></span> <span class='ocrx_word' id='word_1_472' title='bbox 1784 3496 1968 3543; x_wconf 82' lang='lat' dir='ltr'><strong>certa-</strong></span> 
     </span>
    </p>
   </div>
   <div class='ocr_carea' id='block_1_67' title="bbox 392 3578 1969 3649">
    <p class='ocr_par' dir='ltr' id='par_1_67' title="bbox 392 3578 1969 3649">
     <span class='ocr_line' id='line_1_67' title="bbox 392 3578 1969 3649; baseline -0.005 -7"><span class='ocrx_word' id='word_1_473' title='bbox 392 3588 584 3643; x_wconf 88' lang='lat' dir='ltr'><strong>miuaa</strong></span> <span class='ocrx_word' id='word_1_474' title='bbox 613 3599 672 3639; x_wconf 90' lang='lat' dir='ltr'><strong>se</strong></span> <span class='ocrx_word' id='word_1_475' title='bbox 691 3587 950 3649; x_wconf 85' lang='lat' dir='ltr'><strong>suscepta</strong></span> <span class='ocrx_word' id='word_1_476' title='bbox 968 3594 1079 3632; x_wconf 91' lang='lat' dir='ltr'><strong>non</strong></span> <span class='ocrx_word' id='word_1_477' title='bbox 1096 3578 1284 3639; x_wconf 83' lang='lat' dir='ltr'><strong>refert,</strong></span> <span class='ocrx_word' id='word_1_478' title='bbox 1315 3587 1459 3633; x_wconf 90' lang='lat' dir='ltr'><strong>terra</strong></span> <span class='ocrx_word' id='word_1_479' title='bbox 1487 3579 1699 3633; x_wconf 84' lang='lat' dir='ltr'><strong>scilicet</strong></span> <span class='ocrx_word' id='word_1_480' title='bbox 1723 3579 1969 3649; x_wconf 90' lang='lat' dir='ltr'><strong>marique</strong></span> 
     </span>
    </p>
   </div>
   <div class='ocr_carea' id='block_1_68' title="bbox 396 3668 1966 3749">
    <p class='ocr_par' dir='ltr' id='par_1_68' title="bbox 396 3668 1966 3749">
     <span class='ocr_line' id='line_1_68' title="bbox 396 3668 1966 3749; baseline -0.006 -17"><span class='ocrx_word' id='word_1_481' title='bbox 396 3676 751 3749; x_wconf 81' lang='lat' dir='ltr'><strong>pervulgata,</strong></span> <span class='ocrx_word' id='word_1_482' title='bbox 788 3679 842 3727; x_wconf 91' lang='lat' dir='ltr'><strong>et</strong></span> <span class='ocrx_word' id='word_1_483' title='bbox 879 3678 997 3725; x_wconf 92' lang='lat' dir='ltr'><strong>toto</strong></span> <span class='ocrx_word' id='word_1_484' title='bbox 1049 3678 1320 3724; x_wconf 89' lang='lat' dir='ltr'><strong>terrarum</strong></span> <span class='ocrx_word' id='word_1_485' title='bbox 1365 3669 1500 3724; x_wconf 84' lang='lat' dir='ltr'><strong>orbe</strong></span> <span class='ocrx_word' id='word_1_486' title='bbox 1550 3670 1860 3724; x_wconf 88' lang='lat' dir='ltr'><strong>celebrata?</strong></span> <span class='ocrx_word' id='word_1_487' title='bbox 1911 3668 1966 3722; x_wconf 90' lang='lat' dir='ltr'><strong>Si</strong></span> 
     </span>
    </p>
   </div>
   <div class='ocr_carea' id='block_1_69' title="bbox 397 3759 1970 3829">
    <p class='ocr_par' dir='ltr' id='par_1_69' title="bbox 397 3759 1970 3829">
     <span class='ocr_line' id='line_1_69' title="bbox 397 3759 1970 3829; baseline -0.006 -7"><span class='ocrx_word' id='word_1_488' title='bbox 397 3770 514 3822; x_wconf 71' lang='lat' dir='ltr'><strong>haze</strong></span> <span class='ocrx_word' id='word_1_489' title='bbox 554 3767 753 3820; x_wconf 90' lang='lat' dir='ltr'><strong>iterum</strong></span> <span class='ocrx_word' id='word_1_490' title='bbox 800 3762 1195 3824; x_wconf 87' lang='lat' dir='ltr'><strong>scriberentur,</strong></span> <span class='ocrx_word' id='word_1_491' title='bbox 1233 3768 1288 3814; x_wconf 92' lang='lat' dir='ltr'><strong>et</strong></span> <span class='ocrx_word' id='word_1_492' title='bbox 1329 3759 1548 3829; x_wconf 88' lang='lat' dir='ltr'><strong>quidem</strong></span> <span class='ocrx_word' id='word_1_493' title='bbox 1583 3775 1708 3814; x_wconf 91' lang='lat' dir='ltr'><strong>cum</strong></span> <span class='ocrx_word' id='word_1_494' title='bbox 1754 3761 1970 3814; x_wconf 87' lang='lat' dir='ltr'><strong>addita-</strong></span> 
     </span>
    </p>
   </div>
   <div class='ocr_carea' id='block_1_70' title="bbox 398 3850 1968 3922">
    <p class='ocr_par' dir='ltr' id='par_1_70' title="bbox 398 3850 1968 3922">
     <span class='ocr_line' id='line_1_70' title="bbox 398 3850 1968 3922; baseline -0.005 -9"><span class='ocrx_word' id='word_1_495' title='bbox 398 3866 605 3922; x_wconf 91' lang='lat' dir='ltr'><strong>mento,</strong></span> <span class='ocrx_word' id='word_1_496' title='bbox 642 3862 701 3909; x_wconf 91' lang='lat' dir='ltr'><strong>ut</strong></span> <span class='ocrx_word' id='word_1_497' title='bbox 769 3853 884 3908; x_wconf 84' lang='lat' dir='ltr'><strong>ﬁeri</strong></span> <span class='ocrx_word' id='word_1_498' title='bbox 942 3866 1171 3906; x_wconf 90' lang='lat' dir='ltr'><strong>necesse</strong></span> <span class='ocrx_word' id='word_1_499' title='bbox 1217 3858 1300 3905; x_wconf 89' lang='lat' dir='ltr'><strong>est</strong></span> <span class='ocrx_word' id='word_1_500' title='bbox 1328 3893 1342 3915; x_wconf 98' lang='lat'><strong>,</strong></span> <span class='ocrx_word' id='word_1_501' title='bbox 1382 3851 1588 3906; x_wconf 90' lang='lat' dir='ltr'><strong>erroris</strong></span> <span class='ocrx_word' id='word_1_502' title='bbox 1636 3850 1968 3905; x_wconf 82' lang='lat' dir='ltr'><strong>refutatione</strong></span> 
     </span>
    </p>
   </div>
   <div class='ocr_carea' id='block_1_71' title="bbox 398 3943 1974 4016">
    <p class='ocr_par' dir='ltr' id='par_1_71' title="bbox 398 3943 1974 4016">
     <span class='ocr_line' id='line_1_71' title="bbox 398 3943 1974 4016; baseline -0.006 -8"><span class='ocrx_word' id='word_1_503' title='bbox 398 3951 706 4008; x_wconf 89' lang='lat' dir='ltr'><strong>orationem</strong></span> <span class='ocrx_word' id='word_1_504' title='bbox 738 3957 990 4016; x_wconf 75' lang='lat' dir='ltr'><strong>augente,</strong></span> <span class='ocrx_word' id='word_1_505' title='bbox 1026 3944 1150 4015; x_wconf 91' lang='lat' dir='ltr'><strong>quis</strong></span> <span class='ocrx_word' id='word_1_506' title='bbox 1178 3943 1315 3998; x_wconf 87' lang='lat' dir='ltr'><strong>adeo</strong></span> <span class='ocrx_word' id='word_1_507' title='bbox 1342 3943 1553 4000; x_wconf 90' lang='lat' dir='ltr'><strong>ferreus</strong></span> <span class='ocrx_word' id='word_1_508' title='bbox 1583 3954 1636 3999; x_wconf 93' lang='lat' dir='ltr'><strong>et</strong></span> <span class='ocrx_word' id='word_1_509' title='bbox 1669 3945 1974 3999; x_wconf 85' lang='lat' dir='ltr'><strong>adamanti-</strong></span> 
     </span>
    </p>
   </div>
   <div class='ocr_carea' id='block_1_72' title="bbox 401 4023 1971 4111">
    <p class='ocr_par' dir='ltr' id='par_1_72' title="bbox 401 4023 1971 4111">
     <span class='ocr_line' id='line_1_72' title="bbox 401 4023 1971 4111; baseline -0.006 -13"><span class='ocrx_word' id='word_1_510' title='bbox 401 4059 504 4098; x_wconf 89' lang='lat' dir='ltr'><strong>nus</strong></span> <span class='ocrx_word' id='word_1_511' title='bbox 530 4023 883 4111; x_wconf 75' lang='lat' dir='ltr'><strong>reperiretur,</strong></span> <span class='ocrx_word' id='word_1_512' title='bbox 921 4036 1015 4107; x_wconf 85' lang='lat' dir='ltr'><strong>qui</strong></span> <span class='ocrx_word' id='word_1_513' title='bbox 1048 4035 1282 4104; x_wconf 81' lang='lat' dir='ltr'><strong>hujusce</strong></span> <span class='ocrx_word' id='word_1_514' title='bbox 1317 4034 1610 4104; x_wconf 81' lang='lat' dir='ltr'><strong>diligentiae</strong></span> <span class='ocrx_word' id='word_1_515' title='bbox 1642 4035 1971 4105; x_wconf 86' lang='lat' dir='ltr'><strong>importuni-</strong></span> 
     </span>
    </p>
   </div>
   <div class='ocr_carea' id='block_1_73' title="bbox 402 4123 1972 4193">
    <p class='ocr_par' dir='ltr' id='par_1_73' title="bbox 402 4123 1972 4193">
     <span class='ocr_line' id='line_1_73' title="bbox 402 4123 1972 4193; baseline -0.004 -7"><span class='ocrx_word' id='word_1_516' title='bbox 402 4143 514 4188; x_wconf 88' lang='lat' dir='ltr'><strong>tate</strong></span> <span class='ocrx_word' id='word_1_517' title='bbox 549 4147 660 4186; x_wconf 90' lang='lat' dir='ltr'><strong>non</strong></span> <span class='ocrx_word' id='word_1_518' title='bbox 699 4137 1149 4184; x_wconf 81' lang='lat' dir='ltr'><strong>commoveretur</strong></span> <span class='ocrx_word' id='word_1_519' title='bbox 1194 4124 1259 4178; x_wconf 90' lang='lat' dir='ltr'><strong>ad</strong></span> <span class='ocrx_word' id='word_1_520' title='bbox 1296 4125 1594 4178; x_wconf 88' lang='lat' dir='ltr'><strong>nauseam?</strong></span> <span class='ocrx_word' id='word_1_521' title='bbox 1624 4123 1680 4178; x_wconf 92' lang='lat' dir='ltr'><strong>Si</strong></span> <span class='ocrx_word' id='word_1_522' title='bbox 1711 4133 1972 4193; x_wconf 74' lang='lat' dir='ltr'><strong>prmterea</strong></span> 
     </span>
    </p>
   </div>
   <div class='ocr_carea' id='block_1_74' title="bbox 401 4213 1976 4283">
    <p class='ocr_par' dir='ltr' id='par_1_74' title="bbox 401 4213 1976 4283">
     <span class='ocr_line' id='line_1_74' title="bbox 401 4213 1976 4283; baseline -0.006 -6"><span class='ocrx_word' id='word_1_523' title='bbox 401 4219 951 4277; x_wconf 87' lang='lat' dir='ltr'><strong>divinamhistoriam</strong></span> <span class='ocrx_word' id='word_1_524' title='bbox 974 4217 1038 4271; x_wconf 84' lang='lat' dir='ltr'><strong>ad</strong></span> <span class='ocrx_word' id='word_1_525' title='bbox 1068 4215 1294 4270; x_wconf 86' lang='lat' dir='ltr'><strong>verbum</strong></span> <span class='ocrx_word' id='word_1_526' title='bbox 1319 4216 1632 4278; x_wconf 88' lang='lat' dir='ltr'><strong>recitarem,</strong></span> <span class='ocrx_word' id='word_1_527' title='bbox 1663 4214 1787 4283; x_wconf 88' lang='lat' dir='ltr'><strong>quis</strong></span> <span class='ocrx_word' id='word_1_528' title='bbox 1817 4213 1976 4267; x_wconf 90' lang='lat' dir='ltr'><strong>nimi-</strong></span> 
     </span>
    </p>
   </div>
   <div class='ocr_carea' id='block_1_75' title="bbox 402 4305 1974 4380">
    <p class='ocr_par' dir='ltr' id='par_1_75' title="bbox 402 4305 1974 4380">
     <span class='ocr_line' id='line_1_75' title="bbox 402 4305 1974 4380; baseline -0.008 -11"><span class='ocrx_word' id='word_1_529' title='bbox 402 4330 524 4369; x_wconf 90' lang='lat' dir='ltr'><strong>rum</strong></span> <span class='ocrx_word' id='word_1_530' title='bbox 549 4315 640 4368; x_wconf 91' lang='lat' dir='ltr'><strong>illc</strong></span> <span class='ocrx_word' id='word_1_531' title='bbox 671 4311 872 4372; x_wconf 91' lang='lat' dir='ltr'><strong>fuerit,</strong></span> <span class='ocrx_word' id='word_1_532' title='bbox 917 4309 1009 4380; x_wconf 91' lang='lat' dir='ltr'><strong>qui</strong></span> <span class='ocrx_word' id='word_1_533' title='bbox 1043 4308 1109 4362; x_wconf 88' lang='lat' dir='ltr'><strong>ad</strong></span> <span class='ocrx_word' id='word_1_534' title='bbox 1151 4307 1426 4360; x_wconf 80' lang='lat' dir='ltr'><strong>Euxinum</strong></span> <span class='ocrx_word' id='word_1_535' title='bbox 1474 4305 1710 4359; x_wconf 82' lang='lat' dir='ltr'><strong>Pontum</strong></span> <span class='ocrx_word' id='word_1_536' title='bbox 1751 4313 1974 4375; x_wconf 86' lang='lat' dir='ltr'><strong>propter</strong></span> 
     </span>
    </p>
   </div>
   <div class='ocr_carea' id='block_1_76' title="bbox 2065 3215 3645 3288">
    <p class='ocr_par' dir='ltr' id='par_1_76' title="bbox 2065 3215 3645 3288">
     <span class='ocr_line' id='line_1_76' title="bbox 2065 3215 3645 3288; baseline 0 -19"><span class='ocrx_word' id='word_1_537' title='bbox 2065 3218 2143 3288; x_wconf 83' lang='grc' dir='ltr'>τῷ</span> <span class='ocrx_word' id='word_1_538' title='bbox 2169 3217 2310 3288; x_wconf 86' lang='grc' dir='ltr'>λόγῳ</span> <span class='ocrx_word' id='word_1_539' title='bbox 2330 3217 2421 3270; x_wconf 83' lang='grc' dir='ltr'>τοῦ</span> <span class='ocrx_word' id='word_1_540' title='bbox 2447 3217 2713 3286; x_wconf 76' lang='grc' dir='ltr'>Εὐνομίου</span> <span class='ocrx_word' id='word_1_541' title='bbox 2745 3217 3048 3286; x_wconf 80' lang='grc' dir='ltr'>σωζόμενον</span> <span class='ocrx_word' id='word_1_542' title='bbox 3079 3217 3140 3269; x_wconf 93' lang='grc' dir='ltr'><strong>τό</strong></span> <span class='ocrx_word' id='word_1_543' title='bbox 3170 3233 3230 3268; x_wconf 89' lang='grc' dir='ltr'><strong>τε</strong></span> <span class='ocrx_word' id='word_1_544' title='bbox 3252 3215 3508 3287; x_wconf 80' lang='grc' dir='ltr'>γλισχρδν</span> <span class='ocrx_word' id='word_1_545' title='bbox 3549 3217 3645 3270; x_wconf 81' lang='grc' dir='ltr'>καὶ</span> 
     </span>
    </p>
   </div>
   <div class='ocr_carea' id='block_1_77' title="bbox 2071 3307 3645 3380">
    <p class='ocr_par' dir='ltr' id='par_1_77' title="bbox 2071 3307 3645 3380">
     <span class='ocr_line' id='line_1_77' title="bbox 2071 3307 3645 3380; baseline 0 -18"><span class='ocrx_word' id='word_1_546' title='bbox 2071 3309 2298 3380; x_wconf 76' lang='grc' dir='ltr'>μάταιον</span> <span class='ocrx_word' id='word_1_547' title='bbox 2337 3310 2434 3378; x_wconf 81' lang='grc' dir='ltr'>τῆς</span> <span class='ocrx_word' id='word_1_548' title='bbox 2467 3311 2524 3362; x_wconf 82' lang='grc' dir='ltr'><strong>ἐν</strong></span> <span class='ocrx_word' id='word_1_549' title='bbox 2551 3311 2617 3379; x_wconf 82' lang='grc' dir='ltr'>τῇ</span> <span class='ocrx_word' id='word_1_550' title='bbox 2654 3310 2932 3380; x_wconf 79' lang='grc' dir='ltr'>ἐπιγραφῇ</span> <span class='ocrx_word' id='word_1_551' title='bbox 2962 3307 3056 3361; x_wconf 79' lang='grc' dir='ltr'>τοῦ</span> <span class='ocrx_word' id='word_1_552' title='bbox 3087 3309 3246 3377; x_wconf 84' lang='grc' dir='ltr'>λόγου</span> <span class='ocrx_word' id='word_1_553' title='bbox 3279 3309 3604 3378; x_wconf 85' lang='grc' dir='ltr'>καινότητος</span> <span class='ocrx_word' id='word_1_554' title='bbox 3627 3347 3645 3373; x_wconf 89' lang='grc'><strong>,</strong></span> 
     </span>
    </p>
   </div>
   <div class='ocr_carea' id='block_1_78' title="bbox 2068 3399 3648 3476">
    <p class='ocr_par' dir='ltr' id='par_1_78' title="bbox 2068 3399 3648 3476">
     <span class='ocr_line' id='line_1_78' title="bbox 2068 3399 3648 3476; baseline 0 -23"><span class='ocrx_word' id='word_1_555' title='bbox 2068 3399 2256 3454; x_wconf 75' lang='grc' dir='ltr'>καὶτὸ</span> <span class='ocrx_word' id='word_1_556' title='bbox 2301 3399 2558 3476; x_wconf 62' lang='grc' dir='ltr'>φορτικόν</span> <span class='ocrx_word' id='word_1_557' title='bbox 2593 3399 2741 3469; x_wconf 78' lang='grc' dir='ltr'>ἅμα,</span> <span class='ocrx_word' id='word_1_558' title='bbox 2788 3399 2882 3454; x_wconf 82' lang='grc' dir='ltr'>καὶ</span> <span class='ocrx_word' id='word_1_559' title='bbox 2918 3399 3045 3466; x_wconf 79' lang='grc' dir='ltr'>περὶ</span> <span class='ocrx_word' id='word_1_560' title='bbox 3075 3399 3255 3452; x_wconf 80' lang='grc' dir='ltr'>αὐτῶν</span> <span class='ocrx_word' id='word_1_561' title='bbox 3296 3399 3404 3454; x_wconf 86' lang='grc' dir='ltr'><strong>τῶν</strong></span> <span class='ocrx_word' id='word_1_562' title='bbox 3435 3399 3648 3453; x_wconf 86' lang='grc' dir='ltr'>οἰκείων</span> 
     </span>
    </p>
   </div>
   <div class='ocr_carea' id='block_1_79' title="bbox 2068 3490 3648 3564">
    <p class='ocr_par' dir='ltr' id='par_1_79' title="bbox 2068 3490 3648 3564">
     <span class='ocr_line' id='line_1_79' title="bbox 2068 3490 3648 3564; baseline -0.001 -18"><span class='ocrx_word' id='word_1_563' title='bbox 2068 3493 2422 3562; x_wconf 81' lang='grc' dir='ltr'>διηγημάτων</span> <span class='ocrx_word' id='word_1_564' title='bbox 2441 3507 2455 3523; x_wconf 77' lang='grc' dir='ltr'><strong>ο</strong></span> <span class='ocrx_word' id='word_1_565' title='bbox 2478 3492 2625 3554; x_wconf 79' lang='grc' dir='ltr'>οἴους</span> <span class='ocrx_word' id='word_1_566' title='bbox 2656 3491 2870 3555; x_wconf 89' lang='grc' dir='ltr'>πόνους,</span> <span class='ocrx_word' id='word_1_567' title='bbox 2892 3492 2984 3544; x_wconf 79' lang='grc' dir='ltr'><strong>καὶ</strong></span> <span class='ocrx_word' id='word_1_568' title='bbox 3000 3491 3192 3554; x_wconf 79' lang='grc' dir='ltr'>ἄθλους</span> <span class='ocrx_word' id='word_1_569' title='bbox 3216 3490 3408 3544; x_wconf 83' lang='grc' dir='ltr'>ἑαυτοῦ</span> <span class='ocrx_word' id='word_1_570' title='bbox 3441 3492 3648 3564; x_wconf 78' lang='grc' dir='ltr'>διεξέρ-</span> 
     </span>
    </p>
   </div>
   <div class='ocr_carea' id='block_1_80' title="bbox 2070 3582 3650 3664">
    <p class='ocr_par' dir='ltr' id='par_1_80' title="bbox 2070 3582 3650 3664">
     <span class='ocr_line' id='line_1_80' title="bbox 2070 3582 3650 3664; baseline 0.001 -29"><span class='ocrx_word' id='word_1_571' title='bbox 2070 3601 2242 3654; x_wconf 86' lang='grc' dir='ltr'>χεται,</span> <span class='ocrx_word' id='word_1_572' title='bbox 2267 3582 2354 3635; x_wconf 91' lang='grc' dir='ltr'><strong>διά</strong></span> <span class='ocrx_word' id='word_1_573' title='bbox 2378 3583 2698 3664; x_wconf 36' lang='grc' dir='ltr'>πάσης-γῆς,</span> <span class='ocrx_word' id='word_1_574' title='bbox 2725 3583 2819 3636; x_wconf 72' lang='grc' dir='ltr'>καὶ</span> <span class='ocrx_word' id='word_1_575' title='bbox 2833 3582 3099 3646; x_wconf 80' lang='grc' dir='ltr'>θαλάττης</span> <span class='ocrx_word' id='word_1_576' title='bbox 3119 3583 3537 3653; x_wconf 85' lang='grc' dir='ltr'>πεφοιτηκότας,</span> <span class='ocrx_word' id='word_1_577' title='bbox 3554 3583 3650 3636; x_wconf 81' lang='grc' dir='ltr'>καὶ</span> 
     </span>
    </p>
   </div>
   <div class='ocr_carea' id='block_1_81' title="bbox 2071 3675 3650 3748">
    <p class='ocr_par' dir='ltr' id='par_1_81' title="bbox 2071 3675 3650 3748">
     <span class='ocr_line' id='line_1_81' title="bbox 2071 3675 3650 3748; baseline -0.001 -17"><span class='ocrx_word' id='word_1_578' title='bbox 2071 3679 2128 3731; x_wconf 84' lang='grc' dir='ltr'><strong>ἐν</strong></span> <span class='ocrx_word' id='word_1_579' title='bbox 2152 3677 2300 3748; x_wconf 80' lang='grc' dir='ltr'>πάσῃ</span> <span class='ocrx_word' id='word_1_580' title='bbox 2312 3679 2376 3746; x_wconf 85' lang='grc' dir='ltr'>τῇ</span> <span class='ocrx_word' id='word_1_581' title='bbox 2399 3676 2692 3748; x_wconf 75' lang='grc' dir='ltr'>οἰκουμένῃ</span> <span class='ocrx_word' id='word_1_582' title='bbox 2711 3694 2778 3747; x_wconf 89' lang='grc' dir='ltr'><strong>κη</strong></span> <span class='ocrx_word' id='word_1_583' title='bbox 2788 3675 3173 3748; x_wconf 77' lang='grc' dir='ltr'>ρυσσομένουςς</span> <span class='ocrx_word' id='word_1_584' title='bbox 3195 3676 3329 3729; x_wconf 85' lang='grc' dir='ltr'><strong>Εἰδέ</strong></span> <span class='ocrx_word' id='word_1_585' title='bbox 3356 3675 3527 3730; x_wconf 78' lang='grc' dir='ltr'>ταῦτα</span> <span class='ocrx_word' id='word_1_586' title='bbox 3547 3677 3650 3730; x_wconf 86' lang='grc' dir='ltr'>πά-</span> 
     </span>
    </p>
   </div>
   <div class='ocr_carea' id='block_1_82' title="bbox 2070 3763 3653 3837">
    <p class='ocr_par' dir='ltr' id='par_1_82' title="bbox 2070 3763 3653 3837">
     <span class='ocr_line' id='line_1_82' title="bbox 2070 3763 3653 3837; baseline -0.001 -18"><span class='ocrx_word' id='word_1_587' title='bbox 2070 3767 2152 3819; x_wconf 92' lang='grc' dir='ltr'><strong>λιν</strong></span> <span class='ocrx_word' id='word_1_588' title='bbox 2167 3766 2448 3836; x_wconf 83' lang='grc' dir='ltr'>γράφοιτο,</span> <span class='ocrx_word' id='word_1_589' title='bbox 2471 3766 2566 3818; x_wconf 75' lang='grc' dir='ltr'>καὶ</span> <span class='ocrx_word' id='word_1_590' title='bbox 2593 3764 2730 3835; x_wconf 85' lang='grc' dir='ltr'>μετὰ</span> <span class='ocrx_word' id='word_1_591' title='bbox 2757 3766 3095 3837; x_wconf 84' lang='grc' dir='ltr'>προσθήκης,</span> <span class='ocrx_word' id='word_1_592' title='bbox 3129 3765 3204 3826; x_wconf 85' lang='grc' dir='ltr'>ὡς</span> <span class='ocrx_word' id='word_1_593' title='bbox 3233 3763 3400 3826; x_wconf 74' lang='grc' dir='ltr'>εἰκὸς,</span> <span class='ocrx_word' id='word_1_594' title='bbox 3426 3764 3534 3818; x_wconf 86' lang='grc' dir='ltr'><strong>τῶν</strong></span> <span class='ocrx_word' id='word_1_595' title='bbox 3551 3768 3653 3836; x_wconf 80' lang='grc' dir='ltr'><strong>τῆς</strong></span> 
     </span>
    </p>
   </div>
   <div class='ocr_carea' id='block_1_83' title="bbox 2070 3851 3653 3924">
    <p class='ocr_par' dir='ltr' id='par_1_83' title="bbox 2070 3851 3653 3924">
     <span class='ocr_line' id='line_1_83' title="bbox 2070 3851 3653 3924; baseline -0.001 -17"><span class='ocrx_word' id='word_1_596' title='bbox 2070 3854 2418 3924; x_wconf 81' lang='grc' dir='ltr'>ψευδολογίας</span> <span class='ocrx_word' id='word_1_597' title='bbox 2437 3853 2671 3924; x_wconf 84' lang='grc' dir='ltr'>ἐλέγχων</span> <span class='ocrx_word' id='word_1_598' title='bbox 2689 3853 3083 3917; x_wconf 76' lang='grc' dir='ltr'>πλεοναζόντων</span> <span class='ocrx_word' id='word_1_599' title='bbox 3095 3853 3182 3906; x_wconf 77' lang='grc' dir='ltr'><strong>τὸν</strong></span> <span class='ocrx_word' id='word_1_600' title='bbox 3198 3851 3373 3920; x_wconf 84' lang='grc' dir='ltr'>λόγον,</span> <span class='ocrx_word' id='word_1_601' title='bbox 3390 3852 3472 3915; x_wconf 91' lang='grc' dir='ltr'><strong>τίς</strong></span> <span class='ocrx_word' id='word_1_602' title='bbox 3483 3852 3653 3916; x_wconf 74' lang='grc' dir='ltr'>οὕτως</span> 
     </span>
    </p>
   </div>
   <div class='ocr_carea' id='block_1_84' title="bbox 2075 3942 3653 4018">
    <p class='ocr_par' dir='ltr' id='par_1_84' title="bbox 2075 3942 3653 4018">
     <span class='ocr_line' id='line_1_84' title="bbox 2075 3942 3653 4018; baseline -0.001 -20"><span class='ocrx_word' id='word_1_603' title='bbox 2075 3945 2299 4018; x_wconf 78' lang='grc' dir='ltr'>στερρὸς</span> <span class='ocrx_word' id='word_1_604' title='bbox 2314 3945 2580 4012; x_wconf 75' lang='grc' dir='ltr'>φανεῖται,</span> <span class='ocrx_word' id='word_1_605' title='bbox 2597 3945 2686 3997; x_wconf 73' lang='grc' dir='ltr'>καὶ</span> <span class='ocrx_word' id='word_1_606' title='bbox 2699 3943 3070 4012; x_wconf 49' lang='grc' dir='ltr'>ἀδαμάντινος,</span> <span class='ocrx_word' id='word_1_607' title='bbox 3101 3943 3176 4006; x_wconf 82' lang='grc' dir='ltr'>ὡς</span> <span class='ocrx_word' id='word_1_608' title='bbox 3202 3942 3275 4012; x_wconf 82' lang='grc' dir='ltr'>μὴ</span> <span class='ocrx_word' id='word_1_609' title='bbox 3293 3944 3628 4012; x_wconf 86' lang='grc' dir='ltr'>προσναυτιά</span> <span class='ocrx_word' id='word_1_610' title='bbox 3641 3975 3653 3983; x_wconf 96' lang='lat'><strong><em>-</em></strong></span> 
     </span>
    </p>
   </div>
   <div class='ocr_carea' id='block_1_85' title="bbox 2075 4033 3657 4107">
    <p class='ocr_par' dir='ltr' id='par_1_85' title="bbox 2075 4033 3657 4107">
     <span class='ocr_line' id='line_1_85' title="bbox 2075 4033 3657 4107; baseline -0.002 -17"><span class='ocrx_word' id='word_1_611' title='bbox 2075 4055 2163 4090; x_wconf 90' lang='grc' dir='ltr'><strong>σαι</strong></span> <span class='ocrx_word' id='word_1_612' title='bbox 2185 4037 2250 4106; x_wconf 82' lang='grc' dir='ltr'>τῇ</span> <span class='ocrx_word' id='word_1_613' title='bbox 2275 4034 2500 4106; x_wconf 73' lang='grc' dir='ltr'>ἀκαιρία</span> <span class='ocrx_word' id='word_1_614' title='bbox 2524 4035 2616 4088; x_wconf 84' lang='grc' dir='ltr'>τοῦ</span> <span class='ocrx_word' id='word_1_615' title='bbox 2639 4035 2802 4089; x_wconf 88' lang='grc' dir='ltr'>πόνου</span> <span class='ocrx_word' id='word_1_616' title='bbox 2823 4052 2837 4100; x_wconf 87' lang='grc'><strong>;</strong></span> <span class='ocrx_word' id='word_1_617' title='bbox 2863 4035 2924 4087; x_wconf 81' lang='lat' dir='ltr'><strong>Ei</strong></span> <span class='ocrx_word' id='word_1_618' title='bbox 2942 4034 2996 4087; x_wconf 82' lang='grc' dir='ltr'>δὲ</span> <span class='ocrx_word' id='word_1_619' title='bbox 3021 4035 3112 4087; x_wconf 70' lang='grc' dir='ltr'><strong>καὶ</strong></span> <span class='ocrx_word' id='word_1_620' title='bbox 3129 4033 3225 4104; x_wconf 80' lang='grc' dir='ltr'>τὴν</span> <span class='ocrx_word' id='word_1_621' title='bbox 3239 4033 3417 4087; x_wconf 75' lang='grc' dir='ltr'>ἔνθεον</span> <span class='ocrx_word' id='word_1_622' title='bbox 3441 4035 3657 4107; x_wconf 80' lang='grc' dir='ltr'>ἐκείνην</span> 
     </span>
    </p>
   </div>
   <div class='ocr_carea' id='block_1_86' title="bbox 2076 4123 3656 4198">
    <p class='ocr_par' dir='ltr' id='par_1_86' title="bbox 2076 4123 3656 4198">
     <span class='ocr_line' id='line_1_86' title="bbox 2076 4123 3656 4198; baseline -0.001 -20"><span class='ocrx_word' id='word_1_623' title='bbox 2076 4127 2311 4198; x_wconf 75' lang='grc' dir='ltr'>ἱστορίαν</span> <span class='ocrx_word' id='word_1_624' title='bbox 2332 4127 2426 4178; x_wconf 74' lang='grc' dir='ltr'><strong>ἐπὶ</strong></span> <span class='ocrx_word' id='word_1_625' title='bbox 2449 4125 2646 4189; x_wconf 84' lang='grc' dir='ltr'>λέξεως</span> <span class='ocrx_word' id='word_1_626' title='bbox 2674 4123 2964 4194; x_wconf 86' lang='grc' dir='ltr'>γράφοιμι,</span> <span class='ocrx_word' id='word_1_627' title='bbox 2989 4123 3070 4187; x_wconf 90' lang='grc' dir='ltr'><strong>τίς</strong></span> <span class='ocrx_word' id='word_1_628' title='bbox 3087 4124 3114 4176; x_wconf 88' lang='grc' dir='ltr'><strong>ὁ</strong></span> <span class='ocrx_word' id='word_1_629' title='bbox 3139 4125 3280 4178; x_wconf 83' lang='grc' dir='ltr'><strong>κατά</strong></span> <span class='ocrx_word' id='word_1_630' title='bbox 3292 4124 3381 4179; x_wconf 79' lang='grc' dir='ltr'>τὸν</span> <span class='ocrx_word' id='word_1_631' title='bbox 3406 4125 3656 4192; x_wconf 79' lang='grc' dir='ltr'>Εὖξεινον</span> 
     </span>
    </p>
   </div>
   <div class='ocr_carea' id='block_1_87' title="bbox 2074 4210 3657 4285">
    <p class='ocr_par' dir='ltr' id='par_1_87' title="bbox 2074 4210 3657 4285">
     <span class='ocr_line' id='line_1_87' title="bbox 2074 4210 3657 4285; baseline 0.001 -18"><span class='ocrx_word' id='word_1_632' title='bbox 2074 4214 2295 4278; x_wconf 81' lang='grc' dir='ltr'>Πόντον,</span> <span class='ocrx_word' id='word_1_633' title='bbox 2329 4213 2418 4267; x_wconf 83' lang='grc' dir='ltr'><strong>διά</strong></span> <span class='ocrx_word' id='word_1_634' title='bbox 2455 4215 2554 4283; x_wconf 82' lang='grc' dir='ltr'>τῆς</span> <span class='ocrx_word' id='word_1_635' title='bbox 2585 4213 2900 4282; x_wconf 82' lang='grc' dir='ltr'>ὁμωνυμίας</span> <span class='ocrx_word' id='word_1_636' title='bbox 2933 4212 3096 4265; x_wconf 81' lang='grc' dir='ltr'>αὐτὸν</span> <span class='ocrx_word' id='word_1_637' title='bbox 3138 4213 3512 4285; x_wconf 86' lang='grc' dir='ltr'>προλυπήσας,</span> <span class='ocrx_word' id='word_1_638' title='bbox 3546 4210 3657 4278; x_wconf 74' lang='grc' dir='ltr'>οἷος</span> 
     </span>
    </p>
   </div>
   <div class='ocr_carea' id='block_1_88' title="bbox 2074 4301 3659 4375">
    <p class='ocr_par' dir='ltr' id='par_1_88' title="bbox 2074 4301 3659 4375">
     <span class='ocr_line' id='line_1_88' title="bbox 2074 4301 3659 4375; baseline -0.001 -17"><span class='ocrx_word' id='word_1_639' title='bbox 2074 4305 2102 4358; x_wconf 91' lang='grc' dir='ltr'><strong>ὁ</strong></span> <span class='ocrx_word' id='word_1_640' title='bbox 2137 4301 2249 4371; x_wconf 85' lang='grc' dir='ltr'>βίος</span> <span class='ocrx_word' id='word_1_641' title='bbox 2273 4342 2289 4365; x_wconf 86' lang='grc'><strong>,</strong></span> <span class='ocrx_word' id='word_1_642' title='bbox 2343 4302 2486 4366; x_wconf 89' lang='grc' dir='ltr'>τίνες</span> <span class='ocrx_word' id='word_1_643' title='bbox 2541 4302 2597 4356; x_wconf 87' lang='grc' dir='ltr'><strong>αἰ</strong></span> <span class='ocrx_word' id='word_1_644' title='bbox 2632 4301 2888 4366; x_wconf 72' lang='grc' dir='ltr'>σπουδαὶ,</span> <span class='ocrx_word' id='word_1_645' title='bbox 2931 4302 3046 4364; x_wconf 84' lang='grc' dir='ltr'><strong>πῶς</strong></span> <span class='ocrx_word' id='word_1_646' title='bbox 3079 4303 3354 4374; x_wconf 80' lang='grc' dir='ltr'>διεφέρετο</span> <span class='ocrx_word' id='word_1_647' title='bbox 3406 4303 3537 4375; x_wconf 75' lang='grc' dir='ltr'>πρὸς</span> <span class='ocrx_word' id='word_1_648' title='bbox 3566 4304 3659 4357; x_wconf 84' lang='grc' dir='ltr'><strong>τὸν</strong></span> 
     </span>
    </p>
   </div>
   <div class='ocr_carea' id='block_1_89' title="bbox 401 4392 1962 4479">
    <p class='ocr_par' dir='ltr' id='par_1_89' title="bbox 401 4395 1962 4472">
     <span class='ocr_line' id='line_1_89' title="bbox 401 4395 1962 4472; baseline -0.007 -14"><span class='ocrx_word' id='word_1_649' title='bbox 401 4403 810 4472; x_wconf 77' lang='lat' dir='ltr'><strong>ltomonymiam</strong></span> <span class='ocrx_word' id='word_1_650' title='bbox 876 4400 1056 4470; x_wconf 91' lang='lat' dir='ltr'><strong>ipsum</strong></span> <span class='ocrx_word' id='word_1_651' title='bbox 1107 4395 1585 4458; x_wconf 83' lang='lat' dir='ltr'><strong>eonstristaverit,</strong></span> <span class='ocrx_word' id='word_1_652' title='bbox 1646 4396 1827 4462; x_wconf 85' lang='lat' dir='ltr'><strong>qualis</strong></span> <span class='ocrx_word' id='word_1_653' title='bbox 1863 4395 1962 4448; x_wconf 78' lang='lat' dir='ltr'><strong>vita</strong></span> 
     </span>
    </p>
   </div>
   <div class='ocr_carea' id='block_1_90' title="bbox 2065 4392 3658 4479">
    <p class='ocr_par' dir='ltr' id='par_1_90' title="bbox 2093 4392 3658 4466">
     <span class='ocr_line' id='line_1_90' title="bbox 2093 4392 3658 4466; baseline 0.001 -20"><span class='ocrx_word' id='word_1_654' title='bbox 2093 4393 2373 4466; x_wconf 86' lang='grc' dir='ltr'>Ἀρμένιον</span> <span class='ocrx_word' id='word_1_655' title='bbox 2414 4393 2502 4446; x_wconf 84' lang='grc' dir='ltr'><strong>διὰ</strong></span> <span class='ocrx_word' id='word_1_656' title='bbox 2546 4394 2644 4464; x_wconf 84' lang='grc' dir='ltr'><strong>τὴν</strong></span> <span class='ocrx_word' id='word_1_657' title='bbox 2675 4393 3004 4464; x_wconf 85' lang='grc' dir='ltr'>ὁμοτροπίαν</span> <span class='ocrx_word' id='word_1_658' title='bbox 3044 4394 3137 4447; x_wconf 80' lang='grc' dir='ltr'>τοῦ</span> <span class='ocrx_word' id='word_1_659' title='bbox 3180 4394 3364 4464; x_wconf 77' lang='grc' dir='ltr'>ἦθους,</span> <span class='ocrx_word' id='word_1_660' title='bbox 3405 4392 3521 4448; x_wconf 76' lang='grc' dir='ltr'>εἶτα</span> <span class='ocrx_word' id='word_1_661' title='bbox 3567 4397 3658 4448; x_wconf 77' lang='grc' dir='ltr'>ἐπὶ</span> 
     </span>
    </p>
   </div>
   <div class='ocr_carea' id='block_1_91' title="bbox 404 4485 1974 4560">
    <p class='ocr_par' dir='ltr' id='par_1_91' title="bbox 404 4485 1974 4560">
     <span class='ocr_line' id='line_1_91' title="bbox 404 4485 1974 4560; baseline -0.006 -13"><span class='ocrx_word' id='word_1_662' title='bbox 404 4493 530 4549; x_wconf 87' lang='lat' dir='ltr'><strong>istic</strong></span> <span class='ocrx_word' id='word_1_663' title='bbox 557 4501 694 4551; x_wconf 88' lang='lat' dir='ltr'><strong>acta,</strong></span> <span class='ocrx_word' id='word_1_664' title='bbox 725 4505 847 4560; x_wconf 69' lang='lat' dir='ltr'><strong>quae</strong></span> <span class='ocrx_word' id='word_1_665' title='bbox 884 4489 1065 4543; x_wconf 88' lang='lat' dir='ltr'><strong>studia</strong></span> <span class='ocrx_word' id='word_1_666' title='bbox 1100 4497 1356 4556; x_wconf 88' lang='lat' dir='ltr'><strong>suscepta</strong></span> <span class='ocrx_word' id='word_1_667' title='bbox 1395 4505 1408 4540; x_wconf 90' lang='lat'>:</span> <span class='ocrx_word' id='word_1_668' title='bbox 1444 4485 1722 4555; x_wconf 88' lang='lat' dir='ltr'><strong>quomodo</strong></span> <span class='ocrx_word' id='word_1_669' title='bbox 1752 4487 1822 4539; x_wconf 90' lang='lat' dir='ltr'><strong>ob</strong></span> <span class='ocrx_word' id='word_1_670' title='bbox 1854 4499 1974 4538; x_wconf 87' lang='lat' dir='ltr'><strong>mo-</strong></span> 
     </span>
    </p>
   </div>
   <div class='ocr_carea' id='block_1_92' title="bbox 406 4574 1975 4645">
    <p class='ocr_par' dir='ltr' id='par_1_92' title="bbox 406 4574 1975 4645">
     <span class='ocr_line' id='line_1_92' title="bbox 406 4574 1975 4645; baseline -0.006 -9"><span class='ocrx_word' id='word_1_671' title='bbox 406 4595 528 4636; x_wconf 91' lang='lat' dir='ltr'><strong>rum</strong></span> <span class='ocrx_word' id='word_1_672' title='bbox 561 4579 981 4634; x_wconf 91' lang='lat' dir='ltr'><strong>similitudinem</strong></span> <span class='ocrx_word' id='word_1_673' title='bbox 1007 4577 1334 4632; x_wconf 86' lang='lat' dir='ltr'><strong>dissenserit</strong></span> <span class='ocrx_word' id='word_1_674' title='bbox 1369 4592 1398 4630; x_wconf 90' lang='lat' dir='ltr'><strong>a</strong></span> <span class='ocrx_word' id='word_1_675' title='bbox 1431 4576 1666 4645; x_wconf 89' lang='lat' dir='ltr'><strong>quodam</strong></span> <span class='ocrx_word' id='word_1_676' title='bbox 1694 4574 1975 4637; x_wconf 82' lang='lat' dir='ltr'><strong>Armenio,</strong></span> 
     </span>
    </p>
   </div>
   <div class='ocr_carea' id='block_1_93' title="bbox 407 4667 1980 4737">
    <p class='ocr_par' dir='ltr' id='par_1_93' title="bbox 407 4667 1980 4737">
     <span class='ocr_line' id='line_1_93' title="bbox 407 4667 1980 4737; baseline -0.005 -9"><span class='ocrx_word' id='word_1_677' title='bbox 407 4679 464 4728; x_wconf 88' lang='lat' dir='ltr'><strong>et</strong></span> <span class='ocrx_word' id='word_1_678' title='bbox 493 4673 549 4725; x_wconf 94' lang='lat' dir='ltr'><strong>in</strong></span> <span class='ocrx_word' id='word_1_679' title='bbox 584 4670 784 4737; x_wconf 87' lang='lat' dir='ltr'><strong>quibus</strong></span> <span class='ocrx_word' id='word_1_680' title='bbox 822 4668 1019 4723; x_wconf 89' lang='lat' dir='ltr'><strong>deinde</strong></span> <span class='ocrx_word' id='word_1_681' title='bbox 1048 4669 1192 4722; x_wconf 89' lang='lat' dir='ltr'><strong>inter</strong></span> <span class='ocrx_word' id='word_1_682' title='bbox 1230 4683 1287 4722; x_wconf 88' lang='lat' dir='ltr'><strong>se</strong></span> <span class='ocrx_word' id='word_1_683' title='bbox 1334 4669 1691 4722; x_wconf 81' lang='lat' dir='ltr'><strong>convenerint</strong></span> <span class='ocrx_word' id='word_1_684' title='bbox 1731 4667 1980 4721; x_wconf 90' lang='lat' dir='ltr'><strong>reconci-</strong></span> 
     </span>
    </p>
   </div>
   <div class='ocr_carea' id='block_1_94' title="bbox 414 4759 1982 4828">
    <p class='ocr_par' dir='ltr' id='par_1_94' title="bbox 414 4759 1982 4828">
     <span class='ocr_line' id='line_1_94' title="bbox 414 4759 1982 4828; baseline -0.003 -10"><span class='ocrx_word' id='word_1_685' title='bbox 414 4763 561 4818; x_wconf 88' lang='lat' dir='ltr'><strong>liatis</strong></span> <span class='ocrx_word' id='word_1_686' title='bbox 587 4761 786 4815; x_wconf 89' lang='lat' dir='ltr'><strong>animis</strong></span> <span class='ocrx_word' id='word_1_687' title='bbox 807 4801 821 4826; x_wconf 89' lang='lat'><strong>,</strong></span> <span class='ocrx_word' id='word_1_688' title='bbox 859 4769 917 4814; x_wconf 93' lang='lat' dir='ltr'><strong>ut</strong></span> <span class='ocrx_word' id='word_1_689' title='bbox 949 4760 1158 4814; x_wconf 79' lang='lat' dir='ltr'><strong>invicto</strong></span> <span class='ocrx_word' id='word_1_690' title='bbox 1190 4771 1244 4813; x_wconf 86' lang='lat' dir='ltr'><strong>et</strong></span> <span class='ocrx_word' id='word_1_691' title='bbox 1275 4760 1631 4813; x_wconf 84' lang='lat' dir='ltr'><strong>celeberrimo</strong></span> <span class='ocrx_word' id='word_1_692' title='bbox 1661 4759 1982 4828; x_wconf 62' lang='lat' dir='ltr'><strong>praeceptori</strong></span> 
     </span>
    </p>
   </div>
   <div class='ocr_carea' id='block_1_95' title="bbox 421 4847 1989 4927">
    <p class='ocr_par' dir='ltr' id='par_1_95' title="bbox 421 4847 1989 4927">
     <span class='ocr_line' id='line_1_95' title="bbox 421 4847 1989 4927; baseline -0.004 -19"><span class='ocrx_word' id='word_1_693' title='bbox 421 4855 596 4927; x_wconf 85' lang='lat' dir='ltr'><strong>ipsius</strong></span> <span class='ocrx_word' id='word_1_694' title='bbox 630 4851 786 4904; x_wconf 85' lang='lat' dir='ltr'><strong>Aetio</strong></span> <span class='ocrx_word' id='word_1_695' title='bbox 821 4851 930 4915; x_wconf 87' lang='lat' dir='ltr'><strong>(bis</strong></span> <span class='ocrx_word' id='word_1_696' title='bbox 980 4851 1127 4905; x_wconf 90' lang='lat' dir='ltr'><strong>enim</strong></span> <span class='ocrx_word' id='word_1_697' title='bbox 1157 4849 1432 4904; x_wconf 80' lang='lat' dir='ltr'><strong>hominem</strong></span> <span class='ocrx_word' id='word_1_698' title='bbox 1487 4848 1650 4902; x_wconf 81' lang='lat' dir='ltr'><strong>allicit</strong></span> <span class='ocrx_word' id='word_1_699' title='bbox 1680 4847 1989 4920; x_wconf 77' lang='lat' dir='ltr'><strong>pnecouiis)</strong></span> 
     </span>
    </p>
   </div>
   <div class='ocr_carea' id='block_1_96' title="bbox 417 4941 1989 5012">
    <p class='ocr_par' dir='ltr' id='par_1_96' title="bbox 417 4941 1989 5012">
     <span class='ocr_line' id='line_1_96' title="bbox 417 4941 1989 5012; baseline -0.004 -11"><span class='ocrx_word' id='word_1_700' title='bbox 417 4943 818 5005; x_wconf 87' lang='lat' dir='ltr'><strong>assentiretur;</strong></span> <span class='ocrx_word' id='word_1_701' title='bbox 850 4958 1096 5010; x_wconf 70' lang='lat' dir='ltr'><strong>quaenam</strong></span> <span class='ocrx_word' id='word_1_702' title='bbox 1133 4943 1236 5012; x_wconf 89' lang='lat' dir='ltr'><strong>ipsi</strong></span> <span class='ocrx_word' id='word_1_703' title='bbox 1271 4949 1495 4996; x_wconf 72' lang='lat' dir='ltr'><strong>structa:</strong></span> <span class='ocrx_word' id='word_1_704' title='bbox 1531 4941 1641 4996; x_wconf 89' lang='lat' dir='ltr'><strong>sint</strong></span> <span class='ocrx_word' id='word_1_705' title='bbox 1668 4943 1900 5006; x_wconf 85' lang='lat' dir='ltr'><strong>insidiae,</strong></span> <span class='ocrx_word' id='word_1_706' title='bbox 1936 4953 1989 4996; x_wconf 88' lang='lat' dir='ltr'><strong>et</strong></span> 
     </span>
    </p>
   </div>
   <div class='ocr_carea' id='block_1_97' title="bbox 417 5032 1987 5103">
    <p class='ocr_par' dir='ltr' id='par_1_97' title="bbox 417 5032 1987 5103">
     <span class='ocr_line' id='line_1_97' title="bbox 417 5032 1987 5103; baseline -0.003 -12"><span class='ocrx_word' id='word_1_707' title='bbox 417 5035 692 5091; x_wconf 64' lang='lat' dir='ltr'><strong>machinae</strong></span> <span class='ocrx_word' id='word_1_708' title='bbox 717 5033 917 5102; x_wconf 90' lang='lat' dir='ltr'><strong>quibus</strong></span> <span class='ocrx_word' id='word_1_709' title='bbox 947 5033 1001 5087; x_wconf 92' lang='lat' dir='ltr'><strong>in</strong></span> <span class='ocrx_word' id='word_1_710' title='bbox 1028 5032 1297 5103; x_wconf 86' lang='lat' dir='ltr'><strong>judicium</strong></span> <span class='ocrx_word' id='word_1_711' title='bbox 1319 5032 1585 5088; x_wconf 89' lang='lat' dir='ltr'><strong>adductus</strong></span> <span class='ocrx_word' id='word_1_712' title='bbox 1617 5033 1706 5096; x_wconf 90' lang='lat' dir='ltr'><strong>sit,</strong></span> <span class='ocrx_word' id='word_1_713' title='bbox 1737 5049 1845 5086; x_wconf 82' lang='lat' dir='ltr'><strong>nun</strong></span> <span class='ocrx_word' id='word_1_714' title='bbox 1878 5035 1987 5087; x_wconf 89' lang='lat' dir='ltr'><strong>ullo</strong></span> 
     </span>
    </p>
   </div>
   <div class='ocr_carea' id='block_1_98' title="bbox 419 5120 1987 5196">
    <p class='ocr_par' dir='ltr' id='par_1_98' title="bbox 419 5120 1987 5196">
     <span class='ocr_line' id='line_1_98' title="bbox 419 5120 1987 5196; baseline -0.004 -17"><span class='ocrx_word' id='word_1_715' title='bbox 419 5127 638 5196; x_wconf 72' lang='lat' dir='ltr'><strong>obiecto</strong></span> <span class='ocrx_word' id='word_1_716' title='bbox 673 5122 937 5183; x_wconf 83' lang='lat' dir='ltr'><strong>crimine,</strong></span> <span class='ocrx_word' id='word_1_717' title='bbox 979 5135 1141 5189; x_wconf 87' lang='lat' dir='ltr'><strong>quam</strong></span> <span class='ocrx_word' id='word_1_718' title='bbox 1194 5120 1337 5188; x_wconf 91' lang='lat' dir='ltr'><strong>quod</strong></span> <span class='ocrx_word' id='word_1_719' title='bbox 1389 5136 1499 5190; x_wconf 72' lang='lat' dir='ltr'><strong>prae</strong></span> <span class='ocrx_word' id='word_1_720' title='bbox 1553 5122 1772 5176; x_wconf 65' lang='lat' dir='ltr'><strong>caeteris</strong></span> <span class='ocrx_word' id='word_1_721' title='bbox 1816 5121 1987 5192; x_wconf 76' lang='lat' dir='ltr'><strong>gloria</strong></span> 
     </span>
    </p>
   </div>
   <div class='ocr_carea' id='block_1_99' title="bbox 419 5212 1988 5281">
    <p class='ocr_par' dir='ltr' id='par_1_99' title="bbox 419 5212 1988 5281">
     <span class='ocr_line' id='line_1_99' title="bbox 419 5212 1988 5281; baseline -0.003 -9"><span class='ocrx_word' id='word_1_722' title='bbox 419 5218 704 5272; x_wconf 90' lang='lat' dir='ltr'><strong>emineret.</strong></span> <span class='ocrx_word' id='word_1_723' title='bbox 738 5212 795 5266; x_wconf 92' lang='lat' dir='ltr'><strong>Si</strong></span> <span class='ocrx_word' id='word_1_724' title='bbox 825 5212 962 5276; x_wconf 73' lang='lat' dir='ltr'><strong>Itazc,</strong></span> <span class='ocrx_word' id='word_1_725' title='bbox 996 5212 1240 5281; x_wconf 90' lang='lat' dir='ltr'><strong>inquam,</strong></span> <span class='ocrx_word' id='word_1_726' title='bbox 1275 5213 1456 5266; x_wconf 91' lang='lat' dir='ltr'><strong>omnia</strong></span> <span class='ocrx_word' id='word_1_727' title='bbox 1488 5214 1578 5266; x_wconf 91' lang='lat' dir='ltr'><strong>hic</strong></span> <span class='ocrx_word' id='word_1_728' title='bbox 1609 5213 1890 5277; x_wconf 85' lang='lat' dir='ltr'><strong>referrem,</strong></span> <span class='ocrx_word' id='word_1_729' title='bbox 1921 5227 1988 5267; x_wconf 86' lang='lat' dir='ltr'><strong>an</strong></span> 
     </span>
    </p>
   </div>
   <div class='ocr_carea' id='block_1_100' title="bbox 421 5304 1991 5374">
    <p class='ocr_par' dir='ltr' id='par_1_100' title="bbox 421 5304 1991 5374">
     <span class='ocr_line' id='line_1_100' title="bbox 421 5304 1991 5374; baseline -0.003 -12"><span class='ocrx_word' id='word_1_730' title='bbox 421 5324 553 5370; x_wconf 85' lang='lat' dir='ltr'><strong>non,</strong></span> <span class='ocrx_word' id='word_1_731' title='bbox 591 5308 736 5363; x_wconf 89' lang='lat' dir='ltr'><strong>sicut</strong></span> <span class='ocrx_word' id='word_1_732' title='bbox 771 5304 832 5371; x_wconf 87' lang='lat' dir='ltr'><strong>ii,</strong></span> <span class='ocrx_word' id='word_1_733' title='bbox 865 5304 958 5374; x_wconf 91' lang='lat' dir='ltr'><strong>qui</strong></span> <span class='ocrx_word' id='word_1_734' title='bbox 987 5309 1278 5358; x_wconf 86' lang='lat' dir='ltr'><strong>versantur</strong></span> <span class='ocrx_word' id='word_1_735' title='bbox 1316 5319 1439 5359; x_wconf 91' lang='lat' dir='ltr'><strong>cum</strong></span> <span class='ocrx_word' id='word_1_736' title='bbox 1476 5305 1607 5366; x_wconf 85' lang='lat' dir='ltr'><strong>illis.</strong></span> <span class='ocrx_word' id='word_1_737' title='bbox 1639 5320 1782 5374; x_wconf 87' lang='lat' dir='ltr'><strong>quos</strong></span> <span class='ocrx_word' id='word_1_738' title='bbox 1804 5305 1991 5359; x_wconf 85' lang='lat' dir='ltr'><strong>oculo-</strong></span> 
     </span>
    </p>
   </div>
   <div class='ocr_carea' id='block_1_101' title="bbox 421 5393 1990 5456">
    <p class='ocr_par' dir='ltr' id='par_1_101' title="bbox 421 5393 1990 5456">
     <span class='ocr_line' id='line_1_101' title="bbox 421 5393 1990 5456; baseline -0.004 -4"><span class='ocrx_word' id='word_1_739' title='bbox 421 5411 541 5452; x_wconf 85' lang='lat' dir='ltr'><strong>rum</strong></span> <span class='ocrx_word' id='word_1_740' title='bbox 571 5397 796 5450; x_wconf 88' lang='lat' dir='ltr'><strong>morbus</strong></span> <span class='ocrx_word' id='word_1_741' title='bbox 825 5400 992 5456; x_wconf 88' lang='lat' dir='ltr'><strong>tenet,</strong></span> <span class='ocrx_word' id='word_1_742' title='bbox 1024 5408 1086 5448; x_wconf 74' lang='lat' dir='ltr'><strong>ex</strong></span> <span class='ocrx_word' id='word_1_743' title='bbox 1119 5395 1383 5447; x_wconf 85' lang='lat' dir='ltr'><strong>continua</strong></span> <span class='ocrx_word' id='word_1_744' title='bbox 1423 5393 1820 5448; x_wconf 90' lang='lat' dir='ltr'><strong>consuetudine</strong></span> <span class='ocrx_word' id='word_1_745' title='bbox 1867 5409 1990 5447; x_wconf 89' lang='lat' dir='ltr'><strong>cum</strong></span> 
     </span>
    </p>
   </div>
   <div class='ocr_carea' id='block_1_102' title="bbox 421 5483 1995 5556">
    <p class='ocr_par' dir='ltr' id='par_1_102' title="bbox 421 5483 1995 5556">
     <span class='ocr_line' id='line_1_102' title="bbox 421 5483 1995 5556; baseline -0.003 -14"><span class='ocrx_word' id='word_1_746' title='bbox 421 5485 604 5556; x_wconf 71' lang='lat' dir='ltr'><strong>a&#39;gris,</strong></span> <span class='ocrx_word' id='word_1_747' title='bbox 635 5487 890 5540; x_wconf 89' lang='lat' dir='ltr'><strong>morbum</strong></span> <span class='ocrx_word' id='word_1_748' title='bbox 925 5483 1031 5542; x_wconf 86' lang='lat' dir='ltr'><strong>sibi</strong></span> <span class='ocrx_word' id='word_1_749' title='bbox 1069 5485 1174 5556; x_wconf 87' lang='lat' dir='ltr'><strong>ipsi</strong></span> <span class='ocrx_word' id='word_1_750' title='bbox 1202 5484 1417 5540; x_wconf 90' lang='lat' dir='ltr'><strong>tandem</strong></span> <span class='ocrx_word' id='word_1_751' title='bbox 1449 5484 1701 5556; x_wconf 88' lang='lat' dir='ltr'><strong>pariunt:</strong></span> <span class='ocrx_word' id='word_1_752' title='bbox 1726 5484 1799 5538; x_wconf 92' lang='lat' dir='ltr'><strong>ita</strong></span> <span class='ocrx_word' id='word_1_753' title='bbox 1823 5494 1875 5540; x_wconf 88' lang='lat' dir='ltr'><strong>et</strong></span> <span class='ocrx_word' id='word_1_754' title='bbox 1895 5499 1995 5556; x_wconf 85' lang='lat' dir='ltr'><strong>ego</strong></span> 
     </span>
    </p>
   </div>
   <div class='ocr_carea' id='block_1_103' title="bbox 424 5575 1994 5648">
    <p class='ocr_par' dir='ltr' id='par_1_103' title="bbox 424 5575 1994 5648">
     <span class='ocr_line' id='line_1_103' title="bbox 424 5575 1994 5648; baseline 0 -17"><span class='ocrx_word' id='word_1_755' title='bbox 424 5583 711 5644; x_wconf 85' lang='lat' dir='ltr'><strong>correptus</strong></span> <span class='ocrx_word' id='word_1_756' title='bbox 749 5576 967 5632; x_wconf 86' lang='lat' dir='ltr'><strong>viderer</strong></span> <span class='ocrx_word' id='word_1_757' title='bbox 994 5576 1148 5648; x_wconf 86' lang='lat' dir='ltr'><strong>gravi</strong></span> <span class='ocrx_word' id='word_1_758' title='bbox 1180 5575 1506 5648; x_wconf 64' lang='lat' dir='ltr'><strong>tegritudiue</strong></span> <span class='ocrx_word' id='word_1_759' title='bbox 1552 5576 1720 5629; x_wconf 87' lang='lat' dir='ltr'><strong>rebus</strong></span> <span class='ocrx_word' id='word_1_760' title='bbox 1753 5577 1910 5630; x_wconf 82' lang='lat' dir='ltr'><strong>vanis</strong></span> <span class='ocrx_word' id='word_1_761' title='bbox 1931 5592 1994 5632; x_wconf 89' lang='lat' dir='ltr'><strong>ac</strong></span> 
     </span>
    </p>
   </div>
   <div class='ocr_carea' id='block_1_104' title="bbox 427 5666 1996 5740">
    <p class='ocr_par' dir='ltr' id='par_1_104' title="bbox 427 5666 1996 5740">
     <span class='ocr_line' id='line_1_104' title="bbox 427 5666 1996 5740; baseline 0.001 -17"><span class='ocrx_word' id='word_1_762' title='bbox 427 5666 641 5723; x_wconf 82' lang='lat' dir='ltr'><strong>frivolis</strong></span> <span class='ocrx_word' id='word_1_763' title='bbox 670 5666 915 5722; x_wconf 89' lang='lat' dir='ltr'><strong>studiose</strong></span> <span class='ocrx_word' id='word_1_764' title='bbox 944 5668 1293 5731; x_wconf 86' lang='lat' dir='ltr'><strong>immoraudi,</strong></span> <span class='ocrx_word' id='word_1_765' title='bbox 1337 5669 1474 5740; x_wconf 83' lang='lat' dir='ltr'><strong>ipsis</strong></span> <span class='ocrx_word' id='word_1_766' title='bbox 1515 5667 1764 5740; x_wconf 85' lang='lat' dir='ltr'><strong>vestigiis</strong></span> <span class='ocrx_word' id='word_1_767' title='bbox 1807 5684 1996 5739; x_wconf 84' lang='lat' dir='ltr'><strong>garru-</strong></span> 
     </span>
    </p>
   </div>
   <div class='ocr_carea' id='block_1_105' title="bbox 2081 4484 3655 4559">
    <p class='ocr_par' dir='ltr' id='par_1_105' title="bbox 2081 4484 3655 4559">
     <span class='ocr_line' id='line_1_105' title="bbox 2081 4484 3655 4559; baseline 0.001 -21"><span class='ocrx_word' id='word_1_768' title='bbox 2081 4486 2190 4538; x_wconf 87' lang='grc' dir='ltr'>τίσι</span> <span class='ocrx_word' id='word_1_769' title='bbox 2221 4484 2504 4538; x_wconf 86' lang='grc' dir='ltr'>συνέθεντό</span> <span class='ocrx_word' id='word_1_770' title='bbox 2531 4501 2590 4537; x_wconf 91' lang='grc' dir='ltr'><strong>τε</strong></span> <span class='ocrx_word' id='word_1_771' title='bbox 2641 4486 2756 4552; x_wconf 79' lang='grc' dir='ltr'>μετ’</span> <span class='ocrx_word' id='word_1_772' title='bbox 2803 4484 3048 4556; x_wconf 86' lang='grc' dir='ltr'>ἀλλήλων</span> <span class='ocrx_word' id='word_1_773' title='bbox 3080 4487 3175 4538; x_wconf 78' lang='grc' dir='ltr'>καὶ</span> <span class='ocrx_word' id='word_1_774' title='bbox 3217 4487 3655 4559; x_wconf 82' lang='grc' dir='ltr'>κατηλλάγησαν,</span> 
     </span>
    </p>
   </div>
   <div class='ocr_carea' id='block_1_106' title="bbox 2081 4575 3659 4649">
    <p class='ocr_par' dir='ltr' id='par_1_106' title="bbox 2081 4575 3659 4649">
     <span class='ocr_line' id='line_1_106' title="bbox 2081 4575 3659 4649; baseline 0.004 -23"><span class='ocrx_word' id='word_1_775' title='bbox 2081 4576 2154 4637; x_wconf 85' lang='grc' dir='ltr'>ὼς</span> <span class='ocrx_word' id='word_1_776' title='bbox 2178 4575 2268 4627; x_wconf 75' lang='grc' dir='ltr'><strong>ἐπὶ</strong></span> <span class='ocrx_word' id='word_1_777' title='bbox 2290 4575 2380 4628; x_wconf 78' lang='grc' dir='ltr'><strong>τὸν</strong></span> <span class='ocrx_word' id='word_1_778' title='bbox 2401 4575 2608 4646; x_wconf 82' lang='grc' dir='ltr'>ἄμαχον</span> <span class='ocrx_word' id='word_1_779' title='bbox 2639 4575 2842 4628; x_wconf 85' lang='grc' dir='ltr'>ἐκεῖνον</span> <span class='ocrx_word' id='word_1_780' title='bbox 2886 4577 2976 4629; x_wconf 76' lang='grc' dir='ltr'>καὶ</span> <span class='ocrx_word' id='word_1_781' title='bbox 3008 4579 3071 4647; x_wconf 81' lang='grc' dir='ltr'>τῇ</span> <span class='ocrx_word' id='word_1_782' title='bbox 3106 4577 3232 4649; x_wconf 78' lang='grc' dir='ltr'>δόξῃ</span> <span class='ocrx_word' id='word_1_783' title='bbox 3256 4577 3420 4631; x_wconf 86' lang='grc' dir='ltr'>πολὺν</span> <span class='ocrx_word' id='word_1_784' title='bbox 3458 4578 3659 4632; x_wconf 82' lang='grc' dir='ltr'>Ἀέτιον</span> 
     </span>
    </p>
   </div>
   <div class='ocr_carea' id='block_1_107' title="bbox 2080 4667 3661 4741">
    <p class='ocr_par' dir='ltr' id='par_1_107' title="bbox 2080 4667 3661 4741">
     <span class='ocr_line' id='line_1_107' title="bbox 2080 4667 3661 4741; baseline 0.003 -22"><span class='ocrx_word' id='word_1_785' title='bbox 2080 4667 2171 4720; x_wconf 75' lang='grc' dir='ltr'><strong>τὸν</strong></span> <span class='ocrx_word' id='word_1_786' title='bbox 2199 4667 2516 4722; x_wconf 86' lang='grc' dir='ltr'>διδάσκαλον</span> <span class='ocrx_word' id='word_1_787' title='bbox 2545 4667 2708 4721; x_wconf 78' lang='grc' dir='ltr'>αὑτοῦ</span> <span class='ocrx_word' id='word_1_788' title='bbox 2741 4669 3117 4739; x_wconf 86' lang='grc' dir='ltr'>συμφρονῆσαι</span> <span class='ocrx_word' id='word_1_789' title='bbox 3150 4670 3388 4738; x_wconf 86' lang='grc' dir='ltr'>(τούτοις</span> <span class='ocrx_word' id='word_1_790' title='bbox 3423 4671 3532 4741; x_wconf 83' lang='grc' dir='ltr'>γὰρ</span> <span class='ocrx_word' id='word_1_791' title='bbox 3563 4672 3661 4724; x_wconf 87' lang='grc' dir='ltr'>αύ-</span> 
     </span>
    </p>
   </div>
   <div class='ocr_carea' id='block_1_108' title="bbox 2082 4755 3659 4832">
    <p class='ocr_par' dir='ltr' id='par_1_108' title="bbox 2082 4755 3659 4832">
     <span class='ocr_line' id='line_1_108' title="bbox 2082 4755 3659 4832; baseline 0.002 -22"><span class='ocrx_word' id='word_1_792' title='bbox 2082 4757 2172 4812; x_wconf 83' lang='grc' dir='ltr'><strong>τδν</strong></span> <span class='ocrx_word' id='word_1_793' title='bbox 2207 4758 2567 4830; x_wconf 83' lang='grc' dir='ltr'>ἀποσεμνύνει</span> <span class='ocrx_word' id='word_1_794' title='bbox 2590 4762 2700 4823; x_wconf 84' lang='grc' dir='ltr'>τοῖς</span> <span class='ocrx_word' id='word_1_795' title='bbox 2723 4759 3010 4829; x_wconf 81' lang='grc' dir='ltr'>ἐπαίνοις),</span> <span class='ocrx_word' id='word_1_796' title='bbox 3036 4755 3154 4814; x_wconf 74' lang='grc' dir='ltr'>εἶτα</span> <span class='ocrx_word' id='word_1_797' title='bbox 3181 4762 3262 4824; x_wconf 88' lang='grc' dir='ltr'><strong>τίς</strong></span> <span class='ocrx_word' id='word_1_798' title='bbox 3287 4764 3319 4832; x_wconf 81' lang='grc' dir='ltr'>ἡ</span> <span class='ocrx_word' id='word_1_799' title='bbox 3345 4763 3464 4816; x_wconf 87' lang='grc' dir='ltr'>καθ’</span> <span class='ocrx_word' id='word_1_800' title='bbox 3495 4761 3659 4816; x_wconf 81' lang='grc' dir='ltr'>αὑτοῦ</span> 
     </span>
    </p>
   </div>
   <div class='ocr_carea' id='block_1_109' title="bbox 2089 4847 3660 4924">
    <p class='ocr_par' dir='ltr' id='par_1_109' title="bbox 2089 4847 3660 4924">
     <span class='ocr_line' id='line_1_109' title="bbox 2089 4847 3660 4924; baseline 0.004 -24"><span class='ocrx_word' id='word_1_801' title='bbox 2089 4848 2334 4919; x_wconf 86' lang='grc' dir='ltr'>μηχανὴ,</span> <span class='ocrx_word' id='word_1_802' title='bbox 2367 4850 2460 4904; x_wconf 79' lang='grc' dir='ltr'>καὶ</span> <span class='ocrx_word' id='word_1_803' title='bbox 2491 4851 2722 4915; x_wconf 81' lang='grc' dir='ltr'>ἐπίνοια,</span> <span class='ocrx_word' id='word_1_804' title='bbox 2756 4851 2822 4924; x_wconf 61' lang='grc' dir='ltr'>διζ</span> <span class='ocrx_word' id='word_1_805' title='bbox 2848 4847 2916 4922; x_wconf 82' lang='grc' dir='ltr'>ἦς</span> <span class='ocrx_word' id='word_1_806' title='bbox 2938 4853 3018 4913; x_wconf 84' lang='grc' dir='ltr'><strong>εἰς</strong></span> <span class='ocrx_word' id='word_1_807' title='bbox 3043 4851 3222 4923; x_wconf 88' lang='grc' dir='ltr'>κρίσιν</span> <span class='ocrx_word' id='word_1_808' title='bbox 3252 4855 3342 4905; x_wconf 81' lang='grc' dir='ltr'><strong>τὸν</strong></span> <span class='ocrx_word' id='word_1_809' title='bbox 3366 4853 3531 4924; x_wconf 83' lang='grc' dir='ltr'>ἄνδρα</span> <span class='ocrx_word' id='word_1_810' title='bbox 3561 4870 3660 4906; x_wconf 87' lang='grc' dir='ltr'>κα-</span> 
     </span>
    </p>
   </div>
   <div class='ocr_carea' id='block_1_110' title="bbox 2085 4941 3656 5012">
    <p class='ocr_par' dir='ltr' id='par_1_110' title="bbox 2085 4941 3656 5012">
     <span class='ocr_line' id='line_1_110' title="bbox 2085 4941 3656 5012; baseline 0.001 -20"><span class='ocrx_word' id='word_1_811' title='bbox 2085 4941 2353 5008; x_wconf 86' lang='grc' dir='ltr'>τέστησαν</span> <span class='ocrx_word' id='word_1_812' title='bbox 2375 4957 2388 4970; x_wconf 73' lang='grc' dir='ltr'><strong><em>ο</em></strong></span> <span class='ocrx_word' id='word_1_813' title='bbox 2431 4941 2679 5012; x_wconf 79' lang='grc' dir='ltr'>ἔγκλημα</span> <span class='ocrx_word' id='word_1_814' title='bbox 2714 4941 3022 5012; x_wconf 89' lang='grc' dir='ltr'>ποιούμενοι</span> <span class='ocrx_word' id='word_1_815' title='bbox 3048 4943 3108 4995; x_wconf 84' lang='grc' dir='ltr'><strong>τὸ</strong></span> <span class='ocrx_word' id='word_1_816' title='bbox 3147 4943 3448 5012; x_wconf 82' lang='grc' dir='ltr'>εὐδοκιμεῖν</span> <span class='ocrx_word' id='word_1_817' title='bbox 3475 4941 3656 5008; x_wconf 84' lang='grc' dir='ltr'>αὑτὸν,</span> 
     </span>
    </p>
   </div>
   <div class='ocr_carea' id='block_1_111' title="bbox 2088 5029 3655 5103">
    <p class='ocr_par' dir='ltr' id='par_1_111' title="bbox 2088 5029 3655 5103">
     <span class='ocr_line' id='line_1_111' title="bbox 2088 5029 3655 5103; baseline 0.001 -19"><span class='ocrx_word' id='word_1_818' title='bbox 2088 5031 2182 5084; x_wconf 74' lang='grc' dir='ltr'><strong>καὶ</strong></span> <span class='ocrx_word' id='word_1_819' title='bbox 2209 5031 2348 5101; x_wconf 83' lang='grc' dir='ltr'>ὑπὲρ</span> <span class='ocrx_word' id='word_1_820' title='bbox 2375 5032 2499 5094; x_wconf 79' lang='grc' dir='ltr'>τοὺς</span> <span class='ocrx_word' id='word_1_821' title='bbox 2534 5031 2726 5095; x_wconf 78' lang='grc' dir='ltr'>ἄλλους</span> <span class='ocrx_word' id='word_1_822' title='bbox 2750 5029 2907 5085; x_wconf 80' lang='grc' dir='ltr'>εἶναι.</span> <span class='ocrx_word' id='word_1_823' title='bbox 2941 5034 3002 5087; x_wconf 87' lang='grc' dir='ltr'>Εἰ</span> <span class='ocrx_word' id='word_1_824' title='bbox 3023 5033 3194 5086; x_wconf 80' lang='grc' dir='ltr'>ταῦτα</span> <span class='ocrx_word' id='word_1_825' title='bbox 3218 5033 3430 5103; x_wconf 86' lang='grc' dir='ltr'>λέγοιμι</span> <span class='ocrx_word' id='word_1_826' title='bbox 3461 5035 3655 5100; x_wconf 85' lang='grc' dir='ltr'>πάντα,</span> 
     </span>
    </p>
   </div>
   <div class='ocr_carea' id='block_1_112' title="bbox 2091 5120 3659 5197">
    <p class='ocr_par' dir='ltr' id='par_1_112' title="bbox 2091 5120 3659 5197">
     <span class='ocr_line' id='line_1_112' title="bbox 2091 5120 3659 5197; baseline 0.001 -19"><span class='ocrx_word' id='word_1_827' title='bbox 2091 5120 2177 5195; x_wconf 86' lang='grc' dir='ltr'><strong>ἆρ’</strong></span> <span class='ocrx_word' id='word_1_828' title='bbox 2201 5123 2319 5194; x_wconf 69' lang='grc' dir='ltr'>ούχὶ</span> <span class='ocrx_word' id='word_1_829' title='bbox 2341 5123 2592 5194; x_wconf 89' lang='grc' dir='ltr'>καθάπερ</span> <span class='ocrx_word' id='word_1_830' title='bbox 2615 5125 2663 5176; x_wconf 87' lang='grc' dir='ltr'><strong>οἰ</strong></span> <span class='ocrx_word' id='word_1_831' title='bbox 2687 5125 2794 5178; x_wconf 88' lang='grc' dir='ltr'><strong>τῶν</strong></span> <span class='ocrx_word' id='word_1_832' title='bbox 2815 5124 3108 5193; x_wconf 80' lang='grc' dir='ltr'>ὀφθαλμῶν</span> <span class='ocrx_word' id='word_1_833' title='bbox 3135 5125 3232 5195; x_wconf 80' lang='grc' dir='ltr'><strong>τὴν</strong></span> <span class='ocrx_word' id='word_1_834' title='bbox 3266 5124 3417 5178; x_wconf 83' lang='grc' dir='ltr'>νόσον</span> <span class='ocrx_word' id='word_1_835' title='bbox 3472 5128 3535 5179; x_wconf 86' lang='grc' dir='ltr'><strong>ἐκ</strong></span> <span class='ocrx_word' id='word_1_836' title='bbox 3561 5129 3659 5197; x_wconf 82' lang='grc' dir='ltr'><strong>τῆς</strong></span> 
     </span>
    </p>
   </div>
   <div class='ocr_carea' id='block_1_113' title="bbox 2092 5213 3659 5285">
    <p class='ocr_par' dir='ltr' id='par_1_113' title="bbox 2092 5213 3659 5285">
     <span class='ocr_line' id='line_1_113' title="bbox 2092 5213 3659 5285; baseline 0.003 -18"><span class='ocrx_word' id='word_1_837' title='bbox 2092 5215 2290 5285; x_wconf 84' lang='grc' dir='ltr'>πολλῆς</span> <span class='ocrx_word' id='word_1_838' title='bbox 2317 5215 2530 5285; x_wconf 86' lang='grc' dir='ltr'>ὁμιλίας</span> <span class='ocrx_word' id='word_1_839' title='bbox 2566 5214 2671 5267; x_wconf 86' lang='grc' dir='ltr'><strong>τῶν</strong></span> <span class='ocrx_word' id='word_1_840' title='bbox 2715 5215 3186 5285; x_wconf 86' lang='grc' dir='ltr'>προνενοσηκότων</span> <span class='ocrx_word' id='word_1_841' title='bbox 3220 5213 3302 5281; x_wconf 82' lang='grc' dir='ltr'>ἐφ’</span> <span class='ocrx_word' id='word_1_842' title='bbox 3328 5216 3549 5280; x_wconf 78' lang='grc' dir='ltr'>ἑαυτοὺς</span> <span class='ocrx_word' id='word_1_843' title='bbox 3570 5218 3659 5272; x_wconf 76' lang='grc' dir='ltr'><strong>ἓλ-</strong></span> 
     </span>
    </p>
   </div>
   <div class='ocr_carea' id='block_1_114' title="bbox 2092 5304 3660 5376">
    <p class='ocr_par' dir='ltr' id='par_1_114' title="bbox 2092 5304 3660 5376">
     <span class='ocr_line' id='line_1_114' title="bbox 2092 5304 3660 5376; baseline -0.001 -16"><span class='ocrx_word' id='word_1_844' title='bbox 2092 5324 2279 5370; x_wconf 86' lang='grc' dir='ltr'>κοντες</span> <span class='ocrx_word' id='word_1_845' title='bbox 2304 5346 2318 5370; x_wconf 92' lang='grc'><strong>,</strong></span> <span class='ocrx_word' id='word_1_846' title='bbox 2355 5305 2496 5358; x_wconf 77' lang='grc' dir='ltr'>οὕτω</span> <span class='ocrx_word' id='word_1_847' title='bbox 2528 5305 2620 5357; x_wconf 76' lang='grc' dir='ltr'><strong>καὶ</strong></span> <span class='ocrx_word' id='word_1_848' title='bbox 2651 5304 2810 5368; x_wconf 77' lang='grc' dir='ltr'>αὐτὸς</span> <span class='ocrx_word' id='word_1_849' title='bbox 2851 5306 3362 5376; x_wconf 81' lang='grc' dir='ltr'>συμμετεσχηκέναι</span> <span class='ocrx_word' id='word_1_850' title='bbox 3401 5305 3536 5369; x_wconf 81' lang='grc' dir='ltr'>δόξω</span> <span class='ocrx_word' id='word_1_851' title='bbox 3569 5307 3660 5359; x_wconf 80' lang='grc' dir='ltr'>τοῦ</span> 
     </span>
    </p>
   </div>
   <div class='ocr_carea' id='block_1_115' title="bbox 2094 5397 3664 5470">
    <p class='ocr_par' dir='ltr' id='par_1_115' title="bbox 2094 5397 3664 5470">
     <span class='ocr_line' id='line_1_115' title="bbox 2094 5397 3664 5470; baseline -0.003 -19"><span class='ocrx_word' id='word_1_852' title='bbox 2094 5399 2222 5470; x_wconf 74' lang='grc' dir='ltr'>περὶ</span> <span class='ocrx_word' id='word_1_853' title='bbox 2259 5397 2356 5468; x_wconf 83' lang='grc' dir='ltr'>τὴν</span> <span class='ocrx_word' id='word_1_854' title='bbox 2391 5397 2625 5468; x_wconf 78' lang='grc' dir='ltr'>ματαίαν</span> <span class='ocrx_word' id='word_1_855' title='bbox 2657 5397 2891 5467; x_wconf 81' lang='grc' dir='ltr'>σπουδὴν</span> <span class='ocrx_word' id='word_1_856' title='bbox 2921 5397 3374 5467; x_wconf 78' lang='grc' dir='ltr'>άῤῥωστήματος,</span> <span class='ocrx_word' id='word_1_857' title='bbox 3405 5397 3664 5466; x_wconf 74' lang='grc' dir='ltr'>ἑπόμενος</span> 
     </span>
    </p>
   </div>
   <div class='ocr_carea' id='block_1_116' title="bbox 2095 5485 3662 5558">
    <p class='ocr_par' dir='ltr' id='par_1_116' title="bbox 2095 5485 3662 5558">
     <span class='ocr_line' id='line_1_116' title="bbox 2095 5485 3662 5558; baseline -0.004 -16"><span class='ocrx_word' id='word_1_858' title='bbox 2095 5491 2213 5544; x_wconf 80' lang='grc' dir='ltr'>κατ’</span> <span class='ocrx_word' id='word_1_859' title='bbox 2245 5489 2388 5558; x_wconf 82' lang='grc' dir='ltr'>ἴχνος</span> <span class='ocrx_word' id='word_1_860' title='bbox 2411 5489 2470 5556; x_wconf 77' lang='grc' dir='ltr'>τῇ</span> <span class='ocrx_word' id='word_1_861' title='bbox 2497 5486 2756 5558; x_wconf 70' lang='grc' dir='ltr'>φλυαρίᾳ,</span> <span class='ocrx_word' id='word_1_862' title='bbox 2785 5486 2963 5539; x_wconf 77' lang='grc' dir='ltr'>καὶτὰ</span> <span class='ocrx_word' id='word_1_863' title='bbox 2984 5485 3104 5539; x_wconf 85' lang='grc' dir='ltr'>καθ’</span> <span class='ocrx_word' id='word_1_864' title='bbox 3131 5486 3359 5540; x_wconf 71' lang='grc' dir='ltr'>ἕκαστον</span> <span class='ocrx_word' id='word_1_865' title='bbox 3379 5485 3662 5549; x_wconf 74' lang='grc' dir='ltr'>ὲξετὰζωνς</span> 
     </span>
    </p>
   </div>
   <div class='ocr_carea' id='block_1_117' title="bbox 2097 5576 3667 5650">
    <p class='ocr_par' dir='ltr' id='par_1_117' title="bbox 2097 5576 3667 5650">
     <span class='ocr_line' id='line_1_117' title="bbox 2097 5576 3667 5650; baseline -0.003 -17"><span class='ocrx_word' id='word_1_866' title='bbox 2097 5580 2262 5642; x_wconf 86' lang='grc' dir='ltr'>Τίνας</span> <span class='ocrx_word' id='word_1_867' title='bbox 2297 5579 2430 5649; x_wconf 74' lang='grc' dir='ltr'><strong>φηοῆ¹</strong></span> <span class='ocrx_word' id='word_1_868' title='bbox 2467 5576 2686 5641; x_wconf 89' lang='grc' dir='ltr'>δούλους</span> <span class='ocrx_word' id='word_1_869' title='bbox 2719 5576 2794 5641; x_wconf 87' lang='grc' dir='ltr'><strong>είς</strong></span> <span class='ocrx_word' id='word_1_870' title='bbox 2825 5577 3137 5650; x_wconf 88' lang='grc' dir='ltr'>ἐλευθερίαν</span> <span class='ocrx_word' id='word_1_871' title='bbox 3167 5578 3513 5648; x_wconf 87' lang='grc' dir='ltr'>ἀφιεμενους,</span> <span class='ocrx_word' id='word_1_872' title='bbox 3548 5576 3667 5630; x_wconf 83' lang='grc' dir='ltr'>τίνα</span> 
     </span>
    </p>
   </div>
   <div class='ocr_carea' id='block_1_118' title="bbox 2103 5665 3667 5740">
    <p class='ocr_par' dir='ltr' id='par_1_118' title="bbox 2103 5665 3667 5740">
     <span class='ocr_line' id='line_1_118' title="bbox 2103 5665 3667 5740; baseline -0.003 -17"><span class='ocrx_word' id='word_1_873' title='bbox 2103 5671 2418 5740; x_wconf 72' lang='grc' dir='ltr'>μ’.)ουμένων</span> <span class='ocrx_word' id='word_1_874' title='bbox 2451 5667 2655 5740; x_wconf 80' lang='grc' dir='ltr'>σχέσιν,</span> <span class='ocrx_word' id='word_1_875' title='bbox 2697 5668 2788 5723; x_wconf 76' lang='grc' dir='ltr'><strong>καὶ</strong></span> <span class='ocrx_word' id='word_1_876' title='bbox 2819 5670 3216 5740; x_wconf 58' lang='grc' dir='ltr'>ἀργυρωνήτων</span> <span class='ocrx_word' id='word_1_877' title='bbox 3257 5667 3426 5733; x_wconf 76' lang='grc' dir='ltr'>τάξιν.</span> <span class='ocrx_word' id='word_1_878' title='bbox 3484 5665 3576 5722; x_wconf 69' lang='grc' dir='ltr'><strong>καὶ</strong></span> <span class='ocrx_word' id='word_1_879' title='bbox 3614 5665 3667 5720; x_wconf 80' lang='grc' dir='ltr'><strong>τί</strong></span> 
     </span>
    </p>
   </div>
  </div>
