4066 6146
397 275 504 332 257

1541 277 1821 336 CONTRA
1860 276 2246 345 EUNOMIUM,
2277 278 2405 334 ΜΒ.
2448 279 2488 332 l.

3451 261 3654 332 ~258

397 389 679 462 βούλονται
698 392 946 458 Μάντιος,
978 393 1071 448 καὶ
1096 393 1312 461 Γάλλος,
1343 395 1434 449 καὶ
1455 396 1775 466 Δομετιανὸς
1798 397 1970 448 ἐπεισ-

2087 393 2293 448 litatem
2325 391 2704 464 persequendo
2724 432 2738 458 ,
2771 399 2825 447 et
2851 391 3219 462 particulatim
3262 391 3652 458 examinando,

396 479 570 543 ιὸντες
599 480 674 551 τῷ
703 480 865 552 λόγῳ,
900 483 994 534 καὶ
1037 484 1316 554 μάρτυρες
1353 484 1583 554 ψευδεῖς,
1609 486 1702 538 καὶ
1727 483 1976 554 βασιλεὺς

398 571 769 646 ὀργιζόμενος,
801 574 894 626 καὶ
927 576 1006 637 είς
1039 576 1334 646 ὑπερορίαν
1373 573 1519 641 τινὲς
1561 576 1977 646 μεθιστάμενοι;

392 665 460 715 Τί
492 666 601 734 γὰρ
633 664 700 718 ἂν
739 667 833 719 καὶ
862 667 1072 735 γένοιτο
1101 669 1307 721 τούτων
1341 669 1695 740 ματαιότερον
1725 667 1832 721 τῶν
1862 668 1977 739 διη-

391 756 664 825 γημάτων
688 756 765 827 τῷ
793 774 855 825 γε
886 758 962 829 μὴ
986 757 1147 830 ψιλὴν
1186 759 1424 830 ἱστορίαν
1452 758 1808 830 διηγήσασθαι
1843 759 1978 828 βου-

390 845 623 916 λομένῳ,
664 847 799 900 ἀλλὰ
829 849 1097 917 διελέγξαι
1122 850 1210 904 τὸν
1237 851 1557 904 ἀντειπόντα
1590 849 1667 920 τῷ
1704 850 1803 919 τῆς
1826 850 1975 920 αίρέ-

391 955 532 1002 σεως
561 939 787 1009 δόγματι
809 956 822 1004 ;
853 941 992 994 Πολὺ
1019 941 1074 993 δὲ
1104 941 1303 1010 μᾶλλον
1323 941 1391 994 τὰ
1415 941 1505 993 ἐπὶ
1529 940 1740 1003 τούτοις
1763 939 1852 994 διὰ
1877 943 1975 1011 τῆς

394 1030 640 1101 ίστορίας
683 1031 1026 1102 δηλούμενα,
1073 1032 1294 1086 πλείονα
1326 1033 1423 1101 τὴν
1463 1032 1766 1103 ἀχρηστίαν
1816 1031 1926 1102 ἔχει
1953 1048 1968 1062 ·

389 1118 545 1193 οἶμαι
594 1123 704 1194 γὰρ
746 1125 868 1194 μηδ’
919 1125 985 1179 ἂν
1031 1125 1194 1179 αὑτὸν
1242 1125 1331 1178 τὸν
1376 1125 1697 1194 συγγραφέα
1747 1124 1972 1177 διελθεῖν

389 1214 765 1280 ἀνυστάκτως,
798 1215 901 1269 κᾶν
922 1220 1120 1288 φυσικῇ
1143 1235 1248 1271 τινι
1271 1220 1470 1287 στοργῇ
1501 1215 1808 1289 κρατῶνται
1835 1217 1970 1284 πρὸς

388 1305 516 1368 τοὺς
552 1305 608 1372 ἐξ
637 1306 817 1359 αὐτῶν
847 1308 894 1358 οἱ
930 1309 1162 1378 πατέρες
1186 1325 1199 1338 °
1230 1304 1482 1378 δηλοῦται
1517 1309 1623 1379 γὰρ
1667 1309 1783 1360 ἐκεῖ
1809 1306 1968 1376 δῆθεν

387 1393 459 1446 τὰ
488 1396 871 1464 πεπραγμένα,
905 1398 998 1450 καὶ
1025 1399 1091 1450 τὰ
1126 1397 1272 1468 πάθη
1297 1397 1383 1450 διὰ
1411 1397 1504 1449 τοῦ
1536 1397 1694 1464 λόγου
1723 1398 1804 1460 εἰς
1837 1395 1970 1466 ὕψος

391 1485 638 1556 αἴρεται,
674 1487 766 1539 καὶ
804 1490 884 1551 είς
919 1490 1224 1560 τραγῳδίας
1269 1490 1429 1558 ὄγκον
1468 1490 1501 1560 ἡ
1545 1489 1752 1558 ίστορία
1788 1506 1968 1560 παρα-

392 1577 737 1640 σκευάζεται.

2079 501 2217 556 quos
2235 486 2454 540 tandem
2484 501 2672 540 servos
2698 485 2949 540 libertate
2976 485 3209 539 donatos
3228 493 3461 549 asserat,
3486 500 3652 555 quam

2079 578 2420 633 initiatorum
2444 578 2930 648 conspirationem,
2951 594 3226 649 quamque
3254 579 3651 648 mancipiorum

2079 669 2252 722 aciem
2285 675 2496 731 narret,
2536 677 2589 722 et
2623 669 2753 738 quid
2785 670 2890 722 sibi
2921 671 3110 724 volunt
3145 671 3198 724 in
3230 673 3536 724 orationem
3564 668 3653 722 in-

2078 760 2216 813 trusi
2249 758 2491 814 Montius
2525 770 2579 814 et
2613 761 2800 816 Gallus
2849 769 2904 816 et
2967 762 3330 823 Domitianus,
3389 769 3442 815 ct
3482 768 3654 814 testes

2078 847 2223 915 falsi,
2257 859 2311 905 et
2344 852 2644 920 imperator
2676 853 2885 918 iratus,
2923 864 2974 907 ct
3017 853 3266 906 nonnulli
3308 853 3362 905 in
3398 851 3651 905 exsilium

2076 941 2221 994 acti?
2247 940 2388 1006 Quid
2422 944 2568 996 enim
2600 943 2918 1011 hujusmodi
2966 944 3394 997 narratiunculis
3431 943 3654 996 inanius

2076 1039 2130 1086 et
2170 1033 2450 1099 stolidius,
2489 1035 2536 1088 si
2575 1035 2940 1089 instituantur
2969 1037 3036 1089 ab
3065 1052 3148 1100 eo,
3179 1036 3270 1106 qui
3298 1051 3407 1088 non
3447 1033 3648 1088 nudam

2081 1122 2370 1178 historiam
2428 1139 2487 1179 se
2536 1126 2780 1193 proﬁteri
2831 1127 3056 1190 scribit,
3108 1127 3200 1182 sed
3262 1127 3651 1181 refutationem

2076 1215 2198 1284 ejus
2224 1257 2238 1281 ,
2280 1217 2374 1285 qui
2399 1217 2672 1273 haereticis
2717 1219 3068 1289 dogmatibus
3089 1218 3454 1274 contradicit?
3485 1218 3537 1269 in
3563 1216 3652 1270 his

2076 1318 2224 1362 certe
2251 1308 2529 1364 historica;
2550 1311 2902 1366 narrationes
2929 1312 3064 1365 nihil
3096 1311 3350 1364 utilitatis
3391 1308 3648 1374 alierum,

2075 1414 2215 1471 quas
2261 1416 2329 1455 ne
2375 1401 2553 1471 ipsum
2600 1403 2819 1472 quidem
2864 1411 3145 1458 auctorem
3194 1403 3314 1456 sine
3357 1399 3650 1455 oscitantia

2075 1495 2353 1562 perlegere
2405 1510 2566 1563 posse
2614 1496 2874 1550 existimo
2908 1515 2918 1548 :
2957 1497 3084 1550 licet
3131 1493 3368 1549 naturali
3405 1491 3644 1562 quodam

2073 1598 2258 1638 amore
2279 1600 2407 1653 erga
2435 1586 2638 1642 liberos
2673 1601 2804 1642 suos
2841 1587 3134 1642 trahantur
3153 1593 3372 1656 patres:
3400 1583 3474 1636 ibi
3499 1580 3646 1636 enim

386 1683 510 1738 quae
549 1678 702 1740 gesta
737 1679 865 1729 sunt
903 1674 1253 1743 explicantur
1309 1675 1767 1743 calamitatesque
1809 1669 1994 1725 verbis
2041 1674 2488 1742 ampliﬁcantur,
2547 1683 2600 1729 et
2650 1677 2858 1747 tragico
2910 1691 3061 1731 more
3143 1674 3372 1730 historia
3418 1686 3647 1740 exagge-

387 1772 565 1818 ratur.

472 1853 611 1906 Ἀλλ’
643 1856 727 1909 ἵνα
756 1857 830 1928 μὴ
865 1859 958 1911 καὶ
989 1858 1136 1929 αὑτῷ
1170 1859 1249 1929 τῷ
1275 1858 1658 1930 παραιτεῖσθαι
1692 1856 1852 1910 πλέον
1876 1851 1968 1908 τοῦ

2147 1849 2254 1904 Sed
2288 1866 2356 1906 ne
2389 1862 2444 1906 et
2473 1855 2589 1923 ipse
2613 1853 2842 1922 diutius,
2875 1870 3036 1927 quam
3067 1870 3166 1926 par
3206 1857 3311 1922 sit,
3354 1872 3440 1912 me
3479 1874 3647 1914 excu-

383 1943 599 2008 δέοντος
619 1986 634 2009 ,
667 1947 990 2018 ἐμϐραδύνω
1023 1954 1138 2014 τοῖς
1179 1952 1485 2022 ἀνονήτοις,
1516 1950 1611 2003 καὶ
1653 1948 1902 2018 καθάπερ
1941 1951 1969 2000 ό

384 2037 475 2090 διὰ
525 2038 785 2110 βορϐόρου
840 2041 983 2104 τινὸς
1025 2041 1321 2095 διελαύνων
1357 2042 1448 2095 τὸν
1499 2042 1683 2105 ἵππον,
1735 2041 1828 2092 καὶ
1871 2041 1969 2107 τῆς

387 2127 598 2182 ἐκεῖθεν
627 2129 818 2199 ἀηδίας
847 2132 1395 2202 καταπιμπλάμενος,
1419 2131 1560 2183 οὕτω
1583 2129 1736 2197 κάγὼ
1758 2129 1845 2183 διὰ
1870 2129 1970 2197 τῆς

388 2223 612 2291 μνήμης
639 2222 746 2274 τῶν
783 2223 1184 2294 γεγραμμένων
1217 2221 1479 2290 διεξάγων
1505 2220 1595 2276 τὸν
1626 2220 1782 2288 λόγον
1809 2238 1971 2273 κατα-

387 2310 604 2382 μολύνω
635 2311 694 2364 τὸ
727 2311 1066 2383 σύγγραμμα
1087 2352 1100 2375 ,
1135 2313 1364 2384 πρέπειν
1390 2311 1633 2381 ἠγοῦμαι
1668 2311 1846 2364 πάντα
1879 2310 1968 2362 τὸν

380 2401 628 2454 Ιτοιοῦτον
675 2402 960 2471 συρφετὸν,
1007 2403 1156 2464 ὅπως
1198 2397 1329 2473 ὃ.νῇ
1369 2401 1615 2459 δυνατὸν.
1657 2399 1846 2470 ὑψηλῷ
1876 2399 1968 2451 καὶ

381 2497 546 2562 ταχεῖ
570 2493 647 2563 τῷ
689 2495 888 2563 ἅλματι
920 2492 1011 2546 τοῦ
1039 2493 1198 2561 λόγου
1231 2492 1582 2563 διαπηδῆσαι.
1629 2491 1830 2545 Ἱκανὸν
1859 2489 1968 2559 γὰρ

383 2584 574 2654 κέρδος
600 2586 631 2653 ἡ
661 2588 851 2654 ταχεῖα
876 2587 981 2638 τῶν
1005 2585 1182 2655 ἀηδῶν
1210 2583 1572 2654 ἀναχώρησις,
1610 2584 1745 2653 πρὸς
1777 2584 1838 2636 τὸ
1868 2583 1967 2635 πέ-

385 2691 488 2744 ρας
522 2674 622 2742 τῆς
673 2675 915 2746 ἱστορίας
954 2675 1283 2729 ἐπισπεῦσαι
1311 2675 1402 2728 τὸν
1442 2675 1633 2744 λόγον·
1685 2675 1760 2738 ὡς
1793 2676 1856 2728 ἂν
1893 2677 1965 2748 μὴ

385 2766 481 2817 καὶ
508 2765 586 2835 τῷ
618 2765 736 2835 ἐμῷ
771 2767 956 2836 βιϐλίῳ
1001 2767 1068 2820 τὰ
1104 2767 1203 2837 τῆς
1234 2766 1455 2837 πικρίας
1503 2765 1678 2818 αὑτῶν
1722 2765 1968 2828 ἐνστάζοι

386 2856 453 2906 τὰ
486 2857 732 2925 ῥήματα.
775 2856 928 2926 Μόνῃ
962 2855 1069 2925 γὰρ
1115 2856 1369 2925 πρεπέτω
1398 2858 1462 2926 τῇ
1505 2855 1772 2925 Εύνομίου
1816 2858 1965 2926 φωνῇ

385 2943 618 2998 τοιαῦτα
652 2944 830 3013 λέγειν
855 2948 980 3016 περὶ
1009 2946 1194 3015 ἱερέων
1217 2944 1350 2997 Θεοῦ
1370 2962 1382 2975 ·
1457 2947 1844 3010 ὑπασπιστὰς
1872 2949 1965 3002 καὶ

381 3035 766 3104 ῥαϐδούχους
813 3038 908 3090 καὶ
946 3035 1314 3104 δορυφόρους
1344 3035 1845 3107 καταπλήσσοντας.
1862 3037 1968 3088 διε-

391 3127 800 3197 ρευνωμένους,
838 3125 1016 3179 λαϐεῖν
1046 3127 1144 3179 οὑκ
1184 3127 1573 3197 ἐπιτρέποντας
1615 3127 1706 3180 τὸν
1735 3128 1970 3197 κρυπτό-

391 3235 553 3288 μενον
574 3235 589 3250 ο
614 3218 704 3270 καὶ
738 3219 839 3270 ὅσα
871 3217 1006 3270 ἄλλα
1035 3217 1173 3271 κατά
1202 3217 1394 3281 πολιᾶς
1428 3217 1615 3288 ἱερέων
1646 3219 1744 3271 οὐκ
1780 3217 1969 3289 αίσχύ-

389 3327 541 3362 νεται
567 3310 812 3380 γράφων.
831 3307 1044 3380 Ὠσπερ
1071 3311 1180 3380 γὰρ
1205 3312 1264 3363 ἐν
1296 3313 1406 3372 τοῖς
1430 3310 1832 3382 παιδευτηρίοις
1858 3311 1968 3364 τῶν

391 3401 591 3467 ἔξωθεν
622 3401 816 3472 λόγων,
850 3403 928 3464 είς
962 3402 1267 3471 γυμνασίαν
1295 3401 1396 3470 τῆς
1418 3402 1559 3454 κατὰ
1581 3403 1679 3472 τὴν
1723 3403 1969 3474 γλῶτταν

391 3492 486 3544 καὶ
504 3492 594 3544 τὸν
611 3491 733 3545 νοῦν
746 3493 1110 3562 ἑτοιμότητος,
1127 3495 1373 3564 ἀφορμαὶ
1386 3497 1700 3565 καταφορᾶς
1718 3499 1827 3558 toi;
1849 3513 1968 3565 μει-

395 3584 606 3655 ρακίοις
629 3584 1021 3654 προϐάλλονται
1049 3585 1192 3638 κατὰ
1215 3602 1359 3647 τινος
1380 3585 1629 3655 ἀορίστου
1654 3587 1966 3658 προσώπου·

392 3675 537 3729 οὕτω
564 3676 681 3729 κατ’
713 3677 924 3729 εὐθεῖαν
963 3663 1428 3748 ὑπεμϐαίνειῖτοῖς
1464 3681 1909 3750 μνημονευθεῖσιν
1944 3683 1971 3734 ό

398 3769 774 3838 συγγραφεύς·
829 3769 924 3822 καὶ.
973 3767 1071 3838 τὴν
1124 3771 1431 3840 κακήγορον
1479 3771 1660 3834 αὑτοῖς
1706 3772 1970 3842 ἐπαφίησι

394 3860 664 3927 γλῶσσαν,
701 3861 792 3914 καὶ
815 3861 881 3914 τὰ
921 3861 1059 3932 ἔργα
1083 3863 1178 3932 τῆς
1210 3863 1474 3932 πονηρίας
1527 3864 1777 3932 σιγήσας,
1809 3863 1971 3935 ψιλὴν

396 3953 575 4017 αὑτοῖς
595 3954 989 4018 κατασκευάζει
1007 3953 1104 4025 τὴν
1119 3954 1484 4026 ἑωλοκρασίαν
1493 3954 1600 4008 τῶν
1618 3953 1845 4025 ὕϐρεων·
1862 3957 1972 4008 πᾶν

396 4043 596 4106 ὄνειδος
626 4045 744 4096 κατ’
784 4044 960 4097 αὑτῶν
1013 4045 1380 4115 συμπλὰσσων
1405 4061 1418 4074 '
1468 4047 1560 4098 καὶ
1611 4046 1875 4109 συντιθεὶς
1913 4048 1969 4099 ἐν

396 4140 510 4198 ταῖς
538 4135 825 4206 λοιδορίαις
855 4136 924 4189 τὰ
945 4137 1170 4206 ἄμικτα,
1201 4136 1578 4208 φακοτρίϐωνα
1605 4137 1680 4208 (a)
1711 4135 1972 4210 στρατιώ-

393 4245 510 4299 την,
547 4229 638 4281 καὶ
669 4229 822 4296 ἅγιον
845 4228 1144 4296 ἐξάγιστον·
1173 4230 1276 4282 ὑπὸ
1307 4231 1559 4300 νηστείας
1584 4230 1640 4282 δὲ
1663 4231 1967 4302 ὠχριῶντα,

395 4319 484 4373 καὶ
511 4319 616 4372 ὑπὸ
650 4320 874 4391 πικρίας
907 4321 1150 4387 φονῶντα
1173 4362 1186 4385 ,
1232 4320 1325 4372 καὶ
1355 4320 1554 4392 πολλὴν
1581 4321 1834 4392 τοιαύτην
1868 4321 1972 4392 βω·

398 4409 652 4480 μολοχίαν
672 4451 686 4476 ,
716 4409 968 4481 καθάπερ
999 4412 1056 4463 ἐν
1083 4413 1202 4474 ταῖς
1228 4411 1332 4475 ἔξω
1357 4414 1598 4482 πομπαῖς
1625 4413 1969 4483 διαϐέϐληταί

2071 1942 2266 2006 sando,
2302 1944 2599 2001 inhaereant
2630 1949 2685 2000 in
2723 1948 2807 2003 his
2841 1949 3058 2015 stultis;
3093 1958 3146 2004 ct
3181 1952 3648 2020 quemadmodum

2071 2032 2140 2098 is,
2173 2035 2265 2103 qui
2296 2049 2394 2102 per
2420 2051 2640 2091 caenum
2669 2039 2778 2110 agit
2808 2055 3010 2108 equum
3033 2079 3050 2103 ,
3099 2055 3258 2094 emno
3289 2057 3508 2112 quoque
3556 2058 3646 2099 as-

2069 2126 2315 2195 pergitur
2339 2135 2392 2181 et
2435 2131 2748 2185 maculatur
2784 2151 2795 2184 :
2828 2133 2901 2186 ita
2931 2147 3032 2202 ego
3070 2134 3233 2187 etiam
3270 2136 3646 2203 percurrendo

2068 2224 2123 2269 et
2153 2219 2632 2274 commemorando
2664 2223 2902 2292 singula,
2935 2239 3056 2293 quae
3084 2225 3304 2294 scripsit
3333 2227 3438 2279 iste
3460 2267 3472 2288 ,
3509 2242 3644 2280 con—

2069 2307 2326 2360 tamincm
2375 2308 2575 2364 librum
2611 2327 2791 2366 meum
2829 2332 2842 2367 :
2873 2322 3306 2369 consentaneum
3347 2317 3488 2369 duco
3515 2359 3529 2380 ,
3582 2325 3642 2370 ut

2069 2397 2250 2464 quoad
2277 2397 2392 2452 ﬁeri
2429 2401 2650 2468 poterit,
2684 2408 2854 2456 totam
2905 2403 3046 2457 hanc
3087 2405 3411 2471 colluvicm,
3446 2407 3554 2459 alto
3593 2415 3647 2459 et

2070 2487 2236 2541 celeri
2282 2490 2424 2543 saltu
2463 2492 2728 2546 orationis
2767 2494 3095 2559 transiliam,
3133 2511 3390 2562 magnum
3437 2498 3650 2550 euiolu-

2070 2587 2313 2632 mentum
2365 2587 2522 2634 ratus
2548 2623 2560 2646 ,
2597 2596 2664 2635 ex
2707 2581 2860 2636 hisce
2893 2583 3153 2640 sordibus
3182 2600 3345 2654 quam
3382 2585 3650 2640 citissime

2069 2669 2322 2734 evadere,
2355 2678 2408 2724 et
2434 2673 2670 2725 orationi
2691 2673 2850 2727 linem
2877 2674 3159 2744 imponere
3191 2693 3204 2729 :
3238 2691 3306 2730 ne
3327 2676 3461 2729 libro
3482 2677 3648 2730 etiam

2070 2777 2192 2815 meo
2227 2773 2591 2831 aspergantur
2629 2764 2948 2819 acerbitatis
2972 2767 3131 2835 plena
3158 2767 3448 2820 vocabula.
3474 2767 3648 2836 Cupio

2070 2851 2235 2916 enim,
2280 2857 2338 2904 ut
2369 2867 2435 2906 ex
2480 2853 2654 2907 solius
2693 2851 2948 2907 Eunomii
2988 2870 3082 2909 ore
3107 2856 3485 2924 prodeantilla
3511 2872 3647 2910 con-

2070 2949 2157 2994 tra
2188 2941 2506 2998 sacerdotes
2568 2943 2663 2998 Dei
2703 2946 2954 2999 convicia
2989 2962 3002 3000 :
3037 2945 3166 3000 dum
3215 2959 3377 3002 vocat
3420 2965 3520 3004 nos
3558 2965 3650 3002 sa-

2071 3031 2262 3086 tellites
2303 3041 2356 3087 et
2398 3033 2609 3088 lictores
2636 3042 2689 3088 et
2715 3048 2989 3104 satrapas,
3023 3037 3117 3107 qui
3148 3041 3446 3108 pcrcellant
3471 3051 3524 3095 et
3559 3042 3648 3094 in-

2072 3122 2272 3192 dagent
2307 3122 2714 3187 absconditum,
2751 3133 2806 3180 et
2836 3126 3050 3180 latitare
3079 3128 3349 3181 volentem
3382 3145 3489 3183 non
3525 3146 3648 3200 per-

2073 3212 2327 3276 mittant,
2378 3219 2433 3265 ct
2470 3211 2553 3267 his
2590 3213 2788 3268 similia
2815 3254 2828 3278 ,
2877 3231 3002 3284 quae
3047 3225 3241 3271 contra
3281 3220 3651 3274 venerandam

2071 3302 2418 3357 sacerdotum
2437 3304 2691 3359 canitiem
2712 3321 2964 3361 evomere
2992 3324 3100 3361 non
3129 3310 3424 3365 erubescit.
3453 3310 3650 3374 Quem-

2071 3395 2362 3449 admodum
2415 3399 2559 3451 enim
2611 3399 2664 3452 in
2724 3397 2871 3455 ludis
2913 3401 3200 3458 litterariis
3254 3403 3320 3455 ad
3367 3403 3650 3474 styli,l'rn-

2073 3500 2195 3556 quae
2221 3493 2275 3541 et
2305 3487 2505 3542 mentis
2538 3490 3017 3557 exercitationem,
3050 3498 3099 3545 et
3136 3492 3446 3561 expeditam
3476 3493 3649 3548 facili-

2073 3586 2258 3641 tatem,
2296 3579 2537 3634 themata
2570 3580 2819 3651 quazdam
2853 3581 3295 3639 adolescentibus
3329 3599 3646 3654 proponun-

2075 3679 2185 3737 tur,
2216 3671 2416 3740 quibus
2449 3673 2592 3728 velut
2634 3689 2770 3728 ansa
2800 3675 3037 3744 quadam
3069 3685 3287 3748 arrepta
3318 3678 3651 3734 invehantur

2074 3762 2130 3815 in
2183 3762 2448 3816 incertam
2494 3764 2785 3833 quamdam
2833 3780 3162 3835 personam:
3206 3767 3282 3821 ita
3325 3769 3428 3824 iste
3463 3769 3648 3824 decla-

2076 3861 2254 3908 mator
2310 3855 2367 3908 in
2416 3855 2708 3924 praedictos
2770 3857 2865 3912 Dei
2923 3859 3236 3916 sacerdotes
3276 3869 3392 3916 toto
3443 3861 3651 3932 impetu

2073 3947 2330 4011 incurrit,
2361 3956 2415 4003 et
2445 3949 2763 4004 maledicam
2807 3950 3028 4022 stringit
3069 3952 3310 4022 linguam
3332 3991 3349 4016 ,
3391 3956 3654 4024 nulloque

2073 4040 2258 4105 allato,
2293 4038 2451 4108 cujus
2485 4041 2562 4094 rei
2608 4041 2758 4106 sint,
2803 4041 3067 4107 crimine,
3126 4044 3243 4097 sola
3300 4044 3651 4098 conviciandi

2073 4131 2298 4185 libidine
2328 4131 2460 4200 ipsis
2487 4131 2743 4198 insultat;
2771 4133 3030 4188 omnibus
3055 4143 3249 4188 contra
3278 4134 3402 4188 illos
3429 4135 3652 4203 probris

2073 4221 2328 4276 conﬁctis
2356 4260 2370 4285 ,
2419 4231 2471 4276 et
2510 4221 2806 4276 calumniis
2858 4223 3240 4292 incompositis
3265 4263 3280 4288 ,
3320 4225 3652 4294 appellitans

2076 4313 2327 4367 videlicet
2346 4314 2595 4380 militem,
2619 4313 2712 4382 qui
2744 4314 2983 4370 lentibus
3007 4324 3286 4382 vescatur,
3317 4324 3372 4370 et
3397 4325 3650 4371 sanctum

2073 4406 2194 4460 sine
2226 4405 2539 4470 sanctitate,
2571 4405 2801 4475 jejuniis
2832 4406 3054 4475 quidem
3091 4407 3404 4476 pallentem,
3447 4409 3542 4464 sed
3581 4412 3652 4465 ob

396 4517 495 4566 τις,
525 4502 600 4562 ὡς
623 4499 689 4552 δι’
721 4501 1023 4573 ὑπερϐολὴν
1049 4502 1317 4566 ἀναιδείας
1341 4503 1466 4556 ἄνευ
1499 4504 1842 4571 προσωπείου
1863 4522 1969 4557 κω-

2079 4496 2278 4552 mentis
2331 4497 2637 4550 amaritiem
2699 4496 2876 4552 caedes
2927 4498 3278 4567 spirantem:
3317 4509 3376 4555 ut
3439 4509 3651 4557 taceam

399 4592 606 4661 μάζων,
656 4592 827 4656 οὕτως
877 4593 1051 4647 οὑδενὶ
1099 4594 1559 4664 παραπετάσματι
1598 4593 1696 4666 τὴν
1747 4595 1972 4666 πικρίαν

397 4683 589 4737 ἑαυτοῦ
616 4685 934 4751 συσκιάσας,
953 4687 1132 4757 γυμνῇ
1192 4687 1282 4739 καὶ
1311 4686 1804 4762 ἀπηρυΘριασμένῃ
1826 4691 1975 4760 φωνῇ

396 4776 460 4830 τὰ
487 4778 554 4828 ἐκ
588 4779 691 4847 τῆς
717 4775 935 4848 ἁμάξης
979 4777 1297 4848 προσφέρει.
1332 4774 1464 4831 Εἶτα
1494 4779 1746 4849 ὁμολογεῖ
1783 4782 1867 4850 ἐφ’
1899 4775 1978 4843 οἷς

396 4868 778 4940 παροξύνεται,
817 4869 898 4921 ὅτι
933 4867 1166 4941 σπουδὴν
1194 4870 1494 4934 ἐποιοῦντο,
1533 4873 1718 4942 φησὶν,
1756 4872 1974 4934 ἐκεῖνοι,

397 4960 472 5030 μὴ
502 4960 733 5024 πολλοὺς
759 4963 827 5031 τῇ
853 4961 1036 5031 ἀπάτῃ
1068 4959 1271 5014 τούτων
1300 4961 1845 5032 συνδιαστρέφεσθαι·
1880 4964 1972 5016 καὶ

392 5052 480 5104 διὰ
509 5052 669 5106 τοῦτο
686 5051 1024 5123 χαλεπαίνει,
1055 5053 1146 5106 ἐπὶ
1166 5051 1244 5123 τῷ
1289 5051 1364 5123 μὴ
1396 5054 1560 5106 πᾶσιν
1589 5048 1670 5116 οἷς
1692 5053 1972 5108 ἐϐούλοντο

391 5146 576 5209 τόποις
644 5147 762 5199 κατ’
817 5145 1064 5212 ἐξουσίαν
1103 5145 1478 5218 ἐνδιατρίϐειν,
1539 5146 1675 5200 ἀλλὰ
1719 5147 1970 5214 γενέσθαι

394 5236 534 5291 κατὰ
571 5236 632 5288 τὸ
674 5236 1003 5308 πρόσταγμα
1047 5237 1143 5290 τοῦ
1189 5238 1309 5291 τότε
1339 5235 1699 5309 κρατοῦντος,
1728 5237 1969 5307 Φρυγίαν

401 5329 586 5390 αὑτοῖς
629 5327 973 5399 ἐνδιαίτημα,
1003 5329 1078 5392 ὡς
1123 5329 1188 5384 ἂν
1223 5330 1294 5402 μὴ
1329 5328 1514 5382 πολλοὶ
1550 5327 1869 5396 βλάπτοιντο
1903 5331 1966 5399 τῇ

393 5421 609 5491 πονηρᾷ
636 5418 914 5490 συνουσίᾳ·
941 5421 1033 5474 καὶ
1051 5421 1191 5493 ὑπὲρ
1214 5420 1418 5474 τούτων
1441 5417 1762 5488 ἀγανακτῶν
1784 5410 1966 5473 ἐκεῖνα

470 5587 549 5656 (a)
585 5587 824 5656 Φακατρ.
857 5579 1022 5656 Ργονἶ
1054 5577 1227 5656 (Faxo?
1256 5576 1497 5656 κόπτειν,
1528 5573 1968 5656 ίιιάεγειορεναιη.

463 5641 544 5727 (ὀί
570 5641 947 5727 Theodorctus
972 5649 1064 5702 lib.
1083 5648 1144 5700 de
1173 5645 1646 5727 Htere_t._fab.ulis_:
1678 5641 1987 5727 {Constan-

394 5715 660 5784 tiu‘s'cum
684 5723 929 5780 nondum
969 5736 1000 5774 a
1025 5727 1170 5776 recta
1191 5718 1278 5774 via
1310 5715 1640 5782 deﬂexisset,
1673 5715 1886 5769 Actium
1918 5715 1975 5766 in

2078 4591 2214 4644 alias
2245 4588 2300 4642 id
2329 4603 2499 4658 genus
2533 4585 2900 4642 scurrilitates
2940 4587 2996 4640 in
3045 4589 3328 4659 gentilium
3370 4592 3654 4646 conventi-

2076 4683 2200 4747 bus,
2238 4680 2525 4734 hominum
2557 4677 3016 4733 traducendorum
3054 4669 3228 4748 gratia
3277 4682 3520 4738 adhiberi
3560 4698 3651 4739 so-

2076 4775 2220 4829 litas.
2277 4771 2344 4827 Et
2399 4771 2620 4843 quidem
2669 4771 2918 4826 nonnulli
2966 4786 3031 4826 eo
3073 4771 3421 4841 impudentiae
3454 4789 3649 4844 procc-

2075 4865 2231 4931 dunt,
2272 4874 2332 4918 ut
2372 4865 2500 4917 talia
2540 4863 2789 4918 convicia
2827 4864 2945 4918 sine
2976 4863 3120 4917 larva
3145 4863 3399 4933 jactitent
3432 4883 3445 4920 :
3486 4867 3560 4920 ita
3594 4874 3650 4920 et

2082 4963 2188 5013 iste
2229 4957 2382 5011 nullo
2417 4965 2732 5026 legumento
2775 4956 3071 5011 acerbitate
3103 4971 3203 5010 sua
3235 4957 3428 5022 velata,
3479 4957 3648 5012 libera

2080 5059 2134 5106 et
2165 5051 2466 5122 impudenti
2500 5064 2652 5116 voce,
2688 5064 2754 5104 ex
2787 5049 3034 5120 plaustro
3066 5051 3314 5105 convicia
3363 5049 3562 5108 fundit.
3598 5056 3652 5101 et

2079 5143 2298 5198 tandem
2327 5157 2490 5213 quam
2523 5141 2595 5196 ob
2612 5155 2837 5195 causam
2873 5141 3009 5197 adeo
3041 5141 3112 5197 sit
3140 5141 3407 5204 irritatus,
3437 5138 3650 5209 prodit;

2079 5237 2206 5306 quia
2260 5233 2576 5299 sacerdotes
2624 5231 2718 5287 Dei
2768 5249 2990 5304 operam
3044 5233 3346 5294 dederunt,
3396 5247 3463 5283 ne
3495 5231 3650 5284 multi

2078 5325 2364 5380 fraudibus
2393 5334 2448 5380 et
2478 5325 2806 5394 imposturis
2837 5324 3067 5378 istorum
3099 5319 3648 5375 circumvenirentur.

2077 5419 2150 5490 (b)
2175 5417 2288 5473 Hoc
2318 5417 2525 5473 scilicet
2545 5417 2712 5482 dolet,
2731 5430 2944 5470 necnon
2970 5424 3025 5469 et
3057 5411 3210 5475 illud,
3237 5409 3381 5480 quod
3417 5425 3525 5464 non
3556 5411 3652 5464 ha-

2088 5570 2374 5642 quamdam
2420 5569 2665 5642 Phrygize
2705 5566 3050 5642 solitudinem
3098 5559 3375 5642 relegavit.
3429 5556 3652 5642 :‘lqot'lll

2101 5628 2168 5696 de
2196 5641 2464 5694 Eunomio
2506 5628 2594 5692 ;’ἷ
2630 5641 2686 5691 ln
2729 5638 2962 5706 quadam
3004 5628 3333 5703 Pamphiliaa
3362 5628 3652 5688 solitudine

2092 5712 2338 5768 habitare
2363 5718 2586 5765 coactus
2603 5715 2702 5764 est.
2719 5728 2735 5758 ι
