4066 6146
404 260 514 316 259

1643 253 1702 306 S.
1735 250 2060 307 GREGOBII
2100 250 2386 307 NYSCENl

3542 249 3650 308 960

413 377 635 429 hucrint
655 377 974 442 potestatem
993 367 1196 436 ubique
1219 365 1460 420 locorum
1481 363 1783 429 habitandi,
1800 365 1974 434 impe-

2083 364 2309 435 γράφει·
2343 361 2454 417 Kal
2481 361 2519 429 ἡ
2546 360 2745 427 πολλὴ
2774 360 3048 428 ,βαρύτης
3066 359 3184 414 τῶν
3214 360 3434 428 ἄθλων,
3456 363 3552 417 καὶ
3579 365 3652 420 τὰ

405 465 604 519 ratoris
642 464 825 518 edicto
858 460 916 514 in
965 457 1252 528 Phrygiam
1307 457 1562 527 relegati,
1611 472 1678 510 ne
1732 457 1974 526 complu-

404 567 494 606 res
524 550 783 621 pestifero
817 563 918 603 suo
954 548 1208 601 convictu
1243 545 1531 600 inﬁcerent
1554 585 1567 606 ,
1601 553 1824 616 propter
1853 560 1974 614 quae

406 645 485 698 ira
525 657 790 697 accensus
826 641 899 694 ita
939 640 1173 694 scribit:
1205 638 1273 691 Et
1311 639 1546 707 gravitas
1595 639 1971 702 certaminum,

404 745 454 788 et
479 733 833 788 intoleranda:
880 747 1154 793 wrumnw,
1189 739 1237 785 et
1265 733 1460 786 invicta
1488 747 1848 785 wrumnarum
1895 740 1978 784 to-

408 827 638 880 lerantia
663 826 796 879 satis
814 827 1137 887 enituerunt,
1158 822 1368 893 quando
1393 839 1510 875 cum
1541 820 1774 892 Phrygia
1799 822 1976 876 natale

405 919 579 973 solum
611 927 1021 994 contmutarunt.
1055 915 1292 971 Omnino
1322 929 1473 969 vero.
1506 913 1620 969 Non
1644 916 1787 968 enim
1811 913 1974 969 dede-

404 1010 517 1064 cori
566 1019 721 1064 erant
766 1007 1024 1064 Oltiscrio
1078 1007 1168 1060 illa
1201 1043 1215 1069 ,
1266 1021 1387 1074 qua:
1433 1016 1731 1059 evenerunt
1760 1025 1772 1059 :
1801 1020 1975 1074 neque

403 1108 718 1153 everterunt
752 1107 990 1169 paternae
1023 1098 1209 1167 gloriae
1244 1096 1642 1158 excelsitatcm,
1676 1112 1852 1166 neque
1884 1112 1976 1166 ge-

404 1190 555 1244 neris
590 1188 936 1258 splendorem
967 1187 1168 1256 injuria
1199 1184 1495 1240 atlccerunt
1520 1225 1533 1247 ,
1575 1193 1634 1239 ut
1671 1186 1972 1256 periculum

403 1285 572 1340 esset,
624 1291 695 1330 ne
743 1291 828 1341 ea,
870 1276 940 1330 ob
969 1291 1089 1344 quae
1120 1290 1268 1329 nunc
1323 1283 1642 1338 succenset,
1704 1275 1975 1329 redunda-

410 1373 533 1419 rent
578 1380 797 1434 quoque
841 1366 906 1418 ad
945 1367 1211 1421 celebrem
1251 1373 1304 1420 et
1346 1367 1678 1420 biuominem
1722 1365 1971 1420 Priscum

405 1457 570 1524 hujus
627 1458 798 1526 patris
853 1465 1105 1526 patrem:
1140 1455 1285 1510 unde
1339 1456 1442 1510 iste
1491 1464 1599 1509 tam
1645 1456 1874 1510 eximias
1923 1465 1978 1509 et

405 1548 700 1616 praeclaras
737 1547 804 1602 de
851 1547 1061 1617 origine
1112 1562 1212 1602 sua
1268 1549 1422 1616 petiit
1471 1548 1812 1602 narrationes
1856 1566 1869 1600 :
1909 1547 1977 1601 de

407 1640 547 1691 mola
580 1638 835 1692 nimirum
864 1645 918 1693 et
948 1639 1099 1692 corio
1120 1679 1134 1703 ,
1167 1639 1460 1706 servilique
1488 1638 1748 1693 demenso
1769 1677 1784 1695 .
1812 1646 1865 1692 et
1909 1637 1976 1693 de

404 1728 612 1797 reliqua
663 1729 978 1784 haereditate
1016 1729 1278 1783 Chanaan
1313 1747 1325 1782 ι
1361 1736 1414 1782 et
1470 1729 1516 1783 si
1565 1731 1756 1782 horum
1804 1729 1976 1799 gratia
2013 1715 2050 1767 Β

404 1819 859 1888 vituperationem
880 1820 1249 1884 merebantur,
1272 1820 1363 1890 qui
1385 1820 1492 1875 illis
1505 1820 1756 1875 exsilium
1780 1834 1975 1890 procu-

403 1916 598 1962 rarunt
628 1926 641 1962 :
672 1911 847 1964 fateor
886 1921 936 1964 et
971 1925 1074 1980 ego
1106 1911 1304 1981 dignos
1352 1925 1474 1966 esse
1523 1911 1973 1980 reprehensione,

402 2001 496 2068 qui
543 2000 736 2054 horum
784 2001 906 2057 istis
934 2017 1099 2057 causa
1138 2001 1380 2067 fuerunt,
1415 2003 1459 2057 si
1499 2002 1592 2071 qui
1627 2012 1808 2056 tamen
1855 2003 1975 2058 fue-

407 2099 532 2145 runt
566 2112 579 2146 :
608 2091 904 2147 etfecerunt
933 2095 1100 2157 enim,
1135 2103 1196 2147 ut
1235 2109 1416 2148 rerum
1459 2093 1676 2148 abistis
1699 2104 1973 2163 gestarum

405 2183 666 2235 memoria
698 2184 908 2252 sepulta
943 2185 1236 2253 plerosque
1263 2185 1511 2238 moribus
1534 2190 1587 2238 et
1616 2183 1728 2237 vita
1764 2186 1973 2254 gravio-

405 2288 493 2327 res
547 2272 757 2342 fugiat,
800 2289 978 2343 neque
1026 2274 1299 2344 integrum
1358 2275 1431 2330 sit
1469 2274 1866 2344 posterioribus
1907 2276 1974 2332 de

411 2365 705 2433 praeteritis
752 2365 1026 2420 curiosius
1069 2365 1383 2434 inquirere,
1417 2380 1528 2434 quo
1581 2365 1797 2420 tandem
1847 2382 1975 2421 san-

404 2456 570 2524 guine
597 2456 757 2511 ambo
795 2457 1149 2526 proseminati
1181 2464 1233 2511 et
1261 2455 1406 2526 quod
1439 2458 1562 2511 vitm
1596 2457 1906 2512 institutum
1944 2474 1973 2514 a

402 2547 649 2615 patrihus
664 2555 946 2617 acceptum
971 2547 1142 2604 secuti
1164 2548 1303 2614 sint;
1324 2556 1377 2601 et
1414 2547 1541 2616 quid
1570 2549 1750 2605 minus
1779 2551 1977 2620 quidve

407 2639 622 2708 majus,
667 2654 830 2708 quam
878 2639 1070 2694 deceat
1109 2640 1309 2694 liberos
1360 2647 1413 2695 et
1459 2640 1767 2710 ingenuos,
1815 2641 1868 2696 in
1916 2657 1974 2698 se

407 2732 787 2795 observantes,
829 2738 1015 2801 postea
1056 2731 1120 2785 ad
1163 2739 1369 2786 tantam
1409 2732 1650 2788 nominis
1681 2734 1970 2788 celebrita-

400 2829 510 2876 tem
572 2822 881 2893 famamque
933 2824 1313 2894 pervenerint,
1357 2832 1416 2878 ut
1465 2834 1518 2879 et
1551 2825 1980 2894 imperatoribus

2075 453 2499 508 δυσϐάστακτα
2533 451 2690 519 πάθη
2715 468 2728 482 ·
2760 451 2863 506 καὶ
2893 452 2930 519 ἡ
2959 450 3204 520 γενναία
3231 451 3349 504 τῶν
3385 457 3654 524 παθημά.

2076 562 2193 599 των
2215 545 2488 614 ὑπομονὴ
2507 586 2521 608 ,
2546 544 2609 598 τὸ
2652 544 2912 613 Φρυγίαν
2933 543 3156 608 αὐτοὺς
3177 545 3308 600 ἀντὶ
3343 544 3454 614 τῆς
3487 547 3652 620 ἐνεγ-

2076 639 2304 702 κούσης
2330 636 2727 700 ἀλλάξασθαι.
2751 636 2897 689 Πάνυ
2925 651 3006 703 γε.
3031 635 3103 689 Οὐ
3121 635 3228 708 γὰρ
3253 636 3453 701 ὄνειδος
3472 634 3540 710 ἦν
3567 638 3647 710 τῷ

2089 728 2404 800 Ὀλτισηρίῳ
2440 729 2515 798 (a)
2543 727 2614 781 τὰ
2644 726 3060 798 συμϐεϐηκότα,
3113 728 3207 781 καὶ
3238 727 3332 782 τοῦ
3383 733 3652 800 πατρικοῦ

2077 819 2427 888 φρονήματος
2448 815 2766 888 καθαίρεσιν
2789 817 3016 888 φέροντα
3038 857 3052 882 ,
3094 818 3187 870 καὶ
3211 817 3311 888 τὴν
3339 818 3431 871 τοῦ
3469 820 3658 888 γένους

2077 908 2234 973 ἀξίαν
2263 909 2571 979 ὑϐρίζοντα,
2604 909 2680 972 ὼς
2721 909 2796 980 μὴ
2848 909 2913 964 ἂν
2951 909 3166 963 ἑλέσθαι
3211 909 3383 963 ταῦτα
3409 951 3423 973 ,
3453 911 3536 982 ἐφ’
3573 907 3657 976 οἷς

2077 997 2172 1053 νῦν
2206 999 2544 1070 χαλεπαίνει,
2574 1001 2664 1054 τὸν
2691 1001 2989 1071 ὀνομαστὸν
3011 1002 3234 1066 ἐκεῖνον,
3268 1001 3363 1055 καὶ
3385 1003 3656 1073 διώνυμον

2077 1091 2314 1163 Πρίσκον
2336 1091 2426 1144 τὸν
2453 1091 2546 1145 τοῦ
2581 1092 2786 1163 πατρὸς
2807 1092 2994 1146 τούτου
3028 1092 3261 1164 πατέρα.
3294 1077 3455 1147 Ὅθεν
3484 1094 3659 1164 τούτῳ

2076 1183 2144 1236 τὰ
2180 1172 2408 1254 λαμπρὰ
2433 1223 2446 1246 ,
2484 1184 2574 1237 καὶ
2611 1184 2945 1254 περίϐλεπτα
2977 1183 3071 1237 τοῦ
3109 1184 3298 1253 γένους
3323 1185 3440 1238 ἐστὶ
3467 1185 3658 1256 διηγή-

2081 1295 2242 1347 ματα.
2288 1277 2345 1329 '0
2378 1276 2582 1346 μύλων,
2617 1277 2794 1329 καὶτὸ
2825 1275 3039 1340 σκύτος,
3071 1277 3166 1330 καὶ
3190 1275 3250 1328 τὸ
3269 1275 3537 1329 οἰκετικὸν
3573 1293 3658 1328 σι-

2078 1367 2353 1437 τηρέσιον,
2394 1369 2488 1420 καὶ
2525 1368 2557 1436 ἡ
2603 1365 2761 1436 λοιπὴ
2791 1365 2883 1419 τοῦ
2916 1366 3136 1419 Χαναὰν
3166 1364 3527 1436 κληρονομία·
3561 1366 3657 1418 καὶ
3723 1410 3726 1412 .

2079 1459 2171 1510 ἐπὶ
2191 1458 2399 1522 τούτοις
2433 1459 2537 1510 ἔδει
2569 1457 2884 1522 κακίζεσθαι
2909 1459 3034 1520 τοὺς
3060 1457 3159 1528 τὴν
3195 1458 3522 1527 μετάστασιν
3554 1457 3656 1510 αύ-

2077 1553 2189 1614 τοῖς
2221 1538 2675 1621 προξενήσαντας.
2715 1547 3040 1617 Συντίθεμαι
3070 1545 3242 1616 τούτῳ
3265 1544 3443 1615 κάγὼ,
3479 1545 3649 1608 ὅντως

2079 1639 2218 1705 ἄξιοι
2245 1640 2345 1709 τῆς
2381 1640 2513 1710 παρ’
2542 1638 2720 1691 αὐτῶν
2751 1637 3030 1712 μέμψεως,
3058 1638 3107 1690 οί
3135 1637 3339 1690 τούτων
3372 1638 3553 1699 αὐτοῖς
3579 1636 3660 1688 αῖ-

2081 1748 2184 1783 τιοι
2208 1730 2512 1798 γεγονότες,
2545 1729 2700 1800 εἴπερ
2728 1729 2864 1792 ὅλως
2904 1729 3014 1781 είσί
3057 1745 3220 1792 τινες,
3256 1728 3289 1797 ἢ
3330 1728 3615 1796 γεγόνασιν
3639 1745 3654 1760 ο

2079 1824 2161 1875 ὅτι
2191 1821 2298 1875 τῶν
2329 1821 2782 1892 προϐεϐιωμένων
2808 1822 2841 1890 ή
2866 1819 3066 1889 γνῶσις
3087 1819 3176 1873 διὰ
3205 1818 3410 1872 τούτων
3447 1835 3652 1886 συγκα⁴

2079 1913 2340 1983 λυφθεῖσα
2382 1915 2729 1984 παραιρεῖται
2759 1912 2865 1965 τῶν
2906 1911 3246 1983 σεμνοτέρων
3272 1911 3368 1982 τὴν
3392 1911 3612 1982 μνήμην
3636 1929 3649 1941 ·

2079 2006 2174 2058 καὶ
2219 2005 2318 2058 οὐκ
2364 2006 2428 2075 ἐᾷ
2477 2003 3045 2076 πολυπραγμονεῖσθαι
3094 2003 3162 2056 τὰ
3212 2002 3318 2056 τῶν
3365 2003 3650 2073 παρόντων

2082 2098 2456 2169 πρεσϐύτερον
2512 2097 2700 2160 ὁποίας
2752 2097 3010 2166 ἑκάτερος
3055 2095 3115 2148 τὸ
3168 2094 3448 2165 καταρχὰς
3501 2092 3656 2158 ἀξίας

2078 2187 2414 2259 ὡρμήθησαν
2438 2227 2454 2250 ,
2484 2187 2642 2240 ποίαν
2689 2187 2754 2239 ἐκ
2788 2186 3038 2255 πατέρων
3077 2184 3292 2255 ἔχοντες
3333 2182 3653 2236 ἀκολουθίαν

2078 2280 2169 2333 τοῦ
2211 2279 2360 2349 βίου·
2395 2278 2449 2331 τί
2493 2279 2707 2349 μικρὸν,
2750 2277 2782 2348 ἢ
2827 2276 3009 2346 μεῖζον
3038 2275 3143 2328 τῶν
3177 2274 3481 2343 ἐλευθέροις
3520 2290 3656 2344 πρε-

2079 2372 2286 2424 πόντων
2321 2371 2529 2431 ἑαυτοῖς
2559 2366 2976 2434 συνεγνωκότες,
3005 2365 3190 2418 Ξπειτα
3211 2363 3459 2417 τοσοῦτον
3485 2365 3654 2430 ἐγνω-

2082 2461 2345 2535 ρίσθησάν
2384 2477 2444 2514 τε
2476 2461 2570 2514 καὶ
2606 2457 3020 2528 ὠνομάσθησαν,
3069 2456 3207 2510 ὥστε
3249 2455 3342 2507 καὶ
3373 2454 3649 2524 βασιλεῦσι

2080 2553 2329 2623 γενέσθαι
2382 2550 2670 2621 γνώριμοι,
2714 2547 2894 2612 καθὼς
2951 2547 3371 2618 μεγαλαυχεῖται
3419 2545 3511 2597 νῦν
3571 2544 3650 2613 τῷ

2083 2645 2496 2715 συγγράμματι,
2527 2644 2620 2698 καὶ
2650 2643 2826 2705 πάσας
2846 2644 2945 2702 τὰς
2966 2637 3336 2708 ὑπερεχούσας
3364 2635 3538 2706 ἀρχὰς
3553 2635 3621 2687 ἐπ
3638 2636 3650 2651 ⁸

2081 2739 2262 2800 αὐτοῖς
2289 2735 2674 2804 συγκινεῖσθαι,
2717 2733 2810 2786 καὶ
2839 2732 2929 2784 ἐπὶ
2960 2729 3090 2782 πολὺ
3121 2730 3220 2797 τῆς
3247 2726 3568 2798 οἰκουμένης
3588 2724 3656 2778 τὰ

2089 2830 2208 2884 καθ’
2236 2830 2460 2893 ἑαυτοὺς
2474 2825 2845 2897 διαφέρεσθαι.
3643 2830 3647 2835 '

402 2913 832 2980 innotescerent,
869 2916 1010 2971 sicut
1041 2917 1094 2970 in
1127 2915 1229 2970 hoc
1263 2919 1470 2985 scripto
1511 2916 1810 2973 insolenter
1857 2919 1962 2976 iste
2000 2923 2287 2992 gloriatur,
2323 2931 2492 2991 utque
2547 2919 2730 2975 omnia
2769 2916 2992 2986 imperia
3015 2923 3070 2970 et
3106 2913 3457 2984 magistratus
3529 2923 3659 2979 pro-

407 3013 523 3073 pter
543 3006 690 3075 ipsos
716 3015 1214 3069 commoverentur,
1248 3013 1302 3059 et
1331 3015 1386 3058 ut
1407 3007 1746 3075 potissimam
1772 3010 1960 3064 mundi
2002 3019 2209 3080 partem
2237 3011 2484 3066 doctrina
2520 3009 2736 3064 illorum
2765 3012 3170 3077 pervagaretur.

474 3097 555 3150 An
608 3114 715 3151 non
770 3099 918 3154 hisce
971 3100 1164 3162 rebus,
1214 3099 1258 3153 si
1295 3114 1481 3152 verum
1529 3097 1686 3154 fateri
1708 3101 1974 3170 velimus,
2005 3112 2046 3165 C

404 3206 567 3262 quam
599 3191 832 3243 maxima
867 3189 1065 3258 injuria
1095 3191 1331 3259 irrogata
1355 3198 1461 3252 est,
1507 3193 1589 3245 vel
1629 3191 1731 3260 ipsi
1764 3193 1972 3248 oratio-

400 3299 532 3337 num
557 3281 836 3351 scriptori,
867 3281 950 3335 vel
977 3281 1150 3350 ipsius
1173 3280 1455 3350 magistro,
1484 3286 1539 3334 et
1573 3281 1816 3349 ejusdem
1849 3285 1972 3338 vitae

401 3373 705 3428 institutori
733 3371 913 3434 Aetio,
937 3385 1098 3440 quem
1128 3369 1261 3424 mihi
1288 3370 1505 3425 videtur
1534 3369 1834 3427 Eunomius
1864 3390 1974 3429 non

403 3475 512 3518 tam
547 3464 831 3532 suspicere
861 3463 930 3516 ob
971 3462 1284 3532 dogmatum
1331 3464 1773 3533 perversitatem,
1810 3483 1973 3537 quam

401 3556 474 3611 ob
507 3558 628 3608 vita:
663 3553 982 3623 compendia
1009 3562 1060 3607 et
1084 3553 1468 3623 copias?quod
1497 3554 1720 3620 atlirmo,
1751 3572 1859 3611 non
1891 3559 1974 3612 iu-

404 3647 573 3701 certis
603 3645 929 3714 quibusdam
965 3643 1295 3712 conjecturis
1331 3645 1550 3720 ductus,
1587 3648 1680 3702 sed
1713 3649 1862 3704 hisce
1884 3665 1977 3704 au-

404 3736 560 3790 ribus
589 3734 722 3788 meis
745 3748 808 3786 ex
832 3732 917 3795 iis,
942 3732 1138 3799 quibus
1165 3731 1216 3785 id
1245 3732 1446 3801 Optime
1475 3742 1812 3802 compertum
1835 3741 1972 3797 erat,

404 3824 610 3879 certior
647 3822 840 3876 factus.
867 3821 1000 3876 Nam
1031 3821 1152 3890 quis
1185 3822 1429 3892 qualisve
1465 3821 1626 3876 fuerit
1659 3823 1847 3878 Aetius
1873 3823 1972 3894 (ὁ),

409 3917 594 3977 audivi
624 3915 896 3986 quondam
921 3930 987 3970 ex
1009 3913 1322 3969 Galatarum
1346 3914 1616 3984 Episcopo
1640 3916 1971 3981 Athanasio;

405 4011 525 4062 viro
553 4011 638 4063 cui
662 4009 890 4064 veritate
916 4008 1051 4062 nihil
1075 4007 1173 4060 fuit
1200 4008 1500 4076 antiquius,
1532 4008 1733 4076 quique
1757 4007 1826 4062 ad
1858 4023 1974 4062 ma-

401 4101 574 4172 jorem
612 4101 770 4154 ﬁdem
800 4100 929 4155 illis.
962 4114 1083 4168 quae
1107 4099 1386 4163 narrabat,
1416 4097 1836 4164 conciliandam,
1863 4099 1977 4169 epi-

405 4195 599 4249 stolam
642 4191 856 4262 Georgii
899 4190 1251 4243 Laodicens's
1282 4189 1710 4243 demonstrabat.
1757 4189 1805 4243 Is
1846 4204 1976 4260 ergo

405 4285 582 4338 aiebat
619 4283 832 4337 Aetium
915 4297 1022 4335 non
1075 4281 1143 4335 ab
1196 4282 1418 4335 ineunte
1461 4289 1618 4334 aetate
1661 4280 1991 4350 dogmatum‘

405 4375 731 4430 absurditati
777 4373 1083 4440 studuisse;
1130 4372 1224 4428 sed
1273 4371 1532 4441 temporis
1585 4372 1970 4442 progressione

2151 3103 2278 3176 ’Ἆρ’
2324 3105 2443 3173 οὐχὶ
2495 3101 2570 3172 τῷ
2620 3101 2732 3154 ὄντι
2780 3100 2847 3152 τὰ
2878 3099 3110 3168 μέγιστα
3161 3096 3250 3150 διὰ
3287 3094 3492 3150 τούτων
3540 3093 3659 3163 ἠδί-

2079 3214 2260 3265 κηται,
2297 3196 2330 3265 ἢ
2363 3194 2524 3256 αὐτὸς
2546 3186 2698 3255 οὗτος
2724 3193 2752 3244 ὁ
2784 3190 3120 3261 λογογράφος
3141 3229 3157 3253 ,
3211 3188 3244 3258 ἦ
3278 3188 3306 3238 ὁ
3347 3185 3656 3257 προστάτης

2079 3287 2274 3351 αὐτοῦ,
2336 3286 2428 3339 καὶ
2482 3283 2575 3337 τοῦ
2631 3282 2813 3353 ὁμοίου
2867 3281 2981 3351 βίου
3052 3278 3368 3350 καθηγητὴς
3432 3277 3653 3338 Ἀέτιος,

2083 3380 2141 3433 ὃν
2182 3396 2271 3448 μοι
2303 3378 2452 3430 δοκεῖ
2482 3375 2556 3446 μὴ
2589 3373 2842 3427 τοσοῦτον
2891 3372 3026 3442 πρὸς
3066 3371 3163 3441 τὴν
3212 3369 3320 3422 τῶν
3369 3367 3651 3438 δογμάτων

2078 3471 2291 3541 ἀπάτην
2324 3468 2535 3538 βλέπων
2583 3466 2917 3538 ἐζηλωκέναι
2950 3505 2965 3528 ,
3007 3463 3140 3516 πολὺ
3187 3461 3242 3515 δὲ
3271 3451 3481 3531 ’μᾶλλον
3521 3457 3656 3529 πρὸς

2067 3561 2174 3632 ’τὴν
2224 3560 2315 3614 τοῦ
2373 3559 2488 3630 βίου
2532 3558 2885 3629 παρασκευήν
2927 3572 2988 3607 τε
3037 3555 3130 3608 καὶ
3175 3551 3472 3623 εὐπορίαν;
3505 3549 3650 3617 λέγω

2077 3655 2135 3708 δὲ
2172 3652 2345 3706 ταῦτα
2367 3691 2381 3716 ,
2419 3651 2480 3703 οὐ
2516 3650 2844 3718 στοχασμοῖς
2873 3663 2984 3699 τισι
3019 3642 3472 3714 τεκμαιρόμενος,
3510 3637 3646 3693 ἀλλὰ

2076 3745 2183 3800 τῶν
2213 3742 2453 3815 ἀκριϐῶς
2491 3740 2810 3810 ἐγνωκότων
2832 3738 3096 3805 αὐτήκοος
3126 3733 3384 3804 γεγονώς.
3427 3731 3508 3784 Τὰ
3536 3729 3646 3800 γὰρ

2078 3837 2217 3890 κατὰ
2246 3836 2335 3888 τὸν
2362 3834 2563 3887 Ἀέτιον
2604 3830 2787 3885 τοῦτον
2816 3827 3131 3884 Ἀθανασίου
3173 3826 3304 3879 ποτὲ
3332 3824 3424 3876 τοῦ
3469 3821 3642 3874 Γαλα-

2076 3923 2184 3977 τῶν
2224 3923 2517 3976 ἐπισκόπου
2556 3921 2803 3988 λέγοντος
2841 3919 3081 3988 ἥκουσα,
3128 3915 3320 3987 ἀνδρὸς
3361 3915 3460 3966 οὐκ
3491 3911 3556 3967 ἄν
3588 3925 3646 3962 τι

2079 4015 2184 4085 πρὸ
2209 4016 2307 4086 τῆς
2334 4013 2587 4085 ἀληθείας
2615 4011 3064 4083 προτιμήσαντος,
3107 4007 3241 4062 ἀλλὰ
3272 4005 3367 4058 καὶ
3389 4006 3468 4067 εἰς
3501 4019 3647 4074 μαρ-

2076 4107 2272 4178 τυρίαν
2301 4105 2410 4158 τῶν
2439 4105 2646 4159 πολλῶν
2666 4104 2760 4157 τοῦ
2787 4104 2944 4171 λόγου
2970 4141 2985 4164 ,
3016 4099 3289 4170 Γεωργίου
3312 4095 3406 4149 τοῦ
3428 4096 3491 4146 ἐκ
3519 4096 3651 4146 Λαο-

2075 4198 2282 4260 δικείας
2314 4196 2602 4266 ἐπιστολὴν
2629 4193 3047 4254 ἐπιδεικνύντος.
3090 4189 3281 4256 Ἔλεγε
3309 4187 3364 4239 δὲ
3394 4187 3467 4256 μὴ
3499 4182 3650 4253 παρὰ

2078 4290 2176 4361 τὴν
2211 4287 2431 4358 πρώτην
2469 4287 2631 4341 αὐτὸν
2661 4284 3106 4357 ἐγκεχειρηκέναι
3135 4283 3201 4351 τῇ
3229 4280 3334 4332 τῶν
3363 4277 3649 4347 δογμάτων

2080 4379 2314 4451 ἀτοπίᾳ’
2355 4379 2567 4450 χρόνοις
2608 4379 2666 4432 δὲ
2707 4378 2932 4449 ὕστερον
2961 4377 3154 4446 τέχνην
3186 4372 3302 4443 βίου
3342 4370 3438 4435 τὴν
3477 4386 3650 4422 καινοο

405 4465 669 4518 doctrina:
718 4463 980 4517 novanda:
1018 4476 1239 4531 operam
1287 4460 1506 4516 dedisse
1531 4498 1547 4524 ,
1580 4467 1640 4514 ut
1686 4460 1788 4514 hac
1825 4461 1974 4515 velut

2078 4469 2267 4540 τομίαν
2293 4469 2492 4540 ταύτην
2513 4466 2918 4539 προστήσασθαι
2939 4482 2951 4496 ·
2986 4464 3212 4516 ἐκδύντα
3233 4461 3340 4532 γὰρ
3362 4459 3522 4512 αὑτὸν
3545 4457 3649 4527 ἤδη

406 4560 524 4604 arte
561 4551 762 4604 victum
795 4548 903 4603 sibi
931 4557 1168 4617 pararet,
1197 4549 1396 4619 quippe
1446 4548 1598 4602 illum
1638 4549 1828 4603 relicta
1860 4549 1976 4604 cul-

407 4649 527 4693 tura
562 4641 752 4705 vincae,
784 4648 945 4707 quam
970 4639 1283 4706 possidebat
1313 4640 1390 4708 (at
1411 4655 1571 4709 quam
1593 4641 1739 4708 justo
1762 4641 1975 4704 tacebo,

406 4747 474 4785 ne
515 4730 696 4783 videar
719 4728 968 4783 odiosius
1012 4729 1381 4782 narrationem
1416 4729 1731 4799 auspicari),
1774 4731 1977 4797 princi-

407 4823 496 4891 pio
526 4819 742 4888 quidem
770 4819 968 4872 factum
993 4834 1115 4874 esse
1145 4817 1358 4872 fabrum
1396 4819 1752 4874 caminarium
1774 4862 1789 4888 ,
1819 4822 1976 4892 cujus

406 4929 497 4968 ars
531 4912 678 4966 circa
709 4911 884 4981 ignem
911 4921 964 4967 et
994 4911 1243 4986 fornaces
1277 4909 1484 4966 ferreas
1522 4909 1870 4967 fabricandas
1894 4913 1977 4966 in—

405 5005 660 5070 sumitur,
689 5003 944 5057 manibus
975 5009 1281 5058 versantem
1304 5003 1527 5057 malleos
1554 5003 1886 5067 breviculos,
1924 5011 1978 5058 et

402 5099 597 5168 exiguo
632 5096 814 5151 incudi
854 5095 1094 5151 assidere
1128 5095 1344 5151 solitum
1373 5109 1386 5146 :
1419 5094 1523 5150 sub
1550 5095 1677 5149 exili
1724 5095 1973 5163 tugurio,

405 5190 736 5260 sordideque
765 5196 817 5242 et
845 5201 1039 5257 magna
1066 5187 1316 5242 molestia
1353 5187 1480 5240 vita:
1517 5187 1827 5241 necessaria
1874 5186 1977 5241 hoc

403 5299 504 5338 suo
553 5282 738 5337 labore
783 5287 1188 5350 comparantem
1221 5299 1234 5334 :
1265 5295 1429 5349 quam
1481 5280 1627 5332 enim
1668 5278 1973 5332 mercedem

404 5376 537 5428 adeo
567 5373 748 5444 magni
776 5357 1152 5427 aestimandam
1171 5376 1474 5428 mereretur
1502 5370 1610 5433 ille,
1642 5368 1973 5438 quisubpal-

477 5527 894 5599 (αγολτίσηρις,
914 5526 1185 5599 obscurus
1203 5526 1358 5599 vicus
1388 5524 1442 5578 in
1460 5521 1837 5599 _Cappadoc_ia,
1858 5524 1958 5578 Eu-

406 5593 572 5654 nomii
597 5593 798 5665 patria,
813 5613 841 5650 a
868 5613 975 5665 qua
1005 5597 1253 5650 eumdem
1266 5593 1889 5665 ‘Ulrtcﬁptovinominat,
1909 5603 1962 5648 et

409 5669 564 5735 intra,
599 5664 798 5721 novum
820 5664 1067 5721 Paianica
1101 5682 1165 5721 ex
1189 5665 1466 5721 Oltisiride
1488 5664 1864 5736 prodeuntem.

2077 4563 2178 4632 τὴν
2219 4560 2462 4614 δουλείαν
2492 4560 2788 4631 ἀμπελίδος
2831 4558 2932 4626 τῆς
2978 4552 3323 4624 κεκτημένης
3356 4549 3515 4604 αὑτὸν
3549 4551 3650 4619 (τδ

2079 4651 2122 4703 δ’
2154 4651 2300 4714 ὅπως
2328 4650 2479 4702 οὐδὲν
2510 4648 2698 4720 δέομαι
2717 4645 2992 4715 λέγει’),ὼς
3019 4644 3083 4697 ἂν
3109 4643 3184 4713 μὴ
3210 4641 3423 4711 δόξαιμι
3446 4655 3649 4706 κακοη-

2080 4740 2329 4811 θέστερον
2358 4739 2451 4792 τοῦ
2474 4739 2807 4809 διηγήματος
2839 4732 3132 4801 ἅπτεσθαι)
3162 4731 3298 4786 εἶναι
3333 4731 3430 4802 μὲν
3481 4746 3650 4792 καμι-

2082 4833 2274 4903 νευτὴν
2309 4832 2428 4884 κατ’
2460 4829 2652 4901 ἀρχὰς,
2689 4828 2787 4899 τὴν
2817 4827 3058 4899 ἔμπυρον
3077 4824 3301 4892 ταύτην,
3327 4823 3421 4875 καὶ
3452 4821 3650 4890 βάναυο

2084 4941 2173 4978 σον
2195 4924 2388 4994 τέχνην
2436 4922 2524 4975 διὰ
2563 4921 2743 4992 χειρὸς
2781 4920 2997 4990 ἔχοντα,
3031 4918 3212 4988 σφύρα
3255 4913 3483 4984 βραχείᾳ
3507 4955 3520 4979 ,
3554 4912 3650 4965 καὶ

2079 5016 2274 5084 ἄκμονι
2342 5013 2522 5084 μικρῷ
2569 5011 3018 5084 προσκαθήμενον
3065 5008 3169 5062 ὑπὸ
3211 5005 3429 5077 τριχίνῃ
3473 5003 3644 5073 σκηνῇ

2079 5099 2346 5170 γλίσχρως
2378 5100 2470 5151 καὶ
2502 5099 2638 5169 μετὰ
2675 5098 2836 5151 πόνου
2867 5097 2935 5150 τὰ
2973 5097 3243 5164 ἀναγκαῖα
3282 5093 3376 5147 τοῦ
3417 5092 3531 5163 βίου
3560 5092 3646 5145 διὰ

2079 5192 2174 5260 τῆς
2220 5191 2480 5261 ἐργασίας
2512 5191 2716 5262 ταύτης
2763 5189 3250 5260 συμποριζόμενον.
3304 5185 3400 5247 Τίς
3429 5184 3539 5254 γὰρ
3582 5181 3647 5235 ἂν

2080 5284 2172 5336 καὶ
2201 5282 2414 5351 γένοιτο
2451 5283 2642 5354 μισθὸς
2689 5283 2835 5348 ἄξιος
2879 5281 3037 5350 λόγου
3077 5279 3156 5349 τῷ
3189 5276 3543 5349 θεραπεύοντι
3580 5274 3648 5326 τὰ

2081 5370 2362 5441 ύπόσαθρα
2406 5372 2513 5425 τῶν
2564 5371 2958 5443 χαλκωμάτων,
3005 5369 3099 5422 καὶ
3155 5366 3488 5439 παραόύθντι
3546 5361 3646 5425 τὰς

2138 5526 2211 5594 (tv)
2242 5526 2378 5580 Aetii
2408 5527 2571 5579 vitam
2594 5524 2955 5594 miserrimam
2977 5520 3239 5594 describit
3269 5519 3427 5590 Greg.
3456 5523 3636 5588 Nyss.,

2071 5584 2544 5653 ait‘Theodoretus
2575 5595 2666 5651 lib.
2711 5596 2773 5648 de
2804 5592 2995 5648 "reret.
3027 5584 3236 5653 fabulis.
