4046 6156
413 248 509 304 961

1545 242 1821 297 CONTRA
1864 238 2249 302 EUNOMIUM,
2292 238 2417 293 LIB.
2463 241 2499 290 f.

3543 240 3657 300 262

408 375 511 431 τρυ
518 356 733 429 μαΛιὰς,
756 357 954 412 καὶτὸν
965 356 1283 429 κασσίτερον
1297 358 1414 422 ταῖς
1437 357 1667 427 πληγαῖς
1684 356 1983 412 ὲπιλύοντι⁴⁴

2087 353 2192 407 lida
2224 360 2520 408 atramenta
2554 351 2876 416 renovabat,
2905 352 2998 422 qui
3032 350 3299 407 foramina
3335 352 3655 420 obturabat,

412 452 507 507 καὶ
538 450 939 521 μολιὸδοχοῦντι
966 448 1073 502 τῶν
1103 449 1344 519 λεϐήτων
1365 449 1461 512 τὰς
1483 449 1668 519 βάσεις
1686 464 1698 478 ·
1730 446 1979 517 γενέσθαι

409 540 466 594 δὲ
496 541 593 611 τῆς
614 539 708 627 ⁸ιεοῦ
734 538 850 609 βίου
888 537 1185 608 μεταϐολῆς
1211 538 1407 602 αίτίαν,
1445 538 1727 609 συμφοράν
1747 553 1867 590 τινα
1895 535 1982 590 διὰ

408 634 505 702 τῆς
528 626 722 701 τέχνης
748 629 1033 700 συμϐᾶσαν
1060 629 1228 701 αὐτῷ.
1251 630 1520 692 Λαϐόντος
1544 629 1652 699 γάρ
1676 644 1805 682 ποτε
1831 626 1982 698 παρὰ

410 724 662 792 γυναικὸς
707 722 1088 793 στρατιιὶιτιδος
1135 722 1364 793 χρύσεόν
1392 740 1445 776 τι
1493 721 1684 785 σκεῦος
1721 722 1831 774 τῶν
1852 722 1982 792 περὶ

409 817 633 887 δέρρην,
664 815 696 885 ἢ
724 817 883 886 χεῖρα
916 816 1417 887 προκοσμημάτων,
1443 816 1528 885 ἐφ’
1551 808 1658 884 ᾧτε
1691 815 1791 885 τὴν
1830 831 2016 883 γενοο.

413 908 583 977 μένην
622 906 772 977 αὐτῷ
824 907 1039 977 πληγὴν
1092 906 1521 979 διορθώσασθαι,
1578 906 1860 976 ἀπατῆσαι
1914 907 1980 961 δι’

412 1000 658 1062 ἐπινοίας
686 998 786 1067 τὴν
814 1000 1097 1071 ἄνθρωπον
1121 1017 1137 1032 ·
1176 1001 1271 1053 καί
1314 1000 1606 1069 ὑφελέσθαι
1637 1002 1736 1071 μὲν
1764 1001 1824 1053 τὸ
1853 1000 1984 1071 χρύ-

413 1106 557 1151 σεον,
591 1086 897 1141 ἀντιδοῦναι
933 1088 989 1141 δὲ
1023 1087 1250 1158 χάλκεον
1278 1089 1415 1159 αὐτῇ
1448 1089 1511 1141 τὸ
1551 1089 1763 1152 σκεῦος,
1804 1091 1986 1160 ἰσομέ-

416 1179 570 1246 γεθες
591 1177 671 1246 τῷ
699 1178 909 1249 χρυσῷ,
946 1177 1038 1231 καὶ
1066 1178 1166 1249 τὴν
1195 1180 1511 1247 ἐπιφάνειαν
1538 1181 1736 1251 ὁμοίως
1770 1181 1892 1253 ἔχον
1915 1182 1983 1238 δι’

413 1268 729 1323 ἐπιπολαίου
768 1267 966 1339 βαφῆς,
998 1267 1207 1339 χρυσίῳ
1234 1269 1325 1322 τὸν
1354 1269 1551 1339 χαλκὸν
1599 1271 1979 1342 ἐπαλείψαντω

412 1358 905 1428 κατασοφισθεῖσαν
944 1358 1001 1411 δὲ
1048 1357 1126 1428 τῷ
1173 1359 1482 1431 φαινομένῳ
1526 1360 1624 1432 τήν
1658 1360 1938 1432 ἄνθρωπον
1963 1375 1978 1390 ’

408 1453 579 1515 δεινὸς
606 1450 714 1521 γὰρ
733 1447 801 1521 ἦν
832 1453 925 1505 καὶ
950 1453 1016 1522 τῇ
1043 1451 1371 1522 χαλκευτικῇ
1409 1452 1498 1506 διὰ
1534 1453 1641 1507 τῶν
1666 1455 1766 1525 τῆς
1789 1453 1982 1526 τέχνης

414 1543 781 1612 σοφισμάτων.
808 1543 934 1605 τοὺς
954 1544 1265 1613 χρωμένους
1284 1543 1748 1613 παραλογίσασθαι
1769 1560 1781 1573 ’
1807 1544 1983 1615 χρόνῳ

412 1635 666 1704 φωρᾶσαι
695 1633 795 1703 τὴν
823 1632 953 1702 περὶ
997 1633 1058 1686 τὸ
1100 1634 1323 1703 χρυσίον
1361 1634 1718 1705 κακουργίαν,
1743 1633 1984 1704 ἐξαλειφ-

409 1726 596 1794 θείσης
627 1727 694 1778 ἐκ
717 1724 810 1778 τοῦ
842 1724 1046 1795 χαλκοῦ
1080 1727 1179 1796 τῆς
1214 1725 1392 1795 βαφῆς
1413 1743 1426 1757 ·
1464 1724 1582 1779 εἶτα
1615 1725 1888 1797 μετελθεῖν
1922 1727 1981 1779 ἐν

406 1816 534 1888 δίκῃ
555 1816 649 1868 τὸν
683 1815 942 1884 κλέπτην,
986 1816 1335 1887 στρατιωτῶν
1361 1832 1522 1870 τινων
1574 1816 1717 1871 κατὰ
1756 1816 1818 1870 τὸ
1850 1830 1981 1885 συγ-

408 1909 568 1976 γενὲς
620 1908 716 1961 καὶ
742 1907 1013 1978 ὁμόφυλον
1032 1907 1464 1979 συγκινηθέντων
1485 1909 1564 1971 εἰς
1587 1908 1976 1978 ἀγανάκτησιν.

409 1998 515 2051 Τὸν
547 1997 611 2050 δὲ
637 1996 880 2051 παθόντα
914 1999 1049 2067 μετὰ
1086 1999 1186 2067 τὴν
1218 1997 1423 2068 τόλμαν
1458 1998 1695 2067 ἐκείνην,
1746 1999 1847 2051 ὅσα
1882 2012 1983 2052 ’πα-

407 2088 521 2141 θεῖν
566 2087 714 2151 είκδς
763 2088 852 2143 τὸν
890 2088 1199 2155 ἀπατεῶνα,
1246 2090 1340 2142 καὶ
1387 2089 1650 2160 κλέπτην,
1690 2090 1838 2160 ὅρκῳ
1879 2090 1981 2160 τῆς

406 2180 605 2250 τέχνης
632 2180 823 2233 ἑαυτὸν
864 2180 1197 2249 ἀποστῆσαν
1227 2179 1414 2250 ῶσπερ
1439 2181 1561 2251 οὐχὶ
1594 2182 1694 2251 τῆς
1721 2180 1981 2253 προαιρέ-

407 2287 547 2332 σεως
566 2313 582 2337 ,
614 2270 746 2323 ἀλλὰ
774 2270 867 2323 τοῦ
908 2269 1337 2341 ἐπιτηδεύματος
1366 2271 1465 2341 τὴν
1498 2272 1795 2342 ἐπιθυμίαν
1829 2272 1979 2344 αὑτῷ

401 2363 506 2433 τῆς
535 2362 745 2432 κλοπῆς
767 2363 1189 2433 ἐμποιήσαντος.
1242 2361 1557 2416 Ἀκόλουθον
1581 2363 1637 2416 δὲ
1666 2363 1801 2434 μετὰ
1823 2362 1982 2417 τοῦτο

405 2455 702 2525 γενόμενον
735 2453 920 2525 ἰατροῦ
944 2471 1084 2517 τινος
1108 2453 1216 2506 τῶν
1244 2454 1670 2525 ἁγυρτευόντων,
1704 2455 1781 2517 t'e;
1811 2454 1877 2509 ἂν
1908 2454 1981 2527 μὴ

404 2545 690 2609 παντελῶς
717 2546 973 2618 ἀπορήσῃ
995 2544 1094 2615 τῆς
1114 2545 1419 2614 ἀναγκαίας
1443 2549 1671 2618 τροφῆς,
1700 2548 1900 2611 οἰκίαις
1923 2564 1981 2600 τε

403 2639 525 2702 ταῖς
557 2635 978 2708 ἀφανεστέραις,
1013 2636 1104 2690 καί
1131 2654 1274 2691 τισιν
1312 2639 1743 2710 ἀπερριμμένοις
1776 2638 1983 2710 ἀνθρώ-

407 2747 531 2793 ποις
563 2730 658 2783 ὲπὶ
687 2728 766 2799 τῷ
805 2729 1151 2800 προσχήματι
1177 2729 1278 2800 τῆς
1317 2729 1566 2799 ἰατρικῆς
1598 2729 1980 2801 ἐπιφέρεσθαι.

411 2818 544 2874 Εἶτα
577 2822 700 2874 κατ’
734 2820 909 2889 ὀλίγον
953 2821 1034 2884 είς
1077 2820 1337 2892 εὐπορίαν
1389 2820 1536 2890 αὕτῷ
1592 2821 1693 2892 τῆς
1742 2821 1984 2884 ἐπινοίας

407 2912 692 2984 ἐλθούσης,
732 2912 1016 2983 Ἀρμενίου
1043 2912 1187 2977 τινὸς
1213 2911 1618 2984 εὐεξαπατήτου
1648 2913 1737 2968 διὰ
1766 2913 1828 2968 τὸ
1853 2913 1985 2985 βάρ-

2012 1692 2054 1747 Β

2083 446 2283 514 quique
2307 450 2564 498 stannum
2597 443 2796 501 ictibus
2828 444 3125 509 molliebat,
3155 452 3209 499 et
3245 445 3528 514 plumbeas
3573 445 3653 500 le-

2083 536 2267 590 betum
2297 535 2457 591 bases
2487 534 2770 598 fundebat,
2802 549 3025 590 causam
3061 550 3190 591 vero
3212 536 3336 591 vitae
3376 538 3654 592 mutandae

2085 626 2256 683 fuisse
2291 627 2370 681 illi
2406 626 2770 682 calamitatem
2798 627 3086 696 quamdam
3113 642 3181 682 ex
3213 627 3430 697 opiﬁcio
3453 639 3651 684 ortam.

2083 719 2324 791 Accepto
2367 720 2513 775 enim
2555 720 2626 775 ab
2671 732 2841 773 uxore
2879 718 3068 775 militis
3094 719 3385 788 cujusdam
3422 722 3507 774 vel
3538 736 3654 775 ma-

2083 830 2276 882 nuum,
2311 815 2392 871 vel
2415 815 2543 869 colli
2580 796 2939 879 ornamento,
2974 823 3038 867 ut
3082 813 3216 868 illud
3260 814 3371 869 ictu
3414 815 3650 884 quodam

2086 906 2316 961 fractum
2368 913 2689 976 repararet,
2741 906 3172 966 circumvenisse
3226 907 3544 970 mulierem,
3598 914 3653 961 et

2084 1013 2311 1052 aureum
2344 998 2565 1067 quidem
2598 999 2800 1053 monile
2838 998 3195 1068 surripuisse,
3229 1013 3430 1054 aereum
3469 1007 3651 1055 autem

2084 1088 2410 1152 reddidisse,
2440 1104 2593 1159 mque
2614 1105 2867 1160 magnum
2892 1104 2956 1144 ac
2977 1102 3202 1145 aureum
3227 1129 3241 1153 ,
3278 1091 3546 1161 planeque
3576 1091 3654 1147 si-

2082 1182 2213 1235 mile
2241 1182 2297 1235 in
2335 1182 2662 1252 superficie,
2703 1182 2776 1236 ob
2818 1181 3117 1237 tincturam
3157 1191 3476 1248 externam,
3516 1184 3655 1238 illito

2085 1287 2222 1351 auro
2268 1272 2361 1327 aeri
2397 1291 2412 1326 :
2450 1271 2730 1341 deceptam
2768 1286 2898 1326 vero
2938 1280 3233 1342 apparente
3286 1272 3469 1342 specie
3509 1271 3655 1327 femi-

2084 1378 2211 1418 nam
2250 1363 2481 1435 (peritus
2519 1356 2665 1418 enim
2710 1371 2830 1418 erat
2874 1364 3044 1418 variis
3094 1363 3232 1419 fucis
3258 1371 3325 1419 .et
3370 1362 3655 1420 fraudibus

2084 1455 2293 1510 aerarias
2328 1470 2442 1511 suae
2478 1455 2621 1511 artis
2647 1454 3133 1510 circumscribendi
3177 1471 3306 1520 eos,
3352 1456 3448 1526 qui
3488 1470 3655 1527 opera

2086 1546 2236 1600 illius
2257 1546 2576 1614 utebantur)
2609 1561 2873 1602 successu
2900 1547 3163 1616 temporis
3198 1548 3557 1617 impesturam
3602 1554 3657 1603 et

2087 1635 2413 1691 maleﬁcium
2450 1636 2896 1707 deprehendisse,
2930 1637 3107 1692 deleta
3143 1654 3210 1693 ex
3239 1654 3348 1695 are
3376 1638 3645 1695 tinctura:

2082 1736 2337 1785 ceterum
2364 1728 2620 1799 deinceps
2649 1728 2823 1785 furem
2853 1729 2910 1784 in
2939 1730 3034 1800 jus
3063 1738 3349 1797 vocatum,
3387 1732 3659 1788 militibus

2080 1820 2362 1875 nonnullis
2395 1834 2493 1890 pro
2516 1830 2708 1876 mutuo
2732 1821 2876 1876 inter
2898 1836 2958 1876 se
2987 1837 3090 1876 usu
3120 1830 3175 1877 et
3205 1837 3391 1877 amere
3419 1824 3658 1893 indigni-

2083 1918 2249 1967 tatem
2284 1911 2545 1967 facinoris
2569 1928 2713 1983 azgre
2743 1913 3068 1969 ferentibus.
3108 1913 3266 1970 Hunc
3302 1922 3485 1969 autem
3530 1931 3657 1985 per-

2082 2016 2303 2071 pessum
2339 2017 2401 2057 ea
2436 2018 2559 2072 quae
2598 2003 2951 2073 impostorem
2989 2016 3042 2058 et
3093 2005 3265 2060 furem
3311 2007 3518 2077 perpeti
3563 2021 3656 2062 ne-

2082 2104 2238 2146 cesse
2272 2100 2376 2154 est,
2403 2091 2764 2161 jurejurando
2791 2091 3025 2147 artificio
3058 2106 3162 2147 suo
3191 2108 3313 2148 sese
3344 2095 3653 2151 abdicasse.

2081 2179 2250 2247 Quasi
2284 2196 2393 2235 non
2439 2182 2687 2236 voluntas
2716 2189 2771 2237 et
2804 2184 3146 2252 prepositum
3171 2221 3188 2247 ,
3237 2184 3330 2237 sed
3377 2185 3653 2252 opificium

2081 2272 2133 2326 ei
2165 2271 2297 2326 furti
2327 2273 2679 2343 cupiditatem
2701 2274 2967 2342 injecerit.
2993 2272 3460 2330 Posthmcfactum
3490 2274 3659 2331 fuisse

2074 2360 2345 2439 ~famulum
2383 2363 2583 2418 medici
2614 2363 2899 2433 cujusdam
2941 2363 3396 2429 circumforanei,
3436 2382 3506 2421 ne
3539 2382 3657 2420 om-

2083 2454 2216 2508 nino
2236 2456 2402 2510 rebus
2427 2456 2493 2509 ad
2520 2456 2723 2509 victum
2767 2455 3095 2511 necessariis
3137 2456 3565 2525 destitueretur;
3601 2466 3655 2511 et

2084 2543 2367 2601 medicinae
2392 2552 2656 2616 praetextu
2696 2546 3035 2615 abjectorum
3065 2553 3121 2603 et
3152 2546 3503 2603 sordidorum
3555 2549 3652 2604 ho—

2085 2635 2293 2689 minum
2333 2650 2492 2691 casas
2524 2643 2579 2690 et
2606 2636 2832 2692 latibula
2865 2636 3091 2693 ebiisse.
3143 2634 3340 2694 Postea
3388 2640 3655 2710 paulatim

2084 2726 2280 2795 opibus
2298 2735 2537 2788 auctum,
2566 2733 2620 2780 et
2647 2725 2907 2782 Armenio
2925 2726 3183 2797 quodam,
3202 2742 3364 2797 quem
3393 2736 3657 2798 tanquam

2084 2816 2376 2871 barbarum
2407 2816 2462 2870 in
2494 2816 2740 2871 fraudem
2772 2817 2983 2872 illicere
3014 2817 3152 2872 nihil
3179 2826 3299 2873 erat
3327 2820 3552 2889 negotii,
3595 2826 3656 2874 ut

2084 2908 2189 2962 sibi
2213 2908 2361 2963 velut
2389 2908 2606 2963 medico
2639 2922 2803 2965 aures
2838 2908 3015 2975 daret,
3043 2923 3331 2978 persuaso,
3359 2910 3658 2981 multisque

406 3004 594 3077 ὕαρον,
623 3003 699 3067 ὡς
736 3004 906 3075 ἰατρῷ
937 3004 1222 3076 προσέχειν
1254 3004 1695 3070 ἀναπεισθέντος,
1720 3006 1822 3093 καὶ
1854 3022 1981 3077 συχ-

2087 3000 2275 3057 abillo
2309 3001 2428 3055 auri
2456 3000 2796 3069 ponderibus
2830 3000 3103 3072 acceptis,
3139 3001 3422 3071 indignum
3468 3003 3661 3058 existi-

406 3098 493 3152 νὺν
523 3096 674 3169 αὐτῷ
703 3096 1168 3169 ὑποχορηγοῦντος
1194 3096 1478 3168 ἀργύριον,
1511 3097 1705 3170 μικρὸν
1720 3086 1980 3167 ῖήγεϊσθαι

404 3189 503 3261 ήδη
538 3188 600 3242 τὸ
638 3186 887 3259 θητεύειν
930 3188 1136 3259 ἑτέροις
1180 3190 1272 3243 ἐπὶ
1309 3191 1377 3261 τῇ
1427 3189 1618 3260 τέχνῃ,
1657 3188 1773 3242 ἀλλ’
1818 3189 1982 3243 αὐτὸν

403 3279 591 3348 ἀξιοῦν
625 3280 807 3351 ἰατρὸν
844 3274 981 3334 εἶναι
1016 3281 1109 3333 καί⁵
1135 3281 1511 3352 ὀνομάζεσθαι.
1562 3280 1841 3335 Ἐντεῦθεν
1873 3282 1983 3334 τοί-

415 3390 500 3425 rev
543 3372 814 3440 συλλόγων
843 3389 904 3425 τε
952 3374 1196 3443 μετεῖχεν
1232 3372 1506 3442 ἰατρικῶν,
1557 3373 1650 3425 καὶ
1688 3374 1801 3435 τοῖς
1846 3372 1982 3443 πρὸς

405 3463 522 3535 ἔριν
544 3462 910 3534 λογομαχοῦσι
947 3463 1421 3534 καταμιγνύμενος
1445 3506 1458 3529 ,
1486 3461 1595 3516 τῶν
1625 3460 1872 3531 βοώντων
1903 3457 1982 3525 εἷς

404 3546 493 3622 ἦν.
528 3551 639 3607 Καὶ
670 3552 727 3604 έν
747 3553 813 3622 τῇ
848 3550 943 3604 τοῦ
980 3551 1139 3621 λόγου
1173 3553 1310 3622 ῥοπῇ
1349 3551 1410 3604 τὸ
1440 3550 1562 3604 καθ’
1590 3550 1781 3604 ἑαυτὸν
1814 3566 1983 3621 προσ-

403 3641 592 3705 τιθεζ,
638 3642 699 3694 οὐ
730 3640 941 3712 μικρῶς
970 3642 1329 3707 ἐσπουδάζετο
1367 3642 1517 3712 παρὰ
1547 3640 1655 3694 τῶν
1680 3641 1742 3693 τὸ
1770 3640 1983 3703 ἀναιδὲς

406 3735 506 3803 τῆς
550 3733 738 3804 φωνῆς
768 3734 906 3806 πρὸς
940 3734 1039 3798 τὰς
1078 3733 1286 3789 ἑαυτῶν
1327 3733 1658 3804 φιλονεικίας
1688 3732 1983 3803 ὲκμισθου-

410 3825 607 3896 μένω).

478 3914 879 3986 Λιπαρωτέρας
906 3912 962 3965 δὲ
995 3912 1082 3966 διὰ
1115 3913 1317 3966 τούτων
1362 3911 1803 3984 προσγενομένης
1835 3912 1985 3983 αὐτῷ

409 4003 511 4073 τῆς
547 4002 759 4074 μάζης,
808 4003 910 4056 οὐκ
948 4001 1226 4073 ἐπιμένειν
1254 4001 1393 4073 (pero
1421 4001 1532 4055 δεῖν
1555 4002 1665 4055 οὐδ’
1707 4003 1766 4056 ὲν
1810 4003 1984 4075 τούτῳ

401 4094 485 4164 τῷ
519 4092 653 4164 βίῳ,
684 4092 821 4145 ἀλλὰ
863 4091 962 4163 τήν
996 4092 1241 4162 ἰατρικὴν
1281 4092 1495 4163 ἐκείνην
1528 4091 1666 4163 μετὰ
1706 4092 1806 4164 τῆς
1851 4095 1979 4164 χαλ-

403 4187 669 4253 κευτικῆς
714 4183 836 4238 κατ’
881 4183 1061 4253 ὀλίγον
1108 4184 1467 4238 ὑπαπεδύετο.
1517 4185 1724 4258 Ἀρείου
1781 4185 1837 4239 δὲ
1888 4184 1982 4238 τοῦ

403 4276 686 4346 θεομάχου
708 4277 781 4328 τὰ
820 4275 1035 4345 πονηρὰ
1062 4274 1237 4330 ταῦτα
1282 4275 1568 4347 σπέρματα
1594 4276 1703 4330 τῶν
1732 4276 1984 4340 ζιζανίων

2084 3107 2296 3155 messe,
2338 3098 2397 3145 ut
2436 3092 2490 3145 in
2527 3098 2807 3159 posterum
2840 3092 2964 3146 aliis
3002 3091 3053 3144 iu
3095 3099 3213 3145 arte
3244 3093 3452 3147 medica
3483 3095 3659 3149 servi-

2085 3192 2200 3248 ret;
2244 3180 2341 3236 sed
2388 3180 2631 3251 seipsum
2682 3196 2780 3252 pro
2833 3182 3048 3235 medice
3089 3182 3280 3236 haberi
3321 3191 3376 3236 et
3411 3183 3516 3238 dici
3561 3200 3660 3238 vo-

2085 3271 2271 3326 luisse.
2309 3270 2384 3325 Ex
2413 3272 2507 3326 illo
2532 3267 2707 3342 igitur
2739 3278 2985 3341 tempore
3012 3279 3378 3326 conventuum
3415 3275 3658 3341 medico-

2085 3376 2206 3416 rum
2240 3350 2559 3433 participem
2602 3360 2806 3417 factum
2829 3401 2843 3425 ,
2877 3362 3242 3418 immiscuisse
3273 3378 3332 3419 se
3374 3364 3483 3419 illis
3504 3407 3518 3427 .
3563 3366 3661 3436 qui

2087 3456 2325 3526 linguam
2368 3454 2435 3510 ad
2475 3456 2625 3511 rixas
2662 3462 2962 3518 exercent,
3000 3469 3280 3523 unumque
3318 3470 3383 3509 ex
3428 3471 3663 3512 numero

2084 3547 2398 3603 rabularum
2429 3545 2623 3609 fuisse,
2654 3553 2730 3610 et,
2767 3545 2890 3601 cum
2920 3545 2974 3599 in
3005 3544 3204 3616 linguai
3226 3545 3565 3601 volubilitate
3605 3556 3660 3602 et

2084 3638 2295 3693 viribus
2336 3636 2625 3691 facultates
2658 3651 2788 3691 suas
2823 3636 2960 3692 sitas
2998 3636 3359 3702 existimaret,
3403 3652 3513 3692 non
3559 3653 3659 3709 pa-

2086 3743 2206 3784 rum
2250 3728 2576 3782 honoratum
2603 3742 2725 3783 esse
2754 3728 2823 3783 ab
2843 3727 2971 3790 illis,
2999 3728 3093 3798 qui
3124 3729 3515 3798 impudentiam
3545 3732 3665 3787 eris

2087 3819 2153 3874 ad
2181 3818 2435 3889 proprias
2463 3819 2845 3874 contentiones
2874 3818 3209 3873 conducunt.

2158 3912 2331 3966 Porro
2361 3924 2485 3965 cum
2523 3924 2589 3965 ex
2624 3910 2729 3967 hoc
2761 3911 2885 3965 vitae
2915 3923 3110 3979 genere
3138 3910 3392 3983 pinguior
3422 3912 3473 3968 ei
3496 3913 3663 3969 obre-

2084 4003 2258 4059 nisset
2286 4001 2525 4067 fortuna,
2571 4016 2680 4056 non
2722 4003 2931 4073 putavit
2970 3988 3181 4057 diutius
3226 4003 3281 4057 in
3313 4018 3383 4058 eo
3409 4018 3663 4072 perseve-

2085 4094 2343 4159 randum,
2381 4093 2475 4149 sed
2505 4100 2676 4149 artem
2716 4093 2865 4147 illam
2899 4093 3167 4148 medicam
3204 4108 3328 4147 cum
3356 4093 3531 4147 fabrili
3563 4109 3661 4148 seu

2085 4188 2278 4243 aeraria
2312 4187 2573 4257 paulatim
2603 4186 2867 4242 deseruit.
2896 4186 3029 4238 Arie
3075 4191 3256 4239 autem
3303 4184 3524 4240 inimico
3567 4183 3662 4241 Dei

2087 4277 2393 4349 perniciosa
2440 4276 2532 4329 illa
2571 4275 2905 4330 zizaniorum
2954 4273 3164 4328 semina
3212 4281 3427 4329 serente
3455 4275 3476 4305 °
3505 4275 3661 4346 (quo-

403 4367 832 4439 ὲνσπείραντος·
864 4361 938 4420 ὧν
981 4368 1010 4421 ὁ
1055 4366 1265 4437 καρπός
1302 4369 1419 4422 ἐστι
1446 4369 1552 4423 τῶν
1590 4368 1882 4439 Ἀνομοίων
1913 4366 1983 4421 τὰ

2088 4386 2206 4425 rum
2243 4369 2456 4425 fructus
2474 4376 2559 4424 est
2587 4367 2835 4422 doctrina
2869 4364 3524 4435 Anomeeorum),schol:e
3552 4378 3664 4421 me-

401 4461 680 4531 δόγματαο
711 4460 767 4512 αί
786 4458 896 4513 τῶν
912 4459 1161 4530 ίατρείων
1188 4459 1372 4529 σχολαὶ
1401 4459 1701 4530 τηνικαῦτα
1723 4464 1833 4523 τοῖς
1855 4459 1984 4530 περὶ

402 4556 504 4608 τοῦ
549 4554 862 4625 ζητήματος
909 4552 1119 4606 ἐκείνου
1150 4552 1398 4624 θορύϐοις
1432 4551 1806 4625 περιηχοῦντο.
1854 4552 1984 4622 Ἐμ-

409 4647 721 4717 μελετήσας
769 4644 949 4701 τοίνυν
1004 4646 1071 4715 τῇ
1119 4644 1340 4716 τοιαύτῃ
1390 4645 1672 4716 διατριϐῇ,
1723 4644 1816 4697 καί
1864 4662 1987 4699 τινα

408 4742 788 4813 συλλογισμῶν
828 4740 1014 4810 ἔφοδον
1046 4739 1103 4805 ὲξ
1143 4739 1585 4811 Ἀριστοτελικῶν
1610 4738 1986 4809 ἀπηχημάτων

410 4832 845 4904 παρατηρήσας.
876 4827 1173 4898 ὀνομαστὸς
1214 4824 1282 4899 ἦν
1305 4828 1396 4881 τὸν
1439 4827 1650 4899 πατέρα
1698 4828 1798 4899 τῆς
1830 4829 1984 4901 αἰρέ-

408 4939 551 4988 σεως
590 4926 799 4996 Ἀρεῖον
830 4924 897 4993 τῇ
940 4921 1217 4993 καινότητι
1247 4921 1356 4975 τῶν
1385 4921 1787 4992 ἐφευρεθέντων
1816 4922 1987 4992 ὑπερ-

407 5015 768 5087 ϐαλλόμενος,
817 5014 1018 5086 μᾶλλον
1061 5012 1115 5066 δὲ
1153 5014 1262 5067 τῶν
1308 5015 1436 5085 παρ’
1465 5015 1688 5069 ,ἐκείνου
1720 5012 1989 5067 τεθέντων

405 5109 510 5180 τήν
571 5106 898 5163 ἀκολουθίαν
960 5106 1301 5176 κατανοήσας
1359 5104 1607 5175 ἀγχίνοος
1670 5122 1753 5169 τις
1811 5104 1988 5171 ἔδοξεν

406 5198 547 5258 εἶναι
578 5203 670 5255 καὶ
703 5200 815 5255 τῶν
862 5197 1110 5272 κρυφίων
1143 5197 1451 5268 εὑρετικόςο
1499 5197 1558 5250 τὸ
1590 5198 1805 5251 κτιστδν
1827 5237 1841 5260 ,
1893 5197 1987 5250 καὶ

407 5296 467 5349 τδ
494 5294 553 5362 ἐξ
591 5295 693 5349 οὐκ
730 5294 927 5355 ὅντων,
958 5291 1210 5360 ἀνόμοιον
1232 5285 1370 5343 εἶναι
1397 5287 1475 5361 τῷ
1497 5290 1760 5354 κτίσαντι,
1793 5290 1885 5342 καὶ
1908 5288 1985 5360 τῷ

406 5386 784 5460 πιραγαγόντι
823 5386 892 5437 ὲκ
916 5380 1014 5435 τοῦ
1038 5382 1110 5452 μὴ
1136 5380 1287 5445 ὄντος
1313 5380 1750 5451 ἀποφηνάμενος.

458 5662 703 5735 'Mattb.
734 5684 865 5735 xm,
903 5665 978 5720 ει
1018 5680 1132 5735 sqq-

2088 4462 2334 4519 dicorum
2356 4459 2687 4516 clamoribus
2715 4458 2784 4512 de
2811 4456 2915 4512 hac
2938 4456 3243 4526 quastione
3273 4459 3662 4526 personabant.

2088 4555 2257 4625 Igitur
2295 4567 2418 4607 cum
2461 4549 2649 4604 Aetius
2697 4550 2751 4602 in
2782 4548 2885 4602 hac
2932 4546 3182 4617 palaestra
3216 4548 3506 4619 diligenter
3541 4564 3664 4607 sese

2088 4645 2445 4706 exercuisset,
2500 4650 2554 4698 et
2596 4640 3037 4712 syllogismorum
3085 4640 3249 4694 etiam
3299 4641 3664 4710 quorumdam

2089 4753 2155 4792 ex
2186 4734 2552 4791 Aristotelicis
2583 4732 2952 4787 monumentis
2990 4731 3300 4802 congeriem
3328 4732 3660 4804 collegisset,

2089 4832 2276 4886 clarus
2319 4836 2373 4882 et
2429 4824 2664 4881 celebris
2720 4832 2860 4887 erat,
2917 4828 3175 4893 superato
3222 4824 3385 4880 etiam
3439 4834 3666 4894 parente

2091 4922 2255 4989 hujus
2282 4919 2553 4974 haereseos
2589 4917 2741 4981 Ario,
2772 4914 2918 4982 quod
2958 4914 3023 4968 ad
3061 4913 3406 4970 inventorum
3447 4915 3669 4987 dogma-

2091 5022 2204 5064 tum
2251 5011 2548 5065 novitatem
2588 5008 2816 5075 attinet;
2853 5013 2909 5061 et
2946 5021 3069 5061 cum
3122 5009 3293 5078 magis
3337 5008 3661 5078 intelligeret

2090 5101 2340 5156 ordinem
2378 5106 2433 5154 et
2475 5097 2873 5153 connexionem
2913 5112 3123 5163 eorum,
3165 5112 3286 5168 qua:
3331 5099 3494 5152 Arius
3519 5111 3666 5151 com-

2095 5200 2309 5248 mentus
2331 5189 2528 5256 fuerat,
2569 5203 2735 5260 sagax
2767 5196 2822 5243 et
2849 5189 3023 5244 selers
3054 5189 3370 5252 habebatur,
3400 5193 3453 5239 et
3481 5186 3547 5239 ad
3572 5200 3665 5243 res

2094 5285 2377 5340 abstrusas
2405 5284 2741 5354 indagandas
2770 5296 3033 5352 perquam
3065 5279 3313 5340 idoneus,
3341 5276 3660 5344 ostendens,

2094 5377 2148 5431 id
2180 5377 2322 5446 quod
2350 5386 2592 5433 creatum
2618 5383 2781 5440 esset,
2829 5381 2885 5429 et
2908 5388 2976 5429 ex
3026 5386 3135 5425 non
3158 5375 3282 5424 ente
3318 5382 3415 5423 seu
3464 5368 3662 5434 nihilo,

2098 5467 2363 5525 dissimile
2389 5484 2511 5525 esse
2537 5466 2802 5525 Creatori.
2838 5471 2893 5521 et
2934 5463 3005 5529 ei,
3047 5458 3290 5531 quodex
3335 5459 3506 5518 nihilo
3528 5461 3665 5520 edn-
3776 5536 3777 5539 η

2100 5557 2201 5610 xit.
