4046 6156
391 261 500 315 3’63

466 372 533 427 Ut
565 384 693 440 ergo
734 369 1046 438 hujusmodi
1086 367 1427 424 sermonibus
1474 381 1653 421 rerum
1694 382 1958 421 novarum
1988 387 2035 439 Α

390 463 617 534 cupidas
661 476 820 515 aures
860 460 1121 525 titillavit,
1157 458 1375 524 accidit,
1406 466 1464 511 ut
1498 458 1639 510 hanc
1664 459 1962 512 novitatem

389 556 553 606 etiam
593 558 948 621 cognosceret
996 549 1333 619 TheOpbilus
1364 550 1640 619 Blemmys
1678 549 1778 617 (a),
1806 548 1965 617 cujus

390 642 573 698 studio
600 657 722 695 cum
758 639 913 694 Gallo
965 640 1247 695 familiaris
1293 646 1459 701 esset,
1504 638 1684 693 aditus
1726 638 1967 706 patefac-

391 743 478 787 tus
498 741 581 786 est
610 732 765 784 Aetio
787 730 852 783 ad
882 730 1165 798 palatium.
1200 729 1266 782 At
1285 744 1410 782 cum
1434 726 1622 783 Gallus
1649 728 1967 797 praefectum

395 823 753 878 Domitianum
778 832 829 875 et
848 819 1107 873 Montium
1134 819 1205 889 (b)
1225 821 1486 874 scelerate
1511 819 1781 872 trucidare
1804 832 1967 872 ausus

393 915 609 978 fuisset,
645 928 857 975 omnes,
892 910 985 980 qui
1027 910 1333 964 detestandi
1362 911 1509 963 illius
1551 909 1807 964 facinoris
1842 924 1968 977 par-

394 1009 584 1078 ticipes
637 1007 872 1069 fuerant,
930 1007 1224 1075 participes
1271 1008 1435 1061 etiam
1493 1006 1733 1071 fuerunt,
1777 1015 1835 1059 ut
1874 1022 1971 1075 par

392 1107 530 1161 erat,
567 1099 822 1153 interitus
863 1098 1045 1151 illius:
1077 1098 1229 1151 solus
1260 1098 1363 1151 iste
1401 1096 1587 1166 effugit
1618 1096 1967 1165 supplicium,

393 1190 587 1259 dignus
611 1189 912 1259 judicatus,
941 1188 1035 1257 qui
1074 1188 1210 1241 nihil
1248 1186 1463 1241 adversi
1514 1194 1811 1255 pateretur,
1845 1200 1968 1239 cum
2004 1250 2011 1256 ,

395 1281 514 1334 aliis
545 1279 791 1349 ejusdem
833 1279 1055 1334 sceleris
1103 1278 1475 1333 consortibus.
1522 1278 1733 1331 Interea
1776 1290 1972 1345 magno

394 1369 695 1423 Athanasio
732 1385 798 1423 ex
824 1368 1316 1422 Alexandrinorum
1347 1366 1590 1420 Ecclesia
1626 1364 1972 1435 imperatoris

396 1457 682 1528 tyrannide
712 1457 908 1527 eiecto,
940 1454 1169 1526 Georgio
1208 1463 1389 1511 autem
1426 1454 1975 1524 Tarbasthenite.po-

396 1549 582 1617 pulum
638 1550 790 1602 illum
846 1549 1185 1602 convellente
1244 1555 1297 1601 et
1355 1547 1703 1617 exagitante,
1776 1546 1971 1601 iterum

396 1640 800 1695 Alexandrinus
828 1641 885 1694 fit
917 1641 1131 1704 Aetius,
1164 1639 1377 1693 nemine
1400 1637 1632 1693 inferior
1656 1654 1720 1692 ex
1752 1637 1859 1691 illis
1881 1637 1974 1706 qui

1624 255 1680 309 S.
1723 251 2052 308 GREGOPJI
2095 255 2135 307 Ν
2148 255 2388 311 YSSENI

3530 266 3637 323 ΞΜ

2146 372 2362 442 Ἐπειδὴ
2409 370 2585 424 τοίνυν
2631 372 2718 424 διὰ
2762 371 2869 425 τῶν
2901 370 3154 426 τοιούτων
3192 372 3364 440 λόγων
3404 374 3502 437 τὰς
3547 392 3638 443 φι-

2065 459 2342 523 λοκαίνους
2384 461 2492 512 τῶν
2534 459 2707 513 ταῦτα
2745 461 3040 513 νοσούντων
3084 460 3252 523 ἀκοὰς
3281 462 3635 530 έγαργάλιζε,

2067 551 2320 619 γινώσκει
2363 552 2461 623 τὴν
2509 553 2871 619 καινοφωνίαν
2919 552 3118 622 ταύτην
3171 554 3265 605 καὶ
3315 557 3341 606 ὁ
3383 555 3639 626 Βλέμμυς

2068 640 2322 710 Θεόφιλος
2342 682 2355 705 ,
2390 636 2433 708 ᾧ
2466 642 2753 711 συνηθείας
2784 642 2925 705 τινὸς
2976 643 3100 711 περὶ
3151 642 3241 694 τὸν
3275 643 3476 697 Γάλλον
3507 662 3641 713 προ-

2069 733 2436 803 υπαρχούσης,
2463 734 2491 784 ὁ
2523 732 2724 796 Ἀέτιος
2752 735 2831 795 εἰς
2861 732 2929 785 τὰ
2955 733 3197 802 βασίλεια
3219 732 3281 785 δι’
3313 734 3476 788 αὑτοῦ
3501 752 3641 806 παρ-

2069 826 2269 879 εδύετο.
2318 826 2423 878 Τοῦ
2463 826 2518 878 δὲ
2576 825 2703 896 περὶ
2744 826 2834 879 τὸν
2882 825 3123 896 ὕπαρχον
3173 827 3497 895 Δομετιανὸν
3548 830 3644 881 καὶ

2034 918 2298 972 νΜόντιον
2349 918 2512 985 ἄγους
2556 916 2853 987 τηνικαῦτα
2897 915 3254 986 τολμηθέντος
3287 917 3366 986 τῷ
3422 919 3640 988 Γάλλῳ,

2072 1012 2271 1074 πάντες
2303 1010 2352 1063 οἱ
2403 1011 2645 1063 κοινωνοὶ⁴
2683 1010 2776 1063 τοῦ
2810 1009 3115 1079 μιάσματος
3148 1012 3528 1078 συμμετείχον,
3567 1011 3646 1073 ὡς

2073 1101 2238 1165 εἰκὸς,
2276 1101 2374 1169 τῆς
2406 1100 2612 1153 ἐκείνου
2637 1100 3042 1171 καταστροφῆς.
3075 1101 3213 1153 Ἀλλ’
3246 1096 3401 1163 οὗτος
3437 1100 3647 1154 ὲκδύνει

2072 1192 2169 1262 τὴν
2215 1192 2502 1263 τιμωρίαν,
2552 1193 2671 1246 οὐδὲ
2712 1192 2804 1245 τοῦ
2834 1192 3025 1245 παθεῖν
3070 1211 3119 1245 τι
3152 1193 3320 1247 κακὸν
3370 1194 3505 1262 μετὰ
3535 1194 3647 1248 τῶν

2075 1285 2359 1337 συναιτίων
2396 1283 2490 1335 τοῦ
2534 1284 2699 1351 ἄγους
2744 1282 2890 1348 ἄξιος
2928 1279 3065 1335 εἶναι
3098 1281 3327 1355 κριθείς.
3369 1282 3492 1335 Ἐπὶ
3517 1283 3637 1336 τού-

2073 1394 2187 1439 τοις
2216 1376 2310 1429 τοῦ
2344 1376 2578 1446 μεγάλου
2617 1374 2930 1429 Ἀθανασίου
2957 1374 3204 1444 βασιλικῇ
3234 1373 3520 1446 δυναστείᾳ
3548 1377 3647 1447 τῆς

2088 1466 2481 1537 Ἀλεξανδρέων
2519 1465 2841 1536 Ἐκκλησίας
2866 1462 3268 1535 μετατεθέντοςο
3301 1465 3649 1534 Γεωργίουδὲ

2073 1560 2166 1612 τοῦ
2228 1558 2667 1629 Ταρὸασθηνίτου
2729 1557 2821 1610 τὸν
2862 1558 3067 1609 ἐκεῖνον
3111 1555 3237 1609 λαὸν
3276 1554 3608 1620 διασπῶντος
3630 1595 3646 1619 ,

2076 1645 2238 1698 πάλιν
2291 1645 2670 1715 Ἀλεξανδρεὺς
2702 1648 2731 1697 ὀ
2775 1644 2994 1708 Ἀέτιος,
3028 1644 3240 1708 οὐδενὸς
3269 1644 3485 1698 ἔλαττον
3509 1645 3649 1715 ἔχων

397 1732 468 1786 ob
490 1730 649 1785 offam
677 1732 1118 1800 parasitabantur
1140 1729 1470 1799 Cappadoci.
1502 1730 1624 1782 Non
1646 1728 1789 1782 enim
1809 1727 1973 1782 Geor-

2076 1738 2182 1788 τῶν
2210 1737 2658 1809 ὑποτρεφομένων
2686 1735 2780 1789 κα)⁵
2819 1734 3260 1805 παρασιτούντων
3296 1736 3373 1805 τῷ
3407 1738 3649 1789 Καππα-

400 1824 486 1892 gio
548 1823 817 1878 assentari
871 1821 1170 1883 nesciebat,
1232 1820 1431 1889 quippe
1490 1818 1856 1881 Chananiazo,
1915 1818 1971 1872 in

396 1929 577 1982 quem,
614 1913 760 1967 velut
790 1912 977 1967 eodem
1015 1925 1212 1981 genere
1245 1920 1299 1965 et
1324 1911 1471 1965 tribu
1508 1918 1857 1979 prognatum,
1879 1910 1974 1963 ad-

398 2006 615 2059 modum
653 2004 915 2059 benevolo
963 2012 1080 2058 erat
1122 2003 1345 2067 animo;
1402 2002 1491 2057 ille
1542 2002 1784 2057 vicissim
1830 2002 1973 2056 Aetii

395 2096 770 2150 oblectabatur
816 2094 1252 2157 consuetudine,
1320 2092 1648 2162 jampridem
1705 2092 1974 2160 dogmatis

398 2186 543 2239 illius
589 2183 944 2253 perversitate
988 2190 1204 2253 captus,
1258 2189 1313 2236 et
1362 2182 1521 2235 Aetio
1570 2180 1720 2235 velut
1762 2181 1974 2236 lucrum

406 2274 680 2344 quoddam
722 2276 1053 2343 insperatum
1086 2272 1415 2342 propositus.

465 2363 596 2429 Qua:
619 2364 839 2418 minime
856 2362 1133 2432 fugiebant
1150 2364 1443 2432 genuinum
1462 2364 1633 2433 ipsius
1649 2364 1975 2434 discipulum

396 2450 724 2504 Eunomium
756 2450 940 2513 istum,
969 2450 1202 2519 quicum
1222 2450 1395 2519 patris
1418 2453 1524 2515 sui,
1545 2459 1739 2506 caetera
1764 2453 1974 2521 optimi,

395 2546 621 2608 excepto
655 2538 758 2592 hoc
788 2554 919 2603 uno,
945 2539 1089 2609 quod
1123 2540 1285 2594 talem
1329 2544 1517 2609 genuit
1548 2543 1740 2610 lilium,
1763 2544 1977 2601 vivendi

396 2632 663 2685 rationem
688 2631 973 2684 honestam
996 2632 1213 2699 quidem
1235 2639 1287 2685 et
1304 2632 1512 2701 legibus
1531 2644 1975 2694 consentaneam,

398 2721 493 2775 sed
534 2729 713 2774 tamen
756 2720 1027 2775 dilIicilent
1067 2720 1135 2774 ob
1162 2731 1478 2791 egestatem,
1511 2732 1566 2779 et
1598 2725 1824 2779 inﬁnitis
1865 2727 1978 2795 ple-

396 2825 519 2864 nam
569 2809 834 2864 molestiis
879 2808 1087 2863 videret
1132 2810 1271 2880 (erat
1312 2812 1455 2865 enim
1488 2813 1744 2881 agricola,
1797 2823 1979 2869 aratro

404 2909 672 2966 assuetus,
706 2909 761 2956 et
798 2903 1022 2956 rusculo
1062 2918 1163 2958 suo
1195 2904 1423 2957 colendo
1473 2904 1644 2958 multo
1677 2906 1859 2960 labore
1898 2906 1981 2960 in-

394 3000 578 3047 tentus
620 3008 632 3042 :
688 2993 863 3047 hieme
915 3008 1043 3049 vero
1084 3010 1211 3048 cum
1255 2994 1323 3048 ab
1369 2994 1703 3065 agricultura
1767 2999 1981 3051 vacatio

2072 1830 2204 1900 δόκῃ
2221 1845 2233 1857 ·
2259 1830 2378 1882 οὐδὲ
2404 1829 2512 1900 γὰρ
2533 1830 2632 1899 τῆς
2648 1828 2937 1889 κολακείας
2958 1826 3246 1898 ἀμελήτως
3270 1824 3379 1898 εἶχε
3396 1846 3408 1858 ·
3436 1830 3649 1901 χαίρειν

2073 1922 2129 1974 δὲ
2175 1921 2349 1991 τούτῳ
2402 1921 2567 1975 πάλαι
2606 1924 2674 1991 τῇ
2735 1922 3028 1991 διαστροφῇ
3080 1920 3511 1990 κατειλημμένος
3552 1919 3650 1972 τοῦ

2072 2013 2356 2083 δόγματος,
2385 2014 2478 2066 καὶ
2506 2012 2715 2084 εὕρεμα
2742 2008 2878 2067 εἶναι
2912 2014 2991 2083 τῷ
3034 2014 3222 2083 Ἀετίῳ
3249 2014 3371 2064 κατ’
3398 2012 3650 2076 ἐξουσίαν

2076 2105 2449 2176 προκείμενος.

2149 2256 2223 2307 Οὐ
2280 2255 2457 2307 τοίνυν
2517 2253 2765 2307 λανθάνει
2826 2252 2995 2306 ταῦτα
3057 2252 3145 2304 τὸν
3207 2254 3425 2320 γνήσιον
3485 2253 3652 2306 αὑτοῦ

2077 2345 2319 2417 ζηλωτὴν
2349 2346 2609 2416 Εὐνόμιον
2632 2345 2847 2407 τοῦτον,
2884 2345 2942 2408 ὃς
2970 2344 3063 2397 τοῦ
3091 2346 3229 2398 κατὰ
3264 2345 3424 2411 φύσιν
3459 2344 3651 2398 ἑαυτοῦ

2078 2435 2281 2505 πατρὸς
2332 2436 2602 2505 βελτίστου
2646 2435 2712 2487 τὰ
2744 2434 2897 2497 ἄλλα,
2938 2434 3075 2504 πλὴν
3119 2434 3370 2501 γενέσθαι
3408 2433 3651 2487 τοιούτου

2078 2528 2317 2596 πατέρα,
2370 2528 2685 2596 εὐγνώμονα
2741 2524 2837 2596 μὲν
2885 2525 3243 2595 καταμαθὼν,
3298 2527 3393 2579 καὶ
3442 2543 3656 2595 νενομι-

2080 2618 2280 2689 σμένην
2334 2617 2429 2688 τὴν
2473 2617 2565 2670 τοῦ
2624 2618 2735 2687 βίου
2775 2617 3071 2686 διαγωγὴν,
3124 2616 3401 2688 μοχθηρὰν
3457 2617 3512 2668 δὲ
3566 2617 3657 2669 διὰ

2079 2709 2315 2772 πενίαν,
2346 2710 2437 2762 κα)⁴
2476 2709 2681 2779 μυρίων
2725 2710 2998 2779 γέμουσαν
3036 2710 3212 2762 πόνων
3252 2709 3517 2781 (γεωργὸς
3547 2707 3655 2779 γάρ

2078 2820 2160 2865 τις
2215 2799 2283 2873 ἦν
2332 2802 2674 2870 ἐπικεκυφὼς
2718 2802 2796 2873 τῷ
2844 2804 3080 2875 ἀρότρῳ,
3129 2803 3219 2855 καὶ
3270 2801 3435 2853 πολὺν
3497 2800 3656 2853 πόνον

2081 2894 2207 2963 περὶ
2249 2894 2310 2946 τὸ
2356 2894 2525 2964 βραχὺ
2566 2894 2745 2963 γήδιον
2785 2892 2922 2963 ἔχων
2948 2911 2961 2923 ·
3013 2892 3098 2946 διὰ
3135 2894 3191 2946 δὲ
3221 2891 3314 2945 τοῦ
3355 2891 3652 2961 χειμῶνος,

2079 2984 2166 3035 ὅτε
2190 2982 2296 3035 τῶν
2327 2983 2454 3052 περὶ
2495 2982 2588 3053 τὴν
2618 2982 2721 3052 γῆν
2766 2982 3027 3052 καμάτων
3072 2976 3183 3051 εἶχε
3221 2980 3317 3051 τὴν
3352 2980 3551 3044 ἄδειαν,
3588 2980 3656 3033 τὰ

396 3085 751 3147 conceditur,
802 3086 977 3156 prima
1024 3088 1291 3143 elementa
1336 3096 1391 3143 et
1438 3088 1676 3157 syllabas
1731 3091 1972 3158 puerulis

2078 3075 2269 3145 πρῶτα
2323 3077 2593 3143 στοιχεῖα,
2645 3076 2739 3127 καὶ
2786 3075 2887 3138 τὰς
2941 3073 3212 3136 συλλαϐὰς
3262 3075 3374 3135 τοῖς
3422 3072 3656 3135 παιδίοις

393 3177 667 3245 eleganter
693 3176 1005 3243 efformans,
1043 3179 1291 3234 mercede
1322 3180 1449 3234 inde
1485 3181 1737 3248 collecta,
1770 3182 1975 3235 victum

394 3268 762 3338 amictumque
789 3270 891 3325 sibi
924 3272 1320 3340 comparabat);
1350 3272 1463 3325 haec
1494 3273 1656 3343 igitur
1685 3280 1738 3326 et
1777 3273 1976 3327 similia

391 3360 447 3414 in
505 3374 729 3429 paterna
791 3362 953 3415 domo
1015 3361 1498 3426 animadvertens,
1568 3363 1739 3416 multa
1801 3364 1977 3417 salute

392 3458 599 3514 aratro,
630 3461 682 3504 et
717 3452 890 3515 stivae,
926 3462 980 3504 et
1024 3452 1278 3505 omnibus
1310 3452 1553 3520 paternis
1600 3454 1977 3508 instrumentis

390 3541 556 3604 dicta,
585 3556 653 3594 ne
687 3548 741 3594 et
766 3542 881 3610 ipse
912 3540 1533 3611 conﬂictariwogeretur
1560 3542 1872 3612 hujusmodi
1905 3544 1977 3596 la-

392 3633 586 3685 borum
614 3630 1054 3698 difficultatibus,
1094 3634 1331 3701 primum
1370 3633 1587 3702 quidem
1621 3642 1853 3689 mentem
1886 3633 1976 3688 ad-

386 3722 507 3791 jicit
540 3722 608 3775 ad
634 3721 955 3789 sapientiam
982 3721 1205 3776 Prunici
1231 3722 1331 3792 (r);
1368 3732 1421 3777 et
1446 3724 1608 3778 celeri
1638 3740 1804 3778 manu
1834 3724 1973 3778 seri-

391 3812 521 3865 bere
549 3811 798 3875 edoctus,
834 3812 1103 3882 principio
1125 3812 1347 3882 quidem
1376 3814 1654 3868 habitabat
1687 3829 1809 3868 cum
1838 3830 1974 3883 quo-

388 3901 516 3955 dam
550 3918 663 3957 suae
716 3904 901 3973 stirpis
951 3913 1004 3959 et
1055 3905 1295 3972 familiw,
1348 3922 1455 3960 non
1500 3907 1603 3960 alia
1650 3906 1966 3966 ministerii,

388 3994 535 4065 quod
587 3996 879 4050 scribendo
932 3996 1239 4061 exhibetur,
1295 3997 1565 4060 mercede,
1613 4012 1774 4065 quam
1820 3996 1967 4051 victu

386 4085 724 4156 quotidiano.
784 4085 988 4141 Deinde
1046 4087 1395 4156 paedagogum
1457 4102 1622 4156 agens
1676 4100 1968 4156 puerorum

386 4178 472 4232 sui
517 4178 745 4244 domini,
783 4180 1045 4248 paulatim
1084 4180 1305 4233 accendi
1337 4179 1502 4247 coepit
1545 4178 1814 4232 desiderio
1842 4178 1967 4232 rhe-

386 4270 569 4324 toricae
604 4285 700 4326 seu
750 4272 1092 4341 eloquentiae.
1137 4270 1201 4323 Et
1237 4270 1325 4323 illa
1370 4270 1589 4338 quidem
1632 4285 1751 4339 qua:
1793 4271 1964 4325 inter-

387 4359 561 4413 medio
604 4370 847 4431 tempore
877 4362 1063 4433 gessit,
1098 4361 1279 4415 sciens
1314 4369 1599 4431 praetereo,
1624 4369 1683 4414 ut
1709 4370 1761 4416 et
1794 4362 1957 4415 vitam

386 4456 437 4507 in
476 4454 647 4522 patria
690 4462 885 4520 actam,
934 4464 987 4510 et
1028 4456 1083 4509 in
1112 4456 1316 4525 quibus
1345 4455 1821 4524 Constantinopoli
1859 4454 1952 4509 de-

2077 3168 2472 3238 ὑποχαράσσων
2504 3167 2829 3237 εὐμηχάνως
2857 3166 2948 3219 διὰ
2973 3165 3078 3218 τῶν
3118 3165 3485 3235 μισθωμάτων
3512 3163 3658 3216 ὲκεί-

2075 3277 2179 3313 νων
2204 3260 2272 3312 τὰ
2298 3260 2433 3329 πρὸς
2463 3260 2552 3312 τὸν
2582 3260 2692 3328 βίον
2720 3257 3289 3331 ὲπεσιτίξετο)·ταύτα
3319 3257 3494 3310 τοίνυν
3526 3257 3655 3327 περὶ

2074 3348 2165 3401 τὸν
2197 3349 2387 3401 ἑαυτοῦ
2416 3350 2626 3419 πατέρα
2663 3350 2898 3419 βλέπων,
2940 3348 3214 3419 ἐρρῶσθαι
3243 3348 3454 3418 φράσας
3487 3346 3563 3417 τῷ
3593 3364 3657 3400 τε

2076 3441 2312 3510 ἀρότρῳ,
2358 3441 2451 3493 καὶ
2500 3444 2565 3510 τῇ
2620 3441 2840 3512 σμινύῃ,
2890 3442 2983 3493 καὶ
3028 3442 3161 3493 πᾶσι
3197 3443 3305 3503 τοῖς
3364 3444 3655 3510 πατρικοῖς

2084 3532 2415 3602 ἐργαλείοις,
2456 3533 2529 3595 ὡς
2581 3533 2644 3585 ἂν
2679 3533 2753 3603 μὴ
2801 3533 2893 3585 καὶ
2940 3533 3099 3595 αὐτὸς
3146 3533 3655 3604 προσταλαιπωροίη

2081 3628 2191 3686 τοῖς
2224 3624 2428 3694 ὁμοίοις
2470 3624 2577 3678 τῶν
2608 3625 2801 3691 πόνων,
2836 3626 3050 3694 πρῶτον
3096 3627 3191 3695 μὲν
3223 3626 3318 3695 τῆς
3352 3627 3654 3696 Προυνίκου

2084 3716 2273 3785 σοφίας
2300 3717 2506 3784 γίνεται
2540 3717 2819 3787 μαθητής’
2855 3719 2946 3771 καὶ
2987 3719 3215 3788 γράφειν
3250 3719 3328 3780 εἰς
3374 3718 3536 3786 τάχος
3567 3719 3656 3770 έκ-

2085 3809 2420 3878 μελετήσας,
2469 3812 2632 3879 συνῆν
2677 3809 2745 3862 τὰ
2800 3810 2991 3881 πρῶτα
3071 3810 3179 3863 τῶν
3218 3811 3281 3861 ὲκ
3319 3809 3412 3861 τοῦ
3462 3810 3656 3877 γένους

2080 3896 2231 3970 οἶμαί
2260 3919 2385 3965 τινι,
2419 3901 2607 3971 μισθὸν
2644 3902 2742 3970 τῆς
2775 3903 2833 3953 έν
2860 3901 2936 3971 τῷ
2966 3902 3194 3972 γράφειν
3227 3902 3525 3972 ὑπηρεσίας
3554 3902 3656 3973 τὴν

2077 3992 2281 4064 τροφὴν
2315 3994 2480 4062 ἔχων·
2508 3988 2626 4045 εἶτα
2650 3992 3011 4060 παιδαγωγῶν
3044 3993 3135 4045 τοῦ
3164 3994 3456 4063 τρέφοντος
3486 3995 3655 4047 αὑτὸν

2073 4085 2140 4138 τὰ
2168 4085 2462 4155 μειράκια,
2513 4087 2629 4139 κατ’
2668 4085 2845 4153 ὀλίγον
2879 4087 2957 4148 είς
3010 4085 3303 4155 ῥητορικῆς
3355 4085 3655 4154 ἐπιθυμίαν

2072 4176 2431 4245 προέρχεται·
2468 4176 2559 4228 καὶ
2590 4174 2658 4228 τὰ
2688 4176 2745 4226 ὲν
2795 4174 2872 4244 τῷ
2936 4175 3084 4245 μέσῳ
3132 4173 3400 4244 παρίημι’
3456 4179 3545 4231 τό]
3593 4191 3653 4227 τε

2068 4267 2161 4320 ἐπὶ
2189 4266 2287 4334 τῆς
2319 4266 2573 4336 πατρίδος
2602 4264 2764 4317 αὑτοῦ
2802 4264 2914 4334 βίον
2942 4314 2957 4337 ,
2984 4269 3078 4322 καὶ
3107 4270 3189 4337 ἐφ’
3221 4264 3301 4331 οἷς
3330 4268 3386 4320 ἐν
3411 4265 3648 4333 1:},va-

2069 4358 2344 4412 σταντίνου
2374 4358 2523 4410 πόλει
2546 4356 2878 4427 κατελήφθη,
2910 4358 3003 4411 καὶ
3044 4358 3183 4428 μετὰ
3207 4357 3387 4411 τίνων.
3415 4354 3566 4408 Μετὰ
3593 4353 3649 4406 δὲ

2059 4452 2230 4505 ταῦτα
2259 4453 2382 4521 περὶ
2412 4451 2651 4521 χλανίδα,
2674 4453 2767 4503 καὶ
2798 4451 2972 4520 ζώνην
3001 4450 3338 4521 ἀσχοληθεὶς,
3362 4452 3439 4512 ὥς
3462 4468 3647 4518 φασιν.

384 4545 684 4615 prehensus
713 4546 803 4608 sit,
841 4555 895 4599 et
940 4561 1065 4599 eum
1098 4549 1315 4615 quibus.
1347 4546 1595 4603 l’osthmc
1638 4548 1849 4601 laenulis
1878 4556 1933 4601 et
1960 4546 2116 4600 zonis
2149 4542 2501 4599 conficiendis
2532 4543 2761 4606 vacavit,
2790 4552 2848 4597 ut
2885 4544 3081 4597 ferunt.

452 4636 520 4687 At
548 4652 670 4688 cum
700 4639 881 4691 omnia
922 4638 1034 4692 brec
1056 4639 1263 4693 vidcrct
1291 4655 1414 4694 esse
1445 4641 1677 4702 minora,
1711 4639 1956 4708 nihilque
1993 4642 2033 4693 D

385 4727 510 4781 inde
537 4728 696 4782 valde
726 4731 1085 4798 expetendum
1109 4733 1213 4785 sibi
1246 4733 1550 4799 provenire,
1579 4732 1769 4786 relicto
1794 4732 1965 4801 priori

383 4818 510 4871 vitae
538 4817 806 4883 instituto,
843 4820 945 4873 soli
978 4835 1044 4875 ex
1087 4822 1342 4875 omnibus
1373 4836 1495 4875 sese
1533 4820 1739 4875 addixit
1784 4821 1959 4875 Aetio.

383 4905 539 4959 Haud
581 4915 782 4960 temere
828 4908 991 4972 hunc,
1025 4917 1083 4962 ut
1129 4909 1383 4970 arbitror,
1418 4917 1673 4979 tanquam
1717 4910 1841 4963 vitae
1868 4908 1965 4961 du-

382 5012 499 5053 cem
533 5005 587 5050 et
617 4999 913 5066 exemplar,
966 4999 1069 5053 sibi
1118 4999 1407 5070 delegerat.
1454 4999 1530 5052 Ex
1569 5017 1676 5070 quo
1714 5003 1857 5054 enim
1907 5001 1960 5053 in

382 5089 675 5145 ineﬂabilis
710 5089 855 5143 illius
900 5091 1178 5158 sapientiae
1206 5094 1642 5147 communionem
1686 5094 1866 5158 venit,
1896 5108 1963 5147 ex

382 5199 447 5238 eo
474 5190 720 5251 tempore
754 5181 936 5235 omnia
966 5182 1040 5234 illi
1066 5182 1184 5237 sine
1223 5193 1343 5237 satu
1370 5191 1423 5237 et
1453 5184 1664 5237 inarata
1701 5198 1963 5252 progene-

381 5282 595 5327 rantur.
649 5271 881 5341 Sapiens
926 5270 1070 5324 enim
1105 5280 1189 5325 est
1222 5271 1276 5324 in
1324 5272 1413 5336 iis,
1460 5272 1531 5325 ad
1564 5287 1683 5341 qua:
1717 5271 1957 5325 animum

455 5386 531 5455 (ιτ)
590 5385 663 5440 De
693 5386 794 5440 hoc
837 5385 1136 5455 Thcophilo
1175 5384 1295 5440 vide
1340 5383 1537 5440 Baron.
1586 5400 1729 5439 anno
1749 5383 1953 5438 Christi

381 5456 512 5525 5H.
554 5472 606 5525 ῃ,
641 5457 697 5508 H
734 5467 785 5525 et
825 5474 940 5525 seq.

450 5524 523 5592 (b)
561 5523 693 5578 Vide
740 5523 1099 5582 Sozontcnum
1140 5526 1174 5579 Ι.
1208 5541 1283 5591 1v,
1323 5540 1442 5592 cap.
1474 5524 1526 5589 6,
1566 5526 1656 5592 qui
1692 5524 1949 5577 Montium

376 5602 537 5648 vocat
567 5609 838 5648 ntatmutn.

448 5664 517 5734 (c)
568 5663 640 5718 De
663 5663 897 5720 Prunico
925 5666 1049 5725 vide
1098 5666 1479 5739 Epiphanium.
1512 5663 1651 5721 Ηωιυ.
1683 5664 1774 5733 21,
1796 5664 1867 5719 25
1890 5673 1944 5718 et

2148 4635 2365 4705 Ἐπειδὴ
2408 4634 2587 4688 πάντα
2634 4636 2843 4705 μικρά,
2884 4635 2978 4687 καὶ
3025 4635 3179 4689 οὐδὲν
3212 4637 3309 4705 τῆς
3354 4635 3650 4706 ἐπιθυμίας

2066 4727 2214 4795 ἄξιον
2245 4731 2307 4782 ἐκ
2333 4729 2433 4797 τῆς
2484 4728 2610 4798 περὶ
2642 4727 2815 4780 ταῦτα
2864 4729 3099 4798 σπουδῆς
3151 4728 3295 4799 ἐώρα
3328 4730 3649 4799 συναγειρόο

2071 4839 2226 4891 μενον
2246 4860 2261 4884 ,
2289 4820 2603 4873 καταλιπὼν
2635 4819 2704 4873 τὰ
2733 4818 2893 4872 λοιπὰ
2934 4819 3026 4872 τοῦ
3059 4820 3173 4889 βίου
3208 4819 3647 4890 ἐπιτηδεύματα,

2071 4914 2228 4983 μόνον
2256 4912 2315 4976 ἐξ
2334 4912 2586 4965 ἁπάντων
2619 4911 2896 4981 ἐθαύμασε
2930 4892 3032 4965 τὸν.
3063 4913 3264 4966 Ἀέτιον
3284 4928 3296 4943 ·
3322 4912 3423 4965 οὐκ
3451 4913 3649 4965 ἀσυνέ-

2066 5021 2194 5064 τως,
2210 4999 2381 5073 οἷμαι,
2405 5004 2537 5073 πρός
2553 5020 2616 5071 γε
2632 5002 2722 5056 τὸν
2740 5003 2931 5056 ἐαυτοῦ
2954 5005 3155 5057 σκοπὸν
3178 5007 3256 5067 εἰς
3271 5004 3514 5058 ἐπίνοιαν
3534 5004 3647 5074 βίου

2071 5088 2228 5141 τοῦτο
2258 5089 2662 5159 ἐπιλεξάμενος.
2707 5091 2821 5159 Ἀφ’
2852 5085 2913 5145 οὗ
2946 5093 3054 5162 γὰρ
3084 5093 3311 5163 μετέσχε
3342 5096 3440 5164 τῆς
3472 5095 3649 5165 ἀπορ-

2074 5181 2234 5251 ρήτου
2284 5180 2482 5250 ταύτης
2530 5182 2751 5249 σοφίας,
2800 5182 2859 5248 ἐξ
2902 5184 3109 5236 ἐκείνου
3168 5184 3347 5237 πάντα
3393 5186 3650 5258 ἄσπαρτα

2068 5270 2214 5341 αὑτῷ
2242 5272 2332 5325 καὶ
2352 5272 2591 5343 ἀνήροτα
2615 5272 2833 5339 φύεται,
2866 5273 3027 5341 σοφὸς
3048 5274 3155 5345 γάρ
3182 5274 3265 5337 τίς
3292 5276 3427 5335 ἐστι.
3457 5281 3585 5347 περὶ
3612 5280 3648 5330 5t

2061 5383 2149 5438 57.
2315 5383 2432 5467 _huc
2467 5399 2573 5467 non
2600 5383 2834 5467 pertinet
2871 5384 3283 5467 "left-unicus,
3314 5387 3407 5467 sed
3439 5386 3543 5467 iste
3581 5388 3647 5442 de

2060 5469 2168 5526 quo
2198 5453 2393 5507 Suidas
2428 5473 2438 5506 :
2467 5453 2764 5523 Προύνικος
2796 5454 3050 5523 δρομαῖος
3079 5456 3292 5526 γοργὸς.
3329 5456 3462 5508 Nam
3507 5457 3647 5507 Pru-

2062 5524 2165 5574 niri
2213 5533 2339 5575 sunt
2369 5539 2648 5585 cursores,
2695 5526 2922 5587 celeres,
2970 5524 3184 5579 veloces
3235 5530 3405 5578 instar
3453 5542 3649 5579 curso-

2058 5608 2210 5645 rum:
2247 5596 2370 5665 item
2425 5594 2590 5665 bajuli
2632 5593 2724 5665 qui
2771 5610 2935 5647 onera
2982 5596 3231 5648 mercede
3276 5604 3526 5665 portant:
3557 5598 3641 5650 hit:

2055 5677 2155 5726 pro
2190 5663 2353 5715 celeri
2380 5664 2561 5717 scriba
2602 5678 2630 5715 a
2659 5662 2903 5733 Nysseno
2943 5674 3255 5733 usurpatur.
