4066 6146
407 200 521 257 Ξ(ὶὸ

1554 225 1830 283 CONTRA
1863 229 2249 296 EUNOMIUM,
2289 230 2410 285 LIB.
2457 231 2492 284 Ι.

3557 237 3660 292 265

399 333 502 405 τὴν
537 334 766 403 σπουδὴν
796 337 928 404 ἔχει,
963 338 1052 390 καὶ
1086 339 1224 404 ἔγνω
1259 341 1371 405 πῶς
1401 343 1463 396 ἄν
1489 363 1568 410 τις
1593 348 1828 417 μάλιστα
1859 351 1979 410 τοὺς

2087 352 2330 420 appellit,
2362 360 2415 404 et
2456 351 2622 421 probe
2657 351 2828 413 novit,
2861 365 3096 421 quanam
3143 361 3260 408 arte
3298 351 3546 412 homines
3580 356 3662 410 af-

403 423 848 494 ὲμπαθεστέρους
929 426 1036 478 τῶν
1100 428 1402 500 ἀνθρώπων
1478 437 1978 504 προσοικειὼσαιτο.

418 513 633 582 Ἐπειδὴ
659 514 764 586 γὰρ
792 517 1058 571 εὐάλωτόν
1083 520 1250 583 ἐστιν,
1283 523 1356 585 ὼς
1382 525 1450 577 τά
1481 526 1669 590 πολλὰ,
1700 528 1766 579 δι’
1790 528 1981 598 ἡδονῆς

402 602 466 654 τὸ
492 602 829 672 ἀνθρώπινον
850 645 865 669 ,
913 609 1005 659 καὶ
1033 610 1202 680 πολλὴ
1244 613 1380 680 πρὸς
1411 614 1470 666 τὸ
1501 617 1670 678 πάθος
1699 617 1854 670 τοῦτο
1885 620 1982 688 τῆς

406 693 623 760 φύσεώς
654 697 799 748 ἐστιν
826 699 857 767 ή
889 699 1132 766 εὐκολία,
1183 705 1246 755 ὲκ
1274 704 1381 756 τῶν
1413 708 1762 777 τραχυτέρων
1790 709 1981 780 ἐπιτη-

404 784 686 854 δευμάτων
729 787 868 858 πρὸς
902 791 962 843 τὸ
997 793 1094 861 τῆς
1137 795 1330 865 ἡδονῆς
1369 795 1508 849 λεῖον
1541 799 1772 869 ἑτοίμως
1812 817 1981 854 κατα-

405 877 710 948 πιπτούσης
731 896 743 907 ·
777 880 851 944 ὡς
877 881 942 935 ἂν
975 883 1208 952 μάλιστα
1239 890 1525 951 κοινωνοὺς
1555 891 1730 960 ἐαυτῷ
1755 893 1980 956 πολλοὺς

405 968 505 1036 τῆς
543 969 698 1021 νόσου
745 972 850 1024 τῶν
892 974 1175 1043 δογμάτων
1229 981 1738 1049 προσεταιρίσαιτο·
1790 983 1978 1036 τούτου

408 1060 566 1128 χάριν
616 1060 744 1130 ἡδὺς
780 1062 986 1128 γίνεται
1034 1069 1143 1129 τοῖς
1177 1067 1266 1119 ὑπ’
1304 1070 1468 1122 αὑτοῦ
1509 1071 1881 1142 τελουμένοις,
1921 1076 1982 1127 τὸ

407 1149 710 1218 πρόσαντες
738 1153 830 1205 καὶ
863 1154 1114 1209 ἐπίπονον
1140 1158 1236 1227 τῆς
1267 1160 1486 1230 ἀρετῆς,
1515 1161 1590 1224 ὡς
1617 1162 1876 1224 ἀπίθανον
1902 1167 1982 1228 εἰς

404 1242 504 1307 τὴν
533 1241 626 1294 τοῦ
659 1244 958 1315 μυστηρίου
992 1249 1336 1321 παραδοχὴν,
1367 1253 1708 1308 ἀποϐάλλων.
1744 1257 1852 1308 Καὶ
1893 1251 1979 1310 οἷα

410 1331 508 1398 μὲν
535 1330 876 1386 διδάσκουσιν
905 1337 963 1386 έν
992 1337 1322 1408 ἀπορρήτοις
1341 1379 1354 1402 ,
1388 1343 1482 1394 καὶ
1509 1343 1609 1394 ὅσα
1641 1345 1977 1409 ἐκλαλοίσιν,

407 1421 500 1472 καὶ
529 1423 609 1484 εἰς
646 1423 706 1476 τὸ
739 1424 977 1492 ἐμφανὲς
1003 1428 1222 1495 ἄγουσιν
1251 1432 1300 1482 oi
1333 1431 1400 1483 δι’
1444 1434 1660 1504 ἀπάτης
1690 1437 1983 1506 παραδεδε-

407 1509 598 1577 γμένοι
629 1511 690 1562 τὸ
718 1511 931 1583 μίασμα
986 1517 1086 1587 τήν
1112 1535 1170 1570 τε
1196 1520 1502 1592 ἀπόρρητον
1530 1525 1742 1594 ἐκείνην
1780 1543 1981 1595 μυστα-

405 1603 648 1669 γωγίαν,
681 1605 774 1657 καὶ
819 1601 908 1658 οἷα
939 1610 1088 1678 παρὰ
1134 1611 1228 1664 τοῦ
1280 1613 1478 1682 σεμνοῦ
1515 1614 1622 1667 τῶν
1669 1618 1980 1688 μυστηρίων

407 1693 725 1761 ἱεροφάντου
767 1694 1140 1764 διδάσκονται,
1192 1701 1514 1773 βαπτισμῶν
1540 1721 1597 1756 τε
1649 1707 1849 1776 τρόπον
1889 1710 1982 1760 καὶ
2014 1687 2054 1740 Β

404 1782 621 1851 φύσεως
651 1789 1007 1858 συνηγορίας,
1061 1791 1156 1844 atati
1195 1793 1371 1846 πάντα
1409 1794 1476 1846 τὰ
1505 1795 1748 1859 τοιαῦτα,
1797 1797 1850 1849 εἴ
1875 1817 1981 1852 τινι

404 1877 573 1946 σχολὴ
602 1877 668 1930 δι’
701 1880 982 1948 ἀκριϐείας
1013 1883 1202 1952 μαθεῖν
1221 1924 1234 1947 ,
1267 1886 1504 1948 ἐκείνους
1532 1887 1839 1956 διερωτάτω
1861 1930 1872 1949 ,
1903 1885 1982 1952 οἷς

400 1969 696 2023 ἀνεύθυνον
748 1973 931 2044 φέρειν
975 1992 1026 2026 τι
1079 1976 1186 2028 τῶν
1242 1977 1506 2048 ἀπρεπῶν
1544 1979 1630 2032 διὰ
1675 1980 1980 2050 στόματος²

402 2063 567 2128 ἡμεῖς
604 2062 658 2114 δὲ
705 2067 1028 2136 σιγήσομεν·
1076 2069 1196 2121 οὐδὲ
1237 2069 1346 2140 γὰρ
1396 2072 1835 2142 κατηγοροῦντας
1887 2091 1982 2144 με-

406 2151 643 2219 μνῆσθαι
695 2154 801 2208 τῶν
841 2158 1095 2212 τοιούτων
1147 2160 1455 2228 εύάγιστον,
1505 2163 1600 2215 καὶ
1646 2163 1786 2234 λόγῳ
1816 2167 1981 2236 τιμᾷν

407 2243 678 2310 μαθόντας
717 2247 815 2317 τὴν
863 2249 1233 2322 καθαρότητα,
1265 2253 1384 2305 οὐδὲ
1409 2256 1522 2316 τοῖς
1565 2254 1981 2326 ὲμμελεστέροις

401 2333 516 2385 τῶν
553 2335 904 2407 διηγημάτων
954 2345 1415 2414 καταρρυπαίνειν
1464 2345 1560 2416 τὴν
1616 2349 1976 2418 συγγραφήνο

403 2424 511 2476 κᾶν
537 2428 568 2496 ή
603 2427 830 2498 ἀλήθεια
854 2435 962 2496 τοῖς
984 2433 1294 2504 λεγομένοις
1321 2441 1516 2509 προσῇ.

479 2517 626 2590 Πλὴν
654 2512 714 2572 οὗ
746 2522 905 2594 χάριν
933 2525 1040 2576 τῶν
1073 2529 1376 2598 εἰρημένων
1415 2532 1864 2604 ἐπεμνήσθημεν·
1897 2537 1977 2589 ὅτι

405 2607 658 2679 καθάπερ
681 2611 758 2681 τῷ
803 2614 989 2684 Ἀετίῳ
1016 2622 1278 2689 πορισμὸς
1299 2619 1366 2692 ἦν
1384 2622 1636 2687 ἀσεϐείας
1663 2626 1695 2694 ἡ
1733 2625 1978 2695 Ἀριστο-

402 2701 593 2764 τέλους
619 2706 942 2774 κακοτεχνία
965 2721 982 2737 ·
1013 2707 1103 2759 τὸν
1135 2709 1298 2761 αὐτὸν
1334 2713 1532 2781 τρόπον
1563 2715 1656 2766 καὶ
1679 2715 1756 2786 τῷ
1779 2733 1980 2788 κατηρ-

402 2795 649 2862 τισμένῳ
699 2796 913 2867 μαθητῇ
962 2799 1098 2852 κατὰ
1145 2801 1206 2852 τὸ
1248 2797 1364 2856 ἴσον
1410 2803 1489 2873 τῷ
1544 2805 1849 2877 διδασκάλῳ
1897 2809 1978 2860 λι-

405 2883 602 2954 παρῶς
637 2883 994 2952 ὲμϐιοτεύειν,
1036 2891 1099 2959 τῇ
1144 2891 1402 2962 ἁπλότητι
1447 2893 1557 2944 τῶν
1593 2895 1980 2964 ἀπατηθέντων

2087 440 2318 496 fectihus
2356 443 2527 512 magis
2549 443 2814 497 obnoxios
2843 443 2947 497 sibi
2979 444 3274 498 conciliare
3303 453 3484 516 queat.
3520 446 3657 500 Cum

2083 534 2226 586 enim
2263 535 2495 603 plurima
2536 534 2844 588 mortalium
2893 550 3020 604 pars
3059 535 3336 604 voluptate
3378 535 3536 591 facile
3562 553 3658 590 ca-

2086 625 2283 692 piatur.
2313 640 2547 694 cumque
2591 626 2654 677 ad
2709 625 2822 680 haec
2851 641 3045 694 magna
3093 625 3163 680 sit
3211 635 3418 680 natura:
3460 628 3660 696 procli-

2083 719 2243 776 vitas.
2301 718 2368 772 ab
2414 720 2691 787 asperiore
2735 718 2859 772 vita:
2901 718 3208 787 disciplina.
3259 719 3322 771 ad
3364 720 3660 789 voluptatis

2087 809 2303 876 planum
2337 811 2630 873 tramitem,
2672 819 2864 862 natura
2912 807 3070 863 facile
3100 810 3407 871 delabente,
3449 811 3570 864 ideo
3600 819 3660 864 ut

2083 913 2244 966 quam
2282 899 2546 968 plurimos
2597 900 2774 955 insani
2827 908 2881 954 et
2932 899 3175 968 pestiferi
3227 900 3498 970 dogmatis
3554 901 3658 956 sibi

2082 989 2260 1042 socios
2305 987 2584 1057 adjungat,
2633 1004 2854 1043 suavem
2891 989 3264 1059 mellitumque
3298 1005 3419 1045 sese
3459 992 3661 1060 praebet

2083 1077 2199 1132 suis
2239 1077 2621 1140 sectatoribus,
2674 1077 2956 1147 repudiata
2980 1079 3200 1133 virtutis
3234 1079 3574 1144 difﬁcultate,
3607 1089 3662 1134 et

2084 1168 2330 1222 molestia
2379 1176 2638 1237 tanquam
2679 1169 2882 1232 inutili,
2913 1170 2978 1224 ad
3015 1184 3238 1223 suorum
3273 1171 3657 1240 mysteriorum

2082 1258 2546 1327 approbationem.
2604 1258 2666 1311 Et
2709 1260 2892 1328 qualia
2941 1261 3158 1330 quidem
3204 1263 3258 1314 in
3301 1262 3521 1316 occulto
3564 1262 3664 1315 do-

2082 1358 2260 1412 ceant,
2297 1360 2351 1403 et
2383 1365 2630 1419 quaenam
2665 1351 2939 1421 evulgent,
2976 1353 3141 1421 inque
3185 1352 3360 1405 lucem
3407 1350 3656 1415 eﬂ'erant,

2081 1442 2174 1510 qui
2220 1443 2437 1512 piaculo
2485 1444 2578 1497 illo
2626 1444 2895 1513 inquinati
2944 1453 3094 1509 sunt,
3128 1452 3182 1498 et
3219 1444 3403 1514 qualia
3449 1444 3584 1513 ipsis
3630 1459 3662 1498 a

2084 1532 2234 1600 gravi
2300 1533 2507 1588 scilicet
2570 1542 2957 1604 mysteriorum
3035 1534 3282 1589 antistite
3350 1535 3658 1600 tradantur,

2085 1623 2413 1693 modumque
2447 1633 2500 1678 et
2527 1627 2689 1678 ritum
2720 1626 3117 1695 baptismalem,
3151 1635 3204 1680 et
3239 1633 3452 1680 natura:
3477 1633 3663 1694 patro-

2084 1714 2308 1777 cinium,
2342 1727 2394 1769 et
2430 1716 2619 1770 horum
2665 1717 2906 1771 similia:
2943 1717 2989 1770 si
3036 1718 3160 1786 quis
3203 1726 3459 1772 accurate
3499 1732 3664 1771 nosse

2084 1805 2233 1868 velit,
2261 1806 2406 1874 ipsos
2435 1808 2733 1877 interroget
2786 1809 2985 1877 quibus
3018 1809 3165 1861 nulla
3209 1818 3293 1863 est
3326 1808 3513 1878 religio
3540 1815 3662 1860 tur-

2085 1895 2168 1963 pia
2225 1905 2278 1949 et
2324 1896 2578 1950 indecora
2629 1899 2897 1966 proloqui.
2952 1897 3060 1952 Nos
3109 1899 3430 1960 tacebimus,
3486 1912 3665 1966 neque

2082 1983 2225 2037 enim
2258 2000 2471 2054 aequum
2512 1994 2615 2050 est,
2646 1987 2807 2041 etiam
2851 1994 3202 2042 accusatores
3245 1990 3439 2040 horum
3475 1988 3666 2041 memi-

2083 2074 2248 2136 nisse,
2286 2090 2408 2128 cum
2446 2076 2629 2130 norint
2667 2077 2845 2132 verbis
2889 2091 3109 2146 quoque
3155 2078 3446 2146 puritatem
3485 2077 3663 2132 hono—

2082 2179 2223 2226 rare,
2261 2181 2434 2236 neque
2482 2175 2808 2236 praetextato
2848 2182 3100 2223 sermone
3133 2167 3303 2221 libros
3344 2181 3661 2220 commacu~

2083 2255 2195 2310 lare
2220 2271 2234 2320 ;
2263 2256 2511 2324 quamvis
2531 2271 2560 2309 a
2589 2258 2818 2311 veritate
2840 2256 3075 2311 alienum
3109 2270 3216 2310 non
3250 2262 3397 2310 esset
3429 2255 3482 2309 id
3513 2254 3660 2325 quod

2081 2342 2344 2396 dicerent.
2465 2377 2467 2382 ι
2564 2336 2580 2351 ⁸

2149 2519 2438 2583 Οιιειθιίιιη,
2480 2531 2538 2574 ιιι
2583 2521 2796 2577 redeam
2831 2523 2897 2576 ad
2932 2538 3015 2583 ea.
3057 2538 3290 2592 quorum
3336 2524 3511 2592 gratia
3553 2523 3662 2580 huc

2081 2610 2298 2681 delapsa
2342 2623 2426 2666 est
2471 2615 2682 2667 oratio:
2737 2615 2878 2668 sicut
2915 2616 3070 2670 Aetio
3109 2615 3401 2686 impietatis
3443 2614 3664 2670 occasio

2084 2702 2186 2756 fuit
2223 2703 2532 2758 Aristotelis
2565 2720 2654 2758 ars
2709 2705 2869 2759 fallax
2907 2713 2963 2760 et
2997 2713 3256 2761 versuta:
3291 2705 3481 2761 eodem
3501 2704 3662 2761 modo

2081 2801 2134 2848 et
2191 2794 2356 2848 unico
2411 2797 2582 2864 ipsius
2632 2795 2905 2865 discipulo
2963 2811 3098 2852 ansa
3165 2797 3283 2852 haec
3340 2797 3522 2850 oblata
3578 2803 3665 2852 est

2083 2884 2365 2953 splendide
2412 2887 2710 2944 insultandi
2749 2887 3086 2957 simplicitati
3145 2901 3358 2949 eorum.
3409 2901 3549 2956 quos
3605 2885 3664 2942 in

406 2975 646 3044 ὑπῆρξε.
683 2975 746 3026 Τί
775 2973 866 3030 οὖν
895 2978 1144 3032 τοσοῦτον
1171 2982 1425 3052 ἠδίκησεν
1453 2986 1480 3037 6
1508 2985 1649 3037 κατὰ
1672 2985 1763 3037 τὸν
1796 2986 1977 3052 Εὔξει-

2085 2978 2678 3047 ετνοιιειηοοηῙοοενοι.
2707 2979 2825 3044 Qua
2872 2995 3003 3048 ergo
3044 2981 3098 3033 in
3144 2995 3202 3033 re
3273 2987 3426 3033 tanta
3483 2980 3659 3049 ipsum

407 3079 498 3116 νον
540 3063 744 3115 Πόντον
774 3065 1082 3132 Βασίλειος,
1117 3069 1148 3139 ἢ
1178 3073 1206 3122 6
1233 3072 1374 3124 κατὰ
1411 3072 1510 3143 τὴν
1562 3075 1853 3145 Ἀρμενίαν
1875 3077 1979 3128 Εὐ-

410 3153 656 3217 στάθιος,
690 3156 818 3222 περὶ
862 3150 936 3209 ὧν
970 3159 1002 3227 ἡ
1039 3159 1224 3229 μακρὰ
1262 3163 1578 3232 παρενθήκη
1613 3164 1714 3232 τῆς
1747 3164 1983 3234 ἱστορίας

409 3246 827 3314 ὲξυπτιάζεται;
875 3249 938 3300 Τί
982 3252 1071 3302 τὸν
1117 3252 1208 3304 τοῦ
1248 3253 1363 3322 βίου
1405 3255 1604 3306 σκοπὸν
1647 3255 1794 3326 αὐτῷ
1833 3256 1984 3308 λελυ-

413 3337 649 3406 πήκασι;
681 3337 743 3390 Τί
775 3341 832 3392 δὲ
863 3342 982 3410 οὐχὶ
1024 3344 1222 3411 μᾶλλον
1253 3345 1352 3415 τὴν
1390 3347 1580 3416 καινὴν
1609 3349 1788 3400 αὐτῶν
1827 3347 1984 3412 δόξαν

415 3427 508 3479 ἐπὶ
552 3429 612 3480 τὸ
640 3434 820 3499 μεῖζον
842 3433 898 3484 ἕθ
909 3433 1108 3502 peti/av;
1137 3436 1306 3488 Πόθεν
1329 3437 1435 3507 γὰρ
1461 3439 1641 3501 αὐτοῖς
1665 3439 1724 3491 τὸ
1742 3441 1984 3508 γνωσθῆ-

412 3536 520 3583 vat,
555 3521 648 3572 καὶ
684 3524 762 3584 εἰς
788 3523 1038 3578 τοσοῦτον
1086 3526 1478 3596 ὀνομασθῆναι;
1518 3531 1587 3583 Ἦ
1620 3531 1739 3600 οὐχὶ
1759 3531 1846 3583 διὰ
1877 3532 1983 3585 τῶν

414 3609 621 3678 ἀνδρῶν
655 3611 876 3664 ἐκείνων
916 3616 1316 3684 προσγέγονεν;
1385 3618 1538 3690 εἰπερ
1578 3619 1832 3689 ἀληθεύει
1863 3621 1981 3673 κατ’

413 3701 592 3752 αὐτῶν
635 3703 664 3753 6
701 3706 1025 3776 κατήγορος.
1060 3708 1132 3760 Τὸ
1173 3709 1280 3780 γὰρ
1315 3709 1628 3780 εὐδοκίμους
1651 3711 1808 3772 ὄντας
1840 3711 1981 3763 ὲκεί-

413 3809 569 3856 νους,
621 3794 803 3858 καθὼς
840 3799 867 3849 ὁ
919 3805 1268 3867 συγγραφεὺς
1321 3803 1618 3871 μαρτυρεῖ,
1661 3801 1984 3871 ἀξιομάχους

414 3885 623 3948 ἑαυτοῖς
651 3889 831 3956 κρῖναι
868 3889 993 3952 τοὺς
1041 3889 1348 3960 μηδαμόθεν
1381 3889 1599 3958 ἔχοντας
1627 3889 1686 3942 τὺ
1717 3889 1982 3959 γινώσκε-

417 3975 572 4038 σθαι,
605 3975 825 4046 ἁιρορμὴ
868 3977 958 4028 τοῦ
1004 3979 1144 4048 μέγα
1191 3981 1404 4049 φρονεῖν
1434 3980 1655 4042 εἰκότως
1693 3977 1985 4032 καθίστατο

414 4069 525 4126 τοῖς
575 4069 937 4137 ἀντιταχθεῖσι
984 4071 1118 4140 πρὸς
1165 4072 1289 4134 τοὺς
1334 4071 1493 4124 πλέον
1543 4070 1684 4140 ἔχειν
1720 4071 1985 4140 ὑπειλημ-

421 4159 611 4228 μένους
646 4159 757 4214 τῶν
810 4159 1005 4214 ἄλλων.
1069 4161 1163 4214 Ἐκ
1217 4162 1271 4214 δὲ
1317 4161 1508 4215 τούτου
1541 4161 1740 4232 περιῆν
1785 4162 1846 4214 τὸ
1894 4179 1987 4214 συ-

419 4251 738 4315 σκιάζεσθαι
787 4254 883 4322 μὲν
929 4253 1022 4305 τοῦ
1065 4255 1328 4326 προτέρου
1360 4254 1474 4322 βίου
1502 4255 1561 4308 τὸ
1592 4255 1864 4318 ταπεινὸν,
1895 4254 1987 4306 καὶ

417 4343 698 4413 ἀνώνυμον
716 4361 729 4372 ’
765 4345 871 4396 ἀπὸ
899 4346 955 4398 δὲ
979 4345 1039 4398 τὸ
1057 4350 1074 4368 ⁸
1096 4346 1233 4414 μετὰ
1259 4346 1432 4400 ταῦτα
1477 4349 1785 4419 γνωρίμους
1814 4343 1952 4401 εἶναι
1971 4387 1983 4409 ,

2092 4340 2274 4393 omnia
2338 4339 2698 4408 prudentibus
2758 4337 2948 4391 sedqu
3009 4337 3226 4390 vitanda
3291 4347 3418 4390 sunt
3486 4353 3500 4390 :

414 4432 450 4484 ἆ
489 4433 695 4500 φευκτᾶ
728 4432 824 4501 μὲν
852 4434 1022 4497 ἄλλως
1063 4433 1206 4486 ἐστὶν
1231 4439 1340 4500 τοῖς
1366 4453 1429 4504 γε
1457 4436 1579 4488 νοῦν
1613 4436 1827 4506 ἔχουσιν
1892 4437 1983 4501 (οὐ

414 4525 521 4595 γάρ
572 4524 634 4576 ἄν
682 4543 764 4588 τις
806 4526 1019 4590 εὔξαιτο
1066 4526 1172 4578 τῶν
1216 4523 1273 4579 εὖ
1304 4529 1643 4598 φρονούντων
1692 4529 1864 4598 μέγας
1894 4529 1985 4580 ἐπὶ

416 4617 570 4687 κα.κῷ
613 4618 985 4688 νομισθῆναι)·
1059 4621 1168 4681 τοῖς
1214 4618 1269 4670 δὲ
1318 4618 1576 4681 τοιούτοις
1619 4622 1647 4670 6
1689 4619 1985 4688 ἀκρότατος

415 4705 532 4776 ὅρος
562 4708 663 4776 τῆς
692 4707 983 4777 εὐκληρίας
1011 4708 1184 4760 δοκεῖ·
1215 4708 1465 4780 καθάπερ
1493 4709 1622 4778 φασὶ
1648 4709 1754 4760 τῶν
1783 4708 1986 4772 ἀδόξων

416 4798 535 4849 τινὰ
561 4801 653 4850 καὶ
685 4799 955 4851 ταπεινῶν
978 4799 1116 4851 κατὰ
1145 4799 1243 4870 τὴν
1279 4800 1482 4862 Ἀσίαν,
1513 4800 1809 4869 ὀνομαστὸν
1841 4799 1988 4866 γενέ-

418 4890 539 4942 σθαι
564 4891 692 4963 παρ’
729 4890 994 4958 Ἐφεσίοις
1027 4890 1462 4961 ἐπιθυμήσαντα,
1493 4891 1633 4960 μέγα
1667 4891 1764 4960 μέν
1781 4907 1833 4943 τι
1893 4891 1986 4943 καὶ

415 4981 663 5052 λαμπρὸν
695 4982 882 5051 ἔργον,
919 4982 1051 5051 μηδὲ
1099 4984 1177 5044 εἰς
1220 4981 1342 5034 νοῦν
1377 4981 1668 5050 βαλέσθαι·
1710 4982 1845 5051 μήτε
1877 4981 1986 5051 γὰρ

414 5073 699 5125 δύνασθαι·
734 5073 984 5140 γενέσθαι
1011 5074 1066 5126 δὲ
1096 5073 1203 5126 τῶν
1236 5074 1326 5126 ἐπὶ
1355 5075 1466 5136 τοῖς
1495 5073 1768 5141 μεγίστοις
1790 5089 1987 5143 γνωρι-

415 5163 650 5217 σθέντων
683 5165 1092 5236 διασημότερον,
1125 5165 1428 5236 ὑπερϐολήν
1454 5183 1573 5217 τινα
1599 5164 1800 5235 βλάϐης
1834 5165 1987 5231 ἐξευ-

419 5256 577 5326 ρόντα
627 5257 770 5309 κατὰ
811 5257 918 5310 τῶν
975 5259 1256 5326 Ἐφεσίων.
1306 5255 1455 5310 Εἶναι
1496 5257 1594 5326 μὲν
1629 5263 1739 5329 γάρ
1782 5276 1833 5309 τι
1880 5258 1986 5309 τῶν

415 5345 686 5416 δημοσίων
723 5347 854 5416 παρ’
892 5347 1072 5409 αὐτοῖς
1108 5347 1450 5418 λαμπρότητι
1495 5346 1645 5418 πάσῃ
1697 5347 1791 5398 καὶ
1828 5346 1989 5399 πολυ-

413 5439 595 5511 τελείᾳ
637 5438 1033 5510 περίϐλεπτονο
1077 5439 1165 5492 τὸν
1194 5439 1249 5491 δὲ
1274 5439 1558 5510 ἄνθρωπον
1593 5438 1715 5508 πυρὶ
1759 5436 1858 5506 τὴν
1891 5453 1988 5506 με-

413 5531 744 5602 γαλουργίαν
808 5531 1019 5601 ἐκείνην
1071 5529 1497 5598 ὲξαφανίσαντα,
1555 5527 1883 5599 ὁμολογῆσαι
1930 5529 1990 5581 τὸ

413 5623 509 5694 τῆς
530 5621 710 5692 ψυχῆς
731 5620 898 5682 πάθος
915 5621 1006 5672 ἐπὶ
1026 5624 1090 5691 τῇ
1107 5622 1277 5691 τόλμῃ
1297 5621 1630 5690 κρινόμενον·
1655 5620 1734 5673 ὅτι
1758 5621 1817 5671 τὸ
1839 5619 1989 5691 παρὰ

748 5715 1012 5776 ΡΑτιιοι..
1047 5715 1162 5774 Gn.
1203 5715 1390 5775 XLV.

2086 3067 2282 3135 injuria
2313 3067 2503 3122 atfecit
2538 3068 2772 3123 Basilius
2802 3069 2866 3122 ad
2897 3068 3168 3123 Euxinum
3206 3067 3462 3134 Pontum,
3491 3068 3662 3124 autin

2085 3159 2338 3213 Armenia
2387 3159 2725 3224 Eustathius,
2774 3160 2842 3213 de
2873 3159 3074 3228 quibus
3122 3160 3389 3228 prolixam
3439 3167 3493 3213 et
3543 3175 3664 3212 ver-

2085 3251 2272 3305 bosam
2305 3251 2696 3320 digressionem
2730 3251 2834 3305 hoc
2875 3251 2996 3304 loco
3031 3251 3196 3304 texit?
3231 3249 3345 3314 Qua
3375 3251 3429 3303 in
3455 3265 3514 3304 re
3545 3260 3662 3304 tur-

2086 3341 2284 3395 barunt
2318 3342 2489 3410 ipsius
2527 3339 2741 3395 vivendi
2783 3340 2996 3408 genus?
3025 3339 3221 3394 Annon
3252 3338 3432 3408 potius
3465 3355 3660 3393 novam

2086 3432 2326 3498 ipsorum
2360 3431 2584 3498 gloriam
2618 3445 2812 3499 magna
2844 3430 3160 3485 accessione
3189 3428 3664 3484 auxerunt?Unde

2085 3523 2227 3577 enim
2270 3523 2404 3592 ipsis
2447 3530 2594 3575 tanta
2633 3521 2871 3576 nominis
2919 3521 3210 3576 celebritas
3247 3530 3301 3575 et
3330 3519 3511 3573 fama?
3550 3521 3662 3575 An-

2087 3629 2193 3666 non
2225 3613 2420 3667 abillis
2449 3612 2604 3677 viris,
2631 3613 2678 3666 si
2707 3627 2816 3667 non
2856 3613 3116 3666 mentitur
3161 3610 3486 3667 accusator?
3507 3609 3664 3677 Quod

2087 3704 2231 3759 enim
2279 3705 2522 3759 celebres
2567 3705 2644 3757 illi
2693 3703 2818 3768 viri,
2865 3711 2927 3758 ut
2971 3711 3204 3759 testatur
3256 3704 3360 3759 iste
3408 3704 3662 3772 scriptor,

2086 3799 2280 3868 dignos
2316 3797 2707 3866 reputaverint,
2742 3812 2866 3850 cum
2911 3797 3112 3865 quibus
3153 3805 3476 3866 pugnarent,
3519 3795 3662 3858 illos,

2086 3886 2180 3956 qui
2247 3886 2466 3942 obscuri
2488 3896 2543 3942 et
2572 3885 2737 3955 ignoti
2759 3885 3023 3942 erantzid
3068 3887 3265 3942 merito
3317 3887 3663 3942 occasionem

2087 3976 2417 4032 adversariis
2453 3975 2699 4045 praabuit,
2733 3984 2789 4029 ut
2827 3975 3063 4045 majores
3096 3977 3323 4044 spiritus
3363 3981 3663 4038 sumerent,

2089 4083 2319 4137 seseque
2350 4067 2573 4136 reliquis
2604 4076 2864 4136 praestare
2896 4067 2997 4122 sibi
3024 4067 3444 4137 persuaderent;
3477 4076 3530 4120 et
3561 4066 3664 4120 hac

2090 4160 2301 4212 ratione
2341 4159 2540 4227 prioris
2581 4158 2705 4212 vitae
2756 4158 3151 4226 ignobilitatem
3190 4166 3243 4212 et
3273 4158 3662 4211 obscuritatem

2092 4257 2271 4318 tegere
2303 4249 2476 4310 licuit,
2506 4248 2662 4302 claro
2688 4248 2908 4302 nomine
2942 4247 3085 4316 apud
3108 4263 3299 4302 omnes
3325 4258 3500 4316 parto.
3533 4246 3664 4312 Quae

3568 4352 3664 4393 ne-

2090 4431 2288 4484 minem
2332 4431 2474 4484 enim
2523 4443 2733 4492 eorum,
2773 4429 2863 4497 qui
2911 4437 3057 4482 recte
3086 4429 3330 4497 sapiunt,
3371 4429 3660 4498 repereris,

2088 4527 2178 4592 qui
2213 4522 2395 4591 cupiat
2422 4521 2723 4576 sceleribus
2759 4529 2812 4574 et
2841 4519 3122 4576 maleficiis
3168 4521 3553 4578 inclarescere.
3593 4522 3664 4576 At

2089 4615 2210 4669 istis
2240 4614 2450 4667 videtur
2479 4612 2582 4666 hoc
2607 4627 2896 4680 supremus
2915 4611 3191 4666 felicitatis
3216 4613 3449 4683 gradus:
3471 4628 3662 4683 quem-

2086 4705 2376 4760 admodum
2433 4704 2571 4758 fama
2617 4715 2720 4769 est,
2764 4705 3072 4776 inglorium
3125 4706 3413 4775 quemdam
3466 4714 3520 4760 et
3566 4706 3664 4761 ab-

2082 4799 2287 4866 iectum
2333 4797 2388 4849 in
2435 4796 2585 4860 Asia,
2639 4811 2761 4851 cum
2809 4799 3174 4852 celebritatem
3231 4799 3470 4853 nominis
3520 4800 3660 4869 apud

2090 4889 2352 4958 Ephesios
2408 4896 2724 4957 appeteret,
2781 4903 2888 4941 non
2947 4887 3165 4956 quidem
3219 4889 3401 4941 animo
3450 4887 3662 4943 facinus

2090 4981 2246 5036 laude
2290 4980 2509 5050 dignum
2552 4981 2903 5050 concepisse:
2940 4981 3083 5036 haud
3125 4981 3268 5036 enim
3311 4991 3520 5035 tantum
3565 4995 3665 5049 po-

2089 5073 2288 5128 tuisse:
2343 5071 2437 5127 sed
2485 5082 2664 5127 tamen
2714 5073 3068 5128 celebriorem
3118 5074 3360 5127 evasisse
3407 5070 3664 5125 omnibus

2090 5163 2219 5225 illis,
2253 5162 2344 5229 qui
2377 5163 2447 5216 ob
2480 5164 2712 5216 maxima
2748 5172 2961 5232 patrata
2998 5163 3241 5216 facinora
3276 5163 3659 5220 decantantur.

2087 5253 2395 5322 excogitato
2431 5263 2621 5309 contra
2667 5252 2930 5322 Ephesios
2987 5253 3130 5306 facto
3173 5247 3660 5319 perniciosissimo.

2089 5343 2283 5399 Fuisse
2322 5345 2464 5398 enim
2511 5345 2710 5414 Ephesi
2740 5345 3025 5400 aedificium
3059 5340 3329 5412 quoddam
3359 5337 3658 5407 publicum,

2088 5434 2491 5504 magnificentia
2517 5445 2571 5489 et
2599 5436 2739 5492 mole
2765 5445 3087 5504 sumptuosa
3122 5432 3478 5499 conspicuum
3503 5448 3516 5484 :
3559 5431 3662 5487 hoc

2092 5527 2362 5582 hominem
2388 5528 2535 5582 illum
2578 5529 2780 5599 injecto
2823 5530 2947 5598 igne
2970 5539 3386 5581 concremasse:
3417 5533 3649 5596 captum-

2092 5634 2198 5688 que
2227 5628 2279 5673 et
2329 5619 2382 5673 in
2428 5619 2694 5690 judicium
2739 5620 2809 5674 ob
2839 5617 3261 5674 audacissimum
3311 5616 3525 5674 facinus
3571 5618 3641 5674 ad

3351 5713 3390 5774 9
