4066 6146
417 233 518 286 Εἰ(ἱῖ

1649 234 1704 288 5.
1733 231 2059 289 ΟΒΕΟΟΜΙ
2094 234 2384 291 NYSSENI

3554 243 3658 296 269

410 348 654 413 ductum,
715 351 879 403 animi
941 351 1024 405 sui
1076 352 1426 421 cupiditatem
1481 353 1789 408 confessum
1843 370 1986 417 esse,

2092 355 2298 410 πολλῶν
2342 359 2644 430 γνωσθῆναι
2701 363 2841 432 μέγα
2892 361 3239 429 ποιούμενος,
3273 357 3532 427 ἐπενόησε
3581 358 3659 423 τῴ

409 443 620 500 scilicet
649 460 707 498 se
735 459 916 500 amore
951 445 1136 514 gloriae
1182 444 1249 500 ad
1284 445 1387 500 hoc
1436 448 1858 516 aggrediendum
1895 449 1989 502 im-

410 536 648 606 pulsum,
690 536 830 604 quod
881 545 1095 606 putaret
1147 554 1268 592 cum
1325 540 1444 609 ipso
1497 540 1741 594 faciliore
1790 557 1984 596 nomen

407 628 570 682 etiam
607 629 845 683 auctoris
865 631 1192 684 celebratum
1221 631 1307 684 iri.
1337 632 1534 686 Eadem
1557 633 1642 695 via
1661 633 1749 687 isti
1771 648 1987 702 quoque

408 719 476 772 ad
529 718 794 772 illustrem
859 719 1055 773 fuluam
1118 731 1511 776 emerserunt:
1563 730 1789 792 excepto
1839 723 1982 792 quod

407 808 705 864 discrimen
754 810 825 866 sit
869 812 931 864 in‘
970 812 1195 866 sceleris
1237 814 1631 882 magnitudine.
1684 813 1802 868 Non
1838 815 1984 870 enim

409 897 721 955 inanimatis
760 899 1026 964 aediliciis,
1079 902 1173 956 sed
1215 902 1416 958 viventi
1460 902 1714 958 Ecclesia:
1755 903 1984 958 a’diﬁcio

406 983 634 1037 exitium
686 987 926 1055 pariunt,
965 987 1209 1044 immissa
1255 990 1411 1060 quasi
1455 989 1668 1045 ﬂamma
1713 992 1984 1062 dogmatis

409 1075 702 1143 impietate.
753 1076 953 1133 Verum
998 1080 1306 1136 orationem
1355 1081 1422 1136 de
1466 1083 1716 1138 doctrina
1758 1085 1810 1138 in
1859 1100 1984 1153 pro-

409 1166 586 1233 prium
613 1169 908 1224 reservabo
944 1172 1146 1227 locum.

479 1252 595 1308 Jam
628 1273 755 1312 vero
786 1258 1086 1324 videamus,
1127 1278 1289 1331 quam
1320 1279 1447 1318 vere
1476 1274 1850 1335 conqueratur
1881 1269 1982 1322 istc

411 1344 464 1398 in
499 1349 766 1415 prommio
796 1365 855 1406 se
874 1352 941 1406 ab
969 1352 1282 1409 infidelibus
1307 1365 1529 1426 pr0pter
1548 1359 1832 1414 veritatem
1857 1360 1982 1413 odio

409 1437 618 1493 haberi.
653 1438 926 1498 Fortassis
954 1446 1096 1498 enim
1131 1461 1238 1500 non
1279 1449 1376 1503 abs
1407 1463 1464 1503 re
1492 1447 1675 1518 fuerit,
1722 1450 1882 1505 etiam
1916 1464 2001 1506 ex-

411 1529 500 1595 iis,
531 1547 654 1600 quae
683 1532 750 1586 ad
781 1534 1090 1590 doctrinam
1124 1553 1232 1593 non
1261 1540 1558 1608 pertinent,
1601 1542 1813 1599 discere
1861 1552 1981 1596 tan-

410 1633 573 1687 quam
607 1636 670 1675 ex
722 1623 898 1693 signo,
933 1640 1040 1694 qua
1084 1626 1186 1682 lide
1227 1637 1474 1684 versetur
1506 1631 1651 1684 circa
1690 1633 1801 1695 illa,
1861 1647 1980 1702 qua:

409 1712 628 1780 proprie
658 1714 723 1792 ad
757 1714 1010 1786 dogmata
1043 1727 1312 1789 Spectant.
1339 1719 1473 1775 Nam
1507 1723 1597 1791 qui
1621 1722 1794 1791 ﬁdelis
1816 1695 1892 1776 est
1924 1725 1974 1777 iu
2015 1695 2052 1748 Β

412 1798 648 1864 minimo,
689 1801 765 1856 ait
797 1802 1084 1869 Dominus,
1113 1807 1272 1860 etiam
1304 1809 1355 1860 in
1398 1826 1587 1878 magno
1611 1810 1786 1877 ﬁdelis
1811 1811 1911 1865 erit
1932 1813 1972 1865 ⁷.

407 1887 726 1956 Apologiam
779 1894 923 1947 enim
980 1909 1079 1964 pro
1129 1898 1378 1968 apologia
1435 1899 1762 1968 scripturus,
1811 1902 1886 1954 ait
1917 1916 1977 1956 se

410 1978 572 2049 hujus
604 1997 781 2048 novae,
832 1983 1060 2040 insuetae
1087 1995 1140 2042 et
1179 1989 1469 2058 paradoxa:
1517 1991 1893 2058 inscriptionis
1927 2003 1979 2046 et

407 2069 815 2129 dissertationis
861 2078 1208 2136 occasionem
1258 2095 1366 2135 non
1413 2082 1656 2144 aliunde.
1712 2098 1872 2152 quam
1911 2083 1979 2138 ab

410 2160 524 2227 illo,
556 2166 649 2232 qui
697 2169 926 2235 primam
959 2170 1259 2224 orationem
1312 2172 1670 2236 refutat-erat,
1721 2174 1979 2246 desump-

408 2253 585 2321 sisse;
626 2259 813 2327 prima:
829 2262 972 2316 enim
1003 2263 1240 2317 orationi
1269 2265 1531 2335 apologis:
1562 2268 1977 2336 appellationem

411 2346 710 2404 indiderat:
751 2367 873 2405 cum
907 2354 1165 2423 magister
1191 2366 1377 2410 noster
1399 2356 1470 2426 (α)
1503 2358 1764 2427 objiceret
1798 2362 1981 2430 apolo-

409 2440 508 2510 giae
533 2440 750 2497 titulum
786 2444 894 2500 illis
919 2449 1051 2503 solis
1083 2450 1396 2513 convenire,
1420 2450 1513 2519 qui
1543 2451 1847 2521 aliquorum
1875 2455 1982 2508 cri-

411 2530 616 2586 minum
663 2537 908 2591 accusati
955 2549 1140 2593 essent
1175 2558 1188 2593 :
1230 2541 1275 2594 si
1328 2541 1452 2609 quis
1483 2557 1608 2596 vero
1650 2551 1844 2612 sponte
1881 2559 1979 2598 sua

409 2622 615 2693 aliquid
650 2628 936 2694 scriberet,
976 2632 1121 2686 aliud
1155 2632 1412 2702 quiddam
1450 2651 1610 2704 quam
1655 2637 1978 2707 apologiam,

410 2716 677 2784 scriptum
711 2719 844 2774 illud
875 2736 1032 2779 esse:
1076 2723 1165 2778 hic
1205 2725 1424 2794 quidem
1461 2727 1606 2782 haud
1641 2737 1822 2799 negat,
1874 2746 1980 2782 non

411 2814 685 2872 oportere,
747 2809 850 2861 nisi
913 2814 1264 2869 accusatione
1317 2826 1618 2886 praeeunte,
1678 2821 1980 2890 apologiam

412 2893 722 2961 instituere,
778 2899 1064 2956 manifesta
1117 2904 1455 2961 absurditate
1507 2909 1828 2975 convictus;
1888 2913 1980 2966 sed

411 2982 486 3037 ait
549 2999 607 3039 se
653 2988 1018 3044 maximorum
1084 2993 1350 3049 scelerum
1405 2997 1801 3066 insimulatum,
1842 3002 1981 3070 apud

412 3074 644 3143 iudices,
678 3079 746 3131 ad
781 3081 1085 3153 apologiam
1121 3083 1316 3154 suique
1348 3085 1718 3144 defensionem
1751 3090 1980 3145 descen-

411 3165 583 3222 disse.
626 3168 695 3222 At
747 3186 910 3241 quam
951 3175 1289 3231 mendaciter
1324 3177 1427 3232 boc
1460 3177 1707 3243 afﬁrmet,
1763 3181 1980 3251 planum

413 3257 530 3314 fore
557 3260 792 3318 arbitror
843 3278 908 3318 ex
941 3263 1047 3319 illis
1076 3266 1211 3335 ipsis
1246 3283 1367 3336 qua:
1391 3268 1503 3338 jam
1534 3269 1800 3324 dicemus.
1843 3271 1984 3325 Con-

412 3351 664 3419 queritur
711 3352 882 3406 multa
923 3361 978 3407 et
1025 3354 1363 3409 intoleranda
1404 3358 1545 3410 mala
1575 3359 1676 3413 sibi
1727 3360 1876 3413 illata
1917 3362 1985 3415 ab

413 3442 542 3508 illis,
598 3457 628 3496 a
662 3444 884 3513 quibus,
935 3452 1197 3514 tauquam
1241 3446 1540 3515 judicibus,
1591 3448 1986 3505 condemnatus

414 3537 507 3597 sit,
561 3537 749 3590 ethoc
795 3537 1045 3605 quemvis
1095 3553 1160 3592 ex
1216 3538 1367 3594 libris
1409 3553 1440 3591 a
1472 3555 1531 3595 se
1575 3541 1737 3595 editis
1782 3556 1985 3613 cogno~

415 3642 572 3681 scere
605 3642 784 3696 posse.

485 3717 773 3784 Quomodo
817 3727 926 3771 tam
981 3721 1186 3773 atrocia
1222 3722 1462 3790 pertulit,
1522 3723 1569 3776 si
1618 3722 1852 3775 crimina
1886 3722 1984 3776 ob-

413 3811 559 3880 jecta
597 3823 694 3878 per
721 3809 1024 3879 apologiam
1055 3810 1252 3864 diluit?
1307 3812 1352 3866 si
1381 3812 1526 3867 enim
1559 3812 1861 3881 apologiam
1893 3811 1987 3865 ad-

414 3900 595 3955 hibuit
625 3899 691 3954 ad
718 3900 842 3967 hoc,
870 3907 930 3954 ut
962 3901 1220 3970 eﬂ'ugerct
1250 3917 1334 3966 ea,
1370 3918 1604 3972 quorum
1640 3918 1767 3958 vere
1797 3919 1986 3973 argue-

414 3992 577 4047 batur
611 4008 624 4044 :
665 3992 802 4048 falsa
849 3994 1070 4048 omnino
1093 4005 1143 4049 et
1175 3997 1401 4066 tragica,
1428 4004 1482 4050 et
1513 3996 1718 4050 frustra
1752 3993 1986 4048 conﬁcta

414 4085 505 4140 illa
541 4086 788 4157 apologia
820 4085 955 4155 fuit;
991 4088 1036 4142 si
1060 4103 1187 4143 vero
1220 4103 1509 4158 perpessus
1531 4095 1613 4142 est
1633 4104 1754 4157 quae
1777 4096 1986 4154 narrat,

415 4183 606 4247 utpote
639 4191 701 4231 ea
749 4193 1042 4249 perpessus
1093 4189 1177 4234 est
1218 4180 1365 4232 nulla
1410 4179 1650 4233 adhibita
1705 4179 1985 4248 apulog‘e:

414 4283 540 4322 nam
569 4270 751 4324 omnis
789 4270 1050 4340 apologiae
1078 4269 1199 4325 linis
1223 4278 1306 4324 est
1354 4270 1614 4340 impedire
1657 4286 1725 4325 ne
1750 4271 1984 4339 judices,

413 4368 468 4416 et
512 4363 604 4431 qui
642 4362 730 4432 jus
780 4362 1022 4433 sulfragii
1078 4362 1283 4417 ferendi
1337 4364 1552 4426 habent,
1612 4377 1640 4415 a
1697 4370 1844 4417 recto
1895 4377 1990 4431 per
2026 4404 2064 4456 ι)

417 4452 662 4507 fraudem
703 4462 1060 4521 avertantur;
1115 4455 1222 4510 nisi
1261 4454 1509 4510 l'ortassis
1553 4455 1719 4516 dicat,
1778 4469 1837 4509 se
1862 4453 1989 4522 qui-

415 4545 540 4599 dem
573 4547 821 4616 apologia
857 4562 1016 4602 usum
1045 4563 1186 4611 esse,
1225 4564 1330 4602 non
1363 4555 1542 4602 tamen
1579 4547 1632 4599 in
1683 4562 1834 4600 suam
1868 4562 1989 4600 scn-

419 4637 641 4690 tentiam
676 4638 890 4707 judices
931 4641 1202 4694 adducere
1239 4641 1523 4708 potuisse;
1578 4648 1635 4691 ut
1673 4639 1764 4707 qui
1807 4639 1992 4692 minus

417 4735 604 4798 posset
651 4737 705 4781 et
735 4729 936 4783 valeret
969 4744 1130 4798 quam
1160 4728 1336 4797 ipsius
1361 4728 1679 4783 adversarii.
1719 4728 1824 4781 Sed
1857 4728 1991 4781 nihil

417 4818 686 4884 ejusmodi
719 4819 787 4874 de
812 4820 1023 4889 judicio
1048 4819 1218 4884 dicit,
1262 4835 1437 4888 neque.
1478 4820 1671 4889 potuit.
1703 4819 1805 4886 Qui
1846 4821 1988 4875 enim

421 4909 712 4979 potuisset,
739 4925 861 4965 cum
885 4911 1104 4980 publico
1130 4911 1268 4964 libro
1290 4917 1540 4976 testetur,
1568 4926 1628 4966 se
1652 4910 1989 4966 infensorum

421 5011 477 5058 et
511 5003 615 5058 sibi
649 5001 972 5059 infestorum
996 5005 1243 5073 judicum
1275 5003 1601 5058 sententiam
1626 5001 1997 5058 detrectasse?

423 5091 700 5160 Fatemur,
741 5095 936 5164 inquit,
985 5111 1078 5148 nos
1110 5095 1328 5148 silenter
1362 5094 1642 5149 damnatos
1693 5108 1825 5158 esse,
1875 5109 1993 5146 cum

422 5189 476 5240 in
498 5187 747 5257 judicum
779 5185 1033 5241 subsellia
1060 5187 1290 5255 maleﬁci
1311 5197 1358 5242 et
1401 5187 1858 5259 improbiquidam
1882 5188 1994 5239 υἱο-

425 5280 951 5335 lanterinsiluisscnt.
980 5278 1079 5333 Ubi
1099 5279 1257 5335 valde
1274 5282 1533 5343 oscitans,
1563 5296 1657 5335 seu
1678 5280 1987 5351 indignans,

426 5384 484 5428 ut
538 5374 794 5437 arbitror,
853 5380 908 5429 et
946 5375 1127 5428 animo
1183 5373 1327 5429 aliud
1382 5388 1566 5445 agens,
1630 5373 1992 5429 soloecismum

499 5525 515 5552 ⁷
542 5528 672 5583 Luc.
699 5544 810 5594 xvi,
841 5528 928 5584 10.

498 5663 575 5732 (α)
605 5660 862 5728 Basilius,
887 5663 987 5718 lib.
1013 5680 1050 5729 ι,
1085 5669 1266 5714 contra
1298 5655 1639 5712 Eunomium.

2092 449 2311 518 μεγέθει
2345 451 2438 503 τοῦ
2468 451 2637 505 κακοῦ
2668 453 2729 504 τὸ
2773 452 2936 522 ὄνομα
2969 451 3062 503 τοῦ
3092 448 3483 519 τετολμηκότος
3524 465 3658 519 συμ-

2091 542 2542 610 μνημονεύεσθαι.
2581 544 2811 612 Τοιαύτη
2855 545 2947 596 καὶ
2991 542 3198 604 τούτοις
3238 543 3272 611 ἡ
3304 541 3398 609 τῆς
3429 557 3663 611 περιφαι-

2087 632 2234 695 νείας
2278 634 2560 698 ὑπόθεσις,
2621 634 2757 704 πλὴν
2808 635 2929 687 ὅσον
2985 633 3122 702 πρὸς
3159 633 3219 685 τὸ
3271 631 3451 701 μεῖζον
3495 633 3549 682 ἐν
3582 630 3660 700 τῷ

2088 723 2243 790 κακῷ
2304 725 2402 793 τὴν
2449 724 2800 796 παραλλαγὴν
2839 723 2972 793 ἔχει.
3008 724 3082 776 Ού
3111 723 3219 794 γὰρ
3258 722 3486 792 ἀψύχοις
3521 723 3661 774 οἱκο-

2085 813 2415 884 δομήμασιν,
2445 814 2558 866 ἀλλ’
2590 815 2726 885 αὐτῇ
2755 817 2820 884 τῇ
2849 811 2997 884 ζώσῃ
3033 813 3663 882 οἱκοδομίᾳτῆςἘκκλη-

2087 903 2207 966 σίας
2253 903 2692 974 διαλυμαίνονται
2712 922 2726 936 ·
2769 895 2879 958 οἷόν
2912 922 2965 957 τι-
3008 906 3119 975 πῦρ
3142 903 3239 973 τὴν
3271 903 3363 954 τοῦ
3396 904 3663 972 δόγματος

2087 994 2298 1057 ἐνέντες
2342 996 2684 1066 παραφορὰν.
2741 995 2900 1048 Ἀλλὰ
2940 995 3032 1047 τὸν
3082 994 3182 1065 μὲν
3228 995 3356 1065 περὶ
3396 994 3663 1063 δόγματος

2086 1084 2241 1152 λόγον
2295 1088 2374 1149 εἰς
2401 1086 2493 1138 τὸν
2523 1087 2651 1140 ῖδιον
2683 1086 2872 1157 καιρὸν
2903 1085 3304 1156 ὑπερθήσομαι.

2155 1259 2303 1322 Τέως
2339 1260 2396 1313 δὲ
2447 1258 2540 1312 νῦν
2569 1263 2596 1313 ό
2643 1260 2732 1313 διὰ
2765 1261 2826 1312 τὸ
2876 1258 3157 1330 ἀληθεύειν
3207 1257 3476 1326 μισεῖσθαι
3514 1256 3665 1328 παρά

2083 1349 2191 1403 τῶν
2229 1349 2471 1403 ἀπίστων
2501 1353 2558 1402 ὲν
2597 1349 2901 1421 προοιμίοις
2934 1349 3315 1418 αἰτιασάμενος
3343 1347 3430 1417 οἵα
3463 1349 3662 1418 κέχρη-

2081 1458 2173 1494 ται
2211 1444 2278 1512 τῇ
2329 1441 2556 1513 ἀληθείᾳ
2595 1442 2990 1511 σκοπήσωμεν·
3036 1437 3185 1491 οὐδὲν
3227 1439 3337 1506 γὰρ
3385 1437 3513 1498 ἴσως
3557 1437 3667 1488 dtu-4‘)

2084 1536 2298 1607 καιροῦ,
2327 1537 2423 1591 καὶ
2453 1537 2540 1590 διὰ
2576 1536 2684 1591 τῶν
2715 1534 2818 1600 ἔξω
2852 1534 2948 1589 τοῦ
2984 1534 3250 1604 δόγματος
3287 1532 3478 1599 λόγων,
3517 1533 3666 1592 ὅπως

2083 1626 2194 1697 ἔχει
2228 1627 2356 1698 περί
2401 1627 2659 1698 ἀλήθειαν
2689 1626 2954 1697 μαθόντας
2995 1623 3280 1695 τεκμηρίῳ
3317 1622 3488 1692 τούτῳ
3528 1620 3664 1691 πρὸς

2081 1719 2149 1771 τὰ
2198 1719 2443 1788 δόγματα
2491 1717 2819 1788 χρήσασθαι.
2856 1717 2907 1769 '0
2948 1716 3058 1786 γὰρ
3107 1715 3342 1780 πιστὸς,
3385 1713 3567 1782 φησὶν,
3596 1712 3666 1764 ἐν

2081 1811 2405 1879 ἐλαχίστῳ,
2453 1811 2550 1863 καὶ
2590 1811 2660 1863 ἐν
2691 1807 2897 1874 πρλ..ῖῷ
2939 1809 3151 1873 πιστός
3187 1807 3348 1860 ἐστι·
3387 1804 3481 1858 καὶ
3523 1806 3556 1856 ό
3597 1802 3670 1856 ἐν

2083 1904 2385 1971 ἐλαχίστῳ
2411 1901 2632 1967 ἄδικος,
2665 1902 2761 1954 καὶ
2791 1901 2860 1953 ἐν
2887 1898 3094 1963 πολλῷ
3121 1897 3326 1962 ἄδικός
3350 1895 3497 1948 ἐστι.
3527 1895 3669 1947 Μέλ-

2084 1993 2190 2043 λων
2228 1992 2334 2060 γὰρ
2361 1992 2458 2060 τὴν
2489 1991 2626 2060 ὑπὲρ
2654 1990 2752 2059 τῆς
2781 1989 3074 2056 ἀπολογίας
3101 1986 3396 2053 ἀπολογίαν
3424 1984 3666 2052 συγγρά-

2085 2099 2227 2150 φειν,
2269 2081 2366 2152 τὴν
2404 2081 2595 2152 καινὴν
2646 2081 2740 2135 καὶ
2777 2079 3082 2148 παράλογον
3117 2077 3318 2145 ταύτην
3349 2073 3444 2126 τοῦ
3505 2073 3663 2140 λόγου

2086 2175 2178 2227 καὶ
2229 2175 2538 2242 ἐπιγραφὴν
2584 2174 2677 2226 καὶ
2728 2169 3131 2240 ὐπόθεσιν,τὴν
3169 2168 3347 2220 αἰτίαν
3398 2164 3542 2232 λέγει
3567 2164 3666 2230 τῆς

2085 2265 2351 2335 τοσαύτης
2376 2263 2834 2335 παραδοξολογίας
2874 2263 2972 2332 οὐχ
3012 2257 3294 2331 ἑτέρωθεν,
3337 2256 3448 2310 ἀλλ’
3481 2258 3544 2308 ὲκ
3573 2254 3665 2306 τοῦ

2085 2356 2430 2418 ἀντειπόντος
2474 2354 2620 2425 αὐτῷ
2676 2355 2812 2423 πρὸς
2862 2353 2955 2405 τὸν
3001 2353 3265 2422 πρότερον
3342 2345 3668 2416 γεγενῆσθαι

2085 2445 2270 2514 λόγον·
2331 2443 2523 2513 ἐκείνῳ
2576 2443 2672 2514 μὲν
2719 2443 2828 2512 γὰρ
2868 2437 2936 2512 ἧν
2985 2440 3061 2510 τῷ
3113 2439 3256 2508 λόγῳ
3303 2436 3563 2504 ἀπολογία
3607 2433 3669 2486 τδ

2085 2537 2284 2607 ὄνομα·
2319 2535 2613 2606 λαϐόμενος
2663 2535 2720 2588 δὲ
2766 2535 2859 2587 τοῦ
2896 2531 3214 2587 διδασκάλου
3230 2531 3418 2600 ήμῶν,
3464 2527 3537 2588 ὼς
3571 2528 3669 2595 μό-

2087 2646 2196 2692 νοις
2239 2630 2348 2690 τοῖς
2405 2627 2896 2697 κατηγορουμένοις
2950 2624 3050 2694 τῆς
3090 2621 3384 2689 ἀπολογίας
3432 2620 3669 2689 πρεπού-

2089 2736 2219 2791 σης·
2257 2721 2304 2771 εί
2341 2718 2396 2771 δέ
2438 2735 2522 2780 τις
2562 2719 2645 2786 ἐφ’
2680 2716 2870 2769 ἑαυτοῦ
2925 2714 3045 2767 κατ’
3092 2711 3338 2779 ἐξουσίαν
3381 2709 3669 2778 γεγράφοι,

2089 2811 2214 2866 ἄλλο
2249 2826 2321 2874 τι,
2362 2808 2456 2862 καὶ
2480 2809 2581 2860 οὐκ
2613 2807 2906 2874 ἀπολογίαν
2935 2801 3071 2857 εἶναι
3100 2803 3159 2855 τὸ
3190 2801 3667 2871 συγγραφόμενον·

2089 2903 2165 2972 τῷ
2208 2901 2305 2972 μὲν
2339 2901 2412 2971 μὴ
2448 2901 2555 2953 δεῖν
2585 2900 2676 2952 ἐπὶ
2711 2897 3055 2968 προλαϐούσῃ
3084 2894 3386 2966 κατηγορίᾳ
3411 2892 3508 2963 τὴν
3536 2893 3674 2945 ἀπο-

2093 2994 2278 3062 λογίαν
2321 2991 2590 3045 ποιεῖσθαι
2615 2989 2700 3043 διὰ
2726 2990 2784 3042 τὸ
2813 2987 3108 3058 περιφανὲς
3151 2987 3251 3056 τῆς
3298 2983 3542 3046 ἀτοπίας,
3571 2982 3675 3034 οὐκ

2089 3083 2390 3152 ἀντιλέγει·
2421 3082 2496 3145 ὡς
2531 3081 2588 3134 δὲ
2631 3077 3025 3150 κατηγορηθεὶς
3063 3076 3154 3128 ἐπὶ
3196 3075 3492 3146 μεγίστοις,
3536 3073 3675 3143 πρὸς

2089 3177 2188 3248 τὴν
2218 3175 2595 3243 ἐπενεχθεῖσαν
2623 3172 2800 3242 κρίσιν
2825 3167 3266 3238 ἀπολογήσασθαί
3303 3183 3483 3234 φησιν.
3504 3162 3674 3216 ὐσον

2089 3272 2145 3324 δὲ
2186 3271 2245 3323 τὸ
2282 3267 2476 3338 ψεῦδός
2529 3268 2674 3318 ἐστιν
2722 3267 2778 3317 ἐν
2817 3264 3043 3327 τούτοις,
3087 3259 3351 3330 πρόδηλον
3396 3258 3456 3322 ἐξ
3495 3256 3674 3309 αὐτῶν

2091 3359 2242 3432 οἶμαι
2270 3359 2378 3413 τῶν
2411 3356 2714 3427 εἰρημένων
2739 3352 3092 3425 γενήσεσθαι·
3128 3349 3296 3403 πολλά
3357 3348 3449 3400 καὶ
3477 3345 3675 3399 δυσϐά-

2095 3469 2299 3507 στακτα
2332 3451 2490 3519 πάθη
2535 3467 2609 3502 πα
2621 3449 2685 3520 ρά
2714 3447 2820 3502 τῶν
2858 3443 3296 3516 κατακρινάντων
3329 3439 3493 3494 αὑτοῦ
3523 3454 3676 3505 γεγε-

2093 3544 2284 3614 νῆσθαι
2331 3541 2713 3614 κατῃτιὰσατο.
2761 3537 2870 3592 Καὶ
2920 3535 3095 3589 ταῦτα
3143 3533 3348 3596 ἔξεστιν
3390 3531 3452 3594 ἐξ
3495 3529 3676 3582 αὐτῶν

2093 3636 2202 3689 τῶν
2229 3634 2357 3706 παρ’
2389 3632 2554 3688 αὐτοῦ
2585 3628 2984 3700 γεγραμμένων
3015 3626 3223 3696 μαθεῖν.

2165 3728 2287 3791 Πῶς
2316 3722 2408 3780 οὖν
2445 3726 2618 3779 ταῦτα
2655 3720 2941 3783 πέπονθεν,
2989 3719 3145 3788 εἴπερ
3187 3717 3279 3768 ἐπὶ
3330 3715 3444 3791 ταῖς
3475 3712 3675 3775 αἰτίαις

2093 3818 2495 3888 ἀπολελόγητο;
2524 3817 2586 3868 Ei
2635 3814 2730 3885 μὲν
2777 3813 2884 3884 γὰρ
2911 3812 3180 3882 ἐχρήσατο
3227 3807 3359 3878 πρὸς
3388 3804 3677 3873 ἀποφυγὴν

2093 3912 2200 3966 τῶν
2245 3907 2604 3980 ἐγκλημάτων
2642 3909 2707 3978 τῇ
2751 3905 3044 3974 ἀπολογίᾳ,
3078 3901 3276 3971 ψευδὴς
3322 3902 3355 3969 ἡ
3399 3897 3677 3969 τραγῳδία

2096 4003 2310 4063 πάντως
2358 3999 2537 4068 ἐκείνη
2583 3998 2677 4050 καὶ
2717 3997 2890 4066 μάτην
2926 3991 3436 4063 συμπέπλασται·εί
3480 3989 3535 4040 δὲ
3577 3987 3679 4039 πέ-

2096 4091 2288 4146 πονθεν
2335 4091 2480 4159 ἆπερ
2525 4090 2747 4158 εἴρηκε,
2790 4084 3028 4156 δηλονότι
3072 4084 3145 4154 μὴ
3198 4081 3678 4150 ἀπολογησάμενος

2096 4183 2350 4236 πέπονθε.
2403 4182 2587 4250 Πάσης
2635 4179 2744 4248 γὰρ
2791 4175 3084 4244 ἀπολογίας
3125 4169 3276 4236 οὗτός
3315 4174 3460 4226 ἐστιν
3491 4173 3518 4224 ό
3552 4187 3679 4223 σκο-

2096 4277 2216 4340 πὸς,
2249 4275 2309 4327 τὺ
2351 4273 2424 4344 μὴ
2463 4273 2619 4326 ἐᾶσαι
2660 4268 3140 4340 παρακρουσθῆναι
3181 4265 3268 4319 διὰ
3313 4262 3674 4330 συκοφαντίας

2096 4367 2222 4428 τοὺς
2253 4365 2473 4435 κυρίους
2522 4362 2619 4433 τῆς
2674 4360 2887 4430 ψήφου·
2929 4361 2977 4412 εί
3013 4358 3086 4429 μὴ
3137 4357 3245 4427 ἄρα
3295 4354 3452 4407 τοῦτο
3497 4352 3674 4420 λέγειν

2093 4459 2449 4527 ἐπιχειρήσει,
2482 4455 2564 4506 ὅτι
2593 4452 2688 4523 τὴν
2717 4452 2814 4523 μὲν
2856 4448 3148 4516 ἀπολογίαν
3187 4447 3276 4500 ἐπὶ
3311 4446 3411 4515 τῆς
3443 4444 3675 4515 κρίσεως

2093 4547 2452 4619 προεϐάλετο·
2495 4542 2939 4616 προσαγαγέσθαι
2967 4539 3022 4592 δὲ
3065 4539 3188 4600 τοὺς
3217 4537 3454 4600 δικάζειν
3488 4533 3677 4601 λαχόν-

2092 4655 2192 4701 τας
2221 4638 2281 4690 ob
2314 4635 2558 4706 δυνηθεὶς
2603 4633 2712 4687 τῶν
2757 4629 3168 4686 ἀντιδικούντων
3195 4625 3499 4696 ἠλαττώθη.
3537 4624 3675 4676 Ἀλλ’

2093 4729 2192 4781 ούκ
2225 4724 2375 4779 εἶπεν
2398 4726 2488 4778 ἐπὶ
2520 4725 2618 4794 τῆς
2649 4723 2879 4794 κρίσεως
2906 4718 3144 4773 τοιοῦτον
3172 4717 3344 4779 οὐδὲν,
3371 4716 3489 4768 οὐδὲ
3515 4714 3675 4783 ἐμέλο

2093 4821 2242 4891 λησε.
2282 4820 2404 4882 Πῶς
2433 4819 2576 4889 γάρ;
2621 4817 2719 4878 Ὃς
2745 4832 2806 4884 γε
2841 4814 3091 4884 ὁμολογεῖ
3127 4810 3215 4864 διά
3249 4808 3677 4878 συγγράμματος

2095 4913 2156 4966 τὸ
2181 4913 2292 4973 τοῖς
2321 4909 2534 4980 ἐχθροῖς
2567 4925 2626 4962 τε
2655 4908 2746 4960 καὶ
2774 4904 3046 4975 πολεμίοις
3067 4903 3344 4963 δικασταῖς
3373 4897 3678 4969 χρήσασθαι

2101 5001 2175 5072 μὴ
2211 5000 2483 5072 ἐθελῆσαι.
2526 4998 2723 5068 Ἡμεῖς
2771 4995 2899 5066 γὰρ,
2949 4995 3132 5065 φησὶν,
3189 4992 3278 5044 ὅτι
3337 4987 3680 5049 σιωπῶντες

2096 5093 2382 5160 ἑάλωμεν,
2410 5089 2836 5161 ὁμολογοῦμεν,
2870 5086 3214 5154 κακούργων
3267 5081 3362 5135 καὶ
3401 5077 3680 5145 πονηρῶν

2099 5185 2213 5254 τὴν
2243 5183 2361 5238 τῶν
2391 5183 2747 5242 δικαζόντων
2773 5178 2969 5248 χώραν
3000 5173 3461 5245 είσςορησιίντων
3479 5191 3492 5205 ο
3527 5171 3676 5230 ἔνθα,

2099 5279 2193 5331 καὶ
2236 5277 2436 5347 σφόδρα
2478 5274 2781 5344 σφαδάζων,
2827 5272 2905 5335 ὡς
2951 5263 3123 5338 οἶμαι,
3174 5269 3267 5321 καὶ
3313 5265 3390 5334 τῷ
3436 5260 3676 5332 λογισμῷ

2105 5368 2236 5439 πρὸς
2264 5367 2469 5437 ἑτέροις
2507 5364 2601 5429 ὢν,
2642 5362 2982 5434 ἐμπλακέντα
3023 5356 3099 5429 τῷ
3138 5356 3280 5426 λόγῳ
3323 5354 3412 5408 τὸν
3445 5351 3673 5406 σολοικι-
