4066 6146
412 144 520 203 26‘)

1567 149 1846 204 CONTRA
1883 151 2270 219 EUNOMIUM,
2313 151 2437 205 LIB.
2486 152 2527 205 1.
3567 147 3672 203 270

418 262 557 333 crva
599 261 927 333 εὖπαρόφως
975 264 1036 316 οὐ
1086 264 1398 333 κατενόησε,
1446 267 1584 318 πάνυ
1632 268 1874 339 σοϐαρῶς
1928 272 1992 338 τῇ

2133 271 2279 325 erbis
2331 269 2543 325 admitti
2601 283 2708 320 non
2758 263 3157 330 animadvertit,
3228 257 3488 311 vocabulo
3544 258 3675 312 insi-

416 354 565 420 λέξει
599 353 715 406 τῶν·
730 354 1287 426 εὶσφρήσαντωνω)
1316 357 1696 421 ὑπαττικίσας,
1716 360 1789 422 ὡς
1820 364 1850 431 ἡ
1871 380 1901 430 χ
1909 362 2005 431 ρῆ-

418 462 528 506 σις,
553 445 683 512 ἀλλη
721 447 819 516 μὲν
859 445 1009 516 παρὰ
1041 447 1150 509 τοῖς
1190 447 1575 517 κατωρθωκόσι
1600 448 1690 501 τὸν
1718 449 1894 517 λόγον,
1936 453 2003 519 ἣν

418 537 599 588 ἴσασιν
648 538 696 588 οἱ
739 540 849 599 τοῖς
894 537 987 589 τοῦ
1038 539 1264 609 ῥήτορος
1312 538 1491 606 λόγοις
1526 539 2004 608 καθομιλήσαντες,

417 627 552 697 ἄλλη
587 627 643 680 δὲ
674 627 820 696 παρὰ
845 628 923 699 τῷ
956 628 1059 696 νέῳ
1092 630 1374 699 ἀττικιστῇ
1403 630 1659 700 ἐνομίσθη
1680 647 1692 659 ·
1719 631 1831 683 ἀλλ’
1857 632 2008 683 οὐδὲν

417 717 580 768 τοῦτο
604 718 739 787 πρὸς
766 717 855 769 τὸν
885 718 1082 770 σκοπὸν
1113 719 1201 769 τὸν
1232 720 1527 790 ἡμέτερον.

494 829 705 898 Μικρὸν
745 829 799 880 δὲ
846 828 1140 897 προελθὼν,
1189 832 1282 882 καὶ
1318 831 1474 884 τοῦτο
1522 831 1913 901 προστίθησιν·
1945 832 2013 883 El

425 918 533 985 γὰρ
574 916 663 968 ὅτι
711 917 794 985 μὴ
836 917 956 985 τοῖς
1004 918 1348 985 κατηγόροις
1396 918 1708 984 δικασταῖς
1750 918 2012 987 ἐχρησὰ-

418 1026 565 1078 μην,
600 1008 697 1060 διὰ
735 1008 907 1062 τοῦτο
963 1009 1228 1077 ἀναιρεῖν
1272 1011 1456 1063 οἴεται
1500 1009 1615 1078 τὴν
1658 1011 2010 1078 ἀπολογίαν·

424 1101 685 1166 λέληθεν
736 1099 955 1153 ἑαυτὸν
998 1101 1140 1153 λίαν
1180 1101 1265 1154 ὢν
1314 1100 1608 1169 ἀκέραιος.
1661 1102 1797 1154 Πότε
1851 1097 1943 1153 οὖν
1988 1103 2015 1153 6

426 1190 645 1260 δριμὺς,
685 1191 777 1242 καὶ
818 1192 910 1243 ἐπὶ
947 1192 1106 1244 τίνων
1135 1192 1548 1263 ἀπολελόγηται,
1578 1195 1607 1245 6
1645 1193 1770 1254 τοὺς
1806 1192 1902 1261 μὲν
1940 1191 2016 1244 δι-

431 1281 639 1344 καστὰς
665 1282 749 1335 διὰ
773 1284 873 1353 τὴν
906 1283 1102 1354 ἔχθραν
1134 1283 1649 1355 παραγραψάμενος,
1686 1283 1814 1351 περὶ
1840 1282 1895 1334 δὲ
1919 1283 2017 1351 τὴν

434 1375 634 1443 κρίσιν,
682 1374 760 1437 ὼς
812 1375 975 1437 αὐτὸς
1034 1376 1465 1442 διαϐεϐαιοῦται,
1520 1377 1781 1445 σιγήσας;
1825 1375 2016 1443 Ὁρᾶτε

434 1464 524 1515 τὸν
564 1464 787 1532 σφοδρὸν
822 1465 923 1533 τῆς
968 1465 1222 1535 ἀληθείας
1263 1467 1600 1537 ἀγωνιστήν·
1632 1466 1707 1529 ὼς
1742 1467 1808 1518 δι’
1836 1465 2017 1533 ὀλίγου

440 1553 873 1623 μεταϐαλόμενος
896 1555 1180 1625 αὐτομολεῖ
1209 1557 1343 1626 πρὸς
1367 1556 1430 1608 τὸ
1450 1555 1660 1623 ψεῦδος,
1698 1557 1791 1609 καὶ
1814 1554 1891 1625 τῷ
1929 1555 2020 1624 ρή-

2108 360 2343 413 h'entium
2390 357 2676 427 magniﬁce
2737 356 2960 409 atticum
3016 367 3175 422 agere
3226 364 3347 406 sese
3398 358 3570 403 ratus.
3607 350 3673 401 At

2106 452 2269 521 hujus
2303 453 2454 505 vocis
2481 450 2645 503 alium
2688 463 2807 502 esse
2842 461 3023 508 usum,
3066 458 3227 514 quam
3269 457 3441 497 novus
3490 441 3674 494 attici-

2108 555 2188 599 sta
2219 544 2516 606 censuerit,
2563 542 2819 597 omnibus
2848 549 3187 609 compertum
3219 543 3321 599 est,
3358 534 3451 605 qui
3492 533 3677 587 rheto-

2107 652 2227 690 rum
2268 635 2553 705 praeceptis
2581 634 2783 689 exculti
2820 638 2949 687 sunt
2983 649 2996 684 :
3039 629 3136 684 sed
3170 629 3283 683 haec
3316 626 3447 681 nihil
3481 624 3548 679 ad
3579 636 3680 678 no-

2109 736 2282 782 strum
2312 726 2669 797 propositum.

2181 836 2309 891 Post
2342 850 2510 904 pauca
2553 834 2665 888 haec
2694 834 2957 903 adjnngit,
3010 833 3069 887 Si
3098 834 3238 885 enim
3266 840 3536 900 propterea
3564 833 3679 885 exi-

2111 930 2291 980 stimat
2338 926 2635 995 apologium
2667 924 2903 993 funditus
2955 924 3090 985 tolli,
3139 924 3274 992 quod
3309 923 3514 991 judices
3566 938 3683 975 cor-

2112 1026 2291 1084 ruptos
2324 1017 2455 1085 fugi,
2487 1015 2636 1070 valde
2664 1017 2742 1069 vir
2769 1015 2932 1069 bonus
2959 1015 3188 1083 fallitur.
3227 1013 3458 1080 Quando
3494 1012 3682 1082 igitur,

2113 1116 2167 1162 et
2195 1108 2336 1176 apud
2364 1123 2503 1177 quos
2534 1124 2659 1163 acer
2685 1110 2787 1163 iste
2818 1106 3121 1176 apologiam
3154 1105 3410 1167 instituit,
3447 1104 3492 1157 si
3524 1112 3579 1157 et
3603 1102 3686 1171 ju-

2114 1200 2283 1265 dices,
2320 1206 2381 1253 ut
2408 1200 2613 1263 hostes,
2649 1200 2806 1268 fugit,
2843 1210 2896 1254 et
2929 1200 2982 1252 in
3013 1199 3131 1267 ipso
3172 1197 3400 1266 judicio,
3446 1203 3506 1249 ut
3543 1196 3688 1265 ipse-

2116 1299 2225 1345 met
2263 1291 2480 1357 asserit,
2511 1291 2817 1349 conticuit?
2847 1290 3086 1359 Aspicite
3114 1288 3390 1359 egregium
3414 1287 3563 1340 hunc
3593 1302 3688 1340 ve-

2118 1380 2295 1436 rilatis
2315 1390 2794 1451 propugnatorem,
2812 1379 2904 1450 qui
2932 1379 3031 1432 levi
3051 1386 3326 1432 momento
3344 1377 3684 1435 immutatus,

2120 1480 2313 1541 sponte
2337 1485 2436 1527 sua
2471 1473 2578 1526 ruit
2606 1472 2671 1526 ad
2707 1471 3074 1533 mendacium,
3124 1481 3178 1524 et
3204 1469 3371 1522 verbo
3402 1466 3686 1522 veritatem

2122 1563 2421 1627 honorans,
2458 1562 2600 1617 facto
2627 1562 2804 1618 eidem
2836 1562 3158 1616 reluctatur.
3190 1558 3296 1613 Sed
3326 1558 3456 1612 illud
3484 1557 3690 1627 jucun-

440 1662 571 1712 ματι
593 1645 762 1713 τιμῶν
784 1644 880 1715 τὴν
902 1646 1157 1716 ἀλήθειαν
1182 1648 1274 1698 ἐπὶ
1299 1647 1405 1700 τῶν
1435 1648 1610 1717 ἔργων
1639 1645 2018 1700 ἀντικαθίστα-

2131 1653 2247 1708 dum
2291 1662 2410 1719 est,
2462 1654 2608 1724 quod
2643 1655 2807 1708 etiam
2836 1654 2889 1707 in
2924 1651 3230 1721 patrocinio
3264 1650 3533 1705 mendacii
3569 1650 3691 1702 lan-

438 1752 544 1787 ται.
598 1736 734 1786 Ἀλλ’
760 1738 935 1788 ἐκεῖνο
976 1737 1194 1807 χάριεν
1245 1740 1324 1791 ὅτι
1371 1740 1463 1791 καὶ
1499 1737 1635 1807 πρὸς
1677 1738 1843 1806 αὐτὴν
1878 1740 2021 1804 ἀγω-

440 1828 520 1875 νεῖ
539 1824 611 1892 (b)
638 1824 959 1895 συνηγορίαν
987 1826 1078 1878 τοῦ
1099 1826 1343 1895 ψεύδους.
1388 1828 1509 1889 Πῶς
1537 1827 1644 1899 γάρ
1673 1828 1700 1878 6
1725 1826 1900 1890 αὐτὸς,
1930 1827 2022 1878 καὶ¹

438 1916 659 1978 δικαίως
688 1916 821 1985 πρὸς
848 1916 945 1986 τὴν
978 1917 1358 1987 ὑπενεχθεῖσαν
1401 1918 1581 1987 κρίσιν
1606 1918 2021 1986 ἀπολελόγηται,

441 2009 535 2059 καὶ
562 2008 836 2077 φρονίμως
869 2010 1027 2062 πάλιν
1055 2009 1141 2062 διὰ
1167 2008 1227 2061 τὸ
1264 2008 1321 2059 ὲν
1357 2008 1568 2077 ἐχθροῖς
1599 2003 1738 2060 εἶναι
1765 2007 1862 2077 τὴν
1895 2006 2013 2076 κρί-

444 2114 547 2158 σιν,
578 2098 966 2167 ἀπεσιώπησε;
1002 2097 1198 2150 Καίτοι
1225 2098 1317 2150 καὶ
1345 2097 1411 2148 δι’
1444 2095 1607 2149 αὑτοῦ
1641 2094 1734 2148 τοῦ
1770 2096 1948 2163 λόγου,

440 2189 538 2257 τὴν
574 2190 865 2256 ἀπολογίαν
896 2190 1190 2261 ἐπέγραψε,
1224 2187 1470 2259 φανερῶς
1511 2187 1781 2240 δείκνυται
1818 2188 1878 2239 τὸ
1921 2204 2024 2257 μη-

441 2280 627 2349 δαμῶς
653 2282 909 2351 συστῆναι
936 2281 1083 2351 αὐτῷ
1113 2281 1483 2349 δικαστήριον.
1535 2278 1608 2332 Οὐ
1644 2277 1749 2348 γὰρ
1790 2276 1924 2347 πρὸς
1951 2277 2026 2328 δι-

442 2374 649 2435 καστὰς
672 2373 1005 2443 ὡρισμένους
1032 2373 1091 2424 τὸ
1115 2371 1393 2442 προοίμιον
1434 2368 1526 2422 τοῦ
1557 2369 1713 2438 λόγου
1749 2367 2025 2439 προτείνε-

442 2479 555 2523 ται,
581 2463 715 2515 ἀλλά
753 2463 885 2532 πρός
923 2479 1073 2524 τινας
1104 2461 1385 2531 ἀορίστους
1427 2457 1766 2528 ἀνθρώπους,
1802 2456 1929 2519 τούς
1966 2471 2028 2509 τε

443 2552 585 2605 κατὰ
607 2554 700 2605 τὸν
722 2553 911 2622 καιρὸν
936 2554 1139 2604 ἐκεῖνον
1167 2551 1347 2613 ὄντας,
1394 2551 1486 2602 καὶ
1525 2550 1651 2612 τοὺς
1695 2546 1917 2617 ὕστερον
1940 2563 2030 2613 γε·

442 2644 800 2713 νησομένους·
851 2644 933 2711 ἐφ’
982 2638 1066 2704 οἷς
1119 2642 1290 2710 ἔγωγε
1342 2641 1439 2693 καὶ
1484 2640 1646 2703 αὐτὸς
1694 2638 2026 2709 συντίθεμαι,

446 2734 691 2803 μεγάλης
731 2732 877 2801 αὐτῷ
905 2733 1012 2785 δεῖν
1044 2734 1141 2801 τῆς
1185 2730 1499 2799 ἀπολογίας,
1540 2730 1600 2782 οὑ
1637 2729 1779 2783 κατά
1807 2730 1905 2799 τὴν
1936 2728 2031 2781 νῦν

446 2825 877 2893 σ’δγγραφεῖσαν,
912 2823 1097 2891 ἐτέρας
1145 2821 1304 2874 πάλιν
1340 2820 1634 2888 ἀπολογίας
1677 2820 1756 2881 εἰς
1804 2835 2031 2886 συνηγο-

450 2917 572 2985 ρίαν
606 2913 1025 2985 προσδεομένην,
1055 2913 1187 2966 ἀλλὰ
1213 2929 1355 2975 τινος
1378 2914 1596 2983 γενικῆς
1622 2928 1681 2965 τε
1712 2912 1804 2963 καὶ
1827 2910 2031 2981 ἔμφρο-

446 3025 535 3069 νος
565 3009 747 3059 πεῖσαι
786 3006 910 3068 τοὺς
939 3004 1229 3066 ἀκούοντας
1266 3004 1586 3074 δυναμένης,
1621 3004 1703 3055 ὅτι
1733 3004 2027 3072 γέγραφεν.

454 3102 552 3159 Ὃς
588 3098 935 3168 δικαστήριον
974 3097 1153 3167 ἑαυτῷ
1196 3095 1507 3166 συνεκρότει
1552 3093 1660 3147 τῶν
1710 3096 1844 3165 μήτε
1893 3110 2033 3164 παρ-

448 3191 635 3249 όντων,
662 3189 801 3258 τάχα
822 3188 876 3242 δὲ
909 3184 1047 3254 μήτε
1062 3180 1425 3252 γεννηθέντων
1444 3185 1745 3257 ἀνθρώπων
1762 3203 1773 3215 ·
1803 3186 1893 3237 καὶ
1924 3186 2035 3246 τοῖς

451 3284 550 3334 οὐκ
575 3278 724 3334 οὖσιν
751 3281 1087 3347 ἀπελογεῖτο,
1114 3280 1207 3332 καὶ
1242 3281 1538 3349 παρῃτεῖτο
1562 3279 1685 3341 τοὺς
1712 3277 1786 3348 μὴ
1820 3276 2035 3344 γεγονό-

452 3390 572 3435 τας,
609 3372 682 3440 μὴ
711 3370 788 3440 τῷ
821 3369 1013 3440 πλήθει
1043 3368 1334 3440 διακρίνειν
1363 3370 1463 3437 τῆς
1508 3366 1762 3437 ἀληθείας
1810 3367 1869 3417 τὸ
1901 3366 2032 3434 ψεῦ·

453 3466 561 3527 δος,
591 3467 656 3533 τῇ
692 3463 892 3515 πλείονι
931 3460 1094 3531 μοίρᾳ
1121 3459 1180 3512 τὸ
1209 3461 1451 3529 κρεῖττον
1484 3460 1868 3519 συνάπτοντας.
1906 3456 2038 3527 Πρέ-

459 3570 548 3606 πει
574 3553 683 3621 γὰρ
727 3551 894 3612 ὅντως
948 3549 1083 3619 πρὸς
1134 3550 1255 3610 τοὺς
1309 3546 1584 3609 τοιούτους
1623 3545 1881 3606 δικαστὰς
1914 3545 2038 3605 τοὺς

459 3645 539 3696 ἔτι
565 3647 621 3695 ἐν
641 3646 705 3714 τῇ
725 3642 885 3711 όσιρύῖ
908 3641 1013 3694 τῶν
1046 3641 1289 3709 πατέρων
1317 3638 1473 3701 ὄντας
1504 3638 1601 3706 τὴν
1622 3636 1876 3705 τοιαύτην
1905 3636 2039 3688 ἀπο·

459 3737 643 3802 λογίαν
672 3733 1062 3805 προτείνεσθαι,
1112 3732 1207 3785 καὶ
1245 3728 1453 3783 οἴεσθαι
1494 3728 1676 3781 δίκαια
1723 3726 1923 3793 λέγειν,
1959 3726 2040 3783 ὅτι

458 3833 577 3891 ταῖς
607 3828 820 3881 πάντων
864 3826 1041 3890 δόξαις
1098 3824 1255 3893 μόνος
1299 3821 1622 3875 ἀντιϐαίνειν
1671 3819 1903 3887 ἔγνωκε·
1948 3820 2042 3871 καὶ

460 3921 566 3973 τῶν
614 3919 751 3971 κατά
788 3919 965 3971 πᾶσαν
992 3916 1097 3986 τὴν
1120 3912 1443 3983 οἰκουμένην
1466 3912 1528 3964 τὸ
1567 3911 1735 3980 ὄνομα
1778 3908 1873 3962 τοῦ
1907 3910 2041 3979 Χρι-

463 4011 589 4065 στοῦ
612 4010 957 4074 δοξαζόντων,
983 4007 1426 4077 ἀξιοπιστοτέραν
1449 4004 1616 4057 οἴεται
1644 4003 1741 4074 τὴν
1762 4002 2039 4073 πεπλανη-

467 4104 633 4172 μένην
665 4100 855 4154 ὲαυτοῦ
882 4099 979 4169 τῆς
1002 4098 1178 4168 ψυχῆς
1204 4095 1518 4165 φαντασίαν.

538 4215 814 4283 Γραφέτω,
862 4214 911 4265 εἱ
959 4212 1121 4279 δοκεῖ,
1166 4211 1258 4265 καὶ
1302 4211 1397 4280 τῆς
1440 4208 1697 4277 δευτέρας
1751 4205 2046 4274 ἀπολογίας

2120 1745 2348 1815 guescit.
2383 1743 2666 1811 Quomodo
2694 1743 2840 1798 enim
2888 1742 3029 1797 idem
3062 1742 3208 1810 juste
3233 1740 3301 1794 de
3329 1740 3557 1808 objectis
3585 1738 3692 1792 cri-

2121 1834 2363 1889 minibus
2416 1848 2511 1903 per
2567 1832 2873 1903 apologiam
2927 1845 3047 1884 sese
3082 1828 3356 1898 purgavit,
3411 1835 3467 1881 et
3497 1841 3692 1881 rursus

2121 1923 2418 1993 prudenter
2467 1923 2754 1985 conticuit,
2806 1922 2949 1992 quod
2988 1920 3202 1991 judices
3231 1925 3416 1974 essent
3461 1915 3695 1971 hostes?

2122 2016 2299 2085 Atque
2327 2016 2417 2069 illa
2446 2015 2560 2084 ipsa
2584 2016 2851 2079 oratione,
2880 2027 3043 2082 quam
3064 2010 3345 2079 inscripsit
3367 2007 3692 2079 apologiam,

2124 2107 2411 2162 manifeste
2450 2106 2759 2161 ostenditur
2792 2105 2857 2158 ad
2904 2104 3111 2157 nullum
3165 2111 3423 2171 tanquam
3456 2100 3696 2154 tribunal

2126 2199 2286 2252 istum
2320 2197 2488 2252 fuisse
2516 2188 2788 2250 vocatu'm.
2817 2194 3004 2264 Neque
3037 2194 3181 2249 enim
3212 2192 3278 2247 ad
3308 2201 3489 2247 certos
3516 2198 3570 2245 et
3601 2190 3698 2243 de-

2128 2287 2307 2343 ﬁnitos
2348 2286 2564 2355 judices
2600 2286 2923 2354 prooemium
2957 2284 3223 2340 orationis
3254 2282 3459 2354 dirigit,
3495 2280 3590 2337 sed
3629 2282 3695 2349 ad

2125 2376 2388 2446 quosdam
2438 2377 2675 2430 incertos
2704 2374 2977 2437 homines,
3030 2382 3138 2427 tam
3189 2372 3281 2443 qui
3326 2373 3419 2427 illo
3458 2379 3699 2441 tempore

2124 2467 2402 2529 vivebant,
2450 2480 2614 2535 quam
2653 2465 2744 2534 qui
2795 2472 2981 2533 postea
3021 2462 3288 2517 nascituri
3330 2468 3519 2515 erant:
3555 2458 3698 2527 apud

2126 2572 2265 2626 quos
2324 2555 2497 2610 fateor
2522 2564 2574 2611 et
2599 2571 2697 2625 ego
2771 2555 2930 2624 longa
2965 2553 3209 2622 apologia
3248 2552 3349 2621 ipsi
3386 2566 3523 2620 opus
3554 2564 3697 2613 esse,

2129 2659 2236 2697 non
2337 2643 2499 2698 simili
2544 2642 2683 2712 ejus,
2734 2658 2894 2711 quam
2946 2656 3091 2695 nunc
3133 2640 3448 2709 publicavit,
3488 2653 3612 2692 eum
3646 2644 3702 2691 et

2130 2736 2247 2806 ipsa
2274 2735 2375 2789 alia
2408 2734 2641 2805 quadam
2676 2734 2922 2804 apologia
2947 2733 3183 2802 indigeat
3222 2750 3235 2785 :
3276 2730 3368 2785 sed
3411 2730 3515 2782 alia
3540 2742 3695 2797 gene-

2131 2828 2229 2881 rali
2259 2836 2311 2882 et
2337 2834 2612 2888 accurata,
2647 2842 2768 2895 qua:
2789 2825 3138 2885 audientibus
3158 2821 3483 2892 persuadere
3520 2828 3702 2889 queat,

2132 2922 2310 2989 ipsum
2344 2919 2541 2973 mentis
2568 2925 2868 2988 compotem
2897 2933 3001 2971 non
3033 2916 3222 2978 fuisse,
3254 2930 3378 2970 cum
3425 2914 3539 2968 haec
3576 2913 3704 2967 talia

2136 3008 2340 3063 chartis
2380 3008 2632 3062 illineret.
2666 3007 2859 3061 Mentis
2888 3022 3112 3075 compos
3134 3021 3243 3059 non
3263 3012 3399 3067 erat,
3430 3005 3522 3074 qui
3554 3018 3706 3058 com-

2135 3098 2443 3153 miniscilur
2492 3097 2726 3166 judices,
2778 3113 2953 3166 neque
3005 3105 3323 3166 prasentes.
3373 3103 3428 3150 et
3457 3095 3706 3150 fortassis

2137 3206 2311 3259 neque
2343 3198 2518 3248 natos,
2552 3198 2604 3243 et
2647 3201 2832 3241 coram
2871 3187 2978 3241 illis
3016 3188 3108 3257 qui
3139 3203 3244 3240 non
3275 3195 3425 3249 sunt,
3458 3201 3580 3241 sese
3613 3186 3709 3240 de-

2138 3280 2349 3347 fendit;
2408 3286 2672 3349 rogatque
2726 3279 2959 3333 necdum
3010 3284 3190 3341 natos,
3248 3293 3316 3332 ne
3366 3277 3710 3331 multitudine

2136 3371 2419 3426 veritatem
2469 3386 2498 3423 a
2535 3370 2818 3425 mendacio
2865 3368 3181 3424 discernere
3215 3369 3402 3422 velint.
3451 3369 3519 3421 At
3557 3368 3710 3423 decet

2140 3460 2445 3531 hujusmodi
2476 3462 2711 3531 judices,
2741 3460 2834 3530 qui
2868 3459 3048 3515 adhuc
3091 3460 3143 3513 in
3188 3459 3387 3514 lumbis
3422 3467 3708 3529 parentum

2139 3568 2361 3608 suorum
2401 3552 2771 3615 continentur,
2826 3552 2949 3606 talis
2990 3552 3256 3621 apologia.
3302 3549 3404 3603 Par
3434 3550 3597 3603 etiam
3626 3558 3712 3605 est

2141 3642 2263 3696 illos
2291 3641 2534 3705 credere,
2564 3657 2690 3697 vera
2726 3640 3022 3710 praedicare
3048 3642 3234 3704 istum,
3265 3640 3355 3710 qui
3386 3641 3536 3696 solus
3563 3654 3715 3694 com-

2142 3732 2291 3786 muni
2335 3733 2576 3786 omnium
2616 3733 2803 3788 sensui
2846 3737 3171 3803 refragatur,
3222 3748 3490 3802 suamque
3518 3747 3711 3786 vanam

2141 3836 2193 3878 et
2242 3824 2455 3877 inanem
2495 3824 2834 3893 phantasiam
2887 3822 2990 3878 ﬁde
3037 3822 3339 3893 digniorem
3392 3823 3712 3882 arbitratur.

2142 3929 2303 3984 quam
2336 3914 2646 3968 unanimem
2689 3928 3016 3967 consensum
3043 3912 3287 3966 omnium
3341 3911 3579 3973 illorum,
3620 3911 3714 3981 qui

2143 4017 2256 4065 toto
2280 4016 2549 4064 terrarum
2581 4007 2710 4062 orbe
2741 4020 2938 4060 nomen
2972 4004 3175 4059 Christi
3210 4001 3539 4068 glorificant.

2220 4205 2435 4260 Scribat
2467 4205 2651 4268 etiam,
2685 4204 2733 4259 si
2768 4204 2965 4273 placet,
2993 4201 3249 4258 secunda:
3283 4200 3546 4269 apologiae
3584 4214 3717 4269 apo—

458 4292 757 4374 ἀπολογίαν
787 4305 950 4374 ἀλλην
972 4319 985 4333 °
1016 4304 1049 4372 ἡ
1087 4301 1193 4371 γὰρ
1219 4300 1314 4354 νῦν
1337 4301 1396 4352 οὐ
1436 4298 1718 4370 διόρθωσις
1739 4296 1846 4350 τῶν
1877 4299 2029 4367 ήμαρ

2152 4298 2371 4367 logiam.
2405 4295 2529 4351 Haec
2562 4296 2733 4358 enim,
2771 4310 2934 4365 quam
2967 4310 3115 4349 nunc
3145 4293 3336 4356 edidit,
3372 4307 3478 4346 non
3510 4297 3595 4346 est
3613 4290 3720 4344 cri-

468 4399 711 4469 τημένων
733 4437 745 4458 ,
799 4393 1108 4463 κατασκευὴ
1161 4393 1218 4445 δὲ
1270 4391 1465 4462 μᾶλλον
1522 4391 1629 4442 τῶν
1684 4388 2045 4458 ἐγκλημάτων

468 4491 604 4544 ὲστί.
638 4489 733 4552 Τίς
760 4489 868 4559 γὰρ
904 4486 1002 4539 οὐκ
1029 4480 1168 4538 οἶδεν
1204 4484 1284 4537 ὅτι
1331 4485 1479 4536 πᾶσα
1520 4481 1747 4551 νόμιμος
1784 4478 2047 4546 ἀπολογία

475 4587 604 4656 πρὸς
653 4584 753 4655 τὴν
796 4582 889 4635 τοῦ
948 4579 1326 4650 ἐπενεχθέντος
1381 4578 1721 4649 ἐγκλήματος
1768 4576 2045 4646 ἀναίρεσιν

473 4679 697 4748 filis-cst;
746 4672 890 4739 Οἷον,
936 4676 965 4726 6
1009 4672 1233 4742 κλοπῆς,
1284 4671 1316 4740 ἢ
1365 4670 1545 4738 φόνου,
1587 4670 1620 4738 ἦ
1666 4686 1808 4732 τινος
1860 4669 2043 4737 ἐτέρου

473 4766 761 4837 πλημμελή
772 4781 933 4835 ματος
963 4763 1139 4816 αἰτίαν
1171 4760 1384 4832 ἕχων,ἢ
1423 4762 1662 4832 ἀρνεῖται
1696 4760 1921 4812 καθόλου
1950 4759 2045 4829 τὴν

474 4860 688 4930 πρᾶξιν,
712 4857 745 4926 ἢ
770 4858 847 4918 είς
866 4856 1048 4926 ἕτερον
1077 4852 1391 4924 μετατίθησι
1414 4851 1504 4904 τοῦ
1529 4850 1698 4904 κακοῦ
1724 4849 1820 4920 τὴν
1846 4850 2043 4914 αἰτίαν·

473 4948 505 5017 ἢ
535 4950 582 5000 εἰ
614 4947 779 5018 μηδὲν
800 4945 1013 4998 δύναιτο
1035 4941 1256 5003 τούτων,
1289 4939 1614 5010 συγγνώμην
1675 4939 1768 4991 καὶ
1793 4939 1939 4991 ἔλεον
1967 4941 2048 4991 αἰ-

472 5042 624 5108 τήσει
666 5038 816 5108 παρὰ
860 5038 965 5088 τῶν
1012 5035 1212 5104 κυρίων
1255 5033 1354 5102 τῆς
1395 5033 1596 5103 ψήφου.
1634 5031 1894 5086 Ἐνταῦθα
1926 5030 2047 5083 οὔτε

474 5134 696 5202 ἄρνησιν
742 5132 771 5182 6
814 5128 969 5195 λόγος
1013 5127 1120 5180 τῶν
1161 5124 1552 5195 ἐπενεχθέντων
1598 5125 1729 5193 ἔχει,
1783 5122 1905 5176 οὕτε
1952 5124 2049 5193 τὴν

476 5222 553 5284 εἰς
580 5221 799 5291 ἐτέρους
832 5217 1155 5287 μετάστασιν
1176 5236 1187 5247 ·
1211 5215 1334 5269 οὔτε
1358 5214 1690 5282 καταφεύγει
1719 5214 1853 5283 πρὸς
1880 5213 2046 5277 ἔλεον,

474 5311 595 5366 οὔτε
635 5311 774 5380 πρὸς
818 5308 879 5361 τὸ
931 5308 1117 5376 μέλλον
1158 5307 1573 5377 εὐγνωμοσύνην
1618 5303 2050 5372 κατεπαγγέὶλε-

545 5491 621 5561 (α)
654 5485 1087 5561 Εἰσφρησάντων-
1111 5486 1179 5539 ab
1208 5484 1446 5561 εἰσφρέω
1477 5484 1620 5561 quod
1654 5495 1737 5561 est
1775 5484 1915 5536 intus
1949 5480 2049 5561 ad:

474 5552 624 5616 mitto
677 5552 1024 5624 vel—recipio,
1079 5558 1204 5610 item
1261 5552 1794 5618 deéoro,l€unomius
1840 5552 2051 5621 accepit

2152 4389 2357 4442 minum
2383 4386 2679 4452 correctio,
2714 4386 2808 4441 sed
2848 4389 3024 4455 magis
3060 4384 3409 4439 confirmatio
3439 4392 3491 4438 et
3524 4396 3722 4452 appro-

2151 4479 2319 4533 batio.
2354 4476 2491 4532 Nam
2543 4478 2668 4547 quis
2709 4476 2884 4531 nescit
2935 4490 3152 4530 onmem
3189 4488 3369 4528 veram
3416 4473 3718 4544 apologiam

2151 4571 2217 4625 ad
2258 4571 2598 4640 objectorum
2648 4569 2938 4623 criminum
2990 4566 3371 4623 refutationem
3411 4566 3595 4635 dirigi,
3641 4574 3721 4627 ut,

2150 4664 2242 4733 qui
2292 4662 2440 4727 furti,
2477 4660 2780 4724 homicidii,
2833 4661 2918 4715 vel
2964 4660 3198 4728 alicujus
3246 4658 3469 4712 alterius
3501 4657 3722 4711 sceleris

2155 4755 2482 4825 postulatur,
2515 4753 2561 4809 is
2588 4760 2680 4807 aut
2704 4761 2864 4819 negat
2894 4750 3189 4805 universim
3238 4765 3297 4804 se
3324 4750 3375 4803 id
3411 4746 3719 4806 admisisse.

2153 4847 2238 4901 vel
2294 4846 2346 4899 in
2395 4847 2627 4900 alterum
2678 4842 2891 4899 confert
2930 4858 3150 4897 causam
3194 4840 3494 4903 facinoris;
3553 4839 3634 4893 vel
3675 4838 3721 4892 si

2157 4937 2290 4991 nihil
2340 4937 2532 4991 horum
2586 4944 2788 5006 queat,
2852 4936 3065 4991 veniam
3106 4944 3160 4989 et
3214 4932 3642 4988 misericordiam
3690 4944 3719 4980 ει

2152 5026 2431 5094 judicibus
2459 5024 2629 5094 petit?
2657 5024 2725 5078 At
2752 5025 2838 5078 hic
2865 5039 3039 5094 neque
3062 5029 3225 5093 negat
3251 5021 3571 5084 Eunomius,
3601 5032 3722 5086 quae

2156 5117 2511 5185 objiciuntur,
2547 5131 2723 5185 neque
2760 5130 2982 5170 causam
3019 5115 3072 5169 in
3104 5113 3271 5169 alium
3308 5109 3590 5173 transfert,
3621 5114 3719 5160 ne-

2154 5225 2262 5280 que
2288 5208 2358 5262 ad
2387 5208 2815 5263 misericordiam
2843 5206 3120 5279 confugit,
3174 5218 3349 5273 neque
3392 5202 3444 5254 in
3480 5198 3719 5253 futurum

2156 5312 2369 5373 tempus
2400 5300 2623 5356 meliora
2655 5299 2940 5370 promittit,
2988 5296 3085 5353 sed
3129 5294 3263 5350 illud
3310 5293 3487 5361 ipsum
3518 5284 3721 5353 scelus,

2160 5494 2270 5549 pro,
2286 5477 2583 5549 εἰσηδάω.

2230 5547 2307 5619 (δ)
2336 5547 2397 5601 L-
2424 5540 2601 5600 ἀτονεῖ
2629 5562 2748 5616 quin
2784 5553 2869 5602 est
2896 5559 3021 5600 vera
3049 5540 3225 5597 lectio.
