4066 6146
387 159 482 212 271

1443 153 1448 158 ’
1515 173 1530 190 ·
1573 165 1629 226 s.
1661 161 1982 222 GREGORII
2029 162 2320 220 nvsssm

3529 172 3638 227 272

389 275 458 331 de
487 292 598 347 quo
645 287 935 335 accusatus
965 292 1066 343 est,
1128 282 1318 349 majori
1368 283 1549 335 studio
1598 290 1648 335 et
1693 288 1944 352 apparatt:

2059 296 2144 331 ται
2162 297 2176 312 ’
2210 281 2324 333 ἀλλ’
2353 280 2484 333 αὐτὸ
2512 281 2570 334 τὸ
2597 283 3064 354 κατηγορούμενον
3103 284 3349 357 ἔγκλημα
3375 287 3462 339 διὰ
3494 290 3642 356 φιλο-

387 366 696 422 ooniirmat.
737 368 870 424 Nam
915 373 1056 440 quod
1106 372 1364 442 objicitur
1395 381 1498 436 est,
1552 383 1606 427 ut
1653 375 1754 426 iste
1801 372 1950 434 dicit,

388 457 666 524 impietas;
723 477 828 514 non
882 461 1089 516 incerta
1137 471 1189 518 et
1225 463 1502 518 indeﬁnita
1533 504 1546 528 ,
1589 464 1682 518 sed
1724 472 1871 518 certa
1901 474 1954 516 et

387 548 768 604 determinata.
797 553 1055 622 Apologia
1090 570 1220 608 vero
1251 557 1408 609 docet
1449 556 1778 625 impietatem
1805 573 1819 621 ;
1853 570 1953 608 nec

386 640 591 692 crimen
627 641 804 703 diluit,
833 644 924 696 sed
955 661 1177 713 prorsus
1202 647 1431 701 stabilit.
1469 647 1623 712 Quod
1662 646 1704 700 si
1739 645 1953 714 pietatis

385 729 634 783 doctrina
671 731 860 786 fuisset
903 735 1107 789 incerta
1168 744 1220 790 et
1253 737 1458 806 ignota,
1491 736 1671 791 minus
1701 733 1952 790 fortassis

384 818 684 884 periculum
739 822 951 888 fuisset,
1000 826 1179 878 moliri
1215 827 1482 894 ejusmodi
1517 826 1833 879 novitatem.
1884 827 1952 877 At

384 923 507 960 cum
560 910 612 962 in
649 911 890 966 omnium
924 915 1134 983 piorum
1183 917 1382 971 animis
1423 917 1672 970 doctrina
1718 915 1950 983 theologi

386 996 645 1072 [Basilii]
676 1002 947 1071 insideat;
1007 1023 1133 1059 num
1165 1009 1230 1073 is,
1287 1009 1377 1077 qui
1409 1007 1790 1061 communibus
1835 1021 1953 1059 om-

385 1087 534 1141 nium
582 1090 821 1146 decretis
855 1105 908 1148 et
959 1097 1410 1163 persuasionibus
1443 1098 1718 1151 contraria
1763 1097 1948 1160 tradit,

381 1179 603 1248 depellit
643 1198 672 1235 a
704 1199 761 1237 se
792 1200 886 1254 per
915 1187 1286 1242 defensionem
1321 1204 1405 1254 ea,
1454 1205 1686 1259 quorum
1725 1203 1950 1241 accusa-

385 1281 506 1324 tur:
541 1279 594 1325 et
627 1288 738 1327 non
768 1277 937 1346 magis
975 1281 1215 1332 omnium
1246 1279 1580 1333 audientium
1614 1285 1803 1333 contra
1833 1293 1951 1333 sese

385 1361 519 1415 iram
555 1375 835 1432 provocat,
870 1377 923 1422 et
947 1369 1294 1425 vehementer
1323 1371 1406 1426 sui
1430 1371 1602 1441 ipsius
1628 1371 1684 1424 iit
1723 1384 1951 1424 accusa-

383 1453 498 1505 tor?
536 1453 648 1526 Ego
677 1457 895 1526 quidem
926 1461 997 1513 ita
1033 1462 1227 1516 sentio.
1264 1462 1452 1532 itaque
1491 1471 1673 1516 utrum
1713 1469 1948 1517 sectato-

381 1557 470 1596 res
510 1542 760 1601 Eunomii
801 1551 1037 1604 audituri
1092 1553 1200 1606 sint
1240 1554 1475 1623 aliquam
1517 1554 1840 1622 apologiam,
1879 1567 1945 1604 an

382 1639 687 1719 accusaturi
717 1654 800 1703 ea,
847 1657 966 1711 quae
1013 1643 1080 1696 ad
1115 1644 1365 1713 pietatem
1410 1645 1822 1714 pervertendatn
1855 1659 1948 1698 ex-

381 1727 659 1795 cogitavit,
702 1731 818 1800 ipse
864 1735 1096 1802 viderit;
1137 1737 1219 1790 vel
1253 1745 1307 1790 et
1335 1736 1488 1802 illud,
1538 1736 1812 1805 quomodo
1861 1750 1949 1789 ac-

380 1827 664 1873 cusatores
718 1821 974 1891 injuriatn
1033 1826 1236 1880 illaturi
1301 1833 1356 1881 et
1407 1843 1569 1897 quam
1622 1828 1947 1882 sententiam

375 1907 590 1972 judices
612 1909 873 1968 adversus
901 1915 1078 1984 ipsum
1105 1917 1507 1986 pronuntiaturi
1548 1917 1676 1984 sint,
1709 1917 1950 1973 stabilito

381 2013 477 2066 Ι)οΓ
527 2001 851 2072 θροιοεὶλιιι,
923 2008 1183 2077 novisque
1237 2010 1572 2079 argumentis
1628 2008 1948 2063 conﬁrmato

380 2103 610 2147 Cl'lmllie
637 2136 648 2146 .

451 2271 718 2328 Craterum
753 2291 959 2344 nescio,
988 2292 1220 2348 quonam
1253 2289 1412 2350 pacto
1458 2281 1511 2334 in
1547 2281 1660 2334 haec
1728 2295 1793 2332 ex
1826 2293 1948 2333 ora-

382 2362 550 2418 tionis
585 2367 727 2422 serie
753 2379 806 2422 et
835 2370 1028 2424 ordine
1056 2372 1359 2436 ineiderim,
1386 2372 1488 2428 hoc
1521 2373 1639 2441 ipso
1667 2373 1794 2427 dum
1827 2386 1948 2426 ora-

381 2454 547 2510 tionis
599 2457 732 2512 ordo
783 2476 891 2515 non
940 2463 1277 2519 observatur.
1313 2463 1686 2534 Neqttegenim
1732 2464 1948 2518 animus

379 2562 525 2602 nunc
569 2559 653 2604 est
692 2555 1026 2618 examinare,
1082 2572 1188 2626 qua
1235 2559 1445 2612 ratione
1501 2558 1835 2613 instituenda
1877 2557 1948 2612 sit

379 2639 662 2709 apologia;
700 2644 793 2697 sed
826 2653 1007 2700 utrum
1040 2649 1343 2717 apologiam
1372 2648 1672 2704 Eunomius
1697 2649 1948 2704 institue-

378 2729 466 2780 rit.
502 2728 698 2785 Verum
756 2737 822 2788 ad
869 2739 1202 2805 propositam
1255 2739 1535 2795 materiam
1591 2748 1944 2794 revertamur.

378 2819 534 2876 Hunc
585 2841 714 2896 ergo
766 2829 1001 2898 propriis
1054 2831 1233 2886 verbis
1268 2831 1388 2900 capi
1432 2829 1782 2886 manifestum
1836 2840 1940 2886 est.

2059 371 2367 440 πονωτέρας
2407 373 2747 440 κατασκευῆς
2789 375 3228 444 ίσχυροποιεῖται.
3275 375 3349 426 Τὸ
3391 375 3489 445 μὲν
3530 379 3638 448 γὰρ

2059 457 2493 527 προφερόμενον,
2541 458 2720 523 καθὼς
2761 455 2912 524 οὗτός
2955 479 3146 531 φησιν,
3196 465 3474 531 ἀσεϐείας
3523 467 3639 519 ἐστὶ

2057 547 2271 616 γραφὴ,
2323 549 2420 600 οὐκ
2475 550 2722 620 ἀόριστον
2771 551 2915 621 αὐτῷ
2967 554 3064 624 τὴν
3113 555 3290 609 αἰτίαν
3335 557 3633 625 ἐπάγουσα,

2056 639 2168 691 ἀλλ’
2193 640 2322 692 αὐτὸ
2363 642 2707 712 προφέρουσα
2756 645 2851 714 τῆς
2897 645 3150 708 ἀσεϐείας
3195 647 3256 700 τὸ
3307 643 3474 712 εἶδος·
3521 651 3638 719 ἠδὲ

2055 731 2338 799 ἀπολογία,
2390 732 2448 784 τὸ
2489 733 2596 785 δεῖν
2629 735 2842 788 ἀσεϐεῖν
2886 737 3304 803 κατασκευάζει,
3349 740 3448 792 οὐκ
3495 741 3640 792 ἀναιο

2058 821 2224 890 ροῦσα
2252 823 2348 894 τὴν
2382 825 2580 888 αἰτίαν,
2613 825 2745 879 ἀλλά
2775 826 3063 894 βεϐαιοῦσα
3086 827 3145 880 τὸ
3171 828 3444 898 ἔγκλημα.
3478 831 3633 900 Ἀδή-
3652 880 3670 912 δ

2055 913 2159 964 λων
2208 913 2304 982 μὲν
2350 914 2455 984 γὰρ
2491 915 2656 967 ὄντων
2710 915 2818 968 τῶν
2869 917 2966 986 τῆς
3009 917 3286 981 εὐσεϐείας
3329 918 3612 988 δογμάτων
3659 923 3674 983 ς

2053 999 2210 1073 ἧττον
2245 1003 2371 1067 ἴσως
2402 1001 2468 1074 ἦν
2512 1006 2842 1059 ἐπικίνδυνον
2877 1008 3218 1078 κατατολμᾷν
3256 1008 3352 1077 τῆς
3384 1009 3635 1082 καινότη·

2052 1107 2173 1152 τος·
2206 1092 2400 1155 πάσαις
2441 1093 2495 1145 δὲ
2539 1094 2646 1145 τῶν
2677 1095 3039 1148 εὐσεϐούντων
3077 1096 3273 1166 ψυχαῖς
3307 1099 3507 1165 παγὶας
3535 1098 3635 1167 τῆς

2053 1183 2144 1235 τοῦ
2170 1182 2416 1250 θεολόγου
2448 1184 2787 1248 διδασκαλίας
2816 1187 3241 1259 ἐνυπαρχούσης,
3273 1192 3299 1242 ὁ
3325 1189 3390 1241 τά
3418 1192 3632 1243 ἐναντία

2053 1276 2160 1335 τοῖς
2211 1277 2360 1345 κοινῇ
2418 1275 2565 1344 παρὰ
2622 1276 2838 1330 πάντων
2893 1279 3252 1348 ἐγνωσμένοις
3302 1279 3471 1349 βοῶν,
3523 1276 3630 1350 ἆρα

2054 1365 2396 1432 ἀπολογεῖται
2426 1367 2565 1437 ὑπὲρ
2587 1362 2660 1419 ῶν
2697 1367 3020 1436 ἐγκαλεῖται,
3050 1369 3082 1439 ἥ
3114 1370 3311 1439 μᾶλλον
3343 1371 3628 1438 ἐφέλκεται

2053 1455 2172 1508 καθ’
2208 1456 2397 1510 ἐαυτοῦ
2432 1459 2530 1528 τὴν
2568 1458 2677 1510 τῶν
2710 1459 3016 1512 ἀκουόντων
3061 1460 3248 1530 ὀργὴν,
3295 1461 3390 1513 καὶ
3434 1463 3626 1532 πικρό-

2052 1564 2206 1618 τερος
2238 1549 2431 1602 ἐαυτοῦ
2465 1552 2764 1622 κατήγορος
2819 1552 3063 1618 ἴσταται;
3130 1552 3269 1621 Ἐγὼ
3327 1554 3423 1624 μὲν
3475 1555 3627 1608 τοῦτὸ

2055 1656 2214 1708 φημι.
2253 1640 2412 1692 Ὥστε
2459 1641 2613 1712 εἴπερ
2643 1642 2748 1694 εἰσὶ
2777 1643 2915 1695 κατά
2952 1643 3042 1695 τὸν
3070 1643 3223 1712 λόγον
3262 1644 3355 1696 τοῦ
3395 1662 3628 1717 συγγρα-

2051 1729 2213 1796 φέως,
2249 1729 2280 1799 ἢ
2315 1730 2576 1800 ἀκροαταὶ
2609 1731 2715 1784 τῶν
2759 1733 3219 1804 ἀπολογηθέντων,
3255 1735 3286 1804 ἢ
3333 1737 3628 1807 κατήγοροι

2048 1817 2154 1868 τῶν
2193 1819 2332 1870 κατὰ
2380 1820 2479 1888 τῆς
2516 1822 2794 1886 εὐσεϐείας
2840 1823 2987 1893 αὐτῷ
3025 1824 3416 1894 τολμηθέντων,
3468 1829 3628 1890 αὐτὸς

2049 1909 2344 1980 εἰπάτω·ἢ
2382 1911 2497 1974 πῶς
2534 1913 2582 1963 οἱ
2617 1915 2904 1984 κατήγοροι
2945 1915 3440 1993 καθυϐρίσουσινοῆ
3504 1923 3627 1976 τίνα

2049 1998 2098 2048 οἱ
2131 1997 2378 2053 δικασταὶ
2425 2002 2549 2072 napi.
2591 2003 2754 2056 αὐτοῦ
2804 2006 2902 2076 τὴν
2948 2006 3126 2076 ψῆφον
3181 2007 3461 2073 ἐξοίσουσι,
3496 2026 3624 2080 προ-

2051 2092 2587 2162 κατασκευαζομένου
2619 2095 2703 2149 διὰ
2734 2097 2831 2167 τῆς
2859 2099 3148 2167 ἀπολογίας
3181 2099 3273 2152 τοῦ
3312 2100 3626 2172 πλημμελή-

2053 2198 2238 2250 ματος.

2133 2272 2291 2326 vim
2334 2273 2506 2329 ταῦτα
2548 2276 2642 2346 μὲν
2675 2277 2773 2330 οὐκ
2817 2274 2933 2330 οἶδα
2981 2278 3096 2341 πῶς
3153 2279 3520 2348 παρενέπεσον
3563 2282 3626 2332 ἐκ

2047 2365 2146 2434 τῆς
2174 2365 2488 2428 ἀκολουθίας
2517 2367 2610 2420 τοῦ
2637 2367 2795 2436 λόγου
2820 2368 2897 2436 τῷ
2924 2369 2996 2439 μὴ
3029 2368 3204 2432 καλῶς
3228 2369 3496 2439 προῆχθαι
3529 2371 3625 2441 τὴν

2049 2456 2384 2510 ἀκολουθίαν.
2420 2457 2550 2510 Οὐδὲ
2581 2458 2687 2529 γὰρ
2719 2460 2847 2528 περὶ
2875 2458 2968 2510 τοῦ
3005 2457 3118 2522 πῶς
3159 2457 3328 2528 ἐχρῆν
3358 2460 3627 2531 ἀπολογή-

2050 2549 2243 2603 σασθαι
2295 2550 2574 2618 πρόκειται
2626 2550 2719 2603 νῦν
2747 2550 3017 2616 ἐξετάζειν
3037 2566 3049 2579 ·
3083 2550 3195 2603 ἀλλ’
3225 2553 3269 2603 εί
3298 2551 3626 2620 ἀπολελόγη-

2046 2656 2134 2691 ται
2183 2640 2338 2702 ὅλως.
2382 2641 2522 2711 Πρὸς
2568 2640 2626 2692 δὲ
2669 2641 2728 2693 τὸ
2774 2641 3032 2711 προτεθὲν
3084 2642 3490 2712 ἐπανέλθωμεν
3542 2644 3622 2695 ὅτι

2045 2735 2157 2795 τοῖς
2183 2733 2329 2795 ἰδίοις
2361 2734 2634 2787 ἁλίσκεται
2666 2735 2914 2804 φανερῶς
2940 2733 3136 2797 οὕτως⁸
3178 2736 3236 2788 '0
3263 2735 3625 2804 δυσχεραίνων

2045 2824 2106 2876 τὸ
2133 2825 2324 2893 ψεῦδος
2361 2825 2641 2897 κεκρίσθαι
2669 2827 2815 2894 λέγει
2864 2827 2956 2880 καὶ
2993 2828 3318 2898 παρανόμων
3353 2830 3624 2898 ἐπιτυχεῖν

375 2909 511 2965 Nam
544 2915 634 2984 qui
663 2932 803 2986 aagre
841 2917 1021 2974 ferens
1047 2921 1114 2976 de
1141 2921 1420 2976 mendacio
1463 2921 1766 2991 iudicatum
1798 2936 1939 2985 esse,

2052 2916 2336 2980 δικαστῶν,
2369 2919 2461 2970 καὶ
2487 2917 2574 2971 διὰ
2598 2919 2698 2988 γῆς
2749 2920 2841 2972 καὶ¹
2869 2919 3141 2990 θαλάσσης
3173 2920 3456 2989 ἀγόμενος.
3490 2920 3624 2989 προς

376 3004 507 3059 dicit
537 3007 754 3078 iniqttos
794 3010 1011 3080 judices
1053 3029 1112 3069 se
1145 3024 1385 3081 nactum,
1436 3023 1490 3070 et
1525 3023 1668 3069 terra
1698 3013 1942 3083 marique

375 3096 830 3166 circumductum,
888 3104 1128 3174 solisque
1174 3113 1309 3160 testu
1355 3113 1409 3160 et
1444 3106 1665 3176 pulvere
1711 3103 1942 3174 plurima

376 3187 719 3245 incommoda
757 3203 1073 3264 perpessum
1107 3211 1260 3263 esse;
1307 3211 1431 3250 mox
1469 3196 1810 3251 mendacium
1845 3195 1943 3248 ob-

376 3277 584 3343 velans,
618 3280 831 3336 clavum
867 3284 1042 3349 clavo,
1081 3293 1137 3340 ut
1170 3285 1518 3354 proverbium
1554 3283 1737 3345 habet,
1769 3282 1938 3351 pellit,

372 3375 428 3422 et
476 3371 582 3424 alio
633 3373 919 3428 mendacio
973 3376 1073 3428 hoc
1128 3375 1466 3429 mendacium
1519 3374 1779 3443 corrigit;
1818 3387 1940 3426 eum

373 3458 517 3512 enim
550 3462 750 3528 pariter
779 3478 899 3516 cum
936 3465 1057 3532 ipso
1087 3479 1274 3518 onmes
1304 3466 1500 3528 sciant,
1554 3463 1697 3533 quod
1737 3463 1938 3516 nullam

376 3551 592 3617 penitus
624 3566 808 3606 vocem
842 3553 895 3606 in
918 3553 1126 3622 judicio
1155 3554 1382 3618 miserit,
1416 3556 1490 3607 ait
1521 3571 1579 3610 se
1610 3555 1942 3609 detrectasse

375 3639 611 3695 hostium
643 3643 902 3708 tribunal,
937 3652 1315 3717 tacentetnque
1334 3647 1770 3702 condemnatum.
1798 3647 1944 3713 Quo-

375 3734 537 3787 modo
563 3735 768 3792 clarius
796 3738 1010 3792 ostendi
1049 3749 1251 3809 posset,
1294 3741 1440 3795 hunc
1485 3749 1684 3796 etcum
1719 3743 1943 3796 veritate

374 3832 428 3878 et
473 3839 658 3879 secum
710 3829 988 3897 pugnare?
1045 3831 1274 3895 Quando
1326 3831 1758 3900 reprehenditur,
1798 3833 1939 3899 quod

377 3917 516 3971 male
543 3934 699 3971 suum
731 3920 926 3974 librum
956 3921 1316 3990 inseripserit,
1350 3923 1425 3975 ait
1447 3939 1505 3976 se
1529 3922 1719 3991 judicii
1754 3938 1942 3977 ncces-

377 4011 537 4064 silate
567 4012 929 4081 compulsum,
963 4026 1018 4067 ut
1052 4014 1251 4067 librum
1292 4031 1450 4069 suum
1487 4016 1746 4084 apologiae
1783 4017 1942 4070 titulo

377 4110 719 4170 prarnotaret.
762 4103 993 4169 Quando
1030 4117 1386 4170 monstratur,
1439 4106 1582 4175 quod
1635 4109 1766 4161 nihil
1800 4109 1942 4177 apud

369 4193 586 4258 judices
603 4195 674 4249 sit
704 4195 939 4256 locutus.
969 4211 1091 4250 mox
1127 4205 1284 4265 negat
1311 4197 1598 4265 judicium,
1621 4197 1944 4267 jttdieesquc

2052 3009 2200 3079 ἡλίου
2227 3027 2285 3061 τε
2320 3009 2576 3080 φλογμὸν,
2609 3011 2701 3064 καὶ
2741 3012 2886 3064 κόνιν
2916 3009 3312 3078 κακοπαθῆσαι.
3354 3006 3486 3062 Εἶτα
3516 3012 3622 3064 πά-

2046 3100 2127 3153 λιν
2152 3100 2510 3172 περιστέλλων
2540 3102 2599 3154 τὸ
2628 3101 2844 3173 ψεῦδος,
2888 3102 3001 3172 ἥλῳ
3042 3102 3131 3154 τὸν
3168 3097 3314 3171 ἧλον,
3353 3100 3492 3153 κατὰ
3525 3100 3624 3170 τὴν

2046 3191 2361 3262 παροιμίαν,
2397 3191 2664 3262 ἐκκρούει,
2711 3193 2853 3262 ἄλλῳ
2911 3192 3093 3261 ψεύδει
3129 3193 3284 3244 τοῦτο
3325 3192 3383 3245 τὸ
3429 3191 3623 3260 ψεῦδος

2046 3281 2524 3352 ἐπανορθούμενος.
2563 3282 2784 3336 Πάντων
2813 3283 2920 3354 γὰρ
2949 3283 3096 3353 αὐτῷ
3125 3283 3622 3351 συνεπισταμένων,

2044 3373 2125 3426 ὃτι
2154 3372 2408 3443 οὐδεμίαν
2439 3373 2664 3444 ἔρρηξεν
2697 3376 2753 3427 ἐν
2779 3375 3110 3446 δικαστηρίῳ
3142 3375 3342 3444 φωνὴν,
3376 3375 3624 3446 παρῃτῆ-

2047 3462 2168 3515 σθαί
2218 3479 2350 3534 φησι
2396 3463 2454 3516 τὸ
2493 3463 2600 3516 τῶν
2639 3464 2844 3534 ἐχθρῶν
2889 3465 3254 3535 δικαστήριον,
3309 3465 3404 3517 καὶ
3458 3463 3622 3531 σιγῶν

2045 3551 2267 3606 ἁλῶναι.
2315 3552 2437 3616 Πῶς
2487 3554 2550 3607 ἄν
2594 3572 2676 3617 τις
2729 3555 2923 3624 μᾶλλον
2965 3553 3325 3624 ἐξελεγχθείη,
3361 3556 3453 3606 καὶ
3489 3555 3623 3623 πρὸς

2082 3645 2092 3664 ε
2247 3647 2258 3662 ι
3129 3648 3140 3664 ο
3454 3635 3477 3654 ιο

2044 3663 2140 3715 την
2167 3645 2439 3716 ἀληθειαν,
2466 3647 2559 3699 καὶ
2589 3647 2722 3718 πρὸς
2752 3648 2937 3700 ἑαυτὸν
2967 3649 3218 3706 ἐναντιως
3244 3646 3381 3716 ἔχων
3408 3663 3422 3710 ;
3481 3648 3620 3698 Οταν

2047 3738 2356 3805 ἐγκαλεῖται
2390 3739 2515 3806 περὶ
2543 3741 2640 3808 τῆς
2669 3738 2978 3809 ἐπιγραφῆς
3008 3737 3100 3790 τοῦ
3139 3738 3317 3804 λόγου,
3349 3741 3413 3808 τῇ
3443 3738 3619 3807 κρίσει

2043 3828 2140 3898 τὴν
2183 3829 2424 3897 ἀνάγκην
2463 3829 2561 3897 τῆς
2608 3828 2900 3896 ἀπολογίας
2942 3828 3284 3900 προτίθησιν
3324 3829 3448 3880 ὅταν
3475 3827 3625 3895 eli?»

2045 3935 2224 3988 χηται,
2270 3919 2430 3989 μηδὲν
2476 3921 2565 3974 ἐπὶ
2611 3919 2718 3971 τῶν
2762 3919 3084 3983 δικαζόντων
3136 3920 3322 3980 εἰπὼν,
3379 3921 3623 3989 ἀρνεῖται

2043 4009 2140 4080 τὴν
2173 4009 2372 4080 κρίσιν,
2409 4009 2501 4062 καὶ
2533 4008 2752 4072 ἀπαξιοῖ
2781 4010 2901 4070 τοὺς
2930 4009 3263 4071 δικάζοντας.
3311 4009 3501 4077 Ὁρᾶτε.
3528 4008 3623 4058 τὸν

2047 4102 2272 4171 σφοδρὸν
2301 4102 2576 4171 πρόμαχον
2603 4103 2701 4170 τῆς
2729 4101 3000 4171 ἀληθείας,
3031 4101 3104 4163 ὡς
3131 4100 3452 4170 ἐρρωμένως
3486 4098 3624 4168 πρὸς

2045 4191 2105 4243 τὸ
2131 4190 2324 4259 ψεῦδος
2370 4189 2842 4253 ἀντικαθίσταταις
2874 4186 3006 4243 Εἶτα
3047 4189 3281 4251 τοιοῦτος
3308 4187 3403 4250 ῶν,
3437 4203 3622 4251 πονη-

375 4287 494 4341 illos
524 4289 748 4358 respuit.
783 4287 974 4343 Videte
1005 4291 1278 4360 egregium
1328 4291 1489 4345 istum
1533 4292 1778 4344 veritatis
1812 4307 1940 4360 pro-

2049 4281 2172 4348 ρὸν,
2211 4281 2305 4334 καὶ
2347 4279 2633 4347 κακοήθη,
2686 4281 2784 4333 καί
2821 4281 3098 4348 ψεύστην
3127 4280 3216 4332 τὸν
3263 4279 3432 4348 μεγαν
3462 4277 3623 4330 Βασί-

374 4393 749 4450 pugnatorem,
799 4389 858 4433 ut
883 4381 1060 4435 valide
1087 4389 1278 4435 contra
1317 4382 1661 4435 mendacium
1697 4383 1946 4452 pugnat?

372 4469 436 4523 Et
461 4470 722 4527 cumtalis
766 4474 836 4528 sit
868 4475 1029 4528 audet
1060 4489 1312 4544 magnum
1351 4473 1610 4529 Basilium
1665 4476 1944 4528 nominare

372 4565 681 4631 malignum,
700 4566 1014 4633 improbum,
1035 4565 1638 4630 mendacem,audacem,
1653 4567 1940 4628 indoctum,

371 4658 761 4721 ndscriptilium
799 4659 910 4726 (seu
942 4658 1222 4724 spurium),
1269 4674 1445 4711 rerum
1489 4659 1786 4710 divinarum
1840 4657 1942 4708 im-

369 4746 591 4813 peritum
616 4761 627 4796 :
659 4755 710 4800 et
739 4748 986 4818 catalogo
1010 4748 1384 4802 conviciorum
1413 4748 1562 4802 addit
1587 4751 1750 4802 etiam
1777 4749 1944 4816 stupi—

369 4838 611 4900 ditutem,
648 4839 936 4904 insaniant,
988 4840 1243 4907 furorem,
1295 4848 1350 4894 et
1386 4841 1594 4894 inﬁnita
1638 4843 1786 4904 talia,
1824 4857 1944 4911 quze

372 4928 576 4996 passim
606 4929 840 4981 orationi
866 4945 978 4982 sum
1001 4930 1272 5000 aspergit;
1302 4929 1547 4985 suliicere
1568 4941 1720 4986 ratus
1749 4931 1943 5000 linguae

371 5034 485 5074 sua:
512 5021 861 5089 asperitatem
889 5029 942 5074 et
974 5023 1322 5076 acerbitatem
1351 5037 1646 5093 Opponere,
1681 5031 1939 5092 tanquam

369 5111 781 5180 tequivalenlcm
827 5111 1069 5165 omnium
1097 5113 1376 5166 hominum
1413 5114 1763 5181 testimoniis,
1849 5114 1938 5182 qui

369 5210 425 5256 et
455 5217 654 5256 nomen
695 5201 874 5269 magni
909 5200 1402 5272 Basilii,tanquam
1442 5204 1673 5270 alicujus
1701 5215 1938 5257 veterum

369 5302 684 5350 sanctorum
713 5293 1056 5348 adtrirantur
1081 5311 1092 5347 :
1123 5303 1174 5348 et
1199 5302 1350 5362 putat
1373 5297 1476 5348 iste
1506 5295 1764 5348 invictum
1790 5294 1939 5346 illum

369 5385 485 5438 sola
519 5385 862 5442 conviciandi
893 5385 1117 5441 libidine
1143 5393 1196 5440 et
1220 5386 1554 5455 impudentia
1608 5385 1724 5440 iredi
1750 5387 1943 5454 posse?

367 5473 486 5530 Non
519 5478 656 5532 adeo
687 5479 907 5534 humilis
935 5489 987 5535 et
1017 5479 1289 5535 demissus
1329 5480 1409 5532 sol
1441 5488 1544 5543 est,
1588 5488 1643 5534 ut
1678 5496 1850 5550 usque
1873 5481 1938 5532 ad

370 5568 547 5640 ipsum
571 5569 876 5639 pertingant
900 5569 1126 5640 lapides.
1158 5571 1237 5623 vel
1268 5571 1467 5641 aliquid
1501 5573 1644 5625 aliud
1675 5573 1726 5625 in
1759 5576 1934 5642 ipsum

2054 4374 2194 4426 λειον
2231 4372 2516 4442 ὀνομάζειν
2563 4372 2765 4443 τολμᾷ·
2810 4373 2900 4426 καὶ
2947 4371 3024 4424 ἔτι
3051 4371 3182 4441 πρὸς
3225 4369 3453 4432 τούτοις,
3485 4372 3625 4435 θρα-

2051 4465 2190 4527 σὺν,
2221 4464 2437 4533 ἀμαθῆ,
2473 4464 2909 4532 παράγραπτον,
2952 4463 3071 4516 τῶν
3111 4463 3280 4517 θείων
3321 4462 3619 4529 ἀμύητον·

2052 4556 2370 4626 προστίθησι
2391 4555 2445 4608 δὲ
2471 4554 2550 4624 τῷ
2574 4555 2855 4624 καταλόγῳ
2878 4555 2975 4622 τῆς
2995 4553 3277 4624 λοιδορίας,
3309 4551 3405 4604 καὶ
3443 4566 3620 4618 παρα-

2050 4648 2332 4713 πληξίαν,
2365 4647 2459 4699 καὶ
2507 4647 2750 4714 μανίαν,
2802 4644 2895 4698 καὶ
2930 4644 3095 4716 μυρία
3129 4642 3372 4703 τοιαῦτα,
3421 4642 3623 4712 σπορά-

2049 4738 2143 4806 δην
2178 4738 2337 4790 παντὶ
2380 4735 2762 4806 καταμιγνύων
2807 4736 2882 4804 τῷ
2932 4735 3092 4802 λόγῳ,
3141 4734 3327 4806 ὥσπερ
3371 4732 3623 4802 ἐξαρκεῖν

2047 4830 2289 4900 οἰόμενος
2316 4829 2413 4899 τὴν
2443 4828 2634 4882 ἐαυτοῦ
2667 4829 2888 4899 πικρίαν
2918 4828 3239 4899 ἀντίρῤοπον
3259 4829 3378 4888 ταῖς
3408 4828 3624 4878 πάντων

2049 4922 2349 4992 ἀνθρώπων
2381 4924 2704 4994 μαρτυρίαις
2732 4921 3082 4992 γενήσεσθαι·
3126 4921 3174 4972 οἳ
3222 4919 3315 4972 καὶ
3351 4917 3410 4970 τὸ
3453 4917 3624 4985 ὄνομα

2049 5015 2139 5068 τοῦ
2197 5015 2451 5084 μεγάλου,
2496 5015 2745 5086 καθάπερ
2795 5012 2937 5076 τινὸς
2992 5012 3097 5066 τῶν
3151 5011 3393 5082 ἀρχαίων
3453 5009 3623 5076 ἁγίων

2047 5106 2333 5177 τεθήπασι.
2367 5107 2474 5158 Καὶ
2510 5106 2717 5176 νομίζει
2758 5106 2849 5157 τὸν
2893 5105 3132 5174 ἄτρωτον
3157 5103 3231 5172 τῷ
3263 5101 3437 5171 μώμῳ
3461 5101 3620 5153 δύνα-

2049 5199 2169 5252 σθαι
2205 5199 2361 5268 μόνον
2392 5199 2478 5252 διὰ
2505 5199 2604 5267 τῆς
2630 5197 2893 5268 λοιδορίας
2919 5194 3278 5266 λυμήνασθαι.
3326 5194 3438 5262 Οὐχ
3479 5191 3622 5244 οὕτω

2046 5292 2293 5354 ταπεινὸς
2321 5294 2348 5342 ὁ
2379 5291 2544 5361 ἣλιος,
2578 5290 2652 5352 ὡς
2698 5291 2859 5360 μέχρι
2894 5290 3098 5343 ἐκείνου
3130 5288 3331 5356 φθάσαι
3365 5287 3456 5339 τὸν
3499 5283 3618 5337 κατ’

2047 5383 2207 5436 αὐτοῦ
2243 5383 2438 5446 λίθους,
2467 5383 2498 5451 ἢ
2530 5382 2654 5435 άλλο
2679 5399 2728 5433 τι
2759 5382 3032 5450 βάλλοντα.
3079 5380 3244 5433 Πάλιν
3272 5379 3381 5450 γὰρ
3417 5381 3620 5431 ἐπανα-

2048 5477 2266 5546 στρέφει
2313 5474 2381 5526 τὰ
2445 5472 2703 5544 βληθέιτα
2781 5473 2920 5526 κατὰ
2972 5472 3062 5525 τοῦ
3111 5472 3453 5541 πέμψαντος·
3495 5471 3524 5521 ὁ
3560 5469 3618 5523 δὲ

2051 5569 2243 5630 σκοπὸς
2295 5567 2441 5637 μένει
2495 5565 2591 5634 τῆς
2639 5563 2796 5635 βολῆς
2851 5564 3204 5636 ὑψηλότερος·
3254 5564 3353 5616 κᾶν
3405 5579 3487 5626 τις
3543 5559 3618 5623 ὡς
