4066 6146
366 289 473 344 9.73

1506 291 1778 346 CONTRA
1821 291 2211 359 EUNOMIUM,
2244 294 2369 349 LlB.
2411 295 2447 347 l.

3504 292 3607 348 2'75

369 400 590 469 ἀλαμπῆ
627 396 887 469 διαϐάλλῃ
928 398 1016 450 τὸν
1057 398 1232 467 ἥλιον,
1268 400 1328 452 οὺ
1366 401 1424 452 τὸ
1454 405 1568 469 φῶς
1594 405 1690 473 τῆς
1725 405 1940 466 ἀκτῖνος

2069 405 2326 460 missum.
2366 403 2497 456 Nam
2534 403 2714 473 jacula
2752 404 2998 458 recidunt
3035 405 3086 455 in
3127 409 3288 472 caput
3323 403 3607 466 mittentis,

370 494 429 543 ἐκ
466 489 573 542 τῶν
620 488 966 557 σκωμμάτων
1017 489 1360 559 ἠμαύρωσεν,
1404 491 1516 544 ἀλλ’
1569 497 1594 544 6
1648 493 1746 562 μὲν
1794 493 1942 562 ήλιος

370 583 541 644 ἔσται,
569 583 662 632 καὶ
710 581 1109 648 σκωπτόμενος,
1150 581 1320 649 ἥλιος,
1362 582 1454 634 τοῦ
1492 583 1548 636 δέ
1583 585 1942 654 λοιδοροῦντος

370 675 440 734 ὡς
471 673 684 742 ἀφεγγῆ
715 671 816 742 τὴν
853 673 1040 724 ἀκτῖνα
1065 675 1098 740 ἡ
1135 674 1379 744 πήρωσις
1415 675 1521 726 τῶν
1555 675 1824 745 ὀρατικῶν
1861 677 1945 728 al-

372 762 682 833 σθητηρίων
707 762 1168 833 ἀπελεγχθήσεται
1188 779 1200 792 ⁸
1228 764 1327 817 κᾶν
1365 766 1444 816 ὅτι
1469 765 1702 834 μάλιστα
1729 765 1852 828 τούς
1884 783 1945 818 τε

372 853 790 922 ἀκουσομένους,
818 855 911 907 καὶ
952 855 1075 917 τοὺς
1109 855 1517 924 ἐντευξομένους
1555 856 1758 909 πείθειν
1788 856 1945 928 ἐθέλῃ

374 943 492 996 καθ’
525 944 816 1014 ὁμοιότητα
841 945 938 1014 τῆς
964 945 1252 1014 ἀπολογίας
1291 947 1521 1017 ἐκείνης,
1562 947 1634 1016 μὴ
1666 950 1785 1009 ταῖς
1815 948 1949 1000 πάν-

375 1053 484 1087 των
532 1037 661 1105 περὶ
700 1034 791 1088 τοῦ
837 1036 986 1105 ήλίου
1025 1035 1201 1100 δόξαις
1241 1035 1637 1106 προστίθεσθαι,
1673 1037 1806 1106 μηδέ
1843 1038 1950 1089 τῶν

382 1126 588 1178 πολλῶν
616 1128 806 1195 πεῖραν
837 1126 932 1196 τῆς
964 1126 1097 1188 ἰδίας
1122 1127 1438 1198 ὑπολήψεως
1468 1127 1732 1179 ποιεῖσθαι
1761 1145 1953 1198 κυριω-

383 1218 567 1287 τέραν,
608 1219 672 1285 τῇ
707 1215 908 1268 πλείονι
953 1216 1114 1287 μοίρᾳ
1143 1218 1203 1268 τὸ
1245 1221 1484 1288 κρεῖττον
1524 1217 1950 1286 προσάπτοντας,

383 1308 562 1378 μάτην
598 1309 690 1359 ἐπὶ
720 1307 825 1360 τῶν
856 1307 1157 1377 βλεπόντων
1186 1310 1430 1380 ληρήσει.

2045 507 2098 550 ct
2141 497 2220 549 sol
2253 496 2398 549 omni
2425 497 2577 566 jactu
2616 507 2793 549 manet
2834 496 3014 549 altior.
3061 496 3122 546 Et
3171 495 3298 549 licet
3328 495 3451 563 quis
3498 495 3608 546 cri—

2048 589 2282 640 minetur
2311 587 2479 641 solem
2511 593 2568 639 ut
2599 586 2917 651 obscurum,
2953 586 3092 640 haud
3130 595 3307 638 tamen
3351 584 3612 637 conviciis

2049 680 2303 748 splendor
2331 677 2608 732 radiorum
2645 678 3003 742 ill’llniltttillll‘,
3038 678 3130 731 sed
3177 677 3256 732 sol
3293 676 3457 730 etiam
3484 690 3613 728 con-

2052 771 2209 824 viciis
2233 769 2530 838 impetitus,
2568 769 2702 822 nihil
2740 769 2886 822 aliud
2918 777 3021 831 est,
3047 783 3208 838 quam
3236 767 3336 823 sol.
3369 766 3609 826 Interim,

2051 860 2142 930 qui
2194 860 2325 914 solis
2377 860 2559 912 radios
2594 858 2965 913 tenebricosos
2999 873 3120 913 esse
3179 867 3436 928 nugatur,
3479 856 3614 910 nihil

2053 951 2199 1003 aliud
2237 939 2504 1019 reportat,
2544 966 2706 1020 quam
2739 949 2886 1018 quod
2927 951 3212 1004 oculorum
3251 964 3476 1004 suorum
3514 963 3611 1002 cae-

2052 1040 2269 1093 citatem
2317 1040 2604 1110 insigniter
2650 1041 2862 1110 prodit:
2904 1049 2956 1095 et
2990 1040 3238 1110 quamvis
3274 1039 3508 1093 maxime
3550 1039 3617 1093 iis

2054 1131 2146 1199 qui
2181 1131 2428 1196 audiunt,
2461 1141 2664 1186 etcum
2701 1132 2900 1201 quibus
2927 1134 3058 1200 agit,
3108 1133 3434 1202 persuadere
3469 1130 3617 1195 velit,

2059 1219 2229 1273 instar
2279 1220 2426 1274 illius
2474 1223 2754 1292 apologiae,
2817 1237 2886 1276 ne
2936 1223 3305 1278 assentiamur
3343 1224 3618 1276 communi

2059 1314 2334 1368 hominum
2361 1315 2432 1390 de
2467 1315 2580 1369 sole
2607 1315 3021 1380 existimationi,
3053 1330 3186 1370 neve
3215 1315 3511 1368 multorum
3535 1327 3623 1367 ex-

390 1403 705 1468 perientiam
739 1403 972 1471 pr0priis
1002 1405 1444 1472 persuasionibus
1471 1416 1801 1474 pneponant,
1841 1408 1942 1460 rati
1984 1410 2124 1479 apud
2155 1411 2338 1479 plures
2389 1410 2618 1466 inveniri
2656 1410 2706 1462 id
2776 1411 2918 1479 quod
2954 1413 3152 1466 rectius
3224 1417 3339 1468 est:
3396 1409 3623 1465 ,ἱειὶιόιό

385 1497 697 1554 censebitur
723 1494 854 1548 talis
886 1495 954 1549 ab
983 1495 1070 1555 iis,
1115 1497 1313 1564 quibus
1351 1496 1563 1550 videndi
1594 1513 1789 1552 sensus
1837 1515 1944 1552 non
1984 1509 2074 1554 est"
2092 1501 2397 1570 ademptus.
2969 1503 2972 1506 ’

457 1586 550 1648 Τις
575 1581 667 1638 οὖν
695 1584 880 1648 εὔνους
904 1585 980 1655 τῷ
1011 1588 1255 1658 Εύνομίῳ
1289 1591 1528 1642 πεισάτω
1552 1590 1764 1660 χαλινὸν
1798 1590 1957 1642 αὑτὸν

2127 1594 2228 1660 Qui
2277 1597 2438 1665 igitur
2477 1596 2613 1649 bene
2648 1595 2797 1664 cupit
2855 1594 3139 1658 Eunomio,
3188 1601 3405 1649 monett
3445 1602 3504 1648 ut
3541 1595 3622 1648 ori

389 1677 651 1728 ἐπιθεῖναι
679 1678 756 1746 τῷ
784 1677 1030 1746 στόματι,
1061 1679 1192 1748 μηδέ
1221 1680 1533 1748 ἀφηνιάζειν
1563 1685 1627 1751 τῇ
1653 1680 1848 1751 ἀταξίᾳ
1862 1681 1956 1734 τοῦ

389 1767 568 1836 λόγου,
603 1768 738 1838 μηδέ
777 1769 910 1838 πρὸς
942 1769 1141 1839 κέντρα
1171 1770 1460 1834 λακτίζειν,
1504 1771 1637 1842 μηδέ
1665 1771 1960 1843 θρασυστο-

392 1863 514 1925 μεῖν
539 1859 679 1912 κα.τά
707 1859 800 1912 τοῦ
834 1859 1012 1929 τιμίου
1055 1860 1335 1929 ὀνόματος,
1376 1862 1511 1915 ἀλλὰ
1551 1863 1646 1915 καὶ
1673 1866 1738 1933 τῇ
1775 1863 1959 1934 μνήμῃ

391 1948 733 2018 λαμϐάνοντα
789 1950 946 2019 μόνον
984 1951 1073 2001 τὸν
1109 1951 1279 2019 μέγαν
1318 1952 1614 2013 Βασίλειον,
1670 1953 1954 2014 εὐλαϐείας

391 2041 485 2092 καὶ
513 2039 663 2102 δέους
706 2042 803 2110 τήν
851 2041 1025 2110 ψυχὴν
1064 2041 1531 2110 ἀναπίμπλασθαι.
1567 2041 1631 2093 Τί
1663 2041 1769 2111 γάρ
1815 2041 1962 2112 αὐτῷ

391 2134 485 2184 καὶ
518 2132 680 2185 πλέον
710 2135 774 2186 ἐκ
801 2135 896 2203 τῆς
943 2117 1180 2203 ἀμέτρου
1214 2134 1487 2203 πομπείας
1515 2133 1713 2203 ταύτης
1741 2136 1962 2206 γενήσε-

389 2239 477 2275 ται
501 2239 515 2253 ·
545 2225 674 2276 ὅταν
703 2225 730 2276 6
757 2223 854 2292 μὲν
874 2224 1108 2286 τοιοῦτος
1125 2224 1253 2294 δοκῇ
1291 2224 1438 2295 παρά
1461 2225 1642 2287 πᾶσιν,
1665 2222 1774 2278 οἷον
1801 2227 1962 2280 αὐτὸν

392 2313 756 2385 ἀνακηρύττει
791 2316 820 2367 6
842 2314 974 2383 βίος,
1003 2318 1033 2367 6
1061 2315 1238 2382 λόγος,
1263 2318 1297 2386 ή
1327 2316 1480 2387 κοινή
1507 2319 1605 2388 τῆς
1639 2319 1964 2390 οἰκουμένης

398 2404 526 2473 περὶ
556 2403 718 2456 αὑτοῦ
756 2405 1030 2476 μαρτυρία
1052 2408 1142 2466 ;'O
1165 2407 1221 2460 δὲ
1249 2408 1491 2470 κακίζειν
1531 2409 1846 2481 ἐπιχειρῶν,
1874 2411 1964 2465 τὸν

392 2495 588 2549 ἑαυτοῦ
621 2496 853 2549 δεικνύει
888 2497 1106 2566 τρόπον,
1157 2498 1232 2560 ὡς
1267 2498 1363 2564 Μὴ
1407 2497 1761 2567 δυνάμενος,
1788 2499 1966 2563 καθώς

393 2587 527 2657 φησι
543 2603 645 2639 που
676 2587 734 2638 τὸ
762 2587 1111 2656 Εὑαγγελίον,
1140 2589 1330 2657 ἀγαθὰ
1355 2589 1566 2643 λαλεῖν
1597 2589 1676 2656 τῷ
1705 2590 1965 2659 πονηρὸς

391 2672 565 2738 εἶναι,
615 2677 730 2730 ἀλλ’
799 2679 863 2732 ἐκ
908 2679 1013 2732 τοῦ
1050 2681 1524 2749 περισσεύματος
1569 2678 1676 2748 τῆς
1720 2681 1969 2750 καρδίας

393 2767 756 2837 φθέγγεσθαι
822 2770 913 2821 καὶ
944 2771 1007 2822 ἐκ
1041 2771 1131 2822 τοῦ
1175 2771 1406 2842 πονηροῦ
1441 2771 1713 2842 θησαυροῦ
1753 2789 1970 2843 προχει-

396 2860 670 2930 ρίζεσθαι.
714 2862 834 2913 Ὅτι
860 2861 965 2932 γὰρ
995 2860 1124 2928 ψιλά
1165 2862 1263 2931 τῆς
1299 2861 1564 2931 λοιδορίας
1615 2862 1732 2914 ἐστι)⁸
1771 2863 1838 2915 τὰ
1869 2863 1967 2933 ῥή-

2061 1706 2159 1744 suo
2189 1689 2399 1743 frenum
2429 1690 2669 1757 imponat
2696 1707 2709 1751 ;
2746 1703 2810 1741 ne
2828 1696 2936 1740 tam
2968 1687 3206 1742 insulsos
3227 1696 3280 1741 et
3316 1687 3624 1741 inconditos

2061 1796 2342 1836 sermones
2382 1779 2612 1843 effutiat,
2653 1794 2785 1832 neve
2817 1786 3004 1832 contra
3062 1779 3316 1832 stimulos
3359 1775 3622 1838 calcitret,

2062 1889 2238 1942 neque
2276 1873 2411 1925 adeo
2454 1873 2712 1924 audacter
2739 1879 2791 1924 et
2844 1869 3143 1924 insolenter
3171 1869 3351 1923 verbis
3385 1883 3505 1923 sese
3546 1867 3624 1920 ef-

2060 1963 2220 2028 ferat,
2252 1969 2565 2031 contemptu
2597 1959 2888 2014 venerandi
2918 1959 3062 2012 illius
3089 1957 3326 2030 [Basilii]
3365 1957 3623 2017 nominis,

2062 2052 2195 2122 quin
2254 2053 2437 2120 potius
2482 2051 2598 2104 sola
2655 2048 2916 2101 memoria
2974 2046 3235 2101 Basilium
3285 2046 3622 2116 complexus,

2065 2140 2370 2194 reverentia
2397 2149 2452 2194 et
2491 2144 2633 2192 metu
2667 2135 2920 2206 perfundi
2966 2135 3208 2190 deberet.
3247 2134 3379 2187 Nam
3411 2150 3532 2204 qua:
3560 2149 3625 2187 ex

2067 2230 2382 2301 hujusmodi
2418 2228 2660 2299 iactandi
2709 2241 2831 2283 sese
2864 2225 3028 2281 simul
3058 2232 3112 2280 et
3159 2225 3500 2280 conviciandi
3535 2241 3616 2295 pc-

2065 2323 2291 2376 tulantia
2322 2322 2554 2377 exsistet
2587 2317 2852 2373 Eunomio
2877 2318 3123 2383 utilitas;
3151 2332 3273 2370 cum
3305 2317 3484 2386 qualis
3538 2316 3627 2369 ille

2065 2411 2206 2480 apud
2254 2425 2445 2465 omnes
2491 2408 2744 2470 habetur,
2789 2408 2950 2461 talem
2998 2407 3148 2460 illum
3200 2407 3454 2476 praedicet
3497 2407 3624 2466 vita.

2065 2500 2267 2566 oratio,
2313 2510 2365 2556 et
2419 2514 2655 2554 concors
2703 2499 2854 2553 orbis
2904 2507 3172 2552 terrarum
3218 2496 3630 2551 testimonium!

2073 2583 2244 2650 Quem
2266 2587 2395 2641 dum
2431 2590 2534 2643 istc
2564 2587 2910 2651 criminatur,
2961 2601 3095 2642 suos
3124 2601 3304 2640 mores
3335 2585 3574 2644 ostendit
3612 2602 3626 2638 :

2077 2682 2252 2752 nequit
2301 2683 2440 2739 enim
2483 2683 2617 2739 bona
2655 2680 2819 2753 loqui,
2867 2687 2924 2732 ut
2976 2677 3178 2733 alicubi
3214 2675 3347 2731 dicit
3385 2675 3630 2744 Evange-

2069 2774 2200 2828 lium
2223 2770 2280 2839 ‘,
2311 2789 2372 2828 eo
2406 2771 2546 2842 quod
2572 2771 2871 2837 malus'sit,
2911 2770 3006 2825 sed
3061 2783 3124 2822 ea;
3156 2767 3481 2822 abundantia
3515 2782 3632 2820 cor-

2073 2864 2155 2918 dis
2187 2863 2445 2934 loquitur,
2478 2869 2530 2916 et
2557 2876 2622 2915 ex
2653 2861 2800 2920 male
2822 2861 3082 2917 thesauro
3109 2874 3206 2915 sua
3232 2859 3396 2913 verba
3441 2857 3634 2926 depro-

399 2971 546 3023 ματα
567 2953 669 3023 τῆς
689 2953 794 3006 τῶν
816 2954 1154 3023 πραγμάτων
1179 2953 1428 3024 ἀληθείας
1447 2954 1506 3005 οὐ
1530 2955 1966 3025 προσαπτόμενα,

2076 2955 2193 3008 mit.
2223 2953 2380 3020 Quod
2412 2961 2592 3006 autem
2613 2952 2862 3006 convicia
2895 2952 3006 3006 sint
3031 2951 3172 3005 nuda
3205 2951 3390 3013 verba,
3416 2965 3536 3019 quin
3567 2947 3634 3001 ad

397 3041 459 3106 ἐξ
489 3042 671 3096 αὐτῶν
705 3045 816 3096 ἐστι
849 3043 956 3095 τῶν
988 3043 1384 3114 γεγραμμένων
1414 3046 1442 3096 6
1479 3044 1715 3114 ἐλεγχος.

485 3223 886 3295 ’Υπέθετόιτινα
915 3221 1097 3288 τόπον,
1126 3225 1184 3276 ἐν
1211 3215 1255 3290 ᾧ
1277 3221 1364 3276 τὸν
1390 3222 1518 3293 περὶ
1549 3223 1670 3275 τῶν-
1690 3222 1972 3292 δογμάτων

400 3318 589 3384 ἀγῶνα
621 3314 878 3385 συστῆναί
907 3331 1090 3384 φησιν,
1136 3313 1414 3382 ἀνώνυμον
1443 3313 1497 3365 δέ
1526 3313 1729 3376 τοῦτον,
1766 3313 1857 3367 καὶ
1885 3313 1972 3364 ού-

402 3408 512 3460 δενὶ
564 3406 819 3476 γνωρίμῳ
867 3405 1077 3476 σημείῳ
1121 3403 1444 3474 δηλούμενον
1470 3441 1484 3464 ,
1531 3403 1669 3456 ὥστε
1731 3403 1974 3470 ἀνάγκην

403 3497 541 3552 εἶναι
575 3498 651 3568 τῷ
676 3499 912 3567 ἀκροατῇ
952 3496 1376 3565 πεπλανημένως
1419 3495 1525 3549 τῶν
1556 3495 1764 3566 ἀδήλων
1808 3511 1975 3547 κατα-

405 3589 776 3659 στοχάζεσθαι.
839 3590 934 3640 Ἐν
977 3589 1165 3651 τούτῳ
1199 3588 1332 3658 φησὶ
1379 3589 1689 3655 σύλλογον
1735 3584 1976 3655 γεγενῆ-

406 3681 546 3732 σθαι
572 3678 690 3731 τῶν
714 3677 1090 3746 πανταχόθεν
1117 3676 1408 3745 λογάδων,
1448 3678 1540 3728 καὶ
1576 3675 1870 3746 ἐνακμάζει
1898 3675 1976 3744 τῷ

407 3769 550 3841 λόγῳ
575 3769 854 3833 νεανικῶς,
885 3770 975 3823 ὑπ’
997 3769 1117 3839 ὄψιν
1139 3769 1284 3836 ἄγων
1308 3769 1467 3840 δῆθεν
1485 3768 1582 3838 τὴν
1601 3769 1706 3821 τῶν
1729 3769 1978 3838 πραγμά-

407 3879 512 3916 των
540 3863 852 3931 διασκευήν.
887 3857 1022 3915 Εἶτα
1046 3862 1321 3923 δικασταῖς
1359 3877 1467 3912 τισι
1497 3861 1665 3928 λέγει,
1692 3861 1826 3931 μηδὲ
1855 3859 1977 3913 τού-

407 3972 512 4008 των
569 3955 825 4023 ὀνομαστὶ
884 3953 1246 4024 μεμνημένος,
1291 3951 1382 4003 τὸν
1420 3951 1546 4021 περὶ
1590 3950 1696 4002 τῶν
1739 3951 1979 4020 ἐσχάτων

409 4045 728 4113 προκεῖσθαι
759 4045 976 4116 δρόμον,
1005 4045 1308 4111 ὑποφωνεῖν
1333 4041 1388 4096 δὲ
1413 4042 1652 4112 παρόντα
1671 4042 1759 4095 τὸν
1789 4042 1981 4112 ήμέτε·

411 4153 503 4207 ρον
562 4133 876 4205 καθηγητὴν
906 4197 914 4201 _
963 4135 1057 4188 καὶ
1093 4133 1322 4204 πατέρα·
1368 4134 1467 4203 τῆς
1500 4134 1556 4186 δέ
1586 4134 1816 4203 κρίσεως
1845 4133 1978 4202 πρὸς

409 4229 534 4290 τοὺς
554 4226 828 4288 ἐναντίους
859 4225 920 4280 τὸ
959 4227 1155 4296 κράτος
1193 4227 1590 4297 μετατιθείσης,
1629 4227 1850 4295 φεύγειν
1879 4227 1977 4277 αύ-

2077 3048 2251 3116 ipsam
2289 3045 2574 3100 veritatem
2598 3058 2706 3097 non
2735 3042 3067 3112 pertingant,
3103 3041 3481 3095 demonstrare
3509 3039 3638 3090 licet

2079 3151 2145 3190 ex
2180 3134 2417 3204 prepriis
2444 3133 2602 3187 istius
2635 3131 2877 3200 scriptis.

2142 3224 2382 3280 Addueit
2422 3225 2598 3279 locum
2643 3222 2953 3292 quemdam,
3006 3221 3062 3273 in
3090 3234 3200 3288 quo
3231 3227 3506 3271 certamen
3539 3231 3637 3286 pro

2075 3319 2338 3374 doctrina:
2383 3317 2611 3371 veritate
2651 3316 2722 3370 sit
2764 3314 3067 3383 ingressus,
3110 3310 3201 3364 sed
3241 3324 3414 3378 neque
3459 3307 3636 3361 locum

2075 3412 2342 3473 nominat,
2377 3424 2553 3477 neque
2599 3407 2710 3460 ullo
2748 3414 2898 3459 certo
2939 3405 3094 3473 signo
3130 3401 3400 3471 designat,
3443 3407 3501 3451 ut
3546 3412 3639 3451 ne-

2076 3519 2230 3558 cesse
2271 3505 2340 3557 sit
2389 3501 2690 3554 auditorem
2738 3499 2960 3552 incertis
3004 3495 3338 3564 coniecturis
3378 3491 3641 3546 fluctu-are

2077 3603 2129 3647 et
2174 3590 2536 3650 circumferri.
2564 3581 2628 3641 In
2669 3587 2765 3641 hoc
2807 3587 2982 3656 inquit
3024 3584 3322 3639 convenisse
3363 3597 3431 3637 ea:
3471 3580 3641 3636 omni-

2079 3685 2173 3738 bus
2220 3684 2347 3736 locis
2376 3687 2639 3743 evocatos,
2675 3686 2731 3733 et
2763 3678 3041 3747 pueriliter
3076 3677 3130 3728 in
3181 3675 3362 3729 verbis
3399 3673 3640 3725 luxuria-

2081 3788 2188 3841 tur,
2244 3775 2420 3830 oculis
2469 3773 2723 3828 videlicet
2775 3769 3106 3838 subjiciens,
3140 3777 3192 3820 et
3245 3773 3641 3834 reprxscntans

2079 3875 2377 3924 conventus
2427 3865 2574 3918 illius
2613 3870 2952 3933 apparatum.
2991 3858 3190 3912 Deinde
3228 3858 3321 3920 ait,
3363 3854 3640 3924 judicibus

2078 3959 2434 4030 quibusdam,
2491 3969 2666 4025 neque
2712 3952 2856 4009 enim
2910 3952 3008 4005 hos
3071 3949 3336 4011 nominat,
3390 3946 3640 3999 ultimum

2082 4049 2410 4119 supplicium
2466 4046 2636 4101 fuisse
2681 4043 3045 4114 propositum,
3095 4039 3180 4092 bis
3214 4051 3343 4090 vero
3392 4033 3640 4089 subscri-

2083 4141 2260 4211 psisse
2295 4140 2458 4194 etiam
2513 4145 2760 4192 nostrmn
2797 4129 3109 4204 [Basilium]
3164 4133 3550 4197 praeceptorem
3592 4134 3643 4175 et

2087 4240 2317 4302 patrem.
2345 4229 2560 4284 Judicio
2602 4236 2784 4281 autem
2825 4221 3159 4277 adversariis
3189 4217 3430 4288 potiores
3462 4223 3642 4283 partes

408 4319 499 4371 τὸν
548 4319 676 4379 τοὺς
713 4317 929 4381 τόπους,
983 4317 1346 4370 καταλιπόντα
1381 4317 1478 4388 τὴν
1514 4316 1687 4382 τάξιν,
1732 4318 1825 4370 καί
1856 4334 1966 4370 τινα

2082 4321 2382 4384 deferente,
2415 4319 2706 4386 derepente
2743 4315 2892 4368 illum
2930 4312 3153 4380 fugisse,
3187 4308 3402 4360 deserto
3428 4302 3639 4365 ordine,

411 4407 618 4461 καπνὸν
657 4408 755 4477 τῆς
799 4408 1050 4478 πατρίδος
1106 4408 1492 4478 μεταδιώκεινο
1531 4410 1623 4462 καὶ
1668 4411 1830 4473 πολύς
1863 4413 1976 4462 ἐστι

411 4498 680 4568 διασύρων
719 4499 777 4550 ἐν
802 4501 866 4568 τῇ
925 4499 1212 4570 ὑπογραφῇ
1249 4499 1344 4569 τῆς
1383 4499 1586 4563 δειλίας
1646 4501 1737 4554 τὸν
1764 4503 1930 4573 ἄνδρα
1960 4519 1974 4532 ·

415 4591 553 4660 ate?
598 4587 805 4652 ἔξεστιν
851 4591 914 4642 ἐκ
965 4589 1072 4642 τῶν
1109 4591 1508 4660 γεγραμμένων
1550 4591 1629 4660 τῷ
1674 4591 1978 4662 βουλομένῳ

417 4677 626 4744 μαθεῖν.
677 4678 750 4729 Ού
801 4678 905 4747 γὰρ
964 4678 1083 4746 ἐμοὶ
1124 4678 1286 4748 σχολὴ
1334 4678 1509 4730 πάντα
1547 4678 1638 4730 τὸν
1663 4677 1855 4749 ἔμετον
1882 4678 1978 4747 τῆς

415 4767 620 4818 ἐκείνου
645 4768 835 4840 σχολῆς
848 4767 931 4821 διὰ
942 4767 1206 4838 τῶνὲμῶν
1217 4768 1388 4838 λόγων
1399 4765 1841 4834 κατασκεδάζειν,
1867 4767 1979 4819 ἀλλ’

412 4851 471 4909 οὗ
505 4858 662 4927 χάριν
699 4858 1045 4929 ἐπεμνήσθην
1073 4857 1180 4910 τῶν
1201 4859 1523 4929 εἰρημένων,
1555 4859 1688 4922 πρὸς
1709 4858 1863 4912 τοῦτο
1890 4859 1982 4911 καὶ

416 4949 810 5019 μεταϐήσομαι.

483 5043 574 5104 Τίς
595 5044 796 5106 ἐκεῖνος
834 5045 862 5096 ὁ
890 5044 1170 5114 ἀνώνυμος
1218 5043 1413 5114 χῶρος,
1447 5045 1504 5095 ἐν
1531 5036 1574 5109 ᾧ
1615 5043 1739 5113 περὶ
1763 5043 1872 5096 τῶν
1896 5044 1979 5095 δο-

411 5135 636 5203 ⁸(μάτων
690 5134 999 5201 ἐξετάζεται
1043 5135 1225 5198 λόγοςς
1280 5135 1374 5197 Τίς
1400 5136 1428 5186 6
1455 5135 1641 5204 καιρὸς
1665 5136 1694 5186 ὁ
1713 5135 1834 5196 τοὺς
1861 5133 1978 5204 ἀρί-

412 5244 569 5291 στους
596 5227 691 5280 ἐπὶ
715 5227 809 5280 τὸν
857 5227 1039 5295 ἀγῶνα
1063 5227 1275 5294 καλῶν;
1307 5227 1461 5289 Τίνες
1503 5228 1551 5279 oi
1591 5225 1879 5296 ἄνθρωποι,
1931 5229 1977 5279 οἱ

409 5317 497 5369 διὰ
524 5319 627 5387 γῆς
681 5317 776 5370 καὶ
800 5315 1064 5387 θαλάττης
1089 5318 1222 5388 πρὸς
1243 5317 1340 5388 τὴν
1371 5315 1650 5369 κοινωνίαν
1679 5315 1784 5368 τῶν
1805 5315 1978 5367 πόνων

413 5408 643 5470 ἑαυτοὺς
691 5407 1109 5474 κατεπείξαντες
1134 5426 1147 5472 ;
1178 5409 1309 5462 Τίνα
1346 5409 1491 5477 λέγει
1523 5408 1724 5477 κόσμον
1751 5407 1843 5458 ἐπὶ
1869 5408 1978 5468 τοῖς

412 5498 804 5568 ἐκϐησομένοις
858 5500 1148 5570 μετέωρον,
1200 5501 1530 5569 ἀναμένοντα
1557 5499 1651 5568 τῆς
1679 5498 1857 5569 ψήφου
1885 5497 1979 5567 τὴν

477 5675 500 5709 ⁸
543 5677 734 5729 Matth.
775 5678 992 5738 111,ὃὸ.

2081 4411 2379 4481 patriaeque
2410 4407 2617 4461 fumtun
2653 4401 2942 4474 quemdam
2997 4407 3143 4454 recta
3188 4403 3437 4450 secutum
3468 4407 3592 4446 esse
3626 4411 3637 4444 :

2081 4508 2396 4574 multusque
2444 4503 2498 4555 in
2558 4497 2897 4553 traducendo
2941 4501 2992 4548 et
3028 4490 3306 4547 irridendo
3337 4487 3474 4548 viro,
3527 4500 3646 4555 pro-

2081 4604 2200 4664 pter
2241 4591 2608 4652 timiditatem,
2647 4595 2706 4641 ut
2755 4583 2934 4654 quivis
2967 4598 3030 4636 ex
3079 4580 3252 4649 ipsius
3285 4577 3426 4630 libro
3451 4589 3646 4644 cogno-

2081 4701 2234 4742 scere
2283 4683 2502 4753 poterit.
2549 4679 2666 4733 Non
2707 4679 2852 4732 enim
2904 4674 3034 4727 mihi
3077 4678 3238 4726 vacat
3278 4667 3483 4732 omnia,
3525 4682 3644 4735 qua:

2084 4776 2286 4830 evomit
2346 4774 2522 4842 Ipsius
2578 4770 2726 4833 bilis,
2778 4765 2960 4822 verbis
3002 4762 3278 4834 persequi,
3334 4758 3430 4814 sed
3482 4757 3546 4811 ad
3591 4757 3641 4811 id

2082 4867 2341 4931 transire,
2377 4863 2534 4932 cujus
2560 4861 2731 4931 gratia
2761 4859 2924 4914 etiam
2955 4856 3213 4926 praedicta
3251 4852 3424 4906 attuli.

2150 5045 2284 5110 Quis
2330 5051 2413 5098 est
2462 5042 2551 5096 ille
2601 5041 2720 5095 sine
2757 5038 2975 5092 nomine
3011 5037 3187 5097 locus,
3222 5036 3274 5087 in
3306 5048 3416 5101 quo
3457 5032 3524 5084 de
3555 5030 3645 5082 do-

2078 5145 2316 5208 gmatum
2353 5134 2582 5189 veritate
2626 5132 2804 5185 habita
2846 5139 2932 5184 est
2962 5127 3320 5196 disquisitio?
3349 5124 3466 5203 Quo
3503 5128 3641 5208 temf

2083 5207 2235 5296 pore,
2291 5239 2464 5292 quave
2503 5222 2792 5276 occasione
2842 5213 3280 5288 praestantissimi
3329 5211 3530 5280 quique
3575 5207 3650 5260 ad‘

2081 5322 2366 5369 certamen
2395 5311 2602 5366 evocati
2655 5311 2821 5364 sunt?
2855 5307 3085 5374 Quinam
3135 5305 3210 5357 illi
3245 5300 3516 5361 homines,
3550 5298 3643 5368 qui

2085 5415 2228 5460 terra
2272 5405 2518 5473 marique
2556 5403 2621 5455 ad
2678 5402 3116 5455 communionem
3169 5395 3416 5449 laborum
3455 5407 3655 5461 propc-

2083 5495 2311 5551 rarunt?
2342 5495 2510 5561 Quem
2548 5493 2805 5549 mundum
2851 5497 3066 5554 narrat,
3106 5495 3328 5542 eventus
3363 5491 3660 5552 exspecta—
