  <div class='ocr_page' id='page_1' title='image "/cluster/home/n/w/nwhite01/storage/ocr_20150623/45/mdp.39015011921478/148.png"; bbox 0 0 4066 6146; ppageno 0'>
   <div class='ocr_carea' id='block_1_1' title="bbox 392 245 502 305">
    <p class='ocr_par' dir='ltr' id='par_1_1' title="bbox 392 245 502 305">
     <span class='ocr_line' id='line_1_1' title="bbox 392 245 502 305; baseline -0.018 -2"><span class='ocrx_word' id='word_1_1' title='bbox 392 245 464 305; x_wconf 68' lang='grc' dir='ltr'><strong>’Ξῖ</strong></span> <span class='ocrx_word' id='word_1_2' title='bbox 475 249 502 299; x_wconf 88' lang='lat'><strong>7</strong></span> 
     </span>
    </p>
   </div>
   <div class='ocr_carea' id='block_1_2' title="bbox 1525 250 2478 316">
    <p class='ocr_par' dir='ltr' id='par_1_2' title="bbox 1525 250 2478 316">
     <span class='ocr_line' id='line_1_2' title="bbox 1525 250 2478 316; baseline -0.005 -9"><span class='ocrx_word' id='word_1_3' title='bbox 1525 250 1803 307; x_wconf 67' lang='lat' dir='ltr'><strong>CONTRA</strong></span> <span class='ocrx_word' id='word_1_4' title='bbox 1844 250 2230 316; x_wconf 74' lang='lat' dir='ltr'><strong>EUNOMIUM,</strong></span> <span class='ocrx_word' id='word_1_5' title='bbox 2270 251 2398 306; x_wconf 88' lang='lat' dir='ltr'><strong>LIB.</strong></span> <span class='ocrx_word' id='word_1_6' title='bbox 2440 250 2478 303; x_wconf 92' lang='lat' dir='ltr'><strong>l.</strong></span> 
     </span>
    </p>
   </div>
   <div class='ocr_carea' id='block_1_3' title="bbox 3535 242 3640 297">
    <p class='ocr_par' dir='ltr' id='par_1_3' title="bbox 3535 242 3640 297">
     <span class='ocr_line' id='line_1_3' title="bbox 3535 242 3640 297; baseline 0.01 -2"><span class='ocrx_word' id='word_1_7' title='bbox 3535 242 3640 297; x_wconf 73' lang='lat'><strong>2‘78</strong></span> 
     </span>
    </p>
   </div>
   <div class='ocr_carea' id='block_1_4' title="bbox 485 342 2004 433">
    <p class='ocr_par' dir='ltr' id='par_1_4' title="bbox 485 342 2004 433">
     <span class='ocr_line' id='line_1_4' title="bbox 485 342 2004 433; baseline 0.003 -22"><span class='ocrx_word' id='word_1_8' title='bbox 485 359 642 412; x_wconf 80' lang='grc' dir='ltr'>’Λλλά</span> <span class='ocrx_word' id='word_1_9' title='bbox 696 342 913 412; x_wconf 71' lang='grc' dir='ltr'>πάντων</span> <span class='ocrx_word' id='word_1_10' title='bbox 967 361 1185 430; x_wconf 69' lang='grc' dir='ltr'>μᾶλλον,</span> <span class='ocrx_word' id='word_1_11' title='bbox 1244 365 1317 424; x_wconf 85' lang='grc' dir='ltr'>ὡς</span> <span class='ocrx_word' id='word_1_12' title='bbox 1373 365 1563 424; x_wconf 78' lang='grc' dir='ltr'>ἔοικεν,</span> <span class='ocrx_word' id='word_1_13' title='bbox 1630 363 1836 433; x_wconf 82' lang='grc' dir='ltr'>ἀληθὴς</span> <span class='ocrx_word' id='word_1_14' title='bbox 1879 361 2004 424; x_wconf 60' lang='grc' dir='ltr'>τοῦ,</span> 
     </span>
    </p>
   </div>
   <div class='ocr_carea' id='block_1_5' title="bbox 2105 342 3643 433">
    <p class='ocr_par' dir='ltr' id='par_1_5' title="bbox 2145 356 3643 429">
     <span class='ocr_line' id='line_1_5' title="bbox 2145 356 3643 429; baseline -0.006 -9"><span class='ocrx_word' id='word_1_15' title='bbox 2145 363 2251 420; x_wconf 86' lang='lat' dir='ltr'><strong>Sed</strong></span> <span class='ocrx_word' id='word_1_16' title='bbox 2278 378 2464 418; x_wconf 89' lang='lat' dir='ltr'><strong>verum</strong></span> <span class='ocrx_word' id='word_1_17' title='bbox 2510 369 2592 416; x_wconf 88' lang='lat' dir='ltr'><strong>est</strong></span> <span class='ocrx_word' id='word_1_18' title='bbox 2626 376 2790 429; x_wconf 89' lang='lat' dir='ltr'><strong>quam</strong></span> <span class='ocrx_word' id='word_1_19' title='bbox 2848 359 3082 414; x_wconf 72' lang='lat' dir='ltr'><strong>maxime</strong></span> <span class='ocrx_word' id='word_1_20' title='bbox 3116 358 3192 422; x_wconf 92' lang='lat' dir='ltr'><strong>id,</strong></span> <span class='ocrx_word' id='word_1_21' title='bbox 3226 356 3372 428; x_wconf 90' lang='lat' dir='ltr'><strong>quod</strong></span> <span class='ocrx_word' id='word_1_22' title='bbox 3418 365 3643 412; x_wconf 87' lang='lat' dir='ltr'><strong>sanctus</strong></span> 
     </span>
    </p>
   </div>
   <div class='ocr_carea' id='block_1_6' title="bbox 401 449 1976 524">
    <p class='ocr_par' dir='ltr' id='par_1_6' title="bbox 401 449 1976 524">
     <span class='ocr_line' id='line_1_6' title="bbox 401 449 1976 524; baseline 0.003 -22"><span class='ocrx_word' id='word_1_23' title='bbox 401 453 548 503; x_wconf 78' lang='grc' dir='ltr'>ὁσίου</span> <span class='ocrx_word' id='word_1_24' title='bbox 586 451 614 503; x_wconf 98' lang='lat'><strong>6</strong></span> <span class='ocrx_word' id='word_1_25' title='bbox 653 449 843 518; x_wconf 85' lang='grc' dir='ltr'>λόγος·</span> <span class='ocrx_word' id='word_1_26' title='bbox 895 451 975 502; x_wconf 81' lang='grc' dir='ltr'>ὅτι</span> <span class='ocrx_word' id='word_1_27' title='bbox 1002 453 1059 504; x_wconf 79' lang='grc' dir='ltr'><strong>ἐν</strong></span> <span class='ocrx_word' id='word_1_28' title='bbox 1092 455 1446 524; x_wconf 80' lang='grc' dir='ltr'><strong>προσποιήσει</strong></span> <span class='ocrx_word' id='word_1_29' title='bbox 1475 454 1530 507; x_wconf 80' lang='grc' dir='ltr'><strong>δέ</strong></span> <span class='ocrx_word' id='word_1_30' title='bbox 1563 455 1658 524; x_wconf 86' lang='grc' dir='ltr'><strong>τῆς</strong></span> <span class='ocrx_word' id='word_1_31' title='bbox 1687 455 1976 522; x_wconf 80' lang='grc' dir='ltr'><strong>ἀπολογίας</strong></span> 
     </span>
    </p>
   </div>
   <div class='ocr_carea' id='block_1_7' title="bbox 404 541 1977 615">
    <p class='ocr_par' dir='ltr' id='par_1_7' title="bbox 404 541 1977 615">
     <span class='ocr_line' id='line_1_7' title="bbox 404 541 1977 615; baseline 0.003 -23"><span class='ocrx_word' id='word_1_32' title='bbox 404 541 745 610; x_wconf 79' lang='grc' dir='ltr'>κατασκευὴν</span> <span class='ocrx_word' id='word_1_33' title='bbox 785 541 890 594; x_wconf 85' lang='grc' dir='ltr'><strong>τῶν</strong></span> <span class='ocrx_word' id='word_1_34' title='bbox 945 542 1226 611; x_wconf 78' lang='grc' dir='ltr'><strong>δογμάτων</strong></span> <span class='ocrx_word' id='word_1_35' title='bbox 1278 545 1470 597; x_wconf 74' lang='grc' dir='ltr'>ἐαυτοῦ</span> <span class='ocrx_word' id='word_1_36' title='bbox 1511 545 1646 615; x_wconf 75' lang='grc' dir='ltr'>πρὸς</span> <span class='ocrx_word' id='word_1_37' title='bbox 1691 545 1750 598; x_wconf 86' lang='grc' dir='ltr'><strong>τὸ</strong></span> <span class='ocrx_word' id='word_1_38' title='bbox 1788 543 1977 598; x_wconf 74' lang='grc' dir='ltr'>δοκοῦν</span> 
     </span>
    </p>
   </div>
   <div class='ocr_carea' id='block_1_8' title="bbox 401 634 1975 707">
    <p class='ocr_par' dir='ltr' id='par_1_8' title="bbox 401 634 1975 707">
     <span class='ocr_line' id='line_1_8' title="bbox 401 634 1975 707; baseline 0.003 -21"><span class='ocrx_word' id='word_1_39' title='bbox 401 635 716 704; x_wconf 81' lang='grc' dir='ltr'>ἐποιήσατο,</span> <span class='ocrx_word' id='word_1_40' title='bbox 756 634 848 686; x_wconf 85' lang='grc' dir='ltr'><strong>καὶ</strong></span> <span class='ocrx_word' id='word_1_41' title='bbox 877 635 906 686; x_wconf 88' lang='grc' dir='ltr'>ὁ</span> <span class='ocrx_word' id='word_1_42' title='bbox 944 634 1061 687; x_wconf 87' lang='grc' dir='ltr'>κατ’</span> <span class='ocrx_word' id='word_1_43' title='bbox 1093 635 1348 707; x_wconf 83' lang='grc' dir='ltr'>ἀλήθειαν</span> <span class='ocrx_word' id='word_1_44' title='bbox 1375 636 1468 688; x_wconf 81' lang='grc' dir='ltr'>τοῦ</span> <span class='ocrx_word' id='word_1_45' title='bbox 1499 638 1680 700; x_wconf 81' lang='grc' dir='ltr'>Φινεὲς</span> <span class='ocrx_word' id='word_1_46' title='bbox 1709 636 1975 707; x_wconf 82' lang='grc' dir='ltr'>ζηλωτής·</span> 
     </span>
    </p>
   </div>
   <div class='ocr_carea' id='block_1_9' title="bbox 401 724 1979 799">
    <p class='ocr_par' dir='ltr' id='par_1_9' title="bbox 401 724 1979 799">
     <span class='ocr_line' id='line_1_9' title="bbox 401 724 1979 799; baseline 0.003 -22"><span class='ocrx_word' id='word_1_47' title='bbox 401 726 431 777; x_wconf 90' lang='lat'><strong>6</strong></span> <span class='ocrx_word' id='word_1_48' title='bbox 457 724 814 796; x_wconf 81' lang='grc' dir='ltr'>ἐξολοθρεὺων</span> <span class='ocrx_word' id='word_1_49' title='bbox 854 726 912 778; x_wconf 87' lang='grc' dir='ltr'><strong>ἐν</strong></span> <span class='ocrx_word' id='word_1_50' title='bbox 958 729 1022 797; x_wconf 82' lang='grc' dir='ltr'>τῇ</span> <span class='ocrx_word' id='word_1_51' title='bbox 1073 728 1316 799; x_wconf 72' lang='grc' dir='ltr'>ῥομφαία</span> <span class='ocrx_word' id='word_1_52' title='bbox 1369 729 1459 782; x_wconf 82' lang='grc' dir='ltr'>τοῦ</span> <span class='ocrx_word' id='word_1_53' title='bbox 1500 730 1658 798; x_wconf 85' lang='grc' dir='ltr'>λόγου</span> <span class='ocrx_word' id='word_1_54' title='bbox 1695 730 1870 784; x_wconf 88' lang='grc' dir='ltr'>πάντα</span> <span class='ocrx_word' id='word_1_55' title='bbox 1889 730 1979 783; x_wconf 82' lang='grc' dir='ltr'><strong>τὸν</strong></span> 
     </span>
    </p>
   </div>
   <div class='ocr_carea' id='block_1_10' title="bbox 403 813 1981 891">
    <p class='ocr_par' dir='ltr' id='par_1_10' title="bbox 403 813 1981 891">
     <span class='ocr_line' id='line_1_10' title="bbox 403 813 1981 891; baseline 0.004 -26"><span class='ocrx_word' id='word_1_56' title='bbox 403 813 511 866; x_wconf 81' lang='grc' dir='ltr'>ἀπὸ</span> <span class='ocrx_word' id='word_1_57' title='bbox 530 814 623 866; x_wconf 75' lang='grc' dir='ltr'>τοῦ</span> <span class='ocrx_word' id='word_1_58' title='bbox 655 814 856 886; x_wconf 78' lang='grc' dir='ltr'>Κυρίου</span> <span class='ocrx_word' id='word_1_59' title='bbox 891 817 1292 889; x_wconf 76' lang='grc' dir='ltr'>πορνεύσανταο</span> <span class='ocrx_word' id='word_1_60' title='bbox 1327 820 1424 888; x_wconf 81' lang='grc' dir='ltr'>τὴν</span> <span class='ocrx_word' id='word_1_61' title='bbox 1455 820 1700 890; x_wconf 85' lang='grc' dir='ltr'>ίατρικὴν</span> <span class='ocrx_word' id='word_1_62' title='bbox 1735 821 1834 891; x_wconf 85' lang='grc' dir='ltr'><strong>μὲν</strong></span> <span class='ocrx_word' id='word_1_63' title='bbox 1882 820 1981 889; x_wconf 81' lang='grc' dir='ltr'><strong>τῆς</strong></span> 
     </span>
    </p>
   </div>
   <div class='ocr_carea' id='block_1_11' title="bbox 405 902 1980 980">
    <p class='ocr_par' dir='ltr' id='par_1_11' title="bbox 405 902 1980 980">
     <span class='ocr_line' id='line_1_11' title="bbox 405 902 1980 980; baseline 0.006 -26"><span class='ocrx_word' id='word_1_64' title='bbox 405 902 603 972; x_wconf 70' lang='grc' dir='ltr'>ψυχῆς,</span> <span class='ocrx_word' id='word_1_65' title='bbox 635 903 982 975; x_wconf 79' lang='grc' dir='ltr'><strong>ἀναιρετικὴν</strong></span> <span class='ocrx_word' id='word_1_66' title='bbox 1003 905 1058 958; x_wconf 87' lang='grc' dir='ltr'>δὲ</span> <span class='ocrx_word' id='word_1_67' title='bbox 1092 907 1189 975; x_wconf 77' lang='grc' dir='ltr'>τῆς</span> <span class='ocrx_word' id='word_1_68' title='bbox 1220 908 1472 971; x_wconf 81' lang='grc' dir='ltr'>ἀσεϐείας</span> <span class='ocrx_word' id='word_1_69' title='bbox 1500 911 1752 980; x_wconf 88' lang='grc' dir='ltr'>ἀπήγαγε</span> <span class='ocrx_word' id='word_1_70' title='bbox 1783 910 1980 980; x_wconf 85' lang='grc' dir='ltr'>μάχαι-</span> 
     </span>
    </p>
   </div>
   <div class='ocr_carea' id='block_1_12' title="bbox 411 993 1983 1070">
    <p class='ocr_par' dir='ltr' id='par_1_12' title="bbox 411 993 1983 1070">
     <span class='ocr_line' id='line_1_12' title="bbox 411 993 1983 1070; baseline 0.005 -26"><span class='ocrx_word' id='word_1_71' title='bbox 411 1011 531 1064; x_wconf 81' lang='grc' dir='ltr'>ραν,</span> <span class='ocrx_word' id='word_1_72' title='bbox 590 993 689 1064; x_wconf 74' lang='grc' dir='ltr'><strong>τὴν</strong></span> <span class='ocrx_word' id='word_1_73' title='bbox 732 994 1050 1065; x_wconf 77' lang='grc' dir='ltr'>ἀντίρρησιν</span> <span class='ocrx_word' id='word_1_74' title='bbox 1095 996 1241 1065; x_wconf 81' lang='grc' dir='ltr'>λέγω</span> <span class='ocrx_word' id='word_1_75' title='bbox 1278 999 1374 1067; x_wconf 82' lang='grc' dir='ltr'>τῆς</span> <span class='ocrx_word' id='word_1_76' title='bbox 1403 997 1770 1070; x_wconf 73' lang='grc' dir='ltr'><strong>βλασφημίας.</strong></span> <span class='ocrx_word' id='word_1_77' title='bbox 1823 1001 1887 1052; x_wconf 88' lang='grc' dir='ltr'>Εἰ</span> <span class='ocrx_word' id='word_1_78' title='bbox 1926 1000 1983 1052; x_wconf 82' lang='grc' dir='ltr'>δὲ</span> 
     </span>
    </p>
   </div>
   <div class='ocr_carea' id='block_1_13' title="bbox 407 1079 1981 1161">
    <p class='ocr_par' dir='ltr' id='par_1_13' title="bbox 407 1079 1981 1161">
     <span class='ocr_line' id='line_1_13' title="bbox 407 1079 1981 1161; baseline 0.004 -24"><span class='ocrx_word' id='word_1_79' title='bbox 407 1083 715 1148; x_wconf 71' lang='grc' dir='ltr'>άντιτύπως</span> <span class='ocrx_word' id='word_1_80' title='bbox 737 1079 888 1149; x_wconf 74' lang='grc' dir='ltr'>οὗτος</span> <span class='ocrx_word' id='word_1_81' title='bbox 916 1085 1049 1156; x_wconf 75' lang='grc' dir='ltr'>ἔχει,</span> <span class='ocrx_word' id='word_1_82' title='bbox 1083 1088 1176 1140; x_wconf 78' lang='grc' dir='ltr'>καὶ</span> <span class='ocrx_word' id='word_1_83' title='bbox 1211 1088 1307 1159; x_wconf 84' lang='grc' dir='ltr'>τὴν</span> <span class='ocrx_word' id='word_1_84' title='bbox 1333 1089 1626 1161; x_wconf 84' lang='grc' dir='ltr'>θεραπείαν</span> <span class='ocrx_word' id='word_1_85' title='bbox 1657 1093 1717 1145; x_wconf 75' lang='grc' dir='ltr'>οὐ</span> <span class='ocrx_word' id='word_1_86' title='bbox 1747 1092 1981 1161; x_wconf 86' lang='grc' dir='ltr'>δέχεται,</span> 
     </span>
    </p>
   </div>
   <div class='ocr_carea' id='block_1_14' title="bbox 409 1177 1982 1252">
    <p class='ocr_par' dir='ltr' id='par_1_14' title="bbox 409 1177 1982 1252">
     <span class='ocr_line' id='line_1_14' title="bbox 409 1177 1982 1252; baseline 0.004 -23"><span class='ocrx_word' id='word_1_87' title='bbox 409 1180 437 1229; x_wconf 83' lang='grc' dir='ltr'><strong>ὁ</strong></span> <span class='ocrx_word' id='word_1_88' title='bbox 467 1179 560 1249; x_wconf 77' lang='grc' dir='ltr'>τὴν</span> <span class='ocrx_word' id='word_1_89' title='bbox 586 1177 761 1248; x_wconf 67' lang='grc' dir='ltr'>ψυχὴν</span> <span class='ocrx_word' id='word_1_90' title='bbox 797 1179 988 1232; x_wconf 79' lang='grc' dir='ltr'>ἑαυτοῦ</span> <span class='ocrx_word' id='word_1_91' title='bbox 1031 1178 1120 1232; x_wconf 77' lang='grc' dir='ltr'>διὰ</span> <span class='ocrx_word' id='word_1_92' title='bbox 1163 1180 1258 1250; x_wconf 76' lang='grc' dir='ltr'><strong>τῆς</strong></span> <span class='ocrx_word' id='word_1_93' title='bbox 1317 1181 1650 1244; x_wconf 87' lang='grc' dir='ltr'>ἀποστασίας</span> <span class='ocrx_word' id='word_1_94' title='bbox 1686 1181 1982 1252; x_wconf 80' lang='grc' dir='ltr'>νεκρὼσας,</span> 
     </span>
    </p>
   </div>
   <div class='ocr_carea' id='block_1_15' title="bbox 411 1267 1986 1345">
    <p class='ocr_par' dir='ltr' id='par_1_15' title="bbox 411 1267 1986 1345">
     <span class='ocr_line' id='line_1_15' title="bbox 411 1267 1986 1345; baseline 0.004 -27"><span class='ocrx_word' id='word_1_95' title='bbox 411 1267 504 1318; x_wconf 75' lang='grc' dir='ltr'>τοῦ</span> <span class='ocrx_word' id='word_1_96' title='bbox 538 1268 792 1337; x_wconf 73' lang='grc' dir='ltr'>ἑλομένου</span> <span class='ocrx_word' id='word_1_97' title='bbox 816 1267 874 1320; x_wconf 66' lang='grc' dir='ltr'>τὸ</span> <span class='ocrx_word' id='word_1_98' title='bbox 899 1268 1115 1338; x_wconf 70' lang='grc' dir='ltr'>κακὺνή</span> <span class='ocrx_word' id='word_1_99' title='bbox 1142 1270 1307 1345; x_wconf 82' lang='grc' dir='ltr'>αἰτία,</span> <span class='ocrx_word' id='word_1_100' title='bbox 1340 1271 1472 1340; x_wconf 68' lang='grc' dir='ltr'>φησι</span> <span class='ocrx_word' id='word_1_101' title='bbox 1492 1271 1650 1324; x_wconf 85' lang='grc' dir='ltr'>τοῦτο</span> <span class='ocrx_word' id='word_1_102' title='bbox 1682 1272 1774 1324; x_wconf 69' lang='grc' dir='ltr'><strong>καὶ</strong></span> <span class='ocrx_word' id='word_1_103' title='bbox 1801 1275 1829 1324; x_wconf 90' lang='lat'><strong>6</strong></span> <span class='ocrx_word' id='word_1_104' title='bbox 1854 1271 1986 1336; x_wconf 78' lang='grc' dir='ltr'>ἔξω·</span> 
     </span>
    </p>
   </div>
   <div class='ocr_carea' id='block_1_16' title="bbox 413 1355 1987 1433">
    <p class='ocr_par' dir='ltr' id='par_1_16' title="bbox 413 1355 1987 1433">
     <span class='ocr_line' id='line_1_16' title="bbox 413 1355 1987 1433; baseline 0.004 -25"><span class='ocrx_word' id='word_1_105' title='bbox 413 1358 502 1408; x_wconf 86' lang='grc' dir='ltr'><strong>θεν</strong></span> <span class='ocrx_word' id='word_1_106' title='bbox 527 1357 700 1423; x_wconf 83' lang='grc' dir='ltr'>λόγος.</span> <span class='ocrx_word' id='word_1_107' title='bbox 726 1357 974 1421; x_wconf 79' lang='grc' dir='ltr'>Τοιοῦτος</span> <span class='ocrx_word' id='word_1_108' title='bbox 1004 1359 1102 1428; x_wconf 82' lang='grc' dir='ltr'><strong>μὲν</strong></span> <span class='ocrx_word' id='word_1_109' title='bbox 1121 1355 1211 1412; x_wconf 75' lang='grc' dir='ltr'><strong>οὖν</strong></span> <span class='ocrx_word' id='word_1_110' title='bbox 1232 1361 1372 1414; x_wconf 85' lang='grc' dir='ltr'>κατά</span> <span class='ocrx_word' id='word_1_111' title='bbox 1388 1377 1445 1413; x_wconf 88' lang='grc' dir='ltr'><strong>τε</strong></span> <span class='ocrx_word' id='word_1_112' title='bbox 1472 1363 1570 1429; x_wconf 77' lang='grc' dir='ltr'>τῆς</span> <span class='ocrx_word' id='word_1_113' title='bbox 1593 1361 1868 1433; x_wconf 84' lang='grc' dir='ltr'>ἀληθείας,</span> <span class='ocrx_word' id='word_1_114' title='bbox 1894 1362 1987 1414; x_wconf 79' lang='grc' dir='ltr'><strong>καὶ</strong></span> 
     </span>
    </p>
   </div>
   <div class='ocr_carea' id='block_1_17' title="bbox 416 1448 1987 1522">
    <p class='ocr_par' dir='ltr' id='par_1_17' title="bbox 416 1448 1987 1522">
     <span class='ocr_line' id='line_1_17' title="bbox 416 1448 1987 1522; baseline 0.003 -21"><span class='ocrx_word' id='word_1_115' title='bbox 416 1449 537 1502; x_wconf 84' lang='grc' dir='ltr'>καθ’</span> <span class='ocrx_word' id='word_1_116' title='bbox 573 1448 730 1518; x_wconf 69' lang='grc' dir='ltr'>ἡμῶν</span> <span class='ocrx_word' id='word_1_117' title='bbox 775 1452 804 1502; x_wconf 87' lang='lat'><strong>6</strong></span> <span class='ocrx_word' id='word_1_118' title='bbox 839 1450 1119 1519; x_wconf 78' lang='grc' dir='ltr'>Εὐνόμιος.</span> <span class='ocrx_word' id='word_1_119' title='bbox 1157 1451 1320 1522; x_wconf 81' lang='grc' dir='ltr'>Ἡμῖν</span> <span class='ocrx_word' id='word_1_120' title='bbox 1360 1452 1416 1504; x_wconf 84' lang='grc' dir='ltr'><strong>δέ</strong></span> <span class='ocrx_word' id='word_1_121' title='bbox 1448 1453 1572 1522; x_wconf 79' lang='grc' dir='ltr'>ἐξῆν</span> <span class='ocrx_word' id='word_1_122' title='bbox 1602 1454 1699 1522; x_wconf 80' lang='grc' dir='ltr'><strong>μὲν</strong></span> <span class='ocrx_word' id='word_1_123' title='bbox 1730 1453 1868 1506; x_wconf 88' lang='grc' dir='ltr'><strong>κατά</strong></span> <span class='ocrx_word' id='word_1_124' title='bbox 1897 1454 1987 1506; x_wconf 85' lang='grc' dir='ltr'><strong>τὸν</strong></span> 
     </span>
    </p>
   </div>
   <div class='ocr_carea' id='block_1_18' title="bbox 415 1534 1990 1614">
    <p class='ocr_par' dir='ltr' id='par_1_18' title="bbox 415 1534 1990 1614">
     <span class='ocr_line' id='line_1_18' title="bbox 415 1534 1990 1614; baseline 0.001 -22"><span class='ocrx_word' id='word_1_125' title='bbox 415 1540 764 1609; x_wconf 84' lang='grc' dir='ltr'>ἀρχαιότερον</span> <span class='ocrx_word' id='word_1_126' title='bbox 786 1534 945 1608; x_wconf 80' lang='grc' dir='ltr'>νόμον</span> <span class='ocrx_word' id='word_1_127' title='bbox 969 1541 1058 1591; x_wconf 82' lang='lat' dir='ltr'>76v</span> <span class='ocrx_word' id='word_1_128' title='bbox 1089 1541 1474 1612; x_wconf 76' lang='grc' dir='ltr'><strong>συγχωροῦντα</strong></span> <span class='ocrx_word' id='word_1_129' title='bbox 1493 1544 1604 1606; x_wconf 86' lang='grc' dir='ltr'>τοῖς</span> <span class='ocrx_word' id='word_1_130' title='bbox 1630 1542 1762 1606; x_wconf 83' lang='grc' dir='ltr'>ἴσοις</span> <span class='ocrx_word' id='word_1_131' title='bbox 1788 1541 1990 1614; x_wconf 82' lang='grc' dir='ltr'>ἀμύνε-</span> 
     </span>
    </p>
   </div>
   <div class='ocr_carea' id='block_1_19' title="bbox 418 1630 1990 1702">
    <p class='ocr_par' dir='ltr' id='par_1_19' title="bbox 418 1630 1990 1702">
     <span class='ocr_line' id='line_1_19' title="bbox 418 1630 1990 1702; baseline 0.004 -20"><span class='ocrx_word' id='word_1_132' title='bbox 418 1630 542 1683; x_wconf 86' lang='grc' dir='ltr'>σθαι</span> <span class='ocrx_word' id='word_1_133' title='bbox 591 1632 714 1693; x_wconf 71' lang='grc' dir='ltr'>τοὺς</span> <span class='ocrx_word' id='word_1_134' title='bbox 762 1630 1127 1702; x_wconf 67' lang='grc' dir='ltr'>ὑπάρξαντας,</span> <span class='ocrx_word' id='word_1_135' title='bbox 1164 1632 1407 1701; x_wconf 65' lang='grc' dir='ltr'>ἀφθόνως</span> <span class='ocrx_word' id='word_1_136' title='bbox 1454 1633 1613 1687; x_wconf 80' lang='grc' dir='ltr'>αὑτὸν</span> <span class='ocrx_word' id='word_1_137' title='bbox 1655 1633 1990 1689; x_wconf 77' lang='grc' dir='ltr'>ἀντιϐάλλειν</span> 
     </span>
    </p>
   </div>
   <div class='ocr_carea' id='block_1_20' title="bbox 2078 449 3643 522">
    <p class='ocr_par' dir='ltr' id='par_1_20' title="bbox 2078 449 3643 522">
     <span class='ocr_line' id='line_1_20' title="bbox 2078 449 3643 522; baseline -0.006 -12"><span class='ocrx_word' id='word_1_138' title='bbox 2078 458 2167 512; x_wconf 91' lang='lat' dir='ltr'><strong>illc</strong></span> <span class='ocrx_word' id='word_1_139' title='bbox 2208 456 2366 522; x_wconf 76' lang='lat' dir='ltr'><strong>dixit,</strong></span> <span class='ocrx_word' id='word_1_140' title='bbox 2418 455 2562 508; x_wconf 91' lang='lat' dir='ltr'><strong>hunc</strong></span> <span class='ocrx_word' id='word_1_141' title='bbox 2608 459 2870 522; x_wconf 70' lang='lat' dir='ltr'><strong>praetextu</strong></span> <span class='ocrx_word' id='word_1_142' title='bbox 2923 451 3200 522; x_wconf 79' lang='lat' dir='ltr'><strong>apologiae,</strong></span> <span class='ocrx_word' id='word_1_143' title='bbox 3235 449 3501 503; x_wconf 89' lang='lat' dir='ltr'><strong>arbitratu</strong></span> <span class='ocrx_word' id='word_1_144' title='bbox 3540 463 3643 504; x_wconf 88' lang='lat' dir='ltr'><strong>suo</strong></span> 
     </span>
    </p>
   </div>
   <div class='ocr_carea' id='block_1_21' title="bbox 2080 539 3644 613">
    <p class='ocr_par' dir='ltr' id='par_1_21' title="bbox 2080 539 3644 613">
     <span class='ocr_line' id='line_1_21' title="bbox 2080 539 3644 613; baseline -0.008 -11"><span class='ocrx_word' id='word_1_145' title='bbox 2080 548 2326 602; x_wconf 78' lang='lat' dir='ltr'><strong>stabilire</strong></span> <span class='ocrx_word' id='word_1_146' title='bbox 2371 547 2611 600; x_wconf 89' lang='lat' dir='ltr'><strong>voluisse</strong></span> <span class='ocrx_word' id='word_1_147' title='bbox 2658 559 2755 600; x_wconf 83' lang='lat' dir='ltr'><strong>sua</strong></span> <span class='ocrx_word' id='word_1_148' title='bbox 2795 544 3050 613; x_wconf 83' lang='lat' dir='ltr'><strong>dogmata</strong></span> <span class='ocrx_word' id='word_1_149' title='bbox 3088 560 3099 594; x_wconf 91' lang='lat'><strong>:</strong></span> <span class='ocrx_word' id='word_1_150' title='bbox 3131 554 3424 611; x_wconf 80' lang='lat' dir='ltr'><strong>gertanus</strong></span> <span class='ocrx_word' id='word_1_151' title='bbox 3463 539 3644 592; x_wconf 87' lang='lat' dir='ltr'><strong>imita-</strong></span> 
     </span>
    </p>
   </div>
   <div class='ocr_carea' id='block_1_22' title="bbox 2079 629 3644 704">
    <p class='ocr_par' dir='ltr' id='par_1_22' title="bbox 2079 629 3644 704">
     <span class='ocr_line' id='line_1_22' title="bbox 2079 629 3644 704; baseline -0.006 -13"><span class='ocrx_word' id='word_1_152' title='bbox 2079 647 2163 692; x_wconf 93' lang='lat' dir='ltr'><strong>tor</strong></span> <span class='ocrx_word' id='word_1_153' title='bbox 2223 638 2368 691; x_wconf 90' lang='lat' dir='ltr'><strong>illius</strong></span> <span class='ocrx_word' id='word_1_154' title='bbox 2391 636 2642 697; x_wconf 86' lang='lat' dir='ltr'><strong>Phinees,</strong></span> <span class='ocrx_word' id='word_1_155' title='bbox 2671 634 2764 704; x_wconf 89' lang='lat' dir='ltr'><strong>qui</strong></span> <span class='ocrx_word' id='word_1_156' title='bbox 2796 632 3108 701; x_wconf 76' lang='lat' dir='ltr'><strong>rhomphaea</strong></span> <span class='ocrx_word' id='word_1_157' title='bbox 3165 646 3259 686; x_wconf 90' lang='lat' dir='ltr'><strong>sua</strong></span> <span class='ocrx_word' id='word_1_158' title='bbox 3290 629 3466 700; x_wconf 80' lang='lat' dir='ltr'><strong>perdit</strong></span> <span class='ocrx_word' id='word_1_159' title='bbox 3527 643 3644 682; x_wconf 88' lang='lat' dir='ltr'><strong>om-</strong></span> 
     </span>
    </p>
   </div>
   <div class='ocr_carea' id='block_1_23' title="bbox 2081 720 3644 798">
    <p class='ocr_par' dir='ltr' id='par_1_23' title="bbox 2081 720 3644 798">
     <span class='ocr_line' id='line_1_23' title="bbox 2081 720 3644 798; baseline -0.005 -16"><span class='ocrx_word' id='word_1_160' title='bbox 2081 744 2226 790; x_wconf 90' lang='lat' dir='ltr'><strong>nem,</strong></span> <span class='ocrx_word' id='word_1_161' title='bbox 2273 728 2364 798; x_wconf 91' lang='lat' dir='ltr'><strong>qui</strong></span> <span class='ocrx_word' id='word_1_162' title='bbox 2424 743 2453 779; x_wconf 90' lang='lat' dir='ltr'><strong>a</strong></span> <span class='ocrx_word' id='word_1_163' title='bbox 2503 726 2729 780; x_wconf 90' lang='lat' dir='ltr'><strong>Domino</strong></span> <span class='ocrx_word' id='word_1_164' title='bbox 2762 739 2856 794; x_wconf 89' lang='lat' dir='ltr'><strong>per</strong></span> <span class='ocrx_word' id='word_1_165' title='bbox 2915 723 3332 777; x_wconf 79' lang='lat' dir='ltr'><strong>fornicationem</strong></span> <span class='ocrx_word' id='word_1_166' title='bbox 3369 720 3644 794; x_wconf 84' lang='lat' dir='ltr'><strong>deflectit;</strong></span> 
     </span>
    </p>
   </div>
   <div class='ocr_carea' id='block_1_24' title="bbox 2083 812 3648 886">
    <p class='ocr_par' dir='ltr' id='par_1_24' title="bbox 2083 812 3648 886">
     <span class='ocr_line' id='line_1_24' title="bbox 2083 812 3648 886; baseline -0.006 -13"><span class='ocrx_word' id='word_1_167' title='bbox 2083 817 2312 873; x_wconf 85' lang='lat' dir='ltr'><strong>vibravit</strong></span> <span class='ocrx_word' id='word_1_168' title='bbox 2357 813 2606 886; x_wconf 90' lang='lat' dir='ltr'><strong>equidem</strong></span> <span class='ocrx_word' id='word_1_169' title='bbox 2654 814 2924 883; x_wconf 88' lang='lat' dir='ltr'><strong>gladium,</strong></span> <span class='ocrx_word' id='word_1_170' title='bbox 2977 813 3302 866; x_wconf 90' lang='lat' dir='ltr'><strong>medicinam</strong></span> <span class='ocrx_word' id='word_1_171' title='bbox 3357 812 3537 866; x_wconf 88' lang='lat' dir='ltr'><strong>facere</strong></span> <span class='ocrx_word' id='word_1_172' title='bbox 3595 820 3648 866; x_wconf 89' lang='lat' dir='ltr'><strong>et</strong></span> 
     </span>
    </p>
   </div>
   <div class='ocr_carea' id='block_1_25' title="bbox 2085 903 3650 980">
    <p class='ocr_par' dir='ltr' id='par_1_25' title="bbox 2085 903 3650 980">
     <span class='ocr_line' id='line_1_25' title="bbox 2085 903 3650 980; baseline -0.004 -16"><span class='ocrx_word' id='word_1_173' title='bbox 2085 910 2417 980; x_wconf 85' lang='lat' dir='ltr'><strong>impietatem</strong></span> <span class='ocrx_word' id='word_1_174' title='bbox 2467 906 2790 962; x_wconf 79' lang='lat' dir='ltr'><strong>exscindere</strong></span> <span class='ocrx_word' id='word_1_175' title='bbox 2831 905 3074 967; x_wconf 90' lang='lat' dir='ltr'><strong>solitum,</strong></span> <span class='ocrx_word' id='word_1_176' title='bbox 3133 904 3516 959; x_wconf 78' lang='lat' dir='ltr'><strong>refutationem</strong></span> <span class='ocrx_word' id='word_1_177' title='bbox 3567 903 3650 958; x_wconf 84' lang='lat' dir='ltr'><strong>in-</strong></span> 
     </span>
    </p>
   </div>
   <div class='ocr_carea' id='block_1_26' title="bbox 2087 994 3651 1070">
    <p class='ocr_par' dir='ltr' id='par_1_26' title="bbox 2087 994 3651 1070">
     <span class='ocr_line' id='line_1_26' title="bbox 2087 994 3651 1070; baseline -0.003 -16"><span class='ocrx_word' id='word_1_178' title='bbox 2087 1002 2269 1070; x_wconf 86' lang='lat' dir='ltr'><strong>telligo</strong></span> <span class='ocrx_word' id='word_1_179' title='bbox 2316 998 2801 1068; x_wconf 79' lang='lat' dir='ltr'><strong>blasphemiarum.</strong></span> <span class='ocrx_word' id='word_1_180' title='bbox 2849 994 2904 1048; x_wconf 90' lang='lat' dir='ltr'><strong>Si</strong></span> <span class='ocrx_word' id='word_1_181' title='bbox 2961 995 3061 1050; x_wconf 89' lang='lat' dir='ltr'><strong>iste</strong></span> <span class='ocrx_word' id='word_1_182' title='bbox 3095 995 3304 1050; x_wconf 88' lang='lat' dir='ltr'><strong>resistit</strong></span> <span class='ocrx_word' id='word_1_183' title='bbox 3348 994 3651 1050; x_wconf 81' lang='lat' dir='ltr'><strong>curationis</strong></span> 
     </span>
    </p>
   </div>
   <div class='ocr_carea' id='block_1_27' title="bbox 2088 1087 3652 1160">
    <p class='ocr_par' dir='ltr' id='par_1_27' title="bbox 2088 1087 3652 1160">
     <span class='ocr_line' id='line_1_27' title="bbox 2088 1087 3652 1160; baseline -0.003 -14"><span class='ocrx_word' id='word_1_184' title='bbox 2088 1091 2398 1160; x_wconf 85' lang='lat' dir='ltr'><strong>impatiens,</strong></span> <span class='ocrx_word' id='word_1_185' title='bbox 2433 1089 2580 1159; x_wconf 90' lang='lat' dir='ltr'><strong>quod</strong></span> <span class='ocrx_word' id='word_1_186' title='bbox 2621 1103 2718 1144; x_wconf 88' lang='lat' dir='ltr'><strong>sua</strong></span> <span class='ocrx_word' id='word_1_187' title='bbox 2754 1087 3062 1142; x_wconf 78' lang='lat' dir='ltr'><strong>defectione</strong></span> <span class='ocrx_word' id='word_1_188' title='bbox 3093 1088 3328 1141; x_wconf 89' lang='lat' dir='ltr'><strong>animam</strong></span> <span class='ocrx_word' id='word_1_189' title='bbox 3360 1091 3652 1142; x_wconf 87' lang='lat' dir='ltr'><strong>intereme-</strong></span> 
     </span>
    </p>
   </div>
   <div class='ocr_carea' id='block_1_28' title="bbox 2086 1177 3655 1252">
    <p class='ocr_par' dir='ltr' id='par_1_28' title="bbox 2086 1177 3655 1252">
     <span class='ocr_line' id='line_1_28' title="bbox 2086 1177 3655 1252; baseline -0.005 -14"><span class='ocrx_word' id='word_1_190' title='bbox 2086 1185 2178 1246; x_wconf 88' lang='lat' dir='ltr'><strong>rit,</strong></span> <span class='ocrx_word' id='word_1_191' title='bbox 2227 1183 2443 1252; x_wconf 87' lang='lat' dir='ltr'><strong>culpam</strong></span> <span class='ocrx_word' id='word_1_192' title='bbox 2493 1181 2728 1235; x_wconf 91' lang='lat' dir='ltr'><strong>sustinet</strong></span> <span class='ocrx_word' id='word_1_193' title='bbox 2767 1179 2834 1242; x_wconf 90' lang='lat' dir='ltr'><strong>is,</strong></span> <span class='ocrx_word' id='word_1_194' title='bbox 2884 1180 2976 1248; x_wconf 89' lang='lat' dir='ltr'><strong>qui</strong></span> <span class='ocrx_word' id='word_1_195' title='bbox 3021 1177 3220 1231; x_wconf 90' lang='lat' dir='ltr'><strong>malum</strong></span> <span class='ocrx_word' id='word_1_196' title='bbox 3264 1178 3446 1247; x_wconf 91' lang='lat' dir='ltr'><strong>elegit,</strong></span> <span class='ocrx_word' id='word_1_197' title='bbox 3503 1185 3562 1231; x_wconf 87' lang='lat' dir='ltr'><strong>ut</strong></span> <span class='ocrx_word' id='word_1_198' title='bbox 3603 1187 3655 1231; x_wconf 91' lang='lat' dir='ltr'><strong>et</strong></span> 
     </span>
    </p>
   </div>
   <div class='ocr_carea' id='block_1_29' title="bbox 2086 1269 3653 1342">
    <p class='ocr_par' dir='ltr' id='par_1_29' title="bbox 2086 1269 3653 1342">
     <span class='ocr_line' id='line_1_29' title="bbox 2086 1269 3653 1342; baseline -0.005 -13"><span class='ocrx_word' id='word_1_199' title='bbox 2086 1281 2432 1329; x_wconf 79' lang='lat' dir='ltr'><strong>externorum</strong></span> <span class='ocrx_word' id='word_1_200' title='bbox 2472 1273 2744 1342; x_wconf 88' lang='lat' dir='ltr'><strong>quispiam</strong></span> <span class='ocrx_word' id='word_1_201' title='bbox 2791 1271 2950 1324; x_wconf 82' lang='lat' dir='ltr'><strong>dixit.</strong></span> <span class='ocrx_word' id='word_1_202' title='bbox 2987 1269 3136 1325; x_wconf 82' lang='lat' dir='ltr'><strong>Talis</strong></span> <span class='ocrx_word' id='word_1_203' title='bbox 3167 1271 3331 1340; x_wconf 81' lang='lat' dir='ltr'><strong>igitur</strong></span> <span class='ocrx_word' id='word_1_204' title='bbox 3373 1278 3430 1324; x_wconf 90' lang='lat' dir='ltr'><strong>et</strong></span> <span class='ocrx_word' id='word_1_205' title='bbox 3463 1277 3653 1322; x_wconf 90' lang='lat' dir='ltr'><strong>contra</strong></span> 
     </span>
    </p>
   </div>
   <div class='ocr_carea' id='block_1_30' title="bbox 2087 1360 3657 1428">
    <p class='ocr_par' dir='ltr' id='par_1_30' title="bbox 2087 1360 3657 1428">
     <span class='ocr_line' id='line_1_30' title="bbox 2087 1360 3657 1428; baseline -0.003 -10"><span class='ocrx_word' id='word_1_206' title='bbox 2087 1365 2394 1428; x_wconf 78' lang='lat' dir='ltr'><strong>veritatem,</strong></span> <span class='ocrx_word' id='word_1_207' title='bbox 2427 1373 2481 1418; x_wconf 91' lang='lat' dir='ltr'><strong>et</strong></span> <span class='ocrx_word' id='word_1_208' title='bbox 2508 1371 2694 1416; x_wconf 91' lang='lat' dir='ltr'><strong>contra</strong></span> <span class='ocrx_word' id='word_1_209' title='bbox 2725 1377 2826 1418; x_wconf 92' lang='lat' dir='ltr'><strong>nos</strong></span> <span class='ocrx_word' id='word_1_210' title='bbox 2860 1370 2942 1416; x_wconf 89' lang='lat' dir='ltr'><strong>est</strong></span> <span class='ocrx_word' id='word_1_211' title='bbox 2973 1362 3296 1416; x_wconf 84' lang='lat' dir='ltr'><strong>Eunomius.</strong></span> <span class='ocrx_word' id='word_1_212' title='bbox 3328 1360 3494 1415; x_wconf 77' lang='lat' dir='ltr'><strong>Nobis</strong></span> <span class='ocrx_word' id='word_1_213' title='bbox 3531 1376 3657 1414; x_wconf 77' lang='lat' dir='ltr'><strong>vero</strong></span> 
     </span>
    </p>
   </div>
   <div class='ocr_carea' id='block_1_31' title="bbox 2092 1451 3658 1524">
    <p class='ocr_par' dir='ltr' id='par_1_31' title="bbox 2092 1451 3658 1524">
     <span class='ocr_line' id='line_1_31' title="bbox 2092 1451 3658 1524; baseline -0.003 -15"><span class='ocrx_word' id='word_1_214' title='bbox 2092 1456 2288 1511; x_wconf 91' lang='lat' dir='ltr'><strong>licebat</strong></span> <span class='ocrx_word' id='word_1_215' title='bbox 2328 1470 2392 1510; x_wconf 78' lang='lat' dir='ltr'><strong>ex</strong></span> <span class='ocrx_word' id='word_1_216' title='bbox 2425 1455 2540 1524; x_wconf 81' lang='lat' dir='ltr'><strong>lege</strong></span> <span class='ocrx_word' id='word_1_217' title='bbox 2586 1453 2776 1517; x_wconf 81' lang='lat' dir='ltr'><strong>veteri,</strong></span> <span class='ocrx_word' id='word_1_218' title='bbox 2809 1469 2929 1521; x_wconf 74' lang='lat' dir='ltr'><strong>qua:</strong></span> <span class='ocrx_word' id='word_1_219' title='bbox 2965 1453 3216 1507; x_wconf 86' lang='lat' dir='ltr'><strong>concedit</strong></span> <span class='ocrx_word' id='word_1_220' title='bbox 3256 1452 3408 1522; x_wconf 87' lang='lat' dir='ltr'><strong>paria</strong></span> <span class='ocrx_word' id='word_1_221' title='bbox 3457 1451 3658 1505; x_wconf 87' lang='lat' dir='ltr'><strong>referre</strong></span> 
     </span>
    </p>
   </div>
   <div class='ocr_carea' id='block_1_32' title="bbox 2092 1541 3659 1612">
    <p class='ocr_par' dir='ltr' id='par_1_32' title="bbox 2092 1541 3659 1612">
     <span class='ocr_line' id='line_1_32' title="bbox 2092 1541 3659 1612; baseline -0.004 -15"><span class='ocrx_word' id='word_1_222' title='bbox 2092 1544 2431 1606; x_wconf 77' lang='lat' dir='ltr'><strong>auctoribus,</strong></span> <span class='ocrx_word' id='word_1_223' title='bbox 2487 1543 2698 1612; x_wconf 77' lang='lat' dir='ltr'><strong>egregie</strong></span> <span class='ocrx_word' id='word_1_224' title='bbox 2754 1544 2930 1612; x_wconf 89' lang='lat' dir='ltr'><strong>ipsqu</strong></span> <span class='ocrx_word' id='word_1_225' title='bbox 2976 1541 3241 1596; x_wconf 84' lang='lat' dir='ltr'><strong>conviciis</strong></span> <span class='ocrx_word' id='word_1_226' title='bbox 3291 1555 3570 1594; x_wconf 89' lang='lat' dir='ltr'><strong>onerare:</strong></span> <span class='ocrx_word' id='word_1_227' title='bbox 3606 1549 3659 1593; x_wconf 91' lang='lat' dir='ltr'><strong>et</strong></span> 
     </span>
    </p>
   </div>
   <div class='ocr_carea' id='block_1_33' title="bbox 2093 1630 3658 1706">
    <p class='ocr_par' dir='ltr' id='par_1_33' title="bbox 2093 1630 3658 1706">
     <span class='ocr_line' id='line_1_33' title="bbox 2093 1630 3658 1706; baseline -0.006 -15"><span class='ocrx_word' id='word_1_228' title='bbox 2093 1637 2264 1691; x_wconf 81' lang='lat' dir='ltr'><strong>multa</strong></span> <span class='ocrx_word' id='word_1_229' title='bbox 2297 1634 2479 1706; x_wconf 89' lang='lat' dir='ltr'><strong>quiete</strong></span> <span class='ocrx_word' id='word_1_230' title='bbox 2525 1648 2588 1688; x_wconf 89' lang='lat' dir='ltr'><strong>ac</strong></span> <span class='ocrx_word' id='word_1_231' title='bbox 2633 1633 2949 1699; x_wconf 82' lang='lat' dir='ltr'><strong>securitate,</strong></span> <span class='ocrx_word' id='word_1_232' title='bbox 2997 1648 3159 1702; x_wconf 87' lang='lat' dir='ltr'><strong>quam</strong></span> <span class='ocrx_word' id='word_1_233' title='bbox 3213 1632 3441 1686; x_wconf 88' lang='lat' dir='ltr'><strong>moleste</strong></span> <span class='ocrx_word' id='word_1_234' title='bbox 3476 1630 3658 1692; x_wconf 86' lang='lat' dir='ltr'><strong>ferret,</strong></span> 
     </span>
    </p>
   </div>
   <div class='ocr_carea' id='block_1_34' title="bbox 417 1721 2004 1800">
    <p class='ocr_par' dir='ltr' id='par_1_34' title="bbox 417 1723 1992 1800">
     <span class='ocr_line' id='line_1_34' title="bbox 417 1723 1992 1800; baseline 0.004 -25"><span class='ocrx_word' id='word_1_235' title='bbox 417 1726 529 1786; x_wconf 79' lang='grc' dir='ltr'>τοῖς</span> <span class='ocrx_word' id='word_1_236' title='bbox 557 1723 803 1786; x_wconf 72' lang='grc' dir='ltr'>ὀνείδεσι,</span> <span class='ocrx_word' id='word_1_237' title='bbox 837 1727 930 1778; x_wconf 67' lang='grc' dir='ltr'><strong>καὶ</strong></span> <span class='ocrx_word' id='word_1_238' title='bbox 956 1728 1011 1778; x_wconf 88' lang='grc' dir='ltr'><strong>ἐν</strong></span> <span class='ocrx_word' id='word_1_239' title='bbox 1036 1725 1201 1796; x_wconf 80' lang='grc' dir='ltr'>πολλῇ</span> <span class='ocrx_word' id='word_1_240' title='bbox 1233 1729 1297 1798; x_wconf 82' lang='grc' dir='ltr'>τῇ</span> <span class='ocrx_word' id='word_1_241' title='bbox 1329 1726 1580 1798; x_wconf 78' lang='grc' dir='ltr'><strong>ῥαστώνῃ</strong></span> <span class='ocrx_word' id='word_1_242' title='bbox 1614 1727 1749 1800; x_wconf 81' lang='grc' dir='ltr'>πρὸς</span> <span class='ocrx_word' id='word_1_243' title='bbox 1780 1728 1870 1781; x_wconf 82' lang='grc' dir='ltr'><strong>τὸν</strong></span> <span class='ocrx_word' id='word_1_244' title='bbox 1905 1729 1992 1781; x_wconf 87' lang='grc' dir='ltr'>λε-</span> 
     </span>
    </p>
   </div>
   <div class='ocr_carea' id='block_1_35' title="bbox 2105 1721 3662 1800">
    <p class='ocr_par' dir='ltr' id='par_1_35' title="bbox 2105 1721 3662 1791">
     <span class='ocr_line' id='line_1_35' title="bbox 2105 1721 3662 1791; baseline -0.005 -12"><span class='ocrx_word' id='word_1_245' title='bbox 2105 1725 2398 1780; x_wconf 74' lang='lat' dir='ltr'><strong>maledictis</strong></span> <span class='ocrx_word' id='word_1_246' title='bbox 2452 1733 2506 1779; x_wconf 91' lang='lat' dir='ltr'><strong>et</strong></span> <span class='ocrx_word' id='word_1_247' title='bbox 2540 1723 2936 1778; x_wconf 89' lang='lat' dir='ltr'><strong>scommatibus</strong></span> <span class='ocrx_word' id='word_1_248' title='bbox 2975 1722 3268 1791; x_wconf 87' lang='lat' dir='ltr'><strong>jaciendis,</strong></span> <span class='ocrx_word' id='word_1_249' title='bbox 3323 1721 3567 1776; x_wconf 85' lang='lat' dir='ltr'><strong>studiose</strong></span> <span class='ocrx_word' id='word_1_250' title='bbox 3608 1727 3662 1772; x_wconf 86' lang='lat' dir='ltr'><strong>ct</strong></span> 
     </span>
    </p>
   </div>
   <div class='ocr_carea' id='block_1_36' title="bbox 419 1812 1987 1885">
    <p class='ocr_par' dir='ltr' id='par_1_36' title="bbox 419 1812 1987 1885">
     <span class='ocr_line' id='line_1_36' title="bbox 419 1812 1987 1885; baseline 0.01 -26"><span class='ocrx_word' id='word_1_251' title='bbox 419 1815 699 1883; x_wconf 77' lang='grc' dir='ltr'>λυπηκὸτα</span> <span class='ocrx_word' id='word_1_252' title='bbox 741 1815 1032 1885; x_wconf 79' lang='grc' dir='ltr'>φιλοτίμως</span> <span class='ocrx_word' id='word_1_253' title='bbox 1066 1815 1183 1876; x_wconf 82' lang='grc' dir='ltr'>ταῖς</span> <span class='ocrx_word' id='word_1_254' title='bbox 1205 1812 1488 1884; x_wconf 82' lang='grc' dir='ltr'>λοιδορίαις</span> <span class='ocrx_word' id='word_1_255' title='bbox 1510 1814 1951 1885; x_wconf 78' lang='grc' dir='ltr'>ἐνδαψιλεὺεσθαι</span> <span class='ocrx_word' id='word_1_256' title='bbox 1975 1838 1987 1851; x_wconf 89' lang='grc'><strong>·</strong></span> 
     </span>
    </p>
   </div>
   <div class='ocr_carea' id='block_1_37' title="bbox 421 1905 1994 1983">
    <p class='ocr_par' dir='ltr' id='par_1_37' title="bbox 421 1905 1994 1983">
     <span class='ocr_line' id='line_1_37' title="bbox 421 1905 1994 1983; baseline 0.004 -25"><span class='ocrx_word' id='word_1_257' title='bbox 421 1909 470 1958; x_wconf 83' lang='grc' dir='ltr'>εἰ</span> <span class='ocrx_word' id='word_1_258' title='bbox 499 1907 606 1976; x_wconf 67' lang='grc' dir='ltr'><strong>γὰρ</strong></span> <span class='ocrx_word' id='word_1_259' title='bbox 635 1905 900 1959; x_wconf 75' lang='grc' dir='ltr'>τοσούτων</span> <span class='ocrx_word' id='word_1_260' title='bbox 946 1910 1148 1966; x_wconf 74' lang='grc' dir='ltr'>ἐκεῖνος</span> <span class='ocrx_word' id='word_1_261' title='bbox 1176 1911 1255 1972; x_wconf 87' lang='grc' dir='ltr'><strong>είς</strong></span> <span class='ocrx_word' id='word_1_262' title='bbox 1296 1909 1453 1981; x_wconf 72' lang='grc' dir='ltr'>ὓϐριν</span> <span class='ocrx_word' id='word_1_263' title='bbox 1501 1911 1594 1964; x_wconf 73' lang='grc' dir='ltr'><strong>καὶ</strong></span> <span class='ocrx_word' id='word_1_264' title='bbox 1622 1911 1884 1983; x_wconf 87' lang='grc' dir='ltr'>λοιδορίαν</span> <span class='ocrx_word' id='word_1_265' title='bbox 1913 1914 1994 1965; x_wconf 79' lang='grc' dir='ltr'>εὐ-</span> 
     </span>
    </p>
   </div>
   <div class='ocr_carea' id='block_1_38' title="bbox 424 1998 1994 2073">
    <p class='ocr_par' dir='ltr' id='par_1_38' title="bbox 424 1998 1994 2073">
     <span class='ocr_line' id='line_1_38' title="bbox 424 1998 1994 2073; baseline 0.004 -24"><span class='ocrx_word' id='word_1_266' title='bbox 424 1999 627 2067; x_wconf 79' lang='grc' dir='ltr'>πόρησε</span> <span class='ocrx_word' id='word_1_267' title='bbox 695 1998 836 2050; x_wconf 82' lang='grc' dir='ltr'><strong>κατά</strong></span> <span class='ocrx_word' id='word_1_268' title='bbox 876 1999 969 2051; x_wconf 76' lang='grc' dir='ltr'>τοῦ</span> <span class='ocrx_word' id='word_1_269' title='bbox 1017 2000 1282 2070; x_wconf 82' lang='grc' dir='ltr'>μηδεμίαν</span> <span class='ocrx_word' id='word_1_270' title='bbox 1332 2003 1536 2057; x_wconf 75' lang='grc' dir='ltr'>εἴσοδον</span> <span class='ocrx_word' id='word_1_271' title='bbox 1579 2003 1865 2066; x_wconf 82' lang='grc' dir='ltr'>δεδωκότος</span> <span class='ocrx_word' id='word_1_272' title='bbox 1919 2002 1994 2073; x_wconf 83' lang='grc' dir='ltr'>τῷ</span> 
     </span>
    </p>
   </div>
   <div class='ocr_carea' id='block_1_39' title="bbox 425 2086 1996 2161">
    <p class='ocr_par' dir='ltr' id='par_1_39' title="bbox 425 2086 1996 2161">
     <span class='ocr_line' id='line_1_39' title="bbox 425 2086 1996 2161; baseline 0.004 -24"><span class='ocrx_word' id='word_1_273' title='bbox 425 2086 621 2158; x_wconf 81' lang='grc' dir='ltr'>μὼμῳ,</span> <span class='ocrx_word' id='word_1_274' title='bbox 667 2087 860 2148; x_wconf 82' lang='grc' dir='ltr'>πόσους</span> <span class='ocrx_word' id='word_1_275' title='bbox 886 2088 1031 2150; x_wconf 76' lang='grc' dir='ltr'>εἰκὸς</span> <span class='ocrx_word' id='word_1_276' title='bbox 1068 2089 1352 2160; x_wconf 81' lang='grc' dir='ltr'>εὑρεθῆναι</span> <span class='ocrx_word' id='word_1_277' title='bbox 1372 2090 1644 2154; x_wconf 84' lang='grc' dir='ltr'>τοιούτους</span> <span class='ocrx_word' id='word_1_278' title='bbox 1667 2092 1856 2161; x_wconf 87' lang='grc' dir='ltr'>λόγους</span> <span class='ocrx_word' id='word_1_279' title='bbox 1884 2095 1996 2155; x_wconf 89' lang='grc' dir='ltr'>τοῖς</span> 
     </span>
    </p>
   </div>
   <div class='ocr_carea' id='block_1_40' title="bbox 424 2177 1996 2254">
    <p class='ocr_par' dir='ltr' id='par_1_40' title="bbox 424 2177 1996 2254">
     <span class='ocr_line' id='line_1_40' title="bbox 424 2177 1996 2254; baseline 0.003 -23"><span class='ocrx_word' id='word_1_280' title='bbox 424 2179 515 2231; x_wconf 85' lang='grc' dir='ltr'><strong>τὸν</strong></span> <span class='ocrx_word' id='word_1_281' title='bbox 545 2178 737 2248; x_wconf 85' lang='grc' dir='ltr'>σεμνὸν</span> <span class='ocrx_word' id='word_1_282' title='bbox 781 2177 943 2231; x_wconf 74' lang='grc' dir='ltr'>αὑτοῦ</span> <span class='ocrx_word' id='word_1_283' title='bbox 997 2178 1408 2252; x_wconf 72' lang='grc' dir='ltr'>διακωμιρδοῦσι</span> <span class='ocrx_word' id='word_1_284' title='bbox 1457 2183 1600 2254; x_wconf 71' lang='grc' dir='ltr'>βίονς</span> <span class='ocrx_word' id='word_1_285' title='bbox 1634 2183 1771 2236; x_wconf 83' lang='grc' dir='ltr'>Ἀλλ’</span> <span class='ocrx_word' id='word_1_286' title='bbox 1811 2183 1996 2254; x_wconf 82' lang='grc' dir='ltr'>ἐπειδὴ</span> 
     </span>
    </p>
   </div>
   <div class='ocr_carea' id='block_1_41' title="bbox 425 2267 1997 2347">
    <p class='ocr_par' dir='ltr' id='par_1_41' title="bbox 425 2267 1997 2347">
     <span class='ocr_line' id='line_1_41' title="bbox 425 2267 1997 2347; baseline 0.005 -26"><span class='ocrx_word' id='word_1_287' title='bbox 425 2268 506 2339; x_wconf 82' lang='grc' dir='ltr'>τῷ</span> <span class='ocrx_word' id='word_1_288' title='bbox 540 2267 854 2339; x_wconf 80' lang='grc' dir='ltr'>Εὑαγγελίῳ</span> <span class='ocrx_word' id='word_1_289' title='bbox 873 2269 1194 2340; x_wconf 75' lang='grc' dir='ltr'>μαθητεύειν</span> <span class='ocrx_word' id='word_1_290' title='bbox 1219 2274 1320 2324; x_wconf 71' lang='grc' dir='ltr'><strong>ὑπὸ</strong></span> <span class='ocrx_word' id='word_1_291' title='bbox 1341 2273 1583 2342; x_wconf 74' lang='grc' dir='ltr'>μαθητοῦ</span> <span class='ocrx_word' id='word_1_292' title='bbox 1620 2276 1718 2345; x_wconf 78' lang='grc' dir='ltr'><strong>τῆς</strong></span> <span class='ocrx_word' id='word_1_293' title='bbox 1742 2276 1997 2347; x_wconf 76' lang='grc' dir='ltr'>ἀληθείας</span> 
     </span>
    </p>
   </div>
   <div class='ocr_carea' id='block_1_42' title="bbox 429 2359 1998 2433">
    <p class='ocr_par' dir='ltr' id='par_1_42' title="bbox 429 2359 1998 2433">
     <span class='ocr_line' id='line_1_42' title="bbox 429 2359 1998 2433; baseline 0.004 -21"><span class='ocrx_word' id='word_1_294' title='bbox 429 2359 489 2425; x_wconf 82' lang='grc' dir='ltr'>ἐξ</span> <span class='ocrx_word' id='word_1_295' title='bbox 526 2359 696 2429; x_wconf 86' lang='grc' dir='ltr'>ἀρχῆς</span> <span class='ocrx_word' id='word_1_296' title='bbox 722 2359 1138 2429; x_wconf 77' lang='grc' dir='ltr'>ἐπαιδεύθημεν,</span> <span class='ocrx_word' id='word_1_297' title='bbox 1169 2363 1290 2413; x_wconf 72' lang='grc' dir='ltr'>οὔτε</span> <span class='ocrx_word' id='word_1_298' title='bbox 1319 2361 1594 2433; x_wconf 78' lang='grc' dir='ltr'>ὀφθαλμὸν</span> <span class='ocrx_word' id='word_1_299' title='bbox 1635 2365 1998 2418; x_wconf 75' lang='grc' dir='ltr'>ἁντεκκόπτο-</span> 
     </span>
    </p>
   </div>
   <div class='ocr_carea' id='block_1_43' title="bbox 433 2449 1996 2524">
    <p class='ocr_par' dir='ltr' id='par_1_43' title="bbox 433 2449 1996 2524">
     <span class='ocr_line' id='line_1_43' title="bbox 433 2449 1996 2524; baseline 0.006 -25"><span class='ocrx_word' id='word_1_300' title='bbox 433 2466 552 2519; x_wconf 83' lang='grc' dir='ltr'>μεν,</span> <span class='ocrx_word' id='word_1_301' title='bbox 617 2449 739 2501; x_wconf 73' lang='grc' dir='ltr'>οὔτε</span> <span class='ocrx_word' id='word_1_302' title='bbox 795 2449 980 2503; x_wconf 73' lang='grc' dir='ltr'>ὀδόντα</span> <span class='ocrx_word' id='word_1_303' title='bbox 1017 2449 1224 2515; x_wconf 81' lang='grc' dir='ltr'>ὀδόντος</span> <span class='ocrx_word' id='word_1_304' title='bbox 1270 2453 1768 2524; x_wconf 88' lang='grc' dir='ltr'>ἀνταλλασσόμεθα,</span> <span class='ocrx_word' id='word_1_305' title='bbox 1798 2456 1996 2519; x_wconf 80' lang='grc' dir='ltr'>εἰδότες</span> 
     </span>
    </p>
   </div>
   <div class='ocr_carea' id='block_1_44' title="bbox 428 2541 1998 2612">
    <p class='ocr_par' dir='ltr' id='par_1_44' title="bbox 428 2541 1998 2612">
     <span class='ocr_line' id='line_1_44' title="bbox 428 2541 1998 2612; baseline 0.004 -20"><span class='ocrx_word' id='word_1_306' title='bbox 428 2541 512 2592; x_wconf 80' lang='grc' dir='ltr'><strong>ὅτι</strong></span> <span class='ocrx_word' id='word_1_307' title='bbox 541 2541 605 2592; x_wconf 77' lang='grc' dir='ltr'><strong>τά</strong></span> <span class='ocrx_word' id='word_1_308' title='bbox 637 2541 846 2610; x_wconf 64' lang='grc' dir='ltr'>πονηρὰ</span> <span class='ocrx_word' id='word_1_309' title='bbox 885 2541 990 2593; x_wconf 80' lang='grc' dir='ltr'><strong>τῶν</strong></span> <span class='ocrx_word' id='word_1_310' title='bbox 1016 2543 1314 2612; x_wconf 76' lang='grc' dir='ltr'>γινομένων</span> <span class='ocrx_word' id='word_1_311' title='bbox 1350 2546 1462 2607; x_wconf 85' lang='grc' dir='ltr'>τοῖς</span> <span class='ocrx_word' id='word_1_312' title='bbox 1494 2546 1754 2608; x_wconf 79' lang='grc' dir='ltr'>ἐναντίοις</span> <span class='ocrx_word' id='word_1_313' title='bbox 1779 2545 1998 2600; x_wconf 80' lang='grc' dir='ltr'>λύεσθαι</span> 
     </span>
    </p>
   </div>
   <div class='ocr_carea' id='block_1_45' title="bbox 430 2631 2002 2710">
    <p class='ocr_par' dir='ltr' id='par_1_45' title="bbox 430 2631 2002 2710">
     <span class='ocr_line' id='line_1_45' title="bbox 430 2631 2002 2710; baseline 0.006 -28"><span class='ocrx_word' id='word_1_314' title='bbox 430 2631 662 2699; x_wconf 73' lang='grc' dir='ltr'>πέφυκε·</span> <span class='ocrx_word' id='word_1_315' title='bbox 695 2635 788 2685; x_wconf 72' lang='grc' dir='ltr'><strong>καὶ</strong></span> <span class='ocrx_word' id='word_1_316' title='bbox 808 2633 906 2685; x_wconf 75' lang='grc' dir='ltr'><strong>οὐκ</strong></span> <span class='ocrx_word' id='word_1_317' title='bbox 931 2634 995 2688; x_wconf 74' lang='grc' dir='ltr'>ἄν</span> <span class='ocrx_word' id='word_1_318' title='bbox 1017 2652 1068 2686; x_wconf 82' lang='grc' dir='ltr'><strong>τι</strong></span> <span class='ocrx_word' id='word_1_319' title='bbox 1092 2634 1196 2688; x_wconf 85' lang='grc' dir='ltr'><strong>τῶν</strong></span> <span class='ocrx_word' id='word_1_320' title='bbox 1219 2636 1400 2700; x_wconf 83' lang='grc' dir='ltr'>κακῶς</span> <span class='ocrx_word' id='word_1_321' title='bbox 1421 2637 1722 2708; x_wconf 85' lang='grc' dir='ltr'>λεγομένων</span> <span class='ocrx_word' id='word_1_322' title='bbox 1771 2639 1804 2707; x_wconf 80' lang='grc' dir='ltr'><strong>ἢ</strong></span> <span class='ocrx_word' id='word_1_323' title='bbox 1832 2655 2002 2710; x_wconf 84' lang='grc' dir='ltr'>πρατ-</span> 
     </span>
    </p>
   </div>
   <div class='ocr_carea' id='block_1_46' title="bbox 428 2723 2003 2797">
    <p class='ocr_par' dir='ltr' id='par_1_46' title="bbox 428 2723 2003 2797">
     <span class='ocr_line' id='line_1_46' title="bbox 428 2723 2003 2797; baseline 0.006 -25"><span class='ocrx_word' id='word_1_324' title='bbox 428 2723 670 2791; x_wconf 84' lang='grc' dir='ltr'>τομένων</span> <span class='ocrx_word' id='word_1_325' title='bbox 701 2724 776 2785; x_wconf 66' lang='grc' dir='ltr'><strong>είς</strong></span> <span class='ocrx_word' id='word_1_326' title='bbox 826 2723 882 2774; x_wconf 81' lang='lat'><strong>76</strong></span> <span class='ocrx_word' id='word_1_327' title='bbox 925 2724 1217 2793; x_wconf 81' lang='grc' dir='ltr'>ἀνήκεστον</span> <span class='ocrx_word' id='word_1_328' title='bbox 1249 2729 1672 2797; x_wconf 82' lang='grc' dir='ltr'>προχωρήσειεν,</span> <span class='ocrx_word' id='word_1_329' title='bbox 1717 2729 1767 2781; x_wconf 74' lang='lat' dir='ltr'><strong>el</strong></span> <span class='ocrx_word' id='word_1_330' title='bbox 1806 2745 1856 2780; x_wconf 93' lang='grc' dir='ltr'><strong>τι</strong></span> <span class='ocrx_word' id='word_1_331' title='bbox 1896 2729 2003 2781; x_wconf 83' lang='grc' dir='ltr'><strong>τῶν</strong></span> 
     </span>
    </p>
   </div>
   <div class='ocr_carea' id='block_1_47' title="bbox 429 2815 2004 2890">
    <p class='ocr_par' dir='ltr' id='par_1_47' title="bbox 429 2815 2004 2890">
     <span class='ocr_line' id='line_1_47' title="bbox 429 2815 2004 2890; baseline 0.005 -24"><span class='ocrx_word' id='word_1_332' title='bbox 429 2815 812 2886; x_wconf 80' lang='grc' dir='ltr'>χρηστοτέρων</span> <span class='ocrx_word' id='word_1_333' title='bbox 843 2815 929 2867; x_wconf 80' lang='grc' dir='ltr'><strong>διὰ</strong></span> <span class='ocrx_word' id='word_1_334' title='bbox 967 2817 1128 2885; x_wconf 89' lang='grc' dir='ltr'>μέσου</span> <span class='ocrx_word' id='word_1_335' title='bbox 1155 2819 1526 2889; x_wconf 83' lang='grc' dir='ltr'>παρεμπεσὸν,</span> <span class='ocrx_word' id='word_1_336' title='bbox 1557 2819 1618 2872; x_wconf 87' lang='lat'><strong>76</strong></span> <span class='ocrx_word' id='word_1_337' title='bbox 1656 2821 1874 2890; x_wconf 76' lang='grc' dir='ltr'>συνεχὲς</span> <span class='ocrx_word' id='word_1_338' title='bbox 1905 2821 2004 2890; x_wconf 81' lang='grc' dir='ltr'>τῆς</span> 
     </span>
    </p>
   </div>
   <div class='ocr_carea' id='block_1_48' title="bbox 429 2905 2006 2981">
    <p class='ocr_par' dir='ltr' id='par_1_48' title="bbox 429 2905 2006 2981">
     <span class='ocr_line' id='line_1_48' title="bbox 429 2905 2006 2981; baseline 0.004 -24"><span class='ocrx_word' id='word_1_339' title='bbox 429 2905 542 2957; x_wconf 82' lang='grc' dir='ltr'><strong>τῶν</strong></span> <span class='ocrx_word' id='word_1_340' title='bbox 577 2905 761 2958; x_wconf 84' lang='grc' dir='ltr'>κακῶν</span> <span class='ocrx_word' id='word_1_341' title='bbox 793 2905 1103 2971; x_wconf 83' lang='grc' dir='ltr'>ἀκολουθίας</span> <span class='ocrx_word' id='word_1_342' title='bbox 1143 2907 1420 2977; x_wconf 69' lang='grc' dir='ltr'>ἐκκόψειεν</span> <span class='ocrx_word' id='word_1_343' title='bbox 1440 2925 1452 2939; x_wconf 90' lang='grc'><strong>·</strong></span> <span class='ocrx_word' id='word_1_344' title='bbox 1482 2910 1734 2981; x_wconf 70' lang='grc' dir='ltr'><strong>οὒκοῦνὴ</strong></span> <span class='ocrx_word' id='word_1_345' title='bbox 1773 2911 1866 2964; x_wconf 79' lang='grc' dir='ltr'>τοῦ</span> <span class='ocrx_word' id='word_1_346' title='bbox 1899 2912 2006 2964; x_wconf 90' lang='grc' dir='ltr'>λοι-</span> 
     </span>
    </p>
   </div>
   <div class='ocr_carea' id='block_1_49' title="bbox 425 2994 2072 3073">
    <p class='ocr_par' dir='ltr' id='par_1_49' title="bbox 425 2994 2072 3073">
     <span class='ocr_line' id='line_1_49' title="bbox 425 2994 2072 3073; baseline 0.002 -27"><span class='ocrx_word' id='word_1_347' title='bbox 425 2995 726 3063; x_wconf 83' lang='grc' dir='ltr'>δορεῖσθαι,</span> <span class='ocrx_word' id='word_1_348' title='bbox 755 2994 849 3047; x_wconf 74' lang='grc' dir='ltr'><strong>καὶ</strong></span> <span class='ocrx_word' id='word_1_349' title='bbox 891 2994 1126 3066; x_wconf 75' lang='grc' dir='ltr'>ὑϐρίζειν</span> <span class='ocrx_word' id='word_1_350' title='bbox 1159 2995 1469 3062; x_wconf 87' lang='grc' dir='ltr'>ἀκολουθία,</span> <span class='ocrx_word' id='word_1_351' title='bbox 1510 2997 1597 3050; x_wconf 82' lang='grc' dir='ltr'>διὰ</span> <span class='ocrx_word' id='word_1_352' title='bbox 1625 2997 2002 3068; x_wconf 84' lang='grc' dir='ltr'>μακροθυμίας</span> <span class='ocrx_word' id='word_1_353' title='bbox 2033 3054 2072 3073; x_wconf 50' lang='grc' dir='ltr'>Α</span> 
     </span>
    </p>
   </div>
   <div class='ocr_carea' id='block_1_50' title="bbox 431 3087 2018 3162">
    <p class='ocr_par' dir='ltr' id='par_1_50' title="bbox 431 3087 2018 3162">
     <span class='ocr_line' id='line_1_50' title="bbox 431 3087 2018 3162; baseline 0.003 -24"><span class='ocrx_word' id='word_1_354' title='bbox 431 3087 646 3138; x_wconf 88' lang='grc' dir='ltr'>ῖσταται</span> <span class='ocrx_word' id='word_1_355' title='bbox 676 3088 774 3156; x_wconf 80' lang='grc' dir='ltr'>τῆς</span> <span class='ocrx_word' id='word_1_356' title='bbox 803 3088 894 3139; x_wconf 74' lang='grc' dir='ltr'><strong>ἐπὶ</strong></span> <span class='ocrx_word' id='word_1_357' title='bbox 916 3087 982 3139; x_wconf 80' lang='grc' dir='ltr'><strong>τά</strong></span> <span class='ocrx_word' id='word_1_358' title='bbox 1009 3087 1194 3156; x_wconf 87' lang='grc' dir='ltr'>πρόσω</span> <span class='ocrx_word' id='word_1_359' title='bbox 1217 3089 1384 3157; x_wconf 73' lang='grc' dir='ltr'>φορᾶς</span> <span class='ocrx_word' id='word_1_360' title='bbox 1408 3105 1420 3117; x_wconf 86' lang='grc'><strong>·</strong></span> <span class='ocrx_word' id='word_1_361' title='bbox 1453 3088 1529 3152; x_wconf 82' lang='grc' dir='ltr'>ὡς</span> <span class='ocrx_word' id='word_1_362' title='bbox 1562 3091 1612 3142; x_wconf 83' lang='grc' dir='ltr'><strong>εί</strong></span> <span class='ocrx_word' id='word_1_363' title='bbox 1638 3090 1700 3158; x_wconf 92' lang='grc' dir='ltr'><strong>γέ</strong></span> <span class='ocrx_word' id='word_1_364' title='bbox 1732 3107 1814 3153; x_wconf 89' lang='grc' dir='ltr'><strong>τις</strong></span> <span class='ocrx_word' id='word_1_365' title='bbox 1850 3089 2018 3162; x_wconf 64' lang='grc' dir='ltr'>ὕϐρεις,</span> 
     </span>
    </p>
   </div>
   <div class='ocr_carea' id='block_1_51' title="bbox 431 3176 2003 3252">
    <p class='ocr_par' dir='ltr' id='par_1_51' title="bbox 431 3176 2003 3252">
     <span class='ocr_line' id='line_1_51' title="bbox 431 3176 2003 3252; baseline 0.003 -22"><span class='ocrx_word' id='word_1_366' title='bbox 431 3177 530 3248; x_wconf 78' lang='grc' dir='ltr'>τὴν</span> <span class='ocrx_word' id='word_1_367' title='bbox 574 3176 750 3248; x_wconf 79' lang='grc' dir='ltr'>ὓϐριν,</span> <span class='ocrx_word' id='word_1_368' title='bbox 818 3179 911 3230; x_wconf 76' lang='grc' dir='ltr'><strong>καὶ</strong></span> <span class='ocrx_word' id='word_1_369' title='bbox 972 3177 1204 3250; x_wconf 74' lang='grc' dir='ltr'>λοιδορία</span> <span class='ocrx_word' id='word_1_370' title='bbox 1265 3181 1362 3250; x_wconf 85' lang='grc' dir='ltr'>τὴν</span> <span class='ocrx_word' id='word_1_371' title='bbox 1412 3179 1671 3251; x_wconf 87' lang='grc' dir='ltr'>λοιδορίαν</span> <span class='ocrx_word' id='word_1_372' title='bbox 1728 3181 2003 3252; x_wconf 79' lang='grc' dir='ltr'>ἀμύνοιτο,</span> 
     </span>
    </p>
   </div>
   <div class='ocr_carea' id='block_1_52' title="bbox 436 3269 2004 3342">
    <p class='ocr_par' dir='ltr' id='par_1_52' title="bbox 436 3269 2004 3342">
     <span class='ocr_line' id='line_1_52' title="bbox 436 3269 2004 3342; baseline 0.003 -20"><span class='ocrx_word' id='word_1_373' title='bbox 436 3269 717 3323; x_wconf 87' lang='grc' dir='ltr'>πλεονάσει</span> <span class='ocrx_word' id='word_1_374' title='bbox 748 3271 960 3332; x_wconf 78' lang='grc' dir='ltr'>πάντως</span> <span class='ocrx_word' id='word_1_375' title='bbox 982 3270 1194 3341; x_wconf 80' lang='grc' dir='ltr'>τρέφων</span> <span class='ocrx_word' id='word_1_376' title='bbox 1215 3271 1303 3324; x_wconf 76' lang='grc' dir='ltr'>διὰ</span> <span class='ocrx_word' id='word_1_377' title='bbox 1339 3270 1444 3325; x_wconf 83' lang='grc' dir='ltr'><strong>τῶν</strong></span> <span class='ocrx_word' id='word_1_378' title='bbox 1466 3273 1666 3342; x_wconf 83' lang='grc' dir='ltr'>ὁμοίων</span> <span class='ocrx_word' id='word_1_379' title='bbox 1699 3272 1760 3326; x_wconf 84' lang='grc' dir='ltr'><strong>τὸ</strong></span> <span class='ocrx_word' id='word_1_380' title='bbox 1785 3274 2004 3327; x_wconf 82' lang='grc' dir='ltr'>ἄτοπον.</span> 
     </span>
    </p>
   </div>
   <div class='ocr_carea' id='block_1_53' title="bbox 2093 1812 3662 1885">
    <p class='ocr_par' dir='ltr' id='par_1_53' title="bbox 2093 1812 3662 1885">
     <span class='ocr_line' id='line_1_53' title="bbox 2093 1812 3662 1885; baseline -0.003 -15"><span class='ocrx_word' id='word_1_381' title='bbox 2093 1824 2347 1871; x_wconf 90' lang='lat' dir='ltr'><strong>accurate</strong></span> <span class='ocrx_word' id='word_1_382' title='bbox 2399 1829 2618 1885; x_wconf 88' lang='lat' dir='ltr'><strong>operam</strong></span> <span class='ocrx_word' id='word_1_383' title='bbox 2658 1813 3003 1884; x_wconf 84' lang='lat' dir='ltr'><strong>impendere;</strong></span> <span class='ocrx_word' id='word_1_384' title='bbox 3065 1814 3112 1868; x_wconf 89' lang='lat' dir='ltr'><strong>si</strong></span> <span class='ocrx_word' id='word_1_385' title='bbox 3167 1814 3310 1866; x_wconf 91' lang='lat' dir='ltr'><strong>enim</strong></span> <span class='ocrx_word' id='word_1_386' title='bbox 3358 1813 3473 1882; x_wconf 89' lang='lat' dir='ltr'><strong>ipse</strong></span> <span class='ocrx_word' id='word_1_387' title='bbox 3527 1812 3662 1867; x_wconf 87' lang='lat' dir='ltr'><strong>adeo</strong></span> 
     </span>
    </p>
   </div>
   <div class='ocr_carea' id='block_1_54' title="bbox 2093 1907 3663 1964">
    <p class='ocr_par' dir='ltr' id='par_1_54' title="bbox 2093 1907 3663 1964">
     <span class='ocr_line' id='line_1_54' title="bbox 2093 1907 3663 1964; baseline -0.004 0"><span class='ocrx_word' id='word_1_388' title='bbox 2093 1909 2358 1964; x_wconf 83' lang='lat' dir='ltr'><strong>conviciis</strong></span> <span class='ocrx_word' id='word_1_389' title='bbox 2405 1917 2458 1962; x_wconf 92' lang='lat' dir='ltr'><strong>et</strong></span> <span class='ocrx_word' id='word_1_390' title='bbox 2505 1907 2984 1961; x_wconf 85' lang='lat' dir='ltr'><strong>criminationibus</strong></span> <span class='ocrx_word' id='word_1_391' title='bbox 3034 1907 3332 1960; x_wconf 88' lang='lat' dir='ltr'><strong>abundavit</strong></span> <span class='ocrx_word' id='word_1_392' title='bbox 3401 1907 3663 1960; x_wconf 89' lang='lat' dir='ltr'><strong>adversus</strong></span> 
     </span>
    </p>
   </div>
   <div class='ocr_carea' id='block_1_55' title="bbox 2095 1997 3662 2070">
    <p class='ocr_par' dir='ltr' id='par_1_55' title="bbox 2095 1997 3662 2070">
     <span class='ocr_line' id='line_1_55' title="bbox 2095 1997 3662 2070; baseline -0.004 -16"><span class='ocrx_word' id='word_1_393' title='bbox 2095 2001 2267 2064; x_wconf 89' lang='lat' dir='ltr'><strong>illum,</strong></span> <span class='ocrx_word' id='word_1_394' title='bbox 2295 2001 2386 2070; x_wconf 90' lang='lat' dir='ltr'><strong>qui</strong></span> <span class='ocrx_word' id='word_1_395' title='bbox 2419 1997 2732 2068; x_wconf 70' lang='lat' dir='ltr'><strong>huiusmodi</strong></span> <span class='ocrx_word' id='word_1_396' title='bbox 2769 1998 3031 2052; x_wconf 85' lang='lat' dir='ltr'><strong>conviciis</strong></span> <span class='ocrx_word' id='word_1_397' title='bbox 3064 1998 3270 2051; x_wconf 89' lang='lat' dir='ltr'><strong>nullam</strong></span> <span class='ocrx_word' id='word_1_398' title='bbox 3319 1998 3662 2052; x_wconf 88' lang='lat' dir='ltr'><strong>occasionem</strong></span> 
     </span>
    </p>
   </div>
   <div class='ocr_carea' id='block_1_56' title="bbox 2095 2086 3666 2161">
    <p class='ocr_par' dir='ltr' id='par_1_56' title="bbox 2095 2086 3666 2161">
     <span class='ocr_line' id='line_1_56' title="bbox 2095 2086 3666 2161; baseline -0.003 -15"><span class='ocrx_word' id='word_1_399' title='bbox 2095 2091 2277 2146; x_wconf 83' lang='lat' dir='ltr'><strong>dedit:</strong></span> <span class='ocrx_word' id='word_1_400' title='bbox 2316 2107 2479 2161; x_wconf 88' lang='lat' dir='ltr'><strong>quam</strong></span> <span class='ocrx_word' id='word_1_401' title='bbox 2527 2091 2746 2144; x_wconf 84' lang='lat' dir='ltr'><strong>uberem</strong></span> <span class='ocrx_word' id='word_1_402' title='bbox 2787 2099 2841 2142; x_wconf 91' lang='lat' dir='ltr'><strong>et</strong></span> <span class='ocrx_word' id='word_1_403' title='bbox 2889 2088 3180 2159; x_wconf 81' lang='lat' dir='ltr'><strong>benignam</strong></span> <span class='ocrx_word' id='word_1_404' title='bbox 3234 2088 3505 2143; x_wconf 88' lang='lat' dir='ltr'><strong>inveniret</strong></span> <span class='ocrx_word' id='word_1_405' title='bbox 3540 2086 3666 2157; x_wconf 91' lang='lat' dir='ltr'><strong>quis</strong></span> 
     </span>
    </p>
   </div>
   <div class='ocr_carea' id='block_1_57' title="bbox 2099 2177 3667 2250">
    <p class='ocr_par' dir='ltr' id='par_1_57' title="bbox 2099 2177 3667 2250">
     <span class='ocr_line' id='line_1_57' title="bbox 2099 2177 3667 2250; baseline -0.006 -12"><span class='ocrx_word' id='word_1_406' title='bbox 2099 2185 2401 2245; x_wconf 87' lang='lat' dir='ltr'><strong>materiam,</strong></span> <span class='ocrx_word' id='word_1_407' title='bbox 2431 2183 2479 2238; x_wconf 92' lang='lat' dir='ltr'><strong>si</strong></span> <span class='ocrx_word' id='word_1_408' title='bbox 2508 2183 2594 2236; x_wconf 87' lang='lat' dir='ltr'><strong>cui</strong></span> <span class='ocrx_word' id='word_1_409' title='bbox 2621 2182 2838 2235; x_wconf 88' lang='lat' dir='ltr'><strong>animus</strong></span> <span class='ocrx_word' id='word_1_410' title='bbox 2873 2187 3040 2242; x_wconf 86' lang='lat' dir='ltr'><strong>esset,</strong></span> <span class='ocrx_word' id='word_1_411' title='bbox 3075 2194 3296 2250; x_wconf 82' lang='lat' dir='ltr'><strong>gravem</strong></span> <span class='ocrx_word' id='word_1_412' title='bbox 3319 2179 3533 2233; x_wconf 90' lang='lat' dir='ltr'><strong>scilicet</strong></span> <span class='ocrx_word' id='word_1_413' title='bbox 3562 2177 3667 2230; x_wconf 81' lang='lat' dir='ltr'><strong>Eu-</strong></span> 
     </span>
    </p>
   </div>
   <div class='ocr_carea' id='block_1_58' title="bbox 2097 2265 3668 2339">
    <p class='ocr_par' dir='ltr' id='par_1_58' title="bbox 2097 2265 3668 2339">
     <span class='ocr_line' id='line_1_58' title="bbox 2097 2265 3668 2339; baseline -0.005 -11"><span class='ocrx_word' id='word_1_414' title='bbox 2097 2273 2266 2328; x_wconf 91' lang='lat' dir='ltr'><strong>nomii</strong></span> <span class='ocrx_word' id='word_1_415' title='bbox 2298 2273 2464 2327; x_wconf 83' lang='lat' dir='ltr'><strong>vitam</strong></span> <span class='ocrx_word' id='word_1_416' title='bbox 2507 2271 2795 2334; x_wconf 89' lang='lat' dir='ltr'><strong>irridendi,</strong></span> <span class='ocrx_word' id='word_1_417' title='bbox 2841 2280 2895 2325; x_wconf 92' lang='lat' dir='ltr'><strong>et</strong></span> <span class='ocrx_word' id='word_1_418' title='bbox 2930 2270 3168 2324; x_wconf 88' lang='lat' dir='ltr'><strong>ludibrio</strong></span> <span class='ocrx_word' id='word_1_419' title='bbox 3197 2268 3526 2339; x_wconf 76' lang='lat' dir='ltr'><strong>exponendi!</strong></span> <span class='ocrx_word' id='word_1_420' title='bbox 3565 2265 3668 2320; x_wconf 78' lang='lat' dir='ltr'><strong>Ve-</strong></span> 
     </span>
    </p>
   </div>
   <div class='ocr_carea' id='block_1_59' title="bbox 2099 2360 3668 2430">
    <p class='ocr_par' dir='ltr' id='par_1_59' title="bbox 2099 2360 3668 2430">
     <span class='ocr_line' id='line_1_59' title="bbox 2099 2360 3668 2430; baseline -0.003 -14"><span class='ocrx_word' id='word_1_421' title='bbox 2099 2379 2220 2418; x_wconf 89' lang='lat' dir='ltr'><strong>rum</strong></span> <span class='ocrx_word' id='word_1_422' title='bbox 2255 2379 2376 2419; x_wconf 88' lang='lat' dir='ltr'><strong>cum</strong></span> <span class='ocrx_word' id='word_1_423' title='bbox 2406 2365 2473 2417; x_wconf 89' lang='lat' dir='ltr'><strong>ab</strong></span> <span class='ocrx_word' id='word_1_424' title='bbox 2505 2363 2664 2418; x_wconf 89' lang='lat' dir='ltr'><strong>initio</strong></span> <span class='ocrx_word' id='word_1_425' title='bbox 2695 2378 2724 2415; x_wconf 91' lang='lat' dir='ltr'><strong>a</strong></span> <span class='ocrx_word' id='word_1_426' title='bbox 2755 2363 3029 2430; x_wconf 90' lang='lat' dir='ltr'><strong>discipulo</strong></span> <span class='ocrx_word' id='word_1_427' title='bbox 3055 2360 3301 2416; x_wconf 75' lang='lat' dir='ltr'><strong>veritatis</strong></span> <span class='ocrx_word' id='word_1_428' title='bbox 3339 2360 3394 2413; x_wconf 92' lang='lat' dir='ltr'><strong>in</strong></span> <span class='ocrx_word' id='word_1_429' title='bbox 3422 2360 3668 2427; x_wconf 64' lang='lat' dir='ltr'><strong>Evangeo</strong></span> 
     </span>
    </p>
   </div>
   <div class='ocr_carea' id='block_1_60' title="bbox 2103 2450 3669 2526">
    <p class='ocr_par' dir='ltr' id='par_1_60' title="bbox 2103 2450 3669 2526">
     <span class='ocr_line' id='line_1_60' title="bbox 2103 2450 3669 2526; baseline -0.005 -17"><span class='ocrx_word' id='word_1_430' title='bbox 2103 2457 2221 2511; x_wconf 87' lang='lat' dir='ltr'><strong>lieis</strong></span> <span class='ocrx_word' id='word_1_431' title='bbox 2252 2455 2537 2526; x_wconf 54' lang='lat' dir='ltr'><strong>praeceptis</strong></span> <span class='ocrx_word' id='word_1_432' title='bbox 2578 2453 2832 2509; x_wconf 83' lang='lat' dir='ltr'><strong>instructi</strong></span> <span class='ocrx_word' id='word_1_433' title='bbox 2870 2453 3045 2507; x_wconf 89' lang='lat' dir='ltr'><strong>simus</strong></span> <span class='ocrx_word' id='word_1_434' title='bbox 3076 2472 3087 2506; x_wconf 95' lang='lat'>:</span> <span class='ocrx_word' id='word_1_435' title='bbox 3127 2452 3346 2506; x_wconf 86' lang='lat' dir='ltr'><strong>oculum</strong></span> <span class='ocrx_word' id='word_1_436' title='bbox 3381 2465 3477 2520; x_wconf 88' lang='lat' dir='ltr'><strong>pro</strong></span> <span class='ocrx_word' id='word_1_437' title='bbox 3509 2450 3669 2504; x_wconf 84' lang='lat' dir='ltr'><strong>oculo</strong></span> 
     </span>
    </p>
   </div>
   <div class='ocr_carea' id='block_1_61' title="bbox 2067 2544 3670 2618">
    <p class='ocr_par' dir='ltr' id='par_1_61' title="bbox 2067 2544 3670 2618">
     <span class='ocr_line' id='line_1_61' title="bbox 2067 2544 3670 2618; baseline -0.004 -16"><span class='ocrx_word' id='word_1_438' title='bbox 2067 2585 2072 2588; x_wconf 89' lang='lat'><strong><em>-</em></strong></span> <span class='ocrx_word' id='word_1_439' title='bbox 2103 2563 2279 2618; x_wconf 89' lang='lat' dir='ltr'><strong>neque</strong></span> <span class='ocrx_word' id='word_1_440' title='bbox 2315 2546 2708 2610; x_wconf 79' lang='lat' dir='ltr'><strong>exscinditnus,</strong></span> <span class='ocrx_word' id='word_1_441' title='bbox 2750 2562 2927 2617; x_wconf 83' lang='lat' dir='ltr'><strong>neque</strong></span> <span class='ocrx_word' id='word_1_442' title='bbox 2955 2545 3175 2600; x_wconf 77' lang='lat' dir='ltr'><strong>dentem</strong></span> <span class='ocrx_word' id='word_1_443' title='bbox 3204 2560 3300 2613; x_wconf 88' lang='lat' dir='ltr'><strong>pro</strong></span> <span class='ocrx_word' id='word_1_444' title='bbox 3323 2544 3482 2598; x_wconf 87' lang='lat' dir='ltr'><strong>dente</strong></span> <span class='ocrx_word' id='word_1_445' title='bbox 3517 2557 3670 2596; x_wconf 87' lang='lat' dir='ltr'><strong>com-</strong></span> 
     </span>
    </p>
   </div>
   <div class='ocr_carea' id='block_1_62' title="bbox 2105 2635 3670 2711">
    <p class='ocr_par' dir='ltr' id='par_1_62' title="bbox 2105 2635 3670 2711">
     <span class='ocr_line' id='line_1_62' title="bbox 2105 2635 3670 2711; baseline -0.006 -16"><span class='ocrx_word' id='word_1_446' title='bbox 2105 2644 2413 2696; x_wconf 69' lang='lat' dir='ltr'><strong>mittamus”</strong></span> <span class='ocrx_word' id='word_1_447' title='bbox 2453 2659 2465 2694; x_wconf 91' lang='lat'><strong>:</strong></span> <span class='ocrx_word' id='word_1_448' title='bbox 2501 2641 2669 2711; x_wconf 89' lang='lat' dir='ltr'><strong>probe</strong></span> <span class='ocrx_word' id='word_1_449' title='bbox 2703 2648 3042 2711; x_wconf 87' lang='lat' dir='ltr'><strong>compertum</strong></span> <span class='ocrx_word' id='word_1_450' title='bbox 3076 2639 3342 2694; x_wconf 83' lang='lat' dir='ltr'><strong>habentes</strong></span> <span class='ocrx_word' id='word_1_451' title='bbox 3388 2635 3670 2690; x_wconf 88' lang='lat' dir='ltr'><strong>maledicta</strong></span> 
     </span>
    </p>
   </div>
   <div class='ocr_carea' id='block_1_63' title="bbox 2105 2729 3668 2796">
    <p class='ocr_par' dir='ltr' id='par_1_63' title="bbox 2105 2729 3668 2796">
     <span class='ocr_line' id='line_1_63' title="bbox 2105 2729 3668 2796; baseline -0.005 -8"><span class='ocrx_word' id='word_1_452' title='bbox 2105 2741 2159 2788; x_wconf 91' lang='lat' dir='ltr'><strong>et</strong></span> <span class='ocrx_word' id='word_1_453' title='bbox 2201 2732 2339 2787; x_wconf 85' lang='lat' dir='ltr'><strong>facta</strong></span> <span class='ocrx_word' id='word_1_454' title='bbox 2370 2733 2664 2789; x_wconf 89' lang='lat' dir='ltr'><strong>contrariis</strong></span> <span class='ocrx_word' id='word_1_455' title='bbox 2705 2747 3058 2796; x_wconf 86' lang='lat' dir='ltr'><strong>evanescere,</strong></span> <span class='ocrx_word' id='word_1_456' title='bbox 3094 2740 3149 2786; x_wconf 92' lang='lat' dir='ltr'><strong>et</strong></span> <span class='ocrx_word' id='word_1_457' title='bbox 3179 2731 3405 2784; x_wconf 91' lang='lat' dir='ltr'><strong>interire</strong></span> <span class='ocrx_word' id='word_1_458' title='bbox 3447 2729 3623 2784; x_wconf 89' lang='lat' dir='ltr'><strong>solere</strong></span> <span class='ocrx_word' id='word_1_459' title='bbox 3657 2747 3668 2780; x_wconf 89' lang='lat'><strong>:</strong></span> 
     </span>
    </p>
   </div>
   <div class='ocr_carea' id='block_1_64' title="bbox 2108 2820 3664 2896">
    <p class='ocr_par' dir='ltr' id='par_1_64' title="bbox 2108 2820 3664 2896">
     <span class='ocr_line' id='line_1_64' title="bbox 2108 2820 3664 2896; baseline -0.006 -16"><span class='ocrx_word' id='word_1_460' title='bbox 2108 2841 2282 2896; x_wconf 74' lang='lat' dir='ltr'><strong>neque</strong></span> <span class='ocrx_word' id='word_1_461' title='bbox 2319 2841 2559 2896; x_wconf 85' lang='lat' dir='ltr'><strong>unquam</strong></span> <span class='ocrx_word' id='word_1_462' title='bbox 2604 2827 2744 2884; x_wconf 89' lang='lat' dir='ltr'><strong>male</strong></span> <span class='ocrx_word' id='word_1_463' title='bbox 2765 2827 2913 2882; x_wconf 87' lang='lat' dir='ltr'><strong>dicta</strong></span> <span class='ocrx_word' id='word_1_464' title='bbox 2956 2833 3049 2879; x_wconf 89' lang='lat' dir='ltr'><strong>aut</strong></span> <span class='ocrx_word' id='word_1_465' title='bbox 3102 2823 3242 2878; x_wconf 87' lang='lat' dir='ltr'><strong>facta</strong></span> <span class='ocrx_word' id='word_1_466' title='bbox 3291 2822 3346 2876; x_wconf 90' lang='lat' dir='ltr'><strong>in</strong></span> <span class='ocrx_word' id='word_1_467' title='bbox 3391 2820 3664 2875; x_wconf 86' lang='lat' dir='ltr'><strong>infinitum</strong></span> 
     </span>
    </p>
   </div>
   <div class='ocr_carea' id='block_1_65' title="bbox 2103 2907 3674 2985">
    <p class='ocr_par' dir='ltr' id='par_1_65' title="bbox 2103 2907 3674 2985">
     <span class='ocr_line' id='line_1_65' title="bbox 2103 2907 3674 2985; baseline -0.006 -17"><span class='ocrx_word' id='word_1_468' title='bbox 2103 2907 2485 2985; x_wconf 80' lang='lat' dir='ltr'><strong>procederent,</strong></span> <span class='ocrx_word' id='word_1_469' title='bbox 2535 2914 2580 2969; x_wconf 91' lang='lat' dir='ltr'><strong>si</strong></span> <span class='ocrx_word' id='word_1_470' title='bbox 2627 2912 2762 2982; x_wconf 91' lang='lat' dir='ltr'><strong>quid</strong></span> <span class='ocrx_word' id='word_1_471' title='bbox 2817 2929 3000 2968; x_wconf 87' lang='lat' dir='ltr'><strong>rerum</strong></span> <span class='ocrx_word' id='word_1_472' title='bbox 3059 2913 3346 2969; x_wconf 88' lang='lat' dir='ltr'><strong>meliorum</strong></span> <span class='ocrx_word' id='word_1_473' title='bbox 3384 2908 3674 2978; x_wconf 89' lang='lat' dir='ltr'><strong>interposi—</strong></span> 
     </span>
    </p>
   </div>
   <div class='ocr_carea' id='block_1_66' title="bbox 2112 3003 3674 3074">
    <p class='ocr_par' dir='ltr' id='par_1_66' title="bbox 2112 3003 3674 3074">
     <span class='ocr_line' id='line_1_66' title="bbox 2112 3003 3674 3074; baseline -0.005 -18"><span class='ocrx_word' id='word_1_474' title='bbox 2112 3011 2250 3066; x_wconf 88' lang='lat' dir='ltr'><strong>tum,</strong></span> <span class='ocrx_word' id='word_1_475' title='bbox 2279 3015 2590 3074; x_wconf 88' lang='lat' dir='ltr'><strong>perpetuam</strong></span> <span class='ocrx_word' id='word_1_476' title='bbox 2629 3003 2773 3056; x_wconf 88' lang='lat' dir='ltr'><strong>illam</strong></span> <span class='ocrx_word' id='word_1_477' title='bbox 2804 3004 3072 3058; x_wconf 90' lang='lat' dir='ltr'><strong>malorum</strong></span> <span class='ocrx_word' id='word_1_478' title='bbox 3105 3003 3325 3064; x_wconf 90' lang='lat' dir='ltr'><strong>seriem,</strong></span> <span class='ocrx_word' id='word_1_479' title='bbox 3355 3010 3407 3056; x_wconf 91' lang='lat' dir='ltr'><strong>et</strong></span> <span class='ocrx_word' id='word_1_480' title='bbox 3432 3009 3674 3054; x_wconf 88' lang='lat' dir='ltr'><strong>tenorem</strong></span> 
     </span>
    </p>
   </div>
   <div class='ocr_carea' id='block_1_67' title="bbox 2113 3089 3676 3164">
    <p class='ocr_par' dir='ltr' id='par_1_67' title="bbox 2113 3089 3676 3164">
     <span class='ocr_line' id='line_1_67' title="bbox 2113 3089 3676 3164; baseline -0.007 -15"><span class='ocrx_word' id='word_1_481' title='bbox 2113 3110 2401 3164; x_wconf 88' lang='lat' dir='ltr'><strong>perennem</strong></span> <span class='ocrx_word' id='word_1_482' title='bbox 2449 3095 2867 3163; x_wconf 88' lang='lat' dir='ltr'><strong>interrumperet</strong></span> <span class='ocrx_word' id='word_1_483' title='bbox 2900 3115 2910 3148; x_wconf 96' lang='lat'>:</span> <span class='ocrx_word' id='word_1_484' title='bbox 2943 3093 3068 3163; x_wconf 87' lang='lat' dir='ltr'><strong>quia</strong></span> <span class='ocrx_word' id='word_1_485' title='bbox 3110 3089 3440 3145; x_wconf 86' lang='lat' dir='ltr'><strong>criminandi</strong></span> <span class='ocrx_word' id='word_1_486' title='bbox 3491 3096 3544 3141; x_wconf 91' lang='lat' dir='ltr'><strong>et</strong></span> <span class='ocrx_word' id='word_1_487' title='bbox 3581 3100 3676 3140; x_wconf 59' lang='lat' dir='ltr'><strong>ca-</strong></span> 
     </span>
    </p>
   </div>
   <div class='ocr_carea' id='block_1_68' title="bbox 2117 3175 3678 3254">
    <p class='ocr_par' dir='ltr' id='par_1_68' title="bbox 2117 3175 3678 3254">
     <span class='ocr_line' id='line_1_68' title="bbox 2117 3175 3678 3254; baseline -0.007 -17"><span class='ocrx_word' id='word_1_488' title='bbox 2117 3184 2416 3238; x_wconf 88' lang='lat' dir='ltr'><strong>lumniandi</strong></span> <span class='ocrx_word' id='word_1_489' title='bbox 2451 3186 2660 3254; x_wconf 88' lang='lat' dir='ltr'><strong>primus</strong></span> <span class='ocrx_word' id='word_1_490' title='bbox 2699 3185 2935 3252; x_wconf 90' lang='lat' dir='ltr'><strong>impetus</strong></span> <span class='ocrx_word' id='word_1_491' title='bbox 2965 3197 3120 3251; x_wconf 65' lang='lat' dir='ltr'><strong>aequo</strong></span> <span class='ocrx_word' id='word_1_492' title='bbox 3147 3190 3200 3237; x_wconf 91' lang='lat' dir='ltr'><strong>et</strong></span> <span class='ocrx_word' id='word_1_493' title='bbox 3227 3179 3452 3250; x_wconf 88' lang='lat' dir='ltr'><strong>patienti</strong></span> <span class='ocrx_word' id='word_1_494' title='bbox 3497 3175 3678 3229; x_wconf 89' lang='lat' dir='ltr'><strong>animo</strong></span> 
     </span>
    </p>
   </div>
   <div class='ocr_carea' id='block_1_69' title="bbox 2117 3267 3676 3344">
    <p class='ocr_par' dir='ltr' id='par_1_69' title="bbox 2117 3267 3676 3344">
     <span class='ocr_line' id='line_1_69' title="bbox 2117 3267 3676 3344; baseline -0.008 -14"><span class='ocrx_word' id='word_1_495' title='bbox 2117 3277 2350 3340; x_wconf 81' lang='lat' dir='ltr'><strong>sistitur,</strong></span> <span class='ocrx_word' id='word_1_496' title='bbox 2391 3294 2457 3331; x_wconf 86' lang='lat' dir='ltr'><strong>ne</strong></span> <span class='ocrx_word' id='word_1_497' title='bbox 2495 3274 2702 3330; x_wconf 85' lang='lat' dir='ltr'><strong>feratur</strong></span> <span class='ocrx_word' id='word_1_498' title='bbox 2734 3276 3000 3342; x_wconf 87' lang='lat' dir='ltr'><strong>ulterius;</strong></span> <span class='ocrx_word' id='word_1_499' title='bbox 3045 3288 3216 3344; x_wconf 90' lang='lat' dir='ltr'><strong>quare</strong></span> <span class='ocrx_word' id='word_1_500' title='bbox 3244 3273 3288 3328; x_wconf 83' lang='lat' dir='ltr'><strong>si</strong></span> <span class='ocrx_word' id='word_1_501' title='bbox 3322 3273 3444 3340; x_wconf 82' lang='lat' dir='ltr'><strong>quis</strong></span> <span class='ocrx_word' id='word_1_502' title='bbox 3481 3267 3676 3336; x_wconf 87' lang='lat' dir='ltr'><strong>injuria</strong></span> 
     </span>
    </p>
   </div>
   <div class='ocr_carea' id='block_1_70' title="bbox 438 3366 3680 3439">
    <p class='ocr_par' dir='ltr' id='par_1_70' title="bbox 438 3366 3680 3439">
     <span class='ocr_line' id='line_1_70' title="bbox 438 3366 3680 3439; baseline -0.001 -19"><span class='ocrx_word' id='word_1_503' title='bbox 438 3367 712 3436; x_wconf 87' lang='lat' dir='ltr'><strong>injuriatn,</strong></span> <span class='ocrx_word' id='word_1_504' title='bbox 764 3375 818 3418; x_wconf 88' lang='lat' dir='ltr'><strong>et</strong></span> <span class='ocrx_word' id='word_1_505' title='bbox 871 3367 1178 3420; x_wconf 88' lang='lat' dir='ltr'><strong>convicium</strong></span> <span class='ocrx_word' id='word_1_506' title='bbox 1231 3369 1476 3423; x_wconf 87' lang='lat' dir='ltr'><strong>convicio</strong></span> <span class='ocrx_word' id='word_1_507' title='bbox 1526 3371 1714 3424; x_wconf 88' lang='lat' dir='ltr'><strong>ulcisci</strong></span> <span class='ocrx_word' id='word_1_508' title='bbox 1764 3372 1910 3434; x_wconf 78' lang='lat' dir='ltr'><strong>velit,</strong></span> <span class='ocrx_word' id='word_1_509' title='bbox 1957 3373 2008 3424; x_wconf 92' lang='lat' dir='ltr'><strong>in</strong></span> <span class='ocrx_word' id='word_1_510' title='bbox 2050 3374 2377 3430; x_wconf 88' lang='lat' dir='ltr'><strong>immensum</strong></span> <span class='ocrx_word' id='word_1_511' title='bbox 2425 3374 2642 3428; x_wconf 80' lang='lat' dir='ltr'><strong>tandem</strong></span> <span class='ocrx_word' id='word_1_512' title='bbox 2684 3380 2966 3428; x_wconf 69' lang='lat' dir='ltr'><strong>excrescet</strong></span> <span class='ocrx_word' id='word_1_513' title='bbox 2993 3385 3210 3439; x_wconf 87' lang='lat' dir='ltr'><strong>semper</strong></span> <span class='ocrx_word' id='word_1_514' title='bbox 3274 3366 3446 3436; x_wconf 82' lang='lat' dir='ltr'><strong>magis</strong></span> <span class='ocrx_word' id='word_1_515' title='bbox 3519 3372 3680 3432; x_wconf 84' lang='lat' dir='ltr'><strong>atque</strong></span> 
     </span>
    </p>
   </div>
   <div class='ocr_carea' id='block_1_71' title="bbox 439 3461 1276 3530">
    <p class='ocr_par' dir='ltr' id='par_1_71' title="bbox 439 3461 1276 3530">
     <span class='ocr_line' id='line_1_71' title="bbox 439 3461 1276 3530; baseline 0.001 -17"><span class='ocrx_word' id='word_1_516' title='bbox 439 3461 610 3530; x_wconf 87' lang='lat' dir='ltr'><strong>magis</strong></span> <span class='ocrx_word' id='word_1_517' title='bbox 651 3464 903 3513; x_wconf 88' lang='lat' dir='ltr'><strong>roborata</strong></span> <span class='ocrx_word' id='word_1_518' title='bbox 939 3461 1276 3529; x_wconf 87' lang='lat' dir='ltr'><strong>improbitas.</strong></span> 
     </span>
    </p>
   </div>
   <div class='ocr_carea' id='block_1_72' title="bbox 507 3553 2012 3624">
    <p class='ocr_par' dir='ltr' id='par_1_72' title="bbox 507 3553 2012 3624">
     <span class='ocr_line' id='line_1_72' title="bbox 507 3553 2012 3624; baseline 0.001 -17"><span class='ocrx_word' id='word_1_519' title='bbox 507 3558 604 3610; x_wconf 76' lang='grc' dir='ltr'>Διά</span> <span class='ocrx_word' id='word_1_520' title='bbox 627 3557 780 3610; x_wconf 74' lang='grc' dir='ltr'>τοῦτο</span> <span class='ocrx_word' id='word_1_521' title='bbox 813 3559 987 3612; x_wconf 80' lang='grc' dir='ltr'>πάντα</span> <span class='ocrx_word' id='word_1_522' title='bbox 1011 3558 1101 3609; x_wconf 79' lang='lat' dir='ltr'>76v</span> <span class='ocrx_word' id='word_1_523' title='bbox 1131 3559 1188 3609; x_wconf 80' lang='grc' dir='ltr'><strong>ἐν</strong></span> <span class='ocrx_word' id='word_1_524' title='bbox 1210 3553 1288 3623; x_wconf 81' lang='grc' dir='ltr'>τῷ</span> <span class='ocrx_word' id='word_1_525' title='bbox 1319 3554 1466 3624; x_wconf 85' lang='grc' dir='ltr'>μέσῳ</span> <span class='ocrx_word' id='word_1_526' title='bbox 1498 3554 1654 3622; x_wconf 88' lang='grc' dir='ltr'>λόγον</span> <span class='ocrx_word' id='word_1_527' title='bbox 1681 3555 2012 3620; x_wconf 83' lang='grc' dir='ltr'>καταλιπὼν,</span> 
     </span>
    </p>
   </div>
   <div class='ocr_carea' id='block_1_73' title="bbox 441 3644 2016 3718">
    <p class='ocr_par' dir='ltr' id='par_1_73' title="bbox 441 3644 2016 3718">
     <span class='ocr_line' id='line_1_73' title="bbox 441 3644 2016 3718; baseline -0.002 -18"><span class='ocrx_word' id='word_1_528' title='bbox 441 3647 596 3718; x_wconf 75' lang='grc' dir='ltr'>ὓϐριν</span> <span class='ocrx_word' id='word_1_529' title='bbox 628 3649 776 3712; x_wconf 76' lang='grc' dir='ltr'>ὄντα,</span> <span class='ocrx_word' id='word_1_530' title='bbox 805 3650 897 3702; x_wconf 73' lang='grc' dir='ltr'><strong>καὶ</strong></span> <span class='ocrx_word' id='word_1_531' title='bbox 919 3648 1243 3718; x_wconf 75' lang='grc' dir='ltr'>χλευασμὸν,</span> <span class='ocrx_word' id='word_1_532' title='bbox 1273 3647 1364 3699; x_wconf 75' lang='grc' dir='ltr'><strong>καὶ</strong></span> <span class='ocrx_word' id='word_1_533' title='bbox 1393 3645 1678 3716; x_wconf 85' lang='grc' dir='ltr'>λοιδορίαν,</span> <span class='ocrx_word' id='word_1_534' title='bbox 1707 3647 1799 3698; x_wconf 72' lang='grc' dir='ltr'><strong>καὶ</strong></span> <span class='ocrx_word' id='word_1_535' title='bbox 1831 3644 2016 3714; x_wconf 85' lang='grc' dir='ltr'>σκώμ-</span> 
     </span>
    </p>
   </div>
   <div class='ocr_carea' id='block_1_74' title="bbox 445 3733 2018 3808">
    <p class='ocr_par' dir='ltr' id='par_1_74' title="bbox 445 3733 2018 3808">
     <span class='ocr_line' id='line_1_74' title="bbox 445 3733 2018 3808; baseline -0.001 -20"><span class='ocrx_word' id='word_1_536' title='bbox 445 3753 608 3805; x_wconf 85' lang='grc' dir='ltr'>ματα,</span> <span class='ocrx_word' id='word_1_537' title='bbox 630 3737 764 3808; x_wconf 68' lang='grc' dir='ltr'>πρὸς</span> <span class='ocrx_word' id='word_1_538' title='bbox 780 3737 879 3805; x_wconf 79' lang='grc' dir='ltr'>τὴν</span> <span class='ocrx_word' id='word_1_539' title='bbox 909 3735 1004 3789; x_wconf 83' lang='grc' dir='ltr'>τοῦ</span> <span class='ocrx_word' id='word_1_540' title='bbox 1024 3737 1292 3806; x_wconf 85' lang='grc' dir='ltr'>δόγματος</span> <span class='ocrx_word' id='word_1_541' title='bbox 1315 3735 1562 3800; x_wconf 77' lang='grc' dir='ltr'>ἐξέτασιν</span> <span class='ocrx_word' id='word_1_542' title='bbox 1593 3733 1900 3798; x_wconf 84' lang='grc' dir='ltr'>κατεπείξω</span> <span class='ocrx_word' id='word_1_543' title='bbox 1927 3735 2018 3786; x_wconf 78' lang='grc' dir='ltr'>τὸν</span> 
     </span>
    </p>
   </div>
   <div class='ocr_carea' id='block_1_75' title="bbox 440 3823 2018 3896">
    <p class='ocr_par' dir='ltr' id='par_1_75' title="bbox 440 3823 2018 3896">
     <span class='ocr_line' id='line_1_75' title="bbox 440 3823 2018 3896; baseline -0.001 -18"><span class='ocrx_word' id='word_1_544' title='bbox 440 3827 614 3894; x_wconf 86' lang='grc' dir='ltr'>λόγον.</span> <span class='ocrx_word' id='word_1_545' title='bbox 669 3828 730 3878; x_wconf 77' lang='lat' dir='ltr'><strong>El</strong></span> <span class='ocrx_word' id='word_1_546' title='bbox 780 3827 836 3878; x_wconf 85' lang='grc' dir='ltr'><strong>δέ</strong></span> <span class='ocrx_word' id='word_1_547' title='bbox 887 3844 970 3888; x_wconf 86' lang='grc' dir='ltr'><strong>τις</strong></span> <span class='ocrx_word' id='word_1_548' title='bbox 1033 3825 1414 3895; x_wconf 85' lang='grc' dir='ltr'>παραιτεῖσθαί</span> <span class='ocrx_word' id='word_1_549' title='bbox 1463 3842 1529 3895; x_wconf 89' lang='grc' dir='ltr'><strong>με</strong></span> <span class='ocrx_word' id='word_1_550' title='bbox 1567 3826 1627 3877; x_wconf 81' lang='grc' dir='ltr'><strong>τὸ</strong></span> <span class='ocrx_word' id='word_1_551' title='bbox 1671 3824 1925 3896; x_wconf 87' lang='grc' dir='ltr'>λοιδορεῖν</span> <span class='ocrx_word' id='word_1_552' title='bbox 1953 3823 2018 3876; x_wconf 85' lang='grc' dir='ltr'>δι’</span> 
     </span>
    </p>
   </div>
   <div class='ocr_carea' id='block_1_76' title="bbox 443 3915 2014 3988">
    <p class='ocr_par' dir='ltr' id='par_1_76' title="bbox 443 3915 2014 3988">
     <span class='ocr_line' id='line_1_76' title="bbox 443 3915 2014 3988; baseline -0.002 -16"><span class='ocrx_word' id='word_1_553' title='bbox 443 3917 694 3987; x_wconf 74' lang='grc' dir='ltr'>ἀπειρίαν</span> <span class='ocrx_word' id='word_1_554' title='bbox 739 3916 847 3969; x_wconf 85' lang='grc' dir='ltr'>τῶν</span> <span class='ocrx_word' id='word_1_555' title='bbox 889 3918 1088 3988; x_wconf 83' lang='grc' dir='ltr'>ὁμοίων</span> <span class='ocrx_word' id='word_1_556' title='bbox 1132 3917 1450 3970; x_wconf 80' lang='grc' dir='ltr'>ἀντιδόσεων</span> <span class='ocrx_word' id='word_1_557' title='bbox 1504 3917 1671 3984; x_wconf 88' lang='grc' dir='ltr'>λέγοι,</span> <span class='ocrx_word' id='word_1_558' title='bbox 1726 3915 2014 3985; x_wconf 80' lang='grc' dir='ltr'>σκεψάσθω</span> 
     </span>
    </p>
   </div>
   <div class='ocr_carea' id='block_1_77' title="bbox 443 4007 2015 4080">
    <p class='ocr_par' dir='ltr' id='par_1_77' title="bbox 443 4007 2015 4080">
     <span class='ocr_line' id='line_1_77' title="bbox 443 4007 2015 4080; baseline -0.001 -17"><span class='ocrx_word' id='word_1_559' title='bbox 443 4009 633 4063; x_wconf 79' lang='grc' dir='ltr'>ἑαυτόν</span> <span class='ocrx_word' id='word_1_560' title='bbox 658 4024 670 4037; x_wconf 89' lang='grc'><strong>·</strong></span> <span class='ocrx_word' id='word_1_561' title='bbox 695 4009 791 4078; x_wconf 78' lang='grc' dir='ltr'><strong>ὅση</strong></span> <span class='ocrx_word' id='word_1_562' title='bbox 823 4010 954 4078; x_wconf 83' lang='grc' dir='ltr'>πρὸς</span> <span class='ocrx_word' id='word_1_563' title='bbox 979 4011 1039 4062; x_wconf 80' lang='grc' dir='ltr'><strong>τὸ</strong></span> <span class='ocrx_word' id='word_1_564' title='bbox 1059 4009 1234 4080; x_wconf 77' lang='grc' dir='ltr'>χεῖρόν</span> <span class='ocrx_word' id='word_1_565' title='bbox 1269 4010 1466 4078; x_wconf 87' lang='grc' dir='ltr'>ἐστινὴ</span> <span class='ocrx_word' id='word_1_566' title='bbox 1493 4007 1712 4061; x_wconf 75' lang='grc' dir='ltr'>εὐκολία</span> <span class='ocrx_word' id='word_1_567' title='bbox 1737 4008 1859 4078; x_wconf 88' lang='grc' dir='ltr'>δίχα</span> <span class='ocrx_word' id='word_1_568' title='bbox 1872 4009 2015 4071; x_wconf 85' lang='grc' dir='ltr'>τινὸς</span> 
     </span>
    </p>
   </div>
   <div class='ocr_carea' id='block_1_78' title="bbox 445 4097 2014 4170">
    <p class='ocr_par' dir='ltr' id='par_1_78' title="bbox 445 4097 2014 4170">
     <span class='ocr_line' id='line_1_78' title="bbox 445 4097 2014 4170; baseline 0.003 -22"><span class='ocrx_word' id='word_1_569' title='bbox 445 4097 820 4166; x_wconf 80' lang='grc' dir='ltr'>πραγματείας</span> <span class='ocrx_word' id='word_1_570' title='bbox 847 4099 1164 4168; x_wconf 80' lang='grc' dir='ltr'>αὐτομάτως</span> <span class='ocrx_word' id='word_1_571' title='bbox 1196 4099 1330 4170; x_wconf 70' lang='grc' dir='ltr'>πρὸς</span> <span class='ocrx_word' id='word_1_572' title='bbox 1369 4099 1464 4170; x_wconf 80' lang='grc' dir='ltr'>τὴν</span> <span class='ocrx_word' id='word_1_573' title='bbox 1495 4099 1764 4169; x_wconf 84' lang='grc' dir='ltr'>ἁμαρτίαν</span> <span class='ocrx_word' id='word_1_574' title='bbox 1801 4100 2014 4152; x_wconf 74' lang='grc' dir='ltr'>κατολισ-</span> 
     </span>
    </p>
   </div>
   <div class='ocr_carea' id='block_1_79' title="bbox 446 4188 2017 4261">
    <p class='ocr_par' dir='ltr' id='par_1_79' title="bbox 446 4188 2017 4261">
     <span class='ocr_line' id='line_1_79' title="bbox 446 4188 2017 4261; baseline 0.003 -23"><span class='ocrx_word' id='word_1_575' title='bbox 446 4188 752 4241; x_wconf 84' lang='grc' dir='ltr'>σθαίνουσα.</span> <span class='ocrx_word' id='word_1_576' title='bbox 789 4189 861 4240; x_wconf 89' lang='lat' dir='ltr'>T6</span> <span class='ocrx_word' id='word_1_577' title='bbox 888 4190 996 4260; x_wconf 77' lang='grc' dir='ltr'><strong>γὰρ</strong></span> <span class='ocrx_word' id='word_1_578' title='bbox 1035 4189 1278 4258; x_wconf 88' lang='grc' dir='ltr'>γίνεσθαι</span> <span class='ocrx_word' id='word_1_579' title='bbox 1304 4191 1492 4252; x_wconf 68' lang='grc' dir='ltr'>κακὸν,</span> <span class='ocrx_word' id='word_1_580' title='bbox 1523 4192 1579 4243; x_wconf 84' lang='grc' dir='ltr'><strong>ἐν</strong></span> <span class='ocrx_word' id='word_1_581' title='bbox 1603 4190 1677 4260; x_wconf 80' lang='grc' dir='ltr'>τῷ</span> <span class='ocrx_word' id='word_1_582' title='bbox 1697 4189 2017 4261; x_wconf 85' lang='grc' dir='ltr'>προελέσθαι</span> 
     </span>
    </p>
   </div>
   <div class='ocr_carea' id='block_1_80' title="bbox 449 4277 2018 4350">
    <p class='ocr_par' dir='ltr' id='par_1_80' title="bbox 449 4277 2018 4350">
     <span class='ocr_line' id='line_1_80' title="bbox 449 4277 2018 4350; baseline 0.002 -22"><span class='ocrx_word' id='word_1_583' title='bbox 449 4277 606 4345; x_wconf 76' lang='grc' dir='ltr'>μόνον</span> <span class='ocrx_word' id='word_1_584' title='bbox 630 4279 932 4340; x_wconf 80' lang='grc' dir='ltr'>ἀπόκειται,</span> <span class='ocrx_word' id='word_1_585' title='bbox 958 4279 1052 4330; x_wconf 75' lang='grc' dir='ltr'>καὶ</span> <span class='ocrx_word' id='word_1_586' title='bbox 1074 4279 1206 4350; x_wconf 72' lang='grc' dir='ltr'>ἧρκε</span> <span class='ocrx_word' id='word_1_587' title='bbox 1217 4295 1273 4330; x_wconf 90' lang='grc' dir='ltr'><strong>σε</strong></span> <span class='ocrx_word' id='word_1_588' title='bbox 1305 4279 1558 4342; x_wconf 89' lang='grc' dir='ltr'>πολλάκις</span> <span class='ocrx_word' id='word_1_589' title='bbox 1583 4280 1716 4348; x_wconf 80' lang='grc' dir='ltr'>πρὸς</span> <span class='ocrx_word' id='word_1_590' title='bbox 1741 4279 2018 4331; x_wconf 88' lang='grc' dir='ltr'>τελείωσιν</span> 
     </span>
    </p>
   </div>
   <div class='ocr_carea' id='block_1_81' title="bbox 2183 3545 3681 3618">
    <p class='ocr_par' dir='ltr' id='par_1_81' title="bbox 2183 3545 3681 3618">
     <span class='ocr_line' id='line_1_81' title="bbox 2183 3545 3681 3618; baseline -0.005 -11"><span class='ocrx_word' id='word_1_591' title='bbox 2183 3553 2450 3618; x_wconf 81' lang='lat' dir='ltr'><strong>Quocirca</strong></span> <span class='ocrx_word' id='word_1_592' title='bbox 2508 3552 2576 3604; x_wconf 93' lang='lat' dir='ltr'><strong>ad</strong></span> <span class='ocrx_word' id='word_1_593' title='bbox 2624 3566 2850 3606; x_wconf 84' lang='lat' dir='ltr'><strong>examen</strong></span> <span class='ocrx_word' id='word_1_594' title='bbox 2903 3557 2959 3603; x_wconf 84' lang='lat' dir='ltr'><strong>et</strong></span> <span class='ocrx_word' id='word_1_595' title='bbox 3007 3547 3450 3618; x_wconf 83' lang='lat' dir='ltr'><strong>disquisitionem</strong></span> <span class='ocrx_word' id='word_1_596' title='bbox 3508 3545 3681 3614; x_wconf 83' lang='lat' dir='ltr'><strong>ipsius</strong></span> 
     </span>
    </p>
   </div>
   <div class='ocr_carea' id='block_1_82' title="bbox 2113 3635 3680 3713">
    <p class='ocr_par' dir='ltr' id='par_1_82' title="bbox 2113 3635 3680 3713">
     <span class='ocr_line' id='line_1_82' title="bbox 2113 3635 3680 3713; baseline -0.004 -17"><span class='ocrx_word' id='word_1_597' title='bbox 2113 3644 2382 3713; x_wconf 80' lang='lat' dir='ltr'><strong>dogmatis</strong></span> <span class='ocrx_word' id='word_1_598' title='bbox 2415 3642 2685 3696; x_wconf 88' lang='lat' dir='ltr'><strong>festinabo</strong></span> <span class='ocrx_word' id='word_1_599' title='bbox 2730 3641 3008 3707; x_wconf 89' lang='lat' dir='ltr'><strong>omnibus,</strong></span> <span class='ocrx_word' id='word_1_600' title='bbox 3029 3656 3148 3708; x_wconf 73' lang='lat' dir='ltr'><strong>(lu-ae</strong></span> <span class='ocrx_word' id='word_1_601' title='bbox 3177 3639 3230 3692; x_wconf 91' lang='lat' dir='ltr'><strong>in</strong></span> <span class='ocrx_word' id='word_1_602' title='bbox 3262 3637 3442 3692; x_wconf 89' lang='lat' dir='ltr'><strong>medio</strong></span> <span class='ocrx_word' id='word_1_603' title='bbox 3478 3635 3680 3690; x_wconf 89' lang='lat' dir='ltr'><strong>oratio-</strong></span> 
     </span>
    </p>
   </div>
   <div class='ocr_carea' id='block_1_83' title="bbox 2116 3728 3679 3803">
    <p class='ocr_par' dir='ltr' id='par_1_83' title="bbox 2116 3728 3679 3803">
     <span class='ocr_line' id='line_1_83' title="bbox 2116 3728 3679 3803; baseline -0.005 -15"><span class='ocrx_word' id='word_1_604' title='bbox 2116 3735 2200 3789; x_wconf 83' lang='lat' dir='ltr'><strong>nis</strong></span> <span class='ocrx_word' id='word_1_605' title='bbox 2235 3750 2400 3789; x_wconf 92' lang='lat' dir='ltr'><strong>cursu</strong></span> <span class='ocrx_word' id='word_1_606' title='bbox 2431 3733 2666 3797; x_wconf 87' lang='lat' dir='ltr'><strong>infercit,</strong></span> <span class='ocrx_word' id='word_1_607' title='bbox 2689 3732 3002 3803; x_wconf 70' lang='lat' dir='ltr'><strong>praeteritis,</strong></span> <span class='ocrx_word' id='word_1_608' title='bbox 3031 3746 3156 3785; x_wconf 91' lang='lat' dir='ltr'><strong>cum</strong></span> <span class='ocrx_word' id='word_1_609' title='bbox 3183 3731 3318 3784; x_wconf 88' lang='lat' dir='ltr'><strong>nihil</strong></span> <span class='ocrx_word' id='word_1_610' title='bbox 3351 3728 3496 3782; x_wconf 88' lang='lat' dir='ltr'><strong>aliud</strong></span> <span class='ocrx_word' id='word_1_611' title='bbox 3534 3743 3679 3782; x_wconf 89' lang='lat' dir='ltr'><strong>com-</strong></span> 
     </span>
    </p>
   </div>
   <div class='ocr_carea' id='block_1_84' title="bbox 2117 3815 3681 3896">
    <p class='ocr_par' dir='ltr' id='par_1_84' title="bbox 2117 3815 3681 3896">
     <span class='ocr_line' id='line_1_84' title="bbox 2117 3815 3681 3896; baseline -0.007 -18"><span class='ocrx_word' id='word_1_612' title='bbox 2117 3824 2442 3896; x_wconf 88' lang='lat' dir='ltr'><strong>plectantur,</strong></span> <span class='ocrx_word' id='word_1_613' title='bbox 2477 3838 2637 3892; x_wconf 84' lang='lat' dir='ltr'><strong>quant</strong></span> <span class='ocrx_word' id='word_1_614' title='bbox 2665 3821 2941 3890; x_wconf 88' lang='lat' dir='ltr'><strong>injuriam,</strong></span> <span class='ocrx_word' id='word_1_615' title='bbox 2978 3819 3312 3882; x_wconf 90' lang='lat' dir='ltr'><strong>irrisionem,</strong></span> <span class='ocrx_word' id='word_1_616' title='bbox 3351 3815 3681 3879; x_wconf 80' lang='lat' dir='ltr'><strong>convicium,</strong></span> 
     </span>
    </p>
   </div>
   <div class='ocr_carea' id='block_1_85' title="bbox 2117 3908 3682 3984">
    <p class='ocr_par' dir='ltr' id='par_1_85' title="bbox 2117 3908 3682 3984">
     <span class='ocr_line' id='line_1_85' title="bbox 2117 3908 3682 3984; baseline -0.007 -13"><span class='ocrx_word' id='word_1_617' title='bbox 2117 3925 2171 3972; x_wconf 92' lang='lat' dir='ltr'><strong>et</strong></span> <span class='ocrx_word' id='word_1_618' title='bbox 2218 3924 2536 3971; x_wconf 90' lang='lat' dir='ltr'><strong>scommata.</strong></span> <span class='ocrx_word' id='word_1_619' title='bbox 2573 3913 2630 3968; x_wconf 91' lang='lat' dir='ltr'><strong>Si</strong></span> <span class='ocrx_word' id='word_1_620' title='bbox 2665 3915 2786 3984; x_wconf 87' lang='lat' dir='ltr'><strong>quis</strong></span> <span class='ocrx_word' id='word_1_621' title='bbox 2825 3919 2980 3982; x_wconf 91' lang='lat' dir='ltr'><strong>putat</strong></span> <span class='ocrx_word' id='word_1_622' title='bbox 3019 3927 3104 3966; x_wconf 89' lang='lat' dir='ltr'><strong>me</strong></span> <span class='ocrx_word' id='word_1_623' title='bbox 3134 3909 3478 3964; x_wconf 76' lang='lat' dir='ltr'><strong>convueiandi</strong></span> <span class='ocrx_word' id='word_1_624' title='bbox 3520 3908 3682 3977; x_wconf 61' lang='lat' dir='ltr'><strong>palat-</strong></span> 
     </span>
    </p>
   </div>
   <div class='ocr_carea' id='block_1_86' title="bbox 2119 3997 3682 4075">
    <p class='ocr_par' dir='ltr' id='par_1_86' title="bbox 2119 3997 3682 4075">
     <span class='ocr_line' id='line_1_86' title="bbox 2119 3997 3682 4075; baseline -0.008 -13"><span class='ocrx_word' id='word_1_625' title='bbox 2119 4018 2287 4062; x_wconf 83' lang='lat' dir='ltr'><strong>SIram</strong></span> <span class='ocrx_word' id='word_1_626' title='bbox 2341 4004 2757 4075; x_wconf 82' lang='lat' dir='ltr'><strong>subterfugere,</strong></span> <span class='ocrx_word' id='word_1_627' title='bbox 2815 4000 2958 4070; x_wconf 88' lang='lat' dir='ltr'><strong>quod</strong></span> <span class='ocrx_word' id='word_1_628' title='bbox 3011 4016 3106 4070; x_wconf 91' lang='lat' dir='ltr'><strong>par</strong></span> <span class='ocrx_word' id='word_1_629' title='bbox 3151 4000 3266 4069; x_wconf 87' lang='lat' dir='ltr'><strong>pari</strong></span> <span class='ocrx_word' id='word_1_630' title='bbox 3325 3997 3529 4052; x_wconf 83' lang='lat' dir='ltr'><strong>referre</strong></span> <span class='ocrx_word' id='word_1_631' title='bbox 3588 4012 3682 4050; x_wconf 91' lang='lat' dir='ltr'><strong>ne-</strong></span> 
     </span>
    </p>
   </div>
   <div class='ocr_carea' id='block_1_87' title="bbox 2121 4087 3684 4162">
    <p class='ocr_par' dir='ltr' id='par_1_87' title="bbox 2121 4087 3684 4162">
     <span class='ocr_line' id='line_1_87' title="bbox 2121 4087 3684 4162; baseline -0.008 -8"><span class='ocrx_word' id='word_1_632' title='bbox 2121 4101 2288 4154; x_wconf 87' lang='lat' dir='ltr'><strong>sciam</strong></span> <span class='ocrx_word' id='word_1_633' title='bbox 2323 4116 2336 4153; x_wconf 87' lang='lat'>:</span> <span class='ocrx_word' id='word_1_634' title='bbox 2373 4101 2419 4152; x_wconf 93' lang='lat' dir='ltr'><strong>is</strong></span> <span class='ocrx_word' id='word_1_635' title='bbox 2448 4095 2759 4151; x_wconf 89' lang='lat' dir='ltr'><strong>consideret</strong></span> <span class='ocrx_word' id='word_1_636' title='bbox 2810 4095 3050 4162; x_wconf 79' lang='lat' dir='ltr'><strong>seipsuni</strong></span> <span class='ocrx_word' id='word_1_637' title='bbox 3089 4092 3268 4156; x_wconf 89' lang='lat' dir='ltr'><strong>velim,</strong></span> <span class='ocrx_word' id='word_1_638' title='bbox 3297 4096 3498 4159; x_wconf 87' lang='lat' dir='ltr'><strong>quanta</strong></span> <span class='ocrx_word' id='word_1_639' title='bbox 3539 4087 3684 4141; x_wconf 86' lang='lat' dir='ltr'><strong>vide—</strong></span> 
     </span>
    </p>
   </div>
   <div class='ocr_carea' id='block_1_88' title="bbox 2121 4185 3687 4252">
    <p class='ocr_par' dir='ltr' id='par_1_88' title="bbox 2121 4185 3687 4252">
     <span class='ocr_line' id='line_1_88' title="bbox 2121 4185 3687 4252; baseline -0.008 -9"><span class='ocrx_word' id='word_1_640' title='bbox 2121 4191 2246 4243; x_wconf 87' lang='lat' dir='ltr'><strong>licet</strong></span> <span class='ocrx_word' id='word_1_641' title='bbox 2292 4188 2358 4243; x_wconf 89' lang='lat' dir='ltr'><strong>ad</strong></span> <span class='ocrx_word' id='word_1_642' title='bbox 2413 4189 2616 4242; x_wconf 89' lang='lat' dir='ltr'><strong>malum</strong></span> <span class='ocrx_word' id='word_1_643' title='bbox 2667 4187 2739 4242; x_wconf 92' lang='lat' dir='ltr'><strong>sit</strong></span> <span class='ocrx_word' id='word_1_644' title='bbox 2788 4185 3040 4246; x_wconf 88' lang='lat' dir='ltr'><strong>facilitas,</strong></span> <span class='ocrx_word' id='word_1_645' title='bbox 3095 4196 3213 4252; x_wconf 81' lang='lat' dir='ltr'><strong>quae</strong></span> <span class='ocrx_word' id='word_1_646' title='bbox 3259 4188 3451 4248; x_wconf 88' lang='lat' dir='ltr'><strong>sponte</strong></span> <span class='ocrx_word' id='word_1_647' title='bbox 3492 4193 3588 4232; x_wconf 88' lang='lat' dir='ltr'><strong>sua</strong></span> <span class='ocrx_word' id='word_1_648' title='bbox 3634 4186 3687 4231; x_wconf 90' lang='lat' dir='ltr'><strong>et</strong></span> 
     </span>
    </p>
   </div>
   <div class='ocr_carea' id='block_1_89' title="bbox 2125 4267 3686 4349">
    <p class='ocr_par' dir='ltr' id='par_1_89' title="bbox 2125 4267 3686 4349">
     <span class='ocr_line' id='line_1_89' title="bbox 2125 4267 3686 4349; baseline -0.008 -16"><span class='ocrx_word' id='word_1_649' title='bbox 2125 4281 2330 4349; x_wconf 88' lang='lat' dir='ltr'><strong>absque</strong></span> <span class='ocrx_word' id='word_1_650' title='bbox 2357 4280 2466 4333; x_wconf 86' lang='lat' dir='ltr'><strong>ullo</strong></span> <span class='ocrx_word' id='word_1_651' title='bbox 2500 4279 2757 4348; x_wconf 84' lang='lat' dir='ltr'><strong>magistro</strong></span> <span class='ocrx_word' id='word_1_652' title='bbox 2793 4277 2858 4329; x_wconf 89' lang='lat' dir='ltr'><strong>ad</strong></span> <span class='ocrx_word' id='word_1_653' title='bbox 2889 4283 3169 4344; x_wconf 85' lang='lat' dir='ltr'><strong>peccatum</strong></span> <span class='ocrx_word' id='word_1_654' title='bbox 3211 4271 3504 4326; x_wconf 87' lang='lat' dir='ltr'><strong>delabitur.</strong></span> <span class='ocrx_word' id='word_1_655' title='bbox 3552 4267 3686 4322; x_wconf 87' lang='lat' dir='ltr'><strong>Nam</strong></span> 
     </span>
    </p>
   </div>
   <div class='ocr_carea' id='block_1_90' title="bbox 446 4359 2004 4438">
    <p class='ocr_par' dir='ltr' id='par_1_90' title="bbox 446 4366 2004 4438">
     <span class='ocr_line' id='line_1_90' title="bbox 446 4366 2004 4438; baseline 0.001 -18"><span class='ocrx_word' id='word_1_656' title='bbox 446 4370 641 4429; x_wconf 82' lang='grc' dir='ltr'>κακίας</span> <span class='ocrx_word' id='word_1_657' title='bbox 686 4369 719 4436; x_wconf 86' lang='grc' dir='ltr'>ὴ</span> <span class='ocrx_word' id='word_1_658' title='bbox 761 4366 1043 4438; x_wconf 82' lang='grc' dir='ltr'>βούλησις·</span> <span class='ocrx_word' id='word_1_659' title='bbox 1114 4369 1246 4421; x_wconf 76' lang='grc' dir='ltr'>πολὺ</span> <span class='ocrx_word' id='word_1_660' title='bbox 1297 4369 1352 4421; x_wconf 80' lang='grc' dir='ltr'><strong>δὲ</strong></span> <span class='ocrx_word' id='word_1_661' title='bbox 1407 4369 1564 4422; x_wconf 87' lang='grc' dir='ltr'>πλέον</span> <span class='ocrx_word' id='word_1_662' title='bbox 1604 4370 1667 4422; x_wconf 83' lang='grc' dir='ltr'><strong>τὸ</strong></span> <span class='ocrx_word' id='word_1_663' title='bbox 1714 4369 1933 4422; x_wconf 77' lang='grc' dir='ltr'>εὔκολον</span> <span class='ocrx_word' id='word_1_664' title='bbox 1963 4371 2004 4422; x_wconf 62' lang='grc' dir='ltr'><strong>ἐι</strong></span> 
     </span>
    </p>
   </div>
   <div class='ocr_carea' id='block_1_91' title="bbox 2105 4359 3688 4438">
    <p class='ocr_par' dir='ltr' id='par_1_91' title="bbox 2127 4359 3688 4438">
     <span class='ocr_line' id='line_1_91' title="bbox 2127 4359 3688 4438; baseline -0.007 -15"><span class='ocrx_word' id='word_1_665' title='bbox 2127 4379 2184 4423; x_wconf 89' lang='lat' dir='ltr'><strong>ut</strong></span> <span class='ocrx_word' id='word_1_666' title='bbox 2218 4368 2342 4438; x_wconf 89' lang='lat' dir='ltr'><strong>quis</strong></span> <span class='ocrx_word' id='word_1_667' title='bbox 2375 4368 2550 4423; x_wconf 90' lang='lat' dir='ltr'><strong>malus</strong></span> <span class='ocrx_word' id='word_1_668' title='bbox 2587 4368 2700 4430; x_wconf 85' lang='lat' dir='ltr'><strong>ﬁat,</strong></span> <span class='ocrx_word' id='word_1_669' title='bbox 2743 4367 2795 4419; x_wconf 90' lang='lat' dir='ltr'><strong>in</strong></span> <span class='ocrx_word' id='word_1_670' title='bbox 2845 4365 2959 4420; x_wconf 90' lang='lat' dir='ltr'><strong>sola</strong></span> <span class='ocrx_word' id='word_1_671' title='bbox 2990 4363 3257 4418; x_wconf 90' lang='lat' dir='ltr'><strong>electione</strong></span> <span class='ocrx_word' id='word_1_672' title='bbox 3295 4359 3588 4414; x_wconf 83' lang='lat' dir='ltr'><strong>voluntatis</strong></span> <span class='ocrx_word' id='word_1_673' title='bbox 3616 4359 3688 4413; x_wconf 89' lang='lat' dir='ltr'><strong>si-</strong></span> 
     </span>
    </p>
   </div>
   <div class='ocr_carea' id='block_1_92' title="bbox 447 4458 2018 4532">
    <p class='ocr_par' dir='ltr' id='par_1_92' title="bbox 447 4458 2018 4532">
     <span class='ocr_line' id='line_1_92' title="bbox 447 4458 2018 4532; baseline 0.001 -22"><span class='ocrx_word' id='word_1_674' title='bbox 447 4462 556 4521; x_wconf 84' lang='grc' dir='ltr'>τοῖς</span> <span class='ocrx_word' id='word_1_675' title='bbox 583 4458 722 4512; x_wconf 86' lang='grc' dir='ltr'><strong>κατά</strong></span> <span class='ocrx_word' id='word_1_676' title='bbox 748 4461 844 4528; x_wconf 82' lang='grc' dir='ltr'>τὴν</span> <span class='ocrx_word' id='word_1_677' title='bbox 874 4459 1122 4527; x_wconf 85' lang='grc' dir='ltr'>γλῶσσάν</span> <span class='ocrx_word' id='word_1_678' title='bbox 1155 4462 1266 4512; x_wconf 86' lang='grc' dir='ltr'>ἐστι</span> <span class='ocrx_word' id='word_1_679' title='bbox 1318 4461 1608 4532; x_wconf 73' lang='grc' dir='ltr'>πλημμελή</span> <span class='ocrx_word' id='word_1_680' title='bbox 1619 4479 1770 4531; x_wconf 83' lang='grc' dir='ltr'>μασι.</span> <span class='ocrx_word' id='word_1_681' title='bbox 1800 4461 1880 4516; x_wconf 67' lang='grc' dir='ltr'><strong>Τὰ</strong></span> <span class='ocrx_word' id='word_1_682' title='bbox 1921 4462 2018 4530; x_wconf 80' lang='grc' dir='ltr'><strong>μὲν</strong></span> 
     </span>
    </p>
   </div>
   <div class='ocr_carea' id='block_1_93' title="bbox 446 4548 2019 4620">
    <p class='ocr_par' dir='ltr' id='par_1_93' title="bbox 446 4548 2019 4620">
     <span class='ocr_line' id='line_1_93' title="bbox 446 4548 2019 4620; baseline 0 -20"><span class='ocrx_word' id='word_1_683' title='bbox 446 4549 554 4618; x_wconf 70' lang='grc' dir='ltr'><strong>γὰρ</strong></span> <span class='ocrx_word' id='word_1_684' title='bbox 579 4548 742 4603; x_wconf 82' lang='grc' dir='ltr'>λοιπά</span> <span class='ocrx_word' id='word_1_685' title='bbox 792 4549 898 4601; x_wconf 83' lang='grc' dir='ltr'>τῶν</span> <span class='ocrx_word' id='word_1_686' title='bbox 935 4549 1367 4620; x_wconf 75' lang='grc' dir='ltr'>ἁμαρτημάτων.</span> <span class='ocrx_word' id='word_1_687' title='bbox 1399 4549 1490 4602; x_wconf 73' lang='grc' dir='ltr'><strong>καὶ</strong></span> <span class='ocrx_word' id='word_1_688' title='bbox 1524 4549 1735 4620; x_wconf 80' lang='grc' dir='ltr'>χρόνου,</span> <span class='ocrx_word' id='word_1_689' title='bbox 1769 4549 1860 4601; x_wconf 72' lang='grc' dir='ltr'><strong>καὶ</strong></span> <span class='ocrx_word' id='word_1_690' title='bbox 1881 4565 2019 4618; x_wconf 82' lang='grc' dir='ltr'>πρα-</span> 
     </span>
    </p>
   </div>
   <div class='ocr_carea' id='block_1_94' title="bbox 447 4638 2020 4710">
    <p class='ocr_par' dir='ltr' id='par_1_94' title="bbox 447 4638 2020 4710">
     <span class='ocr_line' id='line_1_94' title="bbox 447 4638 2020 4710; baseline -0.001 -19"><span class='ocrx_word' id='word_1_691' title='bbox 447 4640 696 4707; x_wconf 71' lang='grc' dir='ltr'>γμάτων,</span> <span class='ocrx_word' id='word_1_692' title='bbox 737 4640 830 4692; x_wconf 70' lang='grc' dir='ltr'><strong>καὶ</strong></span> <span class='ocrx_word' id='word_1_693' title='bbox 865 4640 962 4710; x_wconf 80' lang='grc' dir='ltr'><strong>τῆς</strong></span> <span class='ocrx_word' id='word_1_694' title='bbox 1020 4639 1214 4704; x_wconf 78' lang='grc' dir='ltr'>ἔξωθεν</span> <span class='ocrx_word' id='word_1_695' title='bbox 1237 4640 1522 4710; x_wconf 85' lang='grc' dir='ltr'>συνεργίας</span> <span class='ocrx_word' id='word_1_696' title='bbox 1563 4640 1639 4700; x_wconf 85' lang='grc' dir='ltr'>εἰς</span> <span class='ocrx_word' id='word_1_697' title='bbox 1682 4639 1740 4691; x_wconf 81' lang='lat'><strong>76</strong></span> <span class='ocrx_word' id='word_1_698' title='bbox 1771 4638 2020 4706; x_wconf 87' lang='grc' dir='ltr'>γενέσθαι</span> 
     </span>
    </p>
   </div>
   <div class='ocr_carea' id='block_1_95' title="bbox 449 4730 2022 4802">
    <p class='ocr_par' dir='ltr' id='par_1_95' title="bbox 449 4730 2022 4802">
     <span class='ocr_line' id='line_1_95' title="bbox 449 4730 2022 4802; baseline 0.001 -21"><span class='ocrx_word' id='word_1_699' title='bbox 449 4731 764 4800; x_wconf 82' lang='grc' dir='ltr'>προσδέεται</span> <span class='ocrx_word' id='word_1_700' title='bbox 795 4746 810 4762; x_wconf 80' lang='grc' dir='ltr'><strong><em>ο</em></strong></span> <span class='ocrx_word' id='word_1_701' title='bbox 843 4732 876 4800; x_wconf 86' lang='grc' dir='ltr'><strong>ἡ</strong></span> <span class='ocrx_word' id='word_1_702' title='bbox 901 4731 957 4784; x_wconf 80' lang='grc' dir='ltr'>δὲ</span> <span class='ocrx_word' id='word_1_703' title='bbox 979 4731 1072 4783; x_wconf 73' lang='grc' dir='ltr'>τοῦ</span> <span class='ocrx_word' id='word_1_704' title='bbox 1102 4731 1257 4799; x_wconf 85' lang='grc' dir='ltr'>λόγου</span> <span class='ocrx_word' id='word_1_705' title='bbox 1291 4733 1590 4802; x_wconf 60' lang='grc' dir='ltr'>πρόσφυσις</span> <span class='ocrx_word' id='word_1_706' title='bbox 1629 4732 1747 4784; x_wconf 87' lang='grc' dir='ltr'>κατ’</span> <span class='ocrx_word' id='word_1_707' title='bbox 1777 4730 2022 4798; x_wconf 80' lang='grc' dir='ltr'>ἐξουσίαν</span> 
     </span>
    </p>
   </div>
   <div class='ocr_carea' id='block_1_96' title="bbox 451 4821 2022 4894">
    <p class='ocr_par' dir='ltr' id='par_1_96' title="bbox 451 4821 2022 4894">
     <span class='ocr_line' id='line_1_96' title="bbox 451 4821 2022 4894; baseline 0.003 -22"><span class='ocrx_word' id='word_1_708' title='bbox 451 4821 561 4889; x_wconf 78' lang='grc' dir='ltr'>ἔχει</span> <span class='ocrx_word' id='word_1_709' title='bbox 614 4823 675 4875; x_wconf 81' lang='grc' dir='ltr'><strong>τὸ</strong></span> <span class='ocrx_word' id='word_1_710' title='bbox 723 4822 1080 4891; x_wconf 79' lang='grc' dir='ltr'>πλημμελεῖν.</span> <span class='ocrx_word' id='word_1_711' title='bbox 1137 4821 1433 4887; x_wconf 79' lang='grc' dir='ltr'>Ἀπόδειξις</span> <span class='ocrx_word' id='word_1_712' title='bbox 1470 4823 1525 4876; x_wconf 82' lang='grc' dir='ltr'>δὲ</span> <span class='ocrx_word' id='word_1_713' title='bbox 1573 4823 1679 4876; x_wconf 84' lang='grc' dir='ltr'><strong>τῶν</strong></span> <span class='ocrx_word' id='word_1_714' title='bbox 1719 4825 2022 4894; x_wconf 85' lang='grc' dir='ltr'>λεγομένων</span> 
     </span>
    </p>
   </div>
   <div class='ocr_carea' id='block_1_97' title="bbox 453 4913 2020 4986">
    <p class='ocr_par' dir='ltr' id='par_1_97' title="bbox 453 4913 2020 4986">
     <span class='ocr_line' id='line_1_97' title="bbox 453 4913 2020 4986; baseline 0.003 -22"><span class='ocrx_word' id='word_1_715' title='bbox 453 4913 610 4975; x_wconf 82' lang='grc' dir='ltr'>αὐτὸς</span> <span class='ocrx_word' id='word_1_716' title='bbox 631 4915 658 4965; x_wconf 75' lang='grc' dir='ltr'>ὁ</span> <span class='ocrx_word' id='word_1_717' title='bbox 693 4916 749 4965; x_wconf 86' lang='grc' dir='ltr'><strong>ἐν</strong></span> <span class='ocrx_word' id='word_1_718' title='bbox 774 4913 960 4982; x_wconf 68' lang='grc' dir='ltr'>χερσὶν</span> <span class='ocrx_word' id='word_1_719' title='bbox 999 4913 1152 4982; x_wconf 76' lang='grc' dir='ltr'>ἡμῶν</span> <span class='ocrx_word' id='word_1_720' title='bbox 1185 4916 1276 4966; x_wconf 76' lang='grc' dir='ltr'>τοῦ</span> <span class='ocrx_word' id='word_1_721' title='bbox 1309 4915 1567 4984; x_wconf 70' lang='grc' dir='ltr'>Εὑνομίου</span> <span class='ocrx_word' id='word_1_722' title='bbox 1598 4916 1774 4983; x_wconf 81' lang='grc' dir='ltr'>λόγος,</span> <span class='ocrx_word' id='word_1_723' title='bbox 1807 4916 1864 4968; x_wconf 88' lang='grc' dir='ltr'>ὃν</span> <span class='ocrx_word' id='word_1_724' title='bbox 1885 4918 1912 4968; x_wconf 89' lang='lat'><strong>6</strong></span> <span class='ocrx_word' id='word_1_725' title='bbox 1947 4916 2020 4986; x_wconf 81' lang='grc' dir='ltr'>μὴ</span> 
     </span>
    </p>
   </div>
   <div class='ocr_carea' id='block_1_98' title="bbox 453 5004 2019 5078">
    <p class='ocr_par' dir='ltr' id='par_1_98' title="bbox 453 5004 2019 5078">
     <span class='ocr_line' id='line_1_98' title="bbox 453 5004 2019 5078; baseline 0.003 -23"><span class='ocrx_word' id='word_1_726' title='bbox 453 5004 744 5073; x_wconf 78' lang='grc' dir='ltr'>παρέργως</span> <span class='ocrx_word' id='word_1_727' title='bbox 799 5007 1160 5075; x_wconf 82' lang='grc' dir='ltr'>κατανοήσας,</span> <span class='ocrx_word' id='word_1_728' title='bbox 1194 5007 1413 5076; x_wconf 75' lang='grc' dir='ltr'>εὑρήσει</span> <span class='ocrx_word' id='word_1_729' title='bbox 1446 5007 1503 5058; x_wconf 84' lang='grc' dir='ltr'><strong>τὸ</strong></span> <span class='ocrx_word' id='word_1_730' title='bbox 1542 5008 1804 5070; x_wconf 76' lang='grc' dir='ltr'>κάταντες</span> <span class='ocrx_word' id='word_1_731' title='bbox 1835 5009 1932 5078; x_wconf 78' lang='grc' dir='ltr'>τῆς</span> <span class='ocrx_word' id='word_1_732' title='bbox 1963 5011 2019 5060; x_wconf 85' lang='grc' dir='ltr'><strong>ἐν</strong></span> 
     </span>
    </p>
   </div>
   <div class='ocr_carea' id='block_1_99' title="bbox 453 5096 2020 5168">
    <p class='ocr_par' dir='ltr' id='par_1_99' title="bbox 453 5096 2020 5168">
     <span class='ocr_line' id='line_1_99' title="bbox 453 5096 2020 5168; baseline 0.003 -22"><span class='ocrx_word' id='word_1_733' title='bbox 453 5097 560 5156; x_wconf 85' lang='grc' dir='ltr'>τοῖς</span> <span class='ocrx_word' id='word_1_734' title='bbox 575 5098 815 5165; x_wconf 77' lang='grc' dir='ltr'>ῥήμασιν</span> <span class='ocrx_word' id='word_1_735' title='bbox 843 5096 1133 5168; x_wconf 76' lang='grc' dir='ltr'>ἁμαρτίας,</span> <span class='ocrx_word' id='word_1_736' title='bbox 1157 5097 1222 5166; x_wconf 75' lang='grc' dir='ltr'><strong>ἣν</strong></span> <span class='ocrx_word' id='word_1_737' title='bbox 1247 5098 1526 5167; x_wconf 83' lang='grc' dir='ltr'>μιμεῖσθαι</span> <span class='ocrx_word' id='word_1_738' title='bbox 1551 5101 1763 5162; x_wconf 81' lang='grc' dir='ltr'>πάντως</span> <span class='ocrx_word' id='word_1_739' title='bbox 1802 5100 1910 5154; x_wconf 78' lang='grc' dir='ltr'>τῶν</span> <span class='ocrx_word' id='word_1_740' title='bbox 1931 5101 2020 5152; x_wconf 77' lang='grc' dir='ltr'><strong>εὐ-</strong></span> 
     </span>
    </p>
   </div>
   <div class='ocr_carea' id='block_1_100' title="bbox 453 5187 2024 5261">
    <p class='ocr_par' dir='ltr' id='par_1_100' title="bbox 453 5187 2024 5261">
     <span class='ocr_line' id='line_1_100' title="bbox 453 5187 2024 5261; baseline 0.003 -23"><span class='ocrx_word' id='word_1_741' title='bbox 453 5188 784 5257; x_wconf 78' lang='grc' dir='ltr'>πορωτάτων</span> <span class='ocrx_word' id='word_1_742' title='bbox 811 5189 926 5239; x_wconf 89' lang='grc' dir='ltr'>ἐστί</span> <span class='ocrx_word' id='word_1_743' title='bbox 953 5205 965 5216; x_wconf 90' lang='grc'><strong>·</strong></span> <span class='ocrx_word' id='word_1_744' title='bbox 988 5187 1090 5239; x_wconf 73' lang='lat' dir='ltr'><strong>xiv</strong></span> <span class='ocrx_word' id='word_1_745' title='bbox 1121 5188 1397 5251; x_wconf 81' lang='grc' dir='ltr'>παντελῶς</span> <span class='ocrx_word' id='word_1_746' title='bbox 1430 5206 1512 5251; x_wconf 79' lang='grc' dir='ltr'><strong>τις</strong></span> <span class='ocrx_word' id='word_1_747' title='bbox 1539 5190 1880 5261; x_wconf 75' lang='grc' dir='ltr'>ἀμελετήτως</span> <span class='ocrx_word' id='word_1_748' title='bbox 1913 5191 2024 5261; x_wconf 81' lang='grc' dir='ltr'>ἔχοι</span> 
     </span>
    </p>
   </div>
   <div class='ocr_carea' id='block_1_101' title="bbox 452 5278 2030 5350">
    <p class='ocr_par' dir='ltr' id='par_1_101' title="bbox 452 5278 2030 5350">
     <span class='ocr_line' id='line_1_101' title="bbox 452 5278 2030 5350; baseline 0.004 -22"><span class='ocrx_word' id='word_1_749' title='bbox 452 5281 549 5348; x_wconf 77' lang='grc' dir='ltr'>τῆς</span> <span class='ocrx_word' id='word_1_750' title='bbox 567 5278 659 5330; x_wconf 83' lang='grc' dir='ltr'>τοῦ</span> <span class='ocrx_word' id='word_1_751' title='bbox 692 5278 1032 5348; x_wconf 70' lang='grc' dir='ltr'>βλασφημεῖν</span> <span class='ocrx_word' id='word_1_752' title='bbox 1083 5281 1394 5349; x_wconf 75' lang='grc' dir='ltr'>ἐμπειρίας.</span> <span class='ocrx_word' id='word_1_753' title='bbox 1449 5279 1514 5331; x_wconf 88' lang='grc' dir='ltr'>Τί</span> <span class='ocrx_word' id='word_1_754' title='bbox 1555 5282 1660 5350; x_wconf 80' lang='grc' dir='ltr'><strong>γὰρ</strong></span> <span class='ocrx_word' id='word_1_755' title='bbox 1692 5282 1772 5333; x_wconf 86' lang='grc' dir='ltr'><strong>δεῖ</strong></span> <span class='ocrx_word' id='word_1_756' title='bbox 1803 5281 2030 5350; x_wconf 77' lang='grc' dir='ltr'>κάμνειν</span> 
     </span>
    </p>
   </div>
   <div class='ocr_carea' id='block_1_102' title="bbox 453 5368 2030 5441">
    <p class='ocr_par' dir='ltr' id='par_1_102' title="bbox 453 5368 2030 5441">
     <span class='ocr_line' id='line_1_102' title="bbox 453 5368 2030 5441; baseline 0.002 -22"><span class='ocrx_word' id='word_1_757' title='bbox 453 5368 943 5438; x_wconf 80' lang='grc' dir='ltr'>ὀνόματοποιοῧντα</span> <span class='ocrx_word' id='word_1_758' title='bbox 975 5369 1072 5432; x_wconf 84' lang='grc' dir='ltr'>τὰς</span> <span class='ocrx_word' id='word_1_759' title='bbox 1094 5369 1297 5440; x_wconf 73' lang='grc' dir='ltr'>ὕϐρεις,</span> <span class='ocrx_word' id='word_1_760' title='bbox 1322 5371 1437 5436; x_wconf 72' lang='grc' dir='ltr'>ἐξὸν</span> <span class='ocrx_word' id='word_1_761' title='bbox 1457 5371 1566 5433; x_wconf 83' lang='grc' dir='ltr'>τοῖς</span> <span class='ocrx_word' id='word_1_762' title='bbox 1589 5371 1827 5441; x_wconf 73' lang='grc' dir='ltr'>ῥηθεῖσιν</span> <span class='ocrx_word' id='word_1_763' title='bbox 1850 5373 2030 5433; x_wconf 82' lang='grc' dir='ltr'>αὐτοῖς</span> 
     </span>
    </p>
   </div>
   <div class='ocr_carea' id='block_1_103' title="bbox 453 5460 2035 5537">
    <p class='ocr_par' dir='ltr' id='par_1_103' title="bbox 453 5460 2035 5537">
     <span class='ocr_line' id='line_1_103' title="bbox 453 5460 2035 5537; baseline 0.004 -27"><span class='ocrx_word' id='word_1_764' title='bbox 453 5460 544 5511; x_wconf 79' lang='grc' dir='ltr'><strong>ἐπὶ</strong></span> <span class='ocrx_word' id='word_1_765' title='bbox 582 5461 673 5512; x_wconf 81' lang='lat' dir='ltr'>76v</span> <span class='ocrx_word' id='word_1_766' title='bbox 729 5460 1027 5528; x_wconf 73' lang='grc' dir='ltr'>ὑϐρίσαντα</span> <span class='ocrx_word' id='word_1_767' title='bbox 1079 5463 1418 5536; x_wconf 78' lang='grc' dir='ltr'>χρήσασθαι;</span> <span class='ocrx_word' id='word_1_768' title='bbox 1459 5465 1640 5518; x_wconf 75' lang='grc' dir='ltr'>Πάντα</span> <span class='ocrx_word' id='word_1_769' title='bbox 1695 5466 1802 5537; x_wconf 78' lang='grc' dir='ltr'><strong>γὰρ</strong></span> <span class='ocrx_word' id='word_1_770' title='bbox 1857 5467 1912 5517; x_wconf 85' lang='grc' dir='ltr'><strong>ἐν</strong></span> <span class='ocrx_word' id='word_1_771' title='bbox 1956 5467 2035 5536; x_wconf 78' lang='grc' dir='ltr'>τῷ</span> 
     </span>
    </p>
   </div>
   <div class='ocr_carea' id='block_1_104' title="bbox 523 5635 1116 5703">
    <p class='ocr_par' dir='ltr' id='par_1_104' title="bbox 523 5635 1116 5703">
     <span class='ocr_line' id='line_1_104' title="bbox 523 5635 1116 5703; baseline 0 -14"><span class='ocrx_word' id='word_1_772' title='bbox 523 5639 542 5668; x_wconf 84' lang='grc'><strong>⁹</strong></span> <span class='ocrx_word' id='word_1_773' title='bbox 584 5635 774 5690; x_wconf 78' lang='lat' dir='ltr'><strong>Matth.</strong></span> <span class='ocrx_word' id='word_1_774' title='bbox 813 5651 861 5692; x_wconf 85' lang='lat' dir='ltr'><strong>v,</strong></span> <span class='ocrx_word' id='word_1_775' title='bbox 892 5635 958 5684; x_wconf 69' lang='lat'><strong>38</strong></span> <span class='ocrx_word' id='word_1_776' title='bbox 998 5651 1116 5703; x_wconf 86' lang='lat' dir='ltr'><strong>sqq.</strong></span> 
     </span>
    </p>
   </div>
   <div class='ocr_carea' id='block_1_105' title="bbox 2126 4449 3691 4528">
    <p class='ocr_par' dir='ltr' id='par_1_105' title="bbox 2126 4449 3691 4528">
     <span class='ocr_line' id='line_1_105' title="bbox 2126 4449 3691 4528; baseline -0.008 -13"><span class='ocrx_word' id='word_1_777' title='bbox 2126 4471 2238 4515; x_wconf 87' lang='lat' dir='ltr'><strong>tum</strong></span> <span class='ocrx_word' id='word_1_778' title='bbox 2269 4469 2374 4522; x_wconf 90' lang='lat' dir='ltr'><strong>est,</strong></span> <span class='ocrx_word' id='word_1_779' title='bbox 2409 4461 2518 4514; x_wconf 88' lang='lat' dir='ltr'><strong>imo</strong></span> <span class='ocrx_word' id='word_1_780' title='bbox 2559 4473 2701 4528; x_wconf 63' lang='lat' dir='ltr'><strong>saepe</strong></span> <span class='ocrx_word' id='word_1_781' title='bbox 2731 4457 2797 4511; x_wconf 91' lang='lat' dir='ltr'><strong>ad</strong></span> <span class='ocrx_word' id='word_1_782' title='bbox 2830 4457 3030 4510; x_wconf 90' lang='lat' dir='ltr'><strong>malum</strong></span> <span class='ocrx_word' id='word_1_783' title='bbox 3065 4451 3556 4508; x_wconf 83' lang='lat' dir='ltr'><strong>consuminandum</strong></span> <span class='ocrx_word' id='word_1_784' title='bbox 3581 4449 3691 4504; x_wconf 86' lang='lat' dir='ltr'><strong>suf-</strong></span> 
     </span>
    </p>
   </div>
   <div class='ocr_carea' id='block_1_106' title="bbox 2129 4540 3688 4618">
    <p class='ocr_par' dir='ltr' id='par_1_106' title="bbox 2129 4540 3688 4618">
     <span class='ocr_line' id='line_1_106' title="bbox 2129 4540 3688 4618; baseline -0.01 -11"><span class='ocrx_word' id='word_1_785' title='bbox 2129 4555 2238 4607; x_wconf 84' lang='lat' dir='ltr'><strong>ficit</strong></span> <span class='ocrx_word' id='word_1_786' title='bbox 2272 4553 2543 4606; x_wconf 87' lang='lat' dir='ltr'><strong>voluntas.</strong></span> <span class='ocrx_word' id='word_1_787' title='bbox 2591 4550 2660 4602; x_wconf 84' lang='lat' dir='ltr'><strong>At</strong></span> <span class='ocrx_word' id='word_1_788' title='bbox 2706 4551 2863 4618; x_wconf 84' lang='lat' dir='ltr'><strong>longe</strong></span> <span class='ocrx_word' id='word_1_789' title='bbox 2906 4547 3078 4615; x_wconf 81' lang='lat' dir='ltr'><strong>major</strong></span> <span class='ocrx_word' id='word_1_790' title='bbox 3107 4552 3330 4613; x_wconf 88' lang='lat' dir='ltr'><strong>apparet</strong></span> <span class='ocrx_word' id='word_1_791' title='bbox 3370 4540 3604 4596; x_wconf 89' lang='lat' dir='ltr'><strong>facilitas</strong></span> <span class='ocrx_word' id='word_1_792' title='bbox 3636 4542 3688 4594; x_wconf 90' lang='lat' dir='ltr'><strong>in</strong></span> 
     </span>
    </p>
   </div>
   <div class='ocr_carea' id='block_1_107' title="bbox 2125 4639 3691 4714">
    <p class='ocr_par' dir='ltr' id='par_1_107' title="bbox 2125 4639 3691 4714">
     <span class='ocr_line' id='line_1_107' title="bbox 2125 4639 3691 4714; baseline -0.01 -13"><span class='ocrx_word' id='word_1_793' title='bbox 2125 4648 2275 4701; x_wconf 83' lang='lat' dir='ltr'><strong>vitiis</strong></span> <span class='ocrx_word' id='word_1_794' title='bbox 2309 4647 2522 4714; x_wconf 65' lang='lat' dir='ltr'><strong>linguae.</strong></span> <span class='ocrx_word' id='word_1_795' title='bbox 2567 4641 2792 4710; x_wconf 80' lang='lat' dir='ltr'><strong>Reliqua</strong></span> <span class='ocrx_word' id='word_1_796' title='bbox 2835 4639 2979 4694; x_wconf 91' lang='lat' dir='ltr'><strong>enim</strong></span> <span class='ocrx_word' id='word_1_797' title='bbox 3027 4645 3247 4706; x_wconf 88' lang='lat' dir='ltr'><strong>peccata</strong></span> <span class='ocrx_word' id='word_1_798' title='bbox 3289 4644 3346 4687; x_wconf 91' lang='lat' dir='ltr'><strong>ut.</strong></span> <span class='ocrx_word' id='word_1_799' title='bbox 3377 4642 3691 4703; x_wconf 88' lang='lat' dir='ltr'><strong>perpetren—</strong></span> 
     </span>
    </p>
   </div>
   <div class='ocr_carea' id='block_1_108' title="bbox 2129 4725 3689 4805">
    <p class='ocr_par' dir='ltr' id='par_1_108' title="bbox 2129 4725 3689 4805">
     <span class='ocr_line' id='line_1_108' title="bbox 2129 4725 3689 4805; baseline -0.012 -13"><span class='ocrx_word' id='word_1_800' title='bbox 2129 4749 2238 4800; x_wconf 92' lang='lat' dir='ltr'><strong>tur,</strong></span> <span class='ocrx_word' id='word_1_801' title='bbox 2283 4750 2423 4805; x_wconf 52' lang='lat' dir='ltr'><strong>saepe</strong></span> <span class='ocrx_word' id='word_1_802' title='bbox 2469 4733 2711 4802; x_wconf 71' lang='lat' dir='ltr'><strong>indigent</strong></span> <span class='ocrx_word' id='word_1_803' title='bbox 2742 4740 2982 4800; x_wconf 83' lang='lat' dir='ltr'><strong>tempore</strong></span> <span class='ocrx_word' id='word_1_804' title='bbox 3015 4744 3076 4782; x_wconf 90' lang='lat' dir='ltr'><strong>ac</strong></span> <span class='ocrx_word' id='word_1_805' title='bbox 3128 4726 3332 4792; x_wconf 90' lang='lat' dir='ltr'><strong>labore,</strong></span> <span class='ocrx_word' id='word_1_806' title='bbox 3367 4733 3420 4779; x_wconf 88' lang='lat' dir='ltr'><strong>et</strong></span> <span class='ocrx_word' id='word_1_807' title='bbox 3463 4725 3689 4779; x_wconf 89' lang='lat' dir='ltr'><strong>aliorum</strong></span> 
     </span>
    </p>
   </div>
   <div class='ocr_carea' id='block_1_109' title="bbox 2128 4819 3690 4889">
    <p class='ocr_par' dir='ltr' id='par_1_109' title="bbox 2128 4819 3690 4889">
     <span class='ocr_line' id='line_1_109' title="bbox 2128 4819 3690 4889; baseline -0.009 -8"><span class='ocrx_word' id='word_1_808' title='bbox 2128 4828 2290 4881; x_wconf 91' lang='lat' dir='ltr'><strong>etiam</strong></span> <span class='ocrx_word' id='word_1_809' title='bbox 2323 4825 2544 4880; x_wconf 78' lang='lat' dir='ltr'><strong>auxilio.</strong></span> <span class='ocrx_word' id='word_1_810' title='bbox 2585 4823 2690 4876; x_wconf 84' lang='lat' dir='ltr'><strong>Sed</strong></span> <span class='ocrx_word' id='word_1_811' title='bbox 2743 4821 2858 4876; x_wconf 90' lang='lat' dir='ltr'><strong>oris</strong></span> <span class='ocrx_word' id='word_1_812' title='bbox 2907 4827 2961 4874; x_wconf 89' lang='lat' dir='ltr'><strong>et</strong></span> <span class='ocrx_word' id='word_1_813' title='bbox 3013 4819 3210 4889; x_wconf 68' lang='lat' dir='ltr'><strong>linguae</strong></span> <span class='ocrx_word' id='word_1_814' title='bbox 3252 4826 3447 4872; x_wconf 89' lang='lat' dir='ltr'><strong>natura</strong></span> <span class='ocrx_word' id='word_1_815' title='bbox 3476 4831 3690 4884; x_wconf 80' lang='lat' dir='ltr'><strong>semper</strong></span> 
     </span>
    </p>
   </div>
   <div class='ocr_carea' id='block_1_110' title="bbox 2127 4906 3690 4987">
    <p class='ocr_par' dir='ltr' id='par_1_110' title="bbox 2127 4906 3690 4987">
     <span class='ocr_line' id='line_1_110' title="bbox 2127 4906 3690 4987; baseline -0.01 -15"><span class='ocrx_word' id='word_1_816' title='bbox 2127 4919 2283 4987; x_wconf 87' lang='lat' dir='ltr'><strong>quasi</strong></span> <span class='ocrx_word' id='word_1_817' title='bbox 2326 4917 2470 4970; x_wconf 84' lang='lat' dir='ltr'><strong>domi</strong></span> <span class='ocrx_word' id='word_1_818' title='bbox 2515 4916 2676 4969; x_wconf 90' lang='lat' dir='ltr'><strong>habet</strong></span> <span class='ocrx_word' id='word_1_819' title='bbox 2709 4909 2967 4982; x_wconf 86' lang='lat' dir='ltr'><strong>peccandi</strong></span> <span class='ocrx_word' id='word_1_820' title='bbox 3005 4907 3486 4974; x_wconf 80' lang='lat' dir='ltr'><strong>facultatem.th</strong></span> <span class='ocrx_word' id='word_1_821' title='bbox 3509 4906 3690 4962; x_wconf 90' lang='lat' dir='ltr'><strong>omnia</strong></span> 
     </span>
    </p>
   </div>
   <div class='ocr_carea' id='block_1_111' title="bbox 2126 4998 3686 5071">
    <p class='ocr_par' dir='ltr' id='par_1_111' title="bbox 2126 4998 3686 5071">
     <span class='ocr_line' id='line_1_111' title="bbox 2126 4998 3686 5071; baseline -0.005 -10"><span class='ocrx_word' id='word_1_822' title='bbox 2126 5008 2430 5068; x_wconf 85' lang='lat' dir='ltr'><strong>confirmat,</strong></span> <span class='ocrx_word' id='word_1_823' title='bbox 2473 5006 2561 5058; x_wconf 92' lang='lat' dir='ltr'><strong>ille</strong></span> <span class='ocrx_word' id='word_1_824' title='bbox 2609 5005 2744 5071; x_wconf 90' lang='lat' dir='ltr'><strong>ipse,</strong></span> <span class='ocrx_word' id='word_1_825' title='bbox 2776 5016 2935 5071; x_wconf 90' lang='lat' dir='ltr'><strong>quem</strong></span> <span class='ocrx_word' id='word_1_826' title='bbox 2962 5015 3072 5070; x_wconf 65' lang='lat' dir='ltr'><strong>prm</strong></span> <span class='ocrx_word' id='word_1_827' title='bbox 3120 5001 3372 5052; x_wconf 84' lang='lat' dir='ltr'><strong>inanibus</strong></span> <span class='ocrx_word' id='word_1_828' title='bbox 3406 4998 3686 5053; x_wconf 83' lang='lat' dir='ltr'><strong>habemus.</strong></span> 
     </span>
    </p>
   </div>
   <div class='ocr_carea' id='block_1_112' title="bbox 2122 5085 3692 5164">
    <p class='ocr_par' dir='ltr' id='par_1_112' title="bbox 2122 5085 3692 5164">
     <span class='ocr_line' id='line_1_112' title="bbox 2122 5085 3692 5164; baseline -0.011 -12"><span class='ocrx_word' id='word_1_829' title='bbox 2122 5098 2372 5153; x_wconf 82' lang='lat' dir='ltr'><strong>Eunomii</strong></span> <span class='ocrx_word' id='word_1_830' title='bbox 2421 5097 2592 5158; x_wconf 90' lang='lat' dir='ltr'><strong>liber,</strong></span> <span class='ocrx_word' id='word_1_831' title='bbox 2636 5096 2688 5148; x_wconf 93' lang='lat' dir='ltr'><strong>in</strong></span> <span class='ocrx_word' id='word_1_832' title='bbox 2724 5109 2855 5164; x_wconf 89' lang='lat' dir='ltr'><strong>quo,</strong></span> <span class='ocrx_word' id='word_1_833' title='bbox 2907 5093 3000 5161; x_wconf 88' lang='lat' dir='ltr'><strong>qui</strong></span> <span class='ocrx_word' id='word_1_834' title='bbox 3052 5107 3175 5143; x_wconf 91' lang='lat' dir='ltr'><strong>eum</strong></span> <span class='ocrx_word' id='word_1_835' title='bbox 3227 5106 3332 5143; x_wconf 93' lang='lat' dir='ltr'><strong>non</strong></span> <span class='ocrx_word' id='word_1_836' title='bbox 3379 5089 3554 5140; x_wconf 88' lang='lat' dir='ltr'><strong>obiter</strong></span> <span class='ocrx_word' id='word_1_837' title='bbox 3607 5085 3692 5136; x_wconf 93' lang='lat' dir='ltr'><strong>in-</strong></span> 
     </span>
    </p>
   </div>
   <div class='ocr_carea' id='block_1_113' title="bbox 2125 5172 3693 5260">
    <p class='ocr_par' dir='ltr' id='par_1_113' title="bbox 2125 5172 3693 5260">
     <span class='ocr_line' id='line_1_113' title="bbox 2125 5172 3693 5260; baseline -0.013 -15"><span class='ocrx_word' id='word_1_838' title='bbox 2125 5189 2380 5260; x_wconf 73' lang='lat' dir='ltr'><strong>spexerit,</strong></span> <span class='ocrx_word' id='word_1_839' title='bbox 2413 5188 2560 5242; x_wconf 86' lang='lat' dir='ltr'><strong>clare</strong></span> <span class='ocrx_word' id='word_1_840' title='bbox 2604 5181 2996 5254; x_wconf 85' lang='lat' dir='ltr'><strong>deprehendet,</strong></span> <span class='ocrx_word' id='word_1_841' title='bbox 3032 5191 3232 5250; x_wconf 89' lang='lat' dir='ltr'><strong>quanta</strong></span> <span class='ocrx_word' id='word_1_842' title='bbox 3267 5179 3337 5231; x_wconf 90' lang='lat' dir='ltr'><strong>sit</strong></span> <span class='ocrx_word' id='word_1_843' title='bbox 3382 5172 3693 5243; x_wconf 86' lang='lat' dir='ltr'><strong>proclivitas</strong></span> 
     </span>
    </p>
   </div>
   <div class='ocr_carea' id='block_1_114' title="bbox 2125 5263 3693 5345">
    <p class='ocr_par' dir='ltr' id='par_1_114' title="bbox 2125 5263 3693 5345">
     <span class='ocr_line' id='line_1_114' title="bbox 2125 5263 3693 5345; baseline -0.013 -9"><span class='ocrx_word' id='word_1_844' title='bbox 2125 5292 2176 5336; x_wconf 90' lang='lat' dir='ltr'><strong>et</strong></span> <span class='ocrx_word' id='word_1_845' title='bbox 2210 5281 2444 5334; x_wconf 84' lang='lat' dir='ltr'><strong>facilitas</strong></span> <span class='ocrx_word' id='word_1_846' title='bbox 2475 5279 2525 5331; x_wconf 90' lang='lat' dir='ltr'><strong>in</strong></span> <span class='ocrx_word' id='word_1_847' title='bbox 2559 5276 2623 5330; x_wconf 89' lang='lat' dir='ltr'><strong>iis</strong></span> <span class='ocrx_word' id='word_1_848' title='bbox 2659 5275 2923 5345; x_wconf 86' lang='lat' dir='ltr'><strong>peccatis,</strong></span> <span class='ocrx_word' id='word_1_849' title='bbox 2965 5289 3083 5340; x_wconf 73' lang='lat' dir='ltr'><strong>qua:</strong></span> <span class='ocrx_word' id='word_1_850' title='bbox 3120 5273 3301 5338; x_wconf 85' lang='lat' dir='ltr'><strong>lingua</strong></span> <span class='ocrx_word' id='word_1_851' title='bbox 3344 5263 3693 5317; x_wconf 79' lang='lat' dir='ltr'><strong>committun-</strong></span> 
     </span>
    </p>
   </div>
   <div class='ocr_carea' id='block_1_115' title="bbox 2130 5352 3693 5441">
    <p class='ocr_par' dir='ltr' id='par_1_115' title="bbox 2130 5352 3693 5441">
     <span class='ocr_line' id='line_1_115' title="bbox 2130 5352 3693 5441; baseline -0.015 -15"><span class='ocrx_word' id='word_1_852' title='bbox 2130 5381 2235 5436; x_wconf 86' lang='lat' dir='ltr'><strong>tur,</strong></span> <span class='ocrx_word' id='word_1_853' title='bbox 2262 5387 2421 5441; x_wconf 89' lang='lat' dir='ltr'><strong>quam</strong></span> <span class='ocrx_word' id='word_1_854' title='bbox 2457 5367 2676 5426; x_wconf 88' lang='lat' dir='ltr'><strong>imitari,</strong></span> <span class='ocrx_word' id='word_1_855' title='bbox 2703 5380 2790 5420; x_wconf 88' lang='lat' dir='ltr'><strong>res</strong></span> <span class='ocrx_word' id='word_1_856' title='bbox 2822 5372 2904 5416; x_wconf 86' lang='lat' dir='ltr'><strong>est</strong></span> <span class='ocrx_word' id='word_1_857' title='bbox 2935 5361 3175 5415; x_wconf 88' lang='lat' dir='ltr'><strong>omnium</strong></span> <span class='ocrx_word' id='word_1_858' title='bbox 3217 5353 3497 5417; x_wconf 74' lang='lat' dir='ltr'><strong>facillima,</strong></span> <span class='ocrx_word' id='word_1_859' title='bbox 3528 5352 3693 5405; x_wconf 85' lang='lat' dir='ltr'><strong>etiam</strong></span> 
     </span>
    </p>
   </div>
   <div class='ocr_carea' id='block_1_116' title="bbox 2140 5446 3692 5533">
    <p class='ocr_par' dir='ltr' id='par_1_116' title="bbox 2140 5446 3692 5533">
     <span class='ocr_line' id='line_1_116' title="bbox 2140 5446 3692 5533; baseline -0.014 -15"><span class='ocrx_word' id='word_1_860' title='bbox 2140 5466 2182 5518; x_wconf 88' lang='lat' dir='ltr'><strong>si</strong></span> <span class='ocrx_word' id='word_1_861' title='bbox 2212 5468 2330 5533; x_wconf 71' lang='lat' dir='ltr'><strong>quis</strong></span> <span class='ocrx_word' id='word_1_862' title='bbox 2365 5464 2416 5516; x_wconf 92' lang='lat' dir='ltr'><strong>in</strong></span> <span class='ocrx_word' id='word_1_863' title='bbox 2451 5457 2805 5516; x_wconf 85' lang='lat' dir='ltr'><strong>maledicendi</strong></span> <span class='ocrx_word' id='word_1_864' title='bbox 2838 5463 2952 5507; x_wconf 81' lang='lat' dir='ltr'><strong>arte</strong></span> <span class='ocrx_word' id='word_1_865' title='bbox 2981 5450 3202 5504; x_wconf 88' lang='lat' dir='ltr'><strong>minime</strong></span> <span class='ocrx_word' id='word_1_866' title='bbox 3237 5446 3305 5500; x_wconf 88' lang='lat' dir='ltr'><strong>sit</strong></span> <span class='ocrx_word' id='word_1_867' title='bbox 3333 5446 3692 5499; x_wconf 72' lang='lat' dir='ltr'><strong>exercitatus.</strong></span> 
     </span>
    </p>
   </div>
  </div>
