  <div class='ocr_page' id='page_1' title='image "/cluster/home/n/w/nwhite01/storage/ocr_20150623/45/mdp.39015011921478/149.png"; bbox 0 0 4046 6156; ppageno 0'>
   <div class='ocr_carea' id='block_1_1' title="bbox 318 253 430 314">
    <p class='ocr_par' dir='ltr' id='par_1_1' title="bbox 318 253 430 314">
     <span class='ocr_line' id='line_1_1' title="bbox 318 253 430 314; baseline -0.018 0"><span class='ocrx_word' id='word_1_1' title='bbox 318 253 430 314; x_wconf 74' lang='lat'><strong>279</strong></span> 
     </span>
    </p>
   </div>
   <div class='ocr_carea' id='block_1_2' title="bbox 1569 243 2324 302">
    <p class='ocr_par' dir='ltr' id='par_1_2' title="bbox 1569 243 2324 302">
     <span class='ocr_line' id='line_1_2' title="bbox 1569 243 2324 302; baseline -0.003 0"><span class='ocrx_word' id='word_1_2' title='bbox 1569 248 1624 302; x_wconf 88' lang='lat' dir='ltr'><strong>S.</strong></span> <span class='ocrx_word' id='word_1_3' title='bbox 1664 245 1992 302; x_wconf 78' lang='lat' dir='ltr'><strong>GHEGURII</strong></span> <span class='ocrx_word' id='word_1_4' title='bbox 2034 243 2324 302; x_wconf 82' lang='lat' dir='ltr'><strong>NYSSENI</strong></span> 
     </span>
    </p>
   </div>
   <div class='ocr_carea' id='block_1_3' title="bbox 3485 243 3588 299">
    <p class='ocr_par' dir='ltr' id='par_1_3' title="bbox 3485 243 3588 299">
     <span class='ocr_line' id='line_1_3' title="bbox 3485 243 3588 299; baseline 0.029 -3"><span class='ocrx_word' id='word_1_5' title='bbox 3485 243 3588 299; x_wconf 74' lang='lat'><strong>280</strong></span> 
     </span>
    </p>
   </div>
   <div class='ocr_carea' id='block_1_4' title="bbox 319 363 1913 440">
    <p class='ocr_par' dir='ltr' id='par_1_4' title="bbox 319 365 1896 437">
     <span class='ocr_line' id='line_1_4' title="bbox 319 365 1896 437; baseline -0.004 -12"><span class='ocrx_word' id='word_1_6' title='bbox 319 369 464 437; x_wconf 81' lang='lat' dir='ltr'><strong>Quid</strong></span> <span class='ocrx_word' id='word_1_7' title='bbox 489 368 635 427; x_wconf 89' lang='lat' dir='ltr'><strong>enim</strong></span> <span class='ocrx_word' id='word_1_8' title='bbox 663 369 873 424; x_wconf 79' lang='lat' dir='ltr'><strong>laboret</strong></span> <span class='ocrx_word' id='word_1_9' title='bbox 901 367 1026 437; x_wconf 87' lang='lat' dir='ltr'><strong>quis</strong></span> <span class='ocrx_word' id='word_1_10' title='bbox 1062 367 1113 419; x_wconf 93' lang='lat' dir='ltr'><strong>in</strong></span> <span class='ocrx_word' id='word_1_11' title='bbox 1148 365 1495 420; x_wconf 80' lang='lat' dir='ltr'><strong>inveniendis</strong></span> <span class='ocrx_word' id='word_1_12' title='bbox 1525 366 1896 419; x_wconf 79' lang='lat' dir='ltr'><strong>conviciorum</strong></span> 
     </span>
    </p>
   </div>
   <div class='ocr_carea' id='block_1_5' title="bbox 2017 363 3590 440">
    <p class='ocr_par' dir='ltr' id='par_1_5' title="bbox 2017 363 3590 435">
     <span class='ocr_line' id='line_1_5' title="bbox 2017 363 3590 435; baseline 0.001 -18"><span class='ocrx_word' id='word_1_13' title='bbox 2017 366 2261 435; x_wconf 72' lang='grc' dir='ltr'><em>ιέμψεως</em></span> <span class='ocrx_word' id='word_1_14' title='bbox 2314 365 2484 435; x_wconf 83' lang='grc' dir='ltr'><em>τούτῳ</em></span> <span class='ocrx_word' id='word_1_15' title='bbox 2530 363 2623 417; x_wconf 70' lang='grc' dir='ltr'><em>τοῦ</em></span> <span class='ocrx_word' id='word_1_16' title='bbox 2673 365 2830 432; x_wconf 88' lang='grc' dir='ltr'><em>λόγου</em></span> <span class='ocrx_word' id='word_1_17' title='bbox 2903 365 3094 434; x_wconf 58' lang='grc' dir='ltr'><em>ψευδῆ,</em></span> <span class='ocrx_word' id='word_1_18' title='bbox 3154 363 3247 417; x_wconf 73' lang='grc' dir='ltr'><em>καὶ</em></span> <span class='ocrx_word' id='word_1_19' title='bbox 3296 364 3590 434; x_wconf 74' lang='grc' dir='ltr'><em>βλάσφημα</em></span> 
     </span>
    </p>
   </div>
   <div class='ocr_carea' id='block_1_6' title="bbox 318 458 1895 529">
    <p class='ocr_par' dir='ltr' id='par_1_6' title="bbox 318 458 1895 529">
     <span class='ocr_line' id='line_1_6' title="bbox 318 458 1895 529; baseline -0.004 -13"><span class='ocrx_word' id='word_1_20' title='bbox 318 461 659 524; x_wconf 75' lang='lat' dir='ltr'><strong>nominibus,</strong></span> <span class='ocrx_word' id='word_1_21' title='bbox 710 474 832 514; x_wconf 91' lang='lat' dir='ltr'><strong>cum</strong></span> <span class='ocrx_word' id='word_1_22' title='bbox 870 460 959 512; x_wconf 86' lang='lat' dir='ltr'><strong>illa</strong></span> <span class='ocrx_word' id='word_1_23' title='bbox 1012 459 1150 529; x_wconf 88' lang='lat' dir='ltr'><strong>ipsa,</strong></span> <span class='ocrx_word' id='word_1_24' title='bbox 1185 458 1389 527; x_wconf 86' lang='lat' dir='ltr'><strong>quibus</strong></span> <span class='ocrx_word' id='word_1_25' title='bbox 1433 459 1555 528; x_wconf 89' lang='lat' dir='ltr'><strong>ipse</strong></span> <span class='ocrx_word' id='word_1_26' title='bbox 1609 473 1740 510; x_wconf 88' lang='lat' dir='ltr'><strong>usus</strong></span> <span class='ocrx_word' id='word_1_27' title='bbox 1786 465 1895 520; x_wconf 88' lang='lat' dir='ltr'><strong>est,</strong></span> 
     </span>
    </p>
   </div>
   <div class='ocr_carea' id='block_1_7' title="bbox 317 549 1902 625">
    <p class='ocr_par' dir='ltr' id='par_1_7' title="bbox 317 549 1902 625">
     <span class='ocr_line' id='line_1_7' title="bbox 317 549 1902 625; baseline -0.004 -17"><span class='ocrx_word' id='word_1_28' title='bbox 317 567 572 625; x_wconf 85' lang='lat' dir='ltr'><strong>regerere</strong></span> <span class='ocrx_word' id='word_1_29' title='bbox 602 552 764 606; x_wconf 88' lang='lat' dir='ltr'><strong>liceat</strong></span> <span class='ocrx_word' id='word_1_30' title='bbox 812 550 868 603; x_wconf 93' lang='lat' dir='ltr'><strong>in</strong></span> <span class='ocrx_word' id='word_1_31' title='bbox 909 550 1358 614; x_wconf 89' lang='lat' dir='ltr'><strong>conviciatorem,</strong></span> <span class='ocrx_word' id='word_1_32' title='bbox 1395 550 1489 619; x_wconf 86' lang='lat' dir='ltr'><strong>qui</strong></span> <span class='ocrx_word' id='word_1_33' title='bbox 1521 549 1702 603; x_wconf 86' lang='lat' dir='ltr'><strong>omnia</strong></span> <span class='ocrx_word' id='word_1_34' title='bbox 1737 549 1902 602; x_wconf 58' lang='lat' dir='ltr'><strong>maleo</strong></span> 
     </span>
    </p>
   </div>
   <div class='ocr_carea' id='block_1_8' title="bbox 317 641 1900 711">
    <p class='ocr_par' dir='ltr' id='par_1_8' title="bbox 317 641 1900 711">
     <span class='ocr_line' id='line_1_8' title="bbox 317 641 1900 711; baseline -0.001 -16"><span class='ocrx_word' id='word_1_35' title='bbox 317 645 616 705; x_wconf 89' lang='lat' dir='ltr'><strong>dictorum,</strong></span> <span class='ocrx_word' id='word_1_36' title='bbox 658 649 713 696; x_wconf 89' lang='lat' dir='ltr'><strong>et</strong></span> <span class='ocrx_word' id='word_1_37' title='bbox 756 641 1157 694; x_wconf 79' lang='lat' dir='ltr'><strong>calumniarum</strong></span> <span class='ocrx_word' id='word_1_38' title='bbox 1196 655 1398 711; x_wconf 88' lang='lat' dir='ltr'><strong>genera</strong></span> <span class='ocrx_word' id='word_1_39' title='bbox 1444 641 1497 694; x_wconf 91' lang='lat' dir='ltr'><strong>in</strong></span> <span class='ocrx_word' id='word_1_40' title='bbox 1555 641 1700 694; x_wconf 86' lang='lat' dir='ltr'><strong>hunc</strong></span> <span class='ocrx_word' id='word_1_41' title='bbox 1741 656 1900 694; x_wconf 90' lang='lat' dir='ltr'><strong>suum</strong></span> 
     </span>
    </p>
   </div>
   <div class='ocr_carea' id='block_1_9' title="bbox 317 731 1905 802">
    <p class='ocr_par' dir='ltr' id='par_1_9' title="bbox 317 731 1905 802">
     <span class='ocr_line' id='line_1_9' title="bbox 317 731 1905 802; baseline -0.001 -16"><span class='ocrx_word' id='word_1_42' title='bbox 317 735 514 789; x_wconf 84' lang='lat' dir='ltr'><strong>librum</strong></span> <span class='ocrx_word' id='word_1_43' title='bbox 568 731 982 802; x_wconf 86' lang='lat' dir='ltr'><strong>comportavit?</strong></span> <span class='ocrx_word' id='word_1_44' title='bbox 1027 748 1203 802; x_wconf 87' lang='lat' dir='ltr'><strong>neque</strong></span> <span class='ocrx_word' id='word_1_45' title='bbox 1247 732 1550 802; x_wconf 80' lang='lat' dir='ltr'><strong>quidquam</strong></span> <span class='ocrx_word' id='word_1_46' title='bbox 1609 733 1905 786; x_wconf 90' lang='lat' dir='ltr'><strong>calumnia-</strong></span> 
     </span>
    </p>
   </div>
   <div class='ocr_carea' id='block_1_10' title="bbox 319 822 1902 893">
    <p class='ocr_par' dir='ltr' id='par_1_10' title="bbox 319 822 1902 893">
     <span class='ocr_line' id='line_1_10' title="bbox 319 822 1902 893; baseline -0.001 -15"><span class='ocrx_word' id='word_1_47' title='bbox 319 842 439 879; x_wconf 89' lang='lat' dir='ltr'><strong>rum</strong></span> <span class='ocrx_word' id='word_1_48' title='bbox 485 827 775 893; x_wconf 85' lang='lat' dir='ltr'><strong>repereris,</strong></span> <span class='ocrx_word' id='word_1_49' title='bbox 818 824 964 893; x_wconf 89' lang='lat' dir='ltr'><strong>quod</strong></span> <span class='ocrx_word' id='word_1_50' title='bbox 1015 840 1120 876; x_wconf 89' lang='lat' dir='ltr'><strong>non</strong></span> <span class='ocrx_word' id='word_1_51' title='bbox 1168 825 1254 878; x_wconf 90' lang='lat' dir='ltr'><strong>his</strong></span> <span class='ocrx_word' id='word_1_52' title='bbox 1305 825 1421 878; x_wconf 90' lang='lat' dir='ltr'><strong>suis</strong></span> <span class='ocrx_word' id='word_1_53' title='bbox 1457 824 1669 877; x_wconf 82' lang='lat' dir='ltr'><strong>chartis</strong></span> <span class='ocrx_word' id='word_1_54' title='bbox 1712 822 1902 877; x_wconf 85' lang='lat' dir='ltr'><strong>illeve-</strong></span> 
     </span>
    </p>
   </div>
   <div class='ocr_carea' id='block_1_11' title="bbox 319 913 1906 984">
    <p class='ocr_par' dir='ltr' id='par_1_11' title="bbox 319 913 1906 984">
     <span class='ocr_line' id='line_1_11' title="bbox 319 913 1906 984; baseline -0.004 -12"><span class='ocrx_word' id='word_1_55' title='bbox 319 918 387 972; x_wconf 79' lang='lat' dir='ltr'><strong>rit</strong></span> <span class='ocrx_word' id='word_1_56' title='bbox 427 935 441 967; x_wconf 91' lang='lat'><strong>:</strong></span> <span class='ocrx_word' id='word_1_57' title='bbox 488 913 666 980; x_wconf 68' lang='grc' dir='ltr'><em>ναίετ’,</em></span> <span class='ocrx_word' id='word_1_58' title='bbox 707 915 904 984; x_wconf 88' lang='lat' dir='ltr'><strong>inquit,</strong></span> <span class='ocrx_word' id='word_1_59' title='bbox 941 924 1016 967; x_wconf 79' lang='lat' dir='ltr'><strong>est</strong></span> <span class='ocrx_word' id='word_1_60' title='bbox 1047 913 1307 979; x_wconf 78' lang='lat' dir='ltr'><strong>Basilius,</strong></span> <span class='ocrx_word' id='word_1_61' title='bbox 1353 915 1730 977; x_wconf 85' lang='lat' dir='ltr'><strong>contentiosus,</strong></span> <span class='ocrx_word' id='word_1_62' title='bbox 1773 913 1906 966; x_wconf 84' lang='lat' dir='ltr'><strong>veri-</strong></span> 
     </span>
    </p>
   </div>
   <div class='ocr_carea' id='block_1_12' title="bbox 318 1005 1908 1074">
    <p class='ocr_par' dir='ltr' id='par_1_12' title="bbox 318 1005 1908 1074">
     <span class='ocr_line' id='line_1_12' title="bbox 318 1005 1908 1074; baseline -0.003 -12"><span class='ocrx_word' id='word_1_63' title='bbox 318 1010 444 1062; x_wconf 80' lang='lat' dir='ltr'><strong>tatis</strong></span> <span class='ocrx_word' id='word_1_64' title='bbox 484 1007 947 1073; x_wconf 85' lang='lat' dir='ltr'><strong>hostis,sophista,</strong></span> <span class='ocrx_word' id='word_1_65' title='bbox 986 1007 1274 1074; x_wconf 74' lang='lat' dir='ltr'><strong>impostor;</strong></span> <span class='ocrx_word' id='word_1_66' title='bbox 1300 1006 1599 1057; x_wconf 87' lang='lat' dir='ltr'><strong>contrarius</strong></span> <span class='ocrx_word' id='word_1_67' title='bbox 1641 1005 1908 1058; x_wconf 87' lang='lat' dir='ltr'><strong>communi</strong></span> 
     </span>
    </p>
   </div>
   <div class='ocr_carea' id='block_1_13' title="bbox 319 1096 1907 1166">
    <p class='ocr_par' dir='ltr' id='par_1_13' title="bbox 319 1096 1907 1166">
     <span class='ocr_line' id='line_1_13' title="bbox 319 1096 1907 1166; baseline -0.003 -14"><span class='ocrx_word' id='word_1_68' title='bbox 319 1101 590 1154; x_wconf 82' lang='lat' dir='ltr'><strong>hominum</strong></span> <span class='ocrx_word' id='word_1_69' title='bbox 631 1101 864 1166; x_wconf 86' lang='lat' dir='ltr'><strong>opinioni</strong></span> <span class='ocrx_word' id='word_1_70' title='bbox 927 1109 974 1150; x_wconf 80' lang='lat' dir='ltr'><strong>et</strong></span> <span class='ocrx_word' id='word_1_71' title='bbox 1007 1097 1414 1157; x_wconf 73' lang='lat' dir='ltr'><strong>existimationi,</strong></span> <span class='ocrx_word' id='word_1_72' title='bbox 1445 1097 1534 1164; x_wconf 87' lang='lat' dir='ltr'><strong>qui</strong></span> <span class='ocrx_word' id='word_1_73' title='bbox 1581 1096 1907 1162; x_wconf 82' lang='lat' dir='ltr'><strong>redarqutio-</strong></span> 
     </span>
    </p>
   </div>
   <div class='ocr_carea' id='block_1_14' title="bbox 320 1187 1909 1258">
    <p class='ocr_par' dir='ltr' id='par_1_14' title="bbox 320 1187 1909 1258">
     <span class='ocr_line' id='line_1_14' title="bbox 320 1187 1909 1258; baseline -0.003 -13"><span class='ocrx_word' id='word_1_74' title='bbox 320 1208 436 1245; x_wconf 88' lang='lat' dir='ltr'><strong>nem</strong></span> <span class='ocrx_word' id='word_1_75' title='bbox 470 1207 533 1244; x_wconf 83' lang='lat' dir='ltr'><strong>ea:</strong></span> <span class='ocrx_word' id='word_1_76' title='bbox 565 1191 716 1244; x_wconf 79' lang='lat' dir='ltr'><strong>rebus</strong></span> <span class='ocrx_word' id='word_1_77' title='bbox 749 1191 877 1258; x_wconf 81' lang='lat' dir='ltr'><strong>ipsis</strong></span> <span class='ocrx_word' id='word_1_78' title='bbox 921 1192 1138 1257; x_wconf 81' lang='lat' dir='ltr'><strong>petitam</strong></span> <span class='ocrx_word' id='word_1_79' title='bbox 1189 1187 1341 1240; x_wconf 83' lang='lat' dir='ltr'><strong>nihili</strong></span> <span class='ocrx_word' id='word_1_80' title='bbox 1372 1187 1569 1254; x_wconf 78' lang='lat' dir='ltr'><strong>pendit,</strong></span> <span class='ocrx_word' id='word_1_81' title='bbox 1620 1190 1709 1256; x_wconf 87' lang='lat' dir='ltr'><strong>qui</strong></span> <span class='ocrx_word' id='word_1_82' title='bbox 1749 1203 1909 1256; x_wconf 86' lang='lat' dir='ltr'><strong>neque</strong></span> 
     </span>
    </p>
   </div>
   <div class='ocr_carea' id='block_1_15' title="bbox 324 1280 1907 1354">
    <p class='ocr_par' dir='ltr' id='par_1_15' title="bbox 324 1280 1907 1354">
     <span class='ocr_line' id='line_1_15' title="bbox 324 1280 1907 1354; baseline -0.004 -16"><span class='ocrx_word' id='word_1_83' title='bbox 324 1285 497 1354; x_wconf 87' lang='lat' dir='ltr'><strong>legum</strong></span> <span class='ocrx_word' id='word_1_84' title='bbox 544 1285 787 1336; x_wconf 84' lang='lat' dir='ltr'><strong>timorem</strong></span> <span class='ocrx_word' id='word_1_85' title='bbox 832 1282 1006 1344; x_wconf 85' lang='lat' dir='ltr'><strong>habet,</strong></span> <span class='ocrx_word' id='word_1_86' title='bbox 1048 1297 1211 1350; x_wconf 83' lang='lat' dir='ltr'><strong>neque</strong></span> <span class='ocrx_word' id='word_1_87' title='bbox 1252 1280 1701 1349; x_wconf 77' lang='lat' dir='ltr'><strong>reprehensionem</strong></span> <span class='ocrx_word' id='word_1_88' title='bbox 1737 1281 1907 1333; x_wconf 86' lang='lat' dir='ltr'><strong>homi-</strong></span> 
     </span>
    </p>
   </div>
   <div class='ocr_carea' id='block_1_16' title="bbox 326 1372 1910 1442">
    <p class='ocr_par' dir='ltr' id='par_1_16' title="bbox 326 1372 1910 1442">
     <span class='ocr_line' id='line_1_16' title="bbox 326 1372 1910 1442; baseline -0.003 -12"><span class='ocrx_word' id='word_1_89' title='bbox 326 1393 454 1430; x_wconf 89' lang='lat' dir='ltr'><strong>num</strong></span> <span class='ocrx_word' id='word_1_90' title='bbox 483 1385 784 1439; x_wconf 75' lang='lat' dir='ltr'><strong>reveretur;</strong></span> <span class='ocrx_word' id='word_1_91' title='bbox 812 1376 1085 1442; x_wconf 85' lang='lat' dir='ltr'><strong>imperitus</strong></span> <span class='ocrx_word' id='word_1_92' title='bbox 1125 1372 1422 1426; x_wconf 80' lang='lat' dir='ltr'><strong>discernere</strong></span> <span class='ocrx_word' id='word_1_93' title='bbox 1455 1373 1728 1425; x_wconf 71' lang='lat' dir='ltr'><strong>veritatem</strong></span> <span class='ocrx_word' id='word_1_94' title='bbox 1757 1389 1787 1425; x_wconf 82' lang='grc' dir='ltr'><strong>α</strong></span> <span class='ocrx_word' id='word_1_95' title='bbox 1819 1389 1910 1426; x_wconf 86' lang='lat' dir='ltr'><strong>va-</strong></span> 
     </span>
    </p>
   </div>
   <div class='ocr_carea' id='block_1_17' title="bbox 327 1463 1908 1538">
    <p class='ocr_par' dir='ltr' id='par_1_17' title="bbox 327 1463 1908 1538">
     <span class='ocr_line' id='line_1_17' title="bbox 327 1463 1908 1538; baseline -0.004 -17"><span class='ocrx_word' id='word_1_96' title='bbox 327 1469 480 1538; x_wconf 83' lang='lat' dir='ltr'><strong>fritie</strong></span> <span class='ocrx_word' id='word_1_97' title='bbox 513 1476 561 1521; x_wconf 87' lang='lat' dir='ltr'><strong>et</strong></span> <span class='ocrx_word' id='word_1_98' title='bbox 593 1466 912 1520; x_wconf 77' lang='lat' dir='ltr'><strong>calliditate.</strong></span> <span class='ocrx_word' id='word_1_99' title='bbox 950 1464 1046 1518; x_wconf 85' lang='lat' dir='ltr'><strong>His</strong></span> <span class='ocrx_word' id='word_1_100' title='bbox 1075 1465 1299 1533; x_wconf 91' lang='lat' dir='ltr'><strong>insuper</strong></span> <span class='ocrx_word' id='word_1_101' title='bbox 1330 1463 1482 1516; x_wconf 91' lang='lat' dir='ltr'><strong>addit</strong></span> <span class='ocrx_word' id='word_1_102' title='bbox 1507 1463 1908 1531; x_wconf 77' lang='lat' dir='ltr'><strong>impudentiam,</strong></span> 
     </span>
    </p>
   </div>
   <div class='ocr_carea' id='block_1_18' title="bbox 329 1554 1912 1628">
    <p class='ocr_par' dir='ltr' id='par_1_18' title="bbox 329 1554 1912 1628">
     <span class='ocr_line' id='line_1_18' title="bbox 329 1554 1912 1628; baseline -0.004 -14"><span class='ocrx_word' id='word_1_103' title='bbox 329 1569 387 1614; x_wconf 86' lang='lat' dir='ltr'><strong>et</strong></span> <span class='ocrx_word' id='word_1_104' title='bbox 413 1559 481 1610; x_wconf 86' lang='lat' dir='ltr'><strong>ad</strong></span> <span class='ocrx_word' id='word_1_105' title='bbox 524 1559 821 1612; x_wconf 84' lang='lat' dir='ltr'><strong>calumnias</strong></span> <span class='ocrx_word' id='word_1_106' title='bbox 866 1557 1364 1628; x_wconf 82' lang='lat' dir='ltr'><strong>promptitudinem.</strong></span> <span class='ocrx_word' id='word_1_107' title='bbox 1424 1554 1596 1608; x_wconf 78' lang='lat' dir='ltr'><strong>Vocat</strong></span> <span class='ocrx_word' id='word_1_108' title='bbox 1653 1566 1912 1625; x_wconf 72' lang='lat' dir='ltr'><strong>prauerea</strong></span> 
     </span>
    </p>
   </div>
   <div class='ocr_carea' id='block_1_19' title="bbox 326 1635 1912 1720">
    <p class='ocr_par' dir='ltr' id='par_1_19' title="bbox 326 1635 1912 1720">
     <span class='ocr_line' id='line_1_19' title="bbox 326 1635 1912 1720; baseline -0.001 -18"><span class='ocrx_word' id='word_1_109' title='bbox 326 1635 622 1715; x_wconf 81' lang='lat' dir='ltr'><strong>socordem,</strong></span> <span class='ocrx_word' id='word_1_110' title='bbox 659 1651 970 1720; x_wconf 81' lang='lat' dir='ltr'><strong>plenumque</strong></span> <span class='ocrx_word' id='word_1_111' title='bbox 998 1649 1355 1719; x_wconf 82' lang='lat' dir='ltr'><strong>pugnantibus</strong></span> <span class='ocrx_word' id='word_1_112' title='bbox 1380 1648 1790 1718; x_wconf 83' lang='lat' dir='ltr'><strong>suspicionibus,</strong></span> <span class='ocrx_word' id='word_1_113' title='bbox 1820 1651 1912 1718; x_wconf 82' lang='lat' dir='ltr'><strong>qui</strong></span> 
     </span>
    </p>
   </div>
   <div class='ocr_carea' id='block_1_20' title="bbox 327 1728 1979 1800">
    <p class='ocr_par' dir='ltr' id='par_1_20' title="bbox 327 1728 1979 1800">
     <span class='ocr_line' id='line_1_20' title="bbox 327 1728 1979 1800; baseline -0.003 -6"><span class='ocrx_word' id='word_1_114' title='bbox 327 1755 393 1794; x_wconf 80' lang='lat' dir='ltr'><strong>ea:</strong></span> <span class='ocrx_word' id='word_1_115' title='bbox 453 1740 936 1794; x_wconf 85' lang='lat' dir='ltr'><strong>inconvenientibus</strong></span> <span class='ocrx_word' id='word_1_116' title='bbox 996 1741 1291 1793; x_wconf 87' lang='lat' dir='ltr'><strong>orationem</strong></span> <span class='ocrx_word' id='word_1_117' title='bbox 1341 1739 1633 1800; x_wconf 86' lang='lat' dir='ltr'><strong>concinnet,</strong></span> <span class='ocrx_word' id='word_1_118' title='bbox 1685 1748 1734 1792; x_wconf 92' lang='lat' dir='ltr'><strong>et</strong></span> <span class='ocrx_word' id='word_1_119' title='bbox 1786 1755 1904 1790; x_wconf 80' lang='lat' dir='ltr'><strong>cum</strong></span> <span class='ocrx_word' id='word_1_120' title='bbox 1940 1728 1979 1780; x_wconf 81' lang='grc' dir='ltr'>Β</span> 
     </span>
    </p>
   </div>
   <div class='ocr_carea' id='block_1_21' title="bbox 325 1830 1902 1901">
    <p class='ocr_par' dir='ltr' id='par_1_21' title="bbox 325 1830 1902 1901">
     <span class='ocr_line' id='line_1_21' title="bbox 325 1830 1902 1901; baseline -0.001 -18"><span class='ocrx_word' id='word_1_121' title='bbox 325 1833 556 1900; x_wconf 82' lang='lat' dir='ltr'><strong>propriis</strong></span> <span class='ocrx_word' id='word_1_122' title='bbox 605 1833 719 1884; x_wconf 84' lang='lat' dir='ltr'><strong>suis</strong></span> <span class='ocrx_word' id='word_1_123' title='bbox 767 1831 924 1884; x_wconf 82' lang='lat' dir='ltr'><strong>dictis</strong></span> <span class='ocrx_word' id='word_1_124' title='bbox 981 1840 1225 1900; x_wconf 88' lang='lat' dir='ltr'><strong>pugnet:</strong></span> <span class='ocrx_word' id='word_1_125' title='bbox 1280 1833 1484 1901; x_wconf 86' lang='lat' dir='ltr'><strong>sibique</strong></span> <span class='ocrx_word' id='word_1_126' title='bbox 1539 1830 1902 1896; x_wconf 79' lang='lat' dir='ltr'><strong>contradicat,</strong></span> 
     </span>
    </p>
   </div>
   <div class='ocr_carea' id='block_1_22' title="bbox 327 1920 1906 1994">
    <p class='ocr_par' dir='ltr' id='par_1_22' title="bbox 327 1920 1906 1994">
     <span class='ocr_line' id='line_1_22' title="bbox 327 1920 1906 1994; baseline -0.001 -18"><span class='ocrx_word' id='word_1_127' title='bbox 327 1925 517 1994; x_wconf 80' lang='lat' dir='ltr'><strong>quique</strong></span> <span class='ocrx_word' id='word_1_128' title='bbox 566 1925 631 1977; x_wconf 87' lang='lat' dir='ltr'><strong>de</strong></span> <span class='ocrx_word' id='word_1_129' title='bbox 674 1925 790 1991; x_wconf 84' lang='lat' dir='ltr'><strong>ipso</strong></span> <span class='ocrx_word' id='word_1_130' title='bbox 831 1923 1000 1976; x_wconf 89' lang='lat' dir='ltr'><strong>multa</strong></span> <span class='ocrx_word' id='word_1_131' title='bbox 1041 1922 1188 1975; x_wconf 87' lang='lat' dir='ltr'><strong>mala</strong></span> <span class='ocrx_word' id='word_1_132' title='bbox 1241 1920 1414 1974; x_wconf 88' lang='lat' dir='ltr'><strong>dicere</strong></span> <span class='ocrx_word' id='word_1_133' title='bbox 1445 1933 1694 1986; x_wconf 86' lang='lat' dir='ltr'><strong>conetur;</strong></span> <span class='ocrx_word' id='word_1_134' title='bbox 1725 1932 1906 1991; x_wconf 85' lang='lat' dir='ltr'><strong>postea</strong></span> 
     </span>
    </p>
   </div>
   <div class='ocr_carea' id='block_1_23' title="bbox 329 2015 1908 2084">
    <p class='ocr_par' dir='ltr' id='par_1_23' title="bbox 329 2015 1908 2084">
     <span class='ocr_line' id='line_1_23' title="bbox 329 2015 1908 2084; baseline 0 -16"><span class='ocrx_word' id='word_1_135' title='bbox 329 2033 446 2070; x_wconf 82' lang='lat' dir='ltr'><strong>vero</strong></span> <span class='ocrx_word' id='word_1_136' title='bbox 483 2017 822 2070; x_wconf 80' lang='lat' dir='ltr'><strong>acerbitatem</strong></span> <span class='ocrx_word' id='word_1_137' title='bbox 867 2016 1032 2068; x_wconf 88' lang='lat' dir='ltr'><strong>animi</strong></span> <span class='ocrx_word' id='word_1_138' title='bbox 1087 2016 1316 2069; x_wconf 86' lang='lat' dir='ltr'><strong>novitate</strong></span> <span class='ocrx_word' id='word_1_139' title='bbox 1350 2015 1670 2084; x_wconf 88' lang='lat' dir='ltr'><strong>injuriarunt</strong></span> <span class='ocrx_word' id='word_1_140' title='bbox 1705 2016 1908 2083; x_wconf 76' lang='lat' dir='ltr'><strong>explere</strong></span> 
     </span>
    </p>
   </div>
   <div class='ocr_carea' id='block_1_24' title="bbox 329 2107 1907 2177">
    <p class='ocr_par' dir='ltr' id='par_1_24' title="bbox 329 2107 1907 2177">
     <span class='ocr_line' id='line_1_24' title="bbox 329 2107 1907 2177; baseline -0.001 -16"><span class='ocrx_word' id='word_1_141' title='bbox 329 2116 569 2176; x_wconf 84' lang='lat' dir='ltr'><strong>nequeat.</strong></span> <span class='ocrx_word' id='word_1_142' title='bbox 607 2107 821 2162; x_wconf 84' lang='lat' dir='ltr'><strong>Etcum</strong></span> <span class='ocrx_word' id='word_1_143' title='bbox 852 2108 988 2160; x_wconf 84' lang='lat' dir='ltr'><strong>nihil</strong></span> <span class='ocrx_word' id='word_1_144' title='bbox 1024 2108 1282 2176; x_wconf 87' lang='lat' dir='ltr'><strong>amplius,</strong></span> <span class='ocrx_word' id='word_1_145' title='bbox 1314 2107 1460 2176; x_wconf 88' lang='lat' dir='ltr'><strong>quod</strong></span> <span class='ocrx_word' id='word_1_146' title='bbox 1499 2107 1730 2171; x_wconf 80' lang='lat' dir='ltr'><strong>eli‘utiat,</strong></span> <span class='ocrx_word' id='word_1_147' title='bbox 1777 2123 1907 2177; x_wconf 89' lang='lat' dir='ltr'><strong>sup-</strong></span> 
     </span>
    </p>
   </div>
   <div class='ocr_carea' id='block_1_25' title="bbox 329 2199 1903 2269">
    <p class='ocr_par' dir='ltr' id='par_1_25' title="bbox 329 2199 1903 2269">
     <span class='ocr_line' id='line_1_25' title="bbox 329 2199 1903 2269; baseline -0.001 -17"><span class='ocrx_word' id='word_1_148' title='bbox 329 2199 486 2268; x_wconf 90' lang='lat' dir='ltr'><strong>petit,</strong></span> <span class='ocrx_word' id='word_1_149' title='bbox 539 2200 606 2251; x_wconf 88' lang='lat' dir='ltr'><strong>ad</strong></span> <span class='ocrx_word' id='word_1_150' title='bbox 659 2199 846 2253; x_wconf 86' lang='lat' dir='ltr'><strong>eadem</strong></span> <span class='ocrx_word' id='word_1_151' title='bbox 903 2199 1218 2263; x_wconf 85' lang='lat' dir='ltr'><strong>revertitur,</strong></span> <span class='ocrx_word' id='word_1_152' title='bbox 1260 2207 1313 2250; x_wconf 82' lang='lat' dir='ltr'><strong>et</strong></span> <span class='ocrx_word' id='word_1_153' title='bbox 1365 2199 1430 2253; x_wconf 90' lang='lat' dir='ltr'><strong>ad</strong></span> <span class='ocrx_word' id='word_1_154' title='bbox 1485 2199 1558 2266; x_wconf 93' lang='lat' dir='ltr'><strong>id,</strong></span> <span class='ocrx_word' id='word_1_155' title='bbox 1609 2199 1753 2269; x_wconf 87' lang='lat' dir='ltr'><strong>quod</strong></span> <span class='ocrx_word' id='word_1_156' title='bbox 1792 2199 1903 2266; x_wconf 89' lang='lat' dir='ltr'><strong>jam</strong></span> 
     </span>
    </p>
   </div>
   <div class='ocr_carea' id='block_1_26' title="bbox 331 2289 1906 2359">
    <p class='ocr_par' dir='ltr' id='par_1_26' title="bbox 331 2289 1906 2359">
     <span class='ocr_line' id='line_1_26' title="bbox 331 2289 1906 2359; baseline 0.001 -16"><span class='ocrx_word' id='word_1_157' title='bbox 331 2289 494 2353; x_wconf 75' lang='lat' dir='ltr'><strong>dixit,</strong></span> <span class='ocrx_word' id='word_1_158' title='bbox 520 2289 676 2359; x_wconf 91' lang='lat' dir='ltr'><strong>quasi</strong></span> <span class='ocrx_word' id='word_1_159' title='bbox 705 2291 761 2344; x_wconf 90' lang='lat' dir='ltr'><strong>in</strong></span> <span class='ocrx_word' id='word_1_160' title='bbox 792 2290 980 2344; x_wconf 89' lang='lat' dir='ltr'><strong>orbem</strong></span> <span class='ocrx_word' id='word_1_161' title='bbox 1005 2290 1377 2346; x_wconf 86' lang='lat' dir='ltr'><strong>circumactus</strong></span> <span class='ocrx_word' id='word_1_162' title='bbox 1411 2289 1574 2354; x_wconf 90' lang='lat' dir='ltr'><strong>redit,</strong></span> <span class='ocrx_word' id='word_1_163' title='bbox 1608 2290 1906 2359; x_wconf 88' lang='lat' dir='ltr'><strong>eademque</strong></span> 
     </span>
    </p>
   </div>
   <div class='ocr_carea' id='block_1_27' title="bbox 331 2382 1905 2452">
    <p class='ocr_par' dir='ltr' id='par_1_27' title="bbox 331 2382 1905 2452">
     <span class='ocr_line' id='line_1_27' title="bbox 331 2382 1905 2452; baseline 0.003 -19"><span class='ocrx_word' id='word_1_164' title='bbox 331 2383 498 2436; x_wconf 89' lang='lat' dir='ltr'><strong>tertio</strong></span> <span class='ocrx_word' id='word_1_165' title='bbox 555 2390 610 2436; x_wconf 90' lang='lat' dir='ltr'><strong>et</strong></span> <span class='ocrx_word' id='word_1_166' title='bbox 664 2391 860 2451; x_wconf 89' lang='lat' dir='ltr'><strong>quarto</strong></span> <span class='ocrx_word' id='word_1_167' title='bbox 917 2391 972 2436; x_wconf 89' lang='lat' dir='ltr'><strong>et</strong></span> <span class='ocrx_word' id='word_1_168' title='bbox 1022 2382 1254 2452; x_wconf 71' lang='lat' dir='ltr'><strong>saepius,</strong></span> <span class='ocrx_word' id='word_1_169' title='bbox 1332 2382 1490 2452; x_wconf 89' lang='lat' dir='ltr'><strong>quasi</strong></span> <span class='ocrx_word' id='word_1_170' title='bbox 1559 2383 1905 2452; x_wconf 90' lang='lat' dir='ltr'><strong>reciprocum</strong></span> 
     </span>
    </p>
   </div>
   <div class='ocr_carea' id='block_1_28' title="bbox 332 2471 1906 2540">
    <p class='ocr_par' dir='ltr' id='par_1_28' title="bbox 332 2471 1906 2540">
     <span class='ocr_line' id='line_1_28' title="bbox 332 2471 1906 2540; baseline 0.003 -18"><span class='ocrx_word' id='word_1_171' title='bbox 332 2471 622 2540; x_wconf 85' lang='lat' dir='ltr'><strong>quemdam</strong></span> <span class='ocrx_word' id='word_1_172' title='bbox 651 2472 1051 2526; x_wconf 87' lang='lat' dir='ltr'><strong>calumniarum</strong></span> <span class='ocrx_word' id='word_1_173' title='bbox 1074 2480 1128 2526; x_wconf 89' lang='lat' dir='ltr'><strong>et</strong></span> <span class='ocrx_word' id='word_1_174' title='bbox 1154 2473 1525 2527; x_wconf 87' lang='lat' dir='ltr'><strong>conviciorum</strong></span> <span class='ocrx_word' id='word_1_175' title='bbox 1559 2487 1780 2527; x_wconf 90' lang='lat' dir='ltr'><strong>cursum</strong></span> <span class='ocrx_word' id='word_1_176' title='bbox 1812 2474 1906 2527; x_wconf 84' lang='lat' dir='ltr'><strong>de-</strong></span> 
     </span>
    </p>
   </div>
   <div class='ocr_carea' id='block_1_29' title="bbox 332 2561 1906 2631">
    <p class='ocr_par' dir='ltr' id='par_1_29' title="bbox 332 2561 1906 2631">
     <span class='ocr_line' id='line_1_29' title="bbox 332 2561 1906 2631; baseline -0.001 -16"><span class='ocrx_word' id='word_1_177' title='bbox 332 2575 589 2626; x_wconf 87' lang='lat' dir='ltr'><strong>currens,</strong></span> <span class='ocrx_word' id='word_1_178' title='bbox 636 2562 848 2631; x_wconf 86' lang='lat' dir='ltr'><strong>rcpetit,</strong></span> <span class='ocrx_word' id='word_1_179' title='bbox 880 2568 934 2616; x_wconf 91' lang='lat' dir='ltr'><strong>et</strong></span> <span class='ocrx_word' id='word_1_180' title='bbox 967 2561 1021 2614; x_wconf 93' lang='lat' dir='ltr'><strong>in</strong></span> <span class='ocrx_word' id='word_1_181' title='bbox 1057 2576 1249 2616; x_wconf 86' lang='lat' dir='ltr'><strong>omnes</strong></span> <span class='ocrx_word' id='word_1_182' title='bbox 1279 2571 1462 2631; x_wconf 87' lang='lat' dir='ltr'><strong>partes</strong></span> <span class='ocrx_word' id='word_1_183' title='bbox 1490 2576 1670 2615; x_wconf 90' lang='lat' dir='ltr'><strong>rerum</strong></span> <span class='ocrx_word' id='word_1_184' title='bbox 1710 2563 1906 2617; x_wconf 89' lang='lat' dir='ltr'><strong>simili-</strong></span> 
     </span>
    </p>
   </div>
   <div class='ocr_carea' id='block_1_30' title="bbox 333 2651 1909 2722">
    <p class='ocr_par' dir='ltr' id='par_1_30' title="bbox 333 2651 1909 2722">
     <span class='ocr_line' id='line_1_30' title="bbox 333 2651 1909 2722; baseline 0.001 -16"><span class='ocrx_word' id='word_1_185' title='bbox 333 2652 527 2708; x_wconf 85' lang='lat' dir='ltr'><strong>tudine</strong></span> <span class='ocrx_word' id='word_1_186' title='bbox 565 2668 627 2707; x_wconf 87' lang='lat' dir='ltr'><strong>se</strong></span> <span class='ocrx_word' id='word_1_187' title='bbox 673 2653 967 2717; x_wconf 84' lang='lat' dir='ltr'><strong>convertit,</strong></span> <span class='ocrx_word' id='word_1_188' title='bbox 1001 2661 1062 2705; x_wconf 92' lang='lat' dir='ltr'><strong>ut</strong></span> <span class='ocrx_word' id='word_1_189' title='bbox 1099 2651 1330 2722; x_wconf 89' lang='lat' dir='ltr'><strong>proinde</strong></span> <span class='ocrx_word' id='word_1_190' title='bbox 1361 2667 1470 2705; x_wconf 91' lang='lat' dir='ltr'><strong>non</strong></span> <span class='ocrx_word' id='word_1_191' title='bbox 1495 2653 1730 2722; x_wconf 85' lang='lat' dir='ltr'><strong>amplius</strong></span> <span class='ocrx_word' id='word_1_192' title='bbox 1767 2653 1909 2707; x_wconf 87' lang='lat' dir='ltr'><strong>indi-</strong></span> 
     </span>
    </p>
   </div>
   <div class='ocr_carea' id='block_1_31' title="bbox 335 2742 1908 2814">
    <p class='ocr_par' dir='ltr' id='par_1_31' title="bbox 335 2742 1908 2814">
     <span class='ocr_line' id='line_1_31' title="bbox 335 2742 1908 2814; baseline -0.003 -14"><span class='ocrx_word' id='word_1_193' title='bbox 335 2760 566 2814; x_wconf 82' lang='lat' dir='ltr'><strong>gnemur</strong></span> <span class='ocrx_word' id='word_1_194' title='bbox 611 2745 788 2814; x_wconf 88' lang='lat' dir='ltr'><strong>ipsius</strong></span> <span class='ocrx_word' id='word_1_195' title='bbox 840 2742 1145 2812; x_wconf 88' lang='lat' dir='ltr'><strong>impudenti</strong></span> <span class='ocrx_word' id='word_1_196' title='bbox 1175 2743 1543 2797; x_wconf 87' lang='lat' dir='ltr'><strong>calumniandi</strong></span> <span class='ocrx_word' id='word_1_197' title='bbox 1581 2743 1782 2807; x_wconf 90' lang='lat' dir='ltr'><strong>studio,</strong></span> <span class='ocrx_word' id='word_1_198' title='bbox 1829 2745 1908 2797; x_wconf 91' lang='lat' dir='ltr'><strong>ira</strong></span> 
     </span>
    </p>
   </div>
   <div class='ocr_carea' id='block_1_32' title="bbox 335 2835 1909 2906">
    <p class='ocr_par' dir='ltr' id='par_1_32' title="bbox 335 2835 1909 2906">
     <span class='ocr_line' id='line_1_32' title="bbox 335 2835 1909 2906; baseline -0.001 -16"><span class='ocrx_word' id='word_1_199' title='bbox 335 2836 740 2906; x_wconf 86' lang='lat' dir='ltr'><strong>quodammodo</strong></span> <span class='ocrx_word' id='word_1_200' title='bbox 779 2841 1144 2891; x_wconf 86' lang='lat' dir='ltr'><strong>evanescente</strong></span> <span class='ocrx_word' id='word_1_201' title='bbox 1170 2849 1266 2903; x_wconf 87' lang='lat' dir='ltr'><strong>per</strong></span> <span class='ocrx_word' id='word_1_202' title='bbox 1307 2835 1613 2889; x_wconf 81' lang='lat' dir='ltr'><strong>satietatem</strong></span> <span class='ocrx_word' id='word_1_203' title='bbox 1653 2842 1707 2889; x_wconf 91' lang='lat' dir='ltr'><strong>ct</strong></span> <span class='ocrx_word' id='word_1_204' title='bbox 1754 2835 1909 2889; x_wconf 89' lang='lat' dir='ltr'><strong>fasti-</strong></span> 
     </span>
    </p>
   </div>
   <div class='ocr_carea' id='block_1_33' title="bbox 334 2925 1906 2998">
    <p class='ocr_par' dir='ltr' id='par_1_33' title="bbox 334 2925 1906 2998">
     <span class='ocr_line' id='line_1_33' title="bbox 334 2925 1906 2998; baseline -0.001 -14"><span class='ocrx_word' id='word_1_205' title='bbox 334 2929 486 2984; x_wconf 91' lang='lat' dir='ltr'><strong>dium</strong></span> <span class='ocrx_word' id='word_1_206' title='bbox 538 2928 956 2983; x_wconf 86' lang='lat' dir='ltr'><strong>conviciorum.</strong></span> <span class='ocrx_word' id='word_1_207' title='bbox 1017 2925 1462 2982; x_wconf 80' lang='lat' dir='ltr'><strong>Exsecrationem</strong></span> <span class='ocrx_word' id='word_1_208' title='bbox 1511 2928 1692 2997; x_wconf 88' lang='lat' dir='ltr'><strong>potius</strong></span> <span class='ocrx_word' id='word_1_209' title='bbox 1745 2943 1906 2998; x_wconf 89' lang='lat' dir='ltr'><strong>quam</strong></span> 
     </span>
    </p>
   </div>
   <div class='ocr_carea' id='block_1_34' title="bbox 2003 457 3591 530">
    <p class='ocr_par' dir='ltr' id='par_1_34' title="bbox 2003 457 3591 530">
     <span class='ocr_line' id='line_1_34' title="bbox 2003 457 3591 530; baseline 0 -20"><span class='ocrx_word' id='word_1_210' title='bbox 2003 459 2138 529; x_wconf 82' lang='grc' dir='ltr'><em>πρὸς</em></span> <span class='ocrx_word' id='word_1_211' title='bbox 2155 459 2222 512; x_wconf 75' lang='grc' dir='ltr'><em>τὰ</em></span> <span class='ocrx_word' id='word_1_212' title='bbox 2239 461 2295 510; x_wconf 87' lang='grc' dir='ltr'><strong>ἐν</strong></span> <span class='ocrx_word' id='word_1_213' title='bbox 2320 458 2468 529; x_wconf 82' lang='grc' dir='ltr'><em>αύτῴ</em></span> <span class='ocrx_word' id='word_1_214' title='bbox 2493 459 2910 529; x_wconf 85' lang='grc' dir='ltr'><em>παραδείγματα</em></span> <span class='ocrx_word' id='word_1_215' title='bbox 2944 475 3122 528; x_wconf 87' lang='grc' dir='ltr'><em>συμπε</em></span> <span class='ocrx_word' id='word_1_216' title='bbox 3135 457 3421 528; x_wconf 77' lang='grc' dir='ltr'><em>πλασμένα</em></span> <span class='ocrx_word' id='word_1_217' title='bbox 3447 459 3591 530; x_wconf 85' lang='grc' dir='ltr'><em>διερ-</em></span> 
     </span>
    </p>
   </div>
   <div class='ocr_carea' id='block_1_35' title="bbox 2007 547 3590 619">
    <p class='ocr_par' dir='ltr' id='par_1_35' title="bbox 2007 547 3590 619">
     <span class='ocr_line' id='line_1_35' title="bbox 2007 547 3590 619; baseline 0.003 -21"><span class='ocrx_word' id='word_1_218' title='bbox 2007 547 2316 619; x_wconf 72' lang='grc' dir='ltr'><em>ραψῴδησεο</em></span> <span class='ocrx_word' id='word_1_219' title='bbox 2355 553 2451 604; x_wconf 72' lang='grc' dir='ltr'><em>καὶ</em></span> <span class='ocrx_word' id='word_1_220' title='bbox 2475 549 2574 602; x_wconf 77' lang='grc' dir='ltr'><em>οὐκ</em></span> <span class='ocrx_word' id='word_1_221' title='bbox 2628 547 2775 602; x_wconf 80' lang='grc' dir='ltr'><em>ἔστιν</em></span> <span class='ocrx_word' id='word_1_222' title='bbox 2801 550 2895 603; x_wconf 84' lang='grc' dir='ltr'><em>ὅτι</em></span> <span class='ocrx_word' id='word_1_223' title='bbox 2924 549 3022 602; x_wconf 73' lang='grc' dir='ltr'><em>οὐκ</em></span> <span class='ocrx_word' id='word_1_224' title='bbox 3062 549 3435 619; x_wconf 79' lang='grc' dir='ltr'><strong>ἐγγέγραπται</strong></span> <span class='ocrx_word' id='word_1_225' title='bbox 3483 551 3590 602; x_wconf 81' lang='grc' dir='ltr'><em>τῶν</em></span> 
     </span>
    </p>
   </div>
   <div class='ocr_carea' id='block_1_36' title="bbox 2004 639 3590 710">
    <p class='ocr_par' dir='ltr' id='par_1_36' title="bbox 2004 639 3590 710">
     <span class='ocr_line' id='line_1_36' title="bbox 2004 639 3590 710; baseline 0 -18"><span class='ocrx_word' id='word_1_226' title='bbox 2004 639 2238 692; x_wconf 81' lang='grc' dir='ltr'><strong>ἀτόπων.</strong></span> <span class='ocrx_word' id='word_1_227' title='bbox 2260 645 2480 705; x_wconf 78' lang='grc' dir='ltr'><em>Δεινός,</em></span> <span class='ocrx_word' id='word_1_228' title='bbox 2500 639 2684 710; x_wconf 74' lang='grc' dir='ltr'><em>φησὶν,</em></span> <span class='ocrx_word' id='word_1_229' title='bbox 2708 639 3028 706; x_wconf 73' lang='grc' dir='ltr'><em>ἐριστικός,</em></span> <span class='ocrx_word' id='word_1_230' title='bbox 3055 640 3341 706; x_wconf 80' lang='grc' dir='ltr'><strong>ἀληθείας</strong></span> <span class='ocrx_word' id='word_1_231' title='bbox 3356 640 3590 710; x_wconf 61' lang='lat' dir='ltr'><strong>é‘ztlp:‘q,</strong></span> 
     </span>
    </p>
   </div>
   <div class='ocr_carea' id='block_1_37' title="bbox 2006 729 3591 798">
    <p class='ocr_par' dir='ltr' id='par_1_37' title="bbox 2006 729 3591 798">
     <span class='ocr_line' id='line_1_37' title="bbox 2006 729 3591 798; baseline 0.002 -17"><span class='ocrx_word' id='word_1_232' title='bbox 2006 729 2324 798; x_wconf 62' lang='grc' dir='ltr'><em>σοφιστὴς,</em></span> <span class='ocrx_word' id='word_1_233' title='bbox 2357 729 2652 792; x_wconf 77' lang='grc' dir='ltr'><em>ἀπατεὼν,</em></span> <span class='ocrx_word' id='word_1_234' title='bbox 2681 729 2811 793; x_wconf 85' lang='grc' dir='ltr'><em>ταῖς</em></span> <span class='ocrx_word' id='word_1_235' title='bbox 2837 729 2953 782; x_wconf 86' lang='grc' dir='ltr'><em>τῶν</em></span> <span class='ocrx_word' id='word_1_236' title='bbox 2979 729 3226 783; x_wconf 76' lang='grc' dir='ltr'><em>πο.1λῶν</em></span> <span class='ocrx_word' id='word_1_237' title='bbox 3244 730 3451 796; x_wconf 81' lang='grc' dir='ltr'><strong>δόξαις</strong></span> <span class='ocrx_word' id='word_1_238' title='bbox 3492 733 3591 785; x_wconf 76' lang='grc' dir='ltr'><em>καὶ</em></span> 
     </span>
    </p>
   </div>
   <div class='ocr_carea' id='block_1_38' title="bbox 2000 823 3595 892">
    <p class='ocr_par' dir='ltr' id='par_1_38' title="bbox 2000 823 3595 892">
     <span class='ocr_line' id='line_1_38' title="bbox 2000 823 3595 892; baseline 0 -16"><span class='ocrx_word' id='word_1_239' title='bbox 2000 823 2264 892; x_wconf 77' lang='grc' dir='ltr'><em>μνήμαις</em></span> <span class='ocrx_word' id='word_1_240' title='bbox 2304 823 2816 892; x_wconf 71' lang='grc' dir='ltr'><strong>ἀντιταττόμενος,</strong></span> <span class='ocrx_word' id='word_1_241' title='bbox 2851 823 2956 876; x_wconf 80' lang='grc' dir='ltr'><strong>τόν</strong></span> <span class='ocrx_word' id='word_1_242' title='bbox 2983 823 3051 876; x_wconf 73' lang='grc' dir='ltr'><em>ἐκ</em></span> <span class='ocrx_word' id='word_1_243' title='bbox 3083 823 3198 876; x_wconf 84' lang='grc' dir='ltr'><em>τῶν</em></span> <span class='ocrx_word' id='word_1_244' title='bbox 3237 824 3595 892; x_wconf 77' lang='grc' dir='ltr'><em>πραγμάτων</em></span> 
     </span>
    </p>
   </div>
   <div class='ocr_carea' id='block_1_39' title="bbox 2007 914 3597 984">
    <p class='ocr_par' dir='ltr' id='par_1_39' title="bbox 2007 914 3597 984">
     <span class='ocr_line' id='line_1_39' title="bbox 2007 914 3597 984; baseline -0.001 -16"><span class='ocrx_word' id='word_1_245' title='bbox 2007 918 2117 969; x_wconf 84' lang='grc' dir='ltr'><em>οὐκ</em></span> <span class='ocrx_word' id='word_1_246' title='bbox 2151 916 2588 984; x_wconf 77' lang='grc' dir='ltr'><em>αἰσχυνόμενος</em></span> <span class='ocrx_word' id='word_1_247' title='bbox 2615 915 2887 983; x_wconf 74' lang='grc' dir='ltr'><em>ἔλεγχον,</em></span> <span class='ocrx_word' id='word_1_248' title='bbox 2931 916 3002 968; x_wconf 87' lang='grc' dir='ltr'><em>οὐ</em></span> <span class='ocrx_word' id='word_1_249' title='bbox 3036 915 3224 982; x_wconf 64' lang='grc' dir='ltr'><em>φόϐον</em></span> <span class='ocrx_word' id='word_1_250' title='bbox 3251 915 3358 966; x_wconf 80' lang='grc' dir='ltr'><em>τὸν</em></span> <span class='ocrx_word' id='word_1_251' title='bbox 3379 915 3443 967; x_wconf 73' lang='grc' dir='ltr'><strong>ἐκ</strong></span> <span class='ocrx_word' id='word_1_252' title='bbox 3475 914 3597 967; x_wconf 84' lang='grc' dir='ltr'><em>τῶν</em></span> 
     </span>
    </p>
   </div>
   <div class='ocr_carea' id='block_1_40' title="bbox 2007 989 3593 1076">
    <p class='ocr_par' dir='ltr' id='par_1_40' title="bbox 2007 989 3593 1076">
     <span class='ocr_line' id='line_1_40' title="bbox 2007 989 3593 1076; baseline -0.001 -16"><span class='ocrx_word' id='word_1_253' title='bbox 2007 1009 2224 1074; x_wconf 85' lang='grc' dir='ltr'><em>νόμων,</em></span> <span class='ocrx_word' id='word_1_254' title='bbox 2259 1009 2330 1060; x_wconf 86' lang='grc' dir='ltr'><em>οὺ</em></span> <span class='ocrx_word' id='word_1_255' title='bbox 2353 1003 2547 1076; x_wconf 69' lang='grc' dir='ltr'><em>ψόγον</em></span> <span class='ocrx_word' id='word_1_256' title='bbox 2570 1006 2675 1059; x_wconf 79' lang='grc' dir='ltr'><em>τὸν</em></span> <span class='ocrx_word' id='word_1_257' title='bbox 2700 1006 2767 1070; x_wconf 81' lang='grc' dir='ltr'><em>ἐξ</em></span> <span class='ocrx_word' id='word_1_258' title='bbox 2795 989 3593 1074; x_wconf 73' lang='grc' dir='ltr'><em>ἀνθρώπωνεὐλαϐούμενος,</em></span> 
     </span>
    </p>
   </div>
   <div class='ocr_carea' id='block_1_41' title="bbox 2008 1097 3572 1166">
    <p class='ocr_par' dir='ltr' id='par_1_41' title="bbox 2008 1097 3572 1166">
     <span class='ocr_line' id='line_1_41' title="bbox 2008 1097 3572 1166; baseline -0.003 -12"><span class='ocrx_word' id='word_1_259' title='bbox 2008 1099 2295 1165; x_wconf 78' lang='grc' dir='ltr'><em>ἀλήθειαν</em></span> <span class='ocrx_word' id='word_1_260' title='bbox 2315 1098 2657 1165; x_wconf 83' lang='grc' dir='ltr'><em>δεινότητος</em></span> <span class='ocrx_word' id='word_1_261' title='bbox 2680 1097 3005 1166; x_wconf 81' lang='grc' dir='ltr'><em>διακρίνειν</em></span> <span class='ocrx_word' id='word_1_262' title='bbox 3035 1100 3145 1151; x_wconf 79' lang='grc' dir='ltr'><em>οὐκ</em></span> <span class='ocrx_word' id='word_1_263' title='bbox 3174 1097 3572 1166; x_wconf 76' lang='grc' dir='ltr'><em>ἐπιστάμενος</em></span> 
     </span>
    </p>
   </div>
   <div class='ocr_carea' id='block_1_42' title="bbox 2011 1187 3594 1262">
    <p class='ocr_par' dir='ltr' id='par_1_42' title="bbox 2011 1187 3594 1262">
     <span class='ocr_line' id='line_1_42' title="bbox 2011 1187 3594 1262; baseline -0.003 -18"><span class='ocrx_word' id='word_1_264' title='bbox 2011 1190 2343 1262; x_wconf 73' lang='grc' dir='ltr'><em>Προττίθησι</em></span> <span class='ocrx_word' id='word_1_265' title='bbox 2398 1189 2609 1252; x_wconf 84' lang='grc' dir='ltr'><em>τούτοις</em></span> <span class='ocrx_word' id='word_1_266' title='bbox 2679 1189 2772 1242; x_wconf 74' lang='grc' dir='ltr'><em>καὶ</em></span> <span class='ocrx_word' id='word_1_267' title='bbox 2833 1188 3160 1250; x_wconf 83' lang='grc' dir='ltr'><em>ἀναίδειαν,</em></span> <span class='ocrx_word' id='word_1_268' title='bbox 3213 1187 3492 1254; x_wconf 74' lang='grc' dir='ltr'><em>καὶπρὸς</em></span> <span class='ocrx_word' id='word_1_269' title='bbox 3527 1189 3594 1240; x_wconf 82' lang='grc' dir='ltr'><em>τὸ</em></span> 
     </span>
    </p>
   </div>
   <div class='ocr_carea' id='block_1_43' title="bbox 2009 1276 3592 1349">
    <p class='ocr_par' dir='ltr' id='par_1_43' title="bbox 2009 1276 3592 1349">
     <span class='ocr_line' id='line_1_43' title="bbox 2009 1276 3592 1349; baseline -0.004 -14"><span class='ocrx_word' id='word_1_270' title='bbox 2009 1281 2304 1348; x_wconf 75' lang='grc' dir='ltr'><em>λοιδορεῖν</em></span> <span class='ocrx_word' id='word_1_271' title='bbox 2323 1281 2668 1349; x_wconf 80' lang='grc' dir='ltr'><em>ἑτοιμότητα</em></span> <span class='ocrx_word' id='word_1_272' title='bbox 2689 1297 2701 1310; x_wconf 90' lang='grc'><strong>·</strong></span> <span class='ocrx_word' id='word_1_273' title='bbox 2733 1276 2854 1333; x_wconf 81' lang='grc' dir='ltr'><em>εἶτα</em></span> <span class='ocrx_word' id='word_1_274' title='bbox 2911 1277 3137 1348; x_wconf 81' lang='grc' dir='ltr'><em>ἐκμελῆ</em></span> <span class='ocrx_word' id='word_1_275' title='bbox 3186 1294 3338 1347; x_wconf 69' lang='grc' dir='ltr'><em>φησι,</em></span> <span class='ocrx_word' id='word_1_276' title='bbox 3364 1277 3458 1330; x_wconf 76' lang='grc' dir='ltr'><em>καὶ</em></span> <span class='ocrx_word' id='word_1_277' title='bbox 3481 1295 3592 1346; x_wconf 79' lang='grc' dir='ltr'><em>μα-</em></span> 
     </span>
    </p>
   </div>
   <div class='ocr_carea' id='block_1_44' title="bbox 2014 1367 3596 1443">
    <p class='ocr_par' dir='ltr' id='par_1_44' title="bbox 2014 1367 3596 1443">
     <span class='ocr_line' id='line_1_44' title="bbox 2014 1367 3596 1443; baseline -0.006 -16"><span class='ocrx_word' id='word_1_278' title='bbox 2014 1373 2282 1443; x_wconf 86' lang='grc' dir='ltr'><em>χομένων</em></span> <span class='ocrx_word' id='word_1_279' title='bbox 2319 1371 2619 1427; x_wconf 81' lang='grc' dir='ltr'><em>ὑπονοιῶν</em></span> <span class='ocrx_word' id='word_1_280' title='bbox 2675 1371 2897 1438; x_wconf 68' lang='grc' dir='ltr'><em>πλήρη,</em></span> <span class='ocrx_word' id='word_1_281' title='bbox 2948 1369 3045 1423; x_wconf 82' lang='grc' dir='ltr'><em>καὶ</em></span> <span class='ocrx_word' id='word_1_282' title='bbox 3075 1369 3467 1437; x_wconf 75' lang='grc' dir='ltr'><em>ἀναρμόστων</em></span> <span class='ocrx_word' id='word_1_283' title='bbox 3493 1367 3596 1420; x_wconf 74' lang='grc' dir='ltr'><strong>τὼ·</strong></span> 
     </span>
    </p>
   </div>
   <div class='ocr_carea' id='block_1_45' title="bbox 2011 1459 3594 1536">
    <p class='ocr_par' dir='ltr' id='par_1_45' title="bbox 2011 1459 3594 1536">
     <span class='ocr_line' id='line_1_45' title="bbox 2011 1459 3594 1536; baseline -0.006 -16"><span class='ocrx_word' id='word_1_284' title='bbox 2011 1467 2197 1536; x_wconf 71' lang='grc' dir='ltr'><em>λόγον</em></span> <span class='ocrx_word' id='word_1_285' title='bbox 2252 1464 2595 1533; x_wconf 82' lang='grc' dir='ltr'><em>ἁρμόζοντα,</em></span> <span class='ocrx_word' id='word_1_286' title='bbox 2637 1465 2734 1516; x_wconf 80' lang='grc' dir='ltr'><em>καὶ</em></span> <span class='ocrx_word' id='word_1_287' title='bbox 2769 1462 2898 1528; x_wconf 86' lang='grc' dir='ltr'><em>ταῖς</em></span> <span class='ocrx_word' id='word_1_288' title='bbox 2931 1462 3106 1526; x_wconf 73' lang='grc' dir='ltr'><em>ἰδίαις</em></span> <span class='ocrx_word' id='word_1_289' title='bbox 3151 1459 3375 1528; x_wconf 69' lang='grc' dir='ltr'><em>φωναῖς</em></span> <span class='ocrx_word' id='word_1_290' title='bbox 3405 1461 3594 1529; x_wconf 82' lang='grc' dir='ltr'><em>μαχό-</em></span> 
     </span>
    </p>
   </div>
   <div class='ocr_carea' id='block_1_46' title="bbox 2008 1550 3598 1628">
    <p class='ocr_par' dir='ltr' id='par_1_46' title="bbox 2008 1550 3598 1628">
     <span class='ocr_line' id='line_1_46' title="bbox 2008 1550 3598 1628; baseline -0.006 -17"><span class='ocrx_word' id='word_1_291' title='bbox 2008 1577 2214 1628; x_wconf 82' lang='grc' dir='ltr'><em>μενον,</em></span> <span class='ocrx_word' id='word_1_292' title='bbox 2256 1557 2352 1611; x_wconf 81' lang='grc' dir='ltr'><em>καὶ</em></span> <span class='ocrx_word' id='word_1_293' title='bbox 2396 1557 2467 1611; x_wconf 88' lang='grc' dir='ltr'><em>τὰ</em></span> <span class='ocrx_word' id='word_1_294' title='bbox 2511 1557 2753 1610; x_wconf 80' lang='grc' dir='ltr'><em>ἐναντία</em></span> <span class='ocrx_word' id='word_1_295' title='bbox 2795 1554 3199 1624; x_wconf 61' lang='grc' dir='ltr'><em>φθεγγόμενον</em></span> <span class='ocrx_word' id='word_1_296' title='bbox 3223 1569 3234 1581; x_wconf 89' lang='grc'><strong>·</strong></span> <span class='ocrx_word' id='word_1_297' title='bbox 3271 1553 3365 1604; x_wconf 79' lang='grc' dir='ltr'><em>καὶ</em></span> <span class='ocrx_word' id='word_1_298' title='bbox 3396 1550 3598 1604; x_wconf 65' lang='grc' dir='ltr'><em>πολλὰ</em></span> 
     </span>
    </p>
   </div>
   <div class='ocr_carea' id='block_1_47' title="bbox 2015 1642 3600 1718">
    <p class='ocr_par' dir='ltr' id='par_1_47' title="bbox 2015 1642 3600 1718">
     <span class='ocr_line' id='line_1_47' title="bbox 2015 1642 3600 1718; baseline -0.006 -15"><span class='ocrx_word' id='word_1_299' title='bbox 2015 1651 2204 1704; x_wconf 77' lang='grc' dir='ltr'><em>εἰπεῖν</em></span> <span class='ocrx_word' id='word_1_300' title='bbox 2227 1651 2360 1718; x_wconf 79' lang='grc' dir='ltr'><em>περὶ</em></span> <span class='ocrx_word' id='word_1_301' title='bbox 2393 1647 2578 1702; x_wconf 80' lang='grc' dir='ltr'><em>αὑτοῦ</em></span> <span class='ocrx_word' id='word_1_302' title='bbox 2609 1647 2762 1701; x_wconf 82' lang='grc' dir='ltr'><em>κακὰ</em></span> <span class='ocrx_word' id='word_1_303' title='bbox 2800 1645 3008 1710; x_wconf 70' lang='grc' dir='ltr'><em>θέλων,</em></span> <span class='ocrx_word' id='word_1_304' title='bbox 3055 1642 3182 1698; x_wconf 80' lang='grc' dir='ltr'><em>εἶτα</em></span> <span class='ocrx_word' id='word_1_305' title='bbox 3209 1643 3323 1709; x_wconf 75' lang='grc' dir='ltr'><em>τὴν</em></span> <span class='ocrx_word' id='word_1_306' title='bbox 3355 1643 3600 1710; x_wconf 83' lang='grc' dir='ltr'><em>πικρίαν</em></span> 
     </span>
    </p>
   </div>
   <div class='ocr_carea' id='block_1_48' title="bbox 2009 1733 3600 1809">
    <p class='ocr_par' dir='ltr' id='par_1_48' title="bbox 2009 1733 3600 1809">
     <span class='ocr_line' id='line_1_48' title="bbox 2009 1733 3600 1809; baseline -0.006 -14"><span class='ocrx_word' id='word_1_307' title='bbox 2009 1741 2119 1808; x_wconf 80' lang='grc' dir='ltr'><em>τῆς</em></span> <span class='ocrx_word' id='word_1_308' title='bbox 2140 1741 2349 1809; x_wconf 66' lang='grc' dir='ltr'><em>ψυχῆς</em></span> <span class='ocrx_word' id='word_1_309' title='bbox 2375 1739 2682 1809; x_wconf 78' lang='grc' dir='ltr'><em>ἐμπλῆσαι</em></span> <span class='ocrx_word' id='word_1_310' title='bbox 2705 1739 2774 1791; x_wconf 83' lang='grc' dir='ltr'><strong>ἐν</strong></span> <span class='ocrx_word' id='word_1_311' title='bbox 2795 1736 2867 1805; x_wconf 77' lang='grc' dir='ltr'><em>τῇ</em></span> <span class='ocrx_word' id='word_1_312' title='bbox 2895 1737 3201 1803; x_wconf 77' lang='grc' dir='ltr'><em>καινότητι</em></span> <span class='ocrx_word' id='word_1_313' title='bbox 3227 1733 3346 1788; x_wconf 85' lang='grc' dir='ltr'><em>τῶν</em></span> <span class='ocrx_word' id='word_1_314' title='bbox 3373 1735 3600 1802; x_wconf 68' lang='grc' dir='ltr'><em>’ὕϐρεων</em></span> 
     </span>
    </p>
   </div>
   <div class='ocr_carea' id='block_1_49' title="bbox 2011 1826 3598 1901">
    <p class='ocr_par' dir='ltr' id='par_1_49' title="bbox 2011 1826 3598 1901">
     <span class='ocr_line' id='line_1_49' title="bbox 2011 1826 3598 1901; baseline -0.005 -16"><span class='ocrx_word' id='word_1_315' title='bbox 2011 1835 2080 1886; x_wconf 82' lang='grc' dir='ltr'><em>οὐ</em></span> <span class='ocrx_word' id='word_1_316' title='bbox 2109 1831 2470 1900; x_wconf 82' lang='grc' dir='ltr'><em>δυνάμενος·</em></span> <span class='ocrx_word' id='word_1_317' title='bbox 2505 1829 2691 1901; x_wconf 81' lang='grc' dir='ltr'><em>ἐπειδὴ</em></span> <span class='ocrx_word' id='word_1_318' title='bbox 2729 1831 2828 1882; x_wconf 82' lang='grc' dir='ltr'><strong>ούκ</strong></span> <span class='ocrx_word' id='word_1_319' title='bbox 2859 1828 2971 1899; x_wconf 79' lang='grc' dir='ltr'><em>ἔχει</em></span> <span class='ocrx_word' id='word_1_320' title='bbox 3002 1829 3030 1881; x_wconf 84' lang='grc' dir='ltr'>ὅ</span> <span class='ocrx_word' id='word_1_321' title='bbox 3051 1839 3104 1875; x_wconf 88' lang='grc' dir='ltr'><strong>τι</strong></span> <span class='ocrx_word' id='word_1_322' title='bbox 3133 1829 3226 1881; x_wconf 72' lang='grc' dir='ltr'><em>καὶ</em></span> <span class='ocrx_word' id='word_1_323' title='bbox 3269 1827 3434 1887; x_wconf 79' lang='grc' dir='ltr'><em>εἴποι,</em></span> <span class='ocrx_word' id='word_1_324' title='bbox 3470 1826 3598 1878; x_wconf 84' lang='grc' dir='ltr'><em>πολ-</em></span> 
     </span>
    </p>
   </div>
   <div class='ocr_carea' id='block_1_50' title="bbox 2007 1916 3594 1990">
    <p class='ocr_par' dir='ltr' id='par_1_50' title="bbox 2007 1916 3594 1990">
     <span class='ocr_line' id='line_1_50' title="bbox 2007 1916 3594 1990; baseline -0.006 -13"><span class='ocrx_word' id='word_1_325' title='bbox 2007 1925 2164 1987; x_wconf 83' lang='grc' dir='ltr'><em>λάκις</em></span> <span class='ocrx_word' id='word_1_326' title='bbox 2222 1925 2312 1977; x_wconf 73' lang='grc' dir='ltr'><em>ἐπὶ</em></span> <span class='ocrx_word' id='word_1_327' title='bbox 2346 1924 2414 1976; x_wconf 78' lang='grc' dir='ltr'><em>τὰ</em></span> <span class='ocrx_word' id='word_1_328' title='bbox 2469 1922 2608 1977; x_wconf 77' lang='grc' dir='ltr'><em>αὐτὰ</em></span> <span class='ocrx_word' id='word_1_329' title='bbox 2637 1923 3032 1990; x_wconf 86' lang='grc' dir='ltr'><em>ἐπανέρχεται·</em></span> <span class='ocrx_word' id='word_1_330' title='bbox 3079 1919 3176 1972; x_wconf 69' lang='grc' dir='ltr'><em>καὶ</em></span> <span class='ocrx_word' id='word_1_331' title='bbox 3207 1919 3351 1983; x_wconf 75' lang='grc' dir='ltr'><em>ἅπαξ</em></span> <span class='ocrx_word' id='word_1_332' title='bbox 3392 1916 3594 1976; x_wconf 79' lang='grc' dir='ltr'><em>εἰπὼν,</em></span> 
     </span>
    </p>
   </div>
   <div class='ocr_carea' id='block_1_51' title="bbox 2010 2009 3596 2083">
    <p class='ocr_par' dir='ltr' id='par_1_51' title="bbox 2010 2009 3596 2083">
     <span class='ocr_line' id='line_1_51' title="bbox 2010 2009 3596 2083; baseline -0.006 -11"><span class='ocrx_word' id='word_1_333' title='bbox 2010 2017 2375 2072; x_wconf 69' lang='grc' dir='ltr'><em>ἐπανακυκλοῖ</em></span> <span class='ocrx_word' id='word_1_334' title='bbox 2403 2015 2564 2069; x_wconf 86' lang='grc' dir='ltr'><em>πάλιν</em></span> <span class='ocrx_word' id='word_1_335' title='bbox 2587 2015 2679 2068; x_wconf 69' lang='grc' dir='ltr'><em>καὶ</em></span> <span class='ocrx_word' id='word_1_336' title='bbox 2705 2017 2767 2067; x_wconf 81' lang='grc' dir='ltr'><em>ὲκ</em></span> <span class='ocrx_word' id='word_1_337' title='bbox 2794 2015 2976 2083; x_wconf 80' lang='grc' dir='ltr'><em>τρίτου</em></span> <span class='ocrx_word' id='word_1_338' title='bbox 3006 2012 3072 2066; x_wconf 77' lang='grc' dir='ltr'><em>τὰ</em></span> <span class='ocrx_word' id='word_1_339' title='bbox 3101 2009 3263 2071; x_wconf 73' lang='grc' dir='ltr'><em>αὐτὰ,</em></span> <span class='ocrx_word' id='word_1_340' title='bbox 3293 2011 3384 2062; x_wconf 76' lang='grc' dir='ltr'><em>καὶ</em></span> <span class='ocrx_word' id='word_1_341' title='bbox 3411 2012 3474 2063; x_wconf 84' lang='grc' dir='ltr'><strong>ἐκ</strong></span> <span class='ocrx_word' id='word_1_342' title='bbox 3507 2027 3596 2062; x_wconf 88' lang='grc' dir='ltr'><em>τε-</em></span> 
     </span>
    </p>
   </div>
   <div class='ocr_carea' id='block_1_52' title="bbox 2010 2105 3592 2179">
    <p class='ocr_par' dir='ltr' id='par_1_52' title="bbox 2010 2105 3592 2179">
     <span class='ocr_line' id='line_1_52' title="bbox 2010 2105 3592 2179; baseline -0.015 -13"><span class='ocrx_word' id='word_1_343' title='bbox 2010 2111 2208 2179; x_wconf 83' lang='grc' dir='ltr'><em>τάρτου</em></span> <span class='ocrx_word' id='word_1_344' title='bbox 2225 2125 2239 2141; x_wconf 89' lang='grc'><strong>·</strong></span> <span class='ocrx_word' id='word_1_345' title='bbox 2271 2109 2365 2163; x_wconf 74' lang='grc' dir='ltr'><em>καὶ</em></span> <span class='ocrx_word' id='word_1_346' title='bbox 2385 2110 2522 2178; x_wconf 76' lang='grc' dir='ltr'><em>ὑπὲρ</em></span> <span class='ocrx_word' id='word_1_347' title='bbox 2553 2108 2728 2171; x_wconf 81' lang='grc' dir='ltr'><em>τοῦτο,</em></span> <span class='ocrx_word' id='word_1_348' title='bbox 2751 2107 2940 2174; x_wconf 84' lang='grc' dir='ltr'><em>ὥσπερ</em></span> <span class='ocrx_word' id='word_1_349' title='bbox 2966 2106 3089 2159; x_wconf 83' lang='grc' dir='ltr'><em>τινὰ</em></span> <span class='ocrx_word' id='word_1_350' title='bbox 3112 2105 3325 2158; x_wconf 77' lang='grc' dir='ltr'><em>δίαυλον</em></span> <span class='ocrx_word' id='word_1_351' title='bbox 3347 2105 3592 2174; x_wconf 72' lang='grc' dir='ltr'><strong>ἀνακάμ-</strong></span> 
     </span>
    </p>
   </div>
   <div class='ocr_carea' id='block_1_53' title="bbox 2015 2194 3596 2268">
    <p class='ocr_par' dir='ltr' id='par_1_53' title="bbox 2015 2194 3596 2268">
     <span class='ocr_line' id='line_1_53' title="bbox 2015 2194 3596 2268; baseline -0.002 -18"><span class='ocrx_word' id='word_1_352' title='bbox 2015 2216 2163 2250; x_wconf 87' lang='grc' dir='ltr'><em>πτων</em></span> <span class='ocrx_word' id='word_1_353' title='bbox 2188 2196 2266 2268; x_wconf 80' lang='grc' dir='ltr'><em>τῷ</em></span> <span class='ocrx_word' id='word_1_354' title='bbox 2302 2198 2464 2267; x_wconf 79' lang='grc' dir='ltr'><em>λόγῳ,</em></span> <span class='ocrx_word' id='word_1_355' title='bbox 2501 2197 2589 2250; x_wconf 77' lang='grc' dir='ltr'><em>διὰ</em></span> <span class='ocrx_word' id='word_1_356' title='bbox 2621 2197 2726 2250; x_wconf 79' lang='grc' dir='ltr'><em>τῶν</em></span> <span class='ocrx_word' id='word_1_357' title='bbox 2750 2195 2926 2248; x_wconf 81' lang='grc' dir='ltr'><em>αὐτῶν</em></span> <span class='ocrx_word' id='word_1_358' title='bbox 2962 2194 3192 2266; x_wconf 71' lang='grc' dir='ltr'><em>ὕϐρεων,</em></span> <span class='ocrx_word' id='word_1_359' title='bbox 3223 2196 3315 2248; x_wconf 73' lang='grc' dir='ltr'><em>καὶ</em></span> <span class='ocrx_word' id='word_1_360' title='bbox 3349 2198 3447 2266; x_wconf 76' lang='grc' dir='ltr'><em>τῆς</em></span> <span class='ocrx_word' id='word_1_361' title='bbox 3486 2195 3596 2247; x_wconf 75' lang='grc' dir='ltr'><em>λοι-</em></span> 
     </span>
    </p>
   </div>
   <div class='ocr_carea' id='block_1_54' title="bbox 2013 2287 3600 2360">
    <p class='ocr_par' dir='ltr' id='par_1_54' title="bbox 2013 2287 3600 2360">
     <span class='ocr_line' id='line_1_54' title="bbox 2013 2287 3600 2360; baseline -0.002 -18"><span class='ocrx_word' id='word_1_362' title='bbox 2013 2289 2195 2360; x_wconf 85' lang='grc' dir='ltr'><em>δορίας</em></span> <span class='ocrx_word' id='word_1_363' title='bbox 2251 2289 2604 2360; x_wconf 78' lang='grc' dir='ltr'><em>ληρηματων,</em></span> <span class='ocrx_word' id='word_1_364' title='bbox 2663 2292 2774 2344; x_wconf 83' lang='grc' dir='ltr'><strong>ἀνω</strong></span> <span class='ocrx_word' id='word_1_365' title='bbox 2824 2289 2919 2342; x_wconf 70' lang='grc' dir='ltr'><em>καὶ</em></span> <span class='ocrx_word' id='word_1_366' title='bbox 2959 2287 3108 2340; x_wconf 80' lang='grc' dir='ltr'><em>κάτω</em></span> <span class='ocrx_word' id='word_1_367' title='bbox 3151 2287 3237 2341; x_wconf 77' lang='grc' dir='ltr'><em>διὰ</em></span> <span class='ocrx_word' id='word_1_368' title='bbox 3265 2287 3374 2340; x_wconf 81' lang='grc' dir='ltr'><em>τῶν</em></span> <span class='ocrx_word' id='word_1_369' title='bbox 3399 2289 3600 2359; x_wconf 83' lang='grc' dir='ltr'><em>ὁμοίων</em></span> 
     </span>
    </p>
   </div>
   <div class='ocr_carea' id='block_1_55' title="bbox 2014 2379 3598 2451">
    <p class='ocr_par' dir='ltr' id='par_1_55' title="bbox 2014 2379 3598 2451">
     <span class='ocr_line' id='line_1_55' title="bbox 2014 2379 3598 2451; baseline -0.001 -19"><span class='ocrx_word' id='word_1_370' title='bbox 2014 2380 2335 2451; x_wconf 84' lang='grc' dir='ltr'><em>περιχωρῶν</em></span> <span class='ocrx_word' id='word_1_371' title='bbox 2354 2397 2366 2409; x_wconf 85' lang='lat'><strong><em>°</em></strong></span> <span class='ocrx_word' id='word_1_372' title='bbox 2391 2381 2530 2433; x_wconf 64' lang='grc' dir='ltr'><em>ὥστε</em></span> <span class='ocrx_word' id='word_1_373' title='bbox 2559 2381 2752 2451; x_wconf 79' lang='grc' dir='ltr'><em>μηκέτι</em></span> <span class='ocrx_word' id='word_1_374' title='bbox 2775 2381 3118 2451; x_wconf 68' lang='grc' dir='ltr'><em>χαλεπαίνειν</em></span> <span class='ocrx_word' id='word_1_375' title='bbox 3143 2379 3305 2432; x_wconf 74' lang='grc' dir='ltr'><em>αὑτοῦ</em></span> <span class='ocrx_word' id='word_1_376' title='bbox 3333 2383 3399 2450; x_wconf 80' lang='grc' dir='ltr'><em>τῇ</em></span> <span class='ocrx_word' id='word_1_377' title='bbox 3440 2381 3598 2433; x_wconf 78' lang='grc' dir='ltr'><em>ἀναι-</em></span> 
     </span>
    </p>
   </div>
   <div class='ocr_carea' id='block_1_56' title="bbox 2016 2471 3599 2544">
    <p class='ocr_par' dir='ltr' id='par_1_56' title="bbox 2016 2471 3599 2544">
     <span class='ocr_line' id='line_1_56' title="bbox 2016 2471 3599 2544; baseline -0.002 -18"><span class='ocrx_word' id='word_1_378' title='bbox 2016 2475 2239 2544; x_wconf 73' lang='grc' dir='ltr'><em>σχυντία</em></span> <span class='ocrx_word' id='word_1_379' title='bbox 2271 2474 2378 2526; x_wconf 81' lang='grc' dir='ltr'><em>τῶν</em></span> <span class='ocrx_word' id='word_1_380' title='bbox 2418 2473 2646 2544; x_wconf 75' lang='grc' dir='ltr'><em>ὕϐρεων,</em></span> <span class='ocrx_word' id='word_1_381' title='bbox 2703 2475 2759 2525; x_wconf 87' lang='grc' dir='ltr'><strong>ἐν</strong></span> <span class='ocrx_word' id='word_1_382' title='bbox 2788 2473 2866 2544; x_wconf 77' lang='grc' dir='ltr'><em>τῷ</em></span> <span class='ocrx_word' id='word_1_383' title='bbox 2907 2475 3200 2544; x_wconf 77' lang='grc' dir='ltr'><em>προσκορεῖ</em></span> <span class='ocrx_word' id='word_1_384' title='bbox 3241 2471 3347 2525; x_wconf 84' lang='grc' dir='ltr'><em>τῶν</em></span> <span class='ocrx_word' id='word_1_385' title='bbox 3376 2472 3599 2540; x_wconf 80' lang='grc' dir='ltr'><em>λεγομέ-</em></span> 
     </span>
    </p>
   </div>
   <div class='ocr_carea' id='block_1_57' title="bbox 2014 2560 3600 2634">
    <p class='ocr_par' dir='ltr' id='par_1_57' title="bbox 2014 2560 3600 2634">
     <span class='ocr_line' id='line_1_57' title="bbox 2014 2560 3600 2634; baseline -0.003 -15"><span class='ocrx_word' id='word_1_386' title='bbox 2014 2584 2119 2619; x_wconf 89' lang='grc' dir='ltr'><em>νων</em></span> <span class='ocrx_word' id='word_1_387' title='bbox 2150 2566 2239 2616; x_wconf 71' lang='grc' dir='ltr'><em>-τὸν</em></span> <span class='ocrx_word' id='word_1_388' title='bbox 2290 2563 2457 2634; x_wconf 71' lang='grc' dir='ltr'><em>θυμὸν</em></span> <span class='ocrx_word' id='word_1_389' title='bbox 2489 2560 2846 2618; x_wconf 74' lang='grc' dir='ltr'><em>ὑπὲκλύοντα.</em></span> <span class='ocrx_word' id='word_1_390' title='bbox 2889 2564 3206 2628; x_wconf 78' lang='grc' dir='ltr'><em>Βδελύξαιτο</em></span> <span class='ocrx_word' id='word_1_391' title='bbox 3239 2565 3302 2618; x_wconf 82' lang='grc' dir='ltr'><strong>ἀν</strong></span> <span class='ocrx_word' id='word_1_392' title='bbox 3331 2582 3412 2625; x_wconf 86' lang='grc' dir='ltr'><strong>τις</strong></span> <span class='ocrx_word' id='word_1_393' title='bbox 3450 2563 3600 2632; x_wconf 74' lang='grc' dir='ltr'><em>μάλ-</em></span> 
     </span>
    </p>
   </div>
   <div class='ocr_carea' id='block_1_58' title="bbox 2014 2653 3602 2726">
    <p class='ocr_par' dir='ltr' id='par_1_58' title="bbox 2014 2653 3602 2726">
     <span class='ocr_line' id='line_1_58' title="bbox 2014 2653 3602 2726; baseline -0.001 -18"><span class='ocrx_word' id='word_1_394' title='bbox 2014 2657 2125 2721; x_wconf 88' lang='grc' dir='ltr'><em>λον,</em></span> <span class='ocrx_word' id='word_1_395' title='bbox 2157 2655 2188 2725; x_wconf 74' lang='grc' dir='ltr'>ἢ</span> <span class='ocrx_word' id='word_1_396' title='bbox 2217 2657 2294 2718; x_wconf 87' lang='grc' dir='ltr'><em>εἰς</em></span> <span class='ocrx_word' id='word_1_397' title='bbox 2324 2656 2492 2726; x_wconf 82' lang='grc' dir='ltr'><em>ὀργὴν</em></span> <span class='ocrx_word' id='word_1_398' title='bbox 2528 2655 2669 2708; x_wconf 80' lang='grc' dir='ltr'><em>ἔλθοι</em></span> <span class='ocrx_word' id='word_1_399' title='bbox 2695 2673 2706 2685; x_wconf 92' lang='grc'><strong>·</strong></span> <span class='ocrx_word' id='word_1_400' title='bbox 2740 2655 2912 2718; x_wconf 71' lang='grc' dir='ltr'><em>οὕτως</em></span> <span class='ocrx_word' id='word_1_401' title='bbox 2946 2653 3350 2726; x_wconf 76' lang='grc' dir='ltr'><em>ἀνδραποδώδη.</em></span> <span class='ocrx_word' id='word_1_402' title='bbox 3383 2655 3476 2707; x_wconf 68' lang='grc' dir='ltr'><em>καὶ</em></span> <span class='ocrx_word' id='word_1_403' title='bbox 3504 2673 3602 2723; x_wconf 83' lang='grc' dir='ltr'><em>χα-</em></span> 
     </span>
    </p>
   </div>
   <div class='ocr_carea' id='block_1_59' title="bbox 2018 2743 3598 2819">
    <p class='ocr_par' dir='ltr' id='par_1_59' title="bbox 2018 2743 3598 2819">
     <span class='ocr_line' id='line_1_59' title="bbox 2018 2743 3598 2819; baseline 0.001 -20"><span class='ocrx_word' id='word_1_404' title='bbox 2018 2748 2180 2819; x_wconf 87' lang='grc' dir='ltr'><em>ρίτων</em></span> <span class='ocrx_word' id='word_1_405' title='bbox 2216 2746 2437 2819; x_wconf 78' lang='grc' dir='ltr'><em>ἄμοιρα,</em></span> <span class='ocrx_word' id='word_1_406' title='bbox 2493 2747 2586 2798; x_wconf 74' lang='grc' dir='ltr'><em>καὶ</em></span> <span class='ocrx_word' id='word_1_407' title='bbox 2620 2746 2726 2798; x_wconf 64' lang='grc' dir='ltr'><em>ἀπὸ</em></span> <span class='ocrx_word' id='word_1_408' title='bbox 2773 2749 2872 2816; x_wconf 75' lang='grc' dir='ltr'><em>τῆς</em></span> <span class='ocrx_word' id='word_1_409' title='bbox 2919 2746 3132 2817; x_wconf 80' lang='grc' dir='ltr'><em>τριόδου</em></span> <span class='ocrx_word' id='word_1_410' title='bbox 3162 2744 3229 2796; x_wconf 80' lang='grc' dir='ltr'><em>τὰ</em></span> <span class='ocrx_word' id='word_1_411' title='bbox 3265 2743 3598 2814; x_wconf 77' lang='grc' dir='ltr'><em>σκώμματα.</em></span> 
     </span>
    </p>
   </div>
   <div class='ocr_carea' id='block_1_60' title="bbox 2016 2836 3599 2908">
    <p class='ocr_par' dir='ltr' id='par_1_60' title="bbox 2016 2836 3599 2908">
     <span class='ocr_line' id='line_1_60' title="bbox 2016 2836 3599 2908; baseline -0.003 -17"><span class='ocrx_word' id='word_1_412' title='bbox 2016 2839 2182 2908; x_wconf 84' lang='grc' dir='ltr'><em>γραός</em></span> <span class='ocrx_word' id='word_1_413' title='bbox 2211 2855 2354 2900; x_wconf 83' lang='grc' dir='ltr'><em>τινος</em></span> <span class='ocrx_word' id='word_1_414' title='bbox 2399 2838 2958 2907; x_wconf 82' lang='grc' dir='ltr'><em>διακωθωνιζομένης,</em></span> <span class='ocrx_word' id='word_1_415' title='bbox 2997 2838 3090 2890; x_wconf 59' lang='grc' dir='ltr'><strong>καὶ⁸</strong></span> <span class='ocrx_word' id='word_1_416' title='bbox 3124 2838 3213 2890; x_wconf 76' lang='grc' dir='ltr'><strong>ὑπ’</strong></span> <span class='ocrx_word' id='word_1_417' title='bbox 3243 2836 3429 2888; x_wconf 78' lang='grc' dir='ltr'><em>ὀδόντα</em></span> <span class='ocrx_word' id='word_1_418' title='bbox 3463 2851 3599 2906; x_wconf 59' lang='grc' dir='ltr'><em>γρι-</em></span> 
     </span>
    </p>
   </div>
   <div class='ocr_carea' id='block_1_61' title="bbox 2017 2929 2947 2999">
    <p class='ocr_par' dir='ltr' id='par_1_61' title="bbox 2017 2929 2947 2999">
     <span class='ocr_line' id='line_1_61' title="bbox 2017 2929 2947 2999; baseline 0.001 -16"><span class='ocrx_word' id='word_1_419' title='bbox 2017 2931 2235 2999; x_wconf 72' lang='grc' dir='ltr'><em>ζούσης,</em></span> <span class='ocrx_word' id='word_1_420' title='bbox 2263 2931 2369 2984; x_wconf 83' lang='grc' dir='ltr'><em>οὐδ’</em></span> <span class='ocrx_word' id='word_1_421' title='bbox 2399 2929 2576 2983; x_wconf 72' lang='grc' dir='ltr'><em>ὁτιοῦν</em></span> <span class='ocrx_word' id='word_1_422' title='bbox 2605 2929 2947 2999; x_wconf 70' lang='grc' dir='ltr'><em>διαφέροντα.</em></span> 
     </span>
    </p>
   </div>
   <div class='ocr_carea' id='block_1_62' title="bbox 337 3018 3603 3093">
    <p class='ocr_par' dir='ltr' id='par_1_62' title="bbox 337 3018 3603 3093">
     <span class='ocr_line' id='line_1_62' title="bbox 337 3018 3603 3093; baseline -0.001 -17"><span class='ocrx_word' id='word_1_423' title='bbox 337 3024 477 3078; x_wconf 90' lang='lat' dir='ltr'><strong>iram</strong></span> <span class='ocrx_word' id='word_1_424' title='bbox 503 3021 667 3075; x_wconf 86' lang='lat' dir='ltr'><strong>alicui</strong></span> <span class='ocrx_word' id='word_1_425' title='bbox 697 3020 987 3083; x_wconf 84' lang='lat' dir='ltr'><strong>moverint,</strong></span> <span class='ocrx_word' id='word_1_426' title='bbox 1026 3019 1162 3074; x_wconf 90' lang='lat' dir='ltr'><strong>adeo</strong></span> <span class='ocrx_word' id='word_1_427' title='bbox 1197 3018 1416 3073; x_wconf 85' lang='lat' dir='ltr'><strong>servilia</strong></span> <span class='ocrx_word' id='word_1_428' title='bbox 1447 3026 1574 3073; x_wconf 90' lang='lat' dir='ltr'><strong>sunt</strong></span> <span class='ocrx_word' id='word_1_429' title='bbox 1609 3021 1898 3090; x_wconf 87' lang='lat' dir='ltr'><strong>omnisque</strong></span> <span class='ocrx_word' id='word_1_430' title='bbox 1939 3021 2142 3092; x_wconf 82' lang='lat' dir='ltr'><strong>leporis</strong></span> <span class='ocrx_word' id='word_1_431' title='bbox 2180 3024 2448 3092; x_wconf 73' lang='lat' dir='ltr'><strong>expertia,</strong></span> <span class='ocrx_word' id='word_1_432' title='bbox 2484 3030 2541 3078; x_wconf 89' lang='lat' dir='ltr'><strong>et</strong></span> <span class='ocrx_word' id='word_1_433' title='bbox 2573 3039 2638 3076; x_wconf 80' lang='lat' dir='ltr'><strong>ex</strong></span> <span class='ocrx_word' id='word_1_434' title='bbox 2679 3023 2844 3076; x_wconf 77' lang='lat' dir='ltr'><strong>trivio</strong></span> <span class='ocrx_word' id='word_1_435' title='bbox 2876 3031 3090 3093; x_wconf 73' lang='lat' dir='ltr'><strong>arrepta</strong></span> <span class='ocrx_word' id='word_1_436' title='bbox 3127 3021 3603 3085; x_wconf 88' lang='lat' dir='ltr'><strong>scommala,nihil</strong></span> 
     </span>
    </p>
   </div>
   <div class='ocr_carea' id='block_1_63' title="bbox 337 3111 2582 3186">
    <p class='ocr_par' dir='ltr' id='par_1_63' title="bbox 337 3111 2582 3186">
     <span class='ocr_line' id='line_1_63' title="bbox 337 3111 2582 3186; baseline 0.001 -20"><span class='ocrx_word' id='word_1_437' title='bbox 337 3128 368 3166; x_wconf 85' lang='lat' dir='ltr'><strong>a</strong></span> <span class='ocrx_word' id='word_1_438' title='bbox 392 3114 591 3167; x_wconf 65' lang='lat' dir='ltr'><strong>vetula:</strong></span> <span class='ocrx_word' id='word_1_439' title='bbox 619 3113 902 3168; x_wconf 88' lang='lat' dir='ltr'><strong>frementis</strong></span> <span class='ocrx_word' id='word_1_440' title='bbox 935 3112 1302 3181; x_wconf 85' lang='lat' dir='ltr'><strong>dentibusque</strong></span> <span class='ocrx_word' id='word_1_441' title='bbox 1330 3111 1630 3167; x_wconf 86' lang='lat' dir='ltr'><strong>frendentis</strong></span> <span class='ocrx_word' id='word_1_442' title='bbox 1669 3114 2151 3181; x_wconf 84' lang='lat' dir='ltr'><strong>criminationibus</strong></span> <span class='ocrx_word' id='word_1_443' title='bbox 2188 3117 2582 3186; x_wconf 83' lang='lat' dir='ltr'><strong>discrepantia.</strong></span> 
     </span>
    </p>
   </div>
   <div class='ocr_carea' id='block_1_64' title="bbox 409 3201 1913 3280">
    <p class='ocr_par' dir='ltr' id='par_1_64' title="bbox 409 3201 1908 3277">
     <span class='ocr_line' id='line_1_64' title="bbox 409 3201 1908 3277; baseline 0.003 -22"><span class='ocrx_word' id='word_1_444' title='bbox 409 3201 550 3268; x_wconf 84' lang='lat' dir='ltr'><strong>Quid</strong></span> <span class='ocrx_word' id='word_1_445' title='bbox 585 3205 795 3274; x_wconf 80' lang='lat' dir='ltr'><strong>igitur?</strong></span> <span class='ocrx_word' id='word_1_446' title='bbox 826 3203 964 3260; x_wconf 85' lang='lat' dir='ltr'><strong>Num</strong></span> <span class='ocrx_word' id='word_1_447' title='bbox 999 3205 1212 3277; x_wconf 82' lang='lat' dir='ltr'><strong>singula</strong></span> <span class='ocrx_word' id='word_1_448' title='bbox 1270 3207 1522 3274; x_wconf 88' lang='lat' dir='ltr'><strong>persequi</strong></span> <span class='ocrx_word' id='word_1_449' title='bbox 1580 3217 1816 3276; x_wconf 86' lang='lat' dir='ltr'><strong>oportet,</strong></span> <span class='ocrx_word' id='word_1_450' title='bbox 1854 3214 1908 3262; x_wconf 93' lang='lat' dir='ltr'><strong>et</strong></span> 
     </span>
    </p>
   </div>
   <div class='ocr_carea' id='block_1_65' title="bbox 2017 3201 3605 3280">
    <p class='ocr_par' dir='ltr' id='par_1_65' title="bbox 2083 3205 3605 3280">
     <span class='ocr_line' id='line_1_65' title="bbox 2083 3205 3605 3280; baseline -0.002 -18"><span class='ocrx_word' id='word_1_451' title='bbox 2083 3210 2147 3263; x_wconf 89' lang='grc' dir='ltr'><em>Τί</em></span> <span class='ocrx_word' id='word_1_452' title='bbox 2181 3207 2304 3274; x_wconf 78' lang='grc' dir='ltr'><em>οὖν;</em></span> <span class='ocrx_word' id='word_1_453' title='bbox 2345 3205 2491 3280; x_wconf 60' lang='grc' dir='ltr'><em>*Δρα</em></span> <span class='ocrx_word' id='word_1_454' title='bbox 2523 3209 2829 3274; x_wconf 74' lang='grc' dir='ltr'><em>ἐπεξελθεῖν</em></span> <span class='ocrx_word' id='word_1_455' title='bbox 2857 3210 2936 3262; x_wconf 84' lang='grc' dir='ltr'><strong>δεῖ</strong></span> <span class='ocrx_word' id='word_1_456' title='bbox 2973 3213 3081 3272; x_wconf 88' lang='grc' dir='ltr'><em>τοῖς</em></span> <span class='ocrx_word' id='word_1_457' title='bbox 3115 3209 3474 3272; x_wconf 77' lang='grc' dir='ltr'><em>καθέκαστον,</em></span> <span class='ocrx_word' id='word_1_458' title='bbox 3510 3209 3605 3260; x_wconf 83' lang='grc' dir='ltr'><em>καὶ</em></span> 
     </span>
    </p>
   </div>
   <div class='ocr_carea' id='block_1_66' title="bbox 338 3294 1916 3364">
    <p class='ocr_par' dir='ltr' id='par_1_66' title="bbox 338 3294 1916 3364">
     <span class='ocr_line' id='line_1_66' title="bbox 338 3294 1916 3364; baseline 0.001 -15"><span class='ocrx_word' id='word_1_459' title='bbox 338 3295 522 3349; x_wconf 86' lang='lat' dir='ltr'><strong>omnia</strong></span> <span class='ocrx_word' id='word_1_460' title='bbox 557 3294 828 3364; x_wconf 86' lang='lat' dir='ltr'><strong>injuriose</strong></span> <span class='ocrx_word' id='word_1_461' title='bbox 861 3304 915 3350; x_wconf 90' lang='lat' dir='ltr'><strong>et</strong></span> <span class='ocrx_word' id='word_1_462' title='bbox 964 3296 1303 3350; x_wconf 90' lang='lat' dir='ltr'><strong>calumniose</strong></span> <span class='ocrx_word' id='word_1_463' title='bbox 1346 3294 1490 3349; x_wconf 91' lang='lat' dir='ltr'><strong>dicta</strong></span> <span class='ocrx_word' id='word_1_464' title='bbox 1525 3305 1780 3351; x_wconf 84' lang='lat' dir='ltr'><strong>accurate</strong></span> <span class='ocrx_word' id='word_1_465' title='bbox 1826 3312 1916 3351; x_wconf 92' lang='lat' dir='ltr'><strong>re-</strong></span> 
     </span>
    </p>
   </div>
   <div class='ocr_carea' id='block_1_67' title="bbox 342 3385 1919 3455">
    <p class='ocr_par' dir='ltr' id='par_1_67' title="bbox 342 3385 1919 3455">
     <span class='ocr_line' id='line_1_67' title="bbox 342 3385 1919 3455; baseline 0.001 -16"><span class='ocrx_word' id='word_1_466' title='bbox 342 3386 548 3450; x_wconf 89' lang='lat' dir='ltr'><strong>fellere,</strong></span> <span class='ocrx_word' id='word_1_467' title='bbox 574 3393 628 3440; x_wconf 91' lang='lat' dir='ltr'><strong>et</strong></span> <span class='ocrx_word' id='word_1_468' title='bbox 662 3387 1044 3441; x_wconf 86' lang='lat' dir='ltr'><strong>demonstrare</strong></span> <span class='ocrx_word' id='word_1_469' title='bbox 1097 3387 1258 3440; x_wconf 87' lang='lat' dir='ltr'><strong>talem</strong></span> <span class='ocrx_word' id='word_1_470' title='bbox 1291 3385 1712 3455; x_wconf 82' lang='lat' dir='ltr'><strong>haudquaquam</strong></span> <span class='ocrx_word' id='word_1_471' title='bbox 1753 3387 1919 3442; x_wconf 88' lang='lat' dir='ltr'><strong>fuisse</strong></span> 
     </span>
    </p>
   </div>
   <div class='ocr_carea' id='block_1_68' title="bbox 340 3481 1920 3551">
    <p class='ocr_par' dir='ltr' id='par_1_68' title="bbox 340 3481 1920 3551">
     <span class='ocr_line' id='line_1_68' title="bbox 340 3481 1920 3551; baseline 0.001 -15"><span class='ocrx_word' id='word_1_472' title='bbox 340 3483 518 3548; x_wconf 91' lang='lat' dir='ltr'><strong>illum,</strong></span> <span class='ocrx_word' id='word_1_473' title='bbox 556 3482 609 3534; x_wconf 93' lang='lat' dir='ltr'><strong>in</strong></span> <span class='ocrx_word' id='word_1_474' title='bbox 650 3497 812 3551; x_wconf 85' lang='lat' dir='ltr'><strong>quem</strong></span> <span class='ocrx_word' id='word_1_475' title='bbox 849 3483 964 3535; x_wconf 74' lang='lat' dir='ltr'><strong>lucc</strong></span> <span class='ocrx_word' id='word_1_476' title='bbox 1029 3481 1262 3535; x_wconf 82' lang='lat' dir='ltr'><strong>coulicta</strong></span> <span class='ocrx_word' id='word_1_477' title='bbox 1295 3482 1469 3536; x_wconf 84' lang='lat' dir='ltr'><strong>sunt?</strong></span> <span class='ocrx_word' id='word_1_478' title='bbox 1521 3483 1683 3551; x_wconf 88' lang='lat' dir='ltr'><strong>Atqui</strong></span> <span class='ocrx_word' id='word_1_479' title='bbox 1733 3491 1785 3536; x_wconf 88' lang='lat' dir='ltr'><strong>et</strong></span> <span class='ocrx_word' id='word_1_480' title='bbox 1821 3500 1920 3537; x_wconf 89' lang='lat' dir='ltr'><strong>nos</strong></span> 
     </span>
    </p>
   </div>
   <div class='ocr_carea' id='block_1_69' title="bbox 342 3570 1914 3642">
    <p class='ocr_par' dir='ltr' id='par_1_69' title="bbox 342 3570 1914 3642">
     <span class='ocr_line' id='line_1_69' title="bbox 342 3570 1914 3642; baseline -0.001 -15"><span class='ocrx_word' id='word_1_481' title='bbox 342 3571 510 3628; x_wconf 73' lang='lat' dir='ltr'><strong>simul</strong></span> <span class='ocrx_word' id='word_1_482' title='bbox 543 3571 745 3639; x_wconf 88' lang='lat' dir='ltr'><strong>injuria</strong></span> <span class='ocrx_word' id='word_1_483' title='bbox 784 3571 1123 3626; x_wconf 84' lang='lat' dir='ltr'><strong>alliceremus</strong></span> <span class='ocrx_word' id='word_1_484' title='bbox 1175 3570 1348 3637; x_wconf 90' lang='lat' dir='ltr'><strong>illum,</strong></span> <span class='ocrx_word' id='word_1_485' title='bbox 1404 3576 1496 3642; x_wconf 87' lang='lat' dir='ltr'><strong>qui</strong></span> <span class='ocrx_word' id='word_1_486' title='bbox 1552 3573 1686 3627; x_wconf 91' lang='lat' dir='ltr'><strong>solis</strong></span> <span class='ocrx_word' id='word_1_487' title='bbox 1721 3573 1914 3638; x_wconf 86' lang='lat' dir='ltr'><strong>instar,</strong></span> 
     </span>
    </p>
   </div>
   <div class='ocr_carea' id='block_1_70' title="bbox 345 3661 1915 3736">
    <p class='ocr_par' dir='ltr' id='par_1_70' title="bbox 345 3661 1915 3736">
     <span class='ocr_line' id='line_1_70' title="bbox 345 3661 1915 3736; baseline 0.003 -21"><span class='ocrx_word' id='word_1_488' title='bbox 345 3662 446 3716; x_wconf 89' lang='lat' dir='ltr'><strong>toti</strong></span> <span class='ocrx_word' id='word_1_489' title='bbox 481 3661 686 3715; x_wconf 88' lang='lat' dir='ltr'><strong>mundo</strong></span> <span class='ocrx_word' id='word_1_490' title='bbox 719 3664 888 3726; x_wconf 91' lang='lat' dir='ltr'><strong>lucet,</strong></span> <span class='ocrx_word' id='word_1_491' title='bbox 919 3663 962 3716; x_wconf 90' lang='lat' dir='ltr'><strong>si</strong></span> <span class='ocrx_word' id='word_1_492' title='bbox 991 3678 1221 3732; x_wconf 87' lang='lat' dir='ltr'><strong>operose</strong></span> <span class='ocrx_word' id='word_1_493' title='bbox 1280 3679 1606 3719; x_wconf 87' lang='lat' dir='ltr'><strong>conaremur</strong></span> <span class='ocrx_word' id='word_1_494' title='bbox 1662 3667 1915 3736; x_wconf 80' lang='lat' dir='ltr'><strong>probare,</strong></span> 
     </span>
    </p>
   </div>
   <div class='ocr_carea' id='block_1_71' title="bbox 356 3751 1918 3813">
    <p class='ocr_par' dir='ltr' id='par_1_71' title="bbox 356 3751 1918 3813">
     <span class='ocr_line' id='line_1_71' title="bbox 356 3751 1918 3813; baseline 0.003 -7"><span class='ocrx_word' id='word_1_495' title='bbox 356 3768 480 3806; x_wconf 91' lang='lat' dir='ltr'><strong>eum</strong></span> <span class='ocrx_word' id='word_1_496' title='bbox 513 3768 620 3806; x_wconf 93' lang='lat' dir='ltr'><strong>non</strong></span> <span class='ocrx_word' id='word_1_497' title='bbox 649 3751 818 3808; x_wconf 87' lang='lat' dir='ltr'><strong>fuisse</strong></span> <span class='ocrx_word' id='word_1_498' title='bbox 854 3754 1157 3808; x_wconf 85' lang='lat' dir='ltr'><strong>maleﬁcum</strong></span> <span class='ocrx_word' id='word_1_499' title='bbox 1225 3763 1278 3810; x_wconf 90' lang='lat' dir='ltr'><strong>et</strong></span> <span class='ocrx_word' id='word_1_500' title='bbox 1331 3759 1676 3812; x_wconf 90' lang='lat' dir='ltr'><strong>sceleratum.</strong></span> <span class='ocrx_word' id='word_1_501' title='bbox 1713 3757 1918 3813; x_wconf 85' lang='lat' dir='ltr'><strong>Memor</strong></span> 
     </span>
    </p>
   </div>
   <div class='ocr_carea' id='block_1_72' title="bbox 341 3844 1917 3919">
    <p class='ocr_par' dir='ltr' id='par_1_72' title="bbox 341 3844 1917 3919">
     <span class='ocr_line' id='line_1_72' title="bbox 341 3844 1917 3919; baseline 0.002 -20"><span class='ocrx_word' id='word_1_502' title='bbox 341 3844 488 3899; x_wconf 81' lang='lat' dir='ltr'><strong>enim</strong></span> <span class='ocrx_word' id='word_1_503' title='bbox 521 3859 640 3907; x_wconf 86' lang='lat' dir='ltr'><strong>sum</strong></span> <span class='ocrx_word' id='word_1_504' title='bbox 677 3844 873 3900; x_wconf 69' lang='lat' dir='ltr'><strong>divinae</strong></span> <span class='ocrx_word' id='word_1_505' title='bbox 914 3846 1061 3901; x_wconf 92' lang='lat' dir='ltr'><strong>illius</strong></span> <span class='ocrx_word' id='word_1_506' title='bbox 1104 3850 1275 3910; x_wconf 87' lang='lat' dir='ltr'><strong>vocis,</strong></span> <span class='ocrx_word' id='word_1_507' title='bbox 1306 3864 1431 3902; x_wconf 91' lang='lat' dir='ltr'><strong>cum</strong></span> <span class='ocrx_word' id='word_1_508' title='bbox 1466 3849 1782 3919; x_wconf 85' lang='lat' dir='ltr'><strong>prophetico</strong></span> <span class='ocrx_word' id='word_1_509' title='bbox 1817 3851 1917 3919; x_wconf 91' lang='lat' dir='ltr'><strong>ipsi</strong></span> 
     </span>
    </p>
   </div>
   <div class='ocr_carea' id='block_1_73' title="bbox 344 3937 1918 4009">
    <p class='ocr_par' dir='ltr' id='par_1_73' title="bbox 344 3937 1918 4009">
     <span class='ocr_line' id='line_1_73' title="bbox 344 3937 1918 4009; baseline 0.001 -20"><span class='ocrx_word' id='word_1_510' title='bbox 344 3937 436 3989; x_wconf 89' lang='lat' dir='ltr'><strong>illa</strong></span> <span class='ocrx_word' id='word_1_511' title='bbox 471 3951 534 3990; x_wconf 84' lang='lat' dir='ltr'><strong>ex</strong></span> <span class='ocrx_word' id='word_1_512' title='bbox 567 3937 849 4005; x_wconf 84' lang='lat' dir='ltr'><strong>prophetia</strong></span> <span class='ocrx_word' id='word_1_513' title='bbox 877 3938 1340 4001; x_wconf 84' lang='lat' dir='ltr'><strong>accommodaret,</strong></span> <span class='ocrx_word' id='word_1_514' title='bbox 1385 3939 1474 3992; x_wconf 88' lang='lat' dir='ltr'><strong>ubi</strong></span> <span class='ocrx_word' id='word_1_515' title='bbox 1508 3941 1658 3992; x_wconf 89' lang='lat' dir='ltr'><strong>illum</strong></span> <span class='ocrx_word' id='word_1_516' title='bbox 1715 3940 1918 4009; x_wconf 89' lang='lat' dir='ltr'><strong>prosti-</strong></span> 
     </span>
    </p>
   </div>
   <div class='ocr_carea' id='block_1_74' title="bbox 343 4025 1916 4096">
    <p class='ocr_par' dir='ltr' id='par_1_74' title="bbox 343 4025 1916 4096">
     <span class='ocr_line' id='line_1_74' title="bbox 343 4025 1916 4096; baseline 0.002 -16"><span class='ocrx_word' id='word_1_517' title='bbox 343 4034 478 4081; x_wconf 72' lang='lat' dir='ltr'><strong>tuta:</strong></span> <span class='ocrx_word' id='word_1_518' title='bbox 519 4025 718 4081; x_wconf 90' lang='lat' dir='ltr'><strong>frontis</strong></span> <span class='ocrx_word' id='word_1_519' title='bbox 749 4035 801 4081; x_wconf 91' lang='lat' dir='ltr'><strong>et</strong></span> <span class='ocrx_word' id='word_1_520' title='bbox 833 4027 1111 4096; x_wconf 74' lang='lat' dir='ltr'><strong>pudicitiae</strong></span> <span class='ocrx_word' id='word_1_521' title='bbox 1158 4029 1497 4084; x_wconf 88' lang='lat' dir='ltr'><strong>mulierculis</strong></span> <span class='ocrx_word' id='word_1_522' title='bbox 1553 4031 1825 4084; x_wconf 87' lang='lat' dir='ltr'><strong>assimilat</strong></span> <span class='ocrx_word' id='word_1_523' title='bbox 1852 4033 1916 4096; x_wconf 69' lang='grc' dir='ltr'><strong>ιο,</strong></span> 
     </span>
    </p>
   </div>
   <div class='ocr_carea' id='block_1_75' title="bbox 344 4118 1920 4193">
    <p class='ocr_par' dir='ltr' id='par_1_75' title="bbox 344 4118 1920 4193">
     <span class='ocr_line' id='line_1_75' title="bbox 344 4118 1920 4193; baseline 0.004 -21"><span class='ocrx_word' id='word_1_524' title='bbox 344 4133 468 4189; x_wconf 68' lang='lat' dir='ltr'><strong>quae</strong></span> <span class='ocrx_word' id='word_1_525' title='bbox 503 4133 601 4174; x_wconf 90' lang='lat' dir='ltr'><strong>sua</strong></span> <span class='ocrx_word' id='word_1_526' title='bbox 636 4118 765 4173; x_wconf 88' lang='lat' dir='ltr'><strong>vilia</strong></span> <span class='ocrx_word' id='word_1_527' title='bbox 795 4128 849 4173; x_wconf 92' lang='lat' dir='ltr'><strong>et</strong></span> <span class='ocrx_word' id='word_1_528' title='bbox 885 4120 1115 4174; x_wconf 84' lang='lat' dir='ltr'><strong>crimina</strong></span> <span class='ocrx_word' id='word_1_529' title='bbox 1148 4121 1201 4173; x_wconf 93' lang='lat' dir='ltr'><strong>in</strong></span> <span class='ocrx_word' id='word_1_530' title='bbox 1235 4130 1624 4190; x_wconf 85' lang='lat' dir='ltr'><strong>temperantes,</strong></span> <span class='ocrx_word' id='word_1_531' title='bbox 1657 4124 1920 4193; x_wconf 72' lang='lat' dir='ltr'><strong>bonaeque</strong></span> 
     </span>
    </p>
   </div>
   <div class='ocr_carea' id='block_1_76' title="bbox 345 4209 1923 4282">
    <p class='ocr_par' dir='ltr' id='par_1_76' title="bbox 345 4209 1923 4282">
     <span class='ocr_line' id='line_1_76' title="bbox 345 4209 1923 4282; baseline 0.003 -18"><span class='ocrx_word' id='word_1_532' title='bbox 345 4209 518 4281; x_wconf 88' lang='lat' dir='ltr'><strong>frugis</strong></span> <span class='ocrx_word' id='word_1_533' title='bbox 546 4211 846 4267; x_wconf 78' lang='lat' dir='ltr'><strong>transferre</strong></span> <span class='ocrx_word' id='word_1_534' title='bbox 882 4213 1080 4267; x_wconf 88' lang='lat' dir='ltr'><strong>solent.</strong></span> <span class='ocrx_word' id='word_1_535' title='bbox 1133 4211 1268 4265; x_wconf 84' lang='lat' dir='ltr'><strong>Nam</strong></span> <span class='ocrx_word' id='word_1_536' title='bbox 1302 4230 1462 4282; x_wconf 86' lang='lat' dir='ltr'><strong>quem</strong></span> <span class='ocrx_word' id='word_1_537' title='bbox 1525 4215 1772 4270; x_wconf 88' lang='lat' dir='ltr'><strong>veritatis</strong></span> <span class='ocrx_word' id='word_1_538' title='bbox 1822 4217 1923 4268; x_wconf 81' lang='lat' dir='ltr'><strong>lio-</strong></span> 
     </span>
    </p>
   </div>
   <div class='ocr_carea' id='block_1_77' title="bbox 343 4303 1917 4374">
    <p class='ocr_par' dir='ltr' id='par_1_77' title="bbox 343 4303 1917 4374">
     <span class='ocr_line' id='line_1_77' title="bbox 343 4303 1917 4374; baseline 0.003 -16"><span class='ocrx_word' id='word_1_539' title='bbox 343 4313 478 4358; x_wconf 86' lang='lat' dir='ltr'><strong>stem</strong></span> <span class='ocrx_word' id='word_1_540' title='bbox 506 4318 632 4359; x_wconf 87' lang='lat' dir='ltr'><strong>esse</strong></span> <span class='ocrx_word' id='word_1_541' title='bbox 692 4303 1047 4358; x_wconf 86' lang='lat' dir='ltr'><strong>deblaterat?</strong></span> <span class='ocrx_word' id='word_1_542' title='bbox 1100 4320 1261 4374; x_wconf 90' lang='lat' dir='ltr'><strong>quem</strong></span> <span class='ocrx_word' id='word_1_543' title='bbox 1315 4305 1593 4358; x_wconf 89' lang='lat' dir='ltr'><strong>communi</strong></span> <span class='ocrx_word' id='word_1_544' title='bbox 1636 4306 1917 4362; x_wconf 88' lang='lat' dir='ltr'><strong>hominum</strong></span> 
     </span>
    </p>
   </div>
   <div class='ocr_carea' id='block_1_78' title="bbox 341 4395 1920 4466">
    <p class='ocr_par' dir='ltr' id='par_1_78' title="bbox 341 4395 1920 4466">
     <span class='ocr_line' id='line_1_78' title="bbox 341 4395 1920 4466; baseline 0.003 -16"><span class='ocrx_word' id='word_1_545' title='bbox 341 4395 737 4450; x_wconf 76' lang='lat' dir='ltr'><strong>existimationi</strong></span> <span class='ocrx_word' id='word_1_546' title='bbox 781 4395 1233 4466; x_wconf 81' lang='lat' dir='ltr'><strong>repugnantem?</strong></span> <span class='ocrx_word' id='word_1_547' title='bbox 1284 4395 1419 4461; x_wconf 86' lang='lat' dir='ltr'><strong>Quis</strong></span> <span class='ocrx_word' id='word_1_548' title='bbox 1480 4405 1634 4466; x_wconf 81' lang='lat' dir='ltr'><strong>rogat</strong></span> <span class='ocrx_word' id='word_1_549' title='bbox 1690 4400 1920 4454; x_wconf 86' lang='lat' dir='ltr'><strong>lectores</strong></span> 
     </span>
    </p>
   </div>
   <div class='ocr_carea' id='block_1_79' title="bbox 342 4484 1916 4556">
    <p class='ocr_par' dir='ltr' id='par_1_79' title="bbox 342 4484 1916 4556">
     <span class='ocr_line' id='line_1_79' title="bbox 342 4484 1916 4556; baseline 0.004 -18"><span class='ocrx_word' id='word_1_550' title='bbox 342 4484 467 4538; x_wconf 90' lang='lat' dir='ltr'><strong>libri</strong></span> <span class='ocrx_word' id='word_1_551' title='bbox 499 4486 604 4549; x_wconf 92' lang='lat' dir='ltr'><strong>sui,</strong></span> <span class='ocrx_word' id='word_1_552' title='bbox 645 4495 704 4540; x_wconf 90' lang='lat' dir='ltr'><strong>ut</strong></span> <span class='ocrx_word' id='word_1_553' title='bbox 755 4502 864 4540; x_wconf 92' lang='lat' dir='ltr'><strong>non</strong></span> <span class='ocrx_word' id='word_1_554' title='bbox 899 4487 1200 4556; x_wconf 87' lang='lat' dir='ltr'><strong>respiciant</strong></span> <span class='ocrx_word' id='word_1_555' title='bbox 1261 4489 1328 4540; x_wconf 88' lang='lat' dir='ltr'><strong>ad</strong></span> <span class='ocrx_word' id='word_1_556' title='bbox 1389 4488 1795 4544; x_wconf 88' lang='lat' dir='ltr'><strong>multitudinem</strong></span> <span class='ocrx_word' id='word_1_557' title='bbox 1834 4498 1916 4544; x_wconf 92' lang='lat' dir='ltr'><strong>te-</strong></span> 
     </span>
    </p>
   </div>
   <div class='ocr_carea' id='block_1_80' title="bbox 2021 3299 3601 3372">
    <p class='ocr_par' dir='ltr' id='par_1_80' title="bbox 2021 3299 3601 3372">
     <span class='ocr_line' id='line_1_80' title="bbox 2021 3299 3601 3372; baseline -0.002 -18"><span class='ocrx_word' id='word_1_558' title='bbox 2021 3301 2148 3372; x_wconf 73' lang='grc' dir='ltr'><em>περὶ</em></span> <span class='ocrx_word' id='word_1_559' title='bbox 2179 3301 2392 3354; x_wconf 74' lang='grc' dir='ltr'><em>πάντων</em></span> <span class='ocrx_word' id='word_1_560' title='bbox 2412 3300 2519 3352; x_wconf 81' lang='grc' dir='ltr'><em>τῶν</em></span> <span class='ocrx_word' id='word_1_561' title='bbox 2546 3302 2628 3368; x_wconf 73' lang='grc' dir='ltr'><strong>ἐφ’</strong></span> <span class='ocrx_word' id='word_1_562' title='bbox 2656 3300 2808 3371; x_wconf 74' lang='grc' dir='ltr'><em>ὕϐρει</em></span> <span class='ocrx_word' id='word_1_563' title='bbox 2839 3301 3110 3371; x_wconf 70' lang='grc' dir='ltr'><em>ῥηθέντων</em></span> <span class='ocrx_word' id='word_1_564' title='bbox 3138 3299 3440 3368; x_wconf 78' lang='grc' dir='ltr'><em>φιλοπόνως</em></span> <span class='ocrx_word' id='word_1_565' title='bbox 3463 3300 3601 3352; x_wconf 84' lang='grc' dir='ltr'><em>ἀπο-</em></span> 
     </span>
    </p>
   </div>
   <div class='ocr_carea' id='block_1_81' title="bbox 2020 3385 3607 3464">
    <p class='ocr_par' dir='ltr' id='par_1_81' title="bbox 2020 3385 3607 3464">
     <span class='ocr_line' id='line_1_81' title="bbox 2020 3385 3607 3464; baseline -0.003 -18"><span class='ocrx_word' id='word_1_566' title='bbox 2020 3393 2348 3464; x_wconf 80' lang='grc' dir='ltr'><em>λογήσασθαι</em></span> <span class='ocrx_word' id='word_1_567' title='bbox 2374 3409 2388 3423; x_wconf 89' lang='grc'><strong>·</strong></span> <span class='ocrx_word' id='word_1_568' title='bbox 2421 3394 2501 3445; x_wconf 79' lang='grc' dir='ltr'><em>ὅτι</em></span> <span class='ocrx_word' id='word_1_569' title='bbox 2531 3393 2630 3445; x_wconf 75' lang='grc' dir='ltr'><em>οὐκ</em></span> <span class='ocrx_word' id='word_1_570' title='bbox 2664 3387 2730 3462; x_wconf 76' lang='grc' dir='ltr'><em>ἦν</em></span> <span class='ocrx_word' id='word_1_571' title='bbox 2759 3391 2998 3454; x_wconf 77' lang='grc' dir='ltr'><em>τοιοῦτος</em></span> <span class='ocrx_word' id='word_1_572' title='bbox 3027 3391 3148 3444; x_wconf 86' lang='grc' dir='ltr'><em>καθ’</em></span> <span class='ocrx_word' id='word_1_573' title='bbox 3175 3385 3234 3444; x_wconf 70' lang='grc' dir='ltr'><em>οὗ</em></span> <span class='ocrx_word' id='word_1_574' title='bbox 3261 3391 3431 3444; x_wconf 80' lang='grc' dir='ltr'><em>ταῦτα</em></span> <span class='ocrx_word' id='word_1_575' title='bbox 3468 3408 3607 3460; x_wconf 84' lang='grc' dir='ltr'><em>συμ-</em></span> 
     </span>
    </p>
   </div>
   <div class='ocr_carea' id='block_1_82' title="bbox 2022 3481 3605 3553">
    <p class='ocr_par' dir='ltr' id='par_1_82' title="bbox 2022 3481 3605 3553">
     <span class='ocr_line' id='line_1_82' title="bbox 2022 3481 3605 3553; baseline -0.003 -15"><span class='ocrx_word' id='word_1_576' title='bbox 2022 3485 2358 3549; x_wconf 85' lang='grc' dir='ltr'><em>πέπλασται;</em></span> <span class='ocrx_word' id='word_1_577' title='bbox 2405 3484 2543 3536; x_wconf 81' lang='grc' dir='ltr'><em>Ἀλλ’</em></span> <span class='ocrx_word' id='word_1_578' title='bbox 2574 3483 2713 3535; x_wconf 72' lang='grc' dir='ltr'><em>οὕτω</em></span> <span class='ocrx_word' id='word_1_579' title='bbox 2742 3485 2791 3548; x_wconf 76' lang='grc' dir='ltr'><strong>γ’</strong></span> <span class='ocrx_word' id='word_1_580' title='bbox 2827 3482 2890 3535; x_wconf 88' lang='grc' dir='ltr'><strong>ἀν</strong></span> <span class='ocrx_word' id='word_1_581' title='bbox 2921 3483 3015 3536; x_wconf 70' lang='grc' dir='ltr'><em>καὶ</em></span> <span class='ocrx_word' id='word_1_582' title='bbox 3045 3485 3204 3553; x_wconf 82' lang='grc' dir='ltr'>ἡμεῖς</span> <span class='ocrx_word' id='word_1_583' title='bbox 3238 3481 3605 3551; x_wconf 79' lang='grc' dir='ltr'><em>συγκαθυϐρί-</em></span> 
     </span>
    </p>
   </div>
   <div class='ocr_carea' id='block_1_83' title="bbox 2021 3571 3604 3648">
    <p class='ocr_par' dir='ltr' id='par_1_83' title="bbox 2021 3571 3604 3648">
     <span class='ocr_line' id='line_1_83' title="bbox 2021 3571 3604 3648; baseline -0.002 -20"><span class='ocrx_word' id='word_1_584' title='bbox 2021 3575 2131 3639; x_wconf 78' lang='grc' dir='ltr'><em>ζειν</em></span> <span class='ocrx_word' id='word_1_585' title='bbox 2155 3576 2480 3648; x_wconf 81' lang='grc' dir='ltr'><em>δοκήσαιμεν</em></span> <span class='ocrx_word' id='word_1_586' title='bbox 2516 3575 2606 3627; x_wconf 75' lang='grc' dir='ltr'><em>τὸν</em></span> <span class='ocrx_word' id='word_1_587' title='bbox 2633 3574 2753 3627; x_wconf 75' lang='grc' dir='ltr'><em>ἀντὶ</em></span> <span class='ocrx_word' id='word_1_588' title='bbox 2780 3574 3064 3644; x_wconf 68' lang='grc' dir='ltr'><em>φωστῆρος</em></span> <span class='ocrx_word' id='word_1_589' title='bbox 3093 3575 3155 3643; x_wconf 84' lang='grc' dir='ltr'><em>τῇ</em></span> <span class='ocrx_word' id='word_1_590' title='bbox 3188 3574 3352 3643; x_wconf 80' lang='grc' dir='ltr'><em>γενεᾷ</em></span> <span class='ocrx_word' id='word_1_591' title='bbox 3379 3571 3604 3640; x_wconf 65' lang='grc' dir='ltr'><em>διαλάμσ</em></span> 
     </span>
    </p>
   </div>
   <div class='ocr_carea' id='block_1_84' title="bbox 2019 3663 3608 3737">
    <p class='ocr_par' dir='ltr' id='par_1_84' title="bbox 2019 3663 3608 3737">
     <span class='ocr_line' id='line_1_84' title="bbox 2019 3663 3608 3737; baseline -0.004 -16"><span class='ocrx_word' id='word_1_592' title='bbox 2019 3667 2216 3736; x_wconf 72' lang='grc' dir='ltr'><em>ψαντα,</em></span> <span class='ocrx_word' id='word_1_593' title='bbox 2244 3667 2538 3737; x_wconf 81' lang='grc' dir='ltr'><strong>ἀγαπητῶς</strong></span> <span class='ocrx_word' id='word_1_594' title='bbox 2561 3666 2621 3718; x_wconf 80' lang='grc' dir='ltr'><em>τὸ</em></span> <span class='ocrx_word' id='word_1_595' title='bbox 2651 3665 2722 3736; x_wconf 82' lang='grc' dir='ltr'><em>μὴ</em></span> <span class='ocrx_word' id='word_1_596' title='bbox 2747 3665 3074 3735; x_wconf 70' lang='grc' dir='ltr'><em>κακοῦργον,</em></span> <span class='ocrx_word' id='word_1_597' title='bbox 3105 3663 3198 3717; x_wconf 66' lang='grc' dir='ltr'><em>καὶ</em></span> <span class='ocrx_word' id='word_1_598' title='bbox 3221 3663 3608 3731; x_wconf 71' lang='grc' dir='ltr'><em>κατεγνωσμέ-</em></span> 
     </span>
    </p>
   </div>
   <div class='ocr_carea' id='block_1_85' title="bbox 2021 3755 3608 3826">
    <p class='ocr_par' dir='ltr' id='par_1_85' title="bbox 2021 3755 3608 3826">
     <span class='ocr_line' id='line_1_85' title="bbox 2021 3755 3608 3826; baseline -0.004 -12"><span class='ocrx_word' id='word_1_599' title='bbox 2021 3780 2110 3816; x_wconf 89' lang='grc' dir='ltr'><strong>νον</strong></span> <span class='ocrx_word' id='word_1_600' title='bbox 2165 3758 2322 3825; x_wconf 79' lang='grc' dir='ltr'><em>εἶναι,</em></span> <span class='ocrx_word' id='word_1_601' title='bbox 2371 3760 2460 3812; x_wconf 76' lang='grc' dir='ltr'><em>διὰ</em></span> <span class='ocrx_word' id='word_1_602' title='bbox 2517 3759 2624 3812; x_wconf 79' lang='grc' dir='ltr'><em>τῶν</em></span> <span class='ocrx_word' id='word_1_603' title='bbox 2686 3758 2859 3826; x_wconf 84' lang='grc' dir='ltr'><em>λόγων</em></span> <span class='ocrx_word' id='word_1_604' title='bbox 2923 3756 3382 3820; x_wconf 60' lang='grc' dir='ltr'><em>ἀποδεικνύοντες.</em></span> <span class='ocrx_word' id='word_1_605' title='bbox 3447 3755 3608 3807; x_wconf 69' lang='grc' dir='ltr'><em>Ἀλλὰ</em></span> 
     </span>
    </p>
   </div>
   <div class='ocr_carea' id='block_1_86' title="bbox 2025 3846 3606 3924">
    <p class='ocr_par' dir='ltr' id='par_1_86' title="bbox 2025 3846 3606 3924">
     <span class='ocr_line' id='line_1_86' title="bbox 2025 3846 3606 3924; baseline -0.006 -18"><span class='ocrx_word' id='word_1_606' title='bbox 2025 3854 2305 3924; x_wconf 81' lang='grc' dir='ltr'><em>μέμνημαι</em></span> <span class='ocrx_word' id='word_1_607' title='bbox 2334 3853 2431 3922; x_wconf 76' lang='grc' dir='ltr'><em>τῆς</em></span> <span class='ocrx_word' id='word_1_608' title='bbox 2465 3851 2614 3912; x_wconf 83' lang='grc' dir='ltr'><em>θείας</em></span> <span class='ocrx_word' id='word_1_609' title='bbox 2653 3850 2864 3918; x_wconf 78' lang='grc' dir='ltr'><em>ἐκείνης</em></span> <span class='ocrx_word' id='word_1_610' title='bbox 2902 3849 3103 3917; x_wconf 78' lang='grc' dir='ltr'><em>φωνῆς,</em></span> <span class='ocrx_word' id='word_1_611' title='bbox 3136 3847 3211 3910; x_wconf 82' lang='grc' dir='ltr'><em>ὡς</em></span> <span class='ocrx_word' id='word_1_612' title='bbox 3253 3846 3606 3916; x_wconf 74' lang='grc' dir='ltr'><em>προφητικῶς</em></span> 
     </span>
    </p>
   </div>
   <div class='ocr_carea' id='block_1_87' title="bbox 2023 3937 3605 4013">
    <p class='ocr_par' dir='ltr' id='par_1_87' title="bbox 2023 3937 3605 4013">
     <span class='ocr_line' id='line_1_87' title="bbox 2023 3937 3605 4013; baseline -0.003 -19"><span class='ocrx_word' id='word_1_613' title='bbox 2023 3943 2150 4013; x_wconf 77' lang='grc' dir='ltr'><em>περὶ</em></span> <span class='ocrx_word' id='word_1_614' title='bbox 2179 3941 2341 3995; x_wconf 83' lang='grc' dir='ltr'><em>αύτοῦ</em></span> <span class='ocrx_word' id='word_1_615' title='bbox 2381 3942 2446 3994; x_wconf 75' lang='grc' dir='ltr'><em>τὰ</em></span> <span class='ocrx_word' id='word_1_616' title='bbox 2493 3941 2556 3992; x_wconf 86' lang='grc' dir='ltr'><strong>ἐκ</strong></span> <span class='ocrx_word' id='word_1_617' title='bbox 2599 3941 2694 4009; x_wconf 72' lang='grc' dir='ltr'><em>τῆς</em></span> <span class='ocrx_word' id='word_1_618' title='bbox 2743 3939 3075 4009; x_wconf 65' lang='grc' dir='ltr'><em>προφητείας</em></span> <span class='ocrx_word' id='word_1_619' title='bbox 3106 3937 3426 4005; x_wconf 67' lang='grc' dir='ltr'><em>ἐφθέγξατο,</em></span> <span class='ocrx_word' id='word_1_620' title='bbox 3468 3939 3605 3991; x_wconf 69' lang='grc' dir='ltr'><em>ὅπου</em></span> 
     </span>
    </p>
   </div>
   <div class='ocr_carea' id='block_1_88' title="bbox 2021 4030 3604 4102">
    <p class='ocr_par' dir='ltr' id='par_1_88' title="bbox 2021 4030 3604 4102">
     <span class='ocr_line' id='line_1_88' title="bbox 2021 4030 3604 4102; baseline -0.004 -14"><span class='ocrx_word' id='word_1_621' title='bbox 2021 4038 2140 4098; x_wconf 86' lang='grc' dir='ltr'><em>ταῖς</em></span> <span class='ocrx_word' id='word_1_622' title='bbox 2179 4033 2551 4102; x_wconf 72' lang='grc' dir='ltr'><em>ἀναισχύντοις</em></span> <span class='ocrx_word' id='word_1_623' title='bbox 2585 4032 2746 4085; x_wconf 68' lang='grc' dir='ltr'><em>αὐτὸν</em></span> <span class='ocrx_word' id='word_1_624' title='bbox 2781 4032 2887 4088; x_wconf 79' lang='grc' dir='ltr'><em>τῶν</em></span> <span class='ocrx_word' id='word_1_625' title='bbox 2931 4030 3205 4099; x_wconf 84' lang='grc' dir='ltr'><em>γυναικῶν</em></span> <span class='ocrx_word' id='word_1_626' title='bbox 3243 4031 3604 4100; x_wconf 66' lang='grc' dir='ltr'><em>παρεικάζειο</em></span> 
     </span>
    </p>
   </div>
   <div class='ocr_carea' id='block_1_89' title="bbox 2023 4121 3602 4192">
    <p class='ocr_par' dir='ltr' id='par_1_89' title="bbox 2023 4121 3602 4192">
     <span class='ocr_line' id='line_1_89' title="bbox 2023 4121 3602 4192; baseline -0.003 -14"><span class='ocrx_word' id='word_1_627' title='bbox 2023 4125 2076 4177; x_wconf 75' lang='grc' dir='ltr'><em>αἳ</em></span> <span class='ocrx_word' id='word_1_628' title='bbox 2116 4125 2186 4178; x_wconf 78' lang='grc' dir='ltr'><em>τὰ</em></span> <span class='ocrx_word' id='word_1_629' title='bbox 2231 4125 2340 4176; x_wconf 80' lang='grc' dir='ltr'><em>ἴδια</em></span> <span class='ocrx_word' id='word_1_630' title='bbox 2389 4124 2563 4192; x_wconf 75' lang='grc' dir='ltr'><em>ὀνείδη</em></span> <span class='ocrx_word' id='word_1_631' title='bbox 2619 4127 2736 4184; x_wconf 84' lang='grc' dir='ltr'><em>ταῖς</em></span> <span class='ocrx_word' id='word_1_632' title='bbox 2789 4121 3192 4192; x_wconf 81' lang='grc' dir='ltr'><em>σωφρονούσαις</em></span> <span class='ocrx_word' id='word_1_633' title='bbox 3247 4121 3602 4190; x_wconf 59' lang='grc' dir='ltr'><em>προφέρουσι.</em></span> 
     </span>
    </p>
   </div>
   <div class='ocr_carea' id='block_1_90' title="bbox 2023 4212 3603 4286">
    <p class='ocr_par' dir='ltr' id='par_1_90' title="bbox 2023 4212 3603 4286">
     <span class='ocr_line' id='line_1_90' title="bbox 2023 4212 3603 4286; baseline -0.001 -18"><span class='ocrx_word' id='word_1_634' title='bbox 2023 4216 2156 4268; x_wconf 76' lang='grc' dir='ltr'><em>Τίνα</em></span> <span class='ocrx_word' id='word_1_635' title='bbox 2188 4215 2295 4286; x_wconf 73' lang='grc' dir='ltr'><em>γὰρ</em></span> <span class='ocrx_word' id='word_1_636' title='bbox 2334 4213 2525 4284; x_wconf 78' lang='grc' dir='ltr'><em>ἐχθρὸν</em></span> <span class='ocrx_word' id='word_1_637' title='bbox 2563 4213 2658 4282; x_wconf 83' lang='grc' dir='ltr'><em>τῆς</em></span> <span class='ocrx_word' id='word_1_638' title='bbox 2687 4213 2942 4283; x_wconf 78' lang='grc' dir='ltr'><em>ἀληθείας</em></span> <span class='ocrx_word' id='word_1_639' title='bbox 2974 4215 3022 4264; x_wconf 77' lang='lat' dir='ltr'><strong>oi</strong></span> <span class='ocrx_word' id='word_1_640' title='bbox 3052 4212 3200 4282; x_wconf 87' lang='grc' dir='ltr'><em>λόγοι</em></span> <span class='ocrx_word' id='word_1_641' title='bbox 3244 4213 3603 4284; x_wconf 58' lang='lat' dir='ltr'><strong>tingat-coact;</strong></span> 
     </span>
    </p>
   </div>
   <div class='ocr_carea' id='block_1_91' title="bbox 2023 4303 3606 4373">
    <p class='ocr_par' dir='ltr' id='par_1_91' title="bbox 2023 4303 3606 4373">
     <span class='ocr_line' id='line_1_91' title="bbox 2023 4303 3606 4373; baseline -0.003 -15"><span class='ocrx_word' id='word_1_642' title='bbox 2023 4305 2156 4358; x_wconf 84' lang='grc' dir='ltr'><em>Τίνα</em></span> <span class='ocrx_word' id='word_1_643' title='bbox 2202 4308 2316 4367; x_wconf 83' lang='grc' dir='ltr'><em>ταῖς</em></span> <span class='ocrx_word' id='word_1_644' title='bbox 2363 4305 2471 4358; x_wconf 83' lang='grc' dir='ltr'><em>τῶν</em></span> <span class='ocrx_word' id='word_1_645' title='bbox 2517 4304 2724 4357; x_wconf 81' lang='grc' dir='ltr'><em>πολλῶν</em></span> <span class='ocrx_word' id='word_1_646' title='bbox 2771 4303 2950 4370; x_wconf 77' lang='grc' dir='ltr'><em>δόξαις</em></span> <span class='ocrx_word' id='word_1_647' title='bbox 2997 4304 3476 4373; x_wconf 49' lang='grc' dir='ltr'><em>ἀντιτασσόμενος</em></span> <span class='ocrx_word' id='word_1_648' title='bbox 3511 4304 3606 4365; x_wconf 81' lang='grc' dir='ltr'><em>Τίς</em></span> 
     </span>
    </p>
   </div>
   <div class='ocr_carea' id='block_1_92' title="bbox 2023 4394 3606 4468">
    <p class='ocr_par' dir='ltr' id='par_1_92' title="bbox 2023 4394 3606 4468">
     <span class='ocr_line' id='line_1_92' title="bbox 2023 4394 3606 4468; baseline -0.003 -18"><span class='ocrx_word' id='word_1_649' title='bbox 2023 4399 2250 4450; x_wconf 80' lang='grc' dir='ltr'><em>αἰτεῖται</em></span> <span class='ocrx_word' id='word_1_650' title='bbox 2284 4397 2410 4468; x_wconf 72' lang='grc' dir='ltr'><em>περὶ</em></span> <span class='ocrx_word' id='word_1_651' title='bbox 2435 4398 2542 4449; x_wconf 86' lang='grc' dir='ltr'><em>τῶν</em></span> <span class='ocrx_word' id='word_1_652' title='bbox 2571 4395 3006 4466; x_wconf 77' lang='grc' dir='ltr'><em>ἐντυγχανόντων</em></span> <span class='ocrx_word' id='word_1_653' title='bbox 3036 4395 3198 4447; x_wconf 73' lang='grc' dir='ltr'><em>αὑτοῦ</em></span> <span class='ocrx_word' id='word_1_654' title='bbox 3229 4394 3306 4463; x_wconf 74' lang='grc' dir='ltr'><em>τῷ</em></span> <span class='ocrx_word' id='word_1_655' title='bbox 3332 4395 3606 4462; x_wconf 74' lang='grc' dir='ltr'><em>συγγραμ-</em></span> 
     </span>
    </p>
   </div>
   <div class='ocr_carea' id='block_1_93' title="bbox 2031 4487 3601 4562">
    <p class='ocr_par' dir='ltr' id='par_1_93' title="bbox 2031 4487 3601 4562">
     <span class='ocr_line' id='line_1_93' title="bbox 2031 4487 3601 4562; baseline 0.007 -32"><span class='ocrx_word' id='word_1_656' title='bbox 2031 4509 2183 4562; x_wconf 70' lang='grc' dir='ltr'><strong>ματι¹</strong></span> <span class='ocrx_word' id='word_1_657' title='bbox 2219 4491 2293 4560; x_wconf 77' lang='grc' dir='ltr'><em>μὴ</em></span> <span class='ocrx_word' id='word_1_658' title='bbox 2331 4490 2466 4560; x_wconf 74' lang='grc' dir='ltr'><em>πρὸς</em></span> <span class='ocrx_word' id='word_1_659' title='bbox 2513 4494 2573 4541; x_wconf 83' lang='grc' dir='ltr'><em>τὸ</em></span> <span class='ocrx_word' id='word_1_660' title='bbox 2615 4487 2817 4556; x_wconf 84' lang='grc' dir='ltr'><em>πλῆοος</em></span> <span class='ocrx_word' id='word_1_661' title='bbox 2845 4487 2950 4538; x_wconf 84' lang='grc' dir='ltr'><em>τῶν</em></span> <span class='ocrx_word' id='word_1_662' title='bbox 2989 4487 3406 4558; x_wconf 67' lang='grc' dir='ltr'><em>μαρτυρούντων</em></span> <span class='ocrx_word' id='word_1_663' title='bbox 3451 4490 3601 4557; x_wconf 66' lang='grc' dir='ltr'><strong>ὁρᾷ-α,</strong></span> 
     </span>
    </p>
   </div>
   <div class='ocr_carea' id='block_1_94' title="bbox 347 4567 1913 4655">
    <p class='ocr_par' dir='ltr' id='par_1_94' title="bbox 347 4578 1913 4650">
     <span class='ocr_line' id='line_1_94' title="bbox 347 4578 1913 4650; baseline 0.004 -20"><span class='ocrx_word' id='word_1_664' title='bbox 347 4578 541 4642; x_wconf 85' lang='lat' dir='ltr'><strong>stium,</strong></span> <span class='ocrx_word' id='word_1_665' title='bbox 572 4593 750 4647; x_wconf 89' lang='lat' dir='ltr'><strong>neque</strong></span> <span class='ocrx_word' id='word_1_666' title='bbox 789 4579 854 4632; x_wconf 90' lang='lat' dir='ltr'><strong>ad</strong></span> <span class='ocrx_word' id='word_1_667' title='bbox 887 4581 1296 4649; x_wconf 89' lang='lat' dir='ltr'><strong>antiquitatem,</strong></span> <span class='ocrx_word' id='word_1_668' title='bbox 1330 4596 1507 4650; x_wconf 88' lang='lat' dir='ltr'><strong>neque</strong></span> <span class='ocrx_word' id='word_1_669' title='bbox 1550 4583 1913 4636; x_wconf 72' lang='lat' dir='ltr'><strong>assentiamur</strong></span> 
     </span>
    </p>
   </div>
   <div class='ocr_carea' id='block_1_95' title="bbox 2017 4567 3604 4655">
    <p class='ocr_par' dir='ltr' id='par_1_95' title="bbox 2033 4578 3604 4655">
     <span class='ocr_line' id='line_1_95' title="bbox 2033 4578 3604 4655; baseline -0.006 -18"><span class='ocrx_word' id='word_1_670' title='bbox 2033 4585 2168 4655; x_wconf 78' lang='grc' dir='ltr'><em>μηδὲ</em></span> <span class='ocrx_word' id='word_1_671' title='bbox 2217 4583 2352 4654; x_wconf 71' lang='grc' dir='ltr'><em>πρὸς</em></span> <span class='ocrx_word' id='word_1_672' title='bbox 2386 4581 2482 4651; x_wconf 75' lang='grc' dir='ltr'><em>τὴν</em></span> <span class='ocrx_word' id='word_1_673' title='bbox 2523 4581 2857 4651; x_wconf 84' lang='grc' dir='ltr'><em>ἀρχαιότητα</em></span> <span class='ocrx_word' id='word_1_674' title='bbox 2905 4578 3142 4647; x_wconf 81' lang='grc' dir='ltr'><em>βλέπειν,</em></span> <span class='ocrx_word' id='word_1_675' title='bbox 3196 4579 3327 4648; x_wconf 79' lang='grc' dir='ltr'><em>μηδὲ</em></span> <span class='ocrx_word' id='word_1_676' title='bbox 3364 4578 3498 4646; x_wconf 81' lang='grc' dir='ltr'><em>πρὸς</em></span> <span class='ocrx_word' id='word_1_677' title='bbox 3544 4579 3604 4628; x_wconf 50' lang='grc' dir='ltr'><strong>τι,</strong></span> 
     </span>
    </p>
   </div>
   <div class='ocr_carea' id='block_1_96' title="bbox 347 4661 1928 4743">
    <p class='ocr_par' dir='ltr' id='par_1_96' title="bbox 347 4661 1928 4743">
     <span class='ocr_line' id='line_1_96' title="bbox 347 4661 1928 4743; baseline 0.006 -21"><span class='ocrx_word' id='word_1_678' title='bbox 347 4669 478 4731; x_wconf 87' lang='lat' dir='ltr'><strong>illis,</strong></span> <span class='ocrx_word' id='word_1_679' title='bbox 515 4669 670 4737; x_wconf 89' lang='lat' dir='ltr'><strong>quasi</strong></span> <span class='ocrx_word' id='word_1_680' title='bbox 697 4669 800 4723; x_wconf 81' lang='lat' dir='ltr'><strong>fide</strong></span> <span class='ocrx_word' id='word_1_681' title='bbox 830 4677 884 4724; x_wconf 89' lang='lat' dir='ltr'><strong>et</strong></span> <span class='ocrx_word' id='word_1_682' title='bbox 919 4685 1151 4735; x_wconf 77' lang='lat' dir='ltr'><strong>assensu</strong></span> <span class='ocrx_word' id='word_1_683' title='bbox 1188 4673 1344 4742; x_wconf 85' lang='lat' dir='ltr'><strong>longe</strong></span> <span class='ocrx_word' id='word_1_684' title='bbox 1374 4661 1928 4743; x_wconf 84' lang='lat' dir='ltr'><strong>dignioribus?Ejus-</strong></span> 
     </span>
    </p>
   </div>
   <div class='ocr_carea' id='block_1_97' title="bbox 344 4759 1925 4834">
    <p class='ocr_par' dir='ltr' id='par_1_97' title="bbox 344 4759 1925 4834">
     <span class='ocr_line' id='line_1_97' title="bbox 344 4759 1925 4834; baseline 0.003 -20"><span class='ocrx_word' id='word_1_685' title='bbox 344 4762 466 4814; x_wconf 89' lang='lat' dir='ltr'><strong>dem</strong></span> <span class='ocrx_word' id='word_1_686' title='bbox 496 4759 746 4814; x_wconf 86' lang='lat' dir='ltr'><strong>videlicet</strong></span> <span class='ocrx_word' id='word_1_687' title='bbox 772 4768 856 4814; x_wconf 86' lang='lat' dir='ltr'><strong>est</strong></span> <span class='ocrx_word' id='word_1_688' title='bbox 885 4769 939 4816; x_wconf 88' lang='lat' dir='ltr'><strong>et</strong></span> <span class='ocrx_word' id='word_1_689' title='bbox 971 4762 1090 4816; x_wconf 79' lang='lat' dir='ltr'><strong>haec</strong></span> <span class='ocrx_word' id='word_1_690' title='bbox 1129 4764 1395 4826; x_wconf 85' lang='lat' dir='ltr'><strong>scribere,</strong></span> <span class='ocrx_word' id='word_1_691' title='bbox 1437 4773 1492 4817; x_wconf 84' lang='lat' dir='ltr'><strong>et</strong></span> <span class='ocrx_word' id='word_1_692' title='bbox 1545 4765 1644 4817; x_wconf 89' lang='lat' dir='ltr'><strong>illa</strong></span> <span class='ocrx_word' id='word_1_693' title='bbox 1675 4765 1925 4834; x_wconf 87' lang='lat' dir='ltr'><strong>proferre</strong></span> 
     </span>
    </p>
   </div>
   <div class='ocr_carea' id='block_1_98' title="bbox 346 4851 1926 4920">
    <p class='ocr_par' dir='ltr' id='par_1_98' title="bbox 346 4851 1926 4920">
     <span class='ocr_line' id='line_1_98' title="bbox 346 4851 1926 4920; baseline 0.003 -14"><span class='ocrx_word' id='word_1_694' title='bbox 346 4851 700 4920; x_wconf 87' lang='lat' dir='ltr'><strong>stndereque,</strong></span> <span class='ocrx_word' id='word_1_695' title='bbox 733 4859 794 4904; x_wconf 93' lang='lat' dir='ltr'><strong>ut</strong></span> <span class='ocrx_word' id='word_1_696' title='bbox 825 4855 944 4908; x_wconf 87' lang='lat' dir='ltr'><strong>suis</strong></span> <span class='ocrx_word' id='word_1_697' title='bbox 997 4855 1335 4910; x_wconf 89' lang='lat' dir='ltr'><strong>novitatibus</strong></span> <span class='ocrx_word' id='word_1_698' title='bbox 1373 4856 1680 4910; x_wconf 89' lang='lat' dir='ltr'><strong>auditorum</strong></span> <span class='ocrx_word' id='word_1_699' title='bbox 1714 4859 1926 4912; x_wconf 91' lang='lat' dir='ltr'><strong>animos</strong></span> 
     </span>
    </p>
   </div>
   <div class='ocr_carea' id='block_1_99' title="bbox 346 4943 1924 5018">
    <p class='ocr_par' dir='ltr' id='par_1_99' title="bbox 346 4943 1924 5018">
     <span class='ocr_line' id='line_1_99' title="bbox 346 4943 1924 5018; baseline 0.003 -19"><span class='ocrx_word' id='word_1_700' title='bbox 346 4943 822 4999; x_wconf 81' lang='lat' dir='ltr'><strong>concilietzalios</strong></span> <span class='ocrx_word' id='word_1_701' title='bbox 879 4953 1060 5001; x_wconf 89' lang='lat' dir='ltr'><strong>autem</strong></span> <span class='ocrx_word' id='word_1_702' title='bbox 1122 4948 1391 5002; x_wconf 81' lang='lat' dir='ltr'><strong>conviciis</strong></span> <span class='ocrx_word' id='word_1_703' title='bbox 1448 4950 1746 5018; x_wconf 89' lang='lat' dir='ltr'><strong>incessere,</strong></span> <span class='ocrx_word' id='word_1_704' title='bbox 1801 4959 1924 5004; x_wconf 88' lang='lat' dir='ltr'><strong>tan-</strong></span> 
     </span>
    </p>
   </div>
   <div class='ocr_carea' id='block_1_100' title="bbox 344 5037 1919 5108">
    <p class='ocr_par' dir='ltr' id='par_1_100' title="bbox 344 5037 1919 5108">
     <span class='ocr_line' id='line_1_100' title="bbox 344 5037 1919 5108; baseline 0.006 -19"><span class='ocrx_word' id='word_1_705' title='bbox 344 5050 510 5105; x_wconf 88' lang='lat' dir='ltr'><strong>quam</strong></span> <span class='ocrx_word' id='word_1_706' title='bbox 574 5037 851 5090; x_wconf 91' lang='lat' dir='ltr'><strong>communi</strong></span> <span class='ocrx_word' id='word_1_707' title='bbox 915 5037 1193 5092; x_wconf 87' lang='lat' dir='ltr'><strong>hominum</strong></span> <span class='ocrx_word' id='word_1_708' title='bbox 1271 5041 1512 5108; x_wconf 91' lang='lat' dir='ltr'><strong>opinioni</strong></span> <span class='ocrx_word' id='word_1_709' title='bbox 1591 5043 1919 5098; x_wconf 90' lang='lat' dir='ltr'><strong>contrarios.</strong></span> 
     </span>
    </p>
   </div>
   <div class='ocr_carea' id='block_1_101' title="bbox 346 5126 1922 5202">
    <p class='ocr_par' dir='ltr' id='par_1_101' title="bbox 346 5126 1922 5202">
     <span class='ocr_line' id='line_1_101' title="bbox 346 5126 1922 5202; baseline 0.005 -22"><span class='ocrx_word' id='word_1_710' title='bbox 346 5126 486 5182; x_wconf 80' lang='lat' dir='ltr'><strong>Illud</strong></span> <span class='ocrx_word' id='word_1_711' title='bbox 513 5143 664 5191; x_wconf 86' lang='lat' dir='ltr'><strong>vero,</strong></span> <span class='ocrx_word' id='word_1_712' title='bbox 686 5145 788 5182; x_wconf 88' lang='lat' dir='ltr'><strong>non</strong></span> <span class='ocrx_word' id='word_1_713' title='bbox 815 5131 1035 5183; x_wconf 86' lang='lat' dir='ltr'><strong>revereri</strong></span> <span class='ocrx_word' id='word_1_714' title='bbox 1063 5131 1486 5200; x_wconf 84' lang='lat' dir='ltr'><strong>redargutionem</strong></span> <span class='ocrx_word' id='word_1_715' title='bbox 1513 5151 1578 5188; x_wconf 77' lang='lat' dir='ltr'><strong>ex</strong></span> <span class='ocrx_word' id='word_1_716' title='bbox 1615 5136 1768 5189; x_wconf 88' lang='lat' dir='ltr'><strong>rebus</strong></span> <span class='ocrx_word' id='word_1_717' title='bbox 1792 5135 1922 5202; x_wconf 82' lang='lat' dir='ltr'><strong>ipsis</strong></span> 
     </span>
    </p>
   </div>
   <div class='ocr_carea' id='block_1_102' title="bbox 344 5221 1923 5294">
    <p class='ocr_par' dir='ltr' id='par_1_102' title="bbox 344 5221 1923 5294">
     <span class='ocr_line' id='line_1_102' title="bbox 344 5221 1923 5294; baseline 0.006 -23"><span class='ocrx_word' id='word_1_718' title='bbox 344 5221 584 5287; x_wconf 85' lang='lat' dir='ltr'><strong>petitam,</strong></span> <span class='ocrx_word' id='word_1_719' title='bbox 607 5237 770 5290; x_wconf 88' lang='lat' dir='ltr'><strong>neque</strong></span> <span class='ocrx_word' id='word_1_720' title='bbox 793 5221 1243 5290; x_wconf 83' lang='lat' dir='ltr'><strong>reprehensionem</strong></span> <span class='ocrx_word' id='word_1_721' title='bbox 1265 5223 1561 5286; x_wconf 87' lang='lat' dir='ltr'><strong>hominum,</strong></span> <span class='ocrx_word' id='word_1_722' title='bbox 1589 5233 1643 5278; x_wconf 89' lang='lat' dir='ltr'><strong>et</strong></span> <span class='ocrx_word' id='word_1_723' title='bbox 1670 5225 1720 5278; x_wconf 90' lang='lat' dir='ltr'><strong>id</strong></span> <span class='ocrx_word' id='word_1_724' title='bbox 1752 5241 1923 5294; x_wconf 88' lang='lat' dir='ltr'><strong>genus</strong></span> 
     </span>
    </p>
   </div>
   <div class='ocr_carea' id='block_1_103' title="bbox 347 5311 1921 5387">
    <p class='ocr_par' dir='ltr' id='par_1_103' title="bbox 347 5311 1921 5387">
     <span class='ocr_line' id='line_1_103' title="bbox 347 5311 1921 5387; baseline 0.005 -25"><span class='ocrx_word' id='word_1_725' title='bbox 347 5311 476 5374; x_wconf 85' lang='lat' dir='ltr'><strong>alia,</strong></span> <span class='ocrx_word' id='word_1_726' title='bbox 506 5328 628 5382; x_wconf 67' lang='lat' dir='ltr'><strong>quae</strong></span> <span class='ocrx_word' id='word_1_727' title='bbox 653 5315 985 5384; x_wconf 85' lang='lat' dir='ltr'><strong>impotenter</strong></span> <span class='ocrx_word' id='word_1_728' title='bbox 1013 5313 1230 5380; x_wconf 77' lang='lat' dir='ltr'><strong>eﬂ‘utiit,</strong></span> <span class='ocrx_word' id='word_1_729' title='bbox 1268 5317 1489 5372; x_wconf 84' lang='lat' dir='ltr'><strong>lectoris</strong></span> <span class='ocrx_word' id='word_1_730' title='bbox 1515 5318 1722 5387; x_wconf 88' lang='lat' dir='ltr'><strong>judicio</strong></span> <span class='ocrx_word' id='word_1_731' title='bbox 1753 5319 1921 5373; x_wconf 88' lang='lat' dir='ltr'><strong>relin-</strong></span> 
     </span>
    </p>
   </div>
   <div class='ocr_carea' id='block_1_104' title="bbox 349 5407 1923 5479">
    <p class='ocr_par' dir='ltr' id='par_1_104' title="bbox 349 5407 1923 5479">
     <span class='ocr_line' id='line_1_104' title="bbox 349 5407 1923 5479; baseline 0.006 -24"><span class='ocrx_word' id='word_1_732' title='bbox 349 5416 501 5471; x_wconf 89' lang='lat' dir='ltr'><strong>quo:</strong></span> <span class='ocrx_word' id='word_1_733' title='bbox 535 5407 754 5460; x_wconf 90' lang='lat' dir='ltr'><strong>cuinam</strong></span> <span class='ocrx_word' id='word_1_734' title='bbox 793 5422 927 5462; x_wconf 82' lang='lat' dir='ltr'><strong>vero</strong></span> <span class='ocrx_word' id='word_1_735' title='bbox 955 5415 1289 5477; x_wconf 87' lang='lat' dir='ltr'><strong>competant,</strong></span> <span class='ocrx_word' id='word_1_736' title='bbox 1340 5425 1472 5464; x_wconf 90' lang='lat' dir='ltr'><strong>num</strong></span> <span class='ocrx_word' id='word_1_737' title='bbox 1527 5411 1625 5471; x_wconf 88' lang='lat' dir='ltr'><strong>illi,</strong></span> <span class='ocrx_word' id='word_1_738' title='bbox 1659 5411 1751 5479; x_wconf 87' lang='lat' dir='ltr'><strong>qui</strong></span> <span class='ocrx_word' id='word_1_739' title='bbox 1790 5420 1923 5464; x_wconf 87' lang='lat' dir='ltr'><strong>tem-</strong></span> 
     </span>
    </p>
   </div>
   <div class='ocr_carea' id='block_1_105' title="bbox 348 5495 1922 5574">
    <p class='ocr_par' dir='ltr' id='par_1_105' title="bbox 348 5495 1922 5574">
     <span class='ocr_line' id='line_1_105' title="bbox 348 5495 1922 5574; baseline 0.008 -28"><span class='ocrx_word' id='word_1_740' title='bbox 348 5495 672 5564; x_wconf 80' lang='lat' dir='ltr'><strong>perantiam,</strong></span> <span class='ocrx_word' id='word_1_741' title='bbox 723 5501 1126 5568; x_wconf 88' lang='lat' dir='ltr'><strong>verecundiam,</strong></span> <span class='ocrx_word' id='word_1_742' title='bbox 1192 5501 1538 5567; x_wconf 86' lang='lat' dir='ltr'><strong>modestiam,</strong></span> <span class='ocrx_word' id='word_1_743' title='bbox 1596 5518 1922 5574; x_wconf 89' lang='lat' dir='ltr'><strong>omnemque</strong></span> 
     </span>
    </p>
   </div>
   <div class='ocr_carea' id='block_1_106' title="bbox 421 5669 856 5738">
    <p class='ocr_par' dir='ltr' id='par_1_106' title="bbox 421 5669 856 5738">
     <span class='ocr_line' id='line_1_106' title="bbox 421 5669 856 5738; baseline 0.007 -10"><span class='ocrx_word' id='word_1_744' title='bbox 421 5670 466 5705; x_wconf 84' lang='grc'><strong>¹⁶</strong></span> <span class='ocrx_word' id='word_1_745' title='bbox 501 5669 616 5728; x_wconf 77' lang='lat' dir='ltr'><strong>Jer.</strong></span> <span class='ocrx_word' id='word_1_746' title='bbox 679 5689 762 5738; x_wconf 84' lang='grc' dir='ltr'><em>ιιι,</em></span> <span class='ocrx_word' id='word_1_747' title='bbox 801 5678 856 5731; x_wconf 79' lang='lat'><strong>3.</strong></span> 
     </span>
    </p>
   </div>
   <div class='ocr_carea' id='block_1_107' title="bbox 2030 4668 3606 4740">
    <p class='ocr_par' dir='ltr' id='par_1_107' title="bbox 2030 4668 3606 4740">
     <span class='ocr_line' id='line_1_107' title="bbox 2030 4668 3606 4740; baseline -0.005 -14"><span class='ocrx_word' id='word_1_748' title='bbox 2030 4673 2337 4739; x_wconf 73' lang='grc' dir='ltr'><em>ἀξιόπιςτον</em></span> <span class='ocrx_word' id='word_1_749' title='bbox 2377 4671 2481 4724; x_wconf 78' lang='grc' dir='ltr'><em>τῶν</em></span> <span class='ocrx_word' id='word_1_750' title='bbox 2516 4671 2646 4740; x_wconf 76' lang='grc' dir='ltr'><em>πρὸς</em></span> <span class='ocrx_word' id='word_1_751' title='bbox 2686 4669 2744 4721; x_wconf 83' lang='grc' dir='ltr'><em>τὸ</em></span> <span class='ocrx_word' id='word_1_752' title='bbox 2785 4671 3028 4740; x_wconf 84' lang='grc' dir='ltr'><em>κρεῖττον</em></span> <span class='ocrx_word' id='word_1_753' title='bbox 3058 4668 3476 4738; x_wconf 62' lang='grc' dir='ltr'><em>ὑπειλημμένων</em></span> <span class='ocrx_word' id='word_1_754' title='bbox 3515 4668 3606 4738; x_wconf 79' lang='grc' dir='ltr'><em>ρέ-</em></span> 
     </span>
    </p>
   </div>
   <div class='ocr_carea' id='block_1_108' title="bbox 2030 4758 3608 4832">
    <p class='ocr_par' dir='ltr' id='par_1_108' title="bbox 2030 4758 3608 4832">
     <span class='ocr_line' id='line_1_108' title="bbox 2030 4758 3608 4832; baseline -0.006 -14"><span class='ocrx_word' id='word_1_755' title='bbox 2030 4783 2151 4818; x_wconf 84' lang='grc' dir='ltr'><em>πειν</em></span> <span class='ocrx_word' id='word_1_756' title='bbox 2182 4770 2300 4828; x_wconf 78' lang='grc' dir='ltr'><em>ταῖς</em></span> <span class='ocrx_word' id='word_1_757' title='bbox 2329 4763 2601 4832; x_wconf 84' lang='grc' dir='ltr'><em>γνώμαις;</em></span> <span class='ocrx_word' id='word_1_758' title='bbox 2634 4764 2775 4832; x_wconf 75' lang='grc' dir='ltr'><em>’Ἄρα</em></span> <span class='ocrx_word' id='word_1_759' title='bbox 2805 4760 2898 4812; x_wconf 74' lang='grc' dir='ltr'><em>τοῦ</em></span> <span class='ocrx_word' id='word_1_760' title='bbox 2938 4761 3100 4813; x_wconf 75' lang='grc' dir='ltr'><em>αὐτοῦ</em></span> <span class='ocrx_word' id='word_1_761' title='bbox 3146 4763 3260 4812; x_wconf 73' lang='grc' dir='ltr'><em>ἐστι</em></span> <span class='ocrx_word' id='word_1_762' title='bbox 3299 4760 3394 4810; x_wconf 71' lang='grc' dir='ltr'><em>καὶ</em></span> <span class='ocrx_word' id='word_1_763' title='bbox 3433 4758 3608 4811; x_wconf 64' lang='grc' dir='ltr'><strong>ταῦτα⁴</strong></span> 
     </span>
    </p>
   </div>
   <div class='ocr_carea' id='block_1_109' title="bbox 2029 4850 3606 4928">
    <p class='ocr_par' dir='ltr' id='par_1_109' title="bbox 2029 4850 3606 4928">
     <span class='ocr_line' id='line_1_109' title="bbox 2029 4850 3606 4928; baseline -0.007 -18"><span class='ocrx_word' id='word_1_764' title='bbox 2029 4858 2282 4928; x_wconf 63' lang='grc' dir='ltr'><em>γράφειν,</em></span> <span class='ocrx_word' id='word_1_765' title='bbox 2313 4856 2404 4908; x_wconf 75' lang='grc' dir='ltr'><em>καὶ</em></span> <span class='ocrx_word' id='word_1_766' title='bbox 2440 4858 2621 4907; x_wconf 81' lang='grc' dir='ltr'><em>ἐκεῖνα</em></span> <span class='ocrx_word' id='word_1_767' title='bbox 2646 4852 2963 4923; x_wconf 70' lang='grc' dir='ltr'><em>προφέρειν,</em></span> <span class='ocrx_word' id='word_1_768' title='bbox 3005 4851 3099 4904; x_wconf 70' lang='grc' dir='ltr'><em>καὶ</em></span> <span class='ocrx_word' id='word_1_769' title='bbox 3129 4853 3244 4912; x_wconf 88' lang='grc' dir='ltr'><em>ταῖς</em></span> <span class='ocrx_word' id='word_1_770' title='bbox 3277 4852 3373 4920; x_wconf 82' lang='grc' dir='ltr'><em>μὲν</em></span> <span class='ocrx_word' id='word_1_771' title='bbox 3412 4850 3606 4903; x_wconf 77' lang='grc' dir='ltr'><em>ἐαυτοῦ</em></span> 
     </span>
    </p>
   </div>
   <div class='ocr_carea' id='block_1_110' title="bbox 2028 4942 3602 5017">
    <p class='ocr_par' dir='ltr' id='par_1_110' title="bbox 2028 4942 3602 5017">
     <span class='ocr_line' id='line_1_110' title="bbox 2028 4942 3602 5017; baseline -0.004 -16"><span class='ocrx_word' id='word_1_772' title='bbox 2028 4948 2397 5017; x_wconf 80' lang='grc' dir='ltr'><em>καινοτομίαις</em></span> <span class='ocrx_word' id='word_1_773' title='bbox 2428 4946 2608 5016; x_wconf 80' lang='grc' dir='ltr'><em>ζητεῖν</em></span> <span class='ocrx_word' id='word_1_774' title='bbox 2633 4947 2758 5008; x_wconf 83' lang='grc' dir='ltr'><em>τοὺς</em></span> <span class='ocrx_word' id='word_1_775' title='bbox 2796 4945 3088 5006; x_wconf 82' lang='grc' dir='ltr'><em>ἀκούοντας</em></span> <span class='ocrx_word' id='word_1_776' title='bbox 3116 4942 3344 4995; x_wconf 70' lang='grc' dir='ltr'><em>ἕπεσθαι</em></span> <span class='ocrx_word' id='word_1_777' title='bbox 3366 4957 3378 4970; x_wconf 83' lang='grc'><strong><em>⁸</em></strong></span> <span class='ocrx_word' id='word_1_778' title='bbox 3415 4942 3602 5009; x_wconf 70' lang='grc' dir='ltr'><em>φαυλίι</em></span> 
     </span>
    </p>
   </div>
   <div class='ocr_carea' id='block_1_111' title="bbox 2026 5034 3602 5108">
    <p class='ocr_par' dir='ltr' id='par_1_111' title="bbox 2026 5034 3602 5108">
     <span class='ocr_line' id='line_1_111' title="bbox 2026 5034 3602 5108; baseline -0.004 -16"><span class='ocrx_word' id='word_1_779' title='bbox 2026 5040 2138 5104; x_wconf 78' lang='grc' dir='ltr'><em>ζειν</em></span> <span class='ocrx_word' id='word_1_780' title='bbox 2163 5039 2218 5091; x_wconf 83' lang='grc' dir='ltr'><strong>δέ</strong></span> <span class='ocrx_word' id='word_1_781' title='bbox 2247 5039 2406 5090; x_wconf 78' lang='grc' dir='ltr'><em>πάλιν</em></span> <span class='ocrx_word' id='word_1_782' title='bbox 2427 5037 2644 5108; x_wconf 85' lang='grc' dir='ltr'><em>ἐτέρους</em></span> <span class='ocrx_word' id='word_1_783' title='bbox 2671 5037 2746 5100; x_wconf 85' lang='grc' dir='ltr'><em>ὼς</em></span> <span class='ocrx_word' id='word_1_784' title='bbox 2774 5039 2891 5099; x_wconf 86' lang='grc' dir='ltr'><em>ταῖς</em></span> <span class='ocrx_word' id='word_1_785' title='bbox 2925 5037 3128 5098; x_wconf 84' lang='grc' dir='ltr'><em>κοιναῖς</em></span> <span class='ocrx_word' id='word_1_786' title='bbox 3156 5034 3487 5104; x_wconf 72' lang='grc' dir='ltr'><em>ὑπολήψεσιν</em></span> <span class='ocrx_word' id='word_1_787' title='bbox 3511 5036 3602 5085; x_wconf 87' lang='grc' dir='ltr'><em>ἀν-</em></span> 
     </span>
    </p>
   </div>
   <div class='ocr_carea' id='block_1_112' title="bbox 2025 5126 3607 5199">
    <p class='ocr_par' dir='ltr' id='par_1_112' title="bbox 2025 5126 3607 5199">
     <span class='ocr_line' id='line_1_112' title="bbox 2025 5126 3607 5199; baseline -0.004 -14"><span class='ocrx_word' id='word_1_788' title='bbox 2025 5131 2392 5194; x_wconf 79' lang='grc' dir='ltr'><em>τιϐαίνοντας’</em></span> <span class='ocrx_word' id='word_1_789' title='bbox 2435 5130 2493 5182; x_wconf 87' lang='grc' dir='ltr'><em>τὸ</em></span> <span class='ocrx_word' id='word_1_790' title='bbox 2533 5130 2612 5193; x_wconf 80' lang='grc' dir='ltr'><em>δὲ,</em></span> <span class='ocrx_word' id='word_1_791' title='bbox 2645 5129 2725 5199; x_wconf 74' lang='grc' dir='ltr'><em>μὴ</em></span> <span class='ocrx_word' id='word_1_792' title='bbox 2778 5129 3175 5197; x_wconf 78' lang='grc' dir='ltr'><em>αἰσχύνεσθαι</em></span> <span class='ocrx_word' id='word_1_793' title='bbox 3220 5126 3326 5180; x_wconf 71' lang='grc' dir='ltr'><strong>τὸν</strong></span> <span class='ocrx_word' id='word_1_794' title='bbox 3374 5127 3444 5180; x_wconf 73' lang='grc' dir='ltr'><em>ἐκ</em></span> <span class='ocrx_word' id='word_1_795' title='bbox 3491 5126 3607 5179; x_wconf 80' lang='grc' dir='ltr'><em>τῶν</em></span> 
     </span>
    </p>
   </div>
   <div class='ocr_carea' id='block_1_113' title="bbox 2027 5216 3604 5291">
    <p class='ocr_par' dir='ltr' id='par_1_113' title="bbox 2027 5216 3604 5291">
     <span class='ocr_line' id='line_1_113' title="bbox 2027 5216 3604 5291; baseline -0.004 -17"><span class='ocrx_word' id='word_1_796' title='bbox 2027 5219 2385 5291; x_wconf 74' lang='grc' dir='ltr'><em>πραγμάτων</em></span> <span class='ocrx_word' id='word_1_797' title='bbox 2409 5220 2678 5288; x_wconf 77' lang='grc' dir='ltr'><em>ἔλεγχον,</em></span> <span class='ocrx_word' id='word_1_798' title='bbox 2713 5217 2811 5270; x_wconf 81' lang='grc' dir='ltr'><em>καὶ</em></span> <span class='ocrx_word' id='word_1_799' title='bbox 2843 5218 2951 5270; x_wconf 73' lang='grc' dir='ltr'><strong>τὸν</strong></span> <span class='ocrx_word' id='word_1_800' title='bbox 2982 5216 3356 5283; x_wconf 80' lang='grc' dir='ltr'><em>ἀνθρώπινον</em></span> <span class='ocrx_word' id='word_1_801' title='bbox 3387 5219 3604 5284; x_wconf 62' lang='grc' dir='ltr'><em>ψόγον,</em></span> 
     </span>
    </p>
   </div>
   <div class='ocr_carea' id='block_1_114' title="bbox 2032 5308 3605 5379">
    <p class='ocr_par' dir='ltr' id='par_1_114' title="bbox 2032 5308 3605 5379">
     <span class='ocr_line' id='line_1_114' title="bbox 2032 5308 3605 5379; baseline -0.006 -12"><span class='ocrx_word' id='word_1_802' title='bbox 2032 5315 2125 5367; x_wconf 76' lang='grc' dir='ltr'><em>καὶ</em></span> <span class='ocrx_word' id='word_1_803' title='bbox 2159 5315 2258 5366; x_wconf 80' lang='grc' dir='ltr'><strong>ὃσα</strong></span> <span class='ocrx_word' id='word_1_804' title='bbox 2305 5310 2527 5365; x_wconf 77' lang='grc' dir='ltr'><em>τοιαῦτα</em></span> <span class='ocrx_word' id='word_1_805' title='bbox 2570 5309 2710 5363; x_wconf 73' lang='grc' dir='ltr'><em>κατὰ</em></span> <span class='ocrx_word' id='word_1_806' title='bbox 2753 5309 2915 5362; x_wconf 83' lang='grc' dir='ltr'><strong>ταύτὸ</strong></span> <span class='ocrx_word' id='word_1_807' title='bbox 2945 5308 3297 5379; x_wconf 77' lang='grc' dir='ltr'><em>διεξέρχεται,</em></span> <span class='ocrx_word' id='word_1_808' title='bbox 3342 5309 3463 5370; x_wconf 80' lang='grc' dir='ltr'><em>ταῖς</em></span> <span class='ocrx_word' id='word_1_809' title='bbox 3498 5308 3605 5359; x_wconf 80' lang='grc' dir='ltr'><em>τῶν</em></span> 
     </span>
    </p>
   </div>
   <div class='ocr_carea' id='block_1_115' title="bbox 2029 5397 3604 5470">
    <p class='ocr_par' dir='ltr' id='par_1_115' title="bbox 2029 5397 3604 5470">
     <span class='ocr_line' id='line_1_115' title="bbox 2029 5397 3604 5470; baseline -0.006 -11"><span class='ocrx_word' id='word_1_810' title='bbox 2029 5405 2333 5460; x_wconf 85' lang='grc' dir='ltr'><em>ἀκουόντων</em></span> <span class='ocrx_word' id='word_1_811' title='bbox 2389 5400 2632 5470; x_wconf 83' lang='grc' dir='ltr'><em>γνώμαις</em></span> <span class='ocrx_word' id='word_1_812' title='bbox 2677 5400 2991 5454; x_wconf 82' lang='grc' dir='ltr'><em>καταλείπω</em></span> <span class='ocrx_word' id='word_1_813' title='bbox 3045 5401 3265 5451; x_wconf 83' lang='grc' dir='ltr'><em>σκοπεῖν</em></span> <span class='ocrx_word' id='word_1_814' title='bbox 3315 5399 3406 5449; x_wconf 70' lang='grc' dir='ltr'><em>ἐπὶ</em></span> <span class='ocrx_word' id='word_1_815' title='bbox 3460 5397 3604 5460; x_wconf 81' lang='grc' dir='ltr'><em>τίνος</em></span> 
     </span>
    </p>
   </div>
   <div class='ocr_carea' id='block_1_116' title="bbox 2029 5490 3604 5570">
    <p class='ocr_par' dir='ltr' id='par_1_116' title="bbox 2029 5490 3604 5570">
     <span class='ocr_line' id='line_1_116' title="bbox 2029 5490 3604 5570; baseline -0.007 -17"><span class='ocrx_word' id='word_1_816' title='bbox 2029 5497 2224 5570; x_wconf 83' lang='grc' dir='ltr'><em>ἀληθές</em></span> <span class='ocrx_word' id='word_1_817' title='bbox 2253 5499 2366 5550; x_wconf 82' lang='grc' dir='ltr'><em>ἐστι</em></span> <span class='ocrx_word' id='word_1_818' title='bbox 2395 5496 2590 5563; x_wconf 88' lang='grc' dir='ltr'><em>λέγειν.</em></span> <span class='ocrx_word' id='word_1_819' title='bbox 2627 5491 2771 5566; x_wconf 68' lang='lat' dir='ltr'><strong>&#39;Apa</strong></span> <span class='ocrx_word' id='word_1_820' title='bbox 2801 5493 2893 5546; x_wconf 71' lang='grc' dir='ltr'><em>τοῦ</em></span> <span class='ocrx_word' id='word_1_821' title='bbox 2926 5491 3298 5562; x_wconf 61' lang='grc' dir='ltr'><em>σωφροσύνην,</em></span> <span class='ocrx_word' id='word_1_822' title='bbox 3341 5490 3433 5543; x_wconf 85' lang='grc' dir='ltr'><strong>καί</strong></span> <span class='ocrx_word' id='word_1_823' title='bbox 3475 5505 3604 5542; x_wconf 75' lang='grc' dir='ltr'><em>κοσ-</em></span> 
     </span>
    </p>
   </div>
  </div>
