4066 6146
379 255 477 311 281

1519 249 1796 308 CONTRA
1838 246 2226 311 EUNOMlUM,
2263 246 2392 303 LIB.
2435 250 2476 302 1.

3539 241 3646 297 282

384 370 636 440 μιάτητα,
663 372 755 424 καὶ
784 374 961 426 πᾶσαν
989 373 1334 444 καθαρότητα
1361 370 1538 441 ψυχῆς
1564 386 1622 422 τε
1652 368 1746 421 καὶ
1777 364 1952 435 σώμα-

2057 366 2344 433 puritatem
2377 365 2576 419 mentis
2608 371 2660 417 et
2699 360 2952 433 corporis
3000 360 3424 416 accuratissime
3458 358 3646 414 studio

377 478 472 523 τος
506 461 592 513 διὰ
626 462 724 532 τῆς
771 464 1169 534 ἀκριϐεστάτης
1198 461 1522 533 ἐγκρατείας
1547 455 1960 527 νομοθετοῦντος

379 552 580 622 ὁμοίως
609 553 808 623 ἐαυτῷ,
835 557 858 606 '1
895 557 1002 618 τοῖς
1034 554 1446 625 πλησιάζουσιν,
1471 553 1503 623 ἢ
1534 551 1626 604 τοῦ
1652 547 1964 609 κελεύοντος

385 645 460 714 μὴ
487 646 744 714 παρέχειν
777 646 1076 714 πράγματα
1108 649 1171 716 τῇ
1206 645 1363 713 φύσει
1392 643 1525 714 πρὸς
1561 641 1621 694 τὸ
1660 639 1848 692 δοκοῦν
1875 638 1964 691 διά

384 730 487 784 τῶν
507 732 600 784 τοῦ
632 733 879 803 σώματος
903 734 1134 804 ὀρέξεων
1158 732 1438 805 προιούσῃ,
1474 731 1606 802 μηδὲ
1634 729 1962 783 ἀντιϐαίνειν

384 824 502 884 ταῖς
529 822 762 892 ἡδοναῖς,
791 825 922 891 μηδέ
943 825 1415 896 ἀκριϐολογεῖσθαι
1441 841 1506 875 πε
1517 824 1566 892 ρὶ
1591 823 1686 892 τὴν
1710 822 1963 891 τοιαύτην

381 912 474 966 τοῦ
505 912 621 982 βίου
654 912 909 981 σπουδήν⁶
954 916 1072 969 οὐδὲ
1095 915 1202 988 γὰρ
1227 913 1362 970 εἷναί
1391 933 1511 967 τινα
1541 914 1742 984 βλάϐην
1764 913 1961 984 ψυχῆς,

384 1001 468 1055 διά
497 1001 606 1055 τῶν
640 1003 892 1057 τοιούτων
928 1006 1350 1076 συνισταμένην·
1390 1004 1526 1058 ἀλλὰ
1558 1005 1726 1074 μόνην
1773 1005 1962 1074 ἀρκεῖν

383 1093 460 1164 τῷ
491 1094 766 1166 ἀνθρώπῳ
800 1096 898 1166 τὴν
933 1096 1211 1167 αἱρετικὴν
1244 1097 1422 1149 πίστιν
1468 1095 1600 1166 πρὸς
1623 1095 1962 1167 τελειότητα;

385 1182 446 1234 Εἰ
469 1183 526 1236 δὲ
547 1185 793 1254 ἀρνεῖται
815 1184 875 1236 τὸ
899 1185 971 1255 μὴ
994 1184 1164 1249 οὕτως
1187 1186 1329 1256 ἔχειν
1350 1186 1530 1247 αὐτοῖς
1552 1184 1618 1236 τὰ
1633 1183 1780 1248 διδάγ
1795 1199 1959 1252 ματα,

385 1274 648 1345 εὐξαίμην
687 1275 752 1328 ἂν
789 1275 961 1343 ἔγωγε
1008 1276 1238 1352 καὶβῶν
1289 1275 1694 1347 εύφρονούντων
1737 1275 1964 1336 ἕκαστος

386 1364 666 1433 ἀληθεύειν
695 1367 856 1419 αὐτον
887 1367 944 1418 ὲν
981 1371 1091 1430 τοῖς
1121 1367 1379 1429 τοιούτοις
1422 1366 1773 1438 ἀρνούμενον.
1823 1364 1962 1415 Ἀλλ’

383 1459 481 1509 οὐκ
502 1458 750 1511 ἐάσουσιν
782 1459 928 1529 αὐτῷ
967 1461 1318 1531 προχωρῆσαι
1352 1459 1449 1530 τὴν
1484 1461 1711 1530 ἄρνησιν
1766 1458 1812 1509 oi
1836 1457 1964 1525 γνή-

386 1565 486 1602 σιοι
522 1549 792 1620 μαθηταίο
830 1551 864 1619 ἢ
893 1550 953 1602 τὸ
988 1550 1241 1620 μέγιστον
1276 1550 1441 1604 αὑτοῦ
1476 1548 1739 1620 θεώρημα
1782 1549 1963 1600 πεσεῖ-

383 1657 492 1706 ται,
535 1642 630 1694 καὶ
657 1641 948 1714 λυθήσεται
995 1645 1028 1712 ἡ
1072 1643 1243 1712 σκηνὴ
1268 1641 1375 1694 τῶν
1404 1641 1491 1694 διά
1517 1639 1674 1692 τοῦτο
1729 1639 1963 1709 μάλιστα

385 1734 850 1804 προσεδρευόντων
881 1733 956 1804 τῷ
986 1734 1234 1804 δόγματι.
1275 1733 1521 1804 Ἀναιδὴς
1548 1731 1734 1794 δέτίς,
1755 1731 1846 1784 καὶ
1871 1731 1962 1782 τὸν

382 1825 718 1895 ἀνθρώπινον
744 1826 912 1895 ψόγον
950 1827 1049 1878 οὐκ
1079 1825 1493 1895 εὐλαϐούμενος,
1523 1825 1586 1876 ἐκ
1613 1824 1722 1876 τῶν
1753 1824 1810 1874 ἐν
1848 1826 1961 1876 νεό-

382 1933 501 1986 τητι
532 1916 899 1988 βεϐιωμένων,
944 1919 976 1988 ἢ
1019 1919 1083 1970 ἐκ
1110 1917 1218 1970 τῶν
1246 1917 1383 1986 μετά
1411 1916 1581 1968 ταῦτα
1614 1914 1790 1984 βούλει
1839 1933 1960 1967 σκο-

384 2009 679 2078 πήσωμεν;
723 2009 856 2062 ἀλλά
896 2009 962 2062 δι’
1007 2009 1351 2079 ἀμφοτέρων,
1379 2007 1464 2059 ἐπ’
1499 2006 1659 2060 αὐτὸν
1690 2006 1755 2059 ἂν
1783 2004 1962 2076 εὕροις

383 2098 709 2152 ἐπανιοῦσαν
743 2101 841 2171 τῆς
884 2100 1156 2163 ἀναιδείας
1198 2100 1294 2170 τὴν
1342 2101 1569 2171 μέμψιν.
1603 2101 1676 2152 Ού
1710 2100 1777 2152 τὰ
1823 2101 1961 2153 αύτά

383 2191 493 2260 γάρ
533 2193 838 2263 ἑκατέροις,
873 2192 995 2246 οὔτε
1047 2196 1079 2265 ἡ
1125 2194 1332 2263 νεότης,
1375 2193 1498 2246 οὔτε
1547 2194 1575 2244 ὁ
1627 2194 1762 2264 μετὰ
1788 2191 1960 2247 ταῦτα

385 2285 652 2355 μαρτυρεῖ
677 2283 803 2352 βίος.

2066 465 2313 512 sectatur
2366 464 2424 509 et
2447 455 2624 510 sancit
2656 471 2810 525 atque
2846 454 2948 510 sibi
3002 469 3065 507 ac
3097 453 3261 508 aliis:
3315 467 3382 504 an
3419 450 3518 515 Illi,
3551 451 3644 520 qui

2064 548 2224 603 docet
2256 549 2685 623 nihilJnolestite
2739 547 3083 601 inferendum
3138 557 3366 608 naturae,
3426 544 3644 614 quando

2067 639 2442 695 immoderatis
2501 641 2752 710 corporis
2801 637 3192 708 cupiditatibus
3247 638 3311 690 ad
3373 637 3460 699 id,
3501 638 3643 706 quod

2064 733 2368 786 collibitum
2419 743 2525 792 est.
2589 735 2797 787 fertur:
2835 747 3011 800 neque
3072 729 3437 784 resistendum
3492 729 3646 782 volu-

2064 825 2308 891 ptatibus
2334 841 2348 890 ;
2382 840 2562 893 neque
2595 825 2756 878 etiam
2787 824 3121 893 asperiorem
3145 822 3267 875 vita:
3297 820 3641 889 disciplinam

2064 914 2438 985 sequendam;
2505 932 2682 985 neque
2765 917 2910 969 enim
2981 913 3261 983 quidpiam
3331 913 3642 966 detrimenti

2063 1009 2300 1060 animam
2341 1021 2536 1076 capere
2569 1023 2634 1061 ex
2665 1007 3006 1076 voluptatum
3045 1022 3169 1069 usu,
3213 1004 3307 1059 sed
3353 1005 3418 1058 ad
3469 1005 3646 1074 pcrl'e-

2063 1100 2300 1153 ctionem
2343 1098 2592 1154 sullicere
2640 1100 2845 1153 homini
2879 1099 3051 1153 solam
3103 1097 3411 1151 hzereticam
3465 1097 3651 1150 fidem?

2063 1187 2215 1253 Quod
2251 1188 2296 1242 si
2333 1197 2493 1257 neget
2526 1188 2665 1242 hanc
2699 1205 2821 1243 esse
2863 1205 3016 1243 suam
3052 1195 3105 1242 et
3162 1203 3387 1242 suorum
3440 1187 3645 1242 doctri-

2064 1292 2210 1338 nam,
2244 1283 2488 1346 optarem
2516 1293 2616 1346 ego
2649 1285 2703 1332 et
2736 1294 2840 1331 una
2868 1294 3061 1332 onmes
3087 1277 3213 1331 boni
3252 1292 3487 1340 mecum,
3521 1291 3646 1331 vero

2065 1366 2254 1419 isthzec
2288 1365 2498 1434 negari.
2530 1366 2634 1418 Sed
2682 1366 2908 1436 legitimi
2961 1366 3134 1435 ipsius
3191 1366 3446 1434 discipuli
3504 1381 3643 1418 nun.

2063 1472 2226 1525 quam
2295 1456 2632 1526 negationem
2670 1457 2808 1510 hanc
2841 1456 3111 1525 patienter
3145 1455 3341 1517 ferent,
3400 1455 3641 1524 alioquin

2064 1547 2206 1600 maxi
2235 1568 2242 1595 ι
2271 1563 2359 1600 um
2394 1547 2660 1601 doctrinae
2712 1548 2878 1616 hujus
2916 1547 3332 1601 fimdamenlum
3389 1546 3644 1600 concide-

2064 1650 2167 1703 ret,
2201 1639 2705 1710 dissolvereturque
2754 1641 2910 1710 quasi
2962 1640 3375 1694 tabernaculum
3416 1647 3470 1693 et
3520 1646 3640 1692 ten-

1997 1725 2034 1774 η
2066 1734 2263 1786 torium
2302 1733 2544 1797 illorum,
2581 1732 2673 1801 qui
2710 1732 2793 1785 vel
2846 1741 3068 1801 propter
3097 1731 3202 1785 hoc
3258 1745 3422 1784 unum
3460 1730 3642 1783 Eunu-

2065 1823 2158 1877 mii
2193 1823 2535 1892 dogmatibus
2587 1838 2708 1877 sese
2771 1822 3120 1890 addixerunt,
3178 1820 3297 1876 Jam
3333 1822 3642 1888 vero.quis

2065 1912 2354 1984 impudens
2414 1913 2506 1978 sit,
2547 1912 2811 1982 tantaeque
2874 1912 3015 1983 apud
3053 1912 3302 1965 homines
3340 1911 3641 1981 prodigus:

2065 2019 2130 2058 an
2173 2005 2256 2059 vis
2293 2015 2350 2058 ut
2381 2012 2690 2060 statuamus
2725 2020 2790 2058 ex
2833 2004 2964 2070 illis,
3027 2021 3148 2073 qua:
3203 2005 3258 2057 in
3315 2003 3640 2073 juventutc:

2065 2115 2134 2153 an
2175 2116 2239 2154 ex
2276 2101 2365 2163 iis,
2404 2114 2525 2169 qua:
2556 2107 2743 2168 postea
2783 2106 2933 2168 gesta
2967 2107 3124 2152 sunt:
3163 2114 3228 2151 an
3259 2114 3322 2152 ex
3359 2100 3646 2169 utrisque?

2069 2191 2174 2245 Sed
2229 2191 2342 2246 sive
2397 2207 2462 2244 ex
2522 2190 2626 2250 his,
2681 2190 2795 2244 sive
2827 2207 2890 2242 ex
2929 2189 3038 2243 illis
3096 2189 3361 2258 judicium
3401 2191 3514 2256 ﬁat,
3574 2192 3642 2245 ad

2066 2285 2242 2352 ipsum
2275 2281 2458 2335 redire
2491 2280 2702 2335 videbis
2732 2278 3082 2347 impudentia:
3131 2280 3485 2336 calumniam.
3535 2281 3642 2337 Ne-

381 2390 487 2442 qnc
525 2377 667 2428 enim
694 2377 880 2430 eadem
912 2388 1138 2448 uterque
1170 2379 1335 2449 gessit
1365 2388 1457 2431 aut
1481 2378 1721 2447 juvenis,
1760 2389 1848 2430 aut
1881 2394 1941 2431 ea
1977 2382 2154 2435 aetate,
2185 2389 2305 2442 quae
2335 2372 2474 2425 hanc
2511 2371 2783 2440 sequitur.

465 2469 860 2537 ’Υπομνησάτω
887 2470 1119 2523 ἐαυτδνὸ
1138 2470 1474 2540 λογογράφος
1507 2468 1611 2521 τῶν
1642 2487 1701 2520 τε
1732 2470 1832 2536 ἐπὶ
1860 2469 1957 2537 τῆς

380 2560 636 2630 πατρίδος
665 2561 804 2613 κατὰ
832 2560 920 2613 τὸν
959 2562 1057 2632 τῆς
1089 2563 1339 2633 νεότητος
1377 2561 1586 2632 καιρὸν,
1618 2548 1720 2614 καί
1748 2560 1857 2613 τῶν
1901 2563 1957 2615 ἐν

380 2652 792 2705 Κωνσταντίνου
819 2652 969 2704 πόλει
994 2652 1338 2723 βεϐιωμένων
1361 2651 1530 2722 αὐτῷ·
1560 2653 1651 2705 καὶ
1672 2653 1957 2706 ἀκουσάτω

379 2743 530 2814 παρά
560 2744 667 2796 τῶν
693 2744 906 2796 εἰδότων
928 2739 1013 2797 οἷα
1041 2743 1116 2812 τῷ
1145 2744 1628 2814 συκοφαντουμένῳ
1659 2736 1953 2797 συνίσᾶσιν.

379 2838 442 2889 Εἰ
475 2836 534 2888 δὲ
575 2836 638 2887 ἐκ
667 2834 775 2887 τῶν
809 2834 1004 2904 ἐφεξῆς
1034 2835 1473 2905 ἐπιτηδευμάτων
1507 2853 1590 2898 τις
1624 2835 1793 2888 ἐθέλοι
1829 2852 1954 2887 σκο-

2135 2463 2375 2519 Revocet
2404 2461 2773 2533 logodmdalus
2809 2461 2915 2516 sibi
2951 2461 3005 2514 in
3063 2461 3382 2516 memoriam
3423 2477 3487 2516 ea
3517 2480 3642 2532 qua:

2069 2555 2121 2609 in
2155 2555 2328 2624 patria
2363 2570 2462 2610 sua
2489 2554 2709 2624 juvenis
2737 2553 3086 2624 perpetravit,
3120 2561 3174 2608 et
3206 2568 3328 2623 quae
3371 2552 3643 2609 Constan-

2065 2647 2336 2717 tinopoli,
2400 2646 2771 2715 intelligatque
2821 2644 2989 2699 exiis
3041 2645 3146 2713 qui
3204 2651 3424 2707 norunt,
3481 2660 3640 2715 quam

2065 2741 2225 2810 longe
2261 2739 2466 2793 fuerint
2495 2738 2709 2792 diversa
2749 2737 2928 2791 studia
2970 2737 3114 2804 ejus,
3145 2753 3305 2805 quem
3341 2737 3456 2806 ipse
3506 2752 3630 2806 pro-

2063 2833 2177 2887 bris
2207 2831 2533 2886 inseetatur.
2572 2828 2726 2895 Quod
2755 2829 2801 2883 si
2830 2828 2954 2898 quis
2985 2829 3111 2882 velit
3155 2827 3259 2881 hoc
3291 2827 3519 2883 delinire
3573 2844 3638 2882 ex

379 2925 523 2988 πεῖν,
558 2921 719 2984 αὐτὸς
753 2923 980 2986 εἰπάτω,
1009 2922 1091 2984 τίς
1126 2922 1274 2986 ἄξιος
1307 2924 1544 2976 τοιούτου
1586 2924 1844 2994 ὀνόματος
1871 2939 1888 2957 ⁸
1929 2925 1955 2976 ό

2062 2923 2130 2978 iis
2158 2939 2278 2992 qua:
2325 2930 2510 2991 postea
2563 2930 2692 2976 sunt
2725 2921 3039 2985 subsecuta,
3099 2921 3213 2989 ipse
3241 2921 3388 2974 dicat
3453 2921 3640 2986 velim,

377 3012 475 3082 τὴν
507 3012 767 3082 πατρῴαν
797 3012 984 3066 οὐσίαν
1011 3013 1102 3065 καὶ
1131 3013 1235 3084 πρὸ
1269 3014 1367 3083 τῆς
1396 3014 1691 3086 ἱερωσύνης
1720 3015 1958 3084 ἀφειδῶς

380 3102 664 3167 ἀναλώσας
697 3106 809 3167 τοῖς
840 3104 1066 3172 πένησι,
1099 3105 1194 3157 καὶ
1225 3105 1456 3175 μάλιστα
1490 3108 1544 3159 ἐν
1578 3106 1784 3176 τῷτῆς
1816 3124 1954 3159 σιτο-

380 3195 526 3257 δείας
561 3195 758 3265 καιρῷ,
792 3195 911 3248 καθ’
945 3196 1003 3249 ὃν
1036 3197 1319 3250 ἐπεστάτει
1344 3199 1445 3268 τῆς
1497 3195 1842 3270 Ἐκκλησὶας,
1877 3200 1956 3253 ἔτι

383 3291 440 3340 ἐν
470 3287 547 3356 τῷ
576 3287 760 3357 κλήρῳ
786 3287 894 3340 τῶν
928 3289 1310 3361 πρεσϐυτέρων
1344 3291 1656 3360 ίερατεύων,
1692 3293 1785 3344 καὶ
1820 3292 1956 3361 μετά

381 3379 571 3444 ταῦτα,
610 3381 740 3450 μηδὲ
780 3381 886 3432 τῶν
922 3381 1352 3451 ὑπολειφθέντων
1388 3384 1741 3454 φεισάμενος,
1775 3385 1849 3441 ti):
1889 3385 1956 3438 ἂν

383 3471 474 3522 καὶ
499 3470 659 3533 αὐτὸς
694 3469 754 3522 τὸ
777 3469 872 3522 τοῦ
925 3471 1245 3524 Ἀποστόλου
1288 3473 1650 3542 καυχήσαιτο’
1688 3473 1815 3525 Ὅτι
1848 3473 1956 3526 δω-

375 3563 523 3630 1[εὰν
559 3562 742 3625 ἄρτον
777 3564 886 3615 οὐκ
921 3561 1179 3633 Egaror;
1219 3565 1289 3616 Ἦ
1339 3565 1366 3617 ό
1395 3564 1668 3634 προσόδων
1703 3565 1954 3636 ἀφορμὴν

381 3653 477 3720 τὴν
508 3651 602 3704 τοῦ
644 3652 913 3721 δόγματος
943 3653 1276 3722 προστασίαν
1327 3654 1732 3725 ποιησάμενος
1760 3657 1816 3708 Ὀ
1845 3657 1956 3708 εἱσ-

381 3742 549 3796 δύνων
581 3745 660 3805 είς
701 3743 797 3806 τὰς
825 3743 1000 3806 οἰκίας
1055 3744 1383 3814 αὐτόκλητος
1410 3786 1422 3808 ,
1453 3746 1575 3798 ούδέ
1617 3749 1715 3816 τὴν
1763 3746 1826 3798 ἐκ
1859 3746 1953 3800 τοῦ

381 3832 586 3896 πάθους
619 3833 806 3904 ἀηδίαν
832 3837 897 3905 τῇ
934 3833 1053 3887 καθ’
1078 3821 1273 3886 ἑαυτὸν
1293 3834 1531 3906 διαγωγῇ
1569 3853 1634 3888 πε
1645 3837 1949 3907 ριστέλλωνο

379 3923 497 3975 οὐδὲ
534 3922 632 3994 τὴν
676 3923 909 3993 φυσικὴν
946 3924 1052 3976 τῶν
1091 3923 1442 3991 ὑγιαινόντων
1471 3925 1604 3993 πρὸς
1633 3926 1758 3988 τοὺς
1784 3926 1952 3978 τοιού-

377 4030 501 4078 τους
544 4015 892 4085 ἀποστροφὴν
925 4015 1300 4084 λογιζόμενος,
1340 4017 1368 4068 ὁ
1419 4015 1556 4068 κατά
1590 4015 1679 4068 τὸν
1729 4015 1953 4070 παλαιὸν

379 4107 539 4176 νόμον
569 4106 656 4159 διὰ
679 4107 777 4176 τὴν
814 4107 956 4176 ἁφὴν
983 4102 1079 4177 τῆς
1114 4109 1386 4177 σημασίας
1416 4107 1518 4172 ἔξω
1545 4108 1643 4178 τῆς
1678 4109 1952 4179 παρεμϐοο

376 4194 473 4265 λῆς
501 4196 609 4248 τῶν
633 4198 920 4250 οἰκούντων
949 4196 1356 4269 ἀφοριζόμενος.

2059 3015 2183 3085 quis
2215 3013 2566 3084 impudentiae
2601 3028 2798 3067 nomen
2829 3021 3104 3065 mereatur
3141 3030 3154 3065 :
3198 3011 3380 3078 illene,
3423 3012 3516 3082 qui
3548 3027 3642 3081 pa-

2060 3115 2242 3161 ternas
2275 3104 2564 3158 facultates
2587 3105 2752 3158 etiam
2778 3113 3070 3172 antequam
3106 3103 3422 3158 sacerdotio
3455 3104 3639 3156 initia-

2059 3205 2232 3259 retur,
2271 3195 2574 3250 liberaliter
2634 3196 2823 3264 egenis
2856 3194 3179 3260 distribuit;
3240 3195 3474 3249 maxime
3510 3203 3639 3248 tunc

2057 3283 2273 3357 quando
2333 3301 2528 3356 magna
2563 3301 2793 3339 annona:
2851 3285 3079 3354 penuria
3143 3285 3489 3339 exsistebat:
3523 3303 3634 3355 quo

2059 3389 2302 3449 tempore
2337 3377 2600 3433 Ecclesia;
2629 3386 2884 3447 praeerat,
2936 3390 3165 3430 numero
3197 3376 3637 3446 presbyterorum

2057 3475 2234 3528 adhuc
2268 3474 2603 3537 accensitus,
2637 3474 2838 3544 quippe
2891 3472 3133 3542 posthaec
3171 3472 3334 3526 etiam
3378 3471 3514 3525 nihil
3555 3487 3640 3527 re-

2056 3567 2263 3635 liquum
2295 3564 2396 3618 sibi
2433 3564 2579 3626 fecit,
2614 3573 2672 3618 ut
2720 3573 2773 3619 et
2834 3566 2950 3634 ipse
3006 3563 3229 3634 gloriari
3299 3571 3482 3631 posset
3513 3579 3635 3617 cum

2055 3659 2316 3727 Apostolo
2351 3677 2362 3711 :
2398 3658 2660 3723 Quoniam
2703 3659 2869 3728 gratis
2932 3671 3119 3726 partem
3180 3649 3287 3707 non'
3316 3654 3516 3708 comedi
3546 3650 3632 3702 1'?

2055 3751 2137 3805 An
2171 3752 2260 3806 ille
2295 3751 2481 3820 potius
2511 3749 2866 3818 impudentia:
2893 3763 3090 3802 nomen
3132 3746 3361 3810 subibit,
3394 3749 3486 3816 qui
3539 3747 3636 3800 do-

2054 3839 2245 3892 ctrina:
2291 3853 2405 3892 suae
2457 3835 2852 3906 professionem
2898 3853 2993 3906 pro
3052 3848 3264 3907 quaestu
3317 3835 3508 3890 habet?
3533 3837 3632 3901 Qui

2053 3946 2160 3984 nou
2197 3937 2427 3985 vocatus
2463 3930 2518 3983 in
2558 3929 2703 3986 aedes
2753 3929 2961 3984 alienas
2996 3944 3117 3984 sese
3156 3929 3442 3995 insinuat;
3486 3929 3634 3982 inso-

2055 4023 2272 4076 lentiam
2306 4020 2434 4076 facti
2467 4020 2632 4089 hujus
2676 4035 2778 4074 suo
2828 4021 3045 4074 vivendi
3080 4021 3240 4073 modo
3279 4021 3500 4073 minime
3551 4030 3632 4074 te-

2052 4128 2206 4183 gens,
2242 4126 2419 4182 neque
2457 4111 2619 4165 etiam
2647 4125 2811 4180 quam
2850 4111 2916 4163 ab
2947 4108 3260 4176 hujusmodi
3319 4109 3632 4163 hominibus

2055 4221 2084 4257 a
2137 4211 2332 4257 natura
2371 4201 2551 4256 aversi
2585 4202 2738 4266 sint,
2781 4201 2982 4270 quibus
3037 4215 3190 4253 tuens
3246 4200 3299 4252 c't
3356 4200 3494 4252 ratio
3550 4211 3631 4252 est

377 4287 584 4352 sanior,
616 4289 816 4357 cogitat
841 4287 953 4350 ille,
979 4288 1069 4357 qui
1103 4291 1326 4358 antiqua
1375 4290 1491 4360 lege
1524 4298 1748 4360 propter
1796 4291 2208 4346 similitudinem
2245 4291 2664 4360 significationis
2729 4305 2793 4343 ex
2871 4288 3150 4342 hominum
3221 4288 3480 4341 societate
3537 4303 3632 4341 ex-

375 4382 701 4435 terminatus
733 4391 833 4437 est.

443 4470 755 4538 Προπετῖις
802 4472 857 4524 δέ

373 4559 631 4630 ἑκάτερον
672 4559 948 4627 ψεύστης
987 4559 1307 4628 ὀνομάζεται
1349 4562 1498 4632 παρά
1537 4562 1629 4615 τοῦ
1676 4565 1947 4636 μακροθύ-

377 4664 488 4715 μως
512 4648 566 4699 ἐν
594 4647 862 4717 πραΰτητι
891 4649 1013 4711 τοὺς
1039 4648 1558 4719 ἀντιδιατιθεμένους
1583 4653 1894 4706 παιδεύοντο
1905 4675 1944 4718 ;.

374 4737 529 4789 Οὕτω
570 4737 680 4808 γὰρ
708 4740 763 4789 ἐν
788 4736 864 4808 τῷ
898 4741 1289 4809 συγγράμματι
1314 4744 1423 4804 τοῖς
1447 4743 1532 4793 ἐπ’
1577 4744 1739 4796 αὑτοῦ
1770 4744 1947 4814 λόγοις

375 4827 546 4879 ἐνδιαο
557 4827 816 4897 ρύπτεται
855 4831 883 4881 ό
902 4829 1172 4900 μηδεμίαν
1190 4831 1412 4900 πικρίας
1431 4833 1730 4905 ὑπερϐολὴν
1747 4837 1946 4904 ἀφιεὶς,

376 4919 430 4970 ἐν
470 4913 550 4981 οἷς
600 4920 665 4971 ἄν
718 4936 767 4971 τι
808 4923 1190 4990 προσενεγκεῖν
1237 4921 1512 4994 ἐξισχύσῃ.
1555 4925 1725 4979 Πόθεν
1764 4929 1944 4981 τοίνυν

371 5010 462 5061 καὶ
497 5011 558 5061 ἐκ
598 5011 768 5063 ποίων
815 5012 1159 5083 πραγμάτων
1201 5017 1297 5085 τὴν
1343 5015 1498 5086 ὓϐριν
1529 5018 1690 5071 αὐτοῦ
1759 5024 1853 5074 καὶ
1885 5023 1944 5074 τὸ

371 5100 636 5167 προπετὲς
666 5100 931 5172 διελέγχει
958 5119 971 5167 ;
1009 5103 1147 5168 Ὅτι,
1181 5105 1332 5174 φησὶ,
1365 5109 1772 5177 Καππαδόκην
1799 5112 1942 5164 ὄντα

364 5205 459 5255 με,
485 5189 768 5257 Γαλάτην
793 5191 1105 5259 ὠνόμασεν
1131 5212 1142 5224 ·
1176 5191 1291 5248 εἶτα
1323 5195 1400 5265 τῷ
1436 5197 1670 5268 μεθορίῳ
1704 5201 1811 5254 τῶν
1836 5220 1941 5255 πα·

367 5279 559 5348 τρίδων
598 5283 697 5351 τὴν
734 5283 946 5353 οἴκησιν
976 5283 1163 5353 ἔχοντα
1186 5324 1202 5350 ,
1243 5287 1301 5338 ἐν
1335 5287 1607 5359 ἀνωνύμῳ
1646 5291 1751 5342 τινὶ
1799 5295 1936 5360 ch-

367 5371 692 5438 νιασπινῆς
718 5372 964 5443 ἐσχατιᾷ·
987 5375 1033 5425 εἰ
1060 5375 1176 5428 ἀντὶ
1201 5375 1293 5428 τοῦ
1337 5376 1730 5447 Ὀλτισήρεως
1751 5383 1944 5435 Γαλά-

364 5467 476 5522 την
503 5456 790 5524 ὠνόμαδεν
813 5477 825 5490 ’
861 5460 1015 5530 εἴπερ
1039 5463 1102 5534 δὴ
1133 5464 1269 5528 ὅλως
1300 5467 1392 5518 καὶ
1427 5466 1584 5520 τοῦτθ
1630 5474 1943 5539 προσειπεῖν

439 5627 476 5656 ⁸⁸
506 5635 546 5690 ιι
577 5635 783 5692 Thess.
817 5654 910 5704 nt,
939 5641 997 5695 8.

935 4471 1120 4540 πάλιν,
1176 4474 1262 4527 καὶ
1311 4473 1625 4540 ὑϐριστὴς,
1679 4477 1770 4528 καὶ
1825 4478 1944 4530 καθ’

2123 4471 2334 4525 Rursus
2371 4469 2680 4522 temerarius
2712 4475 2765 4522 et
2797 4469 3088 4536 iujurt'osus
3121 4476 3174 4522 et
3206 4467 3435 4522 subinde
3464 4471 3626 4524 etiam

2053 4562 2277 4617 mendax
2312 4560 2620 4630 appellatur
2653 4558 2887 4612 Basilius
2915 4560 2982 4612 ab
3015 4559 3129 4624 illo,
3161 4561 3250 4629 qui
3279 4563 3548 4629 patienter
3575 4572 3626 4616 et

2049 4667 2329 4712 mansuete
2360 4655 2710 4710 adversarios
2743 4671 2873 4710 suos
2903 4655 3099 4710 erudit.
3128 4657 3205 4710 lta
3238 4659 3379 4711 enim
3436 4659 3487 4712 in
3527 4675 3628 4713 suo

2045 4744 2187 4798 libro
2219 4745 2286 4799 de
2316 4759 2374 4798 se
2402 4743 2662 4812 praadicat
2691 4744 2795 4798 iste
2815 4785 2827 4807 ,
2858 4745 2950 4814 qui
2980 4745 3184 4798 nullam
3219 4750 3441 4802 omnino
3471 4765 3624 4804 acer-

2051 4835 2238 4892 bitatis
2277 4836 2622 4891 occasionem
2679 4839 3088 4906 praetermittit,
3140 4840 3454 4910 ubicunque
3521 4844 3620 4895 ali-

2051 4943 2212 4997 quam
2249 4928 2490 4997 arripere
2542 4936 2744 4998 potest.
2783 4928 2936 4983 Unde
2997 4929 3162 5000 igitur
3197 4944 3248 4986 et
3304 4934 3502 5002 quibus
3556 4951 3618 4988 cx

2053 5018 2211 5070 rebus
2247 5021 2607 5070 temeritatem
2660 5026 2711 5071 et
2780 5017 2993 5086 injuriae
3028 5019 3330 5090 irrogandaa
3381 5023 3620 5077 studium

2049 5108 2283 5176 prohat?
2312 5109 2474 5174 Quia.
2507 5108 2700 5176 inquit,
2733 5125 2831 5169 me,
2853 5126 2970 5163 cum
3006 5112 3103 5164 sint
3135 5113 3444 5181 Cappadox,
3470 5130 3621 5166 voca-

2049 5199 2117 5251 vit
2144 5197 2409 5252 Galatam.
2438 5197 2632 5252 Mirum
2663 5215 2820 5270 vero,
2857 5201 2900 5255 si
2933 5219 3079 5269 eum,
3110 5205 3204 5272 qui
3258 5205 3309 5257 in
3367 5205 3618 5259 conliniis

2049 5289 2277 5342 duarum
2305 5289 2587 5359 regionum
2637 5289 2935 5355 habitabat,
2994 5294 3049 5346 in
3083 5293 3319 5348 obscuro
3379 5293 3616 5360 quodam

2053 5381 2419 5450 Comiaspinw
2450 5384 2670 5452 angulo,
2707 5399 2816 5438 non
2853 5383 3181 5452 Olliserium,
3223 5387 3315 5441 sed
3366 5385 3615 5444 Calatam

2053 5474 2395 5541 nominavit;
2437 5475 2478 5530 si
2553 5482 2731 5529 tamen
2787 5475 3101 5532 nominasse
3154 5477 3364 5532 ostendi
3416 5489 3614 5551 potest.
