4066 6146
397 273 501 326 283

1633 260 1689 314 S.
1730 260 2053 315 GREGORH
2095 261 2382 320 NYSSENI

3544 269 3648 314 ξιιμ

400 391 519 445 Non
547 387 691 443 enim
727 387 830 442 hoc
864 385 1040 455 reperi
1078 385 1130 438 in
1161 384 1364 439 nostris
1398 381 1699 445 codicibus,
1735 385 1827 438 sed
1852 395 1972 440 esto.

2075 387 2453 439 ἐπιδείκνυται.
2502 387 2574 438 Οὑ
2621 384 2726 455 γὰρ
2771 377 2925 452 εὗρον
2970 383 3024 432 ὲν
3067 382 3177 443 τοῖς
3220 381 3504 452 ἡμετέροις
3563 383 3646 451 pt-

400 483 602 538 dixerit
631 481 730 534 hoc
759 479 1013 532 Basilius.
1049 475 1188 529 Num
1225 483 1511 544 propterea
1540 475 1862 528 temerarius
1916 481 1969 527 et

401 573 702 638 injuriosus
744 569 1027 638 appellari,
1070 578 1124 622 et
1170 566 1455 635 quibusvis
1503 565 1644 618 aliis‘
1689 564 1970 634 probrosis

399 661 780 732 cognomentis
821 658 956 712 allici
987 657 1190 711 debet?
1221 656 1401 726 Neque
1455 655 1706 724 intelligit
1752 654 1969 722 sapiens

400 755 520 816 iste,
556 753 697 822 quod
735 768 858 805 cum
921 751 1270 820 sycophanta:
1319 749 1370 800 in
1403 749 1565 800 rebus
1604 749 1812 816 exiguis
1873 747 1972 800 ali-

401 858 563 913 quem
620 851 902 901 accusant,
957 854 1209 908 magnum
1278 837 1402 890 inde
1437 837 1796 906 patrocinium
1853 847 1972 889 tan-

401 950 565 1006 quam
598 932 798 988 insonti
824 931 1053 985 exsistat
1104 930 1202 994 illi,
1233 929 1322 997 qui
1352 929 1682 994 accusatur?
1704 925 1836 980 Nam
1876 927 1968 996 qui

402 1030 470 1082 ad
506 1026 878 1081 accusandum
909 1022 1166 1094 prosiliit,
1221 1022 1267 1075 is
1299 1035 1576 1089 nunquam
1626 1019 1812 1088 utique
1849 1035 1974 1088 gra-

399 1120 647 1174 tioribus
677 1115 1081 1186 praetermissis,
1121 1113 1409 1182 malignam
1449 1125 1601 1164 suam
1658 1124 1872 1178 operam
1916 1110 1970 1162 in

402 1212 698 1267 levioribus
726 1211 1044 1269 insumeret,
1086 1207 1138 1260 in
1173 1205 1370 1274 quibus
1421 1203 1524 1258 iste
1577 1200 1970 1272 exaggerandis

403 1304 609 1357 multus
643 1311 746 1365 est,
809 1297 1148 1366 amplitieans
1198 1296 1401 1348 illatam
1441 1293 1695 1362 iniuriam
1726 1333 1740 1356 ,
1798 1299 1852 1343 et
1904 1291 1971 1345 de

403 1390 687 1446 mendacio
712 1388 937 1442 mirifice
965 1385 1375 1457 philosopharis,
1400 1393 1549 1438 ratus
1573 1381 1816 1437 eamdem
1851 1396 1971 1434 esse

402 1481 816 1545 absurditatem,
837 1480 954 1536 sive
976 1477 1042 1533 de
1062 1474 1426 1547 gravioribus,
1449 1474 1560 1530 sive
1580 1473 1649 1528 de
1677 1471 1970 1527 levioribus

401 1589 584 1628 sermo
613 1574 702 1627 sit.
741 1572 900 1626 Novit
927 1569 1071 1625 enim
1120 1568 1405 1622 institutus
1458 1581 1486 1620 a
1531 1565 1779 1634 patribus
1832 1565 1968 1628 suis,

403 1665 637 1742 Scribis,
675 1665 916 1734 inquam,
953 1669 1006 1716 et
1039 1658 1355 1720 Pharisaais,
1417 1666 1672 1712 accurate
1729 1658 1971 1711 eat-colare

399 1755 643 1820 culicem,
685 1766 742 1811 ct
779 1755 932 1808 avide
979 1753 1241 1807 devorare
1283 1750 1564 1820 gibbosam
1618 1750 1874 1802 camelum
1899 1750 1966 1812 η,
2006 1746 2045 1797 Β

399 1845 637 1915 pondere
670 1841 884 1896 malitia!
927 1850 1203 1896 onustam.
1236 1839 1408 1906 Quem
1443 1839 1582 1894 forte
1616 1841 1712 1895 abs
1767 1856 1824 1893 re
1861 1856 1967 1893 non

402 1935 567 1988 fuerit
597 1933 911 1996 admonere,
955 1942 1012 1986 ut
1040 1932 1093 1986 in
1143 1941 1333 1986 nostra
1363 1932 1641 2002 republica
1671 1931 1739 1984 ab
1778 1931 1969 1998 hujus-

397 2024 540 2078 modt
600 2024 806 2093 legibus
864 2023 1101 2077 ferendis
1151 2021 1442 2087 abstineat,
1481 2037 1549 2077 ne
1581 2022 1788 2078 scilicet
1819 2038 1969 2074 man-

397 2116 507 2179 det,
545 2125 601 2168 ut
657 2114 918 2168 tenuitate
966 2113 1051 2167 vel
1094 2113 1465 2183 magnitudine
1516 2129 1696 2168 rerum
1746 2113 1972 2168 menda-

398 2206 468 2259 cii
530 2204 856 2257 calumniam
904 2220 1011 2256 non
1062 2203 1439 2258 discernamus
1484 2223 1496 2257 :
1548 2219 1654 2259 non
1699 2207 1843 2259 enim
1898 2222 1970 2260 ω-

404 2297 642 2366 qualiter
668 2303 857 2365 peccat
882 2294 1084 2349 Paulus
1111 2295 1398 2359 mentiens,
1436 2296 1563 2350 dum
1594 2295 1821 2351 Iudaico
1860 2298 1968 2351 ritu

402 2389 786 2460 puriﬁcaretur
818 2403 883 2443 eo
921 2398 1183 2457 tempore,
1235 2404 1344 2458 quo
1396 2389 1526 2442 utile
1553 2397 1674 2443 erat
1707 2391 1968 2460 quosdam

398 2481 502 2532 hac
536 2477 718 2547 specie
756 2477 975 2547 decipi;
1015 2485 1064 2532 et
1100 2475 1269 2532 Judas
1320 2478 1439 2547 ipso
1475 2479 1800 2548 proditionis
1833 2483 1968 2534 arti-

397 2571 543 2636 culo,
578 2585 701 2624 cum
731 2569 892 2622 amici
928 2577 988 2630 et,
1017 2569 1261 2624 benevoli
1296 2570 1534 2627 hominis
1566 2588 1856 2640 personam
1888 2575 1972 2627 in-

399 2660 518 2712 duit
545 2660 608 2712 ¹³.
641 2657 900 2712 Mentitus
933 2668 1016 2712 est
1049 2667 1102 2712 et
1139 2656 1336 2728 Joseptt
1380 2661 1641 2717 fratribus
1690 2665 1828 2724 suis,
1881 2664 1972 2718 be—

401 2750 710 2805 nevolentia
735 2748 967 2817 quadam
1005 2751 1364 2816 eisilludens,
1429 2752 1564 2806 adeo
1619 2754 1860 2822 quidem,
1912 2764 1971 2808 ut

399 2842 561 2894 etiam
600 2856 694 2909 per
722 2838 1026 2894 Pharaonis
1053 2842 1566 2912 sanitatemjuraret
1591 2844 1656 2896 ⁸³.
1684 2843 1788 2899 Sed
1815 2861 1970 2900 men-

402 2935 484 2985 titi
511 2941 638 2986 sunt
665 2941 853 2986 contra
885 2932 1034 2985 illum
1070 2943 1123 2986 et
1163 2933 1456 2990 fratres”:
1493 2937 1725 3006 primum
1750 2937 1968 3006 quidem

405 3031 598 3087 morte,
635 3031 823 3093 postea
860 3022 1124 3078 servitute
1185 3025 1232 3078 ei
1270 3023 1507 3092 decreta,
1542 3035 1599 3080 ut
1655 3027 1758 3081 alia
1807 3029 1969 3098 hujus

401 3115 619 3182 generis
650 3113 914 3168 omittam.
955 3112 1212 3167 Mentitur
1242 3131 1458 3185 quoque
1488 3115 1674 3181 Sarra,
1704 3118 1774 3173 ob
1804 3096 1971 3173 risum
2001 3096 2043 3152 Ο

404 3205 610 3274 pudore
649 3203 857 3260 suffusa
885 3205 949 3257 ¹⁶.
989 3203 1244 3259 Mentitur
1276 3209 1439 3263 etiam
1465 3223 1711 3278 serpens,
1743 3209 1860 3264 fore
1916 3218 1975 3264 ut

403 3296 568 3349 homo
613 3295 813 3348 violato
860 3293 950 3348 Dei
1008 3303 1275 3364 przeecpto
1333 3297 1386 3350 in
1421 3297 1659 3351 divinam
1721 3309 1969 3353 naturam

399 3395 770 3441 convertatur.
822 3387 891 3438 At
945 3387 1088 3439 inter
1145 3387 1257 3439 haec
1313 3386 1590 3440 mendacia
1647 3388 1837 3457 ingens
1883 3398 1967 3444 est

399 3475 717 3537 discrimen,
778 3489 878 3526 nec
936 3473 1042 3526 dici
1085 3482 1282 3542 potest,
1323 3485 1622 3544 quantum,
1687 3479 1802 3530 sive
1849 3479 1974 3546 quis

403 3567 533 3620 huic
566 3566 641 3619 rei
679 3565 960 3618 veritatem
993 3573 1242 3619 astruere
1290 3566 1419 3619 velit
1451 3581 1515 3620 ex
1548 3569 1971 3638 antiquioribus,

407 3658 524 3711 sive
553 3671 614 3711 ex
653 3655 1034 3725 praesentibus.
1091 3654 1456 3721 Quamobrem
1488 3666 1541 3713 et
1569 3674 1669 3714 nos
1719 3658 1972 3725 fatemur,

402 3747 701 3803 secundum
765 3763 1105 3801 communem
1155 3748 1298 3802 illam
1361 3749 1428 3805 de
1487 3751 1798 3808 hominibus
1842 3751 1976 3807 Pro-

402 3842 576 3910 pheta:
621 3839 986 3894 sententiam:
1022 3838 1204 3893 Omnis
1239 3840 1390 3894 homo
1445 3843 1671 3896 mendax
1694 3843 1736 3873 “‘
1760 3885 1776 3908 ,
1837 3845 1976 3897 divi-

399 3946 530 3986 num
564 3931 856 3985 hominem
886 3931 1150 3985 Basilium
1201 3932 1255 3984 in
1287 3933 1631 3986 mendacium
1692 3933 1971 3999 incidisse,

398 4038 522 4077 eum
555 4023 839 4076 finitimam
884 4025 1158 4093 regionem
1187 4024 1426 4088 nomine,
1456 4026 1601 4094 quod
1632 4025 1768 4080 forte
1793 4025 1972 4081 fortu-

400 4129 470 4168 na
513 4122 639 4167 tunc
677 4113 940 4177 occurrit,
973 4113 1301 4183 indigitavit,
1332 4115 1640 4183 ignorantia
1691 4117 1772 4170 vel
1815 4116 1972 4170 incu-

398 4203 480 4258 ria
514 4204 747 4273 proprim
784 4193 1202 4272 'appellationis.
1259 4208 1327 4259 At
1359 4205 1620 4260 mentitur
1659 4209 1820 4262 etiam
1860 4206 1972 4261 Eu-

397 4297 618 4351 nomius
647 4314 660 4350 :
691 4303 746 4350 et
779 4296 1052 4366 quodnam
1105 4297 1280 4366 ipsius
1323 4309 1406 4354 est
1436 4299 1823 4355 mendacium?
1853 4302 1970 4371 ipsa

2070 482 2238 542 6λίοις
2262 480 2420 532 τοῦτο
2448 479 2859 550 προσκείμενον,
2885 472 3114 526 δεδόσθω
3135 472 3191 524 δὲ
3215 472 3350 534 ὅλως
3372 473 3642 543 εἰρῆσθαι.

2081 572 2250 641 ’Υπὲρ
2280 571 2481 624 τούτων
2530 569 2823 641 προπετὴς.
2865 567 2959 619 καὶ
3005 565 3286 634 ὑϐριστὴς,
3332 565 3426 618 καὶ
3470 565 3645 618 πάντα

2069 667 2393 736 ὀνομάζεται
2418 665 2485 718 τὰ
2513 664 2823 725 δεινότατα;
2875 661 2982 713 Καὶ
3018 661 3078 711 οὑ
3112 657 3356 728 συνίησιν
3392 659 3420 709 ὁ
3463 657 3644 729 σοφὸς,

2070 761 2150 813 δτι
2178 762 2209 827 ἡ
2240 759 2330 811 ἐπὶ
2376 759 2588 828 μικροῖς
2617 755 2769 824 παρὰ
2799 753 2892 807 τοῦ
2934 750 3270 819 συκοᾳάντου
3316 749 3639 818 κατηγορία,

2075 850 2315 921 μεγάλην
2347 848 2669 921 συνηγορίαν
2698 847 2794 916 τῆς
2839 844 3142 913 δεξιότητος
3179 841 3272 895 τοῦ
3309 858 3635 912 κατηγορου-

2076 941 2236 1010 μένου
2270 939 2628 1008 παρίστησιν;
2653 936 2726 987 Ού
2769 934 2874 1004 γὰρ
2912 932 2979 986 ἂν
3015 932 3147 1002 πρὸς
3181 930 3514 1000 κατηγορίαν
3554 946 3646 981 κε-

2072 1031 2380 1101 κινημένος,
2408 1030 2512 1081 τῶν
2547 1027 2802 1098 μειζόνων
2827 1024 3155 1094 φειδόμενος.
3182 1025 3237 1074 ὲν
3260 1023 3370 1084 τοῖς
3399 1019 3646 1090 μικροτέ-

2077 1139 2187 1194 ροις
2240 1119 2532 1189 ἁπησχόλει
2586 1119 2682 1187 τὴν
2718 1114 3016 1186 πονηρίαν⁸
3057 1113 3196 1183 ὑπὲρ
3239 1105 3312 1165 ὧν
3343 1112 3436 1163 καὶ
3483 1109 3647 1173 πολύς

2072 1215 2236 1276 ἐστιν,
2273 1211 2512 1282 ἐπαίρων
2545 1210 2636 1262 καὶ
2660 1207 2842 1261 δεινῶν
2872 1207 2932 1258 τὸ
2977 1205 3216 1274 ἀδίκημα
3238 1243 3251 1262 ,
3293 1205 3386 1256 καὶ
3437 1201 3646 1271 σεμνῶς

2075 1303 2200 1375 περὶ
2236 1302 2327 1355 τοῦ
2368 1300 2597 1371 ψεύδους
2631 1298 2965 1368 φιλοσοερῶν,
2995 1291 3111 1348 ἴσον
3140 1297 3216 1358 είς
3260 1293 3488 1347 ἀτοπίαν
3522 1293 3640 1363 κρί-

2073 1412 2199 1457 νων,
2231 1393 2324 1446 ὲὰν
2356 1409 2414 1444 τε
2455 1391 2583 1462 περὶ
2618 1389 2898 1460 μειζόνων,
2935 1388 3028 1441 ἐάν
3055 1404 3114 1439 τε
3142 1386 3270 1456 περὶ
3306 1386 3644 1455 μικροτέρων

2073 1487 2101 1538 ὁ
2124 1486 2300 1553 λόγος.
2335 1477 2455 1536 Οἵδε
2481 1480 2590 1552 γὰρ
2613 1478 2752 1534 κατὰ
2776 1479 2900 1542 τοὺς
2923 1477 3165 1547 πατέρας
3190 1473 3354 1529 αὑτοῦ
3377 1475 3472 1544 τῆς
3495 1472 3644 1542 αἱρέ-

2076 1594 2231 1638 σεως,
2266 1574 2389 1636 τοὺς
2417 1573 2757 1643 γραμματεῖς
2787 1569 2928 1635 λέγω
2981 1568 3075 1620 καὶ
3101 1564 3426 1636 Φαρισαίους
3446 1603 3460 1626 ,
3490 1565 3643 1634 ἀκρι-

2075 1666 2183 1729 ϐῶς
2205 1665 2302 1736 μὲν
2318 1661 2598 1723 διυλίζειν
2614 1662 2718 1714 τὸν
2731 1659 3003 1722 κώνωπα,
3019 1656 3248 1727 ἀφειδῶς
3263 1655 3319 1708 δὲ
3333 1656 3647 1709 καταπίνειν

2077 1757 2176 1824 τὴν
2225 1751 2442 1806 σκολιὰν
2479 1751 2771 1820 κάμηλον,
2799 1750 2897 1819 τὴν
2923 1748 3000 1818 τῷ
3049 1747 3201 1818 βάρει
3249 1746 3348 1815 τῆς
3387 1746 3647 1815 πονηρίας

2078 1845 2510 1915 πεφορτισμένην
2532 1861 2546 1874 ·
2583 1843 2717 1914 πρὸς
2750 1843 2807 1895 ὃν
2835 1844 2933 1894 οὑκ
2963 1841 3158 1893 ἄτοπον
3189 1834 3255 1909 ἧν
3282 1841 3413 1901 ἴσως
3449 1840 3646 1897 εἰπεῖν,

2077 1939 2156 1991 ὅτι
2186 1937 2372 1990 Ψείδου
2410 1937 2507 2009 τῆς
2533 1935 2787 2018 τοιαύτης
2825 1933 3142 2004 νομοθεσίας
3172 1934 3228 1985 ὲν
3257 1934 3324 2002 τῇ
3353 1929 3469 1984 καθ’
3499 1932 3645 2000 ἡμᾶς

2077 2027 2340 2099 πολιτείᾳ,
2377 2027 2437 2080 τὸ
2469 2027 2600 2098 παρ’
2625 2025 2776 2078 οὐδὲν
2800 2023 3045 2095 ἡγεῖσθαι
3078 2021 3320 2076 κελεύειν
3352 2020 3640 2092 βραχύτητι

2079 2121 2450 2191 πραγμάτων,
2481 2120 2572 2173 καὶ
2605 2117 2822 2189 μεγέθει
2843 2116 3132 2188 διακρίνειν
3162 2116 3258 2186 τὴν
3285 2115 3420 2186 πρὸς
3441 2114 3500 2166 τὸ
3521 2112 3642 2182 ψεύ-

2076 2213 2164 2275 δος
2195 2212 2472 2279 διαϐολήν·
2505 2211 2563 2264 ού
2593 2211 2700 2280 γὰρ
2727 2209 2924 2280 ὁμοίως
2956 2207 3254 2278 ἁμαρτάνει
3284 2205 3492 2268 Παῦλος
3517 2205 3648 2273 ψευ·

2077 2303 2315 2373 δόμενος,
2347 2303 2441 2354 καὶ
2483 2299 2784 2363 Ἰουδαϊκῶς
2815 2298 3162 2368 ἁγνιζόμενος
3194 2297 3286 2349 ἐπὶ
3320 2295 3510 2368 καιροῦ
3539 2294 3645 2346 τῶν

2077 2394 2360 2466 χρησίμως
2397 2391 2798 2461 ὰπατωμένων,
2829 2391 2921 2444 καὶ
2963 2389 3161 2452 Ἰούδας
3191 2390 3247 2440 ὲν
3277 2388 3354 2459 τῷ
3385 2388 3484 2458 τῆς
3513 2404 3646 2456 προ-

2077 2486 2252 2548 δοσίας
2278 2484 2452 2554 καιρῷ
2478 2484 2627 2552 φίλον
2653 2483 2743 2534 καὶ
2767 2483 3104 2552 προσήγορον
3136 2481 3318 2551 σχῆμα
3348 2479 3645 2548 ὑποδυόμε-

2078 2593 2186 2639 νος.
2218 2573 2513 2642 Ἐψεύσατο
2535 2572 2630 2624 καὶ
2663 2571 2856 2642 Ἰωσὴφ
2879 2572 2936 2622 ὲν
2954 2569 3332 2640 φιλανθρωπίᾳ
3354 2570 3475 2630 τοὺς
3498 2569 3646 2620 ἁδελ-

2079 2668 2210 2736 φοὺς
2254 2665 2585 2728 διαπαίζων,
2624 2663 2716 2717 καὶ
2763 2661 2937 2716 ταῦτα
2962 2661 3057 2732 τὴν
3100 2661 3286 2729 ὑγείαν
3322 2661 3415 2713 τοῦ
3450 2660 3650 2730 Φαραὼ

2077 2759 2468 2830 ἐπομνύμενος.
2538 2757 2678 2810 Ἀλλ’
2717 2756 3012 2826 ἐψεύσαντο
3049 2755 3143 2808 καὶ
3187 2756 3235 2807 οἱ
3275 2754 3493 2822 ἀδελφοὶ
3525 2756 3649 2818 κατ’

2077 2851 2274 2906 αὑτοῦ·
2315 2851 2376 2904 το
2418 2849 2678 2921 πρότερον
2715 2849 2846 2920 μὲν,
2886 2847 3132 2912 θάνατον,
3188 2845 3326 2918 μετὰ
3373 2847 3543 2899 ταῦτα
3592 2845 3648 2897 δὲ

2076 2943 2317 2997 δουλείαν
2359 2942 2445 2995 διὰ
2495 2941 2586 2994 τὸν
2635 2939 2825 3008 φθόνον
2872 2937 3286 3008 βουλεύσαντες·
3339 2939 3432 2991 καὶ
3480 2937 3646 2990 πολλὰ

2077 3035 2300 3088 τοιαῦτα
2343 3034 2485 3087 ἐστιν
2524 3033 2728 3085 εἰπεῖν’
2772 3031 3022 3101 ψεύδεται
3055 3031 3240 3102 Σάρρα
3271 3030 3649 3100 ἐπερυθριῶσα

2077 3126 2154 3197 τῷ
2179 3125 2393 3194 γέλωτι.
2421 3123 2687 3177 Ψεύδεται
2714 3124 2807 3176 καὶ
2827 3125 2854 3176 ό
2879 3123 3002 3192 ὄφις
3026 3123 3104 3186 είς
3130 3121 3278 3175 θείαν
3306 3121 3650 3191 μεταϐαίνειν

2079 3216 2238 3286 φύσιν
2273 3215 2363 3269 τὸν
2388 3215 2672 3285 ἄνθρωπον
2706 3216 2770 3268 έκ
2797 3215 2895 3284 τῆς
2925 3214 3207 3284 παρακοῆς
3240 3212 3644 3282 εἰσηγούμενος.

2076 3309 2251 3378 Πολλὴ
2285 3307 2378 3360 τοῦ
2408 3307 2636 3377 ψεύδους
2681 3309 2713 3377 ἡ
2757 3307 2891 3376 πρὸς
2930 3305 3028 3368 τὰς
3061 3303 3345 3366 ὑποθέσεις
3385 3289 3665 3372 διαφοραί

2077 3403 2169 3454 καὶ
2199 3401 2320 3456 οὑδὲ
2350 3401 2494 3454 ἔστιν
2533 3403 2702 3453 εἰπεῖν
2732 3401 2852 3469 6m,
2883 3398 2990 3452 εἴτε
3023 3401 3084 3450 ὲκ
3113 3397 3220 3449 τῶν
3249 3396 3490 3467 ἀρχαίων
3531 3395 3648 3464 διη-

2075 3490 2357 3560 γημάτων,
2383 3489 2490 3542 εἴτε
2516 3491 2580 3541 ἐκ
2607 3488 2700 3542 τοῦ
2731 3489 2825 3541 νύν
2861 3488 2975 3558 βίον
3005 3485 3318 3556 δοκιμάζοις
3347 3483 3436 3538 τὸν
3467 3483 3643 3550 λόγον.

2077 3577 2284 3631 Οὐκοῦν
2313 3577 2406 3630 καὶ
2429 3579 2584 3647 ἡμεῖς
2610 3575 2893 3646 δεξόμεθα,
2913 3577 2993 3629 ὃτι
3019 3575 3160 3628 κατὰ
3187 3573 3282 3644 τὴν
3309 3573 3490 3642 κοινὴν
3522 3589 3584 3624 πε
3595 3572 3648 3642 pi.

2076 3670 2181 3722 τῶν
2229 3667 2528 3738 ἀνθρώπων
2565 3668 2855 3736 ἀπόφασιν,
2882 3669 2948 3738 ἣν
2990 3665 3078 3719 διὰ
3118 3666 3211 3718 τοῦ
3257 3665 3540 3737 Προφήτου
3586 3662 3647 3714 τὸ

2076 3761 2298 3832 Πνεῦμα
2358 3762 2417 3814 τὸ
2468 3760 2620 3828 ἅγιον
2667 3761 3002 3829 ἀπεφήνατο,
3051 3760 3130 3811 ὅτι
3177 3756 3298 3823 Πᾶς
3339 3756 3648 3824 ἅνθρωπος

2073 3853 2368 3920 ψεύστης,
2413 3852 2506 3904 καὶ
2544 3852 2572 3903 ὁ
2602 3850 2693 3904 τοῦ
2727 3850 2861 3904 Θεοῦ
2911 3850 3193 3921 ἄνθρωπος
3233 3847 3530 3916 συνηνέχθη
3570 3845 3648 3914 τῷ

2073 3945 2283 4014 ψεύδει,
2319 3946 2414 4014 τὴν
2446 3943 2640 4014 ὅμορόν
2684 3960 2788 3996 τινι
2839 3942 3019 4013 χώραν
3051 3941 3260 4011 ἀγνοίᾳ.
3312 3941 3345 4009 ἢ
3379 3937 3649 4008 ὑπεραίίᾳ

2073 4037 2170 4106 τῆς
2209 4037 2303 4092 τοῦ
2328 4035 2492 4088 τόπου
2526 4035 2888 4106 προσηγορίας
2921 4033 3060 4088 κατὰ
3088 4034 3148 4086 τὸ
3193 4032 3403 4102 συμϐὰν
3444 4032 3646 4098 ἐπιφη-

2078 4127 2237 4197 μίσας
2256 4140 2270 4158 ·
2297 4126 2410 4179 ἁλλ’
2431 4125 2695 4194 ἐψεύσατο
2723 4125 2815 4179 καὶ
2838 4126 3119 4196 Εὑνόμιος,
3148 4126 3239 4176 καὶ
3269 4123 3318 4174 τί
3347 4123 3406 4174 τὸ
3429 4121 3644 4190 ψεῦδοςς

2073 4216 2252 4285 Αὑτῆς
2277 4215 2374 4284 τῆς
2412 4213 2668 4282 ἀληθείας
2701 4212 3056 4284 παραγραφὴ,
3085 4212 3174 4264 τὸν
3213 4210 3297 4264 ἀεὶ
3327 4209 3473 4270 ὄντα,

2077 4306 2151 4376 μὴ
2185 4302 2322 4358 εἶναι
2359 4305 2536 4373 λέγει·
2574 4303 2664 4358 τὸν
2699 4304 2912 4376 ἀληθῶς
2933 4305 3078 4365 Υίὸν,
3113 4301 3460 4372 ψευδώνυμον
3501 4301 3645 4369 ἔχειν

397 4387 651 4441 videlicet
682 4389 930 4443 veritatis
957 4390 1262 4459 corruptio,
1292 4390 1421 4444 dum
1455 4408 1602 4455 eum,
1628 4393 1721 4463 qui
1751 4409 1967 4462 semper

2075 4396 2169 4468 τὴν
2200 4396 2569 4468 προσηγορίαν
2591 4396 3006 4460 κατασκευάζει,
3035 4395 3125 4448 τόν
3152 4393 3376 4463 κτίστην
3405 4391 3642 4455 πάντων,

399 4487 505 4542 est,
540 4480 836 4550 aliquando
877 4496 986 4534 non
1045 4480 1216 4536 fuisse
1262 4482 1416 4546 dicit,
1446 4497 1744 4553 verumque
1771 4481 1964 4537 Filium

402 4568 542 4623 falso
586 4570 804 4623 nomine
837 4571 1097 4640 appellari
1160 4573 1442 4626 contendit
1483 4591 1496 4626 :
1556 4583 1969 4644 creatoremque

405 4661 647 4712 ninnium
699 4670 1003 4715 creaturam
1066 4669 1119 4716 et
1151 4661 1414 4716 facturam
1473 4680 1594 4718 esse
1653 4663 1875 4729 definit;
1917 4676 1970 4719 et

396 4750 640 4803 omnium
687 4751 978 4806 Dominum
1033 4769 1252 4809 servum
1307 4755 1474 4809 facit:
1510 4771 1746 4825 eumque
1801 4757 1888 4810 cui
1941 4772 1969 4809 a

399 4842 704 4909 naturajus
737 4843 1055 4898 dominandi
1087 4846 1368 4914 competit,
1402 4848 1457 4899 in
1505 4862 1788 4902 servorum
1817 4849 1966 4903 ordi-

396 4947 520 4986 nem
552 4933 747 5002 redigit
775 4951 788 4986 :
814 4950 940 4986 num
970 4935 1085 4989 haec
1113 4937 1237 4990 talis
1269 4945 1318 4989 et
1366 4946 1472 4991 tam
1521 4939 1679 4993 exilis
1707 4949 1787 4994 est
1816 4956 1966 4994 men-

2073 4485 2234 4539 αὑτὸν
2261 4485 2464 4554 κτίσμα
2497 4480 2633 4537 εἶναι
2685 4485 2780 4538 καὶ
2820 4485 3030 4554 ποίημα
3069 4483 3390 4554 διορίζεταιο
3426 4481 3514 4534 τὸν
3545 4499 3642 4532 κυν-

2078 4578 2324 4648 ριεύοντα
2347 4577 2451 4628 τῶν
2472 4576 2628 4640 ὅλων,
2657 4576 2839 4629 δοῦλον
2870 4575 3296 4645 προσαγορεύει·
3327 4573 3415 4626 τὸν
3452 4575 3512 4624 ἐκ
3541 4572 3643 4640 φύ-

2078 4686 2213 4732 σεως
2246 4668 2306 4720 τὸ
2336 4668 2521 4738 ἄρχειν
2549 4667 2734 4738 ἔχοντα
2754 4709 2766 4729 ,
2798 4671 2864 4738 τῇ
2897 4668 3217 4739 δουλευούσῃ
3251 4666 3407 4735 φύσει
3441 4682 3640 4732 συγκαο

2077 4759 2353 4812 τατάσσει.
2388 4755 2533 4828 Ἀρα
2565 4759 2736 4829 μικρὰ
2772 4758 2863 4810 τοῦ
2894 4758 3119 4826 ψεύδους
3166 4761 3197 4827 ἡ
3231 4757 3494 4828 διαφορὰ;
3536 4757 3644 4809 Καὶ

2076 4849 2331 4917 τοσαύτη,
2374 4849 2448 4910 ὡς
2495 4847 2610 4900 ἀντ’
2641 4847 2852 4909 οὐδενὸς
2877 4845 3080 4900 οἴεσθαί
3113 4862 3264 4909 τινα,
3300 4846 3360 4898 τὸ
3388 4843 3578 4906 οὑτως,
3612 4843 3642 4913 ἣ

2071 4939 2145 5002 ὡς
2175 4939 2373 5009 ἑτέρως
2403 4937 2658 5007 ἐψεῦσθαι
2682 4938 2853 4990 δοκεῖν
2876 4953 2892 5002 ;

396 5029 540 5084 dacii
575 5028 903 5093 differentia,
937 5043 994 5085 ut
1030 5048 1128 5100 pro
1157 5033 1325 5088 nihilo
1355 5034 1662 5091 ducendum
1719 5037 1810 5102 sit,
1845 5037 1958 5091 sive
1998 5037 2120 5105 quis
2145 5037 2268 5100 hoc,
2305 5037 2422 5090 sive
2453 5035 2546 5090 illo
2570 5035 2734 5089 modo
2767 5031 3110 5088 mentiatur?

467 5121 954 5177 Verumenimvero
1007 5125 1182 5178 videte
1231 5142 1413 5191 nunc,
1468 5144 1632 5198 quam
1705 5144 1850 5183 cura:
1895 5129 1965 5183 sit

391 5216 595 5270 veritas
627 5215 696 5276 ei,
739 5217 829 5284 qui
863 5216 998 5270 alios
1048 5225 1107 5268 ut
1141 5218 1402 5285 sophistas
1455 5221 1650 5275 crebro
1699 5219 1964 5274 conviciis

391 5307 624 5375 Impetit.
656 5305 876 5359 Dixerat
903 5305 956 5358 in
1000 5321 1102 5359 suo
1128 5292 1388 5363 advErsus
1419 5326 1540 5364 eum
1598 5311 1738 5364 libro
1791 5313 1964 5380 magi-

390 5403 504 5448 ster
555 5404 766 5459 noster,
821 5397 965 5464 quod
1020 5409 1086 5449 co
1122 5404 1398 5464 tempore,
1452 5412 1562 5466 quo
1618 5413 1707 5453 res
1743 5404 1964 5451 mutatae

466 5566 508 5595 ¹¹
549 5565 734 5618 Matth.
769 5583 925 5630 χχιιι,
961 5569 1051 5622 24.

1130 5571 1172 5602 ¹³
1197 5571 1422 5636 l.uc.xx,
1463 5573 1550 5626 47.

390 5643 476 5699 In,
503 5634 552 5687 ι.
616 5637 658 5666 ¹⁸
690 5635 833 5690 Psal.
859 5654 982 5705 cxv,
1024 5639 1107 5691 ll.

1633 5575 1674 5606 “
1701 5575 1836 5629 Gen.
1868 5590 1995 5640 XLII,
2035 5574 2118 5629 16.

2154 5127 2311 5180 Ἀλλὰ
2335 5128 2429 5180 καὶ
2459 5127 2550 5180 τὸν
2575 5124 2932 5196 σοφιστικὸν
2959 5125 3113 5192 λόγον
3145 5121 3486 5187 ὲπονειδίζων
3529 5123 3640 5175 ἐτέ-

2076 5236 2205 5290 ροις,
2234 5219 2485 5292 θεωρεῖτε
2520 5219 2636 5271 οἵαν
2662 5218 2762 5286 τῆς
2792 5215 3022 5286 ἀληθοῦς
3064 5213 3385 5280 ἀποδείξεως
3412 5216 3637 5266 ποιεῖται

2069 5311 2168 5380 τὴν
2201 5312 2532 5381 ἐπιμέλειαν.
2576 5305 2740 5365 Εἶπεν
2769 5312 2826 5363 ἐν
2864 5310 2941 5381 τῷ
2969 5309 3109 5380 λόγῳ
3139 5309 3216 5380 τῷ
3250 5309 3386 5376 πρὸς
3428 5307 3583 5362 αὑτὸν
3612 5309 3638 5359 ό

2069 5402 2380 5465 διδάσκαλος
2407 5402 2582 5472 ἡμῶν,
2614 5403 2695 5455 ὅτι
2725 5403 2782 5454 ἐν
2810 5401 2886 5473 τῷ
2916 5400 3091 5473 καιρῷ
3120 5402 3216 5476 τῆς
3251 5399 3354 5454 τῶν
3386 5398 3639 5471 πραγμάν

3420 5579 3461 5610 ³⁷
3498 5579 3633 5638 Gen.

2192 5575 2231 5605 ’⁵
2258 5574 2392 5630 Gen.
2433 5593 2640 5642 xxxvii,
2670 5577 2761 5632 52.
2839 5578 2880 5608 ¹⁶
2913 5578 3048 5634 Gen.
3081 5594 3233 5643 xvm,
3269 5578 3354 5633 15.
