4066 6146
459 291 566 344 285

1591 288 1867 344 CONTRA
1910 286 2293 351 EUNOMIUM,
2338 288 2465 342 LIB.
2509 289 2546 342 l.
2597 268 2602 274 ’

3598 289 3700 342 235

460 419 566 455 των
594 402 1033 472 καταστροφῆς,
1085 393 1236 465 οὗτος
1288 397 1449 455 ἆθλον
1498 405 1592 472 τῆς
1641 403 1892 466 ἀσεϐείας
1937 404 2022 474 τὴι

2137 414 2284 466 sunt,
2311 403 2412 459 iste
2439 404 2694 474 Cyzicum
2740 402 3021 472 praemium
3066 399 3358 472 impietatis
3387 410 3702 470 reportave-

460 492 695 556 Κύζικον
721 491 1089 562 ἀπηνέγκατο.
1121 493 1186 545 Τί
1211 491 1303 547 οὖν
1335 495 1364 546 ὁ
1394 495 1516 557 τοὶς
1549 498 1799 563 σοφιστὰς
1832 497 2032 564 διελέγ·

457 599 566 650 χων
599 585 776 646 ποιεῖ;
812 583 983 645 Εὐθὺς
1015 584 1302 654 ἐπιφύεται
1324 586 1403 656 τῷ
1434 586 1536 640 τοῦ
1566 587 1752 640 ἄθλου
1789 588 2030 656 ὀνόματι,

457 673 564 725 καὶ⁶
582 673 1052 742 συνομολογεῖσθαι
1086 677 1215 746 παρ’
1241 675 1396 745 ήμῶν
1427 693 1579 746 φησι,
1603 676 1662 727 τὴ
1694 676 1790 728 καὶ
1819 677 2034 729 ἀπολε-

453 763 768 830 λογῆσθαι,
805 763 903 816 καί
948 763 1198 832 νικῆσαι
1232 765 1328 818 διὰ
1362 765 1469 833 τῆς
1504 767 1888 835 αίντολογίας,
1932 768 2029 820 καί

455 855 518 906 τὸ
544 855 615 906 ἐκ
650 853 761 919 τῆς
794 855 970 920 νίκης
999 848 1191 908 ἆθλον
1224 855 1321 910 διὰ
1356 856 1475 910 τῶν
1511 857 1754 926 ἀγώνων
1785 859 2031 927 κομίσα-

452 952 592 1000 σθαι
609 962 621 974 °
656 948 750 997 xu".
776 945 1054 1016 συντίθησι
1077 947 1430 1017 συλλογισμὸν
1462 948 1549 1000 διὰ
1572 948 1680 1001 τῶν
1705 949 2027 1020 ἀναντιρῤἠ-

453 1055 582 1098 των,
606 1037 680 1099 ὡς
705 1038 898 1099 οἴεται,
932 1039 1317 1108 συμπεραίνων
1343 1038 1432 1090 τὸν
1455 1038 1629 1106 λόγον.
1661 1041 1950 1110 Εἰρήσεται
1975 1042 2029 1093 δέ

454 1128 592 1181 αὑτά
622 1129 688 1181 τά
710 1130 1073 1200 γεγραμμένα.
1104 1131 1232 1195 παρ’
1263 1128 1425 1182 αὑτοῦ
1456 1131 1548 1183 ἐττί
1571 1130 1786 1195 λέξεως.
1821 1135 1888 1185 Εἰ
1920 1133 2028 1199 γὰρ

459 1221 518 1273 τὸ
551 1213 760 1283 ἆθλον,
790 1220 972 1289 φησὶν,
1000 1221 1172 1288 νίκης
1194 1221 1324 1274 ἐστὶ
1365 1221 1668 1291 γνώρισμα
1703 1223 1798 1274 καὶ
1835 1223 2024 1287 τέλος·

447 1309 660 1378 μηνύει
688 1307 754 1360 δὲ
772 1307 887 1375 τὴν
909 1309 1087 1376 νίκην
1144 1304 1178 1371 ἡ
1223 1309 1360 1376 δίκη
1386 1329 1399 1340 ο
1425 1311 1771 1380 συνεισάγει
1791 1311 1857 1363 δὲ
1875 1311 2025 1364 πάι·-

452 1417 563 1464 τως
584 1398 768 1466 ἑαυτῇ
798 1399 910 1466 τὴν
930 1401 1291 1468 κατηγορίαν
1318 1403 1355 1467 ἡ
1380 1401 1516 1468 δίκη
1541 1419 1553 1430 ·
1583 1404 1614 1455 ό
1638 1401 1703 1454 τὸ
1732 1395 1918 1455 ἆθλον
1939 1401 2025 1455 δι-

452 1489 614 1552 δοὺς,
644 1489 979 1556 ἀναγκαίαν
1005 1484 1154 1542 εἶναι
1182 1489 1362 1557 φήσει
1395 1490 1490 1542 καί
1527 1490 1640 1555 τὴν
1666 1491 2020 1560 ἀπολογίαν.

452 1582 515 1633 Τί
540 1577 631 1632 οὖν
663 1581 850 1650 ἡμεῖς;
890 1578 1214 1646 Ἡγωνίσθαι
1245 1581 1342 1650 μὲν
1376 1581 1556 1641 αὑτὸν,
1591 1581 1683 1634 καὶ
1718 1581 1855 1634 πάνυ
1894 1599 2026 1651 σφο-

449 1671 590 1742 δρῶς
629 1689 683 1722 τε
715 1671 806 1722 καὶ
847 1671 1168 1740 ἐρρωμένως
1211 1672 1565 1742 τὸν-πονηρὸν
1607 1672 1793 1725 τοῦτον
1838 1674 2022 1740 ἀγῶνα

448 1762 547 1830 τῆς
580 1762 849 1823 ἀσεϐείας,
876 1762 974 1814 οὐκ
997 1761 1365 1832 ἀντιλέγομεν,
1390 1764 1483 1815 καὶ
1511 1764 1570 1816 οὑ
1605 1763 1784 1834 μικρῷ
1814 1763 1890 1834 τῷ
1923 1765 2018 1834 μέ-
2059 1739 2074 1793 Ι

450 1869 562 1920 τρῳ
595 1853 719 1915 τοὺς
762 1852 978 1920 ὁμοίους
1027 1852 1461 1923 ὑπερϐεϐηκέναι
1505 1855 1598 1907 καὶ
1642 1856 1924 1926 ὑπερέχειν
1965 1860 2020 1908 ἐν

451 1941 560 2004 τοῖς
595 1941 732 1994 κατὰ
763 1941 861 2011 τῆς
892 1942 1148 2012 ἀληθείας
1180 1943 1395 2014 ἱδρῶσιν
1415 1961 1426 1973 ·
1460 1944 1573 1996 ἀλλ’
1606 1945 1724 2013 οὑχὶ
1751 1945 1890 1998 κατά
1916 1946 2020 1997 τῶν

451 2031 914 2101 ἀντιτεταγμένων
953 2032 1242 2102 ἐσχηκέναι
1279 2033 1347 2085 τὰ
1381 2035 1706 2105 νικητήριαο
1744 2037 2022 2104 συγκρίσει

449 2120 505 2173 δὲ
531 2120 638 2172 τῶν
663 2119 1070 2191 συνδραμόντων
1100 2122 1248 2192 αὑτῷ
1275 2122 1342 2176 δι’
1365 2123 1618 2187 ἀσεϐείας
1642 2125 1734 2176 ἐπὶ
1764 2125 1860 2195 τὴν
1891 2126 2023 2178 πλά-

451 2227 568 2280 νην,
606 2211 953 2282 προτερεύειν
985 2213 1202 2266 πάντων
1235 2215 1292 2266 ἐν
1335 2217 1400 2284 τῇ
1449 2214 1736 2284 περιουσία⁴
1768 2215 1861 2267 τοῦ
1892 2216 2022 2284 ψεύ-

452 2302 601 2367 δους,
650 2303 742 2356 καὶ
782 2303 924 2356 οὕτω
953 2303 1133 2358 λαϐεῖν
1162 2305 1282 2358 ἀντὶ
1309 2305 1411 2374 τῆς
1449 2307 1528 2368 εἰς
1561 2305 1621 2357 τὸ
1663 2307 1827 2358 κακὸν
1857 2308 2023 2378 ὑπερ-

451 2393 610 2464 ϐολῆς
644 2391 802 2448 ἆθλον
843 2396 940 2466 τὴν
971 2395 1238 2459 Κύζικον·
1282 2396 1361 2459 ὡς
1399 2397 1614 2450 πάντων
1651 2396 1758 2450 τῶν
1795 2398 1886 2450 ἐπὶ
1912 2401 2021 2461 τοῖς

451 2485 652 2555 ὁμοίοις
697 2486 840 2539 κατά
884 2486 985 2556 τῆς
1033 2487 1289 2557 ἀληθείας
1340 2487 1738 2556 κονισαμένων,
1769 2488 1828 2541 τὸ
1863 2489 2022 2541 πλέον

451 2577 664 2650 ἔχοντα,
691 2578 787 2631 καὶ
816 2580 908 2632 ἐπὶ
934 2581 1000 2650 τῇ
1026 2579 1151 2652 νίκῃ
1183 2579 1322 2632 κατά
1353 2580 1450 2650 τὴν
1479 2578 1824 2650 βλασφημίαν
1858 2580 2023 2650 ἀναρ-

452 2669 684 2741 ῥηθῆναι
712 2670 948 2742 λαμπρῷ
977 2671 1069 2725 καὶ
1095 2673 1382 2742 περιφανεί
1403 2670 1480 2740 τῷ
1504 2671 1835 2742 κηρύγματι,
1858 2671 1915 2722 ἐν
1945 2669 2022 2739 τῷ

393 2780 405 2790 ·
453 2760 646 2830 μισθὸν
676 2761 777 2830 τῆς
809 2761 1036 2823 ἀτοπίας
1065 2763 1210 2831 αὐτῷ
1241 2761 1392 2832 παρά
1417 2762 1522 2814 τῶν
1553 2762 1723 2824 οὕτως
1761 2761 2024 2828 ἀγωνοθε-

450 2851 690 2905 τούντων
711 2851 1054 2921 ἐξαιρεθῆναι
1082 2851 1178 2923 τὴν
1203 2852 1460 2914 Κύζικον
1478 2850 1569 2903 καὶ
1582 2849 1663 2901 ὅτι
1685 2849 1855 2902 ταῦτα
1882 2850 2022 2902 κατά

450 2941 551 3011 τὴν
597 2939 854 3012 ῥηθεῖσαν
883 2939 1120 2994 διάνοιαν
1155 2943 1283 3012 παρ’
1314 2939 1469 3008 ἡμῶν
1502 2939 1878 3009 ὡμολόγηται,
1913 2938 2022 2991 δείε-

453 3047 638 3084 κνυσιν
665 3032 692 3083 ὁ
723 3029 989 3101 ἡμέτερος
1014 3030 1168 3099 λόγος
1190 3047 1202 3060 ·
1226 3033 1306 3084 ὅτι
1361 3029 1641 3093 ἀσεϐείας
1673 3024 1880 3092 ἆθλον,
1905 3031 2023 3100 οὑχὶ

450 3120 746 3190 ἀπολογίας
788 3121 1120 3193 κατόρθωμά
1157 3140 1334 3193 φαμεν
1375 3121 1520 3191 αὑτῷ
1561 3121 1884 3191 γεγενῆσθαι
1923 3121 2022 3188 τὴν

453 3213 706 3276 Κύζικον.
740 3213 805 3265 Τί
834 3209 926 3266 οὖν
958 3213 1132 3266 κοινὸν
1162 3213 1272 3283 ἔχει
1306 3213 1371 3264 τὰ
1406 3210 2023 3283 παρ’ήμῶνεὶρημέναθ

453 3299 786 3373 παιδαριώδη
817 3302 1020 3372 ταύτην
1059 3303 1164 3356 τῶν
1201 3304 1544 3374 σοφισμάτων
1575 3303 1806 3372 πλοκήνο
1837 3303 1910 3365 ὡς
1937 3302 2022 3354 διὰ

452 3391 608 3445 τοῦτο
641 3393 897 3460 συστῆναι
935 3391 1080 3461 αὑτῷ
1119 3393 1212 3444 καὶ
1239 3392 1336 3462 τὴν
1364 3392 1518 3462 δίκην
1537 3433 1551 3454 ,
1582 3393 1673 3444 καὶ
1703 3392 1800 3463 τὴν
1830 3391 2022 3444 απολο-

453 3483 571 3551 γίαν
595 3482 1025 3536 κατεσκευάσθαι
1048 3500 1062 3548 ;
1091 3483 1314 3552 Ὅμοιον
1334 3482 1442 3554 γὰρ
1465 3483 1525 3535 τὸ
1553 3484 1809 3543 τοιοῦτον,
1836 3483 2021 3554 ὥσπερ

452 3575 517 3628 ἀν
550 3590 630 3635 τις
673 3573 730 3624 ἐν
772 3573 1053 3643 συμποσίῳ
1100 3573 1267 3626 πλείω
1303 3573 1410 3626 τῶν
1444 3572 1617 3625 ἄλλων
1659 3574 1748 3625 τὸν
1789 3574 2022 3644 ἄκρατον

453 3664 809 3735 ἐγχεάμενος,
857 3663 949 3716 καὶ
991 3663 1079 3716 διὰ
1119 3663 1276 3716 τοῦτο
1323 3663 1500 3733 γέρως
1547 3663 1688 3726 τινὸς
1733 3662 1872 3716 κατὰ
1914 3663 2022 3715 τῶν

454 3756 868 3826 συμμεθυόντων
908 3755 1189 3819 ἀξιωθεὶς,
1213 3755 1310 3825 τὴν
1346 3758 1404 3808 ἐν
1434 3756 1510 3824 τῷ
1543 3755 1827 3824 συμποσίῳ
1866 3755 2022 3825 νίκην

451 3847 745 3917 τεκμήριον
773 3848 974 3898 ποιοῖτο
992 3844 1083 3898 τοῦ
1107 3844 1201 3898 καὶ
1223 3846 1280 3898 ἐν
1303 3846 1671 3916 δικαστηρίοις
1692 3846 2018 3912 δεδικάσθαι,

452 3939 544 3990 καὶ
587 3939 869 4009 ὑπερέχειν
915 3937 1292 4006 δικασάμενον.
1344 3938 1587 4003 Ἐξέσται
1632 3938 1740 4007 γὰρ
1787 3940 2020 4007 κάκείνῳ

449 4026 547 4098 τὴν
605 4027 807 4097 πλοκὴν
856 4025 949 4080 τοῦ
1001 4026 1360 4099 συλλογισμοῦ
1426 4029 1792 4099 μιμήσασθαι·
1845 4030 1904 4082 Εἰ
1962 4030 2020 4082 τὸ

452 4113 609 4170 ἆθλον
639 4117 791 4186 νίκης
820 4117 935 4169 ἐστὶ
966 4117 1251 4188 γνωρίσμα
1284 4119 1376 4171 καὶ
1406 4119 1556 4182 τέλος
1576 4136 1590 4150 ’
1621 4119 1812 4189 μηνύει
1835 4118 1888 4170 δὲ
1921 4118 2019 4190 τὴν

446 4209 604 4278 νίκην
629 4211 662 4279 ἡ
687 4209 808 4278 δίκη
830 4226 841 4238 ’
876 4208 1181 4278 συνεισάγει
1204 4209 1259 4262 δὲ
1288 4209 1502 4273 πάντως
1530 4211 1696 4280 ἑαυτῇ
1727 4211 1824 4279 τὴν
1853 4226 2018 4279 κατη-

450 4298 692 4369 ιίορίανή
721 4299 842 4370 δίκη
869 4317 882 4329 ·
912 4300 1136 4369 ἐνίκησα
1159 4302 1256 4368 τὴν
1288 4301 1440 4370 δίκην
1470 4299 1601 4368 ἐγὼ,
1635 4300 1820 4368 ἐπειδὴ
1852 4300 2018 4352 πίνων

449 4389 715 4460 ἐστέφθην
749 4393 804 4443 ἐν
837 4390 913 4460 τῷ
951 4393 1046 4461 τῆς
1078 4392 1407 4454 πολυποσίας
1437 4393 1628 4460 ἀγῶνι.

517 4668 656 4721 Ἀλλ’
691 4667 806 4736 ἐρεῖ
836 4683 920 4728 τις
953 4666 1167 4728 πάντως
1207 4665 1341 4734 πρὸς
1378 4665 1467 4716 τὸν
1505 4662 1647 4715 οὕτω
1690 4663 2018 4727 καλλωπιζό-

453 4774 633 4828 μενον,
680 4760 762 4810 δτι
809 4756 956 4812 ἄλλοι
1004 4754 1214 4823 ἀγῶνες
1253 4756 1312 4807 ἐν
1355 4753 1706 4825 δικαστηρίῳ,
1743 4754 1835 4805 καὶ
1861 4753 2017 4817 ἄλλος

446 4850 642 4919 τρόπος
665 4849 762 4918 τῆς
795 4850 851 4900 ἐν
888 4847 1211 4917 συμποσίοις
1235 4845 1513 4915 ἀθλήσεως
1543 4861 1555 4874 ·
1602 4845 1695 4896 καὶ
1734 4846 1762 4896 ὁ
1791 4845 2017 4914 νικήσας

446 4941 534 4994 διὰ
562 4943 660 5011 τῆς
689 4940 929 5003 κύλικος,
959 4939 1111 4992 οὐδὲν
1160 4937 1272 5009 ἔχει
1319 4937 1478 4990 πλέον
1512 4938 1576 4988 ἐκ
1633 4937 1723 5006 τῆς
1768 4934 2020 5003 τοιαύτης

446 5033 598 5100 νίκης
626 5031 736 5083 τῶν
766 5032 823 5083 ἐν
847 5029 1217 5100 δικαστηρίοις
1244 5026 1712 5096 ἀντιτεταγμένων
1734 5025 1901 5094 αὑτῷ·
1921 5025 2021 5077 κᾶν

449 5141 526 5184 τις
553 5123 785 5186 ἀνθίνοις
821 5121 1103 5191 στεφάνοις
1143 5119 1567 5188 ἐπαγλαΐσηται.
1599 5117 1806 5170 Οὐκοῦν
1852 5115 1970 5167 οἰ,δέ
1995 5117 2022 5166 ὁ

443 5216 520 5286 τῷ
548 5215 690 5286 λόγῳ
714 5215 814 5284 τῆς
854 5213 1106 5275 ἀσεϐείας
1157 5211 1263 5264 τῶν
1311 5209 1514 5280 ὁμοίων
1561 5208 2020 5279 προτεταγμένος,

443 5308 542 5377 ἤδη
568 5308 663 5360 καὶ
690 5305 784 5359 τοῦ
813 5309 870 5359 ἐν
897 5307 962 5376 τῇ
987 5304 1164 5375 κρίσει
1196 5300 1541 5371 νενικηκέναι
1581 5298 1668 5351 διὰ
1713 5297 1806 5350 τοῦ
1855 5298 2014 5350 ἄθλου

443 5397 694 5462 ἀσεϐείας
716 5399 814 5468 τὴν
847 5394 1150 5467 μαρτυρίαν
1178 5393 1492 5464 παρέχεται.
1517 5389 1582 5442 Τί
1611 5384 1703 5442 οὑν
1732 5392 2018 5458 συνηγορεί

442 5494 510 5560 τῇ
547 5491 621 5562 μὴ
670 5492 894 5564 ῥηθείσῃ
941 5487 1208 5558 ἀπολογία
1253 5489 1284 5557 ἡ
1321 5484 1414 5538 τοῦ
1454 5484 1705 5555 προέχειν
1755 5481 1914 5533 αὑτὸν
1958 5481 2015 5532 ἐν

443 5582 670 5654 ἀσεϐείᾳ
701 5584 828 5653 παρ’
856 5581 1012 5651 ἡμῶν
1047 5577 1358 5650 μαρτυρίά;
1422 5575 1484 5628 Et
1527 5573 1626 5644 μὲν
1666 5571 1774 5641 γὰρ
1819 5569 2012 5622 ἀπολο-

439 5671 750 5744 γησάμενος
773 5671 905 5742 πρὸς
933 5671 1056 5732 τοὺς
1090 5667 1382 5730 δικαστὰς,
1415 5663 1506 5718 καὶ
1538 5663 1644 5716 τῶν
1691 5664 2007 5727 ἀντιτεταγ-

2135 497 2223 549 rit.
2253 496 2391 561 Quid
2429 495 2593 564 igitur
2623 495 2751 564 agit,
2787 497 2881 564 qui
2927 495 3049 548 aliis
3081 494 3452 562 sophistarum
3504 508 3699 547 nomen

2141 587 2374 654 objicit?
2407 585 2602 639 Statim
2632 596 2847 654 arrepto
2875 586 3080 653 prwntii
3123 585 3411 648 vocabulo,
3444 585 3703 638 tenaciter

2132 679 2181 730 ei
2215 678 2464 739 inltazret,
2495 686 2548 731 et
2576 693 2675 731 nos
2708 676 2950 730 confiteri
2987 679 3081 738 ait,
3119 679 3256 744 quod
3299 691 3394 741 pro
3433 691 3486 727 se
3516 676 3698 743 apolo-

2131 770 2277 838 giam
2309 769 2640 830 instituerit,
2665 778 2710 821 et
2739 784 2829 835 per
2872 768 3166 834 apologiant
3215 765 3495 819 obtinuerit
3542 767 3703 818 victo-

2133 858 2294 919 riam,
2331 860 2603 926 prwmium
2641 857 2778 909 enim
2814 857 3045 909 victoria:
3077 857 3334 923 reportari
3357 871 3420 907 ea:
3459 857 3699 907 certami.

2131 945 2284 998 nibus
2313 961 2330 998 :
2367 956 2422 999 et
2450 962 2572 1000 mox
2606 947 2977 1017 syllogismum
3008 947 3246 1008 conficit,
3276 954 3329 998 ct
3359 955 3417 998 ut
3450 945 3566 1015 ipse
3596 947 3699 999 sibi

2131 1036 2445 1105 persuadet,
2480 1053 2542 1088 ex
2578 1036 2903 1090 certissimis
2925 1045 2976 1090 et
2999 1036 3342 1090 evidentibus
3393 1037 3701 1091 conclusio-

2132 1142 2252 1180 nem
2283 1126 2464 1180 infert.
2501 1126 2764 1181 Recitabo
2799 1134 2980 1180 autem
3019 1125 3087 1179 ad
3140 1127 3370 1180 verbum
3405 1142 3524 1196 qua:
3560 1129 3698 1182 scri-

2131 1217 2274 1286 psit:
2317 1215 2375 1268 Si
2399 1217 2560 1279 enim,
2601 1217 2799 1285 inquit,
2835 1217 3112 1284 premium
3132 1227 3207 1268 est
3243 1218 3451 1285 signum
3480 1226 3529 1268 et
3575 1217 3698 1283 ﬁnis

2129 1309 2384 1372 victoria',
2403 1306 2668 1376 judicium
2694 1323 2812 1361 vero
2839 1307 3122 1361 victoriam
3170 1307 3362 1368 innuit,
3398 1307 3694 1360 necessario

2128 1408 2303 1450 autem
2353 1399 2618 1468 judicium
2677 1400 3010 1466 conjunctam
3063 1398 3215 1449 habet
3266 1398 3697 1449 accusationem:

2126 1491 2382 1558 sequitur,
2425 1493 2592 1559 utqui
2622 1491 2856 1544 comedit
2908 1491 3071 1543 alicui
3103 1491 3403 1557 praemium,
3442 1491 3485 1542 is
3534 1490 3692 1541 etiam

2126 1581 2360 1650 fateatur
2404 1583 2707 1636 institutam
2749 1599 2862 1636 esse
2899 1582 3196 1651 apologiam
3236 1591 3283 1633 et
3318 1580 3692 1646 defensionem.

2127 1671 2263 1738 Quid
2293 1673 2456 1742 igitur
2477 1674 2542 1725 ad
2567 1673 2680 1726 haec
2706 1671 2847 1727 nos?
2875 1687 3148 1741 pugnasse
3182 1671 3366 1734 istum,
3400 1669 3692 1739 etquidem

2127 1764 2279 1818 valde
2320 1765 2569 1826 viriliter,
2606 1773 2660 1818 et
2707 1779 2969 1834 generose
3018 1765 3156 1816 hanc
3183 1761 3560 1816 detestandam
3595 1761 3694 1814 im-

2126 1858 2342 1926 pietatis
2373 1871 2628 1926 pugnam,
2659 1872 2767 1909 non
2797 1856 2938 1909 imus
2963 1856 3196 1917 inficias,
3230 1869 3328 1907 nec
3382 1853 3691 1914 abnuimus,

2123 1962 2249 2000 eum
2285 1944 2477 2015 grandi
2507 1945 2794 1998 intervallo
2832 1959 3123 2013 superasse
3150 1943 3286 1995 alios
3313 1943 3364 1994 in
3393 1943 3694 1995 certamine

2125 2044 2322 2089 contra
2355 2035 2662 2098 veritatem,
2692 2033 2786 2089 sed
2812 2033 3086 2095 addimus,
3115 2041 3227 2085 tum
3261 2049 3366 2085 non
3393 2031 3695 2086 obtinuisse

2125 2128 2358 2182 devictis
2405 2126 2737 2180 adversariis
2786 2127 2900 2179 suis
2956 2125 3230 2194 palmam:
3283 2121 3518 2176 fatemur
3563 2124 3690 2177 item

2124 2218 2538 2288 comparatione
2591 2217 2870 2271 sociorum
2941 2217 2994 2268 in
3033 2215 3324 2284 impietatis
3377 2214 3557 2267 studio
3589 2215 3700 2287 pal-

2124 2324 2266 2363 mam
2334 2308 2683 2378 praeripuisse
2734 2305 3015 2366 omnibus.
3066 2312 3253 2374 utpote
3311 2304 3365 2357 in
3396 2305 3695 2358 mendaciis

2123 2399 2638 2455 exercitatissimum
2667 2417 2678 2451 :
2708 2406 2761 2452 et
2790 2398 2868 2451 sic
2909 2397 2978 2450 ob
3005 2397 3297 2466 impietatis
3353 2396 3692 2449 immensita-

2124 2495 2233 2540 tem
2279 2488 2651 2556 episcopatum
2713 2487 3065 2556 Cyzicensem
3116 2487 3319 2555 prtemii
3372 2485 3492 2538 loco
3539 2501 3695 2539 acce-

2123 2575 2271 2645 pisse
2303 2595 2314 2629 :
2349 2582 2607 2644 tanquam
2647 2576 2822 2637 illum,
2875 2575 2966 2644 qui
3017 2589 3228 2637 omnes,
3267 2575 3318 2626 in
3355 2575 3544 2627 eodem
3595 2575 3689 2627 ad-

2122 2681 2315 2721 versus
2343 2669 2624 2720 veritatem
2658 2668 2881 2736 pulvere
2912 2666 3268 2730 desudantes,
3297 2667 3454 2734 longe
3483 2679 3605 2734 post
3637 2683 3695 2718 sc

2122 2757 2426 2825 reliquerit,
2475 2757 2788 2826 illustrique
2846 2769 2896 2810 et
2940 2756 3221 2825 splemlido
3257 2757 3526 2824 prtL't'OttiO
3572 2772 3696 2824 pro-

2124 2848 2438 2913 clamatnm,
2477 2849 2718 2902 muneris
2781 2849 2924 2910 loco,
2982 2849 3054 2902 ob
3117 2847 3378 2916 impietati
3440 2860 3691 2900 navatam

2125 2952 2368 3006 operam,
2417 2953 2444 2990 a
2473 2939 2753 3007 judicibus
2817 2939 3074 2992 donatum
3107 2954 3227 2992 esse
3286 2937 3505 3008 Cyzico.
3540 2938 3691 3004 Quod

2128 3026 2229 3080 hac
2261 3036 2440 3080 mente
2467 3034 2520 3079 et
2549 3027 2820 3081 sententia
2871 3027 2986 3080 haec
3022 3026 3311 3090 fateamur,
3367 3043 3430 3080 ex
3491 3027 3694 3082 nostris

2124 3117 2307 3172 verbis
2335 3115 2523 3185 liquet,
2552 3132 2675 3169 cum
2707 3118 3060 3180 atlirmamus,
3108 3117 3365 3186 Cyzicum
3420 3118 3495 3170 illi
3531 3120 3695 3171 obre-

2125 3211 2298 3275 nisse,
2332 3219 2390 3265 ιιι
2413 3213 2693 3280 praemium
2717 3212 3031 3278 impietatis,
3088 3227 3196 3264 non
3247 3219 3307 3264 ttt
3341 3212 3600 3280 apologia:
3645 3223 3695 3266 et

2123 3302 2459 3357 defensionis
2516 3303 3014 3356 honestamentum.
3071 3301 3211 3366 Quid
3269 3303 3433 3370 igitur
3507 3314 3694 3356 nostra

2122 3396 2299 3449 oratio
2345 3410 2633 3448 commune
2667 3394 2832 3448 habet
2879 3410 3001 3448 cum
3038 3394 3338 3464 puerilibus
3392 3395 3550 3450 istius
3600 3412 3692 3449 so-

2123 3488 2452 3558 phismatum
2500 3487 2776 3550 versutiis,
2834 3486 2991 3554 quasi
3053 3485 3177 3539 inde
3238 3495 3518 3554 sequatur,
3569 3503 3690 3541 eum

2124 3578 2356 3633 subiisse
2379 3577 2667 3646 judicium,
2697 3587 2749 3632 et
2774 3592 2894 3631 sese
2917 3576 3261 3631 defendisse?
3291 3577 3520 3631 l’erinde
3545 3579 3688 3632 enim

2125 3670 2226 3722 hoc
2253 3679 2353 3729 est.
2386 3683 2449 3722 ac
2480 3669 2524 3722 si
2566 3668 2689 3736 quis
2733 3669 2786 3722 in
2832 3669 3082 3722 convivio
3135 3669 3255 3738 plus
3291 3670 3400 3721 viui
3463 3671 3682 3724 caneris

2127 3763 2405 3827 hauriens,
2443 3769 2497 3816 et
2538 3762 2609 3816 ob
2639 3761 2742 3815 hoc
2786 3761 2930 3816 dono
2981 3762 3164 3831 aliquo
3210 3777 3240 3814 a
3282 3764 3694 3830 compotorilms

2123 3853 2443 3916 honoratus,
2480 3851 2764 3905 victoriam
2805 3852 2953 3906 illam
3002 3853 3055 3906 in
3111 3853 3360 3907 convivio
3405 3853 3690 3916 proferret,

2124 3953 2380 4014 tanqu-am
2407 3952 2785 4014 argumentum
2840 3944 3084 3998 victoriae
3143 3944 3196 3997 in
3238 3944 3356 3998 foro
3390 3954 3441 3998 et
3485 3944 3694 4012 judicio

2123 4036 2192 4090 ab
2221 4037 2553 4092 adversariis
2577 4036 2780 4090 relatae.
2815 4033 3114 4089 Possumus
3137 4049 3371 4103 namque
3395 4036 3691 4104 syllogismi

2121 4123 2292 4193 ipsius
2329 4131 2665 4178 structuram
2701 4123 2931 4175 imitari:
2956 4120 3011 4175 Si
3039 4121 3321 4191 praemium
3349 4130 3429 4173 est
3458 4121 3686 4176 victoria

2121 4215 2332 4284 signum
2366 4225 2420 4269 et
2447 4215 2571 4268 finis
2593 4253 2609 4276 ,
2645 4215 2931 4268 victoriam
2966 4220 3147 4266 autem
3184 4211 3363 4264 innuit
3385 4210 3686 4279 judicium;

2121 4312 2173 4356 et
2207 4304 2250 4356 si
2283 4304 2553 4372 judicium
2587 4303 2903 4358 necessario
2949 4301 3299 4369 conjunctam
3334 4301 3493 4353 habet
3529 4316 3690 4354 accu-

2051 4419 2091 4470 D
2123 4395 2411 4456 sationem,
2439 4397 2648 4450 obtinui
2681 4412 2813 4450 sane
2869 4411 2970 4465 ego
3014 4396 3319 4459 victoriam,
3371 4411 3491 4448 cum
3548 4397 3691 4449 inter

2124 4487 2440 4556 potandum,
2471 4495 2523 4540 et
2562 4489 2615 4540 in
2653 4488 2971 4556 poculorum
3004 4488 3299 4540 certamine
3346 4503 3550 4542 corona
3609 4504 3686 4541 re-

2122 4576 2348 4629 dimitus
2377 4575 2500 4628 sim.

2195 4665 2300 4720 Sed
2332 4667 2405 4719 ita
2427 4665 2680 4735 glorianti
2703 4672 2955 4718 occurret
2983 4664 3272 4733 derepente
3296 4665 3516 4732 aliquis,
3550 4666 3685 4719 alias

2121 4769 2244 4810 esse
2280 4771 2490 4825 pugnas
2554 4755 2607 4808 in
2655 4755 2771 4807 foro
2812 4763 2865 4808 et
2916 4755 3106 4822 curia;
3163 4756 3434 4824 aliumque
3464 4770 3687 4809 concer-

2121 4846 2268 4899 tandi
2323 4846 2542 4900 modum
2571 4855 2626 4901 et
2661 4863 2864 4900 morem
2894 4848 2946 4900 in
2982 4847 3283 4913 conviviis;
3312 4863 3488 4916 neque
3517 4846 3686 4900 victo-

2117 4953 2231 4992 rem
2282 4940 2335 4992 in
2390 4940 2684 5008 symposiis
2731 4941 2799 4992 ob
2856 4940 2906 4992 id
2969 4941 3176 4994 meliori
3234 4941 3353 4993 loco
3407 4955 3528 4994 esse
3574 4939 3686 4991 suis

2119 5030 2448 5085 adversariis
2473 5032 2528 5084 in
2571 5031 2719 5095 foro;
2752 5033 2964 5087 etiamsi
3001 5049 3169 5102 supra
3196 5033 3413 5086 modum
3455 5046 3686 5085 suaveo-

2119 5121 2344 5175 lentium
2385 5120 2578 5175 ﬂorum
2641 5124 2801 5177 sertis
2843 5126 3078 5178 exsultet
3129 5133 3180 5178 ct
3230 5124 3443 5193 gestiat.
3487 5121 3686 5184 Quam-

2119 5211 2307 5264 obrem
2349 5225 2525 5278 neque
2573 5212 2642 5276 is,
2695 5213 2785 5281 qui
2831 5213 3104 5281 impietate
3149 5212 3361 5270 cmteris
3412 5207 3683 5274 praestitit,

2116 5301 2323 5355 idcirco
2373 5301 2506 5354 illtul
2542 5302 2835 5371 impietatis
2870 5304 3152 5372 prannium
3185 5309 3459 5352 ostentare
3487 5306 3684 5364 potest,

2115 5399 2373 5461 tanquam
2413 5393 2624 5462 signum
2663 5395 2902 5448 victorim
2950 5394 3003 5445 in
3046 5389 3253 5458 judicio
3304 5387 3544 5455 legitimo
3591 5389 3685 5439 οι)-

2116 5491 2300 5536 tentae.
2356 5482 2493 5548 Quid
2544 5485 2709 5552 igitur
2761 5480 3147 5536 commcntitia:
3211 5478 3381 5546 ipsius
3423 5478 3684 5546 apologus:

2114 5570 2411 5638 adjumenti
2445 5571 2524 5624 vel
2556 5571 2804 5624 utilitatis
2829 5569 2982 5622 afl'ert
3002 5566 3367 5620 testimonium
3405 5576 3679 5620 nostrum.

2119 5679 2227 5727 quo
2273 5660 2523 5724 fatemur,
2567 5661 2741 5729 ipsum
2805 5659 3041 5730 reliquos
3095 5657 3389 5714 sceleribus
3433 5662 3680 5710 anteces-
