4046 6156
320 283 424 338 287

1539 283 1594 335 S.
1636 279 1957 335 GREGORH
2000 279 2280 334 NYSSENI

3461 274 3565 331 288

321 395 500 451 eisse?
532 393 588 449 Si
625 395 766 448 enim
803 401 920 462 post
971 393 1047 446 sui
1083 394 1222 463 apud
1263 393 1473 462 judices
1523 393 1891 448 defensionem

2007 399 2148 450 Lévmv
2163 393 2408 464 κρατήσα
2446 431 2459 454 ,
2509 391 2678 455 οὕτως
2705 391 2916 455 ἐδέξατο
2953 390 3048 460 τὴν
3079 391 3166 442 ἐπὶ
3216 390 3435 460 Κυζίκῳ
3487 408 3565 446 τι-

321 498 376 542 et
410 489 834 554 excusationem,
874 486 1086 539 devicta
1117 495 1270 556 parte
1307 487 1554 552 adversa,
1606 485 1891 556 Cyzicensi

323 579 531 632 lzonore
578 579 867 631 decoratus
918 577 1133 639 fuisset,
1185 587 1314 631 tunc
1368 576 1507 631 forte
1547 592 1651 630 non
1703 577 1898 630 intem-

323 670 528 740 pestive
588 670 790 724 nostris
843 670 1021 724 verbis
1075 676 1266 723 contra
1328 685 1428 724 nos
1482 678 1727 723 uteretur
1778 688 1790 723 :
1852 669 1895 723 si

323 769 501 813 autem
553 760 606 812 in
667 768 782 814 toto
838 775 939 815 suo
995 760 1132 813 libro
1187 775 1401 829 semper
1449 761 1704 821 inculcat,
1754 761 1896 828 quod

322 850 769 919 odiumjudicum
814 851 865 904 in
913 867 970 905 se
993 852 1297 917 declinans,
1334 853 1552 906 silentio
1579 854 1895 906 latamcim-

323 952 405 996 tra
442 959 500 999 se
545 944 872 997 sententiam
919 945 1214 1012 exceperit,
1267 960 1374 996 non
1428 944 1608 998 ferens
1650 944 1896 999 hostibus

321 1053 587 1092 summam
633 1037 823 1106 judicii
870 1036 1041 1092 fuisse
1099 1037 1334 1090 delatam
1394 1056 1407 1092 :
1461 1038 1588 1108 quid
1640 1038 1741 1092 sihi
1794 1037 1895 1105 ipsi

323 1131 536 1198 illudit,
579 1139 632 1183 et
688 1130 952 1183 vocabulo
1012 1129 1219 1192 praemii
1270 1136 1530 1197 tanquam
1583 1127 1896 1182 testimonio

321 1221 660 1276 defensionis
691 1230 742 1274 et
787 1221 1048 1290 apologize
1101 1236 1211 1276 sua:
1253 1222 1465 1274 utitur?
1496 1220 1706 1289 ignorat
1747 1219 1898 1272 vide-

323 1315 451 1366 licet
504 1313 586 1364 vir
639 1313 829 1369 solers.
880 1311 1135 1382 Cyzicum
1189 1313 1292 1367 sibi
1342 1312 1575 1366 delatam
1638 1319 1894 1377 tanquam

322 1419 523 1457 munus
578 1403 892 1469 impietatis,
947 1419 1052 1472 qua
1108 1412 1304 1473 pra'ter
1351 1411 1573 1456 caeteros
1619 1400 1892 1464 excelluil,

322 1504 378 1549 et
419 1495 464 1549 si
521 1494 788 1547 arbitratu
829 1509 927 1548 suo
968 1505 1144 1563 auget,
1178 1503 1230 1547 et
1279 1493 1476 1562 accipit
1503 1507 1689 1546 vocem
1725 1491 1891 1553 illam,

322 1585 626 1652 praemium,
671 1585 812 1638 velut
869 1601 1063 1637 munus
1108 1584 1398 1636 victoriae:
1447 1583 1680 1652 accipiat
1716 1593 1767 1636 et
1819 1581 1891 1644 id,

323 1674 467 1744 quod
490 1674 826 1743 adjungitur,
871 1675 1011 1743 quod
1058 1675 1265 1727 scilicet
1291 1675 1345 1727 in
1380 1675 1745 1743 improbitatis
1776 1681 1894 1727 stu-

2002 483 2125 554 μὴν,
2151 485 2339 554 καιρὸν
2363 484 2428 537 ἂν
2455 479 2566 554 εἶχε
2592 485 2658 536 τὰ
2683 484 2924 553 ἡμέτερα
2954 482 3074 534 καθ’
3101 484 3254 551 ἡμῶν
3287 487 3564 553 προχειρί-

1998 574 2201 638 ζεσθαι·
2249 576 2296 625 εἰ
2339 574 2394 626 δὲ
2442 574 2678 643 συνεχῶς
2729 575 2825 626 ἐπὶ
2862 572 2954 625 τοῦ
2996 574 3154 640 λόγου
3208 575 3561 645 μαρτύρεται,

1997 667 2076 718 ὅτι
2133 665 2344 733 φεύγων
2398 665 2457 717 τὸ
2507 665 2766 735 δυσμενὲς
2810 665 2917 718 τῶν
2965 666 3168 736 κυρίων
3222 667 3315 736 τῆς
3362 651 3562 737 ψήφου,

1999 745 2173 826 σίωπῇ
2229 757 2439 826 δέχεται
2476 756 2573 826 τὴν
2621 755 2950 826 ὲπαχθεῖσαν
2983 756 3130 825 αὐτῷ
3165 758 3460 826 τιμωρίαν,
3507 759 3565 809 ἐν

1997 847 2207 918 ἐχθροῖς
2238 845 2510 899 διαθέσθαι
2535 847 2658 910 τοὺς
2689 847 2904 915 ἀγῶνας
2932 847 3030 898 οὐκ
3071 846 3434 916 ἀνασχόμενος
3457 865 3469 877 ·
3515 849 3566 901 τί

1996 938 2185 992 ἑαυτὸν
2219 937 2514 1007 φενακίζει,
2555 940 2648 991 καὶ
2678 941 2743 1008 τῇ
2785 941 2933 1008 φωνῇ
2973 938 3065 990 τοῦ
3097 937 3258 992 ἄθλου
3303 941 3381 1000 είς
3422 957 3566 1010 μαρ-

1997 1029 2187 1099 τυρίαν
2227 1027 2320 1081 τοῦ
2359 1029 2787 1096 ἀπολελογῆσθαι
2821 1029 3222 1098 συγκέχρηται;
3260 1029 3350 1100 Μὴ
3389 1033 3567 1094 συνεὶς

1994 1122 2022 1172 ὁ
2049 1119 2347 1189 θαυμάσιος
2374 1119 2466 1171 τοῦ
2495 1119 2656 1173 ἄθλου
2684 1120 2780 1188 τὴν
2810 1118 3046 1188 ἔμφασιν
3069 1158 3082 1181 ν
3120 1120 3201 1171 ὅτι
3234 1119 3483 1191 καθάπερ
3513 1139 3566 1174 τι

1996 1212 2163 1283 γέρας
2193 1212 2286 1264 καὶ
2320 1215 2586 1282 ἀριστεῖον
2622 1212 2767 1281 αύτῷ
2800 1211 2900 1278 τῆς
2941 1219 3078 1264 κατα
3118 1211 3370 1264 ἀσέϐειαν
3403 1215 3569 1285 ὑπερ-

1997 1305 2130 1374 οχῆς
2161 1306 2192 1374 ἡ
2224 1303 2456 1368 Κύζικος
2508 1301 2770 1373 προεδόθη
2792 1321 2804 1334 ο
2842 1303 2957 1355 ἀλλ’
3004 1304 3190 1372 ἐπειδὴ
3224 1304 3358 1374 πρὸς
3391 1305 3451 1357 τὸ
3483 1305 3566 1358 δο-

1995 1395 2123 1448 κοῦν
2152 1395 2364 1465 δέχεται
2401 1395 2461 1448 τὸ
2494 1391 2675 1458 ἆθλον,
2715 1395 2807 1447 καὶ
2835 1394 2909 1457 ὡς
2936 1395 3139 1465 δωρεὰν
3175 1395 3456 1458 ἐπινίκιον,
3485 1396 3569 1448 δε-

1997 1486 2176 1550 ξάσθω
2212 1487 2305 1539 καὶ
2345 1486 2406 1538 τὸ
2440 1486 2778 1556 συνημμένον
2809 1485 2885 1553 τῷ
2921 1486 3065 1558 λόγῳ
3087 1503 3100 1516 ο
3141 1489 3222 1540 ὅτι
3255 1489 3310 1540 ἐν
3341 1488 3566 1558 ἀσεϐείᾳ.

1995 1580 2052 1630 τὸ
2112 1577 2272 1628 πλέον
2323 1575 2410 1628 διά
2460 1577 2556 1646 τῆς
2610 1577 2765 1646 νίκης
2804 1576 2976 1645 ἔσχεν.
3035 1576 3252 1645 Ἐπειδὴ
3306 1577 3414 1648 γὰρ
3455 1581 3564 1640 τοῖς

1995 1671 2280 1740 ἡμετέροις
2312 1669 2431 1722 καθ’
2478 1667 2632 1738 ἡμῶν
2669 1669 3020 1738 ἰσχυρίζεται,
3063 1669 3096 1738 ἢ
3135 1669 3484 1739 ἀμφοτέροις,
3527 1670 3562 1738 ἦ

323 1767 414 1819 dio
460 1765 698 1834 reliquos
741 1767 1012 1834 superarit
1048 1783 1058 1817 :
1114 1765 1158 1819 si
1201 1765 1405 1819 nostris
1456 1773 1643 1818 contra
1681 1778 1780 1819 nos
1813 1765 1889 1817 uti

2007 1762 2292 1833 »ὐδετέροις
2323 1761 2620 1832 κεχρῆσθαι
2651 1761 2874 1815 δίκαιον.

323 1857 487 1921 volet,
519 1866 610 1911 aut
641 1857 885 1924 utrisque
925 1865 1016 1910 aut
1058 1858 1269 1910 neutris
1299 1857 1373 1908 uti
1399 1871 1610 1924 mquam
1647 1863 1748 1910 est.

398 1947 500 2002 Sed
541 1949 595 2002 in
649 1950 849 2002 nostris
895 1949 1113 2016 Quidcm
1161 1947 1462 2002 tractandis
1509 1947 1775 2016 ejusmodi
1813 1953 1894 1999 est

324 2039 624 2094 Eunomius
661 2059 673 2094 :
709 2048 961 2093 caeterum
1007 2054 1074 2091 an
1104 2039 1155 2091 in
1194 2039 1314 2092 aliis
1347 2053 1464 2107 quae
1513 2052 1605 2106 per
1639 2037 1894 2104 injuriam

325 2129 520 2184 efiutiit
563 2131 808 2183 veritatis
853 2130 1122 2182 amantior
1165 2130 1306 2183 erit?
1340 2129 1475 2182 Cum
1521 2127 1802 2188 Basilium,
1837 2132 1898 2178 ut

327 2221 570 2274 timidum
606 2229 658 2273 et
709 2219 980 2288 pavidum,
1034 2219 1497 2290 difﬁciliorumque
1532 2219 1770 2273 laborum
1810 2219 1897 2288 fu-

325 2315 571 2383 gientem,
603 2320 656 2364 et
685 2311 734 2364 id
772 2326 944 2380 genus
975 2311 1096 2364 aliis
1130 2309 1305 2364 modis
1333 2311 1587 2374 traducit,
1613 2311 1899 2380 explicatis

326 2418 556 2473 operose
582 2401 790 2456 timoris
818 2408 870 2454 et
898 2400 1118 2470 pavoris
1140 2400 1537 2461 affectionibus,
1569 2414 1898 2453 commemo-

329 2511 458 2549 rans
496 2493 658 2548 etiam
714 2494 900 2546 nescio
945 2508 1105 2562 quam
1167 2491 1438 2546 occultam
1493 2490 1897 2552 domunculam,

329 2583 574 2635 vectibus
611 2589 666 2635 et
708 2581 848 2635 seris
881 2581 1108 2634 firmiter
1154 2587 1209 2633 et
1258 2577 1437 2632 valide
1476 2579 1805 2640 obseratam,
1847 2588 1900 2630 et

329 2674 740 2743 trepidationem
793 2687 857 2724 ex
911 2671 1198 2724 formidine
1251 2669 1667 2738 ingredientium
1705 2684 1902 2723 concc-

333 2773 500 2835 ptam,
532 2778 826 2830 vocemque
856 2771 906 2815 et
940 2762 1145 2824 oculos,
1172 2768 1225 2814 et
1264 2769 1421 2814 notas
1469 2759 1644 2824 faciei,
1699 2768 1750 2812 et
1785 2774 1901 2810 om-

331 2859 421 2912 nia
463 2857 624 2924 hujus
655 2855 888 2925 generis,
926 2854 1124 2924 quibus
1152 2855 1314 2906 timor
1345 2861 1396 2907 et
1430 2869 1597 2922 pavor
1626 2853 1896 2921 proditur.

333 2948 532 3001 Verum
590 2955 647 2999 ut
694 2945 991 3000 Eunomius
1023 2944 1154 2996 nihil
1186 2944 1446 2997 mentitus
1490 2943 1682 2996 fuisset
1713 2944 1765 2995 in
1801 2958 1900 2996 suo

335 3039 499 3101 libro,
553 3038 653 3090 hoc
685 3046 865 3091 tamen
899 3035 1120 3089 unicum
1151 3034 1286 3087 satis
1315 3033 1475 3095 foret,
1526 3040 1583 3086 ut
1633 3031 1898 3085 mendacii

335 3136 656 3198 argueretur
697 3134 750 3180 et
807 3126 1284 3181 condemnaretur.
1333 3123 1466 3188 Quis
1511 3123 1655 3177 enim
1701 3121 1898 3183 nescit,

334 3235 496 3290 quam
555 3234 781 3288 magnus
835 3218 924 3271 ille
972 3218 1118 3286 pugil
1169 3213 1475 3287 [Basilius]
1515 3228 1580 3266 eo
1639 3222 1900 3281 tempore,

334 3326 444 3379 quo
482 3308 677 3362 Valens
708 3309 1002 3378 imperator
1032 3305 1328 3359 Ecclesiam
1356 3303 1563 3357 Christi
1593 3303 1902 3365 divexahat,

337 3403 539 3455 invicto
574 3401 756 3452 animo
788 3398 1000 3452 steterit
1049 3410 1147 3464 pro
1171 3394 1334 3447 domo
1364 3392 1480 3454 Dei,
1515 3393 1768 3444 omnibus
1799 3390 1906 3443 illis

338 3493 516 3546 turbis
555 3499 608 3543 et
647 3486 1105 3542 terriculan'ientis
1147 3484 1418 3553 superior,
1454 3483 1707 3536 omnibus
1743 3481 1908 3534 minis

337 3583 662 3652 excogitatis
712 3579 905 3632 tuentis
950 3577 1261 3629 excelsitate
1311 3573 1689 3642 major?Quis
1731 3573 1906 3626 humi-

341 3688 473 3727 num
511 3671 573 3723 ad
627 3669 915 3732 orientem,
962 3664 1085 3734 quis
1135 3665 1189 3717 in
1237 3664 1495 3718 extremis
1549 3662 1722 3717 nostri
1757 3661 1908 3716 orbis

339 3765 455 3817 oris
501 3760 773 3822 habitans,
803 3756 1073 3826 egregiam
1110 3756 1256 3808 illam
1295 3770 1392 3824 pro
1419 3755 1648 3809 veritate
1679 3754 1909 3807 dimica-

341 3855 543 3906 tionem
578 3859 770 3901 contra
797 3847 1160 3916 potentiorum
1183 3854 1414 3899 conatus
1442 3843 1751 3913 ignoravit?
1776 3842 1908 3907 Quis

341 3960 450 3998 ιιυη
477 3941 758 4010 obstupuit
790 3939 1088 4007 respiciens
1118 3936 1183 3990 ad
1225 3935 1620 3997 adversarium,
1671 3933 1761 4002 qui
1800 3949 1908 3987 non

341 4045 461 4092 erat
508 4050 650 4089 unus
677 4050 740 4087 ex
775 4033 957 4102 vulgo,
1001 4037 1090 4082 aut
1132 4029 1223 4098 qui
1257 4026 1498 4082 victoriae
1537 4027 1644 4078 vim
1678 4033 1731 4078 et
1761 4040 1909 4094 spem

343 4131 502 4182 sitam
551 4127 773 4180 haberet
809 4124 861 4177 in
907 4120 1265 4190 sophismatis
1303 4117 1609 4187 fueatisque
1647 4116 1912 4169 sermoni-

341 4221 468 4285 has,
523 4220 575 4273 in
624 4217 822 4289 quibus
871 4214 1136 4269 excellere
1184 4212 1496 4282 inglorium,
1539 4219 1591 4264 et
1629 4207 1909 4261 victoriam

343 4313 592 4366 amittere
648 4310 850 4363 damno
899 4314 1068 4368 caret,
1125 4303 1220 4359 sed
1277 4305 1325 4359 is
1376 4309 1511 4366 erat,
1549 4301 1639 4371 qui
1687 4301 1790 4354 sub
1825 4299 1910 4353 di-

2079 1939 2213 1992 Ἀλλ’
2255 1943 2310 1994 ἐν
2351 1941 2449 2010 μέν
2494 1944 2601 2004 τοῖς
2633 1940 2920 2012 ἡμετέροις
2950 1938 3210 2004 τοιοῦτος,
3255 1941 3342 1992 Ἐν
3371 1940 3426 1992 δὲ
3455 1945 3565 1999 τοῖς

1994 2030 2198 2095 λοιποῖς
2245 2032 2352 2085 τῶν
2402 2033 2486 2102 ἐφ’
2521 2033 2674 2103 ὕϐρει
2731 2032 3020 2103 ῥηθέντων,
3063 2028 3173 2102 ἆρά
3203 2050 3254 2084 τι
3289 2031 3566 2101 ἀληθεύων

1997 2124 2458 2196 ἐπιδειχθήσεται;
2515 2125 2602 2176 Ἐν
2647 2119 2940 2186 οἷςὸειλὸν
2957 2139 3012 2175 τε
3057 2123 3151 2176 καὶ
3170 2119 3454 2186 ἄτολμον,
3474 2121 3566 2173 καί

2007 2207 2145 2271 τοὺς
2161 2202 2495 2274 παχυτέρου
2503 2221 2532 2266 ς
2546 2199 2661 2252 τῶν
2676 2203 2878 2256 ,τόνων
2892 2203 3430 2273 ἀποδιδράσκοντα,
3474 2210 3572 2262 καὶ

1999 2301 2174 2354 πάντα
2218 2298 2286 2353 τά
2327 2299 2550 2352 τοιαῦτα
2597 2302 2720 2351 κατ’
2757 2297 2918 2351 αὑτοῦ
2952 2297 3310 2367 διεξέρχεται,
3345 2297 3568 2367 φιλοπό-

1999 2410 2102 2456 νως
2131 2389 2496 2454 διασκευάζων
2543 2391 2640 2459 τῆς
2687 2389 2884 2450 δειλίας
2913 2388 2980 2440 τὰ
3013 2389 3177 2462 πάθη¹
3197 2389 3287 2441 καὶ
3331 2390 3576 2442 οἰκίσκον

2000 2483 2348 2544 λανθάνοντα,
2392 2480 2485 2534 καὶ
2533 2479 2698 2551 θύραν
2753 2479 3006 2547 ἀσφαλῶς
3055 2481 3428 2550 ἐπικειμένην,
3478 2483 3574 2534 καὶ

2002 2574 2226 2644 πτόησιν
2265 2572 2399 2642 πρὸς
2427 2571 2517 2623 τδν
2555 2571 2717 2640 φόϐον
2749 2569 2856 2622 τῶν
2893 2571 3197 2638 εἰσιόντων,
3248 2573 3338 2625 καὶ
3368 2572 3570 2644 φωνὴν,

2003 2665 2096 2716 καὶ
2128 2663 2344 2733 βλέμμα
2364 2703 2376 2727 ,
2407 2662 2501 2716 καὶ
2523 2662 2592 2715 τὰ
2619 2663 2711 2715 ἐπὶ
2744 2660 2837 2714 τοῦ
2872 2663 3160 2732 προσώπου
3195 2665 3572 2734 γνωρίσματα,

2003 2755 2096 2808 καὶ
2141 2755 2318 2806 πάντα
2361 2753 2429 2804 τά
2472 2751 2712 2816 τοιαῦτα,
2753 2752 2820 2805 δι’
2848 2747 2923 2807 ὧν
2952 2754 3049 2823 τῆς
3082 2755 3282 2818 δειλίας
3314 2756 3374 2808 τὸ
3404 2755 3577 2820 πάθος

2002 2845 2434 2913 διασημαίνεται,
2479 2845 2616 2898 Ἀλλ’
2663 2849 2708 2897 εἰ
2750 2848 2842 2899 καὶ
2878 2846 3041 2915 μηδὲν
3083 2847 3268 2918 ἕτερον
3312 2849 3577 2918 κατεψευ-

2008 2935 2199 3003 σμένος
2233 2935 2509 3005 ἠλέγχετο,
2555 2935 2732 2988 ἱκανδν
2774 2932 2839 3007 ἦν
2875 2938 3030 2989 τοῦτο
3067 2938 3226 3007 μόνον
3270 2940 3436 2993 αὑτοῦ
3468 2941 3578 2993 διε-

2005 3025 2189 3093 λέγξαι
2217 3028 2306 3078 τὸν
2338 3028 2557 3097 τρόπον.
2591 3028 2685 3090 Τίς
2719 3029 2826 3098 γὰρ
2855 3028 2953 3080 οὐκ
2981 3024 3088 3081 οἶδε
3118 3029 3206 3083 τὸν
3237 3031 3409 3101 μέγαν
3437 3034 3579 3086 ἐκεῖ-

2006 3135 2096 3170 νον
2117 3117 2421 3187 ἀγωνιστὴν
2443 3116 2589 3186 αὐτῷ
2608 3117 2782 3187 καιρῷ
2804 3118 2900 3187 τῆς
2917 3118 3006 3170 τοῦ
3027 3118 3290 3188 βασιλέως
3343 3118 3572 3175 Οὐάλεν-

2006 3227 2094 3271 τος
2136 3210 2276 3262 κατά
2320 3211 2427 3262 τῶν
2483 3213 2813 3283 Ἐκκλησιῶν
2853 3215 2945 3268 τοῦ
2981 3217 3182 3289 Κυρίου
3227 3219 3574 3286 φιλονεικίας,

2005 3303 2151 3364 ὅπως
2181 3303 2518 3373 ὑπερανέστη
2543 3307 2608 3376 τῇ
2643 3307 2975 3378 μεγαλοφυΐα
2999 3310 3093 3379 τῆς
3120 3309 3344 3381 γνώμης
3374 3311 3463 3363 τοῦ
3489 3330 3578 3365 το-

2010 3392 2195 3444 σούτου
2246 3393 2351 3448 τῶν
2399 3397 2735 3466 πραγμάτων
2781 3398 2965 3469 ὄγκου,
2988 3402 3080 3452 καὶ
3125 3401 3232 3454 τῶν
3273 3401 3580 3470 φοϐούντων

2008 3485 2334 3556 ὑψηλότερος
2377 3482 2464 3556 ἦν»
2516 3488 2694 3556 πάσης
2733 3490 2829 3558 τῆς
2881 3491 3382 3564 ἐπιμηχανηθείσης
3429 3495 3580 3564 αὐτῷ

2010 3577 2397 3646 καταπλήξεως
2450 3577 2776 3649 ὑπεραρθεὶς
2819 3579 2895 3649 τῷ
2961 3583 3290 3652 -ρρονήματις
3334 3584 3430 3647 Τίς
3473 3587 3582 3637 τῶν

2009 3667 2148 3720 κατά
2175 3670 2273 3741 τὴν
2301 3669 2437 3739 ἑῴαν
2471 3670 2769 3740 ἀνθρώπων
2789 3687 2802 3699 ·
2830 3671 2911 3735 τίς
2943 3673 3050 3724 τῶν
3084 3674 3150 3726 τὰ
3174 3675 3454 3729 τελευταῖα
3480 3678 3582 3747 τῆς

2009 3761 2131 3812 καθ’
2160 3763 2306 3831 ἡμΞς
2327 3762 2647 3832 οἰκουμένης
2680 3762 2991 3826 οἰκούντων,
3021 3764 3120 3835 τὴν
3148 3765 3287 3837 ὑπὲρ
3323 3767 3420 3835 τῆς
3450 3768 3584 3838 ἀλη-

2010 3851 2156 3914 θείας
2201 3851 2359 3904 αύτοῦ
2391 3852 2567 3921 μάχην
2601 3851 2734 3922 πρὸς
2779 3854 2905 3915 τοὺς
2944 3855 3276 3924 κρατοῦντας
3313 3858 3578 3928 ἠγνόησες

2011 3943 2106 4004 Τίς
2145 3943 2204 3994 ού
2244 3943 2561 4012 κατεπλάγη
2599 3944 2734 4014 πρὸς
2783 3944 2872 3997 τὸν
2917 3945 3208 4000 ἀντίπαλον
3243 3949 3472 4014 ἐπιδὼνς
3505 3951 3582 4004 Ού

2011 4037 2117 4106 γὰρ
2149 4035 2255 4086 τῶν
2291 4035 2649 4103 ἐπιτυχόντων
2686 4031 2765 4098 εἷς
2802 4031 2869 4107 ἦν
2894 4053 2906 4066 ·
2941 4037 3059 4090 οὐδὲ
3109 4041 3166 4091 ἐν
3213 4042 3584 4108 σοφισματίοις

2015 4127 2281 4196 κιϐδήλοις
2317 4127 2414 4195 τὴν
2446 4125 2537 4178 τοῦ
2575 4129 2728 4197 νικᾷν
2760 4128 3020 4198 ἐκέκτητο
3040 4128 3286 4201 δύναμιν,
3316 4129 3374 4185 οὗ
3403 4133 3495 4184 καὶ
3523 4134 3585 4186 τὸ

2016 4219 2299 4289 ὑπερέχειν
2332 4218 2514 4282 ἄδοξόν
2537 4258 2549 4280 ,
2587 4219 2679 4270 καὶ
2719 4219 2778 4271 τὸ
2817 4219 3113 4290 ἡττηθῆναι
3150 4221 3411 4293 ἀζήμιον·
3449 4224 3586 4277 ἀλλὰ

2017 4309 2193 4360 πᾶσαν
2235 4307 2332 4376 μὲν
2367 4307 2454 4375 ὑφ’
2507 4307 2694 4359 ἑαυτὸν
2733 4303 2876 4376 εἶχεν
2920 4310 3281 4382 εύθυνομένην
3327 4313 3443 4366 τότε
3489 4316 3584 4384 τὴν

343 4403 495 4455 tione
539 4414 638 4453 sua
682 4397 896 4452 tenebat
935 4405 1106 4448 totum
1144 4393 1447 4446 Romanum
1492 4390 1814 4460 imperium;
1858 4396 1903 4441 el

2029 4400 2312 4469 Ῥωμαίων
2373 4400 2577 4468 ἀρχήν·
2639 4401 2730 4454 καὶ
2787 4401 3020 4473 τοσαύτῃ
3077 4403 3324 4476 βασιλείᾳ
3377 4405 3579 4475 κομῶν,

343 4507 468 4545 cum
524 4499 673 4544 tanto
710 4504 876 4557 regno
921 4495 1198 4556 przecsset,
1225 4485 1549 4554 depravatus
1583 4491 1666 4536 est
1702 4483 1908 4535 calum-

345 4583 454 4636 niis
507 4589 698 4634 contra
743 4578 1044 4633 doctrinam
1081 4585 1362 4639 nostram,
1402 4574 1646 4628 Eudoxio
1686 4572 1911 4625 Cerma-

344 4673 508 4727 niciae
545 4672 800 4739 episcopo
852 4683 946 4737 per
990 4667 1234 4723 fraudem
1290 4667 1355 4719 ad
1403 4681 1532 4720 suas
1567 4674 1746 4733 partes
1790 4680 1911 4718 cum

346 4763 665 4817 traducente
701 4780 712 4814 :
745 4775 934 4814 omnes
984 4769 1186 4820 autem,
1219 4759 1312 4826 qui
1357 4757 1590 4824 alicujus
1639 4765 1794 4811 erant
1832 4757 1914 4809 di-

347 4853 592 4926 gnitatis,
616 4859 671 4905 et
691 4851 917 4912 aulicos.
951 4859 1004 4904 et
1032 4851 1125 4920 qui
1165 4844 1600 4917 rebus'gerendis
1628 4857 1912 4917 praeerant,

344 4943 705 5012 epitulatores
735 4940 922 4993 habuit
940 4941 1176 5011 propriae
1212 4939 1494 5003 libidinis;
1535 4955 1767 5008 quorum
1823 4940 1913 4993 alii

347 5044 570 5107 propter
612 5031 1024 5086 consensionem
1067 5033 1407 5084 voluntatum
1453 5041 1645 5100 sponte
1699 5046 1819 5085 sese
1849 5033 1914 5085 ad

349 5128 500 5180 illum
556 5123 961 5194 adjuugebant;
1010 5123 1099 5176 alii
1145 5138 1272 5176 vero
1314 5123 1468 5176 multi
1516 5129 1710 5176 timore
1745 5126 1916 5192 impc-

347 5221 568 5284 ratoris,
623 5225 870 5288 prompte
909 5223 963 5270 et
1013 5215 1286 5277 alacriter,
1321 5216 1396 5279 id,
1443 5218 1586 5285 quod
1623 5218 1696 5269 illi
1727 5217 1920 5282 jucun-

348 5311 475 5364 dum
523 5317 661 5373 erat,
703 5306 994 5372 faciebant,
1048 5315 1102 5361 et
1143 5315 1363 5375 propter
1417 5306 1814 5360 dissensionem
1852 5307 1919 5361 ab

347 5402 663 5456 orthodoxa:
713 5399 833 5456 ﬁdei
889 5398 1317 5470 professoribus,
1371 5399 1518 5452 omni
1572 5398 1918 5452 observantia

351 5494 502 5546 illum
557 5491 833 5556 colebant,
884 5499 998 5546 tum
1034 5491 1244 5548 scilicet
1275 5490 1498 5560 quando
1540 5489 1717 5560 fugas,
1754 5490 1921 5544 fortu-

351 5596 544 5638 narum
575 5580 993 5650 publicationcs,
1017 5584 1229 5647 exsilia,
1261 5583 1458 5645 minas,
1500 5591 1549 5637 et
1581 5584 1916 5646 exactiones,

351 5671 615 5746 pericula,
660 5687 932 5739 carceres,
968 5675 1203 5738 vincula,
1249 5676 1475 5746 flagella,
1507 5683 1560 5731 et
1597 5675 1918 5746 gravissima

2018 4489 2343 4562 προείληπτο
2368 4493 2430 4560 τῇ
2452 4488 2590 4541 κατὰ
2622 4489 2714 4542 τοῦ
2747 4491 3012 4560 δόγματος
3037 4494 3191 4563 ἡμῶν
3217 4495 3454 4566 διαϐολῇ,
3482 4498 3582 4549 Εὑ-

2013 4585 2184 4651 δοξίου
2230 4581 2322 4635 τοῦ
2375 4582 2801 4651 Γερμανικείας,
2853 4583 2918 4635 δι’
2956 4586 3190 4654 ἀπάτης,
3239 4587 3400 4639 αὑτὸν
3453 4589 3585 4657 πρῖμς

2015 4675 2201 4726 ἑαυτὸν
2234 4672 2696 4742 μεταστήσαντος’
2731 4672 2936 4734 πάντας
2973 4674 3027 4725 δὲ
3062 4675 3185 4737 τοὺς
3214 4677 3272 4728 ἐν
3297 4676 3458 4739 τέλει,
3496 4680 3588 4728 καὶ

2015 4766 2140 4827 τοὺς
2173 4764 2297 4833 περὶ
2328 4762 2486 4814 αὐτὸν
2520 4761 2856 4833 θεραπευτὰς
2898 4765 2992 4817 καὶ
3019 4765 3145 4829 τοὺς
3177 4768 3266 4820 ἐπὶ
3305 4767 3414 4820 τῶν
3444 4785 3586 4836 πρα-

2017 4857 2240 4927 γμάτων
2282 4854 2846 4924 παραδυναστεύοντας
2898 4859 3297 4926 συναγωνιστὰς
3339 4855 3449 4929 εἶχε
3487 4859 3587 4928 τῆς

2022 4951 2155 5012 ἰδίας
2182 4950 2386 5020 ὁρμῆς·
2428 4947 2552 5010 τοὺς
2597 4947 2695 5016 μὲν
2739 4941 2998 5012 ἑκουσίως
3037 4950 3122 5002 διὰ
3171 4951 3268 5021 τὴν
3315 4955 3584 5023 ὁμοιοτρό-

2020 5041 2148 5094 πίαν
2182 5042 2280 5108 τῆς
2310 5037 2534 5108 γνώμης
2583 5039 3043 5109 προσκεκλικότας
3064 5058 3077 5070 ·
3111 5045 3235 5105 τοὺς
3267 5043 3323 5095 δὲ
3367 5044 3589 5098 πολλοὺς

2019 5129 2096 5200 τῷ
2142 5129 2290 5198 φόϐῳ
2330 5129 2429 5198 τῆς
2483 5129 2797 5192 δυναστείας
2845 5129 2912 5182 τὰ
2955 5131 3088 5200 πρὶς
3134 5133 3325 5204 ἡδονὴν
3362 5135 3588 5204 ἑτοίμως

2021 5222 2429 5292 χαριζομένους,
2467 5221 2555 5274 καὶ
2588 5220 2674 5273 διὰ
2709 5222 2807 5290 τῆς
2845 5223 3147 5294 ἀποτομίας
3181 5225 3278 5292 τῆς
3316 5225 3454 5279 κατά
3485 5226 3590 5278 τῶν

2021 5311 2392 5380 ἀντεχομένων
2429 5312 2523 5380 τῆς
2576 5310 2836 5374 πίστεως,
2873 5312 3006 5381 πρὸς
3057 5313 3215 5364 αὑτὸν
3256 5313 3591 5382 ἐνδεικνυμέ-

2022 5418 2142 5461 νους
2175 5398 2436 5468 σπουδήν·
2463 5402 2548 5452 ὅτε
2579 5402 2765 5468 φυγαὶ,
2795 5403 2883 5453 καὶ
2912 5401 3221 5470 δημεύσεις,
3253 5405 3345 5455 καὶ
3369 5404 3587 5475 ἐξορίαι,

2023 5491 2240 5544 ἀπειλαί
2282 5509 2338 5544 τε
2386 5493 2476 5545 καὶ
2534 5494 2976 5562 προστιμήματα,
3026 5493 3279 5554 κίνδυνοι,
3333 5495 3588 5562 φυλακαὶ,

2023 5586 2391 5654 δεσίιτυτῄρια,
2435 5586 2718 5654 μάστιγες·
2743 5585 2836 5637 καὶ
2868 5585 2917 5637 τί
2947 5587 3052 5653 γάρ
3083 5587 3198 5655 οὐχὶ
3230 5587 3336 5639 τῶν
3365 5587 3591 5639 δεινοτά-

2025 5695 2128 5728 των
2165 5679 2440 5744 ἐνηργεῖτο
2474 5677 2612 5728 κατά
2635 5676 2740 5729 τῶν
2767 5678 2840 5746 μὴ
2866 5677 3256 5747 συντιθεμένων
3288 5683 3347 5750 τῇ
3378 5680 3466 5733 τοῦ
3498 5680 3586 5750 βα·
