4066 6146
391 161 498 214 289

1554 156 1832 212 CONTRA
1869 151 2256 217 EUNOMIUM,
2301 149 2428 206 LIB.
2463 151 2502 206 Ι.

3550 159 3655 217 290

392 275 586 339 σιλέως
616 277 782 345 ὀρμῇ;
808 276 892 327 ὅτε
916 274 1289 345 χαλεπώτερον
1309 271 1375 345 ἦν
1406 276 1460 328 ἐν
1485 277 1619 346 οἴκῳ
1644 276 1778 328 Θεοῦ
1810 291 1963 328 κατα-

2071 287 2302 341 qumque
2323 269 2592 341 supplicia
2627 269 2958 326 decernebat
2991 271 3081 335 iis,
3112 274 3204 343 qtti
3239 275 3382 345 regis
3417 274 3629 333 libidini

388 371 662 442 ληφθῆναι
693 369 817 431 τοὺς
844 366 1217 432 εύσεϐοὖντας,
1257 367 1288 436 ἢ
1325 368 1416 418 ἐπὶ
1445 370 1553 430 τοῖς
1586 367 1965 438 πονηροτάτοις

389 462 499 515 τῶν
525 460 884 531 ἐγκλημάτων
913 459 1134 512 ἁλῶναι.

473 643 632 696 Ἀλλὰ
659 643 720 694 τὸ
750 642 846 711 μὲν
883 642 1092 704 τούτοις
1121 642 1252 693 πᾶσι
1283 641 1401 694 καθ’
1433 642 1658 694 ἕκαστον
1693 642 1964 708 ἐπεξιέναι

388 737 632 804 μεγάλης
653 733 795 802 τινρς
815 731 880 784 ἂν
911 732 1080 784 δέοιτο
1113 731 1452 800 συγγραφῆς,
1489 727 1580 783 καὶ
1617 731 1806 802 χῴνου
1838 733 1966 784 πολ-

387 826 498 890 λοῦ,
531 828 626 878 καὶ
657 824 1038 895 πραγματείας
1071 823 1225 887 ἰδίας.
1272 823 1476 885 ’Ἄλλως
1503 839 1560 874 τε
1597 823 1688 875 καὶ
1717 824 1964 893 φανερῶν

386 917 590 970 ἅπασιν
627 915 794 967 ὄντων
829 914 935 966 τῶν
981 913 1281 983 τηνικαῦτα
1333 913 1538 977 κακῶν,
1573 914 1722 966 οὐδὲν
1771 913 1836 966 ἂν
1868 914 1962 982 γέ-

385 1023 531 1059 νοιτο
561 1006 720 1058 πλέον
747 1005 879 1076 πρὸς
905 1005 995 1056 τὸν
1029 1005 1269 1073 παρόντα
1294 1004 1448 1072 λόγον
1474 1006 1536 1056 ἐκ
1557 1004 1649 1056 τοῦ
1676 1007 1964 1076 μετ’ἀκρι-

384 1097 646 1160 ϐείαςτάς
670 1096 951 1166 συμφορὰς
987 1097 1194 1158 ἐκείνας
1233 1098 1323 1147 ἐπὶ
1353 1096 1695 1166 γραμμάτων
1751 1097 1962 1149 ἐκτίθε-

386 1188 531 1241 σθαι.
572 1188 806 1238 ’Ὑπεστι
833 1185 890 1238 δὲ
913 1186 1006 1237 καὶ
1033 1185 1288 1256 φορτικὸν
1313 1185 1498 1256 ἕτερον
1529 1189 1586 1240 ἐν
1615 1187 1692 1256 τῷ
1723 1189 1851 1256 περὶ
1875 1189 1963 1240 αύ-

383 1280 488 1331 τῶν
523 1278 842 1348 διηγήματι,
879 1279 1005 1340 τοὺς
1033 1277 1141 1328 τῶν
1168 1278 1450 1347 ἡμετέρων
1479 1278 1537 1340 ἐξ
1563 1279 1806 1348 ἀνάγκης
1841 1279 1962 1331 τινα

387 1371 606 1440 μνήμην
658 1369 987 1439 ποιήσασθαι
1018 1367 1250 1439 καθεξῆς
1285 1368 1547 1434 διεξιόντα
1573 1371 1669 1440 τὴν
1693 1371 1798 1423 τῶν
1837 1388 1963 1422 σκυ-

385 1461 615 1532 θρωπῶν
655 1461 914 1529 ἱστορίαν.
949 1461 1012 1512 Et
1059 1460 1166 1530 γάρ
1196 1477 1249 1512 τι
1271 1461 1362 1512 καὶ
1390 1461 1701 1533 πέπρακται
1727 1462 1962 1514 τοιοῦτον

382 1559 514 1626 ἡμῖν
545 1555 631 1607 διὰ
660 1556 782 1617 τοὺς
820 1554 956 1625 ὑπὲρ
987 1553 1085 1622 τῆς
1114 1553 1388 1617 εὐσεϐείας
1424 1548 1782 1622 ἀγῶνας,οἶον
1818 1554 1964 1622 φιλο-

2073 373 2126 419 et
2163 364 2444 419 effrenata
2477 363 2766 433 cupiditati
2799 380 2910 418 non
2948 366 3387 431 subscriberent,
3427 381 3653 439 quando

2073 457 2434 524 periculosius
2467 463 2586 510 erat
2621 457 2738 525 pios
2769 467 2821 510 et
2850 457 3166 513 Catholicos
3213 461 3266 513 in
3330 461 3494 517 domo
3533 464 3651 532 Dei,

2073 561 2233 614 quam
2267 547 2319 598 in
2352 546 2688 614 turpissimis
2741 545 2964 616 ﬂagitiis
3009 549 3364 617 deprehendi.

2146 635 2346 690 Verum
2389 637 2501 691 haec
2537 648 2588 692 et
2613 638 2813 692 similia
2851 639 3130 708 sigillatim
3163 646 3418 713 persequi
3456 648 3652 731 gr‘andi

2071 737 2256 796 egeret
2300 730 2459 790 libro,
2503 738 2556 782 et
2608 730 2772 798 longo
2802 739 3046 800 tempore
3087 741 3140 787 et
3190 738 3410 805 proprio
3444 730 3647 795 studio.

2071 820 2138 874 Et
2197 838 2320 875 eum
2373 822 2519 875 illius
2565 823 2827 891 temporis
2886 833 3035 893 gesta
3087 826 3139 880 in
3185 830 3428 882 omnium
3471 832 3651 887 adhuc

2071 914 2334 967 memoria
2379 923 2432 967 et
2477 929 2570 967 ore
2617 923 2928 978 versentur,
2982 917 3232 974 fortassis
3265 919 3457 976 inutile
3503 935 3650 976 esset

2073 1003 2139 1057 ad
2181 1020 2420 1073 przesens
2466 1013 2716 1060 nostrum
2765 1006 3099 1072 iustittttum,
3149 1012 3494 1068 calamitates
3526 1016 3648 1070 illas

2072 1094 2374 1148 studiosius
2397 1095 2598 1149 litteris
2621 1095 2761 1150 velle
2787 1099 3136 1168 consignare,
3175 1112 3230 1154 tit
3262 1110 3470 1158 taceam
3493 1107 3650 1175 quid-

2070 1183 2194 1236 dam
2239 1186 2399 1239 etiam
2445 1186 2694 1241 odiosum
2740 1188 3052 1258 hujusmodi
3105 1208 3286 1246 rerum
3342 1198 3644 1250 narrationi

2072 1277 2325 1341 subesse,
2361 1280 2506 1348 quod
2538 1282 2860 1336 necessario
2891 1284 3094 1336 mentio
3127 1284 3375 1340 facienda
3412 1290 3482 1341 sit
3512 1295 3649 1358 qua-

2072 1368 2322 1421 rumdam
2382 1385 2565 1424 rerum
2613 1386 2643 1423 a
2698 1373 2860 1427 nobis
2896 1381 3193 1444 gestarum,
3247 1378 3292 1430 si
3326 1377 3518 1433 ordine
3551 1395 3650 1434 ex-

2073 1473 2276 1526 ponere
2307 1462 2562 1522 velimus,
2596 1478 2716 1531 qua:
2753 1466 2893 1518 tristi
2927 1466 3018 1520 illo
3053 1474 3295 1536 tempore
3323 1483 3645 1524 evenerunt.

2072 1548 2299 1606 Etiamsi
2352 1554 2497 1607 enim
2543 1554 2748 1624 aliquid
2787 1565 3008 1626 propter
3045 1559 3302 1626 pietatem
3352 1562 3645 1630 gessimus,

381 1646 566 1716 τιμίαν
595 1637 778 1715 φέρειν
805 1644 882 1714 τῷ
911 1645 1227 1714 διηγήματι,
1249 1648 1361 1707 τοῖς
1395 1645 1620 1715 πλησίον
1643 1646 1962 1698 καταλιπεῖν

2068 1642 2213 1710 quod
2249 1651 2530 1697 narratum
2565 1645 2779 1699 laudem
2815 1654 2866 1701 et
2903 1648 3070 1702 decus
3110 1651 3407 1707 conciliare
3440 1667 3646 1722 posset,

383 1741 416 1808 ὴ
449 1738 619 1806 Σοςςία
658 1737 903 1804 κελεύει,
950 1736 1371 1807 Ἐγκωμιαζέτω
1418 1755 1491 1792 σε
1529 1737 1656 1809 γάρ,
1697 1739 1881 1808 φησὶν,
1929 1741 1960 1791 ὀ

381 1831 591 1897 πέλας,
628 1831 832 1901 καὶμὴ
866 1833 936 1885 τὰ
973 1832 1055 1885 σὰ
1078 1832 1273 1900 χείλη.
1307 1833 1486 1903 Ὅπερ
1509 1834 1536 1884 ὁ
1563 1833 1628 1884 τά
1661 1835 1836 1885 πάντα
1861 1849 1960 1884 πε-

384 1925 839 1995 ριεσκευασμένος
872 1925 944 1994 μὴ
1001 1923 1277 1985 συνειδὼς,
1311 1924 1371 1976 τὸ
1419 1925 1667 1976 πλεῖστον
1702 1926 1800 1995 τῆς
1836 1942 1964 1993 συγ-

381 2019 596 2088 γραφῆς
653 2019 710 2070 ὲν
757 2019 877 2080 ταῖς
935 2017 1063 2087 περὶ
1118 2017 1280 2069 αύτοῦ
1325 2015 1749 2091 μεγαληγορίαις
1803 2018 1964 2088 ἠσχό-

380 2103 533 2173 λησε.

457 2286 642 2339 Πάντα
682 2287 857 2338 τοίνυν
885 2285 994 2354 ἐγὼ
1031 2287 1096 2340 τὰ
1135 2287 1360 2342 τοιαῦτα
1395 2287 1839 2360 περιδραμὼν.τά
1865 2290 1966 2363 τῆς

379 2379 582 2443 δειλίας
621 2380 711 2433 τοῦ
734 2379 1051 2433 διδασκάλου
1075 2380 1232 2451 ἡμῶν
1255 2379 1390 2451 ἔργα
1421 2383 1538 2451 μετ’
1566 2381 1850 2451 ἀκριϐείας
1871 2384 1962 2436 ἐκ-

381 2473 640 2542 θήσομαι.
695 2466 804 2525 Ἦν
851 2471 1026 2525 τοίνυν
1060 2473 1087 2523 ὁ
1129 2472 1581 2543 ἀντιτεταγμένος
1630 2473 1778 2541 αύτῴ
1831 2474 1965 2544 πρὸς

379 2563 676 2616 ἀντίπαλον
715 2561 889 2626 τάξιν,
937 2562 1189 2633 βασιλεὺς
1236 2563 1418 2627 αὐτός.
1459 2562 1516 2614 '0
1565 2562 1622 2614 δὲ
1680 2562 1967 2633 ὑπηρετῶν

381 2654 548 2708 αὐτοῦ
579 2658 699 2717 ταῖς
752 2656 967 2728 ὁρμαῖς,
991 2656 1019 2708 ὁ
1056 2655 1233 2724 πάσης
1265 2656 1448 2724 ἄρχων
1482 2656 1598 2724 μετ’
1635 2657 1839 2707 ἐκεῖνον
1869 2657 1968 2725 τῆς

382 2747 685 2818 βασιλείας·
736 2749 783 2798 οἱ
821 2746 1208 2814 συνεργοῦντες
1263 2747 1320 2798 δέ
1373 2747 1509 2817 πρὸς
1564 2747 1662 2816 τὴν
1713 2747 1967 2816 τοιαύτην

379 2840 703 2910 ἐπιθυμίαν,
723 2841 772 2891 οἱ
797 2842 924 2908 περὶ
949 2839 1107 2892 αὐτὸν
1144 2840 1360 2902 πάντες.
1380 2839 1732 2911 Προσκείσθω
1760 2841 1967 2903 τούτοις

381 2935 472 2986 καὶ
504 2935 535 2986 ὁ
569 2931 762 3000 καιρὸς
795 2933 874 2994 είς
901 2930 1297 3001 ἀκριϐεστέραν
1321 2931 1550 3000 βάσανον
1589 2933 1683 2985 καὶ
1710 2932 1966 2997 ἐπίδειξιν

377 3027 478 3096 τῆς
503 3024 758 3094 γενναίας
793 3024 885 3076 τοῦ
915 3023 1146 3091 ἀθλητοῦ
1175 3023 1568 3092 πεποιθήσεως.
1595 3024 1688 3087 Τίς
1718 3021 1810 3077 οὖν
1843 3021 1910 3094 ἦν
1938 3025 1966 3076 ὁ

381 3117 601 3187 καιρός;
634 3116 894 3185 ἐξήλαυνε
921 3115 1020 3184 μὲν
1046 3116 1146 3185 τῆς
1185 3115 1595 3170 Κωνσταντίνου
1627 3115 1831 3179 πόλεως
1873 3118 1966 3169 ἐπὶ

380 3211 478 3281 τὴν
513 3211 714 3279 ἑῴοινὸ
757 3208 1030 3276 βασιλεὺς,
1061 3207 1185 3277 ἄρτι
1215 3209 1328 3269 τοῖς
1360 3207 1498 3260 κατά
1538 3207 1645 3260 τῶν
1679 3207 1966 3279 βαρϐάρων

381 3300 530 3370 αὐτῷ
559 3297 982 3370 κατορθωθεῖσιν
1018 3298 1329 3370 ἐπηρμένος
1353 3297 1413 3350 τὸ
1450 3297 1722 3368 φρόνημα,
1746 3299 1840 3350 καὶ
1875 3298 1965 3350 οὐ-

411 3393 468 3444 ὲν
490 3391 820 3446 ἀντιϐαίνειν
859 3390 1025 3442 αὑτοῦ
1051 3392 1170 3448 ταῖς
1211 3390 1408 3461 ὁρμαῖς
1440 3389 1606 3453 ἀξιῶν
1628 3407 1642 3420 ·
1670 3393 1966 3462 προηγεῖτο

378 3485 439 3538 δὲ
468 3485 633 3537 αὐτοῦ
656 3485 756 3552 τῆς
787 3482 1014 3553 πορείας
1050 3482 1078 3534 ὁ
1105 3481 1497 3552 ύπαρχος,ἀντ’
1513 3482 1670 3535 ἄλλου
1686 3483 1827 3546 τινὸς
1859 3483 1965 3536 τῶν

379 3579 460 3639 εἰς
485 3577 584 3646 τὴν
637 3577 810 3646 ἀρχὴν
858 3574 1172 3642 ἀναγκαίων
1201 3574 1356 3628 τοῦτο
1380 3575 1686 3646 προδιοικού
1697 3591 1875 3646 μενος·
1907 3575 1967 3628 τὸ

384 3668 519 3739 μηδέ
539 3685 660 3720 τινα
681 3667 771 3720 τὸν
801 3668 892 3719 ἐπὶ
921 3666 1155 3728 πίστεως
1181 3667 1308 3718 ὄντα
1334 3667 1514 3736 μένειν
1536 3668 1801 3735 ἐφέστιον,
1831 3667 1965 3720 ἀλλὰ

376 3760 473 3813 τοῦ
525 3762 658 3823 τοὺς
716 3760 812 3828 μὲν
863 3755 1264 3812 ἀπελαύνεσθαι
1322 3758 1530 3819 πάντας
1583 3757 1958 3827 πανταχόθεν,

379 3857 598 3925 ἐτέρους
630 3854 687 3906 δὲ
731 3855 843 3906 ἀντ’
873 3853 1096 3906 ἐκείνων
1124 3852 1660 3921 αὑτοχειροτονήτους
1697 3852 1844 3910 τινας
1875 3853 1965 3904 ἐπὶ

379 3948 537 4018 ὕϐρει
571 3948 670 4016 τῆς
702 3946 853 4008 θείας
881 3945 1190 4015 οἰκονομίας
1242 3943 1575 4011 εἰσάγεσθαι.
1610 3944 1765 4000 Μετά
1795 3949 1968 3999 τοιαύ·

378 4057 480 4108 της
513 4037 607 4093 οὖν
646 4038 872 4108 γνώμης
917 4038 1168 4108 καθάπερ
1207 4037 1358 4106 νέφει
1391 4037 1535 4100 τινὸς
1577 4036 1834 4106 χαλεποῦ,
1867 4038 1966 4107 τῆς

379 4132 697 4192 δυναστείας
731 4133 795 4184 ἐκ
827 4134 927 4200 τῆς
981 4129 1339 4200 Προποντίδος
1387 4129 1532 4182 κατὰ
1577 4129 1686 4183 τῶν
1735 4130 1965 4199 Ἐκκλη-

381 4224 515 4278 σιῶν
555 4223 896 4292 κινηθείσης·
931 4222 1026 4275 καὶ
1051 4222 1150 4291 τῆς
1181 4222 1280 4291 μὲν
1315 4220 1568 4283 Βιθυνίας
1597 4221 1807 4293 ἀθρόως
1838 4225 1966 4292 ἐρη-

2064 1731 2117 1785 ἱιι
2161 1740 2220 1785 ttt
2261 1735 2529 1802 proximis
2563 1737 2770 1792 nostris
2799 1742 3341 1796 conunemorandum
3376 1745 3649 1814 relinqua-

2067 1840 2211 1888 mus,
2268 1835 2453 1882 tuouet
2501 1828 2684 1880 divina
2729 1830 2992 1898 sapientia
3027 1850 3038 1884 :
3072 1831 3273 1887 Laudat
3321 1844 3387 1898 te,
3448 1837 3645 1908 inqttit,

2063 1918 2358 1984 proximus,
2406 1929 2452 1971 et
2503 1936 2606 1972 non
2663 1919 2806 1972 labia
2858 1930 2948 1973 tua
2997 1923 3074 1975 ιθ.
3129 1923 3280 1988 Quod
3345 1925 3646 1982 Eunomius

2066 2009 2482 2064 oculatissimus
2525 2026 2632 2063 non
2679 2010 3063 2080 considerans,
3113 2015 3404 2072 maximam
3441 2030 3646 2087 partem

2065 2102 2150 2156 sui
2192 2101 2318 2154 libri
2358 2102 2596 2171 gloriose
2635 2117 2757 2156 sese
2781 2102 3056 2159 eﬂ'erendo
3101 2120 3151 2159 et
3179 2107 3478 2163 insolenter
3509 2127 3648 2180 ptan-

2066 2193 2309 2248 dicando
2356 2193 2722 2262 consumpsit.

2137 2284 2405 2339 Omnibus
2445 2284 2609 2353 igitur
2661 2284 2813 2339 hisce
2853 2285 3092 2351 relictis,
3145 2289 3333 2344 sedulo
3378 2306 3647 2360 exponam

2067 2391 2230 2445 opera
2255 2375 2612 2446 piameptoris
2642 2377 2839 2438 nostri,
2869 2381 3080 2431 timoris
3101 2387 3154 2432 et
3177 2383 3395 2449 pavoris
3418 2382 3645 2437 indicta.

2067 2467 2199 2522 Erat
2233 2469 2400 2536 igitur
2435 2469 2502 2533 is,
2554 2483 2680 2522 eum
2718 2483 2827 2537 quo
2857 2469 3062 2524 Basilio
3105 2471 3479 2527 dimicandum
3506 2484 3644 2538 erat,

2068 2561 2298 2630 ipsemet
2353 2561 2674 2629 imperator.
2721 2559 2996 2614 Libidinis
3051 2577 3182 2617 vero
3237 2571 3290 2618 et
3353 2565 3649 2635 impietatis

2066 2654 2189 2724 ejus
2245 2653 2576 2708 administer
2625 2653 2734 2718 ille,
2767 2653 2861 2722 qui
2899 2660 3023 2720 post
3059 2654 3441 2724 imperatorem
3473 2665 3646 2711 totum

2068 2745 2356 2814 imperium
2425 2745 2669 2815 regebat.
2734 2745 3026 2814 Adjutores
3095 2755 3275 2801 autem
3329 2750 3648 2817 cupiditatis

2070 2837 2215 2890 illius
2255 2852 2446 2892 omnes
2488 2837 2714 2890 omnino
2740 2839 2927 2892 aulici.
2964 2839 3203 2895 Accedat
3247 2850 3302 2896 et
3351 2841 3436 2898 bis
3469 2843 3646 2911 ipsum

2071 2935 2308 2997 tempus,
2364 2938 2424 2983 ut
2473 2945 2538 2983 eo
2569 2931 2880 2985 accuratius
2914 2937 2968 2986 et
2992 2932 3208 3002 planius
3242 2933 3650 2988 demonstretur

2069 3022 2308 3077 invictus
2343 3031 2398 3077 et
2426 3023 2684 3078 excelsus
2735 3024 2952 3079 animus
3005 3027 3252 3094 generosi
3287 3027 3433 3083 illius
3469 3029 3647 3082 athle-

2067 3124 2155 3169 tae.
2176 3112 2330 3178 Quod
2359 3114 2525 3184 igitur
2548 3125 2762 3184 tempus
2783 3116 2936 3168 erat?
2952 3116 3154 3171 Aberat
3170 3118 3644 3188 Constantinopoli

2067 3205 2366 3274 imperator
2409 3207 2461 3259 in
2508 3206 2750 3268 Oriente,
2787 3208 2964 3261 elatus
3011 3216 3190 3263 mente
3236 3211 3406 3265 rebus
3453 3221 3646 3267 contra

2068 3295 2333 3350 barbaros
2378 3312 2485 3349 non
2541 3296 2614 3349 ita
2669 3296 2878 3366 piidem
2937 3297 3169 3353 feliciter
3211 3301 3403 3369 gestis,
3459 3303 3648 3356 existi-

2069 3400 2337 3455 mansque
2389 3385 2784 3455 cupiditatibus
2834 3387 2951 3441 suis
2992 3387 3128 3440 nihil
3171 3389 3394 3442 omnino
3453 3389 3645 3445 adver-

2068 3479 2176 3532 sari
2233 3477 2469 3543 debere;
2521 3476 2865 3546 praecedebat
2916 3495 3038 3531 eum
3089 3478 3403 3546 praefectus,
3466 3482 3647 3549 specie

2067 3569 2287 3639 quidem
2329 3569 2483 3639 quasi
2511 3569 2817 3624 necessaria
2854 3569 3202 3638 imperatoris
3229 3571 3482 3625 adventui
3517 3588 3647 3640 pruk

2069 3674 2264 3728 parare
2317 3659 2558 3720 deberet,
2593 3673 2781 3712 revera
2811 3667 3016 3724 autem,
3049 3668 3105 3712 ut
3133 3659 3480 3716 Ortbodoxos
3515 3678 3644 3732 pro-

2068 3750 2204 3819 priis
2234 3749 2458 3804 sedibus
2493 3751 2898 3814 exterminaret,
2941 3749 2994 3802 in
3027 3752 3434 3822 ejectorumque
3466 3756 3643 3810 locum

2067 3845 2209 3898 alios
2252 3858 2363 3897 non
2413 3843 2652 3913 legitime
2701 3850 2924 3897 vocatos
2977 3851 3031 3896 et
3082 3845 3386 3910 ordinatos,
3416 3848 3470 3902 in
3511 3864 3644 3903 coa-

2069 3945 2332 4007 tetnptum
2376 3946 2430 3992 et
2468 3937 2726 4005 iujuriam
2767 3934 3047 4000 Ecclesiae,
3103 3937 3478 3994 substitueret.
3534 3940 3645 3994 llac

2069 4030 2233 4098 igitur
2281 4040 2482 4090 mente,
2536 4029 2685 4082 velut
2729 4029 2874 4082 nube
2919 4027 3151 4096 quadam
3195 4032 3481 4092 malorum,
3518 4046 3643 4084 cum

2067 4123 2327 4175 violentia
2363 4121 2729 4188 etexagitatio
2762 4127 2951 4173 contra
3002 4118 3278 4174 Ecclesias
3313 4138 3378 4174 ex
3404 4121 3646 4190 Propon-

2071 4203 2184 4267 tide
2242 4229 2530 4282 progressa
2579 4222 2746 4273 esset,
2798 4220 2853 4266 et
2917 4210 3226 4281 Bithyniam
3290 4213 3509 4281 quidem
3577 4230 3645 4268 ex

382 4314 679 4386 μωθείσης,
711 4313 982 4393 Γαλατίας
1013 4312 1067 4365 δὲ
1095 4314 1192 4365 σὺν
1219 4312 1385 4383 πολλῇ
1417 4315 1481 4382 τῇ
1517 4313 1767 4385 ῥᾳστώνῃ
1788 4331 1963 4383 παρα-

2070 4306 2369 4374 improviso
2435 4306 2772 4369 desolasset,
2844 4305 3225 4375 Galatiamque
3288 4308 3406 4362 sine
3461 4309 3646 4365 labore

381 4407 642 4477 συρείσης
668 4421 682 4433 ·
718 4405 811 4457 καὶ
843 4403 1059 4456 πάντων
1111 4403 1293 4464 αὐτοῖς
1339 4402 1480 4454 κατά
1517 4402 1641 4454 νοῦν
1677 4402 1760 4456 διὰ
1800 4403 1965 4472 μέσον

381 4496 801 4566 κεχωρηκότων,
825 4494 1114 4566 προύκειτο
1141 4494 1239 4564 ἤδη
1268 4497 1333 4563 τῇ
1366 4493 1656 4564 ἀκολουθίᾳ
1677 4495 1768 4545 τοῦ
1794 4495 1966 4548 κακοῦ

381 4588 442 4640 τὸ
469 4587 738 4657 ἡμέτερον
759 4602 774 4617 ο
808 4585 859 4637 τί
889 4581 980 4638 οὖν
1006 4587 1034 4636 ὁ
1067 4586 1238 4654 μέγας
1262 4585 1378 4636 τότε
1409 4583 1700 4646 Βασίλειος,
1719 4585 1747 4636 ὁ
1775 4583 1965 4647 δειλὸς,

381 4676 456 4739 ὣς
506 4693 670 4746 φησιν
720 4668 893 4740 οὗτος,
928 4674 1021 4727 καὶ
1073 4673 1305 4742 ἄτολμος
1329 4713 1340 4732 ,
1373 4673 1466 4724 καὶ
1500 4673 1863 4742 ὑποπτήσσων
1898 4673 1967 4726 τὰ

383 4763 622 4834 φοϐερὰ,
664 4764 758 4815 καὶ
815 4763 1038 4832 οἰκίσκῳ
1083 4761 1394 4814 λανθάνοντι
1433 4762 1530 4830 τὴν
1567 4762 1837 4832 σωτηρίαν
1872 4781 1959 4815 πι-

385 4856 586 4908 στεύων
620 4873 634 4918 ;
666 4852 812 4926 τΑρα
848 4854 1164 4925 κατεπλάγη
1208 4855 1306 4923 τὴν
1355 4854 1450 4906 τοῦ
1507 4853 1677 4907 κακοῦ
1723 4855 1957 4925 προσϐο-

382 4942 686 5018 λήν;τΑρα
723 4947 786 4998 τὸ
831 4945 1001 5010 πάθος
1043 4945 1149 4998 τῶν
1192 4944 1617 5015 προεαλωκότων
1656 4945 1958 5015 σύμϐουλον

383 5033 519 5102 πρὸς
542 5034 640 5104 τὴν
663 5034 962 5102 ἀσφάλειαν
981 5033 1087 5086 τῶν
1115 5034 1234 5086 καθ’
1253 5034 1442 5087 ἑαυτὸν
1469 5035 1758 5104 ἐποιήσατο
1779 5031 1957 5105 ;’¹’Λρα

383 5125 702 5188 κατεδέξατο
720 5125 815 5178 τοῦ
838 5121 976 5191 εἶξαι
1007 5127 1140 5197 "mpii;
1170 5125 1347 5193 ὀλίγον
1371 5128 1436 5195 τῇ
1485 5125 1628 5198 ῥύμῃ
1663 5125 1756 5177 τοῦ
1785 5125 1956 5179 κακοῦ

381 5216 867 5286 συμϐουλεύοντος,
892 5218 1023 5288 μηδὲ
1065 5221 1144 5281 είς
1181 5214 1452 5288 προῦπτον
1495 5216 1734 5269 κίνδυνον
1771 5218 1960 5269 ἑαυτὸν

381 5305 670 5375 ἐμϐάλλειν
726 5308 820 5361 ἐπὶ
878 5309 1180 5380 ἀνθρώπων
1240 5305 1801 5378 καταγυμνασθέντων
1849 5311 1960 5371 τοῖς

378 5401 633 5472 «iuuant;
662 5401 694 5471 ἢ
718 5403 868 5454 πᾶσα
895 5401 1063 5468 λόγων
1105 5401 1395 5472 ὑπερϐολὴ,
1425 5401 1518 5454 καὶ
1545 5400 1651 5453 πᾶν
1681 5399 1810 5468 ὕψος
1835 5416 1955 5453 νοτη-

489 5605 535 5638 ⁶⁹
561 5605 723 5662 Prov.
746 5617 919 5667 xxvu,
955 5605 1010 5659 ‘2.

2069 4403 2360 4459 Vastassct,
2394 4405 2446 4448 et
2475 4411 2598 4448 cum
2636 4395 2820 4448 omnia
2851 4396 2959 4448 illis
2989 4395 3055 4447 ad
3091 4397 3422 4450 voluntatem
3453 4397 3642 4452 ﬂuxis-

2067 4493 2218 4552 scnt;
2253 4485 2363 4556 jam
2397 4485 2636 4553 serpenti
2673 4485 2816 4537 malo
2845 4484 3212 4553 objiciebatur
3241 4496 3429 4542 nostra
3464 4490 3636 4558 regio,

2066 4585 2124 4631 ut
2170 4575 2434 4645 proxima.
2468 4573 2609 4639 Quid
2655 4573 2821 4644 igitur
2851 4589 3082 4640 magnus
3117 4573 3375 4640 Basilius,
3403 4577 3643 4634 timidus

2065 4670 2178 4735 ille,
2225 4676 2283 4722 ut
2331 4669 2433 4722 iste
2474 4666 2731 4736 appellat,
2780 4673 2834 4720 et
2873 4667 3124 4736 pavidus,
3162 4676 3217 4721 et
3256 4669 3312 4723 in
3353 4672 3517 4726 rebus
3546 4688 3636 4724 ar—

2066 4759 2188 4814 duis
2226 4757 2524 4812 formidare
2570 4757 2790 4822 solitus,
2831 4765 2884 4812 et
2923 4759 3161 4812 obscuro
3196 4760 3412 4814 cuidam
3459 4762 3639 4816 domi-

2066 4853 2194 4906 cilio
2242 4866 2396 4906 suam
2443 4851 2675 4906 salutem
2726 4849 2995 4905 credens?
3039 4851 3120 4905 Au
3169 4853 3350 4908 animo
3403 4854 3644 4910 concidit

2066 4944 2138 4998 ob
2182 4943 2511 4997 calamitatis
2559 4941 2706 4996 illius
2758 4942 3056 5012 impetum?
3103 4942 3186 4996 An
3240 4960 3302 5000 ea
3357 4961 3478 5014 quae
3519 4948 3643 5000 aliis

2065 5045 2361 5091 evenerunt
2406 5035 2658 5103 exemplo
2687 5044 2741 5088 et
2774 5035 3106 5090 documento
3145 5039 3250 5093 sibi
3296 5040 3490 5094 salutis
3519 5056 3644 5094 esse

2066 5131 2287 5183 voluit?
2331 5128 2468 5182 Nunt
2517 5129 2793 5197 acquievit
2841 5128 3060 5183 illorum
3103 5132 3350 5195 monitis,
3413 5133 3505 5201 qui
3550 5148 3648 5200 pu-

2065 5224 2252 5276 labant
2286 5221 2353 5274 ad
2400 5221 2674 5274 modicum
2713 5227 2925 5290 tempus
2973 5220 3140 5276 furori
3197 5223 3410 5276 illorum
3446 5222 3644 5276 ceden-

2066 5315 2192 5366 dum
2239 5327 2398 5376 esse,
2453 5319 2508 5365 et
2559 5318 2616 5364 ut
2671 5326 2731 5366 se
2789 5328 2899 5366 non
2948 5314 3248 5382 cunjiceret
3291 5312 3344 5364 in
3395 5320 3646 5381 apertum

2065 5403 2366 5473 periculum
2399 5402 2718 5458 obsistendo
2742 5401 3059 5458 hominibus
3090 5403 3157 5456 ad
3191 5400 3391 5456 czedem
3425 5410 3480 5458 et
3512 5417 3644 5460 san-
