4046 6156
440 179 536 234 29!

1678 171 1732 224 S.
1777 169 2100 226 GliECOBlI
2139 169 2430 224 NYSSENI

3592 170 3698 224 9.9-2

438 293 652 363 guinem
695 287 970 343 assuetis?
1013 287 1092 338 Au
1141 284 1319 339 omnis
1363 284 1627 338 orationis
1676 285 1852 354 topia,
1881 300 2003 338 ver-

2115 285 2297 354 μάτων
2321 300 2378 338 τε
2401 284 2493 336 καὶ
2516 283 2775 353 ῥημάτων
2803 282 2952 335 κάτω
2982 300 3083 335 που
3127 284 3225 353 τῆς
3252 283 3510 353 ἀληθείας
3545 283 3698 350 ἐλέγ-

438 389 741 450 horumque
794 380 1007 449 pondus
1045 379 1144 428 hac
1195 377 1249 428 in
1297 391 1352 429 re
1387 376 1547 445 longe
1584 376 1763 428 minor
1815 385 1900 432 est
1959 384 2014 431 et

437 476 683 538 inferior,
738 487 899 542 quam
944 470 1017 523 rei
1065 477 1230 537 gestae
1278 469 1518 521 veritas?
1563 468 1677 533 Qua
1713 469 1858 522 enim
1889 483 2015 522 ora-

435 571 579 620 tione
629 562 985 633 explicaverit
1012 561 1138 630 quis
1172 561 1318 612 illam
1352 561 1597 612 omnium
1640 560 2008 629 periculorum

433 656 894 730 despicientiam?
923 653 1212 721 Quomodo
1256 653 1380 722 quis
1425 652 1602 705 oculis
1640 651 1896 719 subjiciat
1957 659 2009 704 et

432 755 788 821 reprzesentct
857 761 1048 800 novam
1101 745 1246 797 illam
1319 753 1370 798 et
1431 742 1703 796 insolitam
1745 755 2000 810 pugnam,

431 859 591 913 quam
641 855 817 909 neque
865 839 934 892 ab
960 836 1297 898 hominibus,
1325 851 1498 905 neque
1526 843 1716 888 contra
1753 833 2004 886 homines

2113 392 2298 445 χεται;
2327 375 2448 437 Πῶς
2475 374 2582 445 ἀρα
2620 391 2702 436 τις
2747 373 3002 438 διεξέλθοι
3035 373 3111 443 τῷ
3134 373 3277 443 λόγῳ
3302 374 3398 444 τὴν
3427 375 3697 447 τοσαύτην

2110 467 2218 519 τῶν
2275 465 2517 536 φοϐερῶν
2558 465 2959 533 καταφρόνησιν
2992 483 3006 529 ;
3041 464 3165 528 Πῶς
3196 466 3261 519 ἄν
3311 483 3396 528 τις
3447 466 3540 519 ὑπ’
3575 467 3697 536 ὄψιν

2111 559 2305 625 ἀγάγοι
2353 557 2441 609 τὸν
2492 556 2675 609 καινὸν
2708 558 2913 609 ἐκεῖνον
2965 555 3171 624 ἀγῶνα,
3200 556 3258 609 ὃν
3282 555 3406 610 οὔτε
3435 559 3566 630 παρ’
3603 560 3703 612 ἀν-

2109 648 2361 719 θρώπων,
2385 647 2506 701 οὔτε
2539 647 2673 716 πρὸς
2695 647 3015 721 ἀνθρώπους
3041 649 3268 708 εἰκότως
3299 649 3365 703 ἄν
3388 667 3472 714 τις
3496 652 3700 721 συστῆ-

2108 757 2196 792 ναι
2231 742 2475 809 φήσειεν,
2513 739 2624 791 ἀλλ’
2655 739 2854 809 ἀρετὴν
2886 738 2979 791 κα)⁵
3025 739 3336 810 παρρησίαν
3370 740 3699 812 Χριστιανοῦ

2109 831 2244 901 πρὸς
2282 831 2595 883 δυναστείαν
2615 830 2862 898 φονῶσαν
2890 827 3378 898 ἀνταγωνίζεσθαις

431 941 737 1001 susceptam
776 931 970 984 merito
997 930 1120 997 quis
1182 925 1689 1003 afﬁrmaverit,sed
1757 925 1938 995 petius
2005 924 2265 978 virtutem
2310 933 2364 978 et
2434 924 2740 977 libertatem
2795 924 3102 979 Christiani
3170 931 3368 979 contra
3433 925 3702 995 principis

429 1028 775 1088 violentiam,
823 1025 991 1078 caedis
1043 1030 1096 1076 et
1153 1023 1441 1089 sanguinis
1497 1027 1862 1090 appetentem,
1907 1028 2150 1075 certasse
2203 1019 2435 1088 quilibet
2474 1017 2703 1072 dixerit?

500 1117 740 1172 Vocabat
771 1117 920 1169 illum
956 1114 1024 1168 ad
1064 1129 1123 1168 se
1154 1114 1465 1183 prmlectus,
1510 1121 1861 1166 antevertens
1907 1112 2012 1164 im-

443 1211 716 1280 peratoris
765 1207 1109 1277 praesentiam
1165 1215 1219 1259 et
1269 1205 1582 1266 adventum,
1648 1202 2013 1272 imperatoris-

431 1320 537 1374 que
571 1303 866 1372 potentiam
906 1316 1001 1372 per
1036 1315 1095 1354 se
1129 1299 1556 1360 formidandam,
1595 1297 1860 1352 eﬂiciebat
1895 1297 2009 1351 for-

432 1397 834 1450 tnidabiliorem
897 1393 1293 1464 suppliciorum
1345 1391 1729 1444 multitudine:
1791 1396 1843 1443 et
1887 1395 2010 1458 post

430 1487 551 1540 illas
601 1487 655 1538 in
706 1483 955 1554 Bithynia
1029 1481 1346 1553 tragmdias,
1421 1481 1776 1551 devictosque
1827 1465 2008 1536 solita

430 1578 691 1630 facilitate
771 1574 1012 1634 Galatas,
1081 1574 1284 1625 nullius
1366 1573 1568 1640 negotii
1635 1574 2006 1638 existimabat,

2200 1109 2411 1163 Ἐκάλει
2447 1109 2544 1179 μὲν
2578 1108 2687 1179 γὰρ
2736 1110 2869 1176 πρὸς
2916 1110 3103 1163 ἐαυτὸν
3141 1109 3428 1180 προλαϐών
3461 1105 3556 1176 τὴν
3599 1111 3700 1164 τοῦ

2117 1202 2381 1273 βασιλέως
2435 1201 2754 1254 ἐπιστασίαν
2786 1202 2814 1253 6
2859 1199 3107 1272 ὕπαρχος
3142 1219 3156 1232 ·
3183 1202 3277 1254 καὶ
3319 1201 3495 1264 ἄλλως
3531 1193 3700 1256 οὖσαν

2116 1294 2350 1365 φοϐερὰν
2381 1293 2468 1347 διά
2503 1294 2562 1346 τὸ
2595 1293 2824 1362 μέγεθος
2850 1291 2947 1362 τὴν
2987 1293 3183 1364 ἀρχὴν,
3217 1293 3599 1364 φοϐερωτέραν
3631 1301 3701 1368 τῇ

2115 1387 2329 1457 ἀφειδίᾳ
2371 1386 2478 1439 τῶν
2528 1385 2808 1456 τιμωριῶν
2859 1387 3223 1456 καταστήσας,
3275 1387 3366 1438 καὶ
3417 1387 3554 1456 μετά
3600 1389 3704 1450 τὰς

2113 1479 2417 1550 τραγῳδίας
2467 1479 2699 1544 ὲκείνας,
2744 1477 2814 1540 ἀς
2846 1478 2985 1530 κατά
3020 1478 3270 1532 Βιθυνίαν
3308 1480 3694 1551 ἐξειργάσατο,

2116 1571 2370 1623 Γαλατῶν
2427 1571 2531 1623 ὑπὸ
2576 1571 2673 1640 τῆς
2707 1568 2968 1636 συνήθους
2988 1568 3234 1632 εὐκολίας
3281 1571 3490 1624 ἀκονιτὶ
3523 1589 3706 1642 παρα-

427 1670 589 1721 etiam
616 1665 757 1736 apud
793 1681 891 1720 nos
922 1665 1187 1718 arbitratu
1221 1679 1321 1717 suo
1367 1663 1632 1716 insanire.
1676 1663 1858 1721 Rebus
1887 1682 2010 1722 vero

2120 1664 2380 1725 στάντων,
2401 1661 2616 1732 ἕτοιμον
2651 1659 2804 1731 ᾤετο,
2843 1663 2936 1714 καὶ
2966 1661 3025 1714 τὸ
3059 1661 3179 1714 καθ’
3211 1663 3360 1732 ἡμᾶς
3388 1663 3536 1732 αὑτῷ
3563 1664 3706 1734 πρὸς

440 1761 640 1813 futuris
669 1758 952 1812 exordium
995 1757 1141 1810 dedit
1177 1755 1350 1809 oratio
1390 1756 1553 1810 minis
1614 1757 1853 1812 simulet
1884 1773 2010 1828 pro-

427 1854 611 1906 missis
646 1853 837 1905 mista:
873 1859 929 1904 et
962 1852 1005 1904 si
1039 1849 1258 1918 quidem
1296 1849 1699 1918 obtemperaret
1744 1851 2005 1914 Basilius,

430 1940 780 2007 promittebat
830 1939 1068 1992 honores
1101 1953 1288 1992 omnes
1311 1938 1378 1991 ab
1414 1938 1762 2008 imperatore,
1792 1948 1845 1994 et
1874 1957 2011 2010 prae-

428 2047 570 2087 tcrea
606 2032 862 2086 Ecclesia:
903 2031 1332 2100 gubernaculum
1384 2038 1440 2085 et
1496 2032 1745 2098 clavum;
1779 2033 1825 2087 si
1868 2033 2010 2087 relu-

424 2133 690 2188 ctaretur,
735 2126 1074 2192 proponebat
1123 2122 1325 2183 omnia,
1373 2136 1493 2190 qua:
1531 2123 1799 2177 acerbitas
1843 2123 2009 2176 animi

425 2232 550 2270 cum
582 2224 850 2283 pou-state
889 2214 1104 2282 quidvis
1133 2213 1325 2283 agendi
1363 2213 1662 2281 conjuncta
1693 2214 2008 2282 excogitare

428 2317 628 2378 potest.
659 2309 721 2362 Et
755 2310 845 2362 illa
877 2309 1096 2379 quidem
1127 2323 1246 2377 qua:
1295 2307 1383 2361 isti
1416 2315 1644 2376 egerunt
1694 2305 2008 2375 hujusmodi

429 2402 603 2455 fuere.

497 2494 564 2546 At
592 2502 779 2546 noster
817 2500 1028 2544 tantum
1064 2489 1269 2553 abfuit,
1301 2499 1360 2542 ut
1400 2489 1470 2542 ob
1499 2503 1583 2551 ea,
1619 2503 1738 2556 qua:
1769 2487 2004 2551 videbat,

425 2585 509 2638 vel
546 2585 821 2647 audiebat,
855 2583 1052 2636 timore
1089 2578 1498 2650 pércelleretur,
1533 2590 1590 2633 ut
1636 2581 1778 2634 sicut
1813 2581 2011 2650 aliquis

427 2675 691 2738 medicus,
720 2674 804 2726 vel
841 2673 979 2727 [idus
995 2671 1342 2726 consiliarius
1363 2671 1685 2735 accersitus,
1713 2685 1822 2739 quo
1847 2671 2009 2726 rebus

432 2765 730 2836 deploratis
764 2772 817 2818 et
852 2762 1117 2833 depositis
1144 2777 1301 2832 opem
1334 2760 1488 2826 ferat,
1528 2763 1797 2815 monuerit
1822 2761 2007 2818 etiam.

416 2865 481 2907 ut
519 2855 588 2907 ob
609 2869 671 2908 ea
700 2870 819 2924 qua:
855 2860 1323 2924 perpetraverant,
1357 2852 1725 2920 pomiteutiam
1767 2856 2006 2919 agerent,

433 2953 485 2997 et
525 2943 593 2998 de
635 2954 831 2998 czetero
861 2949 1141 2997 cessarent
1176 2940 1240 2994 ad
1277 2940 1474 2995 caedem
1525 2955 1770 3010 quaerere
1821 2953 2010 2994 servos

431 3036 558 3102 Dei;
590 3037 725 3089 nihil
765 3036 909 3090 enim
942 3033 1161 3089 el‘licere
1203 3048 1297 3088 eos
1332 3047 1492 3102 posse
1523 3043 1712 3086 contra
1741 3032 1884 3095 illos,
1914 3031 2007 3100 qui

425 3127 601 3183 solum
635 3128 727 3180 Dei
775 3141 1001 3197 regnum
1048 3131 1327 3195 appetant,
1365 3134 1418 3178 et
1452 3122 1816 3177 immortalem
1863 3121 2008 3174 illam

428 3218 536 3270 vim
578 3225 632 3270 et
693 3217 990 3286 potentiam
1051 3216 1269 3268 colant:
1325 3229 1500 3272 neque
1551 3213 1696 3266 enim
1745 3225 1863 3273 eos,
1917 3209 2009 3279 qui

422 3309 642 3362 damnis
675 3309 774 3360 hos
805 3307 1025 3360 allicere
1060 3307 1246 3364 velint,
1277 3304 1552 3372 quidpiam
1582 3317 1744 3371 posse
1772 3301 2013 3370 reperire

424 3417 524 3455 seu
564 3401 769 3452 dictum
818 3414 913 3451 seu
967 3396 1192 3456 factum,
1239 3393 1382 3462 quod
1431 3393 1800 3446 Christianum
1853 3390 2012 3445 ladat

426 3493 513 3544 vel
563 3489 884 3551 contristet.
947 3486 1286 3548 Publicatio,
1340 3485 1536 3553 inquit,
1583 3484 1850 3538 bonorum
1899 3497 2009 3537 non

426 3583 585 3636 obest
613 3579 789 3647 ei,qui
811 3579 980 3631 solam
1001 3575 1154 3629 [idem
1175 3575 1434 3645 possidet.
1462 3577 1723 3630 Exsilium
1756 3590 1864 3629 non
1897 3584 2009 3631 ter-

435 3672 598 3733 rebit,
625 3671 717 3738 qui
739 3676 908 3721 totum
944 3675 1210 3719 terrarum
1243 3666 1428 3719 orbem
1474 3666 1658 3720 animo
1691 3680 1792 3719 suo
1820 3681 2010 3733 super-

429 3764 707 3835 greditur;
742 3769 796 3814 et
838 3760 928 3828 qui
962 3774 1175 3812 omnem
1207 3759 1478 3813 civitatem
1508 3765 1567 3810 ut
1593 3758 1846 3819 alienam,
1885 3772 2011 3825 pro—

430 3864 551 3925 pter
582 3861 795 3921 tempus
831 3852 1100 3906 incolatus
1125 3851 1296 3916 sui,et
1339 3866 1530 3906 rursus
1554 3865 1791 3913 omnem,
1823 3857 2013 3917 ntpro-

431 3949 607 4017 priam
633 3954 852 4015 propter
883 3944 1250 3999 conditionem
1272 3943 1514 4011 ejusdem
1541 3950 1750 3996 natura:
1768 3951 1817 3996 et
1837 3951 2012 3996 status

431 4040 750 4092 arbitratur.
775 4037 906 4090 Illud
935 4042 1114 4088 autem
1132 4035 1336 4104 plagas,
1359 4033 1594 4094 labores,
1615 4040 1849 4088 mortem
1876 4033 2012 4086 tole-

432 4147 576 4195 rare,
617 4127 839 4197 quando
877 4127 928 4181 id
984 4141 1084 4196 pro
1121 4125 1366 4180 veritatis
1412 4124 1729 4178 defensione
1756 4124 2010 4194 exigitur,

427 4241 496 4279 ne
526 4223 847 4277 mulieribus
869 4219 1087 4291 quidem
1109 4225 1372 4272 terrorem
1397 4218 1639 4271 incutere
1661 4217 1832 4271 solet:
1866 4217 2009 4286 quod

2112 1753 2172 1805 τὸ
2207 1752 2397 1806 δοκοῦν
2431 1752 2855 1823 ἀπαντήσεσθαι.
2904 1751 3016 1821 Τῆς
3073 1752 3126 1804 δὲ
3173 1753 3282 1806 τῶν
3329 1753 3504 1824 ἔργων
3553 1756 3700 1808 ἀπο-

2113 1847 2312 1916 τομίας
2345 1845 2628 1916 προοίμιον
2653 1847 2680 1898 ὁ
2705 1845 2858 1913 λόγος
2893 1846 3100 1913 ἐγίνετο
3120 1885 3134 1908 ,
3165 1829 3412 1908 ἀπειλαῖς
3433 1844 3567 1914 ὁμοῦ
3606 1865 3706 1916 με·

2115 1936 2375 2005 μιγμένος
2399 1935 2492 1989 καὶ
2524 1935 2867 2006 ὑποσχέσεσι·
2900 1935 3174 1988 πεισθέντι
3212 1936 3309 2006 μὲν
3338 1937 3403 1989 ἐκ
3433 1936 3706 2007 βασιλέως

2111 2028 2297 2099 τιμὴν,
2330 2029 2422 2081 καὶ
2449 2028 2622 2100 ἀρχὴν
2647 2027 2745 2097 τῆς
2785 2027 3109 2096 Ἐκκλησίας
3135 2027 3458 2097 προτείνων·
3485 2029 3706 2081 ἐνιστα-

2116 2122 2262 2191 μένῳ
2310 2121 2386 2182 δὲ,
2421 2121 2596 2173 πάντα
2640 2119 2740 2172 ὅσα
2776 2119 2973 2189 πικρία
2997 2117 3178 2188 ψυχῆς
3223 2119 3604 2190 προσλαϐοῦσα
3638 2121 3704 2172 τὸ

2115 2211 2374 2265 δύνασθαι
2404 2215 2524 2264 κατ’
2553 2213 2801 2277 ἐξουσίαν
2835 2209 3165 2279 βουλεύεται.
3193 2211 3273 2263 Τά
3318 2212 3414 2281 μὲν
3438 2207 3533 2265 οὖν
3565 2215 3704 2284 παρ’

2115 2305 2335 2356 ἐκείνων
2366 2303 2612 2356 τοιαῦτα.

2193 2484 2251 2536 '0
2285 2483 2339 2536 δέ
2367 2484 2631 2553 ἡμέτερος
2678 2483 2930 2537 τοσοῦτον
2969 2485 3206 2556 ἀπέσχεν
3240 2489 3320 2550 είς
3355 2487 3703 2558 κατάπληξίν

2113 2595 2230 2630 τινα
2256 2577 2346 2630 διά
2370 2576 2478 2628 τῶν
2521 2575 2812 2646 ὁρωμένων
2838 2617 2853 2642 ,
2885 2576 2918 2647 ἢ
2956 2576 3263 2648 λεγομένων
3315 2581 3518 2644 ἐλθεῖν,
3555 2580 3704 2660 ὥστε

2112 2669 2362 2739 καθάπερ
2389 2687 2472 2732 τις
2511 2669 2713 2739 ἰατρὸς,
2743 2668 2775 2740 ἢ
2808 2669 3108 2741 σύμϐουλος
3143 2671 3344 2742 ἀγαθὸς
3367 2676 3446 2737 εἰς
3476 2673 3707 2744 διόρθω-

2116 2777 2200 2812 σιν
2257 2758 2745 2829 πλημμελημάτων
2803 2762 3212 2832 παρακληθεὶς,
3261 2765 3352 2818 καὶ
3401 2765 3541 2836 ὑπὲρ
3587 2764 3705 2817 τῶν

2115 2851 2635 2922 προτετολμημένων
2667 2853 2848 2915 αὐτοῖς
2876 2855 3302 2924 μεταγινώσκειν
3335 2857 3702 2921 ἐνεκελεύετο,

2114 2941 2208 2992 καὶ
2233 2939 2326 2992 τοῦ
2362 2938 2548 2992 λοιποῦ
2583 2939 2892 2994 παύσασθαι
2918 2946 3058 2995 κατὰ
3089 2945 3199 2997 τῶν
3230 2945 3430 2999 δούλων
3463 2945 3556 2998 τοῦ
3586 2949 3707 2999 Κυ-

2121 3032 2232 3102 ρίου
2273 3032 2548 3100 φονῶντας
2568 3049 2582 3064 ·
2608 3029 2743 3086 εἶναι
2771 3034 2879 3104 γάρ
2909 3035 3092 3098 αὐτοῖς
3118 3037 3217 3106 τῆς
3248 3037 3504 3100 ἐπινοίας
3538 3038 3706 3091 πλέον

2115 3124 2267 3177 οὐδὲν
2307 3124 2397 3177 ἐπὶ
2424 3125 2530 3177 τῶν
2561 3125 2726 3196 μόνην
2758 3126 2855 3193 τὴν
2887 3127 2978 3179 τοῦ
3014 3128 3147 3180 Θεοῦ
3188 3128 3483 3198 βασιλείαν,
3519 3131 3613 3182 καὶ
3639 3130 3707 3182 τὸ

2116 3215 2382 3270 ἀθάνατον
2413 3217 2612 3287 κράτος
2654 3218 3074 3289 θεραπευόντων.
3120 3222 3270 3291 Μηδὲ
3301 3222 3408 3292 γὰρ
3439 3223 3702 3277 δύνασθαι

2115 3308 2241 3369 τοὺς
2299 3311 2612 3360 κακοποιεῖν
2665 3308 3016 3381 βουλομένους
3068 3313 3248 3382 εὑρεῖν
3295 3330 3346 3365 τι
3377 3313 3631 3371 τοιοῦτον.
3673 3316 3704 3368 ὃ

2115 3398 2343 3468 λυπήσει
2372 3399 2460 3452 τὸν
2495 3400 2819 3470 Χριστιανὸν
2843 3443 2856 3466 ,
2889 3401 2920 3470 ἢ
2958 3401 3150 3473 ῥηθὲν,
3184 3403 3216 3473 ἢ
3273 3407 3703 3475 γινόμενον.Δῆ-

2119 3505 2308 3559 μευσις
2337 3490 2432 3559 οὐχ
2466 3488 2686 3558 ἅψεται,
2717 3491 2872 3560 φησὶ,
2901 3491 2993 3544 τοῦ
3028 3495 3193 3564 μόνην
3237 3496 3571 3563 κεκτημένου
3599 3497 3703 3565 τὴν

2117 3581 2296 3633 πίστιν
2318 3599 2330 3612 ο
2369 3582 2736 3652 ὑπερορισμὸς
2769 3584 2829 3635 οὐ
2881 3583 3104 3654 φοϐήσει
3137 3585 3226 3636 τὸν
3257 3585 3437 3655 πάσης
3464 3587 3562 3648 τῆς
3592 3587 3702 3656 γῆς

2119 3671 2256 3743 μετά
2304 3671 2402 3741 τῆς
2454 3674 2620 3742 αὐτῆς
2651 3673 2874 3745 γνώμης
2920 3675 3312 3728 ἐπιϐατεύοντα
3335 3690 3348 3702 ·
3387 3677 3480 3728 καὶ
3516 3679 3701 3732 πᾶσαν

2119 3763 2219 3833 μὲν
2242 3762 2318 3825 ὼς
2343 3762 2629 3834 ἀλλοτρίαν
2658 3764 2746 3817 διὰ
2769 3765 2828 3817 τὸ
2863 3764 3193 3836 πρόσκαιρον
3221 3765 3321 3834 τῆς
3348 3768 3700 3837 ἐνοικήσεως,

2116 3856 2297 3907 πᾶσαν
2331 3854 2388 3906 δὲ
2429 3854 2583 3908 πόλιν
2642 3856 2717 3918 ὡς
2767 3856 3004 3920 οἰκείαν,
3039 3856 3125 3910 διὰ
3171 3855 3232 3908 τὸ
3277 3857 3564 3926 ὁμόδουλον
3599 3859 3706 3930 τῆς

2116 3946 2366 4012 κτίσεως,
2392 3947 2672 4017 βλέποντα.
2699 3947 2770 3999 Τὸ
2793 3948 2863 4007 δὲ.
2892 3947 3124 4018 πληγὰς,
3154 3951 3186 4019 ἦ
3221 3950 3432 4013 πόνους,
3463 3951 3495 4018 ἢ
3537 3949 3704 4004 θάνα-

2115 4055 2206 4093 τον
2245 4039 2564 4108 ὑποστῆναι,
2599 4040 2725 4092 ὅταν
2778 4039 2917 4110 ὑπὲρ
2949 4040 3052 4110 τῆς
3101 4040 3356 4111 ἀληθείας
3399 4042 3527 4112 ἐξῇ,
3561 4044 3702 4114 μηδὲ

2115 4128 2328 4198 γυναιξὶ
2355 4130 2511 4182 τοῦτο
2550 4131 2712 4198 φόϐον
2743 4131 3018 4202 παρέχειν.
3068 4131 3204 4184 Ἀλλ’
3231 4127 3369 4185 εἶναι
3404 4135 3536 4185 πᾶσι
3564 4134 3704 4203 Χρι-

2117 4224 2351 4282 στιανοῖς
2400 4221 2489 4272 τὸν
2537 4223 2794 4275 ἀνωτάτω
2847 4223 2943 4292 τῆς
2977 4223 3271 4293 εὐκληρίας
3298 4224 3443 4295 ὅρον,
3470 4224 3532 4276 τὸ
3555 4225 3702 4296 ὑπὲρ

428 4331 619 4368 omnes
660 4313 960 4367 Christiani
1017 4325 1243 4366 summa:
1293 4307 1570 4364 felicitatis
1618 4310 1735 4365 loco
1782 4311 2006 4374 ducant,

2115 4313 2212 4380 τῆς
2232 4311 2445 4373 ἐλπίδος
2474 4329 2525 4363 τι
2551 4311 2754 4381 ταύτης
2773 4311 2879 4363 τῶν
2919 4313 3232 4384 ἀνηκέστων
3263 4315 3454 4390 παθεῖν
3473 4333 3484 4344 '
3510 4313 3703 4368 λυπεῖ-

431 4407 794 4460 intolerabilia
827 4406 992 4460 etiam
1023 4403 1211 4458 subire
1241 4410 1533 4465 tormenta,
1562 4417 1665 4472 pro
1713 4418 1810 4474 Spe
1857 4403 2009 4458 illius

429 4502 572 4554 vine.
637 4499 871 4552 Tantum
916 4512 1011 4552 eos
1056 4497 1243 4551 dolere
1293 4496 1545 4561 dicebat,
1611 4496 1755 4565 quod
1819 4504 2012 4549 natura

433 4605 593 4641 unam
632 4599 840 4642 tantum
893 4596 1119 4641 mortem
1161 4587 1394 4656 singulis
1435 4587 1794 4650 decrevisset,
1836 4602 2014 4656 neque

434 4679 633 4746 saepius
664 4678 944 4732 moriendo
974 4677 1162 4730 liceret
1194 4692 1290 4744 pro
1324 4677 1553 4730 veritate
1574 4677 1856 4732 dimicare.

503 4769 638 4821 Cum
671 4784 830 4836 porro
850 4768 1083 4823 Basilius
1103 4769 1248 4821 hunc
1273 4767 1326 4819 in
1352 4767 1824 4822 modumauimutn
1854 4785 2012 4824 suum

434 4867 623 4912 contra
674 4860 850 4913 minas
881 4859 1207 4921 intenderet,
1255 4869 1312 4913 et
1340 4873 1554 4914 omnem
1593 4859 1792 4914 fastum
1833 4871 2016 4932 poten-

434 4953 523 5005 tia:
553 4959 608 5005 et
643 4951 852 5019 imperii
887 4951 1040 5003 nihili
1078 4950 1375 5020 penderet:
1409 4965 1536 5004 mox
1572 4959 1630 5004 ut
1671 4953 1726 5005 in
1752 4955 2012 5013 scena,in

437 5043 741 5113 repentinis
780 5054 1140 5110 personarum
1181 5042 1598 5105 mutationibus,
1631 5044 1734 5096 alia
1781 5060 1880 5114 pro
1908 5046 2012 5099 alia

436 5137 791 5208 producitur:
824 5133 1014 5188 eodem
1056 5133 1214 5187 modo
1243 5143 1296 5188 et
1337 5135 1424 5188 hic
1466 5136 1734 5204 asperitas
1769 5137 2010 5192 inimico-

435 5245 554 5282 rum
599 5230 652 5282 in
708 5226 1006 5281 blanditias
1055 5237 1322 5280 conversa
1356 5237 1470 5281 est:
1526 5235 1845 5298 mutataque
1890 5245 2016 5284 ora-

437 5323 584 5376 tione
631 5323 698 5384 is,
751 5321 842 5392 qui
887 5334 952 5373 eo
1004 5333 1178 5388 usque
1215 5319 1489 5375 terrificus
1539 5329 1596 5375 et
1648 5322 2014 5380 minabundus

439 5411 635 5476 fuerat,
697 5411 762 5464 ad
806 5410 1034 5465 blandos
1094 5416 1148 5464 et
1203 5410 1511 5464 moderatos
1560 5426 1844 5468 sermones
1894 5429 2016 5468 sese

441 5503 720 5553 transfert.
753 5499 831 5554 Ne
865 5509 944 5566 tu,
983 5499 1181 5569 inquit,
1214 5485 1366 5552 nihili
1403 5499 1572 5555 facias
1603 5501 1748 5570 quod
1782 5516 2015 5572 magnus

444 5589 736 5658 imperator
765 5599 857 5646 tuo
897 5592 1096 5662 populo
1131 5592 1296 5648 inseri
1323 5591 1503 5660 cupit:
1535 5591 1668 5662 quin
1699 5591 1881 5662 potius
1915 5607 2014 5663 pa-

2117 4402 2242 4454 σθαι
2280 4402 2437 4472 μόνον
2497 4403 2701 4470 ἔλεγεν,
2731 4404 2811 4456 ὅτι
2859 4398 2938 4466 εἷς
2969 4406 3115 4456 ἐστιν
3157 4407 3214 4457 ἐν
3241 4409 3305 4476 τῇ
3349 4405 3505 4474 φύσει
3547 4408 3576 4458 6
3604 4404 3698 4458 θάο

2115 4510 2307 4556 νατος,
2365 4496 2457 4547 καὶ
2514 4494 2770 4564 οὐδεμίαν
2825 4495 3074 4565 μηχανὴν
3127 4495 3428 4567 ἐξευρίσκει
3483 4496 3702 4561 πολλοῖς

2115 4587 2404 4657 δυνηθῆναι
2430 4587 2679 4651 θανάτοις
2705 4587 2801 4657 τῆς
2829 4586 3083 4657 ἀληθείας
3123 4588 3622 4659 προαγωνίσασθαι.

2187 4766 2343 4820 Οὕτω
2379 4767 2436 4820 δὲ
2475 4766 2639 4820 αὑτοῦ
2691 4767 2825 4840 πρὸς
2858 4767 2956 4831 τὰς
3001 4767 3226 4832 ἀπειλὰς
3265 4769 3478 4832 ἐκείνας
3508 4769 3704 4822 ἐαυτδν

2116 4859 2446 4928 ἐπαίροντος,
2467 4860 2561 4911 καὶ
2587 4861 2763 4913 πάντα
2791 4860 2880 4912 τὸν
2909 4861 3070 4926 ὄγκον
3093 4864 3191 4932 τῆς
3219 4862 3534 4924 δυναστείας
3553 4864 3703 4916 ὲκεί-

2115 4969 2212 5020 νης
2242 4953 2356 5003 ἀντ’
2390 4951 2600 5014 οὐδενὸς
2640 4950 3077 5021 παραϐλέποντος
3103 4969 3114 4981 ·
3138 4953 3324 5024 ὥσπερ
3359 4953 3451 5005 ἐπὶ
3494 4955 3705 5023 σκηνίς

2116 5041 2327 5110 ἀθρόως
2366 5043 2424 5093 ἐν
2468 5045 2587 5104 ταῖς
2643 5041 2752 5094 τῶν
2807 5043 3113 5114 προσώπων
3161 5047 3532 5115 ὑπαλλαγαῖς,
3583 5049 3703 5101 ἀνθ’

2117 5133 2317 5202 ἐτέρων
2345 5133 2506 5202 ἕτερα
2534 5133 2839 5188 δείκνυται·
2873 5134 2964 5187 τὸν
2982 5137 3143 5189 αὑτὸν
3168 5138 3388 5210 τρόπον,
3425 5139 3520 5191 καὶ
3549 5141 3581 5209 ἡ
3606 5157 3706 5192 πι-

2118 5223 2247 5295 κρία
2277 5224 2380 5277 τῶν
2418 5223 2655 5276 ἀπειλῶν
2683 5226 2760 5288 είς
2801 5226 3087 5281 κολακείαν
3119 5231 3574 5298 μετεσκευάζετο·
3606 5233 3706 5286 κτλ

2121 5317 2467 5386 μεταϐάλλων
2514 5318 2542 5368 6
2593 5317 2728 5379 τέως
2765 5316 2967 5388 βαρὺς,
3001 5321 3095 5372 καὶ
3145 5321 3586 5392 καταπληκτικὸς
3623 5322 3707 5391 τῷ

2118 5408 2443 5478 φρονήματι,
2471 5408 2594 5470 τοὺς
2619 5409 2882 5471 ἐπιεικεῖς
2918 5427 2978 5462 τε
3009 5411 3102 5464 καὶ
3124 5412 3448 5483 ὑφειμένους
3473 5413 3585 5466 τῶν
3606 5412 3672 5468 λό
3690 5443 3701 5452 -

2118 5501 2367 5566 γῶν-Σὺ
2424 5501 2500 5564 δὲ,
2553 5503 2710 5572 φησὶ,
2762 5502 2836 5572 μὴ
2886 5504 3079 5574 μικρὸν
3125 5507 3277 5560 ποιοῦ
3334 5506 3556 5576 βασιλέι
3608 5507 3703 5563 τὸν

2123 5592 2294 5662 μέγαν
2325 5592 2402 5662 τῷ
2439 5593 2515 5663 σῷ
2537 5596 2936 5666 καταμιχθῆναι
2978 5597 3114 5668 λαῷ.
3136 5599 3294 5652 Ἀλλά
3323 5598 3474 5662 δέξαι
3504 5600 3701 5652 κάκεί-
