4066 6146
389 187 494 241 295

1539 189 1819 244 CONTRA
1848 187 1980 244 EUN

2090 189 2232 256 IUM,
2265 192 2388 246 LIB.
2423 193 2455 245 Ι.
3545 191 3647 246 295

391 328 485 365 νου
540 308 803 380 κληθῆναι
838 308 1174 371 διδάσκαλος,
1210 308 1343 379 μηδὲ
1392 309 1616 378 ἀντιθῇς
1659 309 1737 380 τῷ
1779 307 1972 376 βουλή-

2084 308 2215 364 tiare
2257 311 2429 381 ipsius
2472 324 2688 379 quoque
2723 310 2978 380 magister
3019 312 3308 376 nominari,
3343 329 3518 383 neque
3559 329 3650 368 re-
3716 382 3721 386 Ι

396 418 560 472 ματι·
611 400 856 471 βούλεται
907 399 962 451 δὲ
1010 399 1206 469 μικροῦ
1250 416 1393 462 τινος
1439 400 1547 452 τῶν
1589 401 1645 452 ἐν
1684 403 1746 470 τῇ
1793 401 1970 452 πίστει

393 493 794 563 γεγραμμένων
865 490 1249 560 ὐφαιρεθέντος
1308 491 1411 560 τῆς
1482 490 1577 544 τοῦ
1648 491 1973 561 ὁμοουσίαυ

396 585 592 650 λέξεως
612 624 626 646 ,
662 582 820 636 τοῦτο
851 582 1124 650 γενέσθαι.
1168 584 1328 636 Ἀλλὰ
1351 584 1410 636 τὸ
1434 585 1531 653 μὲν
1564 587 1848 654 μετασχεῖν
1875 584 1973 654 τῆς

409 676 730 745 Ἐκκλησίας
763 675 852 728 τὸν
889 675 1132 745 βασιλέα,
1152 675 1258 728 τῶν
1278 677 1548 746 μεγίστων
1581 673 1719 729 εἶναι
1761 676 1921 729 πάλιν
1947 678 1975 727 ό

395 766 714 828 διδάσκαλος
743 765 1120 834 ἀποκρίνεται.
1157 765 1318 834 Μέγα
1345 767 1473 837 γὰρ,
1515 767 1666 836 φησὶ,
1703 766 1762 818 τὸ
1797 765 1973 836 ψυχὴν

395 857 805 929 περισῶσασθαι
833 874 846 887 ·
883 858 981 926 οὐχ
1029 858 1110 910 ὅτι
1141 857 1429 927 βασιλέως,
1458 858 1570 912 ἀλλ’
1593 859 1676 910 ὅτι
1709 857 1844 921 ὅλως
1890 860 1976 910 ἀν-

394 949 633 1020 θρώπου.
667 949 776 1018 Τῆς
803 948 858 1000 δὲ
894 950 1126 1010 πίστεως
1159 949 1409 1002 τοσοῦτον
1457 950 1714 1019 ἀποσχεῖν
1751 951 1975 1021 ὑφαίρε-

397 1059 507 1103 σιν,
533 1040 566 1110 ἦ
605 1041 921 1110 προσθήκην
944 1040 1294 1109 ποιήσασθαι,
1333 1040 1407 1104 ὡς
1440 1041 1575 1112 μηδὲ
1605 1041 1701 1112 τὴν
1729 1041 1880 1106 τάξιν
1908 1041 1974 1094 ἂν

395 1129 692 1193 ὑπαλλάξαι
733 1129 839 1181 τῶν
888 1131 1302 1200 γεγραμμένων.
1335 1133 1518 1184 Ταῦτα
1549 1135 1577 1185 ὁ
1605 1133 1774 1196 δειλός
1797 1151 1854 1186 τε
1883 1134 1973 1186 καὶ

394 1220 674 1290 ἄνανδρος,
708 1220 801 1271 καὶ
837 1220 970 1289 πρὸς
994 1219 1084 1271 τον
1113 1221 1281 1290 ψόφον
1305 1221 1404 1291 τῆς
1430 1222 1598 1293 θύρας
1618 1225 1971 1294 ἐπτοημένος,

396 1310 533 1381 πρὸς
571 1309 660 1362 τὸν
703 1308 954 1362 τοσοῦτον
987 1308 1256 1379 ἀξιώματι
1300 1312 1396 1364 καὶ
1429 1309 1550 1365 εἷπε
1576 1313 1652 1383 τῷ
1681 1313 1844 1383 λόγῳ,
1882 1313 1974 1366 καὶ

395 1401 484 1454 διὰ
519 1401 626 1452 τῶν
661 1401 838 1470 ἔργων
881 1399 940 1453 τὸ
992 1401 1153 1472 ῥηθὲν
1197 1402 1535 1456 ἐπιστώσατο
1565 1419 1578 1432 ο
1613 1403 1672 1467 ὃς
1723 1406 1820 1476 τὴν
1867 1405 1975 1457 τῶν

407 1493 741 1562 Ἑκκλησιῶν
773 1492 894 1545 τότε
949 1495 1361 1564 καταστροφὴν,
1403 1492 1514 1550 οἷόν
1569 1515 1691 1550 τινα
1742 1498 1974 1570 χειμάρ-

397 1587 523 1654 ρουν
554 1583 638 1636 διὰ
673 1583 782 1634 τῶν
807 1583 1130 1637 δυναστειῶν
1164 1586 1411 1653 ῥέουσαν,
1446 1587 1669 1658 ἔστησεν
1693 1592 1750 1641 ὲν
1777 1589 1972 1660 ἐαυτῷ,

395 1677 490 1729 καὶ
535 1675 872 1746 ἀπέστρεψεο
911 1677 1338 1747 μόνοςιάρκέσας
1369 1682 1433 1750 τῇ
1464 1679 1556 1732 τοῦ
1595 1682 1766 1736 κακοῦ
1808 1701 1974 1754 προσ-

394 1767 523 1838 ϐολῇ
549 1785 563 1800 ο
595 1768 847 1838 καθάπερ
889 1786 972 1832 τις
1015 1769 1072 1821 ἐν
1125 1769 1366 1841 θαλάσσῃ
1402 1771 1576 1844 πέτρα
1608 1774 1829 1845 μεγάλη¹
1883 1775 1976 1827 καὶ

393 1861 663 1923 ἄσειστος,
689 1861 808 1913 ἀντὶ
839 1861 1080 1930 κύματος
1113 1861 1307 1914 πολλοῦ
1366 1864 1458 1916 καὶ
1481 1865 1717 1933 μεγάλου
1748 1865 1846 1937 τὴν
1873 1866 1977 1918 τῶν

392 1953 580 2006 δεινῶν
616 1951 920 2024 προσϐολὴν
960 1954 1018 2004 ὲν
1052 1952 1227 2024 ἐαυτῷ
1258 1954 1619 2026 περιθρύψαςς

466 2135 574 2186 Καὶ
607 2135 665 2186 οὐ
720 2134 876 2204 μέχρι
916 2133 1123 2185 τούτων
1159 2133 1288 2202 ἔστη
1324 2134 1393 2186 τά
1423 2135 1520 2205 τῆς
1546 2137 1780 2204 ἀγωνίας
1808 2137 1972 2208 αὐτῷ.

405 2224 546 2277 Ἀλλ’
580 2223 856 2293 ἐκδέχεται
909 2223 1070 2275 πάλιν
1102 2224 1127 2274 ὁ
1156 2223 1404 2294 βασιλεὺς
1438 2226 1536 2295 τὴν
1565 2229 1759 2296 πεῖραν
1795 2229 1973 2292 αὐτὸς,

393 2315 719 2384 ἀγανακτῶν
771 2316 851 2368 ὅτι
890 2315 962 2386 μὴ
998 2315 1137 2367 κατὰ
1178 2316 1276 2386 τὴν
1311 2317 1534 2388 πρώτην
1579 2319 1881 2390 προσϐολὴν
1913 2322 1976 2374 τὰ

393 2405 515 2458 καθ’
562 2405 754 2474 ἡδονὴν
790 2405 1208 2476 κατειργάσατο.
1244 2407 1457 2477 Ὥσπερ
1510 2409 1692 2462 τοίνυν
1744 2409 1830 2462 διὰ
1883 2415 1976 2464 τοῦ

395 2497 662 2568 μαγείρου
695 2494 1086 2566 Ναϐουζάρδαν
1121 2497 1212 2548 ἐπὶ
1258 2497 1365 2550 τῶν
1405 2497 1791 2568 Ἱεροσολύμων
1851 2503 1978 2554 ποτὲ

393 2593 420 2642 ὁ
453 2586 734 2655 Ἀσσύριος
757 2585 854 2656 τὴν
877 2586 970 2637 τοῦ
998 2585 1126 2638 ναοῦ
1157 2585 1474 2656 καθαίρεσιν
1493 2587 1599 2638 τῶν
1630 2589 1978 2660 Ἰσραηλιτῶν

391 2663 796 2746 κατειργάσατο
834 2691 848 2704 ⁶
883 2673 1026 2728 οὕτω
1071 2676 1164 2728 καὶ
1199 2672 1351 2738 οὗτος
1375 2677 1704 2746 Δημοσθένει
1736 2682 1860 2744 τινί,
1903 2681 1978 2751 τῷ

392 2768 614 2822 ἐπὶτῶν
637 2767 783 2836 ὄψων
816 2765 1132 2834 τεταγμένῳ
1167 2766 1259 2817 καὶ
1295 2765 1402 2818 τῶν
1437 2767 1713 2837 μαγείρων
1737 2771 1977 2840 ἄρχοντι,

392 2860 466 2922 ὡς
519 2857 842 2928 ίταμωτέρῳ
873 2855 980 2909 τῶν
1023 2855 1194 2909 ἀλλων
1237 2856 1334 2925 τὴν
1377 2858 1629 2929 τοιαύτην
1679 2861 1978 2932 ὑπηρεσίαν

2077 415 2253 470 pugna
2286 401 2665 470 pertinaciter:
2701 400 2812 453 vult
2849 416 2976 454 vero
3018 401 3122 454 hoe
3148 401 3260 455 ﬁeri
3301 403 3516 458 sublato
3541 407 3649 458 exi-

2075 504 2180 557 guo
2207 490 2462 558 quodam,
2505 491 2647 559 quod
2686 490 2740 543 in
2780 490 2898 545 ﬁdei
2951 491 3207 561 Symbolo
3253 495 3513 562 scriptum
3546 505 3648 559 est,

2076 596 2270 649 nempe
2301 580 2595 635 homoousii
2631 598 2725 636 seu
2759 583 3225 637 consubstantialis
3265 587 3546 638 vocabulo.
3583 589 3651 638 At

2079 671 2461 738 imperatorem
2493 672 2544 724 in
2578 671 2877 725 Ecelesiam
2924 673 3113 742 recipi,
3149 675 3514 743 I'eSpnltdt‘hnl
3537 691 3652 726 ma-

2075 761 2244 828 gister
2273 771 2478 825 noster,
2511 777 2621 816 rem
2651 777 2775 815 esse
2815 762 3057 814 omnium
3093 763 3493 830 gravissimam.
3540 761 3651 815 Ma-

2074 869 2238 920 gnum
2266 853 2432 916 enim,
2471 854 2664 922 inquit,
2703 853 2960 924 quiddam
3001 862 3084 907 est
3124 856 3360 908 animam
3415 858 3648 915 salvare,

2076 960 2184 997 non
2221 946 2347 1013 quia
2376 945 2722 1013 imperatoris
2749 953 2851 1008 est,
2886 944 2980 999 sed
3009 947 3133 1014 quia
3153 947 3408 1000 hominis.
3438 947 3650 1000 Atvero

2076 1045 2284 1089 tantum
2333 1037 2525 1090 abesse
2574 1038 2772 1098 aiebat,
2819 1045 2874 1090 ut
2925 1037 3128 1107 aliquid
3164 1039 3244 1091 vel
3294 1039 3537 1093 demeret
3567 1040 3649 1094 vel

2076 1128 2296 1182 adderet
2332 1128 2475 1190 fidei,
2511 1139 2568 1181 ut
2615 1145 2680 1182 ne
2708 1129 2951 1182 ordinem
2993 1130 3208 1198 quidem
3250 1129 3496 1185 formulae
3529 1133 3650 1186 fidei

2076 1225 2288 1270 mutare
2322 1218 2608 1284 cogitaret.
2661 1215 2786 1270 “me
2822 1218 3046 1272 timidus
3098 1221 3188 1272 ille
3219 1229 3272 1274 et
3304 1221 3560 1281 imbellis,
3598 1229 3652 1275 et

2076 1309 2141 1362 ad
2173 1308 2301 1362 ostii
2334 1308 2620 1377 strepitum
2653 1324 3042 1379 expavescens,
3073 1311 3138 1362 ad
3172 1311 3343 1372 illum,
3376 1313 3465 1381 qui
3503 1321 3651 1366 tanta

2076 1399 2342 1469 dignitate
2380 1401 2698 1453 eminebat:
2747 1407 2798 1453 et
2837 1401 2980 1468 quod
3032 1401 3213 1454 verbis
3265 1403 3423 1462 dixit,
3473 1403 3652 1471 reipsa

2079 1501 2266 1560 postea
2301 1491 2552 1560 praestitit
2594 1499 2647 1544 et
2678 1490 2939 1544 firmavit:
2972 1492 3062 1561 qui
3099 1493 3438 1546 eversionem
3469 1492 3654 1546 Eccle-

2081 1583 2308 1646 siarum,
2352 1583 2497 1637 velut
2529 1591 2823 1636 torrentem
2857 1584 3167 1651 quemdam,
3210 1602 3405 1656 magno
3447 1585 3651 1654 impetu

2084 1687 2178 1740 per
2232 1673 2542 1739 provincias
2587 1682 2950 1741 grassantem,
2998 1674 3214 1741 ohjeetu
3270 1676 3352 1728 sui
3406 1677 3654 1744 corporis

2082 1762 2327 1816 cohibuit
2380 1773 2432 1815 et
2486 1762 2703 1822 avertit.
2761 1764 2913 1817 solus
2964 1763 3292 1818 calamitatis
3353 1765 3654 1818 incursioni

2083 1854 2491 1922 compescenda:
2551 1853 2826 1908 sufficiens
2879 1862 2933 1908 et
2992 1865 3174 1924 aptus,
3221 1856 3397 1918 instar
3451 1873 3656 1926 magna:

2082 1945 2368 2012 cujusdam
2416 1953 2467 2000 et
2500 1946 2794 2000 immobilis
2825 1953 2992 2015 petrae
3032 1948 3277 2012 marium,
3312 1966 3431 2018 quae
3470 1960 3658 2005 vastos

2084 2037 2251 2090 maris
2282 2021 2481 2090 fluctus
2509 2038 2648 2091 mole
2680 2053 2776 2091 sua
2812 2037 3007 2107 frangit
3037 2047 3088 2092 et
3111 2039 3281 2092 elidit.

2151 2127 2339 2196 Neque
2379 2128 2467 2180 hic
2514 2128 2830 2183 certaminis
2874 2129 2995 2182 finis
3031 2129 3151 2182 fuit.
3197 2129 3313 2199 Ipse
3365 2139 3658 2200 Imperator

2082 2216 2358 2271 fortunam
2391 2221 2691 2288 experitur,
2721 2221 2798 2272 ira
2823 2219 3212 2286 inﬂamnmtus,
3246 2224 3386 2290 quod
3421 2224 3657 2292 pimum

2082 2317 2336 2362 conatum
2363 2325 2426 2362 ex
2445 2318 2573 2361 voto
2605 2325 2712 2363 non
2761 2313 3098 2365 successisse
3119 2313 3346 2366 videret.
3385 2311 3447 2364 Et
3471 2330 3660 2382 quem-

2082 2400 2372 2454 admodum
2463 2401 2594 2454 olim
2679 2417 2773 2454 rex
2833 2402 3215 2471 'Assy‘riorum
3299 2420 3463 2474 opera
3537 2407 3657 2459 coci

2081 2491 2366 2561 cujusdam
2402 2491 2784 2557 Nabuzardan,
2819 2494 3082 2562 templum
3105 2493 3657 2567 Hierosolymitanunr

2081 2587 2274 2640 evertit
2305 2587 2383 2638 ὀε
2418 2586 2491 2639 ita
2531 2595 2586 2639 et
2625 2587 2728 2641 iste
2780 2585 3125 2641 Demostheni
3163 2588 3381 2641 cuidam
3437 2605 3660 2659 prorno-

2081 2677 2282 2739 condo,
2338 2685 2391 2730 et
2435 2678 2582 2732 cocis
2635 2678 2908 2746 praefecto,
2949 2679 3184 2750 aliisque
3241 2681 3658 2750 impudentiori,

2081 2766 2181 2820 hac
2222 2768 2503 2836 provincia
2539 2767 2886 2832 demandata,
2937 2769 3193 2837 sperabat
3237 2785 3295 2824 se
3329 2779 3659 2825 consecutu-

2082 2874 2202 2911 rum
2234 2859 2540 2912 vietoriam.
2573 2856 2768 2910 Omnia
2795 2859 2958 2928 igitur
2987 2860 3080 2912 illo
3111 2859 3396 2923 miscente,
3423 2861 3661 2930 etimpio

393 2949 730 3021 προστάξας,
768 2949 1062 3020 κρατήσειν
1110 2947 1246 3017 (pero
1293 2949 1388 3002 τοῦ
1422 2951 1621 3014 παντὸς
1650 2953 1969 3026 ἐγχειρήμα-

2084 2949 2316 3017 quodam
2347 2965 2414 3002 ex
2449 2948 2680 3017 Illyrico,
2713 2949 2806 3018 qui
2836 2950 3062 3006 tabellas
3092 2967 3256 3006 manu
3291 2951 3518 3016 ferebat,
3543 2968 3664 3007 om—

393 3060 506 3108 τος.
565 3043 752 3096 Πάντα
797 3040 977 3094 τοίνυν
1027 3040 1233 3092 ἐκείνου
1266 3040 1652 3109 διακυκῶντος,
1691 3045 1783 3097 καί
1837 3063 1980 3108 τινος

394 3138 504 3190 τῶν
533 3138 598 3189 ὲκ
631 3134 725 3188 τοῦ
773 3133 1064 3204 Ἰλλυρικοῦ
1100 3133 1379 3203 θεομάχων
1411 3136 1636 3190 πυκτίον
1680 3136 1894 3208 ἔχοντος
1924 3141 1980 3192 ἐν

397 3230 572 3300 χερσὶ,
603 3228 697 3279 καὶ
733 3226 860 3288 τοὺς
885 3227 943 3277 ὲν
976 3224 1118 3277 σέλει
1168 3225 1375 3289 πάντας
1410 3227 1547 3296 πρὸς
1597 3228 1756 3282 τοῦτο
1804 3230 1981 3302 ἁθροε-

399 3322 600 3384 ζοντος,
620 3317 714 3370 καὶ
745 3315 1123 3387 χαλεπώτερον
1153 3317 1250 3387 τῆς
1277 3317 1655 3390 προλαὸούσης
1684 3321 1860 3390 ὁρμῆς
1886 3320 1978 3373 τοῦ

400 3409 671 3462 Μοδέστου
721 3407 883 3460 πάλιν
929 3405 1028 3475 τὴν
1079 3405 1248 3475 ὀργὴν
1304 3406 1702 3474 άναφλέξαντος
1731 3424 1744 3438 ο
1780 3409 1980 3470 πάντες

407 3502 506 3572 μὲν
543 3499 916 3553 συνεκινοῦντο
941 3498 1076 3568 πρὸς
1109 3497 1208 3568 τὴν
1230 3497 1321 3549 τοῦ
1347 3497 1606 3566 βασιλέως
1636 3499 1823 3570 ὀργὴν,
1858 3517 1982 3552 συν-

403 3591 832 3662 αγανακτοῦντες
848 3589 997 3658 αὑτῷ
1020 3588 1415 3658 χαλεπαίνοντι,
1437 3593 1527 3645 καὶ
1548 3591 1694 3663 αὐτῷ
1709 3594 1807 3661 τῆς
1829 3591 1980 3657 ἐξονε-

406 3685 527 3747 σίας
545 3682 700 3753 θυμῴ
719 3680 1084 3752 χαριζόμενοι·
1106 3681 1308 3743 πάντες
1329 3681 1478 3752 δὲτῷ
1509 3681 1664 3753 θυμῷ
1679 3683 1785 3736 τῶν
1811 3701 1981 3755 προσ-

402 3776 723 3846 δοκωμένων
749 3773 1205 3846 προκατέὸληντο.
1224 3774 1392 3829 Πάλιν
1416 3775 1522 3847 γάρ
1541 3778 1743 3840 ἐκεῖνος
1758 3779 1784 3829 ὁ
1812 3775 1983 3850 ὓπαρ-

402 3883 524 3939 χοςο
560 3867 721 3922 πάλιν
753 3866 932 3936 φόϐων
958 3866 1374 3931 ἐπαναστάσεις,
1403 3867 1512 3920 τῶν
1542 3869 1822 3940 προτέρων
1856 3888 1984 3940 σφο.

403 3960 676 4032 δρὸτεραι,
725 3960 819 4012 καὶ
862 3958 969 4012 τῶν
999 3957 1239 4012 ἀπειλῶν
1278 3959 1608 4034 προσθῆκαι,
1624 3960 1715 4012 καὶ
1748 3963 1775 4014 ὀ
1813 3960 1983 4032 θυμὸς

403 4053 785 4122 ἀκμαιότερος,
814 4052 909 4103 καὶ
941 4053 975 4124 ἡ
1022 4051 1149 4121 περὶ
1203 4050 1264 4103 τὸ
1311 4051 1659 4122 δικαστήριον
1687 4055 1981 4124 τραγῳδία,

407 4145 666 4215 κήρυκες,
709 4144 1028 4210 εἰσαγωγεῖς
1053 4186 1067 4207 ,
1107 4142 1422 4214 ῥαϐδοῦχοι,
1457 4144 1728 4210 κιγκλίδες
1755 4185 1767 4207 ,
1804 4163 1983 4215 παρα-

408 4236 748 4306 πετάσματα,
775 4235 840 4288 δι’
871 4229 945 4289 ὧν
983 4235 1217 4299 εὐκόλως
1268 4236 1360 4288 καὶ
1387 4237 1453 4288 τά
1483 4236 1590 4288 τῶν
1614 4239 1817 4309 σφόδρα
1847 4255 1984 4308 παρ-

2082 3055 2179 3094 ues
2220 3055 2477 3108 proceres
2519 3038 2583 3092 ad
2614 3055 2752 3109 opus
2789 3041 2892 3096 hoc
2920 3055 3282 3109 convocante,
3313 3045 3669 3116 Modestoque

2084 3133 2164 3186 ira
2203 3131 2376 3185 multo
2416 3132 2820 3196 vehementius,
2866 3149 3031 3203 quam
3085 3129 3260 3204 prima
3299 3138 3664 3207 impressione

2083 3239 2356 3279 accenso:
2394 3237 2584 3279 omnes
2619 3225 2837 3293 quidem
2879 3229 3360 3281 commovebantur
3383 3232 3450 3282 ob
3490 3231 3668 3301 impe-

2082 3314 2456 3380 ratorisiram,
2487 3325 2540 3369 et
2564 3329 2688 3369 cum
2716 3317 2856 3370 irato
2875 3316 3275 3383 irascebantur,
3300 3321 3667 3392 indignationi

2085 3409 2334 3463 videlicet
2366 3408 2513 3461 illius
2538 3409 2946 3464 subservientes
2963 3420 3016 3465 et
3035 3413 3408 3480 gratificantes
3433 3434 3444 3468 :
3473 3431 3666 3471 omnes

2082 3500 2490 3569 exspectatione
2519 3499 2828 3555 futurorum
2847 3508 3100 3572 suspensi
3124 3504 3667 3579 erantJtursusergo

2084 3589 2239 3644 adest
2273 3589 2606 3659 praefectus;
2648 3606 2844 3647 rursus
2895 3601 3134 3651 terrores
3187 3597 3553 3662 incutiuntur,
3610 3610 3666 3655 et

2087 3680 2358 3748 prioribus
2389 3681 2606 3750 quidem
2635 3684 2936 3752 graviores;
2979 3686 3176 3740 iterum
3203 3688 3363 3742 minze
3394 3691 3666 3745 intentan-

2085 3778 2194 3834 tur,
2227 3779 2281 3825 et
2325 3771 2405 3823 ira
2453 3772 2605 3825 saevit
2635 3773 2915 3827 acerbior:
2953 3775 3108 3830 adest
3149 3777 3365 3833 forense
3416 3782 3670 3837 ministe-

2086 3863 2249 3925 rium,
2306 3878 2606 3932 praeeones,
2673 3868 3035 3934 apparitores,
3111 3869 3350 3934 lictores,
3413 3874 3669 3935 cancelli.

2086 3955 2331 4021 cortinae,
2363 3955 2563 4024 quibus
2611 3959 2869 4013 omnibus
2917 3958 3077 4013 facile
3125 3962 3291 4016 etiam
3327 3979 3540 4034 eorum,
3570 3968 3666 4036 qui

2087 4044 2152 4097 ad
2187 4045 2368 4097 omnia
2393 4043 2550 4099 valde
2578 4047 2753 4114 parati
2793 4049 3079 4114 accedunt,
3107 4051 3271 4104 animi
3298 4055 3514 4120 percelli
3547 4071 3668 4125 pos-

2088 4145 2234 4189 sunt.
2258 4133 2458 4189 lterum
2487 4151 2787 4205 generosus
2818 4147 3009 4194 noster
3042 4140 3247 4194 athleta
3276 4143 3328 4195 in
3363 4147 3668 4199 certamine

2088 4225 2443 4294 conspicitur,
2481 4228 2708 4296 gloriam
2751 4229 2950 4298 prioris
2992 4247 3184 4302 pugnre
3233 4234 3390 4303 longe
3433 4251 3666 4307 exsupe-

407 4327 823 4398 εσκευασμένων
849 4330 1231 4381 καταπτοεῖται
1263 4329 1600 4398 φρονήματα.
1632 4331 1740 4383 Καὶ
1769 4331 1983 4384 πάλινό
2019 4329 2058 4381 Ι.)
2089 4332 2240 4370 ι’θηε·
2272 4317 2425 4382 QUO“
2461 4319 2505 4372 εί
2552 4319 2779 4388 ¹¹¹¹ίι¹εεθ
2836 4324 2913 4376 rei
2965 4325 3102 4392 Ρθίίε
3137 4332 3326 4390 ῑθδιθει
3378 4343 3466 4382 π’θε
3518 4330 3668 4399 ipsas

409 4419 644 4490 ἀθλητὴς
676 4419 769 4470 τοῦ
822 4419 956 4472 Θεοῦ
991 4422 1104 4482 τοῖς
1147 4419 1417 4490 δευτέροις
1471 4421 1578 4472 τῶν
1614 4421 1858 4489 ἀγώνων,
1892 4424 1984 4475 καὶ

410 4509 505 4578 τὴν
539 4510 631 4560 ἐπὶ
679 4511 790 4570 τοῖς
839 4507 1166 4578 προλαϐοῦσι
1195 4509 1350 4572 δόξαν
1403 4509 1889 4580 ὑπερϐαλλόμενος.
1925 4513 1985 4564 Εἰ

411 4600 466 4652 δὲ
501 4600 682 4669 ζητεῖς
713 4598 918 4652 τούτων
944 4599 1042 4661 τὰς
1070 4599 1387 4664 ἀποδείξεις,
1424 4603 1501 4662 είς
1529 4601 1667 4654 αὐτὰ
1701 4602 1890 4671 βλέψον
1922 4603 1987 4655 τά

415 4693 732 4763 πράγματα.
757 4691 914 4743 Ποῖον
949 4691 1045 4744 οὐκ
1071 4691 1392 4760 ἐπενείματο
1426 4693 1589 4744 τόπον
1621 4693 1728 4745 τῶν
1765 4694 1989 4764 Ἐκκλη-

417 4783 543 4835 σιῶν
573 4785 606 4853 ἡ
637 4781 938 4852 τηνικαῦτα
964 4789 1308 4854 καταστροφή
1343 4800 1356 4847 ;
1394 4785 1551 4836 Ποῖον
1585 4783 1794 4853 ἔμεινεν
1841 4786 1990 4849 ἒονος

417 4875 512 4944 τῆς
538 4874 646 4927 τῶν
685 4872 976 4944 αίρετικῶν
1022 4873 1340 4936 ἐπιστασίας
1381 4875 1709 4947 ἀπείρατονς
1749 4879 1846 4940 Τίς
1881 4879 1990 4932 τῶν

417 4967 553 5020 κατά
602 4965 701 5030 τὰς
747 4964 1071 5036 Ἐκκλησίας
1110 4965 1535 5036 εὐδοκιμούντων
1564 4969 1662 5020 οὐκ
1693 4971 1990 5042 ἀπεσείσθη

416 5058 520 5112 τῶν
539 5058 715 5111 πόνων
733 5074 746 5121 ;
764 5058 922 5120 Ποίος
938 5056 1156 5126 διέφυγε
1174 5057 1301 5121 λαὸς
1321 5057 1418 5128 τὴν
1433 5058 1684 5130 τοιαύτην
1701 5062 1961 5132 ἐπήρειαν
1977 5081 1990 5128 ;

417 5150 488 5200 Οὐ
540 5149 708 5218 Συρία
748 5149 917 5212 πᾶσα,
961 5149 1056 5200 καὶ
1092 5148 1199 5201 τῶν
1245 5148 1505 5219 ποταμῶν
1544 5151 1577 5219 ἡ
1624 5150 1794 5220 μέση,
1835 5153 1993 5223 μέχρι

417 5239 521 5290 τῶν
542 5241 678 5310 πρὸς
709 5239 835 5301 τοὺς
862 5237 1169 5309 βαρϐάρους
1195 5239 1334 5311 ὅρων
1354 5255 1369 5269 ο
1403 5239 1462 5290 οὐ
1487 5239 1705 5308 Φοινίκη
1731 5282 1745 5304 ,
1764 5243 1856 5293 καὶ
1883 5243 1994 5295 Πα-

420 5333 690 5402 λαιστίνη,
725 5331 820 5384 καὶ
856 5330 1136 5402 Ἀρραϐία,
1168 5330 1260 5383 καὶ
1309 5331 1602 5398 Αἴγυπτος,
1628 5331 1721 5383 καὶ
1753 5332 1822 5385 τὰ
1869 5332 1994 5404 ἔθνη

417 5424 514 5495 τῆς
546 5423 776 5495 Λιϐύης,
800 5423 905 5486 ἕως
936 5421 1030 5474 τοῦ
1059 5423 1331 5494 τέρματος
1358 5423 1456 5494 τῆς
1487 5423 1607 5476 καθ’
1644 5424 1790 5494 ἡμᾶς
1819 5427 1993 5478 οἰκου-

420 5514 608 5584 μένης,
638 5513 702 5566 ού
725 5514 793 5565 τὰ
824 5513 916 5565 ἐπὶ
943 5512 1067 5565 τάδε
1103 5513 1300 5573 πάντα,
1333 5512 1579 5564 Ποντικοί
1623 5513 1716 5565 καὶ
1753 5513 1992 5578 Κίλικες,

417 5606 644 5663 Λύκιοι,
678 5601 867 5664 Λυδοὶ,
901 5601 1144 5664 Πισίδαι,
1197 5600 1503 5670 Πάμφυλοι,
1551 5603 1755 5673 Κᾶρες,
1807 5603 1995 5675 Ἐλλη-

483 5729 530 5759 ⁸⁰
565 5725 630 5779 ιν
664 5725 794 5799 Reg.
828 5741 952 5791 xxv,
987 5724 1038 5779 9.

2088 4409 2318 4464 intuere.
2356 4408 2528 4474 Quem
2559 4413 2702 4465 enim
2748 4414 2926 4468 locum
2972 4415 3236 4469 intactum
3278 4419 3497 4489 reliquit
3529 4430 3670 4476 teni-

2090 4501 2238 4570 poris
2269 4501 2415 4556 illius
2444 4501 2769 4557 calamitas?
2800 4506 3059 4570 Qtuenam
3093 4523 3225 4577 gens
3271 4510 3539 4567 hreretirre
3576 4529 3669 4567 va-

2090 4593 2343 4647 stationis
2367 4600 2420 4645 et
2449 4594 2811 4663 grassationis
2829 4611 3024 4665 expers
3043 4598 3280 4653 mansit?
3314 4600 3446 4666 Quis
3475 4618 3668 4658 eorum

2089 4684 2180 4752 qui
2213 4684 2267 4737 in
2301 4683 2547 4740 Ecclesia
2572 4683 2856 4752 florebant,
2889 4703 2996 4742 non
3034 4689 3282 4759 dejectus
3305 4705 3386 4747 est
3415 4710 3444 4748 a
3475 4697 3670 4766 coeptis

2091 4789 2144 4833 et
2180 4780 2461 4836 laboribus
2512 4781 2670 4836 suis?
2715 4780 2848 4847 Quis
2883 4785 3118 4852 populus
3160 4785 3573 4843 insultationem
3607 4792 3670 4844 il-

2096 4870 2200 4923 lam
2232 4871 2594 4942 elTugit?Non
2626 4872 2783 4944 Syria
2818 4876 3094 4940 universa,
3140 4893 3245 4932 non
3281 4880 3670 4951 Μρειιροιιιηεὶιι

2095 4977 2268 5029 usque
2309 4964 2376 5017 ad
2413 4964 2548 5019 fines
2583 4965 2979 5021 barbarorum:
3029 4985 3135 5022 non
3203 4971 3505 5038 Pluenieia,
3563 4990 3666 5028 non

2098 5051 2410 5116 Palmstina,
2446 5070 2555 5108 non
2593 5057 2816 5122 Arabia,
2861 5075 2968 5114 non
3007 5061 3300 5132 Aigyptus,
3337 5081 3442 5117 non
3483 5065 3663 5119 incolae

2098 5141 2278 5212 Libyae
2310 5161 2484 5214 usque.
2512 5145 2577 5199 ad
2608 5150 2874 5204 terminos
2900 5157 3075 5208 nostri
3117 5157 3298 5221 orbis;
3340 5173 3518 5224 neque
3552 5158 3662 5218 alii,

2097 5236 2187 5305 qui
2227 5237 2279 5290 in
2309 5253 2374 5290 eo
2394 5237 2594 5308 degunt
2634 5238 2868 5302 Pontici,
2895 5246 3113 5306 Cilices,
3135 5245 3305 5316 Lycii,
3345 5245 3496 5313 Lydi,
3527 5245 3662 5301 Pisi«

2098 5328 2195 5395 dii,
2227 5327 2556 5401 Pamphylii,
2588 5331 2776 5397 Cares,
2805 5334 3180 5407 llellespontii,
3214 5337 3453 5390 insulani
3499 5355 3661 5410 usqut

2099 5420 2164 5472 ad
2193 5421 2367 5488 ipsam
2391 5421 2818 5492 PrOpontidem:
2867 5443 2972 5484 non
3026 5437 3216 5499 gentes
3265 5426 3530 5496 Thraciae,
3564 5448 3662 5503 qut

2100 5522 2244 5579 patet
2277 5513 2532 5577 Thracia,
2576 5525 2630 5570 et
2676 5518 2892 5572 finitimi
2933 5522 3143 5588 quique
3175 5535 3350 5588 usque
3385 5521 3450 5575 ad
3491 5528 3670 5592 ipsum

2103 5603 2404 5661 Danubium
2430 5652 2438 5663 .
2471 5609 2601 5674 Quae
2631 5625 2694 5664 ex
2730 5610 2814 5663 his
2845 5613 3100 5666 omnibus
3123 5604 3422 5683 provinciis
3450 5618 3675 5672 calam-
