4066 6146
364 166 471 224 297

1503 169 1778 227 CONTRA
1811 170 2198 243 EUNOMIUM,
2233 177 2361 233 LIB.
2404 179 2443 234 Ι.

3504 188 3609 243 298

438 278 564 343 Πᾶς
605 280 640 331 ὁ
684 275 802 331 τῶν
836 281 961 333 καθ’
1006 280 1162 350 ἡμᾶς
1211 282 1518 352 δογμάτων
1555 291 1944 359 συμπληροῦ-

2121 293 2306 349 Omnis
2347 306 2553 359 oratio,
2596 314 2698 365 qua
2748 299 2998 368 dogmata
3040 308 3218 354 nostra
3255 302 3610 371 explicamus,

364 387 462 425 tat
506 371 690 438 λόγος
728 371 798 425 ἐκ
847 389 909 425 τε
954 372 1062 441 τῆς
1103 376 1379 429 ἀνωτάτω
1428 380 1527 433 καὶ
1581 382 1944 450 κυριωτάτης

363 462 599 526 οὐσίας,
630 462 726 515 καὶ
755 464 824 516 ἐκ
872 463 983 531 τῆς
1027 464 1101 519 δι’
1131 467 1372 536 ἐκείνην
1408 472 1525 539 μὲν
1565 474 1779 541 οὔσης,
1814 475 1942 542 μετ’

364 554 608 620 ἐκείνην
632 553 701 605 δὲ
731 552 972 608 πάντων
996 555 1112 609 τῶν
1133 557 1339 612 ἄλλων
1358 564 1781 630 πρωτευούσης
1801 580 1815 593 ’
1842 565 1943 617 καὶ

363 643 567 711 τρίτης
603 660 670 711 γε
700 642 813 711 τῆς
848 645 1101 714 μηδεμιᾷ
1129 648 1244 716 μὲν
1279 651 1507 704 τούτων
1544 654 1944 722 συνταττομέ-

362 750 497 800 νης,
528 733 690 787 ἀλλὰ
713 732 787 801 τῇ
810 735 947 803 μὲν,
978 737 1076 790 διὰ
1104 737 1219 805 τὴν
1249 742 1476 794 αίτίαν’
1509 741 1583 810 τῇ
1610 743 1678 796 δὲ
1702 744 1798 798 διὰ
1829 746 1943 814 τὴν

362 825 688 894 ἐνέργειαν,
714 830 841 882 καθ’
866 827 946 896 ἦν
964 829 1229 899 γέγονεν,
1258 835 1737 905 ὑποταττομένης
1766 857 1777 869 ·
1797 854 1943 908 συμ-

363 918 963 987 περιλαμϐανομένων
990 921 1222 991 δηλαδὴ
1251 925 1399 991 πρὸς
1435 926 1549 994 τὴν
1579 928 1684 981 τοῦ
1718 930 1941 995 παντὸς

362 1008 550 1076 λόγου
581 1008 1041 1076 συμπλήρωσιν,
1080 1012 1179 1065 καὶ
1227 1013 1357 1080 ταῖς
1401 1017 1637 1082 οὐσίαις
1680 1031 1941 1084 παρεπο-

359 1098 559 1167 μένων
577 1099 908 1167 ἐνεργειῶν,
942 1101 1037 1154 καὶ
1066 1101 1183 1156 τῶν
1208 1106 1449 1171 ταύταις
1478 1108 1774 1176 συμφυῶν
1806 1111 1941 1163 ὀνοσ-

361 1189 593 1259 μάτων·
626 1190 811 1244 πάλιν
855 1191 906 1243 δ’
939 1188 1016 1246 αὖ
1052 1193 1315 1261 ἑκάστης
1352 1198 1580 1251 τούτων
1608 1200 1822 1267 οὐσίας
1858 1203 1940 1254 εὶ-

364 1279 645 1348 λικρινῶς
690 1279 913 1349 ἁπλῆς,
968 1284 1065 1335 καὶ
1098 1284 1292 1350 πάντη
1331 1285 1474 1354 μιᾶς
1520 1289 1711 1356 οὔσης
1750 1307 1813 1344 τε
1845 1292 1940 1345 καὶ

365 1371 718 1438 νοουμένης,
748 1371 898 1423 κατὰ
921 1371 1034 1439 τὴν
1055 1373 1213 1427 ἰδίαν
1236 1377 1434 1441 ἀξίαν,
1466 1392 1942 1450 συμπεριποαερο-

363 1460 560 1528 μένων
612 1460 680 1513 δὲ
719 1460 843 1526 τοῖς
886 1460 1080 1530 ἔργοις
1130 1463 1248 1517 τῶν
1286 1467 1618 1537 ἐνεργειῶν,
1672 1472 1771 1523 καὶ
1824 1471 1943 1525 τῶν

367 1551 553 1620 ἔργων
579 1552 709 1616 ταῖς
732 1551 851 1605 τῶν
880 1554 1299 1624 ἐργασαμένων
1333 1559 1655 1628 ἐνεργείαις
1684 1578 1942 1631 παραμε-

366 1645 703 1712 τρουμένων
720 1661 732 1675 ⁸
762 1645 991 1715 ἀνάγκη
1020 1646 1217 1711 δήπου
1241 1647 1424 1711 πᾶσα,
1447 1650 1553 1715 τὰς
1579 1651 1805 1719 ἑκάστῃ
1824 1653 1942 1706 τῶν

367 1735 592 1789 οὐσιῶν
626 1735 919 1805 ἑπομένας
941 1736 1259 1807 ἐνεργείας.
1280 1738 1569 1806 ἐλάττους
1600 1758 1662 1793 τε
1693 1743 1787 1795 καὶ
1810 1744 1940 1810 μεί-

367 1826 501 1891 ζους
531 1827 702 1888 εἶναι,
732 1827 827 1880 καὶ
859 1828 961 1893 τὰς
984 1828 1100 1895 μὲν
1127 1828 1384 1896 πρώτην,
1424 1831 1532 1896 τὰς
1564 1832 1630 1883 δὲ
1654 1832 1941 1900 δευτέραν

367 1918 539 1982 τάξιν
564 1918 819 1986 ἐπέχειν.
848 1921 1125 1984 Συνόλως
1155 1936 1219 1973 τε
1247 1918 1616 1986 εἰπεῖν,πρὸς
1640 1925 1942 1991 τοσαύτην

366 2008 729 2072 ἐξικνεῖσθαι
754 2008 1060 2077 διαφορὰν,
1088 2011 1238 2077 πρὸς
1261 2014 1500 2077 ὁπόσην
1530 2010 1606 2063 ἂν
1633 2010 1939 2079 ἐξικνῆται

368 2101 439 2153 τὰ
468 2100 638 2168 ἔργα·
671 2099 799 2152 ἐπεὶ
824 2100 980 2167 μηδὲ
1013 2100 1249 2169 θεμιτὸν
1274 2101 1389 2168 τὴν
1421 2101 1613 2168 αὐτὴν
1640 2102 1942 2173 ἐνέργειαν

366 2192 575 2255 εἰπεῖν,
607 2193 733 2245 καθ’
773 2190 852 2258 ἢν
884 2192 1023 2257 τοὺς
1055 2193 1349 2261 ἀγγέλους
1377 2193 1686 2259 ἐποίησεν,
1719 2193 1757 2261 ἢ
1798 2194 1939 2260 τούς

365 2278 624 2348 ἀστέρας
664 2280 764 2332 καὶ
800 2280 907 2332 τὸν
937 2280 1212 2347 οὐρανὸν,
1241 2279 1279 2347 ἣ
1307 2280 1412 2331 τὸν
1438 2280 1771 2347 ἄνθρωπον,
1802 2282 1938 2335 ἀλλ’

366 2368 495 2435 ὅσῳ
530 2370 602 2422 τὰ
643 2371 784 2439 ἔργα
822 2369 939 2422 τῶν
970 2371 1157 2438 ἔργων
1196 2372 1561 2440 πρεσϐύτερα
1604 2373 1699 2425 καὶ
1744 2375 1938 2442 τιμιὼο

365 2475 527 2527 τερα,
564 2460 827 2524 τοσούτῳ
860 2458 955 2510 καὶ
999 2459 1113 2524 τὴν
1154 2459 1460 2528 ἐνέργειαν
1500 2459 1613 2528 τῆς
1640 2460 1940 2531 ἐνεργείας

366 2550 794 2617 ἀναϐεϐηκέναι
816 2550 963 2618 φαίη
986 2548 1062 2603 ἄν
1085 2566 1174 2615 τις
1200 2549 1460 2616 εὐσεϐῶς
1481 2550 1906 2621 διανοούμενος
1923 2571 1935 2584 ·

365 2642 471 2696 ἅτε
493 2642 570 2708 δὴ
601 2641 720 2694 τῶν
744 2640 940 2695 αὐτῶν
967 2641 1294 2710 ἐνεργειῶν,
1323 2642 1439 2709 τὴν
1464 2645 1797 2713 ταυτότητά
1822 2645 1941 2699 τῶν

364 2734 554 2802 ἐργων
604 2733 1051 2798 ἀποτελουσῶν,
1099 2734 1197 2787 καὶ
1252 2733 1370 2787 τῶν
1424 2739 1941 2808 παρηλλαγμένων

366 2822 557 2890 ἔργων
602 2822 1103 2890 παρηλλαγμένας
1134 2824 1241 2888 τὰς
1280 2823 1579 2894 ἐνεργείας
1619 2829 1936 2897 ἐμφαινόν-

367 2931 499 2968 των.
543 2912 708 2965 Οὕτω
741 2911 808 2965 δέ
845 2914 1070 2966 τούτων
1091 2914 1371 2982 ἐχόντων,
1414 2919 1511 2971 καὶ
1554 2919 1628 2987 τῇ
1655 2922 1805 2989 πρὸς
1830 2923 1937 2977 ἄλο

2042 387 2315 452 perﬁcitur
2349 402 2413 441 ex
2449 404 2694 457 suprema
2724 398 2772 441 et
2808 392 3034 444 maxime
3071 394 3278 460 proprie
3307 394 3453 447 dicta
3482 396 3611 447 sub-

2042 477 2240 528 stantia
2267 490 2284 527 :
2314 486 2361 530 et
2388 495 2452 531 ea:
2478 478 2574 530 illa
2600 495 2715 547 qute
2742 496 2833 546 per
2860 480 3009 533 illam
3036 490 3138 548 est,
3182 493 3299 547 post
3327 484 3480 536 illam
3515 501 3611 537 au-

2045 572 2143 616 tem
2192 565 2409 632 reliquis
2454 566 2694 619 omnibus
2744 568 3042 621 antecedit:
3075 578 3122 622 et
3157 586 3221 623 ex
3259 573 3415 624 tertia
3442 610 3457 631 ,
3495 589 3613 641 quae

2042 667 2159 704 cum
2199 653 2347 705 nulla
2387 652 2577 705 harum
2613 655 2974 709 coordinatur.
3019 655 3121 709 Sed
3162 658 3243 710 illi
3294 659 3503 727 quidem
3556 670 3611 714 ut

2042 756 2245 804 causae,
2280 742 2399 794 huic
2433 759 2547 796 vero
2578 752 2635 795 ut
2667 746 2993 811 operationi,
3030 762 3134 814 qua
3175 747 3321 813 facta
3355 758 3453 815 est,
3484 749 3610 804 sub-

2040 832 2248 897 ficitur,
2270 833 2649 901 comprehensis
2674 833 2909 887 videlicet
2929 835 2996 888 ad
3018 837 3174 889 totius
3197 840 3451 892 orationis
3472 856 3614 891 com-

2034 924 2350 988 plementum
2373 926 2534 978 etiam
2563 925 2985 992 operationibus,
3016 944 3130 994 qua:
3158 938 3372 982 manant
3396 945 3462 982 ea:
3490 930 3615 984 sub-

2042 1016 2286 1077 stantiis,
2317 1025 2366 1067 et
2403 1015 2530 1083 ipsis
2561 1025 2879 1084 competunt.
2928 1016 3163 1082 Rursus,
3211 1035 3329 1072 cum
3368 1021 3613 1089 quazlibet

2041 1120 2105 1157 ex
2127 1104 2205 1158 his
2235 1105 2550 1159 substantiis
2580 1106 2649 1159 sit
2677 1114 2725 1160 et
2750 1106 3084 1175 intelligatur
3126 1123 3254 1175 pure
3280 1110 3502 1178 simplex
3522 1151 3537 1175 ,
3564 1121 3613 1167 ct

2042 1195 2359 1263 simpliciter
2384 1211 2492 1248 una
2520 1195 2804 1248 secundum
2836 1197 3104 1264 propriam
3134 1197 3475 1267 dignitatem,
3509 1201 3614 1253 cir-

2043 1288 2376 1355 cumscriptis
2413 1298 2589 1340 autem
2628 1286 3019 1355 operationibus
3060 1303 3151 1355 per
3188 1290 3304 1355 ipsa
3340 1303 3528 1355 opera,
3562 1300 3612 1344 et

2042 1378 2170 1446 ipsis
2200 1379 2437 1445 operibus
2470 1419 2483 1443 ,
2516 1380 2783 1446 operantis
2818 1378 3113 1433 actionibus
3142 1381 3609 1446 commensuratis,

2044 1470 2255 1522 omnino
2302 1485 2507 1522 necesse
2558 1480 2674 1531 est,
2730 1470 3100 1537 operationes,
3158 1486 3275 1538 qua:
3325 1481 3613 1538 sequuntur

2043 1560 2327 1630 quamlibet
2357 1561 2709 1615 substantiam
2734 1600 2749 1623 ,
2782 1561 3007 1628 majores
3039 1570 3088 1613 et
3127 1561 3351 1613 minores
3375 1574 3528 1613 esse:
3557 1571 3608 1614 et

2047 1653 2170 1705 illas
2202 1651 2408 1719 quidem
2437 1652 2488 1703 in
2518 1652 2718 1718 primo,
2752 1651 2875 1702 illas
2912 1667 3028 1703 vero
3060 1652 3113 1703 in
3161 1649 3386 1703 secundo
3422 1649 3607 1702 ordine

2041 1759 2150 1797 esse
2178 1741 2553 1795 collocandus:
2585 1750 2656 1802 et,
2685 1750 2742 1792 ut
2775 1742 3058 1793 universint
3087 1741 3283 1803 dicam,
3314 1750 3458 1792 tntth
3495 1740 3616 1792 dis-

2042 1834 2260 1885 crimine
2309 1833 2446 1885 inter
2506 1848 2559 1884 se
2612 1830 2898 1894 dissident,
2944 1840 3137 1900 quanto
3197 1829 3452 1882 dissident
3494 1831 3609 1898 ipsa

2042 1938 2199 1990 opera
2221 1938 2238 1975 :
2264 1939 2380 1974 cum
2404 1922 2551 1988 nefas
2576 1922 2643 1973 sit
2666 1920 2835 1973 dicere
2859 1920 3094 1973 eamdem
3115 1936 3223 1977 esse
3245 1919 3613 1986 operationem,

2043 2024 2159 2078 qua:
2182 2008 2395 2077 angelos
2419 2009 2539 2075 fecit
2565 2046 2578 2070 ,
2604 2008 2680 2061 vel
2706 2009 2888 2061 stellas
2911 2018 2958 2061 et
2984 2009 3167 2061 cwlum
3184 2047 3197 2069 ,
3223 2007 3298 2061 vel
3320 2008 3612 2061 hominem:

2043 2098 2133 2152 sed
2170 2107 2368 2167 quanto
2409 2114 2568 2165 opera
2608 2098 2848 2165 operibus
2876 2098 3247 2150 excellentiam
3271 2109 3320 2152 et
3351 2108 3614 2167 praestan-

2044 2189 2183 2240 tiora
2212 2197 2333 2239 sunt
2357 2228 2370 2251 ,
2404 2195 2550 2238 tanto
2576 2195 2623 2239 et
2652 2186 3006 2253 operationem
3036 2187 3329 2253 operationi
3355 2196 3616 2240 antestare

2040 2284 2223 2334 merito
2264 2279 2671 2342 asseveraverit,
2707 2278 2795 2345 qui
2825 2278 2907 2345 pie
2950 2277 3014 2331 de
3053 2280 3147 2332 hoc
3185 2280 3417 2347 cogitare
3448 2278 3567 2332 velit
3596 2296 3614 2332 :

2043 2389 2161 2426 cum
2208 2372 2403 2425 eazdem
2444 2370 2774 2438 operationes
2813 2368 3019 2421 eosdem
3058 2371 3214 2421 etiam
3250 2370 3468 2437 effectus
3495 2385 3619 2435 pro-

2039 2465 2277 2527 ducant,
2318 2477 2535 2531 cumque
2573 2460 2781 2513 diversa
2819 2476 2978 2528 opera
2999 2500 3013 2523 ,
3045 2460 3277 2513 diversas
3306 2462 3464 2513 etiam
3497 2477 3618 2525 ope-

2039 2554 2270 2607 rationes
2296 2551 2670 2605 demonstrent.
2699 2546 2833 2602 Cum
2859 2565 2976 2601 vero
3002 2548 3113 2602 hwc
3138 2550 3214 2601 ita
3240 2566 3346 2602 sese
3370 2549 3618 2612 habeant,

2039 2645 2319 2712 omniaque
2346 2681 2359 2704 ,
2392 2652 2577 2693 mutua
2619 2637 2686 2690 ad
2728 2654 2838 2690 sese
2877 2636 3182 2691 habitudine
3207 2676 3221 2699 ,
3256 2637 3618 2690 invariabilem

2038 2736 2223 2789 seriem
2262 2735 2566 2794 observent,
2596 2746 2695 2798 par
2730 2737 2842 2793 est,
2883 2735 2941 2779 ut
2970 2728 3059 2796 qui
3103 2728 3494 2795 inquisitionem
3538 2745 3619 2782 se-

2037 2826 2267 2881 cundum
2294 2823 2590 2878 naturalem
2616 2836 2792 2874 rerum
2823 2818 3060 2872 ordinem
3092 2820 3373 2873 instituunt
3402 2860 3415 2883 ,
3438 2828 3487 2873 et
3518 2835 3619 2872 non

2043 2919 2222 2973 omnia
2255 2914 2414 2969 simul
2458 2914 2676 2966 miscere
2718 2920 2766 2963 et
2808 2908 3127 2978 confundere
3166 2910 3416 2977 cupiunt,
3459 2908 3621 2978 siqui-

366 3007 528 3070 ληλα
555 3002 769 3072 σχέσει
810 3004 919 3056 τὸν
948 3004 1150 3072 εἱρμὸν
1172 3006 1552 3073 ἀπαράϐατον
1590 3011 1942 3080 διατηρούν-

2046 3011 2161 3064 dem
2198 3007 2260 3061 de
2286 3006 2584 3060 substantia
2621 3003 2839 3071 qucestio
2879 3003 3104 3063 oriatur,
3152 3015 3216 3052 ea:
3243 3000 3425 3067 primis
3465 3007 3512 3050 et
3558 3014 3621 3050 et

367 3112 484 3147 των
503 3094 834 3161 ’,προσήκει
856 3093 1053 3159 δήπου
1081 3095 1205 3161 τοῖς
1233 3098 1383 3151 κατὰ
1409 3100 1524 3167 τὴν
1544 3103 1795 3172 συμφυῆ
1821 3106 1944 3170 τοῖς

370 3186 676 3253 πράγμασι
720 3184 891 3249 τάξιν
925 3186 1039 3252 τὴν
1081 3186 1363 3251 ἐξέτασιν
1410 3192 1810 3261 ποιουμένοις,
1845 3196 1944 3249 καὶ

366 3278 451 3345 μὴ
490 3278 701 3344 φύρειν
732 3277 878 3345 όμοῦ
911 3277 1126 3343 πάντα,
1155 3280 1253 3332 καὶ
1278 3283 1532 3350 συγχεῖν
1547 3284 1941 3355 βιαζομένοις.

368 3371 422 3422 εί
444 3369 560 3435 μὲν
581 3368 715 3435 περὶ
747 3367 850 3435 τῆς
879 3370 1092 3435 οὐσίας
1119 3372 1340 3425 κινοῖτο
1372 3375 1837 3444 ἀμφισϐήτησις,
1874 3381 1942 3433 ἐκ

370 3459 491 3513 τῶν
534 3460 779 3527 πρώτων
822 3459 921 3512 καὶ
965 3462 1279 3530 προσεχῶν
1325 3465 1455 3531 ταῖς
1499 3468 1736 3534 οὐσίαις
1781 3470 1945 3537 ἐνερ-

371 3552 547 3622 τειών
565 3552 858 3605 ποιεῖσθαι
886 3550 1003 3605 τῶν
1029 3552 1432 3623 δεικνυμένων
1452 3556 1567 3625 τὴν
1594 3558 1821 3623 πίστιν,
1848 3560 1947 3615 καὶ

2046 3099 2283 3166 cognatis
2325 3094 2748 3149 substantiarum
2782 3090 3167 3157 operationibus
3198 3100 3508 3158 argumenta
3538 3105 3619 3141 re»

2046 3207 2164 3245 rum
2188 3184 2718 3242 demonstrandarum
2754 3192 2968 3250 petant,
3005 3198 3284 3249 eorumque
3329 3181 3392 3233 de
3436 3181 3620 3249 quibus

2048 3283 2333 3353 ambigitur
2362 3278 2698 3333 solutionem.
2732 3276 2800 3328 At
2830 3291 2947 3329 vero
2986 3273 3367 3326 dubitationem
3406 3271 3468 3324 de
3506 3288 3623 3339 ope-

2049 3372 2347 3428 rationibus
2385 3386 2450 3425 ea:
2488 3369 2801 3425 substantiis
2835 3365 3152 3428 dissolvent,
3186 3364 3292 3417 rati
3318 3365 3623 3417 conveniens

2052 3468 2235 3520 tiorem
2264 3473 2313 3518 et
2347 3462 2586 3517 omnibus
2631 3461 2901 3514 utiliorem
2941 3458 3051 3528 fore
3137 3473 3167 3509 a
3211 3455 3392 3524 primis
3437 3455 3505 3507 ad
3544 3472 3621 3506 se-

2052 3557 2221 3612 cunda
2251 3557 2575 3609 descensum.

370 3643 489 3697 τῶν
515 3645 1083 3714 ἀμφισϐητουμένων
1114 3647 1227 3714 τὴν
1255 3648 1575 3703 διάλυσιν·
1646 3654 1759 3719 τὴν
1814 3655 1881 3707 δέ
1912 3654 2011 3708 ἐπὶ
2047 3653 2177 3718 ταῖς
2218 3648 2540 3717 ἐνεργείαις
2582 3644 2939 3714 ἀμφιϐολίαν
2993 3641 3350 3695 διαλύουσιν
3398 3638 3465 3689 ἐκ
3508 3636 3623 3689 τῶν

372 3738 617 3802 οὐσιῶν,
650 3736 1080 3805 ἀρμοδιωτέραν
1126 3754 1191 3807 γε
1227 3738 1354 3807 μὴν
1398 3742 1495 3794 καὶ
1522 3742 1647 3809 τοῖς
1678 3745 1865 3799 πᾶσιν
1901 3741 2352 3809 ἀνυσιμωτέραν
2388 3736 2657 3807 ἡγεῖσθαι
2707 3734 2820 3803 τὴν
2852 3732 2968 3787 ἀπὸ
3000 3732 3117 3784 τῶν
3146 3732 3387 3802 πρώτων
3418 3729 3516 3784 ἐπὶ
3555 3729 3625 3783 τὰ

373 3832 618 3899 δεύτερα
648 3828 920 3882 κάθοδον.

457 3926 520 3977 Ἦ
586 3932 682 3993 μὲν
730 3920 825 3977 οὖν
870 3925 1185 3995 τεχνολογίσ.
1231 3926 1332 3996 τῆς
1379 3928 1724 3999 βλασφημίας
1783 3933 1941 4004 αὕτη.

372 4014 505 4077 Θεὸς
545 4014 601 4066 δὲ
644 4015 775 4083 ἡμῖν
818 4012 1087 4083 ἀληθινὸς,
1122 4016 1150 4067 ὁ
1183 4014 1277 4068 τοῦ
1322 4016 1577 4087 ἀληθινοῦ
1624 4020 1759 4072 Θεοῦ
1798 4023 1946 4089 Υἱὸς,

372 4105 463 4157 διὰ
491 4107 589 4175 τῆς
615 4103 708 4156 τοῦ
732 4105 887 4172 ἁγίου
918 4105 1231 4175 Πνεύματος
1256 4090 1824 4178 ὁδηγίαςκατευθύνει
1862 4114 1951 4165 τὸν

371 4196 531 4263 λόγον
561 4195 694 4265 πρὸς
740 4198 836 4265 τὴν
882 4196 1172 4267 ἀλήθειανο
1218 4198 1379 4251 πάλιν
1410 4199 1479 4253 τὰ
1516 4202 1778 4271 εἰρημένα
1817 4203 1951 4256 καο-

374 4285 505 4356 εξῆς
542 4286 916 4356 ἀναλάϐωμεν.
962 4282 1097 4341 Eius
1130 4288 1248 4340 τῶν
1290 4291 1418 4341 καθ’
1463 4290 1682 4343 ἑαυτὸν
1727 4291 1948 4361 δογμά-

371 4394 491 4430 των
517 4376 893 4443 πληροῦσθαι
928 4376 1035 4431 τὸν
1064 4379 1249 4447 λόγον
1284 4380 1352 4433 ἐκ
1393 4379 1504 4448 τῆς
1540 4382 1815 4435 ἀνωτάτω
1849 4383 1949 4436 καὶ

373 4467 740 4537 κυριωτάτης
786 4470 1020 4533 οὐσίας,
1059 4469 1158 4523 καὶ
1199 4472 1267 4524 ἐκ
1305 4470 1415 4539 τῆς
1458 4470 1533 4523 δι’
1567 4472 1810 4540 ἐκείνην
1833 4475 1950 4542 μὲν

375 4560 590 4627 οῠσης,
614 4562 742 4628 μετ’
776 4560 1017 4625 ἐκείνην
1049 4560 1117 4613 δὲ
1152 4560 1393 4614 πάντων
1418 4564 1537 4616 τῶν
1564 4564 1770 4618 ἄλλων
1799 4582 1949 4632 πρω-

378 4652 695 4716 τευούσης,
753 4651 851 4703 καὶ
901 4651 1102 4718 τρίτης
1154 4668 1220 4721 γε
1271 4650 1379 4719 τῆς
1426 4653 1682 4722 μηδεμιᾷ
1725 4656 1950 4708 τούτων

378 4742 887 4811 συνταττομένης.
930 4742 1104 4795 Ἄλλὰ
1127 4742 1201 4809 τῇ
1231 4743 1342 4809 μὲν
1366 4743 1464 4798 διὰ
1498 4746 1613 4807 τὴν
1634 4746 1848 4808 αἰτίαν,
1877 4744 1953 4815 τῇ

378 4833 448 4885 δέ
473 4833 571 4887 διὰ
609 4833 722 4901 τὴν
750 4833 1053 4902 ἐνέργειαν
1078 4834 1817 4905 ὑποταττομένης.Πρῶτον
1839 4836 1952 4888 τοί-

378 4940 473 4976 νυν
509 4924 619 4978 τῶν
656 4927 715 4977 ἐν
752 4924 830 4994 τῷ
862 4924 1005 4994 λόγῳ
1044 4926 1531 4996 κακουργηθέντων
1586 4927 1741 4980 τοῦτό
1783 4929 1950 4991 ἐστιν,

378 5012 461 5064 ὅτι
488 5011 547 5064 τὸ
578 5012 755 5081 δόγμα
800 5014 863 5065 τὸ
892 5015 1150 5083 μυστικὸν
1183 5015 1648 5087 ἐπαγγειλάμενος
1692 5017 1821 5086 ἡμῖν
1858 5018 1952 5069 ὲκ-

382 5103 665 5174 Θήσεσθαι,
696 5103 884 5174 ὥσπερ
915 5104 1293 5176 διορθούμενος
1320 5106 1420 5169 τὰς
1452 5108 1811 5175 εὐαγγελικὰς
1838 5124 1954 5174 φω-

378 5195 496 5258 νὰς,
524 5196 625 5248 οὐκ
653 5195 881 5258 ἐκείνοις
908 5196 1168 5268 κέχρηται
1188 5200 1301 5261 τοῖς
1328 5198 1574 5268 ὀνόμασι,
1609 5199 1675 5251 δι’
1706 5191 1781 5252 ὧν
1815 5216 1956 5269 παρ-

380 5284 581 5339 έδωκεν
626 5286 656 5341 ὁ
688 5286 893 5359 Κύριος
937 5289 999 5341 τὸ
1041 5291 1340 5361 μυστήριον
1372 5291 1432 5343 ἐν
1463 5293 1527 5362 τῇ
1555 5290 1828 5345 τελειώσει
1856 5292 1956 5360 τῆς

383 5377 642 5444 πίστεως,
681 5379 818 5433 ἀλλὰ
855 5381 916 5432 τὸ
950 5379 1118 5451 ὄνομα
1156 5382 1252 5435 τοῦ
1287 5382 1521 5454 Πατρδς,
1550 5382 1643 5435 καὶ
1676 5381 1767 5436 τοῦ
1803 5381 1956 5448 Υἱοῦ,

456 5538 495 5570 ³⁸
524 5536 714 5592 Matth.
750 5537 1043 5603 xxvm,|9;

630 5635 902 5695 ΡΑτιιοι..
944 5635 1061 5693 Gn.
1099 5635 1259 5695 XLV

2116 3926 2241 3980 "mc
2272 3932 2357 3977 est
2389 3916 2730 3989 blasphemia
2760 3916 3059 3970 artiﬁciosa
3113 3923 3166 3968 et
3197 3912 3425 3967 subdola
3454 3910 3627 3980 expli-

2048 4020 2219 4075 catio.
2253 4019 2322 4069 At
2352 4014 2496 4067 Deus
2537 4010 2698 4065 nobis
2735 4023 2898 4063 verax
2935 4014 3043 4071 est,
3075 4013 3128 4059 et
3164 4007 3278 4059 veri
3304 4003 3399 4059 Dei
3427 4001 3623 4066 Filius,

2045 4115 2210 4168 ductu
2246 4108 2426 4164 sancti
2484 4104 2725 4174 Spiritus
2779 4102 2917 4173 dirig
3010 4100 3319 4154 orationem
3381 4105 3627 4149 nostram

2050 4204 2116 4259 ad
2150 4202 2451 4256 veritatem.
2476 4196 2632 4249 Nunc
2669 4196 2865 4248 iterum
2905 4190 2972 4245 ad
3000 4190 3225 4244 verbum
3260 4200 3626 4240 resumamus.

2054 4310 2175 4367 qua:
2212 4289 2447 4347 eﬂutivit
2484 4286 2811 4339 Eunomius.
2867 4283 3033 4369 Dixit,
3065 4280 3368 4347 dogmatum
3415 4290 3629 4327 suorum

2055 4398 2343 4443 sermonem
2385 4387 2549 4431 totum
2576 4377 2756 4444 perﬁci
2776 4390 2840 4427 ea:
2890 4368 3151 4439 suprema.
3177 4378 3224 4421 et
3257 4368 3483 4419 maxime
3512 4382 3633 4432 pro-

2054 4479 2167 4548 prie
2199 4474 2343 4527 dicta
2372 4467 2690 4526 substantia,
2724 4474 2772 4517 et
2807 4478 2870 4516 ex
2900 4463 3016 4525 illa,
3049 4477 3164 4528 qua?
3191 4476 3280 4527 per
3332 4458 3483 4509 illam
3532 4466 3628 4516 est,

2054 4576 2169 4637 post
2198 4566 2350 4620 illam
2380 4568 2555 4614 autem
2584 4555 2798 4624 reliquis
2832 4553 3073 4607 omnibus
3131 4549 3425 4604 antecellit:
3470 4558 3518 4601 et
3569 4563 3633 4600 ea:

2057 4658 2213 4713 tertia
2237 4668 2350 4724 qum
2384 4666 2502 4705 cum
2549 4645 2697 4701 nulla
2727 4644 2915 4696 harum
2970 4640 3332 4694 coordinatur.
3394 4638 3496 4693 Sed
3549 4638 3633 4690 illi

2055 4747 2263 4819 quidem
2291 4752 2349 4796 ut
2377 4755 2575 4804 causte,
2631 4736 2749 4789 huic
2779 4742 2835 4787 ut
2868 4733 3181 4799 operationi,
3219 4748 3323 4801 qua
3350 4730 3497 4800 facta
3532 4738 3632 4791 est.

2056 4837 2335 4906 subjicitur
2372 4850 2389 4887 :
2431 4832 2667 4899 primum
2711 4826 2930 4896 quidem
2976 4826 3029 4877 in
3072 4824 3155 4878 his
3194 4823 3375 4879 verbis
3421 4822 3637 4875 malitiae

2058 4937 2111 4983 et
2159 4923 2528 4998 improbitatis
2588 4921 2804 4990 signum
2856 4916 2959 4970 hoc
2996 4923 3102 4978 est,
3156 4912 3301 4984 quod
3358 4912 3635 4982 pollicitus

2058 5020 2250 5089 dogma
2282 5015 2572 5087 mysticum
2611 5010 2771 5064 nobis
2815 5022 3117 5076 exponere,
3161 5014 3419 5074 tanquam
3453 5015 3636 5054 corre-

2062 5116 2253 5161 cturus
2294 5118 2459 5158 voces
2486 5099 2848 5169 evangelicas,
2878 5111 2985 5150 non
3022 5110 3084 5149 ea
3119 5096 3337 5149 nomina
3368 5089 3637 5150 adhibuit,

2061 5202 2260 5270 quibus
2293 5197 2555 5252 Dominus
2596 5192 2754 5247 nobis
2791 5190 3108 5262 mysterium
3158 5184 3379 5239 tradidit
3416 5184 3482 5270 υ,
3513 5194 3638 5270 cum

2061 5268 2183 5347 fidei
2238 5279 2690 5359 complementum
2718 5282 3043 5351 assignaret,
3079 5277 3171 5331 sed
3207 5274 3424 5329 nomine
3458 5268 3642 5321 Patris

2061 5392 2116 5440 et
2152 5381 2274 5437 Filii
2306 5390 2355 5437 et
2414 5378 2650 5449 Spiritus
2680 5374 2856 5432 sancti
2892 5380 3211 5442 suppresso,
3263 5365 3385 5416 loco
3450 5359 3637 5413 Patris

3298 5614 3370 5673 10
