4046 6156
367 184 467 241 299

1572 180 1628 233 S.
1673 178 1999 235 GREGORH
2036 177 2329 234 NYSSENI

3513 172 3618 228 500

369 312 665 362 supremam
703 304 753 350 et
795 297 1022 349 maxime
1056 297 1264 364 proprie
1298 296 1652 349 substantiam
1693 296 1856 357 dicit;
1890 303 1943 349 et

2085 296 2141 347 at
2190 291 2284 345 τοῦ
2330 289 2483 358 ἁγίου
2533 288 2846 356 Πνεύματος
2897 285 3312 355 ἀποσιωπήσας,
3343 283 3465 337 ἀντὶ
3520 287 3618 353 μὲν
3660 292 3687 341 1.

372 391 493 443 loco
535 387 653 443 Filii
696 404 846 452 eam,
877 404 993 456 quo?
1025 395 1099 439 est
1152 395 1363 455 propter
1408 386 1557 440 illam
1582 427 1595 450 ,
1628 396 1745 455 post
1790 386 1939 438 illam

372 491 491 528 vero
536 474 751 543 reliquis
805 472 1235 540 antecedentem;
1271 474 1393 529 loco
1469 484 1647 529 autem
1704 475 1942 544 Spiritus

274 572 283 575 ’
374 564 585 626 sancti,
627 580 777 625 eam,
820 579 936 632 quae
973 564 1107 617 nulli
1149 564 1335 618 horum
1380 564 1661 633 conjuncta
1700 573 1776 617 est
1821 565 1938 634 (a).

374 658 538 727 Atqui
565 658 610 712 si
644 657 729 711 his
760 654 1217 726 appellationibus
1252 658 1331 709 uti
1383 657 1557 711 satius
1609 665 1776 718 esset,
1834 671 1943 708 non

374 747 511 802 adeo
546 747 703 816 inops
723 754 841 799 erat
871 745 1093 811 veritas,
1123 752 1181 798 ut
1217 745 1330 799 haec
1368 744 1590 799 nomina
1625 757 1733 796 non
1793 758 1945 810 repe-

374 840 536 901 riret;
574 851 750 905 neque
775 835 911 889 adeo
944 834 1182 905 imperiti
1222 844 1379 889 erant
1433 836 1546 899 alii,
1606 837 1700 904 qui
1760 843 1943 903 postea

377 929 569 983 ordine
626 926 905 981 subsecuti
962 926 1215 995 mysterii
1282 927 1446 995 hujus
1509 926 1945 996 praedicationem

377 1023 730 1088 exceperunt,
760 1018 962 1086 quique
993 1017 1061 1071 ab
1091 1017 1247 1071 initio
1268 1018 1469 1072 oculati
1495 1026 1659 1073 testes
1697 1029 1750 1071 et
1784 1018 1945 1070 mini-

379 1110 477 1165 stri
509 1110 779 1164 sermonis
810 1107 1048 1172 fuerunt,
1068 1109 1231 1179 etqui
1264 1118 1385 1179 post
1419 1111 1542 1164 illos
1573 1119 1740 1163 totum
1779 1118 1948 1163 terra-

381 1216 503 1255 rum
565 1200 752 1254 orbem
815 1201 1129 1270 evangelica
1197 1200 1445 1255 doctrina
1502 1200 1947 1270 compleverunt;

380 1306 732 1361 rursumque,
768 1291 860 1360 qui
889 1293 1120 1359 posteris
1160 1292 1498 1363 temporibus
1537 1302 1689 1346 ortas
1737 1290 1803 1345 de
1849 1291 1950 1345 hoc

381 1386 634 1453 dogmate
664 1384 1033 1440 dubitationes
1066 1385 1117 1438 in
1149 1384 1424 1438 communi
1454 1384 1684 1439 concilio
1725 1382 1951 1437 delinie—

386 1486 532 1538 runt,
567 1488 801 1543 quorum
830 1475 1155 1529 traditiones
1187 1474 1404 1543 scriptae
1430 1488 1647 1543 semper
1680 1474 1733 1527 in
1764 1473 1952 1526 Eccle—

386 1564 484 1619 siis
508 1564 910 1617 custodiuntur.
944 1564 998 1616 Si
1023 1564 1096 1616 ita
1122 1564 1265 1632 loqui
1293 1563 1595 1630 oportebat,
1628 1576 1735 1614 non
1769 1546 1983 1629 utique

2048 385 2280 457 Πατρός,
2322 381 2597 438 ἀνωτάτω
2643 378 2774 433 τινὰ
2822 379 2919 431 καὶ
2983 378 3350 445 κυριωτάτην
3400 379 3623 429 οὐσίαν

2048 478 2215 545 λέγει,
2239 475 2357 528 ἀντὶ
2384 474 2440 526 δὲ
2471 472 2561 525 τοῦ
2596 470 2746 535 Υἰοῦ,
2768 468 2882 537 τὴν
2906 469 2964 521 δι
2980 470 2992 487 ’
3015 467 3259 533 ἐκείνην
3269 468 3385 535 μὲν
3401 462 3621 527 οὖσαν,

2044 568 2183 637 μετ’
2212 566 2448 631 ἐκείνην
2480 562 2547 616 δὲ
2576 561 2691 615 τῶν
2720 560 2922 614 ἄλλων
2946 560 3395 627 πρωτεύουσαν,
3424 558 3543 610 ἀντὶ
3565 557 3625 610 δὲ

2048 660 2141 714 τοῦ
2173 659 2326 729 ἁγίου
2352 656 2685 725 Πνεύματος,
2708 652 2820 721 τὴν
2834 648 3093 721 μηδεμιᾷ
3120 650 3347 703 τούτων
3376 663 3628 702 συντατ-

2050 749 2330 819 τομένηγ.
2361 745 2550 799 Καίτοι
2587 761 2649 813 γε
2691 744 2740 795 εἰ
2774 741 2945 802 οὓτως
2985 742 3156 792 εἰπεῖν
3198 737 3519 808 οἰκειότερον
3538 738 3630 812 ἦν,

2052 841 2149 892 οὐκ
2180 839 2243 892 ἂν
2280 838 2495 897 πάντως
2516 834 2792 904 ἠπόρησεν
2818 834 2851 901 ἡ
2873 831 3101 901 ἀλήθεια
3120 830 3219 900 τῆς
3237 828 3345 882 τῶν
3368 829 3631 899 ῥημάτων

2054 930 2256 982 τούτων
2288 927 2578 996 εὑρέσεως,
2615 925 2723 977 οὐδ’
2751 923 2818 977 ἂν
2860 922 3076 984 πάντως
3123 922 3170 973 οἱ
3206 919 3439 988 καθεξῆς
3479 918 3633 971 ἐκδε-

2058 1019 2276 1091 ξάμενοι
2305 1016 2397 1070 τοῦ
2427 1014 2723 1087 μυστηρίου
2762 1016 2821 1066 τὸ
2850 1013 3133 1083 κήρυγμα,
3166 1011 3218 1063 οἵ
3248 1028 3306 1063 τε
3334 1011 3426 1062 ἀπ’
3455 1009 3635 1079 ἀρχῆς

2056 1114 2316 1167 αὐτόπται
2366 1109 2458 1162 καὶ
2493 1107 2760 1178 ὑπηρέται
2791 1105 3069 1173 γενόμενοι
3110 1101 3203 1156 τοῦ
3244 1101 3422 1169 λόγου.
3455 1102 3547 1153 καὶ
3585 1102 3637 1153 οἱ

2061 1205 2177 1277 μετ’
2215 1201 2455 1265 ἐκείνους
2502 1202 2682 1252 πᾶσαν
2723 1197 2821 1267 τὴν
2854 1194 3181 1265 οἰκουμένην
3205 1193 3312 1246 τῶν
3345 1192 3636 1259 εὐαγγελι-

2059 1298 2170 1351 κῶν
2214 1294 2498 1365 δογμάτων
2541 1288 3073 1360 καταπληρὼσαντες
3097 1304 3110 1317 ·
3145 1286 3239 1338 καί
3284 1284 3445 1337 πάλιν
3498 1282 3640 1353 μετὰ

2060 1390 2232 1443 ταῦτα
2261 1389 2401 1442 κατὰ
2429 1384 2654 1455 καιρούς
2686 1398 2836 1444 τινας
2862 1380 2958 1442 τὰς
2982 1379 3109 1447 περὶ
3141 1376 3236 1431 τοῦ
3260 1376 3527 1445 δόγματος
3554 1393 3641 1427 κι-

2061 1500 2150 1536 νου
2160 1482 2325 1551 μένας
2348 1475 2678 1548 ἀμφιϐολίας
2708 1475 2766 1526 ὲν
2799 1471 2960 1540 κοινῷ
2981 1469 3240 1539 συνεδρίῳ
3260 1467 3607 1529 διαλαϐόντες
3622 1484 3638 1497 ·

2062 1564 2135 1624 ὧν
2162 1571 2216 1622 αἱ
2250 1566 2575 1638 παραδόσεις
2597 1564 2861 1633 ἔγγραφοι
2888 1561 3006 1622 ταῖς
3041 1556 3387 1628 Ἐκκλησίαις
3417 1555 3500 1607 ἀεὶ
3522 1554 3642 1607 δια-

388 1654 567 1709 Patris
597 1664 650 1711 et
680 1655 798 1709 Filii
831 1667 883 1710 et
938 1654 1175 1724 Spiritus
1200 1654 1371 1708 sancti
1418 1654 1748 1707 mentionem
1785 1649 1958 1705 fecis-

2080 1661 2359 1726 ςώζονται-
2412 1659 2459 1709 εἰ
2510 1654 2680 1708 ταῦτα
2730 1653 2906 1718 λέγειν
2955 1649 3140 1719 ἐχρῆν,
3185 1648 3282 1699 οὐκ
3329 1644 3394 1699 ἂν
3428 1644 3641 1714 Πατρός

389 1760 529 1805 sent.
559 1749 713 1814 Quod
755 1750 797 1802 si
828 1749 1054 1802 omnino
1089 1748 1270 1816 pietati
1309 1756 1759 1809 consentaneum,
1804 1754 1858 1797 et
1890 1743 1958 1795 ab

389 1841 536 1894 omni
571 1839 815 1909 periculo
852 1849 1116 1892 remotum
1149 1845 1292 1898 erat,
1346 1835 1412 1889 ad
1462 1835 1601 1888 hanc
1664 1834 1955 1886 novitatem

388 1935 688 1987 transferre
712 1931 831 1987 ﬁdei
860 1930 1393 1998 vocabula,sequitur
1415 1943 1602 1981 omnes
1637 1926 1756 1980 illos
1793 1924 1960 1979 fuisse

390 2025 663 2085 indoctos,
696 2039 879 2078 rerum
914 2022 1221 2078 divinarum
1256 2021 1439 2081 rudes,
1470 2028 1523 2072 et
1551 2018 1833 2072 nominum
1866 2030 1960 2067 co-

391 2123 697 2182 gnatorum,
746 2122 801 2165 ut
824 2113 927 2165 iste
960 2112 1111 2172 dicit,
1175 2118 1456 2180 expertes;
1512 2109 1658 2170 illos,
1718 2107 1960 2174 inquam,

394 2202 487 2271 qui
514 2218 689 2271 neque
716 2210 1010 2269 potuerunt
1032 2216 1205 2271 neque
1224 2200 1506 2253 voluerunt
1528 2198 1778 2267 proprias
1814 2196 1961 2263 cogi-

395 2295 629 2348 tationes
660 2308 971 2363 praeponere
1001 2292 1069 2348 iis
1132 2292 1466 2353 nominibus,
1514 2306 1634 2360 quae
1693 2304 1722 2341 a
1767 2287 1966 2349 divinis

398 2386 638 2441 oraculis
663 2384 996 2453 accepimus.

470 2567 575 2624 Sed
610 2566 866 2622 omnibus
916 2565 1261 2620 manifestam
1302 2565 1536 2619 arbitror
1575 2580 1820 2629 causam,
1871 2585 1969 2621 cur

399 2660 515 2715 haec
544 2675 684 2713 nova
721 2658 941 2712 nomina
969 2656 1184 2711 cuderit
1219 2655 1542 2712 Eunomius.
1596 2657 1729 2712 Nam
1780 2674 1970 2713 omnes

400 2751 650 2805 homines
678 2749 861 2803 audito
889 2748 1066 2802 Patris
1096 2756 1150 2802 et
1176 2745 1297 2802 Filii
1327 2751 1609 2815 vocabulo,
1644 2750 1826 2805 statim
1852 2766 1972 2819 pro-

403 2843 580 2914 priam
631 2850 685 2896 et
739 2842 1042 2896 naturalem
1102 2841 1244 2895 inter
1280 2842 1427 2911 ipsos
1476 2842 1848 2898 habitudinem
1907 2859 1973 2897 ex

404 2932 540 3001 ipsis
590 2931 871 2986 vocabulis
901 2938 1237 3002 agnoscunt:
1287 2948 1408 3003 qua:
1440 2934 1584 2989 enim
1608 2935 1872 2989 naturalis
1904 2935 1975 2989 sit

2061 1770 2119 1806 τε
2174 1751 2268 1805 καὶ
2313 1748 2441 1802 Υἱοῦ
2495 1748 2588 1800 καὶ
2646 1746 2801 1813 ἁγίου
2852 1742 3167 1811 Πνεύματος
3220 1738 3496 1792 ἐποιοῦντο
3535 1736 3639 1805 τῆν

2066 1846 2320 1915 μνήμην·
2354 1841 2513 1909 εἴπερ
2554 1838 2687 1901 ὅλως
2734 1835 2953 1898 εὐσεϐὲς
3003 1834 3034 1903 ἢ
3087 1832 3365 1885 ἀκίνδυνον
3392 1827 3459 1897 ἦν
3504 1829 3645 1899 πρὸς

2061 1937 2158 2007 τὴν
2185 1934 2475 2001 καινότητα
2497 1931 2698 1999 ταύτην
2733 1926 3157 1999 μεταχαράττειν
3189 1923 3256 1976 τά
3277 1923 3372 1986 τῆς
3408 1921 3647 1981 πίστεως

2067 2027 2308 2096 ῥήματα,
2338 2022 2370 2092 ἢ
2408 2022 2604 2083 πάντες
2637 2017 2869 2088 ἀμαθεῖς
2897 2012 3036 2086 ἦσαν
3064 2017 3278 2073 ἐκεῖνοι,
3314 2013 3407 2065 καὶ
3436 2010 3647 2077 άκατή-

2065 2133 2217 2187 χητοι
2246 2114 2355 2167 τῶν
2391 2112 2724 2184 μυστηρίων,
2755 2110 2849 2162 καὶ
2876 2107 2983 2161 τῶν
3021 2104 3336 2177 προσφυῶν,
3365 2103 3440 2166 ῶς
3479 2118 3646 2171 φησιν

2065 2201 2243 2273 οὗτος,
2272 2207 2553 2276 ὀνομάτων
2582 2206 2823 2274 ἀνήκοοι,
2854 2203 2901 2255 οἰ
2939 2203 3075 2272 μήτε
3116 2198 3335 2260 εἰδότες,
3376 2196 3512 2266 μήτε
3556 2193 3648 2246 θε-

2067 2300 2331 2371 λήσαντες
2362 2298 2468 2352 τῶν
2504 2295 2914 2366 παραδοθέντων
2952 2295 3081 2362 ἡμῖν
3120 2292 3206 2344 διὰ
3235 2290 3332 2359 τῆς
3356 2288 3503 2350 θείας
3529 2303 3646 2354 φω-

2068 2394 2163 2463 νῆς
2194 2392 2471 2463 ὀνομάτων
2502 2388 2598 2451 τὰς
2635 2387 2770 2450 ἰδίας
2810 2386 3021 2447 ἑννοίας
3063 2380 3462 2454 προτιμοτέρας
3494 2378 3651 2447 ποιή-

2071 2483 2284 2535 σασθαι.

2155 2571 2312 2624 Ἀλλά
2341 2570 2501 2622 παντί
2550 2566 2814 2637 πρόδηλον
2840 2560 3003 2634 ὀἶμαι
3030 2558 3137 2630 τὴν
3168 2561 3347 2615 αἰτίαν
3390 2555 3525 2612 εἶναι
3548 2558 3651 2626 τῆς

2071 2664 2273 2732 ταύτης
2302 2659 2737 2731 ὀνοματοποιίας,
2768 2659 2849 2710 ὅτι
2878 2657 3077 2718 πάντες
3105 2652 3382 2724 ἄνθρωποι
3438 2650 3658 2718 Πατρὶς

2075 2757 2167 2809 καὶ
2194 2754 2324 2808 Υίοῦ
2352 2751 2723 2823 προσηγορίαν
2749 2749 3102 2813 ἀκούσαντες,
3131 2745 3291 2806 εὐθὺς
3322 2743 3420 2814 τὴν
3450 2740 3655 2794 οἰκείαν

2075 2849 2254 2903 αὐτῶν
2300 2848 2393 2901 καὶ
2439 2844 2671 2916 φυσικὴν
2711 2844 2847 2913 πρὸς
2891 2840 3096 2912 ἄλληλα
3132 2839 3316 2909 σχέσιν
3345 2838 3437 2890 ὑπ’
3473 2834 3658 2888 αὐτῶν

2078 2941 2184 2996 τῶν
2228 2940 2506 3010 ὀνομάτων
2554 2934 2994 3003 ὲπιγινώσκουσι,
3037 2933 3109 2984 Τὸ
3152 2930 3260 3000 γὰρ
3301 2929 3400 2998 τῆς
3442 2927 3659 2995 φύσεως

406 3021 690 3085 habitudo,
718 2997 971 3077 omnibus
1001 2997 1332 3089 tacentibus,
1370 3040 1434 3079 ex
1475 3025 1557 3079 his
1597 3024 1973 3094 appellationi-

2087 3031 2345 3099 συγγενὲς
2391 3031 2455 3081 ὲκ
2504 3028 2613 3080 τῶν
2662 3024 3040 3096 προσηγοριῶν
3077 3022 3280 3075 τούτων
3334 3019 3661 3089 αὐτομάτως

406 3112 511 3167 bus
543 3112 879 3183 intelligitur.
931 3111 1000 3167 Ut
1024 3129 1153 3185 ergo
1176 3115 1287 3171 haec
1340 3116 1407 3170 de
1460 3114 1621 3170 Patre
1675 3122 1730 3170 et
1759 3114 1896 3169 Filio
1922 3116 1977 3169 in

410 3202 607 3258 animis
636 3202 912 3257 hominum
954 3219 1061 3258 non
1095 3205 1564 3276 ingenerarentur,
1587 3205 1855 3261 subtrahit
1883 3220 1981 3264 au-

409 3295 685 3351 dientibus
709 3310 851 3359 eam,
913 3310 1033 3366 qua:
1057 3311 1179 3350 cum
1210 3298 1524 3352 nominibus
1587 3297 1733 3352 subit
1780 3304 1982 3350 mutuae

411 3386 749 3442 habitudinis
778 3388 1076 3452 notionem,
1109 3388 1420 3457 relictisque
1445 3387 1707 3442 divinitus
1749 3387 1984 3455 inspira-

413 3481 485 3535 tis
514 3479 867 3543 dictionibus,
900 3493 995 3533 eas
1028 3493 1191 3533 voces
1221 3479 1286 3533 ad
1310 3478 1726 3548 explicationem
1763 3477 1985 3549 dogma-

413 3578 528 3625 tum
554 3570 797 3634 adhibet,
831 3585 949 3638 quae
972 3570 1277 3623 evertendte
1303 3571 1519 3624 veritati
1561 3585 1724 3639 quant
1751 3570 1987 3627 maxime

416 3663 527 3717 sint
562 3662 788 3715 idonea}.

490 3751 656 3805 Recte
690 3765 851 3820 porro
877 3751 1026 3819 dicit,
1060 3752 1138 3805 Itis
1179 3769 1281 3805 non
1329 3753 1584 3806 universa:
1638 3752 1891 3807 Ecclesia:
1925 3753 1989 3807 de

418 3838 664 3892 doctrina
685 3839 1017 3905 sententiam,
1046 3839 1138 3893 sed
1167 3857 1317 3894 suam
1346 3843 1547 3910 perﬁci.
1573 3841 1760 3896 Cuivis
1784 3852 1987 3905 autem,

420 3932 515 3999 qui
545 3930 628 3984 vel
668 3930 952 3999 paululum
992 3933 1269 3989 attendere
1300 3935 1462 3996 velit,
1498 3934 1655 3989 facile
1683 3942 1786 3998 est,
1828 3950 1991 4004 quam

423 4022 588 4101 impia
644 4024 772 4087 sint,
815 4038 937 4093 qua:
978 4022 1175 4088 eti’utit,
1230 4026 1558 4095 perspicere.
1620 4027 1688 4080 At
1738 4025 1993 4081 fortassis

421 4112 520 4168 abs
569 4128 629 4167 re
667 4129 776 4169 non
817 4113 1000 4182 fuerit,
1046 4115 1319 4185 sigillatim
1358 4115 1699 4187 disquirere,
1731 4118 1991 4186 quidnam

424 4203 528 4259 sibi
555 4205 705 4272 velit,
747 4219 870 4259 cum
907 4221 1217 4276 supremam
1267 4216 1320 4261 et
1354 4208 1588 4261 maxime
1620 4208 1838 4277 proprie
1863 4209 1995 4264 sub-

421 4296 673 4350 stantiam
704 4297 806 4350 soli
832 4296 1009 4353 Patris
1043 4298 1365 4356 substantiae
1386 4298 1651 4363 attribuit,
1682 4314 1791 4354 non
1816 4313 1993 4356 autem

422 4386 545 4442 Filii
580 4398 635 4444 et
688 4389 925 4459 Spiritus
957 4390 1158 4453 sancti,
1215 4404 1339 4445 cum
1389 4399 1567 4447 tamen
1614 4392 1878 4447 concedat
1926 4391 1994 4447 iis

424 4492 713 4548 supernam
744 4486 798 4534 et
823 4480 1098 4551 propriam
1139 4480 1522 4538 substantiam.
1552 4482 1803 4538 Arbitror
1847 4484 1996 4539 enim

422 4584 520 4640 ego
549 4571 652 4623 hoc
679 4571 814 4625 nihil
844 4587 966 4626 esse
996 4573 1164 4636 aliud,
1188 4590 1350 4644 quam
1376 4574 1683 4630 machinam
1706 4575 1995 4645 quamdam

424 4660 493 4715 ad
526 4663 829 4732 negandum
861 4662 1109 4720 funditus
1147 4682 1361 4721 omnem
1400 4668 1762 4722 substantiam
1793 4665 1914 4722 Filii
1943 4674 1997 4722 et

427 4753 670 4822 Spiritus
699 4757 895 4821 sancti,
927 4773 1162 4827 eumque
1190 4760 1405 4813 occulte
1456 4760 1543 4814 bis
1572 4760 1858 4814 verborum
1885 4775 2002 4814 am-

429 4844 661 4915 bagibus
676 4847 879 4909 moliri,
899 4858 958 4902 ut
988 4859 1182 4919 praeter
1207 4852 1369 4905 inane
1388 4866 1585 4906 nomen
1619 4854 1751 4906 nihil
1775 4853 2004 4908 subesse

428 4936 740 5001 credamus,
773 4955 899 4992 vera
931 4942 1252 4998 substantiae
1284 4952 1337 4997 et
1378 4946 1629 5000 essentia:
1663 4947 1881 5011 notione
1912 4962 2006 5016 per

433 5029 531 5083 has
558 5030 766 5086 sutelas
798 5040 853 5085 et
890 5029 1108 5087 fraudes
1153 5033 1434 5089 destructa
1466 5055 1477 5090 ε
1506 5037 1762 5106 quodque
1798 5037 1911 5090 luce
1934 5040 2006 5090 ita

431 5137 553 5179 sese
586 5121 843 5188 habeant,
869 5124 1018 5178 nullo
1064 5127 1281 5195 negotio
1315 5128 1710 5196 deprehendet,
1762 5129 1855 5198 qui
1887 5130 2007 5183 ani-

433 5230 579 5269 mum
609 5214 676 5269 ad
714 5215 1017 5269 orationem
1056 5216 1230 5286 ipsius
1253 5220 1535 5288 paululum
1572 5221 1809 5291 adjicere
1841 5222 2005 5275 volet.

432 5306 549 5363 Non
592 5310 739 5363 enim
777 5311 822 5364 is
880 5311 1104 5366 credere
1143 5320 1323 5380 potest
1380 5328 1504 5369 vere
1546 5314 1853 5368 subsistere
1914 5330 2011 5382 per

434 5400 712 5472 prOpriam
741 5404 1125 5469 substantiam,
1146 5403 1340 5458 Filium
1366 5414 1420 5459 et
1439 5406 1699 5474 Spiritum
1731 5416 2006 5471 sanctum,

2085 3122 2519 3194 διερμηνεύεται.
2556 3120 2672 3172 Ἵνα
2704 3113 2795 3171 οὖν
2845 3117 2919 3189 μὴ
2956 3115 3127 3167 ταῦτα
3159 3114 3346 3184 νοῆται
3394 3112 3522 3182 περὶ
3562 3109 3662 3163 τοῦ

2088 3215 2301 3286 Πατρὸς
2341 3215 2434 3268 καὶ
2466 3213 2559 3266 τοῦ
2608 3209 2928 3282 μονογενοῦς
2952 3206 3105 3272 Υἰοῦ,
3138 3207 3228 3261 διὰ
3256 3205 3413 3258 τοῦτο
3438 3203 3664 3256 κλέπτει

2090 3304 2195 3358 τῶν
2246 3304 2548 3358 ἀκουόντων
2574 3302 2671 3372 τὴν
2709 3301 2797 3354 διὰ
2829 3300 2937 3353 τῶν
2980 3298 3256 3368 ὀνομάτων
3292 3293 3665 3349 συνεισιοῦσαν

2092 3396 2190 3466 τῆς
2219 3395 2543 3466 οἰκειότητος
2567 3393 2803 3463 ἔμφασιν
2821 3409 2833 3421 ·
2859 3391 2952 3444 καὶ
2975 3388 3287 3443 καταλιπὼν
3312 3387 3379 3440 τὰ
3408 3386 3668 3457 θεόπνευ-

2095 3504 2195 3539 στα
2238 3489 2477 3557 ῥήματα,
2518 3486 2607 3538 διὰ
2652 3484 2760 3537 τῶν
2809 3480 3202 3549 ὲπινοηθέντων
3236 3480 3329 3531 ἐπὶ
3366 3477 3514 3549 λύμῃ
3568 3478 3669 3546 τῆς

2095 3581 2349 3649 ἀληθείας
2382 3582 2613 3631 ποιεῖται
2646 3579 2744 3646 τὴν
2774 3575 2866 3628 τοῦ
2887 3575 3152 3644 δόγματος
3185 3572 3416 3625 ἔκθεσιν.

2166 3756 2361 3816 Καλῶς
2411 3755 2467 3807 δὲ
2516 3752 2672 3804 τοῦτό
2724 3768 2927 3820 φησιν,
2970 3750 3040 3802 οὐ
3091 3746 3206 3800 τῶν
3256 3747 3515 3799 καθόλου
3562 3744 3674 3812 τῆς

2111 3830 2474 3914 Ἐκκλησίας
2497 3843 2823 3914 δογμάτων,
2846 3841 3003 3895 ἀλλὰ
3030 3839 3148 3893 τῶν
3180 3839 3304 3892 καθ’
3330 3836 3582 3901 ἑαυτοὺς
3603 3837 3677 3889 ἐν

2099 3940 2330 4003 τούτοις
2362 3933 2865 4005 συμπληροῦσθαι
2903 3931 3009 3984 τὸν
3036 3932 3239 3997 λόγον.
3264 3929 3416 3981 Ἔστι
3447 3927 3504 3980 δὲ
3538 3926 3678 3997 πρό-

2100 4048 2279 4103 χειρος
2311 4029 2408 4100 μὲν
2431 4027 2592 4081 παντὶ
2609 4025 2685 4097 τῷ
2706 4042 2768 4094 γε
2785 4023 2907 4078 νοῦν
2935 4023 3131 4093 ἔχοντι,
3164 4021 3261 4090 τῆς
3285 4018 3542 4080 ἀσεῦείας
3566 4017 3680 4073 τῶν

2102 4121 2403 4193 εἰρημένων
2434 4121 2466 4189 ἡ
2501 4118 2839 4187 κατανόησις.
2877 4115 3040 4169 Οὐδὲν
3067 4113 3125 4166 δὲ
3164 4112 3291 4175 ἴσως
3323 4110 3431 4163 ἀπὸ
3457 4106 3679 4179 καιροῦ,

2103 4216 2197 4268 καὶ
2223 4213 2340 4267 καθ’
2365 4211 2593 4264 ἕκαστον
2626 4208 2929 4275 διεξετάσαι
2962 4206 3040 4276 τῷ
3068 4204 3211 4274 λόγῳ
3232 4220 3244 4232 ·
3272 4203 3325 4254 τί
3358 4201 3681 4271 βουλόμενος

2101 4307 2163 4360 τὸ
2192 4304 2465 4360 ἀνώτατόν
2494 4319 2552 4355 τε
2593 4302 2688 4355 καὶ
2718 4300 3048 4371 κυριώτατον
3095 4297 3230 4367 μόνῃ
3267 4292 3684 4364 προσμαρτυρεῖ

2102 4398 2196 4453 τοῦ
2232 4396 2443 4469 Πατρός
2470 4398 2536 4467 τῇ
2566 4394 2742 4465 οὐσίᾳ,
2779 4391 2901 4446 οὔτε
2929 4390 3022 4444 τοῦ
3065 4388 3218 4453 Υἱοῦ,
3252 4386 3372 4439 οὕτε
3394 4385 3487 4438 τοῦ
3523 4386 3681 4453 ἁγίου

2105 4490 2445 4560 Πνεύματος,
2490 4489 2601 4545 ἀνω
2636 4503 2695 4538 τε
2721 4485 2815 4538 καὶ
2844 4484 3040 4552 κυρίαν
3072 4479 3212 4536 εἶναι
3253 4478 3551 4549 συγχωρῶν
3579 4479 3684 4546 τὴν

2103 4584 2308 4637 οὐσίαν.
2343 4577 2508 4649 Οἶμαι
2542 4578 2652 4649 γὰρ
2703 4577 2877 4645 ἔγωγε
2925 4574 3154 4646 μελέτην
3181 4569 3321 4627 εἶναι
3350 4573 3553 4641 ταύτην
3582 4570 3683 4639 τῆς

2105 4672 2402 4735 παντελοῦς
2426 4672 2568 4727 κατὰ
2597 4670 2695 4741 τὴν
2717 4668 2903 4722 οὐσίαν
2932 4668 3211 4738 ἀρνήσεως
3230 4664 3322 4717 τοῦ
3345 4660 3682 4730 Μονογενοῦς

2102 4768 2196 4820 καὶ
2223 4765 2316 4818 τοῦ
2343 4764 2483 4818 Πνεύ
2493 4780 2678 4833 ματος,
2704 4759 2976 4814 καὶτοῦτο
3007 4757 3308 4824 λεληθότως
3338 4752 3682 4808 κατασκευάς

2104 4857 2291 4922 ζεσθαι
2320 4857 2407 4910 διὰ
2440 4855 2543 4923 τῆς
2573 4854 2827 4922 τοιαύτης
2857 4849 3221 4921 τεχνολογίας,
3252 4847 3313 4900 τὸ
3348 4846 3541 4916 μέχρις
3566 4844 3685 4896 ὀνόσ

2107 4967 2271 5020 ματος
2301 4943 2439 5001 εἶναι
2468 4946 2638 4999 ταῦτα
2664 4946 2860 5007 δοκεῖν,
2898 4944 2996 5013 τὴν
3023 4941 3079 4993 δὲ
3118 4939 3290 5009 ἀληθῆ
3324 4938 3422 5008 τῆς
3447 4936 3691 4989 ὑποστά-

2106 5059 2241 5105 σεως
2270 5041 2446 5093 αὐτῶν
2470 5038 2760 5110 ὁμολογίαν
2796 5037 2885 5091 διὰ
2920 5036 3018 5105 τῆς
3056 5032 3308 5101 τοιαύτης
3337 5029 3692 5098 κατασκευῆς

2110 5132 2444 5187 ἀθετεῖσθαν
2487 5132 2579 5186 καὶ
2628 5132 2710 5185 ὅτι
2750 5128 2922 5183 ταῦτα
2963 5127 3151 5181 τοῦτον
3184 5122 3420 5193 ἔχειτὸν
3461 5121 3689 5189 τρόπον,

2111 5225 2360 5296 χαλεπῶς
2398 5224 2463 5277 ἄν
2492 5242 2576 5288 τις
2621 5223 2973 5292 κατανοήσειε
3020 5218 3214 5290 μικρὸν
3254 5211 3692 5287 προσδιατρίψας

2110 5315 2188 5386 τῷ
2213 5316 2374 5386 λόγῳ.
2407 5317 2519 5369 Οὐκ
2545 5315 2659 5368 ἔστι
2686 5313 2780 5367 τοῦ
2814 5311 3122 5383 νομίζοντος
3154 5307 3368 5377 άληθῶς
3399 5300 3540 5359 εἶναι
3568 5303 3691 5357 κατ’

2115 5410 2251 5461 ἰδίαν
2302 5409 2597 5462 ὑπόστασιν
2646 5408 2736 5462 τὸν
2781 5404 3063 5475 Μονογενῆ
3106 5403 3201 5456 καὶ
3244 5400 3305 5454 τὸ
3356 5397 3583 5470 Πνεῦμα
3630 5395 3693 5448 τὸ

507 5586 584 5658 (a)
617 5585 827 5644 Similia
860 5588 917 5645 S.
942 5590 1177 5650 Basilius
1203 5593 1237 5647 Ι.
1274 5610 1324 5648 ιν
1347 5602 1535 5650 contra
1560 5592 1905 5662 Eunomium,
1933 5592 2119 5651 statim
2139 5593 2243 5650 sub
2270 5592 2505 5647 initium.
