4046 6156
431 219 526 272 301

1587 217 1868 274 CONTRA
1905 219 2296 292 EUNOMIUM,
2329 228 2456 284 LIB.
2495 229 2532 288 Ι.

3594 247 3697 304 301

427 324 606 389 ἅγιον,
646 319 705 373 τὸ
742 322 1211 428 ἀκριϐολογεῖσθαι
1248 332 1375 401 περὶ
1409 332 1506 404 τὴν
1557 337 1847 406 ὁμολογίαν
1897 337 1999 389 τῶν

2110 341 2200 408 qui
2229 343 2365 398 adeo
2395 345 2667 403 laboriose
2695 348 2751 404 in
2787 349 3107 406 nominibus
3134 353 3400 410 cudendis
3442 356 3695 428 desudat,

425 415 726 482 ὀνομάτων,
764 411 844 480 οἷς
877 419 1274 491 άποσεμνύνειν
1301 425 1472 480 οἴεται
1506 428 1616 482 δεῖν
1648 431 1738 484 τὸν
1763 432 1855 484 ἐπὶ
1884 433 2012 486 πάν-

425 521 531 556 των
564 506 719 559 Θεόν.
752 504 828 561 Ἦ
855 510 964 580 γάρ
998 511 1064 566 ἂν
1096 509 1164 586 ἦν
1209 516 1309 587 τῆς
1355 519 1588 592 ἐσχάτης
1631 511 1902 593 εὐηθείας,
1934 523 2012 594 τῷ

427 596 710 668 πράγματι
742 601 1138 674 συντιθέμενον,
1178 602 1614 680 μικρολογεῖσθαι
1646 617 1774 686 περὶ
1807 616 1875 669 τὰ
1910 617 2008 688 ῥή-

426 705 600 758 ματα·
642 693 759 745 νυνὶ
785 692 842 747 δὲ
873 695 949 766 τῷ
983 696 1116 770 μόνῃ
1151 707 1637 776 προσμαρτυρῆσαι
1671 707 1762 760 τοῦ
1797 709 2008 780 Πατρὸς

424 783 487 850 τῇ
518 782 677 853 οὐσίᾳ
715 784 778 837 τὸ
803 784 1080 842 ἀνώτατόν
1107 807 1164 842 τε
1200 794 1292 845 καὶ
1337 795 1690 869 κυριώτατον,
1725 799 1890 853 ἔδωκε
1921 801 2008 855 διὰ

423 873 519 942 τῆς
547 875 761 944 σιωπῆς
788 880 914 948 περὶ
947 880 1055 934 τῶν
1087 883 1393 939 ὑπολοίπων
1416 928 1429 949 .
1460 889 1536 952 ὡς
1565 892 1626 942 οὐ
1668 893 1870 964 κυρίωέ
1905 895 2004 963 ὑφ’

423 963 692 1030 εστώτων,
710 970 1082 1039 στοχάζεσθαι.
1114 975 1235 1038 Πῶς
1253 978 1359 1049 γάρ
1380 979 1524 1033 ἐστιν
1549 982 1760 1054 άληθῶς
1787 981 1923 1039 εἷναί
1951 1005 2004 1040 τι

425 1055 620 1124 λέγειν,
676 1053 720 1128 ᾧ
770 1062 845 1134 μὴ
897 1073 1400 1140 προσμαρτυρεῖται
1453 1073 1514 1126 τὸ
1573 1077 1778 1146 κυρίως
1829 1073 2000 1144 sint;

435 1151 670 1223 Ἀνάγκη
700 1154 809 1225 γάρ
837 1157 921 1226 ἐφ’
952 1151 1026 1211 ὧν
1059 1161 1154 1231 οὑχ
1183 1164 1524 1233 ὁμολογεῖται
1553 1168 1614 1222 τὸ
1647 1151 1855 1240 κύριον,
1889 1177 2002 1237 τοῖς

426 1243 1006 1318 ἀντιδιαστελλομένοις
1039 1252 1148 1304 τῶν
1188 1256 1466 1326 ὀνομάτων
1517 1260 1881 1319 συντίθεσθαι.
1929 1265 2001 1318 Τὸ

424 1334 528 1405 γάρ
561 1336 634 1406 μὴ
671 1336 878 1407 κύριον,
910 1341 1114 1413 ἄκυρον
1148 1346 1381 1410 πάντως.
1415 1349 1576 1402 Ὥστε
1609 1352 1641 1421 ἡ
1671 1353 1764 1405 τοῦ
1798 1356 1872 1424 μὴ
1905 1373 2000 1408 κυ-

427 1427 552 1496 ρίως
577 1424 713 1485 εἶναι
739 1436 1051 1508 κατασκευὴ
1077 1437 1176 1509 τῆς
1194 1441 1486 1506 παντελοῦς
1509 1445 1842 1517 ἀνυπαρξίας
1867 1450 2000 1503 ἀπό-

424 1517 584 1582 δειξις
613 1521 847 1587 γίνεται·
881 1527 1016 1597 πρὸς
1063 1531 1130 1600 ἣν
1181 1531 1357 1587 ἔοικεν
1390 1535 1419 1587 ὁ
1455 1537 1716 1608 Εὑνόμιος
1764 1540 1995 1609 βλέπων,

422 1609 592 1662 ταῦτα
624 1618 965 1686 καινοτομεῖν
993 1620 1052 1671 ἐν
1079 1620 1156 1692 τῷ
1182 1623 1304 1676 καθ’
1324 1625 1513 1681 ἑαυτὴν
1540 1628 1768 1700 δόγματι
1793 1635 1860 1686 τὰ
1880 1634 1999 1688 ὀνό·

423 1719 586 1770 ματα.
640 1705 715 1758 Οὐ
757 1707 865 1778 γὰρ
896 1709 960 1780 δὴ
1007 1711 1075 1764 δι’
1108 1715 1342 1785 ἀπορίαν
1383 1721 1544 1790 φήσει
1595 1741 1678 1788 τις
1719 1725 1880 1779 αὑτὸν
1921 1729 2000 1790 είς

421 1795 645 1888 ἀνόητον
675 1799 942 1871 ὑπόληψιν
972 1803 1271 1860 ἐκπεσόντα
1293 1812 1531 1873 τοπικῶς
1555 1814 1616 1866 τὸ
1631 1814 1744 1867 ἄνω
1778 1817 1910 1888 πρὸς
1939 1818 1999 1869 τὸ

420 1887 792 1982 ὑπερϐεϐηκὸς
845 1893 1194 1963 διαστέλλειν,
1244 1900 1338 1954 καὶ
1391 1902 1468 1972 τῷ
1524 1904 1698 1976 Πατρὶ
1748 1909 1998 1982 καθάπερ

417 1980 691 2051 -ίεώλοιρόν
737 2003 858 2055 τινα
910 1991 1141 2046 σκοπιάν
1188 1993 1542 2066 ἀφορίζοντα,
1586 1999 1676 2052 τὸν
1717 2001 1843 2055 Υίὸν
1885 1980 2000 2069 τοῖς

417 2074 743 2167 κοιλοτέροις
784 2080 1178 2154 ἐγκαθιδρύειν.
1205 2089 1392 2150 Οὐδεὶς
1418 2091 1525 2162 γὰρ
1564 2091 1707 2146 οὑτω
1739 2097 1868 2159 παῖς
1899 2097 1998 2167 τὴν

416 2164 674 2231 διάνοιαν,
695 2168 772 2233 ὡς
793 2172 885 2224 ἐπὶ
905 2173 1006 2241 τῆς
1027 2179 1220 2247 νοερᾶς
1242 2195 1299 2231 τε
1326 2181 1420 2233 καὶ
1437 2183 1732 2253 ἀσωμάτου
1761 2164 1994 2254 φύσεως,

414 2258 512 2328 τὴν
546 2259 688 2312 κατὰ
724 2260 887 2314 τόπον
917 2263 1179 2336 διαφοράν
1206 2269 1424 2325 ἐννοεῖν.
1458 2272 1622 2326 Ἴδιον
1659 2274 1769 2346 γὰρ
1811 2275 1997 2346 σωμά-

413 2364 520 2400 των
553 2351 585 2418 ἠ
611 2351 703 2403 ἐπὶ
729 2353 892 2406 τόπου
921 2355 1068 2418 Θέσις
1091 2373 1103 2384 ·
1145 2357 1206 2411 τὸ
1231 2360 1286 2412 δὲ
1309 2363 1374 2432 τῇ
1410 2361 1567 2429 φύσει
1604 2365 1790 2436 νοερόν
1816 2383 1875 2418 τε
1904 2367 1995 2419 καὶ

412 2442 594 2504 ἆῦλον,
625 2443 813 2515 πόρρω
855 2445 956 2516 τῆς
1004 2449 1143 2502 κατὰ
1183 2453 1346 2505 τόπον
1377 2455 1584 2519 ἐννοίας
1632 2458 1992 2528 ὁμολογεῖται.

412 2535 508 2588 Ti:
528 2530 623 2588 οὖν
656 2537 689 2606 ἡ
718 2538 866 2591 αίτία
887 2539 978 2592 τοῦ
1011 2541 1271 2598 ἀνωτάτω
1298 2545 1548 2614 λέγεσθαι
1575 2548 1735 2616 μόνου
1763 2550 1857 2602 τοῦ
1884 2552 1997 2605 Πα-

408 2628 540 2696 τρὸς
557 2627 656 2694 τὴν
676 2629 860 2682 οὐσίαν
881 2647 895 2693 ;
917 2633 1007 2695 Εἰς
1023 2632 1131 2702 γάρ
1147 2634 1348 2698 ταύτας
1369 2637 1462 2698 τὰς
1485 2637 1738 2701 ὑπονοίας
1768 2640 1828 2704 ἐξ
1851 2641 1997 2710 ἅμα·

412 2718 533 2782 Οίας
567 2721 711 2783 τινος
739 2721 900 2775 αὑτὸν
951 2726 1361 2796 περιφέρεσθαι,
1403 2729 1503 2781 οὑκ
1535 2730 1600 2783 ἄν
1641 2747 1727 2793 τις
1762 2731 1996 2795 εὑκόλως

412 2811 753 2882 ὑπονοήσειε,
782 2813 872 2866 τὸν
904 2815 962 2866 ἐν
1006 2817 1239 2880 πολλοῖς,
1282 2815 1364 2880 οἷς
1397 2819 1780 2885 ἐπιδείκνυται,
1835 2822 1996 2891 σοφὸν

411 2897 554 2956 εἶναι
577 2907 1073 2976 προσποιούμενον·
1103 2911 1196 2962 καὶ
1229 2909 1409 2972 καθὼς
1442 2912 1773 2984 ἀπαγορεύει
1807 2917 1839 2985 ἡ
1877 2915 1996 2969 θεία

410 2991 624 3063 Γραφὴ,
660 2994 753 3046 καὶ
791 2993 868 3048 τὰ
904 2997 1164 3063 περισσὰ
1193 2998 1606 3068 σοφιζόμενον.

494 3261 661 3314 Ἀλλά
697 3261 802 3333 μὴν
833 3262 950 3316 ούδέ
987 3263 1287 3335 δυνάμεως,
1334 3267 1453 3320 οὐδὲ
1490 3269 1840 3340 ἅγαθὸτητος,
1873 3273 1993 3326 οὑδὲ

402 3354 571 3407 ἄλλου
619 3355 764 3418 τινος
802 3355 912 3408 τῶν
955 3357 1208 3411 τοιούτων
1248 3361 1539 3430 ὑπεροχὴν,
1575 3363 1636 3414 τὸ
1681 3363 1791 3415 ἄνω
1835 3366 1994 3434 φήσει

402 3445 508 3514 τῆς
549 3445 737 3509 οὐσίας
771 3446 1167 3501 ἐνδείκνυσθαι·
1221 3451 1453 3521 καὶγὰρ
1488 3452 1579 3506 καὶ
1627 3453 1783 3507 τοῦτο
1834 3459 1995 3509 παντὶ

345 3600 358 3610 ο
402 3537 712 3605 γνώριμον,
743 3537 817 3607 μὴ
847 3539 928 3591 ὃτι
971 3541 1082 3602 τοῖς
1120 3540 1212 3593 ἐπὶ
1263 3541 1422 3612 σοφίᾳ
1463 3542 1804 3599 πλεονεκτεῖν
1840 3547 1994 3599 ὑπει-

402 3628 728 3696 λημμένοις·
743 3631 826 3681 ὅτι
843 3630 1094 3701 ἀνενδεὴς
1119 3619 1254 3700 πρὸς
1271 3633 1477 3686 τελείαν
1494 3635 1804 3708 ἁγαθότητά
1825 3656 1882 3690 τε
1899 3639 1997 3693 καὶ

401 3718 663 3788 δύναμιν,
691 3720 785 3774 καὶ
819 3721 994 3774 πάντα
1023 3721 1092 3775 τά
1117 3723 1360 3788 τοιαῦτα,
1390 3725 1425 3795 ἦ
1455 3743 1514 3778 τε
1539 3726 1634 3779 τοῦ
1660 3729 1998 3796 Μονογενοῦς

402 3810 504 3863 καὶ
542 3810 638 3864 τοὺ
673 3811 828 3878 άγίου
877 3813 1189 3884 Πνεύματός
1228 3815 1375 3869 ἐστιν
1421 3818 1733 3879 ὑπόστασις.
1777 3819 1858 3871 Τά
1889 3821 1998 3894 γὰρ

403 3901 592 3966 ἀγαθά
623 3901 822 3967 πάντα,
848 3903 952 3966 ἕως
976 3904 1041 3957 ἂν
1064 3905 1420 3977 ἀπαράδεκτα
1449 3907 1540 3960 τοῦ
1565 3891 1997 3981 ἐναντιουμένου,

318 4045 324 4049 ,
403 3993 536 4060 ὅρον
569 3993 670 4045 οὑκ
703 3993 816 4063 ἔχει
854 3993 952 4063 τῆς
1006 3994 1356 4065 ἀγαθότητος.
1400 3994 1618 4068 Ἐπειδὴ
1666 3998 1846 4068 μόνοις
1889 4001 2000 4064 τοῖς

404 4084 679 4148 ἐναντίοις
729 4087 943 4155 πέφυκε
993 4087 1450 4158 περιγράφεσθαι,
1478 4088 1554 4152 ὡς
1601 4090 1832 4145 ἐπὶτῶν
1877 4093 1998 4146 καθ’

400 4177 640 4231 ἕκαστον
657 4178 1069 4248 ὑποδειγμάτων
1081 4179 1224 4233 ἐστιν
1239 4180 1386 4236 ίδεῖν.
1404 4182 1466 4238 Ἢ
1478 4181 1706 4253 δύναμις
1718 4183 2001 4252 ἀσθενείας

396 4269 835 4340 παραλαϐούσης
865 4270 1107 4324 ἵσταται·
1140 4273 1172 4342 ἡ
1204 4271 1316 4342 ζωὴ
1359 4272 1572 4344 Θανάτῳ
1594 4276 1963 4346 περιορίζεται
1983 4294 1996 4306 ·

2119 433 2319 499 quibus
2347 443 2499 505 putat
2523 437 2733 494 Patrem
2768 455 2891 496 esse
2924 440 3312 510 afficiendum;
3358 461 3482 501 nam
3519 461 3707 507 extre-

2120 539 2219 578 mae
2249 525 2536 583 dementiae
2581 540 2745 595 esset,
2791 547 2939 596 eum,
2990 533 3082 603 qui
3139 549 3256 590 rem
3310 538 3692 600 confiteretur.

2117 616 2372 685 occupari
2403 619 2536 674 velle
2564 620 2711 674 circa
2750 624 2996 679 voculas.
3023 625 3093 677 At
3131 640 3258 680 cum
3301 641 3616 697 supremam
3643 646 3696 685 et

2115 705 2351 760 maxime
2384 709 2658 778 pr0priam
2701 711 3061 767 substantiam
3110 715 3210 768 soli
3247 713 3396 771 Patri
3427 719 3692 790 assignet,

2115 795 2235 866 ipso
2270 799 2487 854 silentio
2521 801 2790 870 conjicere
2820 818 2921 859 nos
2965 803 3117 869 facit,
3155 806 3313 876 quasi
3359 810 3553 880 reliqui
3584 827 3692 865 non

2115 891 2335 958 proprie
2359 891 2684 948 subsistant.
2718 893 3001 960 Quomodo
3027 896 3170 950 enim
3191 898 3372 954 dicere
3401 915 3694 968 possumus

2111 994 2238 1034 vere
2265 996 2386 1035 esse
2417 982 2640 1051 aliquid,
2674 984 2719 1039 si
2780 985 3002 1054 pr0prie
3033 1001 3156 1042 esse
3203 1003 3313 1042 non
3350 997 3532 1059 potest
3567 991 3694 1062 (a)?

2111 1067 2344 1126 Necesse
2375 1086 2611 1143 namque
2664 1081 2750 1128 est.
2795 1089 2882 1140 ea,
2909 1076 3110 1145 quibus
3146 1079 3364 1148 proprie
3413 1094 3534 1134 esse
3579 1095 3690 1134 non

2111 1166 2384 1232 convenit,
2417 1168 2684 1236 oppositis
2715 1167 3032 1224 nominibus
3062 1169 3344 1224 denotare.
3375 1170 3512 1224 Nam
3544 1171 3690 1241 quod

2109 1271 2217 1310 non
2242 1264 2326 1312 est
2377 1259 2617 1328 pr0prie,
2658 1260 2957 1330 improprie
2993 1262 3065 1316 sit
3116 1269 3352 1332 oportet.
3381 1263 3570 1332 Itaque
3603 1279 3692 1319 as-

2110 1361 2314 1411 serere.
2368 1350 2514 1418 quod
2567 1351 2784 1420 proprie
2838 1367 2949 1405 non
2987 1352 3057 1408 sit
3106 1351 3279 1407 Filius
3351 1361 3405 1406 et
3452 1351 3690 1424 Spiritus

2109 1448 2357 1503 sanctus,
2389 1442 2527 1494 nihil
2555 1453 2638 1497 est
2669 1441 2838 1507 aliud,
2858 1457 3023 1513 quam
3047 1458 3263 1498 omnem
3306 1443 3530 1498 omnino
3556 1445 3687 1498 sub-

2110 1529 2364 1584 stantiam
2410 1529 2691 1584 adimere:
2749 1531 2894 1599 quod
2963 1531 3082 1586 sine
3147 1531 3316 1586 dubio
3386 1531 3686 1586 Ennomius

2107 1629 2383 1688 spectans,
2413 1621 2526 1674 haec
2576 1623 2798 1675 nomina
2830 1637 2942 1676 suae
2965 1623 3246 1677 doctrinm
3275 1624 3492 1693 pr0pria
3524 1635 3686 1677 exco—

2031 1704 2073 1757 Β
2102 1713 2313 1781 gitavit.
2348 1712 2464 1766 Non
2495 1715 2638 1768 enim
2695 1714 2802 1768 dici
2862 1722 3042 1784 potest
3083 1715 3246 1769 illum
3315 1730 3382 1769 eo
3443 1715 3687 1771 stultitia!

2103 1804 2463 1874 processisse,
2494 1813 2552 1858 ut
2576 1820 2838 1875 superum
2891 1813 3152 1874 tanquam
3205 1805 3384 1860 locum
3439 1805 3686 1860 inferiori

2101 1893 2440 1961 opposuerit,
2477 1901 2533 1946 et
2559 1891 2705 1946 Patri
2741 1895 2889 1949 velut
2914 1895 3201 1949 editiorem
3234 1895 3530 1964 quamdam
3560 1910 3685 1965 spe-

2101 1982 2276 2036 culam
2293 1983 2882 2052 assignarit,colloeato
2903 1985 2956 2038 in
2971 1984 3352 2040 humilioribus
3375 1985 3509 2039 locis
3525 1983 3684 2038 Filio.

2099 2071 2232 2126 Nam
2266 2074 2448 2127 nullus
2476 2073 2611 2129 adeo
2653 2075 2919 2145 insipiens
2975 2083 3030 2131 et
3085 2076 3320 2132 stolidus
3357 2083 3464 2140 est,
3497 2076 3591 2145 qui
3623 2076 3677 2129 in

2099 2172 2292 2219 natura
2333 2165 2422 2218 illa
2446 2166 2549 2220 sub
2581 2167 2758 2220 solum
2789 2167 3129 2246 intellectum
3160 2167 3387 2222 cadente
3425 2165 3685 2220 differen-

2098 2257 2228 2311 tiam
2264 2257 2371 2311 loci
2398 2258 2626 2328 reperiri
2654 2259 2978 2325 existimet;
3029 2258 3135 2312 loci
3191 2259 3337 2313 enim
3382 2257 3685 2328 positiones

2097 2351 2317 2420 proprie
2342 2355 2471 2403 sunt
2501 2363 2792 2419 corporum
2823 2366 2837 2414 ;
2881 2356 2935 2402 at
2984 2348 3130 2420 quod
3165 2357 3358 2402 natura
3396 2362 3498 2402 sua
3527 2347 3680 2417 spiri-

2098 2441 2245 2496 tuale
2277 2446 2382 2506 est,
2440 2449 2494 2495 et
2514 2442 2694 2495 omnis
2764 2442 3016 2497 materiei
3071 2456 3289 2512 expers,
3337 2441 3388 2496 ei
3436 2442 3680 2496 omnium

2099 2531 2443 2589 confessione
2477 2533 2920 2604 circumscriptio
2956 2533 3062 2599 loci
3097 2548 3207 2588 non
3238 2533 3520 2604 competit.
3563 2532 3680 2598 Qua

2099 2627 2264 2698 igitur
2293 2626 2360 2681 de
2391 2640 2558 2682 causa
2600 2626 2798 2681 asserit
2856 2624 2962 2680 iste
2999 2625 3173 2681 solam
3202 2622 3383 2679 Patris
3413 2624 3671 2678 substan-

2100 2717 2228 2771 tiam
2286 2733 2406 2772 esse
2457 2719 2698 2772 omnium
2745 2717 3112 2788 supremam?
3149 2715 3283 2769 Nam
3341 2731 3406 2770 ex
3459 2714 3680 2769 inscitia

2098 2809 2249 2862 illum
2278 2808 2332 2862 in
2365 2809 2464 2863 has
2495 2810 2728 2879 ineptias
2769 2807 3010 2864 incidere
3068 2807 3214 2862 haud
3273 2807 3433 2863 facile
3482 2806 3681 2877 aliquis

2098 2902 2201 2956 sibi
2234 2902 2560 2971 persuadeat
2592 2921 2606 2969 ;
2644 2903 2846 2973 quippe
2889 2903 2984 2972 qui
3039 2901 3095 2955 in
3151 2901 3318 2957 rebus
3355 2907 3409 2955 et
3459 2899 3681 2968 scriptis

2099 2997 2215 3051 suis
2245 3012 2369 3050 cum
2417 2998 2614 3066 primis
2665 2995 2946 3065 sapientiae
2978 2994 3138 3048 laude
3200 3003 3459 3063 praestare
3509 2991 3679 3046 videri

2095 3086 2317 3155 cupiat:
2357 3083 2740 3154 quique,quod
2769 3090 2952 3136 tamen
2996 3080 3281 3151 Scriptura
3301 3077 3485 3134 divina
3515 3087 3681 3140 vetat.

2094 3179 2256 3232 etiam
2287 3177 2406 3245 plus
2427 3192 2586 3246 quam
2621 3183 2819 3243 oportet
2850 3172 3026 3242 sapiat
3052 3173 3120 3224 ”.

2166 3269 2329 3337 Atqui
2363 3282 2462 3322 nec
2493 3265 2772 3320 afﬁrmare
2795 3263 2995 3334 poterit
3022 3276 3322 3330 supremum
3349 3258 3502 3320 illud,
3531 3260 3677 3327 quod

2095 3362 2419 3416 substantiae
2473 3359 2654 3414 Patris
2699 3358 2913 3420 tribuit,
2955 3355 3270 3427 signiﬁcare
3298 3351 3678 3409 excellentiam

2096 3453 2388 3524 quamdam
2438 3452 2748 3522 potestatis,
2801 3449 3082 3514 bonitatis,
3134 3457 3230 3500 aut
3303 3443 3532 3500 alterius
3585 3443 3676 3496 ali-

2097 3545 2254 3614 cujus
2287 3545 2354 3599 de
2383 3559 2582 3614 genere
2611 3542 2824 3598 eodem.
2861 3539 3072 3595 Etenim
3115 3539 3221 3594 hoc
3240 3536 3530 3609 quibusvis
3560 3550 3679 3588 ma-

2096 3637 2356 3692 nifestum
2389 3644 2495 3701 est,
2529 3635 2772 3703 exceptis
2799 3634 2889 3701 iis,
2929 3633 3038 3704 qui,
3074 3631 3356 3701 sapientiae
3411 3628 3678 3699 principa-

2097 3739 2212 3785 tum
2244 3727 2347 3783 sibi
2383 3733 2662 3796 arrogant,
2704 3725 2970 3795 nnigeniti
2996 3723 3124 3779 Filii
3149 3735 3204 3779 et
3235 3723 3474 3794 Spiritus
3499 3720 3678 3776 sancti
3755 3719 3767 3732 ⁴

2098 3821 2420 3878 substantiae
2475 3819 2612 3872 nihil
2665 3818 2882 3888 penitus
2917 3815 3110 3872 deesse
3163 3814 3231 3870 ad
3269 3815 3526 3869 omnibus
3579 3827 3674 3865 nn-

2099 3915 2264 3971 meris
2294 3912 2600 3968 absolutam
2655 3910 2954 3965 bonitatem
2984 3948 2998 3972 ,
3039 3907 3365 3977 potentiam,
3405 3912 3460 3960 et
3513 3903 3580 3958 ad
3625 3903 3677 3956 id

2099 4024 2270 4080 genus
2302 4006 2407 4060 alia
2458 4004 2738 4058 attributa.
2791 4001 2986 4057 Omnia
3039 4001 3185 4057 enim
3242 3999 3384 4054 bona
3433 3995 3678 4066 quandiu

2098 4115 2256 4172 pura,
2287 4106 2340 4154 et
2392 4113 2421 4151 a
2453 4111 2552 4151 suo
2570 4094 2849 4149 contrario
2889 4092 3061 4148 libera
3096 4097 3340 4153 manent,
3383 4088 3554 4142 limite
3582 4100 3680 4140 ca-

2101 4199 2240 4248 rent.
2271 4189 2404 4244 Nam
2437 4187 2556 4242 solo
2587 4174 2871 4240 c\ontrario
2903 4181 3207 4245 terminari,
3239 4187 3296 4234 et
3332 4178 3498 4232 certis
3517 4176 3680 4245 quasi

2107 4283 2306 4337 finibus
2337 4277 2542 4334 includi
2575 4277 2754 4332 solent
2787 4294 2800 4329 :
2835 4285 2894 4328 ut.
2933 4273 3120 4327 videre
3173 4271 3322 4333 licet,
3363 4268 3410 4323 si
3443 4267 3569 4337 quis
3599 4267 3681 4322 εἰς

398 4360 592 4430 φωτὸς
625 4361 800 4428 πέρας
827 4359 888 4413 τὸ
937 4362 1129 4426 σκότος
1174 4364 1326 4417 ἐστί·
1359 4366 1452 4417 καὶ
1499 4369 1674 4422 πάντα
1722 4371 1996 4423 συνελόντι

2102 4373 2328 4446 gillatitn
2366 4385 2456 4425 res
2487 4367 2691 4423 intueri
2745 4366 2893 4420 velit.
2928 4362 3196 4418 Valetudo
3225 4360 3371 4413 enim
3429 4359 3682 4412 veniente

397 4451 600 4522 φάναι,
633 4452 704 4502 τά
728 4451 848 4504 καθ’
887 4451 1119 4506 ἕκαστον
1145 4454 1325 4522 ἀγαθά
1351 4460 1461 4520 τοῖς
1507 4459 1767 4524 ἐναντίοις
1799 4462 1998 4514 έναπο⁸

396 4546 587 4616 λήγει.
623 4545 687 4598 El
725 4545 820 4616 μὲν
846 4543 941 4602 οὖν
972 4547 1211 4618 τρεπτὴν
1242 4550 1376 4620 πρὸς
1400 4551 1460 4604 τὺ
1505 4556 1688 4623 χεῖρον
1713 4554 1811 4626 τὴν
1839 4555 2000 4625 φύσιν

398 4638 503 4692 τοῦ
532 4638 877 4707 Μονογενοῦς
915 4640 1008 4693 καὶ
1039 4639 1134 4694 τοῦ
1166 4643 1482 4714 Πνεύματος
1509 4646 1839 4714 ὑποτίθεται,
1859 4651 2002 4702 είκὸ-

399 4749 516 4796 τως
550 4734 641 4786 ἐπ’
687 4732 869 4786 αὐτῶν
913 4736 1344 4806 κατασμικρύνει
1379 4736 1478 4809 τὴν
1522 4739 1622 4808 τῆς
1666 4740 2000 4812 ἀγαθότητος

401 4822 618 4876 ἔννοιαν
644 4838 657 4852 ·
691 4821 768 4886 ὡς
795 4821 1105 4893 δυναμένων
1127 4825 1220 4878 καὶ
1247 4828 1358 4887 τοῖς
1388 4827 1646 4892 ἐναντίοις
1681 4832 1999 4902 συνενεχοῆ-

401 4931 520 4969 vat.
549 4911 614 4967 Εἰ
642 4914 699 4967 δὲ
723 4915 1072 4979 ἀνεπίδεκτός
1098 4920 1212 4970 ἐστι
1235 4917 1328 4971 τοῦ
1353 4920 1593 4991 χείρονος
1617 4924 1648 4992 ὴ
1681 4921 1799 4976 Θεία
1820 4941 1880 4976 τε
1906 4928 2000 4979 καὶ

403 5005 771 5070 ἀναλλοίωτος
794 5005 976 5076 φύσις,
1005 5008 1274 5062 καὶτοῦτο
1299 5012 1426 5078 παρ’
1453 5012 1632 5066 αὐτῶν
1654 5013 1760 5067 τῶν
1788 5016 1999 5088 ἐχθρῶν

403 5095 780 5167 ὡμολόγηται,
815 5097 1064 5168 ἀόριστος
1094 5100 1311 5164 πάντως
1345 5102 1404 5152 ἐν
1434 5102 1513 5172 τῷ
1554 5104 1743 5175 ἀγαθῴ
1774 5106 1998 5178 θεωρεῖ-

403 5207 520 5244 ται.
552 5191 624 5244 Τὸ
653 5192 711 5244 δὲ
744 5191 1000 5261 ἀόριστον
1067 5193 1279 5265 ἀπείρῳ
1305 5196 1501 5272 ταυτόν
1544 5199 1708 5252 ἐστιν.
1749 5200 1997 5272 Ἀπείρου

405 5281 469 5334 δὲ
520 5283 612 5336 καὶ
636 5284 894 5353 ἀορίστου
937 5282 1272 5354 πλεονασμὸν
1324 5286 1416 5339 καὶ
1457 5286 1750 5342 ἐλάττωσιν
1773 5293 1994 5358 ἐννοεῖν,

405 5375 508 5444 τῆς
538 5376 779 5446 ἐσχάτης
819 5375 1046 5442 ἀλογίας
1075 5377 1210 5431 ἐστί.
1255 5378 1378 5442 Πῶς
1408 5378 1517 5450 γὰρ
1554 5379 1620 5434 ἂν
1642 5382 1670 5434 ὁ
1697 5381 1797 5447 τῆς
1838 5385 1996 5438 ἀπει-

490 5543 532 5572 ⁹²
565 5538 735 5594 Eccli.
758 5553 856 5595 vn.
893 5536 979 5589 17.

2099 4463 2470 4521 imbecillitate
2526 4460 2714 4514 finitur
2740 4501 2755 4524 ,
2791 4457 2906 4510 vita
2942 4462 3125 4508 morte
3172 4451 3676 4514 circumscribitur,

2099 4559 2274 4614 lucem
2303 4553 2598 4611 terminant
2621 4550 2879 4610 tenebrae,
2914 4555 2965 4602 et
3013 4555 3070 4601 ut
3103 4561 3217 4600 rem
3257 4547 3311 4599 in
3347 4559 3520 4614 pauca
3547 4558 3681 4596 eon-

2100 4651 2290 4713 feram,
2319 4645 2573 4718 quaelibet
2599 4643 2743 4698 bona
2770 4642 3056 4710 ingruente
3085 4637 3365 4694 contrario
3393 4636 3675 4691 desinunt.

2104 4743 2160 4799 Si
2201 4742 2368 4811 igitur
2399 4738 2724 4800 arbitratur,
2757 4742 3011 4788 naturam
3042 4731 3324 4801 Unigeniti
3350 4738 3402 4786 et
3428 4728 3677 4799 Spiritus

2103 4833 2279 4891 sancti
2321 4827 2610 4884 mutationi
2666 4826 2720 4879 in
2761 4825 3004 4880 deterius
3039 4824 3332 4878 obnoxiam
3394 4837 3537 4886 esse,
3575 4835 3682 4875 me-

2101 4927 2208 4980 rito
2234 4937 2365 4979 sane
2398 4919 2713 4988 opinionem
2763 4915 2828 4970 de
2867 4914 3186 4969 earumdem
3221 4914 3466 4968 bonitate
3506 4911 3684 4966 immi-

2104 5019 2222 5073 nuit
2245 5024 2298 5071 et
2325 5015 2523 5074 elevat,
2555 5025 2678 5065 cum
2726 5007 2991 5061 contrarii
3052 5007 3163 5062 sint
3201 5019 3451 5076 capaces.
3504 5003 3575 5057 At
3631 5002 3680 5056 si

2101 5111 2292 5164 divina
2321 5112 2520 5160 natura
2558 5103 2612 5154 in
2647 5099 2890 5155 deterius
2943 5098 3299 5154 immutabilis
3337 5109 3565 5167 prorsus
3625 5105 3679 5146 et

2107 5197 2449 5256 invariabilis
2475 5203 2578 5253 est.
2612 5201 2671 5246 ut
2697 5192 2800 5261 ipsi
2824 5206 3042 5261 quoque
3069 5191 3254 5245 hostes
3288 5188 3548 5246 fatentur,
3587 5199 3685 5239 ne-

2107 5293 2350 5352 cessario
2384 5289 2635 5360 sequitur
2666 5299 2785 5340 eam
2821 5283 3228 5339 interminatam
3253 5279 3552 5333 bonitatem
3588 5286 3686 5330 tta-

2106 5389 2260 5444 bere:
2290 5381 2700 5439 interminatum
2730 5385 2912 5432 autem
2941 5381 2994 5429 et
3026 5369 3303 5427 infinitum
3339 5367 3478 5422 idem
3528 5377 3677 5423 sunt.

487 5681 560 5753 (a)
597 5681 828 5740 Profert
898 5680 1045 5733 hunc
1108 5677 1287 5731 locum
1345 5678 1625 5748 Cypariss.
1685 5677 1887 5734 Dec-ad.
1949 5697 2022 5749 tv,
2067 5695 2186 5748 cap.
2225 5681 2277 5734 9.
