4046 6156
328 176 432 236 503

1558 182 1613 237 S.
1640 183 1965 239 GREGORll
1996 183 2289 239 NYSSENl

3461 181 3568 236 5οι

326 291 396 345 At
426 290 481 345 in
530 288 738 344 infinita
786 298 840 344 et
885 282 1225 342 interminata
1263 290 1420 359 copia
1460 298 1513 344 et
1557 292 1891 346 abundantia

2015 294 2118 357 >ίας
2148 292 2434 362 διασωθείη
2481 292 2657 360 λόγος,
2691 293 2738 345 εί
2780 293 2843 345 τὺ
2871 293 3031 345 πλέον
3059 309 3118 346 τε
3144 294 3239 347 καὶ
3266 290 3486 349 ἔλαττον
3515 297 3573 346 ἐν
3601 296 3629 347 ἅ

326 381 600 438 defectum
638 389 692 436 et
720 380 1158 435 imminutionem
1216 381 1401 435 animo
1446 383 1756 451 concipere,
1803 400 1895 436 ex-

327 487 515 533 trema:
541 476 867 546 insipientia:
897 480 1278 543 argumentum
1297 482 1400 529 est.
1431 474 1714 538 Quomodo
1750 476 1896 529 enim

328 569 469 625 ratio
497 577 552 622 et
579 567 729 621 notio
762 564 1048 619 inﬁnitatis
1078 565 1361 629 subsistet,
1389 567 1433 618 si
1464 565 1589 635 quis
1633 565 1685 618 in
1727 581 1785 620 re
1816 565 1896 618 in-

329 663 623 718 tentionem
650 668 705 714 et
736 657 1115 713 remissionem
1146 657 1388 713 statuat?
1422 656 1499 709 Ex
1533 656 1720 711 [inium
1754 657 1896 709 enim

328 760 513 805 mutua
541 750 695 819 juxta
721 763 781 804 se
803 748 1151 820 oppositione
1182 748 1461 803 excelsum
1486 747 1897 818 cognoscimus.

331 840 430 897 Ubi
464 856 591 896 vero
610 842 733 896 linis
765 841 944 896 omnis
976 841 1151 904 abest,
1188 854 1427 909 quanam
1469 840 1684 894 ratione
1711 854 1901 895 exces-

328 951 423 993 sus
450 934 705 1004 cognosci
729 932 949 1003 potest?
997 933 1079 987 An
1134 931 1385 987 fortassis
1436 930 1739 986 Eunomius
1794 932 1901 987 huc

327 1042 438 1081 non
461 1026 795 1088 collineavit,
824 1025 920 1079 sed
948 1025 1128 1094 potius
1176 1024 1512 1092 temporario
1540 1023 1775 1092 quodam
1801 1039 1898 1077 ex-

328 1129 486 1171 cessu
518 1116 848 1185 cogitatione
877 1114 1185 1177 eiformato,
1244 1113 1547 1167 secundum
1579 1113 1899 1182 praerogati-

327 1219 446 1260 vam
468 1206 700 1277 originis
726 1214 779 1261 et
825 1204 1172 1275 antiquitatis
1213 1203 1594 1259 excellentiam
1627 1202 1901 1271 intelligit,

2000 386 2149 456 αὐτῷ
2180 384 2581 455 δογματίζοιτο;
2622 388 2713 439 Ἐκ
2744 386 2852 457 γὰρ
2883 387 2978 455 τῆς
3020 384 3126 438 τῶν
3157 385 3405 456 περάτων
3437 388 3575 457 πρὸς
3608 372 3611 375 Δ

2001 474 2205 545 ἄλληλα
2231 475 2603 545 παραθέσεως,
2628 478 2689 529 τὸ
2717 476 2875 530 πλέον
2910 476 3366 547 διαγινώσκομεν
3395 477 3480 545 ἐφ’
3500 470 3578 530 ὧν

2001 566 2058 618 δὲ
2088 566 2259 637 πέρας
2290 567 2388 619 οὐκ
2427 565 2691 630 ἔστι,πῶς
2734 568 2797 621 ἄν
2821 586 2903 631 τις
2934 567 3184 638 δυνηθείη
3216 568 3276 620 τὸ
3320 568 3581 639 περισσὸν

2004 658 2251 727 ἐννοῆσαι
2277 677 2290 725 ;
2321 660 2389 711 Ἢ
2420 660 2541 729 οὐχὶ
2572 659 2746 725 τοῦτο,
2778 660 3032 731 χρονικὴν
3053 660 3107 712 δέ
3135 677 3257 713 τινα
3294 660 3388 731 τὴν
3412 660 3579 730 ὑπερ-

2001 750 2131 821 οχὴν
2164 752 2381 816 ὲννοῶν,
2415 753 2554 805 κατὰ
2596 752 2662 805 τὰ
2702 752 2964 823 πρεσϐεῖα
2995 753 3091 822 τῆς
3132 751 3489 823 ἀρχαιότητος
3519 748 3582 802 τὸ

2003 843 2161 899 πλέον
2195 844 2367 915 νέμει,
2422 846 2514 897 καὶ
2541 844 2628 897 διὰ
2658 844 2814 897 τοῦτο
2844 844 2942 914 τὴν
2996 844 3086 896 τοῦ
3130 844 3343 915 Πατρδς
3389 843 3581 896 οὐσίαν

2005 935 2172 1006 μόνην
2194 936 2453 990 ἀνωτάτω
2481 937 2672 1007 φησίν;
2706 935 2913 989 Οὐκοῦν
2942 936 3147 990 εἰπάτω
3166 936 3274 988 τίνι
3295 934 3388 987 τοὺ
3420 934 3583 986 πλέον

2004 1027 2101 1097 τῆς
2127 1026 2221 1079 τοῦ
2248 1027 2461 1098 Πατρὸς
2486 1029 2629 1097 ζωῆς
2659 1026 3000 1098 διεμέτρησε,
3037 1026 3262 1095 μηδενὸς
3286 1025 3584 1095 διαστήμα-

2004 1131 2096 1178 τος
2144 1116 2395 1185 χρονικοῦ
2442 1116 2928 1187 προεπινοουμένσυ
2972 1117 3073 1187 τῆς
3114 1115 3208 1170 τοῦ
3248 1112 3587 1185 Μονογενοῦς

2009 1207 2377 1271 ὑποστάσεως.

325 1297 397 1351 ob
429 1312 660 1366 eamque
710 1297 886 1351 Patris
958 1298 1327 1352 substantiam
1377 1297 1549 1351 solam
1621 1296 1865 1350 omnium
1934 1311 2247 1369 supremam
2310 1302 2511 1356 vocat?
2573 1302 2718 1356 dicat
2758 1316 2910 1373 ergo.
2964 1300 3051 1356 cui
3098 1315 3382 1356 excessum
3434 1298 3588 1352 illum

328 1385 474 1447 vitae,
499 1400 607 1455 qua
661 1385 821 1439 Pater
853 1386 1002 1449 vicit,
1049 1387 1332 1449 attribuat,
1366 1400 1490 1441 cum
1525 1385 1735 1440 nullum
1796 1388 2061 1456 temporis
2129 1391 2365 1460 spatium
2420 1391 2563 1447 inter
2624 1391 2839 1447 Patrem
2888 1400 2943 1447 et
2983 1391 3322 1463 unigenitum
3392 1387 3589 1443 Filium

327 1480 672 1551 interjectum
709 1481 890 1535 animo
928 1488 1076 1536 recte
1105 1482 1320 1552 concipi
1353 1482 1552 1551 queat?

398 1616 686 1674 Faciamus
730 1626 908 1675 tamen
944 1628 1161 1691 tempus
1202 1622 1563 1687 intercedere,
1603 1624 1901 1692 quomodo,

2077 1622 2271 1675 Καίτοι
2304 1622 2353 1673 εἰ
2392 1622 2485 1675 καὶ
2510 1619 2668 1673 τοῦτο
2691 1616 2758 1690 ἦν
2799 1618 3057 1691 (εἰρήσθω
3090 1617 3199 1689 γάρ
3224 1618 3348 1672 καθ’
3387 1618 3591 1671 ὑπόθε-

332 1727 551 1784 quaem,
585 1715 709 1782 plus
766 1713 833 1768 de
891 1714 1103 1769 ratione
1153 1715 1473 1770 substantia:
1536 1716 1906 1784 participaret,

333 1804 483 1872 prior
515 1805 607 1857 illa
633 1806 937 1860 secundum
984 1806 1333 1860 durationem
1383 1806 1710 1867 substantia,
1746 1821 1907 1875 quam

331 1895 622 1966 posterior,
660 1894 727 1951 de
755 1896 896 1964 ipsa,
925 1895 1171 1965 inquam,
1208 1900 1421 1951 ratione
1448 1906 1501 1951 et
1538 1897 1907 1951 notionesub~

332 1985 565 2047 stantize,
617 1992 674 2038 ut
716 2000 982 2053 suprema,
1024 1994 1078 2041 et
1114 2002 1235 2056 quae
1282 1989 1489 2056 proprie
1521 1988 1611 2051 sit,
1646 1987 1907 2056 appellari

330 2084 656 2140 mereretur,
688 2074 779 2130 illa
812 2091 943 2131 vero
982 2092 1328 2146 nequaquam
1362 2079 1384 2133 ?
1416 2077 1573 2133 Prior
1642 2080 1786 2133 enim
1825 2093 1909 2131 re-

331 2171 522 2233 Spectu
549 2167 873 2234 posterioris
897 2207 913 2232 ,
968 2167 1335 2223 diuturnioris
1366 2169 1586 2237 quidem
1640 2169 1907 2237 temporis

332 2254 610 2323 particeps
663 2260 768 2319 est,
824 2262 877 2307 at
938 2253 1006 2309 de
1056 2256 1378 2311 substantiae
1429 2257 1683 2320 ratione,
1735 2271 1912 2325 neque

339 2345 507 2415 plus,
558 2360 735 2414 neque
798 2346 1001 2412 minus,
1057 2362 1218 2416 quam
1280 2348 1554 2416 posterior
1596 2347 1907 2418 participat.

331 2436 545 2493 Clarior
632 2452 723 2492 res
782 2446 893 2491 tota
977 2438 1242 2507 exemplis
1333 2438 1544 2494 evadet.
1610 2438 1754 2505 Quid
1808 2440 1911 2494 mi-

335 2543 439 2581 nus
479 2527 671 2582 habuit
700 2543 865 2597 quam
912 2529 1208 2591 Abraham,
1264 2530 1409 2599 quod
1467 2529 1534 2585 ad
1592 2531 1912 2587 substantiae

333 2620 599 2674 rationem
640 2619 859 2683 attinet,
898 2622 1092 2675 beatus
1139 2620 1330 2688 David,
1365 2622 1786 2690 quatuordecim
1814 2638 1906 2691 ge-

336 2710 718 2765 nerationibus
755 2711 850 2765 illo
876 2710 1057 2765 minor
1098 2712 1181 2764 '3?
1216 2712 1298 2765 An
1347 2712 1494 2781 quod
1538 2722 1784 2781 tempore
1816 2728 1910 2782 po-

336 2802 537 2856 sterior
572 2810 737 2855 natus
767 2802 936 2865 sit,ob
955 2802 1008 2856 id
1032 2802 1269 2857 humana
1303 2812 1500 2858 natura
1532 2805 1585 2858 in
1620 2818 1685 2859 co
1704 2812 1910 2858 mutata

334 2903 438 2953 est,
473 2893 723 2949 minusve
771 2893 931 2949 homo
959 2894 1064 2949 fuit
1092 2894 1114 2947 ?
1145 2896 1279 2960 Quis
1313 2905 1425 2949 tam
1469 2895 1653 2950 fatuus
1682 2903 1788 2962 est,
1816 2896 1909 2964 qui

2014 1730 2097 1765 σιν
2120 1712 2274 1783 τέως)
2320 1714 2353 1782 ὴ
2377 1711 2453 1781 τῷ
2477 1711 2651 1782 χρόνῳ
2676 1712 2990 1781 προήκουσα
3005 1710 3106 1780 τῆς
3128 1712 3592 1781 μεταγενεστέρας

2011 1805 2214 1870 οὐσίας,
2246 1804 2300 1857 τί
2330 1804 2526 1875 μᾶλλον
2562 1803 2673 1873 ἔχει
2699 1803 2759 1856 τὸ
2796 1798 2955 1867 εἶναι,
2986 1803 3108 1857 κατ’
3143 1802 3306 1856 αὐτὸν
3329 1801 3471 1871 λέγω
3497 1802 3593 1854 τὸν

2010 1896 2104 1949 τοῦ
2138 1892 2278 1949 εἶναι
2310 1896 2467 1964 λόγον
2486 1935 2500 1959 ,
2531 1895 2669 1949 ὥστε
2699 1895 2797 1965 τὴν
2838 1895 2934 1965 μὲν
2972 1894 3231 1947 ἀνωτάτω
3265 1894 3361 1947 καὶ
3393 1895 3591 1962 κυρίαν

2010 1988 2211 2057 λέγειν,
2240 1988 2338 2059 τὴν
2369 1988 2425 2040 δὲ
2466 1989 2539 2059 μὴ
2562 1987 2731 2051 οὑτως
2759 1986 2934 2055 ἕχειν;
2966 1985 3072 2039 Τοῦ
3099 1986 3209 2057 γὰρ
3235 1986 3592 2057 προγενεστέ-

2013 2098 2108 2151 ρου
2140 2080 2275 2151 πρὸς
2309 2080 2368 2133 τὸ
2392 2079 2671 2150 νεώτερον,
2699 2081 2727 2131 ὁ
2763 2078 2860 2148 μὲν
2888 2077 3080 2148 χρόνος
3103 2078 3200 2148 τῆς
3222 2077 3367 2148 ζωῆς
3389 2077 3597 2130 πλείων

2011 2172 2158 2225 ἐστίν
2178 2187 2192 2200 ⁸
2231 2174 2263 2241 ἠ
2289 2172 2344 2224 δὲ
2372 2171 2528 2224 οὐσία
2555 2170 2705 2240 παρὰ
2730 2169 2907 2233 τοῦτο,
2942 2170 3063 2221 οὐδὲ
3090 2168 3252 2221 πλέον
3279 2168 3340 2221 τὸ
3372 2169 3593 2221 ἔλαττον

2012 2260 2142 2331 ἔχει.
2171 2260 2507 2329 Σαφέστερον
2534 2259 2589 2312 δὲ
2630 2256 2787 2311 τοῦτο
2814 2257 2908 2310 καὶ
2944 2256 3009 2308 δι’
3056 2255 3467 2324 ὑποδειγμάτων
3496 2273 3592 2324 γε-

2012 2353 2231 2421 νήσεται
2257 2369 2267 2379 ·
2302 2351 2354 2402 τί
2383 2350 2598 2403 ἔλαττον
2637 2342 2750 2418 εἶχε
2780 2347 2874 2400 τοῦ
2920 2346 3170 2417 Ἀϐραὰμ
3200 2345 3342 2399 κατὰ
3370 2346 3460 2399 τὸν
3492 2347 3594 2417 τῆς

2011 2439 2198 2503 οὐσίας
2239 2440 2415 2508 λόγον,
2448 2440 2476 2492 ὁ
2516 2439 2652 2509 μετά
2696 2438 3098 2508 δεκατέσσαρας
3142 2437 3333 2507 γενεὰς
3382 2437 3595 2491 ἀναδει-

2011 2530 2160 2600 χθεὶς
2192 2531 2386 2597 Δαϐίδ;
2411 2526 2558 2602 *Αρά
2594 2549 2648 2585 τι
2680 2530 3009 2600 μετεποιήθη
3046 2531 3145 2599 τῆς
3173 2528 3594 2600 ἀνθρωπότητος

2010 2622 2103 2675 ἐπὶ
2134 2621 2356 2687 τούτου;
2393 2624 2500 2676 Καὶ
2547 2617 2707 2693 ἦττον
2750 2622 3033 2692 ἄνθρωπος
3058 2617 3147 2693 ἦν,
3180 2621 3261 2675 ὅτι
3301 2621 3375 2687 νς.
3412 2621 3597 2693 χρόνῳ

2017 2715 2511 2786 μεταγενέστεροςς
2561 2716 2670 2771 Καὶ
2697 2715 2780 2778 τίς
2817 2716 2989 2777 οὕτως
3016 2713 3221 2783 ἠλίθιος
3247 2718 3395 2769 ἄκεα-ι
3433 2713 3598 2769 νιῑτο

2013 2807 2224 2871 εἰπείν;
2272 2804 2367 2870 Εἷς
2414 2807 2522 2877 γάρ
2556 2809 2641 2876 ἐφ’
2674 2807 2949 2878 ἑκατέρων
2978 2807 3076 2877 τῆς
3104 2807 3291 2869 οὐσίας
3341 2807 3370 2859 6
3412 2806 3595 2873 λόγος,

2013 2898 2164 2950 οὐδὲν
2201 2900 2267 2969 τῇ
2306 2898 2524 2969 παρόδῳ
2554 2896 2649 2952 τοῦ
2700 2898 2893 2969 χρόνου
2930 2897 3438 2967 συναλλοιούμενυς·
3483 2897 3596 2950 οὐδ’

336 2986 443 3041 boc
465 2987 711 3042 asserat?
736 2986 938 3042 Eadem
965 2988 1109 3043 enim
1139 2996 1193 3041 et
1238 2988 1298 3043 in
1349 2988 1454 3044 hoc
1479 2998 1531 3045 et
1558 2989 1613 3043 in
1643 2989 1737 3044 illo
1786 2990 1909 3045 sub-

2015 2986 2077 3041 ἄν
2102 3005 2184 3051 τις
2386 2960 2620 3057 τὸν-μὲν
2659 2960 2860 3058 μέλλον
2902 2985 3189 3058 ἄνθρωπον
3219 2960 3378 3051 είναι,
3410 2985 3497 3038 διὰ
3532 2986 3598 3039 τὸ

335 3079 551 3134 stantia:
578 3079 719 3133 ratio
764 3087 870 3144 est,
913 3079 1177 3149 temporis
1203 3095 1465 3149 processu
1507 3081 1646 3136 nihil
1694 3082 1912 3151 penitus

334 3170 567 3225 variata.
594 3168 781 3240 Neque
811 3169 956 3226 ullus
1011 3171 1209 3227 dixerit
1257 3171 1410 3227 illum
1460 3173 1636 3243 magis
1662 3186 1786 3229 esse
1814 3172 1913 3226 ho-

338 3261 563 3327 minem,
594 3261 740 3333 quod
758 3269 1004 3333 tempore
1042 3264 1431 3330 antecesserit;
1464 3264 1611 3319 hunc
1641 3280 1773 3319 vero
1814 3265 1912 3318 mi-

336 3365 441 3407 nus
486 3363 699 3408 natura:
733 3353 984 3408 humanae
1027 3355 1351 3424 participem
1397 3345 1521 3410 esse
1554 3394 1568 3419 ,
1602 3355 1746 3424 quod
1791 3364 1916 3424 post

337 3443 473 3502 alios
493 3443 546 3499 in
569 3444 709 3499 banc
742 3448 865 3499 vitm
911 3460 1134 3500 scenam
1176 3446 1462 3514 ingressus
1493 3446 1590 3499 sit:
1637 3444 1794 3514 quasi
1831 3444 1915 3499 vel

338 3543 661 3602 consumpta
690 3533 802 3602 jam
825 3541 1025 3587 natura
1057 3533 1112 3587 in
1136 3533 1223 3600 iis,
1263 3517 1809 3603 quiantccesserani,
1830 3534 1915 3588 vel

342 3624 499 3692 quasi
532 3630 747 3693 tempus
779 3625 833 3679 in
869 3625 935 3681 iis
967 3639 1184 3680 omnem
1223 3640 1378 3680 suam
1441 3626 1549 3680 vim
1598 3634 1652 3682 et
1681 3627 1913 3703 faculta-

279 3740 289 3749 -
341 3722 451 3770 tem
499 3716 876 3785 iusmnpserit.
922 3715 1250 3786 Neutiquam
1295 3719 1441 3773 enim
1480 3733 1647 3788 penes
1699 3727 1917 3789 tempus

342 3814 426 3861 est
455 3807 701 3873 cujusvis
740 3818 991 3865 naturam
1052 3811 1200 3865 velut
1255 3810 1572 3866 demensam
1625 3810 1776 3875 dare,
1820 3811 1916 3866 sed

337 3898 460 3969 ipsa
496 3898 549 3951 in
606 3900 785 3969 seipsa
824 3900 1012 3956 eadem
1061 3913 1261 3968 manet,
1304 3902 1360 3955 in
1423 3901 1655 3971 posteris
1701 3916 1919 3971 quoque

342 3990 579 4060 seipsam
611 4008 969 4049 conservans.
997 3995 1068 4046 At
1102 4003 1317 4064 tempus
1350 3994 1589 4047 volvitur
1625 4007 1777 4047 more
1812 3994 1917 4048 sibi

343 4083 529 4148 insito,
562 4092 925 4154 naturamque
957 4082 1142 4146 ﬁxam,
1177 4090 1230 4137 et
1262 4082 1661 4138 immutabilem
1695 4091 1749 4137 et
1776 4082 1918 4136 intra

345 4175 597 4245 proprios
659 4176 923 4231 terminos
979 4183 1343 4241 constantem,
1381 4176 1497 4232 sive
1535 4175 1915 4245 prastergredi-

340 4276 451 4331 tur,
480 4269 596 4325 sive
638 4269 1065 4338 praeterlabitur.
1097 4269 1462 4335 Quamobrem
1499 4285 1678 4337 neque
1708 4268 1754 4321 si
1785 4275 1919 4322 tem-

344 4376 474 4429 pore
501 4368 555 4416 et
598 4361 883 4418 duratione
928 4362 1081 4433 prior
1138 4369 1283 4418 esset
1323 4360 1503 4427 Pater,
1556 4368 1615 4414 ut
1669 4361 1722 4413 in
1760 4360 1920 4430 hypo-

344 4453 485 4506 tliesi
546 4463 734 4507 nostra
782 4456 1093 4524 posuimus,
1132 4456 1201 4509 ob
1252 4454 1303 4508 id
1362 4454 1579 4523 proprie
1630 4452 1733 4508 soli
1773 4451 1920 4505 Patri

346 4542 684 4613 principatus
713 4554 766 4599 et
801 4548 1091 4602 summitas
1150 4547 1469 4602 substantia:
1510 4545 1710 4600 ascribi
1756 4544 1921 4598 debe-

347 4642 458 4700 ret;
485 4649 607 4688 cum
635 4652 764 4691 vero
790 4639 937 4692 nulla
974 4640 1045 4695 sit
1066 4640 1245 4708 quoad
1264 4628 1551 4707 'temporis
1581 4635 1924 4690 durationem

346 4725 656 4793 diversitas,
696 4744 801 4798 qua
831 4731 1049 4786 tandem
1103 4731 1312 4786 ratione
1352 4730 1406 4783 in
1441 4729 1553 4794 illa,
1586 4743 1707 4798 συξη
1733 4727 1929 4784 saecula

2014 3081 2276 3150 προήκειν
2320 3079 2398 3159 τῷ
2448 3078 2660 3150 χρόνῳ·
2712 3078 2801 3133 τὸν
2831 3079 2885 3131 δὲ
2937 3078 3154 3131 ἔλαττον
3205 3077 3451 3149 μετέχειν
3497 3079 3597 3147 τῆς

2016 3170 2250 3239 φύσεως,
2274 3168 2353 3223 ὅτι
2384 3169 2500 3239 μεθ’
2528 3168 2747 3240 ἐτέρους
2775 3172 2840 3240 τῇ
2867 3168 2978 3239 ζωῇ
3006 3168 3168 3237 ὲπεδή
3180 3184 3369 3237 μησενο
3407 3167 3553 3219 ὥσπε
3564 3185 3597 3239 ρ

2014 3263 2048 3332 ἢ
2082 3259 2561 3332 προαναλωθείσης
2589 3263 2687 3331 τῆς
2714 3259 2927 3328 φύσεως
2972 3261 3030 3313 ἐν
3058 3259 3169 3321 τοῖς
3212 3259 3596 3329 προλαϐοῦσιν,

2015 3355 2048 3424 ἢ
2072 3354 2167 3406 τοῦ
2196 3354 2388 3424 χρόνου
2409 3352 2505 3423 τὴν
2528 3352 2755 3423 δύναμιν
2785 3355 2843 3405 ὲν
2867 3355 2977 3414 τοῖς
3008 3351 3360 3423 παρῳχηκόσι
3394 3350 3596 3421 προδα-

2017 3445 2379 3515 πανήσαντος.
2405 3442 2542 3497 Οὐτε
2568 3443 2675 3515 γὰρ
2716 3443 2809 3496 ἐπὶ
2841 3442 2917 3512 τῷ
2948 3443 3123 3513 χρόνῳ
3154 3443 3298 3497 ἔστιν
3324 3442 3602 3513 ἀφορίζειν

2018 3534 2230 3606 ἑκάστῳ
2257 3536 2324 3590 τὰ
2358 3534 2529 3605 μέτρα
2559 3535 2657 3603 τῆς
2710 3534 2945 3603 φύσεως,
2984 3533 3120 3588 ἀλλὰ
3166 3534 3304 3604 αὑτὴ
3367 3532 3465 3604 μὲν
3514 3533 3602 3601 ἐφ’

2018 3626 2218 3695 ἑαυτῆς
2277 3627 2425 3696 μένει
2474 3626 2559 3679 διὰ
2608 3625 2719 3678 τῶν
2747 3624 3140 3695 ἐπιγινομένων
3172 3625 3369 3697 ἑαυτὴν
3403 3641 3602 3693 συντηη

2022 3714 2188 3786 ροῦσα
2216 3731 2228 3743 ·
2268 3717 2297 3766 6
2328 3714 2385 3767 δὲ
2423 3715 2613 3787 χρόνος
2655 3715 2875 3785 φέρεται
2919 3715 3058 3769 κατὰ
3084 3716 3173 3770 τὸν
3203 3715 3330 3769 ἴδιον
3380 3714 3604 3785 τρόπον,

2019 3808 2128 3861 εἴτε
2173 3805 2462 3877 περιέχων,
2515 3805 2623 3858 εἴτε
2660 3805 2988 3876 παραρρέων
3019 3804 3117 3876 τὴν
3166 3805 3349 3874 φύσιν,
3399 3806 3608 3871 παγίαν

2020 3899 2114 3953 καὶ
2144 3897 2478 3969 ἀμετάθετον
2503 3899 2560 3951 ἐν
2585 3899 2695 3960 τοῖς
2724 3898 2873 3960 ἰδίοις
2902 3897 3166 3966 μένουσαν
3190 3895 3359 3967 ὅροις.
3393 3897 3609 3949 Οὐκοῦν

2019 3991 2139 4045 οὐδὲ
2166 3992 2215 4043 εἰ
2241 3990 2317 4061 τῷ
2351 3990 2525 4063 χρόνῳ
2562 3989 2741 4059 δοθείη
2764 3989 2824 4043 τὺ
2866 3989 3025 4045 πλέον
3060 3989 3222 4060 ἔχειν,
3254 3986 3436 4051 καθὼς
3456 3989 3485 4039 6
3515 3988 3607 4040 λό-

2021 4100 2115 4153 γος
2148 4082 2395 4147 ὑπέθετο,
2446 4081 2648 4151 κυρίως
2674 4080 2754 4151 τῷ
2799 4080 2975 4152 Πατρὶ
3023 4082 3169 4151 μόνῳ
3215 4080 3274 4133 τὸ
3330 4077 3609 4133 ἀνώτατον

2020 4175 2120 4241 τῆς
2147 4173 2331 4236 οὐσίας
2389 4162 2946 4242 προσμαρτυρήσουσι
2974 4187 2986 4202 ·
3040 4170 3311 4241 μηδεμιᾶς
3342 4170 3398 4223 δὲ
3440 4168 3611 4238 οὐσης

2023 4267 2121 4335 τῆς
2153 4265 2291 4318 κατὰ
2320 4262 2386 4315 τὰ
2427 4263 2692 4331 πρεσϐεῖα
2724 4262 2817 4315 τοῦ
2851 4263 3041 4333 χρόνου
3077 4262 3361 4333 διαφορᾶς,
3402 4260 3519 4323 πῶς
3544 4260 3611 4314 ἄν

2024 4375 2108 4421 τις
2130 4355 2223 4408 ἐπὶ
2243 4355 2343 4425 τῆς
2363 4354 2685 4426 προαιωνίου
2708 4354 2922 4424 φύσεως
2947 4355 3006 4408 τὸ
3024 4354 3261 4407 τοιοῦτον
3283 4354 3610 4423 ὲπινοήσειες

2029 4448 2235 4512 Παντὸς
2275 4448 2383 4520 γὰρ
2422 4449 2787 4517 διαστήματος
2822 4448 3153 4519 μετρητικοῦ
3209 4448 3285 4518 τῷ
3336 4448 3487 4500 κάτω
3515 4448 3613 4514 τῆς

2031 4540 2179 4604 θείας
2213 4540 2431 4610 φύσεως
2466 4540 2877 4612 εὑρισκομένου,
2909 4540 2993 4604 τίς
3028 4541 3413 4596 καταλείπεται
3458 4538 3614 4608 λόγος

2028 4636 2141 4697 τοῖς
2176 4633 2510 4705 ἐπιχειροῦσι
2544 4632 2641 4704 τὴν
2684 4632 2980 4704 πρόχρονόν
3008 4650 3067 4685 τε
3099 4633 3194 4686 καὶ
3232 4632 3613 4701 ἀκατάληπτον

2036 4725 2220 4779 οὐσίαν
2263 4728 2329 4797 τῇ
2362 4725 2497 4797 πρὸς
2524 4725 2584 4779 τὸ
2610 4724 2721 4779 άνω
2749 4725 2841 4778 καὶ
2861 4725 3009 4777 κάτω
3028 4725 3260 4795 διαφορᾷ
3282 4722 3614 4795 διασχίζεινς

347 4819 646 4874 antecessit
698 4831 911 4887 natura,
954 4824 1063 4878 tale
1118 4822 1247 4894 quid
1299 4821 1641 4891 comminisci
1689 4822 1813 4891 quis
1860 4819 2093 4875 audeat?
2142 4835 2268 4874 cum
2342 4822 2484 4875 enim
2565 4836 2727 4875 onme
2793 4820 3139 4874 intervallum
3195 4817 3403 4887 aliquid
3440 4818 3619 4872 dime-

350 4909 443 4964 tiri
474 4908 719 4976 solitum,
749 4912 891 4967 infra
934 4915 1083 4969 illam
1140 4915 1381 4971 divinam
1417 4924 1668 4970 naturam
1716 4916 2043 4987 reperiatur,
2089 4914 2241 4986 quid,
2275 4931 2391 4981 oro,
2429 4915 2609 4986 elIugli
2679 4914 3006 4983 relinquitur
3046 4914 3177 4977 illis,
3248 4915 3345 4982 qui
3413 4928 3621 4967 conan-

346 5011 437 5059 tur
462 5004 826 5066 substantiam
861 5008 1031 5077 illam,
1071 5019 1289 5081 tempus
1318 5025 1481 5067 omne
1519 5020 1916 5082 antegressam,
1942 5020 1996 5068 et
2020 5012 2205 5067 animo
2245 5010 2755 5080 incomprehensam
2785 5009 2970 5080 superi
3025 5016 3080 5064 et
3134 5007 3293 5063 inferi
3332 5008 3624 5079 positioni-

347 5100 449 5156 bus
480 5099 908 5155 discriminare?

416 5194 484 5251 At
546 5195 893 5266 perspicuum
960 5204 1076 5256 est,
1133 5206 1185 5250 et
1241 5198 1359 5252 sine
1408 5197 1518 5252 ulla
1549 5198 1927 5263 dubitatione,

353 5284 456 5340 hoc
491 5289 636 5357 quod
662 5288 767 5343 iste
787 5290 1005 5351 asserit,
1043 5287 1173 5342 nihil
1208 5288 1357 5344 aliud
1387 5304 1529 5356 esse,
1554 5306 1718 5360 quam
1745 5301 1931 5362 patro-

352 5378 555 5431 cinium
590 5377 830 5436 Iudaica:
872 5380 1190 5451 impietatis,
1227 5381 1319 5451 qui
1374 5381 1546 5437 solam
1580 5382 1758 5438 Patris
1801 5384 1929 5439 sub-

430 5634 473 5663 ³³
498 5630 688 5687 Matth.
718 5650 754 5691 1.
773 5636 891 5689 ἓοθ.

2125 5194 2261 5247 Ἀλλ’
2301 5193 2555 5262 οὐδεμίαν
2589 5189 2920 5261 ἀμφιϐολίαν
2959 5192 2984 5242 6
3018 5188 3174 5258 λόγος
3203 5188 3335 5259 ἔχει,
3372 5188 3455 5243 ὅτι
3498 5208 3622 5243 συν-

2039 5289 2235 5359 ηγορία
2264 5285 2356 5339 τοῦ
2383 5283 2672 5339 Ἰουδαῖκοῦ
2711 5283 2976 5353 δόγματός
3004 5284 3139 5342 ἐστι,
3159 5281 3217 5335 τὸ
3245 5281 3394 5351 παρά
3419 5281 3626 5337 τούτιομν

2038 5378 2515 5450 δογματιζόμενον,
2570 5374 2740 5447 μόνην
2786 5374 3082 5443 ὑφεστάναι
3127 5372 3220 5427 τοῦ
3262 5373 3478 5445 Harpe;
3532 5380 3624 5444 τὴν
