  <div class='ocr_page' id='page_1' title='image "/cluster/home/n/w/nwhite01/storage/ocr_20150623/45/mdp.39015011921478/163.png"; bbox 0 0 4046 6156; ppageno 0'>
   <div class='ocr_carea' id='block_1_1' title="bbox 332 275 436 334">
    <p class='ocr_par' dir='ltr' id='par_1_1' title="bbox 332 275 436 334">
     <span class='ocr_line' id='line_1_1' title="bbox 332 275 436 334; baseline -0.048 0"><span class='ocrx_word' id='word_1_1' title='bbox 332 275 436 334; x_wconf 77' lang='lat'><strong>307</strong></span> 
     </span>
    </p>
   </div>
   <div class='ocr_carea' id='block_1_2' title="bbox 1572 272 2325 331">
    <p class='ocr_par' dir='ltr' id='par_1_2' title="bbox 1572 272 2325 331">
     <span class='ocr_line' id='line_1_2' title="bbox 1572 272 2325 331; baseline -0.001 -1"><span class='ocrx_word' id='word_1_2' title='bbox 1572 275 1629 330; x_wconf 94' lang='lat' dir='ltr'><strong>S.</strong></span> <span class='ocrx_word' id='word_1_3' title='bbox 1673 272 1998 331; x_wconf 77' lang='lat' dir='ltr'><strong>GREGORII</strong></span> <span class='ocrx_word' id='word_1_4' title='bbox 2032 273 2325 330; x_wconf 80' lang='lat' dir='ltr'><strong>NYSSENI</strong></span> 
     </span>
    </p>
   </div>
   <div class='ocr_carea' id='block_1_3' title="bbox 3494 277 3597 333">
    <p class='ocr_par' dir='ltr' id='par_1_3' title="bbox 3494 277 3597 333">
     <span class='ocr_line' id='line_1_3' title="bbox 3494 277 3597 333; baseline -0.019 0"><span class='ocrx_word' id='word_1_5' title='bbox 3494 277 3597 333; x_wconf 79' lang='lat'><strong>308</strong></span> 
     </span>
    </p>
   </div>
   <div class='ocr_carea' id='block_1_4' title="bbox 330 394 1924 471">
    <p class='ocr_par' dir='ltr' id='par_1_4' title="bbox 330 397 1907 471">
     <span class='ocr_line' id='line_1_4' title="bbox 330 397 1907 471; baseline -0.003 -17"><span class='ocrx_word' id='word_1_6' title='bbox 330 415 441 471; x_wconf 90' lang='lat' dir='ltr'><strong>qua</strong></span> <span class='ocrx_word' id='word_1_7' title='bbox 470 413 597 455; x_wconf 83' lang='lat' dir='ltr'><strong>vere</strong></span> <span class='ocrx_word' id='word_1_8' title='bbox 634 415 744 455; x_wconf 92' lang='lat' dir='ltr'><strong>non</strong></span> <span class='ocrx_word' id='word_1_9' title='bbox 789 398 1109 465; x_wconf 83' lang='lat' dir='ltr'><strong>aﬂirmatur,</strong></span> <span class='ocrx_word' id='word_1_10' title='bbox 1168 398 1315 470; x_wconf 89' lang='lat' dir='ltr'><strong>quod</strong></span> <span class='ocrx_word' id='word_1_11' title='bbox 1370 398 1449 454; x_wconf 89' lang='lat' dir='ltr'><strong>vel</strong></span> <span class='ocrx_word' id='word_1_12' title='bbox 1506 397 1769 468; x_wconf 74' lang='lat' dir='ltr'><strong>perfecte,</strong></span> <span class='ocrx_word' id='word_1_13' title='bbox 1824 398 1907 453; x_wconf 86' lang='lat' dir='ltr'><strong>vel</strong></span> 
     </span>
    </p>
   </div>
   <div class='ocr_carea' id='block_1_5' title="bbox 2029 394 3599 471">
    <p class='ocr_par' dir='ltr' id='par_1_5' title="bbox 2029 394 3599 467">
     <span class='ocr_line' id='line_1_5' title="bbox 2029 394 3599 467; baseline 0.002 -17"><span class='ocrx_word' id='word_1_14' title='bbox 2029 396 2189 459; x_wconf 72' lang='lat' dir='ltr'><strong>iectg&#39;</strong></span> <span class='ocrx_word' id='word_1_15' title='bbox 2228 396 2364 450; x_wconf 88' lang='grc' dir='ltr'><strong>ἀλλά</strong></span> <span class='ocrx_word' id='word_1_16' title='bbox 2398 394 2495 467; x_wconf 82' lang='grc' dir='ltr'>τὴν</span> <span class='ocrx_word' id='word_1_17' title='bbox 2526 394 2753 449; x_wconf 78' lang='grc' dir='ltr'>καθόλου</span> <span class='ocrx_word' id='word_1_18' title='bbox 2786 395 2877 449; x_wconf 77' lang='grc' dir='ltr'>τοῦ</span> <span class='ocrx_word' id='word_1_19' title='bbox 2909 396 3271 467; x_wconf 82' lang='grc' dir='ltr'>ὑποκειμένου</span> <span class='ocrx_word' id='word_1_20' title='bbox 3317 396 3599 466; x_wconf 83' lang='grc' dir='ltr'>ἀναίρεσιν</span> 
     </span>
    </p>
   </div>
   <div class='ocr_carea' id='block_1_6' title="bbox 335 489 1911 563">
    <p class='ocr_par' dir='ltr' id='par_1_6' title="bbox 335 489 1911 563">
     <span class='ocr_line' id='line_1_6' title="bbox 335 489 1911 563; baseline -0.003 -18"><span class='ocrx_word' id='word_1_21' title='bbox 335 492 554 563; x_wconf 84' lang='lat' dir='ltr'><strong>proprie</strong></span> <span class='ocrx_word' id='word_1_22' title='bbox 585 491 657 547; x_wconf 89' lang='lat' dir='ltr'><strong>sit</strong></span> <span class='ocrx_word' id='word_1_23' title='bbox 688 512 701 545; x_wconf 87' lang='lat'><strong>:</strong></span> <span class='ocrx_word' id='word_1_24' title='bbox 736 507 847 547; x_wconf 90' lang='lat' dir='ltr'><strong>non</strong></span> <span class='ocrx_word' id='word_1_25' title='bbox 874 494 1018 547; x_wconf 90' lang='lat' dir='ltr'><strong>enim</strong></span> <span class='ocrx_word' id='word_1_26' title='bbox 1044 492 1115 547; x_wconf 86' lang='lat' dir='ltr'><strong>ob’</strong></span> <span class='ocrx_word' id='word_1_27' title='bbox 1155 492 1207 547; x_wconf 89' lang='lat' dir='ltr'><strong>id</strong></span> <span class='ocrx_word' id='word_1_28' title='bbox 1239 506 1360 547; x_wconf 87' lang='lat' dir='ltr'><strong>eam</strong></span> <span class='ocrx_word' id='word_1_29' title='bbox 1393 504 1517 545; x_wconf 87' lang='lat' dir='ltr'><strong>esse</strong></span> <span class='ocrx_word' id='word_1_30' title='bbox 1558 489 1911 544; x_wconf 89' lang='lat' dir='ltr'><strong>demonstra-</strong></span> 
     </span>
    </p>
   </div>
   <div class='ocr_carea' id='block_1_7' title="bbox 333 579 1911 653">
    <p class='ocr_par' dir='ltr' id='par_1_7' title="bbox 333 579 1911 653">
     <span class='ocr_line' id='line_1_7' title="bbox 333 579 1911 653; baseline -0.003 -17"><span class='ocrx_word' id='word_1_31' title='bbox 333 583 501 646; x_wconf 86' lang='lat' dir='ltr'><strong>veris,</strong></span> <span class='ocrx_word' id='word_1_32' title='bbox 544 583 689 653; x_wconf 91' lang='lat' dir='ltr'><strong>quod</strong></span> <span class='ocrx_word' id='word_1_33' title='bbox 720 582 897 638; x_wconf 89' lang='lat' dir='ltr'><strong>eidem</strong></span> <span class='ocrx_word' id='word_1_34' title='bbox 947 594 1155 653; x_wconf 89' lang='lat' dir='ltr'><strong>partem</strong></span> <span class='ocrx_word' id='word_1_35' title='bbox 1185 583 1343 653; x_wconf 89' lang='lat' dir='ltr'><strong>quasi</strong></span> <span class='ocrx_word' id='word_1_36' title='bbox 1396 581 1653 638; x_wconf 81' lang='lat' dir='ltr'><strong>essentiae</strong></span> <span class='ocrx_word' id='word_1_37' title='bbox 1681 589 1735 634; x_wconf 92' lang='lat' dir='ltr'><strong>et</strong></span> <span class='ocrx_word' id='word_1_38' title='bbox 1767 579 1911 634; x_wconf 88' lang='lat' dir='ltr'><strong>exsi-</strong></span> 
     </span>
    </p>
   </div>
   <div class='ocr_carea' id='block_1_8' title="bbox 337 674 1911 745">
    <p class='ocr_par' dir='ltr' id='par_1_8' title="bbox 337 674 1911 745">
     <span class='ocr_line' id='line_1_8' title="bbox 337 674 1911 745; baseline -0.002 -15"><span class='ocrx_word' id='word_1_39' title='bbox 337 677 553 730; x_wconf 71' lang='lat' dir='ltr'><strong>stentize</strong></span> <span class='ocrx_word' id='word_1_40' title='bbox 583 676 879 732; x_wconf 80' lang='lat' dir='ltr'><strong>concedas.</strong></span> <span class='ocrx_word' id='word_1_41' title='bbox 916 676 1019 742; x_wconf 85' lang='lat' dir='ltr'><strong>Qui</strong></span> <span class='ocrx_word' id='word_1_42' title='bbox 1052 678 1197 732; x_wconf 84' lang='lat' dir='ltr'><strong>enim</strong></span> <span class='ocrx_word' id='word_1_43' title='bbox 1233 692 1348 731; x_wconf 91' lang='lat' dir='ltr'><strong>rem</strong></span> <span class='ocrx_word' id='word_1_44' title='bbox 1380 674 1601 745; x_wconf 84' lang='lat' dir='ltr'><strong>proprie</strong></span> <span class='ocrx_word' id='word_1_45' title='bbox 1650 690 1756 728; x_wconf 89' lang='lat' dir='ltr'><strong>non</strong></span> <span class='ocrx_word' id='word_1_46' title='bbox 1788 688 1911 728; x_wconf 91' lang='lat' dir='ltr'><strong>esse</strong></span> 
     </span>
    </p>
   </div>
   <div class='ocr_carea' id='block_1_9' title="bbox 335 766 1913 837">
    <p class='ocr_par' dir='ltr' id='par_1_9' title="bbox 335 766 1913 837">
     <span class='ocr_line' id='line_1_9' title="bbox 335 766 1913 837; baseline -0.003 -14"><span class='ocrx_word' id='word_1_47' title='bbox 335 768 556 831; x_wconf 89' lang='lat' dir='ltr'><strong>astruit,</strong></span> <span class='ocrx_word' id='word_1_48' title='bbox 592 769 638 823; x_wconf 94' lang='lat' dir='ltr'><strong>is</strong></span> <span class='ocrx_word' id='word_1_49' title='bbox 670 770 840 823; x_wconf 88' lang='lat' dir='ltr'><strong>totius</strong></span> <span class='ocrx_word' id='word_1_50' title='bbox 869 770 949 825; x_wconf 87' lang='lat' dir='ltr'><strong>rei</strong></span> <span class='ocrx_word' id='word_1_51' title='bbox 982 769 1263 823; x_wconf 90' lang='lat' dir='ltr'><strong>interitum</strong></span> <span class='ocrx_word' id='word_1_52' title='bbox 1298 778 1353 822; x_wconf 89' lang='lat' dir='ltr'><strong>et</strong></span> <span class='ocrx_word' id='word_1_53' title='bbox 1399 768 1699 837; x_wconf 88' lang='lat' dir='ltr'><strong>perniciem</strong></span> <span class='ocrx_word' id='word_1_54' title='bbox 1742 766 1913 820; x_wconf 89' lang='lat' dir='ltr'><strong>medi-</strong></span> 
     </span>
    </p>
   </div>
   <div class='ocr_carea' id='block_1_10' title="bbox 334 859 1913 931">
    <p class='ocr_par' dir='ltr' id='par_1_10' title="bbox 334 859 1913 931">
     <span class='ocr_line' id='line_1_10' title="bbox 334 859 1913 931; baseline -0.001 -17"><span class='ocrx_word' id='word_1_55' title='bbox 334 867 504 915; x_wconf 83' lang='lat' dir='ltr'><strong>tatur.</strong></span> <span class='ocrx_word' id='word_1_56' title='bbox 535 859 881 931; x_wconf 80' lang='lat' dir='ltr'><strong>Quapropter</strong></span> <span class='ocrx_word' id='word_1_57' title='bbox 916 862 982 916; x_wconf 91' lang='lat' dir='ltr'><strong>ad</strong></span> <span class='ocrx_word' id='word_1_58' title='bbox 1012 862 1259 921; x_wconf 87' lang='lat' dir='ltr'><strong>meliora.</strong></span> <span class='ocrx_word' id='word_1_59' title='bbox 1290 862 1335 916; x_wconf 90' lang='lat' dir='ltr'><strong>si</strong></span> <span class='ocrx_word' id='word_1_60' title='bbox 1370 863 1533 931; x_wconf 87' lang='lat' dir='ltr'><strong>sapit,</strong></span> <span class='ocrx_word' id='word_1_61' title='bbox 1581 860 1826 913; x_wconf 91' lang='lat' dir='ltr'><strong>animum</strong></span> <span class='ocrx_word' id='word_1_62' title='bbox 1859 867 1913 913; x_wconf 92' lang='lat' dir='ltr'><strong>et</strong></span> 
     </span>
    </p>
   </div>
   <div class='ocr_carea' id='block_1_11' title="bbox 337 951 1910 1022">
    <p class='ocr_par' dir='ltr' id='par_1_11' title="bbox 337 951 1910 1022">
     <span class='ocr_line' id='line_1_11' title="bbox 337 951 1910 1022; baseline -0.003 -16"><span class='ocrx_word' id='word_1_63' title='bbox 337 952 726 1022; x_wconf 81' lang='lat' dir='ltr'><strong>cogitationem</strong></span> <span class='ocrx_word' id='word_1_64' title='bbox 759 954 1077 1016; x_wconf 83' lang='lat' dir='ltr'><strong>transferat,</strong></span> <span class='ocrx_word' id='word_1_65' title='bbox 1103 961 1157 1008; x_wconf 91' lang='lat' dir='ltr'><strong>et</strong></span> <span class='ocrx_word' id='word_1_66' title='bbox 1187 953 1391 1008; x_wconf 90' lang='lat' dir='ltr'><strong>docere</strong></span> <span class='ocrx_word' id='word_1_67' title='bbox 1439 960 1620 1008; x_wconf 91' lang='lat' dir='ltr'><strong>cesset</strong></span> <span class='ocrx_word' id='word_1_68' title='bbox 1651 951 1910 1007; x_wconf 87' lang='lat' dir='ltr'><strong>substan-</strong></span> 
     </span>
    </p>
   </div>
   <div class='ocr_carea' id='block_1_12' title="bbox 340 1038 1913 1112">
    <p class='ocr_par' dir='ltr' id='par_1_12' title="bbox 340 1038 1913 1112">
     <span class='ocr_line' id='line_1_12' title="bbox 340 1038 1913 1112; baseline -0.003 -16"><span class='ocrx_word' id='word_1_69' title='bbox 340 1041 469 1096; x_wconf 89' lang='lat' dir='ltr'><strong>tiam</strong></span> <span class='ocrx_word' id='word_1_70' title='bbox 514 1039 790 1112; x_wconf 82' lang='lat' dir='ltr'><strong>Unigeniti</strong></span> <span class='ocrx_word' id='word_1_71' title='bbox 834 1043 1133 1112; x_wconf 83' lang='lat' dir='ltr'><strong>improprie</strong></span> <span class='ocrx_word' id='word_1_72' title='bbox 1189 1049 1243 1096; x_wconf 92' lang='lat' dir='ltr'><strong>et</strong></span> <span class='ocrx_word' id='word_1_73' title='bbox 1275 1042 1459 1096; x_wconf 91' lang='lat' dir='ltr'><strong>minus</strong></span> <span class='ocrx_word' id='word_1_74' title='bbox 1491 1056 1634 1095; x_wconf 89' lang='lat' dir='ltr'><strong>esse.</strong></span> <span class='ocrx_word' id='word_1_75' title='bbox 1680 1038 1834 1105; x_wconf 85' lang='lat' dir='ltr'><strong>Quod</strong></span> <span class='ocrx_word' id='word_1_76' title='bbox 1868 1039 1913 1093; x_wconf 88' lang='lat' dir='ltr'><strong>si</strong></span> 
     </span>
    </p>
   </div>
   <div class='ocr_carea' id='block_1_13' title="bbox 339 1129 1910 1202">
    <p class='ocr_par' dir='ltr' id='par_1_13' title="bbox 339 1129 1910 1202">
     <span class='ocr_line' id='line_1_13' title="bbox 339 1129 1910 1202; baseline -0.003 -17"><span class='ocrx_word' id='word_1_77' title='bbox 339 1133 395 1186; x_wconf 91' lang='lat' dir='ltr'><strong>in</strong></span> <span class='ocrx_word' id='word_1_78' title='bbox 434 1132 713 1202; x_wconf 85' lang='lat' dir='ltr'><strong>impietate</strong></span> <span class='ocrx_word' id='word_1_79' title='bbox 767 1134 1065 1202; x_wconf 88' lang='lat' dir='ltr'><strong>persistere</strong></span> <span class='ocrx_word' id='word_1_80' title='bbox 1109 1133 1301 1189; x_wconf 83' lang='lat' dir='ltr'><strong>statuit</strong></span> <span class='ocrx_word' id='word_1_81' title='bbox 1329 1130 1599 1201; x_wconf 82' lang='lat' dir='ltr'><strong>(quamvis</strong></span> <span class='ocrx_word' id='word_1_82' title='bbox 1647 1129 1910 1194; x_wconf 87' lang='lat' dir='ltr'><strong>nesciam,</strong></span> 
     </span>
    </p>
   </div>
   <div class='ocr_carea' id='block_1_14' title="bbox 339 1219 1915 1292">
    <p class='ocr_par' dir='ltr' id='par_1_14' title="bbox 339 1219 1915 1292">
     <span class='ocr_line' id='line_1_14' title="bbox 339 1219 1915 1292; baseline -0.003 -15"><span class='ocrx_word' id='word_1_83' title='bbox 339 1238 438 1277; x_wconf 88' lang='lat' dir='ltr'><strong>cur</strong></span> <span class='ocrx_word' id='word_1_84' title='bbox 470 1224 601 1278; x_wconf 83' lang='lat' dir='ltr'><strong>velit</strong></span> <span class='ocrx_word' id='word_1_85' title='bbox 628 1224 967 1279; x_wconf 88' lang='lat' dir='ltr'><strong>conditorem</strong></span> <span class='ocrx_word' id='word_1_86' title='bbox 995 1238 1157 1278; x_wconf 90' lang='lat' dir='ltr'><strong>suum</strong></span> <span class='ocrx_word' id='word_1_87' title='bbox 1197 1222 1478 1292; x_wconf 84' lang='lat' dir='ltr'><strong>Deumque</strong></span> <span class='ocrx_word' id='word_1_88' title='bbox 1503 1230 1556 1277; x_wconf 86' lang='lat' dir='ltr'><strong>et</strong></span> <span class='ocrx_word' id='word_1_89' title='bbox 1596 1219 1915 1277; x_wconf 88' lang='lat' dir='ltr'><strong>benefacto-</strong></span> 
     </span>
    </p>
   </div>
   <div class='ocr_carea' id='block_1_15' title="bbox 338 1313 1918 1385">
    <p class='ocr_par' dir='ltr' id='par_1_15' title="bbox 338 1313 1918 1385">
     <span class='ocr_line' id='line_1_15' title="bbox 338 1313 1918 1385; baseline -0.002 -17"><span class='ocrx_word' id='word_1_90' title='bbox 338 1331 453 1371; x_wconf 90' lang='lat' dir='ltr'><strong>rem</strong></span> <span class='ocrx_word' id='word_1_91' title='bbox 506 1315 864 1385; x_wconf 89' lang='lat' dir='ltr'><strong>blasphemiis</strong></span> <span class='ocrx_word' id='word_1_92' title='bbox 918 1315 1335 1385; x_wconf 89' lang='lat' dir='ltr'><strong>remunerare),</strong></span> <span class='ocrx_word' id='word_1_93' title='bbox 1371 1328 1564 1383; x_wconf 71' lang='lat' dir='ltr'><strong>pmnas</strong></span> <span class='ocrx_word' id='word_1_94' title='bbox 1615 1313 1730 1367; x_wconf 88' lang='lat' dir='ltr'><strong>luat</strong></span> <span class='ocrx_word' id='word_1_95' title='bbox 1765 1324 1918 1366; x_wconf 64' lang='lat' dir='ltr'><strong>vana:</strong></span> 
     </span>
    </p>
   </div>
   <div class='ocr_carea' id='block_1_16' title="bbox 338 1404 1912 1477">
    <p class='ocr_par' dir='ltr' id='par_1_16' title="bbox 338 1404 1912 1477">
     <span class='ocr_line' id='line_1_16' title="bbox 338 1404 1912 1477; baseline -0.005 -14"><span class='ocrx_word' id='word_1_96' title='bbox 338 1406 785 1470; x_wconf 81' lang='lat' dir='ltr'><strong>existimationis,</strong></span> <span class='ocrx_word' id='word_1_97' title='bbox 844 1422 1009 1477; x_wconf 86' lang='lat' dir='ltr'><strong>quam</strong></span> <span class='ocrx_word' id='word_1_98' title='bbox 1056 1407 1125 1461; x_wconf 92' lang='lat' dir='ltr'><strong>de</strong></span> <span class='ocrx_word' id='word_1_99' title='bbox 1166 1406 1416 1460; x_wconf 86' lang='lat' dir='ltr'><strong>doctrina</strong></span> <span class='ocrx_word' id='word_1_100' title='bbox 1470 1419 1567 1461; x_wconf 89' lang='lat' dir='ltr'><strong>sua</strong></span> <span class='ocrx_word' id='word_1_101' title='bbox 1616 1404 1912 1473; x_wconf 88' lang='lat' dir='ltr'><strong>concepit:</strong></span> 
     </span>
    </p>
   </div>
   <div class='ocr_carea' id='block_1_17' title="bbox 337 1494 1909 1566">
    <p class='ocr_par' dir='ltr' id='par_1_17' title="bbox 337 1494 1909 1566">
     <span class='ocr_line' id='line_1_17' title="bbox 337 1494 1909 1566; baseline -0.004 -16"><span class='ocrx_word' id='word_1_102' title='bbox 337 1496 541 1566; x_wconf 87' lang='lat' dir='ltr'><strong>quippe</strong></span> <span class='ocrx_word' id='word_1_103' title='bbox 572 1497 665 1565; x_wconf 91' lang='lat' dir='ltr'><strong>qui</strong></span> <span class='ocrx_word' id='word_1_104' title='bbox 695 1496 948 1566; x_wconf 88' lang='lat' dir='ltr'><strong>imperite</strong></span> <span class='ocrx_word' id='word_1_105' title='bbox 983 1496 1343 1551; x_wconf 85' lang='lat' dir='ltr'><strong>substantiam</strong></span> <span class='ocrx_word' id='word_1_106' title='bbox 1376 1496 1479 1548; x_wconf 90' lang='lat' dir='ltr'><strong>alia</strong></span> <span class='ocrx_word' id='word_1_107' title='bbox 1511 1494 1672 1548; x_wconf 90' lang='lat' dir='ltr'><strong>aliam</strong></span> <span class='ocrx_word' id='word_1_108' title='bbox 1705 1509 1909 1548; x_wconf 90' lang='lat' dir='ltr'><strong>secun-</strong></span> 
     </span>
    </p>
   </div>
   <div class='ocr_carea' id='block_1_18' title="bbox 338 1584 1915 1655">
    <p class='ocr_par' dir='ltr' id='par_1_18' title="bbox 338 1584 1915 1655">
     <span class='ocr_line' id='line_1_18' title="bbox 338 1584 1915 1655; baseline -0.003 -14"><span class='ocrx_word' id='word_1_109' title='bbox 338 1586 468 1641; x_wconf 92' lang='lat' dir='ltr'><strong>dum</strong></span> <span class='ocrx_word' id='word_1_110' title='bbox 504 1586 828 1641; x_wconf 65' lang='lat' dir='ltr'><strong>substantiae</strong></span> <span class='ocrx_word' id='word_1_111' title='bbox 852 1586 1121 1641; x_wconf 87' lang='lat' dir='ltr'><strong>rationem</strong></span> <span class='ocrx_word' id='word_1_112' title='bbox 1155 1585 1319 1640; x_wconf 77' lang='lat' dir='ltr'><strong>faciat</strong></span> <span class='ocrx_word' id='word_1_113' title='bbox 1352 1586 1640 1655; x_wconf 89' lang='lat' dir='ltr'><strong>majorem,</strong></span> <span class='ocrx_word' id='word_1_114' title='bbox 1684 1591 1737 1639; x_wconf 90' lang='lat' dir='ltr'><strong>et</strong></span> <span class='ocrx_word' id='word_1_115' title='bbox 1775 1584 1915 1637; x_wconf 89' lang='lat' dir='ltr'><strong>hanc</strong></span> 
     </span>
    </p>
   </div>
   <div class='ocr_carea' id='block_1_19' title="bbox 340 1675 1913 1748">
    <p class='ocr_par' dir='ltr' id='par_1_19' title="bbox 340 1675 1913 1748">
     <span class='ocr_line' id='line_1_19' title="bbox 340 1675 1913 1748; baseline -0.003 -16"><span class='ocrx_word' id='word_1_116' title='bbox 340 1677 559 1748; x_wconf 89' lang='lat' dir='ltr'><strong>quidem</strong></span> <span class='ocrx_word' id='word_1_117' title='bbox 584 1693 862 1748; x_wconf 87' lang='lat' dir='ltr'><strong>superam,</strong></span> <span class='ocrx_word' id='word_1_118' title='bbox 893 1680 1040 1732; x_wconf 87' lang='lat' dir='ltr'><strong>illam</strong></span> <span class='ocrx_word' id='word_1_119' title='bbox 1067 1694 1198 1733; x_wconf 90' lang='lat' dir='ltr'><strong>vero</strong></span> <span class='ocrx_word' id='word_1_120' title='bbox 1230 1678 1486 1743; x_wconf 84' lang='lat' dir='ltr'><strong>inferam,</strong></span> <span class='ocrx_word' id='word_1_121' title='bbox 1513 1692 1577 1731; x_wconf 89' lang='lat' dir='ltr'><strong>eo</strong></span> <span class='ocrx_word' id='word_1_122' title='bbox 1615 1676 1798 1740; x_wconf 89' lang='lat' dir='ltr'><strong>modo,</strong></span> <span class='ocrx_word' id='word_1_123' title='bbox 1821 1675 1913 1745; x_wconf 91' lang='lat' dir='ltr'><strong>qui</strong></span> 
     </span>
    </p>
   </div>
   <div class='ocr_carea' id='block_1_20' title="bbox 2012 483 3597 559">
    <p class='ocr_par' dir='ltr' id='par_1_20' title="bbox 2012 483 3597 559">
     <span class='ocr_line' id='line_1_20' title="bbox 2012 483 3597 559; baseline 0.001 -15"><span class='ocrx_word' id='word_1_124' title='bbox 2012 488 2412 553; x_wconf 79' lang='grc' dir='ltr'><strong>κατασκευάζει</strong></span> <span class='ocrx_word' id='word_1_125' title='bbox 2436 490 2468 558; x_wconf 87' lang='grc' dir='ltr'>ἡ</span> <span class='ocrx_word' id='word_1_126' title='bbox 2492 488 2619 558; x_wconf 69' lang='grc' dir='ltr'>περὶ</span> <span class='ocrx_word' id='word_1_127' title='bbox 2638 486 2730 540; x_wconf 81' lang='grc' dir='ltr'>τοῦ</span> <span class='ocrx_word' id='word_1_128' title='bbox 2760 486 2834 559; x_wconf 78' lang='grc' dir='ltr'>μὴ</span> <span class='ocrx_word' id='word_1_129' title='bbox 2861 487 3077 550; x_wconf 78' lang='grc' dir='ltr'><strong>τελείως</strong></span> <span class='ocrx_word' id='word_1_130' title='bbox 3102 483 3240 540; x_wconf 72' lang='grc' dir='ltr'>εἶναι</span> <span class='ocrx_word' id='word_1_131' title='bbox 3262 492 3597 559; x_wconf 84' lang='grc' dir='ltr'>κατασκευή.</span> 
     </span>
    </p>
   </div>
   <div class='ocr_carea' id='block_1_21' title="bbox 2014 574 3601 651">
    <p class='ocr_par' dir='ltr' id='par_1_21' title="bbox 2014 574 3601 651">
     <span class='ocr_line' id='line_1_21' title="bbox 2014 574 3601 651; baseline 0.003 -19"><span class='ocrx_word' id='word_1_132' title='bbox 2014 581 2176 632; x_wconf 82' lang='grc' dir='ltr'>Ὥστε</span> <span class='ocrx_word' id='word_1_133' title='bbox 2213 581 2262 633; x_wconf 83' lang='grc' dir='ltr'>εἰ</span> <span class='ocrx_word' id='word_1_134' title='bbox 2303 580 2400 649; x_wconf 81' lang='grc' dir='ltr'>μὲν</span> <span class='ocrx_word' id='word_1_135' title='bbox 2447 574 2504 632; x_wconf 77' lang='grc' dir='ltr'><strong>εὑ</strong></span> <span class='ocrx_word' id='word_1_136' title='bbox 2538 583 2741 651; x_wconf 78' lang='grc' dir='ltr'>φρονεῖ,</span> <span class='ocrx_word' id='word_1_137' title='bbox 2791 579 2927 649; x_wconf 80' lang='grc' dir='ltr'>πρὸς</span> <span class='ocrx_word' id='word_1_138' title='bbox 2973 578 3069 651; x_wconf 85' lang='grc' dir='ltr'>τὴν</span> <span class='ocrx_word' id='word_1_139' title='bbox 3112 580 3311 651; x_wconf 77' lang='grc' dir='ltr'>εὐσεϐῆ</span> <span class='ocrx_word' id='word_1_140' title='bbox 3363 581 3601 636; x_wconf 81' lang='grc' dir='ltr'>διάνοιαν</span> 
     </span>
    </p>
   </div>
   <div class='ocr_carea' id='block_1_22' title="bbox 2016 665 3600 742">
    <p class='ocr_par' dir='ltr' id='par_1_22' title="bbox 2016 665 3600 742">
     <span class='ocr_line' id='line_1_22' title="bbox 2016 665 3600 742; baseline 0.001 -19"><span class='ocrx_word' id='word_1_141' title='bbox 2016 670 2342 741; x_wconf 72' lang='grc' dir='ltr'>μεταθέσθαι</span> <span class='ocrx_word' id='word_1_142' title='bbox 2368 711 2381 730; x_wconf 88' lang='grc'><strong>,</strong></span> <span class='ocrx_word' id='word_1_143' title='bbox 2420 670 2479 722; x_wconf 82' lang='grc' dir='ltr'><strong>τὸ</strong></span> <span class='ocrx_word' id='word_1_144' title='bbox 2506 665 2669 740; x_wconf 82' lang='grc' dir='ltr'>ἦττον</span> <span class='ocrx_word' id='word_1_145' title='bbox 2709 670 2800 723; x_wconf 70' lang='grc' dir='ltr'><strong>καὶ</strong></span> <span class='ocrx_word' id='word_1_146' title='bbox 2835 671 2894 722; x_wconf 84' lang='grc' dir='ltr'><strong>τὸ</strong></span> <span class='ocrx_word' id='word_1_147' title='bbox 2932 670 3136 741; x_wconf 79' lang='grc' dir='ltr'>ἄκυρον</span> <span class='ocrx_word' id='word_1_148' title='bbox 3166 672 3256 723; x_wconf 74' lang='grc' dir='ltr'>ἐπὶ</span> <span class='ocrx_word' id='word_1_149' title='bbox 3290 672 3387 742; x_wconf 73' lang='grc' dir='ltr'>τῆς</span> <span class='ocrx_word' id='word_1_150' title='bbox 3412 672 3600 736; x_wconf 75' lang='grc' dir='ltr'>οὐσίας</span> 
     </span>
    </p>
   </div>
   <div class='ocr_carea' id='block_1_23' title="bbox 2012 760 3600 833">
    <p class='ocr_par' dir='ltr' id='par_1_23' title="bbox 2012 760 3600 833">
     <span class='ocr_line' id='line_1_23' title="bbox 2012 760 3600 833; baseline 0.003 -19"><span class='ocrx_word' id='word_1_151' title='bbox 2012 761 2107 814; x_wconf 81' lang='grc' dir='ltr'><strong>τοῦ</strong></span> <span class='ocrx_word' id='word_1_152' title='bbox 2130 760 2466 829; x_wconf 80' lang='grc' dir='ltr'>Μονογενοὺς</span> <span class='ocrx_word' id='word_1_153' title='bbox 2494 778 2553 814; x_wconf 89' lang='grc' dir='ltr'><strong>τε</strong></span> <span class='ocrx_word' id='word_1_154' title='bbox 2590 762 2681 814; x_wconf 76' lang='grc' dir='ltr'>καὶ</span> <span class='ocrx_word' id='word_1_155' title='bbox 2714 761 2808 815; x_wconf 80' lang='grc' dir='ltr'>τοῦ</span> <span class='ocrx_word' id='word_1_156' title='bbox 2843 761 2995 828; x_wconf 90' lang='grc' dir='ltr'>ἀγίου</span> <span class='ocrx_word' id='word_1_157' title='bbox 3028 763 3345 833; x_wconf 80' lang='grc' dir='ltr'>Πνεύματος</span> <span class='ocrx_word' id='word_1_158' title='bbox 3388 765 3600 833; x_wconf 74' lang='grc' dir='ltr'>ὑφελὼν</span> 
     </span>
    </p>
   </div>
   <div class='ocr_carea' id='block_1_24' title="bbox 2015 853 3603 926">
    <p class='ocr_par' dir='ltr' id='par_1_24' title="bbox 2015 853 3603 926">
     <span class='ocr_line' id='line_1_24' title="bbox 2015 853 3603 926; baseline 0.002 -21"><span class='ocrx_word' id='word_1_159' title='bbox 2015 856 2079 905; x_wconf 86' lang='grc' dir='ltr'>ὲκ</span> <span class='ocrx_word' id='word_1_160' title='bbox 2110 853 2204 906; x_wconf 79' lang='grc' dir='ltr'><strong>τοῦ</strong></span> <span class='ocrx_word' id='word_1_161' title='bbox 2238 854 2525 925; x_wconf 82' lang='grc' dir='ltr'>δόγματος.</span> <span class='ocrx_word' id='word_1_162' title='bbox 2561 854 2623 906; x_wconf 81' lang='lat' dir='ltr'><strong>Ei</strong></span> <span class='ocrx_word' id='word_1_163' title='bbox 2655 853 2708 906; x_wconf 84' lang='grc' dir='ltr'>δὲ</span> <span class='ocrx_word' id='word_1_164' title='bbox 2756 854 2971 907; x_wconf 78' lang='grc' dir='ltr'>ἀσεϐεῖν</span> <span class='ocrx_word' id='word_1_165' title='bbox 3005 853 3209 921; x_wconf 76' lang='grc' dir='ltr'>ἔγνωκε</span> <span class='ocrx_word' id='word_1_166' title='bbox 3242 856 3460 919; x_wconf 81' lang='grc' dir='ltr'>πάντως</span> <span class='ocrx_word' id='word_1_167' title='bbox 3494 856 3603 926; x_wconf 85' lang='grc' dir='ltr'><strong>(ὡς</strong></span> 
     </span>
    </p>
   </div>
   <div class='ocr_carea' id='block_1_25' title="bbox 2018 941 3602 1017">
    <p class='ocr_par' dir='ltr' id='par_1_25' title="bbox 2018 941 3602 1017">
     <span class='ocr_line' id='line_1_25' title="bbox 2018 941 3602 1017; baseline 0.002 -22"><span class='ocrx_word' id='word_1_168' title='bbox 2018 943 2192 1011; x_wconf 76' lang='grc' dir='ltr'>ἔγωγε</span> <span class='ocrx_word' id='word_1_169' title='bbox 2236 944 2334 996; x_wconf 87' lang='grc' dir='ltr'><strong>οὑκ</strong></span> <span class='ocrx_word' id='word_1_170' title='bbox 2374 941 2488 997; x_wconf 77' lang='grc' dir='ltr'>οἶδα</span> <span class='ocrx_word' id='word_1_171' title='bbox 2527 944 2641 997; x_wconf 90' lang='grc' dir='ltr'>ἀνθ’</span> <span class='ocrx_word' id='word_1_172' title='bbox 2670 944 2791 997; x_wconf 84' lang='grc' dir='ltr'>ὅτου</span> <span class='ocrx_word' id='word_1_173' title='bbox 2835 944 2928 997; x_wconf 72' lang='grc' dir='ltr'><strong>καὶ</strong></span> <span class='ocrx_word' id='word_1_174' title='bbox 2972 944 3216 1013; x_wconf 86' lang='grc' dir='ltr'>βούλεται</span> <span class='ocrx_word' id='word_1_175' title='bbox 3246 945 3336 999; x_wconf 81' lang='grc' dir='ltr'>τὸν</span> <span class='ocrx_word' id='word_1_176' title='bbox 3375 946 3602 1017; x_wconf 84' lang='grc' dir='ltr'>κτίστην</span> 
     </span>
    </p>
   </div>
   <div class='ocr_carea' id='block_1_26' title="bbox 2018 1034 3605 1107">
    <p class='ocr_par' dir='ltr' id='par_1_26' title="bbox 2018 1034 3605 1107">
     <span class='ocr_line' id='line_1_26' title="bbox 2018 1034 3605 1107; baseline 0.003 -22"><span class='ocrx_word' id='word_1_177' title='bbox 2018 1034 2209 1087; x_wconf 82' lang='grc' dir='ltr'>ἑαυτοῦ</span> <span class='ocrx_word' id='word_1_178' title='bbox 2238 1036 2330 1088; x_wconf 71' lang='grc' dir='ltr'><strong>καὶ</strong></span> <span class='ocrx_word' id='word_1_179' title='bbox 2358 1036 2491 1087; x_wconf 70' lang='grc' dir='ltr'>Θεὸν</span> <span class='ocrx_word' id='word_1_180' title='bbox 2523 1036 2614 1087; x_wconf 75' lang='grc' dir='ltr'><strong>καὶ</strong></span> <span class='ocrx_word' id='word_1_181' title='bbox 2649 1036 2941 1107; x_wconf 78' lang='grc' dir='ltr'>εὐεργέτην</span> <span class='ocrx_word' id='word_1_182' title='bbox 2966 1036 3054 1089; x_wconf 91' lang='grc' dir='ltr'><strong>διά</strong></span> <span class='ocrx_word' id='word_1_183' title='bbox 3080 1037 3425 1107; x_wconf 74' lang='grc' dir='ltr'>βλασφημίας</span> <span class='ocrx_word' id='word_1_184' title='bbox 3453 1039 3605 1107; x_wconf 82' lang='grc' dir='ltr'>ἀμεί-</span> 
     </span>
    </p>
   </div>
   <div class='ocr_carea' id='block_1_27' title="bbox 2017 1124 3603 1201">
    <p class='ocr_par' dir='ltr' id='par_1_27' title="bbox 2017 1124 3603 1201">
     <span class='ocr_line' id='line_1_27' title="bbox 2017 1124 3603 1201; baseline 0.003 -24"><span class='ocrx_word' id='word_1_185' title='bbox 2017 1124 2247 1194; x_wconf 75' lang='grc' dir='ltr'>ϐεσθαι),</span> <span class='ocrx_word' id='word_1_186' title='bbox 2272 1126 2370 1196; x_wconf 77' lang='grc' dir='ltr'><strong>τὴν</strong></span> <span class='ocrx_word' id='word_1_187' title='bbox 2398 1126 2530 1194; x_wconf 73' lang='grc' dir='ltr'>γοῦν</span> <span class='ocrx_word' id='word_1_188' title='bbox 2558 1126 2652 1179; x_wconf 78' lang='grc' dir='ltr'>τοῦ</span> <span class='ocrx_word' id='word_1_189' title='bbox 2685 1127 2861 1183; x_wconf 85' lang='grc' dir='ltr'>δοκεῖν</span> <span class='ocrx_word' id='word_1_190' title='bbox 2893 1146 2975 1191; x_wconf 89' lang='grc' dir='ltr'><strong>τις</strong></span> <span class='ocrx_word' id='word_1_191' title='bbox 3008 1126 3147 1183; x_wconf 75' lang='grc' dir='ltr'>εἶναι</span> <span class='ocrx_word' id='word_1_192' title='bbox 3178 1130 3318 1182; x_wconf 82' lang='grc' dir='ltr'><strong>κατά</strong></span> <span class='ocrx_word' id='word_1_193' title='bbox 3349 1129 3446 1201; x_wconf 83' lang='grc' dir='ltr'>τὴν</span> <span class='ocrx_word' id='word_1_194' title='bbox 3472 1130 3603 1185; x_wconf 77' lang='grc' dir='ltr'>παί-</span> 
     </span>
    </p>
   </div>
   <div class='ocr_carea' id='block_1_28' title="bbox 2016 1216 3606 1295">
    <p class='ocr_par' dir='ltr' id='par_1_28' title="bbox 2016 1216 3606 1295">
     <span class='ocr_line' id='line_1_28' title="bbox 2016 1216 3606 1295; baseline 0.006 -27"><span class='ocrx_word' id='word_1_195' title='bbox 2016 1216 2195 1269; x_wconf 88' lang='grc' dir='ltr'>δευσιν</span> <span class='ocrx_word' id='word_1_196' title='bbox 2228 1218 2479 1272; x_wconf 82' lang='grc' dir='ltr'>ὑπόνοιαν</span> <span class='ocrx_word' id='word_1_197' title='bbox 2529 1218 2842 1290; x_wconf 77' lang='grc' dir='ltr'>ζημιούσθω</span> <span class='ocrx_word' id='word_1_198' title='bbox 2866 1237 2880 1253; x_wconf 74' lang='grc' dir='ltr'><strong>ο</strong></span> <span class='ocrx_word' id='word_1_199' title='bbox 2923 1222 3152 1292; x_wconf 81' lang='grc' dir='ltr'><strong>ἀμαθῶς</strong></span> <span class='ocrx_word' id='word_1_200' title='bbox 3191 1223 3381 1277; x_wconf 84' lang='grc' dir='ltr'>οὑσίαν</span> <span class='ocrx_word' id='word_1_201' title='bbox 3434 1225 3606 1295; x_wconf 83' lang='grc' dir='ltr'>ὑπερ·</span> 
     </span>
    </p>
   </div>
   <div class='ocr_carea' id='block_1_29' title="bbox 2016 1309 3604 1386">
    <p class='ocr_par' dir='ltr' id='par_1_29' title="bbox 2016 1309 3604 1386">
     <span class='ocr_line' id='line_1_29' title="bbox 2016 1309 3604 1386; baseline 0.006 -25"><span class='ocrx_word' id='word_1_202' title='bbox 2016 1309 2185 1374; x_wconf 79' lang='grc' dir='ltr'>τιθεὶς</span> <span class='ocrx_word' id='word_1_203' title='bbox 2215 1310 2421 1375; x_wconf 80' lang='grc' dir='ltr'>οὐσίας’</span> <span class='ocrx_word' id='word_1_204' title='bbox 2454 1312 2546 1365; x_wconf 74' lang='grc' dir='ltr'>καὶ</span> <span class='ocrx_word' id='word_1_205' title='bbox 2572 1313 2668 1383; x_wconf 80' lang='grc' dir='ltr'>τὴν</span> <span class='ocrx_word' id='word_1_206' title='bbox 2693 1313 2788 1383; x_wconf 80' lang='grc' dir='ltr'><strong>μὲν</strong></span> <span class='ocrx_word' id='word_1_207' title='bbox 2812 1314 2943 1381; x_wconf 82' lang='grc' dir='ltr'>ἀνω,</span> <span class='ocrx_word' id='word_1_208' title='bbox 2968 1314 3067 1386; x_wconf 84' lang='grc' dir='ltr'>τὴν</span> <span class='ocrx_word' id='word_1_209' title='bbox 3098 1315 3153 1367; x_wconf 81' lang='grc' dir='ltr'>δὲ</span> <span class='ocrx_word' id='word_1_210' title='bbox 3182 1316 3329 1370; x_wconf 84' lang='grc' dir='ltr'>κάτω</span> <span class='ocrx_word' id='word_1_211' title='bbox 3348 1315 3489 1370; x_wconf 88' lang='grc' dir='ltr'><strong>κατά</strong></span> <span class='ocrx_word' id='word_1_212' title='bbox 3512 1316 3604 1371; x_wconf 80' lang='grc' dir='ltr'><strong>τὸν</strong></span> 
     </span>
    </p>
   </div>
   <div class='ocr_carea' id='block_1_30' title="bbox 2022 1402 3604 1478">
    <p class='ocr_par' dir='ltr' id='par_1_30' title="bbox 2022 1402 3604 1478">
     <span class='ocr_line' id='line_1_30' title="bbox 2022 1402 3604 1478; baseline 0.005 -24"><span class='ocrx_word' id='word_1_213' title='bbox 2022 1402 2095 1472; x_wconf 85' lang='grc' dir='ltr'>μὴ</span> <span class='ocrx_word' id='word_1_214' title='bbox 2139 1402 2525 1474; x_wconf 83' lang='grc' dir='ltr'>εὑρισκόμενον</span> <span class='ocrx_word' id='word_1_215' title='bbox 2562 1404 2717 1474; x_wconf 87' lang='grc' dir='ltr'>λόγον</span> <span class='ocrx_word' id='word_1_216' title='bbox 2770 1405 3233 1478; x_wconf 73' lang='grc' dir='ltr'>ἀποφαινόμενοςο</span> <span class='ocrx_word' id='word_1_217' title='bbox 3262 1409 3355 1461; x_wconf 70' lang='grc' dir='ltr'><strong>καὶ</strong></span> <span class='ocrx_word' id='word_1_218' title='bbox 3394 1410 3461 1477; x_wconf 78' lang='grc' dir='ltr'>τῇ</span> <span class='ocrx_word' id='word_1_219' title='bbox 3503 1408 3604 1478; x_wconf 85' lang='grc' dir='ltr'>μὲν</span> 
     </span>
    </p>
   </div>
   <div class='ocr_carea' id='block_1_31' title="bbox 2017 1492 3604 1569">
    <p class='ocr_par' dir='ltr' id='par_1_31' title="bbox 2017 1492 3604 1569">
     <span class='ocr_line' id='line_1_31' title="bbox 2017 1492 3604 1569; baseline 0.005 -25"><span class='ocrx_word' id='word_1_220' title='bbox 2017 1492 2077 1544; x_wconf 87' lang='grc' dir='ltr'><strong>τὸ</strong></span> <span class='ocrx_word' id='word_1_221' title='bbox 2116 1494 2323 1564; x_wconf 82' lang='grc' dir='ltr'>κύριον,</span> <span class='ocrx_word' id='word_1_222' title='bbox 2354 1497 2419 1564; x_wconf 81' lang='grc' dir='ltr'>τῇ</span> <span class='ocrx_word' id='word_1_223' title='bbox 2474 1494 2527 1546; x_wconf 82' lang='grc' dir='ltr'>δὲ</span> <span class='ocrx_word' id='word_1_224' title='bbox 2566 1496 2639 1566; x_wconf 78' lang='grc' dir='ltr'>μὴ</span> <span class='ocrx_word' id='word_1_225' title='bbox 2687 1496 2921 1549; x_wconf 82' lang='grc' dir='ltr'>τοιοῦτον</span> <span class='ocrx_word' id='word_1_226' title='bbox 2957 1498 3417 1569; x_wconf 84' lang='grc' dir='ltr'>προσμαρτυρῶν.</span> <span class='ocrx_word' id='word_1_227' title='bbox 3462 1496 3604 1553; x_wconf 77' lang='grc' dir='ltr'>Οὔτε</span> 
     </span>
    </p>
   </div>
   <div class='ocr_carea' id='block_1_32' title="bbox 2020 1583 3605 1660">
    <p class='ocr_par' dir='ltr' id='par_1_32' title="bbox 2020 1583 3605 1660">
     <span class='ocr_line' id='line_1_32' title="bbox 2020 1583 3605 1660; baseline 0.004 -24"><span class='ocrx_word' id='word_1_228' title='bbox 2020 1583 2128 1654; x_wconf 82' lang='grc' dir='ltr'><strong>γὰρ</strong></span> <span class='ocrx_word' id='word_1_229' title='bbox 2161 1585 2268 1638; x_wconf 85' lang='grc' dir='ltr'><strong>τῶν</strong></span> <span class='ocrx_word' id='word_1_230' title='bbox 2319 1585 2421 1649; x_wconf 80' lang='grc' dir='ltr'><strong>ἔξω</strong></span> <span class='ocrx_word' id='word_1_231' title='bbox 2456 1585 2555 1656; x_wconf 80' lang='grc' dir='ltr'>τῆς</span> <span class='ocrx_word' id='word_1_232' title='bbox 2588 1586 2823 1650; x_wconf 88' lang='grc' dir='ltr'>πίστεως</span> <span class='ocrx_word' id='word_1_233' title='bbox 2874 1588 3387 1660; x_wconf 68' lang='grc' dir='ltr'>πεφιλοσοφηκότων</span> <span class='ocrx_word' id='word_1_234' title='bbox 3435 1589 3605 1657; x_wconf 78' lang='grc' dir='ltr'>ἐγνω-</span> 
     </span>
    </p>
   </div>
   <div class='ocr_carea' id='block_1_33' title="bbox 2026 1678 3605 1749">
    <p class='ocr_par' dir='ltr' id='par_1_33' title="bbox 2026 1678 3605 1749">
     <span class='ocr_line' id='line_1_33' title="bbox 2026 1678 3605 1749; baseline 0.003 -19"><span class='ocrx_word' id='word_1_235' title='bbox 2026 1678 2122 1748; x_wconf 86' lang='grc' dir='ltr'>μέν</span> <span class='ocrx_word' id='word_1_236' title='bbox 2149 1695 2268 1731; x_wconf 86' lang='grc' dir='ltr'>τινα</span> <span class='ocrx_word' id='word_1_237' title='bbox 2316 1678 2472 1730; x_wconf 84' lang='grc' dir='ltr'>τοῦτο</span> <span class='ocrx_word' id='word_1_238' title='bbox 2514 1678 2848 1749; x_wconf 81' lang='grc' dir='ltr'>ληρήσαντα,</span> <span class='ocrx_word' id='word_1_239' title='bbox 2902 1679 3024 1733; x_wconf 73' lang='grc' dir='ltr'>οὔτε</span> <span class='ocrx_word' id='word_1_240' title='bbox 3057 1683 3174 1745; x_wconf 83' lang='grc' dir='ltr'>ταῖς</span> <span class='ocrx_word' id='word_1_241' title='bbox 3222 1681 3605 1746; x_wconf 85' lang='grc' dir='ltr'>θεοπνεύστοις</span> 
     </span>
    </p>
   </div>
   <div class='ocr_carea' id='block_1_34' title="bbox 340 1763 1924 1843">
    <p class='ocr_par' dir='ltr' id='par_1_34' title="bbox 340 1768 1911 1840">
     <span class='ocr_line' id='line_1_34' title="bbox 340 1768 1911 1840; baseline -0.001 -17"><span class='ocrx_word' id='word_1_242' title='bbox 340 1770 646 1825; x_wconf 89' lang='lat' dir='ltr'><strong>consistere</strong></span> <span class='ocrx_word' id='word_1_243' title='bbox 690 1770 902 1840; x_wconf 88' lang='lat' dir='ltr'><strong>nequit,</strong></span> <span class='ocrx_word' id='word_1_244' title='bbox 958 1770 1219 1825; x_wconf 87' lang='lat' dir='ltr'><strong>decernat</strong></span> <span class='ocrx_word' id='word_1_245' title='bbox 1253 1787 1266 1823; x_wconf 91' lang='lat'>:</span> <span class='ocrx_word' id='word_1_246' title='bbox 1306 1771 1643 1839; x_wconf 84' lang='lat' dir='ltr'><strong>alteramque</strong></span> <span class='ocrx_word' id='word_1_247' title='bbox 1674 1768 1911 1839; x_wconf 88' lang='lat' dir='ltr'><strong>proprie,</strong></span> 
     </span>
    </p>
   </div>
   <div class='ocr_carea' id='block_1_35' title="bbox 2029 1763 3606 1843">
    <p class='ocr_par' dir='ltr' id='par_1_35' title="bbox 2029 1767 3606 1843">
     <span class='ocr_line' id='line_1_35' title="bbox 2029 1767 3606 1843; baseline 0.004 -22"><span class='ocrx_word' id='word_1_248' title='bbox 2029 1772 2244 1837; x_wconf 63' lang='grc' dir='ltr'>φωναῖς,</span> <span class='ocrx_word' id='word_1_249' title='bbox 2282 1767 2403 1822; x_wconf 73' lang='grc' dir='ltr'>οὔτε</span> <span class='ocrx_word' id='word_1_250' title='bbox 2444 1771 2560 1833; x_wconf 89' lang='grc' dir='ltr'>ταῖς</span> <span class='ocrx_word' id='word_1_251' title='bbox 2593 1772 2798 1834; x_wconf 85' lang='grc' dir='ltr'>κοιναῖς</span> <span class='ocrx_word' id='word_1_252' title='bbox 2845 1772 3075 1834; x_wconf 77' lang='grc' dir='ltr'>ἐννοίαις</span> <span class='ocrx_word' id='word_1_253' title='bbox 3105 1772 3166 1825; x_wconf 81' lang='grc' dir='ltr'>τὺ</span> <span class='ocrx_word' id='word_1_254' title='bbox 3196 1772 3409 1826; x_wconf 81' lang='grc' dir='ltr'>τοιοῦτο</span> <span class='ocrx_word' id='word_1_255' title='bbox 3465 1791 3606 1843; x_wconf 66' lang='grc' dir='ltr'>συμα</span> 
     </span>
    </p>
   </div>
   <div class='ocr_carea' id='block_1_36' title="bbox 342 1861 1911 1932">
    <p class='ocr_par' dir='ltr' id='par_1_36' title="bbox 342 1861 1911 1932">
     <span class='ocr_line' id='line_1_36' title="bbox 342 1861 1911 1932; baseline -0.001 -18"><span class='ocrx_word' id='word_1_256' title='bbox 342 1862 571 1917; x_wconf 86' lang='lat' dir='ltr'><strong>alteram</strong></span> <span class='ocrx_word' id='word_1_257' title='bbox 606 1863 904 1932; x_wconf 88' lang='lat' dir='ltr'><strong>improprie</strong></span> <span class='ocrx_word' id='word_1_258' title='bbox 939 1878 1063 1919; x_wconf 85' lang='lat' dir='ltr'><strong>esse</strong></span> <span class='ocrx_word' id='word_1_259' title='bbox 1093 1862 1295 1917; x_wconf 88' lang='lat' dir='ltr'><strong>tradat.</strong></span> <span class='ocrx_word' id='word_1_260' title='bbox 1344 1861 1530 1931; x_wconf 83' lang='lat' dir='ltr'><strong>Neque</strong></span> <span class='ocrx_word' id='word_1_261' title='bbox 1551 1878 1683 1917; x_wconf 85' lang='lat' dir='ltr'><strong>vero</strong></span> <span class='ocrx_word' id='word_1_262' title='bbox 1721 1876 1911 1931; x_wconf 89' lang='lat' dir='ltr'><strong>quem-</strong></span> 
     </span>
    </p>
   </div>
   <div class='ocr_carea' id='block_1_37' title="bbox 339 1956 3140 2027">
    <p class='ocr_par' dir='ltr' id='par_1_37' title="bbox 339 1956 3140 2027">
     <span class='ocr_line' id='line_1_37' title="bbox 339 1956 3140 2027; baseline 0.001 -18"><span class='ocrx_word' id='word_1_263' title='bbox 339 1970 501 2026; x_wconf 89' lang='lat' dir='ltr'><strong>quam</strong></span> <span class='ocrx_word' id='word_1_264' title='bbox 527 1956 975 2027; x_wconf 88' lang='lat' dir='ltr'><strong>philosophorum</strong></span> <span class='ocrx_word' id='word_1_265' title='bbox 1008 1959 1171 2012; x_wconf 87' lang='lat' dir='ltr'><strong>etiam</strong></span> <span class='ocrx_word' id='word_1_266' title='bbox 1195 1973 1225 2011; x_wconf 92' lang='lat' dir='ltr'><strong>a</strong></span> <span class='ocrx_word' id='word_1_267' title='bbox 1259 1959 1363 2014; x_wconf 87' lang='lat' dir='ltr'><strong>fide</strong></span> <span class='ocrx_word' id='word_1_268' title='bbox 1387 1966 1573 2013; x_wconf 89' lang='lat' dir='ltr'><strong>nostra</strong></span> <span class='ocrx_word' id='word_1_269' title='bbox 1605 1958 1990 2012; x_wconf 85' lang='lat' dir='ltr'><strong>abhorrentem</strong></span> <span class='ocrx_word' id='word_1_270' title='bbox 2056 1956 2431 2026; x_wconf 91' lang='lat' dir='ltr'><strong>cognovimus,</strong></span> <span class='ocrx_word' id='word_1_271' title='bbox 2482 1956 2571 2026; x_wconf 89' lang='lat' dir='ltr'><strong>qui</strong></span> <span class='ocrx_word' id='word_1_272' title='bbox 2638 1956 2773 2011; x_wconf 91' lang='lat' dir='ltr'><strong>adeo</strong></span> <span class='ocrx_word' id='word_1_273' title='bbox 2831 1956 3088 2014; x_wconf 86' lang='lat' dir='ltr'><strong>deliraret</strong></span> <span class='ocrx_word' id='word_1_274' title='bbox 3128 1977 3140 2013; x_wconf 92' lang='lat'>:</span> 
     </span>
    </p>
   </div>
   <div class='ocr_carea' id='block_1_38' title="bbox 2022 1860 2215 1912">
    <p class='ocr_par' dir='ltr' id='par_1_38' title="bbox 2022 1860 2215 1912">
     <span class='ocr_line' id='line_1_38' title="bbox 2022 1860 2215 1912; baseline 0 -1"><span class='ocrx_word' id='word_1_275' title='bbox 2022 1860 2215 1912; x_wconf 79' lang='grc' dir='ltr'>ϐαίνει.</span> 
     </span>
    </p>
   </div>
   <div class='ocr_carea' id='block_1_39' title="bbox 3219 1974 3602 2030">
    <p class='ocr_par' dir='ltr' id='par_1_39' title="bbox 3219 1974 3602 2030">
     <span class='ocr_line' id='line_1_39' title="bbox 3219 1974 3602 2030; baseline 0.005 -17"><span class='ocrx_word' id='word_1_276' title='bbox 3219 1976 3399 2030; x_wconf 85' lang='lat' dir='ltr'><strong>neque</strong></span> <span class='ocrx_word' id='word_1_277' title='bbox 3472 1974 3602 2015; x_wconf 84' lang='lat' dir='ltr'><strong>con-</strong></span> 
     </span>
    </p>
   </div>
   <div class='ocr_carea' id='block_1_40' title="bbox 339 2051 2481 2110">
    <p class='ocr_par' dir='ltr' id='par_1_40' title="bbox 339 2051 2481 2110">
     <span class='ocr_line' id='line_1_40' title="bbox 339 2051 2481 2110; baseline -0.003 0"><span class='ocrx_word' id='word_1_278' title='bbox 339 2064 501 2110; x_wconf 84' lang='lat' dir='ltr'><strong>sonat</strong></span> <span class='ocrx_word' id='word_1_279' title='bbox 533 2054 637 2109; x_wconf 89' lang='lat' dir='ltr'><strong>hoc</strong></span> <span class='ocrx_word' id='word_1_280' title='bbox 677 2054 758 2108; x_wconf 87' lang='lat' dir='ltr'><strong>vel</strong></span> <span class='ocrx_word' id='word_1_281' title='bbox 781 2054 983 2109; x_wconf 86' lang='lat' dir='ltr'><strong>divinis</strong></span> <span class='ocrx_word' id='word_1_282' title='bbox 1014 2055 1254 2110; x_wconf 88' lang='lat' dir='ltr'><strong>oraculis</strong></span> <span class='ocrx_word' id='word_1_283' title='bbox 1278 2056 1358 2108; x_wconf 85' lang='lat' dir='ltr'><strong>vel</strong></span> <span class='ocrx_word' id='word_1_284' title='bbox 1392 2054 1778 2109; x_wconf 89' lang='lat' dir='ltr'><strong>communibus</strong></span> <span class='ocrx_word' id='word_1_285' title='bbox 1814 2051 2098 2106; x_wconf 86' lang='lat' dir='ltr'><strong>hominum</strong></span> <span class='ocrx_word' id='word_1_286' title='bbox 2138 2051 2481 2106; x_wconf 79' lang='lat' dir='ltr'><strong>nationibus.</strong></span> 
     </span>
    </p>
   </div>
   <div class='ocr_carea' id='block_1_41' title="bbox 410 2195 1916 2267">
    <p class='ocr_par' dir='ltr' id='par_1_41' title="bbox 410 2195 1916 2267">
     <span class='ocr_line' id='line_1_41' title="bbox 410 2195 1916 2267; baseline -0.003 -16"><span class='ocrx_word' id='word_1_287' title='bbox 410 2196 553 2263; x_wconf 90' lang='lat' dir='ltr'><strong>Quid</strong></span> <span class='ocrx_word' id='word_1_288' title='bbox 595 2197 761 2267; x_wconf 80' lang='lat' dir='ltr'><strong>igitur</strong></span> <span class='ocrx_word' id='word_1_289' title='bbox 793 2197 846 2250; x_wconf 91' lang='lat' dir='ltr'><strong>in</strong></span> <span class='ocrx_word' id='word_1_290' title='bbox 883 2197 969 2251; x_wconf 92' lang='lat' dir='ltr'><strong>his</strong></span> <span class='ocrx_word' id='word_1_291' title='bbox 1027 2198 1310 2253; x_wconf 87' lang='lat' dir='ltr'><strong>vocabulis</strong></span> <span class='ocrx_word' id='word_1_292' title='bbox 1364 2198 1633 2253; x_wconf 88' lang='lat' dir='ltr'><strong>novandis</strong></span> <span class='ocrx_word' id='word_1_293' title='bbox 1680 2200 1783 2254; x_wconf 91' lang='lat' dir='ltr'><strong>iste</strong></span> <span class='ocrx_word' id='word_1_294' title='bbox 1813 2195 1916 2252; x_wconf 87' lang='lat' dir='ltr'><strong>sibi</strong></span> 
     </span>
    </p>
   </div>
   <div class='ocr_carea' id='block_1_42' title="bbox 341 2289 1920 2362">
    <p class='ocr_par' dir='ltr' id='par_1_42' title="bbox 341 2289 1920 2362">
     <span class='ocr_line' id='line_1_42' title="bbox 341 2289 1920 2362; baseline -0.001 -19"><span class='ocrx_word' id='word_1_295' title='bbox 341 2289 709 2362; x_wconf 88' lang='lat' dir='ltr'><strong>proposuerit,</strong></span> <span class='ocrx_word' id='word_1_296' title='bbox 746 2290 908 2353; x_wconf 89' lang='lat' dir='ltr'><strong>satis,</strong></span> <span class='ocrx_word' id='word_1_297' title='bbox 943 2297 1003 2342; x_wconf 93' lang='lat' dir='ltr'><strong>ut</strong></span> <span class='ocrx_word' id='word_1_298' title='bbox 1031 2289 1294 2351; x_wconf 88' lang='lat' dir='ltr'><strong>arbitror,</strong></span> <span class='ocrx_word' id='word_1_299' title='bbox 1353 2306 1418 2345; x_wconf 78' lang='lat' dir='ltr'><strong>ex</strong></span> <span class='ocrx_word' id='word_1_300' title='bbox 1452 2291 1613 2345; x_wconf 90' lang='lat' dir='ltr'><strong>dictis</strong></span> <span class='ocrx_word' id='word_1_301' title='bbox 1660 2291 1771 2359; x_wconf 88' lang='lat' dir='ltr'><strong>jam</strong></span> <span class='ocrx_word' id='word_1_302' title='bbox 1839 2297 1920 2344; x_wconf 85' lang='lat' dir='ltr'><strong>est</strong></span> 
     </span>
    </p>
   </div>
   <div class='ocr_carea' id='block_1_43' title="bbox 342 2380 1919 2449">
    <p class='ocr_par' dir='ltr' id='par_1_43' title="bbox 342 2380 1919 2449">
     <span class='ocr_line' id='line_1_43' title="bbox 342 2380 1919 2449; baseline -0.001 -14"><span class='ocrx_word' id='word_1_303' title='bbox 342 2381 693 2436; x_wconf 88' lang='lat' dir='ltr'><strong>manifestum</strong></span> <span class='ocrx_word' id='word_1_304' title='bbox 716 2399 730 2435; x_wconf 89' lang='lat'><strong>:</strong></span> <span class='ocrx_word' id='word_1_305' title='bbox 757 2380 1013 2436; x_wconf 88' lang='lat' dir='ltr'><strong>videlicet</strong></span> <span class='ocrx_word' id='word_1_306' title='bbox 1043 2390 1303 2449; x_wconf 91' lang='lat' dir='ltr'><strong>tanquam</strong></span> <span class='ocrx_word' id='word_1_307' title='bbox 1336 2380 1807 2449; x_wconf 84' lang='lat' dir='ltr'><strong>propugnaculum</strong></span> <span class='ocrx_word' id='word_1_308' title='bbox 1833 2381 1919 2434; x_wconf 90' lang='lat' dir='ltr'><strong>vel</strong></span> 
     </span>
    </p>
   </div>
   <div class='ocr_carea' id='block_1_44' title="bbox 343 2468 1917 2540">
    <p class='ocr_par' dir='ltr' id='par_1_44' title="bbox 343 2468 1917 2540">
     <span class='ocr_line' id='line_1_44' title="bbox 343 2468 1917 2540; baseline -0.001 -15"><span class='ocrx_word' id='word_1_309' title='bbox 343 2469 762 2526; x_wconf 84' lang='lat' dir='ltr'><strong>fundamentum</strong></span> <span class='ocrx_word' id='word_1_310' title='bbox 810 2470 1087 2540; x_wconf 88' lang='lat' dir='ltr'><strong>quoddam</strong></span> <span class='ocrx_word' id='word_1_311' title='bbox 1153 2469 1322 2525; x_wconf 91' lang='lat' dir='ltr'><strong>totius</strong></span> <span class='ocrx_word' id='word_1_312' title='bbox 1376 2468 1744 2538; x_wconf 87' lang='lat' dir='ltr'><strong>improbitatis</strong></span> <span class='ocrx_word' id='word_1_313' title='bbox 1782 2483 1917 2532; x_wconf 67' lang='lat' dir='ltr'><strong>sua),</strong></span> 
     </span>
    </p>
   </div>
   <div class='ocr_carea' id='block_1_45' title="bbox 340 2562 1908 2634">
    <p class='ocr_par' dir='ltr' id='par_1_45' title="bbox 340 2562 1908 2634">
     <span class='ocr_line' id='line_1_45' title="bbox 340 2562 1908 2634; baseline -0.001 -17"><span class='ocrx_word' id='word_1_314' title='bbox 340 2565 509 2619; x_wconf 82' lang='lat' dir='ltr'><strong>verba</strong></span> <span class='ocrx_word' id='word_1_315' title='bbox 550 2565 661 2619; x_wconf 60' lang='lat' dir='ltr'><strong>hinc</strong></span> <span class='ocrx_word' id='word_1_316' title='bbox 693 2564 973 2634; x_wconf 70' lang='lat' dir='ltr'><strong>praemittit</strong></span> <span class='ocrx_word' id='word_1_317' title='bbox 994 2573 1048 2619; x_wconf 88' lang='lat' dir='ltr'><strong>et</strong></span> <span class='ocrx_word' id='word_1_318' title='bbox 1087 2564 1352 2634; x_wconf 88' lang='lat' dir='ltr'><strong>supponit</strong></span> <span class='ocrx_word' id='word_1_319' title='bbox 1388 2582 1398 2615; x_wconf 91' lang='lat'>:</span> <span class='ocrx_word' id='word_1_320' title='bbox 1438 2569 1495 2616; x_wconf 93' lang='lat' dir='ltr'><strong>ut</strong></span> <span class='ocrx_word' id='word_1_321' title='bbox 1538 2562 1583 2616; x_wconf 92' lang='lat' dir='ltr'><strong>si</strong></span> <span class='ocrx_word' id='word_1_322' title='bbox 1616 2575 1908 2630; x_wconf 85' lang='lat' dir='ltr'><strong>persuase-</strong></span> 
     </span>
    </p>
   </div>
   <div class='ocr_carea' id='block_1_46' title="bbox 341 2654 1923 2725">
    <p class='ocr_par' dir='ltr' id='par_1_46' title="bbox 341 2654 1923 2725">
     <span class='ocr_line' id='line_1_46' title="bbox 341 2654 1923 2725; baseline -0.001 -16"><span class='ocrx_word' id='word_1_323' title='bbox 341 2657 415 2710; x_wconf 87' lang='lat' dir='ltr'><strong>rit</strong></span> <span class='ocrx_word' id='word_1_324' title='bbox 448 2659 666 2712; x_wconf 90' lang='lat' dir='ltr'><strong>unicam</strong></span> <span class='ocrx_word' id='word_1_325' title='bbox 698 2658 869 2712; x_wconf 87' lang='lat' dir='ltr'><strong>solam</strong></span> <span class='ocrx_word' id='word_1_326' title='bbox 888 2657 1250 2712; x_wconf 79' lang='lat' dir='ltr'><strong>substantiam</strong></span> <span class='ocrx_word' id='word_1_327' title='bbox 1270 2671 1582 2725; x_wconf 89' lang='lat' dir='ltr'><strong>supremam</strong></span> <span class='ocrx_word' id='word_1_328' title='bbox 1608 2662 1660 2708; x_wconf 88' lang='lat' dir='ltr'><strong>et</strong></span> <span class='ocrx_word' id='word_1_329' title='bbox 1686 2654 1923 2708; x_wconf 78' lang='lat' dir='ltr'><strong>maxime</strong></span> 
     </span>
    </p>
   </div>
   <div class='ocr_carea' id='block_1_47' title="bbox 344 2746 1918 2818">
    <p class='ocr_par' dir='ltr' id='par_1_47' title="bbox 344 2746 1918 2818">
     <span class='ocr_line' id='line_1_47' title="bbox 344 2746 1918 2818; baseline -0.003 -16"><span class='ocrx_word' id='word_1_330' title='bbox 344 2750 621 2818; x_wconf 89' lang='lat' dir='ltr'><strong>propriam</strong></span> <span class='ocrx_word' id='word_1_331' title='bbox 686 2764 830 2812; x_wconf 87' lang='lat' dir='ltr'><strong>esse,</strong></span> <span class='ocrx_word' id='word_1_332' title='bbox 885 2747 1105 2804; x_wconf 89' lang='lat' dir='ltr'><strong>facilius</strong></span> <span class='ocrx_word' id='word_1_333' title='bbox 1152 2748 1220 2803; x_wconf 89' lang='lat' dir='ltr'><strong>de</strong></span> <span class='ocrx_word' id='word_1_334' title='bbox 1276 2750 1398 2802; x_wconf 89' lang='lat' dir='ltr'><strong>aliis</strong></span> <span class='ocrx_word' id='word_1_335' title='bbox 1448 2762 1561 2801; x_wconf 87' lang='lat' dir='ltr'><strong>rem</strong></span> <span class='ocrx_word' id='word_1_336' title='bbox 1618 2746 1918 2800; x_wconf 82' lang='lat' dir='ltr'><strong>conficiat:</strong></span> 
     </span>
    </p>
   </div>
   <div class='ocr_carea' id='block_1_48' title="bbox 343 2840 1925 2911">
    <p class='ocr_par' dir='ltr' id='par_1_48' title="bbox 343 2840 1925 2911">
     <span class='ocr_line' id='line_1_48' title="bbox 343 2840 1925 2911; baseline -0.003 -16"><span class='ocrx_word' id='word_1_337' title='bbox 343 2841 501 2911; x_wconf 88' lang='lat' dir='ltr'><strong>quasi</strong></span> <span class='ocrx_word' id='word_1_338' title='bbox 528 2841 595 2896; x_wconf 89' lang='lat' dir='ltr'><strong>de</strong></span> <span class='ocrx_word' id='word_1_339' title='bbox 618 2841 711 2905; x_wconf 91' lang='lat' dir='ltr'><strong>iis,</strong></span> <span class='ocrx_word' id='word_1_340' title='bbox 745 2856 867 2910; x_wconf 83' lang='lat' dir='ltr'><strong>quae</strong></span> <span class='ocrx_word' id='word_1_341' title='bbox 890 2840 1031 2895; x_wconf 86' lang='lat' dir='ltr'><strong>infra</strong></span> <span class='ocrx_word' id='word_1_342' title='bbox 1070 2842 1213 2895; x_wconf 91' lang='lat' dir='ltr'><strong>illam</strong></span> <span class='ocrx_word' id='word_1_343' title='bbox 1260 2842 1513 2911; x_wconf 85' lang='lat' dir='ltr'><strong>primam,</strong></span> <span class='ocrx_word' id='word_1_344' title='bbox 1549 2848 1604 2895; x_wconf 88' lang='lat' dir='ltr'><strong>et</strong></span> <span class='ocrx_word' id='word_1_345' title='bbox 1642 2854 1750 2894; x_wconf 89' lang='lat' dir='ltr'><strong>non</strong></span> <span class='ocrx_word' id='word_1_346' title='bbox 1791 2852 1925 2908; x_wconf 91' lang='lat' dir='ltr'><strong>pro-</strong></span> 
     </span>
    </p>
   </div>
   <div class='ocr_carea' id='block_1_49' title="bbox 344 2932 1925 3003">
    <p class='ocr_par' dir='ltr' id='par_1_49' title="bbox 344 2932 1925 3003">
     <span class='ocr_line' id='line_1_49' title="bbox 344 2932 1925 3003; baseline 0.001 -17"><span class='ocrx_word' id='word_1_347' title='bbox 344 2932 462 3003; x_wconf 88' lang='lat' dir='ltr'><strong>prie</strong></span> <span class='ocrx_word' id='word_1_348' title='bbox 488 2948 611 2989; x_wconf 92' lang='lat' dir='ltr'><strong>esse</strong></span> <span class='ocrx_word' id='word_1_349' title='bbox 636 2934 963 3003; x_wconf 82' lang='lat' dir='ltr'><strong>cogitentur.</strong></span> <span class='ocrx_word' id='word_1_350' title='bbox 996 2933 1228 2989; x_wconf 81' lang='lat' dir='ltr'><strong>Maxime</strong></span> <span class='ocrx_word' id='word_1_351' title='bbox 1258 2950 1387 2989; x_wconf 84' lang='lat' dir='ltr'><strong>vero</strong></span> <span class='ocrx_word' id='word_1_352' title='bbox 1402 2934 1504 2988; x_wconf 90' lang='lat' dir='ltr'><strong>hoc</strong></span> <span class='ocrx_word' id='word_1_353' title='bbox 1532 2932 1773 2989; x_wconf 88' lang='lat' dir='ltr'><strong>ostendit</strong></span> <span class='ocrx_word' id='word_1_354' title='bbox 1802 2948 1925 3003; x_wconf 84' lang='lat' dir='ltr'><strong>pro-</strong></span> 
     </span>
    </p>
   </div>
   <div class='ocr_carea' id='block_1_50' title="bbox 346 3026 1922 3095">
    <p class='ocr_par' dir='ltr' id='par_1_50' title="bbox 346 3026 1922 3095">
     <span class='ocr_line' id='line_1_50' title="bbox 346 3026 1922 3095; baseline -0.001 -15"><span class='ocrx_word' id='word_1_355' title='bbox 346 3040 539 3095; x_wconf 75' lang='lat' dir='ltr'><strong>gressu</strong></span> <span class='ocrx_word' id='word_1_356' title='bbox 575 3026 986 3095; x_wconf 85' lang='lat' dir='ltr'><strong>disputationis.</strong></span> <span class='ocrx_word' id='word_1_357' title='bbox 1037 3041 1162 3081; x_wconf 90' lang='lat' dir='ltr'><strong>cum</strong></span> <span class='ocrx_word' id='word_1_358' title='bbox 1200 3042 1301 3083; x_wconf 91' lang='lat' dir='ltr'><strong>sua</strong></span> <span class='ocrx_word' id='word_1_359' title='bbox 1341 3028 1408 3082; x_wconf 92' lang='lat' dir='ltr'><strong>de</strong></span> <span class='ocrx_word' id='word_1_360' title='bbox 1449 3026 1589 3081; x_wconf 91' lang='lat' dir='ltr'><strong>Filio</strong></span> <span class='ocrx_word' id='word_1_361' title='bbox 1621 3036 1673 3080; x_wconf 91' lang='lat' dir='ltr'><strong>et</strong></span> <span class='ocrx_word' id='word_1_362' title='bbox 1715 3026 1922 3095; x_wconf 81' lang='lat' dir='ltr'><strong>Spiritu</strong></span> 
     </span>
    </p>
   </div>
   <div class='ocr_carea' id='block_1_51' title="bbox 345 3118 1927 3188">
    <p class='ocr_par' dir='ltr' id='par_1_51' title="bbox 345 3118 1927 3188">
     <span class='ocr_line' id='line_1_51' title="bbox 345 3118 1927 3188; baseline -0.001 -17"><span class='ocrx_word' id='word_1_363' title='bbox 345 3124 539 3171; x_wconf 83' lang='lat' dir='ltr'><strong>sancto</strong></span> <span class='ocrx_word' id='word_1_364' title='bbox 566 3118 767 3188; x_wconf 91' lang='lat' dir='ltr'><strong>placita</strong></span> <span class='ocrx_word' id='word_1_365' title='bbox 796 3118 1053 3173; x_wconf 90' lang='lat' dir='ltr'><strong>edisserit</strong></span> <span class='ocrx_word' id='word_1_366' title='bbox 1085 3135 1100 3185; x_wconf 87' lang='lat'><strong>;</strong></span> <span class='ocrx_word' id='word_1_367' title='bbox 1135 3133 1405 3187; x_wconf 87' lang='lat' dir='ltr'><strong>nusquam</strong></span> <span class='ocrx_word' id='word_1_368' title='bbox 1438 3118 1585 3173; x_wconf 92' lang='lat' dir='ltr'><strong>enim</strong></span> <span class='ocrx_word' id='word_1_369' title='bbox 1634 3118 1808 3171; x_wconf 90' lang='lat' dir='ltr'><strong>utitur</strong></span> <span class='ocrx_word' id='word_1_370' title='bbox 1834 3131 1927 3170; x_wconf 90' lang='lat' dir='ltr'><strong>ve-</strong></span> 
     </span>
    </p>
   </div>
   <div class='ocr_carea' id='block_1_52' title="bbox 345 3206 1923 3273">
    <p class='ocr_par' dir='ltr' id='par_1_52' title="bbox 345 3206 1923 3273">
     <span class='ocr_line' id='line_1_52' title="bbox 345 3206 1923 3273; baseline -0.001 -13"><span class='ocrx_word' id='word_1_371' title='bbox 345 3222 424 3260; x_wconf 81' lang='lat' dir='ltr'><strong>ris</strong></span> <span class='ocrx_word' id='word_1_372' title='bbox 455 3206 789 3271; x_wconf 89' lang='lat' dir='ltr'><strong>nominibus,</strong></span> <span class='ocrx_word' id='word_1_373' title='bbox 818 3222 909 3273; x_wconf 90' lang='lat' dir='ltr'><strong>ne,</strong></span> <span class='ocrx_word' id='word_1_374' title='bbox 945 3214 1004 3263; x_wconf 86' lang='lat' dir='ltr'><strong>ut</strong></span> <span class='ocrx_word' id='word_1_375' title='bbox 1028 3216 1156 3263; x_wconf 90' lang='lat' dir='ltr'><strong>ante</strong></span> <span class='ocrx_word' id='word_1_376' title='bbox 1186 3208 1317 3273; x_wconf 79' lang='lat' dir='ltr'><strong>dixi,</strong></span> <span class='ocrx_word' id='word_1_377' title='bbox 1342 3216 1552 3263; x_wconf 69' lang='lat' dir='ltr'><strong>naturas</strong></span> <span class='ocrx_word' id='word_1_378' title='bbox 1581 3208 1923 3263; x_wconf 88' lang='lat' dir='ltr'><strong>consortium</strong></span> 
     </span>
    </p>
   </div>
   <div class='ocr_carea' id='block_1_53' title="bbox 345 3299 1925 3371">
    <p class='ocr_par' dir='ltr' id='par_1_53' title="bbox 345 3299 1925 3371">
     <span class='ocr_line' id='line_1_53' title="bbox 345 3299 1925 3371; baseline -0.001 -18"><span class='ocrx_word' id='word_1_379' title='bbox 345 3310 398 3353; x_wconf 85' lang='lat' dir='ltr'><strong>et</strong></span> <span class='ocrx_word' id='word_1_380' title='bbox 434 3301 878 3356; x_wconf 89' lang='lat' dir='ltr'><strong>communionem</strong></span> <span class='ocrx_word' id='word_1_381' title='bbox 930 3302 1074 3356; x_wconf 87' lang='lat' dir='ltr'><strong>inter</strong></span> <span class='ocrx_word' id='word_1_382' title='bbox 1108 3316 1189 3367; x_wconf 89' lang='lat' dir='ltr'><strong>se,</strong></span> <span class='ocrx_word' id='word_1_383' title='bbox 1250 3302 1387 3371; x_wconf 90' lang='lat' dir='ltr'><strong>ipsis</strong></span> <span class='ocrx_word' id='word_1_384' title='bbox 1425 3301 1710 3355; x_wconf 89' lang='lat' dir='ltr'><strong>vocabulis</strong></span> <span class='ocrx_word' id='word_1_385' title='bbox 1758 3299 1925 3353; x_wconf 88' lang='lat' dir='ltr'><strong>etiam</strong></span> 
     </span>
    </p>
   </div>
   <div class='ocr_carea' id='block_1_54' title="bbox 349 3393 1924 3462">
    <p class='ocr_par' dir='ltr' id='par_1_54' title="bbox 349 3393 1924 3462">
     <span class='ocr_line' id='line_1_54' title="bbox 349 3393 1924 3462; baseline 0.001 -18"><span class='ocrx_word' id='word_1_386' title='bbox 349 3394 550 3449; x_wconf 87' lang='lat' dir='ltr'><strong>invitus</strong></span> <span class='ocrx_word' id='word_1_387' title='bbox 577 3394 856 3448; x_wconf 84' lang='lat' dir='ltr'><strong>mentibus</strong></span> <span class='ocrx_word' id='word_1_388' title='bbox 889 3394 1097 3449; x_wconf 87' lang='lat' dir='ltr'><strong>nostris</strong></span> <span class='ocrx_word' id='word_1_389' title='bbox 1132 3394 1384 3462; x_wconf 87' lang='lat' dir='ltr'><strong>objiciat,</strong></span> <span class='ocrx_word' id='word_1_390' title='bbox 1428 3394 1523 3447; x_wconf 87' lang='lat' dir='ltr'><strong>sed</strong></span> <span class='ocrx_word' id='word_1_391' title='bbox 1555 3394 1673 3447; x_wconf 89' lang='lat' dir='ltr'><strong>sine</strong></span> <span class='ocrx_word' id='word_1_392' title='bbox 1690 3393 1924 3461; x_wconf 88' lang='lat' dir='ltr'><strong>propriis</strong></span> 
     </span>
    </p>
   </div>
   <div class='ocr_carea' id='block_1_55' title="bbox 2090 2188 3608 2266">
    <p class='ocr_par' dir='ltr' id='par_1_55' title="bbox 2090 2188 3608 2266">
     <span class='ocr_line' id='line_1_55' title="bbox 2090 2188 3608 2266; baseline 0.001 -20"><span class='ocrx_word' id='word_1_393' title='bbox 2090 2194 2193 2247; x_wconf 85' lang='grc' dir='ltr'>Τὸν</span> <span class='ocrx_word' id='word_1_394' title='bbox 2222 2195 2318 2264; x_wconf 88' lang='grc' dir='ltr'>μὲν</span> <span class='ocrx_word' id='word_1_395' title='bbox 2342 2188 2433 2249; x_wconf 82' lang='grc' dir='ltr'>οὖν</span> <span class='ocrx_word' id='word_1_396' title='bbox 2465 2194 2667 2248; x_wconf 82' lang='grc' dir='ltr'>σκοπὸν</span> <span class='ocrx_word' id='word_1_397' title='bbox 2689 2196 2787 2265; x_wconf 86' lang='grc' dir='ltr'>τῆς</span> <span class='ocrx_word' id='word_1_398' title='bbox 2815 2196 2922 2249; x_wconf 87' lang='grc' dir='ltr'><strong>τῶν</strong></span> <span class='ocrx_word' id='word_1_399' title='bbox 2955 2195 3236 2266; x_wconf 83' lang='grc' dir='ltr'>ὀνομάτων</span> <span class='ocrx_word' id='word_1_400' title='bbox 3260 2198 3465 2251; x_wconf 87' lang='grc' dir='ltr'>τούτων</span> <span class='ocrx_word' id='word_1_401' title='bbox 3488 2201 3608 2265; x_wconf 57' lang='grc' dir='ltr'>ἐπε-</span> 
     </span>
    </p>
   </div>
   <div class='ocr_carea' id='block_1_56' title="bbox 2020 2285 3605 2360">
    <p class='ocr_par' dir='ltr' id='par_1_56' title="bbox 2020 2285 3605 2360">
     <span class='ocr_line' id='line_1_56' title="bbox 2020 2285 3605 2360; baseline 0.001 -21"><span class='ocrx_word' id='word_1_402' title='bbox 2020 2285 2166 2349; x_wconf 86' lang='grc' dir='ltr'>νοίας</span> <span class='ocrx_word' id='word_1_403' title='bbox 2214 2286 2411 2348; x_wconf 84' lang='grc' dir='ltr'>ἱκανῶς</span> <span class='ocrx_word' id='word_1_404' title='bbox 2446 2288 2509 2340; x_wconf 82' lang='grc' dir='ltr'><strong>ἐκ</strong></span> <span class='ocrx_word' id='word_1_405' title='bbox 2554 2286 2662 2340; x_wconf 84' lang='grc' dir='ltr'><strong>τῶν</strong></span> <span class='ocrx_word' id='word_1_406' title='bbox 2708 2288 3010 2359; x_wconf 81' lang='grc' dir='ltr'>εἰρημένων</span> <span class='ocrx_word' id='word_1_407' title='bbox 3056 2288 3238 2360; x_wconf 68' lang='grc' dir='ltr'>οἴομαι</span> <span class='ocrx_word' id='word_1_408' title='bbox 3286 2289 3605 2360; x_wconf 80' lang='grc' dir='ltr'>πεφανερῶ-</span> 
     </span>
    </p>
   </div>
   <div class='ocr_carea' id='block_1_57' title="bbox 2024 2377 3609 2452">
    <p class='ocr_par' dir='ltr' id='par_1_57' title="bbox 2024 2377 3609 2452">
     <span class='ocr_line' id='line_1_57' title="bbox 2024 2377 3609 2452; baseline 0.004 -22"><span class='ocrx_word' id='word_1_409' title='bbox 2024 2377 2171 2432; x_wconf 86' lang='grc' dir='ltr'>σθαι·</span> <span class='ocrx_word' id='word_1_410' title='bbox 2200 2379 2281 2431; x_wconf 62' lang='lat' dir='ltr'><strong>an</strong></span> <span class='ocrx_word' id='word_1_411' title='bbox 2310 2379 2555 2450; x_wconf 88' lang='grc' dir='ltr'>καθάπερ</span> <span class='ocrx_word' id='word_1_412' title='bbox 2576 2381 2931 2451; x_wconf 81' lang='grc' dir='ltr'>ὁρμητήριον,</span> <span class='ocrx_word' id='word_1_413' title='bbox 2964 2381 2995 2451; x_wconf 79' lang='grc' dir='ltr'>ἢ</span> <span class='ocrx_word' id='word_1_414' title='bbox 3024 2380 3271 2452; x_wconf 84' lang='grc' dir='ltr'>θεμέλιον</span> <span class='ocrx_word' id='word_1_415' title='bbox 3298 2382 3397 2452; x_wconf 83' lang='grc' dir='ltr'>τῆς</span> <span class='ocrx_word' id='word_1_416' title='bbox 3427 2381 3609 2452; x_wconf 81' lang='grc' dir='ltr'>πάσης</span> 
     </span>
    </p>
   </div>
   <div class='ocr_carea' id='block_1_58' title="bbox 2022 2470 3610 2547">
    <p class='ocr_par' dir='ltr' id='par_1_58' title="bbox 2022 2470 3610 2547">
     <span class='ocr_line' id='line_1_58' title="bbox 2022 2470 3610 2547; baseline 0.004 -26"><span class='ocrx_word' id='word_1_417' title='bbox 2022 2470 2216 2522; x_wconf 78' lang='grc' dir='ltr'>ἑαυτοῦ</span> <span class='ocrx_word' id='word_1_418' title='bbox 2248 2472 2375 2543; x_wconf 76' lang='grc' dir='ltr'>περὶ</span> <span class='ocrx_word' id='word_1_419' title='bbox 2396 2471 2455 2524; x_wconf 76' lang='grc' dir='ltr'>τὸ</span> <span class='ocrx_word' id='word_1_420' title='bbox 2488 2471 2662 2541; x_wconf 79' lang='grc' dir='ltr'>δόγμα</span> <span class='ocrx_word' id='word_1_421' title='bbox 2697 2474 3051 2544; x_wconf 82' lang='grc' dir='ltr'>κακουργίας,</span> <span class='ocrx_word' id='word_1_422' title='bbox 3092 2473 3159 2527; x_wconf 88' lang='grc' dir='ltr'><strong>τά</strong></span> <span class='ocrx_word' id='word_1_423' title='bbox 3192 2476 3411 2547; x_wconf 78' lang='grc' dir='ltr'>ῥήματα</span> <span class='ocrx_word' id='word_1_424' title='bbox 3436 2473 3610 2529; x_wconf 82' lang='grc' dir='ltr'>ταῦτα</span> 
     </span>
    </p>
   </div>
   <div class='ocr_carea' id='block_1_59' title="bbox 2022 2562 3610 2638">
    <p class='ocr_par' dir='ltr' id='par_1_59' title="bbox 2022 2562 3610 2638">
     <span class='ocr_line' id='line_1_59' title="bbox 2022 2562 3610 2638; baseline 0.002 -24"><span class='ocrx_word' id='word_1_425' title='bbox 2022 2562 2523 2632; x_wconf 77' lang='grc' dir='ltr'>προῢποὸάλλεταιο</span> <span class='ocrx_word' id='word_1_426' title='bbox 2584 2564 2667 2616; x_wconf 84' lang='grc' dir='ltr'><strong>ἵνα</strong></span> <span class='ocrx_word' id='word_1_427' title='bbox 2730 2568 3147 2629; x_wconf 83' lang='grc' dir='ltr'>κατασκευάσας</span> <span class='ocrx_word' id='word_1_428' title='bbox 3196 2566 3254 2621; x_wconf 72' lang='grc' dir='ltr'>τὸ</span> <span class='ocrx_word' id='word_1_429' title='bbox 3305 2568 3472 2638; x_wconf 77' lang='grc' dir='ltr'>μόνην</span> <span class='ocrx_word' id='word_1_430' title='bbox 3511 2566 3610 2637; x_wconf 77' lang='grc' dir='ltr'>τὴν</span> 
     </span>
    </p>
   </div>
   <div class='ocr_carea' id='block_1_60' title="bbox 2026 2655 3608 2728">
    <p class='ocr_par' dir='ltr' id='par_1_60' title="bbox 2026 2655 3608 2728">
     <span class='ocr_line' id='line_1_60' title="bbox 2026 2655 3608 2728; baseline 0.001 -21"><span class='ocrx_word' id='word_1_431' title='bbox 2026 2656 2153 2725; x_wconf 86' lang='grc' dir='ltr'>μίαν</span> <span class='ocrx_word' id='word_1_432' title='bbox 2190 2656 2379 2708; x_wconf 79' lang='grc' dir='ltr'>οὐσίαν</span> <span class='ocrx_word' id='word_1_433' title='bbox 2421 2656 2682 2709; x_wconf 79' lang='grc' dir='ltr'>ἀνωτάτω</span> <span class='ocrx_word' id='word_1_434' title='bbox 2726 2674 2785 2709; x_wconf 90' lang='grc' dir='ltr'><strong>τε</strong></span> <span class='ocrx_word' id='word_1_435' title='bbox 2826 2658 2920 2711; x_wconf 73' lang='grc' dir='ltr'><strong>καὶ</strong></span> <span class='ocrx_word' id='word_1_436' title='bbox 2974 2658 3317 2728; x_wconf 81' lang='grc' dir='ltr'>κυριωτάτην</span> <span class='ocrx_word' id='word_1_437' title='bbox 3346 2655 3608 2727; x_wconf 71' lang='grc' dir='ltr'>νομίζειν,</span> 
     </span>
    </p>
   </div>
   <div class='ocr_carea' id='block_1_61' title="bbox 2027 2746 3613 2819">
    <p class='ocr_par' dir='ltr' id='par_1_61' title="bbox 2027 2746 3613 2819">
     <span class='ocr_line' id='line_1_61' title="bbox 2027 2746 3613 2819; baseline -0.001 -20"><span class='ocrx_word' id='word_1_438' title='bbox 2027 2746 2223 2818; x_wconf 77' lang='grc' dir='ltr'>ῥᾳδίως</span> <span class='ocrx_word' id='word_1_439' title='bbox 2252 2748 2564 2819; x_wconf 81' lang='grc' dir='ltr'>κατατρέχῃ</span> <span class='ocrx_word' id='word_1_440' title='bbox 2596 2748 2703 2801; x_wconf 85' lang='grc' dir='ltr'><strong>τῶν</strong></span> <span class='ocrx_word' id='word_1_441' title='bbox 2736 2749 2931 2815; x_wconf 78' lang='grc' dir='ltr'>ἄλλων,</span> <span class='ocrx_word' id='word_1_442' title='bbox 2961 2749 3035 2811; x_wconf 84' lang='grc' dir='ltr'>ὡς</span> <span class='ocrx_word' id='word_1_443' title='bbox 3065 2752 3121 2802; x_wconf 82' lang='grc' dir='ltr'><strong>ἐν</strong></span> <span class='ocrx_word' id='word_1_444' title='bbox 3154 2751 3263 2812; x_wconf 89' lang='grc' dir='ltr'>τοῖς</span> <span class='ocrx_word' id='word_1_445' title='bbox 3300 2748 3469 2812; x_wconf 89' lang='grc' dir='ltr'>κάτω,</span> <span class='ocrx_word' id='word_1_446' title='bbox 3516 2747 3613 2801; x_wconf 71' lang='grc' dir='ltr'><strong>καὶ</strong></span> 
     </span>
    </p>
   </div>
   <div class='ocr_carea' id='block_1_62' title="bbox 2030 2839 3613 2911">
    <p class='ocr_par' dir='ltr' id='par_1_62' title="bbox 2030 2839 3613 2911">
     <span class='ocr_line' id='line_1_62' title="bbox 2030 2839 3613 2911; baseline 0.001 -21"><span class='ocrx_word' id='word_1_447' title='bbox 2030 2839 2103 2909; x_wconf 82' lang='grc' dir='ltr'>μὴ</span> <span class='ocrx_word' id='word_1_448' title='bbox 2140 2839 2341 2909; x_wconf 88' lang='grc' dir='ltr'>κυρίως</span> <span class='ocrx_word' id='word_1_449' title='bbox 2376 2839 2784 2910; x_wconf 82' lang='grc' dir='ltr'>θεωρουμένων.</span> <span class='ocrx_word' id='word_1_450' title='bbox 2813 2842 3059 2894; x_wconf 84' lang='grc' dir='ltr'>Δείκνυσι</span> <span class='ocrx_word' id='word_1_451' title='bbox 3087 2842 3143 2894; x_wconf 83' lang='grc' dir='ltr'><strong>δὲ</strong></span> <span class='ocrx_word' id='word_1_452' title='bbox 3180 2842 3338 2894; x_wconf 85' lang='grc' dir='ltr'>τοῦτο</span> <span class='ocrx_word' id='word_1_453' title='bbox 3378 2840 3613 2911; x_wconf 83' lang='grc' dir='ltr'>μάλιστα</span> 
     </span>
    </p>
   </div>
   <div class='ocr_carea' id='block_1_63' title="bbox 2024 2925 3615 3003">
    <p class='ocr_par' dir='ltr' id='par_1_63' title="bbox 2024 2925 3615 3003">
     <span class='ocr_line' id='line_1_63' title="bbox 2024 2925 3615 3003; baseline 0.001 -22"><span class='ocrx_word' id='word_1_454' title='bbox 2024 2929 2112 2982; x_wconf 83' lang='grc' dir='ltr'><strong>διὰ</strong></span> <span class='ocrx_word' id='word_1_455' title='bbox 2144 2930 2251 2982; x_wconf 81' lang='grc' dir='ltr'><strong>τῶν</strong></span> <span class='ocrx_word' id='word_1_456' title='bbox 2291 2928 2436 2999; x_wconf 82' lang='grc' dir='ltr'>ἑξῆς,</span> <span class='ocrx_word' id='word_1_457' title='bbox 2478 2932 2534 2982; x_wconf 83' lang='grc' dir='ltr'><strong>ὲν</strong></span> <span class='ocrx_word' id='word_1_458' title='bbox 2564 2925 2646 2993; x_wconf 70' lang='grc' dir='ltr'>οἷς</span> <span class='ocrx_word' id='word_1_459' title='bbox 2677 2930 2746 2982; x_wconf 86' lang='grc' dir='ltr'><strong>τά</strong></span> <span class='ocrx_word' id='word_1_460' title='bbox 2774 2930 3030 2984; x_wconf 80' lang='grc' dir='ltr'>δοκοῦντα</span> <span class='ocrx_word' id='word_1_461' title='bbox 3062 2932 3187 3003; x_wconf 68' lang='grc' dir='ltr'>περὶ</span> <span class='ocrx_word' id='word_1_462' title='bbox 3229 2931 3323 2985; x_wconf 80' lang='grc' dir='ltr'>τοῦ</span> <span class='ocrx_word' id='word_1_463' title='bbox 3359 2931 3487 2984; x_wconf 78' lang='grc' dir='ltr'><strong>Υἱοῦ</strong></span> <span class='ocrx_word' id='word_1_464' title='bbox 3518 2933 3615 2985; x_wconf 76' lang='grc' dir='ltr'>καὶ</span> 
     </span>
    </p>
   </div>
   <div class='ocr_carea' id='block_1_64' title="bbox 2024 3021 3618 3093">
    <p class='ocr_par' dir='ltr' id='par_1_64' title="bbox 2024 3021 3618 3093">
     <span class='ocr_line' id='line_1_64' title="bbox 2024 3021 3618 3093; baseline 0.003 -18"><span class='ocrx_word' id='word_1_465' title='bbox 2024 3022 2119 3075; x_wconf 82' lang='grc' dir='ltr'>τοῦ</span> <span class='ocrx_word' id='word_1_466' title='bbox 2148 3022 2305 3089; x_wconf 86' lang='grc' dir='ltr'>ἁγίου</span> <span class='ocrx_word' id='word_1_467' title='bbox 2336 3021 2655 3091; x_wconf 86' lang='grc' dir='ltr'>Πνεύματος</span> <span class='ocrx_word' id='word_1_468' title='bbox 2687 3022 3083 3093; x_wconf 86' lang='grc' dir='ltr'>διαλεγόμενος,</span> <span class='ocrx_word' id='word_1_469' title='bbox 3117 3024 3215 3077; x_wconf 85' lang='grc' dir='ltr'><strong>οὑκ</strong></span> <span class='ocrx_word' id='word_1_470' title='bbox 3247 3025 3339 3078; x_wconf 76' lang='grc' dir='ltr'>ἐπὶ</span> <span class='ocrx_word' id='word_1_471' title='bbox 3368 3025 3475 3077; x_wconf 82' lang='grc' dir='ltr'>τῶν</span> <span class='ocrx_word' id='word_1_472' title='bbox 3498 3026 3618 3079; x_wconf 80' lang='grc' dir='ltr'>ὀνο-</span> 
     </span>
    </p>
   </div>
   <div class='ocr_carea' id='block_1_65' title="bbox 2030 3100 3617 3184">
    <p class='ocr_par' dir='ltr' id='par_1_65' title="bbox 2030 3100 3617 3184">
     <span class='ocr_line' id='line_1_65' title="bbox 2030 3100 3617 3184; baseline 0.002 -18"><span class='ocrx_word' id='word_1_473' title='bbox 2030 3114 2214 3183; x_wconf 87' lang='grc' dir='ltr'>μάτων</span> <span class='ocrx_word' id='word_1_474' title='bbox 2238 3111 2453 3182; x_wconf 78' lang='grc' dir='ltr'>ἕρχεται</span> <span class='ocrx_word' id='word_1_475' title='bbox 2494 3111 2729 3165; x_wconf 88' lang='grc' dir='ltr'>τούτων·</span> <span class='ocrx_word' id='word_1_476' title='bbox 2763 3112 2849 3165; x_wconf 84' lang='grc' dir='ltr'><strong>ἴνα</strong></span> <span class='ocrx_word' id='word_1_477' title='bbox 2885 3115 2979 3183; x_wconf 86' lang='grc' dir='ltr'>μὴ,</span> <span class='ocrx_word' id='word_1_478' title='bbox 3023 3100 3205 3177; x_wconf 85' lang='grc' dir='ltr'>καθὼς</span> <span class='ocrx_word' id='word_1_479' title='bbox 3235 3118 3515 3184; x_wconf 85' lang='grc' dir='ltr'>προεῖπον,</span> <span class='ocrx_word' id='word_1_480' title='bbox 3555 3117 3617 3169; x_wconf 78' lang='grc' dir='ltr'><strong>τὸ</strong></span> 
     </span>
    </p>
   </div>
   <div class='ocr_carea' id='block_1_66' title="bbox 2027 3203 3617 3280">
    <p class='ocr_par' dir='ltr' id='par_1_66' title="bbox 2027 3203 3617 3280">
     <span class='ocr_line' id='line_1_66' title="bbox 2027 3203 3617 3280; baseline 0.004 -24"><span class='ocrx_word' id='word_1_481' title='bbox 2027 3206 2222 3257; x_wconf 88' lang='grc' dir='ltr'>οἰκεῖον</span> <span class='ocrx_word' id='word_1_482' title='bbox 2269 3204 2363 3274; x_wconf 86' lang='grc' dir='ltr'><strong>τῆς</strong></span> <span class='ocrx_word' id='word_1_483' title='bbox 2398 3203 2613 3273; x_wconf 78' lang='grc' dir='ltr'>φύσεως</span> <span class='ocrx_word' id='word_1_484' title='bbox 2663 3204 2840 3257; x_wconf 84' lang='grc' dir='ltr'>αὐτῶν</span> <span class='ocrx_word' id='word_1_485' title='bbox 2885 3208 3005 3269; x_wconf 88' lang='grc' dir='ltr'>ταῖς</span> <span class='ocrx_word' id='word_1_486' title='bbox 3062 3210 3477 3280; x_wconf 85' lang='grc' dir='ltr'>προσηγορίαις,</span> <span class='ocrx_word' id='word_1_487' title='bbox 3520 3211 3617 3263; x_wconf 73' lang='grc' dir='ltr'><strong>καὶ</strong></span> 
     </span>
    </p>
   </div>
   <div class='ocr_carea' id='block_1_67' title="bbox 2032 3292 3617 3370">
    <p class='ocr_par' dir='ltr' id='par_1_67' title="bbox 2032 3292 3617 3370">
     <span class='ocr_line' id='line_1_67' title="bbox 2032 3292 3617 3370; baseline 0.007 -26"><span class='ocrx_word' id='word_1_488' title='bbox 2032 3293 2105 3362; x_wconf 86' lang='grc' dir='ltr'>μὴ</span> <span class='ocrx_word' id='word_1_489' title='bbox 2154 3292 2496 3362; x_wconf 82' lang='grc' dir='ltr'>βουλόμενος,</span> <span class='ocrx_word' id='word_1_490' title='bbox 2548 3295 2914 3368; x_wconf 76' lang='grc' dir='ltr'>παραστήσῃ’</span> <span class='ocrx_word' id='word_1_491' title='bbox 2949 3296 3062 3349; x_wconf 87' lang='grc' dir='ltr'>ἀλλ’</span> <span class='ocrx_word' id='word_1_492' title='bbox 3107 3299 3390 3370; x_wconf 85' lang='grc' dir='ltr'>ἀνώνυμον</span> <span class='ocrx_word' id='word_1_493' title='bbox 3435 3302 3617 3355; x_wconf 82' lang='grc' dir='ltr'>αὑτῶν</span> 
     </span>
    </p>
   </div>
   <div class='ocr_carea' id='block_1_68' title="bbox 2030 3384 3618 3460">
    <p class='ocr_par' dir='ltr' id='par_1_68' title="bbox 2030 3384 3618 3460">
     <span class='ocr_line' id='line_1_68' title="bbox 2030 3384 3618 3460; baseline 0.007 -25"><span class='ocrx_word' id='word_1_494' title='bbox 2030 3386 2260 3436; x_wconf 87' lang='grc' dir='ltr'>ποιεῖται</span> <span class='ocrx_word' id='word_1_495' title='bbox 2290 3384 2386 3454; x_wconf 85' lang='grc' dir='ltr'>τὴν</span> <span class='ocrx_word' id='word_1_496' title='bbox 2411 3386 2628 3455; x_wconf 85' lang='grc' dir='ltr'>μνήμην</span> <span class='ocrx_word' id='word_1_497' title='bbox 2658 3388 2685 3439; x_wconf 86' lang='grc' dir='ltr'>ὁ</span> <span class='ocrx_word' id='word_1_498' title='bbox 2716 3386 3081 3457; x_wconf 82' lang='grc' dir='ltr'>δογματίζων,</span> <span class='ocrx_word' id='word_1_499' title='bbox 3111 3390 3230 3443; x_wconf 80' lang='grc' dir='ltr'>ἀπὸ</span> <span class='ocrx_word' id='word_1_500' title='bbox 3275 3389 3394 3443; x_wconf 79' lang='grc' dir='ltr'><strong>τῶν</strong></span> <span class='ocrx_word' id='word_1_501' title='bbox 3430 3408 3618 3460; x_wconf 80' lang='grc' dir='ltr'>προσ-</span> 
     </span>
    </p>
   </div>
   <div class='ocr_carea' id='block_1_69' title="bbox 348 3461 1924 3551">
    <p class='ocr_par' dir='ltr' id='par_1_69' title="bbox 348 3482 1919 3551">
     <span class='ocr_line' id='line_1_69' title="bbox 348 3482 1919 3551; baseline 0 -17"><span class='ocrx_word' id='word_1_502' title='bbox 348 3482 665 3536; x_wconf 90' lang='lat' dir='ltr'><strong>nominibus</strong></span> <span class='ocrx_word' id='word_1_503' title='bbox 694 3483 912 3536; x_wconf 91' lang='lat' dir='ltr'><strong>illorum</strong></span> <span class='ocrx_word' id='word_1_504' title='bbox 971 3484 1305 3537; x_wconf 91' lang='lat' dir='ltr'><strong>mentionem</strong></span> <span class='ocrx_word' id='word_1_505' title='bbox 1334 3483 1463 3537; x_wconf 87' lang='lat' dir='ltr'><strong>facit</strong></span> <span class='ocrx_word' id='word_1_506' title='bbox 1496 3484 1564 3548; x_wconf 87' lang='lat' dir='ltr'><strong>is,</strong></span> <span class='ocrx_word' id='word_1_507' title='bbox 1613 3484 1704 3551; x_wconf 91' lang='lat' dir='ltr'><strong>qui</strong></span> <span class='ocrx_word' id='word_1_508' title='bbox 1738 3483 1919 3549; x_wconf 84' lang='lat' dir='ltr'><strong>docet,</strong></span> 
     </span>
    </p>
   </div>
   <div class='ocr_carea' id='block_1_70' title="bbox 2029 3461 3620 3551">
    <p class='ocr_par' dir='ltr' id='par_1_70' title="bbox 2034 3475 3620 3549">
     <span class='ocr_line' id='line_1_70' title="bbox 2034 3475 3620 3549; baseline 0.007 -22"><span class='ocrx_word' id='word_1_509' title='bbox 2034 3475 2207 3543; x_wconf 66' lang='grc' dir='ltr'><strong>ρυών</strong></span> <span class='ocrx_word' id='word_1_510' title='bbox 2277 3476 2584 3546; x_wconf 61' lang='grc' dir='ltr'>ὀνομάτων</span> <span class='ocrx_word' id='word_1_511' title='bbox 2645 3479 2742 3531; x_wconf 77' lang='grc' dir='ltr'>καὶ</span> <span class='ocrx_word' id='word_1_512' title='bbox 2799 3477 3085 3548; x_wconf 74' lang='grc' dir='ltr'>ῥημάτων</span> <span class='ocrx_word' id='word_1_513' title='bbox 3146 3481 3275 3536; x_wconf 83' lang='grc' dir='ltr'>δεῖν</span> <span class='ocrx_word' id='word_1_514' title='bbox 3338 3484 3444 3549; x_wconf 80' lang='grc' dir='ltr'>τὰς</span> <span class='ocrx_word' id='word_1_515' title='bbox 3498 3483 3620 3537; x_wconf 77' lang='grc' dir='ltr'><strong>τῶν</strong></span> 
     </span>
    </p>
   </div>
   <div class='ocr_carea' id='block_1_71' title="bbox 346 3572 1928 3628">
    <p class='ocr_par' dir='ltr' id='par_1_71' title="bbox 346 3572 1928 3628">
     <span class='ocr_line' id='line_1_71' title="bbox 346 3572 1928 3628; baseline 0.001 -3"><span class='ocrx_word' id='word_1_516' title='bbox 346 3588 410 3625; x_wconf 72' lang='lat' dir='ltr'><strong>ex</strong></span> <span class='ocrx_word' id='word_1_517' title='bbox 441 3574 607 3626; x_wconf 83' lang='lat' dir='ltr'><strong>verbis</strong></span> <span class='ocrx_word' id='word_1_518' title='bbox 636 3582 686 3626; x_wconf 87' lang='lat' dir='ltr'><strong>et</strong></span> <span class='ocrx_word' id='word_1_519' title='bbox 712 3574 1012 3627; x_wconf 80' lang='lat' dir='ltr'><strong>nominibus</strong></span> <span class='ocrx_word' id='word_1_520' title='bbox 1048 3572 1253 3627; x_wconf 81' lang='lat' dir='ltr'><strong>idoneis</strong></span> <span class='ocrx_word' id='word_1_521' title='bbox 1293 3589 1342 3628; x_wconf 78' lang='lat' dir='ltr'><strong>et</strong></span> <span class='ocrx_word' id='word_1_522' title='bbox 1367 3576 1780 3628; x_wconf 79' lang='lat' dir='ltr'><strong>accommodatis</strong></span> <span class='ocrx_word' id='word_1_523' title='bbox 1805 3576 1928 3628; x_wconf 88' lang='lat' dir='ltr'><strong>ani-</strong></span> 
     </span>
    </p>
   </div>
   <div class='ocr_carea' id='block_1_72' title="bbox 348 3665 1929 3722">
    <p class='ocr_par' dir='ltr' id='par_1_72' title="bbox 348 3665 1929 3722">
     <span class='ocr_line' id='line_1_72' title="bbox 348 3665 1929 3722; baseline 0.001 -3"><span class='ocrx_word' id='word_1_524' title='bbox 348 3683 460 3719; x_wconf 86' lang='lat' dir='ltr'><strong>mos</strong></span> <span class='ocrx_word' id='word_1_525' title='bbox 497 3665 829 3720; x_wconf 82' lang='lat' dir='ltr'><strong>audientium</strong></span> <span class='ocrx_word' id='word_1_526' title='bbox 851 3666 920 3719; x_wconf 79' lang='lat' dir='ltr'><strong>ad</strong></span> <span class='ocrx_word' id='word_1_527' title='bbox 948 3668 1023 3721; x_wconf 87' lang='lat' dir='ltr'><strong>rei</strong></span> <span class='ocrx_word' id='word_1_528' title='bbox 1054 3669 1327 3721; x_wconf 83' lang='lat' dir='ltr'><strong>veritatem</strong></span> <span class='ocrx_word' id='word_1_529' title='bbox 1371 3667 1643 3722; x_wconf 83' lang='lat' dir='ltr'><strong>ducendos</strong></span> <span class='ocrx_word' id='word_1_530' title='bbox 1688 3685 1823 3722; x_wconf 85' lang='lat' dir='ltr'><strong>esse.</strong></span> <span class='ocrx_word' id='word_1_531' title='bbox 1861 3669 1929 3720; x_wconf 79' lang='lat' dir='ltr'><strong>At</strong></span> 
     </span>
    </p>
   </div>
   <div class='ocr_carea' id='block_1_73' title="bbox 349 3744 1926 3833">
    <p class='ocr_par' dir='ltr' id='par_1_73' title="bbox 349 3744 1926 3833">
     <span class='ocr_line' id='line_1_73' title="bbox 349 3744 1926 3833; baseline 0 -21"><span class='ocrx_word' id='word_1_532' title='bbox 349 3758 510 3828; x_wconf 89' lang='lat' dir='ltr'><strong>quale</strong></span> <span class='ocrx_word' id='word_1_533' title='bbox 563 3773 762 3813; x_wconf 90' lang='lat' dir='ltr'><strong>nomen</strong></span> <span class='ocrx_word' id='word_1_534' title='bbox 812 3744 1283 3816; x_wconf 89' lang='lat' dir='ltr'><strong>accommodatius</strong></span> <span class='ocrx_word' id='word_1_535' title='bbox 1330 3776 1454 3816; x_wconf 90' lang='lat' dir='ltr'><strong>esse</strong></span> <span class='ocrx_word' id='word_1_536' title='bbox 1506 3768 1692 3833; x_wconf 88' lang='lat' dir='ltr'><strong>queat,</strong></span> <span class='ocrx_word' id='word_1_537' title='bbox 1760 3774 1926 3829; x_wconf 85' lang='lat' dir='ltr'><strong>quam</strong></span> 
     </span>
    </p>
   </div>
   <div class='ocr_carea' id='block_1_74' title="bbox 350 3850 1934 3923">
    <p class='ocr_par' dir='ltr' id='par_1_74' title="bbox 350 3850 1934 3923">
     <span class='ocr_line' id='line_1_74' title="bbox 350 3850 1934 3923; baseline 0.002 -18"><span class='ocrx_word' id='word_1_538' title='bbox 350 3850 495 3919; x_wconf 80' lang='lat' dir='ltr'><strong>quod</strong></span> <span class='ocrx_word' id='word_1_539' title='bbox 527 3850 596 3906; x_wconf 89' lang='lat' dir='ltr'><strong>ab</strong></span> <span class='ocrx_word' id='word_1_540' title='bbox 627 3850 741 3921; x_wconf 92' lang='lat' dir='ltr'><strong>ipsa</strong></span> <span class='ocrx_word' id='word_1_541' title='bbox 764 3851 992 3908; x_wconf 85' lang='lat' dir='ltr'><strong>veritate</strong></span> <span class='ocrx_word' id='word_1_542' title='bbox 1032 3853 1348 3923; x_wconf 89' lang='lat' dir='ltr'><strong>impositum</strong></span> <span class='ocrx_word' id='word_1_543' title='bbox 1375 3855 1500 3908; x_wconf 90' lang='lat' dir='ltr'><strong>est?</strong></span> <span class='ocrx_word' id='word_1_544' title='bbox 1552 3854 1659 3908; x_wconf 89' lang='lat' dir='ltr'><strong>Sed</strong></span> <span class='ocrx_word' id='word_1_545' title='bbox 1694 3853 1934 3923; x_wconf 80' lang='lat' dir='ltr'><strong>Evange-</strong></span> 
     </span>
    </p>
   </div>
   <div class='ocr_carea' id='block_1_75' title="bbox 352 3941 1933 4005">
    <p class='ocr_par' dir='ltr' id='par_1_75' title="bbox 352 3941 1933 4005">
     <span class='ocr_line' id='line_1_75' title="bbox 352 3941 1933 4005; baseline 0.001 -10"><span class='ocrx_word' id='word_1_546' title='bbox 352 3943 440 3996; x_wconf 89' lang='lat' dir='ltr'><strong>liis</strong></span> <span class='ocrx_word' id='word_1_547' title='bbox 470 3941 700 3995; x_wconf 83' lang='lat' dir='ltr'><strong>adversa</strong></span> <span class='ocrx_word' id='word_1_548' title='bbox 750 3944 805 3996; x_wconf 89' lang='lat' dir='ltr'><strong>in</strong></span> <span class='ocrx_word' id='word_1_549' title='bbox 852 3944 1118 3997; x_wconf 89' lang='lat' dir='ltr'><strong>mundum</strong></span> <span class='ocrx_word' id='word_1_550' title='bbox 1162 3942 1513 3996; x_wconf 76' lang='lat' dir='ltr'><strong>introducere</strong></span> <span class='ocrx_word' id='word_1_551' title='bbox 1561 3943 1774 4005; x_wconf 84' lang='lat' dir='ltr'><strong>volens.</strong></span> <span class='ocrx_word' id='word_1_552' title='bbox 1820 3958 1933 3996; x_wconf 91' lang='lat' dir='ltr'><strong>non</strong></span> 
     </span>
    </p>
   </div>
   <div class='ocr_carea' id='block_1_76' title="bbox 352 4032 1931 4102">
    <p class='ocr_par' dir='ltr' id='par_1_76' title="bbox 352 4032 1931 4102">
     <span class='ocr_line' id='line_1_76' title="bbox 352 4032 1931 4102; baseline 0.001 -17"><span class='ocrx_word' id='word_1_553' title='bbox 352 4034 594 4086; x_wconf 78' lang='lat' dir='ltr'><strong>nominat</strong></span> <span class='ocrx_word' id='word_1_554' title='bbox 627 4032 845 4097; x_wconf 82' lang='lat' dir='ltr'><strong>Filium,</strong></span> <span class='ocrx_word' id='word_1_555' title='bbox 902 4034 998 4088; x_wconf 82' lang='lat' dir='ltr'><strong>sed</strong></span> <span class='ocrx_word' id='word_1_556' title='bbox 1032 4033 1426 4097; x_wconf 88' lang='lat' dir='ltr'><strong>substantiam,</strong></span> <span class='ocrx_word' id='word_1_557' title='bbox 1472 4048 1594 4102; x_wconf 80' lang='lat' dir='ltr'><strong>quae</strong></span> <span class='ocrx_word' id='word_1_558' title='bbox 1641 4050 1738 4102; x_wconf 89' lang='lat' dir='ltr'><strong>per</strong></span> <span class='ocrx_word' id='word_1_559' title='bbox 1780 4034 1931 4087; x_wconf 89' lang='lat' dir='ltr'><strong>illam</strong></span> 
     </span>
    </p>
   </div>
   <div class='ocr_carea' id='block_1_77' title="bbox 369 4116 1939 4191">
    <p class='ocr_par' dir='ltr' id='par_1_77' title="bbox 369 4116 1939 4191">
     <span class='ocr_line' id='line_1_77' title="bbox 369 4116 1939 4191; baseline -0.004 -18"><span class='ocrx_word' id='word_1_560' title='bbox 369 4120 602 4191; x_wconf 89' lang='lat' dir='ltr'><strong>primam</strong></span> <span class='ocrx_word' id='word_1_561' title='bbox 639 4120 731 4185; x_wconf 89' lang='lat' dir='ltr'><strong>sit,</strong></span> <span class='ocrx_word' id='word_1_562' title='bbox 760 4126 813 4174; x_wconf 91' lang='lat' dir='ltr'><strong>et</strong></span> <span class='ocrx_word' id='word_1_563' title='bbox 839 4134 958 4188; x_wconf 66' lang='lat' dir='ltr'><strong>quae</strong></span> <span class='ocrx_word' id='word_1_564' title='bbox 988 4126 1113 4187; x_wconf 89' lang='lat' dir='ltr'><strong>post</strong></span> <span class='ocrx_word' id='word_1_565' title='bbox 1146 4117 1289 4171; x_wconf 89' lang='lat' dir='ltr'><strong>illam</strong></span> <span class='ocrx_word' id='word_1_566' title='bbox 1329 4117 1534 4185; x_wconf 86' lang='lat' dir='ltr'><strong>primas</strong></span> <span class='ocrx_word' id='word_1_567' title='bbox 1557 4123 1758 4169; x_wconf 87' lang='lat' dir='ltr'><strong>teneat.</strong></span> <span class='ocrx_word' id='word_1_568' title='bbox 1784 4116 1939 4179; x_wconf 85' lang='lat' dir='ltr'><strong>Quod</strong></span> 
     </span>
    </p>
   </div>
   <div class='ocr_carea' id='block_1_78' title="bbox 370 4206 1940 4275">
    <p class='ocr_par' dir='ltr' id='par_1_78' title="bbox 370 4206 1940 4275">
     <span class='ocr_line' id='line_1_78' title="bbox 370 4206 1940 4275; baseline -0.004 -8"><span class='ocrx_word' id='word_1_569' title='bbox 370 4222 548 4267; x_wconf 82' lang='lat' dir='ltr'><strong>autem</strong></span> <span class='ocrx_word' id='word_1_570' title='bbox 573 4212 685 4266; x_wconf 77' lang='lat' dir='ltr'><strong>haec</strong></span> <span class='ocrx_word' id='word_1_571' title='bbox 712 4227 818 4265; x_wconf 91' lang='lat' dir='ltr'><strong>non</strong></span> <span class='ocrx_word' id='word_1_572' title='bbox 839 4210 944 4265; x_wconf 90' lang='lat' dir='ltr'><strong>alio</strong></span> <span class='ocrx_word' id='word_1_573' title='bbox 959 4209 1190 4264; x_wconf 81' lang='lat' dir='ltr'><strong>consilio</strong></span> <span class='ocrx_word' id='word_1_574' title='bbox 1214 4206 1465 4269; x_wconf 71' lang='lat' dir='ltr'><strong>affirmet,</strong></span> <span class='ocrx_word' id='word_1_575' title='bbox 1489 4220 1648 4275; x_wconf 87' lang='lat' dir='ltr'><strong>quam</strong></span> <span class='ocrx_word' id='word_1_576' title='bbox 1670 4213 1729 4257; x_wconf 91' lang='lat' dir='ltr'><strong>ut</strong></span> <span class='ocrx_word' id='word_1_577' title='bbox 1750 4220 1940 4260; x_wconf 91' lang='lat' dir='ltr'><strong>sanam</strong></span> 
     </span>
    </p>
   </div>
   <div class='ocr_carea' id='block_1_79' title="bbox 368 4297 1937 4371">
    <p class='ocr_par' dir='ltr' id='par_1_79' title="bbox 368 4297 1937 4371">
     <span class='ocr_line' id='line_1_79' title="bbox 368 4297 1937 4371; baseline -0.005 -10"><span class='ocrx_word' id='word_1_578' title='bbox 368 4314 423 4361; x_wconf 91' lang='lat' dir='ltr'><strong>et</strong></span> <span class='ocrx_word' id='word_1_579' title='bbox 438 4303 797 4359; x_wconf 81' lang='lat' dir='ltr'><strong>orthodoxam</strong></span> <span class='ocrx_word' id='word_1_580' title='bbox 819 4302 886 4358; x_wconf 89' lang='lat' dir='ltr'><strong>de</strong></span> <span class='ocrx_word' id='word_1_581' title='bbox 912 4300 1190 4371; x_wconf 88' lang='lat' dir='ltr'><strong>unigenito</strong></span> <span class='ocrx_word' id='word_1_582' title='bbox 1220 4297 1358 4351; x_wconf 86' lang='lat' dir='ltr'><strong>Filio</strong></span> <span class='ocrx_word' id='word_1_583' title='bbox 1375 4298 1684 4367; x_wconf 90' lang='lat' dir='ltr'><strong>opinionem</strong></span> <span class='ocrx_word' id='word_1_584' title='bbox 1702 4313 1766 4351; x_wconf 78' lang='lat' dir='ltr'><strong>ex</strong></span> <span class='ocrx_word' id='word_1_585' title='bbox 1785 4313 1937 4353; x_wconf 89' lang='lat' dir='ltr'><strong>men-</strong></span> 
     </span>
    </p>
   </div>
   <div class='ocr_carea' id='block_1_80' title="bbox 370 4390 1942 4462">
    <p class='ocr_par' dir='ltr' id='par_1_80' title="bbox 370 4390 1942 4462">
     <span class='ocr_line' id='line_1_80' title="bbox 370 4390 1942 4462; baseline -0.004 -11"><span class='ocrx_word' id='word_1_586' title='bbox 370 4399 518 4453; x_wconf 85' lang='lat' dir='ltr'><strong>tibus</strong></span> <span class='ocrx_word' id='word_1_587' title='bbox 542 4398 823 4450; x_wconf 87' lang='lat' dir='ltr'><strong>hominum</strong></span> <span class='ocrx_word' id='word_1_588' title='bbox 838 4395 1063 4457; x_wconf 77' lang='lat' dir='ltr'><strong>eximat,</strong></span> <span class='ocrx_word' id='word_1_589' title='bbox 1091 4394 1262 4462; x_wconf 83' lang='lat' dir='ltr'><strong>magis</strong></span> <span class='ocrx_word' id='word_1_590' title='bbox 1275 4392 1439 4446; x_wconf 89' lang='lat' dir='ltr'><strong>etiam</strong></span> <span class='ocrx_word' id='word_1_591' title='bbox 1469 4390 1722 4459; x_wconf 85' lang='lat' dir='ltr'><strong>patefacit</strong></span> <span class='ocrx_word' id='word_1_592' title='bbox 1739 4400 1791 4444; x_wconf 92' lang='lat' dir='ltr'><strong>et</strong></span> <span class='ocrx_word' id='word_1_593' title='bbox 1813 4392 1942 4446; x_wconf 89' lang='lat' dir='ltr'><strong>reli-</strong></span> 
     </span>
    </p>
   </div>
   <div class='ocr_carea' id='block_1_81' title="bbox 370 4479 1939 4559">
    <p class='ocr_par' dir='ltr' id='par_1_81' title="bbox 370 4479 1939 4559">
     <span class='ocr_line' id='line_1_81' title="bbox 370 4479 1939 4559; baseline -0.004 -18"><span class='ocrx_word' id='word_1_594' title='bbox 370 4489 494 4559; x_wconf 90' lang='lat' dir='ltr'><strong>quis</strong></span> <span class='ocrx_word' id='word_1_595' title='bbox 521 4489 670 4543; x_wconf 89' lang='lat' dir='ltr'><strong>illius</strong></span> <span class='ocrx_word' id='word_1_596' title='bbox 699 4488 935 4556; x_wconf 89' lang='lat' dir='ltr'><strong>impostu</strong></span> <span class='ocrx_word' id='word_1_597' title='bbox 947 4486 1022 4539; x_wconf 90' lang='lat' dir='ltr'><strong>ris</strong></span> <span class='ocrx_word' id='word_1_598' title='bbox 1045 4492 1097 4538; x_wconf 87' lang='lat' dir='ltr'><strong>et</strong></span> <span class='ocrx_word' id='word_1_599' title='bbox 1121 4482 1597 4536; x_wconf 87' lang='lat' dir='ltr'><strong>machinamentis.</strong></span> <span class='ocrx_word' id='word_1_600' title='bbox 1620 4479 1793 4533; x_wconf 90' lang='lat' dir='ltr'><strong>Porro</strong></span> <span class='ocrx_word' id='word_1_601' title='bbox 1811 4496 1939 4550; x_wconf 91' lang='lat' dir='ltr'><strong>quo-</strong></span> 
     </span>
    </p>
   </div>
   <div class='ocr_carea' id='block_1_82' title="bbox 371 4574 1939 4644">
    <p class='ocr_par' dir='ltr' id='par_1_82' title="bbox 371 4574 1939 4644">
     <span class='ocr_line' id='line_1_82' title="bbox 371 4574 1939 4644; baseline -0.004 -11"><span class='ocrx_word' id='word_1_602' title='bbox 371 4580 515 4633; x_wconf 89' lang='lat' dir='ltr'><strong>niam</strong></span> <span class='ocrx_word' id='word_1_603' title='bbox 539 4578 731 4631; x_wconf 87' lang='lat' dir='ltr'><strong>modus</strong></span> <span class='ocrx_word' id='word_1_604' title='bbox 754 4575 1034 4644; x_wconf 88' lang='lat' dir='ltr'><strong>loquendi,</strong></span> <span class='ocrx_word' id='word_1_605' title='bbox 1065 4589 1173 4643; x_wconf 91' lang='lat' dir='ltr'><strong>quo</strong></span> <span class='ocrx_word' id='word_1_606' title='bbox 1195 4588 1327 4628; x_wconf 91' lang='lat' dir='ltr'><strong>usus</strong></span> <span class='ocrx_word' id='word_1_607' title='bbox 1359 4581 1463 4634; x_wconf 89' lang='lat' dir='ltr'><strong>est,</strong></span> <span class='ocrx_word' id='word_1_608' title='bbox 1494 4574 1563 4625; x_wconf 90' lang='lat' dir='ltr'><strong>ita</strong></span> <span class='ocrx_word' id='word_1_609' title='bbox 1595 4582 1939 4640; x_wconf 88' lang='lat' dir='ltr'><strong>comparatus</strong></span> 
     </span>
    </p>
   </div>
   <div class='ocr_carea' id='block_1_83' title="bbox 368 4663 1925 4735">
    <p class='ocr_par' dir='ltr' id='par_1_83' title="bbox 368 4663 1925 4735">
     <span class='ocr_line' id='line_1_83' title="bbox 368 4663 1925 4735; baseline -0.003 -11"><span class='ocrx_word' id='word_1_610' title='bbox 368 4670 606 4733; x_wconf 85' lang='lat' dir='ltr'><strong>videtur,</strong></span> <span class='ocrx_word' id='word_1_611' title='bbox 648 4676 704 4721; x_wconf 92' lang='lat' dir='ltr'><strong>ut</strong></span> <span class='ocrx_word' id='word_1_612' title='bbox 738 4668 781 4722; x_wconf 90' lang='lat' dir='ltr'><strong>is</strong></span> <span class='ocrx_word' id='word_1_613' title='bbox 824 4668 1012 4729; x_wconf 84' lang='lat' dir='ltr'><strong>etiam,</strong></span> <span class='ocrx_word' id='word_1_614' title='bbox 1045 4667 1137 4735; x_wconf 88' lang='lat' dir='ltr'><strong>qui</strong></span> <span class='ocrx_word' id='word_1_615' title='bbox 1177 4665 1381 4734; x_wconf 85' lang='lat' dir='ltr'><strong>aliquid</strong></span> <span class='ocrx_word' id='word_1_616' title='bbox 1414 4663 1577 4732; x_wconf 88' lang='lat' dir='ltr'><strong>impie</strong></span> <span class='ocrx_word' id='word_1_617' title='bbox 1611 4664 1677 4717; x_wconf 88' lang='lat' dir='ltr'><strong>de</strong></span> <span class='ocrx_word' id='word_1_618' title='bbox 1706 4664 1925 4720; x_wconf 76' lang='lat' dir='ltr'><strong>Christo</strong></span> 
     </span>
    </p>
   </div>
   <div class='ocr_carea' id='block_1_84' title="bbox 368 4759 1937 4831">
    <p class='ocr_par' dir='ltr' id='par_1_84' title="bbox 368 4759 1937 4831">
     <span class='ocr_line' id='line_1_84' title="bbox 368 4759 1937 4831; baseline -0.003 -16"><span class='ocrx_word' id='word_1_619' title='bbox 368 4760 612 4831; x_wconf 82' lang='lat' dir='ltr'><strong>proferre</strong></span> <span class='ocrx_word' id='word_1_620' title='bbox 655 4772 757 4812; x_wconf 82' lang='lat' dir='ltr'><strong>non</strong></span> <span class='ocrx_word' id='word_1_621' title='bbox 780 4759 954 4826; x_wconf 81' lang='lat' dir='ltr'><strong>cupit.</strong></span> <span class='ocrx_word' id='word_1_622' title='bbox 972 4777 1037 4815; x_wconf 79' lang='lat' dir='ltr'><strong>eo</strong></span> <span class='ocrx_word' id='word_1_623' title='bbox 1057 4777 1227 4830; x_wconf 88' lang='lat' dir='ltr'><strong>usque</strong></span> <span class='ocrx_word' id='word_1_624' title='bbox 1244 4770 1326 4814; x_wconf 89' lang='lat' dir='ltr'><strong>eat</strong></span> <span class='ocrx_word' id='word_1_625' title='bbox 1346 4776 1359 4811; x_wconf 90' lang='lat'>:</span> <span class='ocrx_word' id='word_1_626' title='bbox 1376 4766 1661 4827; x_wconf 88' lang='lat' dir='ltr'><strong>propterea</strong></span> <span class='ocrx_word' id='word_1_627' title='bbox 1684 4773 1784 4827; x_wconf 83' lang='lat' dir='ltr'><strong>ego</strong></span> <span class='ocrx_word' id='word_1_628' title='bbox 1799 4772 1937 4827; x_wconf 88' lang='lat' dir='ltr'><strong>quo-</strong></span> 
     </span>
    </p>
   </div>
   <div class='ocr_carea' id='block_1_85' title="bbox 371 4846 1938 4919">
    <p class='ocr_par' dir='ltr' id='par_1_85' title="bbox 371 4846 1938 4919">
     <span class='ocr_line' id='line_1_85' title="bbox 371 4846 1938 4919; baseline 0.003 -16"><span class='ocrx_word' id='word_1_629' title='bbox 371 4865 481 4919; x_wconf 76' lang='lat' dir='ltr'><strong>que</strong></span> <span class='ocrx_word' id='word_1_630' title='bbox 502 4846 725 4903; x_wconf 84' lang='lat' dir='ltr'><strong>tacitus</strong></span> <span class='ocrx_word' id='word_1_631' title='bbox 762 4864 907 4902; x_wconf 91' lang='lat' dir='ltr'><strong>nunc</strong></span> <span class='ocrx_word' id='word_1_632' title='bbox 933 4849 1290 4917; x_wconf 69' lang='lat' dir='ltr'><strong>prmtermitto</strong></span> <span class='ocrx_word' id='word_1_633' title='bbox 1311 4864 1452 4913; x_wconf 85' lang='lat' dir='ltr'><strong>eam,</strong></span> <span class='ocrx_word' id='word_1_634' title='bbox 1486 4866 1605 4919; x_wconf 68' lang='lat' dir='ltr'><strong>qua:</strong></span> <span class='ocrx_word' id='word_1_635' title='bbox 1620 4862 1705 4906; x_wconf 92' lang='lat' dir='ltr'><strong>est</strong></span> <span class='ocrx_word' id='word_1_636' title='bbox 1736 4853 1802 4907; x_wconf 84' lang='lat' dir='ltr'><strong>de</strong></span> <span class='ocrx_word' id='word_1_637' title='bbox 1832 4852 1938 4907; x_wconf 81' lang='lat' dir='ltr'><strong>Do-</strong></span> 
     </span>
    </p>
   </div>
   <div class='ocr_carea' id='block_1_86' title="bbox 370 4938 1939 5008">
    <p class='ocr_par' dir='ltr' id='par_1_86' title="bbox 370 4938 1939 5008">
     <span class='ocr_line' id='line_1_86' title="bbox 370 4938 1939 5008; baseline 0.003 -14"><span class='ocrx_word' id='word_1_638' title='bbox 370 4940 524 4994; x_wconf 85' lang='lat' dir='ltr'><strong>mino</strong></span> <span class='ocrx_word' id='word_1_639' title='bbox 544 4946 759 5003; x_wconf 90' lang='lat' dir='ltr'><strong>nostro,</strong></span> <span class='ocrx_word' id='word_1_640' title='bbox 786 4938 1232 5008; x_wconf 83' lang='lat' dir='ltr'><strong>disputationem,</strong></span> <span class='ocrx_word' id='word_1_641' title='bbox 1251 4948 1535 4995; x_wconf 79' lang='lat' dir='ltr'><strong>exstructa</strong></span> <span class='ocrx_word' id='word_1_642' title='bbox 1564 4944 1709 4998; x_wconf 91' lang='lat' dir='ltr'><strong>illius</strong></span> <span class='ocrx_word' id='word_1_643' title='bbox 1726 4960 1783 4999; x_wconf 91' lang='lat' dir='ltr'><strong>re</strong></span> <span class='ocrx_word' id='word_1_644' title='bbox 1795 4944 1939 4999; x_wconf 84' lang='lat' dir='ltr'><strong>futa-</strong></span> 
     </span>
    </p>
   </div>
   <div class='ocr_carea' id='block_1_87' title="bbox 369 5031 1936 5105">
    <p class='ocr_par' dir='ltr' id='par_1_87' title="bbox 369 5031 1936 5105">
     <span class='ocr_line' id='line_1_87' title="bbox 369 5031 1936 5105; baseline 0.004 -18"><span class='ocrx_word' id='word_1_645' title='bbox 369 5035 518 5087; x_wconf 89' lang='lat' dir='ltr'><strong>tione</strong></span> <span class='ocrx_word' id='word_1_646' title='bbox 558 5047 624 5087; x_wconf 83' lang='lat' dir='ltr'><strong>ex</strong></span> <span class='ocrx_word' id='word_1_647' title='bbox 658 5031 1127 5088; x_wconf 87' lang='lat' dir='ltr'><strong>manifestissimis</strong></span> <span class='ocrx_word' id='word_1_648' title='bbox 1174 5035 1553 5091; x_wconf 86' lang='lat' dir='ltr'><strong>tantummodo</strong></span> <span class='ocrx_word' id='word_1_649' title='bbox 1580 5037 1936 5105; x_wconf 88' lang='lat' dir='ltr'><strong>blasphemiis</strong></span> 
     </span>
    </p>
   </div>
   <div class='ocr_carea' id='block_1_88' title="bbox 372 5123 1943 5200">
    <p class='ocr_par' dir='ltr' id='par_1_88' title="bbox 372 5123 1943 5200">
     <span class='ocr_line' id='line_1_88' title="bbox 372 5123 1943 5200; baseline 0.003 -20"><span class='ocrx_word' id='word_1_650' title='bbox 372 5134 565 5180; x_wconf 90' lang='lat' dir='ltr'><strong>contra</strong></span> <span class='ocrx_word' id='word_1_651' title='bbox 587 5123 855 5196; x_wconf 84' lang='lat' dir='ltr'><strong>Spiritum</strong></span> <span class='ocrx_word' id='word_1_652' title='bbox 882 5133 1154 5190; x_wconf 86' lang='lat' dir='ltr'><strong>sanctum,</strong></span> <span class='ocrx_word' id='word_1_653' title='bbox 1173 5142 1334 5196; x_wconf 90' lang='lat' dir='ltr'><strong>quem</strong></span> <span class='ocrx_word' id='word_1_654' title='bbox 1364 5144 1551 5200; x_wconf 85' lang='lat' dir='ltr'><strong>aperta</strong></span> <span class='ocrx_word' id='word_1_655' title='bbox 1574 5137 1628 5185; x_wconf 90' lang='lat' dir='ltr'><strong>et</strong></span> <span class='ocrx_word' id='word_1_656' title='bbox 1654 5130 1806 5185; x_wconf 90' lang='lat' dir='ltr'><strong>nullo</strong></span> <span class='ocrx_word' id='word_1_657' title='bbox 1828 5148 1943 5187; x_wconf 87' lang='lat' dir='ltr'><strong>ver-</strong></span> 
     </span>
    </p>
   </div>
   <div class='ocr_carea' id='block_1_89' title="bbox 2030 3570 3620 3648">
    <p class='ocr_par' dir='ltr' id='par_1_89' title="bbox 2030 3570 3620 3648">
     <span class='ocr_line' id='line_1_89' title="bbox 2030 3570 3620 3648; baseline 0.004 -26"><span class='ocrx_word' id='word_1_658' title='bbox 2030 3570 2656 3635; x_wconf 77' lang='grc' dir='ltr'>ἀκουόντωνδιανοίας</span> <span class='ocrx_word' id='word_1_659' title='bbox 2682 3572 3112 3642; x_wconf 72' lang='grc' dir='ltr'>προσάγεσθαι.</span> <span class='ocrx_word' id='word_1_660' title='bbox 3150 3576 3340 3628; x_wconf 86' lang='grc' dir='ltr'>Καίτοι</span> <span class='ocrx_word' id='word_1_661' title='bbox 3364 3580 3417 3632; x_wconf 88' lang='grc' dir='ltr'><strong>τί</strong></span> <span class='ocrx_word' id='word_1_662' title='bbox 3452 3591 3620 3648; x_wconf 86' lang='grc' dir='ltr'>προσ-</span> 
     </span>
    </p>
   </div>
   <div class='ocr_carea' id='block_1_90' title="bbox 2033 3662 3622 3737">
    <p class='ocr_par' dir='ltr' id='par_1_90' title="bbox 2033 3662 3622 3737">
     <span class='ocr_line' id='line_1_90' title="bbox 2033 3662 3622 3737; baseline 0.004 -23"><span class='ocrx_word' id='word_1_663' title='bbox 2033 3662 2327 3734; x_wconf 74' lang='grc' dir='ltr'>φυέστερον</span> <span class='ocrx_word' id='word_1_664' title='bbox 2362 3664 2531 3733; x_wconf 76' lang='grc' dir='ltr'>ὄνομα</span> <span class='ocrx_word' id='word_1_665' title='bbox 2579 3662 2671 3716; x_wconf 79' lang='grc' dir='ltr'>τοῦ</span> <span class='ocrx_word' id='word_1_666' title='bbox 2718 3666 2849 3734; x_wconf 84' lang='grc' dir='ltr'>παρ’</span> <span class='ocrx_word' id='word_1_667' title='bbox 2882 3665 3053 3735; x_wconf 80' lang='grc' dir='ltr'>αὑτῆς</span> <span class='ocrx_word' id='word_1_668' title='bbox 3083 3667 3181 3737; x_wconf 77' lang='grc' dir='ltr'>τῆς</span> <span class='ocrx_word' id='word_1_669' title='bbox 3211 3666 3466 3737; x_wconf 69' lang='grc' dir='ltr'>ἀληθείας</span> <span class='ocrx_word' id='word_1_670' title='bbox 3492 3667 3622 3721; x_wconf 81' lang='grc' dir='ltr'>ὠνο-</span> 
     </span>
    </p>
   </div>
   <div class='ocr_carea' id='block_1_91' title="bbox 2036 3756 3618 3828">
    <p class='ocr_par' dir='ltr' id='par_1_91' title="bbox 2036 3756 3618 3828">
     <span class='ocr_line' id='line_1_91' title="bbox 2036 3756 3618 3828; baseline 0.004 -21"><span class='ocrx_word' id='word_1_671' title='bbox 2036 3756 2339 3825; x_wconf 82' lang='grc' dir='ltr'>μασμένου;</span> <span class='ocrx_word' id='word_1_672' title='bbox 2398 3756 2537 3808; x_wconf 80' lang='grc' dir='ltr'>Ἀλλ’</span> <span class='ocrx_word' id='word_1_673' title='bbox 2591 3756 3027 3827; x_wconf 78' lang='grc' dir='ltr'>ἀντιδογματίζει</span> <span class='ocrx_word' id='word_1_674' title='bbox 3077 3761 3190 3822; x_wconf 85' lang='grc' dir='ltr'>τοῖς</span> <span class='ocrx_word' id='word_1_675' title='bbox 3229 3760 3618 3828; x_wconf 82' lang='grc' dir='ltr'>Εὑαγγελίοις,</span> 
     </span>
    </p>
   </div>
   <div class='ocr_carea' id='block_1_92' title="bbox 2033 3848 3619 3921">
    <p class='ocr_par' dir='ltr' id='par_1_92' title="bbox 2033 3848 3619 3921">
     <span class='ocr_line' id='line_1_92' title="bbox 2033 3848 3619 3921; baseline 0.004 -22"><span class='ocrx_word' id='word_1_676' title='bbox 2033 3848 2129 3916; x_wconf 81' lang='grc' dir='ltr'><strong>οὑχ</strong></span> <span class='ocrx_word' id='word_1_677' title='bbox 2156 3848 2285 3901; x_wconf 77' lang='grc' dir='ltr'>Υίδν</span> <span class='ocrx_word' id='word_1_678' title='bbox 2317 3848 2618 3918; x_wconf 73' lang='grc' dir='ltr'>ὀνομάζων,</span> <span class='ocrx_word' id='word_1_679' title='bbox 2652 3849 2787 3902; x_wconf 87' lang='grc' dir='ltr'><strong>ἀλλά</strong></span> <span class='ocrx_word' id='word_1_680' title='bbox 2832 3850 2928 3919; x_wconf 83' lang='grc' dir='ltr'>τὴν</span> <span class='ocrx_word' id='word_1_681' title='bbox 2956 3849 3019 3903; x_wconf 85' lang='grc' dir='ltr'><strong>δι’</strong></span> <span class='ocrx_word' id='word_1_682' title='bbox 3059 3851 3273 3920; x_wconf 78' lang='grc' dir='ltr'>ἐκείνην</span> <span class='ocrx_word' id='word_1_683' title='bbox 3301 3851 3396 3921; x_wconf 79' lang='grc' dir='ltr'><strong>μὲν</strong></span> <span class='ocrx_word' id='word_1_684' title='bbox 3429 3848 3619 3917; x_wconf 76' lang='grc' dir='ltr'>οὖσαν,</span> 
     </span>
    </p>
   </div>
   <div class='ocr_carea' id='block_1_93' title="bbox 2038 3941 3618 4015">
    <p class='ocr_par' dir='ltr' id='par_1_93' title="bbox 2038 3941 3618 4015">
     <span class='ocr_line' id='line_1_93' title="bbox 2038 3941 3618 4015; baseline 0.005 -23"><span class='ocrx_word' id='word_1_685' title='bbox 2038 3942 2154 4010; x_wconf 85' lang='grc' dir='ltr'>μετ’</span> <span class='ocrx_word' id='word_1_686' title='bbox 2197 3941 2411 4011; x_wconf 81' lang='grc' dir='ltr'>ἐκείνην</span> <span class='ocrx_word' id='word_1_687' title='bbox 2460 3941 2515 3994; x_wconf 81' lang='grc' dir='ltr'><strong>δὲ</strong></span> <span class='ocrx_word' id='word_1_688' title='bbox 2570 3942 2786 3995; x_wconf 88' lang='grc' dir='ltr'>πάντων</span> <span class='ocrx_word' id='word_1_689' title='bbox 2833 3942 2939 3995; x_wconf 81' lang='grc' dir='ltr'><strong>τῶν</strong></span> <span class='ocrx_word' id='word_1_690' title='bbox 2992 3942 3160 3997; x_wconf 79' lang='grc' dir='ltr'>ὅντων</span> <span class='ocrx_word' id='word_1_691' title='bbox 3207 3944 3618 4015; x_wconf 82' lang='grc' dir='ltr'>πρωτεύουσαν.</span> 
     </span>
    </p>
   </div>
   <div class='ocr_carea' id='block_1_94' title="bbox 2035 4033 3622 4108">
    <p class='ocr_par' dir='ltr' id='par_1_94' title="bbox 2035 4033 3622 4108">
     <span class='ocr_line' id='line_1_94' title="bbox 2035 4033 3622 4108; baseline 0.005 -25"><span class='ocrx_word' id='word_1_692' title='bbox 2035 4033 2204 4085; x_wconf 75' lang='grc' dir='ltr'>Τοῦτο</span> <span class='ocrx_word' id='word_1_693' title='bbox 2233 4033 2309 4097; x_wconf 83' lang='grc' dir='ltr'>δὲ,</span> <span class='ocrx_word' id='word_1_694' title='bbox 2342 4035 2422 4086; x_wconf 83' lang='grc' dir='ltr'>ὅτι</span> <span class='ocrx_word' id='word_1_695' title='bbox 2458 4034 2554 4102; x_wconf 83' lang='grc' dir='ltr'><strong>μὲν</strong></span> <span class='ocrx_word' id='word_1_696' title='bbox 2582 4034 2674 4086; x_wconf 83' lang='grc' dir='ltr'>ὲπί</span> <span class='ocrx_word' id='word_1_697' title='bbox 2706 4033 3020 4105; x_wconf 82' lang='grc' dir='ltr'>καθαιρέσει</span> <span class='ocrx_word' id='word_1_698' title='bbox 3052 4035 3149 4105; x_wconf 81' lang='grc' dir='ltr'><strong>τῆς</strong></span> <span class='ocrx_word' id='word_1_699' title='bbox 3184 4035 3441 4100; x_wconf 74' lang='grc' dir='ltr'>εὐσεϐοῦς</span> <span class='ocrx_word' id='word_1_700' title='bbox 3492 4040 3622 4108; x_wconf 77' lang='grc' dir='ltr'>περὶ</span> 
     </span>
    </p>
   </div>
   <div class='ocr_carea' id='block_1_95' title="bbox 2034 4124 3621 4199">
    <p class='ocr_par' dir='ltr' id='par_1_95' title="bbox 2034 4124 3621 4199">
     <span class='ocr_line' id='line_1_95' title="bbox 2034 4124 3621 4199; baseline 0.002 -22"><span class='ocrx_word' id='word_1_701' title='bbox 2034 4124 2126 4177; x_wconf 66' lang='grc' dir='ltr'>τοῦ</span> <span class='ocrx_word' id='word_1_702' title='bbox 2162 4124 2501 4191; x_wconf 82' lang='grc' dir='ltr'>Μονογενοὺς</span> <span class='ocrx_word' id='word_1_703' title='bbox 2537 4124 2852 4194; x_wconf 72' lang='grc' dir='ltr'>ὑπολήψεως</span> <span class='ocrx_word' id='word_1_704' title='bbox 2888 4125 3123 4193; x_wconf 83' lang='grc' dir='ltr'>λέγεται,</span> <span class='ocrx_word' id='word_1_705' title='bbox 3160 4126 3225 4180; x_wconf 84' lang='grc' dir='ltr'><strong>ἐκ</strong></span> <span class='ocrx_word' id='word_1_706' title='bbox 3272 4127 3373 4197; x_wconf 82' lang='grc' dir='ltr'>τῆς</span> <span class='ocrx_word' id='word_1_707' title='bbox 3427 4126 3621 4199; x_wconf 79' lang='grc' dir='ltr'>λοιπῆς</span> 
     </span>
    </p>
   </div>
   <div class='ocr_carea' id='block_1_96' title="bbox 2035 4214 3621 4289">
    <p class='ocr_par' dir='ltr' id='par_1_96' title="bbox 2035 4214 3621 4289">
     <span class='ocr_line' id='line_1_96' title="bbox 2035 4214 3621 4289; baseline 0.003 -22"><span class='ocrx_word' id='word_1_708' title='bbox 2035 4214 2198 4267; x_wconf 81' lang='grc' dir='ltr'>αὑτοῦ</span> <span class='ocrx_word' id='word_1_709' title='bbox 2250 4215 2593 4285; x_wconf 79' lang='grc' dir='ltr'>κατασκευῆς</span> <span class='ocrx_word' id='word_1_710' title='bbox 2631 4216 2831 4285; x_wconf 82' lang='grc' dir='ltr'>μᾶλλον</span> <span class='ocrx_word' id='word_1_711' title='bbox 2870 4217 3337 4289; x_wconf 78' lang='grc' dir='ltr'>φανερωθήσεται.</span> <span class='ocrx_word' id='word_1_712' title='bbox 3380 4220 3532 4271; x_wconf 69' lang='grc' dir='ltr'>Ἐπεὶ</span> <span class='ocrx_word' id='word_1_713' title='bbox 3564 4220 3621 4272; x_wconf 83' lang='grc' dir='ltr'><strong>δὲ</strong></span> 
     </span>
    </p>
   </div>
   <div class='ocr_carea' id='block_1_97' title="bbox 2038 4301 3621 4381">
    <p class='ocr_par' dir='ltr' id='par_1_97' title="bbox 2038 4301 3621 4381">
     <span class='ocr_line' id='line_1_97' title="bbox 2038 4301 3621 4381; baseline 0.003 -23"><span class='ocrx_word' id='word_1_714' title='bbox 2038 4306 2220 4377; x_wconf 80' lang='grc' dir='ltr'>μέσως</span> <span class='ocrx_word' id='word_1_715' title='bbox 2267 4306 2410 4376; x_wconf 75' lang='grc' dir='ltr'>ἔχειν</span> <span class='ocrx_word' id='word_1_716' title='bbox 2442 4306 2589 4359; x_wconf 84' lang='grc' dir='ltr'>δοκεῖ</span> <span class='ocrx_word' id='word_1_717' title='bbox 2632 4307 2699 4361; x_wconf 85' lang='grc' dir='ltr'><strong>τὰ</strong></span> <span class='ocrx_word' id='word_1_718' title='bbox 2747 4310 3034 4379; x_wconf 75' lang='grc' dir='ltr'>εἰρημένα,</span> <span class='ocrx_word' id='word_1_719' title='bbox 3192 4310 3288 4363; x_wconf 72' lang='grc' dir='ltr'>καὶ</span> <span class='ocrx_word' id='word_1_720' title='bbox 3330 4310 3421 4363; x_wconf 82' lang='grc' dir='ltr'><strong>τὸν</strong></span> <span class='ocrx_word' id='word_1_721' title='bbox 3453 4310 3621 4381; x_wconf 77' lang='grc' dir='ltr'>μηδὲν</span> 
     </span>
    </p>
   </div>
   <div class='ocr_carea' id='block_1_98' title="bbox 2035 4398 3621 4474">
    <p class='ocr_par' dir='ltr' id='par_1_98' title="bbox 2035 4398 3621 4474">
     <span class='ocr_line' id='line_1_98' title="bbox 2035 4398 3621 4474; baseline 0.003 -24"><span class='ocrx_word' id='word_1_722' title='bbox 2035 4399 2228 4461; x_wconf 77' lang='grc' dir='ltr'>ἀσεϐὲς</span> <span class='ocrx_word' id='word_1_723' title='bbox 2256 4400 2381 4471; x_wconf 73' lang='grc' dir='ltr'>περὶ</span> <span class='ocrx_word' id='word_1_724' title='bbox 2407 4398 2501 4452; x_wconf 80' lang='grc' dir='ltr'>τοῦ</span> <span class='ocrx_word' id='word_1_725' title='bbox 2524 4400 2760 4470; x_wconf 79' lang='grc' dir='ltr'>Χριστοῦ</span> <span class='ocrx_word' id='word_1_726' title='bbox 2788 4401 3033 4470; x_wconf 84' lang='grc' dir='ltr'>λέγοντα,</span> <span class='ocrx_word' id='word_1_727' title='bbox 3061 4402 3367 4474; x_wconf 72' lang='grc' dir='ltr'>χρήσασθαι</span> <span class='ocrx_word' id='word_1_728' title='bbox 3396 4404 3460 4457; x_wconf 84' lang='grc' dir='ltr'><strong>ἀν</strong></span> <span class='ocrx_word' id='word_1_729' title='bbox 3491 4420 3621 4455; x_wconf 81' lang='grc' dir='ltr'>ποτε</span> 
     </span>
    </p>
   </div>
   <div class='ocr_carea' id='block_1_99' title="bbox 2034 4490 3624 4564">
    <p class='ocr_par' dir='ltr' id='par_1_99' title="bbox 2034 4490 3624 4564">
     <span class='ocr_line' id='line_1_99' title="bbox 2034 4490 3624 4564; baseline 0.001 -20"><span class='ocrx_word' id='word_1_730' title='bbox 2034 4495 2144 4555; x_wconf 78' lang='grc' dir='ltr'>τοῖς</span> <span class='ocrx_word' id='word_1_731' title='bbox 2195 4493 2402 4562; x_wconf 71' lang='grc' dir='ltr'>ῥήμασι</span> <span class='ocrx_word' id='word_1_732' title='bbox 2435 4490 2667 4554; x_wconf 55' lang='grc' dir='ltr'>τούτοις</span> <span class='ocrx_word' id='word_1_733' title='bbox 2709 4491 2796 4545; x_wconf 84' lang='grc' dir='ltr'>διὰ</span> <span class='ocrx_word' id='word_1_734' title='bbox 2844 4493 3000 4547; x_wconf 79' lang='grc' dir='ltr'>τοῦτο</span> <span class='ocrx_word' id='word_1_735' title='bbox 3045 4495 3136 4546; x_wconf 78' lang='grc' dir='ltr'><strong>καὶ</strong></span> <span class='ocrx_word' id='word_1_736' title='bbox 3169 4494 3333 4557; x_wconf 73' lang='grc' dir='ltr'>αὑτὸς</span> <span class='ocrx_word' id='word_1_737' title='bbox 3368 4494 3460 4546; x_wconf 74' lang='grc' dir='ltr'><strong>τὸν</strong></span> <span class='ocrx_word' id='word_1_738' title='bbox 3495 4495 3624 4564; x_wconf 74' lang='grc' dir='ltr'>περὶ</span> 
     </span>
    </p>
   </div>
   <div class='ocr_carea' id='block_1_100' title="bbox 2032 4582 3621 4657">
    <p class='ocr_par' dir='ltr' id='par_1_100' title="bbox 2032 4582 3621 4657">
     <span class='ocr_line' id='line_1_100' title="bbox 2032 4582 3621 4657; baseline 0.003 -21"><span class='ocrx_word' id='word_1_739' title='bbox 2032 4583 2123 4636; x_wconf 77' lang='grc' dir='ltr'>τοῦ</span> <span class='ocrx_word' id='word_1_740' title='bbox 2158 4582 2362 4653; x_wconf 86' lang='grc' dir='ltr'>Κυρίου</span> <span class='ocrx_word' id='word_1_741' title='bbox 2394 4583 2551 4650; x_wconf 89' lang='grc' dir='ltr'>λόγον</span> <span class='ocrx_word' id='word_1_742' title='bbox 2581 4582 2678 4635; x_wconf 80' lang='grc' dir='ltr'><strong>νῦν</strong></span> <span class='ocrx_word' id='word_1_743' title='bbox 2716 4584 3120 4655; x_wconf 75' lang='grc' dir='ltr'>ὑπερϐήσομαι,</span> <span class='ocrx_word' id='word_1_744' title='bbox 3154 4588 3274 4648; x_wconf 86' lang='grc' dir='ltr'>ταῖς</span> <span class='ocrx_word' id='word_1_745' title='bbox 3310 4590 3621 4657; x_wconf 73' lang='grc' dir='ltr'>φανερωτέ-</span> 
     </span>
    </p>
   </div>
   <div class='ocr_carea' id='block_1_101' title="bbox 2036 4672 3623 4746">
    <p class='ocr_par' dir='ltr' id='par_1_101' title="bbox 2036 4672 3623 4746">
     <span class='ocr_line' id='line_1_101' title="bbox 2036 4672 3623 4746; baseline 0 -19"><span class='ocrx_word' id='word_1_746' title='bbox 2036 4692 2155 4746; x_wconf 83' lang='grc' dir='ltr'>ραις</span> <span class='ocrx_word' id='word_1_747' title='bbox 2185 4676 2306 4727; x_wconf 79' lang='grc' dir='ltr'>κατ’</span> <span class='ocrx_word' id='word_1_748' title='bbox 2342 4673 2507 4727; x_wconf 81' lang='grc' dir='ltr'>αὑτοῦ</span> <span class='ocrx_word' id='word_1_749' title='bbox 2544 4672 2914 4744; x_wconf 80' lang='grc' dir='ltr'>βλασφημίαις</span> <span class='ocrx_word' id='word_1_750' title='bbox 2941 4676 3376 4745; x_wconf 86' lang='grc' dir='ltr'>ταμιευσάμενος</span> <span class='ocrx_word' id='word_1_751' title='bbox 3403 4677 3499 4744; x_wconf 78' lang='grc' dir='ltr'>τὴν</span> <span class='ocrx_word' id='word_1_752' title='bbox 3529 4677 3623 4727; x_wconf 85' lang='grc' dir='ltr'>ἀν-</span> 
     </span>
    </p>
   </div>
   <div class='ocr_carea' id='block_1_102' title="bbox 2035 4766 3623 4838">
    <p class='ocr_par' dir='ltr' id='par_1_102' title="bbox 2035 4766 3623 4838">
     <span class='ocr_line' id='line_1_102' title="bbox 2035 4766 3623 4838; baseline 0 -19"><span class='ocrx_word' id='word_1_753' title='bbox 2035 4769 2283 4838; x_wconf 61' lang='grc' dir='ltr'>τίρρησιν</span> <span class='ocrx_word' id='word_1_754' title='bbox 2308 4782 2319 4795; x_wconf 80' lang='grc'><strong>⁸</strong></span> <span class='ocrx_word' id='word_1_755' title='bbox 2356 4767 2483 4837; x_wconf 80' lang='grc' dir='ltr'>περὶ</span> <span class='ocrx_word' id='word_1_756' title='bbox 2513 4766 2568 4817; x_wconf 81' lang='grc' dir='ltr'>δὲ</span> <span class='ocrx_word' id='word_1_757' title='bbox 2614 4766 2706 4819; x_wconf 75' lang='grc' dir='ltr'>τοῦ</span> <span class='ocrx_word' id='word_1_758' title='bbox 2739 4766 2890 4833; x_wconf 81' lang='grc' dir='ltr'>ἁγίου</span> <span class='ocrx_word' id='word_1_759' title='bbox 2930 4766 3266 4837; x_wconf 86' lang='grc' dir='ltr'>Πνεύματος,</span> <span class='ocrx_word' id='word_1_760' title='bbox 3303 4766 3490 4837; x_wconf 77' lang='grc' dir='ltr'>ἐπειδὴ</span> <span class='ocrx_word' id='word_1_761' title='bbox 3523 4785 3623 4835; x_wconf 66' lang='grc' dir='ltr'><strong>φα·</strong></span> 
     </span>
    </p>
   </div>
   <div class='ocr_carea' id='block_1_103' title="bbox 2040 4858 3625 4931">
    <p class='ocr_par' dir='ltr' id='par_1_103' title="bbox 2040 4858 3625 4931">
     <span class='ocr_line' id='line_1_103' title="bbox 2040 4858 3625 4931; baseline 0.001 -20"><span class='ocrx_word' id='word_1_762' title='bbox 2040 4861 2173 4929; x_wconf 78' lang='grc' dir='ltr'>νερᾷ</span> <span class='ocrx_word' id='word_1_763' title='bbox 2214 4860 2307 4911; x_wconf 71' lang='grc' dir='ltr'>καὶ</span> <span class='ocrx_word' id='word_1_764' title='bbox 2336 4858 2786 4928; x_wconf 81' lang='grc' dir='ltr'>ἀπαρακαλύπτῳ</span> <span class='ocrx_word' id='word_1_765' title='bbox 2820 4859 3019 4929; x_wconf 79' lang='grc' dir='ltr'>χρῆται</span> <span class='ocrx_word' id='word_1_766' title='bbox 3050 4862 3115 4929; x_wconf 85' lang='grc' dir='ltr'>τῇ</span> <span class='ocrx_word' id='word_1_767' title='bbox 3142 4858 3503 4931; x_wconf 71' lang='grc' dir='ltr'>βλασφημίᾳ,</span> <span class='ocrx_word' id='word_1_768' title='bbox 3538 4860 3625 4913; x_wconf 78' lang='grc' dir='ltr'><strong>λέ-</strong></span> 
     </span>
    </p>
   </div>
   <div class='ocr_carea' id='block_1_104' title="bbox 2041 4945 3627 5023">
    <p class='ocr_par' dir='ltr' id='par_1_104' title="bbox 2041 4945 3627 5023">
     <span class='ocr_line' id='line_1_104' title="bbox 2041 4945 3627 5023; baseline 0.001 -20"><span class='ocrx_word' id='word_1_769' title='bbox 2041 4969 2152 5018; x_wconf 89' lang='grc' dir='ltr'><strong>γων</strong></span> <span class='ocrx_word' id='word_1_770' title='bbox 2198 4950 2530 5003; x_wconf 83' lang='grc' dir='ltr'>ἀσύντακτον</span> <span class='ocrx_word' id='word_1_771' title='bbox 2580 4945 2718 5003; x_wconf 77' lang='grc' dir='ltr'>εἶναι</span> <span class='ocrx_word' id='word_1_772' title='bbox 2765 4952 2940 5021; x_wconf 70' lang='grc' dir='ltr'>Πατρὶ</span> <span class='ocrx_word' id='word_1_773' title='bbox 2980 4952 3073 5004; x_wconf 70' lang='grc' dir='ltr'>καὶ</span> <span class='ocrx_word' id='word_1_774' title='bbox 3114 4952 3261 5023; x_wconf 80' lang='grc' dir='ltr'>Υἱῴ,</span> <span class='ocrx_word' id='word_1_775' title='bbox 3294 4953 3627 5023; x_wconf 76' lang='grc' dir='ltr'>ἀμφοτέροις</span> 
     </span>
    </p>
   </div>
   <div class='ocr_carea' id='block_1_105' title="bbox 2039 5037 3627 5112">
    <p class='ocr_par' dir='ltr' id='par_1_105' title="bbox 2039 5037 3627 5112">
     <span class='ocr_line' id='line_1_105' title="bbox 2039 5037 3627 5112; baseline 0.002 -16"><span class='ocrx_word' id='word_1_776' title='bbox 2039 5044 2093 5096; x_wconf 84' lang='grc' dir='ltr'><strong>δὲ</strong></span> <span class='ocrx_word' id='word_1_777' title='bbox 2134 5041 2595 5112; x_wconf 80' lang='grc' dir='ltr'>ὑποτεταγμένον,</span> <span class='ocrx_word' id='word_1_778' title='bbox 2630 5041 2729 5112; x_wconf 71' lang='grc' dir='ltr'>ἤδη</span> <span class='ocrx_word' id='word_1_779' title='bbox 2779 5042 3008 5095; x_wconf 88' lang='grc' dir='ltr'>καθόσον</span> <span class='ocrx_word' id='word_1_780' title='bbox 3040 5037 3151 5107; x_wconf 77' lang='grc' dir='ltr'>οἶός</span> <span class='ocrx_word' id='word_1_781' title='bbox 3199 5061 3257 5096; x_wconf 87' lang='grc' dir='ltr'><strong>τε</strong></span> <span class='ocrx_word' id='word_1_782' title='bbox 3293 5038 3357 5107; x_wconf 75' lang='grc' dir='ltr'>ὦ,</span> <span class='ocrx_word' id='word_1_783' title='bbox 3385 5044 3627 5108; x_wconf 78' lang='grc' dir='ltr'>ἐξετάσω</span> 
     </span>
    </p>
   </div>
   <div class='ocr_carea' id='block_1_106' title="bbox 2038 5137 2336 5206">
    <p class='ocr_par' dir='ltr' id='par_1_106' title="bbox 2038 5137 2336 5206">
     <span class='ocr_line' id='line_1_106' title="bbox 2038 5137 2336 5206; baseline 0 -15"><span class='ocrx_word' id='word_1_784' title='bbox 2038 5137 2128 5191; x_wconf 80' lang='grc' dir='ltr'>τὸν</span> <span class='ocrx_word' id='word_1_785' title='bbox 2160 5138 2336 5206; x_wconf 89' lang='grc' dir='ltr'>λόγον.</span> 
     </span>
    </p>
   </div>
   <div class='ocr_carea' id='block_1_107' title="bbox 368 5217 3609 5292">
    <p class='ocr_par' dir='ltr' id='par_1_107' title="bbox 368 5217 3609 5292">
     <span class='ocr_line' id='line_1_107' title="bbox 368 5217 3609 5292; baseline 0.002 -18"><span class='ocrx_word' id='word_1_786' title='bbox 368 5219 564 5274; x_wconf 87' lang='lat' dir='ltr'><strong>borum</strong></span> <span class='ocrx_word' id='word_1_787' title='bbox 593 5218 880 5273; x_wconf 90' lang='lat' dir='ltr'><strong>involucro</strong></span> <span class='ocrx_word' id='word_1_788' title='bbox 902 5224 1048 5271; x_wconf 88' lang='lat' dir='ltr'><strong>tecta</strong></span> <span class='ocrx_word' id='word_1_789' title='bbox 1072 5218 1409 5288; x_wconf 89' lang='lat' dir='ltr'><strong>blasphemia</strong></span> <span class='ocrx_word' id='word_1_790' title='bbox 1441 5223 1779 5292; x_wconf 80' lang='lat' dir='ltr'><strong>aggreditur,</strong></span> <span class='ocrx_word' id='word_1_791' title='bbox 1811 5224 1940 5281; x_wconf 84' lang='lat' dir='ltr'><strong>dum</strong></span> <span class='ocrx_word' id='word_1_792' title='bbox 1970 5239 2095 5281; x_wconf 88' lang='lat' dir='ltr'><strong>eum</strong></span> <span class='ocrx_word' id='word_1_793' title='bbox 2121 5218 2258 5275; x_wconf 83' lang='lat' dir='ltr'><strong>dicit</strong></span> <span class='ocrx_word' id='word_1_794' title='bbox 2283 5234 2389 5272; x_wconf 89' lang='lat' dir='ltr'><strong>non</strong></span> <span class='ocrx_word' id='word_1_795' title='bbox 2419 5218 2663 5289; x_wconf 83' lang='lat' dir='ltr'><strong>ejusdem</strong></span> <span class='ocrx_word' id='word_1_796' title='bbox 2683 5218 2896 5275; x_wconf 90' lang='lat' dir='ltr'><strong>ordinis</strong></span> <span class='ocrx_word' id='word_1_797' title='bbox 2914 5236 3034 5274; x_wconf 88' lang='lat' dir='ltr'><strong>cum</strong></span> <span class='ocrx_word' id='word_1_798' title='bbox 3054 5217 3215 5275; x_wconf 89' lang='lat' dir='ltr'><strong>Patre</strong></span> <span class='ocrx_word' id='word_1_799' title='bbox 3236 5230 3289 5276; x_wconf 89' lang='lat' dir='ltr'><strong>et</strong></span> <span class='ocrx_word' id='word_1_800' title='bbox 3321 5221 3460 5279; x_wconf 80' lang='lat' dir='ltr'><strong>Filio</strong></span> <span class='ocrx_word' id='word_1_801' title='bbox 3477 5242 3609 5281; x_wconf 76' lang='lat' dir='ltr'><strong>cen—</strong></span> 
     </span>
    </p>
   </div>
   <div class='ocr_carea' id='block_1_108' title="bbox 373 5312 3136 5392">
    <p class='ocr_par' dir='ltr' id='par_1_108' title="bbox 373 5312 3136 5392">
     <span class='ocr_line' id='line_1_108' title="bbox 373 5312 3136 5392; baseline 0.001 -23"><span class='ocrx_word' id='word_1_802' title='bbox 373 5316 481 5369; x_wconf 82' lang='lat' dir='ltr'><strong>seri</strong></span> <span class='ocrx_word' id='word_1_803' title='bbox 513 5329 694 5383; x_wconf 86' lang='lat' dir='ltr'><strong>posse,</strong></span> <span class='ocrx_word' id='word_1_804' title='bbox 729 5312 949 5381; x_wconf 82' lang='lat' dir='ltr'><strong>utrique</strong></span> <span class='ocrx_word' id='word_1_805' title='bbox 976 5322 1156 5367; x_wconf 73' lang='lat' dir='ltr'><strong>autem</strong></span> <span class='ocrx_word' id='word_1_806' title='bbox 1192 5314 1519 5382; x_wconf 73' lang='lat' dir='ltr'><strong>Subjeetum.</strong></span> <span class='ocrx_word' id='word_1_807' title='bbox 1546 5317 1716 5380; x_wconf 83' lang='lat' dir='ltr'><strong>Quam</strong></span> <span class='ocrx_word' id='word_1_808' title='bbox 1748 5320 1867 5386; x_wconf 76' lang='lat' dir='ltr'><strong>ejus</strong></span> <span class='ocrx_word' id='word_1_809' title='bbox 1901 5322 2235 5392; x_wconf 69' lang='lat' dir='ltr'><strong>impietatem</strong></span> <span class='ocrx_word' id='word_1_810' title='bbox 2270 5335 2367 5388; x_wconf 85' lang='lat' dir='ltr'><strong>pro</strong></span> <span class='ocrx_word' id='word_1_811' title='bbox 2393 5318 2601 5370; x_wconf 84' lang='lat' dir='ltr'><strong>viribus</strong></span> <span class='ocrx_word' id='word_1_812' title='bbox 2623 5332 2765 5368; x_wconf 80' lang='lat' dir='ltr'><strong>nunc</strong></span> <span class='ocrx_word' id='word_1_813' title='bbox 2792 5318 3136 5373; x_wconf 77' lang='lat' dir='ltr'><strong>examinaho.</strong></span> 
     </span>
    </p>
   </div>
   <div class='ocr_carea' id='block_1_109' title="bbox 416 5445 1929 5523">
    <p class='ocr_par' dir='ltr' id='par_1_109' title="bbox 416 5445 1929 5523">
     <span class='ocr_line' id='line_1_109' title="bbox 416 5445 1929 5523; baseline 0.007 -25"><span class='ocrx_word' id='word_1_814' title='bbox 416 5445 551 5510; x_wconf 71' lang='lat' dir='ltr'><strong>Qua:</strong></span> <span class='ocrx_word' id='word_1_815' title='bbox 584 5445 754 5516; x_wconf 79' lang='lat' dir='ltr'><strong>igitur</strong></span> <span class='ocrx_word' id='word_1_816' title='bbox 787 5445 1150 5517; x_wconf 85' lang='lat' dir='ltr'><strong>subjectionis</strong></span> <span class='ocrx_word' id='word_1_817' title='bbox 1188 5446 1462 5502; x_wconf 88' lang='lat' dir='ltr'><strong>vocabulo</strong></span> <span class='ocrx_word' id='word_1_818' title='bbox 1492 5449 1647 5506; x_wconf 89' lang='lat' dir='ltr'><strong>notio</strong></span> <span class='ocrx_word' id='word_1_819' title='bbox 1676 5451 1929 5523; x_wconf 85' lang='lat' dir='ltr'><strong>subjecta</strong></span> 
     </span>
    </p>
   </div>
   <div class='ocr_carea' id='block_1_110' title="bbox 351 5536 1921 5612">
    <p class='ocr_par' dir='ltr' id='par_1_110' title="bbox 351 5536 1921 5612">
     <span class='ocr_line' id='line_1_110' title="bbox 351 5536 1921 5612; baseline 0.007 -21"><span class='ocrx_word' id='word_1_820' title='bbox 351 5538 446 5603; x_wconf 87' lang='lat' dir='ltr'><strong>sit,</strong></span> <span class='ocrx_word' id='word_1_821' title='bbox 473 5544 525 5592; x_wconf 89' lang='lat' dir='ltr'><strong>et</strong></span> <span class='ocrx_word' id='word_1_822' title='bbox 560 5536 613 5590; x_wconf 94' lang='lat' dir='ltr'><strong>in</strong></span> <span class='ocrx_word' id='word_1_823' title='bbox 645 5539 847 5607; x_wconf 90' lang='lat' dir='ltr'><strong>quibus</strong></span> <span class='ocrx_word' id='word_1_824' title='bbox 880 5541 1046 5595; x_wconf 90' lang='lat' dir='ltr'><strong>rebus</strong></span> <span class='ocrx_word' id='word_1_825' title='bbox 1081 5539 1265 5594; x_wconf 87' lang='lat' dir='ltr'><strong>divina</strong></span> <span class='ocrx_word' id='word_1_826' title='bbox 1313 5538 1599 5612; x_wconf 88' lang='lat' dir='ltr'><strong>Scriptura</strong></span> <span class='ocrx_word' id='word_1_827' title='bbox 1633 5542 1682 5596; x_wconf 85' lang='lat' dir='ltr'><strong>id</strong></span> <span class='ocrx_word' id='word_1_828' title='bbox 1719 5561 1921 5602; x_wconf 88' lang='lat' dir='ltr'><strong>nomen</strong></span> 
     </span>
    </p>
   </div>
   <div class='ocr_carea' id='block_1_111' title="bbox 359 5630 1931 5705">
    <p class='ocr_par' dir='ltr' id='par_1_111' title="bbox 359 5630 1931 5705">
     <span class='ocr_line' id='line_1_111' title="bbox 359 5630 1931 5705; baseline 0.006 -20"><span class='ocrx_word' id='word_1_829' title='bbox 359 5637 611 5699; x_wconf 87' lang='lat' dir='ltr'><strong>usurpet,</strong></span> <span class='ocrx_word' id='word_1_830' title='bbox 640 5630 913 5700; x_wconf 84' lang='lat' dir='ltr'><strong>principio</strong></span> <span class='ocrx_word' id='word_1_831' title='bbox 968 5633 1248 5704; x_wconf 91' lang='lat' dir='ltr'><strong>inquirere</strong></span> <span class='ocrx_word' id='word_1_832' title='bbox 1305 5643 1543 5705; x_wconf 84' lang='lat' dir='ltr'><strong>Oportet.</strong></span> <span class='ocrx_word' id='word_1_833' title='bbox 1594 5635 1728 5691; x_wconf 88' lang='lat' dir='ltr'><strong>Cum</strong></span> <span class='ocrx_word' id='word_1_834' title='bbox 1787 5636 1931 5695; x_wconf 89' lang='lat' dir='ltr'><strong>Deus</strong></span> 
     </span>
    </p>
   </div>
   <div class='ocr_carea' id='block_1_112' title="bbox 366 5723 1931 5802">
    <p class='ocr_par' dir='ltr' id='par_1_112' title="bbox 366 5723 1931 5802">
     <span class='ocr_line' id='line_1_112' title="bbox 366 5723 1931 5802; baseline 0.005 -25"><span class='ocrx_word' id='word_1_835' title='bbox 366 5723 641 5777; x_wconf 90' lang='lat' dir='ltr'><strong>hominem</strong></span> <span class='ocrx_word' id='word_1_836' title='bbox 675 5723 1021 5789; x_wconf 86' lang='lat' dir='ltr'><strong>honorasset.</strong></span> <span class='ocrx_word' id='word_1_837' title='bbox 1051 5743 1114 5782; x_wconf 92' lang='lat' dir='ltr'><strong>eo</strong></span> <span class='ocrx_word' id='word_1_838' title='bbox 1139 5728 1283 5799; x_wconf 88' lang='lat' dir='ltr'><strong>quod</strong></span> <span class='ocrx_word' id='word_1_839' title='bbox 1315 5730 1492 5800; x_wconf 84' lang='lat' dir='ltr'><strong>ipsum</strong></span> <span class='ocrx_word' id='word_1_840' title='bbox 1537 5729 1601 5785; x_wconf 89' lang='lat' dir='ltr'><strong>ad</strong></span> <span class='ocrx_word' id='word_1_841' title='bbox 1642 5731 1931 5802; x_wconf 76' lang='lat' dir='ltr'><strong>imaginem</strong></span> 
     </span>
    </p>
   </div>
   <div class='ocr_carea' id='block_1_113' title="bbox 2107 5451 3623 5527">
    <p class='ocr_par' dir='ltr' id='par_1_113' title="bbox 2107 5451 3623 5527">
     <span class='ocr_line' id='line_1_113' title="bbox 2107 5451 3623 5527; baseline 0.003 -20"><span class='ocrx_word' id='word_1_842' title='bbox 2107 5453 2174 5507; x_wconf 81' lang='lat' dir='ltr'><strong>Ti</strong></span> <span class='ocrx_word' id='word_1_843' title='bbox 2202 5452 2378 5507; x_wconf 85' lang='grc' dir='ltr'>τοίνυν</span> <span class='ocrx_word' id='word_1_844' title='bbox 2410 5452 2507 5522; x_wconf 85' lang='grc' dir='ltr'><strong>τῆς</strong></span> <span class='ocrx_word' id='word_1_845' title='bbox 2545 5451 2825 5521; x_wconf 81' lang='grc' dir='ltr'>ὑποταγῆς</span> <span class='ocrx_word' id='word_1_846' title='bbox 2852 5452 2968 5507; x_wconf 79' lang='grc' dir='ltr'>ἐστι</span> <span class='ocrx_word' id='word_1_847' title='bbox 2996 5452 3058 5507; x_wconf 79' lang='grc' dir='ltr'>τὸ</span> <span class='ocrx_word' id='word_1_848' title='bbox 3090 5456 3488 5527; x_wconf 81' lang='grc' dir='ltr'>σημαινόμενον</span> <span class='ocrx_word' id='word_1_849' title='bbox 3527 5461 3623 5513; x_wconf 80' lang='grc' dir='ltr'>καὶ</span> 
     </span>
    </p>
   </div>
   <div class='ocr_carea' id='block_1_114' title="bbox 2040 5543 3624 5622">
    <p class='ocr_par' dir='ltr' id='par_1_114' title="bbox 2040 5543 3624 5622">
     <span class='ocr_line' id='line_1_114' title="bbox 2040 5543 3624 5622; baseline -0.004 -24"><span class='ocrx_word' id='word_1_850' title='bbox 2040 5546 2131 5599; x_wconf 70' lang='grc' dir='ltr'>ἐπὶ</span> <span class='ocrx_word' id='word_1_851' title='bbox 2159 5546 2319 5598; x_wconf 88' lang='grc' dir='ltr'>τίνων</span> <span class='ocrx_word' id='word_1_852' title='bbox 2352 5544 2384 5614; x_wconf 83' lang='grc' dir='ltr'>ἡ</span> <span class='ocrx_word' id='word_1_853' title='bbox 2420 5543 2538 5597; x_wconf 85' lang='grc' dir='ltr'>θεία</span> <span class='ocrx_word' id='word_1_854' title='bbox 2568 5543 2754 5614; x_wconf 84' lang='grc' dir='ltr'>Γραφὴ</span> <span class='ocrx_word' id='word_1_855' title='bbox 2786 5544 2866 5614; x_wconf 81' lang='grc' dir='ltr'>τῷ</span> <span class='ocrx_word' id='word_1_856' title='bbox 2897 5546 3124 5618; x_wconf 83' lang='grc' dir='ltr'>τοιούτῳ</span> <span class='ocrx_word' id='word_1_857' title='bbox 3153 5548 3493 5619; x_wconf 77' lang='grc' dir='ltr'>προσχρῆται</span> <span class='ocrx_word' id='word_1_858' title='bbox 3526 5552 3624 5622; x_wconf 68' lang='grc' dir='ltr'><strong>ῥή-</strong></span> 
     </span>
    </p>
   </div>
   <div class='ocr_carea' id='block_1_115' title="bbox 2046 5634 3620 5711">
    <p class='ocr_par' dir='ltr' id='par_1_115' title="bbox 2046 5634 3620 5711">
     <span class='ocr_line' id='line_1_115' title="bbox 2046 5634 3620 5711; baseline 0.001 -22"><span class='ocrx_word' id='word_1_859' title='bbox 2046 5654 2195 5707; x_wconf 86' lang='grc' dir='ltr'>ματι,</span> <span class='ocrx_word' id='word_1_860' title='bbox 2236 5634 2450 5705; x_wconf 84' lang='grc' dir='ltr'>πρῶτον</span> <span class='ocrx_word' id='word_1_861' title='bbox 2488 5638 2930 5706; x_wconf 80' lang='grc' dir='ltr'>κατανοήσωμεν.</span> <span class='ocrx_word' id='word_1_862' title='bbox 2963 5638 3152 5707; x_wconf 81' lang='grc' dir='ltr'>Τιμῶν</span> <span class='ocrx_word' id='word_1_863' title='bbox 3199 5639 3289 5693; x_wconf 70' lang='grc' dir='ltr'>τὸν</span> <span class='ocrx_word' id='word_1_864' title='bbox 3332 5640 3620 5711; x_wconf 77' lang='grc' dir='ltr'>ἄνθρωπον</span> 
     </span>
    </p>
   </div>
   <div class='ocr_carea' id='block_1_116' title="bbox 2041 5726 3619 5805">
    <p class='ocr_par' dir='ltr' id='par_1_116' title="bbox 2041 5726 3619 5805">
     <span class='ocr_line' id='line_1_116' title="bbox 2041 5726 3619 5805; baseline 0.003 -25"><span class='ocrx_word' id='word_1_865' title='bbox 2041 5728 2115 5797; x_wconf 79' lang='grc' dir='ltr'>τῷ</span> <span class='ocrx_word' id='word_1_866' title='bbox 2141 5728 2257 5780; x_wconf 83' lang='grc' dir='ltr'>κατ’</span> <span class='ocrx_word' id='word_1_867' title='bbox 2280 5726 2460 5779; x_wconf 76' lang='grc' dir='ltr'>εἰκόνα</span> <span class='ocrx_word' id='word_1_868' title='bbox 2488 5728 2810 5799; x_wconf 69' lang='grc' dir='ltr'>γεγενῆσθαι</span> <span class='ocrx_word' id='word_1_869' title='bbox 2833 5728 2924 5785; x_wconf 83' lang='grc' dir='ltr'>τοῦ</span> <span class='ocrx_word' id='word_1_870' title='bbox 2943 5731 3240 5797; x_wconf 79' lang='grc' dir='ltr'>κτίσαντος,</span> <span class='ocrx_word' id='word_1_871' title='bbox 3276 5734 3450 5787; x_wconf 74' lang='grc' dir='ltr'>πᾶσαν</span> <span class='ocrx_word' id='word_1_872' title='bbox 3472 5732 3619 5805; x_wconf 80' lang='grc' dir='ltr'>αὑτῷ</span> 
     </span>
    </p>
   </div>
  </div>
