4064 6146
398 353 502 409 309

1560 360 1841 418 CONTRA
1872 360 2237 421 EUNOMIUM
2276 363 2402 419 LIB.
2439 364 2473 419 1.

3557 369 3659 422 310

401 471 495 537 τὴν
532 466 725 535 ἄλογον
759 465 918 537 φύσιν
955 468 1223 535 ὑπέταξεν
1266 473 1293 525 6
1335 471 1526 536 κτίσας
1555 473 1705 538 Θεὸς,
1742 475 1977 539 καθὼςό

2082 484 2137 530 et
2168 476 2586 533 similitudinem
2621 474 2709 530 sui
2744 475 3013 531 creatoris
3054 474 3329 535 eﬂecrsset
3349 479 3417 544 “,
3437 494 3657 535 omnem

402 558 575 626 μέγας
626 557 793 609 Δαϐὶδ
824 558 883 611 ὲν
933 557 1122 628 ῦμνοις
1166 559 1264 631 τὴν
1311 560 1470 631 χάριν
1519 562 1720 633 ταύτην
1771 563 1981 628 διεξιὼν

400 650 776 719 ἀνευφήμησε.
828 649 1032 704 Πάντα
1082 651 1210 722 γὰρ,
1248 654 1430 722 φησὶν,
1479 654 1781 719 ὑπέταξεν
1836 660 1982 709 ὐπο-

399 742 559 808 κάτω
590 743 711 797 τῶν
742 743 946 799 ποδῶν
972 746 1188 800 αὐτοῦ·
1223 748 1315 800 καὶ
1346 749 1432 799 ἐπ’
1475 749 1735 817 ὀνόματος
1776 751 1981 820 μέμνη-

397 850 484 885 ται
512 834 622 887 τῶν
656 834 1127 905 ὑποτεταγμένων.
1164 838 1316 891 Ἔστι
1339 839 1498 892 πάλιν
1525 840 1804 908 ὑποταγῆς
1834 840 1983 911 παρὰ

398 926 464 993 τῇ
493 924 614 995 θείᾳ
652 926 840 997 Γραφῇ
870 927 962 980 καὶ
1004 926 1133 981 ἀλλο
1169 929 1232 981 τὸ
1270 932 1686 1000 σημαινόμενον.
1725 931 1844 983 Τῶν
1874 932 1982 1002 γὰρ

398 1016 458 1068 ὲν
486 1019 599 1078 τοῖς
631 1016 888 1087 πολέμοις
936 1018 1386 1087 κατορθωθέντων
1416 1020 1585 1090 αὐτῷ,
1624 1020 1705 1091 τῷ
1728 1021 1846 1091 Θεῷ
1871 1021 1980 1074 τῶν

400 1109 537 1162 ὅλων
572 1110 849 1174 ἀνατιθεὶς
876 1111 972 1181 τὴν
1002 1112 1203 1175 αἰτίαν,
1241 1111 1518 1175 Ύπέταξε
1553 1113 1762 1178 λαοὺς,
1796 1113 1979 1182 φησιν,

401 1201 564 1269 ἡμῖν,
596 1204 697 1256 καὶ
738 1204 884 1271 ἔθνη
914 1204 1033 1260 ὑπὸ
1064 1205 1205 1271 τοὺς
1229 1205 1420 1271 πόδας
1443 1203 1644 1275 ἡμῶν
1678 1206 1772 1259 καὶ
1798 1205 1978 1270 πάλιν,

412 1293 467 1344 '0
498 1293 868 1349 ὐποτάσσων
909 1296 1097 1362 λαοὺς
1133 1297 1235 1352 ὑπ’
1273 1296 1396 1365 ἐμέ.
1426 1295 1536 1350 Καὶ
1569 1295 1828 1360 πολλάκις
1866 1296 1981 1348 ἐστι

400 1384 500 1455 τὴν
529 1384 712 1456 φωνὴν
745 1386 949 1457 ταύτην
979 1389 1038 1439 ἐν
1070 1390 1189 1450 ταῖς
1211 1386 1384 1450 θείαις
1417 1387 1598 1459 εὑρεῖν
1632 1388 1898 1458 Γραφαῖς,
1921 1388 1980 1440 τὸ

404 1476 544 1528 κατά
572 1476 680 1530 τῶν
723 1477 1193 1547 ἀντιτεταγμένων
1234 1478 1433 1547 κράτος
1474 1477 1978 1549 ἀποσημαίνουσαν.

404 1569 476 1619 Τὸ
506 1568 615 1638 γὰρ
652 1568 745 1620 τοῦ
788 1568 1107 1621 Ἀποστόλου
1141 1569 1233 1621 ἐπὶ
1266 1569 1365 1639 τῆς
1408 1570 1466 1621 ὲν
1500 1570 1712 1640 ὑστέρῳ
1752 1586 1979 1640 γενησορ

404 1661 569 1731 μένης
592 1661 871 1732 ὑποταγῆς
897 1661 1112 1713 πάντων
1133 1661 1241 1713 τῶν
1276 1660 1370 1714 ἀνθ
1381 1661 1576 1730 ρώπων
1605 1660 1740 1731 πρὸς
1760 1661 1850 1713 τὸν
1867 1663 1979 1714 Μο-

398 1756 611 1825 νογενῆ,
648 1757 740 1807 καὶ
776 1756 843 1809 δι’
874 1755 1039 1809 αὑτοῦ
1074 1756 1209 1826 πρὸς
1232 1754 1323 1809 τὸν
1357 1756 1595 1825 Πατέρα,
1629 1756 1686 1809 ὲν
1718 1750 1797 1817 οἷς
1826 1757 1882 1807 ἐν
1903 1753 1980 1823 τῷ

400 1846 553 1913 βάθει
599 1849 696 1917 τῆς
732 1848 922 1915 σοφίας
951 1848 1057 1901 τὸν·
1084 1849 1309 1918 μεσίτην
1355 1846 1490 1900 Θεοῦ
1533 1847 1626 1899 καὶ
1676 1846 1978 1917 ἀνθρώπων

398 1939 561 1990 αὑτὸν
606 1938 1003 1991 ὑποτάσσεσθαι
1054 1938 1133 2009 τῷ
1164 1939 1339 2009 Πατρὶ
1390 1936 1539 2004 λέγει
1596 1936 1712 2007 (τὴν
1765 1936 1978 1989 πάντων

397 2028 699 2097 ἀνθρώπων
732 2029 997 2096 ὑπακοὴν,
1030 2027 1117 2080 διὰ
1163 2026 1265 2095 τῆς
1294 2025 1388 2078 τοῦ
1421 2025 1549 2077 Υίοῦ
1587 2026 1980 2095 μετεσχηκότος

395 2120 494 2188 τῆς
524 2119 939 2190 ἁνθρωπότητος
974 2120 1109 2188 πρὸς
1138 2119 1226 2170 τὸν
1249 2118 1470 2187 Πατέρα
1498 2116 1774 2186 ὑποταγῆς
1804 2117 1979 2168 αίνισ-

398 2212 677 2281 σόμενος),
718 2211 793 2273 ὡς
832 2211 1076 2273 πλείονος
1112 2210 1206 2262 καὶ
1251 2209 1689 2280 φιλοπονωτέρας
1728 2209 1979 2278 δεόμενον

395 2305 494 2373 τῆς
524 2303 854 2374 ἐξηγήσεως,
888 2304 1023 2375 πρὸς
1063 2303 1121 2355 τὸ
1164 2301 1337 2371 παρὸν
1385 2302 1783 2372 ὑπερθήσομαι.
1841 2300 1976 2352 Ἀλλ’

398 2396 458 2447 ὲν
485 2399 594 2457 τοῖς
622 2395 927 2466 προδήλοις,
965 2396 1022 2446 ὲν
1050 2387 1127 2457 οἷς
1153 2393 1406 2462 οὐδεμίαν
1445 2392 1773 2462 ἀμφιϐολίαν
1800 2390 1862 2444 τὸ
1882 2393 1979 2463 τῆς

395 2487 675 2557 ὑποταγῆς
713 2488 1106 2556 σημαινόμενον
1161 2484 1308 2554 ἔχει,
1350 2484 1491 2537 κατά
1521 2483 1642 2538 τίνα
1688 2483 1810 2537 νοῦν
1847 2482 1980 2537 ὑπο-

394 2578 655 2647 τετάχθαι
699 2578 798 2650 τὴν
842 2577 935 2631 τοῦ
988 2577 1306 2646 Πνεῦματος
1346 2576 1536 2628 οὐσίαν
1582 2578 1649 2646 τῇ
1701 2574 1795 2628 τοῦ
1846 2575 1977 2629 Υίοῦ

395 2670 611 2722 καὶτοῦ
670 2670 883 2739 Πατρὺς
928 2669 1328 2737 ἀποφαίνεται;
1377 2668 1465 2730 Ὠς
1513 2667 1643 2730 Υἱὸς
1684 2667 1763 2737 τῷ
1806 2668 1979 2738 Πατρὶ

396 2762 780 2821 ὑποτάσσεται.
813 2760 993 2825 καθὼς
1018 2764 1128 2813 νοεῖ
1153 2762 1181 2812 ὁ
1226 2760 1569 2822 ’Λπόστολος;
1596 2759 1806 2812 Οὐκοῦν
1837 2760 1977 2813 κατά

392 2853 556 2907 τοῦτο
599 2854 952 2906 συντάσσεται
977 2852 1054 2921 τῷ
1083 2852 1197 2920 Υίῷ
1228 2851 1288 2903 τὸ
1327 2850 1573 2922 Πνεῦμα,
1602 2852 1700 2919 οὑχ
1742 2852 1979 2905 ὑποτάσ-

396 2964 573 3008 σεται,
620 2946 777 3014 εῐπερ
824 2943 892 2996 τὰ
930 2943 1022 2996 δύο
1062 2944 1328 3013 πρόσωπα
1378 2941 1484 2993 τῶν
1531 2942 1978 3011 ὑποταττομένων

396 3037 566 3090 ἐστίν.
605 3033 684 3089 Ἦ
719 3037 817 3105 οὑχ
853 3034 996 3088 οῦτω
1027 3035 1165 3105 (πῶς
1192 3029 1285 3086 οὖν
1317 3033 1514 3103 ἑτέρως
1533 3028 1573 3098 ς)
1593 3032 1668 3095 ὡς
1694 3035 1758 3103 τῇ
1786 3033 1974 3105 λογικῇ

396 3132 556 3200 φύσει
605 3131 705 3200 τὴν
732 3129 924 3197 ἄλογον
952 3130 1010 3181 ὲν
1038 3126 1115 3198 τῷ
1150 3125 1348 3196 ψαλμῷ
1378 3124 1805 3196 μεμαθήκαμεν;
1838 3127 1977 3179 Οὐκ-

2085 3120 2349 3192 Spiritum
2438 3132 2688 3179 sanctum
2786 3122 2926 3178 Filio
3022 3141 3131 3180 non

396 3221 491 3275 οῦν
521 3219 775 3274 τοσοῦτον
810 3217 1213 3287 παρήλλακται,
1250 3216 1372 3269 ὅσον
1399 3214 1562 3285 ἡτῶν
1602 3215 1814 3287 κτηνῶν
1842 3217 1979 3288 πρὸς

396 3312 488 3366 τὸν
518 3310 822 3381 ἄνθρωπον.
872 3308 1031 3362 Ἀλλά
1077 3306 1475 3377 περιγράφεται
1506 3306 1600 3359 καὶ
1624 3307 1810 3360 τοῦτον
1848 3308 1979 3371 ἴσως

396 3404 487 3457 τὸν
507 3404 662 3472 λόγον
686 3421 700 3468 ;
729 3400 937 3455 Οὐκοῦν
961 3401 1053 3454 ἐπὶ
1082 3400 1173 3453 τὸν
1200 3399 1516 3469 λειπόμενον
1537 3399 1677 3469 ἦξειο
1709 3400 1791 3453 ὅτι
1833 3403 1979 3454 ἀντι-

398 3496 707 3564 τεταγμένη
761 3493 854 3546 καὶ
912 3489 1339 3560 ἀντιστρατοῦσα
1383 3488 1444 3542 τὸ
1486 3490 1771 3561 πρότερον,
1842 3490 1980 3561 μετά

398 3586 571 3641 ταῦτα
622 3584 711 3639 διὰ
766 3583 1117 3654 βεδαιοτέρας
1164 3582 1411 3650 ἀνάγκης
1463 3580 1795 3635 ὑποκύπτειν
1843 3600 1978 3637 κατ-

398 3676 718 3749 ηναγκάσθη
752 3676 827 3746 τῷ
854 3674 1263 3745 κατισχύσαντι.

2086 570 2319 627 rationis
2344 577 2622 640 expertem
2676 576 2988 625 creaturam
3021 569 3257 640 subjecit
3296 571 3376 626 illi
3410 572 3663 628 conditor

2083 660 2249 715 Deus.
2315 658 2784 727 Quemadmodum
2868 674 3100 731 magnus
3157 662 3321 717 etiam
3370 661 3541 718 David
3603 664 3660 719 in

2084 750 2318 807 Psalmis
2372 752 2515 806 hanc
2580 751 2812 821 gratiam
2857 749 2953 805 Dei
3013 765 3277 808 enarrans
3326 752 3659 820 decantavit,

2088 841 2302 908 Omnia,
2358 842 2634 911 inquiens,
2690 841 2912 911 subjecit
2936 841 3031 896 sub
3080 844 3296 911 pedibus
3349 844 3551 915 ejus",
3605 853 3662 903 et

2083 932 2341 1003 deinceps
2367 933 2696 989 nominatim
2730 936 3053 1003 exsequitur
3089 935 3204 1003 illa,
3258 952 3381 1006 qum
3407 937 3460 992 ei
3522 947 3655 993 sunt

2086 1023 2351 1092 subjecta.
2382 1022 2650 1079 Praeterea
2691 1024 2836 1080 aliud
2866 1025 3224 1094 subjectionis
3249 1027 3305 1081 in
3344 1028 3521 1085 sacris
3543 1028 3649 1084 Lit-

2085 1115 2221 1169 teris
2251 1114 2526 1183 reperitur
2552 1115 2960 1185 signiﬁcatum;
3002 1132 3186 1174 rerum
3228 1120 3374 1174 enim
3411 1121 3467 1174 in
3511 1120 3658 1176 bello

2086 1200 2329 1255 feliciter
2374 1202 2444 1256 ab
2484 1202 2603 1272 ipso
2633 1213 2912 1274 gestarum
2958 1220 3184 1262 causam
3229 1206 3342 1262 Deo
3371 1210 3659 1267 universo-

2080 1306 2204 1346 rum
2253 1292 2537 1348 ascribens
2593 1293 2653 1348 Β.
2704 1292 2871 1349 David
2911 1293 3186 1363 :Subjecit
3215 1298 3434 1366 populos
3483 1300 3655 1365 nobis,

2082 1385 2258 1455 inquit
2304 1385 2370 1450 ",
2412 1394 2462 1440 et
2509 1396 2685 1455 gentes
2726 1385 2822 1441 sub
2876 1386 3093 1454 pedibus
3150 1390 3386 1453 nostris;
3435 1392 3657 1446 iterum-

2080 1472 2233 1546 que:
2268 1476 2373 1542 Qui
2395 1478 2605 1547 subjicit
2633 1479 2849 1547 populos
2872 1478 3021 1532 mihi.
3062 1477 3383 1550 Saepiusque
3412 1480 3658 1536 invenire

2081 1576 2164 1622 est
2190 1584 2373 1623 vocem
2397 1570 2539 1623 hanc
2565 1569 2618 1622 in
2654 1585 2811 1624 sacra
2849 1570 3138 1640 Scriptura
3165 1585 3230 1624 ea
3276 1570 3517 1631 notione,
3543 1581 3651 1654 qua

2085 1659 2359 1729 signiﬁcat
2410 1659 2838 1715 dominationem
2894 1662 2946 1715 in
3004 1662 3358 1719 adversarios
3402 1673 3656 1734 partam:

2083 1766 2207 1803 nam
2241 1751 2373 1804 illud
2406 1749 2651 1819 Apostoli
2678 1752 2745 1805 de
2774 1751 2958 1807 futura
2988 1766 3093 1808 sub
3124 1753 3283 1810 linem
3308 1756 3496 1809 mundi
3527 1757 3656 1811 sub-

2012 1829 2318 1910 Bjectione
2366 1843 2610 1897 omnium
2647 1843 2951 1909 hominum,
3007 1840 3113 1914 qua
3165 1846 3463 1916 Unigenito
3492 1848 3658 1917 subji-

2080 1936 2316 1997 cientur,
2364 1942 2418 1987 et
2445 1950 2541 2003 per
2577 1934 2754 2005 ipsum
2792 1934 2962 1999 Patri,
3016 1951 3142 1990 cum
3177 1952 3282 1990 non
3329 1937 3537 2006 absque
3568 1952 3652 1991 rev

2080 2023 2298 2078 condita
2331 2024 2595 2092 sapientia
2629 2025 2761 2078 dicit
2797 2044 2809 2077 :
2866 2026 3043 2094 ipsum
3081 2027 3246 2081 etiam
3297 2029 3656 2082 mediatorem

2079 2114 2177 2170 Dei
2216 2124 2269 2169 et
2298 2115 2581 2169 hominum
2612 2114 2757 2169 Patri
2808 2116 3113 2184 subjectum
3161 2118 3224 2171 iri
3245 2119 3309 2183 ’⁷,
3347 2120 3634 2174 insinuans

2078 2203 2330 2258 videlicet
2364 2204 2610 2257 omnium
2641 2204 2925 2258 hominum
2960 2221 3088 2275 erga
3128 2205 3342 2260 Patrem
3390 2208 3653 2262 obedien-

2080 2295 2211 2349 tiam
2249 2311 2341 2363 per
2373 2294 2573 2349 Filium
2633 2295 2991 2351 humanitatis
3036 2304 3240 2352 nostra:
3280 2298 3601 2368 participem
3639 2316 3655 2353 :

2080 2388 2132 2441 in
2172 2389 2455 2457 praesentia
2492 2389 3010 2457 praatermittcndum
3043 2405 3269 2454 censeo,
3297 2392 3497 2461 quippe
3512 2392 3658 2461 quod

2079 2481 2323 2550 longiore
2354 2488 2407 2533 et
2437 2482 2778 2535 accuratiore
2799 2480 3164 2537 declaratione
3182 2491 3353 2553 egeat.
3379 2483 3495 2537 Non
3527 2484 3654 2540 dis-

2080 2572 2267 2624 cedam
2304 2586 2332 2622 a
2384 2571 2691 2639 perSpicuis
2713 2611 2726 2635 ,
2758 2570 2934 2640 iisque
2972 2570 3026 2625 in
3059 2573 3262 2641 quibus
3298 2574 3447 2627 nulla
3479 2574 3654 2628 ambi-

2078 2663 2259 2731 guitas
2280 2661 2347 2717 de
2384 2662 2699 2733 signiﬁcatu
2731 2662 3099 2732 subjectionis
3131 2665 3359 2721 residet.
3402 2665 3523 2732 Quo
3551 2665 3651 2736 igi-

2080 2762 2170 2807 tur
2201 2768 2365 2808 sensu
2400 2752 2583 2818 docet,
2633 2753 2875 2824 Spiritus
2930 2756 3320 2824 substantiam,
3373 2756 3549 2812 Patris
3604 2770 3658 2816 et

2081 2844 2203 2897 Filii
2268 2846 2587 2900 substantiae
2622 2845 2925 2916 subjectam
2980 2850 3141 2904 esse?
3187 2848 3325 2903 Num
3381 2857 3439 2902 ut
3485 2846 3655 2904 Filius

2081 2936 2232 2990 Patri
2269 2938 2583 3005 subjicitur,
2605 2940 2882 3006 quomodo
2917 2942 3277 3010 subjectionis
3323 2943 3650 2996 vocabulum

2081 3038 2312 3099 usurpat
2356 3030 2686 3101 Apostolus?
2744 3029 3006 3102 Sequitur
3079 3048 3254 3105 ergo,
3312 3034 3493 3103 quoad
3552 3036 3657 3093 hoc

3237 3127 3457 3196 subjici,
3549 3130 3644 3184 sed

2083 3213 2326 3283 ejusdem
2359 3215 2542 3283 potius
2594 3229 2718 3269 cum
2778 3218 2872 3271 illo
2917 3217 3129 3274 ordinis
3180 3232 3324 3283 esse,
3382 3220 3654 3288 siquidem

2083 3306 2203 3361 duae
2231 3321 2477 3376 personae
2506 3314 2655 3373 sunt,
2687 3322 2807 3376 quae
2835 3307 3221 3377 subjiciuntur.
3275 3310 3357 3362 An
3399 3325 3510 3365 non
3539 3310 3645 3366 hoc

2082 3400 2429 3466 sensu?Quo
2473 3400 2636 3471 igitur
2668 3401 2806 3455 alio?
2859 3400 2997 3456 Num
3026 3409 3085 3456 ut
3130 3401 3381 3456 rationali
3438 3412 3650 3458 natura:

2084 3492 2316 3545 rationis
2357 3500 2636 3559 expertem
2692 3491 2896 3559 subjici
2939 3507 3003 3546 ex
3062 3492 3272 3561 psalmo
3324 3491 3657 3547 didicimus?

2083 3581 2251 3652 Igitur
2283 3590 2495 3635 tantum
2531 3580 2729 3647 dillert,
2775 3590 3042 3651 quantum
3075 3582 3349 3652 subjectio
3373 3583 3655 3640 brutorum

2087 3679 2338 3742 respectu
2360 3670 2621 3725 hominis.
2656 3670 2760 3725 Sed
2797 3670 2937 3725 forte
2965 3671 3107 3748 hanc
3137 3686 3354 3741 quoque
3380 3673 3656 3728 notionem

400 3772 623 3825 abnuet?
654 3767 735 3822 Ad
764 3769 1030 3838 reliquam
1086 3782 1216 3836 ergo
1248 3767 1429 3820 veniat
1457 3760 1694 3835 oportet,
1753 3773 1813 3819 ut
1856 3766 2066 3822 scilicet
2091 3767 2165 3820 ita
2198 3763 2397 3833 subjici
2465 3763 2635 3825 dicat,
2708 3778 2819 3832 quo
2883 3770 3047 3833 pacto
3115 3766 3191 3830 is,
3242 3766 3335 3835 qui
3389 3770 3651 3831 repugnat

399 3875 450 3920 et
479 3867 798 3927 reluctatur,
834 3862 1031 3931 subjici
1067 3863 1205 3916 solet
1248 3872 1396 3923 tunc,
1436 3876 1560 3914 cum
1595 3876 1621 3912 a
1662 3862 1970 3929 potentiore
2007 3868 2232 3916 coactus
2263 3873 2385 3914 sese
2421 3858 2718 3921 submittit,
2776 3858 3063 3929 victusque
3092 3875 3288 3917 manus
3324 3862 3548 3932 prtebct.

482 3956 849 4023 Ἐπιλεξάσθω
880 3956 988 4010 τῶν
1024 3953 1327 4026 είρημένων
1361 3952 1389 4005 ὃ
1422 3950 1666 4021 βούλεται
1692 3968 1703 3981 ·
1741 3951 1852 4003 ἀλλ’
1878 3952 1979 4006 οὐκ

398 4047 511 4104 οἶδα
532 4051 585 4104 τί
605 4050 808 4104 τούτων
843 4049 1114 4118 ἐλόμενος,
1144 4046 1240 4116 τὴν
1268 4046 1505 4115 ἄφυκτον
1530 4045 1853 4115 κατάκρισιν
1878 4044 1977 4115 τῆς

401 4139 742 4210 βλασφημίας
789 4137 1139 4207 ἐκφεύξεται·
1194 4136 1305 4189 εἴτε
1359 4136 1416 4187 ὲν
1463 4133 1561 4203 ἴσῳ
1608 4136 1719 4196 τοῖς
1762 4134 1978 4201 ἀλόγοις

2153 3952 2329 4021 Eligat
2382 3966 2447 4003 ex
2501 3950 2697 4014 dictis,
2745 3950 3011 4020 quidquid
3050 3953 3321 4014 voluerit,
3371 3970 3477 4007 non
3521 3954 3656 4007 satis

2080 4044 2335 4115 dispicio,
2376 4057 2621 4112 quonam
2661 4056 2851 4095 eorum
2880 4044 3077 4103 electo,
3116 4043 3486 4097 inevitabilem
3523 4059 3655 4113 pro-

2085 4139 2208 4193 latae
2252 4135 2603 4207 blasphemia:
2706 4147 2875 4187 causa
2938 4133 3351 4189 damnationem
3420 4133 3656 4205 effugere

400 4230 761 4301 ὑποτετάχθαι
784 4230 929 4298 λέγει
950 4229 1023 4298 ,τὸ
1054 4226 1298 4297 Πνεῦμα,
1334 4226 1409 4289 ὼς
1439 4225 1517 4296 τῷ
1555 4224 1826 4297 ἀνθρώπῳ
1851 4227 1977 4289 τοὺς

2079 4232 2257 4292 queat,
2292 4224 2407 4280 sive
2442 4225 2589 4280 dicat
2619 4224 2885 4294 Spiritum
2918 4226 3114 4294 subjici
3152 4226 3217 4279 ad
3253 4226 3498 4289 modum,
3547 4241 3655 4297 quo

402 4321 607 4391 ἰχθύας,
638 4322 732 4373 καὶ
762 4318 831 4371 τὰ
866 4317 1105 4377 πετεινά,
1142 4317 1235 4369 καὶ
1282 4316 1350 4368 τὰ
1384 4314 1629 4384 πρόϐατα
1655 4333 1667 4347 ·
1705 4313 1812 4367 εἴτε
1853 4313 1976 4367 καθ’

398 4411 687 4481 ὁμοιότητα
715 4411 823 4463 τῶν
856 4406 1182 4476 ἀφεστώτων
1212 4405 1398 4476 ὥσπερ
1429 4406 1770 4475 αἰχμάλωτον
1808 4422 1975 4474 προσ-

399 4503 520 4569 άγοι
548 4500 624 4571 τῷ
657 4498 1063 4552 πλεονεκτοῦντι
1097 4496 1237 4549 κατά
1261 4496 1357 4566 τὴν
1381 4496 1627 4565 δύναμιν.
1661 4496 1732 4548 Ἢ
1769 4496 1975 4549 τούτων

2086 4316 2458 4385 subjiciuntur
2490 4317 2649 4370 bruta
2685 4315 2986 4369 animantia
3021 4316 3251 4380 homini,
3283 4317 3463 4385 pisces
3493 4318 3658 4372 nimi-

2084 4423 2228 4474 rum,
2261 4410 2516 4462 volucres
2543 4416 2597 4462 et
2624 4422 2774 4469 oves,
2809 4407 2922 4460 sive
2948 4407 3014 4460 ad
3049 4407 3265 4460 modum
3293 4422 3506 4473 eorum,
3558 4410 3653 4479 qut

2084 4501 2153 4555 ab
2183 4499 2415 4570 imperio
2437 4498 2779 4561 defecerunt,
2808 4500 2956 4562 eum,
2989 4498 3139 4551 velut
3166 4498 3463 4569 captivum,
3490 4501 3658 4555 addu-

402 4592 494 4647 ιιὲν
527 4569 697 4650 οὐδὲν,
734 4590 867 4659 φησὶ
898 4589 955 4640 δὲ
990 4587 1065 4657 μὴ
1092 4586 1233 4639 κατὰ
1266 4586 1363 4657 τὴν
1395 4587 1492 4658 τῆς
1522 4587 1745 4658 Γραφῆς
1768 4586 1975 4640 ἔννοιαν

2082 4590 2221 4643 xerit
2264 4590 2330 4643 ad
2360 4589 2481 4658 ejus
2516 4590 2716 4645 solium
2739 4629 2752 4652 ,
2786 4591 2879 4659 qui
2913 4590 3121 4645 viribus
3152 4600 3207 4644 et
3241 4591 3409 4646 armis
3452 4608 3659 4661 prieva-

398 4686 471 4757 τῷ
518 4687 617 4757 τῆς
671 4684 952 4752 ὑποταγῆς
1002 4684 1206 4753 ῥήματι
1257 4682 1601 4753 χρήσασθαι,
1658 4682 1795 4736 ἀλλὰ
1856 4685 1976 4737 καθ’

398 4780 576 4850 ἕτερον
650 4777 1045 4847 σημαινόμενον
1099 4774 1458 4843 ὑποτετάχθαι
1506 4774 1567 4826 τὸ
1618 4773 1841 4845 Πνεῦμα
1904 4776 1980 4849 τῷ

399 4872 568 4941 Πατρὶ
600 4870 695 4922 καὶ
740 4868 816 4939 τῷ
852 4866 965 4937 Υίῷ
1005 4866 1201 4934 λέγειν.
1241 4866 1304 4918 Τί
1337 4861 1427 4919 οῦν
1464 4868 1578 4919 ἐστι
1607 4865 1794 4929 τοῦτο;
1834 4861 1981 4935 τΛραὶ

397 4964 472 5012 ὅτι
505 4961 683 5032 τρίτον
712 4959 854 5012 κατά
892 4960 991 5027 τὴν
1024 4956 1177 5022 τάξιν
1211 4956 1276 5025 ἢν
1310 4956 1457 5024 παρά
1490 4955 1580 5009 τοῦ
1614 4956 1819 5027 Κυρίου
1865 4959 1980 5021 τοῖς

401 5052 661 5122 μαθηταῖς
687 5049 977 5119 παρεδόθη,
1010 5048 1095 5101 διὰ
1125 5048 1283 5100 τοῦτο
1317 5048 1640 5101 ὑποτάσσειν
1672 5048 1970 5118 νομοθετεῖ,

397 5145 485 5197 καὶ
518 5144 575 5196 οὑ
614 5143 964 5204 apvt-issem;
998 5140 1188 5192 οὐκοῦν
1220 5140 1313 5191 καὶ
1362 5138 1449 5191 τὸν
1479 5140 1697 5209 Πατέρα
1742 5139 1816 5207 τῷ
1855 5139 1971 5191 Μο-

395 5236 602 5301 νογενεῖ
648 5235 786 5286 κατὰ
838 5234 926 5284 τὸν
956 5233 1117 5285 αὑτὸν
1155 5232 1310 5298 λόγον
1346 5228 1731 5283 ὑποτασσέτω·
1786 5229 1974 5301 ἐπειδὴ

394 5323 661 5393 πολλαχοῦ
704 5321 1018 5393 προτάξασα
1061 5320 1153 5373 τοῦ
1202 5321 1408 5390 Κυρίου
1460 5319 1520 5370 τὸ
1566 5319 1736 5388 ὄνομα
1778 5320 1810 5390 ἡ
1857 5318 1976 5372 θεία

395 5415 603 5485 Γραφὴ,
638 5415 694 5466 ὲν
727 5414 997 5484 δευτέροις
1030 5412 1121 5465 τοῦ
1156 5412 1248 5464 ἐπὶ
1275 5412 1490 5465 πάντων
1533 5411 1665 5464 Θεοῦ
1703 5411 1800 5481 τὴν
1842 5414 1974 5482 μνή-

395 5523 501 5577 μην
525 5506 838 5576 πεποίηται.
879 5506 1025 5575 Ἐγὼ
1055 5504 1152 5557 καί
1182 5507 1212 5558 ὀ
1234 5504 1455 5572 Πατὴρ,
1488 5505 1649 5576 φησιν
1680 5506 1707 5556 ὀ
1734 5503 1935 5575 Κύριος
1956 5521 1971 5535 ·

390 5599 449 5653 τὺ
485 5598 603 5652 καθ’
633 5598 823 5651 ἑαυτὸν
844 5597 1184 5667 προτάσσων.
1215 5594 1339 5659 Καὶ,
1355 5596 1415 5651 Ἠ
1431 5594 1603 5664 χάρις
1623 5593 1731 5649 τοῦ
1751 5595 1973 5663 Κυρίου

496 5760 543 5792 ³⁵
576 5757 712 5814 Gen.
741 5775 779 5821 ι,

2079 4681 2197 4735 lens
2221 4680 2507 4734 victoriam
2538 4680 2782 4734 obtinuit
2812 4722 2822 4733 .
2851 4681 2921 4734 At
2950 4681 3083 4735 nihil
3117 4682 3312 4736 horum
3345 4684 3654 4751 aliirmabit,

2078 4772 2171 4825 sed
2210 4772 2561 4841 respondebit
2615 4772 2797 4840 potius
2837 4788 2895 4826 se
2954 4772 3317 4841 sulijectionis
3365 4776 3659 4832 vocabulo.

2078 4880 2186 4917 non
2225 4880 2289 4917 ex
2330 4862 2629 4933 Scripturze
2670 4866 2994 4934 przcscripto
3039 4874 3092 4919 ct
3144 4867 3451 4934 signiﬁcato
3494 4881 3662 4924 usum

2077 4969 2229 5021 esse;
2265 4954 2360 5010 sed
2400 4956 2504 5009 alia
2542 4957 2779 5025 quadam
2822 4959 3045 5012 notione
3089 4956 3356 5028 Spiritum
3404 4946 3655 5015 sanctum

2074 5048 2380 5115 subjectum
2428 5062 2551 5101 esse
2587 5046 2736 5100 Patri
2777 5057 2829 5102 ct
2859 5046 3016 5102 Filio.
3052 5049 3182 5114 Quae
3228 5052 3395 5121 igitur
3427 5052 3539 5104 hrec
3574 5058 3657 5102 est

2073 5138 2262 5191 notio?
2291 5136 2368 5189 An
2407 5136 2533 5205 quia
2562 5139 2726 5191 tertio
2748 5139 2869 5193 loco
2902 5138 2956 5192 in
2983 5142 3175 5194 ordine
3196 5142 3506 5201 verborum,
3540 5153 3658 5207 quae

2074 5229 2331 5298 discipuli
2382 5244 2409 5283 a
2445 5228 2679 5284 Domino
2714 5239 3053 5301 acceperunt
3094 5234 3161 5296 ’⁸,
3205 5233 3509 5284 collocatus
3550 5236 3660 5291 est,

2077 5323 2146 5375 ob
2174 5322 2235 5375 id
2270 5321 2428 5375 docet
2463 5337 2587 5375 cum
2630 5322 2854 5391 subjici,
2887 5332 2941 5377 et
2973 5339 3082 5377 non
3112 5321 3355 5389 ejusdem
3391 5332 3513 5370 cum
3548 5317 3656 5371 illis

2079 5427 2203 5465 esse
2233 5412 2485 5466 ordinis?
2521 5411 2720 5466 Eadem
2767 5414 2987 5465 ratione
3020 5414 3239 5464 Patrem
3276 5423 3496 5480 quoque
3530 5410 3650 5463 uni—

2077 5505 2260 5574 genito
2292 5503 2428 5558 Filio
2469 5504 2748 5573 subjiciat,
2793 5520 2914 5559 cum
2946 5503 3231 5571 Scriptura
3268 5516 3410 5569 saepe
3436 5500 3649 5557 Domini

2081 5596 2301 5652 nomine
2328 5598 2479 5667 prius
2511 5598 2709 5667 posito,
2751 5592 2994 5650 secundo
3034 5592 3251 5646 demum
3274 5593 3393 5648 loco
3415 5592 3532 5662 Dei,
3559 5595 3652 5665 qui

999 5757 1044 5791 ”
1068 5755 1211 5813 Psal.
1244 5769 1362 5822 vui,
1394 5755 1446 5810 8.
1526 5756 1567 5789 "‘
1595 5754 1738 5811 Psal.
1775 5771 1917 5820 XLVI,
1952 5756 1985 5809 4
2022 5771 2139 5825 sqq.
2188 5756 2228 5786 ’⁷
2271 5756 2288 5807 1
2321 5754 2446 5809 Cor.
2520 5768 2607 5817 xv,
2648 5750 2740 5804 24.
2822 5750 2865 5782 ’⁸
2899 5747 3087 5805 Matth.
3129 5762 3323 5841 xxvut,
3356 5748 3434 5803 l9.
