4046 6156
383 274 481 336 3H

1577 272 1637 328 S.
1666 269 1993 329 GREGORI]
2025 269 2314 330 NYSSEM

3510 264 3615 322 312

380 400 465 449 est
496 406 659 462 super
688 388 868 447 omnia
891 430 907 454 ,
937 400 1265 445 mentionem
1307 389 1488 445 faciat.
1536 390 1646 461 Ego
1676 400 1725 444 et
1765 390 1929 458 Pater1

2047 387 2215 458 ἡμῶν
2258 386 2457 456 Ἰησοῦ
2502 386 2758 456 Χριστοῦ
2810 386 2908 441 καὶ
2960 385 3001 455 ἠ
3035 384 3235 456 ἀγάπη
3289 384 3394 439 τοῦ
3431 384 3594 438 Θεοῦ·

381 487 558 554 inquit
604 483 864 537 Dominus
887 485 953 547 '9,
991 483 1282 552 praaposito
1318 483 1505 551 utique
1552 498 1651 537 suo
1701 482 1942 537 nomine.

382 575 448 628 Et
484 592 496 625 :
534 573 722 628 Gratia
750 573 961 627 Domini
991 575 1162 628 nostri
1212 574 1345 627 Jesu
1378 573 1601 639 Christi,
1632 584 1681 628 et
1712 574 1944 628 charitas

380 664 477 716 Dei
494 662 538 695 ⁸ο
563 679 575 714 :
611 671 663 715 et
693 662 902 716 inﬁnita
930 663 1058 717 talia
1080 671 1372 718 occurrent
1413 661 1708 733 Scripturae
1737 663 1946 719 studio-

378 755 479 819 sis,
505 754 596 822 qui
624 755 752 808 talia
772 755 1089 809 testimonia
1112 754 1371 824 colligere
1399 755 1599 809 volent.
1622 752 1944 823 Cujusmodi

378 854 459 899 est
493 854 546 898 et
588 845 718 897 illud
758 864 768 897 :
801 844 1095 899 Diuisione:
1126 847 1419 915 gratiarum
1453 855 1612 909 sunt,
1648 845 1784 899 idem
1825 862 1942 899 vero

376 930 996 1001 Spiritus;etdivisiones
1031 936 1445 991 ministeriorum
1469 946 1625 1001 sunt,
1656 937 1791 991 idem
1824 952 1943 991 vero

377 1025 690 1091 Dommus;
739 1036 789 1082 et
838 1027 1119 1093 divisiones
1177 1030 1538 1097 operationum
1588 1039 1742 1097 sunt,
1803 1029 1939 1084 idem

371 1130 491 1168 vero
526 1116 662 1170 Deus
685 1117 751 1172 ".
779 1115 964 1187 Itaque
993 1116 1295 1173 secundum
1321 1118 1481 1172 istam
1518 1119 1783 1175 rationem
1812 1120 1942 1175 sub-

368 1206 546 1274 jectus
573 1218 657 1262 est
687 1206 826 1262 Filio
856 1217 910 1263 et
944 1208 1170 1278 Spiritui
1204 1217 1397 1262 sancto
1425 1210 1542 1279 ipse
1564 1226 1729 1281 super
1754 1210 1939 1265 omnia

372 1295 537 1360 Deus,
574 1300 732 1353 tertio
759 1301 877 1353 loco
900 1315 929 1353 a
965 1299 1132 1354 Paulo
1166 1301 1496 1357 recensitus.
1532 1301 1637 1356 Sed
1672 1302 1938 1358 hactenus

370 1388 642 1455 ejusmodi
679 1390 1082 1461 philosophiam
1114 1407 1394 1461 nunquam
1439 1392 1751 1448 audivimus
1772 1433 1787 1457 ,
1818 1408 1939 1463 quae

371 1481 672 1535 secundum
703 1489 758 1535 et
785 1484 1024 1549 tertium,
1052 1499 1117 1540 ex
1141 1485 1537 1540 consecutione
1565 1485 1804 1555 quadam
1842 1501 1939 1555 po-

371 1572 534 1625 sitnm
554 1580 609 1626 et
634 1574 1044 1641 pronuntiatum
1079 1576 1336 1644 conjiciat
1364 1576 1417 1631 in
1454 1577 1701 1633 ordinem
1723 1592 1934 1644 eorum,

369 1676 492 1729 qua:
532 1662 687 1717 alteri
725 1673 855 1718 sunt
888 1665 1136 1735 subjecta
1169 1674 1222 1722 et
1256 1667 1513 1733 obnoxia,
1542 1676 1596 1725 et
1622 1677 1802 1726 tamen
1833 1670 1937 1727 iste

367 1755 840 1810 enumerationem
866 1764 1251 1826 personarum,
1281 1774 1348 1813 ex
1386 1758 1531 1813 serie
1569 1766 1624 1815 et
1664 1774 1933 1815 consecu-

368 1844 518 1898 tione
547 1845 808 1914 quadam,
849 1849 1135 1903 contendit
1162 1865 1285 1905 esse
1312 1857 1637 1906 naturarum
1670 1854 1932 1921 majorem

365 1940 420 1985 et
456 1934 718 1989 minorem
749 1938 1147 2005 praestantiam.
1186 1938 1410 1995 Ordinis
1440 1940 1584 1995 enim
1614 1941 1811 1996 seriem
1844 1940 1939 1997 do-

366 2030 452 2075 cet
478 2037 601 2077 esse
626 2031 1005 2093 argumentum
1029 2026 1362 2082 diversitatis
1380 2037 1722 2094 naturarum,
1748 2031 1935 2085 nescio

366 2126 397 2163 a
448 2126 557 2180 quo
601 2114 655 2166 in
710 2113 826 2167 haec
873 2115 1054 2169 inania
1100 2117 1359 2185 ﬁgmenta
1404 2118 1692 2185 inductus,
1731 2127 1784 2175 et
1827 2137 1934 2191 qua

365 2202 527 2254 etiam
575 2205 907 2259 necessitate
948 2207 1272 2276 compulsus
1320 2209 1375 2262 in
1420 2209 1563 2263 hanc
1607 2212 1933 2266 sententiam

364 2292 741 2363 descenderit;
780 2312 907 2351 nam
943 2298 1083 2353 ordo
1122 2302 1339 2355 numeri
1366 2317 1473 2356 non
1506 2300 1668 2358 elIicit
1710 2311 1934 2360 natura-

365 2398 488 2437 rum
514 2385 914 2443 diversitatem.
948 2387 1055 2444 Sed
1078 2405 1168 2445 res
1201 2400 1500 2448 numerata:
1534 2408 1686 2449 suam
1714 2397 1933 2466 quidem

365 2483 621 2533 naturam
674 2478 1003 2534 invariatam
1064 2481 1349 2549 retinent,
1391 2483 1507 2539 sive
1554 2496 1929 2555 numerentur,

363 2567 479 2623 sive
503 2582 637 2622 non.
664 2567 938 2626 Numerus
981 2578 1165 2626 autem
1200 2573 1416 2643 signum
1450 2583 1564 2639 est,
1602 2592 1709 2646 quo
1747 2595 1929 2635 rerum

361 2658 641 2724 quantitas
674 2657 972 2714 innotescit
998 2678 1012 2727 ;
1049 2677 1230 2730 neque
1267 2679 1351 2727 ea.
1382 2680 1503 2735 quae
1535 2666 1807 2725 inferioris
1835 2686 1932 2726 na-

363 2754 499 2801 turae
523 2757 670 2814 sunt,
705 2750 758 2803 in
790 2750 1086 2805 secundam
1120 2756 1277 2823 quasi
1306 2756 1538 2812 classem
1563 2762 1811 2828 reponit;
1834 2763 1930 2818 sed

359 2834 595 2889 arbitrio
626 2852 836 2903 eorum,
874 2840 967 2908 qui
1001 2852 1315 2909 numerant,
1346 2860 1435 2901 res
1459 2862 1690 2903 numero
1717 2851 1928 2921 signiﬁ-

360 2936 538 2991 catas,
569 2927 858 2984 immutata
885 2932 1120 3002 quadam
1153 2935 1293 2990 serie
1331 2937 1578 3007 disponit
1609 2950 1662 2995 et
1690 2943 1926 3000 ordinat.

2049 482 2143 535 καὶ
2181 481 2346 552 μυρία
2373 478 2601 533 τοιαῦτα
2641 481 2753 543 τοῖς
2798 478 3105 548 φιλοπόνοις
3146 474 3475 546 ἀναζητοῦσι
3518 477 3616 540 τὰς

2046 572 2111 625 ὲκ
2144 570 2254 624 τῶν
2298 570 2530 641 Γραφῶν
2576 569 2876 641 μαρτυρίας
2927 568 3189 640 πάρεστιν
3235 567 3616 633 ἀναλέξασθαι,

2046 656 2155 715 οἷον
2191 662 2364 716 ὲκεῖνό
2404 664 2549 713 ἑστιν
2570 678 2583 692 °
2616 659 2939 728 Διαιρέσεις
2969 658 3039 711 δὲ
3069 657 3454 728 χαρισμάτων
3472 657 3617 723 εισι,

2044 750 2110 802 τὸ
2149 747 2217 801 δὲ
2247 750 2390 802 αὐτὸ
2420 748 2678 817 Πνεῦμω
2713 746 2810 802 καὶ
2840 745 3159 816 διαιρέσεις
3183 746 3501 800 διακονιῶν
3530 749 3616 800 ει-

2047 855 2151 893 σιν
2170 880 2186 906 ,
2216 841 2249 893 ό
2281 838 2349 892 δὲ
2379 840 2561 907 αὐτὸς
2597 842 2813 907 Κύριος
2832 856 2845 869 ·
2894 840 2989 893 καὶ
3031 838 3349 908 διαιρέσεις
3377 840 3618 908 ἐνεργη-

2039 929 2245 999 μάτων
2281 927 2455 993 εἰσιν,
2483 931 2516 984 ό
2544 928 2613 982 δὲ
2638 929 2822 995 αὐτὸς
2859 929 3003 996 Θεός
3022 945 3035 960 ·
3066 928 3207 982 ὥστε
3233 930 3371 982 κατά
3401 929 3491 983 τὸν
3528 929 3619 981 λό-

2043 1035 2138 1088 γον
2176 1017 2363 1072 τοῦτον
2396 1019 2745 1090 ὑποτετάχθω
2769 1020 2847 1091 τῷ
2880 1019 3013 1090 Υίῷ,
3049 1021 3145 1075 καὶ
3175 1020 3253 1092 τῷ
3282 1020 3559 1091 Πνεύματι
3586 1023 3617 1075 6

2047 1110 2140 1162 ἐπὶ
2174 1109 2387 1163 πάντων
2422 1110 2572 1176 Θεὸς,
2607 1112 2665 1164 ἑν
2695 1111 2852 1184 τρίτῃ
2884 1112 3035 1176 τάξει
3076 1112 3226 1183 παρά
3268 1111 3359 1165 τοῦ
3398 1112 3615 1166 Παύλου

2046 1198 2457 1270 μνημονευθείς.
2505 1200 2643 1253 Ἀλλ’
2668 1200 2878 1254 οὐδέπω
2909 1203 3003 1254 καὶ
3027 1201 3121 1255 νῦν
3143 1201 3343 1272 ταύτης
3369 1202 3614 1273 ἀκηκόα-

2046 1305 2144 1358 μεν
2186 1292 2283 1359 τῆς
2311 1289 2533 1358 σοφίας·
2574 1290 2610 1361 ἦ
2656 1290 2716 1344 τὸ
2744 1290 2993 1361 δεύτερον
3022 1291 3117 1345 καὶ
3155 1292 3337 1362 τρίτον
3378 1291 3442 1345 έκ
3467 1308 3616 1356 τινος

2041 1377 2357 1443 ἀκολουθίας
2398 1378 2708 1450 λεγόμενον,
2753 1381 2834 1444 είς
2869 1381 2968 1451 τὴν
3004 1380 3113 1434 τῶν
3155 1381 3481 1451 ὑποχειρίων
3516 1383 3615 1435 καὶ

2042 1470 2489 1541 ὑποτεταγμένων
2530 1471 2827 1525 ἀπωθεῖται
2870 1471 3043 1537 τάξιν.
3081 1472 3258 1541 Ὅπερ
3294 1465 3450 1535 οὗτος
3480 1471 3611 1541 βού⁶

1968 1576 1969 1579 ‘
2038 1559 2189 1613 λεται
2221 1561 2319 1629 τὴν
2363 1560 2463 1630 τῆς
2506 1560 2853 1632 παραδόσεως
2890 1561 2999 1616 τῶν
3040 1560 3346 1632 προσώπων
3377 1562 3607 1616 ἀκολου-

2040 1652 2181 1716 θίαν,
2232 1652 2577 1722 ἀξιωμάτων,
2630 1652 2724 1707 καὶ
2778 1652 3025 1723 φύσεων,
3075 1652 3348 1723 ὑπεροχάς
3401 1670 3460 1707 τε
3512 1654 3611 1709 καὶ

1966 1727 2008 1783 Β
2037 1742 2357 1807 ἐλαττώσεις
2415 1744 2833 1809 κατασκευάζων
2887 1744 3270 1800 ἐνδείκνυσθαι.
3331 1744 3442 1816 Τῆς
3494 1746 3610 1819 γὰρ

2034 1832 2144 1886 τῶν
2195 1832 2406 1903 φύσεων
2454 1834 2768 1904 ἑτερότητος
2817 1832 3150 1905 ὲνδεικτικὴν
3195 1829 3335 1888 εἶναι
3377 1835 3474 1907 τὴν
3504 1836 3609 1909 τῆς

2034 1924 2236 1990 τάξεως
2261 1923 2582 1979 ἀκολουθίαν
2626 1924 2886 1994 ὁρίζεται,
2917 1926 3018 1978 οὑκ
3058 1921 3175 1979 οἶδα
3214 1925 3376 1980 πόθεν
3402 1944 3606 1996 φαντα-

2037 2015 2182 2078 σθεὶς
2221 2015 2291 2068 τὰ
2321 2015 2577 2084 τοιαῦτα,
2627 2016 2722 2069 καὶ
2759 2017 2823 2071 ἑκ
2875 2016 3033 2080 ποίας
3075 2017 3319 2088 ἀνάγκης
3370 2018 3464 2071 ἐπὶ
3506 2018 3608 2090 τὴν

2036 2106 2287 2160 ὑπόνοιαν
2326 2107 2530 2178 ταύτην
2577 2107 2920 2163 καταπεσών.
2974 2109 3048 2162 Οὑ
3091 2108 3200 2181 γὰρ
3252 2112 3287 2180 ή
3336 2110 3476 2162 κατὰ.
3511 2110 3606 2164 τὸν

2034 2196 2263 2268 ἀριθμὸν
2297 2196 2448 2263 τάξις
2480 2196 2579 2268 τὴν
2602 2196 2709 2249 τῶν
2740 2195 2953 2267 φύσεων
2975 2197 3237 2269 διαφορὰν
3267 2198 3603 2271 κατεργάζεο

2032 2303 2153 2340 ται·
2196 2285 2334 2340 ἀλλὰ
2361 2285 2429 2338 τὰ
2465 2285 2563 2357 μὲν
2609 2287 3002 2358 ἀριθμούμενα,
3042 2288 3117 2353 ὡς
3150 2290 3217 2342 ἂν
3256 2288 3353 2360 ἔχῃ
3387 2289 3605 2359 φύσεως

2034 2378 2118 2446 ἐφ’
2153 2377 2356 2430 ἑαυτῶν
2395 2378 2576 2447 μένει·
2630 2377 2731 2431 κᾶν
2783 2378 3114 2449 ἀριθμῆται,
3160 2379 3262 2433 κᾶν
3298 2381 3410 2451 μή*
3462 2384 3491 2436 6
3540 2382 3598 2435 δὲ

2033 2466 2260 2538 ἀριθμὸς
2293 2468 2516 2538 σημεῖόν
2553 2470 2667 2521 ἑστι
2694 2469 3046 2539 γνωριστικὺν
3073 2469 3172 2540 τῆς
3200 2469 3306 2523 τῶν
3344 2472 3605 2543 πραγμά-

2030 2577 2138 2614 των
2181 2560 2505 2630 ποσότητος·
2550 2561 2610 2613 οὑ
2657 2561 2871 2624 πάντως
2921 2562 3019 2615 ὅσα
3063 2561 3143 2631 τῷ
3185 2562 3457 2633 ἀξιώματι
3502 2564 3605 2635 τῆς

2031 2653 2244 2721 φύσεως
2294 2652 2631 2723 ὑποϐέϐηκεν
2668 2655 2747 2716 είς
2790 2653 3046 2725 δευτέραν
3086 2653 3242 2719 τάξιν
3274 2656 3605 2725 ἀποπεμπό-

2032 2762 2191 2816 μενος
2214 2784 2230 2809 ,
2268 2744 2401 2797 ἀλλὰ
2449 2745 2585 2815 πρὸς
2626 2745 2685 2799 τὺ
2726 2745 2974 2816 βούλημα
3002 2746 3110 2800 τῶν
3140 2746 3600 2818 ἐξαριθμούντων,

2028 2837 2125 2905 τὴν
2177 2836 2284 2890 τῶν
2352 2837 2761 2907 σημαινομένων
2817 2836 2911 2890 τοῦ
2970 2836 3204 2909 ἀριθμοῦ
3259 2837 3603 2909 πραγμάτων

2027 2925 2345 2981 ἀκολουθίαν
2410 2925 2760 2997 ποιούμενος’
2812 2929 3051 2995 Παῦλος
3108 2928 3207 2982 καὶ
3270 2928 3603 2995 Σιλουανὸς

359 3012 566 3072 Paulus
599 3027 649 3072 et
678 3018 937 3090 Sylvanus
963 3032 1012 3077 et
1048 3022 1350 3080 Timotheus
1375 3026 1441 3082 ³⁸.
1470 3028 1605 3083 Cum
1638 3030 1799 3084 trium
1830 3032 1927 3087 ho-

2027 3017 2126 3069 καί
2158 3019 2459 3087 Τιμόθεος·
2492 3018 2655 3087 τριῶν
2692 3018 2995 3089 προσώπων
3029 3018 3265 3073 ἐνταῦθα
3296 3035 3604 3090 μνημονευο

358 3109 564 3163 minum
596 3110 708 3175 hic,
741 3114 933 3168 ordine
958 3115 1218 3184 quodam,
1245 3117 1513 3174 arbitratu
1543 3119 1683 3189 ejus,
1710 3122 1800 3191 qui
1823 3138 1926 3176 nu-

357 3201 586 3255 meravit
623 3202 955 3259 mentionem
987 3204 1199 3273 fecerit,
1245 3204 1652 3278 Sylvanumque
1682 3211 1927 3266 secundo

356 3288 475 3347 loco
497 3303 617 3363 post
646 3293 874 3350 Paulum
904 3299 1149 3366 posuerit
1174 3315 1186 3353 :
1224 3314 1353 3353 num
1383 3300 1530 3354 aliud
1564 3301 1717 3370 quid,
1737 3310 1790 3356 et
1817 3297 1926 3357 no'n

355 3378 651 3448 hominem,
700 3382 998 3452 Sylvanum
1041 3402 1164 3440 esse
1207 3386 1639 3441 demonstravit?
1681 3391 1748 3442 Et
1794 3406 1924 3444 num

354 3469 672 3527 Timotheus
702 3475 865 3529 tertio
901 3476 1092 3529 ordine
1119 3475 1441 3540 collocatus,
1477 3477 1701 3533 alterius
1735 3479 1922 3548 cujus-

354 3561 479 3614 dam
513 3572 722 3617 naturae
764 3566 870 3618 erit
903 3576 1129 3635 propter
1171 3566 1420 3621 ordinem
1467 3568 1729 3623 orationis
1779 3571 1919 3640 ejus,

353 3652 446 3719 qui
477 3660 587 3707 tres
615 3654 751 3709 istos
777 3657 1118 3711 nominavit?
1148 3656 1368 3712 Minime
1390 3672 1540 3712 vero.
1568 3660 1756 3724 Quivis
1775 3662 1921 3715 enim

355 3741 574 3794 illorum
620 3743 783 3796 homo
814 3753 918 3809 est,
960 3753 1013 3800 et
1048 3754 1177 3801 ante
1215 3755 1269 3803 et
1308 3754 1428 3818 post
1464 3750 1916 3805 numerationem.

352 3833 541 3885 Oratio
574 3845 755 3889 autem
787 3852 909 3890 cum
938 3838 1101 3894 unica
1132 3853 1267 3894 voce
1294 3848 1415 3895 tres
1434 3842 1596 3896 simul
1616 3843 1921 3913 signiﬁcare

353 3935 607 3993 nequeat,
647 3929 1080 3999 uniuscujusque
1103 3931 1344 3997 divisim,
1377 3933 1589 3998 ordine,
1620 3949 1727 4002 quo
1750 3935 1916 4001 lubet,

349 4017 680 4071 mentionem
718 4017 846 4072 facit
878 4038 891 4073 :
925 4022 1321 4090 conjungitque
1355 4022 1577 4076 nomina
1610 4024 1825 4093 copulis
1864 4034 1919 4080 et

346 4107 581 4162 nexibus
613 4108 939 4178 interjectis,
961 4121 1013 4166 et
1048 4111 1236 4175 trium,
1270 4117 1331 4164 ut
1363 4110 1624 4175 arbitror,
1658 4128 1779 4167 cum
1807 4130 1916 4170 uno

345 4213 675 4255 consensum
711 4212 764 4256 et
792 4204 1225 4259 convenientiam
1260 4203 1364 4258 hac
1394 4204 1673 4259 nominum
1693 4220 1916 4278 compo-

346 4289 544 4346 sitione
575 4294 837 4347 ostendit.

414 4380 614 4439 Verum
652 4385 767 4441 haec
807 4402 951 4441 novo
992 4385 1121 4443 huic
1163 4388 1400 4444 sectario
1446 4396 1501 4444 et
1541 4388 1750 4444 doctori
1801 4405 1910 4445 non
1942 4401 1986 4456 1)

348 4472 582 4541 placent.
640 4475 831 4545 Itaque
872 4478 1049 4533 ordini
1101 4486 1155 4533 et
1213 4480 1559 4549 dispositioni
1608 4479 1916 4535 divinorum

342 4566 693 4619 oraculorum
737 4568 963 4622 adversa
1007 4570 1208 4633 sancit,
1255 4586 1490 4641 eumque
1543 4571 1636 4641 qui
1687 4571 1753 4625 ab
1794 4571 1917 4641 ipso

342 4649 577 4708 Domino
620 4656 764 4709 Patri
797 4668 851 4711 et
882 4656 1018 4713 Filio
1052 4661 1383 4727 conjunctus
1421 4668 1526 4725 cst,
1559 4662 1742 4716 avellit
1766 4677 1796 4714 a
1817 4677 1917 4715 na-

342 4743 506 4795 turali
542 4752 595 4796 ct
634 4748 853 4815 propria
889 4750 1045 4817 quasi
1085 4750 1322 4805 statione
1364 4758 1417 4804 et
1457 4750 1650 4807 ordine
1673 4791 1687 4815 ,
1721 4752 1916 4807 rebus-

341 4849 450 4904 que
477 4835 743 4903 subjectis
784 4850 1141 4905 annumerat,
1176 4849 1230 4895 ct
1273 4842 1556 4895 amborum
1612 4859 1751 4913 opus
1792 4858 1916 4900 esse

341 4923 477 4979 dicit
513 4942 525 4976 :
561 4919 741 4981 Patris
768 4929 989 4995 quidem
1025 4939 1084 4983 ut
1128 4946 1353 4987 causam
1415 4932 1717 4989 cﬁcctionis
1765 4934 1914 4990 illius

339 5020 850 5090 subministrantis;
875 5026 1139 5096 unigeniti
1162 5044 1287 5084 vero
1317 5027 1462 5094 Filii,
1489 5039 1747 5102 tanquam
1770 5033 1911 5101 ejus,

338 5112 433 5183 qui
456 5111 663 5167 efﬁciat
692 5114 839 5169 illius
865 5116 1182 5184 liypostasin
1210 5131 1263 5175 et
1285 5122 1715 5187 subsistentiam,
1744 5124 1914 5177 hanc-

336 5219 444 5272 que
473 5218 699 5258 causam
743 5204 1101 5272 subjectionis
1143 5222 1262 5263 esse
1288 5212 1612 5275 conﬁrmat,
1646 5227 1769 5265 cum
1827 5219 1911 5265 ta~

340 5307 463 5348 men
504 5293 867 5364 sulijcctionis
916 5296 1283 5366 signiﬁcatum
1324 5300 1563 5354 nondum
1607 5302 1763 5357 nobis
1808 5316 1907 5356 cx-

342 5384 593 5449 planarit.

416 5466 615 5528 Deinde
657 5474 789 5528 dicit
841 5494 853 5531 :
896 5475 1295 5545 Comprehensis
1344 5477 1577 5532 videlicet
1636 5480 1705 5533 ad
1750 5481 1906 5534 totius

416 5619 635 5676 "Joan.
672 5642 725 5693 χ,
759 5628 846 5683 '50.
961 5629 1066 5683 "ll
1099 5631 1222 5685 Cor.
1258 5648 1375 5697 xm,
1426 5633 1506 5688 13.

2028 3108 2244 3182 θέντων,
2280 3108 2422 3161 κατά
2450 3107 2508 3161 τὸ
2533 3107 2624 3161 τοῦ
2656 3108 3124 3179 μνημονεύσαντος
3154 3108 3418 3181 βούλημα.
3452 3105 3600 3180 Ἀρα

2022 3199 2102 3262 τὸ,
2134 3198 2439 3263 Σιλουανὺν,
2463 3201 2519 3252 ἑν
2547 3198 2819 3269 δευτέροις
2846 3200 3112 3269 ταχθέντα
3143 3200 3280 3270 μετὰ
3318 3199 3411 3253 τὸν
3445 3200 3602 3255 Παῦ·

2021 3290 2131 3350 λον,
2154 3290 2281 3344 ἄλλο
2298 3307 2373 3352 τι,
2397 3290 2489 3343 καὶ
2516 3292 2635 3361 οὐχὶ
2659 3289 2940 3362 ἄνθρωπον
2964 3295 2992 3347 6
3011 3292 3241 3363 ἀριθμὸς
3263 3294 3595 3359 ἑνεδείξατο;

2021 3380 2055 3452 ἢ
2087 3382 2115 3433 6
2147 3380 2405 3450 Τιμόθεος
2434 3381 2491 3435 ἐν
2527 3383 2728 3452 τρίτοις
2751 3385 2988 3453 ταχθεὶς,
3031 3388 3111 3448 είς
3152 3385 3446 3457 ἑτερότητά
3475 3402 3599 3440 τινα

2027 3470 2239 3539 φύσεως
2266 3472 2331 3524 ὲκ
2358 3473 2454 3543 τῆς
2481 3473 2796 3537 ἀκολουθίας
2832 3475 2926 3528 τοῦ
2974 3476 3400 3547 μνημονεύοντος
3424 3476 3597 3541 οὕτως

2029 3563 2336 3633 ὑπενοήθη;
2384 3564 2496 3617 Οὐκ
2522 3564 2633 3618 ἐστι
2666 3566 2857 3620 ταῦτα.
2892 3568 3209 3638 Ἀνθρωπος
3257 3570 3366 3637 γὰρ
3393 3569 3599 3622 τούτων

2027 3654 2271 3719 ἕκαστος,
2300 3656 2391 3708 καὶ
2411 3656 2517 3727 πρὸ
2540 3655 2633 3709 τοῦ
2662 3657 2918 3728 ἀριθμοῦ,
2940 3660 3033 3712 καὶ
3062 3659 3203 3729 μετά
3244 3658 3431 3712 τοῦτο·
3478 3662 3507 3713 6
3539 3659 3599 3712 δὲ

2026 3744 2181 3815 λόγος
2220 3747 2403 3816 ἐπειδὴ
2444 3748 2542 3817 μιᾷ
2570 3750 2718 3818 φωνῇ
2755 3748 2876 3811 τοὺς
2909 3751 3055 3817 τρεῖς
3101 3749 3239 3803 κατά
3283 3750 3477 3803 ταυτὸν
3528 3744 3598 3821 ἦν

2026 3833 2281 3889 ἀδύνατον
2338 3836 2701 3901 ἐνδείξασθαι,
2766 3840 3035 3909 μέμνηται
3099 3840 3196 3910 μὲν
3252 3839 3598 3912 διῃρημένοις

2023 3927 2253 3981 ἑκάστου
2296 3928 2436 3982 κατὰ
2476 3930 2575 3999 τὴν
2620 3931 2894 4002 ἀρέσασαν
2920 3931 3091 3997 τάξιν,
3134 3933 3393 3985 συνάπτει
3430 3932 3488 3985 δὲ
3526 3933 3599 3985 τὰ

2022 4016 2257 4087 ὀνόματα
2282 4018 2369 4072 διὰ
2404 4020 2510 4074 τῶν
2540 4022 2626 4075 διὰ
2657 4023 2818 4092 μέσου
2845 4023 3173 4093 συνδέσμων,
3203 4023 3278 4086 ῶς
3304 4024 3391 4088 ἂν,
3416 4020 3595 4094 οἶμαι,

2022 4108 2120 4177 τὴν
2159 4108 2268 4161 τῶν
2296 4109 2459 4180 τριῶν
2506 4110 2640 4179 πρὸς
2672 4112 2731 4164 τὸ
2774 4113 2831 4163 ἓν
2878 4111 3182 4182 σύμπνοιαν
3224 4112 3315 4166 διὰ
3361 4110 3463 4181 τῆς
3485 4113 3596 4166 τῶν

2022 4198 2297 4268 ὀνομάτων
2328 4199 2618 4269 συναφείας
2653 4199 2971 4272 ἐνδείξηται.

2102 4380 2240 4432 Ἀλλ’
2277 4380 2377 4451 οὐχ
2413 4380 2584 4446 οὕτως
2622 4382 2850 4454 ἀρέσκει
2896 4384 2974 4454 τῷ
3020 4384 3189 4456 καινῷ
3230 4385 3590 4459 δογματιστῇ.

2032 4473 2453 4543 Ἀντινομοθετεῖ
2493 4474 2549 4528 δὲ
2581 4477 2646 4545 τῇ
2685 4476 2921 4541 διατάξει
2943 4480 3041 4548 τῆς
3067 4478 3217 4542 θείας
3241 4481 3424 4550 φωνῆς
3447 4494 3462 4509 °
3498 4479 3592 4533 καὶ

2015 4564 2077 4617 τό
2122 4566 2546 4635 συντεταγμένον
2581 4566 2671 4618 ὑπ’
2696 4567 2859 4620 αὑτοῦ
2903 4568 2996 4621 τοῦ
3036 4569 3238 4640 Κυρίου
3279 4570 3454 4641 llas-pi.
3496 4571 3591 4623 καὶ

2018 4654 2153 4725 Υίῷ,
2184 4655 2284 4724 τῆς
2319 4654 2524 4718 οἰκείας
2555 4655 2705 4725 αὑτῷ
2745 4658 2838 4710 καὶ
2874 4658 3013 4711 κατὰ
3056 4658 3215 4728 φύσιν
3251 4658 3458 4723 τάξεως
3493 4661 3590 4713 καὶ

2019 4746 2310 4815 συναφείας
2374 4746 2790 4817 ἀποσχοινίσας,
2843 4749 2899 4803 ὲν
2950 4750 3062 4811 τοῖς
3126 4750 3590 4819 ὑποτεταγμένοις

2015 4835 2314 4905 ἠρίθμησε,
2348 4836 2442 4888 καὶ
2474 4835 2631 4906 ἔργον
2666 4836 2940 4908 ἑκατέρων
2972 4833 3109 4891 εἷναί
3137 4856 3300 4909 φησι·
3345 4838 3439 4892 τοῦ
3487 4838 3591 4909 μὲν

2012 4925 2244 4995 Πατρδς,
2279 4926 2353 4988 ὡς
2394 4926 2493 4994 τὴν
2530 4926 2706 4980 αίτίαν
2737 4928 2835 4997 τῆς
2884 4929 3226 4997 κατασκευῆς
3258 4927 3592 4982 ὑποϐάλλονο

2009 5033 2133 5078 τος·
2178 5016 2271 5067 τοῦ
2309 5017 2365 5069 δὲ
2400 5018 2753 5085 Μονογενοῦς,
2801 5018 2875 5082 ὡς
2915 5019 3389 5090 ,αὑτουργήσαντος
3419 5019 3591 5073 αὑτοῦ

2010 5107 2109 5175 τὴν
2149 5107 2464 5173 ὑπόστασιν,
2500 5111 2592 5162 καὶ
2634 5110 2836 5180 ταύτην
2864 5110 3047 5163 αἰτίαν
3081 5106 3219 5164 εἶναι
3250 5112 3347 5179 τῆς
3378 5111 3590 5165 ὑποτα-

2011 5200 2115 5269 γῆς
2146 5199 2456 5271 διορίζεται,
2495 5202 2665 5272 αὐτῆς
2702 5203 2867 5273 μήπω
2893 5202 2991 5274 τῆς
3034 5202 3312 5274 ὑποταγῆς
3354 5204 3589 5258 exmia.

2012 5292 2121 5361 ψας
2149 5290 2210 5342 τὸ
2245 5292 2663 5363 σημαινόμενον.

2082 5379 2219 5437 Εἶτά
2243 5402 2373 5453 φησι
2403 5401 2416 5414 ·
2442 5383 3170 5454 Συμπεριλαμόανομένων
3212 5384 3450 5455 δηλαδὴ
3483 5387 3585 5441 καί

2012 5472 2130 5529 τῶν
2159 5473 2287 5540 ταῖς
2314 5476 2551 5541 οὐσίαις
2594 5474 2899 5544 ἑπομένων
2929 5475 3265 5547 ἐνεργειῶν,
3327 5476 3425 5529 καί
3464 5474 3587 5530 τῶν

1620 5632 1657 5663 ⁸³
1695 5631 1866 5686 lCor.
1898 5634 2043 5701 sint
2074 5647 2195 5701 sqq.
2264 5632 2307 5662 ³⁸
2347 5629 2573 5695 lThess.
2610 5647 2648 5693 ι.
2683 5632 2729 5685 1.
