4064 6146
318 264 424 321 513

1465 250 1747 309 CONTRA
1785 243 2171 308 EUNOMIUM,
2214 240 2342 298 LIB.
2383 242 2423 295 1.

3468 237 3576 293 δη

318 378 563 443 ταύταις
605 374 933 444 προσφυῶν
977 371 1301 443 ὀνομάτων.
1373 370 1589 424 Τούτων
1624 370 1680 421 δέ
1717 369 1745 420 ὁ
1776 365 1900 428 νοῦς

2011 362 2258 418 orationis
2304 357 2734 426 complementum
2786 356 2948 410 etiam
2993 352 3419 422 operationibus,
3463 370 3578 424 qua:

323 474 437 526 ἐστι
475 467 573 538 μέν
618 466 679 519 οὐ
723 465 842 519 λίαν
876 464 1225 527 εὐσύνοπτος,
1256 460 1435 535 πολλῷ
1466 461 1543 531 τῷ
1583 459 1765 529 γνόφῳ
1804 458 1906 527 τῆς

322 557 580 621 ἀσεϐείας
610 555 1053 626 κεκαλυμμένος·
1087 554 1161 617 ὼς
1201 554 1245 606 δ’
1286 551 1358 606 ἄν
1394 567 1477 615 τις
1518 550 1743 612 εἰκάσας
1776 547 1933 627 (mox

322 651 560 720 νοήσειε,
657 646 898 709 τοιοῦτός
943 647 1106 699 ἐστιν·
1162 642 1468 716 Ἐνεργείας
1529 640 1725 695 οὐσιῶν
1783 638 1903 691 ὀνο-

327 740 487 811 μάζει
528 739 629 803 τάς
668 738 1107 803 ἀποτελεστικὰς,
1152 736 1229 799 ὡς
1264 732 1442 807 οἶμαι,
1487 732 1582 786 τοῦ
1628 729 1758 784 Υἱοῦ
1808 729 1901 782 καὶ

322 832 416 885 τοῦ
458 830 616 899 ἁγίου
678 830 993 899 Πνεύματος
1055 828 1343 899 δυνάμεις·
1389 824 1457 879 δι’
1502 818 1577 878 ὧν
1625 825 1659 893 ἡ
1708 820 1897 893 πρώτη

324 920 481 973 οὐσία
543 918 643 990 τὴν
677 919 932 989 δευτέραν
973 918 1282 989 εἰργάσατο,
1330 917 1423 970 καὶ
1464 917 1497 985 ὴ
1537 914 1763 985 δευτέρα
1803 912 1901 982 τὴν

324 1010 545 1082 τρίτηνσ
596 1011 692 1063 καὶ
734 1009 805 1063 τά
851 1008 1087 1079 ὀνόματα
1135 1008 1242 1062 τῶν
1298 1004 1760 1061 ἀποτελεσθέντων
1807 1002 1901 1074 ἐρ-

324 1117 437 1168 γων
488 1099 780 1170 προσφυῶς
830 1096 1363 1167 συγκατεπευάσθαι
1412 1097 1524 1157 τοῖς
1568 1094 1752 1165 ἔργοις
1796 1109 1902 1163 φη-

328 1192 440 1243 σίν*
475 1189 614 1243 ἀλλά
642 1190 742 1260 τὴν
773 1190 871 1259 μὲν
902 1189 1028 1259 περὶ
1054 1188 1123 1241 τά
1148 1188 1386 1258 ὀνόματα
1416 1184 1751 1255 κακουργίαν
1797 1182 1898 1254 ἤδη

327 1294 385 1330 τε
416 1277 556 1330 κατὰ
583 1276 644 1330 τὸ
671 1276 892 1330 δυνατὸν
920 1276 1291 1347 ἐξητάσαμεν*
1322 1274 1414 1329 καὶ
1441 1277 1569 1329 ὅταν
1594 1274 1687 1343 ,εἰς
1725 1272 1901 1326 ἐκεῖνο

328 1368 389 1421 τὸ
420 1367 585 1440 μέρος
627 1369 727 1439 τῆς
766 1367 1065 1432 ἐξετάσεως
1106 1367 1366 1440 ἔλθωμεν,
1393 1366 1488 1421 ἐὰν
1527 1367 1556 1419 ὁ
1587 1363 1744 1433 λόγος
1774 1365 1898 1417 ἐπι-

330 1458 487 1529 ζητῇ,
523 1458 684 1513 πάλιν
714 1460 1118 1531 προσθήσομεν.

2006 460 2226 507 manant
2292 464 2357 502 επ
2407 446 2753 511 substantiis,
2807 446 3237 514 nominibusque,
3296 460 3413 514 qua:
3463 444 3576 499 illis

2005 552 2323 614 competunt.
2360 540 2562 593 Harum
2598 540 2908 593 orationum
2944 553 3139 593 sensus
3170 553 3277 591 non
3313 544 3397 591 est
3424 537 3580 593 intel-

2002 639 2142 691 lectu
2188 633 2388 696 facilis,
2433 632 2634 701 quippe
2677 630 2845 683 multa
2885 629 3181 695 impietatis
3216 629 3447 699 caligine
3499 638 3579 684 te-

2004 737 2152 786 ctus:
2178 725 2393 779 videtur
2443 729 2623 776 autem
2647 759 2661 786 ,
2703 727 2967 790 quantum
3004 721 3221 788 quidem
3256 720 3576 788 conjectura

2001 816 2223 886 assequi
2261 815 2411 879 licet,
2440 812 2712 882 ejusmodi
2740 826 2901 867 esse:
2933 811 3294 880 Operationes
3321 813 3578 866 substan-

2002 908 2199 963 tiarum
2230 905 2627 974 productrices,
2662 912 2721 957 ut
2750 909 2903 972 puto,
2946 901 3125 958 Patris
3149 912 3205 958 et
3242 902 3365 958 Filii
3404 903 3580 959 facul-

2003 1007 2143 1054 tates
2179 997 2460 1063 nominat,
2491 1012 2588 1067 per
2629 1011 2765 1068 quas
2806 997 2983 1067 prima
3022 996 3326 1052 substantia
3373 1013 3580 1053 secun-

2003 1091 2128 1147 dam
2156 1089 2506 1161 produxit,et
2523 1088 2763 1144 secunda
2795 1088 3033 1150 tertiam,
3057 1095 3111 1143 et
3138 1090 3359 1143 nomina
3378 1090 3578 1144 horum

2004 1196 2250 1250 operum,
2270 1194 2391 1250 quae
2405 1178 2595 1243 ellecta
2623 1185 2773 1243 sunt,
2805 1186 2928 1247 apte
2957 1186 3012 1233 et
3038 1179 3425 1233 convenienter
3446 1179 3580 1248 ipsis

2006 1272 2270 1343 operibus
2303 1270 2559 1341 imposita
2601 1285 2724 1325 esse
2769 1268 2924 1324 dicit.
2973 1268 3241 1324 Caeterum
3287 1269 3578 1340 malignam

2004 1363 2323 1429 versutiam,
2350 1378 2454 1433 qua
2484 1362 2537 1415 in
2561 1361 2697 1432 ipsis
2721 1361 3036 1416 nominibus
3058 1375 3193 1415 usus
3219 1371 3323 1424 est.
3342 1360 3457 1430 jam
3484 1375 3583 1430 pro

2005 1454 2151 1508 virili
2178 1454 2540 1525 patefecimus
2575 1472 2588 1510 :
2630 1463 2683 1509 et
2725 1452 3165 1524 quotiescunque
3206 1453 3435 1508 materia
3482 1468 3583 1507 nos

330 1565 394 1604 ρο
436 1553 729 1616 vocaverit,
776 1552 822 1609 si
863 1552 1159 1607 necessitas
1198 1553 1455 1622 postulet,
1500 1564 1690 1607 rursus
1730 1548 2141 1619 patefacicmus.

398 1645 547 1708 Τέως
573 1645 629 1696 δὲ
659 1644 755 1698 νῦν
790 1645 939 1711 ἄξιόν
987 1647 1099 1698 ἐστι
1132 1644 1483 1713 λογίσασθαιο
1521 1642 1639 1705 πῶς
1683 1643 1903 1695 ἕπονται

2081 1639 2236 1694 Nunc
2265 1656 2363 1710 par
2419 1648 2503 1696 est
2554 1640 2880 1711 disquirere,
2920 1643 3195 1713 quomodo
3233 1649 3582 1714 operationcs

329 1737 445 1796 ταῖς
490 1734 698 1797 οὐσίαις
742 1736 798 1788 al
830 1735 1132 1807 ἐνέργειαι;
1180 1734 1233 1787 τί
1276 1730 1430 1787 οὖσαι
1466 1733 1604 1787 κατά
1643 1734 1741 1801 τὴν
1772 1732 1905 1785 ίδίαν

2011 1741 2312 1802 sequantur
2341 1747 2409 1787 ex
2439 1733 2787 1798 substantiis,
2839 1743 2894 1790 et
2925 1735 3185 1806 quidnam
3230 1736 3341 1790 sint
3386 1750 3586 1790 secun—

330 1824 527 1891 φύσιν;
562 1826 741 1879 ἀλλοτι
789 1828 940 1896 παρὰ
970 1825 1070 1889 τὰς
1118 1826 1306 1888 οὐσίας
1345 1819 1432 1888 αἷς
1476 1823 1834 1895 παρέπονται,
1874 1822 1903 1891 ἦ

332 1915 499 1986 μέρος
548 1916 772 1969 ἐκείνων
816 1917 1044 1987 καὶτῆς
1095 1916 1342 1986 φύσεως;
1389 1915 1481 1969 καὶ
1519 1918 1567 1968 εί
1613 1915 1710 1986 μὲν
1755 1913 1904 1981 ἄλλο,

330 2004 510 2077 πῶςῆ
561 2008 711 2078 παρά
760 2007 901 2071 τίνος
948 2008 1270 2078 γενόμεναι;
1321 2006 1457 2060 εἰδὲ
1503 2006 1563 2060 τὸ
1605 2005 1755 2068 αὐτὸ,
1790 2005 1908 2069 πῶς

328 2099 796 2169 ἀποτεμνόμεναι,
847 2099 941 2152 καὶ
985 2101 1107 2154 ἀντὶ
1167 2100 1260 2153 τοῦ
1310 2098 1670 2171 συνυπάρχειν
1719 2098 1907 2161 αὐταῖς

329 2190 530 2253 ἔξωθεν
566 2191 984 2261 παρεπόμεναι;
1037 2192 1204 2245 Οὐδὲν
1244 2190 1351 2261 γὰρ
1397 2190 1585 2253 ἁπλῶς
1626 2189 1796 2253 οὕτως
1842 2190 1907 2241 ἐκ

328 2281 437 2334 τῶν
471 2282 775 2351 εἰρημένων
806 2281 923 2334 ἐστι
964 2281 1155 2352 μαθεῖν
1174 2299 1188 2315 ο
1230 2281 1460 2353 πότερον
1492 2280 1736 2350 ἀνάγκης
1763 2279 1907 2343 τινὸς

327 2373 567 2442 φυσικῆς
596 2373 972 2444 ἀπροαιρέτως
998 2373 1096 2444 τὴν
1123 2374 1423 2444 ἐνέργειαν,
1455 2372 1578 2443 ἥτις
1602 2372 1731 2424 ποτὲ
1768 2370 1905 2442 αὕτη

326 2463 475 2515 ἐστὶν
508 2463 818 2518 ἀκολουθεῖν
841 2467 904 2535 τῇ
927 2465 1082 2536 οὐσίᾳ
1127 2463 1449 2535 βιαζομένης
1471 2502 1486 2529 ,
1510 2463 1584 2526 ὡς
1612 2463 1798 2516 ἕπεται
1827 2463 1906 2534 τῷ

327 2554 460 2625 πυρὶ
508 2556 543 2624 ἡ
577 2553 789 2621 καῦσις,
843 2555 937 2609 καὶ
967 2557 1017 2609 ol
1062 2556 1258 2626 ἀτμοὶ,
1302 2556 1395 2609 καὶ
1426 2555 1484 2608 al.
1515 2553 1906 2625 ἀναθυμιάσεις

328 2649 438 2709 τοῖς
511 2646 605 2715 ἀφ’
646 2639 721 2700 ὧν
774 2645 948 2700 ταῦτα
995 2646 1233 2715 γίνονται
1276 2645 1545 2717 σώμασιν;
1615 2646 1756 2700 Ἀλλ’
1805 2648 1907 2701 οὐκ

328 2737 391 2789 ἂν
414 2736 581 2789 αὐτὸν
607 2733 757 2806 οἶμαι
779 2736 944 2790 Ξοῦτο
973 2739 1144 2791 εἰπεῖν
1163 2755 1176 2770 ο
1199 2737 1337 2791 ὥστε
1368 2738 1608 2792 ποικίλον
1634 2755 1688 2792 τι
1722 2739 1907 2811 χρῆμα

327 2827 420 2880 καὶ
458 2827 718 2881 σύνθετον
743 2828 981 2898 νομίζειν
1010 2827 1103 2881 τοῦ
1141 2828 1276 2881 Θεοῦ
1312 2829 1411 2898 τὴν
1451 2827 1658 2896 οὐσίαν,
1699 2828 1904 2900 ἀχώρι-

330 2936 450 2972 στον
514 2919 746 2991 ἔχουσαν
808 2920 902 2973 καὶ
965 2918 1533 2990 συνεπιθεωρουμένην
1583 2921 1750 2991 ἐαυτῇ
1809 2919 1907 2991 τὴν

328 3012 643 3082 ἐνέργειαν,
678 3009 753 3074 ὥς
777 3029 829 3065 τι
863 3010 1207 3081 συμϐεϐηκὸς
1236 3011 1294 3063 ἐν
1323 3011 1662 3082 ὑποκειμένῳ
1692 3011 1902 3065 δεικνύ-

333 3120 528 3174 μενον·
579 3104 717 3158 ἀλλά
758 3102 1161 3176 προαιρετικῶς
1198 3103 1294 3158 καὶ
1327 3101 1690 3168 αὐτεξουσίως
1736 3120 1910 3158 κινου-

333 3198 500 3266 μένας
536 3194 635 3259 τάς
662 3194 847 3259 οὐσίας
874 3195 935 3248 τὸ
962 3194 1153 3249 δοκοῦν
1186 3212 1319 3267 φησι
1350 3196 1471 3250 καθ’
1502 3197 1701 3260 ἑαυτὰς
1738 3198 1909 3269 ἀπερ-

330 3288 612 3357 γάζεσθαι.
633 3288 743 3341 Καὶ
768 3288 853 3351 τίς
870 3287 932 3340 τὸ
957 3288 1020 3339 ἐκ
1041 3287 1293 3358 προνοίας
1322 3288 1584 3352 ἑκουσίως
1602 3288 1905 3358 γινόμενον,

330 3380 408 3443 ὥς
449 3397 503 3432 τι
542 3380 651 3433 τῶν
695 3378 891 3443 ἔξωθεν
924 3365 1428 3434 ἐπακολουθούντων
1462 3378 1690 3433 ἕπεσθαι
1718 3381 1908 3450 λέγει;

333 3472 470 3524 υύδέ
500 3472 608 3541 γὰρ
636 3470 778 3524 κατά
802 3471 899 3541 τὴν
928 3471 1112 3540 κοινὴν
1138 3471 1424 3542 συνήθειαν
1450 3471 1544 3524 ἐπὶ
1588 3472 1697 3527 τῶν
1734 3471 1910 3527 τοιού-

332 3580 439 3616 των
498 3563 741 3633 ἔγνωμεν
789 3563 1163 3635 τετριμμένην
1229 3563 1328 3635 τὴν
1391 3563 1567 3628 λέξιν·
1616 3563 1759 3618 ὥστε
1811 3563 1911 3634 τὴν

333 3656 610 3727 ἐνέργειαν
656 3655 749 3709 τοῦ
784 3655 912 3727 περί
944 3673 995 3708 τι
1025 3654 1311 3719 πονοῦντος
1356 3656 1666 3710 ἀκολουθεῖν
1702 3656 1781 3725 τῷ
1813 3670 1913 3707 πο-

334 3748 512 3800 νοῦντι
547 3748 747 3816 λέγειν.
807 3748 945 3803 Οὐδὲ
982 3749 1090 3819 γάρ
1115 3750 1230 3801 ἐστι
1262 3749 1484 3803 δυνατὸν
1512 3750 1572 3803 τὸ
1608 3750 1792 3819 ἕτερον
1820 3747 1911 3802 τοῦ

335 3839 520 3906 ἐτέρου
565 3838 940 3906 διαζεύξαντα,
979 3839 1303 3893 καταλαϐεῖν
1350 3840 1432 3909 ἐφ’
1467 3839 1659 3893 ἑαυτοῦ
1703 3841 1763 3893 τὸ
1806 3841 1916 3894 λει-

336 3930 600 3999 πόμενον*
637 3930 751 3983 ἀλλ’
776 3933 804 3985 ὁ
839 3933 937 4002 τὴν
971 3933 1249 4003 ἐνέργειαν
1285 3932 1479 3998 εἰπὼν,
1511 3931 1571 3986 τὸ
1604 3936 1724 3987 κατ’
1744 3934 1914 4005 αὐτὴν

336 4022 653 4093 κινούμενον
682 4025 771 4095 τῷ
789 4025 932 4095 λόγῳ
971 4026 1374 4098 συμπεριέλαϐε
1395 4045 1408 4057 ·
1445 4027 1539 4079 καὶ
1580 4029 1608 4081 ὁ
1639 4025 1734 4080 τοῦ
1764 4028 1915 4098 ἐνερ-

335 4113 560 4181 γοῦντος
611 4116 889 4186 μνησθεὶς,
927 4117 1021 4169 καὶ
1064 4118 1161 4189 τὴν
1211 4119 1489 4190 ἐνέργειαν
1520 4118 1737 4182 πάντως
1775 4118 1916 4172 κατὰ

335 4205 396 4256 τὸ
443 4205 796 4276 σιωπώμενον
830 4211 1187 4279 συνεσῆμανε.
1228 4210 1565 4281 Σαφέστερον
1597 4211 1653 4263 δέ
1689 4210 1775 4264 διὰ
1808 4210 1918 4263 τῶν

339 4298 750 4368 ὑποδειγμάτων
780 4299 838 4351 τὸ
869 4298 1158 4370 λεγόμενον
1188 4301 1358 4355 ἔσται·
1377 4299 1672 4356 Χαλκεύειν
1700 4302 1821 4355 τινὰ
1834 4301 1918 4354 λέ-

2006 1824 2134 1879 dum
2171 1838 2325 1881 suam
2369 1816 2643 1894 propriam
2688 1835 2963 1879 naturam.
2989 1824 3245 1896 Nunquid
3276 1825 3420 1880 aliud
3456 1834 3588 1880 sunt

2007 1930 2038 1969 a
2073 1916 2419 1981 substantiis,
2452 1930 2518 1971 ex
2552 1917 2753 1986 quibus
2786 1917 3047 1973 efﬂuunt?
3100 1918 3238 1972 Num
3295 1934 3421 1989 pars
3466 1920 3586 1973 illa-

2007 2021 2127 2060 rum
2151 2013 2205 2061 et
2233 2008 2479 2062 naturae?
2511 2008 2630 2064 etsi
2653 2008 2872 2078 quidem
2908 2010 3053 2065 aliud
3090 2018 3251 2068 sunt:
3284 2010 3584 2081 quomodo,

2007 2104 2102 2153 aut
2132 2112 2161 2151 a
2187 2112 2296 2167 quo
2328 2098 2535 2154 effecta)
2572 2100 2738 2154 sunt?
2793 2100 2850 2155 Si
2901 2117 3033 2157 vero
3072 2103 3214 2158 idem
3246 2112 3396 2168 sunt,
3447 2119 3588 2174 quo-

2006 2188 2169 2244 modo
2216 2190 2479 2259 sejunctae
2511 2198 2663 2257 sunt,
2691 2192 2765 2246 ita
2814 2200 2873 2247 ut
2908 2208 3086 2262 neque
3118 2194 3311 2261 insint,
3361 2196 3456 2251 sed
3490 2213 3587 2253 ex-

2006 2283 2282 2338 trinsecus
2320 2283 2683 2338 substantiam
2736 2285 3102 2341 comitentur?
3126 2285 3274 2342 Nihil
3317 2288 3463 2343 enim
3491 2290 3586 2344 lio-

2008 2388 2126 2427 rum
2164 2389 2233 2428 ex
2260 2374 2423 2430 dictis
2451 2376 2742 2445 perspicue
2768 2376 2904 2432 satis
2931 2377 3272 2449 intelligitur.
3312 2379 3454 2434 Num
3483 2398 3583 2437 ne-

2005 2466 2267 2522 cessitate
2321 2467 2559 2537 quadam
2607 2468 2843 2523 naturali
2888 2477 3119 2538 cogente
3171 2472 3582 2540 operationem,

2007 2558 2403 2628 qualiscunque
2430 2558 2649 2613 demum
2676 2558 2766 2612 illa
2791 2558 2882 2625 sit,
2916 2560 3071 2630 sequi
3106 2561 3173 2616 ad
3194 2561 3583 2629 substantiam,

2006 2640 2221 2704 sublata
2280 2649 2428 2704 omni
2478 2649 2751 2706 libertatis
2813 2651 3067 2717 ratione,
3119 2652 3583 2721 quemadmodum

2007 2739 2154 2794 ustio
2181 2747 2235 2795 et
2260 2755 2431 2810 vapor
2459 2739 2527 2793 ad
2552 2741 2758 2811 ignem,
2778 2749 2833 2796 et
2876 2742 3258 2813 exhalationes
3291 2745 3355 2799 ad
3389 2759 3585 2816 corpo‘

2008 2845 2089 2895 ra,
2122 2846 2189 2886 ex
2233 2832 2433 2901 quibus
2470 2831 2773 2899 exsistunt,
2825 2835 3278 2903 consequuntur?
3317 2833 3422 2890 Sed
3474 2852 3583 2891 non

2009 2920 2245 2974 arbitror
2269 2920 2418 2974 illum
2452 2920 2557 2976 hoc
2606 2922 2783 2977 velle:
2816 2929 2878 2978 ut
2927 2924 3033 2979 sibi
3074 2925 3404 2995 persuadeat
3444 2926 3586 2983 divi-

2011 3023 2134 3062 nam
2175 3019 2428 3064 naturam
2467 3026 2591 3067 esse
2634 3012 2768 3084 quid
2813 3015 3182 3084 compositum
3240 3024 3295 3072 et
3336 3018 3585 3085 varium,

2008 3114 2130 3170 quae
2177 3099 2593 3169 inseparabilem
2657 3116 2688 3155 a
2750 3117 2809 3157 se
2853 3105 3230 3173 operationem
3286 3108 3587 3173 contineat,

2009 3207 2283 3263 quamque
2316 3206 2543 3248 necesse
2576 3192 2647 3249 sit
2673 3193 2728 3248 in
2770 3193 2888 3265 ipsa
2942 3194 3035 3250 Dei
3070 3196 3400 3263 substantia,
3428 3202 3587 3271 quasi

2010 3285 2228 3340 insitam
2258 3285 2577 3355 concipere:
2631 3295 2889 3357 tanquam
2925 3288 3181 3344 accidens
3216 3288 3270 3343 in
3297 3290 3588 3360 subjecto;

2009 3378 2137 3446 quia
2167 3377 2301 3432 dicit
2327 3376 2667 3433 substantias
2705 3379 2839 3435 istas
2867 3395 2933 3435 ex
2974 3389 3125 3435 certo
3159 3382 3390 3437 consilio
3417 3393 3471 3438 et
3521 3384 3590 3438 li-

2011 3469 2138 3524 bere
2172 3468 2377 3523 moveri
2408 3467 2475 3522 ad
2520 3468 2787 3539 agendum
2818 3470 3036 3540 quidvis
3070 3471 3337 3527 arbitratu
3370 3490 3491 3531 suo.
3526 3474 3592 3529 Et

2012 3561 2264 3629 quisnam
2292 3559 2448 3624 illud,
2484 3561 2630 3630 quod
2654 3577 2722 3617 ex
2760 3563 3044 3632 proposito
3073 3572 3127 3619 et
3164 3565 3333 3621 libere
3365 3569 3594 3638 suscipi-

2014 3659 2123 3715 tur,
2161 3652 2313 3721 sequi
2360 3652 2436 3706 ait
2497 3652 2673 3708 instar
2728 3669 2942 3719 eorum,
2976 3671 3098 3724 qua:
3136 3658 3481 3717 extrinsecus
3522 3662 3590 3717 ad

2016 3743 2377 3797 substantiam
2429 3744 2584 3812 sequi
2619 3745 2832 3799 solent?
2882 3744 3071 3816 Neque
3120 3749 3264 3803 enim
3312 3753 3592 3807 communi

2015 3834 2296 3889 hominum
2354 3835 2752 3890 consbetudine
2780 3837 2884 3892 hoc
2935 3854 3099 3893 sensu
3154 3841 3297 3897 hunc
3336 3843 3593 3912 loquendi

2017 3927 2235 3981 modum
2260 3935 2583 3998 usurpatum
2614 3929 2885 3995 novimus,
2906 3939 2964 3984 ut
2986 3932 3195 3987 scilicet
3221 3937 3593 4003 Operationem

2015 4020 2155 4087 ejus,
2183 4020 2273 4088 qui
2315 4018 2462 4073 circa
2494 4021 2730 4089 aliquam
2766 4036 2878 4075 rem
2925 4032 3227 4091 occupatur
3257 4033 3310 4078 et
3362 4025 3592 4090 laborat,

2016 4110 2169 4179 sequi
2193 4110 2317 4179 quis
2349 4110 2494 4164 dicat
2524 4111 2591 4165 ad
2616 4112 2982 4167 substantiam
3021 4113 3161 4183 ejus,
3194 4116 3286 4183 qui
3316 4122 3592 4184 operatur.

2016 4200 2128 4254 Nec
2160 4203 2272 4257 ﬁeri
2303 4210 2500 4273 potest,
2522 4210 2580 4257 ut
2620 4203 2713 4273 qui
2740 4204 2973 4257 alterum
3004 4205 3072 4257 ab
3104 4206 3279 4259 altero
3329 4205 3593 4276 scjungit,

2020 4295 2313 4365 separatim
2343 4303 2395 4348 et
2426 4311 2522 4364 per
2552 4311 2610 4349 se
2649 4296 2850 4360 solum,
2884 4296 3028 4365 quod
3057 4297 3403 4367 relinquitur,
3450 4298 3597 4352 acci-

337 4407 525 4460 γομεν,
579 4390 613 4461 ἧ
672 4392 1067 4458 τεκταίνεσθαι,
1128 4392 1162 4465 ἢ
1229 4392 1355 4447 ἄλλο
1404 4411 1457 4447 τι
1516 4395 1758 4466 ἐνεργεῖν
1810 4393 1910 4449 τῶν

2021 4388 2168 4456 piat;
2202 4386 2296 4440 sed
2360 4386 2453 4455 qui
2503 4388 2875 4455 operationem
2918 4388 3188 4452 nominat,
3232 4388 3276 4444 is
3316 4390 3477 4443 etiam
3519 4390 3592 4455 id,

337 4484 616 4537 τοιούτων.
673 4484 881 4538 Οὐκοῦν
929 4488 996 4557 τῇ
1031 4487 1131 4557 μιᾷ
1162 4487 1332 4556 φωνῇ,
1384 4487 1485 4557 τήν
1530 4505 1589 4540 τε
1632 4488 1915 4558 ἐργασίαν,

340 4572 451 4625 καὶ·
474 4573 570 4626 τὸν
602 4573 856 4643 μετιόντα
882 4577 982 4647 τὴν
1032 4576 1224 4645 τέχνην
1268 4576 1407 4629 κατά
1445 4576 1641 4630 ταυτὸν
1688 4579 1717 4629 ὁ
1762 4576 1918 4645 λόγος

344 4662 709 4733 παρέστησεν,
741 4660 881 4715 ὥστε
928 4664 977 4716 εἰ
1025 4663 1316 4735 χωρισθείη
1364 4664 1425 4716 τὸ
1471 4664 1676 4736 ἕτερον,
1730 4664 1804 4735 μὴ
1851 4664 1918 4718 ἂν

342 4751 638 4823 ὑποστῆναι
673 4752 733 4805 τὸ
760 4752 1095 4823 λειπόμενον.
1150 4753 1211 4805 El
1241 4748 1332 4805 οὖν
1359 4753 1427 4806 τὰ
1473 4752 1566 4805 δύο
1599 4754 1716 4823 μετ’
1756 4753 1919 4823 ἀλλή-

339 4840 446 4895 λων
483 4845 705 4909 νοεῖται,
733 4844 869 4916 αὐτή
916 4861 975 4897 τε
1009 4845 1042 4915 ἡ
1094 4845 1341 4916 ἐνέργεια
1384 4845 1478 4898 καὶ
1512 4846 1541 4898 ὁ
1584 4845 1704 4897 κατ’
1749 4844 1919 4915 αὐτὴν

339 4935 676 5007 κινούμενος,
716 4937 835 5000 πῶς
864 4936 1099 4991 ἐνταῦθα
1138 4937 1363 4991 ἔπεσθαι
1391 4937 1606 5005 λέγεται
1651 4938 1714 5007 τῇ
1761 4934 1920 5006 οὐσίᾳ

336 5030 405 5100 τῇ
435 5028 632 5103 πρώτῃ
652 5030 686 5101 ἡ
707 5030 806 5101 τὴν
830 5029 1088 5102 δευτέραν
1113 5030 1302 5084 οὐσίαν
1320 5028 1739 5101 ἀπεργαζομένη
1766 5028 1922 5098 ἐνέρέ

337 5139 483 5189 γεια,
523 5124 883 5194 μεσιτεύουσά
928 5142 1045 5186 πως
1087 5122 1154 5176 δι’
1183 5124 1381 5195 ἐαυτῆς
1424 5122 1778 5191 ἀμφοτέραις,
1823 5121 1918 5174 καὶ

338 5212 461 5265 οὔτε
489 5216 557 5285 τῇ
598 5213 794 5285 πρώτῃ
822 5216 963 5269 κατὰ
1012 5215 1111 5286 τὴν
1160 5214 1322 5284 φύσιν
1362 5212 1753 5284 συμϐαίνουσα,
1796 5212 1918 5266 οὐτε

339 5303 474 5373 πρὸς
502 5305 602 5374 τὴν
635 5304 894 5373 δευτέραν
929 5307 1343 5376 συναπτομένη;
1383 5306 1496 5375 Τῆς
1538 5304 1637 5375 μὲν
1673 5304 1780 5376 γὰρ
1825 5321 1918 5357 κε-

340 5394 601 5467 χώρισται
644 5395 723 5466 τῷ
757 5395 831 5467 μὴ
864 5396 1025 5465 φύσις
1058 5393 1214 5463 εἶναι,
1252 5397 1389 5451 ἀλλά
1418 5396 1632 5467 φύσεως
1671 5397 1917 5467 κίνησις*

338 5488 403 5556 τῇ
450 5487 508 5540 δὲ
569 5487 691 5557 μεθ’
756 5489 953 5560 ἑαυτὴν
1015 5490 1074 5542 οὐ
1129 5489 1450 5560 συμϐαίνειο
1493 5490 1582 5548 ὅτι
1644 5489 1705 5541 οὐ
1758 5490 1921 5560 ψιλὴν

342 5576 652 5648 ἐνέργειαν,
710 5579 825 5633 ἀλλ’
882 5582 1103 5652 ἐνεργὸν
1169 5581 1354 5634 οὐσίαν
1416 5580 1481 5633 δι’
1564 5579 1759 5651 ἑαυτῆς
1821 5580 1921 5634 ὐπ‹

344 5673 625 5742 εστήσατο.

2019 4475 2163 4546 quod
2195 4476 2693 4556 perpperationem
2721 4476 2918 4542 cietur,
2942 4477 3126 4532 animo
3160 4480 3595 4548 comprehcndit,

2018 4577 2071 4623 et
2095 4568 2189 4638 qui
2220 4569 2502 4636 operantis
2550 4568 2886 4623 mentionem
2923 4568 3074 4635 facit,
3132 4571 3222 4625 ille
3261 4573 3485 4628 omnino
3516 4583 3600 4628 ta-

2018 4660 2127 4715 cite
2178 4659 2554 4729 Operationem
2587 4674 2805 4728 quoque
2860 4660 3209 4731 significavit.
3248 4660 3364 4718 Fiet
3415 4672 3597 4720 autem

2019 4750 2072 4804 id
2124 4750 2268 4820 quod
2326 4750 2623 4804 asserimus
2668 4750 2964 4806 dilucidius
3024 4752 3306 4823 exemplis.
3360 4752 3599 4809 Dicimus

2020 4842 2186 4911 igitur
2239 4841 2473 4910 aliquem
2528 4856 2602 4896 ms
2651 4841 2849 4895 malleo
2880 4842 3132 4909 tundere,
3172 4845 3255 4899 vel
3307 4844 3597 4908 fabricare,

2018 4935 2103 4991 vel
2134 4935 2280 4989 aliud
2313 4935 2572 5004 quiddam
2608 4935 2676 4989 de
2725 4950 2921 5004 genere
2968 4935 3159 4990 eodem
3204 4952 3384 5008 agere.
3430 4936 3599 5006 Igitur

2019 5042 2133 5082 uno
2188 5025 2457 5081 vocabulo
2512 5034 2565 5079 et
2613 5026 2786 5095 ipsam
2832 5027 3210 5095 operationem
3256 5037 3310 5084 et
3344 5029 3596 5099 opificem

2020 5120 2199 5174 oratio
2225 5119 2636 5189 repraesentavit
2663 5137 2676 5174 :
2732 5118 2885 5173 itaut
2918 5120 2964 5174 si
2994 5121 3224 5176 alterum
3257 5120 3598 5189 sejungatur,

2022 5213 2252 5267 alterum
2285 5212 2586 5267 subsistere
2622 5219 2874 5281 nequeat.
2909 5211 2965 5265 Si
3002 5213 3169 5281 igitur
3206 5211 3317 5264 duo
3359 5210 3471 5261 haec
3524 5210 3600 5263 si—

2024 5307 2133 5360 mul
2162 5305 2560 5374 intelliguntur,
2596 5306 2843 5374 operatio
2873 5305 3146 5365 videlicet,
3166 5309 3219 5355 et
3251 5302 3295 5353 is
3328 5301 3421 5368 qui
3467 5316 3599 5369 ope-

2023 5399 2232 5451 ratione
2262 5397 2349 5450 illa
2388 5397 2516 5465 agit,
2547 5397 2821 5465 quomodo
2850 5395 3089 5448 afﬁrmat
3128 5394 3232 5446 iste
3263 5390 3327 5443 ad
3369 5392 3597 5459 primam

2026 5490 2388 5547 substantiam
2446 5489 2599 5557 sequi
2654 5490 2801 5542 illam
2838 5486 3233 5554 operationem,
3270 5499 3377 5552 qua
3427 5486 3599 5554 prima

2028 5581 2320 5637 secundam
2374 5579 2738 5635 substantiam
2780 5575 3012 5637 efﬂuxit,
3045 5581 3103 5627 ut
3147 5574 3218 5629 sit
3250 5573 3423 5627 media
3465 5589 3599 5644 quo-

2030 5671 2317 5727 dammodo
2349 5672 2487 5724 inter
2515 5678 2820 5737 utrmnque,
2863 5675 2916 5721 et
2973 5680 3149 5735 neque
3189 5664 3374 5735 primm
3410 5678 3605 5719 serun-
