4046 6156
429 312 539 366 5ιό

1666 309 1722 364 S.
1761 309 2090 367 GREGORII
2122 306 2419 366 NYSSENI

428 432 558 481 dum
594 435 842 482 naturam
886 441 1214 497 congruens,
1262 439 1441 495 neque
1488 439 1612 478 cum
1680 427 1920 481 secunda
1977 426 2269 496 copulata?
2302 424 2436 479 Nam
2486 424 2555 479 ab
2601 423 2694 478 illa
2763 429 3017 494 separata
3089 429 3196 487 est,
3239 421 3385 493 quod
3430 438 3540 479 non
3609 428 3684 481 sit
3776 492 3779 495 δ

3581 314 3683 368 ὄέὁ

430 527 645 583 natura,
698 518 790 572 sed
848 528 1054 571 natura:
1103 516 1347 587 quaedam
1394 516 1597 581 motio;
1659 517 1812 572 alteri
1865 532 2013 583 vero,
2051 533 2214 587 quam
2270 522 2394 587 post
2439 532 2499 573 se
2569 516 2856 586 relinquit,
2907 530 3019 569 non
3051 515 3332 584 competit,
3388 518 3516 588 quia
3573 532 3682 571 non

429 610 631 664 nudam
660 600 1054 678 operationem,
1088 609 1183 664 sed
1214 608 1575 664 substantiam
1608 610 1799 678 agendi
1828 609 2081 665 facultate
2104 609 2404 679 przcditam,
2424 609 2601 676 seipsa
2618 608 2896 678 produxit.

498 696 705 751 Deinde
740 698 843 751 hoc
884 699 1048 751 etiam
1092 698 1479 766 disquisitione
1520 697 1742 767 dignum
1784 714 1980 753 censeo

2178 693 2312 751 Εἶτα
2371 700 2589 751 κάκεῖνο
2648 697 2852 760 τούτοις
2912 695 3414 766 προσεξετάσωμεν·
3479 694 3682 767 Ἔργον

425 788 575 857 Opus
644 788 965 842 substantiae
1026 796 1183 842 vocat
1256 789 1646 855 substantiam;
1709 789 2001 844 secundam

427 880 643 949 quidem
703 881 908 948 primae,
945 896 1138 936 rursus
1200 882 1452 937 secundae
1510 882 1744 937 tertiam.
1798 884 1865 936 At
1895 895 2001 952 qua

427 969 642 1024 ratione
698 970 801 1024 hoc
851 973 1278 1027 demonstravit?
1334 973 1482 1039 Quas
1544 974 1895 1045 probationes
1934 973 2001 1028 ad

424 1060 528 1115 hoe
555 1061 952 1116 ostendendum
985 1064 1271 1117 adhibuit?
1300 1080 1365 1118 ex
1383 1080 1488 1135 qua
1518 1065 1773 1120 methodo
1799 1076 1852 1119 et
1886 1072 2000 1119 arte

322 1224 323 1227 η
420 1152 605 1216 evicit,
644 1154 812 1222 credi
836 1154 1034 1208 debere
1078 1154 1435 1224 posteriorem
1455 1171 1573 1210 esse
1600 1157 1796 1225 prioris
1826 1156 2001 1225 opus?

424 1241 481 1295 Si
522 1243 665 1297 enim
694 1259 760 1298 ex
794 1246 900 1310 his,
930 1260 1050 1314 quae
1085 1246 1139 1299 in
1180 1246 1280 1301 hac
1308 1261 1491 1301 rerum
1529 1248 1884 1301 universitate
1918 1246 2000 1301 vi-

420 1343 641 1395 suntur,
674 1332 741 1387 de
797 1333 882 1388 bis
917 1335 1080 1389 etiam
1115 1320 1552 1389 ratiocinandum
1584 1344 1728 1391 esset
1760 1352 1774 1391 :
1822 1350 1999 1403 neque

420 1421 499 1475 sic
533 1421 750 1490 quidem
791 1424 1026 1489 deceret,
1059 1439 1126 1478 ex
1151 1425 1237 1481 his
1263 1425 1487 1481 caducis
1529 1437 1582 1480 et
1632 1426 1687 1481 in
1720 1427 1829 1479 imo
1858 1425 1999 1495 posi-

418 1514 490 1566 tis
523 1514 897 1582 conjecturam
939 1518 1006 1571 de
1038 1517 1148 1572 illis
1179 1518 1597 1573 sublimioribus
1635 1518 1844 1572 facere:
1901 1516 1995 1572 sed

418 1612 597 1658 tamen
664 1607 873 1659 veniam
929 1616 1247 1673 mereretur,
1295 1611 1544 1679 quisquis
1598 1610 1701 1672 his,
1758 1624 1877 1678 quae
1928 1609 1994 1662 ob

417 1694 607 1746 oculos
650 1695 1038 1756 obversantur,
1098 1695 1375 1761 inductus,
1442 1707 1648 1751 erraret
1686 1697 1830 1751 circa
1879 1696 1991 1761 illa,

414 1799 535 1852 quae
564 1785 952 1853 comprehendi
982 1795 1281 1853 nequeunt.
1334 1786 1490 1840 Nunc
1514 1802 1643 1840 vero
1678 1787 1800 1855 quis
1844 1784 1994 1837 afﬁr-

412 1888 563 1926 mare
593 1874 756 1935 ausit,
815 1874 1012 1927 coelum
1065 1890 1189 1929 esse
1234 1864 1453 1944 quidem
1495 1890 1633 1945 opus
1684 1873 1816 1939 Dei,
1867 1873 1991 1927 cmli

414 1980 542 2018 vero
573 1965 778 2020 solem?
808 1965 949 2021 Solis
984 1968 1193 2029 lunam,
1241 1968 1406 2037 hujus
1456 1968 1663 2031 stellas,
1709 1976 1763 2021 et
1798 1967 1988 2019 harum

2103 786 2359 857 ὀνομάζει
2399 789 2497 857 τῆς
2531 786 2718 848 οὐσίας
2748 785 2846 853 τὴν
2893 784 3111 837 οὐσίαν·
3149 782 3247 853 τὴν
3279 782 3377 853 μὲν
3422 782 3680 852 δευτέραν

2103 880 2201 947 τῆς
2234 877 2485 949 πρώτης·
2510 880 2608 949 τῆς
2628 878 2683 930 δὲ
2710 878 2963 948 δευτέρας
2991 876 3169 941 πάλιν,
3192 877 3289 946 τὴν
3320 876 3528 947 τρίτην.
3556 878 3678 931 Τίνι

2101 968 2288 1037 τρόπῳ
2332 967 2721 1038 προαποδείξας
2769 967 2859 1020 τὸν
2914 966 3099 1034 λόγον;
3151 965 3261 1018 τίσι
3315 968 3680 1029 κατασκευαῖς

2102 1060 2181 1120 είς
2235 1058 2390 1111 τοῦτο
2448 1058 2823 1129 χρησάμενος;
2878 1060 2942 1110 ὲκ
2988 1056 3148 1119 ποίας
3192 1055 3414 1125 μεθόδου
3463 1055 3523 1109 τὸ
3568 1057 3678 1110 δεῖν

2102 1146 2378 1215 ἐνέργειαν
2400 1148 2497 1219 τῆς
2517 1147 2889 1219 προλαϐούσης
2912 1148 3009 1217 τὴν
3032 1146 3227 1217 ἐφεξῆς
3246 1142 3382 1199 εἶναι
3404 1147 3678 1200 πιστεύειν

2103 1239 2534 1307 συναναγκάσαςς
2582 1240 2643 1292 Et
2679 1238 2775 1309 μὲν
2803 1240 2910 1308 γὰρ
2943 1239 3006 1290 ὲκ
3032 1237 3140 1292 τῶν
3161 1236 3360 1290 λοιπῶν
3386 1237 3496 1291 τῶν
3522 1239 3580 1292 ὲν
3606 1242 3675 1313 τῇ

2099 1328 2270 1382 κτίσει
2301 1329 2685 1400 θεωρουμένων
2716 1328 2822 1383 ἔδει
2873 1328 2966 1381 καὶ
3017 1330 3142 1399 περὶ
3179 1327 3384 1382 τούτων
3426 1328 3677 1397 ἀναλογί-

2100 1420 2316 1487 σασθαι,
2350 1418 2462 1492 εἶχε
2494 1422 2594 1492 μὲν
2621 1421 2736 1474 οὗθ’
2764 1419 2935 1484 οὕτως
2964 1420 3142 1483 καλῶς
3175 1420 3240 1474 ὲκ
3276 1420 3384 1475 τῶν
3429 1422 3675 1474 κατωτέ-

2102 1527 2208 1580 ρων
2238 1510 2333 1564 καὶ
2365 1511 2473 1564 τῶν
2503 1510 2911 1582 ὑπερκειμένων
2954 1508 3306 1579 στοχάζεσθαι
3327 1524 3341 1542 ’
3392 1510 3533 1580 πλὴν
3556 1511 3673 1563 ἀλλ’

2098 1595 2207 1670 εἶχέ
2241 1620 2292 1655 τι
2341 1602 2681 1671 συγγνωστὸν
2716 1602 2845 1664 ἴσως
2869 1603 2897 1654 ό
2929 1600 3116 1669 λόγος,
3155 1600 3239 1654 διά
3264 1600 3371 1654 τῶν
3413 1602 3676 1671 φαινομέ-

2095 1708 2201 1743 νων
2231 1693 2288 1744 ὲν
2318 1696 2427 1757 τοῖς
2472 1694 2873 1764 ἀκαταλήπτοις
2913 1692 3281 1762 πλανώμενος.
3324 1693 3461 1745 Νυνὶ
3489 1692 3545 1744 δὲ
3587 1693 3674 1755 τίς

2094 1780 2248 1835 τοῦτο
2294 1783 2470 1851 λέγειν
2520 1785 2874 1853 ἐπιχειρήσει,
2932 1783 3014 1835 ὅτι
3083 1782 3310 1853 οὐρανὸς
3372 1783 3467 1852 μὲν
3511 1782 3674 1853 ἔργον

2094 1870 2249 1936 Θεοῦ,
2281 1873 2506 1943 οὐρανοῦ
2547 1874 2601 1926 δὲ
2631 1874 2780 1943 ἥλιος
2801 1890 2812 1901 ·
2846 1875 2936 1926 καὶ
2976 1873 3125 1943 ἡλίου
3156 1873 3375 1944 σελήνη,
3420 1873 3512 1926 καὶ
3539 1874 3674 1928 ταύ-

2093 1979 2191 2032 της
2224 1963 2471 2035 ἀστέρες,
2505 1966 2768 2019 κάκείνων
2815 1964 2942 2018 ἄλλο
2988 1983 3040 2018 τι
3082 1965 3189 2017 τῶν
3236 1966 3292 2017 ἐν
3344 1967 3408 2036 τῇ
3457 1966 3669 2028 κτίσεις

412 2055 574 2108 aliam
599 2057 891 2126 quamdam
926 2073 990 2112 ex
1027 2074 1212 2112 rerum
1233 2068 1542 2113 ereatarum
1574 2058 1840 2112 numero?
1863 2056 1988 2110 Om-

2104 2055 2249 2119 Ἐνὸς
2279 2058 2387 2127 γὰρ
2417 2056 2551 2126 ἔργα
2577 2056 2645 2109 τὰ
2680 2057 2879 2121 πάντα,
2908 2056 3091 2126 ἐπειδὴ
3132 2050 3223 2121 εἷς
3248 2055 3392 2120 Θεὸς
3423 2055 3519 2108 καὶ
3548 2060 3674 2109 Πα-

412 2143 502 2195 nia
525 2145 669 2196 enim
712 2146 875 2201 unius
929 2156 1058 2199 sunt
1088 2162 1275 2214 opera,
1318 2163 1441 2200 cum
1478 2149 1548 2202 sit
1584 2164 1719 2201 unus
1772 2146 1907 2200 Deus
1939 2157 1989 2201 et

414 2238 579 2286 Pater
617 2236 875 2298 omnium,
912 2250 975 2288 ex
1025 2253 1125 2305 quo
1172 2239 1350 2289 omnia
1378 2238 1441 2292 ³³,
1475 2236 1629 2302 Quod
1663 2238 1707 2293 si
1744 2238 1987 2305 quaedam

410 2338 474 2376 ex
508 2336 567 2379 se
596 2333 785 2379 mutuo
842 2326 996 2392 fiunt,
1033 2335 1112 2393 ut,
1163 2330 1396 2397 exempli
1447 2345 1633 2393 causa,
1672 2331 1985 2383 animalium

411 2418 729 2483 generatio;
764 2433 941 2487 neque
971 2419 1050 2473 sic
1080 2419 1227 2473 aliud
1255 2435 1316 2474 ex
1369 2419 1477 2473 alio
1506 2419 1582 2485 fit,
1620 2428 1871 2475 manente
1900 2435 1988 2475 σου

409 2505 558 2569 dem,
600 2505 651 2557 in
687 2505 772 2560 his
794 2522 915 2576 quae
954 2508 1271 2577 gignuntur,
1317 2516 1532 2562 natura.
1558 2510 1673 2573 Qua
1704 2509 1868 2578 igitur
1907 2524 1989 2563 ra-

409 2592 556 2649 tione
589 2594 662 2659 id,
696 2597 841 2665 quod
890 2614 990 2653 nec
1032 2600 1086 2651 in
1129 2598 1294 2652 rebus
1331 2599 1534 2654 creatis
1585 2600 1882 2665 invenitur,
1910 2600 1986 2653 illi

409 2701 682 2753 supremae
707 2697 916 2741 natura:
941 2688 1212 2753 attribuit,
1241 2691 1431 2757 primae
1459 2689 1713 2744 videlicet
1738 2690 1989 2744 substan-

408 2777 498 2829 tiae
551 2777 849 2831 secundam
919 2794 1043 2834 esse
1103 2795 1262 2849 opus,
1308 2789 1363 2836 et
1419 2780 1582 2849 hujbs
1637 2783 1987 2852 sequentem?

407 2864 564 2928 Quod
599 2865 645 2919 si
670 2865 916 2935 inspecto
964 2867 1284 2922 animalium
1308 2877 1431 2923 ortu
1472 2878 1749 2938 permotus
1780 2878 1885 2935 est,
1926 2880 1986 2925 ut

408 2956 591 3011 simile
613 2957 742 3026 quid
792 2957 859 3013 de
916 2959 1125 3014 illibata
1162 2959 1254 3013 illa
1318 2970 1373 3015 et
1423 2961 1748 3017 intemerata
1788 2971 1984 3018 natura

405 3045 744 3113 decerneret,
801 3048 1002 3117 prioris
1073 3050 1286 3105 scilicet
1338 3066 1480 3121 opus
1531 3053 1804 3123 quoddam
1862 3069 1985 3110 esse

404 3137 804 3203 posteriorem,
866 3152 934 3192 ne
978 3138 1059 3192 sic
1112 3138 1333 3208 quidem
1383 3139 1550 3194 rebus
1599 3142 1985 3196 convenienter

400 3228 590 3282 Sentit.
615 3226 750 3282 Nam
782 3244 901 3298 quae
925 3244 988 3284 ex
1021 3244 1080 3285 se
1109 3230 1343 3286 invicem
1386 3232 1704 3302 gignuntur,
1753 3248 1817 3286 ea
1846 3232 1984 3301 ejus-

401 3318 523 3374 dem
566 3319 792 3373 omnino
852 3328 1063 3372 naturae
1113 3328 1263 3386 sunt,
1309 3334 1435 3373 cum
1494 3320 1622 3386 illis,
1658 3336 1723 3375 ex
1783 3321 1982 3389 quibus

400 3413 723 3483 gignuntur.
754 3409 862 3465 lste
897 3420 1075 3465 autem
1105 3411 1338 3464 alienam
1366 3418 1421 3463 et
1444 3413 1784 3480 peregrinam
1818 3419 1981 3466 natu-

401 3520 519 3558 ram
546 3503 758 3573 aftingit
782 3504 911 3566 illis,
943 3501 1037 3571 qui
1067 3518 1132 3555 ex
1151 3518 1210 3557 se
1244 3510 1436 3556 mutuo
1483 3505 1597 3556 nati
1633 3512 1781 3565 sunt,
1802 3511 1861 3556 ut
1892 3519 1986 3572 pa-

402 3595 623 3649 tefaciat
654 3593 925 3647 mendacii
958 3593 1279 3659 vanitatem,
1316 3603 1369 3649 et
1406 3603 1663 3665 tanquam
1703 3595 1986 3651 ambidex—

402 3692 487 3739 ter
521 3684 669 3754 pugil
717 3684 935 3754 gemino
966 3684 1077 3739 ictu
1111 3686 1399 3740 veritatem
1445 3694 1685 3757 appetat.
1738 3686 1808 3741 Ut
1837 3687 1983 3741 enim

409 3774 800 3841 subiectionem
837 3774 1227 3846 dignitatisque
1268 3778 1539 3833 naturalis
1585 3778 1706 3832 Filii
1738 3788 1793 3834 et
1821 3777 1987 3848 Spiri-

406 3878 495 3921 tus
527 3866 703 3921 sancti
738 3867 1174 3922 imminutionem
1222 3869 1484 3934 stabiliat,
1544 3870 1776 3924 alterum
1808 3886 1873 3924 ex
1907 3871 1985 3923 al-

404 3968 526 4011 tero
554 3956 760 4012 editum
791 3957 946 4012 dicit.
976 3957 1054 4013 Ne
1083 3974 1209 4014 vero
1252 3961 1381 4014 dum
1416 3962 1531 4016 haec
1562 3962 1779 4028 asserit,
1808 3962 1862 4015 in
1888 3976 1984 4016 co-

401 4049 699 4118 gnitionem
760 4050 1005 4120 ejusdem
1041 4052 1377 4107 exsistentiae
1433 4053 1487 4106 in
1539 4053 1730 4109 eadem
1791 4062 1985 4107 natura

401 4140 693 4195 deveniant
715 4142 790 4195 illi
814 4143 907 4212 qui
944 4144 1352 4213 generationem
1379 4160 1445 4200 ex
1476 4160 1534 4201 se
1564 4146 1795 4199 invicem
1828 4145 1982 4199 intel-

402 4230 595 4302 ligunt,
628 4247 751 4287 cum
780 4234 896 4303 ipsa
930 4243 1142 4289 natura:
1177 4236 1386 4290 ratione
1424 4245 1649 4307 pugnat,
1690 4237 1819 4291 dum
1850 4236 1984 4290 alte-

401 4337 520 4374 rum
557 4338 622 4375 ex
652 4322 829 4377 altero
861 4333 1286 4394 progeneratum
1326 4326 1576 4381 concedit
1605 4344 1619 4392 ;
1652 4326 1985 4395 diversaeque

401 4420 629 4478 natura),
657 4426 709 4468 et
739 4416 904 4485 quasi
939 4417 1141 4486 spuria:
1180 4433 1326 4484 eum,
1362 4420 1455 4489 qui
1490 4426 1653 4474 natus
1679 4427 1783 4483 est,
1816 4434 1846 4472 a
1882 4434 1983 4474 suo

397 4504 644 4571 genitore
671 4504 858 4560 efﬁcit.

472 4600 761 4667 Caeterum,
793 4602 938 4671 quod
969 4605 1099 4657 mihi
1150 4614 1277 4660 ante
1316 4606 1499 4661 omnia
1534 4606 1759 4678 dignum
1799 4622 1979 4676 repre-
2010 4632 2053 4687 ι)

2089 2145 2201 2211 τὴρ
2237 2146 2496 2210 πάντων,
2530 2146 2598 2209 ἐξ
2627 2142 2697 2201 οὗ
2740 2147 2811 2200 τὰ
2844 2144 3057 2199 πάντα.
3102 2146 3164 2197 Εἰ
3189 2145 3243 2198 δέ
3274 2162 3324 2197 τι
3353 2146 3445 2199 καὶ
3478 2146 3543 2198 δι’
3575 2147 3673 2198 ἀλ-

2089 2234 2264 2304 λήλων
2309 2237 2548 2304 γίνεται,
2601 2236 2788 2307 ὥσπερ
2833 2239 2865 2308 ή
2902 2236 3010 2291 τῶν
3052 2235 3214 2295 ,ζώων
3263 2236 3493 2303 γένεσις,
3547 2238 3669 2290 οὐδὲ

2089 2326 2245 2379 τοῦτο
2274 2328 2456 2397 ἕτερον
2484 2327 2543 2391 ἐξ
2591 2327 2775 2398 ἐτέρου
2811 2328 3041 2395 γίνεται,
3073 2327 3427 2396 διαμενούσης
3471 2329 3527 2379 ὲν
3556 2330 3670 2390 τοῖς

2089 2417 2481 2487 ἐπιγινομένοις
2506 2419 2606 2487 τῆς
2631 2419 2862 2487 φύσεως.
2896 2419 3020 2481 Πῶς
3035 2415 3128 2471 οὖν
3145 2420 3229 2470 ἐπ’
3247 2419 3461 2481 οὐδενὸς
3476 2418 3585 2471 τῶν
3607 2420 3669 2470 ὲν

2088 2510 2153 2577 τῇ
2198 2509 2370 2561 κτίσει
2416 2508 2804 2579 θεωρουμένων
2836 2509 2977 2580 ἔχων
3003 2508 3065 2562 τὸ
3091 2510 3328 2564 τοιοῦτον
3353 2510 3671 2579 εἰπεῖν,,ὲπὶ

2087 2602 2185 2669 τῆς
2202 2600 2599 2669 ὑπερκειμένης
2614 2601 2798 2664 οὐσίας
2822 2600 2976 2654 τοῦτο
2998 2602 3416 2665 κατασκευάζει,
3430 2602 3490 2654 τὸ
3506 2602 3671 2673 ἔργον

2088 2683 2225 2739 εἶναι
2266 2686 2361 2757 τὴν
2413 2687 2670 2759 δευτέραν
2720 2688 2819 2758 τῆς
2864 2688 3119 2759 πρώτης,
3176 2691 3269 2744 καὶ
3309 2690 3514 2762 ταύτην
3568 2692 3668 2761 τῆς

2088 2774 2282 2845 ἑφεξῆς
2307 2792 2320 2839 ;
2351 2776 2414 2828 Εί
2438 2775 2496 2829 δὲ
2524 2776 2621 2844 τὴν
2653 2775 2840 2846 ζωὼδη
2871 2776 3079 2843 γένεσιν
3108 2778 3383 2849 ἐννοήσας,
3416 2778 3668 2832 ἐντεῦθεν

2087 2865 2396 2936 ὲφαντάσθη
2431 2867 2526 2920 καὶ
2551 2865 2676 2936 περὶ
2701 2867 2798 2936 τῆς
2840 2866 3117 2937 ἀκηράτου
3144 2867 3356 2935 φύσεως
3386 2869 3671 2940 ὁμοιότροο

2089 2959 2187 3012 πόν
2216 2975 2267 3010 τι
2296 2957 2649 3026 λογίσασθαι,
2689 2956 2830 3009 ὥστε
2869 2956 3028 3027 ἔργον
3060 2959 3318 3031 νοηθῆναι
3360 2961 3419 3013 τὸ
3464 2961 3670 3031 ἑφεξῆς

2085 3048 2176 3101 τοῦ
2202 3049 2552 3119 προάγοντος,
2582 3047 2689 3100 οὐδ’
2712 3049 2769 3098 ὲν
2791 3046 2964 3117 τούτῳ
3003 3049 3066 3100 τὸ
3088 3049 3377 3104 ἀκόλουθον
3408 3050 3666 3116 διασώζει

2086 3139 2178 3193 τοῦ
2224 3140 2405 3208 λόγου.
2456 3139 2537 3191 Τὰ
2583 3138 2693 3209 γὰρ
2726 3139 2783 3204 ἐξ
2822 3139 3021 3209 ἐτέρων
3053 3140 3333 3211 γινόμενα,
3375 3143 3665 3215 ὁμοιογενῆ

2085 3231 2301 3295 πάντως
2345 3231 2464 3284 ἐστὶ
2491 3233 2605 3294 τοῖς
2651 3229 2710 3297 ἐξ
2738 3224 2814 3284 ὧν
2856 3230 3085 3298 γίνεται.
3131 3232 3190 3285 '0
3226 3232 3283 3285 δὲ
3322 3232 3382 3286 τὸ
3426 3233 3574 3298 ξένον
3599 3252 3665 3289 τε

2087 3321 2180 3373 καὶ
2211 3320 2504 3389 ἀλλόφυλον
2536 3324 2647 3384 τοῖς
2689 3321 2755 3373 δι’
2792 3320 3035 3391 ἀλλήλων
3065 3313 3451 3393 γεγενημένοις
3490 3342 3664 3397 προσ-

2090 3415 2386 3483 μαρτυρεῖ,
2439 3412 2525 3466 ῐνα
2568 3412 2714 3485 δείξῃ
2763 3412 2860 3483 τὴν
2906 3415 3222 3482 περιουσίαν
3268 3416 3362 3469 τοῦ
3392 3416 3663 3486 ψεύδους,

2084 3503 2271 3574 ὥσπερ
2302 3502 2471 3568 δεξιὸς
2499 3504 2801 3573 ἀγωνιστὴς
2828 3504 2984 3574 διπλῇ
3026 3508 3090 3577 τῇ
3126 3507 3268 3577 χειρὶ
3294 3506 3507 3576 βάλλειν
3542 3511 3665 3561 ὲπι-

2084 3595 2281 3667 χειρῶν
2326 3596 2423 3667 τὴν
2471 3597 2745 3667 ἀλήθειαν.
2799 3597 2914 3649 Ἵνα
2964 3596 3073 3667 γὰρ
3121 3597 3182 3651 τὸ
3226 3599 3516 3669 ὑφειμένον
3565 3603 3662 3656 καὶ

2084 3690 2223 3743 κατά
2253 3689 2351 3758 τὴν
2383 3688 2619 3760 φυσικὴν
2662 3687 2815 3753 ἀξίαν
2849 3689 3225 3757 ἠλαττωμένον
3260 3691 3354 3744 τοῦ
3402 3690 3533 3745 Υἱοῦ
3565 3692 3662 3747 καὶ

2082 3780 2176 3834 τοῦ
2219 3781 2531 3851 Πνεύματος
2560 3780 2819 3850 ἐπιδείξῃ,
2851 3781 3037 3850 ἓτερον
3068 3780 3127 3845 ἐξ
3156 3782 3341 3852 ἑτέρου
3369 3783 3662 3853 γενόμενον

2084 3872 2266 3941 λέγει’
2302 3872 2375 3934 ὡς
2427 3872 2637 3941 μήποτε
2683 3872 2761 3931 εἰς
2807 3872 3135 3941 οἰκειότητος
3190 3870 3396 3923 ἔννοιαν
3444 3873 3509 3924 ἐκ
3562 3872 3660 3925 τοῦ

2082 3963 2321 4017 τοιούτου
2369 3962 2572 4034 τρόπου
2626 3963 2725 4032 τῆς
2767 3962 3050 4034 ὑπάρξεως
3083 3963 3285 4015 ἔλθοιεν
3354 3963 3402 4015 οι
3449 3962 3547 4033 τὴν
3596 3964 3660 4031 ἐξ

2082 4055 2323 4125 ἀλλήλων
2350 4055 2561 4123 γένεσιν
2587 4053 2984 4125 μεμαθηκότες,
3013 4055 3106 4107 καὶ
3138 4054 3287 4123 αὐτῷ
3317 4054 3549 4124 μάχεται
3575 4056 3660 4127 τῷ

2080 4147 2180 4217 τῆς
2210 4146 2421 4215 φύσεως
2450 4147 2612 4216 λόγῳ,
2642 4148 2734 4200 καὶ
2756 4147 2941 4219 ἕτερον
2965 4144 3025 4210 ἐξ
3065 4147 3249 4218 ἐτέρου
3284 4146 3535 4215 γενέσθαι
3563 4147 3657 4200 λέ-

2084 4252 2218 4303 γων,
2261 4236 2355 4289 καὶ
2387 4234 2537 4289 νόθον
2570 4236 2661 4288 τὸν
2707 4236 3092 4305 γεγενημένον,
3140 4237 3215 4300 ὡς
3250 4237 3387 4308 πρὸς
3420 4236 3517 4308 τὴν
3558 4237 3657 4289 τοῦ

2085 4326 2471 4396 γεγεννηκότος
2501 4325 2679 4394 φύσιν,
2713 4326 3161 4396 ἀποφαινόμενος.

2160 4601 2225 4653 "U
2260 4601 2316 4653 δέ
2365 4618 2453 4669 μοι
2484 4598 2628 4652 δοκεῖ
2668 4599 2773 4669 πρὸ
2812 4598 3013 4653 τούτων
3046 4598 3110 4653 ἄν
3141 4615 3226 4662 τις
3254 4598 3477 4662 εἰκότως
3510 4603 3656 4671 μέμ·-

402 4691 664 4746 liensioue
710 4694 945 4759 videtur,
997 4696 1101 4749 hoc
1155 4704 1239 4751 est
1280 4716 1290 4750 :
1325 4698 1383 4752 Si
1420 4699 1653 4752 aliorum
1703 4698 1976 4767 quispiam

2088 4692 2312 4763 ψασθαι,
2359 4690 2515 4744 τοῦτό
2553 4693 2719 4742 ἐστιν·
2767 4693 2828 4747 Εἰ
2872 4690 2968 4760 μὲν
3011 4690 3119 4743 τῶν
3156 4690 3331 4744 ἄλλων
3378 4707 3463 4754 τις
3490 4686 3559 4761 ἦν
3597 4694 3659 4746 ὲν

400 4781 630 4833 docendi
665 4784 971 4854 imperitus,
1008 4796 1062 4841 et
1090 4788 1145 4841 in
1188 4788 1274 4843 his
1304 4789 1795 4845 exercitationibus
1825 4790 1979 4846 rudis

400 4881 454 4925 ct
516 4872 715 4941 hospes
768 4879 1097 4931 sententiam
1150 4893 1340 4941 suam,
1390 4887 1549 4948 prout
1593 4895 1680 4935 res
1727 4880 1977 4939 tulisset.

399 4962 761 5027 enuntiasset,
807 4968 1001 5020 merito
1056 4969 1104 5021 ei
1150 4968 1573 5037 ignosceremus,
1597 4971 1743 5039 quod
1791 4972 1981 5039 hujus-

401 5052 546 5106 tnodi
575 5061 840 5121 apparatu
874 5056 939 5108 ad
982 5057 1307 5112 stabilienda
1333 5058 1586 5129 dogmata
1624 5075 1759 5114 usus
1810 5069 1975 5114 esset.

398 5147 613 5200 Atcum
652 5145 751 5201 iste
788 5163 851 5201 ea
892 5147 1146 5203 facultate
1183 5152 1404 5218 polleat,
1448 5160 1505 5205 ut
1546 5161 1599 5207 et
1644 5152 1711 5206 ad
1755 5168 1817 5207 ea
1860 5169 1979 5224 quae

400 5238 561 5309 longe
592 5254 758 5308 supra
796 5248 1049 5293 naturam
1080 5250 1323 5297 nostram
1360 5247 1537 5313 posita
1570 5252 1721 5309 sunt,
1756 5245 1981 5300 investi-

400 5330 577 5398 ganda
630 5330 1052 5400 perspicacitate
1095 5346 1194 5386 sua
1240 5349 1361 5390 sese
1413 5337 1689 5399 extendat,
1741 5351 1977 5405 quonam

403 5418 562 5470 modo
610 5419 879 5488 ignoravit
925 5422 1279 5493 principium,
1324 5440 1432 5493 quo
1470 5426 1524 5479 in
1558 5425 1642 5480 his
1672 5441 1857 5479 rerum
1890 5441 1980 5479 oc-

402 5508 670 5562 cultarum
736 5512 1219 5585 disquisitionibus
1282 5515 1563 5586 indagatio
1624 5517 1976 5573 instituitur?

474 5685 557 5743 ³⁵1
593 5688 720 5747 Cor.
751 5708 868 5764 vnn,
892 5696 947 5749 6.

2082 4783 2304 4853 ἀπειρίᾳ
2319 4782 2412 4834 τοῦ
2433 4782 2607 4849 λέγειν
2629 4779 2854 4851 ἀτριϐὴς
2874 4779 2981 4833 τῶν
3001 4780 3254 4834 τοιούτων
3279 4782 3658 4844 κατασκευῶν,

2082 4874 2174 4927 καὶ
2198 4871 2575 4941 ἀγύμναστος,
2610 4868 2797 4923 ἔπειτα
2828 4869 2889 4922 τὸ
2928 4870 3212 4940 παραστάν
3248 4869 3397 4940 αὐτῷ
3427 4870 3571 4924 κατά
3597 4873 3663 4926 τὸ

2084 4964 2295 5034 συμϐὰν
2326 4963 2673 5031 ἀπεφαίνετο,
2707 4962 3048 5030 συγγνωστὸς
3097 4961 3162 5016 ἂν
3195 4962 3324 5025 ἴσως
3352 4965 3474 5025 ταῖς
3509 4981 3661 5017 ν;νοο

2085 5052 2374 5122 μισμέναις
2413 5053 2540 5122 περὶ
2582 5051 2783 5104 τούτων
2817 5051 3022 5119 ἐφόδοις
3056 5053 3137 5115 εἰς
3167 5052 3266 5120 τὴν
3307 5050 3417 5104 τῶν
3449 5052 3658 5124 δογμά-

2074 5161 2182 5197 των
2214 5143 2553 5217 κατασκευὴν
2586 5143 2658 5213 μὴ
2693 5140 3091 5211 συγχρώμενος.
3138 5142 3289 5195 Ἐπεὶ
3318 5142 3373 5194 δὲ
3404 5145 3659 5198 τοσοῦτον

2078 5233 2224 5305 αὐτῷ
2262 5233 2505 5304 περίεστι
2553 5234 2651 5304 τῆς
2694 5236 2751 5286 ἐν
2806 5233 2980 5303 τούτῳ
3025 5232 3335 5302 δυνάμεως,
3370 5232 3514 5287 ὥστε
3565 5237 3657 5289 καὶ

2077 5329 2155 5388 εἰς
2188 5326 2252 5379 τὰ
2287 5325 2611 5395 ὑπερέκεινα
2654 5323 2755 5392 τῆς
2799 5323 3011 5391 φύσεως
3042 5324 3198 5393 ἡμῶν
3230 5323 3316 5376 διά
3348 5324 3449 5393 τῆς
3491 5343 3656 5379 κατα-

2078 5418 2346 5489 ληπτικῆς
2375 5416 2559 5485 ἐφόδου
2591 5414 3097 5486 ὑπερεκτείνεσθαι,
3134 5414 3251 5477 πῶς
3283 5416 3519 5487 ἠγνόησε
3557 5418 3657 5489 τὴν

2080 5509 2273 5582 ἀρχὴν,
2295 5508 2360 5562 δι’
2383 5503 2449 5579 ἧς
2472 5505 2670 5570 παντὸς
2696 5506 3077 5579 κεκρυμμένου
3102 5505 3426 5577 πράγματος
3456 5509 3513 5561 ὲν
3541 5512 3657 5572 ταῖς
