4064 6146
256 283 362 339 317

1397 282 1675 339 CONTRA
1706 279 2093 344 EUNOMIUM,
2138 279 2262 333 UB.
2308 280 2346 332 Ι.

3421 277 3523 331 ’513

256 397 508 465 λογικαῖς
532 395 754 467 ταύταις
795 397 1189 469 ἐπιχειρήσεσιν
1221 396 1572 467 ήκατάληψις
1600 395 1806 464 γίνεται
1829 412 1842 460 ;

1951 391 2082 458 Quis
2111 392 2255 446 enim
2292 390 2472 445 nescit
2520 389 2822 444 orationem
2859 404 2924 443 ex
2970 387 3274 443 manifestis
3308 392 3509 459 perspi-

255 487 355 549 Τίς
381 486 493 555 γὰρ
527 488 627 539 οὐκ
651 482 812 550 οἶδεν,
838 488 917 540 ὅτι
954 487 1059 551 πᾶς
1088 486 1240 554 λόγος
1272 488 1332 538 ἐκ
1358 486 1462 540 τῶν
1504 484 1750 555 φανερῶν
1779 501 1838 535 τε

257 578 355 630 καὶ
398 578 566 629 πᾶσιν
616 577 970 647 ἐγνωσμένων
1010 577 1105 639 τὰς
1153 576 1326 647 ἀρχὰς
1368 577 1682 647 λαμϐάνων,
1730 579 1841 640 τοῖς

257 667 798 739 ἀμφισϐητουμένοις
839 668 905 721 δι’
944 668 1108 722 αὐτοῦ
1155 669 1347 737 ἐπάγει
1381 670 1477 741 τὴν
1509 669 1709 733 πίστιν,
1747 667 1841 721 καὶ

258 764 362 815 οὐκ
386 762 451 816 ἂν
479 763 684 834 ἑτέρως
706 781 759 816 τι
790 763 1159 835 καταληφθείη
1185 764 1295 819 τῶν
1321 764 1739 836 κεκρυμμένων,
1765 761 1841 834 μὴ

262 855 373 909 τῶν
437 856 888 927 ὁμολογουμένων
930 859 1079 927 ἡμᾶς
1135 858 1269 928 πρὸς
1314 858 1412 929 τὴν
1469 856 1575 910 τῶν
1630 856 1840 925 ἀδήλων

264 949 482 999 σύνεσιν
526 946 1045 1016 χειραγωγούντων;
1072 948 1133 1001 Ei
1162 948 1217 1000 δὲ
1239 946 1306 1000 τὰ
1333 950 1390 1000 ὲν
1431 949 1625 1018 ἀρχαῖς
1667 946 1840 1013 λόγων

263 1037 401 1107 πρὸς
427 1036 525 1108 τὴν
542 1036 651 1089 τῶν
670 1037 1049 1108 ἀγνοουμένων
1084 1039 1386 1108 φανέρωσιν
1419 1037 1803 1108 λαμϐανόμενα
1822 1074 1838 1099 ,

260 1130 382 1190 ταῖς
416 1127 526 1179 τῶν
578 1127 786 1179 πολλῶν
818 1128 1115 1198 ὑπολήψεσι
1163 1130 1419 1199 μάχοιτο,
1475 1128 1636 1199 σχολῇ
1686 1128 1737 1196 γ’
1775 1127 1840 1182 ἂν

264 1218 357 1270 καὶ
386 1218 474 1271 διὰ
508 1217 711 1272 τούτων
745 1217 1080 1290 φανερωθείη
1107 1218 1167 1272 τὸ
1199 1219 1578 1289 ἀγνοούμενον.

335 1439 545 1495 οὐκοῦν
568 1441 602 1511 ἡ
637 1441 787 1493 πᾶσα
827 1440 971 1511 μάχη
1001 1442 1095 1494 καὶ
1125 1442 1422 1511 ἀμφιϐολία
1453 1441 1547 1495 τοῦ
1573 1442 1842 1513 δόγματος

260 1534 378 1593 τοῖς
416 1531 920 1601 Ἐκκλησιαστικοῖς
941 1532 1076 1602 πρὸς
1092 1535 1214 1596 τοὺς
1248 1534 1555 1603 Ἀνομοίους
1572 1535 1843 1606 ἐστὶ,περί

262 1639 323 1673 τε
360 1621 454 1675 τοῦ
484 1623 594 1675 δεῖν
624 1623 656 1693 ἢ
693 1623 909 1676 κτιστὸν
935 1626 1072 1676 νοεῖν
1105 1623 1195 1676 τὸν
1224 1625 1370 1691 Υίὸν,
1403 1626 1495 1678 καὶ
1533 1626 1594 1679 τὸ
1620 1627 1844 1697 Πνεῦμα

1941 484 2167 551 cuisque
2210 480 2429 535 ductam
2479 480 2775 535 conciliare
2822 479 2981 533 ﬁdem
3027 480 3157 542 illis,
3212 479 3279 534 de
3322 483 3522 550 quibus

1942 575 2272 643 ambigitur:
2314 588 2490 640 neque
2520 573 2573 626 in
2594 570 2962 639 cognitionem
2998 587 3180 625 rerum
3212 573 3519 640 ignotarum

1940 672 1996 720 et
2042 664 2420 718 abstrusarum
2452 677 2553 715 nos
2592 660 2897 731 pervenire,
2928 660 3033 714 nisi
3069 677 3190 730 quas
3206 661 3526 730 plerumque

1941 754 2323 807 conceduntur
2350 759 2403 807 et
2432 750 2825 820 approbantur,
2866 749 2933 802 ad
2969 764 3151 803 rerum
3188 751 3523 804 incertarum

1940 846 2379 916 perspicientiam
2413 859 2513 898 nos
2546 843 2703 912 quasi
2733 857 2896 895 manu
2926 841 3165 895 ducant?
3197 842 3253 895 Si
3290 858 3421 896 vero
3458 856 3524 895 ea

1941 954 2062 1008 quae
2087 938 2141 992 in
2175 936 2445 1006 principio
2474 935 2864 1005 disputationis
2912 934 2979 987 ad
3014 934 3225 1003 ignotas
3255 949 3344 1013 res
3376 933 3522 987 noti-

1944 1030 2184 1085 ﬁcandas
2232 1026 2605 1091 adhibuimus,
2654 1025 2931 1080 communi
2988 1024 3271 1078 hominum
3335 1024 3525 1077 sensui

1941 1126 2265 1191 repugnent,
2307 1134 2448 1189 aagre
2488 1116 2734 1187 profecto
2773 1118 2848 1181 id,
2900 1116 3047 1186 quod
3089 1116 3144 1170 in
3195 1114 3360 1169 dubio
3403 1131 3525 1189 ver-_

1942 1221 2117 1274 satur,
2167 1217 2330 1280 atque
2373 1211 2507 1265 adeo
2543 1212 2760 1280 penitus
2799 1216 3049 1279 negatur,
3109 1208 3216 1262 illis
3264 1205 3523 1262 adhibitis

1941 1301 2344 1371 explanabitur.

2010 1431 2181 1502 Igitur
2212 1435 2392 1490 omnis
2422 1434 2795 1490 controversia
2838 1434 2980 1487 inter
3036 1432 3393 1493 orthodoxos,
3428 1430 3522 1500 qui

1944 1526 2242 1581 Ecclesiam
2298 1536 2624 1595 sequuntur,
2676 1534 2730 1581 et
2774 1527 2917 1579 inter
2969 1526 3263 1579 Anomoeos
3316 1526 3369 1577 in
3421 1525 3522 1577 hoc

1944 1615 2235 1670 consistit:
2276 1623 2459 1669 ntrutn
2504 1623 2748 1685 oporteat
2792 1614 2987 1669 Filium
3026 1616 3114 1669 Dei
3158 1624 3211 1669 et
3256 1614 3519 1684 Spiritum

267 1714 411 1766 κατά
456 1714 546 1766 τὸν
578 1715 733 1783 λόγον
774 1715 883 1767 τῶν
915 1715 1191 1778 ἐναντίων,
1237 1717 1270 1789 ἢ
1307 1716 1405 1785 τῆς
1439 1717 1693 1769 ἀκτίστου
1743 1717 1842 1785 φύ-

1949 1716 2199 1761 sanctum
2256 1722 2545 1762 numerare
2591 1708 2734 1763 inter
2791 1722 2878 1761 res
2934 1715 3171 1771 creatas,
3223 1714 3281 1760 ut
3333 1708 3522 1760 volunt

263 1824 425 1871 σεως,
456 1806 639 1870 καθὼς
672 1808 703 1878 ἡ
754 1808 1047 1879 Ἐκκλησία
1078 1808 1422 1863 πεπίστευκε.
1442 1804 1623 1873 ,Οὗτος
1668 1811 1844 1864 τοίνυν

262 1899 396 1951 αὐτὸ
420 1899 482 1952 τδ
524 1899 675 1970 παρά
710 1900 924 1953 πάντων
966 1900 1397 1970 ἀντιλεγόμενον,
1447 1903 1523 1963 ὼς
1555 1902 1846 1972 ὁμολογού-

266 2007 425 2059 μενον
460 1991 841 2058 ἀποφαίνεται.
892 1993 1001 2044 Καὶ
1025 1992 1279 2063 οὐδεμίαν
1305 1992 1572 2057 ἀπόδειξιν
1611 1992 1845 2062 ἐξευρὼν

260 2080 354 2133 τοῦ
386 2080 547 2150 ἔργον
597 2076 735 2134 εἶναι
766 2082 863 2150 τῆς
906 2082 1253 2152 προαγούσης
1280 2081 1466 2145 οὐσίας
1493 2081 1593 2150 τὴν
1622 2080 1843 2150 ἐφεξῆς,

261 2170 484 2239 θαρσῶν
510 2170 821 2239 δογματίζει
852 2171 911 2224 τὸ
931 2170 1104 2234 οὕτως
1128 2171 1291 2241 ἔχειν,
1336 2172 1435 2223 οὐκ
1458 2165 1574 2223 οἶδα
1600 2172 1663 2222 ὲκ
1688 2171 1845 2231 ποίας

261 2261 600 2323 παιδεύσεως
633 2261 664 2330 ἦ
696 2262 885 2330 σοφίας
914 2261 1071 2314 τοῦτο
1110 2261 1407 2332 θαρσήσας.
1434 2261 1498 2313 Εἰ
1532 2261 1637 2331 γὰρ
1665 2261 1843 2331 πάσης

255 2355 610 2423 κατασκευῆς
647 2353 741 2405 καὶ
782 2353 1102 2417 ἀποδείξεως
1138 2352 1349 2422 ἄμαχόν
1390 2370 1509 2406 τινα
1541 2354 1633 2404 καὶ
1672 2354 1844 2423 ἀναμ-

261 2444 482 2509 φίϐολον
521 2443 880 2514 προηγεῖσθαι
932 2444 1037 2515 χρὴ
1056 2445 1151 2514 τὴν
1197 2443 1517 2513 ὁμολογίαν,
1569 2443 1709 2497 ὥστε
1765 2444 1843 2513 τῷ

257 2534 792 2605 προκατειλημμένῳ
816 2535 877 2587 τὸ
904 2534 1262 2606 ἀγνοούμενον
1281 2536 1401 2597 ταῖς
1428 2533 1514 2588 διὰ
1549 2534 1713 2605 μέσου
1744 2552 1842 2589 κα-

258 2627 558 2686 τασκευαῖς
584 2624 796 2688 οἰκείως
817 2631 1221 2701 προσαγόμενον
1252 2624 1688 2691 ἀποδείκνυσθαι,
1722 2629 1750 2679 ὁ
1781 2627 1841 2680 τὸ

261 2713 594 2783 ζητούμενον
644 2712 724 2765 ἔτι
766 2712 844 2775 είς
884 2714 1226 2784 κατασκευὴν
1270 2714 1472 2784 ἑτέρων
1522 2714 1837 2784 προτείνων,

262 2803 408 2855 οὐδὲν
438 2803 631 2871 ἕτερον
674 2802 708 2871 ἢ
741 2802 805 2854 δι’
849 2803 1068 2870 ἀγνοίας
1112 2803 1352 2870 ἄγνοιαν,
1390 2805 1485 2857 καὶ⁹
1531 2804 1595 2856 δι’
1625 2806 1840 2876 ἀπάτης

268 2893 472 2963 ἀπάτην
503 2890 924 2956 κατασκευάζει.
966 2891 1137 2945 Τοῦτό
1182 2894 1296 2946 ἐστι
1322 2894 1380 2945 τὸ
1408 2893 1605 2962 τυφλοῦ
1641 2896 1840 2964 τυφλὸν

263 2983 448 3054 ὁδηγὸν
495 2983 787 3047 ποιεῖσθαι,
841 2982 1025 3047 καθώς
1058 2984 1190 3055 φησί
1223 3002 1323 3038 που
1372 2984 1432 3040 τὸ
1479 2985 1836 3056 Εὑαγγέλιον.

266 3076 469 3137 Ὄντως
501 3073 610 3145 γὰρ
642 3074 825 3145 τυφλῷ
870 3076 965 3129 καὶ
991 3076 1415 3147 κενεμϐατοῦντι
1452 3080 1527 3152 τῷ
1560 3081 1721 3151 λόγῳ,
1762 3080 1840 3151 τῷ

259 3163 466 3233 κτίσμα
530 3164 625 3217 καὶ
677 3163 886 3234 ποίημα
928 3164 1018 3217 τὸν
1062 3165 1279 3219 πάντων
1332 3168 1553 3240 κτίστην
1608 3172 1701 3223 καὶ
1751 3170 1851 3242 δη-’

262 3255 527 3325 μιουργδν
573 3251 713 3307 εἶναι
750 3254 993 3323 λέγοντι,
1014 3255 1206 3327 ,ἕτερον
1240 3258 1437 3327 τυφλὸν
1475 3259 1632 3328 λόγον
1663 3277 1841 3331 παρα-

261 3344 581 3414 ζευγνύουσι
606 3386 621 3408 ,
660 3346 722 3398 τὸ
755 3344 1035 3418 ἀλλότριον
1076 3344 1214 3401 εἶναι
1245 3352 1311 3420 τῇ
1353 3350 1512 3418 φύσει
1564 3352 1658 3405 καὶ
1703 3353 1844 3407 κατὰ

258 3437 355 3509 τὴν
390 3437 581 3491 οὐσίαν
612 3437 884 3508 ἀνόμοιον,
926 3438 1023 3491 καὶ
1052 3439 1227 3510 πάντη
1256 3441 1354 3511 τῆς
1386 3443 1620 3514 φυσικῆς
1649 3444 1844 3497 οἰκειό-

259 3546 420 3601 τητος
437 3528 722 3599 ἀμέτοχον,
742 3529 881 3587 εἶναι
893 3534 985 3588 τοῦ
1014 3530 1227 3603 [ἰατρὸς
1252 3532 1344 3588 τὸν
1371 3534 1518 3587 Υίόψ
1552 3534 1665 3587 ἀλλ’
1690 3535 1844 3591 οὔπω

261 3622 391 3690 περὶ
417 3621 624 3673 τούτων
643 3638 658 3651 ·
691 3623 747 3676 ὲν
782 3616 864 3685 οἷς
904 3621 1015 3693 γὰρ
1066 3624 1398 3696 γυμνότερον
1426 3626 1754 3680 ἐκκαλύπτει
1783 3628 1843 3679 τὸ

208 3730 221 3740 ’
260 3712 456 3775 ἀσεϐὲς
479 3711 572 3765 τοῦ
604 3714 963 3784 φρονήματος,
991 3716 1048 3766 ἐν
1074 3715 1282 3777 τούτοις
1324 3716 1577 3788 εύκαιρόν
1607 3720 1720 3771 ἐστι
1752 3718 1844 3771 καὶ

262 3804 406 3872 ἡμᾶς
442 3802 773 3873 ὑπερθέσθαι
804 3803 904 3873 τῆς
942 3804 1194 3867 ἀσεϐείας
1235 3805 1324 3858 τὸν
1356 3807 1594 3877 ἔλεγχον.
1624 3810 1759 3862 Νυνὶ
1788 3810 1844 3862 δὲ

260 3898 391 3965 ἡμῖν
413 3896 551 3965 πρὸς
574 3895 670 3967 τὴν
698 3895 1016 3949 ἀκολουθίαν
1042 3895 1151 3950 τῶν
1182 3899 1310 3969 παρ’
1338 3899 1545 3952 ἐκείνου
1574 3900 1845 3970 ῥηθέντων

260 3985 565 4039 ἐπανιτέον.

331 4137 529 4193 Πάλιν
558 4137 627 4191 δὲ
666 4132 745 4193 αὗ
794 4136 1059 4208 ἑκάστης
1092 4141 1319 4196 τούτων
1348 4144 1564 4210 οὐσίτις
1606 4146 1845 4213 εἱλικρι-

261 4228 427 4294 νοῦς,
448 4223 789 4293 ἀπ.ἳῆς,καξ
805 4227 1000 4297 πάντη
1015 4231 1156 4299 μιᾶς
1179 4233 1369 4300 οὔσης
1391 4250 1455 4288 τε
1482 4235 1579 4290 καὶ
1600 4239 1845 4306 νοουμέ-

259 4334 375 4385 νης
428 4317 581 4371 κατὰ
618 4318 733 4385 τὴν
763 4317 921 4372 ἰδίαν
949 4319 1149 4384 ἀξίαν,
1197 4326 1845 4396 συμπεριγραςρομένων

260 4404 331 4461 δὲ
354 4408 479 4473 τοῖς
496 4408 694 4479 ἔργοις
726 4409 845 4463 τῶν
871 4410 1201 4481 ἐνεργειῶν,
1227 4415 1323 4467 καὶ
1354 4415 1473 4469 τῶν
1498 4416 1687 4487 ἔργων
1716 4420 1842 4486 ταῖς

1951 1797 2271 1862 adversarii,
2291 1812 2361 1851 an
2388 1798 2526 1852 inter
2558 1813 2646 1853 res
2671 1798 2966 1863 inereatas,
2988 1805 3046 1851 ut
3069 1798 3231 1853 sentit
3258 1797 3518 1851 Ecclesia.

1947 1885 2059 1941 Hoc
2107 1887 2275 1956 igitur
2337 1889 2423 1941 cui
2454 1888 2522 1941 ab
2575 1889 2829 1943 omnibus
2881 1890 3297 1951 contradicitur,
3358 1889 3523 1943 sumit

1947 1979 2061 2044 ipse
2091 1987 2347 2049 tanquam
2382 1994 2706 2035 concessum
2740 1981 2808 2035 ab
2844 1982 3139 2045 omnibus;
3173 1982 3338 2035 etiam
3376 1981 3520 2034 nulla

1946 2070 2104 2123 allata
2135 2070 2625 2136 demonstratione,
2654 2074 2797 2142 quod
2830 2073 3097 2142 posterior
3131 2074 3201 2127 sit
3240 2088 3377 2142 Opus
3402 2074 3522 2127 sub—

1944 2166 2156 2217 stantiae
2209 2165 2433 2231 prioris,
2495 2164 2830 2219 confidenter
2878 2164 3057 2227 docet,
3116 2180 3229 2218 rem
3279 2165 3351 2218 ita
3403 2178 3524 2218 sese

1946 2256 2165 2321 habere,
2208 2258 2393 2311 nescio
2441 2272 2547 2327 qua
2582 2256 2925 2312 institutione
2979 2262 3073 2309 aut
3116 2255 3407 2325 disciplina
3450 2255 3524 2307 ita

1944 2343 2187 2408 edoctus,
2218 2353 2274 2399 et
2298 2360 2364 2399 eo
2393 2361 2566 2415 usque
2587 2345 2927 2400 conﬁdentia:
2953 2352 3264 2413 provectus.
3297 2342 3353 2398 Si
3381 2345 3523 2398 enim

1945 2434 2091 2487 omni
2152 2435 2459 2503 probationi
2512 2444 2568 2491 et
2630 2435 3085 2490 demonstratioui
3149 2435 3525 2505 praamittenda

1951 2538 2081 2577 sunt
2107 2531 2277 2587 certa,
2316 2526 2670 2595 omniumque
2718 2542 2989 2581 consensu
3041 2527 3414 2587 corroborata,
3466 2532 3525 2576 ut

1948 2616 2195 2684 ignotum
2233 2632 2355 2683 cum
2396 2617 2463 2671 iis
2489 2632 2607 2687 quae
2641 2618 2918 2686 praemissa
2954 2624 3102 2680 sunt,
3148 2626 3271 2687 apte
3311 2624 3363 2669 et
3389 2631 3526 2669 con-

1943 2707 2230 2760 venientes
2248 2722 2554 2761 connexum
2575 2708 2791 2777 patefiat
2809 2716 2862 2763 et
2881 2709 3174 2763 clarescat:
3208 2716 3341 2760 sane
3358 2710 3405 2763 is
3430 2706 3520 2772 uni

1944 2798 2088 2867 quod
2110 2800 2163 2851 in
2196 2799 2495 2869 quaestione
2513 2801 2747 2868 positum
2767 2808 2870 2861 est,
2893 2799 2958 2852 ad
2983 2800 3083 2853 alia
3104 2797 3527 2853 demonstranda

1948 2892 2199 2954 asciscit,
2232 2891 2372 2945 nihil
2409 2891 2552 2945 aliud
2584 2908 2745 2962 quam
2789 2893 3149 2963 ignorantiam
3195 2890 3526 2961 ignorantia,

1946 2981 2302 3052 fraudemque
2331 2982 2522 3039 fraude
2552 2985 2813 3038 cumulat.
2841 2983 2953 3038 Hoc
2986 2984 3198 3037 scilicet
3218 2990 3301 3038 est
3323 2997 3525 3036 caecum

1947 3088 2091 3129 caeco
2117 3088 2175 3128 se
2204 3074 2445 3142 praebere
2466 3075 2683 3138 ducem,
2717 3082 2777 3127 ut
2816 3074 3018 3127 alicubi
3058 3073 3411 3142 Evangelium
3442 3073 3525 3126 lo-

1944 3167 2130 3237 quitur
2161 3166 2225 3219 “.
2259 3164 2391 3221 Vere
2432 3166 2577 3220 enim
2618 3180 2765 3220 caeco
2795 3172 2848 3220 et
2895 3166 3054 3234 pleno
3104 3164 3360 3218 vanitatis
3406 3178 3526 3217 ser-

1945 3260 2113 3323 moni,
2139 3260 2231 3330 qui
2258 3259 2501 3314 omnium
2535 3266 2837 3314 creatorem
2888 3268 2941 3313 et
2985 3257 3323 3313 conditorem
3357 3258 3409 3310 in
3442 3272 3527 3311 re-

1944 3366 2065 3405 rum
2117 3360 2427 3405 creatarum
2475 3359 2528 3405 et
2584 3349 2899 3406 eﬂ‘ectarum
2956 3350 3205 3404 ordinem
3264 3347 3523 3417 conjicit,

1945 3443 2247 3512 adjungunt
2280 3442 2446 3496 alium
2492 3457 2645 3511 aeque
2678 3456 2904 3504 caecum,
2934 3442 3122 3496 alienae
3144 3441 3394 3495 videlicet
3426 3456 3526 3495 na-

1943 3539 2081 3585 turae
2108 3547 2203 3587 eos
2233 3547 2374 3595 esse,
2407 3539 2463 3587 et
2487 3532 2788 3587 secundum
2822 3533 3183 3587 substantiam
3210 3533 3523 3602 inmquales,

1944 3620 2252 3690 Filiumque
2280 3622 2607 3691 cognatione
2622 3630 2846 3698 naturae.
2862 3621 3005 3675 Patri
3034 3622 3183 3676 nullo
3213 3621 3373 3675 modo
3403 3636 3526 3674 con-

1946 3714 2183 3779 sociari;
2214 3714 2308 3768 sed
2342 3713 2408 3767 de
2438 3715 2521 3768 his
2552 3725 2735 3783 postea
2764 3714 3097 3769 viderimus:
3130 3730 3228 3783 par
3249 3714 3392 3769 enim
3418 3722 3523 3777 est,

1948 3815 2005 3859 ut
2047 3820 2167 3875 qua:
2208 3805 2637 3860 manifestiorem
2695 3821 2806 3874 pra:
2851 3821 2909 3860 se
2949 3804 3129 3861 ferunt
3171 3806 3526 3879 impietatem,

1946 3914 2046 3953 nos
2070 3913 2288 3968 quoque
2321 3884 2443 3954 aliis
2475 3898 2609 3953 locis
2648 3898 2953 3969 indaganda
2986 3914 3341 3955 reservemus.
3377 3900 3525 3953 Nunc

1946 3995 2011 4049 ad
2037 3996 2341 4051 orationem
2372 3994 2623 4050 Eunomii
2653 4004 3008 4051 revertamur.

2018 4141 2221 4197 Rursus
2253 4160 2371 4198 vero
2400 4161 2517 4198 cum
2541 4143 2786 4214 quaslibet
2808 4159 2873 4197 ea:
2902 4144 2982 4197 Itis
3017 4144 3328 4197 substantiis
3355 4152 3405 4197 et
3441 4144 3526 4197 in-

1946 4235 2640 4308 telligaturpura,simple:c,
2671 4245 2719 4289 et
2748 4235 3060 4302 simpliciter
3082 4251 3210 4299 una,
3239 4235 3525 4288 secundum

1944 4328 2208 4395 propriam
2232 4326 2568 4396 dignitatem,
2600 4326 3017 4393 circumscriptis
3042 4334 3219 4379 autem
3258 4326 3524 4394 operatio-

1948 4424 2098 4477 nibus
2143 4440 2234 4493 per
2276 4424 2393 4491 ipsa
2432 4438 2609 4490 opera,
2654 4432 2704 4475 et
2747 4423 2876 4490 ipsis
2914 4422 3154 4489 operibus
3195 4422 3524 4490 operantium

262 4500 381 4553 τῶν
421 4500 845 4569 ἐργασαμένων
884 4480 1206 4574 ἐνεργείαις
1249 4480 1838 4579 παραμετρουμένωνἰ

1947 4515 2239 4570 actionibus
2272 4515 2745 4568 commensuratis:
2784 4514 2997 4567 omnino
3042 4525 3247 4567 necesse
3287 4522 3365 4567 est
3399 4529 3523 4582 ope-

262 4588 493 4659 ἀνάγκη
526 4590 724 4658 δήπου
746 4593 932 4657 πᾶσα,
964 4596 1061 4648 καὶ
1085 4594 1191 4661 τὰς
1222 4597 1446 4667 ἑκάστῃ
1478 4598 1599 4653 τῶν
1624 4602 1849 4657 οὐσιῶν

263 4681 559 4751 ἑπομένας
588 4684 906 4755 ἐνεργείας,
950 4684 1238 4753 ἐλάττους
1274 4688 1341 4741 δὲ
1378 4690 1474 4742 καὶ
1503 4690 1739 4759 μείζους
1769 4690 1851 4747 εἷ-

261 4789 381 4825 ναι·
416 4775 515 4827 καὶ
550 4774 655 4839 τὰς
677 4776 795 4843 μὲν
831 4776 1089 4845 πρώτην,
1122 4778 1231 4845 τὰς
1266 4778 1335 4831 δὲ
1362 4780 1648 4849 δευτέραν
1678 4784 1851 4849 τάξιν

260 4867 521 4936 ἐπέχειν.
575 4869 639 4921 Ἡ
677 4868 774 4939 μὲν
813 4870 1022 4923 διάνοια
1068 4870 1156 4925 διὰ
1208 4871 1422 4926 πάντων
1463 4874 1572 4927 τῶν
1624 4877 1851 4948 εἰρημέ-

258 4978 386 5025 νων,
436 4958 539 5013 κᾶν
593 4961 653 5013 ὲν
702 4959 895 5031 πλήθει
955 4962 1214 5032 ῥημάτων
1273 4964 1422 5035 αύτῷ
1470 4969 1841 5040 συμπεραίνη-

258 5071 369 5117 ται,
407 5052 506 5123 μία
536 5050 675 5118 ἐστὶ,
715 5053 778 5106 τὸ
810 5055 1218 5110 κατασκευάσαι
1248 5057 1517 5129 μηδεμίαν
1548 5062 1842 5130 συνάφειαν

258 5138 396 5198 εἶναι
417 5143 496 5214 τῷ
526 5145 701 5216 lla.th
726 5145 862 5217 πρὸς
888 5146 979 5198 τὸν
1006 5146 1154 5212 Υίὸν,
1181 5148 1214 5219 ἢ
1248 5150 1382 5220 πρὸς
1404 5150 1495 5204 τὸν
1523 5152 1653 5205 Υἰὸν
1683 5154 1842 5208 πάλιν

258 5233 334 5304 τῷ
368 5233 667 5305 Πνεύματι·
697 5235 811 5288 ἀλλ’
845 5235 1171 5306 ἀπεσχίσθαι
1210 5238 1305 5302 τὰς
1328 5240 1515 5304 οὐσίας
1544 5243 1637 5295 ἀπ’
1673 5244 1841 5314 ἀλλή-

255 5326 398 5391 λων,
439 5328 520 5390 εἰς
564 5327 982 5399 ἀπεξενωμένην
1019 5330 1141 5384 τινὰ
1181 5330 1342 5399 φύσιν
1390 5334 1481 5386 καὶ
1525 5333 1841 5404 ἀσύμφυλον

258 5418 644 5490 ἀλλοτριότητα
663 5420 1065 5490 διασπωμένας*
1100 5422 1191 5475 καὶ
1218 5423 1277 5476 οὐ
1303 5423 1474 5494 τούτῳ
1500 5425 1678 5495 μόνον,
1707 5427 1841 5481 ἀλλά

260 5511 352 5565 καὶ
385 5511 734 5583 πηλικότητι,
768 5512 862 5566 καὶ
893 5510 1216 5583 ἀξιωμάτων
1242 5515 1431 5584 ὑφέσει
1458 5516 1836 5589 διαφερούσαςο

332 5697 373 5727 ³⁸
414 5696 611 5751 Matth.
645 5710 737 5763 xv,
771 5694 872 5756 M:
905 5694 1118 5761 Luem,
1152 5692 1242 5749 '59.

1944 4607 2195 4670 rationes,
2261 4620 2379 4675 qua?
2446 4614 2734 4674 sequuntur
2795 4604 3081 4675 quamlibet
3142 4603 3521 4666 substantiam,

1944 4698 2173 4767 majores
2197 4706 2248 4752 et
2292 4698 2521 4751 minores
2570 4714 2703 4761 esse,
2729 4705 2779 4751 et
2832 4697 2955 4751 illas
3007 4696 3213 4766 quidem
3242 4698 3297 4750 in
3327 4698 3519 4765 primo,

1945 4789 2069 4841 illas
2109 4790 2161 4841 in
2204 4788 2431 4841 secundo
2485 4787 2667 4841 ordine
2706 4788 2961 4842 collocari
2994 4788 3193 4841 debere.
3243 4786 3519 4843 Sententia

1945 4880 2188 4935 omnium
2221 4881 2413 4935 horum
2460 4880 2778 4945 verborum,
2818 4881 2942 4936 licet
2977 4881 3132 4935 valde
3172 4881 3340 4935 multa
3390 4881 3520 4943 sint,

1948 4979 2001 5026 et
2032 4972 2414 5038 redundantia,
2452 4989 2559 5026 una
2590 4981 2690 5035 est,
2722 4974 2956 5043 probare
2997 4973 3276 5038 nimirum,
3306 4970 3520 5025 Patrem

1948 5064 2155 5117 nullam
2194 5065 2587 5119 connexionem
2622 5066 2823 5121 habere
2859 5082 2983 5120 cum
3029 5064 3187 5126 Filio,
3221 5078 3523 5131 rursusque

1948 5154 2144 5211 Filium
2170 5171 2293 5210 cum
2331 5156 2537 5227 Spiritu
2581 5169 2790 5226 sancto,
2821 5158 2915 5215 sed
2961 5158 3297 5215 substantias
3339 5172 3366 5208 a
3404 5168 3523 5209 sese

1948 5257 2139 5302 mutuo
2160 5248 2440 5317 sejunctas
2472 5265 2612 5314 esse,
2640 5251 2881 5306 divulsas
2910 5258 2963 5304 et
3006 5250 3318 5309 distractas,
3369 5259 3525 5313 pere-

1947 5340 2098 5411 grina
2124 5340 2355 5410 quadam
2379 5349 2432 5396 et
2455 5341 2758 5398 insociabili
2792 5350 3001 5397 natura:
3033 5338 3388 5394 diversitate:
3423 5350 3526 5389 nec

1948 5431 2051 5485 hoc
2077 5433 2274 5499 solum,
2300 5434 2393 5488 sed
2428 5443 2481 5488 et
2527 5435 2901 5506 magnitudine
2929 5439 2982 5486 et
3019 5428 3303 5498 dignitatis
3349 5426 3524 5497 impa«
3568 5420 3585 5431 ’

1945 5524 2109 5579 ritate
2139 5524 2364 5595 divisas,
2392 5534 2445 5581 et
2473 5526 2576 5583 alia
2632 5527 2858 5598 majore,
2898 5523 3002 5578 alia
3036 5520 3269 5587 minore,
3320 5526 3380 5575 ut
3415 5520 3532 5592 ipse
