4064 6146
490 326 594 385 Si?)

1722 324 1780 380 S.
1821 324 2146 383 GREGORII
2185 326 2472 387 NYSSENI

3636 326 3744 384 520

491 449 657 508 amet
697 439 876 514 quoad
906 439 1009 495 alia
1064 438 1247 496 omnia
1272 445 1501 494 multum
1531 439 1694 494 etiam
1723 441 1865 497 inter
1895 457 1954 499 se
1982 444 2066 499 di-

2172 444 2308 500 ῶστε
2337 446 2435 511 τὰς
2486 445 2583 517 μὲν
2626 443 2877 515 μείζους,
2925 443 3103 507 καθὼς
3151 442 3313 507 αὐτός
3358 459 3511 514 φησι,
3546 442 3643 506 τὰς
3685 443 3745 497 δέ

490 535 783 590 stantibus.

558 716 669 773 Nos
697 732 847 779 vero,
891 715 1022 771 licet
1058 715 1753 787 multissnpervacaneum
1795 717 2063 785 videatur,

491 810 547 865 in
579 810 666 864 his
709 817 818 863 tam
851 807 1103 864 dilucidis
1132 808 1431 871 immorari,
1478 817 1531 863 et
1569 809 1751 861 omnia
1792 808 2067 878 sigillatim

489 901 732 955 refutare
756 898 912 964 velle,
949 914 1069 967 qua:
1102 914 1130 953 a
1153 899 1424 969 plerisque
1458 898 1593 955 falsa
1622 907 1675 954 et
1712 900 2067 964 exsecranda,

488 1000 543 1045 et
585 991 785 1046 nullius
827 988 1048 1046 omnino
1096 990 1351 1044 momenti
1398 989 1822 1045 existimentur:
1868 989 2069 1044 nihilo-

488 1083 671 1137 minus
723 1096 791 1136 ne
839 1087 1093 1150 putemur
1138 1086 1363 1149 propter
1412 1079 1647 1150 inopiam
1704 1079 2067 1149 rcfutationis,

489 1172 694 1241 aliquid
743 1186 953 1236 eorum,
1003 1185 1123 1239 quae
1168 1169 1366 1232 attulit,
1420 1170 1681 1223 intactum
1731 1178 1785 1225 et
1839 1158 2071 1240 irreper-

489 1278 711 1318 eussum
741 1263 1037 1333 praeterire,
1062 1277 1160 1332 pro
1186 1262 1397 1317 viribus
1424 1263 1508 1317 his
1535 1262 1720 1317 itidem
1764 1262 2070 1319 rel'ellendis

490 1353 821 1409 insistimus.
843 1352 1017 1407 Dicit:
1043 1351 1471 1421 Unamquamque
1501 1353 1689 1405 harum
1718 1352 2071 1405 substantiam

493 1461 706 1514 puram,
745 1443 1056 1513 simplicem,
1094 1460 1355 1514 unamque
1385 1458 1498 1497 esse
1550 1450 1599 1496 et
1644 1443 1887 1512 intelligi.
1925 1441 2071 1497 Rur-

492 1554 585 1592 sus
614 1537 701 1591 hie
722 1551 786 1590 ea
816 1552 936 1606 qua:
965 1536 1127 1590 dubia
1164 1543 1312 1601 sunt,
1345 1549 1443 1603 pro
1471 1533 1637 1588 certis
1680 1543 1734 1587 et
1777 1535 2071 1604 compertis

492 1643 798 1691 assumens,
837 1634 989 1698 putat
1039 1641 1099 1681 se
1144 1625 1349 1695 aliquid
1388 1624 1589 1689 dicere,
1625 1623 1871 1680 sullicere
1917 1631 2074 1678 ratus

492 1735 591 1788 pro
641 1718 786 1772 omni
841 1716 1330 1780 demonstratione,
1371 1716 1417 1771 si
1466 1716 1585 1786 ipse
1638 1715 1887 1770 atiirmet.
1934 1715 2072 1771 Tres

491 1810 829 1867 substantias
866 1809 1018 1863 dicit.
1063 1808 1175 1862 Hoc
1209 1807 1353 1863 enim
1386 1808 1643 1873 ostendit,
1675 1808 1803 1863 dum
1835 1808 1943 1863 ait:
1976 1824 2067 1860 cu-
2104 1798 2141 1851 Β

480 1901 702 1972 justibet
739 1916 803 1956 ex
842 1901 920 1955 his
961 1901 1295 1955 substantias.
1336 1898 1523 1969 Neque
1554 1899 1697 1954 enim
1749 1899 1822 1954 ita
1857 1899 2073 1954 loeutus

488 2001 658 2059 esset,
688 1993 735 2047 si
770 2007 932 2046 unam
977 1992 1365 2049 existimasset.
1402 1994 1460 2049 Si
1503 1995 1669 2065 igitur
1698 1995 1772 2048 ita
1816 1996 2075 2051 substan-
2116 2038 2121 2039 κ

490 2086 688 2138 tiarum
736 2085 878 2139 inter
921 2101 978 2138 se
1011 2085 1420 2140 distinctionem
1458 2086 1719 2156 assignat,
1753 2095 1812 2141 ut
1843 2101 1950 2141 non
1987 2087 2073 2141 vi-

488 2177 682 2231 deatur
742 2176 797 2230 in
857 2176 1080 2230 Sabellii
1145 2177 1480 2245 impietatem
1554 2178 1732 2232 delabi
1816 2179 1907 2247 qui
1978 2178 2073 2231 uni

489 2269 737 2338 subjecto
776 2277 887 2321 tres
916 2269 1363 2322 accommodabat
1401 2270 1832 2338 appellationes;
1876 2286 2072 2327 assen-

489 2361 659 2413 timur
681 2367 734 2413 et
765 2374 880 2425 nos,
929 2375 1103 2429 neque
1156 2360 1428 2429 quispiam
1480 2360 1608 2415 huic
1657 2362 1896 2433 dogmati
1942 2379 2076 2419 con-

490 2447 729 2512 tradicit,
763 2448 866 2501 nisi
909 2446 1053 2517 quod
1086 2447 1218 2503 solis
1266 2448 1601 2514 nominibus,
1635 2458 1687 2505 et
1734 2452 1849 2507 sola
1884 2454 2073 2523 prola-

490 2543 641 2595 tione
688 2540 956 2595 orationis
997 2554 1183 2594 errare
1236 2539 1530 2607 videbitur,
1585 2544 1921 2600 substantias
1973 2561 2074 2615 pro

489 2632 875 2701 hypostasibus
911 2646 1221 2700 usurpans:
1259 2647 1369 2686 non
1395 2632 1563 2696 enim,
1590 2648 1711 2702 qua:
1751 2634 2073 2691 substantia:

489 2723 753 2776 rationem
779 2722 1021 2776 eamdem
1052 2722 1272 2786 habent,
1295 2723 1547 2778 similiter
1578 2726 1739 2779 etiam
1777 2726 1829 2780 in
1861 2729 2073 2784 ratione

490 2810 848 2879 hypostaseos
896 2809 1262 2875 conveniunt;
1312 2826 1435 2864 nam
1477 2811 1689 2879 Petrus,
1734 2811 1970 2870 Iacobus
2016 2824 2071 2872 et

485 2901 725 2957 Joannes
772 2902 824 2955 in
868 2901 1083 2956 ratione
1130 2902 1449 2957 substantia:
1476 2921 1644 2960 unum
1686 2916 1740 2961 et
1774 2908 1912 2962 idem
1940 2915 2070 2963 sunt

488 2992 632 3045 inter
659 3007 719 3047 se
749 3000 957 3057 mutuo,
988 2992 1217 3062 quilibet
1244 2995 1388 3048 enim
1422 2995 1617 3050 horum
1652 2989 1815 3052 homo
1838 3008 1941 3064 est,
1972 2998 2067 3054 sed

2173 538 2502 609 μικροτέρας
2541 537 2804 602 νοεῖσθαι,
2848 536 2943 589 καὶ
2975 536 3115 590 κατὰ
3138 536 3205 589 τά
3242 536 3402 591 λοιπά
3442 537 3618 591 πάντα
3644 538 3747 610 τὴν

2172 628 2529 698 παραλλαγὴν
2557 627 2719 697 ἔχειν.

2254 718 2441 786 Ἡμεῖς
2467 717 2524 769 δὲ
2557 718 2660 770 κᾶν
2692 716 2941 787 περιττὸν
2969 718 3080 779 τοῖς
3113 716 3326 780 πολλοῖς
3353 712 3491 770 εἶναι
3521 718 3649 789 δοκῇ
3684 718 3752 772 τὸ

2172 810 2283 871 τοῖς
2309 807 2593 878 προδήλοις
2620 807 2988 876 ἐνδιατρίϐειν,
3017 808 3110 861 καὶ
3133 808 3202 861 τὰ
3240 808 3360 862 καθ’
3391 809 3619 863 ἕκαστον
3668 809 3751 861 δι-

2175 898 2415 968 ελέγχειν
2465 898 2787 969 πειρᾶσθαι,
2814 899 2913 951 ὅσα
2941 900 3090 970 παρὰ
3127 902 3239 961 τοῖς
3266 899 3479 963 πολλοῖς
3521 898 3752 953 αὐτόθεν

2174 990 2360 1061 ψευδῆ,
2398 991 2491 1043 καὶ
2520 989 2799 1059 βδελυκτά,
2830 991 2922 1044 καὶ
2956 990 3209 1060 οὐδεμίαν
3237 992 3388 1061 ἰσχὺν
3415 991 3555 1061 ἐχειν
3593 990 3751 1060 νομί-

2176 1076 2345 1141 ζεται,
2381 1077 2528 1146 ὅμως
2559 1076 2697 1148 ὑπὲρ
2719 1075 2813 1127 τοῦ
2845 1076 2918 1147 μὴ
2946 1076 3120 1129 δοκεῖν
3147 1076 3213 1130 δι’
3246 1077 3478 1147 ἀπορίαν
3507 1076 3751 1147 ἐλέγχων

2177 1170 2529 1236 ἀνεξέταστόν
2552 1187 2603 1222 τι
2637 1172 2883 1241 παρορᾷν
2916 1169 3024 1223 τῶν
3059 1170 3185 1239 παρ’
3215 1169 3422 1222 ἐκείνου
3447 1168 3746 1240 ῥηθέντων,

2178 1264 2319 1317 κατά
2349 1263 2573 1330 δύναμιν
2604 1263 2696 1315 καὶ
2723 1261 2930 1325 τούτοις
2962 1261 3396 1331 ἐπελευσόμεθα.
3443 1262 3749 1331 Έκάστην

2179 1356 2312 1425 φησὶ
2339 1356 2561 1407 τούτων
2580 1354 2798 1406 οὐσίαν
2829 1352 3140 1421 εἰλικρινῆ,
3166 1352 3394 1421 ἁπλῆν,
3427 1354 3525 1406 καί
3546 1354 3746 1421 πάντη

2172 1448 2319 1517 μίαν
2341 1443 2494 1500 εἶναι
2515 1462 2579 1497 τε
2602 1444 2698 1498 καὶ
2728 1443 2993 1497 νοεῖσθαι
3029 1448 3179 1496 κατὰ
3213 1442 3329 1512 τὴν
3366 1442 3522 1497 ίδίαν
3539 1444 3745 1509 ἀξίαν,

2179 1537 2337 1591 πάλιν
2364 1534 2593 1590 ἐνταῦθα
2626 1535 2701 1597 ὡς
2736 1532 3138 1603 ὁμολογούμενα
3178 1537 3247 1588 τὰ
3298 1533 3749 1603 ἀμφιϐαλλόμενα

2180 1628 2608 1699 προτεινόμενος,
2622 1625 2789 1678 οἴεταί
2812 1642 2863 1676 τι
2881 1625 3077 1693 λέγειν,
3089 1624 3209 1678 ἀντὶ
3224 1624 3403 1694 πάσης
3422 1624 3750 1689 ἀποδείξεως

2180 1721 2427 1789 ἐξαρκεῖν
2443 1718 2674 1789 νομίζων
2689 1717 2749 1770 τὸ
2776 1717 2935 1780 αὐτὸς
2956 1716 3350 1786 ἀποφήνασθαι.
3375 1717 3534 1785 Τρεῖς
3558 1716 3752 1780 οὐσίας

2174 1809 2322 1879 φησί.
2344 1807 2513 1860 Τοῦτο
2528 1807 2637 1876 γὰρ
2656 1806 2984 1859 ἐνδείκνυται
3001 1804 3078 1875 τῷ
3099 1805 3289 1865 εἰπεῖν,
3306 1801 3596 1868 Ἐκὰστης
3617 1803 3753 1855 τού·

2174 1917 2290 1954 των
2307 1900 2542 1964 οὐσίας.
2579 1897 2711 1951 Οὐδὲ
2743 1895 2849 1967 γὰρ
2874 1895 2940 1948 ἂν
2957 1895 3126 1959 οὑτως
3154 1890 3327 1957 εἷπεν,
3358 1894 3407 1945 εί
3438 1893 3564 1964 μίαν
3583 1892 3751 1962 ᾧετο.

2174 1991 2235 2043 Εἰ
2266 1989 2363 2058 μὲν
2390 1984 2482 2042 οὖν
2514 1986 2654 2039 οὑτω
2684 1987 2830 2053 λέγει
2853 1985 2949 2055 τὴν
2970 1984 3076 2037 τῶν
3117 1983 3316 2037 οὐσιῶν
3348 1981 3483 2053 πρὸς
3510 1982 3749 2052 ἀλλήλας

2171 2079 2453 2151 διαφορὰν,
2485 2080 2559 2143 ὡς
2614 2077 2686 2149 μὴ
2729 2078 2902 2130 δοκεῖν
2945 2078 3011 2146 τῇ
3057 2074 3280 2145 ἀσεϐείᾳ
3313 2073 3407 2126 τοῦ
3457 2072 3749 2126 Σαϐελλίου

2175 2168 2564 2238 συμφέρεσθαι,
2589 2167 2668 2219 ἐνὶ
2696 2165 2772 2235 τῷ
2798 2164 3140 2234 ὑποκειμένῳ
3169 2165 3315 2234 τρεῖς
3342 2162 3751 2233 ἐφαρμόζοντος

2176 2259 2563 2330 προσηγορίας,
2592 2258 2686 2310 καὶ
2716 2259 2876 2328 ἡμεῖς
2915 2255 3291 2326 συντιθέμεθα’
3322 2256 3414 2308 καὶ
3439 2255 3609 2317 οὐδεὶς
3634 2254 3750 2307 τῶν

2173 2349 2532 2405 εὐσεϐούντων
2558 2349 2825 2415 ἀντιλέγει
2856 2347 2932 2418 τῷ
2959 2347 3208 2418 δόγματι’
3246 2346 3381 2417 πλὴν
3411 2346 3533 2400 ὅσον
3564 2345 3747 2415 μόνοις

2170 2443 2283 2504 τοῖς
2322 2442 2545 2512 ὀνόμασι
2583 2442 2675 2494 καὶ
2719 2442 2785 2511 τῇ
2816 2440 3066 2510 προφορᾷ
3090 2438 3184 2491 τοῦ
3210 2438 3366 2506 λόγου
3410 2436 3753 2507 πλημμελεῖν

2170 2534 2318 2586 δοκεῖ
2360 2531 2544 2596 οὐσίας
2600 2531 2720 2585 ἀντὶ
2760 2530 3110 2583 ὑποστάσεων
3159 2528 3455 2600 ὀνομάζων.
3515 2528 3590 2580 Οὐ
3639 2526 3753 2600 γὰρ

2170 2622 2269 2674 ὅσα
2293 2621 2383 2673 τὸν
2410 2622 2510 2691 τῆς
2544 2620 2729 2684 οὐσίας
2755 2619 2911 2688 λόγον
2942 2618 3033 2671 τὸν
3059 2619 3221 2672 αὐτὸν
3250 2619 3362 2687 ἔχει
3380 2658 3396 2683 ,
3424 2617 3625 2687 ὁμοίως
3651 2619 3755 2673 καὶ

2170 2711 2263 2763 ἐπὶ
2295 2714 2361 2781 τῇ
2406 2710 2698 2763 ὑποστάσει
2730 2712 2794 2780 τῇ
2824 2708 3074 2763 ἀποδόσει
3106 2708 3199 2763 τοῦ
3230 2708 3389 2777 λόγου
3431 2709 3750 2779 συνενεχθήο

2173 2814 2341 2850 σεται.
2383 2797 2588 2869 Πετρὸς
2621 2797 2729 2866 γὰρ
2761 2799 2856 2851 καὶ
2893 2797 3107 2863 Ἰακὼϐ,
3142 2798 3235 2851 καὶ
3272 2798 3530 2868 Ἰωάννης
3555 2800 3612 2849 ἐν
3649 2799 3750 2867 μὲν

2169 2888 2246 2958 τῷ
2274 2888 2415 2958 λόγῳ
2446 2888 2544 2959 τῆς
2569 2888 2757 2951 οὐσίας
2778 2928 2793 2954 ,
2822 2889 2871 2941 oi
2900 2888 3054 2941 αὐτοὶ
3081 2882 3220 2958 ἦσαν
3241 2887 3490 2958 ἀλλήλοις
3520 2888 3755 2959 (ἀνθρω-

2169 2996 2271 3043 πος
2306 2981 2413 3050 γὰρ
2442 2980 2641 3033 τούτων
2685 2980 2956 3051 ἕκαστος),
2987 2980 3044 3032 ἐν
3091 2978 3148 3031 δὲ
3195 2980 3306 3042 τοῖς
3357 2977 3608 3048 ίδιώμασι
3646 2980 3752 3050 τῆς

487 3084 544 3137 in
574 3082 994 3153 proprietatibus
1027 3084 1402 3154 hypostaticis,
1453 3088 1675 3142 minime
1709 3090 2062 3144 conveniunt.

2175 3073 2403 3125 ἑκάστου
2457 3070 2636 3125 αὐτῶν
2693 3071 3081 3135 ὑποστάσεως,
3130 3069 3377 3142 ἀλλήλοις
3418 3070 3480 3122 οὐ
3521 3070 3749 3138 συνεφέ-

2625 3163 2669 3185 -ι
2714 3159 2984 3185 .-~._._-:~.__
3028 3159 3394 3185 --__---.-.'._r-
3439 3159 3497 3185 ,λ
3543 3161 3611 3185 ...ι
3640 3161 3749 3185 Μ..

486 3172 655 3243 Igitur
678 3174 722 3229 si
751 3173 853 3228 hoc
875 3174 1174 3239 contendit,
1200 3190 1306 3229 non
1332 3191 1454 3232 esse
1481 3177 1788 3234 miscendas
1814 3195 2074 3247 personas

487 3276 584 3316 seu
636 3262 1003 3334 bypostases,
1052 3281 1230 3333 neque
1294 3267 1386 3319 uni
1436 3282 1686 3335 personae
1738 3269 2074 3340 adaptandas

487 3363 603 3407 tres
664 3354 1101 3424 appellationes,
1158 3357 1331 3424 ﬁdelis
1396 3357 1578 3419 fuerit,
1626 3359 1780 3429 juxta
1828 3359 2074 3428 Apostoli

486 3446 736 3506 verbum,
781 3462 974 3508 sermo,
1022 3455 1070 3499 et
1105 3448 1247 3500 omni
1285 3448 1583 3515 acceptione
1623 3449 1808 3518 dignus
1838 3449 1901 3503 ³⁵.
1935 3450 2073 3516 Quia

486 3550 617 3589 vero
646 3549 754 3588 non
787 3536 891 3590 hue
925 3537 1118 3599 tendit,
1166 3553 1344 3607 neque
1384 3540 1546 3592 etiam
1587 3539 1702 3594 haec
1747 3541 1965 3607 asserit,
2017 3554 2074 3600 ιιι

490 3627 815 3695 hypostases
860 3629 977 3684 suis
1020 3629 1296 3685 idiomatis
1337 3639 1391 3686 et
1456 3632 1881 3702 proprietatibus
1940 3650 1968 3687 a
2013 3649 2074 3689 se

492 3723 686 3769 mutuo
729 3726 1019 3787 secernat,
1072 3720 1167 3774 scd
1206 3730 1264 3774 ut
1305 3724 1359 3774 in
1409 3722 1525 3790 ipsa
1580 3733 1775 3777 natura
1827 3725 2072 3793 subjecta

489 3802 862 3861 diversitatem
894 3807 962 3861 ab
999 3809 1125 3873 alia,
1162 3811 1244 3864 vel
1276 3811 1459 3879 potius
1488 3827 1516 3864 a
1551 3813 1728 3883 seipsa
1768 3814 1947 3871 inesse
1969 3816 2070 3869 do-

489 3908 630 3960 ceat,
668 3907 720 3951 et
750 3899 819 3952 ob
868 3899 919 3953 id
970 3902 1169 3955 multas
1218 3902 1557 3958 substantias
1604 3905 1869 3969 nominat,
1913 3907 2070 3974 quasi

488 3984 745 4054 quzelibet
774 3986 968 4040 collata
999 4002 1123 4040 cum
1167 3988 1289 4045 aliis
1331 3991 1609 4059 propriam
1661 3993 1856 4047 habeat
1891 3995 2072 4050 diver-

492 4075 749 4129 sitatem:
790 4084 1075 4145 propterea
1110 4077 1235 4131 dico
1291 4080 1592 4133 orationem
1627 4081 1772 4135 illius
1802 4083 2071 4153 principio

489 4175 542 4222 et
570 4169 745 4236 capite
777 4169 1092 4224 destitutam
1127 4184 1268 4236 esse,
1316 4186 1438 4225 cum
1483 4172 1681 4228 seriem
1720 4175 2071 4244 blasphemiae

489 4273 603 4311 sua:
635 4271 744 4311 non
792 4273 858 4311 ex
908 4263 1191 4315 concessis
1238 4270 1292 4315 et
1335 4261 1500 4316 certis
1540 4271 1820 4332 pertexere
1859 4273 2067 4336 pergat.

490 4345 674 4417 Neque
725 4349 870 4402 enim
911 4351 1161 4419 probatio
1208 4351 1354 4408 illius
1410 4352 1484 4406 ita
1533 4353 1799 4409 instructa
1841 4367 1954 4421 est,
2011 4367 2070 4411 ut

488 4438 612 4506 quis
647 4453 742 4507 per
782 4440 927 4494 illam
968 4441 1036 4495 ad
1082 4443 1489 4511 persuasionem
1528 4445 1714 4500 induci
1746 4448 1940 4515 possit,
1973 4450 2067 4504 sed
2099 4466 2142 4522 ι)

490 4526 689 4580 nudam
712 4533 765 4580 et
828 4530 1019 4583 exilem
1053 4531 1343 4599 impietatis
1377 4536 1769 4604 expositionem
1811 4538 2070 4605 continet,

487 4618 635 4671 sicut
669 4619 723 4671 in
757 4620 952 4673 somnii
992 4621 1227 4691 alicujus
1266 4628 1602 4682 narratione.
1646 4627 1778 4682 Nam
1813 4645 1932 4683 eum
1966 4630 2069 4685 Ec-

489 4708 656 4761 clesia
683 4709 874 4763 doceat
906 4710 1064 4765 fidem
1100 4713 1326 4769 minime
1354 4716 1708 4772 scindendam
1737 4727 1791 4775 et
1819 4720 2069 4776 dividen-

488 4798 615 4851 dam
664 4799 715 4850 in
754 4800 1115 4867 pluralitatem
1159 4803 1612 4871 substantiarum,
1657 4809 1751 4863 sed
1789 4810 1843 4864 in
1893 4811 2068 4867 tribus

490 4888 742 4957 personis
772 4900 825 4943 et
859 4890 1244 4960 hypostasibus
1272 4895 1408 4949 nihil
1443 4898 1742 4953 secundum
1771 4902 2065 4957 essentiam

489 4977 807 5031 diil'erentia:
866 4981 1196 5037 credendum
1257 5000 1415 5040 esse:
1474 4989 1772 5044 adversarii
1823 5008 1954 5048 vero
2009 4994 2064 5048 in

490 5069 623 5137 ipsis
670 5067 987 5126 substantiis
1027 5075 1345 5130 varietatem
1386 5086 1440 5133 et
1486 5079 1905 5151 inaequalitatem
1950 5091 2065 5137 sla-

491 5169 670 5217 tuam;
714 5160 815 5215 iste
859 5160 934 5226 id,
985 5165 1127 5229 quod
1180 5169 1326 5221 nulla
1374 5171 1581 5226 ratione
1630 5174 2064 5228 demonstratum

488 5261 594 5317 est,
648 5259 741 5305 aut
789 5252 1157 5309 demonstrari
1219 5267 1416 5327 potest,
1473 5263 1751 5329 audacter,
1803 5274 2063 5334 tanquam

482 5344 596 5413 jam
629 5344 937 5413 probatum,
969 5344 1173 5415 profert
1197 5356 1250 5403 et
1294 5354 1636 5418 pronuntiat,
1672 5369 1794 5408 cum
1839 5353 1976 5409 forte
2011 5354 2064 5408 id

493 5451 769 5504 nunquam
825 5438 1059 5492 antehae
1106 5453 1227 5494 cum
1268 5442 1376 5495 ullo
1418 5445 1726 5499 mortalium
1762 5447 2066 5500 communi-

490 5533 704 5589 casset;
733 5527 933 5596 alioqui
963 5529 1030 5583 ab
1068 5528 1156 5596 iis,
1202 5530 1293 5601 qui
1327 5540 1471 5588 recte
1512 5542 1565 5589 et
1618 5533 1783 5605 probe
1830 5534 2064 5590 instituti

596 5696 641 5728 "
676 5700 857 5758 lTim.
892 5722 929 5771 ι,
968 5706 1053 5765 lii.

2179 3180 2349 3235 ροντο.
2384 3161 2589 3215 Οὐκοῦν
2622 3163 2671 3214 εί
2712 3162 2809 3232 μὲν
2832 3159 2988 3215 τοῦτο
3028 3159 3417 3224 κατεσκεύαζε,
3439 3159 3499 3213 τὸ
3540 3161 3614 3231 μὴ
3637 3161 3751 3214 δεῖν

2176 3252 2366 3322 φύρειν
2410 3253 2509 3313 τὰς
2538 3251 2885 3314 ὑποστάσεις,
2919 3250 3012 3304 καὶ
3052 3249 3133 3303 ἐνὶ
3165 3248 3438 3321 προσώπῳ
3474 3248 3571 3312 τάς
3596 3251 3752 3319 τρεῖς

2174 3340 2504 3411 ἐφαρμόζειν
2543 3340 2947 3412 προσηγορίας,
3001 3340 3217 3405 πιστὸς
3245 3341 3312 3394 άν
3343 3336 3432 3411 ἦν,
3471 3340 3612 3393 κατά
3646 3340 3754 3411 τὴν

2172 3432 2264 3483 τοῦ
2300 3432 2616 3485 ’Λποστόλου
2652 3432 2979 3504 μαρτυρίαν,
3014 3436 3048 3485 ό
3078 3432 3259 3501 λόγος
3286 3430 3466 3496 αὐτῷ,
3504 3432 3601 3484 καὶ
3636 3430 3754 3486 πά·-

2172 3538 2289 3591 σης
2304 3522 2609 3593 ἀποδοχῆς
2629 3524 2817 3588 ἆξιος.
2860 3524 3012 3576 Ἐπεὶ
3030 3522 3087 3575 δέ
3112 3524 3171 3576 οὐ
3194 3522 3328 3594 πρὸς
3356 3522 3511 3575 τοῦτο
3538 3522 3751 3593 βλέπει,

2170 3614 2289 3667 οὐδέ
2317 3614 2417 3679 τὰς
2446 3616 2771 3678 ὑποστάσεις
2812 3615 2904 3667 ἀπ’
2934 3612 3177 3683 ἀλλήλων
3203 3615 3314 3676 τοῖς
3348 3613 3753 3683 ἐπιθεωρουμέ-

2172 3722 2282 3770 νοις
2311 3706 2560 3776 ίδιώμασι
2576 3706 2880 3777 διακρίνων,
2912 3704 3085 3758 ταῦτά
3113 3721 3297 3774 φησιν,
3326 3703 3439 3757 ἀλλ’
3458 3705 3627 3774 αὐτὴν
3649 3704 3750 3774 τὴν

2172 3798 2535 3870 ὑποκειμένην
2566 3796 2751 3849 οὐσίαν
2774 3796 3067 3867 ἀλλοτρίως
3094 3794 3228 3867 πρὸς
3249 3794 3345 3865 τὴν
3371 3795 3581 3865 ἐτέραν,
3614 3795 3753 3863 μᾶλ-

2171 3888 2259 3944 λον
2285 3891 2339 3943 δὲ
2366 3890 2503 3961 πρὸς
2530 3888 2729 3958 ἐαυτὴν
2752 3886 2892 3957 ἔχειν
2917 3886 3332 3952 κατασκευάζει,
3363 3886 3457 3937 καὶ
3477 3885 3565 3938 διά
3589 3886 3752 3940 τοῦτο

2172 3982 2369 4044 πολλὰς
2390 3981 2576 4042 οὐσίας
2592 3978 2864 4049 ὀνομάζει,
2892 3977 2967 4040 ὡς
2997 3978 3229 4047 ἐκάστης
3261 3976 3567 4039 ἰδιάζουσαν
3592 3976 3749 4046 ἐχού-

2171 4091 2270 4143 σης
2294 4071 2415 4140 τινά
2439 4070 2536 4140 τὴν
2574 4068 2709 4139 πρὸς
2740 4066 2837 4129 τὰς
2864 4067 3030 4129 ἄλλας
3054 4066 3458 4136 ἀλλοτριότητα,
3484 4066 3571 4118 διά
3590 4065 3751 4119 τοῦτό

2171 4184 2312 4235 φημι
2354 4163 2587 4231 ἄναρχον
2632 4157 2779 4229 αὑτῷ
2820 4159 2914 4211 καὶ
2951 4157 3222 4226 ἀκέφαλον
3268 4152 3408 4210 εἶναι
3440 4158 3531 4210 τὸν
3565 4158 3749 4225 λόγον,

2171 4256 2278 4308 ἀπὸ
2308 4252 2520 4314 οὐδενὸς
2549 4250 2973 4321 ὁμολογουμένου
2994 4290 3009 4313 ,
3040 4248 3178 4302 κατά
3207 4248 3266 4301 τὺ
3302 4248 3613 4312 ἀκόλουθον,
3647 4250 3751 4319 τὴν

2172 4345 2517 4418 βλασφημίαν
2560 4340 3054 4404 κατασκευάζοντα.
3105 4340 3178 4393 Οὐ
3214 4339 3324 4411 γὰρ
3364 4341 3510 4403 ὅπως
3552 4340 3617 4393 ἄν
3661 4359 3747 4404 τις

2173 4436 2502 4509 προσαχθείη
2545 4437 2609 4505 τῇ
2639 4433 2859 4503 τοιαύτῃ
2903 4433 2995 4485 τοῦ
3032 4433 3299 4502 δόγματος
3332 4432 3611 4502 ὑπολήψει,
3651 4451 3747 4486 κα-

2170 4529 2438 4600 τασκευὴν
2480 4527 2613 4598 ἔχει’
2668 4526 2781 4579 ἀλλ’
2823 4525 3011 4595 ῶσπερ
3053 4526 3140 4577 ἐπ’
3168 4526 3376 4595 ὀνείρου
3416 4525 3746 4595 διηγήσεως,

2170 4621 2327 4691 ψιλὴν
2360 4619 2454 4673 καὶ
2495 4618 2865 4672 ἀκατάσκευον
2892 4616 3207 4687 ἐμπεριέχει
3237 4615 3336 4685 τῆς
3364 4615 3616 4678 ἀσεϐείας
3644 4617 3749 4687 τὴν

2170 4714 2401 4766 ἔκθεσιν.
2436 4711 2547 4781 Τῆς
2572 4710 2679 4780 γὰρ
2715 4708 3032 4777 Ἑκκλησίας
3061 4708 3524 4778 δογματιζούσης,
3561 4708 3637 4777 μὴ
3666 4709 3749 4772 εἰς

2169 4803 2371 4874 πλῆθος
2408 4803 2606 4855 οὐσιῶν
2644 4802 2940 4870 διασχίζειν
2982 4801 3079 4872 τὴν
3110 4801 3310 4865 πίστιν,
3340 4801 3456 4854 ἀλλ’
3497 4802 3554 4853 ἐν
3594 4805 3747 4873 τρισὶ

2168 4893 2476 4967 προσώποις
2507 4893 2600 4946 καὶ
2650 4892 2978 4947 ὑποστάσεσι
3024 4893 3292 4963 μηδεμίαν
3344 4891 3442 4963 τὴν
3492 4893 3637 4946 κατά
3684 4893 3748 4945 τὸ

2170 4983 2307 5040 εἶναι
2340 4983 2598 5055 διαφορὰν
2629 4984 2921 5045 πιστεύειν,
2953 4984 3059 5036 τῶν
3091 4984 3147 5036 δέ
3174 4984 3428 5037 ἐναντίων
3469 4984 3526 5037 ἐν
3556 4984 3747 5047 αὐταῖς

2170 5080 2288 5141 ταῖς
2313 5076 2521 5139 οὐσίαις
2560 5076 2659 5148 τὴν
2694 5074 3068 5146 παραλλαγὴν,
3114 5074 3208 5127 καὶ
3254 5074 3353 5145 τὴν
3385 5075 3744 5145 ἀνομοιότητα

2168 5169 2481 5240 τιθεμένων,
2507 5161 2660 5229 οὗτος
2687 5167 2747 5219 τὸ
2777 5165 2963 5236 μηδενὶ
2984 5164 3144 5234 λόγῳ,
3180 5165 3314 5235 μήτε
3340 5164 3565 5235 δειχθέν,
3598 5165 3746 5235 μήτε

2167 5261 2439 5331 δειχθῆναι
2467 5259 2778 5328 δυνάμενον,
2824 5256 2898 5320 ὡς
2946 5256 3579 5327 προκατεσκευασμένον,
3610 5254 3718 5324 θαρ

2172 5354 2279 5406 σῶν
2299 5352 2675 5420 ἀποφαίνεται,
2701 5350 2837 5417 τάχα
2864 5349 3073 5401 οὐδέπω
3097 5348 3187 5401 καλ⁸
3219 5348 3313 5403 νῦν
3341 5352 3418 5412 είς
3441 5348 3746 5401 ἀκουόντων

2169 5439 2283 5497 ὦτα
2313 5443 2567 5511 λαλήσας.
2597 5435 2673 5491 Ἦ
2705 5441 2811 5507 γὰρ
2837 5438 2902 5491 ἂν
2934 5439 3179 5510 ἐδιδάχθη
3212 5439 3349 5510 πρὸς
3376 5439 3481 5492 τῶν
3506 5438 3745 5501 συνετῶς

2172 5533 2557 5607 ἀκροωμένων,
2606 5531 2687 5584 ὃτι
2731 5532 2838 5594 πᾶς
2882 5530 3035 5601 λόγος
3076 5531 3180 5595 ἔως
3227 5532 3295 5587 ἂν
3340 5532 3459 5585 κατ’
3496 5530 3746 5596 ἐξουσίαν
