4064 6146
217 150 311 207 521

1421 152 1698 210 CONTRA
1739 149 2127 216 EUNOMIUM,
2172 148 2299 203 LIB.
2336 150 2355 201 l

3363 152 3471 206 5‘29

218 269 604 333 ἀναπόδεικτος
647 270 918 343 φέρηται,
960 271 1019 324 τδ
1062 272 1367 341 λεγόμενον,
1420 272 1604 342 γραῶν
1621 264 1793 333 Ἒθλός

1907 280 2042 333 sunt,
2106 268 2406 330 didicisset,
2465 281 2679 321 onmem
2737 274 3061 331 orationem,
3115 267 3356 336 quandiu
3404 287 3472 327 ex

218 363 389 421 ἐστιν,
426 360 681 430 οὐδεμίαν
708 362 860 430 ἰσχὺν
888 362 1025 432 ἔχων
1055 365 1186 432 πρὸς
1208 364 1269 416 τὸ
1298 364 1467 428 δεῖξαι
1509 364 1571 416 δι’
1602 361 1792 415 ἑαυτοῦ

218 450 278 503 τὺ
316 450 669 521 ζητούμενον·
722 454 849 507 ὅταν
898 453 1133 524 μηδεμία
1176 456 1503 525 συνηγορία,
1554 455 1689 525 μήτε
1734 457 1796 506 ὲκ

220 541 328 593 τῶν
374 541 535 595 θείων
583 542 801 609 φωνῶν,
852 544 986 614 μήτε
1031 546 1095 596 ὲκ
1132 544 1407 614 λογισμῶν
1444 543 1797 613 ἀνθρωπίνων

221 635 328 694 τοῖς
382 634 697 704 λεγομένοις
751 635 1042 705 ὲπάγηται.
1084 637 1191 689 Καὶ
1236 635 1407 689 ταῦτα
1443 634 1541 705 μὲν
1589 634 1667 696 είς
1711 650 1798 686 το-

223 740 346 776 σουτ
353 741 430 779 ον.

306 993 496 1065 Ἡμεῖς
511 994 568 1049 δὲ
584 995 653 1049 τὰ
668 995 932 1065 εἰρημένα
952 995 1368 1067 διασκεψώμεθα
1380 1041 1393 1055 .
1418 999 1465 1052 Ἀ
1474 999 1640 1069 mar
1649 996 1801 1056 εἶναι

228 1088 321 1139 καί
352 1087 551 1157 πάντη
564 1089 714 1157 μίαν
734 1091 867 1159 φησὶ
890 1090 1114 1142 τούτων
1128 1090 1395 1158 ἑκάστην
1415 1091 1533 1145 τῶν
1552 1094 1799 1160 οὐσιῶν,

225 1179 289 1242 ἃς
304 1178 382 1249 τῷ
400 1180 543 1249 λόγῳ
563 1179 971 1234 ἀνετυπώσατο.
990 1181 1151 1234 Ἀλλά
1168 1182 1227 1235 τὸ
1247 1184 1342 1253 μὲν
1359 1183 1533 1253 ἁπλῆν
1550 1180 1687 1238 εἶναι
1706 1185 1801 1256 τὴν

226 1269 374 1324 θείαν
393 1288 451 1323 τε
474 1269 568 1323 καὶ
606 1273 902 1342 μακαρίαν,
930 1274 1021 1326 καὶ
1050 1274 1226 1327 πάντα
1252 1274 1374 1327 νοῦν
1404 1276 1804 1347 ὑπεραίρουσαν

226 1361 406 1431 φύσιν,
423 1363 543 1415 οὐδὲ
557 1364 682 1426 τοὺς
697 1365 834 1432 ἄγαν
856 1365 1160 1434 κτηνώδεις,
1177 1370 1269 1422 καὶ
1281 1370 1565 1432 ταπεινοὺς
1578 1369 1674 1441 τὴν
1693 1370 1806 1425 διά-

226 1470 374 1507 νοιαν
402 1454 697 1521 ἀντιλέγειν
732 1455 974 1526 οἰόμεθα.
1004 1457 1113 1526 Τὴν
1144 1459 1251 1527 γὰρ
1268 1459 1416 1529 ἀειδῆ
1441 1476 1500 1512 τε
1523 1460 1614 1512 καὶ
1636 1462 1804 1530 ἀσχη-

230 1546 487 1615 μάτιστον
505 1547 860 1618 πηλικότητός
885 1564 944 1600 τε
966 1549 1163 1619 πάσης,
1188 1550 1281 1604 καὶ
1299 1551 1396 1621 τῆς
1417 1554 1471 1603 έν
1487 1551 1563 1621 τῷ
1588 1551 1802 1621 μεγέθει

1901 376 2046 415 mera
2074 360 2321 422 libidine,
2348 365 2401 413 et
2430 360 2547 414 sine
2575 358 2680 411 ulla
2710 357 3028 427 probatione
3056 357 3321 426 effutitur,
3351 378 3475 417 esse

1898 451 2041 520 quod
2069 452 2178 504 diei
2214 451 2371 510 solet.
2418 465 2594 520 nugas
2622 450 2815 514 aniles,
2854 457 2907 503 et
2947 465 3134 519 gerras
3163 467 3471 520 germanas,

1898 544 2104 597 nullius
2150 558 2376 612 prorsus
2428 541 2687 596 momenti
2732 548 2786 596 et
2832 540 3089 595 efficaciae
3136 544 3202 595 ait
3248 542 3476 596 demon-

1899 635 2184 690 strandum
2225 635 2301 699 id,
2337 635 2480 704 quod
2525 648 2623 703 per
2659 648 2778 687 eam
2811 634 3096 703 quaeritur,
3130 636 3351 703 quando
3388 636 3472 690 vi-

1899 725 2093 781 delicet
2120 726 2255 780 nihil
2290 727 2617 780 ﬁrmamenti
2648 740 2823 795 neque
2871 741 2935 780 ex
2971 741 3127 779 sacra
3166 724 3473 797 Scriptura,

1898 832 2075 887 neque
2095 833 2158 871 ex
2189 816 2698 872 ratiocinationibus
2723 816 2947 874 humani
2980 817 3202 887 ingenii,
3236 817 3324 886 iis,
3353 834 3475 889 quae

1900 917 2240 973 asseruntur,
2274 909 2501 965 accedit.
2533 908 2597 962 Et
2632 909 2745 963 haec
2784 909 3003 979 quidem
3039 910 3326 964 hactenus.

1972 1001 2081 1057 Nos
2124 1017 2255 1056 vero
2287 1001 2453 1056 verba
2472 1000 2727 1056 Eunomii
2758 1001 3126 1056 excutiamus.
3170 1001 3475 1071 Simplicem

1900 1109 2011 1147 esse
2038 1101 2085 1146 et
2116 1093 2257 1146 omni
2302 1092 2457 1147 modo
2496 1110 2656 1146 unam
2691 1092 2972 1162 quamlibet
3013 1093 3201 1146 harum
3226 1095 3475 1149 substan-

1905 1186 2099 1238 tiarum
2125 1184 2357 1238 affirmat
2391 1202 2404 1239 :
2441 1200 2577 1254 quas
2611 1184 2860 1239 oratione
2906 1200 3005 1237 sua
3040 1186 3328 1256 expressit.
3360 1188 3474 1241 Cae-

1903 1285 2078 1331 terum
2132 1276 2436 1347 simplicem
2481 1291 2603 1331 esse
2651 1274 2891 1329 divinam
2926 1276 3072 1329 illam
3130 1284 3184 1331 et
3232 1278 3470 1340 beatam,

1903 1368 2270 1436 omnibusque
2288 1366 2783 1435 supercminentem
2805 1373 3053 1419 naturam
3076 1410 3089 1433 ,
3120 1382 3293 1436 neque
3318 1382 3474 1437 agre-

1904 1466 2017 1514 stes
2058 1457 2351 1511 admodum
2383 1466 2436 1512 et
2496 1458 2718 1513 hebetes
2768 1458 2986 1527 ingenio
3021 1470 3315 1530 negaturos
3353 1476 3475 1515 esse

1908 1557 2059 1618 puto.
2098 1548 2383 1615 Quomodo
2426 1550 2568 1603 enim
2610 1549 2734 1619 quis
2770 1559 3020 1602 naturam
3076 1551 3221 1604 illam
3273 1552 3472 1622 speciei

228 1638 524 1709 ποσότητος
552 1641 991 1711 κεχωρισμένην,
1025 1642 1140 1705 πῶς
1172 1642 1237 1696 ἄν
1290 1620 1373 1706 τις
1415 1620 1666 1715 πολυειδῆ
1710 1644 1803 1697 καὶ

1907 1649 1958 1696 et
1999 1642 2293 1711 figurarum
2346 1642 2625 1696 varietatis
2657 1653 2953 1711 expertem,
2997 1650 3049 1695 et
3083 1644 3227 1695 omni
3257 1646 3475 1714 quanti-

230 1729 485 1782 σύνθετον
518 1731 817 1797 ὑπολάϐοι;
879 1733 997 1785 Ὅτι
1025 1734 1081 1786 δὲ
1121 1735 1181 1787 οὐ
1218 1735 1501 1805 συμϐαίνει
1550 1736 1627 1804 τῷ
1671 1737 1801 1808 παρ’

227 1819 407 1872 αὐτῶν
460 1821 985 1891 κατασκευαζομένῳ
1035 1823 1284 1893 δόγματι,
1310 1820 1313 1823 ’
1338 1825 1397 1877 τὸ
1436 1825 1612 1895 ἁπλῆν
1662 1821 1802 1879 εἶναι

227 1910 324 1978 τὴν
354 1912 761 1981 ὑπερκειμένην
793 1913 979 1967 οὐσίαν
1008 1914 1233 1982 οἴεσθαι,
1288 1916 1389 1969 κᾶν
1422 1916 1497 1986 τῷ
1538 1917 1682 1987 λόγῳ
1710 1935 1804 1987 χα-

230 2001 625 2072 ριεντίζωνται,
674 2004 905 2074 φανερὸν
949 2004 1101 2059 ἔσται
1134 2006 1208 2077 τῷ
1244 2008 1337 2060 καὶ
1368 2009 1557 2078 μικρὸν
1581 2010 1805 2080 ἐπιστή-

231 2113 406 2149 σαντι.
434 2098 531 2160 Τίς
558 2098 665 2170 γὰρ
690 2100 789 2151 οὐκ
836 2093 975 2153 οἶδεν
1005 2101 1087 2154 ὅτι
1121 2102 1260 2155 κατά
1296 2102 1387 2154 τὸν
1421 2102 1549 2155 ἴδιον
1585 2102 1740 2170 λόγον
1770 2104 1801 2175 ἡ

228 2187 472 2257 ἁπλότης
510 2190 603 2242 ὲπὶ
634 2190 733 2258 τῆς
768 2190 928 2257 ἁγίας
960 2191 1187 2261 Τριάδος
1221 2194 1281 2245 τὸ
1336 2192 1536 2262 μᾶλλον
1606 2195 1698 2247 καὶ
1743 2196 1804 2247 τὸ

225 2269 390 2345 ἦττον
419 2275 519 2328 οὐκ
554 2276 899 2347 ἐπιδέχεται;
944 2279 1076 2350 Περὶ
1111 2281 1178 2351 ἢν
1214 2281 1321 2353 γὰρ
1359 2283 1459 2335 ούκ
1510 2283 1624 2335 ἔστι
1658 2284 1802 2354 μίξιν

224 2367 351 2420 τινὰ.
377 2369 680 2439 ποιοτήτων
738 2372 831 2424 καὶ
860 2374 1163 2444 συνδρομὴν
1188 2376 1458 2445 ἐννοῆσαι,
1486 2377 1599 2431 ἀλλ’
1622 2378 1802 2449 ἁμερῆ

221 2478 367 2523 τινα,
400 2462 497 2513 καὶ
529 2461 817 2515 ἀσύνθετον
846 2462 1072 2534 δύναμιν
1100 2466 1506 2536 καταλαμϐάνει
1536 2470 1568 2539 ἡ
1605 2468 1799 2533 ἔννοια,

224 2552 347 2614 πῶς
372 2552 440 2604 ἄν
463 2570 548 2615 τις
583 2554 674 2607 καὶ
707 2554 845 2607 κατὰ
871 2554 990 2608 τίνα
1019 2557 1174 2625 λόγον
1197 2559 1294 2629 τὴν
1324 2561 1473 2630 παρὰ
1504 2561 1565 2613 τὸ
1600 2561 1801 2623 πλεῖον,

226 2644 320 2697 καί
333 2644 398 2696 τὸ
414 2644 630 2698 ἔλαττον
646 2647 906 2719 διαφορὰν
918 2668 1055 2703 κατα
1064 2651 1221 2721 μάθοι
1237 2670 1252 2718 ;
1278 2653 1513 2723 Ἀνάγκη
1529 2653 1635 2725 γὰρ
1656 2654 1804 2706 πᾶσα

226 2734 320 2787 τὸν
335 2736 898 2807 παρηλλάχθαιταῶα
914 2740 1299 2813 διοριζόμενον,
1324 2745 1622 2814 ποιοτήτων
1643 2743 1804 2798 τινῶν

232 2824 545 2893 ἐμπτώσεις
581 2827 709 2897 περὶ
755 2828 816 2881 τὺ
861 2829 1215 2900 ὑποκείμενον
1255 2833 1451 2886 ἐννοεῖν
1478 2849 1491 2863 ³
1545 2834 1662 2905 ἦτοι
1696 2834 1805 2905 γὰρ

238 2917 354 2972 καθ’
380 2920 485 2972 ὑπε
496 2918 695 2990 ρόολὴν
714 2922 808 2974 καὶ
834 2922 1128 2977 ἐλάττωσιν
1151 2924 1211 2977 τὸ
1229 2924 1481 2996 διάφορον
1510 2927 1567 2978 ὲν
1592 2926 1801 2991 τούτοις
1831 2950 1873 3010 C

232 3009 453 3075 ἐπινοεῖ,
493 3012 591 3065 καὶ
621 3011 707 3064 διὰ
741 3012 930 3067 τούτου
955 3015 1054 3086 τὴν
1095 3017 1193 3087 τῆς
1221 3016 1576 3087 πηλικότητπ
1600 3017 1807 3073 ἔννοιαν

230 3104 514 3173 ἐπεισάγει
525 3104 604 3175 τῷ
616 3104 947 3176 ζητουμένῳ,
962 3107 992 3177 ἢ
1009 3109 1146 3161 κατὰ
1156 3107 1213 3160 τὸ
1224 3108 1442 3177 ἀγαθὸν,
1458 3110 1551 3162 καὶ
1566 3110 1806 3174 δυνατὸν,

230 3198 327 3251 καὶ
349 3198 627 3268 σοφὸν,καλ
649 3199 770 3251 εἴτι
794 3198 923 3251 ἄλλο
946 3198 1071 3269 περὶ
1084 3201 1145 3255 τὸ
1165 3197 1316 3255 Θεῖον
1330 3200 1566 3265 εὐσεϐῶς
1590 3203 1805 3265 νοεῖται,

230 3290 573 3353 πλεονάζειν,
596 3290 628 3359 ἢ
655 3289 1048 3359 ὑποϐεϐηκὲναι
1083 3292 1517 3357 κατασκευάζει·
1551 3294 1645 3346 καὶ
1668 3292 1810 3347 οὕτω

227 3379 322 3431 τὸν
348 3378 451 3447 τῆς
495 3379 796 3442 συνθέσεως
818 3379 973 3448 λόγον
1008 3380 1068 3433 οὑ
1107 3380 1473 3450 διαφεύξεται.
1505 3383 1668 3435 Οὐδὲν
1701 3382 1807 3455 γὰρ

230 3466 472 3529 ἐλλιπῶς
505 3467 644 3520 κατὰ
687 3467 896 3537 σοφίαν,
930 3468 963 3538 ἢ
1000 3468 1301 3541 δύναμιν,ἢ
1335 3472 1455 3523 κατ’
1477 3469 1603 3523 ἄλλο
1630 3472 1809 3523 τιτῶν

231 3557 456 3625 ἀγαθῶν
479 3558 612 3627 ἔχει,
648 3555 691 3627 ᾧ
725 3561 799 3631 μὴ
829 3560 1118 3631 ἐπίκτητον
1152 3565 1265 3616 ἐστι
1316 3562 1376 3616 τὸ
1411 3562 1644 3631 ἀγαθόν·
1694 3562 1809 3615 ἀλλ’

231 3650 368 3703 αὐτὸ
413 3651 549 3707 καθὸ
591 3650 706 3705 ἔστι
750 3652 989 3706 τοιοῦτον
1038 3654 1301 3724 πέφυκεν.
1358 3656 1518 3707 Ὥστε
1564 3657 1592 3708 ὁ
1635 3655 1808 3723 λέγων

234 3741 492 3805 ἐλάττους
516 3759 574 3795 τε
609 3744 701 3796 καὶ
745 3744 962 3813 μείζους
994 3747 1051 3800 ὲν
1091 3748 1156 3816 τῇ
1189 3746 1309 3817 θείᾳ
1346 3746 1506 3816 φύσει
1535 3746 1811 3816 καταλαμ-

239 3832 421 3886 ϐάνειν
450 3834 551 3896 τὰς
596 3834 801 3899 οὐσίας,
840 3836 1060 3908 λέληθεν
1105 3839 1296 3892 ἑαυτὸν
1334 3838 1584 3892 σύνθετον
1607 3840 1665 3907 ἐξ
1690 3840 1812 3894 ἀνοο

237 3925 408 3993 μοίων
434 3928 860 3991 κατασκευάζων
892 3929 949 3982 τὸ
980 3930 1150 3983 Θεῖον’
1201 3929 1277 3994 ὡς
1300 3930 1426 3985 ἄλλο
1459 3931 1556 4001 μέν
1586 3949 1637 3984 τι
1671 3935 1811 3985 νοεῖν

234 4012 457 4070 εἶναιτὸ
492 4018 846 4089 ὑποκείμενον
873 4038 885 4049 ο
939 4020 1123 4092 ἕτερον
1149 4022 1205 4075 δὲ
1230 4022 1388 4076 πάλιν
1420 4023 1481 4076 τὸ
1513 4024 1812 4094 μετεχόμεο

233 4126 323 4160 νον
352 4126 367 4138 ο
407 4101 471 4165 οὗ
502 4110 642 4163 κατὰ
676 4112 963 4180 μετουσίαν
996 4116 1052 4165 ὲν
1084 4112 1161 4184 τῷ
1186 4113 1376 4186 ἀγαθῷ
1392 4116 1712 4182 γίνεται,¹τὸ
1736 4115 1812 4186 μὴ

234 4199 479 4252 τοιοῦτον
508 4200 587 4255 δν.
652 4202 715 4255 Εἰ
757 4203 813 4255 δὲ
862 4203 1075 4273 ἀληθῶς
1102 4206 1278 4275 ἁπλῆν
1357 4207 1452 4259 καὶ
1481 4207 1655 4276 πάντη
1684 4207 1812 4276 μίαν

1902 1740 2041 1795 tate,
2081 1748 2201 1802 qua:
2239 1734 2291 1786 in
2328 1733 2703 1802 magnitudine
2734 1733 2949 1797 visitur,
2988 1741 3314 1801 separatam,
3363 1750 3477 1789 cre-

1904 1822 1993 1876 dat
2019 1838 2139 1877 csse
2162 1821 2546 1876 multiformem
2572 1830 2622 1875 et
2644 1824 3006 1892 compositam
3032 1822 3106 1893 (a)
3124 1826 3146 1876 ’ί
3167 1823 3321 1889 Quod
3346 1842 3476 1880 vero

1899 1915 2055 1983 juxta
2089 1915 2284 1986 dogma
2341 1915 2407 1967 ab
2460 1914 2580 1969 istis
2619 1915 2911 1968 contictum
2969 1916 3216 1971 sublimis
3258 1918 3372 1981 illa,
3423 1928 3477 1972 et

1906 2022 2068 2075 Super
2110 2008 2338 2060 aliarum
2398 2022 2576 2061 rerum
2628 2007 2875 2060 ordinem
2933 2008 3107 2076 posita
3167 2008 3475 2064 substantia

1903 2099 2132 2167 simplex
2167 2113 2274 2151 non
2315 2100 2383 2152 sit
2417 2099 2564 2165 (licet
2591 2098 2833 2167 alioquin
2862 2099 3039 2154 verbis
3091 2101 3313 2170 pulchre
3342 2103 3476 2157 sim-

1902 2189 2203 2260 plicitatem
2251 2187 2728 2259 asserant),t‘acilc
2780 2189 3165 2258 deprehendet,
3223 2193 3476 2263 quisquis

1904 2281 2183 2350 paululum
2237 2290 2471 2334 mentem
2525 2280 2810 2335 advertere
2855 2282 3105 2337 voluerit.
3160 2281 3294 2337 Nam
3350 2286 3478 2355 quis

1905 2373 2139 2443 ignorat,
2193 2373 2337 2442 quud
2402 2371 2725 2441 simplicitas
2779 2374 3079 2427 secundum
3151 2392 3305 2430 suam
3353 2393 3479 2446 pro~

1904 2461 2075 2530 priam
2120 2461 2384 2515 rationem
2438 2462 2493 2514 in
2522 2460 2869 2515 sanctissima
2901 2459 3169 2518 Trinitate
3195 2466 3475 2521 remissio-

1905 2567 2026 2606 nem
2063 2559 2115 2605 et
2148 2553 2509 2607 intensionem
2547 2566 2655 2605 non
2686 2552 2952 2622 recipiat?
2984 2554 3034 2606 in
3064 2570 3168 2623 qua
3200 2556 3345 2609 enim
3380 2572 3472 2610 na-

1904 2654 2025 2697 tura
2069 2643 2379 2699 mistionem
2412 2651 2465 2697 et
2504 2658 2836 2698 concursum
2873 2644 3196 2713 qualitatum
3234 2645 3477 2701 invenire.

1906 2752 2014 2791 non
2072 2743 2176 2798 est,
2242 2736 2375 2807 quin
2430 2737 2611 2805 potius
2672 2735 2725 2790 in
2796 2751 2903 2806 qua
2957 2737 3363 2807 impartibilem,
3426 2749 3480 2794 ei.

1905 2827 2320 2897 compositionis
2379 2827 2541 2897 plane
2587 2835 2865 2897 expertem
2922 2825 3242 2883 facultatem
3294 2830 3479 2883 animo

1906 2918 2243 2986 concipimus
2282 2936 2293 2970 :
2331 2917 2606 2987 quomodo
2649 2917 2778 2987 quis
2824 2918 3155 2974 intensionis
3186 2929 3240 2974 et
3282 2920 3480 2975 remis-

1910 3007 2083 3062 sionis
2122 3007 2496 3063 diversitatem
2545 3008 2733 3077 aliquo
2772 3008 2935 3062 modo
2968 3009 3295 3079 cogitatione
3330 3026 3482 3066 com-

1911 3099 2217 3169 plectetur?
2244 3098 2477 3155 Necesse
2499 3100 2645 3154 enim
2664 3108 2769 3167 est,
2790 3110 2851 3155 ut
2887 3101 2954 3166 is,
2986 3104 3079 3172 qui
3114 3104 3476 3159 diﬂ‘erentiam

1910 3191 1964 3244 in
2003 3190 2089 3247 his
2132 3192 2348 3256 statuit,
2401 3192 2727 3262 qualitatum
2752 3194 3115 3263 quarumdam
3166 3195 3479 3250 conﬂuxum

1909 3282 2053 3338 circa
2102 3283 2415 3351 subjectum
2446 3284 2747 3347 concedat;
2783 3286 2910 3355 quia
2942 3286 3023 3340 vel
3051 3302 3144 3356 per
3168 3303 3478 3354 excessum,

1908 3376 1992 3430 vel
2045 3391 2139 3445 per
2185 3376 2456 3431 defectum
2499 3376 2859 3432 diﬂ'erentiam
2903 3379 2955 3432 in
3006 3379 3091 3434 his
3136 3381 3479 3448 considerat;

1908 3475 1961 3521 et
1992 3482 2086 3537 per
2123 3469 2225 3522 hoc
2255 3469 2581 3537 quantitatis
2617 3471 2886 3524 rationem
2920 3471 2994 3535 ei,
3019 3472 3163 3540 quod
3197 3473 3479 3541 quaeritur,

1909 3559 2323 3628 superinducit;
2367 3561 2449 3615 vel
2486 3561 2540 3615 in
2582 3561 2844 3623 bonitate,
2883 3562 3146 3631 potentia.
3188 3566 3480 3633 sapientia,

1910 3649 1995 3704 vel
2049 3650 2095 3705 si
2144 3649 2273 3720 quid
2324 3649 2474 3702 aliud
2520 3649 2575 3702 in
2617 3649 2800 3703 divina
2847 3658 3043 3704 natura
3093 3651 3274 3707 inesse
3318 3669 3482 3722 posse

1912 3741 2204 3811 cogitatur,
2232 3740 2675 3803 redundantiam,
2695 3741 2776 3795 vel
2794 3741 3226 3798 imminutionem
3247 3748 3479 3815 astruit;

1912 3839 1965 3888 et
2018 3833 2099 3888 sic
2133 3832 2556 3902 compositionis
2604 3833 2866 3887 rationem
2909 3850 3017 3888 non
3059 3836 3317 3905 evitabit;
3354 3856 3480 3893 nam

1913 3924 2259 3994 sapientiam,
2305 3923 2600 3993 potentiam
2630 3931 2684 3978 et
2718 3924 2882 3993 hujus
2915 3927 3130 3994 generis
3175 3928 3284 3982 alia
3320 3930 3481 3993 bona,

1914 4013 2033 4069 sine
2074 4010 2456 4069 imminutione
2495 4030 2558 4068 ac
2606 4014 2818 4069 defectu
2879 4016 3119 4085 possidet
3166 4019 3241 4084 id,
3270 4021 3355 4073 cui
3391 4022 3484 4074 bo-

1914 4121 2044 4160 num
2077 4122 2185 4159 non
2221 4113 2304 4160 est
2338 4106 2730 4172 adventitium;
2790 4106 2884 4160 sed
2944 4107 3123 4177 ipsum
3164 4111 3325 4178 quale
3380 4122 3482 4173 est,
3582 4100 3595 4107 ³

1914 4198 2023 4252 tale
2072 4206 2266 4251 natura
2314 4213 2413 4251 sua
2466 4205 2569 4251 est.
2619 4195 2805 4266 Itaque
2863 4198 2955 4266 qui
3000 4200 3199 4271 asserit
3251 4199 3486 4268 majores

164 4304 171 4309 '
235 4292 436 4344 ἐνενόει
464 4292 562 4363 τὴν
588 4294 791 4357 οὐσίαν,
815 4296 945 4349 αὐτὸ
972 4297 1108 4367 ὅπερ
1137 4297 1283 4351 ἐστὶν
1303 4297 1506 4365 ἀγαθὸν
1529 4291 1714 4361 οὖσαν,
1744 4298 1805 4351 ού

1921 4297 1973 4343 et
2024 4288 2267 4343 minores
2319 4303 2440 4342 esse
2493 4289 2547 4341 in
2585 4288 2770 4342 divina
2811 4300 3006 4343 natura
3044 4289 3403 4349 substantias.
3443 4292 3488 4344 is

236 4386 529 4455 γινομένην
571 4387 630 4451 ὲξ
668 4389 1028 4459 ὲπικτήσεως,
1070 4390 1169 4442 οὐκ
1196 4388 1262 4442 ἂν
1302 4389 1363 4441 τὸ
1394 4388 1599 4458 μεῖζον,
1626 4391 1719 4442 καὶ
1750 4390 1811 4444 τὸ

240 4474 461 4529 ἔλαττον
489 4493 555 4527 πε
565 4478 617 4546 ρὶ
635 4477 804 4542 αὐτὴν
828 4478 1114 4545 ἐλογίζετο.
1144 4477 1342 4549 Είρητο
1365 4479 1470 4550 γὰρ
1494 4482 1587 4533 καὶ
1614 4482 1671 4532 έν
1697 4483 1810 4544 τοῖς

239 4566 572 4637 ἔμπροσθεν,
600 4567 682 4621 ὅτι
722 4570 856 4641 μόνῃ
880 4572 945 4638 τῇ
972 4568 1067 4621 τοῦ
1092 4568 1261 4621 κακοῦ
1285 4570 1553 4649 παρουσίᾳ
1581 4570 1648 4623 τὰ
1672 4571 1732 4639 ἀγ
1745 4588 1807 4622 α-

239 4656 309 4711 θὰ
348 4660 867 4730 κατασμικρύνεται.
908 4662 1022 4730 Ἐφ’
1044 4654 1116 4713 ὧν
1138 4660 1194 4713 δὲ
1222 4661 1255 4731 ἡ
1286 4661 1444 4729 φύσις
1464 4660 1809 4722 ἀνεπίδεκτός

237 4750 355 4801 ἐστι
381 4749 475 4801 τοῦ
506 4750 769 4821 χείρονος,
806 4751 929 4819 ὅρος
961 4751 1062 4802 ούκ
1096 4750 1382 4801 ἐπινοεῖται
1407 4748 1506 4817 τῆς
1538 4747 1806 4817 ἁγαθότη-

234 4857 326 4903 τος
354 4858 367 4869 ·
394 4841 457 4893 τὸ
483 4842 540 4895 δὲ
573 4843 843 4913 ἀόριστον,
874 4841 937 4894 ού
959 4844 1023 4912 τῇ
1057 4841 1190 4912 πρὸς
1216 4841 1402 4911 ἕτερον
1433 4840 1614 4910 σχέσει
1637 4839 1809 4893 τοιοῦ-

231 4935 324 4987 τόν
345 4934 514 4997 ἐστιν,
528 4933 785 4988 ἀλλάύτὺ
805 4933 864 4985 τὸ
883 4932 1005 4986 καθ’
1035 4932 1195 4985 έαυτὺ
1227 4933 1536 5001 νοούμενον,
1552 4931 1807 5000 ἐκφεύγει

232 5028 322 5080 τὸν
348 5029 474 5098 ὅρον
495 5044 507 5056 ·
543 5026 767 5096 ἄπειρον
790 5027 848 5079 δὲ
876 5025 1124 5095 ἀπείρου,
1156 5024 1315 5077 πλέον
1342 5025 1434 5077 καὶ
1469 5024 1684 5078 ἔλαττον
1713 5024 1807 5076 λέα

231 5136 371 5186 γειν,
403 5119 504 5171 οὐκ
528 5114 644 5171 οἴδα
673 5118 748 5181 ὡς
770 5116 1147 5184 λελογισμένον
1182 5114 1507 5184 συνθήσεται
1530 5128 1542 5139 ⁸
1595 5114 1729 5168 ὥστε
1758 5114 1808 5165 εί

234 5212 407 5283 ἁπλῆν
431 5211 681 5281 ὁμολογεῖ
704 5210 803 5278 τὴν
823 5207 1223 5279 ὑπερκειμένην
1248 5205 1455 5268 οὐσίαν,
1476 5204 1571 5257 καὶ
1596 5203 1808 5267 οἰκείως

232 5304 373 5373 ἔχειν
423 5306 595 5373 αὐτὴν
644 5303 781 5374 πρὸς
826 5301 1046 5370 ἑαυτὴν,
1092 5297 1416 5352 συντιθέσθω
1460 5300 1525 5367 τῇ
1564 5294 1706 5348 κατὰ
1750 5297 1811 5348 τὸ

230 5396 456 5461 ἁπλοῦν,
473 5396 570 5451 καὶ
590 5395 814 5465 ἄπειρον
836 5392 1087 5463 κοινωνίᾳ
1112 5389 1538 5460 συναπτομένην.
1566 5388 1626 5440 Εἰ
1654 5387 1707 5440 δὲ
1729 5387 1807 5440 δι-

1913 4380 2235 4451 imprudens
2270 4380 2513 4434 divinmn
2546 4395 2749 4434 numen
2781 4396 2845 4434 ex
2883 4380 3241 4451 intequalibus
3264 4396 3487 4450 compo-

1912 4475 2077 4528 situm
2101 4472 2285 4538 etIicit,
2310 4479 2368 4525 ut
2398 4472 2542 4525 aliud
2569 4472 2954 4541 concipiamus
2999 4486 3122 4527 esse
3151 4472 3485 4543 subjectum,

1912 4563 2062 4619 aliud
2100 4578 2229 4617 vero
2264 4562 2340 4626 id,
2372 4562 2516 4632 quod
2557 4562 2918 4632 participatur
2953 4581 2966 4617 :
3006 4563 3163 4631 cujus
3184 4565 3484 4620 secundum

1915 4655 2468 4710 communicationem
2514 4654 2568 4707 in
2626 4653 2769 4708 bono
2820 4654 2912 4707 ﬁat
2954 4652 3029 4718 id,
3085 4655 3229 4724 quod
3263 4671 3370 4710 non
3403 4666 3486 4712 est

1914 4746 2042 4800 tale.
2079 4744 2234 4810 Quod
2273 4746 2317 4799 si
2345 4760 2468 4799 vere
2500 4744 2803 4812 simplicem
2835 4744 3094 4813 omnique
3128 4744 3292 4800 modo
3322 4762 3485 4801 unam

1914 4838 2282 4893 existimasset
2342 4835 2740 4899 substantiam,
2809 4836 3090 4905 ipsamque
3152 4836 3315 4891 sicuti
3369 4848 3484 4901 est,

1914 4927 2239 4987 bonitatem,
2270 4940 2378 4979 non
2420 4940 2483 4979 ex
2524 4924 2891 4993 acquisitione
2919 4923 3181 4979 bonitatis
3208 4925 3483 4995 ejusmodi

1915 5013 2116 5068 factam
2137 5028 2260 5069 esse
2292 5014 2643 5076 credidisset,
2666 5011 3095 5083 haudquaquam
3121 5015 3485 5072 intensionem

1913 5113 1967 5161 et
2003 5106 2381 5161 remissionem
2416 5105 2470 5158 in
2510 5120 2575 5159 ea
2618 5106 2940 5170 statuisset;
2987 5122 3113 5160 nam
3147 5110 3301 5176 prius
3346 5123 3478 5177 quo.

1913 5215 2020 5269 que
2065 5199 2305 5256 diximus
2352 5199 2523 5255 solam
2558 5199 2685 5253 mali
2722 5199 3070 5270 praesentiam
3119 5200 3261 5254 bona
3306 5199 3485 5253 immi‘

1914 5312 2104 5352 nuere.
2152 5295 2210 5350 In
2263 5295 2351 5350 his
2401 5304 2605 5357 autem,
2645 5309 2881 5365 quorum
2946 5302 3143 5349 natura
3199 5291 3486 5346 deterioris

1916 5404 2025 5442 non
2064 5397 2146 5444 est
2195 5402 2389 5458 capax,
2423 5404 2531 5442 non
2577 5388 2704 5443 licet
2754 5386 3047 5441 terminum
3085 5381 3343 5437 bonitatis
3370 5380 3486 5434 ani-

304 5581 374 5646 (α)
430 5576 649 5633 Profert
717 5576 861 5630 hunc
900 5575 1083 5632 locum
1130 5574 1411 5647 Cypariss.
1463 5570 1655 5627 dccad.
1714 5583 1791 5631 ix,
1835 5582 1883 5621 c.
1943 5568 1976 5619 5
