4064 6146
497 207 601 263 525
1557 228 1565 237 ·
1769 206 1824 261 S.
1859 206 2185 275 GREGORII
2210 206 2504 264 NYSSENI
3046 266 3053 272 .
3649 213 3753 268 526

494 342 586 381 mo
625 323 1108 394 comprehendere.
1147 322 1212 376 At
1243 320 1520 376 inﬁnitum
1568 337 1675 378 non
1714 333 1797 378 est
1844 326 1939 379 tali
1971 326 2059 380 ha-

2177 324 2480 400 ίστησιριαὶ
2499 328 2749 395 ἀποξενοῖ
2764 327 2859 391 τὰς
2876 328 3059 392 οὐσίας
3082 329 3175 381 ἀπ’
3193 327 3459 400 ἀλλήλων,
3474 330 3638 402 ἁλλην
3655 331 3756 385 τοῦ

492 417 741 473 bitudine
772 415 838 468 ad
885 416 1068 480 aliud;
1109 414 1205 468 sed
1254 415 1438 484 ipsum
1495 415 1794 470 secundum
1832 419 2059 486 seipsun

2172 420 2508 490 Μονογενοῦς
2531 420 2680 490 παρὰ
2701 419 2790 473 τὸν
2807 419 3045 492 Πατέρα,
3067 421 3258 492 ἑτέραν
3275 421 3330 474 δὲ
3351 421 3447 493 τὴν
3467 420 3561 475 τοῦ
3587 421 3758 475 Πνεύ-

491 517 822 580 spectatum,
861 507 1014 561 nullo
1065 507 1299 562 termino
1336 517 1644 563 coercetur.
1679 507 1854 564 Porro
1890 511 2059 564 inﬁni-

2175 532 2340 585 ματος
2365 515 2514 586 ποιρὰ
2533 513 2630 584 τὴν
2649 512 2743 566 τοῦ
2766 513 3102 582 Μονογενοῦς
3130 513 3346 578 ἐννοῶν,
3364 514 3458 567 καὶ
3481 513 3542 568 τὸ
3591 512 3757 565 πλέον

488 609 604 653 tmn
647 598 861 652 inﬁnito
887 598 1008 668 plus
1029 599 1281 653 minusve
1309 598 1533 662 habere,
1577 601 1768 654 nescio
1796 604 2059 672 quomodc

2170 605 2263 657 καὶ
2281 604 2340 655 τὸ
2367 605 2584 655 ἔλαττον
2611 603 2696 654 ἐπ’
2727 602 2902 656 αὐτῶν
2921 602 3090 670 λέγει,
3114 601 3187 673 μὴ
3211 601 3517 655 λανθανέτω
3549 603 3624 674 τῷ
3654 603 3758 672 μὲν

487 705 858 746 concessurus
883 691 954 744 sit
977 691 1045 752 is,
1079 689 1170 759 qui
1207 705 1319 745 rem
1353 691 1670 745 accuratius
1697 694 2059 762 perpenderit.

2169 695 2344 748 δοκεῖν
2375 695 2434 747 τὸ
2474 693 2678 748 ἁπλοῦν
2702 692 3056 764 χαριζόμενος
3075 732 3090 756 ,
3139 695 3204 764 τῇ
3234 692 3290 746 δὲ
3326 692 3554 764 ἀληθείᾳ
3582 711 3758 748 κατα-

491 789 676 852 ltaque
714 784 760 838 si
789 783 1156 838 substantiam
1185 783 1332 836 illam
1370 799 1666 852 supernam
1709 785 1914 839 fatetur
1945 803 2059 842 esse

2169 786 2447 850 σκευάζων
2469 787 2528 839 τὸ
2557 785 2829 840 σύνθετον,

488 879 815 948 simplicem,
879 872 1378 946 secumqud‘ipsam
1412 877 1532 930 sine
1562 875 1906 932 dissensione
1931 879 2371 945 convenientem,
2423 893 2654 933 necesse
2700 883 2805 943 est,
2861 883 2921 930 ut
2977 877 3244 932 concedat
3272 891 3391 932 eam
3437 893 3653 948 quoque
3695 877 3755 932 in

487 971 986 1027 communicatione
1018 969 1390 1039 simplicitatis
1443 977 1495 1022 et
1530 969 1820 1025 inﬁnitatis
1855 971 2088 1040 junctim
2130 971 2444 1026 convenire.
2495 970 2552 1025 Si
2596 986 2725 1025 vero
2783 969 3124 1026 substantias
3159 969 3227 1023 ab
3275 970 3509 1025 invicem
3552 971 3760 1025 discri-

485 1061 683 1124 minat,
742 1067 796 1114 et
843 1058 1000 1129 quasi
1038 1058 1241 1111 alienat
1313 1059 1475 1112 aliam
1526 1059 1809 1129 Unigeniti
1846 1075 1874 1113 a
1922 1061 2234 1117 substantia
2281 1059 2503 1126 Patris,
2556 1070 2608 1116 et
2654 1061 2818 1115 aliam
2867 1059 3105 1130 Spiritus
3152 1063 3328 1116 sancti
3371 1077 3403 1116 a
3442 1061 3756 1116 substantia

486 1159 612 1214 Filii
635 1165 902 1218 statuens,
939 1155 1412 1224 intensionemque
1442 1163 1493 1210 et
1519 1157 1898 1212 remissionem
1934 1159 2070 1228 ipsis
2097 1159 2379 1225 attribuit;
2414 1174 2522 1213 non
2550 1159 2705 1212 fallat
2737 1173 2838 1214 nos
2869 1158 3102 1235 occultis
3137 1157 3374 1222 insidiis,
3409 1158 3536 1212 dum
3581 1158 3756 1213 verbo

486 1248 706 1320 quidem
744 1243 1147 1314 simplicitatem
1185 1245 1403 1308 asserit,
1447 1245 1626 1314 reipsa
1679 1261 1806 1300 vero
1850 1249 2303 1316 compositionem
2352 1248 2445 1305 Dei
2482 1249 2714 1319 afﬁngit.

559 1341 665 1398 Sed
697 1342 808 1410 jam
844 1355 1041 1394 rursus
1089 1337 1254 1391 verba
1282 1336 1426 1392 illius
1461 1339 1656 1391 ordine
1691 1354 2063 1394 resumamus.

488 1435 578 1490 Ait
612 1452 624 1488 :
656 1431 790 1488 Cum
819 1432 1025 1485 sincera
1047 1430 1175 1483 silet
1205 1429 1426 1496 simplex
1445 1428 1745 1482 substantia
1766 1446 1827 1482 ac
1849 1445 2066 1498 prorsus

488 1543 616 1589 una,
655 1525 878 1594 talisque
907 1524 1163 1592 cogitetur
1191 1530 1237 1575 et
1273 1521 1602 1592 intelligatur
1629 1521 1910 1575 secundant
1943 1538 2070 1590 pro-

487 1622 660 1688 priam
704 1617 1032 1686 dignitatem.
1081 1613 1223 1680 Quid
1275 1614 1379 1668 sibi
1430 1614 1541 1667 vult
1594 1613 1747 1678 illud,
1783 1613 2066 1667 secundum

487 1712 756 1780 propriam
807 1709 1158 1780 dignitatem?
1196 1706 1268 1788 Si.
1298 1707 1442 1760 enim
1486 1706 1768 1760 existimat
1814 1707 2069 1759 substan-
2102 1747 2140 1801 Β

489 1803 592 1856 tias
619 1815 744 1856 esse
779 1799 1042 1869 dignitate
1072 1813 1253 1866 pares,
1286 1796 1465 1850 inanis
1505 1804 1652 1851 certe
1687 1805 1741 1851 et
1786 1795 2059 1865 superﬂua

489 1895 652 1948 fuerit
684 1894 878 1948 horum
929 1891 1224 1944 verborum
1256 1891 1548 1960 appositio,
1585 1897 1771 1959 utpote
1803 1889 1856 1942 in
1895 1888 2060 1944 rebus

485 1984 675 2048 certis,
731 1991 784 2037 et
833 1982 1079 2038 omnium
1133 1979 1478 2034 confessione
1518 1980 1822 2049 perspicuis
1867 1980 2064 2044 immo,-

487 2089 658 2140 rans;
711 2073 804 2127 sed
859 2072 1036 2127 danda
1062 2079 1146 2126 est
1202 2071 1362 2125 venia
1405 2070 1659 2126 fortassis
1693 2071 1956 2125 dictionis
1987 2072 2062 2123 in-

487 2168 830 2237 tempestivae
869 2164 1240 2234 usurpationi,
1269 2179 1393 2217 cum
1446 2163 1639 2217 melior
1675 2169 1730 2217 et
1775 2163 1961 2217 sanior
1994 2161 2062 2217 de

488 2258 599 2312 Deo
655 2255 991 2310 existimatio
1058 2269 1167 2307 non
1239 2252 1497 2324 repudiet
1566 2252 1712 2305 hanc
1792 2251 2059 2306 orationis

486 2349 802 2402 inanitatem
837 2356 892 2402 et
935 2344 1396 2414 superﬁuitatem.
1431 2341 1631 2396 Verum
1660 2358 1770 2397 non
1812 2342 2060 2396 imminet

485 2443 532 2497 ei
567 2441 866 2511 periculum
893 2437 1267 2492 committendi
1296 2444 1519 2506 peccata
1550 2436 1839 2491 verborum
1877 2435 2060 2505 (facile

486 2535 635 2588 enim
689 2531 1033 2587 medicabilis
1077 2529 1301 2583 morbus
1338 2526 1465 2595 est),
1525 2528 1616 2582 sed
1668 2527 1824 2596 longe
1875 2525 2058 2595 pejora

485 2623 731 2688 molitur,
779 2630 834 2676 et
873 2620 1038 2690 impie
1077 2617 1296 2690 aggredi
1347 2623 1540 2670 tentat.
1582 2615 1716 2668 Nam
1759 2614 2058 2683 simplicem

487 2714 624 2769 dicit
677 2713 973 2782 quamlibet
1023 2711 1192 2764 trium
1265 2707 1698 2762 substantiarum
1758 2704 2058 2760 secundum

486 2803 763 2875 propriam
813 2801 1157 2870 dignitatem,
1207 2811 1269 2855 ut
1337 2797 1572 2852 decretis
1628 2796 1764 2858 suis,
1816 2809 1936 2863 quae
1994 2793 2060 2846 ab

489 2895 646 2949 initio
689 2892 942 2953 sancivit,
1003 2891 1070 2944 de
1102 2890 1300 2959 prima,
1333 2885 1594 2948 secunda,
1633 2892 1687 2939 et
1745 2883 1900 2936 tertia
1929 2876 2058 2936 subl-

490 2985 716 3047 stantia,
737 2990 1081 3052 pervertatur
1104 2993 1323 3049 quoque
1341 2975 1708 3046 simplicitatis
1731 2974 1893 3026 ratio.
1925 2972 2058 3025 Nam

2243 1341 2410 1394 Πάλιν
2449 1341 2505 1394 δὲ
2552 1342 2642 1395 τὸν
2678 1341 2909 1413 ρηθέντα
2951 1342 3078 1412 παρ’
3113 1339 3277 1393 αὐτοῦ
3321 1340 3476 1408 λόγον
3513 1340 3755 1411 καθεξῆς

2169 1431 2526 1502 ἀναλάϐωμεν
2546 1473 2559 1486 .
2597 1431 2996 1499 Εὶλικρινοῦς,
3047 1432 3241 1502 φησὶν,
3273 1429 3477 1498 ἁπλῆς
3509 1429 3620 1499 τῆς
3651 1435 3754 1486 οὐ·

2171 1524 2330 1588 σίας,
2354 1523 2452 1577 καὶ
2478 1524 2672 1590 πάντη
2708 1521 2852 1592 μιᾶς
2885 1522 3078 1590 οὔσης
3108 1521 3207 1575 καὶ
3234 1521 3564 1591 νοουμένης
3599 1523 3754 1576 κατὰ

2169 1613 2284 1682 τὴν
2320 1614 2476 1667 ἰδίαν
2510 1615 2708 1678 ἀξίαν.
2763 1614 2825 1666 Τί
2867 1613 3113 1683 βούλεται
3150 1614 3209 1666 τὸ
3246 1614 3397 1667 κατὰ
3435 1611 3547 1681 τὴν
3588 1613 3752 1666 ἰδίαν

2171 1706 2381 1769 dif/ar;
2409 1707 2468 1759 El
2495 1707 2592 1775 μὲν
2618 1705 2726 1777 γάρ
2755 1708 2812 1759 ἐν
2838 1706 3106 1777 κοινότητι
3129 1706 3224 1776 τῆς
3246 1705 3402 1769 ἀξίας
3430 1705 3625 1776 θεωρεῖ
3648 1705 3752 1769 τὰς

2168 1799 2374 1864 οὐσίας,
2410 1797 2641 1868 περισσὴ
2687 1798 2785 1867 μὲν
2815 1798 2909 1851 καὶ
2939 1797 3110 1860 οὕτως
3144 1792 3234 1868 ἦν,
3264 1799 3356 1850 καὶ
3398 1798 3753 1869 παρέλκουσα

2169 1890 2202 1958 ὴ
2233 1887 2520 1960 προσθήκη
2552 1889 2644 1941 τοῦ
2690 1888 2846 1956 λόγου
2887 1891 2998 1952 τοῖς
3047 1889 3495 1960 ὁμολογουμένοις
3533 1891 3752 1958 γένεσιν

2168 1981 2574 2052 ἐνδιατρίϐουσα
2599 1997 2611 2012 ο
2665 1980 2802 2052 πλὴν
2830 1981 2943 2034 ἀλλ’
2986 1976 3098 2051 εἶχέ
3140 1999 3194 2034 τι
3237 1981 3579 2050 συγγνωστὸν
3610 1985 3750 2046 ίσως

2169 2073 2201 2142 ή
2229 2072 2455 2142 ἀκαιρία
2477 2071 2578 2141 τῆς
2611 2069 2830 2136 λέξεως,
2861 2072 2960 2140 τῆς
2992 2070 3382 2142 εὐσεϐεστέρας
3411 2071 3619 2135 ἐννοίας
3648 2073 3755 2126 οὐκ

2167 2164 2470 2235 ἀπόϐλητον
2511 2165 2774 2235 ποιούσης
2803 2165 2863 2218 τὸ
2903 2165 3153 2234 μάταιον,
3194 2163 3285 2218 καὶ
3334 2164 3621 2236 περιρρέον
3652 2165 3752 2218 τοῦ

2169 2255 2346 2323 λόγου.
2387 2256 2501 2309 Νῦν
2527 2257 2583 2310 δὲ
2621 2258 2680 2311 οὐ
2720 2256 2883 2328 μέχρι
2927 2256 3026 2327 τῆς
3055 2257 3162 2308 τῶν
3203 2254 3462 2327 ῥημάτων
3492 2255 3640 2324 αὐτῷ
3666 2256 3751 2309 δι-

2168 2347 2443 2417 αμαρτίας
2477 2348 2622 2401 ἐστὶν
2641 2349 2668 2400 ό
2689 2346 2930 2410 κίνδυνος
2959 2364 2972 2377 ·
3011 2348 3030 2417 (
3056 2339 3094 2418 ἦ
3130 2347 3238 2417 γὰρ
3257 2345 3322 2399 ἂν
3350 2346 3560 2398 εὐίατον
3591 2342 3657 2417 ἦν
3685 2347 3750 2400 τὸ

2168 2431 2562 2507 ἀρρώστημαο)
2579 2432 2689 2488 ἀλλ’
2707 2434 2786 2487 ἔτι
2815 2434 2924 2487 τῶν
2949 2434 3199 2504 πονηρῶν
3232 2432 3411 2502 ἔχεται
3437 2435 3750 2504 τεχνασμὰι

2166 2543 2294 2580 των.
2348 2525 2550 2594 Ἀπλῆν
2584 2524 2692 2594 γὰρ
2732 2526 2879 2597 λέγει
2916 2513 3024 2577 νεῶν
3067 2524 3230 2594 τριῶν
3269 2522 3462 2576 οὐσιῶν
3509 2525 3754 2595 ἑκάστην

2168 2615 2309 2667 κατὰ
2354 2613 2449 2684 τὴν
2496 2613 2628 2666 ἰδίαν
2669 2614 2823 2680 ἀξίαν
2849 2631 2862 2643 ·
2913 2615 3001 2668 ἵνα
3037 2617 3149 2677 τοῖς
3183 2613 3240 2681 ἐξ
3283 2615 3456 2685 ἀρχῆς
3507 2615 3754 2686 ῥηθεῖσιν

2169 2705 2317 2775 αὐτῷ
2347 2705 2667 2776 διορισμοῖς,
2705 2707 2830 2778 περὶ
2869 2706 2970 2775 τῆς
3002 2705 3224 2778 πρώτης
3251 2723 3309 2759 τε
3348 2707 3441 2759 καὶ
3467 2705 3746 2776 δευτέρας,

2168 2797 2263 2850 καὶ
2296 2797 2484 2868 τρίτης
2517 2798 2724 2861 οὐσίας,
2754 2799 2847 2852 καὶ
2889 2802 2916 2852 ό
2949 2801 3047 2869 τῆς
3071 2798 3368 2868 ἁπλότητος
3404 2814 3751 2868 συγκακουρ-

2167 2888 2331 2958 γῆται
2356 2888 2526 2957 λόγος.
2582 2891 2791 2961 Ὥσπερ
2815 2889 2921 2960 γὰρ
2956 2889 3121 2960 μόνην
3155 2890 3433 2951 ἀνωτάτω,
3463 2890 3552 2942 καὶ
3579 2890 3754 2960 μόνην

2169 2981 2367 3052 κυρίαν
2399 2980 2496 3051 τὴν
2530 2978 2622 3033 τοῦ
2650 2980 2859 3052 [ἰατρὸς
2887 2981 3328 3052 προσηγόρευσεν
3357 2981 3562 3044 οὐσίαν,
3595 2981 3752 3035 οὐδὲν

487 3074 949 3147 quemadmodum
1001 3073 1169 3127 solam
1219 3084 1554 3140 supremam,
1609 3073 1663 3121 ct
1709 3067 1879 3122 solam
1933 3078 2055 3132 pro-

2166 3072 2369 3127 τούτων
2391 3073 2482 3126 ἐπὶ
2506 3072 2599 3125 τοῦ
2625 3071 2778 3135 Υἱοῦ,
2809 3073 2901 3124 καὶ
2923 3072 3014 3125 τοῦ
3037 3073 3176 3126 Πνεύ
3185 3090 3350 3142 ματος
3379 3072 3742 3142 ὁμολογήσας,

486 3171 660 3240 priam
708 3167 888 3240 Patris
943 3165 1304 3221 substantiam
1340 3158 1664 3222 nominavit,
1702 3155 1836 3209 nihil
1866 3154 2060 3207 horum

484 3262 626 3316 Filio
656 3260 740 3315 vel
769 3257 997 3328 Spiritui
1031 3263 1225 3311 saneto
1248 3253 1561 3321 assignans,
1599 3247 1855 3301 videlicet
1886 3259 2060 3312 neque

485 3367 774 3424 supremm,
822 3364 999 3418 neque
1049 3346 1284 3401 maxime
1325 3341 1561 3411 propriae
1601 3337 2058 3423 appellationem;

483 3447 673 3500 eodem
714 3429 876 3495 modo
912 3453 1037 3493 cum
1078 3435 1420 3492 substantias
1473 3432 1746 3500 simplices
1797 3428 2060 3492 nominat,

486 3535 792 3588 arbitratur
832 3529 1058 3584 cuilibet
1113 3525 1490 3594 simplicitatis
1550 3524 1823 3577 rationem
1867 3535 2062 3576 conce-

485 3626 720 3681 dendam
780 3637 921 3685 csse,
976 3619 1280 3673 secundum
1349 3616 1571 3669 modum
1627 3621 1682 3669 et
1745 3627 2058 3667 mensuram

486 3715 792 3786 dignitatis,
820 3729 923 3782 qua
964 3712 1148 3781 pollet,
1197 3719 1255 3762 ut
1288 3709 1462 3778 prima
1495 3707 1714 3776 quidem
1746 3714 1800 3761 et
1828 3705 2060 3760 maxime

486 3807 708 3878 prepria
742 3803 1046 3859 substantia
1071 3801 1227 3872 quasi
1260 3801 1312 3854 in
1350 3815 1476 3854 arce
1506 3808 1558 3854 et
1583 3799 1819 3854 culmine
1851 3797 2062 3867 simpli-

484 3900 668 3954 citatis
707 3899 1095 3960 constituatur;
1130 3893 1392 3956 seeunda,
1421 3891 1780 3961 proportione
1823 3889 2058 3960 quadam

483 3991 783 4048 secundum
820 4002 1132 4044 mensuram
1171 3985 1448 4039 distantia:
1486 3999 1516 4036 a
1558 3985 1753 4053 prima,
1799 3981 2063 4052 simplici-

483 4084 612 4139 tatis
633 4084 898 4137 rationem
939 4079 1224 4149 participet
1248 4093 1262 4140 ;
1293 4083 1345 4129 et
1371 4075 1533 4129 tertia
1562 4073 1818 4129 similiter
1841 4081 2056 4126 tantum

483 4191 512 4229 a
555 4165 792 4245 perfecta
833 4171 1180 4240 simplicitate
1223 4167 1464 4230 recedat,
1521 4174 1787 4236 quantum
1834 4180 2061 4220 necesse

481 4278 565 4323 est
618 4265 1024 4337 proportionem
1078 4271 1132 4315 et
1189 4268 1392 4315 statum
1435 4258 1722 4328 dignitatis
1781 4257 2057 4321 imminui,

481 4357 617 4410 adeo
649 4363 708 4408 ut
749 4369 816 4407 ex.
845 4353 946 4405 hoc
979 4357 1259 4419 sequatur,
1291 4347 1472 4404 Patris
1526 4347 1746 4418 quidem
1797 4348 2058 4402 substan-

2166 3164 2288 3217 οὔτε
2304 3165 2404 3235 τὴν
2429 3164 2541 3217 ἄνω
2570 3166 2773 3233 φωνὴν,
2801 3164 2925 3217 οὕτε
2951 3164 3046 3236 τὴν
3076 3163 3418 3235 κυριωτάτην
3443 3179 3457 3194 ο
3493 3165 3631 3218 κατὰ
3657 3163 3750 3217 τὸν

2166 3256 2327 3308 αὐτὸν
2358 3255 2537 3323 λόγον,
2577 3255 2671 3308 καὶ
2708 3255 2883 3318 ἁπλᾶς
2913 3255 3223 3324 προσειπὼν
3241 3255 3337 3318 τὰς
3365 3256 3571 3317 οὐσίας,
3605 3255 3755 3308 κατὰ

2163 3346 2226 3398 τὸ
2266 3345 2458 3417 μέτρον
2495 3347 2590 3416 τῆς
2633 3347 3105 3418 έπιθεωρουμένης
3154 3347 3391 3417 ἑκάστης
3432 3345 3605 3411 ἀξίας,
3654 3348 3754 3400 καὶ

2166 3436 2264 3508 τὴν
2295 3437 2391 3506 τῆς
2416 3437 2714 3508 ἁπλότητος
2737 3437 2941 3490 ἔννοιαν
2963 3438 3292 3516 ἐφαρμόζειν
3323 3438 3494 3490 οἴεται
3514 3439 3714 3507 χρῆναι
3733 3454 3747 3467 ν

2165 3528 2240 3590 ὡς
2269 3533 2368 3600 τῆς
2395 3529 2493 3600 μὲν
2523 3529 2884 3601 κυριωτάτης,
2920 3531 3013 3582 καὶ
3037 3529 3277 3600 πρώτης,
3311 3531 3458 3600 ἐν’τῇ
3486 3529 3630 3601 ἄκρα
3653 3531 3755 3582 καὶ

2165 3622 2344 3692 τελείᾳ
2361 3622 2736 3693 θεωρουμένης
2759 3622 3045 3691 ἁπλότητι,
3062 3622 3158 3692 τῆς
3181 3621 3233 3674 δὲ
3267 3621 3523 3692 δευτέρας
3556 3622 3750 3674 ἀναλό-

2165 3730 2301 3782 γως,
2334 3714 2470 3766 κατὰ
2490 3711 2550 3765 τὺ
2575 3712 2772 3785 μέτρον
2795 3715 2893 3783 τῆς
2922 3712 3029 3766 τῶν
3061 3713 3342 3782 πρωτείων
3365 3713 3629 3781 ὐφέσεως,
3653 3712 3753 3764 καὶ

2164 3804 2256 3858 τὸν
2283 3805 2382 3874 τῆς
2414 3804 2712 3874 ἁπλότητος
2734 3804 2892 3872 λόγον
2915 3794 3345 3874 ὑποστελλούσης
3365 3820 3378 3834 ·
3407 3803 3502 3856 καὶ
3528 3803 3618 3856 ἐπὶ
3645 3803 3753 3873 τῆς

2164 3895 2476 3958 τελευταίας
2506 3895 2766 3959 ὡσαύτως
2799 3897 3051 3951 τοσοῦτον
3075 3883 3497 3949 ὑποκαταϐαίνει
3530 3895 3628 3964 τῆς
3655 3912 3750 3947 τε·

2164 3985 2314 4050 λείας
2344 3987 2664 4058 ἁπλότητος,
2697 3990 2818 4042 ὅσον
2844 3990 2937 4041 καὶ
2965 3991 2997 4058 ή
3030 3987 3290 4056 ἀναλογία
3313 3986 3407 4040 τοῦ
3436 3987 3751 4057 ἀξιώματος

2163 4077 2380 4132 ἐπὶτῶν
2405 4078 2646 4148 ἐσχάτων
2668 4078 3169 4148 κατασμικρύνεται
3189 4095 3202 4109 ·
3225 4078 3298 4142 ὡς
3321 4079 3385 4130 ὲκ
3406 4077 3596 4130 τούτου
3621 4093 3683 4128 συ
3693 4095 3753 4146 με

2165 4169 2372 4224 ϐαίνειν
2407 4169 2505 4240 τὴν
2543 4171 2640 4241 μὲν
2681 4170 2775 4224 τοῦ
2801 4171 3014 4242 Πατρός
3042 4171 3230 4225 οὐσίαν
3264 4170 3441 4240 ἁπλῆν
3491 4169 3754 4240 καθαρῶς

2165 4260 2544 4315 ὑπονοεῖσθαι·
2600 4263 2698 4333 τὴν
2739 4262 2795 4314 δὲ
2842 4262 2938 4315 τοῦ
2972 4261 3123 4326 Υίοῦ,
3164 4261 3237 4333 μὴ
3275 4261 3515 4331 ἀκριϐῶς
3545 4261 3751 4330 ἁπλῆν,

2165 4351 2298 4405 ἀλλὰ
2333 4353 2426 4406 καὶ
2461 4353 2558 4423 τῆς
2586 4352 2839 4406 συνθέτου
2869 4353 3081 4423 φύσεως
3119 4354 3256 4422 αὐτῇ
3293 4350 3713 4422 παραμεμίχθαι
3734 4368 3764 4415 -_

478 4449 633 4509 tiam,
694 4461 830 4515 pure
880 4455 930 4498 et
974 4457 1123 4497 mere
1181 4440 1481 4510 simplicem
1540 4455 1695 4507 esse;
1750 4438 1872 4492 Filii
1923 4454 2050 4495 vero

2165 4445 2252 4499 τοῦ
2287 4447 2342 4498 δὲ
2386 4446 2538 4514 ἁγίου
2570 4445 2884 4516 Πνεύματος
2918 4443 3232 4508 πλεονάζειν
3281 4446 3338 4497 ἐν
3379 4443 3455 4511 τῷ
3499 4441 3755 4507 συνθέτῳ

476 4539 845 4594 substantiam
892 4551 1000 4590 non
1047 4533 1372 4602 simpliciter
1413 4532 1716 4602 simplicem
1761 4547 1901 4594 esse,
1958 4532 2051 4586 sed

477 4629 682 4697 aliquid
750 4627 1167 4697 compositionis
1227 4626 1518 4678 admistum
1568 4624 1816 4689 habere;
1878 4626 2053 4678 sancti

479 4724 714 4790 Spiritus
777 4731 956 4777 autem
993 4721 1354 4776 substantiam
1407 4722 1699 4790 plurimum
1731 4719 1797 4773 de
1827 4735 2052 4789 compo-

477 4815 696 4870 sitionis
725 4822 915 4867 natura
948 4812 1296 4883 participare,
1348 4826 1471 4865 cum
1520 4811 1885 4881 simplicitatis
1913 4813 2054 4866 ratio

477 4910 532 4962 in
572 4903 828 4959 extremis
876 4904 1135 4972 paulatim
1174 4901 1573 4960 imminuatur;
1605 4909 1658 4956 et
1697 4902 1858 4957 sicuti
1897 4903 2050 4967 illud,

2157 4537 2256 4607 τὴν
2274 4535 2451 4604 φύσιν,
2466 4533 2558 4586 τοῦ
2579 4535 2679 4604 τῆς
2702 4533 3002 4603 ἁπλότητος
3027 4533 3184 4601 λόγου
3204 4529 3324 4584 κατ’
3349 4529 3528 4596 ὀλίγον
3554 4529 3613 4579 ὲν
3635 4529 3756 4589 τοῖς

2159 4627 2409 4698 ἐσχάτοις
2443 4625 2855 4695 ἐλαττουμένου.
2915 4624 3125 4694 Ὥσπερ
3171 4623 3281 4694 γὰρ
3312 4621 3372 4675 τὸ
3415 4619 3490 4689 μὴ
3526 4615 3756 4677 τελείως

2157 4720 2359 4787 ἀγαθὸν
2401 4721 2556 4792 μέρει
2586 4721 2691 4773 τινὶ
2720 4721 2816 4790 τῆς
2847 4721 3092 4782 ἐναντίας
3126 4719 3294 4785 ἕξεως
3330 4715 3579 4787 μετέχειν
3613 4712 3748 4780 ὁμου

2158 4810 2412 4880 λογεῖται,
2448 4813 2618 4877 οὓτως
2645 4812 2672 4864 ὃ
2700 4813 2775 4883 μὴ
2800 4812 3077 4875 παντελῶς
3111 4814 3257 4864 ἐστιν
3284 4807 3508 4872 ἁπλοῦν,
3540 4804 3602 4856 οὐ
3626 4803 3752 4856 δια-

2164 4904 2355 4972 φεύγει
2380 4905 2439 4956 τὸ
2467 4905 2541 4975 μὴ
2577 4906 2829 4959 σύνθετον
2859 4901 2998 4959 εἶναι
3020 4905 3210 4957 δοκεῖν.

475 4999 619 5070 quod
668 5013 774 5052 non
827 5005 911 5050 est
957 4997 1198 5066 perfecte
1244 4997 1444 5051 bonum
1477 5036 1491 5057 ,
1562 4998 1614 5050 in
1668 5005 1817 5065 parte
1862 4997 2096 5066 quadam
2175 4999 2440 5051 contrarii
2491 4999 2708 5054 habitus
2755 5012 2983 5052 consors
3027 5011 3170 5059 esse,
3228 4982 3471 5048 omnium
3525 4988 3748 5044 confes-

474 5098 646 5163 sione,
681 5086 946 5149 asSeritur
979 5109 990 5143 :
1035 5093 1105 5143 ita
1137 5091 1211 5157 id,
1237 5093 1382 5163 quod
1433 5109 1540 5147 non
1573 5093 1798 5147 omnino
1831 5091 2058 5160 simplex
2103 5099 2205 5157 est,
2238 5093 2474 5165 eﬁugere
2507 5094 2651 5148 haud
2687 5101 2887 5163 potest,
2923 5071 3236 5162 quominus
3286 5085 3539 5141 videatur
3600 5095 3748 5138 com-

471 5191 710 5262 positum
766 5201 906 5243 esse.

541 5283 696 5354 Quod
723 5289 899 5337 autem
937 5280 1052 5335 haec
1084 5285 1360 5349 spectans,
1397 5278 1504 5332 isto
1540 5274 1802 5347 loquendi
1841 5291 2043 5345 genere

470 5378 541 5432 sit
595 5391 751 5441 usus,
803 5371 1146 5427 manifestius
1211 5371 1298 5426 ﬁet
1368 5386 1434 5424 ex
1498 5368 1882 5438 sequentibus,
1955 5368 2043 5421 ubi

471 5469 714 5540 apertius
744 5477 798 5522 et
834 5467 1039 5521 clarius
1072 5465 1526 5519 existimationem
1553 5461 1692 5516 Filio
1723 5471 1776 5517 et
1817 5460 2043 5530 Spiritui

466 5571 662 5617 Sancto
688 5559 924 5614 debitam
981 5559 1046 5612 ad
1092 5557 1324 5613 humiles
1361 5556 1624 5626 quasdam
1691 5563 1746 5609 et
1800 5553 2044 5622 abiectas

471 5641 757 5714 opiniones
785 5648 1022 5704 deducit.
1054 5645 1184 5703 Cum
1217 5647 1379 5711 enim,
1413 5645 1610 5716 inquit,
1644 5642 1886 5713 operibus
1931 5644 2036 5696 cir—

2197 5279 2202 5286 '
2224 5273 2333 5326 Ka‘t
2353 5274 2433 5327 ὅτι
2454 5273 2625 5327 ταῦτα
2647 5273 2783 5326 νοῶν
2803 5273 3010 5335 τούτοις
3026 5275 3136 5335 τοῖς
3156 5272 3334 5338 λόγοις
3356 5269 3643 5340 κέχρηται,
3663 5268 3753 5322 διὰ

2154 5367 2262 5420 τῶν
2283 5368 2480 5436 ἐφεξῆς
2503 5369 2832 5437 σαφέστερον
2854 5367 3147 5429 δείκνυται,
3170 5365 3234 5418 δι’
3259 5356 3333 5416 ὧν
3361 5359 3742 5433 φανερώτερον

2155 5459 2234 5520 εἰς
2269 5456 2638 5526 χαμαιζήλους
2666 5455 2818 5519 τινας
2876 5455 2967 5508 καὶ
2998 5454 3260 5514 ταπεινὰς
3292 5450 3587 5521 ὑπολήψεις
3614 5464 3750 5502 κατ-

2153 5547 2275 5609 άγει
2303 5547 2399 5616 τὴν
2427 5546 2666 5617 περὶτοῦ
2695 5546 2821 5600 Υἱοῦ
2853 5547 2942 5600 καὶ
2963 5545 3104 5599 Πνεύ
3113 5561 3279 5615 ματος
3313 5543 3540 5595 ἔννοιαν.
3591 5543 3752 5609 Συμ-

2151 5636 2692 5706 περιγραφομὲνων,
2722 5637 2873 5708 φησι,
2905 5636 3025 5700 τοῖς
3053 5637 3247 5704 ἔργοις
3272 5631 3388 5686 τῶν
3406 5630 3747 5700 ἐνεργειῶν,
