4064 6146
291 124 396 178 325

1456 123 1730 180 CONTRA
1777 121 2160 193 ruxoutmt,
2203 123 2328 181 un.
2372 125 2410 177 ι.

3452 132 3557 187 326

291 238 389 292 καὶ
428 236 550 292 τῶν
588 239 776 308 ἔργων
801 239 930 305 ταῖς
965 237 1082 292 τῶν
1107 240 1534 310 ἐργασαμένων
1563 244 1880 313 ἐνεργειίιις

1990 244 2414 296 cumscribantur
2442 243 2666 310 energia:
2689 258 2778 297 seu
2803 244 3154 312 operutiones,
3175 252 3226 300 et
3253 246 3386 315 ipsis
3398 251 3559 303 etiam

293 330 898 400 παραμετρουμένων,
923 331 1154 401 ἀνάγκη
1185 333 1380 400 δήπου
1407 336 1502 388 καὶ
1534 336 1638 401 τὰς
1658 334 1882 402 ἑκάστῃ

290 423 413 476 τῶν
447 419 675 475 οὐσιῶν
707 420 1002 500 ἑπομένας
1030 422 1355 492 ἐνεδίιγείας,
1378 426 1669 492 ἐλάττους
1705 445 1768 481 τε
1788 427 1886 480 καὶ

286 513 527 584 μείζους
555 509 709 568 εἶναι
733 530 745 544 ·
778 514 873 565 καὶ
902 515 1008 579 τὰς
1027 515 1144 583 μὲν
1175 517 1438 586 πρώτην,
1466 521 1572 584 τὰς
1594 519 1660 571 δὲ
1688 519 1886 573 δευτέ-

285 624 408 676 ραν
437 605 682 672 ἐπέχειν
708 605 898 668 τάξιν.
932 605 1117 659 Ταῦτα
1147 607 1255 680 γὰρ
1287 611 1336 662 εί
1370 609 1464 662 καὶ
1488 608 1786 679 φιλοπόνως
1818 613 1884 681 τῇ

293 698 492 769 ὁμίχλῃ
530 697 629 767 τῆς
669 696 867 762 λέξεως
915 699 1266 769 συγκαλύψας
1325 701 1662 772 δυσθήρατον
1707 701 1886 755 αύτῶν

293 789 389 859 τὴν
413 788 621 841 ἔννοιαν
657 784 792 842 εἶναι
816 791 927 852 τοῖς
951 790 1159 852 πολλοῖς
1182 792 1589 864 παρεσκεύασεν
1613 813 1624 827 ·
1650 795 1762 847 ἀλλ’
1794 791 1887 849 οὖν

298 884 359 934 ἐκ
387 882 486 950 τῆς
516 880 838 944 ἀκολουθίας
860 881 968 934 τῶν
1000 881 1385 954 ἐξητασμένων
1449 880 1686 950 εὐκόλους
1717 904 1887 958 σαφη-

296 971 628 1040 νισθήσεται.
663 973 1335 1043 Συμπεριγραφομένων,
1362 976 1515 1044 φησὶ,
1543 976 1670 1040 τοῖς
1693 977 1887 1046 ἔργοις

296 1059 413 1114 τῶν
431 1055 766 1128 ἐνεργειῶν.
789 1061 968 1131 Ἔργα
988 1060 1240 1132 ὀνομάζει
1255 1062 1345 1115 τὸν
1364 1063 1509 1126 Υἱὸν,
1529 1064 1622 1116 καὶ
1639 1064 1884 1136 Πνεῦμα·

293 1152 589 1221 ἐνεργείας
603 1149 658 1202 δὲ
687 1150 784 1214 τὰς
819 1151 1245 1216 ἀποτελεστικὰς
1269 1154 1472 1207 τούτων
1500 1155 1788 1225 δυνάμεις,
1819 1158 1884 1212 δι’

297 1235 370 1293 ὧν
403 1241 891 1312 άπειργάσθησαν,
937 1242 1117 1314 ἇσπερ
1172 1243 1352 1315 μικρῷ
1399 1245 1633 1317 πρόσθεν
1659 1245 1887 1301 ἕπεσθαί

300 1348 432 1400 φησι
474 1335 594 1395 ταῖς
632 1331 864 1396 οὐσίαις.
935 1334 999 1386 Ἣ
1044 1333 1100 1387 δὲ
1160 1332 1255 1386 τοῦ
1293 1336 1888 1406 συμπεριγράςεεσθαι

297 1423 441 1488 λέξις
472 1423 622 1493 δηλοῖ
652 1423 713 1476 τὸ
745 1425 1049 1478 ἰσοστάσιον
1089 1428 1187 1495 τῆς
1218 1426 1672 1498 ἀποτελεσθείσης
1700 1429 1886 1493 οὐσίας

298 1513 435 1584 πρὸς
469 1512 566 1583 τὴν
601 1514 992 1584 ὑποστήσασαν
1018 1515 1247 1586 δύναμιν
1276 1532 1292 1548 ⁸
1338 1516 1538 1588 μᾶλλον
1563 1519 1619 1572 δὲ
1647 1520 1765 1590 οὐχὶ
1793 1521 1885 1574 δύ-

1989 333 2231 399 operibus
2262 334 2593 401 operantium
2634 339 2963 401 operationes
2998 349 3486 392 commensurentur
3515 350 3566 393 et

1989 424 2350 493 adwquentur,
2387 440 2592 478 necesse
2615 432 2694 478 est
2717 426 3069 492 operationes,
3101 443 3218 496 qute
3267 432 3336 482 ad
3375 448 3563 500 quam-

1989 517 2110 569 libet
2141 517 2562 570 substantiarum
2592 525 3002 584 consequuntur,
3044 518 3273 587 majores
3311 529 3361 574 et
3398 524 3563 576 mino-

1988 622 2070 660 res
2100 622 2234 668 esse,
2262 615 2309 660 et
2349 605 2445 660 has
2475 605 2687 676 quidem
2716 607 2938 675 primas,
2978 608 3105 664 illas
3152 626 3269 665 vero
3303 613 3562 668 secundas

1990 707 2182 752 tenere.
2223 697 2350 752 Haec
2383 698 2529 752 enim
2561 699 2688 752 licet
2717 697 2962 754 studiose
2993 701 3288 756 verborum
3329 706 3564 776 caligine

1992 795 2251 857 cooperta
2284 803 2506 843 sensum
2544 789 2864 843 contineant
2900 788 3181 845 intellectu
3211 800 3263 847 et
3292 794 3562 864 explicatur

1989 879 2177 934 inultis
2208 879 2363 933 valde
2393 877 2689 943 difficilem,
2748 887 2926 934 tamen
2979 894 3046 933 ex
3079 895 3372 950 progressu
3413 886 3562 941 refu-

1991 970 2218 1024 tationis
2248 968 2408 1024 facile
2463 970 2794 1023 elucescent.
2856 967 2991 1023 Cum
3037 971 3564 1040 circumscribantur,

1988 1061 2187 1130 inquit,
2219 1061 2462 1129 operibus
2494 1061 2852 1129 operationes.
2882 1061 3058 1130 Opera
3090 1063 3336 1119 nominat
3363 1065 3562 1122 Filium

1987 1160 2041 1206 et
2066 1151 2704 1222 Spiritum,'operationes
2759 1166 2886 1207 vero
2933 1153 3313 1221 productrices
3364 1157 3559 1214 borum

1989 1244 2298 1309 facultates,
2335 1243 2538 1313 quibus
2565 1242 2815 1311 producti
2847 1253 3000 1310 sunt,
3025 1259 3163 1314 quas
3199 1248 3360 1315 paulo
3405 1257 3563 1304 antea

1987 1335 2127 1392 dixit
2155 1335 2311 1406 sequi
2339 1335 2404 1389 ad
2441 1335 2802 1390 substantias.
2840 1335 2910 1390 At
2940 1351 3069 1391 vero
3098 1352 3200 1391 vos
3230 1338 3567 1395 circumscri-

1989 1426 2143 1480 bendi
2176 1425 2446 1497 significat
2472 1427 2734 1496 aequalem
2765 1436 2964 1482 statum
2983 1428 3272 1497 producta:
3299 1431 3568 1488 substan-

1989 1520 2076 1574 tiae
2114 1534 2237 1574 cum
2289 1518 2570 1582 facultate,
2627 1533 2749 1588 quae
2805 1520 2953 1574 illam
2989 1522 3293 1590 producere
3341 1533 3564 1594 potest;

300 1623 482 1674 ναμιν,
517 1605 652 1658 ἀλλά
682 1605 964 1677 δυνάμεως
1000 1608 1280 1678 ἐνέργειαν
1308 1627 1322 1641 ο
1367 1610 1551 1674 καθὼς
1577 1613 1738 1676 αὐτὸς
1767 1615 1880 1667 ὀνο-

1989 1611 2072 1664 vel
2110 1609 2291 1679 potius
2322 1623 2432 1664 non
2478 1625 2602 1664 cum
2638 1609 2920 1674 facultate,
2959 1613 3052 1667 sed
3107 1628 3230 1668 cum
3289 1615 3567 1673 facultatis

300 1697 461 1767 μάζει
485 1715 499 1728 ·
543 1699 628 1750 ἵνα
660 1697 733 1769 μὴ
764 1699 945 1770 πάσης
974 1701 1072 1770 τῆς
1102 1700 1196 1753 τοῦ
1231 1702 1575 1773 ἐνεργοῦντος
1606 1705 1884 1777 δυνάμεως

296 1790 454 1860 ἔργον
535 1790 595 1840 τὸ
623 1791 991 1860 ἀποτέλεσμα,
1011 1791 1145 1846 ἀλλά
1164 1810 1308 1857 τινος
1333 1796 1565 1866 μερικῆς
1585 1797 1884 1866 ἐνεργείας,

296 1881 551 1934 τοσοῦτον
574 1881 676 1951 τῆς
707 1883 887 1954 πάσης
919 1883 1200 1954 δυνάμεως
1225 1885 1560 1960 κινηθείσης,
1597 1889 1719 1941 ὅσον
1751 1889 1886 1959 σύμ-

299 1988 497 2042 μετρον
575 1970 761 2040 ἔμελλε
797 1977 862 2045 τῇ
915 1976 1230 2048 ἀπεργασίᾳ
1259 1977 1352 2031 τοῦ
1399 1981 1688 2050 γινομένου
1711 1982 1884 2052 φανή-

297 2063 507 2117 σεσθαι.
546 2064 657 2117 Καὶ
684 2065 845 2119 πάλιν
875 2066 934 2119 τὸ
965 2069 1099 2121 αὐτὸ
1137 2070 1555 2141 ὲπαναστρέψας
1587 2072 1740 2144 φησὶ,
1777 2073 1886 2128 Καὶ

293 2151 411 2202 τῶν
429 2151 618 2220 ἔργων
634 2152 762 2220 ταῖς
777 2154 896 2207 τῶν
916 2156 1343 2228 ἐργασαμένων
1362 2160 1679 2230 ἐνεργείαις
1702 2176 1888 2231 παρα·

285 2241 730 2311 μετρειζμένων.
776 2245 990 2300 Τούτων
1023 2248 1077 2300 δὲ
1109 2249 1137 2301 ὁ
1163 2249 1286 2313 νοῦς
1315 2251 1525 2319 γένοιτο
1550 2251 1616 2305 ἂν
1647 2253 1778 2324 ἡμῖν
1819 2253 1885 2305 δι’

293 2334 690 2405 ύπώείγματος
732 2337 1170 2412 γνωριμώτερος.
1239 2341 1600 2413 Ὑποθὼμεθα
1639 2343 1748 2414 γὰρ
1794 2346 1886 2398 ἐπὶ

288 2427 528 2496 ὀργάνου
580 2428 723 2494 τινὸς
759 2430 866 2484 τῶν
923 2434 1330 2505 σκυτοτομικῶν
1391 2429 1532 2489 εἶναι
1587 2437 1677 2490 τὸν
1729 2437 1886 2505 λόγον

288 2518 436 2574 οὕτω
457 2537 470 2549 ’
513 2519 572 2573 τὸ
597 2521 809 2594 σμίλιον
835 2525 913 2587 είς
943 2524 1142 2578 κύκλου
1167 2527 1352 2598 σχῆμα,
1379 2527 1766 2598 περιηγμένον,
1790 2528 1886 2581 ὲάν

291 2611 561 2684 ἐπιϐληθῇ
593 2630 696 2666 τινι
723 2605 766 2680 ᾧ
794 2614 899 2686 χρὴ
937 2614 1029 2669 τὸν
1059 2615 1296 2670 τοιοῦτον
1328 2618 1647 2686 ἐγγενέσθαι
1692 2617 1884 2683 τύπον,

293 2702 810 2774 συμπεριγράφεται
853 2704 932 2775 τῷ
970 2710 1207 2777 σχήματι
1232 2708 1323 2762 τοῦ
1353 2710 1574 2781 σιδήρου
1605 2709 1667 2762 τὸ
1687 2710 1752 2762 δι’
1783 2711 1879 2764 αύ-

293 2794 383 2848 τοῦ
413 2795 828 2864 ἐντεμνόμενον,
860 2797 952 2848 καὶ
981 2799 1232 2864 τοσοῦτος
1263 2803 1291 2854 ὁ
1329 2803 1388 2856 ὲν
1419 2805 1484 2874 τῇ
1513 2806 1652 2873 τομῇ
1687 2802 1886 2866 κύκλος

297 2885 660 2958 δειχθήσεται,
697 2887 819 2950 ὅσος
857 2889 916 2940 ἐν
943 2887 1020 2959 τῷ
1061 2890 1274 2961 ὀργάνῳ
1289 2891 1420 2944 ἐστί·
1443 2895 1537 2946 καὶ
1569 2895 1878 2965 πάλιν,ὅσῳ

294 2978 624 3048 διαστήματι
652 2979 947 3048 περι-ἦκται
984 2981 1044 3034 τὸ
1076 2981 1326 3053 ὄργανον,
1366 2985 1615 3040 τοσοῦτον
1656 2988 1750 3040 καὶ
1788 2987 1876 3041 διὰ

294 3070 391 3136 τῆς
420 3071 594 3140 τομῆς
632 3070 962 3142 περιγράψει
998 3072 1088 3125 τὸν
1115 3072 1331 3128 κύκλον.
1372 3075 1607 3148 Τοιαύτη
1637 3076 1730 3130 τοῦ
1758 3078 1877 3132 θεο-

294 3161 450 3230 λόγου
486 3165 518 3232 ή
553 3163 730 3216 ἔννοια
763 3165 890 3232 περὶ
922 3165 1021 3235 τῆς
1063 3166 1212 3230 θείας
1244 3167 1335 3220 τοῦ
1378 3167 1710 3237 Μονογενοῦς
1744 3171 1871 3223 ὑπο-

296 3256 556 3317 στάσεως.
578 3254 914 3326 Ἐνέργειάν
934 3274 1066 3310 τινα
1082 3258 1345 3328 καθάπερ
1367 3247 1622 3329 ὄργανον
1640 3260 1713 3330 τῇ
1733 3260 1880 3330 πρώ-

292 3363 365 3414 τῃ
393 3348 572 3414 οὐσίᾳ
593 3348 1015 3417 παρεπομένην
1034 3350 1378 3420 σύμμετρόν
1403 3369 1564 3422 φησιν
1587 3353 1752 3424 ἑαυτῇ
1785 3353 1876 3427 ἕρ-

292 3454 388 3505 γον
418 3440 776 3508 πεποιηκέναι
794 3441 884 3494 τὸν
906 3442 1110 3514 Κύριον
1131 3459 1142 3473 ·
1184 3442 1356 3517 οὕτως
1377 3439 1484 3498 εἶδε
1516 3444 1608 3498 τὸν
1632 3446 1757 3499 Υἱὸν
1782 3445 1876 3498 τοῦ

293 3529 428 3583 Θεοῦ
455 3528 718 3595 δοξάζειν,
745 3533 834 3586 τὸν
889 3531 964 3586 ἐν
990 3533 1063 3602 τῇ
1089 3533 1238 3604 δόξῃ
1266 3537 1371 3592 τοῦ
1405 3539 1636 3606 Πατρὸς
1676 3539 1768 3592 νῦν
1795 3540 1879 3592 δο-

297 3620 610 3690 ξαζόμενον,
641 3625 734 3677 καὶ
760 3625 817 3677 ὲν
841 3623 919 3694 τῷ
945 3624 1120 3695 καιρῷ
1146 3628 1244 3697 τῆς
1269 3628 1503 3700 κρίσεως
1532 3629 1878 3700 ὲκκαλυφθη-

297 3711 521 3781 σύμενον
549 3729 564 3743 ·
608 3712 795 3766 τοῦτόν
827 3731 991 3784 φησιν
1017 3715 1192 3784 ἔργον
1234 3719 1384 3776 ὅντα,
1417 3720 1484 3786 τῇ
1527 3718 1876 3789 ἐργασαμένη

293 3802 452 3855 αὑτὸν
482 3802 733 3873 ἐνεργείᾳ
772 3805 1286 3875 παραμετρεῖσθαι.
1318 3805 1412 3868 Τίς
1444 3807 1620 3860 τοίνυν
1648 3811 1681 3878 ή
1730 3808 1878 3880 ὲνέρυ

291 3910 432 3961 γεια,
474 3894 508 3963 ἡ
547 3892 624 3964 τῷ
648 3893 767 3964 Θεῷ
801 3895 900 3964 μὲν
942 3894 1050 3948 τῶν
1082 3895 1219 3948 ὅλων
1259 3897 1648 3967 παρεπομένη·
1689 3898 1796 3969 πρὸ
1821 3898 1879 3952 δὲ

288 3984 385 4038 τοῦ
421 3983 761 4052 Μονογενοῦς
792 3986 1081 4057 νοουμένη,
1129 3987 1240 4040 καὶ.
1265 3989 1682 4060 περιγράφουσα
1713 3989 1875 4043 αὐτοῦ

286 4077 386 4147 τὴν
422 4076 647 4141 οὐσίαν;
693 4074 933 4147 Δύναμίς
959 4095 1042 4140 τις
1089 4078 1356 4150 οὺσιὼδης
1394 4079 1517 4134 καθ’
1542 4081 1738 4151 ἑαυτὴν
1784 4083 1878 4152 ὑφ-

287 4168 536 4234 εστῶσα,
587 4168 682 4222 καὶ
727 4169 787 4221 τὸ
815 4166 1005 4222 δοκοῦν
1041 4168 1385 4240 ἐργαζομένη
1417 4171 1485 4224 δι’
1527 4173 1874 4239 αὐτεξουσίου

287 4259 619 4328 κινήματοςς
649 4257 858 4311 Οὐκοῦν
883 4258 1041 4328 αὐτὴ,
1083 4261 1270 4332 Πατὴρ
1300 4260 1392 4314 τοῦ
1424 4263 1628 4334 Κυρίου
1652 4279 1666 4294 ⁸
1697 4266 1788 4319 καὶ
1821 4266 1874 4319 τί

283 4344 367 4398 ἔτι
395 4345 800 4416 ἐπιθρυ).λεῖται
840 4348 918 4419 τῷ
947 4349 1034 4401 ἐπὶ
1086 4350 1300 4405 πάντων
1325 4351 1442 4422 Θεῷ
1476 4355 1508 4424 ἠ
1535 4355 1628 4407 τοῦ
1665 4357 1876 4427 Πατρὸς

286 4437 501 4506 κλῆσις,
531 4439 581 4489 εἰ
614 4438 689 4509 μὴ
717 4439 947 4504 ἐκεῖνος,
985 4440 1122 4496 ἀλλά
1147 4459 1231 4506 τις
1259 4443 1505 4516 ἐνέργεια
1544 4440 1650 4499 τῶν
1683 4449 1880 4511 ἔξωθεν

289 4529 698 4600 παρεπομένων
731 4532 820 4584 τὸν
855 4532 980 4586 ra»
1007 4535 1380 4605 ἀπειργάσατο
1405 4556 1420 4604 ;
1455 4537 1571 4601 πῶς
1601 4539 1656 4591 δὲ
1680 4540 1824 4602 Υἱὸς,
1853 4541 1881 4592 ὁ

287 4621 417 4684 Υἱός
446 4639 459 4651 ’
489 4622 548 4674 ὃν
577 4622 643 4674 δι’
669 4623 856 4693 ἑτέρου
879 4625 974 4695 μέν
1013 4643 1157 4689 τινος
1184 4627 1485 4698 ὑποστῆναι
1519 4629 1686 4698 λέγει,
1715 4631 1882 4684 καθά-

287 4732 396 4784 περ
423 4717 482 4769 δέ
502 4735 626 4771 τινα
651 4718 758 4771 τῶν
779 4719 1189 4790 ,ὑποϐολιμαίων
1225 4724 1418 4794 (ἵλεως
1446 4724 1501 4777 δὲ
1526 4725 1612 4795 εἴη
1634 4727 1710 4796 τῷ
1735 4726 1877 4796 λόγῳ

283 4807 313 4859 ὀ
336 4806 586 4878 Κύριος),
601 4807 746 4861 οὕτω
761 4808 858 4881 τὴν
883 4811 1189 4880 οἰκειότητα
1210 4813 1302 4866 τοῦ
1327 4814 1539 4884 Πατρὸς
1555 4814 1877 4869 ὑποδύεσθαι

286 4901 424 4971 μόνῃ
451 4904 518 4971 τῇ
561 4903 904 4974 προσηγορίᾳ
934 4903 1028 4957 τοῦ
1054 4903 1186 4957 Υἱοῦ
1220 4907 1608 4978 τετιμημένονς
1659 4909 1776 4972 πῶς
1820 4909 1876 4962 δὲ

285 4993 424 5062 μετὰ
453 4991 546 5045 τὸν
573 4992 706 5045 Θεὸν
740 4993 848 5047 τῶν
876 4995 1032 5060 ὅλων,
1067 4997 1161 5049 καὶ
1186 4997 1275 5049 τὸν
1307 4997 1509 5069 Κύριον
1535 5001 1686 5066 τάξει
1711 5003 1737 5054 ὁ
1757 5001 1874 5071 τρί-

280 5103 373 5138 τον
397 5086 466 5137 ἑκ
486 5084 581 5138 τοῦ
614 5086 830 5158 Πατρὸς
857 5087 948 5140 τὸν
979 5089 1108 5144 Υίὸν
1132 5090 1402 5162 ἀριθμῶν,
1431 5095 1532 5163 τῆς
1561 5093 1872 5163 μεσιτευού-

283 5193 383 5244 σης
429 5177 714 5247 ἐνεργείας
763 5178 978 5247 ἐκείνης
1023 5182 1078 5233 ὲν
1125 5181 1353 5254 δευτέρᾳ
1401 5183 1552 5250 τάξει
1605 5183 1742 5254 μετά
1778 5183 1870 5236 τὸν

281 5266 376 5318 ἐπὶ
400 5267 622 5320 πάντων
652 5267 784 5320 Θεὸν
815 5269 1243 5342 ἀριθμουμένης,
1276 5272 1417 5326 κατὰ
1444 5257 1500 5325 δὲ
1525 5271 1622 5343 τὴν
1649 5271 1872 5324 ἀκολου-

283 5356 403 5410 Θίαν
432 5357 666 5429 ταύτην,
702 5359 794 5412 καὶ
821 5361 1044 5434 Πνεῦμα
1073 5363 1132 5416 τὸ
1159 5364 1311 5433 ἅγιον
1348 5364 1563 5427 πάντως
1599 5365 1781 5417 οὐκέτι
1813 5365 1871 5416 ὲν

357 5543 399 5574 ⁸⁸
437 5543 680 5615 Philipp.
720 5558 783 5608 II,
810 5544 887 5597 ll.

1988 1702 2335 1770 operatione,
2373 1700 2836 1770 quemadmodum
2868 1703 2986 1770 ipse
3029 1705 3297 1769 nominat,
3331 1720 3399 1760 ne
3439 1707 3565 1759 uni-

1988 1808 2164 1848 versae
2193 1793 2468 1848 facultatis
2502 1793 2644 1862 ejus,
2680 1793 2773 1865 quj
2814 1803 3094 1863 operatur,
3128 1810 3268 1866 opus
3327 1797 3418 1860 sit,
3469 1798 3566 1853 scd

1987 1883 2275 1954 cujusdam
2309 1884 2659 1953 particularis
2681 1885 3043 1954 operationis,
3066 1894 3276 1941 tantum
3309 1888 3567 1944 videlicet

1989 1990 2054 2028 ex
2097 1975 2265 2029 totius
2301 1974 2578 2029 facultatis
2604 1973 2814 2029 viribus
2853 1984 3154 2031 manante:
3189 1985 3453 2046 quantum
3482 1980 3564 2032 vi-

1987 2064 2102 2119 deri
2136 2074 2314 2134 potest
2343 2080 2440 2135 par
2468 2071 2522 2119 et
2584 2079 2651 2119 ex
2697 2079 2857 2135 aequo
2887 2065 3228 2135 respondens
3287 2068 3566 2136 eflectioni

1986 2157 2128 2226 ejus,
2159 2157 2302 2226 quod
2335 2156 2664 2226 productum
2706 2156 3168 2228 est.Rursumque
3200 2157 3344 2214 idem
3387 2160 3568 2215 incul-

1987 2261 2119 2300 cans
2147 2246 2226 2300 ait
2257 2263 2269 2298 :
2306 2244 2540 2315 Cumque
2577 2261 2736 2314 opera
2785 2246 2918 2315 ipsis
2957 2248 3118 2301 etiam
3170 2251 3564 2318 operationibus

1984 2348 2476 2393 eommensurentur
2505 2347 2555 2392 et
2587 2337 2929 2408 admouentur
2955 2355 2973 2402 ,'
3007 2354 3238 2409 quorum
3271 2341 3563 2398 verborum

1988 2445 2188 2487 sensus
2237 2431 2440 2485 clarior
2495 2430 2586 2484 ﬁet
2635 2430 2815 2485 allatis
2852 2431 3137 2500 exemplis.
3193 2432 3468 2488 Ponamus
3498 2434 3566 2489 de

1986 2524 2360 2578 instrumento
2390 2523 2575 2592 aliquo
2605 2523 2816 2578 sutorio
2834 2538 3141 2578 sermonem
3175 2539 3300 2579 esse
3332 2525 3386 2580 in
3417 2527 3565 2581 hunc

1988 2616 2209 2670 modum
2234 2632 2249 2674 :
2273 2614 2551 2684 scalprum
2582 2613 2636 2667 in
2664 2613 2860 2668 circuli
2893 2615 3113 2668 modum
3136 2615 3561 2682 conformatum,

1987 2707 2033 2762 si
2062 2706 2376 2775 imponatur
2407 2703 2598 2768 alicui,
2634 2703 2691 2756 in
2716 2718 2826 2773 quo
2860 2704 2982 2773 quis
3013 2711 3201 2774 typum
3232 2705 3352 2774 ejus
3412 2715 3465 2759 et
3504 2707 3564 2759 fl-

1986 2813 2176 2868 guram
2231 2798 2536 2868 exprimere
2574 2795 2723 2857 velit,
2779 2802 2911 2849 tunc
2961 2795 3013 2848 id
3071 2795 3216 2864 quod
3273 2796 3562 2861 scinditur,

1988 2886 2214 2940 formam
2243 2897 2297 2942 et
2333 2886 2563 2955 figuram
2615 2883 2748 2939 ferri
2789 2884 3016 2954 recipiL;
3069 2893 3123 2938 et
3165 2893 3350 2941 tantus
3389 2895 3472 2940 est
3507 2888 3562 2940 in

1911 2951 1952 3007 θ
1988 2975 2230 3030 εεειίοηε
2263 2951 2522 3040 ambitus,
2579 2983 2821 3045 quantus
2855 2951 2919 3027 in
2973 2974 3356 3042 instrumento,
3389 2993 3565 3047 quan-

1989 3077 2152 3138 toque
2182 3068 2474 3122 intervallo
2517 3066 2960 3121 circumductum
2993 3074 3078 3122 est
3111 3068 3562 3130 instrumentum,

1989 3167 2198 3214 tantum
2236 3159 2289 3212 in
2317 3157 2559 3213 sectione
2597 3157 2760 3212 etiam
2791 3158 3059 3211 circulum
3082 3157 3378 3214 describat.
3417 3159 3565 3215 Talis

1985 3259 2069 3304 est
2104 3249 2344 3318 theologi
2397 3247 2563 3317 hujus
2611 3247 2872 3318 cogitatio
2918 3247 2986 3302 de
3051 3248 3234 3303 divina
3299 3251 3565 3320 unigeniti

1985 3340 2106 3396 Filii
2144 3341 2446 3412 hypostasi.
2487 3340 2597 3405 Ait,
2647 3340 3017 3409 Operationem
3049 3339 3356 3409 quamdam,
3411 3344 3568 3411 quasi

1985 3434 2411 3496 instrumentum,
2437 3447 2555 3503 qua:
2577 3430 2646 3485 ad
2669 3432 2895 3500 primam
2918 3429 3270 3486 substantiam
3292 3442 3562 3502 sequatur,

1985 3525 2216 3594 effecisse
2231 3540 2356 3592 opus
2371 3524 2472 3579 sibi
2487 3533 2988 3588 commensuratum,
3004 3523 3253 3580 videlicet
3275 3524 3562 3579 Dominum

1986 3624 2235 3670 nostrum
2265 3635 2278 3669 :
2317 3615 2398 3670 sic
2430 3615 2574 3669 enim
2606 3613 2878 3684 glorificat
2927 3615 3032 3670 iste
3064 3614 3262 3670 Filium
3307 3615 3426 3680 Dei,
3467 3620 3563 3688 qui

1986 3709 2036 3761 in
2068 3708 2241 3778 gloria
2270 3707 2452 3760 Patris
2476 3708 2520 3738 ³⁸
2551 3722 2699 3762 nunc
2748 3708 3110 3778 glorificatur,
3171 3708 3319 3763 hunc
3369 3713 3564 3765 asserit

1985 3816 2115 3869 opus
2143 3805 2649 3863 commensuratum,
2677 3805 2732 3852 et
2760 3809 2908 3854 certa
2939 3801 3289 3870 proportione
3337 3816 3563 3872 respon-

1984 3892 2120 3947 dens
2150 3891 2224 3959 ei,
2259 3906 2366 3962 qua
2409 3889 2638 3946 ell‘ectus
2699 3891 2791 3956 sit,
2845 3892 3168 3960 operationi.
3227 3890 3566 3963 Quies-igitur

1983 3991 2068 4039 est
2131 3983 2246 4038 haec
2299 3982 2520 4053 energia
2556 3990 2610 4037 et
2646 3983 2912 4051 operatio,
2962 3999 3081 4053 quae
3136 3983 3304 4039 Deum
3341 3975 3579 4051 quidem

1983 4077 2366 4131 universorum
2419 4081 2708 4144 sequatur,
2766 4082 2819 4129 et
2853 4084 2978 4128 ante
3013 4073 3360 4145 Unigenitum
3427 4091 3560 4145 prm-

1983 4167 2329 4236 concipiatur
2387 4165 2854 4220 circumseribens
2924 4166 3096 4234 ipsius
3151 4165 3565 4220 substantiam?

1983 4259 2156 4314 Estne
2182 4257 2493 4312 essentialis
2555 4257 2804 4325 quaedam
2870 4257 3133 4326 potentia,
3168 4271 3264 4326 per
3321 4256 3559 4325 seipsatn

1983 4351 2312 4412 subsistens,
2368 4357 2422 4401 et
2485 4348 2758 4402 arbitratu
2804 4363 2926 4409 suo,
2962 4357 3064 4416 per
3095 4347 3322 4401 liberam
3360 4347 3558 4400 volun-

1978 4442 2108 4496 tatis
2136 4440 2407 4493 actionem
2463 4438 2537 4501 id,
2575 4435 2721 4506 quod
2782 4436 2981 4506 placet,
3050 4435 3340 4506 operans?
3386 4435 3562 4506 Igitur

1977 4536 2095 4604 ipsa
2148 4539 2254 4594 est,
2315 4529 2479 4584 Pater
2541 4527 2784 4585 Domini:
2845 4533 2900 4583 et
2933 4543 3034 4582 cur
3078 4528 3316 4598 amplius
3356 4543 3557 4583 nomen

1981 4623 2162 4679 Patris
2203 4623 2312 4678 Deo
2342 4622 2723 4675 universorum
2746 4619 3096 4674 attribuimus
3123 4661 3138 4686 ,
3185 4621 3230 4675 si
3264 4634 3372 4674 non
3418 4620 3555 4690 ipse,

1983 4718 2079 4772 sed
2111 4715 2332 4786 cnergia
2368 4715 2642 4784 quaedam,
2677 4721 2731 4768 et
2761 4713 3008 4784 operatio
3029 4715 3372 4769 extrinsecus
3418 4729 3556 4768 con-

1982 4822 2222 4879 sequens
2285 4813 2338 4860 et
2399 4805 2696 4860 adveniens
2729 4803 2927 4859 Filium
2963 4803 3258 4873 produxit?
3295 4803 3359 4857 Et
3415 4820 3556 4876 quo-

1981 4901 2142 4956 modo
2174 4899 2345 4954 Filius
2373 4906 2458 4953 est
2493 4896 2686 4961 Filius,
2717 4911 2877 4967 quem
2941 4912 3036 4964 per
3095 4897 3241 4951 aliud
3299 4898 3556 4968 quiddam

1980 4993 2303 5056 subsistere,
2335 4999 2389 5046 et
2410 4992 2585 5045 instar
2616 4989 2950 5060 supposititii
2986 4990 3268 5059 cujusdam
3297 5000 3352 5045 et
3383 4992 3556 5061 spurii

1980 5086 2103 5158 (det
2129 5087 2348 5141 veniam
2382 5084 2614 5139 orationi
2658 5083 2962 5154 Dominus)
2995 5083 3049 5136 in
3081 5082 3264 5138 Patris
3323 5097 3554 5136 consor-

1977 5179 2113 5232 tium
2144 5177 2451 5246 irrepsisse,
2480 5185 2534 5231 et
2584 5176 2700 5231 sola
2732 5173 2854 5228 Filii
2887 5175 3254 5244 appellatione
3283 5173 3548 5225 honesta-

1977 5277 2093 5324 tum
2121 5285 2244 5325 esse
2302 5268 2478 5324 dicit?
2532 5267 2816 5334 Quomodo
2868 5266 3165 5320 collocabit
3202 5270 3322 5328 post
3384 5260 3552 5314 Deum

1980 5363 2390 5427 universorum,
2423 5360 2620 5416 Filium
2649 5378 2663 5427 ;
2695 5359 2788 5430 qui
2809 5355 3030 5415 tertium
3063 5372 3091 5411 a
3131 5357 3291 5410 Patre
3313 5358 3567 5412 numerat
