4064 6146
452 203 555 259 327

451 502 601 557 nebit
629 503 861 571 amplius
891 501 1068 553 locum
1101 500 1343 562 tertium,
1380 500 1473 553 sed
1503 500 1789 567 quintum:
1821 515 2016 569 opcra~

450 593 620 658 tione,
650 607 770 661 qua:
801 592 870 646 ad
909 591 1274 645 substantiam
1333 589 1607 657 Unigeniti
1639 590 1908 658 sequitur,
1961 597 2016 645 et

451 699 547 754 per
575 698 735 753 quam
765 682 1003 752 Spiritus
1043 691 1271 737 sanctus
1304 681 1577 749 subsistit,
1606 689 1669 737 ut
1714 681 2015 737 Eunomius

450 782 628 845 putat,
664 776 840 831 media
868 774 1177 845 interjecta.

520 1049 629 1106 Sed
656 1059 711 1105 et
749 1049 879 1103 illud
906 1045 1254 1117 evangelista
1276 1086 1291 1114 ,
1327 1045 1521 1101 Omnia
1540 1061 1631 1114 per
1659 1046 1830 1113 ipsum
1868 1045 2014 1113 facta

449 1140 649 1208 sunt",
684 1142 787 1195 hac
813 1140 1022 1193 ratione
1055 1153 1252 1190 vanum
1288 1144 1342 1191 et
1374 1137 1568 1192 falsum
1598 1136 1877 1199 ellicietur,
1912 1137 2015 1189 alia

447 1229 679 1300 quadam
710 1227 1017 1284 substantia
1050 1228 1378 1297 antiquiore,
1413 1242 1573 1296 quam
1629 1228 1702 1281 sit
1750 1226 2013 1297 Unigeni-

447 1332 573 1387 tus,
608 1321 812 1376 ab.hoc
836 1334 976 1374 novo
1016 1319 1271 1388 tlieologo
1320 1319 1584 1384 conficta,
1650 1319 1739 1372 cui
1795 1318 2016 1373 meliore

443 1413 566 1483 jure
594 1426 762 1466 causa
788 1413 968 1466 omnis
1027 1411 1322 1465 ereationis
1353 1420 1408 1465 et
1465 1420 1732 1464 creaturae
1792 1419 2013 1477 accepta

447 1503 675 1565 feratur,
708 1517 833 1557 cum
869 1502 1043 1571 ipsius
1069 1502 1235 1555 etiam
1266 1499 1542 1570 Unigeniti
1580 1501 1867 1569 productio
1922 1516 2010 1554 se-

446 1594 683 1649 cundum
716 1594 853 1647 hanc
880 1594 1191 1662 opinionem
1224 1593 1292 1646 ab
1328 1592 1421 1645 illa
1451 1594 1669 1661 energia
1727 1601 1781 1645 et
1814 1605 2009 1659 opera-

1639 199 1696 255 S.
1739 198 2062 256 GREGORII
2101 199 2390 257 NYSSENI

354 370 362 393 ,
451 321 671 387 Filium,
704 321 969 377 collocata
999 321 1175 375 media
1205 320 1294 374 illa
1316 320 1535 390 energia
1569 336 1666 376 seu
1700 323 2013 391 operatione

2120 324 2297 394 τρίτῃ,
2335 322 2450 376 ἀλλ’
2480 323 2536 375 ἐν
2576 323 2800 395 πέμπτῃ
2843 321 2993 386 τάξει
3043 321 3546 391 καταληφθήσεται,
3588 324 3686 392 τῆς

362 436 369 442 ·
450 415 695 469 secundo
726 415 888 468 loco?
920 412 1033 466 Hac
1064 413 1207 466 serie
1241 411 1480 482 Spiritus
1513 419 1737 466 sanctus
1774 428 1880 465 non
1929 421 2013 468 te-

3582 199 3691 254 398

2117 414 2391 483 ἐνεργείας
2416 413 2626 481 ἐκείνης
2652 415 2707 466 ἐν
2740 413 2965 482 δευτέρᾳ
2994 411 3141 477 τάξει
3172 411 3303 480 μετὰ
3324 413 3415 463 τὸν
3446 413 3537 463 ἐπὶ
3558 414 3689 465 πάν-

2114 521 2221 557 των
2255 505 2386 557 Θεὺν
2412 504 2837 574 ἀριθμουμένης,
2858 502 2997 555 κατὰ
3017 502 3072 555 δὲ
3097 502 3193 572 τὴν
3215 502 3532 556 ἀκολουθίαν
3557 504 3689 556 ταύ-

2114 611 2234 664 την,
2262 596 2353 648 καὶ
2386 595 2445 647 τὸ
2476 594 2695 663 Πνεῦμα
2720 594 2780 646 τὸ
2805 594 2956 661 ἅγιον
2980 593 3192 657 πάντως
3215 594 3395 647 οὐκέτι
3426 595 3483 645 ἐν
3507 594 3687 665 τρίτῃ,

2114 684 2229 738 ἀλλ’
2254 686 2312 737 ὲν
2341 684 2566 755 πέμπτῃ
2590 684 2737 747 τάξει
2759 682 3250 753 καταληφθήσεται,
3290 684 3387 751 τῆς
3409 684 3689 753 ἐνεργείας

2118 776 2218 845 τῆς
2256 775 2335 846 τῷ
2359 777 2655 844 Μονογενεῖ
2681 775 3086 846 παρεπομένης,
3128 774 3247 827 καθ’
3277 776 3342 845 ἢν
3376 774 3580 846 ὑπέστη
3625 775 3691 827 τὸ

2115 865 2338 935 Πνεῦμα
2383 865 2442 917 τὸ
2477 868 2649 934 άγιον,
2688 865 2761 928 ὡς
2808 868 2835 917 ὁ
2862 866 3128 936 Εὑνομίου
3160 866 3334 934 λόγος,
3381 866 3470 919 διὰ
3520 867 3688 938 μέσου

2116 956 2331 1015 πάντως
2358 956 2588 1027 ἀριθμου
2598 956 2782 1026 μένης.

2203 1046 2363 1098 Ἀλλά
2403 1047 2496 1099 καὶ
2525 1045 2611 1109 τὸ,
2655 1045 2857 1099 Πάντα
2894 1043 2990 1097 διὰ
3031 1044 3138 1098 τοῦ
3177 1043 3311 1097 Υίοῦ
3333 1045 3690 1113 γεγενῆσθαι

2114 1137 2310 1207 λέγειν,
2330 1137 2627 1191 ἀσύστατον
2655 1137 2741 1189 διὰ
2766 1137 2970 1191 τούτων
2994 1120 3456 1207 ἐπιδειχθήσεται·
3495 1139 3689 1208 ἐτέρας

2114 1228 2255 1291 τινὸς
2285 1228 2630 1290 ὑποστάσεως
2661 1227 3034 1300 πρεσϐυτέρας
3059 1227 3152 1281 τοῦ
3184 1229 3518 1297 Μονογενοῦς
3549 1247 3689 1299 προ-

2115 1317 2550 1386 αναπ).ασθείσης
2585 1317 2687 1369 ὑπὸ
2731 1318 2822 1369 τοῦ
2854 1318 3038 1371 καινοῦ
3071 1317 3344 1386 θεολόγου,
3388 1321 3467 1382 είς
3507 1321 3571 1389 ἣν
3605 1322 3688 1374 εί-

2115 1406 2285 1468 κότως
2312 1408 2342 1475 ἡ
2375 1406 2521 1459 αίτία
2552 1407 2651 1477 τῆς
2683 1407 2910 1470 κτίσεως
2948 1409 3055 1461 τῶν
3086 1410 3301 1462 πάντων
3332 1410 3689 1481 ἀνενεχθήσε-

2114 1510 2203 1546 ται
2227 1509 2240 1522 ·
2299 1494 2431 1546 διότι
2470 1496 2564 1547 καὶ
2610 1494 2774 1548 αὐτοῦ
2814 1500 2905 1549 τοῦ
2935 1497 3265 1565 Μονογενοῦς
3309 1499 3687 1570 ήκατασκευὴ

2116 1584 2256 1637 κατά
2275 1585 2364 1637 τὸν
2394 1585 2611 1638 ἐκείνων
2633 1586 2807 1655 λόγον,
2835 1588 2931 1657 τῆς
2966 1589 3245 1658 ἐνεργείας
3278 1589 3489 1659 ἐκείνης
3515 1591 3686 1662 ἠρτη-

446 1683 593 1738 tione
623 1682 873 1751 pendeat.
905 1661 1059 1747 Quod
1090 1682 1135 1735 si
1174 1682 1273 1735 has
1309 1682 1677 1735 absurditates
1714 1680 1885 1733 vitare
1913 1694 2005 1731 vo-

2115 1693 2218 1730 ται.
2272 1676 2332 1727 Ei
2366 1677 2421 1729 δέ
2452 1677 2620 1729 ταῦτα
2663 1676 2730 1729 τὰ
2766 1677 2940 1730 ἄτοπα
2972 1678 3188 1746 φεύγων
3232 1680 3600 1733 ἀνυπόστατόν
3631 1701 3686 1734 τι

446 1772 586 1837 lens,
630 1777 837 1826 asserat
868 1771 1239 1840 operationem
1269 1770 1413 1823 illam
1447 1785 1568 1825 esse
1598 1785 1713 1824 rem
1740 1784 1848 1822 non
1882 1770 2010 1823 sub-

370 1840 383 1859 ’
444 1861 748 1925 sistentem,
799 1876 996 1915 rursus
1029 1861 1263 1931 explicet
1297 1861 1486 1925 nobis,
1522 1861 1802 1931 quomodo
1837 1859 1903 1914 ad
1934 1859 2010 1926 id,

443 1954 587 2023 quod
605 1954 837 2019 exsistit,
870 1962 1129 2022 sequalur
1160 1951 1232 2010 id.
1257 1951 1398 2020 quod
1419 1966 1526 2005 non
1547 1950 1783 2016 exsistit,
1798 1959 1850 2005 et
1872 1967 2010 2020 quo-

445 2045 608 2100 modo
626 2044 702 2107 id,
721 2045 863 2114 quod
883 2060 990 2098 non
1006 2044 1275 2109 subsistit,
1289 2043 1490 2097 efﬁciat
1507 2059 1652 2107 eum,
1668 2045 1760 2112 qui
1778 2045 2010 2109 exsistit.

446 2135 524 2190 Ex
538 2136 622 2191 bis
641 2144 791 2191 certe
806 2135 1034 2189 edicitur
1059 2149 1088 2187 a
1104 2133 1214 2188 Deo
1239 2134 1458 2202 prodire
1487 2148 1570 2198 ea,
1589 2150 1709 2203 quae
1725 2150 1832 2189 non
1863 2137 2012 2188 exsi-

447 2233 680 2290 stunt,et
694 2240 912 2279 causam
926 2242 1105 2282 rerum
1117 2240 1236 2282 esse
1245 2240 1330 2291 ea,
1341 2234 1713 2294 quaenonsunt
1727 2243 1738 2279 :
1750 2234 1803 2280 et
1819 2240 1880 2280 ca
1895 2240 2014 2295 quae

446 2324 647 2371 natura
686 2330 784 2371 sua
807 2331 915 2369 non
948 2314 1278 2381 subsistunt,
1308 2314 1759 2369 circumscribere
1802 2329 2013 2380 eorum,

445 2424 568 2480 qua:
602 2409 932 2472 subsistunt,
981 2416 1252 2463 naturam:
1293 2406 1583 2475 omnisque
1626 2414 1889 2461 creaturae
1929 2409 2015 2462 vis

445 2501 685 2558 cll‘ectrix
719 2509 773 2556 et
813 2499 1128 2570 productrix
1173 2496 1545 2552 continebitur
1565 2498 1863 2552 secundum
1885 2513 2012 2567 pro-

445 2591 618 2663 priam
637 2606 792 2647 suam
807 2591 1070 2645 rationem
1089 2603 1153 2644 eo
1165 2589 1307 2657 quod
1324 2601 1435 2641 non
1448 2585 1873 2643 subsistiLTalia
1887 2598 2015 2645 sunt

446 2683 609 2739 istius
635 2683 871 2752 theologi
920 2682 1117 2751 placita
1141 2720 1156 2746 ,
1189 2679 1282 2750 qui
1318 2678 1606 2733 Dominum
1652 2680 1777 2735 ειειί
1823 2689 1877 2736 et
1903 2690 2015 2736 ter-

448 2789 542 2838 rae,
579 2783 633 2829 et
663 2774 844 2829 omnis
883 2781 1154 2828 creaturae
1206 2772 1568 2837 conditorem,
1618 2769 1850 2826 Verbum
1897 2771 2011 2839 Dei,

447 2864 595 2934 quod
629 2866 682 2918 in
736 2864 1008 2934 principio
1061 2873 1197 2927 erat,
1250 2871 1304 2917 et
1334 2876 1431 2931 per
1462 2861 1607 2932 quod
1634 2864 1817 2916 omnia
1868 2861 2009 2916 facta

447 2963 596 3020 sunt,
630 2955 933 3011 subsistere
976 2955 1136 3010 docet
1174 2969 1240 3009 ex
1268 2969 1376 3009 non
1422 2954 1720 3009 exsistente
1740 2954 1827 3009 vel
1884 2954 2013 3009 sub-

448 3049 676 3103 sistente
709 3061 769 3103 re
802 3048 1036 3118 quadam
1067 3047 1149 3102 vel
1179 3047 1561 3117 conceptione,
1587 3046 1672 3101 vel
1695 3047 1881 3102 nescio
1904 3062 2014 3115 quo

447 3138 556 3194 alio
589 3139 808 3194 nomine
834 3137 1015 3193 ﬁctam
1050 3137 1118 3192 ab
1154 3136 1277 3208 ipso
1328 3138 1604 3207 energiam
1635 3144 1689 3191 et
1741 3137 2016 3207 operatio-

446 3245 570 3285 nem
605 3229 877 3301 appellare
905 3226 1091 3292 liceat,
1115 3228 1344 3299 ipsaque
1364 3243 1473 3282 non
1501 3227 1844 3291 exsistentia,
1869 3228 2016 3282 velut

447 3329 601 3392 septo
633 3322 868 3392 quodam
897 3328 951 3375 et
1003 3320 1196 3386 limite,
1237 3320 1482 3389 undique
1527 3318 2011 3386 circumscriptum

445 3421 501 3469 et
525 3414 814 3482 obseptum
845 3427 967 3468 esse
996 3430 1008 3465 :
1041 3419 1095 3464 at
1125 3426 1235 3463 non
1263 3409 1521 3479 intelligit
1556 3410 1605 3464 is
1637 3410 1731 3477 qui
1762 3409 2015 3463 invisibi-

448 3506 519 3558 lia
548 3519 607 3559 se
636 3504 813 3557 videre
862 3502 1097 3569 jactitat,
1131 3501 1186 3554 in
1247 3500 1505 3569 quidnam
1567 3500 1742 3554 oratio
1794 3498 2013 3553 tandem

448 3594 685 3649 desinat.
721 3593 777 3645 Si
830 3592 974 3646 enim
1020 3590 1265 3661 operatio
1294 3590 1385 3644 Dei
1436 3605 1543 3644 non
1580 3589 1851 3656 subsistit,
1886 3589 2016 3643 bac-

449 3698 555 3753 que
583 3680 1057 3736 circumscribitur
1090 3690 1143 3735 et
1172 3680 1327 3750 quasi
1365 3680 1622 3744 ambitur,
1675 3680 1829 3745 illud,
1868 3680 2013 3751 quod

449 3790 478 3828 a
508 3790 614 3828 non
646 3773 959 3828 exsistentia
992 3771 1316 3842 producitur
1342 3814 1357 3838 ,
1384 3772 1610 3827 omnino
1642 3786 1870 3827 necesse
1900 3781 2009 3835 est,

448 3873 511 3919 ut
540 3862 839 3918 secundum
874 3872 1123 3916 naturam
1164 3878 1319 3916 suam
1347 3861 1577 3917 ell‘eetus
1603 3862 1872 3931 ejusmodi
1926 3862 2015 3931 ju-

449 3953 684 4015 dicetur,
710 3951 887 4021 qualis
918 3959 1000 4006 est
1032 3958 1230 4004 natura
1268 3948 1413 4018 ejus,
1446 3949 1591 4019 quod
1640 3950 1738 4004 iste
1786 3953 2015 4005 commi-

448 4047 696 4109 niscilur,
736 4044 984 4100 elIeetum
1024 4043 1392 4113 produxisse;
1456 4057 1581 4096 nam
1633 4042 1775 4110 quod
1831 4055 2020 4095 anon-

446 4135 765 4190 exsistentia
796 4133 1046 4189 effectum
1094 4141 1200 4196 est,
1228 4145 1403 4200 eaque
1438 4129 1895 4199 comprehensum
1932 4130 2015 4183 ἰη-

447 4227 707 4291 cluditur,
741 4224 795 4279 id
827 4225 991 4295 quale
1038 4223 1130 4287 sit,
1165 4223 1300 4277 satis
1352 4222 1558 4290 liquet:
1593 4219 1851 4274 nimirum
1905 4235 2011 4275 non

2113 1769 2346 1838 πρᾶγμα
2364 1767 2511 1837 λέγοι
2553 1769 2649 1839 τὴν
2668 1770 2968 1840 ἐνέργειαν,
2991 1764 3056 1840 ἦς
3083 1771 3427 1841 ἀποτέλεσμα
3442 1772 3531 1824 τὸν
3555 1773 3689 1825 Υἱὺν

2112 1860 2421 1929 διορίζεται,
2441 1862 2599 1915 πάλιν
2614 1863 2839 1925 εἰπάτω,
2862 1862 2974 1925 πῶς
2992 1863 3181 1916 ἕπεται
3199 1864 3272 1934 τῷ
3293 1865 3403 1916 ὄντι
3425 1865 3482 1917 τὸ
3506 1866 3578 1936 μὴ
3603 1864 3689 1925 ὃν,

2117 1950 2235 2012 πῶς
2266 1951 2319 2003 δὲ
2347 1952 2739 2022 κατεργάζεται
2764 1954 2854 2005 τὸν
2882 1954 3181 2022 ὑφεστῶτα,
3204 1954 3262 2007 τὸ
3299 1954 3371 2025 μὴ
3407 1956 3685 2022 ὑφεστὼς,

2114 2041 2479 2112 Εὑρεθήσεται
2511 2044 2616 2115 γὰρ
2651 2045 2736 2098 διὰ
2785 2045 3008 2109 τούτων,
3037 2046 3431 2099 ἀκολουθοῦντα
3465 2048 3561 2117 μὲν
3602 2048 3685 2118 τῷ

2113 2134 2230 2203 Θεῴ
2256 2135 2323 2187 τά
2348 2136 2665 2209 ἀνύπαρκτα
2689 2154 2701 2167 ·
2760 2138 2906 2191 αἴτια
2930 2138 2986 2190 δὲ
3017 2137 3121 2190 τῶν
3150 2138 3316 2190 ὄντων
3357 2137 3423 2190 τὰ
3456 2137 3529 2208 μὴ
3554 2139 3685 2191 ὄντα

2114 2228 2391 2296 γινόμενα,
2422 2228 2512 2279 καὶ
2537 2228 2940 2299 περιγράφοντα
2974 2228 3071 2298 τὴν
3096 2228 3202 2281 τῶν
3231 2226 3553 2295 ὑφεστώτων
3582 2228 3685 2297 φύε

2116 2333 2220 2382 σιν,
2249 2316 2283 2369 ἃ
2302 2319 2367 2386 τῇ
2398 2316 2602 2370 ἑαυτῶν
2625 2319 2721 2387 οὑχ
2750 2317 3019 2387 ὑφέστηκε
3039 2316 3216 2387 φύσει,
3240 2318 3331 2369 καὶ
3354 2320 3385 2386 ἡ
3412 2319 3558 2370 πᾶσα
3581 2318 3684 2387 τῆς

2114 2410 2341 2475 κτίσεως
2374 2411 2782 2483 ἀποτελεστικὴ,
2841 2413 2936 2465 καὶ
2980 2411 3312 2481 δημιουργὸς
3345 2411 3571 2480 δύναμις
3604 2411 3684 2480 τῷ

2113 2500 2442 2572 ἀνυπάρκτῳ
2487 2500 2625 2554 κατά
2663 2503 2752 2554 τὸν
2816 2502 2946 2554 ἴδιον
2993 2502 3149 2570 λόγον
3199 2502 3684 2572 περιληφθήσεται.

2114 2593 2350 2645 Τοιαῦτα
2386 2592 2478 2644 τοῦ
2512 2591 2760 2659 θεολόγου
2783 2590 2850 2644 τὰ
2880 2591 3142 2661 δόγματα,
3165 2592 3221 2654 ὃς
3246 2592 3338 2645 τὸν
3362 2593 3562 2662 Κύριον
3588 2593 3686 2645 τοῦ

2113 2681 2342 2755 οὑρανοῦ
2374 2685 2467 2735 καὶ
2495 2684 2593 2753 τῆς
2618 2682 2740 2752 γῆς,
2773 2683 2952 2751 πάσης
2977 2681 3075 2751 τῆς
3090 2678 3317 2745 κτίσεως
3333 2680 3664 2754 δημιουργὸν

2112 2777 2204 2828 τὸν
2237 2779 2295 2828 ἐν
2326 2777 2465 2847 ἀρχῇ
2499 2776 2629 2829 ὄντα
2666 2775 2839 2842 Λόγον
2872 2773 3029 2839 Θεοῦ,
3079 2773 3170 2826 τὸν
3208 2773 3274 2826 δι’
3302 2768 3362 2826 οὑ
3386 2773 3454 2826 τὰ
3484 2774 3685 2837 πάντα,

2112 2866 2297 2919 τοῦτον
2330 2867 2661 2937 ἀνυπάρκτῳ
2683 2868 2788 2919 τινὶ
2812 2865 2905 2919 καὶ
2937 2864 3290 2935 ἀνυποστάτῳ
3306 2864 3618 2935 πράγματι,
3651 2865 3685 2935 ἢ

2113 2960 2213 3012 οὑκ
2244 2958 2340 3012 οἷδ’
2360 2960 2506 3023 ὅπως
2533 2960 2797 3029 ὀνομάσαι
2825 2960 3090 3030 προσήκει
3122 2957 3220 3029 τὴν
3245 2960 3372 3026 παρ’
3394 2955 3557 3009 αὑτοῦ
3588 2956 3688 3008 νῦν

2112 3048 2543 3103 ἀναπλασθείσαν
2586 3050 2891 3120 ἐνέργειαν,
2936 3048 3230 3117 ὑποστῆναι
3272 3047 3447 3115 λέγει,
3498 3045 3591 3099 καὶ
3625 3047 3683 3097 ἐν

2113 3143 2250 3211 αὐτῇ
2286 3141 2741 3210 περιγεγράφθω,
2778 3134 2885 3193 οἷόν
2926 3157 3030 3193 τινι
3071 3139 3238 3208 ἐρκίῳ
3279 3141 3344 3208 τῇ
3376 3136 3683 3208 ἀνυπαρξίᾳ

2114 3233 2442 3301 πανταχόθεν
2456 3232 2852 3303 διειλημμένον.
2877 3232 2985 3284 Καὶ
3000 3231 3061 3283 οὑ
3084 3231 3327 3300 συνίησιν
3346 3231 3374 3281 ὁ
3389 3229 3458 3282 τὰ
3477 3228 3683 3281 ἀθέατα

2116 3320 2346 3389 βλέπων,
2375 3324 2452 3385 εἰς
2470 3316 2579 3375 οἷον
2609 3322 2970 3393 καταστρέφει
3005 3322 3178 3391 πέρας
3205 3322 3238 3391 ὴ
3272 3319 3560 3397 ἀκολουθία
3588 3320 3683 3371 τοῦ

2112 3412 2290 3481 λόγου.
2319 3415 2380 3467 Εἰ
2402 3414 2510 3485 γὰρ
2541 3414 2908 3478 ἀνυπόστατος
2937 3413 3035 3483 μὲν
3065 3414 3097 3483 ἡ
3132 3413 3378 3483 ἐνέργεια
3404 3411 3497 3464 τοῦ
3522 3411 3735 3492 Θεοῦη⁸

2112 3504 2283 3577 ταύτῃ
2314 3505 2369 3557 δὲ
2398 3506 2866 3577 ἐμπεριγράφεται
2894 3505 2953 3557 τὸ
2982 3506 3046 3558 ἐκ
3072 3505 3169 3573 τῆς
3189 3502 3524 3573 ἁνυπαρξίας
3546 3503 3696 3555 ἀπο-

2112 3593 2360 3647 τελεσθέν
2395 3595 2579 3665 ἕργονο
2632 3597 2851 3657 πάντως
2881 3596 2963 3648 ὅτι
3006 3595 3244 3648 τοιοῦτόν
3270 3610 3321 3646 τι
3358 3594 3686 3664 νοηθήσεται

2111 3686 2176 3755 τῇ
2205 3682 2360 3753 φύσει
2380 3684 2438 3736 τὸ
2458 3672 2924 3754 ἀποτέλεσμα,οῖα
2947 3685 3039 3737 καὶ
3062 3687 3094 3753 ὴ
3119 3684 3211 3737 τοῦ
3237 3684 3684 3752 ὑποστησαμένου

2111 3776 2172 3827 τὸ
2206 3774 2365 3846 ἔργον
2390 3774 2548 3842 φύσις
2585 3775 2895 3844 ἀνεπλάσθη
2932 3774 3007 3844 τῷ
3039 3774 3198 3844 λόγῳ.
3262 3773 3334 3825 Τὸ
3356 3772 3462 3844 γὰρ
3496 3774 3687 3824 ἀποτε-

2113 3863 2298 3917 λεσθὲν
2348 3864 2412 3916 ἐκ
2450 3865 2549 3934 τῆς
2595 3863 2964 3934 ἀνυπαρξίας,
3023 3863 3119 3917 καὶ
3156 3863 3689 3933 ἐμπεριειλημμένον

2113 3955 2303 4027 ταύτῃ,
2333 3956 2493 4008 παντὶ
2520 3955 2689 4024 δήπου
2721 3955 3001 4025 πρόδηλον,
3036 3955 3089 4007 τί
3110 3957 3305 4006 νοεῖται
3338 3970 3352 3983 ο
3392 3954 3473 4006 ὅτι
3504 3952 3682 4006 οὐδέν.

2114 4042 2249 4094 Οὑδέ
2288 4043 2398 4112 γὰρ
2430 4043 2540 4112 ἔχει
2582 4043 2742 4111 φύσιν
2781 4044 2885 4095 ὑπὸ
2925 4042 3033 4095 τῶν
3069 4043 3322 4095 ἐναντίων
3356 4042 3423 4095 τὰ
3464 4043 3688 4095 ἐναντία

2115 4132 2497 4203 περιέχεσθαι·
2538 4132 2659 4185 οὔτε
2689 4132 2795 4202 γὰρ
2837 4132 2940 4185 ὑπὸ
2974 4133 3162 4202 πυρὸς,
3201 4132 3343 4202 ὕδωρ
3370 4148 3383 4161 ·
3429 4131 3549 4184 οὕτε
3580 4132 3688 4183 ὑπὸ

2115 4221 2365 4284 θανάτου,
2397 4222 2540 4294 ζωήν
2564 4239 2576 4251 ·
2637 4224 2762 4276 οὕτε
2798 4209 2902 4275 ὑπὺ
2942 4224 3181 4286 σκότους,
3215 4223 3330 4293 φῶς
3355 4241 3368 4253 ·
3421 4223 3544 4275 οὔτε
3579 4224 3688 4274 ὑπὸ

447 4327 680 4375 ens,scu
698 4317 851 4370 nihil.
882 4315 1068 4384 Neque
1104 4315 1247 4367 enim
1280 4314 1353 4367 ita
1376 4323 1573 4366 natura
1629 4320 2002 4382 comparatum

2114 4313 2205 4366 τοῦ
2233 4315 2304 4385 μὴ
2328 4314 2497 4379 ὄντος.
2529 4316 2587 4368 τὸ
2610 4316 2688 4368 ὅν.
2727 4316 2885 4367 Ἀλλὰ
2914 4316 3086 4368 ταῦτα
3116 4316 3214 4385 μέν
3246 4317 3349 4367 ὑπὸ
3376 4317 3472 4385 τῆς
3492 4333 3686 4385 περιτ-

445 4415 548 4471 est,
582 4416 641 4461 ut
673 4408 949 4462 contraria
1011 4403 1309 4458 contrariis
1369 4402 1902 4471 comprehendantur
1956 4412 2011 4455 et

445 4499 994 4564 circumscribantur,
1028 4505 1157 4566 puta
1186 4496 1252 4550 ab
1280 4496 1403 4566 igne
1428 4508 1590 4563 aqua,
1620 4508 1647 4545 a
1670 4500 1844 4545 morte
1879 4493 2007 4559 vita,

2113 4404 2373 4474 τευούσης
2419 4406 2565 4475 αὑτῷ
2598 4407 2789 4473 σοφίας
2812 4446 2825 4468 ,
2863 4406 2896 4477 ῆ
2936 4408 2994 4459 οὑ
3026 4408 3287 4477 συνίησιν,
3340 4408 3372 4476 ἢ
3413 4407 3551 4459 ἑκὼν
3580 4408 3689 4475 ἀμ-

2118 4494 2375 4549 ϐλυώττει
2410 4498 2545 4568 πρὸς
2571 4496 2668 4567 τὴν
2698 4496 2971 4567 ἀλήθειαν.

446 4603 474 4640 a
504 4590 742 4645 tenebris
784 4591 986 4656 lumen,
1019 4589 1088 4642 ab
1117 4598 1243 4642 ente
1292 4604 1399 4642 non
1435 4603 1552 4642 cus.
1588 4587 1693 4640 Sed
1730 4585 1845 4639 haec
1882 4584 2103 4655 quidem
2136 4601 2249 4656 pne
2311 4589 2479 4644 nimia
2556 4590 2849 4658 sapientia,
2914 4597 3010 4644 aut
3067 4604 3173 4644 non
3248 4589 3518 4659 intelligit,
3586 4597 3687 4641 aut

446 4682 623 4736 sciens
642 4684 937 4751 volensque
991 4682 1209 4737 caecutit
1249 4680 1317 4734 ad
1366 4680 1677 4735 veritatem.

501 4770 673 4825 Porro
691 4788 754 4825 ex
776 4771 1101 4826 necessitate
1115 4768 1347 4839 quadam
1365 4768 1799 4822 imminutionem
1824 4768 1878 4822 in
1897 4766 2023 4822 sub-

422 4852 647 4917 ‘stantia
665 4872 718 4915 et
766 4862 1045 4931 bypostasi
1092 4859 1214 4914 Filii
1264 4859 1447 4927 ponit;
1480 4859 1788 4928 iterumque
1811 4860 1864 4913 in
1897 4857 2021 4929 Spi-

446 4952 555 5006 ritu
580 4957 794 5011 sancto.
830 4957 1079 5020 respectu
1107 4949 1252 5012 Filii,
1283 4949 1516 5004 similem
1543 4948 1897 5018 perleCtionis
1926 4950 2022 5004 de-

445 5040 745 5096 cretionem
778 5041 966 5093 statuit
1005 5059 1018 5095 :
1063 5056 1188 5093 nam
1225 5040 1338 5093 haec
1358 5049 1483 5095 sunt
1516 5040 1636 5110 ejus
1661 5041 1827 5095 verba
1866 5059 1878 5095 :
1917 5040 2021 5095 Ne-

443 5132 734 5188 cessarium
766 5131 976 5184 omnino
1007 5141 1177 5195 est,ut
1197 5132 1546 5198 operationes,
1576 5148 1690 5201 quia
1742 5130 1811 5183 ad
1839 5148 2027 5200 quam-

452 5222 576 5275 libet
622 5221 1042 5275 substantiarum
1086 5230 1493 5290 consequuntur,
1539 5222 1645 5275 sint
1698 5222 1925 5291 majores
1962 5231 2010 5276 et

443 5316 693 5369 minores.
715 5313 864 5368 lianc
884 5319 1065 5368 autem
1084 5312 1462 5369 necessitatem
1483 5327 1603 5381 quae
1624 5313 1676 5367 in
1696 5312 1878 5366 divina
1913 5328 2012 5366 na-

443 5412 563 5458 tura
596 5405 707 5457 hrec
733 5403 932 5458 elliciat
956 5444 970 5470 ,
1003 5402 1482 5472 intensionemque
1527 5411 1583 5456 ct
1631 5402 2007 5460 remissionem

513 5518 554 5547 ³⁷
596 5516 751 5572 Joan.
795 5536 827 5575 I.
867 5520 916 5572 3.

2197 4766 2287 4831 Ἐξ
2304 4766 2545 4838 ἀνάγκης
2569 4766 2625 4819 δέ
2646 4784 2787 4830 τινος
2811 4766 2871 4818 τὸ
2895 4766 3111 4820 ἔλαττον
3143 4768 3234 4821 ἐπὶ
3257 4769 3354 4839 τῆς
3390 4767 3484 4820 τοῦ
3504 4768 3683 4821 Μονο-

2113 4859 2302 4927 γενοῦς
2333 4859 2682 4921 ὑποστάσεως
2708 4860 2846 4911 νοεῖν
2872 4873 2885 4887 ο
2942 4859 3035 4911 καὶ
3072 4858 3254 4921 πάλιν,
3281 4858 3527 4912 ἐπίτασίν
3559 4877 3685 4912 τινα

2112 4952 2213 5020 τῆς
2248 4950 2591 5014 ἐλαττώσεως
2630 4950 2780 5021 παρά
2810 4950 2899 5002 τὸν
2941 4950 3067 5002 Υἱδν
3106 4950 3387 5021 ἐνθεωρεῖν
3431 4950 3509 5020 τῷ
3543 4952 3689 5021 ἁγίῳ

2115 5040 2389 5108 Πνεύματι
2414 5040 2834 5104 κατασκευάζει·
2899 5038 3036 5092 οὕτω
3069 5039 3240 5106 λέγων
3267 5042 3375 5101 τοῖς
3402 5042 3644 5110 ῥήμασιν
3667 5057 3682 5071 ·

2129 5128 2369 5198 Ἀνάγκη
2400 5129 2566 5182 πᾶσα
2598 5130 2703 5195 τὰς
2740 5131 2964 5199 ἑκάστῃ
2988 5131 3108 5186 τῶν
3133 5131 3354 5184 οὐσιῶν
3385 5131 3686 5201 ἑπομένας

2118 5219 2414 5288 ἐνεργείας
2445 5220 2735 5287 ἐλάττους
2787 5239 2855 5278 τε
2908 5221 3005 5274 καὶ
3053 5221 3289 5292 μείζους
3331 5219 3497 5277 εἶναι.
3572 5225 3687 5292 Τὴν

2121 5312 2219 5383 μὲν
2248 5306 2338 5365 οὖν
2372 5312 2615 5383 ἀνάγκην
2656 5314 2755 5384 τὴν
2781 5312 2953 5367 ταῦτα
2985 5316 3042 5366 ἐν
3068 5316 3131 5384 τῇ
3163 5312 3281 5384 θείᾳ
3320 5313 3476 5381 φύσει
3506 5313 3687 5381 βιαζο-

2120 5405 2306 5465 μένην,
2337 5404 2429 5456 καὶ
2460 5405 2520 5457 τὸ
2560 5404 2740 5474 μεῖζον
2761 5447 2777 5472 ,
2817 5406 2908 5461 καὶ
2933 5406 2991 5459 τὸ
3018 5407 3234 5461 ἔλαττον
3268 5405 3687 5477 διακληροῦσαυ,
