4064 6146
382 289 491 344 3'29

1620 293 1898 348 CONTRA
1930 293 2317 360 EUNOMIUM,
2363 296 2488 351 LIB.
2533 298 2574 352 Ι.

3539 295 3643 349 550

377 401 503 455 οὔτε
543 398 674 471 παρ’
693 399 857 455 αὑτοῦ
883 403 1300 475 μεμαθήκαμεν,
1327 404 1446 458 οὔτε
1475 407 1565 474 ἀφ’
1594 409 1749 477 ἡμῶν
1776 409 1952 461 αὐτῶν

2075 419 2206 465 sorte
2228 413 2621 481 quasidividat,
2644 429 2818 482 neque
2843 413 2908 468 ab
2927 413 3045 482 ipso
3062 412 3370 468 didicimus.
3397 428 3570 480 neque
3588 413 3640 467 in

382 494 617 546 συνεῖναι
654 492 815 563 μέχρι
848 493 938 546 τοῦ
971 494 1065 548 νῦν
1098 495 1450 566 δεδυνήμεθα.
1488 498 1634 559 Τέως
1666 499 1772 568 γὰρ
1807 500 1956 568 παρὰ

383 582 516 635 πᾶσι
545 584 738 652 κρατεῖ
770 583 829 634 τὸ
856 583 1029 654 δόγμα
1059 587 1170 648 τοῖς
1199 586 1291 637 τὸν
1327 587 1632 656 ίδιωτισμὸν
1666 589 1958 658 καταδεχοο

386 673 567 743 μένοις
593 671 686 724 τοῦ
709 673 1076 744 ἀπ).ουστέρου
1110 677 1461 746 κηρύγματος
1481 694 1492 707 ·
1522 678 1601 730 ὅτι
1621 679 1844 748 οὐδεμία
1873 697 1957 743 τις

382 765 592 833 ἀνάγκη
617 764 713 834 τῆς
742 763 890 826 Θείας
921 765 1240 835 ὑπέρκειται
1265 767 1547 839 φύσεως,ή
1571 770 1706 838 πρὸς
1722 772 1782 822 τὸ
1806 771 1962 824 ἐλατ-

381 876 470 911 τον
509 859 774 928 κάμπτει,
819 860 914 913 καὶ
949 859 1192 929 βιάζεται
1233 861 1479 931 καθάπερ
1510 861 1631 914 τινὰ
1657 862 1762 915 τῶν
1789 865 1959 933 ἀργυο-

387 948 638 1016 ρωνήτων
665 947 755 1000 τὸν
799 949 1078 1018 Μονογενῆ
1103 965 1117 980 ο
1166 948 1300 1001 ἀλλά
1334 949 1488 1002 τοῦτο
1530 953 1745 1021 παρεὶς,
1781 953 1958 1007 καίτοι

382 1043 442 1093 οὑ
501 1045 701 1111 μικρᾶς
749 1041 1029 1112 ζητήσεως
1078 1043 1246 1110 ἀξιον,
1301 1043 1459 1112 μόνον
1501 1044 1560 1096 τὸ
1591 1044 1698 1096 δεῖν
1740 1045 1958 1098 ἔλαττον

384 1135 522 1184 νοεῖν
551 1131 885 1202 δογματίζει,
950 1136 1055 1188 Καὶ
1106 1134 1230 1203 μὴν,
1277 1135 1376 1186 οὑκ
1409 1136 1487 1197 εἰς
1530 1121 1882 1205 τοῦτομόνον
1926 1141 1958 1208 ἡ

386 1223 596 1292 ἀνάγκη
626 1221 716 1274 τὸν
747 1223 906 1292 λόγον
933 1225 1274 1296 καθίστησιν,
1304 1226 1439 1279 ἁλλά
1465 1243 1516 1277 τι
1552 1227 1643 1278 καὶ
1670 1227 1850 1281 πλεῖον
1883 1229 1960 1290 είς

392 1313 730 1382 βλασφημίαν
759 1316 1189 1379 κατασκευάζει,
1222 1316 1402 1379 καθὼς
1429 1318 1528 1387 ήδη
1566 1319 1805 1390 μερικῶς
1831 1337 1963 1390 προ-

389 1403 693 1471 εξήτασται.
722 1405 785 1456 Εἰ
807 1405 916 1474 γάρ
1053 1409 1115 1459 ἐκ
1137 1407 1346 1476 Πατρὸς
1370 1411 1398 1460 ὁ
1424 1409 1572 1473 Υἱὸς,
1599 1410 1712 1462 ἀλλ’
1731 1409 1793 1462 ἐκ
1819 1427 1962 1472 τινος

390 1493 758 1546 ἁνυποστάτου
794 1495 1071 1564 ἐνεργείας
1106 1496 1382 1564 ἀνεφύετο,
1413 1499 1511 1550 οὑκ
1543 1499 1778 1552 ἐλάττων
1804 1501 1961 1568 μόνον

389 1583 480 1654 τοῦ
507 1583 716 1652 Πατρὸς
735 1584 1076 1654 νοηθήσεται,
1097 1586 1232 1639 ἀλλά
1263 1588 1324 1640 τὺ
1357 1589 1614 1658 παράπαν
1656 1589 1962 1654 ’ἰουδαΐζειν

390 1673 602 1742 ἀνάγκη
635 1673 713 1744 τῷ
741 1675 992 1743 δόγματι.
1054 1677 1126 1728 Τὸ
1150 1678 1256 1748 γὰρ
1283 1677 1374 1730 τοῦ
1418 1679 1491 1749 μὴ
1525 1680 1675 1742 ὄντος
1706 1680 1965 1732 ἀποτέλε-

2068 505 2210 557 Ιιιιιιε
2243 521 2412 574 nsque
2442 505 2585 558 diem
2638 503 2860 573 proprio
2896 503 3079 557 studio
3111 502 3417 571 intelligere
3452 505 3641 572 potui-

2069 609 2210 648 mus.
2247 594 2540 664 llucusque
2563 594 2708 647 enim
2742 594 2884 662 apud
2934 608 3149 656 omnes,
3185 593 3279 662 qui
3329 594 3645 662 suscipiunt

2065 685 2392 753 evangelicae
2431 684 2830 753 praedicationis
2885 681 3314 752 simplicitatem,
3369 684 3643 738 sententia

2068 774 2443 838 illa'obtinet,
2510 775 2642 827 nulli
2711 772 3026 827 necessitati
3079 773 3322 827 divinam
3382 783 3640 829 naturam

2068 864 2374 932 subjacere,
2407 878 2527 933 qum
2557 864 2624 918 ad
2664 863 2982 918 substantia:
3033 863 3472 919 imminutionem
3509 863 3645 919 Uni-

2066 959 2313 1028 genitum
2379 957 2579 1011 Filium
2640 964 2901 1025 tanquam
2973 957 3304 1025 mancipium
3370 955 3644 1026 quoddam

2068 1051 2376 1122 emptitium
2408 1056 2568 1118 cogat
2616 1055 2669 1102 et
2729 1046 2969 1114 dcjiciat.
3022 1043 3127 1100 Sed
3167 1046 3288 1112 hoc,
3349 1045 3480 1099 licet
3533 1059 3646 1100 non

2069 1144 2264 1209 exigua
2291 1140 2677 1210 disquisitione
2710 1138 2930 1206 dignum
2963 1138 3054 1199 sit,
3105 1137 3334 1198 omisso,
3371 1136 3424 1189 id
3474 1149 3646 1189 unum

2068 1235 2332 1297 elaborat,
2394 1239 2454 1284 ut
2509 1230 2855 1301 persuadeat,
2896 1227 3170 1282 defectum
3225 1224 3643 1294 concipiendum

2067 1340 2189 1380 esse
2228 1344 2239 1392 ;
2276 1339 2452 1392 neque
2507 1323 2614 1376 huc
2671 1321 2936 1375 duntaxat
2990 1319 3294 1373 necessitas
3341 1318 3644 1372 orationem

2075 1416 2267 1484 adigit,
2300 1415 2393 1469 sed
2426 1415 2490 1467 ad
2515 1413 2780 1481 majorem
2819 1410 3148 1478 impietatem
3179 1417 3231 1462 et
3255 1408 3648 1476 blasphemiam

2072 1507 2436 1576 progreditur,
2479 1505 2936 1574 quemadmodum
2985 1505 3098 1572 jam
3141 1501 3422 1570 speciatim
3469 1499 3649 1568 expli-

2071 1605 2250 1649 catum
2285 1602 2388 1649 est.
2443 1594 2499 1647 Si
2540 1594 2684 1647 enim
2717 1592 2888 1646 Filius
2936 1607 3044 1644 non
3094 1607 3156 1644 ex
3200 1589 3381 1651 Patre,
3438 1589 3532 1643 scd
3579 1603 3649 1643 ex

2071 1683 2308 1752 quadam
2335 1698 2444 1736 non
2476 1684 2776 1737 cxsistente
2814 1681 3033 1750 energia
3062 1679 3509 1750 productustest,
3538 1694 3647 1732 non

392 1778 524 1832 σμα,
551 1763 670 1832 οὐχὶ
701 1765 894 1834 μικρὸν
936 1768 969 1835 ή
1013 1769 1111 1836 τῆς
1158 1767 1402 1836 ἀνάγκης
1441 1769 1642 1837 ταύτης
1672 1770 1959 1822 ἀκολουθία

2075 1771 2243 1825 solum
2277 1771 2456 1824 minor
2475 1771 2579 1825 erit
2606 1770 2785 1828 Patre,
2816 1771 2909 1823 sed
2950 1769 3067 1836 ipsa
3097 1768 3427 1823 necessitate
3451 1783 3646 1837 cogen-

390 1854 674 1919 δείκνυσιν,
715 1855 849 1909 ’ἀλλ’
875 1857 1011 1928 ὅπερ
1038 1858 1158 1910 οὐδὲ
1187 1859 1576 1931 κατηγοροῦντι
1603 1862 1780 1930 λέγειν
1805 1863 1963 1916 ἀκίν-

2075 1879 2133 1925 ,ε,
2161 1862 2435 1931 oportebit
2489 1861 2555 1914 ad
2592 1859 2926 1928 judaismum
2958 1858 3268 1911 doctrinam
3311 1857 3455 1910 hanc
3483 1856 3651 1911 delle-

390 1945 560 1997 δυνον.
603 1948 806 2018 Ὥσπερ
851 1948 957 2019 γάρ
993 1951 1302 2018 ἀναγκαίως
1332 1951 1672 2020 ὁμολογεῖται
1714 1951 1873 2019 εἶναι,
1907 1955 1967 2007 τὸ

2075 1961 2240 2016 :tcre;
2288 1966 2409 2004 nam
2438 1950 2581 2020 quod
2620 1965 2726 2003 non
2756 1951 2898 2003 entis
2928 1948 3153 2002 elTeetus
3197 1957 3298 2012 est,
3343 1946 3474 2001 illud
3511 1947 3653 1999 ratio

392 2036 457 2088 ἐκ
482 2037 574 2089 τοῦ
603 2038 750 2100 ὄντος
785 2038 904 2108 ἔχον
935 2041 1032 2110 τήν
1077 2041 1329 2111 γέννησιν
1349 2082 1362 2105 ,
1395 2041 1518 2094 οὔτε
1552 2043 1612 2094 τὸ
1640 2042 1875 2113 ἔμπαλιν
1909 2044 1969 2108 ἐξ

2075 2043 2412 2097 necessitatis
2444 2041 2631 2109 hujus,
2672 2055 2782 2094 non
2821 2054 3051 2107 parvum
3084 2045 3178 2091 aut
3206 2038 3389 2092 minus
3435 2037 3656 2106 arguit,-

393 2127 636 2198 ἁνάγκης
675 2130 1154 2201 ὁμολογηθήσεται,
1206 2133 1266 2184 τὸ
1309 2133 1373 2186 ἐκ
1416 2134 1508 2186 τοῦ
1542 2135 1614 2204 μὴ
1649 2135 1798 2198 ὄντος
1835 2136 1968 2188 ἀναο

2075 2135 2161 2190 sed
2186 2133 2365 2200 potius
2402 2133 2530 2184 illud
2562 2146 2684 2185 esse
2723 2129 2986 2194 declarat,
3019 2128 3163 2196 quod
3199 2143 3267 2182 ne
3297 2127 3402 2196 ipsi
3427 2127 3648 2196 quidem

395 2219 678 2287 φυόμενον.
732 2221 898 2274 Ὅταν
934 2221 1040 2292 γάρ
1064 2221 1192 2275 αὑτό
1221 2239 1271 2274 τι
1318 2223 1392 2292 μὴ
1427 2219 1491 2295 ᾗ,
1547 2224 1660 2287 πῶς
1693 2225 1877 2294 ἕτερον
1909 2223 1967 2287 ἐξ

2075 2224 2379 2280 accusatori
2446 2220 2692 2292 proferre
2765 2227 2942 2273 tutum
2999 2227 3104 2274 est.
3182 2217 3652 2284 Quemadmodum

394 2308 559 2360 αὐτοῦ
589 2311 791 2382 ὑποστή
801 2327 880 2364 σει
899 2329 918 2375 ς
1895 2375 1902 2382 λ

2075 2317 2216 2369 enim
2247 2314 2492 2369 omnium
2530 2326 2806 2367 consensu
2855 2311 3092 2375 exsistit,
3128 2310 3181 2363 id
3215 2309 3360 2380 quod
3414 2326 3482 2365 ex
3527 2316 3654 2364 ente

393 2410 569 2454 ortum
606 2402 794 2458 ducit:
857 2405 937 2459 sic
991 2408 1268 2462 contraria
1319 2410 1533 2478 ratione
1588 2410 1655 2466 de
1688 2412 1793 2466 isto
1860 2410 2206 2466 sentiendum
2238 2410 2362 2473 erit,
2395 2408 2540 2478 quod
2570 2423 2637 2463 ex
2665 2421 2773 2460 non
2797 2407 3096 2462 exsistente
3125 2405 3394 2460 nascitur.
3421 2404 3477 2458 Si
3505 2405 3651 2460 enim

393 2483 570 2561 ipsum
606 2509 734 2548 non
769 2496 841 2550 sit
869 2496 1094 2566 aliquid,
1153 2500 1426 2568 quomodo
1490 2502 1634 2557 aliud
1692 2517 1756 2555 ex
1821 2502 1940 2571 ipso
1969 2502 2237 2558 exsistet?

466 2586 526 2636 Εἰ
550 2583 643 2638 οῦν
669 2586 765 2640 οὐκ
792 2586 935 2640 ἔστιν
964 2589 1019 2639 ἐν
1053 2588 1158 2658 ἰδίᾳ
1190 2588 1366 2659 οὐσίᾳ,
1393 2593 1425 2660 ή
1462 2590 1538 2660 τῷ
1563 2591 1680 2659 Θεῷ
1704 2591 1799 2660 μὲν
1827 2607 1960 2661 παρ·

2144 2589 2219 2658 (α)
2250 2588 2307 2641 Si
2344 2588 2508 2658 igitur
2567 2602 2675 2641 non
2734 2584 2949 2641 exsistit
3002 2584 3313 2638 secundum
3370 2581 3652 2651 propriam

396 2677 636 2746 επομένη
668 2677 936 2747 ἐνέργεια,
971 2678 1061 2731 τὸν
1097 2679 1152 2731 δὲ
1174 2679 1300 2732 Υίὸν
1323 2681 1690 2751 ἐργαζομένη,
1722 2682 1805 2745 τίς
1825 2679 1967 2734 οὕτω

2075 2680 2394 2735 substantia:
2425 2695 2537 2733 sua}
2561 2679 2830 2732 rationem
2892 2675 3112 2745 energia
3151 2675 3263 2738 illa,
3293 2688 3417 2742 quae
3481 2671 3652 2727 Deum

395 2767 614 2834 τυφλὸς,
662 2767 736 2830 ὡς
771 2769 842 2839 μὴ
883 2771 1108 2823 συνιδεῖν
1158 2769 1255 2840 τὴν
1293 2771 1390 2840 τῆς
1427 2771 1769 2842 βλασφημίας
1806 2790 1970 2826 κατα-

397 2857 602 2928 σκευὴν
622 2898 636 2920 ,
692 2858 774 2910 ὅτι
804 2858 939 2928 πρὸς
955 2857 1057 2928 ¹τὴν
1087 2860 1254 2928 αὐτὴν
1287 2861 1379 2912 τοῦ
1409 2862 1656 2932 Σωτῆρος
1687 2861 1841 2932 ἡμῶν
1868 2862 1968 2934 ἄρ-

397 2964 552 3016 νησιν
577 2949 605 2998 ὁ
638 2945 838 3022 σκοπρς
863 2945 1011 3015 αὑτῷ
1042 2945 1224 3014 βλέπει
1251 2963 1266 3011 ;
1325 2949 1432 3000 Καὶ
1483 2950 1530 3000 εἰ
1569 2948 1664 3001 τοῦ
1694 2950 1822 3002 Υίοῦ
1870 2952 1970 3022 τὴν

398 3037 700 3090 ὑπόστασιν
729 3038 761 3105 ή
792 3035 884 3089 τοῦ
913 3038 1181 3106 δόγματος
1210 3037 1385 3090 αὐτῶν
1420 3040 1708 3094 ἀκολουθία
1739 3043 1969 3096 ὑποκλέ-

398 3145 520 3181 πτει
563 3128 661 3198 τῆς
706 3128 960 3191 πίστεως,
1007 3129 1155 3181 οὐδὲν
1195 3129 1340 3199 αὐτῷ
1389 3130 1526 3199 πλὴν
1575 3131 1730 3198 ψιλοῦ
1775 3135 1972 3203 ὀνόμα-

2070 2771 2342 2841 sequitur,
2374 2778 2427 2824 et
2465 2785 2586 2838 quae
2646 2768 2843 2822 Filium
2881 2766 3134 2837 producit
3165 2784 3176 2818 :
3214 2765 3340 2834 quis
3389 2763 3526 2818 adeo
3555 2777 3654 2818 cz-

2064 2878 2168 2919 cus
2195 2871 2300 2924 est,
2337 2870 2395 2914 ut
2429 2876 2536 2914 non
2571 2859 2836 2928 intelligat
2881 2857 3044 2924 hujus
3076 2855 3432 2925 blasphemiae
3493 2853 3651 2908 molio

2077 2956 2282 3008 tionem
2317 2971 2328 3006 :
2362 2952 2506 3021 quod
2541 2950 2796 3004 videlicet
2826 2948 3027 3017 dirigat
3052 2963 3268 3001 omnem
3303 2961 3458 3000 suam
3486 2945 3650 2999 indu-

2076 3047 2268 3100 striam
2294 3053 2348 3098 et
2376 3042 2765 3112 cogitationem
2808 3039 2875 3092 ad
2904 3039 3034 3100 hoc,
3074 3046 3129 3090 ut
3161 3035 3413 3090 Salvator
3467 3044 3654 3091 noster

2076 3139 2292 3208 penitus
2343 3132 2678 3204 abnegetur?
2727 3130 2885 3196 Quod
2931 3129 2977 3182 si
3036 3127 3158 3180 Filii
3231 3127 3648 3182 subsistentiam

395 3233 488 3280 τος
539 3217 974 3270 καταλείπουσαν
1027 3217 1186 3287 σχολῇ
1230 3219 1282 3285 γ’
1318 3217 1383 3270 ἂν
1447 3215 1584 3269 εἶναι
1652 3221 1769 3272 κατ’
1838 3220 1969 3272 ἰδίαν

2077 3226 2248 3282 series
2283 3222 2690 3292 disputationis,
2722 3234 2886 3290 quam
2922 3219 3012 3272 isti
3062 3224 3276 3279 texunt,
3331 3232 3397 3270 ex
3450 3218 3655 3272 animis

399 3309 694 3362 ὑπόστασιν
729 3307 1042 3375 πιστευθείη
1062 3308 1120 3361 τὸ
1146 3308 1367 3377 Πνεῦμα
1402 3309 1454 3361 τὸ
1483 3308 1656 3377 ἅγιον,
1682 3310 1741 3362 τὸ
1770 3310 1856 3363 διὰ
1877 3311 1974 3380 τῆς

401 3400 505 3452 τῶν
530 3399 895 3467 ἀνυπάρκτων
918 3397 1239 3461 ἀκολουθίας
1263 3399 1585 3466 γενεαλογού
1596 3418 1770 3470 μενον.
1809 3403 1976 3453 Ὅταν

402 3491 506 3561 γὰρ
533 3490 605 3559 μὴ
641 3490 860 3560 ὑπάρχῃ
907 3489 1004 3558 μὲν
1047 3490 1163 3542 κατ’
1206 3491 1388 3544 οὐσίαν
1433 3492 1465 3560 ή
1512 3493 1863 3562 παρεπομένη
1900 3491 1976 3562 τῷ

399 3580 517 3648 Θεῷ
547 3579 815 3649 ἐνέργεια,
847 3578 1191 3650 ἀνύπαρκτον
1220 3580 1278 3633 δὲ
1310 3580 1368 3632 τὸ
1404 3581 1608 3651 ταύτης
1631 3583 1975 3650 ἀποτέλεσμα

402 3670 791 3741 καταλαμϐάνῃ
830 3669 888 3734 ἐξ
920 3671 1165 3740 ἀνάγκης
1195 3673 1222 3722 ὁ
1271 3671 1459 3738 λόγος,
1521 3672 1695 3739 τούτῳ
1727 3671 1781 3722 δὲ
1819 3671 1976 3724 πάλιν

403 3763 531 3831 ἄλλη
563 3778 646 3824 τις
683 3760 963 3831 ἐνεργείας
992 3760 1302 3830 ἀνυπαρξία
1339 3761 1654 3830 παρέπηται
1679 3777 1692 3791 '
1731 3757 1849 3814 εἶτα
1891 3762 1978 3815 διά

401 3850 558 3903 τοῦτο
590 3850 913 3920 γεγενῆσθαι
955 3850 1016 3902 τὸ
1060 3850 1284 3920 Πνεῦμα
1335 3850 1826 3922 κατασκευάζηται,
1861 3853 1978 3915 πῶς

403 3945 500 3996 οὐκ
529 3943 750 4013 εὔδηλον
786 3945 949 3996 πᾶσιν
978 3945 1009 4013 ἡ
1051 3942 1386 4014 βλασφημία,
1428 3943 1508 3995 ὅτι
1541 3943 1680 4012 μετά
1702 3945 1791 3996 τὸν
1819 3946 1978 4013 ἀγεν-

404 4037 576 4106 νήτως
620 4035 751 4088 ὄντα
799 4033 960 4098 Θεὸν,
1013 4035 1162 4087 οὐδὲν
1206 4033 1419 4104 ἀληθῶς
1468 4036 1761 4104 ὑφεστάναι
1811 4054 1976 4090 κατα-

406 4128 756 4196 σκευάζουσι,
779 4128 868 4186 διὰ
891 4130 1058 4184 σκιῶν
1080 4128 1170 4181 καὶ
1210 4127 1574 4198 ἀνυπάρκτων
1610 4129 1978 4199 ἀναπλασμῶν

405 4222 681 4291 προίόντος
715 4221 892 4274 αὐτῶν
930 4221 1023 4272 τοῦ
1061 4221 1343 4290 δόγματος,
1390 4221 1482 4273 καὶ
1520 4220 1695 4273 οὐδενὶ
1727 4222 1834 4273 τῶν
1859 4224 1976 4275 κατ’

404 4310 653 4379 ἀλήθειαν
697 4308 1020 4377 ὑφεστώτων
1114 4309 1567 4380 ὲπερειδομένου;
1621 4311 1736 4365 ἀλλ’
1789 4313 1820 4381 ἡ
1882 4312 1978 4381 μὲν

405 4402 712 4471 κατασκευὴ
743 4401 850 4453 τῶν
873 4401 942 4453 τὰ
967 4401 1192 4454 τοιαῦτα
1218 4401 1672 4471 δογματιςόντων,
1701 4405 1778 4464 εἰς
1807 4393 1988 4455 τοιαύέ

403 4509 498 4557 την
523 4492 748 4544 ἀτοπίαν
784 4490 1032 4544 ἐκϐάλλει
1061 4491 1152 4544 τὸν
1183 4491 1357 4560 λόγον.

2076 3325 2128 3372 ει
2161 3316 2262 3370 (ide
2291 3313 2531 3368 ﬁdelium
2561 3310 2791 3374 auferat,
2821 3309 2956 3362 nihil
2983 3309 3056 3374 ei,
3089 3307 3192 3362 nisi
3221 3307 3426 3360 nudum
3455 3322 3654 3362 nomen

2077 3409 2419 3476 relinquens,
2459 3403 2603 3458 haud
2634 3400 3142 3481 proclive_creditu
3199 3398 3322 3461 erit,
3387 3398 3653 3470 Spiritum

2078 3508 2325 3554 sanctum
2363 3497 2682 3558 subsistere,
2711 3495 2914 3564 quippe
2943 3493 3103 3561 cujus
3128 3490 3418 3561 productio
3471 3506 3501 3543 a
3543 3507 3655 3547 non

2077 3587 2470 3643 exsistentibus
2500 3584 2819 3639 deducatur.
2859 3583 2915 3636 Si
2967 3583 3113 3637 enim
3165 3578 3466 3634 secundum
3529 3597 3654 3650 pro-

2079 3680 2254 3748 priam
2303 3691 2454 3732 suam
2508 3674 2871 3730 substantiam
2922 3689 3031 3727 non
3064 3673 3280 3728 exsistit
3327 3690 3389 3729 ea
3416 3688 3535 3740 qua?
3585 3673 3654 3728 ad

2079 3769 2247 3822 Deum
2278 3765 2634 3834 consequitur
2680 3763 2946 3834 operatio,
2997 3764 3309 3818 necessario
3343 3764 3651 3825 conﬁcitur,

2077 3857 2238 3912 etiam
2280 3855 2329 3909 id
2363 3855 2508 3925 quod
2549 3854 2616 3907 ab
2645 3854 2745 3907 hac
2767 3853 3106 3921 producitur,
3168 3868 3290 3907 esse
3331 3853 3462 3922 quid
3528 3866 3640 3907 non

2080 3949 2421 4012 subsistens;
2449 3955 2503 4002 et
2531 3946 2577 4002 si
2611 3947 2680 4000 ab
2706 3946 2809 3999 hoc
2855 3960 3052 4000 rursus
3094 3947 3340 4013 operatio
3400 3943 3654 4013 quaedam

2080 4058 2190 4096 non
2221 4043 2496 4096 exsistens
2526 4039 2794 4109 procedit,
2828 4053 2924 4107 per
2951 4051 3117 4106 quam
3154 4034 3396 4104 Spiritus
3430 4040 3654 4088 sanctus

2081 4135 2152 4190 sit
2181 4132 2406 4187 ellectus
2441 4139 2494 4186 et
2535 4130 2873 4199 productus:
2929 4126 3203 4196 quomodo
3260 4140 3370 4178 non
3400 4124 3655 4178 omnibus

2080 4222 2287 4291 liquido
2311 4227 2528 4274 constat
2561 4216 2899 4286 blasphemia
2931 4234 2945 4268 :
2989 4214 3135 4284 quod
3193 4213 3422 4277 scilicet,
3460 4220 3656 4281 praster-

2083 4313 2252 4366 Deum
2281 4311 2605 4380 ingenitum,
2649 4314 2915 4362 conentur
2951 4303 3302 4373 persuadere,
3336 4303 3472 4356 nihil
3509 4302 3657 4356 aliud

2082 4402 2407 4464 subsistere,
2437 4415 2546 4452 non
2575 4396 2954 4453 exsistentium
2998 4394 3376 4463 figmentorum
3401 4408 3658 4448 sermones

2081 4504 2136 4550 et
2195 4494 2555 4562 probamento
2590 4504 2686 4557 per
2729 4487 2912 4541 varios
2953 4493 3006 4539 et
3058 4487 3324 4539 obscuros
3373 4483 3653 4541 anfractus

405 4582 654 4646 deducto,
683 4593 737 4639 et
765 4585 897 4637 nulli
933 4598 1145 4641 eorum,
1183 4599 1304 4652 qua:
1325 4584 1626 4639 secundum
1651 4585 1732 4640 rei
1768 4584 2050 4640 veritatem
2086 4585 2418 4644 subsistunt,
2441 4580 2655 4634 innixo.
2722 4577 2788 4631 Et
2858 4583 3088 4631 conatus
3160 4565 3378 4645 quidem
3437 4591 3649 4641 eorum,

405 4677 492 4743 qui
521 4677 661 4729 hanc
705 4675 1014 4728 doctrinam
1073 4683 1397 4744 propagant,
1437 4675 1544 4728 huc
1593 4675 1887 4743 impietatis
1921 4685 1974 4729 et
2012 4674 2372 4731 absurditatis
2399 4670 2729 4741 prorumpit.

471 4767 704 4820 Διδόσθω
755 4766 812 4818 δὲ
852 4765 972 4818 καθ’
1021 4765 1274 4818 ὑπόθεσιν
1318 4768 1391 4836 μὴ
1436 4766 1608 4829 οὕτως
1655 4766 1816 4838 ἔχειν.
1859 4766 1969 4818 Καὶ

2145 4765 2440 4819 Faciamus
2483 4761 2887 4830 tamen,posita
2918 4759 3230 4830 hypothesi,
3280 4774 3396 4812 rem
3425 4772 3533 4812 non
3573 4758 3648 4812 ita

407 4858 511 4931 γὰρ
551 4856 871 4927 ὁμολογοῦσι
915 4856 1072 4926 δῆθεν
1107 4856 1200 4908 καὶ
1229 4855 1474 4926 τῷλόγῳ
1505 4855 1973 4928 φιλανθρωπεύον-

405 4969 490 5004 ται
524 4947 931 5018 συγχωροῦντες
961 4943 1098 4998 εἶναι
1139 4947 1216 5015 τῷ
1251 4949 1528 5015 μονογενεῖ
1568 4947 1681 5016 Υἱῷ
1762 4947 1855 4999 καὶ
1897 4945 1974 5015 τῷ

407 5043 679 5113 Πνεύματι
723 5042 800 5110 τῷ
849 5041 988 5111 ἀγίῳ
1030 5041 1147 5093 κατ’
1198 5040 1331 5093 ἰδίαν
1377 5039 1689 5091 ὑπόστασιν.
1744 5039 1882 5091 Ἀλλ’
1926 5041 1974 5090 εί

410 5133 504 5202 μὲν
551 5131 935 5200 ὁμολογοῦντες
972 5130 1144 5182 ταῦτα
1165 5170 1178 5192 ,
1218 5130 1308 5181 καὶ
1341 5129 1438 5191 τὰς
1470 5129 1594 5198 περὶ
1631 5129 1810 5181 αὑτῶν
1845 5130 1977 5181 ὑπο-

407 5221 590 5292 λήψεις
621 5220 1050 5290 συνωμολόγουν,
1077 5221 1183 5272 οὐδ’
1213 5219 1278 5271 ἂν
1310 5218 1575 5287 ἐμάχοντο
1601 5219 1814 5279 πάντως
1847 5217 1974 5288 περὶ

405 5314 464 5367 τὸ
499 5315 676 5383 δόγμα
717 5313 814 5381 τῆς
865 5310 1214 5380 Ἐκκλησίας,
1259 5310 1380 5362 οὑδέ
1412 5309 1512 5379 τῆς
1542 5309 1724 5378 κοινῆς
1765 5308 1974 5370 ἐλπίδος

403 5406 510 5458 τῶν
560 5402 902 5474 Χριστιανῶν
950 5403 1334 5472 ἀπεσχίζοντο·
1382 5404 1428 5454 εί
1460 5402 1516 5454 δὲ
1560 5400 1808 5470 καθάπερ
1843 5400 1973 5467 ὕλην

404 5498 556 5563 τινὰ,
591 5498 686 5551 καὶ
730 5495 982 5566 ἀφορμὴν
1030 5495 1371 5566 βλασφημίας
1399 5496 1610 5555 ἐαυτοῖς
1644 5492 1970 5546 ὑποϐάλλον-

2083 4872 2142 4911 se
2169 4855 2367 4908 habere
2404 4853 2642 4908 :ctenim
2677 4853 2842 4906 verbo
2880 4849 3101 4919 quidem
3135 4849 3488 4904 humaniores
3515 4864 3655 4902 non-

2082 4945 2217 4999 nihil
2250 4951 2398 5007 sunt,
2433 4941 2857 5010 eoneeduntque
2876 4940 3159 5008 unigenito
3185 4937 3321 4992 Filio
3347 4947 3400 4992 et
3419 4935 3654 5006 Spiritui

2083 5045 2273 5091 sancto
2307 5034 2584 5104 propriam
2628 5032 2951 5102 hypostasin
2988 5040 3042 5085 et
3101 5030 3546 5086 subsistentiam.
3585 5027 3654 5077 At

2083 5129 2129 5182 si
2157 5129 2271 5182 haec
2299 5142 2410 5181 non
2443 5124 2840 5186 inliciarentttr,
2877 5136 3340 5190 communemque
3392 5118 3461 5171 de
3513 5115 3653 5183 ipsis

2081 5221 2547 5276 existimationem
2579 5218 2973 5287 approbarent,
3008 5215 3198 5283 utique
3228 5227 3341 5264 non
3376 5207 3648 5260 adversa-

2080 5321 2271 5368 rentur
2303 5311 2559 5366 Ecelesiaa
2593 5309 2648 5362 in
2673 5309 2779 5363 isto
2803 5306 3079 5374 dogmate,
3107 5316 3284 5369 neque
3309 5315 3336 5350 a
3363 5298 3652 5352 communi

2081 5402 2519 5457 Christianorum
2550 5414 2647 5468 spe
2678 5413 2799 5452 sese
2842 5393 3256 5464 abjunxissent:
3294 5389 3338 5442 si
3386 5400 3514 5442 vero
3549 5401 3652 5442 ceu

2088 5492 2369 5546 materiam
2411 5495 2465 5544 et
2505 5485 2923 5542 fundamentum
2980 5476 3333 5547 blasphemia:
3376 5490 3487 5532 suae
3521 5475 3653 5533 sub-

477 5676 557 5749 (a)
617 5673 833 5731 Profert
887 5673 1033 5726 hunc
1085 5671 1269 5725 locum
1322 5669 1596 5742 Cypariss.
1655 5670 1846 5727 decad.
1893 5685 1948 5734 x,
1973 5681 2092 5738 cap.
2135 5668 2189 5722 4.

743 5795 1015 5860 ΡΑτιιοι..
1063 5795 1180 5858 Gn.
1226 5792 1420 5854 XLV.

3305 5772 3376 5832 11
