4064 6146
394 342 514 397 ’⁸551

1663 352 1719 405 S.
1746 351 2070 407 GltEGOllll
2112 351 2403 409 NYSSENI

3555 353 3660 408 ’539

421 463 657 514 struant.
690 453 825 510 Filio
860 467 912 511 et
936 455 1170 529 Splritul
1209 468 1401 515 sancto
1445 464 1825 520 exsistentiam
1877 467 1973 520 lar-

2088 484 2207 532 τες,
2253 467 2339 521 διὰ
2375 465 2533 520 τοῦτο
2581 465 2658 536 τῷ
2692 467 2832 538 Υἱῷ,
2868 467 2960 520 καὶ
3004 467 3082 537 τῷ
3115 465 3390 536 Πνεῦματι
3419 465 3480 516 τὸ
3521 461 3659 520 εἶναι

421 547 669 614 ginntur,
723 545 996 614 fortassis,
1062 549 1188 604 licet
1236 551 1501 608 audacius
1550 553 1756 608 dictum
1807 555 1982 610 videri

417 644 620 704 queat,
659 637 1064 697 conducibilius
1090 642 1231 711 ipsis
1253 652 1420 707 esset,
1475 645 1725 715 abjurata
1761 645 1886 710 ﬁde,
1915 645 1983 700 ad

416 725 728 780 Judaeorum
763 730 972 784 cultum
1027 733 1286 800 transire,
1335 751 1500 804 quam
1544 737 1984 791 Christianorum

418 834 614 872 nomen
637 827 689 873 et
732 820 1132 889 professionem
1177 840 1274 894 per
1301 829 1732 882 commentitiam
1765 827 1984 882 confes-

415 911 628 964 sionem
694 913 917 967 violare.
968 912 1048 967 Illi
1086 916 1228 968 enim
1285 915 1405 971 tidei
1474 903 1656 988 hujus’
1701 919 1983 988 hucusque

413 1010 683 1070 expertes,
709 1004 763 1057 in
796 1020 861 1058 eo
903 1013 1114 1060 tantum
1168 1009 1446 1080 impietate
1484 997 1779 1074 notantur,
1831 1009 1980 1079 quod

412 1094 662 1146 abnuunt
693 1095 939 1150 confiteri
993 1096 1274 1153 Christum
1311 1101 1422 1168 jam
1454 1100 1710 1167 venisse;
1751 1109 1805 1154 at
1848 1116 1980 1154 ven-

415 1189 597 1234 turum
641 1194 888 1251 sperant,
941 1202 1122 1256 neque
1159 1189 1452 1258 quisquam
1489 1207 1516 1243 a
1549 1204 1821 1259 quoquam
1856 1191 1982 1245 illo-

414 1288 532 1326 rum
570 1275 719 1328 audit
749 1277 1073 1331 sententiam
1110 1295 1446 1348 perversam,
1482 1291 1537 1335 et
1584 1296 1708 1350 qua
1739 1281 1977 1334 debitam

411 1364 900 1431 existimationem,
952 1383 1114 1437 quam
1172 1369 1375 1423 habent
1409 1370 1476 1423 de
1518 1369 1633 1431 illo,
1679 1385 1841 1438 quem
1883 1384 1980 1423 ex-

414 1462 690 1523 spectant,
747 1458 917 1510 tollat.
978 1457 1074 1512 Isti
1122 1475 1254 1514 vero
1310 1475 1463 1514 nova:
1513 1459 1976 1521 circumcisionis,

413 1546 495 1599 vel
534 1547 733 1614 potius,
793 1558 852 1601 ut
915 1549 1207 1618 Apostolus
1261 1550 1579 1618 loquitur",
1639 1550 1975 1615 concisionis,

411 1653 556 1701 eum,
598 1639 691 1708 qui
748 1642 1171 1710 exspectabatur
1226 1643 1447 1696 venisse
1496 1657 1604 1694 non
1663 1641 1978 1694 inﬁciantur

412 1729 668 1796 quidem;
712 1729 997 1784 imitantur
1035 1740 1214 1786 autem
1253 1733 1394 1795 illos,
1421 1733 1510 1801 qui
1538 1731 1747 1785 Domini
1780 1747 1976 1786 secunc

2087 553 2395 626 χαρίζονται
2421 554 2581 624 τάχα,
2600 553 2701 606 κᾶν
2725 553 2992 624 τολμηρὸν
3017 556 3188 606 εἰπεῖν
3211 550 3268 624 ᾖ,
3296 554 3664 606 λυσιτελέστε-

2090 663 2178 715 ρον
2203 641 2270 715 ἦν
2303 646 2482 708 αὐτοῖς
2521 643 2886 714 αὐτομολῆσαι
2933 645 3067 714 πρὸς
3101 644 3199 712 τὴν
3237 642 3346 695 τῶν
3388 644 3657 698 Ἰουδαίων

2084 736 2336 807 λατρείαν
2383 736 2802 806 ὲξομοσαμένοις
2849 736 2947 805 τὴν
2992 735 3194 799 πίστιν,
3234 733 3266 804 ἢ
3303 733 3653 805 καθυϐρίζειν

2083 825 2170 879 διὰ
2217 828 2316 897 τῆς
2364 826 2625 896 δοκούσης
2665 828 2954 898 ὁμολογίας
3007 827 3114 880 τῶν
3166 827 3506 895 Χριστιανῶν
3557 828 3656 898 τὴν

2086 917 2475 987 προσηγορίαν.
2543 918 2765 970 Ἐκεῖνοι
2828 918 2925 987 μὲν
2977 915 3086 988 γὰρ
3138 917 3501 987 ἀπαράδεκτοι
3559 916 3655 970 τοῦ

2083 1005 2240 1072 λόγου
2270 1005 2429 1077 μέχρι
2448 1005 2540 1058 τοῦ
2564 1006 2656 1059 νῦν
2687 1006 3078 1075 διαμείναντες,
3109 1006 3360 1058 τοσοῦτον
3389 1005 3645 1058 ἀσεϐοῦσι

2086 1097 2265 1167 μόνον,
2295 1097 2417 1149 ὅσον
2455 1097 2544 1149 τὸν
2577 1097 2796 1151 ἐλθόντα
2827 1097 3059 1168 Χριστὸν
3092 1097 3164 1168 μὴ
3195 1097 3493 1166 ὁμολογεῖν,
3535 1097 3652 1150 ἀλλ’

2082 1187 2320 1252 ἐλπίζειν
2351 1187 2663 1241 ἐλεύσεσθαι
2684 1207 2698 1220 ·
2733 1188 2975 1260 πονηρὰν
3001 1189 3056 1241 δέ
3089 1205 3208 1242 τινα
3227 1228 3241 1249 ,
3277 1189 3368 1241 καὶ
3394 1189 3653 1258 καθαιρε-

2080 1282 2237 1350 τικὴν
2276 1281 2484 1335 ἔννοιαν
2511 1281 2610 1350 τῆς
2655 1280 2748 1333 τοῦ
2796 1281 3240 1351 προσδοκωμένου
3292 1283 3420 1350 παρ’
3471 1281 3653 1343 αὐτοῖς

2080 1369 2237 1441 δόξης
2280 1371 2532 1441 οὐδεμίαν
2586 1371 2699 1423 ἔστι
2745 1371 3009 1438 λεγόντων
3067 1371 3316 1424 ἀκούειν·
3367 1373 3415 1424 οἱ
3451 1371 3506 1423 δὲ
3553 1371 3652 1440 τῆς

2080 1460 2205 1522 νέσις
2257 1462 2586 1531 περιτομῆς,
2651 1460 2848 1529 μᾶλλον
2898 1461 2954 1513 δέ
3002 1460 3129 1530 τῆς,
3190 1459 3370 1523 καθώς
3419 1478 3582 1530 φησιν
3619 1460 3649 1512 ὁ

2093 1551 2436 1614 ’Λπόστολος,
2489 1549 2866 1618 κατατομῆς,
2914 1549 3229 1620 ἐληλυθέναι
3275 1551 3371 1620 μὲν
3404 1551 3502 1603 οὑκ
3545 1552 3647 1622 ἀρ-

2067 1641 2292 1694 νοῦνται
2324 1642 2414 1695 τὸν
2450 1641 2892 1712 προσδοκώμενον
2915 1657 2927 1670 ·
2976 1641 3263 1712 μιμοῦνται
3292 1640 3346 1692 δὲ
3396 1642 3512 1704 τοὺς
3547 1641 3648 1710 τὴν

2080 1731 2220 1784 κατά
2259 1731 2434 1802 σάρκα
2483 1731 2574 1783 τοῦ
2607 1732 2809 1802 Κυρίου
2843 1733 3144 1801 παρουσίαν
3183 1731 3248 1784 δι’
3274 1732 3528 1794 ἀπιστίας
3555 1731 3652 1783 καὶ

412 1818 540 1871 dum
592 1835 810 1875 carnem
865 1823 1230 1891 prasentiam,
1284 1839 1380 1892 per
1436 1823 1866 1877 incredulitatem
1913 1830 1967 1874 et

2080 1821 2288 1893 ῦϐρεως
2319 1822 2677 1892 ἀτιμάζοντας
2702 1838 2714 1851 ·
2751 1823 2948 1874 ἐκεῖνοι
2997 1820 3165 1884 λίθοις
3210 1821 3389 1890 βαλεῖν
3437 1823 3652 1892 ἐπεχεί-

412 1909 669 1977 injuriam
736 1908 1172 1978 inhonoraru'nt;
1230 1913 1307 1967 illi
1368 1912 1658 1968 Dominum
1702 1913 1974 1984 lapidibus

411 2002 642 2056 obruere
673 2005 1094 2070 conabantur",
1133 2006 1222 2060 isti
1255 2006 1436 2076 impiis
1463 2014 1518 2060 et
1550 2007 1774 2061 nefariis
1825 2006 1976 2059 voci-

387 2094 514 2144 ‘lms
551 2095 798 2149 veritatis
838 2111 1145 2149 sermonem
1197 2097 1460 2158 obruunt,
1505 2106 1557 2151 et
1583 2099 1739 2164 quasi
1784 2095 1978 2164 lapidi-

411 2181 513 2234 lnts
535 2183 827 2250 sepeliunt.
873 2185 955 2236 Illi
987 2185 1318 2253 objiciehant
1351 2187 1715 2240 humilitatem
1750 2193 1803 2240 et
1834 2185 1974 2255 abje-

412 2272 644 2324 ctionem
690 2275 1053 2339 generationis
1080 2275 1382 2328 secundum
1404 2291 1621 2329 carnem
1647 2277 1715 2339 δο,
1751 2276 1972 2329 minime

412 2362 687 2430 progressi
724 2363 788 2416 ad
825 2364 1066 2418 divinam
1099 2366 1242 2418 illam
1301 2373 1354 2419 et
1404 2367 1842 2420 antcsaecularem
1876 2380 1974 2418 na-

411 2454 676 2508 tivitatem
716 2474 729 2509 :
773 2456 1024 2510 similiter
1063 2467 1116 2511 et
1149 2457 1235 2511 isti
1288 2459 1618 2528 abnegantes
1669 2457 1975 2511 confessio-

413 2561 535 2598 nem
565 2547 863 2615 magniﬁca:
922 2549 1090 2609 illius,
1153 2550 1402 2603 sublimis
1455 2558 1508 2603 et
1566 2549 1853 2603 ineﬂ'abilis
1910 2565 1975 2604 ex

410 2633 572 2689 Patre
606 2637 996 2703 generationis,
1029 2637 1299 2692 afﬁrmant
1330 2639 1478 2691 illum
1509 2655 1603 2708 per
1632 2641 1971 2694 creationem

417 2739 543 2778 esse
571 2728 872 2794 accepisse,
909 2744 972 2781 ex
1007 2745 1114 2796 qua
1171 2729 1404 2782 lnnnana
1457 2731 1710 2798 quaelibet
1754 2737 1972 2794 natura,

409 2825 462 2868 et
495 2818 674 2869 omnia
699 2833 819 2886 quae
850 2817 987 2871 facta
1018 2829 1165 2882 sunt,
1193 2819 1456 2888 originem
1493 2820 1726 2874 ducunt.

480 2914 648 2977 ὤσει-ο
706 2907 957 2963 ferebant
1004 2909 1179 2964 Judmi
1234 2911 1520 2965 Dominum
1565 2919 1813 2966 nostrum
1851 2927 1974 2968 esse

410 2997 604 3052 Filium
637 2997 810 3063 Dei“,
849 3001 936 3054 cui
969 3002 1154 3055 omnia
1179 3011 1391 3071 parent.
1425 3001 1781 3071 indignantur
1803 3012 1856 3056 et
1885 3001 1974 3056 isti

2083 1931 2206 1985 ρουν
2237 1914 2326 1966 τὸν
2359 1913 2564 1983 Κύριον
2591 1929 2603 1942 ·
2635 1907 2779 1966 οὗτοι
2811 1915 2926 1974 ταῖς
2953 1910 3287 1982 βλασφήμοις
3321 1913 3522 1979 φωναῖς
3563 1911 3652 1965 τὸν

2077 2006 2175 2076 τῆς
2220 2003 2474 2074 ἀληθείας
2528 2003 2682 2070 λόγον
2735 2001 3205 2063 καταλιθάζουσιν.
3250 2001 3474 2052 Ἐκεῖνοι
3513 2015 3651 2069 προ-

2079 2095 2272 2164 έφερον
2298 2096 2393 2165 τῆς
2425 2095 2563 2147 κατὰ
2585 2095 2758 2164 σάρκα
2795 2094 3093 2163 γεννήσεως
3111 2091 3170 2144 τὸ
3189 2091 3437 2144 ταπεινόν
3465 2107 3525 2142 τε
3553 2091 3650 2142 καὶ

2076 2185 2294 2249 ἄδοξον,
2342 2186 2437 2256 τὴν
2480 2185 2627 2238 θείαν
2707 2187 2799 2239 καὶ
2845 2183 3166 2255 προαιώνιον
3209 2183 3270 2236 οὑ
3304 2182 3649 2254 προσιέμενοι

2066 2276 2325 2346 γέννησιν
2349 2294 2361 2308 ·
2387 2278 2526 2331 κατὰ
2555 2277 2725 2330 ταῦτα
2755 2276 2848 2330 καὶ
2873 2268 3015 2329 οῦτοι
3043 2275 3140 2344 τῆς
3170 2272 3646 2345 μεγαλοπρεποῦς,

2078 2369 2170 2420 καὶ
2204 2369 2430 2438 ὑψηλῆς,
2462 2367 2553 2421 καὶ
2590 2369 2829 2438 ἀρρήτου
2861 2370 2922 2420 ἐκ
2955 2367 3168 2436 Πατρὸς
3201 2367 3509 2434 γεννήσεως
3547 2363 3648 2435 τὴν

2073 2460 2362 2530 ὁμολογίαν
2396 2459 2744 2530 ἀρνούμενοι,
2795 2457 2882 2510 διὰ
2927 2457 3152 2519 κτίσεως
3205 2458 3364 2510 αὑτὸν
3403 2457 3544 2526 ἔχειν
3585 2455 3648 2508 τὺ

2077 2547 2213 2602 εἶναι
2238 2549 2736 2612 κατασκευάζουσιν
2758 2567 2770 2579 ·
2794 2547 2914 2601 ὅθεν
2936 2550 3027 2602 καὶ
3051 2552 3116 2618 τῇ
3134 2547 3228 2600 ἀνθ
3239 2547 3440 2618 ρωπίνῃ
3465 2547 3643 2616 φύσει,

2071 2641 2172 2695 καὶ
2207 2642 2338 2694 πᾶσι
2365 2643 2475 2704 τοῖς
2501 2641 2777 2708 γεγονόσιν
2805 2641 2950 2692 ἐστὶν
2979 2643 3012 2710 ἡ
3039 2639 3266 2707 γένεσις.

2151 2911 2442 2981 Ἔγκλημα
2488 2913 2599 2974 τοῖς
2655 2909 2925 2972 Ἰουδαίοις
2971 2905 3071 2980 ἦν,
3104 2911 3192 2972 τὸ,
3249 2909 3374 2962 Υίὺν
3405 2907 3497 2961 τοῦ
3554 2907 3648 2962 ἐπὶ

2077 3002 2290 3058 πάντων
2323 3001 2456 3056 Θεοῦ
2496 3001 2833 3072 θεωρηθῆναι
2884 3001 2972 3054 τὸν
3007 3000 3209 3072 Κύριον
3233 3018 3247 3031 ·
3281 3000 3647 3068 ἀγανακτοῦσι

409 3091 675 3144 adversus
708 3090 852 3153 illos,
877 3093 968 3161 qui
995 3092 1137 3146 hanc
1163 3093 1569 3147 confessionem
1605 3093 1673 3148 de
1711 3093 1849 3146 Filio
1889 3093 1973 3146 in-

2077 3095 2168 3146 κα)⁵
2199 3087 2344 3145 οὗτοι
2372 3093 2513 3145 κατά
2538 3093 2644 3145 τῶν
2671 3095 2728 3146 ἐν
2761 3093 2986 3162 ἀληθείᾳ
3013 3094 3108 3163 τὴν
3132 3093 3421 3164 ὁμολογίαν
3444 3093 3646 3162 ταύτην

407 3180 668 3234 violatam
726 3182 1066 3236 custodiunt.
1118 3181 1196 3235 Illi
1253 3185 1521 3252 putabant
1576 3198 1635 3238 se
1695 3183 1972 3239 honorare

407 3269 643 3332 Patrem,
677 3271 724 3325 si
753 3271 820 3325 ab
846 3272 1156 3341 mqualitate
1182 3271 1408 3328 honoris
1445 3282 1498 3326 et
1539 3273 1843 3342 majestatis
1880 3273 1969 3329 Fi-

407 3361 539 3414 lium
576 3362 961 3426 excluderent;
994 3363 1083 3416 isti
1113 3362 1276 3415 etiam
1305 3363 1606 3432 gratiﬁcari
1651 3379 1710 3417 se
1733 3364 1970 3418 credunt

406 3454 790 3507 universorum
825 3453 956 3516 Deo,
989 3455 1034 3507 si
1064 3455 1261 3508 tollant
1294 3456 1626 3509 etaboleant
1656 3455 1971 3524 opinionem

407 3547 548 3597 hanc
587 3545 654 3598 de
677 3543 836 3607 Filio,
874 3543 1023 3598 Patri
1061 3546 1162 3599 soli
1188 3546 1288 3600 hoc
1321 3546 1530 3603 honore
1571 3556 1880 3612 reservato,
1914 3557 1971 3603 ut

408 3642 619 3687 taceam
655 3635 705 3687 id
733 3650 906 3703 genus
941 3635 1068 3696 alia,
1099 3652 1218 3705 qua:
1256 3638 1379 3705 quis
1405 3653 1502 3707 pro
1518 3638 1786 3707 dignitate
1815 3655 1974 3694 enar-

407 3727 542 3781 ret?
591 3727 793 3796 quibus
839 3742 991 3781 suam
1036 3728 1296 3784 adversus
1358 3728 1707 3801 Unigenitum
1749 3731 1841 3786 Dei
1879 3731 1968 3785 Fi-

409 3817 542 3871 lium
585 3817 838 3886 injuriam
865 3827 916 3871 et
941 3821 1326 3874 contumeliam
1373 3825 1640 3891 produnt;
1677 3823 1970 3876 confictam

406 3907 781 3977 operationem
815 3907 1107 3976 quamdam
1139 3910 1545 3978 productricem
1593 3910 1972 3965 subsistentia:

405 3997 610 4052 Christi
643 3997 1147 4062 comminiscentes,
1189 4000 1422 4068 ejusque
1462 4015 1600 4068 opus
1635 4006 1688 4054 et
1717 3999 1969 4054 eﬂ‘ectum

404 4091 585 4158 ipsum
630 4105 757 4145 esse
807 4089 1355 4159 allirtnantes:quod
1414 4105 1660 4146 asserere
1703 4093 1972 4146 hactenus

404 4179 575 4234 Judaei
602 4182 722 4236 ausi
754 4197 862 4236 non
898 4183 1141 4238 fuerunt.
1168 4180 1372 4238 Deinde
1402 4182 1736 4237 concludunt
1779 4190 1835 4238 et
1869 4184 1971 4238 cir-

407 4273 792 4326 cumscribunt
821 4272 1033 4328 Domini
1065 4283 1314 4328 naturam
1344 4275 1594 4330 terminis
1644 4275 1968 4344 quibusdam

403 4371 457 4417 et
486 4364 752 4419 limitibus
776 4365 895 4434 ejus
925 4364 1223 4430 facultatis,
1266 4378 1436 4436 a‘qna
1465 4367 1734 4436 producta
1762 4375 1865 4432 est,
1888 4368 1972 4421 in-

2075 3187 2160 3238 ἐπ⁹
2213 3184 2375 3238 αὑτοῦ
2421 3183 2774 3254 ποιουμένων.
2824 3185 3078 3237 Κάκεῖνοι
3122 3187 3284 3255 τιμᾷν
3332 3183 3496 3254 ᾤοντο
3554 3184 3647 3237 τὸν

2063 3274 2204 3326 Θεὸν
2240 3273 2346 3326 τῶν
2387 3273 2541 3338 ὅλων,
2574 3274 2673 3344 τῆς
2704 3274 2838 3344 πρὸς
2864 3275 3025 3328 αὑτὸν
3062 3275 3346 3345 ὁμοτιμίας
3379 3275 3466 3328 τὸν
3516 3275 3646 3328 Ῥίον

2064 3363 2483 3424 ἀποκλείοντες·
2530 3361 2698 3416 ταῦτα
2741 3363 2836 3415 καὶ
2880 3358 3021 3417 οῦτοι
3069 3364 3146 3434 τῷ
3179 3364 3271 3418 ἐπὶ
3299 3365 3516 3418 πάντων
3543 3382 3647 3434 χα-

2077 3453 2340 3526 ρίζονται,
2370 3453 2427 3504 ἐν
2451 3455 2516 3522 τῇ
2557 3453 2871 3522 καθαιρέσει
2909 3455 3004 3524 τῆς
3029 3453 3122 3506 τοῦ
3150 3455 3362 3524 Κυρίου.
3386 3454 3543 3524 δόξης
3565 3454 3645 3524 τῷ

2074 3544 2246 3614 Πατρὶ
2285 3543 2381 3612 τὴν
2412 3543 2574 3614 τιμὴν
2604 3543 2982 3614 χαριζόμενοι.
3015 3544 3095 3596 Τά
3134 3545 3190 3596 δὲ
3237 3545 3390 3608 ἄλλα,
3433 3545 3549 3607 πῶς
3576 3546 3645 3598 ἄν

2072 3651 2154 3697 τις
2181 3634 2314 3704 πρὸς
2349 3633 2502 3700 ἀξίαν
2525 3633 2778 3697 διεξέλθοι
2799 3651 2812 3698 ;
2835 3635 2900 3687 δι’
2940 3636 3078 3688 ὅσων
3105 3635 3196 3689 καὶ
3235 3636 3360 3700 οἴων
3376 3635 3473 3705 τὴν
3501 3637 3645 3689 κατά

2072 3727 2165 3779 τοῦ
2195 3725 2530 3793 Μονογενοῦς
2576 3724 2730 3795 ὓϐριν
2779 3727 3172 3781 ἐνδείκνυνται·
3209 3728 3490 3798 ἐνέργειάν
3523 3747 3645 3782 τινα

2071 3818 2614 3889 προαναπλάσσοντες
2659 3818 2759 3888 τῆς
2810 3817 2902 3871 τοῦ
2968 3819 3203 3890 Χριστοῦ
3257 3819 3642 3885 ὑποστάσεως,

2073 3910 2283 3981 ἐκείνης
2340 3910 2497 3980 ἔργον
2553 3909 2712 3962 αὑτὸν
2785 3910 2893 3962 καὶ
2950 3908 3299 3979 ἀποτέλεσμα
3358 3909 3640 3978 λέγουσιν·

2070 4002 2209 4073 ὅπερ
2249 4003 2360 4064 τοῖς
2411 4000 2682 4063 Ἰουδαίοις
2731 3998 2884 4053 οῦπω
2943 4001 3100 4071 μέχρι
3146 3999 3236 4052 τοῦ
3270 3999 3427 4071 δεῦρο
3463 4000 3648 4053 τετόλ-

2078 4108 2274 4162 μηται·
2334 4085 2450 4144 εἶτα
2499 4089 2897 4160 περιγράφουσι
2934 4089 3024 4141 τοῦ
3069 4089 3273 4160 Κυρίου
3321 4090 3420 4161 τὴν
3458 4090 3643 4158 φύσιν,

2073 4181 2222 4244 ἐντὸς
2267 4181 2406 4251 ὅρων
2437 4180 2597 4232 τινῶν
2631 4179 2727 4249 τῆς
2760 4179 3131 4250 ποιησαμένης
3168 4180 3444 4250 δυνάμεως
3481 4179 3645 4233 αὑτὸν

2074 4272 2450 4334 ἀποκλείοντες
2473 4286 2488 4300 ·
2534 4271 2626 4323 καὶ
2673 4271 2833 4322 οἱονεὶ
2879 4269 3060 4340 μέτρῳ
3108 4269 3214 4322 τινὶ
3240 4272 3306 4339 τῇ
3353 4269 3641 4338 ποσότητι,

2073 4363 2169 4433 τῆς
2216 4361 2668 4432 ὑποστησαμένης
2704 4359 2865 4413 αὑτὸν
2897 4359 3176 4429 ἐνεργείας
3217 4359 3646 4429 περισχοινίζον-

404 4473 570 4527 super
604 4457 937 4526 perfectione
968 4467 1022 4512 et
1047 4460 1311 4528 qualitate
1338 4459 1583 4522 virtutis,
1614 4473 1682 4512 ac
1709 4461 1969 4527 potentia

2076 4471 2190 4518 τες,
2224 4454 2409 4525 ὥσπερ
2447 4451 2632 4523 χιτῶνί
2659 4468 2764 4504 τινι
2799 4453 2865 4522 τῇ
2915 4450 3260 4521 ἐπινοηθείσῃ
3302 4453 3429 4520 παρ’
3461 4451 3646 4503 αὐτῶν

405 4549 800 4618 productricis,
835 4550 986 4604 velut
1016 4566 1275 4607 mensura
1295 4560 1349 4606 et
1373 4551 1682 4620 quantitate
1729 4551 1970 4621 quadam

403 4653 528 4690 cum
561 4637 945 4705 dimetiuntur,
980 4646 1034 4693 et
1056 4640 1205 4694 velut
1243 4641 1430 4694 tunica
1459 4641 1717 4710 quadam,
1751 4640 1974 4710 energia

405 4729 472 4781 ab
505 4729 639 4796 ipsis
672 4733 980 4800 excogitata
1022 4731 1264 4800 undique
1294 4741 1598 4785 coarctant.
1648 4731 1705 4788 In
1734 4732 1821 4787 his
1861 4747 1974 4786 non

405 4835 700 4890 possumus
721 4835 987 4878 accusare
1021 4819 1268 4876 Jndzeos.

472 4909 742 4965 Praeterea
800 4914 1238 4968 contractionem
1309 4913 1603 4983 quamdam
1667 4917 1968 4972 secundum

405 4998 842 5054 imminutionem
861 5002 916 5056 in
929 5000 1234 5057 substantia
1248 5004 1426 5063 inesse
1439 5007 1830 5079 cogitant,cum
1841 5049 1856 5074 ,
1871 5022 1970 5062 ne-

404 5090 522 5146 sclo
551 5104 658 5160 qua
681 5090 1050 5156 ratione,eum
1080 5093 1174 5160 qui
1205 5095 1346 5145 mole
1379 5101 1433 5146 et
1477 5096 1855 5163 magnitudine
1876 5109 1969 5149 ca-

403 5183 646 5242 ret,suis
673 5180 1105 5252 cogitationibus
1139 5190 1194 5236 et
1228 5185 1684 5252 persuasionibus
1731 5185 1970 5238 metian-

404 5282 524 5327 tur:
547 5283 600 5326 at
631 5271 910 5344 quo-nodo
938 5273 1181 5341 reperire
1212 5281 1436 5343 queant,
1458 5283 1727 5344 quantum
1762 5277 1829 5330 ad
1857 5277 1967 5330 vir-

403 5367 536 5420 tutis
570 5363 961 5435 perfectionem
978 5364 1117 5419 desit
1149 5365 1444 5434 Uuigenito
1487 5364 1658 5429 Filio,
1697 5382 1808 5435 quo
1841 5383 1967 5422 cum

403 5457 700 5514 destitutus
760 5459 867 5522 sit,
906 5457 964 5514 in
1022 5456 1217 5512 minori
1270 5464 1324 5511 et
1379 5456 1768 5526 imperfectiori
1824 5467 1966 5515 statu

404 5551 962 5608 versatur?utsileam
985 5550 1036 5606 id
1063 5566 1235 5622 genus
1279 5549 1380 5603 alia
1433 5550 1688 5620 plurima,
1733 5567 1964 5621 quorum

479 5659 523 5689 ³⁸
550 5655 782 5729 Philipp.
832 5675 913 5729 in,
958 5661 1010 5714 '5.
1069 5660 1110 5693 ⁸⁹
1161 5659 1318 5716 Joan.
1361 5659 1604 5725 vnr,59;
1649 5675 1700 5727 κ,
1739 5659 1827 5714 51.

407 5727 562 5783 Joan.
587 5742 701 5792 xix,

2070 4547 2318 4616 ἐνεργείᾳ
2349 4543 2683 4614 πανταχόθεν
2712 4543 3170 4614 περιειργόμενον.
3198 4541 3378 4595 Ταῦτα
3402 4559 3643 4612 κατηγο-

2075 4639 2186 4707 ρεῖν
2210 4635 2317 4688 τῶν
2357 4634 2623 4688 Ἰουδαίων
2653 4634 2750 4686 οὑκ
2782 4632 2997 4704 ἔχομεν.

2145 4904 2281 4964 Εἶτα
2316 4907 2628 4978 βραχύτητά
2654 4923 2771 4959 τινα
2797 4909 2862 4976 τῇ
2894 4905 3050 4976 οὐσίᾳ
3084 4906 3200 4958 κατ’
3231 4905 3521 4958 ἐλάττωσιν
3554 4905 3645 4958 ἐν-

2076 4999 2400 5076 θεωροῦσιν·
2443 5000 2542 5052 οὐκ
2568 4994 2683 5051 οἶδα
2710 4998 2813 5050 τίνι
2847 4997 3051 5068 μεθόδῳ
3075 4997 3164 5050 τὸν
3199 4997 3398 5051 ἀποσόν
3443 5014 3504 5050 τε
3550 5000 3647 5051 καὶ

2074 5090 2319 5163 ἀμεγέθη
2347 5092 2413 5161 τῇ
2444 5089 2651 5142 ἑαυτῶν
2683 5088 2948 5157 ὑπολήψει
2978 5088 3478 5160 περιμετρήσαντες
3496 5130 3510 5152 ,
3551 5089 3646 5142 καὶ

2075 5185 2252 5255 εὑρεῖν
2277 5182 2593 5252 δυνηθέντες
2619 5181 2782 5234 πόσον
2816 5180 2957 5234 ἐνδεῖ
2994 5179 3072 5250 τῷ
3103 5180 3320 5250 μεγέθει
3348 5180 3441 5233 τοῦ
3472 5179 3642 5234 Μονο-

2075 5274 2264 5345 γενοῦς
2287 5273 2423 5327 Θεοῦ
2460 5273 2598 5344 πρὸς
2645 5272 2743 5344 τὴν
2777 5271 3084 5325 τελείωσιν·
3130 5264 3192 5323 οῦ
3230 5269 3303 5342 μὴ
3352 5272 3645 5342 προσόντος

2075 5371 2132 5422 ἐν
2162 5367 2240 5438 τῷ
2279 5365 2585 5437 μικροτέρῳ
2610 5381 2668 5416 τε
2694 5363 2787 5416 καὶ
2815 5362 2993 5416 ἀτελεῖ
3019 5362 3324 5433 θεωρεῖται,
3357 5363 3449 5415 καὶ
3474 5361 3646 5415 πολλὰ

2073 5461 2261 5528 ἕτερα,
2295 5457 2364 5510 τὰ.
2404 5458 2499 5527 μὲν
2541 5459 2605 5509 ἐκ
2649 5455 2740 5508 τοῦ
2775 5453 3083 5526 προφανοῦς
3126 5453 3542 5525 ὁμολογοῦντες,
3575 5452 3648 5506 τὰ

2073 5552 2129 5604 δὲ
2167 5549 2304 5604 κατὰ
2345 5547 2405 5600 τὸ
2443 5546 2700 5600 λανθάνον
2731 5546 3246 5610 κατασκευάζοντες,
3281 5542 3638 5615 ἐμμελέτημα

1907 5661 1951 5692 ⁵ο
2017 5660 2205 5715 Matth.
2245 5675 2359 5718 xm,
2422 5655 2514 5722 55;
2563 5655 2725 5711 Marc.
2767 5673 2841 5725 vr,
2875 5658 2928 5713 5.
2986 5655 3250 5711 "Matth.
3306 5669 3476 5722 nm,
3531 5652 3642 5722 45;
