4064 6146
350 325 462 381 335

1492 329 1774 389 CONTRA
1813 334 2198 401 EUNOMIUM,
2239 335 2361 389 LIB.
2404 335 2441 389 Ι.

3499 345 3604 400 53-5

352 445 455 511 τῆς
502 438 765 512 πονηρίας
795 441 999 496 ἐαυτῶν
1043 445 1141 516 τὴν
1181 446 1469 517 ὁμολογίαν
1502 451 1596 505 τοῦ
1625 452 1788 517 Υίοῦ,
1838 455 1931 507 καὶ

2037 454 2205 509 multa
2237 453 2523 508 manifeste
2554 453 2907 520 confitentur,
2965 455 3071 509 alia
3102 468 3232 509 veto
3282 456 3597 512 clanculum

355 533 449 588 τοῦ
471 533 626 603 ἁγίου
650 534 788 588 Πνεύ
798 552 962 605 ματος
983 539 1323 608 ἐποιήσαντο.
1341 541 1464 604 Πῶς
1481 539 1572 595 οὖν
1590 545 1689 596 οὑκ
1710 545 1931 597 ἐλεεινό-

353 643 504 698 τεροι
543 625 642 697 τῆς
686 627 982 700 Ἰουδαϊκῆς
1024 623 1432 701 κατακρίσεως,
1478 633 1634 704 είπερ
1663 635 1728 688 τὰ
1771 636 1931 706 μηδέν-

358 734 489 771 ποτε
539 717 670 788 παρ’
721 719 943 773 ἐκείνων
997 722 1405 794 τετολμημένα,
1461 726 1742 796 προδήλως
1789 727 1932 780 οὕτω

359 809 510 878 παρὰ
535 809 740 861 τούτων
773 813 1268 880 κατασκευάζεται;
1318 815 1375 867 '0
1420 815 1526 887 γὰρ
1564 815 1801 871 ὲλαττῶν
1835 819 1931 889 τὴν

356 899 546 951 οὐσίαν
571 899 664 951 τοῦ
704 902 1039 969 Μονογενοῦς
1069 905 1159 956 καὶ
1187 904 1279 957 τοῦ
1311 906 1464 973 ἁγίου
1492 906 1629 959 Πνεὺ
1639 925 1825 973 ματος,
1857 909 1932 972 ὡς

363 990 461 1060 μὲν
497 993 668 1043 είπεῖν
707 991 739 1062 ἦ
792 992 1054 1059 ἀκοῦσαι,
1089 995 1278 1066 μικρὸν
1319 997 1534 1050 ἀσεϐεῖν
1586 1000 1713 1061 ἴσως
1755 1001 1927 1053 δοκεῖ·

358 1083 405 1133 εί
429 1081 486 1133 δέ
511 1099 594 1144 τις
622 1083 863 1153 ἀκριϐῶς
904 1084 993 1137 τὸν
1029 1086 1182 1154 λόγον
1213 1087 1650 1152 κατεξετάσειεν,
1688 1093 1767 1152 εὶς
1800 1093 1930 1145 αὑτὸ

356 1172 419 1224 τὸ
467 1173 759 1241 κεφάλαιον
793 1175 1123 1246 βλασφημῶν
1163 1178 1574 1249 ἐλεγχθήσεται.
1617 1182 1826 1234 υὺτωσὶ
1872 1183 1928 1235 δὲ

361 1263 753 1332 σκοπήσωμεν,
801 1265 893 1318 καί
939 1283 1028 1334 μοι
1092 1268 1529 1340 συγκεχωρήσθω
1583 1269 1928 1331 διδασκαλίας

361 1345 518 1423 χάριν
550 1354 645 1407 καὶ
687 1357 984 1427 σαφηνείας
1021 1358 1113 1411 τοῦ
1146 1359 1294 1428 παρὰ
1335 1359 1440 1411 τῶν
1475 1361 1727 1414 ἐναντίων
1758 1378 1925 1414 κατα-

361 1445 755 1514 σκευαζομένου
785 1448 1040 1515 ψεύδους,
1091 1449 1184 1502 ἐπὶ
1209 1451 1304 1520 τὴν
1343 1449 1554 1503 ἔκθεσιν
1588 1450 1694 1503 τῶν
1731 1452 1928 1521 ἡμετέ-

360 1548 470 1600 ρων
497 1533 816 1603 ὑπολήψεων
835 1536 924 1588 τὸν
958 1537 1113 1605 λόγον
1148 1538 1464 1609 προάγοντι.

359 1637 596 1689 luamus,
627 1633 973 1701 primumque
1003 1633 1135 1686 mihi
1167 1633 1379 1703 ignosci
1411 1635 1598 1704 cupio,
1641 1635 1689 1690 si
1724 1636 1791 1689 ad
1820 1635 2153 1690 declaranda
2189 1639 2361 1707 magis
2402 1647 2453 1692 et
2497 1639 2842 1707 explananda
2909 1641 3021 1705 illa,

2033 545 2458 611 macltinantttr;
2516 545 2698 614 posita
2747 546 2894 599 velut
2933 561 3030 614 pro
3064 545 3436 614 improbitatis
3488 565 3604 604 sua:

2033 636 2482 701 exercitamento,
2523 635 2868 704 professione
2902 636 3024 693 fidei
3057 638 3127 692 de
3148 637 3288 692 Filio
3313 647 3368 693 et
3395 639 3602 709 Spiritu

2035 733 2248 778 sancto.
2285 724 2572 790 Quomodo
2611 739 2740 792 ergo
2771 727 2986 780 censeri
3040 743 3148 781 non
3203 727 3405 782 debent
3457 729 3594 798 ipsis

2033 815 2254 884 perfidis
2285 813 2488 870 Iudaeis
2527 815 2977 880 miserabiliores,
3031 833 3154 871 cum
3183 833 3269 886 ea,
3338 834 3461 889 qua:
3505 818 3603 873 Ju-

2033 907 2134 961 daei
2167 922 2512 977 nequaquam
2548 907 2670 962 ausi
2720 907 2966 971 fuerunt,
3014 909 3136 964 luce
3183 911 3384 978 palam,
3435 919 3489 964 et
3541 911 3600 963 in

2032 1001 2276 1054 omnium
2316 1008 2611 1069 conspectu
2649 1001 2716 1053 ab
2760 1002 2895 1068 ipsis
2940 1000 3109 1055 fiant?
3161 1003 3264 1068 Qui
3297 1004 3446 1057 enirn
3495 1003 3601 1056 im—

2032 1090 2231 1142 minuit
2259 1089 2620 1143 substantiam
2657 1087 2781 1142 Filii
2811 1098 2864 1144 et
2896 1092 3136 1159 Spiritus
3173 1094 3375 1155 sancti,
3423 1101 3481 1146 ut
3505 1107 3598 1146 so-

2029 1179 2304 1232 lummodo
2331 1179 2538 1248 aliquid
2573 1179 2718 1233 dicat
2756 1181 2839 1234 vel
2881 1182 3084 1245 audiat,
3121 1182 3168 1236 is
3199 1181 3452 1237 fortassis
3487 1197 3599 1236 non

2029 1286 2226 1338 magno
2285 1271 2580 1339 impietatis
2637 1271 2842 1325 scelere
2916 1287 3038 1326 sese
3090 1273 3468 1326 obstrinxerit.
3532 1273 3600 1324 At

2033 1362 2124 1432 qui
2162 1363 2264 1417 hoc
2326 1372 2585 1416 accurato
2614 1361 2802 1416 studio
2838 1372 2892 1416 et
2932 1363 3228 1418 meditatus
3277 1365 3408 1434 agit,
3448 1364 3497 1416 is
3530 1361 3600 1416 ad

2034 1467 2349 1520 supremum
2388 1452 2680 1521 impietatis
2731 1455 2948 1507 culmen
3012 1456 3349 1524 pervenisse,
3401 1455 3600 1509 merito

2032 1541 2333 1596 existimari
2373 1549 2571 1611 potest.
2619 1542 2711 1596 Sic
2789 1559 2918 1598 vero
2961 1545 3409 1614 disquisitionem
3442 1545 3601 1599 iusti.

3099 1657 3222 1711 quae
3297 1640 3598 1695 adversarii

358 1719 691 1775 mendaciter
734 1723 1120 1778 tnacltinantur
1151 1731 1205 1778 et
1255 1725 1567 1794 proferttnt,
1611 1727 2010 1796 expositionem
2076 1743 2287 1790 eorum,
2351 1745 2474 1799 qua‘
2531 1745 2633 1785 nos
2697 1730 2785 1782 ltic
2837 1730 3108 1785 sentimus
3185 1740 3238 1784 et
3312 1730 3595 1794 ducemus,

356 1817 412 1869 in
447 1815 680 1870 medium
724 1818 1016 1884 protulero.

428 1909 650 1961 Πάντων
679 1907 786 1960 τῶν
815 1907 980 1959 ὄντων
1020 1911 1052 1979 ἠ
1086 1910 1343 1963 ἀνωτάτω
1372 1910 1632 1980 διαίρεσις
1665 1911 1741 1972 είς
1778 1927 1836 1962 τε
1861 1909 1920 1960 τὸ

2090 1904 2344 1960 Omnium
2377 1921 2556 1960 rerum
2590 1907 2824 1960 maxime
2851 1907 3164 1959 communis
3215 1915 3268 1960 et
3312 1893 3632 1977 generalis,

356 1998 564 2068 νοητὸν,
606 1999 699 2050 καὶ
730 1998 790 2049 τὸ
819 1996 1072 2066 αἰσθητὸν
1119 1999 1220 2068 τὴν
1250 1999 1418 2069 τομὴν
1448 1999 1576 2068 ἔχει.
1606 2001 1715 2052 Καὶ
1753 2000 1785 2069 ἡ
1824 2000 1919 2068 μὲν

363 2087 595 2157 αἰσθητὴ
627 2087 786 2156 φύσις
818 2087 1050 2155 γενικῶς
1094 2089 1197 2140 ὑπὸ
1231 2088 1325 2140 τοῦ
1389 2088 1708 2142 Ἀποστόλου
1737 2088 1918 2156 ὁρατὴ

355 2179 790 2246 κατωνόμασται.
839 2178 1053 2249 Ἐπειδὴ
1082 2179 1187 2249 γὰρ
1214 2182 1321 2232 πᾶν
1360 2179 1516 2248 σῶμα
1540 2181 1596 2231 ἐν
1637 2179 1916 2249 χρώματι,

354 2270 544 2321 τούτου
568 2268 624 2320 δὲ
666 2271 698 2337 ἡ
734 2269 921 2337 ὅρασις
962 2269 1060 2338 τὴν
1097 2269 1376 2339 ἀντίληψιν
1423 2270 1568 2338 ἔχει’
1605 2269 1920 2322 καταλιπὼν

353 2360 453 2422 τὰς
487 2359 805 2422 ὑπολοίπους
855 2361 1167 2429 ποιότητας,
1218 2361 1337 2412 ὅσαι
1383 2359 1655 2424 οὑσιωδῶς
1715 2377 1922 2430 συμπε-

360 2452 614 2520 φύκασιν,
645 2453 707 2503 ἐκ
739 2451 831 2504 τοῦ
863 2453 1147 2521 προχείρου
1171 2451 1310 2504 κατά
1352 2451 1447 2521 τὴν
1488 2451 1761 2521 αἴσθησιν,
1790 2455 1925 2519 ὁρα-

355 2541 472 2608 τὴν
507 2543 932 2613 προσηγόρευσε.
979 2543 1088 2609 Τῆς
1134 2542 1192 2594 δὲ
1231 2542 1426 2611 νοητῆς
1483 2541 1696 2610 φύσεως
1742 2542 1922 2613 πάσης

357 2632 527 2701 ὄνομα
562 2631 656 2701 μὲν
688 2631 860 2682 κοινόν
899 2632 1042 2694 ἐστι,
1075 2630 1253 2694 καθώς
1279 2648 1440 2700 φησιν
1483 2632 1830 2698 ’Λπόστολος,
1856 2631 1923 2685 τὸ

358 2725 614 2791 deici-ator
655 2725 757 2794 (cf;
797 2722 904 2792 γὰρ
938 2721 1280 2791 ὑπεξαιρὲσει
1326 2725 1423 2793 τῆς
1458 2723 1778 2794 αἰσθητικῆς
1827 2741 1926 2777 κα-

355 2815 664 2885 ταλήψεως,
717 2813 808 2864 ἐπὶ
853 2813 913 2865 τὸ
950 2813 1234 2882 ἀσώματόν
1277 2831 1337 2865 τε
1396 2815 1490 2867 καὶ
1543 2815 1729 2883 νοητὸν
1775 2831 1923 2887 χειρο

356 2905 566 2970 αγωγεῖ
609 2901 706 2972 τὴν
743 2901 1038 2971 διάνοιαν).
1084 2903 1140 2952 ὐ
1190 2903 1244 2954 δὲ
1278 2902 1431 2969 λόγος
1482 2904 1560 2966 είς
1621 2903 1712 2956 δύο
1741 2906 1926 2974 τέμνει

357 2993 448 3045 καὶ
497 2989 701 3060 ταύτης
737 2990 836 3059 τὴν
882 2989 1118 3042 ἔννοιαν·
1153 2991 1185 3060 ἡ
1219 2991 1314 3060 μὲν
1363 2992 1468 3062 γὰρ
1503 2993 1776 3056 ἄκτιστος,
1811 2996 1840 3062 ἡ
1873 2993 1927 3045 δὲ

357 3085 547 3150 κτιστὴ
573 3083 677 3134 ὑπὸ
699 3082 797 3151 τῆς
826 3080 1208 3145 εὑακολουθίας
1237 3083 1746 3152 καταλαμϐάνεται·
1777 3084 1929 3137 ἀκτι-

359 3192 479 3238 στος
515 3174 611 3245 μὲν
643 3176 675 3244 ή
723 3173 979 3244 ποιητικὴ
1017 3165 1114 3244 τῆς
1143 3174 1398 3238 κτίσεως·
1440 3176 1629 3248 κτιστὴ
1668 3178 1744 3242 δὲ,
1776 3179 1810 3247 ή
1840 3179 1926 3232 διὰ

2025 1998 2220 2050 divisio
2242 2004 2325 2050 est
2358 1997 2410 2050 in
2433 2013 2544 2060 eas,
2571 2013 2690 2066 quae
2710 1997 3008 2059 intellectu,
3035 2005 3086 2050 et
3104 1997 3158 2050 in
3177 2013 3268 2051 eas
3297 2015 3416 2067 qua:
3433 2016 3598 2055 sensu

2023 2088 2416 2158 percipiuntur.
2452 2087 2515 2140 Et
2547 2087 2821 2141 sensibilis
2849 2086 3066 2155 quidem
3105 2096 3296 2139 natura
3357 2088 3424 2141 ab
3452 2091 3600 2158 Apo-

2025 2177 2167 2229 stolo
2191 2176 2488 2245 generatim
2515 2177 2657 2230 dicta
2683 2177 2998 2230 estvisibilis
3019 2175 3062 2236 ’3'
3093 2183 3111 2228 :'
3131 2191 3255 2228 cum
3273 2176 3416 2230 enim
3439 2193 3600 2234 omne

2023 2280 2224 2335 corpus
2251 2267 2550 2318 coloratum
2598 2265 2690 2329 sit,
2716 2266 2929 2335 hocque
2957 2267 3098 2319 visio
3146 2266 3263 2335 ipsa
3297 2268 3596 2336 percipiat;

2025 2358 2234 2411 relictis
2256 2359 2378 2412 aliis
2411 2357 2787 2427 qualitatibus,
2823 2373 2942 2426 qua:
2977 2358 3299 2411 substantiae
3329 2361 3598 2414 naturali-

2026 2444 2403 2510 terinhmrent,
2423 2461 2489 2498 ex
2507 2459 2570 2498 eo
2586 2447 2729 2513 quod
2756 2447 2941 2500 sensui
2963 2454 3272 2515 promptum
3293 2455 3348 2500 et
3377 2449 3598 2504 obvium

2026 2544 2139 2603 est,
2170 2538 2428 2590 visibilem
2458 2537 2750 2606 appellavit
2792 2555 2804 2591 :
2838 2537 3168 2592 intellectilis
3212 2553 3345 2591 vero
3386 2547 3599 2593 natura!

2026 2642 2222 2682 nomen
2241 2642 2548 2691 commune,
2564 2629 3034 2698 utaitApostolus,
3050 2640 3132 2682 est
3151 2629 3412 2683 invisibile
3429 2629 3472 2661 “
3492 2645 3600 2694 ;rc-

2029 2719 2266 2773 motione
2283 2720 2426 2773 enim
2449 2728 2659 2775 naturae
2679 2721 2975 2783 sensibilis,
2992 2731 3228 2775 mentem
3255 2720 3320 2773 ad
3344 2729 3600 2774 naturam

2028 2809 2401 2880 incorpoream
2419 2821 2467 2866 et
2515 2811 2882 2867 intellectilem
2897 2814 3052 2883 quasi
3069 2827 3230 2867 manu
3250 2812 3419 2867 ducit.
3439 2812 3600 2866 Ratio

2028 2916 2193 2970 porro
2225 2903 2278 2956 in
2305 2901 2441 2958 duas
2472 2918 2660 2958 rursus
2698 2914 2882 2973 partes
2923 2905 3089 2974 hujus
3144 2905 3427 2960 notionem
3458 2905 3601 2959 divi-

2031 2991 2131 3052 dit,
2165 3008 2396 3062 qttarum
2433 2993 2602 3047 altera
2629 2995 2895 3057 increata,
2947 2995 3341 3057 altera,crcata
3379 3006 3598 3060 natura,

2036 3093 2102 3132 ex
2122 3079 2239 3147 ipsa
2268 3078 2532 3132 orationis
2569 3081 2960 3133 consecutione
2989 3080 3309 3149 appellanda
3339 3089 3422 3135 est
3451 3099 3466 3146 ;
3517 3080 3602 3134 in—

2032 3177 2517 3237 creata,rreaturae
2543 3169 2924 3237 eﬂectrixest;
2950 3182 3156 3235 creata,
3210 3187 3331 3240 qua:
3367 3187 3464 3240 per
3511 3172 3600 3225 in-

359 3267 458 3338 τῆς
495 3266 748 3319 ἀκτίστου
790 3264 1000 3333 φύσεως
1033 3266 1130 3335 τὴν
1175 3266 1350 3320 αἰτίαν
1434 3269 1528 3321 καὶ
1565 3268 1664 3338 τὴν
1700 3269 1926 3340 δύναμιν

2033 3268 2271 3316 creatam
2301 3268 2556 3314 naturam
2596 3277 2750 3316 suam
2787 3260 3165 3316 exsistentiam
3199 3271 3253 3316 et
3284 3261 3598 3316 facultatem

358 3357 451 3410 τοῦ
485 3356 618 3409 εἶναι
661 3356 875 3425 ἔχουσα.
924 3357 1010 3408 Ἐν
1045 3355 1143 3425 μὲν
1190 3352 1282 3410 οὖν
1328 3359 1439 3420 τοῖς
1497 3359 1770 3429 αἰσθητοῖς
1810 3362 1925 3412 ἐστι

361 3448 536 3500 πάντα
563 3448 663 3500 ὅσα
690 3445 777 3499 διὰ
810 3445 916 3498 τῶν
950 3445 1044 3498 τοῦ
1076 3445 1323 3516 σώματος
1356 3443 1922 3520 αἰσθητηρίωκίκατα·

361 3539 740 3609 λαμϐάνομεν,
789 3539 872 3606 ἐφ’
903 3530 977 3590 ὧν
1026 3538 1080 3589 αἱ
1132 3537 1237 3590 τῶν
1291 3541 1589 3610 ποιοτήτων
1637 3540 1924 3610 διαφοραὶ,

362 3630 451 3682 τὸν
476 3631 568 3684 τοῦ
599 3629 839 3699 μείζονάς
872 3647 929 3682 τε
957 3630 1051 3684 καὶ
1078 3629 1358 3694 ἐλάττονος
1386 3631 1722 3701 ἐπιδέχονται
1749 3630 1926 3698 λόγον,

366 3723 503 3776 κατά
529 3724 589 3775 τὸ
629 3723 790 3775 ποσὸν
814 3763 828 3786 ,
861 3723 954 3778 καὶ
979 3721 1039 3774 τὸ
1068 3723 1215 3775 ποιὸν
1234 3763 1248 3786 ,
1281 3722 1374 3774 καὶ
1408 3722 1600 3784 λοιπὰς
1637 3722 1927 3792 ἰδιότητας,

365 3816 458 3886 τῆς
484 3816 742 3885 διαφορᾶς
774 3817 829 3867 ἐν
862 3815 1068 3876 τούτοις
1101 3813 1500 3885 θεωρουμένης.

444 3907 567 3958 Ἐπὶ
585 3906 640 3958 δὲ
669 3908 768 3976 τῆς
787 3907 982 3975 νοητῆς
1005 3906 1239 3974 φύσεως,
1262 3905 1361 3973 τῆς
1382 3906 1438 3956 ἐν
1467 3907 1532 3975 τῇ
1560 3904 1734 3957 κτίσει
1765 3904 1926 3974 λέγω,

365 3997 394 4048 ὁ
429 3997 528 4067 μὲν
567 3997 806 4060 τοιοῦτος
845 3998 945 4065 τῆς
989 3997 1251 4066 διαφορᾶς
1297 3995 1485 4064 λόγος,
1539 3990 1650 4058 οἷος
1699 3996 1791 4048 ἐπὶ
1824 3997 1932 4050 τῶν

367 4086 636 4156 αἰσθητῶν
657 4086 967 4156 κατελήφθη
989 4127 1001 4149 ,
1025 4085 1208 4158 χώραν
1241 4087 1340 4138 οὑκ
1366 4085 1476 4158 ἔχει
1502 4103 1515 4116 ·
1556 4086 1740 4157 ἔτερος
1765 4086 1822 4140 δέ
1848 4105 1931 4150 τις

366 4179 675 4250 εὑρίσκεται
702 4178 920 4248 τρόπος,
943 4177 1040 4244 τὴν
1073 4179 1166 4231 τοῦ
1199 4178 1442 4248 μείζονος
1467 4167 1604 4249 προς
1630 4181 1691 4231 τὸ
1715 4177 1933 4232 ἔλαττον

365 4270 622 4341 διαφορὰν
669 4270 1016 4339 ἐξευρίσκων.
1079 4269 1291 4340 Ἐπειδὴ
1343 4268 1450 4339 γὰρ
1494 4269 1694 4332 παντὸς
1730 4267 1932 4337 ἀγαθοῦ

368 4362 534 4431 πηγὴ,
570 4360 662 4414 καὶ
691 4359 852 4431 ἀρχὴ,
882 4361 976 4412 καὶ
1007 4359 1238 4430 χορηγία
1265 4361 1321 4412 ἐν
1353 4362 1415 4430 τῇ
1447 4360 1685 4431 ἀκτίστῳ
1717 4358 1936 4430 θεωρεῖ-

367 4472 452 4508 ται
483 4453 673 4522 φύσει·
726 4455 872 4505 πᾶσα
919 4452 976 4506 δέ
1011 4451 1144 4523 πρὸς
1177 4453 1350 4505 ἐκεῖνο
1392 4452 1643 4506 νένευκεν
1682 4455 1714 4523 ἡ
1761 4451 1934 4515 κτίσις

365 4546 449 4600 διὰ
482 4547 582 4616 τῆς
627 4544 908 4606 κοινωνίας
949 4542 1043 4596 τοῦ
1085 4541 1300 4612 πρώτου
1351 4543 1555 4611 ἀγαθοῦ
1581 4543 1682 4612 τῆς
1727 4541 1934 4612 ὑψηλῆς

372 4614 610 4703 φύσεως,
643 4636 991 4705 ἐφαπτομένη
1029 4634 1086 4686 δὲ
1125 4635 1218 4687 καὶ
1267 4632 1572 4703 μετέχουσα
1603 4631 1663 4695 ἐξ
1691 4631 1934 4701 ἀνάγκης
1966 4614 2009 4668 D

371 4728 509 4782 κατά
535 4728 632 4799 τὴν
662 4728 952 4795 ἀναλογίαν
979 4726 1077 4796 τῆς
1106 4726 1214 4778 τῶν
1243 4725 1460 4796 ὑψηλῶν
1497 4724 1800 4795 μετουσίας,
1829 4725 1938 4776 τῶν

375 4819 466 4888 μὲν
496 4818 782 4883 πλειόνως,
810 4817 916 4869 τῶν
943 4817 998 4869 δὲ
1027 4815 1323 4878 ἐλαττόνως
1347 4816 1487 4869 κατὰ
1514 4814 1575 4868 τὸ
1599 4813 1940 4880 αὐτεξούσιον

370 4913 466 4980 τῆς
521 4908 893 4980 προαιρέσεως
939 4907 1484 4977 μεταλαμϐανόντων,
1533 4906 1592 4960 τὸ
1625 4906 1804 4960 πλεῖον
1848 4906 1941 4959 καὶ

370 5001 429 5054 τὸ
473 4997 635 5074 ἦττον
690 5003 748 5053 ἐν
801 5002 866 5070 τῇ
918 4998 1087 5052 κτίσει
1135 4997 1458 5070 γνωρίζεται
1523 4998 1798 5066 ἀναλόγως
1844 4998 1943 5068 τῆς

370 5093 598 5147 ἑκάστου
642 5095 836 5164 ὁρμῆς.
889 5092 1000 5162 Τῆς
1046 5092 1155 5160 γάρ
1191 5089 1404 5160 φύσεως
1448 5089 1546 5160 τῆς
1577 5091 1633 5144 ἐν
1659 5093 1726 5162 τῇ
1765 5090 1940 5143 κτίσει

372 5187 664 5255 νοουμένης
698 5187 754 5236 ἐν
805 5182 1040 5255 μεθορίῳ
1071 5182 1177 5235 τῶν
1210 5181 1454 5250 ἀγαθῶν,
1513 5181 1604 5234 καὶ
1635 5182 1741 5235 τῶν
1785 5184 1940 5233 ἐναν-

371 5278 498 5332 τίων
551 5276 828 5346 ἑστώσης,
886 5276 961 5338 ώς
1009 5273 1258 5344 δεκτικὴν
1307 5275 1582 5344 ἑκατέρων
1631 5268 1770 5326 εἶναι
1819 5274 1940 5325 κατ’

373 5371 643 5435 ἐξουσίαν,
671 5371 782 5435 τοῖς
829 5368 968 5423 κατά
989 5367 1210 5440 γνώμην
1242 5367 1700 5440 προσκλινομένην
1719 5405 1732 5428 ,
1762 5364 1943 5429 καθὼς

373 5465 521 5536 παρά
561 5464 661 5533 τῆς
701 5463 921 5532 Γραφῆς
964 5459 1394 5531 μεμαθήκαμενο
1446 5455 1582 5530 πρὸς
1631 5455 1787 5524 λόγον
1843 5455 1942 5526 τῆς

372 5575 432 5613 τε
456 5556 564 5612 τῶν
595 5555 852 5626 χειρόνων
881 5551 1245 5616 ἀποστάσεως,
1290 5551 1383 5603 καὶ
1416 5548 1507 5603 τοῦ
1538 5547 1940 5618 προσεγγισμοῦ

459 5676 743 5774 b2.Coloss.
766 5733 806 5783 ι,
834 5716 917 5773 16.
986 5710 1173 5766 uibid.
1203 5714 1288 5771 15.

2029 3354 2211 3408 liabet.
2252 3352 2310 3407 In
2369 3354 2722 3409 scnsibilibus
2793 3354 2956 3424 igitur
3013 3363 3370 3409 numerantur
3416 3357 3602 3409 omnia

2030 3446 2141 3511 illa,
2184 3462 2520 3516 quaecunque
2592 3448 2842 3517 corporis
2897 3447 3150 3504 sensibus
3203 3447 3599 3516 percipiuntur,

2029 3553 2257 3608 quorum
2294 3539 2580 3608 qualitates
2611 3539 2982 3595 diversimode
3015 3540 3135 3608 plus
3189 3549 3242 3594 et
3273 3539 3456 3594 minus
3497 3539 3598 3593 ad-

2031 3630 2286 3693 mittunt;
2337 3629 2640 3685 differentia
2675 3631 2730 3684 in
2783 3631 2869 3687 his
2907 3631 3255 3685 considerata
3301 3630 3599 3685 secundum

2031 3719 2374 3789 quantitatis,
2406 3729 2500 3774 aut
2547 3723 2830 3791 qualitatis
2883 3730 2977 3775 aut
3027 3722 3257 3776 aliarum
3295 3724 3602 3792 proprieta-

2033 3821 2148 3868 tum
2176 3815 2463 3869 rationem.

2104 3905 2161 3960 ln
2191 3914 2384 3960 natura
2414 3920 2545 3960 vero
2579 3905 2900 3969 intellectili,
2946 3912 3150 3971 creata,
3178 3906 3421 3976 inquam,
3475 3903 3604 3958 talis

2033 3998 2368 4056 diversitatis
2402 4001 2564 4063 ratio,
2602 3999 2781 4068 qualis
2820 3999 3091 4068 reperitur
3124 4000 3180 4053 in
3207 3999 3370 4053 rebus
3413 3997 3602 4053 sensui

2035 4090 2290 4158 objectis,
2327 4089 2509 4144 locum
2541 4105 2648 4144 non
2680 4090 2879 4153 habet;
2925 4089 3066 4144 alius
3097 4097 3276 4144 tamen
3325 4089 3602 4143 invenitur

2035 4183 2250 4245 modus,
2284 4182 2338 4234 in
2368 4197 2476 4250 quo
2505 4181 2733 4250 majoris
2763 4187 2816 4235 et
2839 4181 3071 4235 minoris
3099 4179 3401 4234 differentia
3438 4194 3605 4248 appa-

2035 4279 2140 4328 ret.
2171 4272 2306 4326 Cum
2335 4272 2480 4325 enim
2522 4271 2701 4325 omnis
2730 4270 2860 4325 boni
2900 4272 3022 4325 fons
3052 4278 3106 4324 et
3133 4269 3288 4338 origo
3317 4278 3370 4323 et
3389 4269 3605 4337 largitio

2037 4364 2092 4417 in
2134 4372 2332 4417 natura
2382 4363 2626 4415 incrcata
2690 4361 2840 4425 insit,
2893 4361 3181 4429 omnisque
3229 4366 3482 4414 creatura
3535 4359 3606 4413 ad

2037 4456 2210 4526 ipsam
2233 4453 2408 4509 oculis
2441 4452 2594 4521 quasi
2627 4452 2856 4507 intentis
2892 4452 3183 4521 suspiciat,
3227 4466 3324 4521 per
3356 4465 3604 4504 commu-

2037 4546 2258 4600 nionem
2284 4543 2527 4614 supremi
2554 4542 2683 4598 boni
2711 4543 2778 4595 ab
2807 4542 2993 4596 eadem
3017 4557 3308 4612 suspensa,
3333 4543 3607 4610 ejusdem-

2038 4651 2144 4705 que
2172 4634 2444 4704 particeps
2497 4631 2708 4697 etIecta,
2757 4633 3078 4688 necessario
3130 4633 3434 4688 secundum
3478 4649 3606 4702 pro-

2038 4727 2346 4796 portionem
2388 4724 2827 4793 participatiouis
2867 4738 3052 4779 rerum
3101 4723 3437 4786 sublimium,
3476 4723 3606 4776 dum

2039 4819 2158 4872 aliae
2190 4817 2336 4886 plus,
2374 4816 2494 4870 aliae
2519 4816 2836 4885 minus,pro
2865 4816 3116 4871 libertate
3143 4815 3355 4870 arbitrii
3385 4822 3441 4870 et
3469 4830 3606 4869 con-

2037 4910 2146 4965 silii
2175 4911 2283 4973 sui,
2316 4908 2631 4978 accipiunt;
2666 4909 2790 4977 plus
2811 4915 2865 4962 et
2893 4907 3078 4962 minus
3112 4907 3168 4961 in
3213 4907 3484 4962 creaturis
3513 4907 3607 4960 att--

2039 4999 2368 5055 mittendum
2421 5007 2528 5063 est,
2587 4999 3001 5054 accommodate
3031 4999 3400 5068 quarumlibet
3443 5011 3605 5066 appe-

2043 5092 2245 5146 titioni.
2277 5091 2482 5146 Natura
2510 5092 2657 5145 enim
2693 5098 2897 5154 creata,
2955 5091 3112 5160 quasi
3143 5091 3199 5145 in
3223 5090 3466 5144 confinio
3509 5087 3608 5139 bo-

2044 5199 2239 5239 norum
2268 5190 2320 5238 et
2350 5184 2618 5237 malorum
2662 5183 2961 5239 constituta
2991 5190 3096 5245 est,
3147 5191 3209 5235 ut
3241 5194 3412 5248 capax
3454 5187 3604 5229 utro-

2045 5292 2277 5346 rumque
2306 5277 2577 5331 arbitratu
2636 5292 2759 5340 suo,
2813 5276 3015 5346 quibus
3041 5275 3282 5329 animum
3315 5269 3606 5337 adjungere

2044 5367 2301 5431 voluerit,
2328 5366 2472 5422 sicut
2498 5381 2566 5422 ex
2599 5365 2803 5422 divinis
2828 5364 3052 5420 Litteris
3078 5359 3394 5414 didicimus.
3421 5355 3606 5427 Itaque

2047 5458 2458 5527 comparatione
2517 5465 2566 5513 et
2590 5467 2838 5527 respectu
2870 5455 2938 5510 ad
2969 5453 3206 5530 malum,
3254 5450 3336 5503 vel
3385 5450 3611 5521 propin-

2049 5550 2310 5621 quatione
2335 5551 2402 5606 ad
2440 5551 2667 5618 bonum,
2701 5548 2971 5604 affirmare
2997 5556 3315 5614 possumus,
3346 5541 3620 5597 intensio-
