4046 6156
425 306 531 360 335

1662 302 1719 356 S.
1745 299 2076 359 GREGORH
2113 301 2405 358 NYSSEN!

3573 307 3674 361 556

431 436 552 475 nem
606 425 658 472 et
701 417 1081 472 remissionem
1133 417 1317 471 locum
1382 415 1583 471 habere
1637 416 1691 470 in
1719 419 1996 489 eo,'quod

2110 418 2208 471 τῶν
2243 419 2451 484 καλῶν,
2503 421 2563 472 τὸ
2601 418 2784 485 πλέον,
2817 421 2907 474 καὶ
2946 419 3006 473 τὸ
3047 419 3264 472 ἔλαττον
3300 418 3477 486 λέγειν
3509 419 3567 472 ἐν
3599 420 3678 491 τῷ

427 515 631 566 virtute
664 510 904 565 excellit.
954 510 1022 564 At
1059 509 1305 564 increata
1358 517 1554 563 natura
1597 512 1784 580 procul
1844 510 2000 564 abest

429 606 499 658 ab
529 601 908 672 hujuscemodi
934 600 1258 664 dilferentia,
1286 603 1488 673 quippe
1525 604 1614 657 cui
1637 603 1857 658 bonitas
1890 618 1997 656 non

427 705 507 749 est
535 695 856 754 adventitia,
910 710 1086 763 neque
1117 701 1341 763 accepta
1391 694 1744 762 pulchritudo
1799 703 1854 748 et
1897 694 1997 746 ho-

430 795 616 842 nestas
633 802 699 841 ex
725 788 1109 841 communione
1135 786 1681 856 supereminentioris
1705 785 1994 856 cujusdam

427 876 854 946 pulchritudinis
884 887 937 931 et
968 877 1306 942 honestatis;
1368 875 1463 932 sed
1498 876 1552 929 in
1586 890 1664 939 se,
1720 881 1773 930 et
1822 875 1876 929 in
1905 891 2002 928 na—

429 978 548 1021 tura
588 984 684 1023 sua
711 969 812 1022 hoc
835 967 977 1037 quod
1009 976 1112 1028 est.
1143 968 1350 1021 bonum
1381 976 1487 1031 εει,
1535 974 1589 1019 et
1636 974 1693 1019 ut
1717 966 1858 1019 bona
1914 966 1996 1019 in-

429 1063 718 1130 telligitur,
753 1061 874 1114 fons
903 1061 1188 1124 bonitatis,
1232 1060 1464 1129 simplex
1490 1067 1544 1114 et
1570 1059 1880 1120 uniformis,
1905 1073 2001 1112 cx-

429 1168 559 1219 pers
599 1153 780 1206 omnis
828 1151 1265 1220 compositionis,
1325 1151 1492 1204 etiam
1553 1149 1998 1204 adversariorum

429 1241 747 1299 nostrorum
789 1244 1122 1297 testimonio.
1187 1241 1606 1297 Distinctionem
1669 1256 1796 1295 vero
1842 1241 1895 1294 in
1931 1255 1998 1295 eo

430 1335 594 1388 habet
644 1332 920 1401 majestati
973 1340 1184 1384 natura:
1236 1345 1350 1384 suae
1407 1335 1809 1398 competentem
1847 1344 1861 1380 :
1895 1341 1999 1379 non

429 1440 551 1494 quae
581 1425 636 1478 in
671 1424 981 1478 intensione
1007 1433 1060 1477 et
1088 1423 1416 1477 remissione
1447 1421 1738 1485 consistat,
1783 1427 1842 1472 ut
1885 1417 2002 1471 vult

430 1514 733 1569 Eunomius
787 1513 903 1582 (qui
942 1513 1087 1585 enim
1138 1511 1602 1566 existimationem
1644 1509 1713 1564 de
1761 1507 2005 1564 bonitate

431 1603 787 1658 imminuitin
822 1603 1026 1672 aliquo,
1078 1602 1221 1669 quod
1262 1600 1331 1654 de
1375 1597 1475 1653 SS.
1517 1598 1785 1652 Trinitate
1835 1596 2006 1651 credi-

430 1703 541 1760 tur,
595 1696 641 1750 is
667 1696 802 1749 nihil
855 1694 1002 1748 aliud
1055 1692 1358 1756 contendit,
1419 1705 1584 1761 quam
1620 1687 1828 1758 aliquid
1874 1701 2008 1741 con-

429 1789 582 1843 trarii
614 1787 836 1841 habitus
877 1786 949 1850 ei,
1015 1785 1069 1838 in
1118 1799 1227 1854 quo
1259 1782 1507 1838 defectus
1541 1779 1802 1834 bonitatis
1834 1791 2001 1848 appa-
2033 1776 2075 1831 B

427 1889 535 1942 ret,
569 1873 862 1933 admistum
909 1893 1075 1942 esse;
1113 1876 1255 1945 quod
1298 1876 1382 1930 vel
1413 1874 1482 1928 de
1520 1872 1801 1941 unigenito
1842 1871 2000 1936 Filio,

430 1971 513 2025 vel
549 1969 754 2041 Spiritu
809 1978 1001 2024 sancto
1037 1966 1301 2036 cogitare,
1341 1965 1620 2035 impietate
1652 1978 1764 2016 non
1805 1962 2001 2032 caret),

432 2061 526 2116 sed
564 2061 798 2128 positam
837 2059 892 2112 in
932 2073 1145 2112 summa
1176 2054 1538 2126 perfectione,
1592 2062 1646 2108 et
1695 2053 2004 2120 incompre-

432 2153 690 2208 hcnsibili
719 2151 1060 2212 excellentia,
1111 2163 1232 2215 quae
1284 2147 1534 2214 cujusvis
1596 2159 1842 2213 personae
1881 2157 2005 2211 pro-

433 2240 758 2309 prietatibus
795 2239 978 2292 inesse
1018 2235 1391 2306 cegnoscitur,
1440 2232 1898 2300 inconfusamque
1951 2240 2005 2286 et

431 2334 672 2388 discreta
694 2330 1001 2386 differentia
1033 2333 1400 2380 constantem.
1425 2325 1565 2378 Hinc
1585 2333 1776 2378 natura
1795 2323 2000 2390 divina,

430 2425 485 2478 in
545 2423 668 2487 hoc,
731 2420 874 2488 quod
914 2428 997 2474 est
1059 2417 1368 2471 increatum
1414 2430 1556 2477 esse,
1614 2416 2004 2469 communione

430 2517 664 2586 quadam
720 2527 905 2568 secum
951 2508 1367 2564 immutabiliter
1397 2507 1681 2573 convenit;
1745 2506 1800 2559 in
1844 2521 2006 2576 pecu-

430 2609 662 2661 liiribus
698 2613 881 2659 autem
921 2604 1654 2673 singularumpersonarum
1697 2601 2004 2669 proprieta-

432 2700 578 2754 tibus
607 2699 754 2751 nulla
781 2695 1170 2750 communione
1199 2693 1470 2762 jungitur.
1497 2691 1811 2760 Proprietas
1831 2693 1998 2754 enim,

431 2807 553 2860 qua:
583 2790 762 2844 cuivis
795 2787 1073 2858 hypostasi
1107 2793 1161 2840 et
1185 2799 1432 2854 personae
1462 2783 1662 2838 divinae
1703 2783 1883 2836 inesse
1921 2782 2003 2834 in-

428 2885 714 2953 telligitur,
747 2882 1035 2934 manileste
1082 2888 1136 2933 et
1176 2893 1309 2947 pure
1339 2884 1571 2931 alterum
1614 2881 1681 2929 ab
1721 2884 1892 2929 altero
1915 2875 2003 2930 ui-

432 2976 682 3044 stinguit,
711 2982 767 3027 ut
799 2972 1036 3040 exempli
1062 2971 1261 3039 gratia,
1282 2969 1444 3023 Pater
1462 2968 1766 3037 appellatur
1797 2967 1982 3022 increa

432 3078 521 3124 tus
555 3079 608 3124 et
651 3068 947 3137 ingenitus,
982 3081 1160 3134 neque
1192 3064 1338 3118 enim
1376 3063 1594 3133 genitus
1621 3077 1801 3130 neque
1846 3075 2002 3115 crea-

428 3171 520 3215 tus
559 3169 662 3213 est.
694 3159 996 3212 Increatum
1023 3155 1189 3224 igitur
1207 3169 1330 3209 esse
1357 3168 1650 3207 commune
1680 3152 1845 3206 habet
1875 3166 2003 3204 cum

430 3249 570 3306 Filio
619 3257 673 3304 et
726 3249 935 3320 Spiritu
976 3255 1186 3303 sancto.
1222 3245 1329 3300 Sed
1381 3244 1685 3314 ingenitum
1708 3253 1761 3297 et
1787 3243 2004 3296 Patrem

429 3357 574 3402 esse.
596 3343 696 3396 hoc
727 3341 1014 3410 proprium
1049 3347 1133 3392 est
1160 3349 1212 3391 ct
1237 3334 1797 3396 incommunicabile;
1827 3347 2006 3402 neque

433 3433 487 3485 in
525 3433 631 3484 ulla
674 3433 901 3484 aliarum
936 3443 1296 3498 personarum
1353 3426 1650 3495 reperitur.
1704 3424 1878 3479 Filius
1909 3439 2007 3477 au-

432 3535 540 3579 tem
572 3539 692 3577 cum
716 3522 874 3575 Patre
903 3530 956 3575 et
984 3520 1190 3589 Spiritu
1215 3526 1408 3590 sancto
1431 3519 1683 3587 jungitur
1703 3517 1756 3570 in
1779 3532 1846 3571 eo
1862 3517 2006 3586 quod

432 3618 716 3670 increatus
745 3624 858 3679 est;
897 3611 1045 3683 quod
1076 3627 1204 3667 vero
1247 3611 1565 3680 unigenitus
1613 3607 1792 3662 Filius
1843 3616 1896 3661 et
1935 3608 2007 3661 sit

432 3719 485 3762 et
518 3708 820 3777 appelletur
844 3747 858 3769 ,
891 3705 944 3760 id
979 3713 1039 3759 ut
1065 3704 1349 3774 proprium
1397 3702 1504 3757 sibi
1536 3701 1804 3765 vindicat,
1857 3699 2004 3769 quod

432 3815 607 3869 neque
633 3799 698 3853 de
723 3778 1105 3853 universorum
1139 3797 1268 3859 Deo,
1305 3811 1483 3865 neque
1517 3795 1585 3848 de
1616 3792 1823 3862 Spiritu
1877 3808 2006 3846 san-

434 3900 523 3946 cto
561 3891 817 3945 allirmari
851 3901 1048 3960 potest.
1113 3888 1353 3958 Spiritus
1384 3894 1605 3943 sanctus
1655 3885 2006 3939 communio-

433 4000 556 4040 nem
596 3985 755 4039 habet
789 3999 912 4037 cum
947 3982 1109 4036 Patre
1165 3989 1218 4035 et
1251 3980 1406 4044 Filio,
1457 3979 1514 4032 in
1541 3978 1668 4041 hoc,
1706 3975 1870 4046 .quod
1926 3985 2009 4030 est

434 4082 675 4132 increata
735 4084 935 4129 natura
1008 4073 1298 4144 praeditum
1341 4087 1463 4127 esse
1507 4087 1520 4125 :
1571 4069 1938 4124 nihilominus
1977 4084 2007 4122 a

432 4170 593 4224 Patre
619 4179 672 4223 et
709 4167 853 4221 Filio
887 4166 1126 4237 propriis
1182 4165 1298 4220 suis
1337 4163 1659 4218 notionibus
1721 4161 2009 4231 distingui-

430 4271 541 4316 tur.
575 4259 737 4314 Notio
759 4260 904 4313 enim
936 4258 1088 4313 illius
1119 4263 1171 4310 et
1203 4258 1422 4324 signum
1459 4254 1699 4309 maxime
1719 4254 2003 4324 proprium

431 4369 535 4418 est,
551 4361 610 4407 ut
638 4351 769 4406 nihil
796 4367 984 4407 eorum
1004 4351 1095 4414 sit,
1116 4365 1237 4420 qua:
1261 4347 1414 4401 Patri
1429 4356 1482 4402 et
1508 4344 1647 4401 Filio
1670 4346 1849 4400 inesse
1869 4346 2007 4399 ratio

2102 511 2220 562 κατ’
2256 511 2455 582 ἀρετὴν
2507 511 2856 580 ὑπερέχοντι,
2907 510 3090 582 χώραν
3142 510 3272 582 ἔχει.
3327 511 3393 563 Ἡ
3432 511 3490 564 δέ
3522 512 3676 566 ἄκτι-

2107 619 2226 665 στος
2265 604 2423 672 φύσις
2469 603 2568 673 τῆς
2621 603 2718 670 μὲν
2769 601 3024 672 τοιαύτης
3077 603 3341 674 διαφορᾶς
3393 602 3680 675 πόρρωθεν

2105 693 2329 746 ἄπεστιν
2347 735 2365 762 ,
2395 694 2488 747 ἆτε
2518 694 2618 747 οὐκ
2656 693 2946 764 ἐπίκτητον
2979 694 3174 764 ἔχουσα
3201 694 3262 746 τὸ
3293 693 3494 761 ἀγαθὸν
3513 735 3528 760 ,
3547 693 3680 765 ,οὐδὲ

2105 784 2245 838 κατὰ
2297 785 2529 856 μετοχὴν
2571 784 2964 857 ὑπερκειμένου
3014 784 3160 848 τινὸς
3205 783 3372 838 καλοῦ
3414 785 3476 837 τὸ
3514 784 3680 838 καλὸν

2105 879 2161 928 ἐν
2193 877 2356 946 ἑαυτῇ
2399 877 2691 948 δεχομένη·
2725 877 2835 930 ἀλλ’
2888 877 3020 931 αὐτὸ
3067 878 3206 947 ὅπερ
3237 876 3354 929 ἐστὶ
3404 879 3471 948 τῇ
3516 876 3676 945 φύσει

2106 971 2198 1021 καὶ
2235 969 2435 1035 ἀγαθὸν
2477 965 2642 1034 οὖσα,
2690 973 2784 1024 καὶ
2817 970 3016 1039 ἀγαθὸν
3048 970 3307 1042 νοουμένη
3333 1011 3348 1035 ,
3400 970 3492 1024 καὶ
3539 971 3679 1038 ἀγα-

2107 1058 2198 1112 Θοῦ
2237 1060 2415 1129 πηγὴ,
2441 1060 2588 1134 ᾁπλῆ
2617 1077 2705 1126 τε,
2750 1061 2844 1114 καὶ
2879 1061 3188 1132 μονοειδὴς,
3218 1062 3312 1114 καὶ
3351 1059 3642 1124 ἀσύνδετος
3661 1101 3676 1125 ,

2106 1151 2209 1203 ὑπὸ
2248 1151 2354 1204 τῶν
2391 1152 2711 1222 μαχομένων
2739 1154 2870 1222 ἡμῖν
2918 1153 3356 1225 μαρτυρουμένη.
3402 1153 3679 1223 Διαφορὰν

2103 1241 2160 1294 δὲ
2226 1243 2362 1312 πρὸς
2431 1242 2625 1314 ἐαυτὴν
2673 1243 2784 1314 ἔχει
2853 1243 2928 1314 τῷ
2996 1244 3265 1315 μεγαλείῳ
3308 1245 3406 1314 τῆς
3464 1244 3682 1312 φύσεως

2106 1332 2455 1401 πρέπουσαν,
2503 1332 2564 1384 οὺ
2612 1332 2747 1404 πρὸς
2801 1333 2860 1385 τὸ
2911 1333 3094 1404 μεῖζον
3149 1333 3242 1386 καὶ
3275 1333 3494 1386 ἔλαττον
3540 1332 3678 1388 θεω-

2109 1426 2403 1498 ρουμένην,
2447 1427 2518 1490 ὡς
2566 1430 2594 1480 ὁ
2644 1427 2908 1498 Εὑνόμιος
2940 1428 3142 1482 οἴεται⁹
3189 1431 3218 1482 ὁ
3248 1429 3356 1500 γὰρ
3407 1431 3503 1500 τὴν
3551 1430 3683 1500 περὶ

2105 1518 2196 1571 τοῦ
2257 1517 2456 1585 ἀγαθοῦ
2517 1518 2721 1572 ἔννοιαν
2779 1520 3017 1573 ἐλαττῶν
3078 1520 3133 1573 ἐν
3193 1538 3298 1573 τινι
3339 1521 3446 1574 τῶν
3489 1523 3546 1575 ἐν
3609 1524 3679 1592 τῇ

2107 1607 2238 1679 ἁγίᾳ
2267 1609 2453 1676 Τριὰδι
2488 1611 2963 1682 πεπιστευμένων,
3018 1611 3280 1682 μεμίχθαι
3316 1629 3369 1665 τι
3401 1613 3498 1682 τῆς
3527 1614 3684 1666 ἐναν-

2106 1699 2224 1762 τίας
2253 1699 2416 1765 ἕξεως
2454 1699 2529 1771 τῷ
2561 1702 2702 1756 κατὰ
2734 1701 2794 1755 τὸ
2825 1702 3027 1770 ἀγαθὸν
3066 1705 3442 1775 ὑστερουμένῳ
3463 1704 3682 1764 πάντως

2107 1791 2685 1865 παρασκευάσει·ὃπερ
2721 1793 2840 1846 οὔτε
2886 1795 2977 1848 ἐπὶ
3011 1795 3104 1847 τοῦ
3154 1796 3510 1863 Μονογενοῦς,
3553 1795 3681 1849 οὔτε

2105 1881 2198 1933 ἐπὶ
2225 1881 2318 1934 τοῦ
2355 1882 2512 1950 ἁγίου
2559 1883 2872 1955 Πνεύματος
2913 1887 3136 1950 εὐσεϐές
3171 1888 3286 1941 ἐστι
3333 1887 3681 1956 λογίζεσθαιο

2105 1973 2218 2041 ἀλλ’
2246 1975 2302 2026 ἐν
2334 1973 2478 2045 ἄκρᾳ
2500 1979 2565 2042 τῇ
2593 1975 2918 2047 τελειότητι,
2966 1979 3059 2032 καὶ
3106 1979 3163 2032 ἐν
3199 1979 3566 2051 ἁκαταλήπτῳ
3612 1984 3681 2052 τῇ

2107 2067 2342 2136 ὑπεροχῇ
2375 2066 2723 2138 θεωρουμένη
2753 2071 2863 2132 τοῖς
2903 2070 3297 2140 ἐνυπάρχουσιν
3331 2071 3536 2143 ἑκάστῃ
3570 2071 3684 2125 τῶν

2107 2156 2454 2210 ὑποστάσεων
2517 2157 2832 2228 ἱδιιὶιμασιν,
2882 2158 3215 2229 ἁσύγχυτον,
3263 2161 3353 2212 καὶ
3400 2159 3679 2233 διακεκρι-

2109 2247 2277 2318 μένην
2305 2249 2402 2319 τὴν
2429 2249 2688 2318 διαφορὰν
2730 2249 2860 2318 ἔχει.
2916 2251 3003 2301 Ἐν
3041 2250 3138 2320 μὲν
3166 2253 3232 2321 τῇ
3262 2251 3402 2304 κατὰ
3435 2252 3495 2304 τὸ
3524 2252 3681 2306 ἄκτισ

2109 2356 2230 2392 στον
2261 2340 2541 2411 κοινωνίᾳ,
2572 2341 2633 2394 τὸ
2678 2341 3094 2410 ἀπαράλλακτον
3128 2342 3356 2412 ἔχουσα,
3389 2344 3446 2395 ἐν
3484 2342 3542 2396 δὲ
3568 2345 3688 2407 τοῖς

2106 2428 2401 2500 ἐξαιρέτοις
2433 2429 2540 2484 τῶν
2578 2431 2878 2498 ἰδιωμάτων
2913 2431 3143 2485 ἑκάστου
3185 2432 3246 2484 τὸ
3293 2433 3682 2504 ἀκοινώνητρν.

2120 2520 2182 2572 Ἦ
2237 2518 2344 2590 γὰρ
2413 2518 2853 2590 ἐπιθεωρουμένη
2913 2521 3116 2592 ἑκάστη
3167 2522 3274 2576 τῶν
3334 2525 3689 2580 ὑποστάσεων

2111 2609 2324 2680 ἰδιότης,
2355 2610 2566 2681 τρανῶς
2594 2611 2686 2664 καὶ
2709 2611 2960 2682 καθαρῶς
2990 2613 3050 2666 τὸ
3083 2612 3269 2685 ἕτερον
3298 2616 3404 2669 ἀπὸ
3436 2617 3530 2669 τοῦ
3561 2620 3679 2671 ἐτέ-

2109 2718 2202 2771 ρου
2245 2701 2533 2771 διῖστησιν·
2567 2695 2678 2754 οἷον
2724 2704 2751 2754 ὁ
2797 2704 2982 2774 Πατὴρ
3034 2704 3286 2769 ἄκτιστος
3320 2703 3459 2760 εἶναι
3490 2709 3687 2779 ὁμολο-

2107 2793 2317 2857 γεῖται,
2363 2792 2458 2844 καὶ
2501 2791 2826 2862 ἀγέννητος·
2860 2791 2982 2845 οὔτε
3018 2794 3125 2866 γὰρ
3164 2796 3510 2867 γεγέννηται,
3557 2797 3690 2854 οὔτε

2107 2881 2369 2935 ἔκτισται.
2404 2881 2573 2934 Τοῦτο
2602 2879 2692 2935 οὖν
2734 2883 2794 2937 τὸ
2838 2883 3122 2951 ἄκτιστον,
3155 2888 3331 2940 κοινὸν
3363 2891 3512 2959 αὺτῷ
3548 2891 3692 2962 πρὸς

2105 2974 2197 3026 τὸν
2239 2973 2367 3026 Υἰόν
2415 2975 2529 3027 ἐστι
2585 2973 2677 3027 καὶ
2727 2974 2790 3028 τὸ
2821 2975 3043 3046 Πνεῦμα
3081 2976 3141 3029 τὸ
3173 2977 3360 3046 ἅγιον·
3408 2980 3544 3033 ἀλλὰ
3593 2983 3694 3035 καὶ

2109 3065 2400 3136 ἁγέννητος
2438 3066 2532 3119 καὶ
2573 3065 2797 3136 Πατήρ·
2827 3065 2986 3120 τοῦτο
3013 3067 3142 3120 ἴδιόν
3172 3087 3227 3122 τι
3263 3072 3356 3123 καὶ
3393 3072 3693 3142 ἀκοινώνη-

2107 3173 2196 3210 τον
2216 3197 2228 3221 ,
2259 3158 2394 3226 ὅπερ
2422 3157 2479 3208 ἐν
2513 3156 2688 3210 οὐδενὶ
2717 3156 2824 3212 τῶν
2849 3156 3158 3212 ὑπολοίπων
3181 3161 3687 3232 καταλαμϐάνεται·

2107 3248 2136 3299 ὁ
2172 3247 2228 3299 δὲ
2259 3245 2385 3308 Υἱὸς
2413 3246 2552 3299 κατὰ
2582 3246 2642 3298 τὸ
2672 3244 2925 3300 ἄκτιστον
2953 3247 3029 3317 τῷ
3055 3249 3250 3320 Πατρὶ,
3276 3231 3469 3320 καὶτῷ
3508 3231 3690 3305 Πνεῦ-

2114 3340 2245 3408 ματί
2289 3338 2721 3408 συναπτόμενος,
2773 3340 2830 3392 ἐν
2877 3340 2955 3409 τῷ
3010 3340 3172 3403 Υἱὸς,
3225 3343 3318 3395 καὶ
3373 3345 3694 3414 Μονογενὴς

2109 3425 2248 3483 εἶναι
2275 3447 2335 3482 τε
2366 3431 2459 3483 καὶ
2488 3429 2876 3499 ὀνομάζεσθαι,
2912 3431 2972 3482 τὸ
3005 3431 3200 3497 ἰδιάζον
3230 3433 3363 3502 ἔχει,
3395 3436 3530 3506 ὅπερ
3558 3434 3694 3490 οὔτε

2110 3525 2204 3575 ἐπὶ
2254 3522 2468 3575 πάντων
2513 3521 2647 3574 Θεοῦ
2670 3563 2684 3587 ,
2723 3521 2844 3575 οὔτε
2874 3521 2964 3576 τοῦ
3003 3524 3154 3592 ἁγίου
3181 3526 3498 3597 Πνεῦματὸς
3545 3531 3687 3585 ἐστι.

2110 3614 2181 3667 Τὸ
2207 3613 2262 3666 δὲ
2300 3613 2525 3683 Πνεῦμα
2561 3613 2621 3664 τὸ
2655 3614 2808 3681 ἆγιον
2843 3614 2900 3666 ἐν
2950 3614 3028 3685 τῷ
3058 3616 3298 3688 ἁκτίστῳ
3341 3618 3440 3686 τῆς
3471 3618 3692 3687 φύσεως

2109 3707 2206 3776 τὴν
2253 3705 2532 3758 κοινωνίαν
2578 3704 2698 3774 ἔχον
2749 3705 2884 3776 πρὸς
2927 3707 3089 3773 Υίὸν,
3127 3709 3220 3762 καὶ
3264 3711 3515 3781 Πατέρα,
3570 3712 3694 3774 τοῖς

2113 3796 2259 3858 ἰδίοις
2309 3795 2469 3848 πάλιν
2524 3794 2897 3865 γνωρίσμασιν
2946 3797 3041 3848 ἀπ’
3092 3798 3271 3852 αὐτῶν
3328 3799 3689 3870 διακρίνεται.

2109 3889 2400 3959 Γνὼρισμα
2430 3884 2538 3956 γὰρ
2565 3885 2724 3938 αὑτοῦ
2747 3926 2761 3950 ,
2802 3886 2898 3938 καὶ
2935 3889 3157 3958 σημεῖόν
3193 3891 3338 3943 ἐστιν
3372 3890 3691 3954 ἰδιαίτατον,

2108 3981 2168 4032 τὸ
2201 3979 2364 4051 μηδὲν
2408 3978 2631 4032 ἐκείνων
2670 3974 2806 4032 εἶναι
2827 4021 2840 4045 ,
2873 3979 3016 4050 ἅπερ
3048 3981 3191 4043 ἰδίως
3230 3980 3307 4051 τῷ
3339 3981 3512 4052 Πατρὶ
3533 4023 3546 4046 ,
3591 3982 3698 4036 καὶ

2099 4072 2185 4142 τῷ
2218 4070 2330 4142 Υίῷ
2356 4073 2383 4124 ὁ
2422 4070 2576 4138 λόγος
2604 4070 2954 4141 ἐνεθεώρησε.
2988 4071 3060 4124 Τὸ
3087 4073 3195 4143 γὰρ
3218 4079 3351 4144 μήτε
3379 4073 3696 4142 ἀγεννήτως

2111 4161 2246 4218 εἶναι
2278 4165 2412 4234 μήτε
2442 4161 2763 4232 μονογενῶς,
2785 4158 2932 4216 εἶναι
2976 4163 3034 4216 δέ
3061 4164 3229 4229 ὅλως,
3264 4164 3359 4235 τὴν
3411 4163 3700 4236 ἐξαίρετον

2113 4255 2275 4311 αὑτοῦ
2317 4255 2551 4323 ἰδιότητα
2589 4253 2724 4323 πρὸς
2768 4253 2836 4306 τὰ
2889 4255 3154 4326 εἰρημένα
3201 4257 3544 4326 παρίστησιν.
3597 4256 3702 4327 Τῷ

2112 4348 2220 4418 γὰρ
2253 4347 2429 4416 Πατρι
2458 4345 2598 4399 κατὰ
2640 4346 2699 4398 τὸ
2745 4345 2997 4399 ἄκτιστον
3046 4362 3484 4417 συναπτομενον,
3528 4346 3701 4400 πάλιν

431 4445 622 4510 dictat.
651 4444 784 4499 Nam
807 4444 950 4515 quod
969 4459 1077 4497 non
1098 4444 1169 4497 sit
1188 4441 1460 4511 ingenitus
1478 4441 1657 4506 etfnon
1683 4438 2005 4508 unigenitus,

2121 4442 2215 4494 ἀπ’
2243 4437 2406 4492 αὑτοῦ
2435 4436 2512 4506 τῷ
2559 4437 2631 4507 μὴ
2662 4437 2848 4508 Πατὴρ
2886 4434 3043 4501 εἶναι,
3076 4439 3323 4510 καθάπερ
3349 4432 3506 4503 οὗτός
3534 4441 3652 4491 ἐστι
3681 4480 3699 4502 ,

431 4550 485 4595 et
506 4549 691 4594 tamen
715 4554 840 4594 vere
862 4539 954 4599 sit,
997 4537 1101 4591 hoc
1138 4536 1312 4604 ipsius
1339 4535 1670 4604 peculiarem
1704 4531 1980 4600 proprieta
1999 4560 2014 4570 -

433 4639 564 4693 tem,
577 4644 684 4700 qua
701 4646 730 4683 a
748 4629 1023 4698 pradictis
1040 4627 1417 4696 distinguitur,
1443 4630 1813 4694 repraesentat.
1839 4620 2013 4690 Spiri-

432 4730 522 4777 tus
539 4722 682 4777 enim
704 4720 855 4774 Patri
878 4719 1207 4788 conjunctus
1243 4723 1348 4780 est,
1376 4716 1676 4772 secundum
1699 4715 1849 4784 quod
1869 4721 2016 4769 uter-

430 4828 536 4882 que
570 4812 850 4865 increatus
875 4816 958 4863 est
993 4827 1006 4874 ;
1065 4821 1262 4862 rursus
1307 4807 1376 4860 ab
1408 4820 1474 4860 eo
1517 4806 1900 4875 distinguitur,
1942 4822 2008 4862 eo

431 4903 580 4976 quod
611 4916 720 4956 non
754 4908 840 4956 cst
869 4899 1050 4961 Pater,
1110 4905 1274 4969 prout
1302 4898 1389 4952 ille
1433 4906 1518 4952 est
1549 4912 1563 4950 :
1599 4897 1735 4952 Filio
1779 4915 1907 4954 vero
1929 4900 2008 4969 (α)

430 5005 483 5050 et
513 4992 817 5050 secundum
846 4991 991 5060 quod
1024 4999 1254 5061 uterque
1286 4991 1565 5044 increatus
1596 5001 1699 5054 est,
1724 4999 1778 5045 et
1813 5005 2010 5046 secun-

430 5091 560 5143 dum
602 5084 745 5157 quod
781 5091 1007 5151 uterque
1037 5098 1102 5137 ex
1161 5082 1338 5151 primo
1374 5083 1648 5153 principio
1696 5098 1848 5137 suam
1881 5083 2010 5137 sub-

431 5177 734 5235 sistentiam
765 5175 950 5236 habet,
1005 5173 1371 5242 conjunctus;
1413 5173 1767 5241 distinguitur
1820 5174 1889 5228 ab
1947 5190 2012 5229 eo

432 5290 528 5327 sua
559 5272 911 5343 proprietate,
944 5283 1064 5337 qua:
1089 5275 1192 5328 cst,
1214 5266 1356 5335 quod
1389 5282 1488 5322 nec
1522 5275 1581 5320 ut
1614 5266 1924 5336 unigenitus
1945 5283 2006 5322 ex

432 5363 591 5419 Patre
625 5363 921 5434 productus
943 5368 1046 5423 est,
1078 5367 1131 5415 et
1158 5359 1300 5430 quod
1348 5375 1444 5428 per
1474 5359 1650 5429 ipsum
1695 5357 1893 5412 Filium
1943 5359 2013 5414 sit

435 5458 831 5512 n'ianifestatus.
869 5456 934 5510 Et
967 5472 1090 5511 cum
1119 5463 1367 5510 creatura
1399 5470 1494 5524 per
1525 5453 1720 5508 Filium
1761 5453 1833 5510 sit
1879 5469 2007 5526 pro-

2123 4529 2500 4603 διαχωρίζεται
2515 4547 2528 4560 ⁸
2551 4532 2614 4600 τῇ
2640 4529 2774 4601 πρὸς
2794 4530 2884 4583 τὸν
2907 4529 3033 4583 Υἱὸν
3052 4531 3191 4584 κατὰ
3212 4532 3270 4585 τὸ
3291 4533 3538 4586 ἄκτιστον
3571 4548 3705 4584 συνο

2124 4626 2306 4695 αιρεία,
2331 4623 2424 4675 καὶ
2442 4622 2498 4673 ὲν
2526 4621 2602 4689 τῷ
2621 4620 2718 4690 τὴν
2739 4620 2913 4674 αἰτίαν
2938 4621 3036 4690 τῆς
3060 4622 3344 4692 ὑπάρξεως
3365 4623 3428 4674 ἐκ
3445 4620 3538 4675 τοῦ
3558 4620 3704 4676 Θεοῦ

2123 4716 2232 4769 τῶν
2277 4714 2411 4766 ὅλων
2443 4710 2586 4781 ἔχειν
2624 4709 2943 4780 ἑνούμενον,
2980 4713 3273 4782 ἀφίσταται
3317 4711 3476 4765 πάλιν
3513 4713 3571 4764 ἐν
3617 4712 3707 4783 τῷ

2130 4809 2402 4874 ἰδιάζοντιο
2422 4806 2479 4856 ἐν
2518 4801 2594 4872 τῷ
2619 4803 2752 4873 μήτε
2778 4804 3078 4873 μονογενῶς
3106 4805 3170 4856 ἐκ
3199 4802 3290 4856 τοῦ
3328 4801 3537 4872 Πατρὸς
3565 4801 3705 4856 ὐπο-

2116 4903 2340 4970 στῆναι,
2397 4898 2491 4952 καὶ
2523 4900 2580 4953 ἐν
2605 4897 2683 4968 τῷ
2731 4897 2796 4950 δι’
2825 4895 2990 4948 αὐτοῦ
3031 4894 3126 4948 τοῦ
3169 4895 3300 4947 Υίοῦ
3347 4894 3700 4964 πεφηνέναι·

2117 4994 2277 5047 πάλιν
2297 4991 2354 5045 δέ
2382 4991 2481 5060 τῆς
2510 4989 2737 5051 κτίσεως
2763 4986 2850 5039 διὰ
2869 4985 2962 5038 τοῦ
2994 4983 3330 5054 Μονογενοῦς
3357 4985 3698 5055 ὑτωστάσης,

2115 5086 2190 5146 ὡς
2225 5085 2290 5138 ἂν
2321 5081 2396 5153 μὴ
2423 5081 2854 5150 κοινότητὰτινα
2898 5079 3032 5148 πρὸς
3055 5076 3256 5147 ταύτην
3281 5075 3424 5145 ἔχειν
3462 5075 3694 5144 νομισθῇ

2115 5175 2175 5227 τὸ
2230 5173 2453 5242 Πνεῦμα
2515 5172 2579 5224 ἐκ
2612 5169 2704 5240 τοῦ
2737 5169 2824 5221 διὰ
2860 5169 2951 5221 τοῦ
2993 5167 3122 5219 Υἱοῦ
3169 5164 3469 5234 πεφηνέναι
3517 5165 3576 5216 ἐν
3617 5162 3696 5232 τῷ

2118 5267 2373 5337 ἀτρέπτῳ
2393 5305 2406 5327 ,
2438 5263 2533 5316 καὶ
2576 5259 2918 5331 ἀναλλοιὼτῳ
2938 5300 2952 5323 ,
2993 5260 3085 5313 καὶ
3111 5257 3403 5332 ὰπροσδεεῖ
3433 5257 3534 5326 τῆς
3583 5254 3699 5308 ἐτέ-

2121 5357 2289 5428 ρωθεν
2330 5354 2661 5423 ἀγαθότητος
2681 5392 2695 5417 ,
2740 5349 3073 5421 διακρίνεται
3105 5347 3166 5402 τὸ
3207 5347 3434 5417 Πνεῦμα
3467 5344 3576 5400 ἀπὸ
3598 5342 3703 5416 τῆς

2114 5447 2364 5508 κτίσεως.
2395 5445 2468 5496 Τὸ
2489 5443 2594 5514 γὰρ
2625 5442 2943 5511 ἄτρεπτονὴ
2987 5439 3163 5503 κτίσις
3191 5439 3248 5491 ἐν
3305 5439 3374 5508 τῇ
3412 5435 3573 5505 φύσει
3597 5434 3703 5489 οὐκ

505 5659 582 5724 (α)
647 5658 789 5713 cum
824 5660 966 5730 |mne
998 5664 1172 5719 locum
1219 5660 1504 5718 Bcssarion
1550 5660 1606 5714 in
1629 5661 1778 5716 Orat.
1819 5660 1992 5730 dogm.
2024 5671 2075 5711 c.
2119 5653 2171 5720 6,
2195 5661 2246 5709 ct
2285 5646 2528 5708 chnad.
2554 5645 2707 5715 Apol.
2734 5660 2828 5714 pro
2851 5631 3068 5700 .Concil.
3101 5638 3341 5696 Florant.
3386 5637 3452 5693 de
3482 5635 3698 5708 Spiritu

434 5731 655 5797 Sancto,
674 5738 803 5784 sect.
829 5729 882 5787 6.
