4064 6146
339 231 445 287 5³57

1469 233 1746 292 CONTRA
1784 233 2169 300 EUNOMIUM,
2212 230 2340 291 LIB.
2374 233 2412 289 I.

3490 234 3596 292 3'58

338 350 488 421 ἔχει,
545 349 722 414 καθώς
768 367 932 422 φησιν
975 351 1008 422 ἡ
1066 327 1292 424 Γραφὴ,
1335 350 1427 406 τοῦ
1489 353 1766 425 ἐωσφόρου
1813 353 1911 425 τὴν

2027 355 2200 419 iucta,
2226 367 2295 408 ne
2321 352 2448 422 quis
2475 356 2627 421 putet
2651 347 3176 421 aliquid'commune
3209 365 3331 408 esse
3361 351 3593 422 Spiritui

339 441 548 498 πτῶσιν
587 441 944 513 διηγουμένη,
991 443 1122 516 περὶ⁹
1168 438 1227 498 οῦ
1258 443 1349 497 καὶ
1381 447 1410 497 ὁ
1457 445 1662 516 Κύριος
1700 447 1910 499 ἀποκα-

2027 455 2062 500 :t
2119 451 2406 510 creaturae,
2470 449 2758 513 propterea
2799 442 2943 512 quod
2997 443 3201 498 dicitur
3253 459 3349 512 per
3395 441 3596 499 Filium

338 529 556 584 λύπτων
591 532 703 594 τοῖς
740 531 1005 603 μαθηταῖς
1031 535 1100 588 τὰ
1155 535 1425 606 μυστήρια
1447 535 1630 603 ἔλεγεν
1652 554 1664 568 ο
1707 533 1905 590 Ἐθεὼ-

335 639 490 690 pavr
534 621 641 675 τὸν
683 622 977 689 Σατανᾶν,
1039 625 1119 690 ὡς
1169 625 1488 693 ἀστραπὴν
1542 627 1807 679 πεσόντα
1841 627 1910 679 ἐκ

338 711 446 764 τοῦ
490 711 771 778 οὐρανοῦ.
804 712 880 763 Δι’
911 705 985 766 ὧν
1015 712 1071 764 δέ
1097 715 1194 784 τῆς
1223 715 1451 778 κτίσεως
1471 716 1796 784 ἀφίσταται,
1825 715 1916 768 διὰ

339 801 445 854 τῶν
471 802 650 854 αὐτῶν
688 803 892 856 τούτων
933 804 1068 875 πρὸς
1088 804 1176 857 τὸν
1201 805 1418 876 Πατέρα
1442 824 1499 858 τε
1525 808 1619 859 καὶ
1642 807 1766 861 Υἱὸν
1801 807 1913 877 ἕχει

338 893 435 964 τὴν
463 893 786 964 οἰκειότητα.
819 893 915 958 Εἷς
952 896 1060 967 γὰρ
1092 895 1186 948 κοιλ⁸
1224 898 1252 948 ὁ
1291 896 1449 960 αὐτὸς
1490 899 1581 950 ἐπὶ
1618 897 1725 952 τῶν
1773 898 1915 951 κατά

342 985 502 1054 φύσιν
549 985 917 1040 ἀνεπιδέκτων
961 987 1368 1058 τοῦ-χείρονος,
1419 991 1447 1042 ὁ
1484 989 1577 1042 τοῦ
1608 989 1910 1061 ἀτρέπτου,

341 1077 434 1131 καὶ
461 1078 821 1131 ἀναλλοιώτου
846 1079 1025 1148 λόγος.

2011 532 2395 589 manifestatus
2437 551 2448 586 :
2500 533 2944 587 immutabilitate
3021 541 3077 588 et
3131 533 3514 589 imm'obilitate
3565 551 3596 589 a

2012 633 2268 680 creatura
2304 625 2684 694 distinguitur.
2722 623 2856 679 Nam
2888 632 3138 679 creatura
3169 641 3235 680 ex
3273 641 3371 681 sua
3402 635 3596 680 natura

2011 732 2123 772 non
2146 724 2229 774 est
2260 717 2640 782 immutabilis,
2695 726 2753 770 ut
2806 715 3091 785 Scriptura
3127 724 3366 772 testatur
3404 731 3597 771 casum

2014 803 2252 862 Luciferi
2279 807 2610 861 enarrans”
2645 806 2750 860 :de
2798 820 2906 876 quo
2942 805 3208 861 Dominus
3244 821 3466 876 quoque
3505 822 3602 858 ex-

2015 897 2227 969 plicans
2250 897 2534 968 discipulis
2566 897 2683 952 suis
2712 898 2993 968 mysteria,
3051 898 3270 952 aiebat:
3310 894 3435 950 Vidi
3492 895 3595 950 Sa-
3673 963 3686 974 _

2015 1000 2196 1044 tanam
2247 999 2496 1059 tanquam
2539 988 2721 1059 fulgur
2744 988 3016 1042 cadentem
3045 1004 3112 1042 ea:
3138 990 3267 1042 caelo
3283 989 3351 1042 ‘5;
3380 987 3594 1053 Quibus

2015 1090 2196 1136 autem
2231 1096 2261 1134 a
2289 1081 2560 1136 creaturis
2604 1079 2802 1145 differt,
2863 1081 2950 1135 his
2993 1081 3128 1149 ipsis
3160 1096 3285 1135 cum
3343 1080 3506 1135 Patre
3549 1089 3602 1133 et

342 1169 479 1226 Filio
513 1172 892 1241 cognationem
924 1173 1106 1239 habet,
1143 1189 1251 1229 una
1280 1176 1426 1229 enim
1501 1175 1802 1246 eademque
1869 1174 2328 1230 immutabilitatis
2397 1182 2450 1228 et
2482 1172 2926 1228 invariabilitatis
2980 1173 3120 1226 ratio
3188 1179 3276 1226 est
3319 1171 3372 1224 in
3422 1169 3600 1224 omni-

341 1266 444 1320 bus
501 1264 628 1329 illis,
694 1281 818 1336 quae
868 1275 1060 1321 natura
1113 1284 1211 1324 sua
1264 1269 1554 1324 deterioris
1615 1285 1722 1324 non
1788 1279 1914 1325 sunt
1953 1269 2199 1339 capacia.

412 1355 629 1410 Τούτων
661 1357 717 1410 δὲ
757 1359 886 1428 ἡμῖν
922 1359 1063 1414 οὕτω
1110 1361 1559 1434 προειρημένων,
1610 1361 1801 1432 καιρὸς
1849 1362 1914 1415 ἂν

345 1447 431 1517 εἴη
459 1447 644 1501 λοιπὸν
690 1449 784 1503 καὶ
813 1451 904 1504 τὸν
934 1451 1042 1504 τῶν
1072 1453 1326 1507 ἐναντίων
1349 1451 1704 1516 κατεξετάσαι
1736 1453 1916 1520 λόγον.

357 1535 600 1606 Ἀνάγκη
627 1577 641 1599 ,
702 1539 870 1608 φησὶ,
920 1538 1156 1609 μείζους
1211 1559 1275 1595 τε
1329 1541 1426 1594 καὶ
1471 1541 1757 1607 ἐλάττους
1815 1542 1920 1608 τὰς

345 1629 558 1694 οὐσίας
593 1627 746 1684 εἷναι
771 1633 841 1684 ἐν
871 1633 945 1702 τῇ
976 1635 1109 1703 περὶ
1147 1635 1251 1688 τοῦ
1294 1635 1450 1700 Υίοῦ,
1487 1635 1584 1688 καὶ
1613 1636 1717 1689 τοῦ
1749 1636 1920 1704 ἁγίου

2087 1360 2183 1416 His
2225 1360 2297 1414 ita
2336 1360 2682 1430 explanatis,
2726 1365 2946 1428 tempus
2975 1355 3228 1426 ﬂagitare
3260 1354 3504 1418 videtur,
3542 1363 3601 1409 ut

2017 1452 2288 1521 reliquam
2338 1451 2787 1517 adversariorum
2839 1449 3148 1504 orationem
3194 1448 3597 1503 examinemus.

2023 1544 2426 1610 Necessarium,
2466 1546 2678 1614 inquit,
2730 1552 2808 1597 est
2840 1543 3072 1610 majores
3125 1551 3174 1594 et
3215 1543 3446 1594 minores
3491 1556 3603 1594 esse

2022 1635 2155 1690 Filii
2184 1646 2231 1690 et
2260 1635 2492 1704 Spiritus
2534 1637 2705 1689 sancti
2737 1634 3091 1688 substantias.
3123 1632 3239 1686 Hoc
3270 1631 3504 1697 asserit,
3543 1632 3601 1685 in

343 1723 688 1790 Πνεύματος
721 1725 1086 1793 τεχνολογίᾳ.
1136 1726 1506 1796 Σκοπήσωμεν
1551 1728 1728 1778 τοίνυν
1779 1725 1919 1779 κατὰ

2027 1741 2119 1781 sua
2165 1726 2233 1780 de
2276 1724 2417 1780 Filio
2459 1733 2518 1812 et.
2569 1723 2779 1794 Spiritu
2826 1731 3021 1778 sancto
3058 1723 3472 1777 dissertatione.
3508 1719 3605 1775 Vi-

344 1810 464 1864 τίνα
505 1811 742 1866 διάνοιαν
792 1815 996 1867 ἐπινοεῖ
1042 1815 1141 1885 τῆς
1190 1816 1444 1886 τοιαύτης
1499 1817 1762 1886 διαφορᾶς
1816 1817 1915 1887 τὴν

346 1901 624 1972 ἀνάγκην·
678 1903 904 1974 πότερον
950 1907 1264 1977 σωματικῆς
1297 1924 1442 1970 τινος
1483 1907 1780 1977 γενομένης
1817 1907 1917 1977 τῆς

345 1992 481 2064 πρὸς
514 1993 717 2063 ἄλληλα
748 1995 854 2048 τῶν
882 1998 1415 2067 παραμετρουμένων
1455 1997 1794 2066 συγκρίσεως
1817 2039 1830 2062 ,
1880 1997 1912 2066 ἢ

346 2083 485 2137 κατά
514 2084 574 2137 τὸ
602 2087 790 2156 νοητὸν
817 2087 872 2138 ἐν
898 2087 973 2157 τῷ
1007 2090 1123 2141 κατ’
1159 2088 1358 2157 ἀρετὴν
1383 2087 1802 2160 ὑπερϐάλλοντι,
1824 2089 1916 2141 καὶ

346 2174 581 2227 ἐνδέοντι
619 2174 1032 2248 θεωρουμένης,
1075 2177 1107 2248 ἢ
1141 2177 1280 2231 κατὰ
1327 2178 1426 2250 τὴν
1471 2179 1657 2232 οὐσίαν
1705 2180 1913 2248 αύτήν;

359 2265 499 2317 Ἀλλ’
531 2267 625 2318 ἐπὶ
680 2267 777 2336 μὲν
832 2269 927 2338 τῆς
985 2269 1169 2332 οὐσίας
1219 2269 1431 2340 ἐδείχθη
1488 2270 1638 2341 παρὰ
1692 2269 1800 2322 τῶν
1853 2270 1918 2322 τὰ

345 2358 568 2412 τοιαῦτα
608 2359 912 2429 φιλοσοφεῖν
945 2347 1181 2426 εἰδότων,
1214 2362 1484 2433 μηδεμίαν
1516 2362 1775 2416 δύνασθαι
1808 2362 1920 2415 δια-

346 2451 518 2522 φορὰν
544 2453 792 2524 ἐννοῆσαι
822 2495 835 2518 ,
869 2454 962 2506 ἐάν
1011 2470 1094 2516 τις
1126 2455 1290 2525 αὐτὴν
1329 2453 1570 2522 ψιλώσας
1591 2494 1605 2518 ,
1657 2456 1749 2507 καὶ
1782 2456 1918 2508 ἀπο-

346 2541 639 2611 γυμνώσας
685 2543 793 2596 τῶν
844 2544 1329 2616 ἐπιθεωρουμένων
1379 2546 1680 2616 ποιοτήτων
1721 2563 1780 2598 τε
1829 2547 1920 2599 καὶ

351 2629 657 2699 ἰδιωμάτων
684 2631 873 2702 αὐτὴν,
899 2633 983 2701 ἐφ’
1014 2615 1219 2704 ἑαυτῆς⁸
1245 2633 1470 2706 ἐξετάζῃ
1497 2677 1509 2699 ,
1541 2635 1682 2688 κατά
1708 2637 1797 2688 τὸν
1824 2636 1917 2688 τοῦ

347 2717 484 2774 εἶναι
507 2720 668 2789 λόγον
694 2738 707 2752 °
741 2723 986 2776 ἐπιτάσει
1014 2725 1068 2776 δὲ
1097 2726 1190 2778 καὶ
1231 2725 1419 2794 ὑφέσει
1457 2728 1555 2795 τῆς
1592 2726 1792 2796 ἀρετῆς
1822 2726 1918 2798 τὴν

347 2811 601 2883 τοιαύτην
634 2812 896 2882 διαφορὰν
927 2816 1122 2868 ἐννοεῖν
1153 2817 1279 2886 περὶ
1314 2817 1407 2870 τοῦ
1457 2819 1788 2888 Μονογενοῦς
1829 2819 1921 2872 καὶ

347 2903 436 2957 τοῦ
478 2903 834 2974 Πνεύματος,
883 2907 978 2958 καὶ
1007 2906 1093 2960 διὰ
1139 2908 1295 2960 τοῦτο
1343 2909 1698 2981 μεταπτωτὴν
1750 2911 1919 2979 ἀναγ-

349 2993 513 3057 καίως
535 2994 621 3063 ἐφ’
651 2995 888 3066 ἑκάτερα
921 2996 1016 3067 τὴν
1045 2998 1202 3066 φύσιν
1229 3000 1406 3051 αὐτῶν
1439 2999 1806 3063 ὑποτίθεσθαι,
1837 3001 1921 3064 ,ὡς

2025 1818 2253 1872 deamus
2286 1817 2476 1887 igitur,
2511 1802 2622 1886 quo
2657 1831 2825 1871 sensu
2860 1816 3006 1870 hanc
3039 1815 3377 1870 diversitatis
3409 1814 3603 1884 hujus—

2025 1910 2172 1964 modi
2205 1909 2587 1963 necessitatem
2622 1918 2805 1962 mente
2835 1906 3143 1976 concipiat;
3173 1921 3305 1958 num
3338 1919 3603 1974 corporea

2025 2001 2262 2071 quadam
2295 1999 2585 2054 collatione
2612 1997 2757 2052 facta
2784 2011 2971 2052 eorum
2993 2039 3007 2061 ,
3042 2011 3161 2064 quae
3193 1996 3340 2048 inter
3365 2010 3424 2050 se
3450 2008 3604 2048 com-

2028 2099 2440 2154 mensurantur,
2472 2104 2540 2142 an
2574 2089 2826 2143 instituta
2859 2085 3269 2154 comparatione
3298 2084 3602 2139 secundum

2029 2181 2445 2251 intelligentiam
2480 2180 2534 2233 in
2566 2193 2797 2234 excessu
2833 2179 2919 2232 vel
2968 2177 3186 2231 defectu
3229 2175 3453 2229 virtutis
3483 2218 3497 2240 ,
3533 2190 3604 2228 an
3687 2181 3695 2189 '

2027 2289 2209 2329 rerum
2245 2272 2616 2339 substantiis;
2654 2270 2750 2327 sed
2779 2269 2962 2324 abhis
2984 2309 2998 2333 ,
3033 2270 3126 2339 qui
3161 2269 3262 2322 hoc
3292 2266 3603 2320 accuratius

2028 2372 2472 2436 perscrutantur,
2500 2363 2940 2418 demonstratum
2970 2370 3091 2426 est,
3137 2361 3344 2412 nullam
3388 2358 3605 2427 ejusce-

2027 2455 2175 2510 modi
2207 2455 2566 2511 diﬁerentiam
2602 2453 2830 2523 reperiri
2882 2454 2938 2506 in
2990 2450 3332 2514 substantia,
3382 2449 3428 2503 si
3479 2449 3604 2517 quis

2026 2561 2147 2601 eam
2182 2546 2326 2601 nude
2355 2553 2408 2601 et
2441 2561 2538 2615 per
2569 2561 2657 2609 se,
2695 2543 3000 2599 secundum
3047 2542 3306 2597 essentia:
3352 2555 3464 2595 sua:
3512 2553 3604 2591 ra-

2027 2637 2231 2691 tionem
2253 2679 2266 2703 ,
2301 2629 2354 2692 ei
2388 2636 2456 2691 ab
2489 2635 2746 2689 omnibus
2781 2631 3141 2704 qualitatibus
3193 2637 3247 2685 et
3288 2628 3601 2701 prOprieta-

2026 2729 2174 2783 tibus
2211 2730 2518 2798 sejunctam
2555 2725 2886 2782 consideret.
2944 2723 3012 2776 At
3048 2737 3176 2776 vero
3211 2721 3520 2776 intensione
3550 2727 3606 2774 et

2028 2821 2354 2876 remissione
2408 2821 2628 2876 virtutis
2675 2829 2730 2875 et
2785 2819 3041 2888 potentia:
3087 2815 3404 2884 hujusmodi
3450 2813 3606 2869 diﬂ‘c-

2028 2913 2261 2967 rentiam
2288 2952 2300 2975 ,
2335 2911 2388 2965 in
2435 2907 2730 2981 unigenito'
2765 2905 2907 2964 Fili’o
2943 2919 2997 2964 et
3033 2907 3244 2978 Spiritu
3280 2915 3470 2962 sancto
3506 2904 3605 2959 de-

2031 3003 2186 3057 ﬁnire
2213 3003 2382 3066 velle,
2425 3009 2479 3056 et
2511 3002 2579 3056 ob
2611 3001 2713 3056 hoc
2751 3015 3032 3064 asserere,
3069 2999 3213 3068 quod
3247 2996 3458 3067 praediti
3494 2996 3606 3051 sint

347 3085 599 3156 δεκτικὴν
633 3081 800 3138 οὖσαν
833 3086 1026 3156 ἐπίσης
1048 3088 1155 3140 τῶν
1181 3090 1452 3153 ἐναντίων,
1484 3091 1575 3144 καὶ
1597 3093 1652 3144 ἐν
1685 3091 1920 3162 μεθορίῳ

2030 3101 2258 3159 natura,
2297 3091 2756 3162 quae-mutatione
2804 3089 2981 3153 facta,
3030 3089 3096 3144 ad
3141 3097 3373 3157 utraque
3405 3095 3608 3140 trans-

351 3168 513 3222 καλοῦ
561 3187 622 3222 τε
660 3171 874 3224 καὶτοῦ
926 3174 1166 3226 ἐναντίου
1207 3177 1464 3248 κειμένην
1491 3217 1505 3242 ,
1544 3179 1642 3248 τῆς
1687 3181 1920 3252 ἐσχάτης

350 3261 602 3326 ἀσεϐείας
629 3263 795 3317 ἐστίν.
832 3264 991 3317 Ἀλλο
1029 3267 1136 3340 γάρ
1169 3285 1219 3320 τι
1269 3265 1404 3320 εἶναι
1450 3268 1614 3340 αὐτὴν
1645 3270 1784 3323 κατὰ
1829 3271 1920 3324 τὸν

351 3355 479 3409 ἴδιον
521 3356 679 3423 λόγον
705 3397 720 3421 ,
755 3357 848 3410 καὶ
891 3357 1016 3411 ἄλλο
1068 3377 1118 3412 τι
1166 3359 1410 3427 γίνεσθαι
1437 3363 1504 3432 τῇ
1542 3362 1808 3433 μετουσίᾳ·
1826 3347 1920 3417 τοῦ

351 3447 536 3511 καλοῦ,
574 3449 669 3501 καὶ
700 3448 794 3502 τοῦ
826 3452 1067 3520 χείρονος
1091 3492 1104 3515 ,
1134 3453 1162 3504 ὁ
1190 3452 1362 3505 ταῦτα
1384 3452 1558 3521 λέγων
1585 3456 1923 3510 κατασκευά-

357 3555 434 3591 σει
459 3557 474 3570 ·
503 3533 614 3592 οἷον
642 3540 734 3592 ἐπὶ
765 3540 859 3593 τοῦ
901 3541 1118 3611 σιδήρου
1168 3542 1452 3612 συμϐαίνει
1471 3561 1490 3572 ⁸
1527 3543 1586 3607 ὂς
1617 3545 1708 3598 ἐπί
1741 3547 1922 3600 πλεῖον

359 3632 455 3700 μὲν
475 3631 552 3701 τῷ
582 3632 718 3703 πυρὶ
743 3632 1113 3704 καθομιλήσας
1131 3674 1146 3698 ,
1179 3633 1278 3705 τὴν
1306 3635 1566 3704 ποιότητα
1590 3635 1684 3688 τοῦ
1717 3635 1922 3708 θερμοῦ

357 3723 662 3786 ὑποδύεται,
697 3722 870 3793 μένων
899 3725 955 3775 ἐν
978 3724 1053 3794 τῷ
1079 3723 1292 3793 σίδηρος
1326 3719 1467 3776 εἶναι
1494 3741 1506 3754 ο
1539 3727 1588 3777 εἰ
1615 3725 1672 3777 δέ
1707 3728 1764 3778 ἐν
1788 3726 1922 3796 χιόνι

357 3811 559 3877 γένοιτο
581 3855 597 3876 ,
627 3810 659 3881 ἤ
702 3811 1020 3882 κρυστάλλῳ
1040 3851 1053 3873 ,
1091 3810 1410 3880 μεταϐάλλει
1442 3811 1576 3880 πρὸς
1605 3813 1664 3866 τὸ
1698 3817 1926 3885 ἐπικρα-

354 3901 475 3954 τοῦν
502 3901 604 3972 τὴν
643 3901 904 3971 ποιότητα
929 3941 943 3965 ,
970 3902 1029 3955 τὸ
1050 3901 1255 3972 ψυχρὸν
1283 3903 1382 3972 τῆς
1425 3904 1597 3974 χιόνος
1632 3907 1742 3970 τοῖς
1775 3905 1923 3971 ἰδίοις

363 3993 566 4065 μορίοις
594 3993 1007 4064 ἀναδεξάμενος.

424 4177 636 4249 Ὠσπερ
660 4173 753 4232 οῦν
783 4177 881 4230 οὐκ
909 4177 970 4230 ἐκ
999 4177 1096 4248 τῆς
1124 4178 1596 4250 ἐπιθεωρουμένης
1617 4178 1694 4251 τῷ
1724 4181 1928 4252 σιδήρῳ

357 4269 638 4339 ποιότητος
680 4271 780 4341 τὴν
819 4269 950 4340 ὓλην
996 4271 1506 4341 προσαγορεύομεν⁹
1555 4272 1616 4324 ού
1673 4271 1778 4343 γὰρ
1814 4273 1925 4343 πῦρ

357 4361 535 4428 αὑτὸν,
568 4361 601 4433 ἢ
641 4362 974 4433 κρύσταλλον
999 4362 1333 4433 ὀνομάζομεν
1361 4363 1454 4416 τὸν
1482 4363 1562 4417 ἐν)⁴
1591 4363 1794 4418 τούτων
1818 4382 1918 4418 πε-

2030 3183 2162 3238 ferri
2207 3187 2408 3251 queat,
2466 3180 2541 3233 ita
2577 3186 2636 3232 ut
2672 3194 2736 3233 ex
2767 3193 2926 3248 :uquo
2975 3175 3385 3231 contrariorum
3432 3189 3604 3244 capax

2003 3277 2101 3330 'sit
2131 3274 2431 3328 constituta
2462 3271 2519 3325 in
2553 3268 2796 3326 conﬁnio
2832 3267 3094 3322 bonitatis
3118 3306 3132 3329 ,
3173 3266 3404 3334 ejusque
3449 3264 3602 3334 quod

2029 3366 2159 3421 huic
2211 3365 2579 3420 adversatur:
2637 3368 2896 3416 extremae
2951 3358 3239 3428 cujusdam
3306 3355 3605 3425 impietatis

2033 3463 2422 3527 argumentum
2449 3461 2553 3509 est.
2591 3451 2754 3507 Aliud
2785 3451 2930 3507 enim
2961 3450 3110 3502 illam
3142 3463 3267 3504 esse
3302 3445 3622 3503 secundum-

2031 3547 2304 3617 propriam
2341 3560 2498 3601 suam
2529 3543 2798 3597 rationem
2824 3583 2838 3605 ,
2870 3547 2924 3595 et
2953 3538 3100 3593 aliud
3133 3538 3279 3591 illam
3313 3536 3610 3606 participa-

2034 3637 2181 3690 tione
2207 3635 2468 3690 bonitatis
2497 3633 2614 3688 [ieri
2646 3676 2659 3700 ,
2692 3633 2767 3696 is,
2797 3631 2890 3701 qui
2922 3630 3052 3683 talia
3079 3628 3245 3682 tradit
3275 3625 3608 3696 persuadere

2032 3735 2286 3783 conatur:
2314 3735 2373 3780 ut
2404 3725 2459 3778 in
2495 3723 2638 3778 ferro
2677 3723 2910 3788 accidit,
2940 3719 3086 3790 quod
3115 3719 3173 3773 in
3201 3719 3326 3789 igne
3355 3718 3447 3772 diu
3482 3715 3609 3771 reli-

2031 3827 2180 3874 ctum
2203 3858 2216 3883 ,
2245 3817 2448 3872 caloris
2477 3815 2800 3886 qualitatem
2833 3812 3046 3878 induit,
3073 3811 3166 3867 sed
3195 3819 3374 3864 tamen
3402 3809 3606 3864 ferrum

2032 3918 2215 3967 manet
2241 3927 2254 3976 ;
2280 3909 2326 3964 si
2355 3923 2486 3964 vero
2515 3906 2797 3977 injiciatur
2818 3905 2931 3959 nivi
2964 3904 3048 3958 vel
3071 3902 3292 3973 glaciei,
3320 3908 3452 3954 tunc
3479 3914 3608 3968 qua-

2031 4002 2237 4055 litatem
2283 4012 2440 4055 suam
2491 3995 2788 4050 valentiore
2833 3992 2977 4048 nivis
3025 3989 3228 4061 frigore
3273 3991 3605 4047 commutat,

2033 4093 2197 4162 idque
2227 4091 2368 4145 intra
2401 4097 2586 4159 partes
2617 4102 2747 4142 suas
2771 4083 2991 4153 recipit.

2102 4179 2572 4248 Quemadmodum
2597 4178 2765 4247 igitur
2786 4191 2897 4229 non
2922 4189 2990 4228 ex
3013 4173 3280 4241 impressa
3307 4166 3451 4222 ferro
3473 4178 3608 4233 qua-

2035 4273 2190 4327 litate
2222 4270 2505 4325 materiam
2557 4267 3018 4328 denominamus,
3069 4274 3250 4330 neque
3302 4258 3481 4328 ignem
3522 4255 3608 4310 vel

2036 4363 2266 4434 glaciem
2296 4373 2589 4422 vocamus,
2625 4372 2690 4412 eo
2719 4353 2867 4426 quod
2901 4352 3222 4426 alterutrius
3252 4346 3607 4420 qualitatibus

361 4454 655 4526 ποιωμένον
680 4470 694 4485 ο
728 4453 899 4518 οὕτως
936 4455 984 4507 εί
1025 4453 1200 4525 δοθείη
1221 4494 1236 4521 ,
1273 4455 1413 4508 κατά
1461 4455 1550 4509 τὸν
1582 4456 1688 4511 τῶν
1717 4456 1920 4514 ἀσεϐῶν

2035 4453 2287 4509 ali‘ectum
2341 4450 2413 4507 sit
2451 4468 2464 4503 :
2505 4450 2582 4502 ita
2615 4449 2662 4502 si
2694 4443 3050 4506 concedatur,
3083 4449 3143 4496 ut
3181 4439 3333 4509 impii
3379 4437 3606 4499 volunt,

356 4548 529 4618 λόγον,
557 4548 650 4600 ἐπὶ
675 4549 774 4616 τῆς
817 4545 1077 4612 ζωοποιοῦ
1111 4547 1390 4618 δυνάμεως
1417 4587 1432 4613 ,
1471 4549 1544 4619 μὴ
1591 4551 1709 4602 κατ’
1738 4552 1924 4605 ούσίαν

360 4639 680 4709 ἐνυπάρχειν
712 4638 847 4710 αὐτῇ
867 4639 930 4691 τὸ
959 4637 1159 4706 ἀγαθόν
1184 4657 1197 4670 ·
1221 4640 1335 4692 ἀλλ’
1356 4643 1420 4693 ἐκ
1448 4643 1735 4711 μετουσίας
1765 4661 1927 4715 προσ-

360 4730 634 4797 γίνεσθαιο
681 4729 864 4783 οὐκέτι
918 4731 982 4782 ἐκ
1020 4731 1117 4799 τῆς
1169 4731 1263 4784 τοῦ
1297 4730 1500 4800 ἀγαθοῦ
1555 4735 1925 4806 προσηγορίας

360 4822 558 4891 κυρίως
612 4820 1076 4891 ὀνομασθήσεται.-
1111 4821 1270 4876 Ἀλλά
1315 4839 1367 4874 τι
1417 4821 1600 4894 ἕτερον
1649 4826 1849 4879 ἐννοεῖν
1893 4827 1926 4898 ἡ

357 4913 576 4981 τοιαύτη
608 4912 876 4983 ὑπόληψις
907 4912 1225 4980 ἀναγκάσει,
1261 4913 1336 4978 ὡς
1379 4916 1514 4986 μήτε
1548 4915 1732 4980 ἀῖδίως
1778 4917 1928 4989 αύτῷ

356 5002 416 5054 τὸ
440 5002 643 5070 ἀγαθὸν
675 5001 1077 5074 ἐνθεωρεῖσθαι,
1116 5003 1255 5074 μήτε
1293 5004 1445 5069 αὐτὸ,
1486 5007 1621 5077 ὅπερ
1646 5008 1825 5074 ἐστὶν,
1868 5011 1926 5064 ἐν

357 5095 419 5164 τῇ
463 5091 558 5146 τοῦ
624 5091 831 5160 ἀγαθοῦ
867 5091 1024 5161 φύσει
1073 5093 1585 5163 καταλαμϐάνεσθαι
1612 5111 1627 5125 ο
1691 5095 1804 5148 ἀλλ’
1851 5097 1927 5161 ὡς

357 5185 450 5239 καὶ
494 5185 625 5238 ποτὲ
667 5185 741 5256 μὴ
787 5183 848 5238 ὃν
885 5185 942 5237 ἐν
985 5185 1123 5256 αὐτῇ
1167 5185 1227 5239 τὸ
1262 5185 1482 5254 ἀγαθὸν,
1537 5186 1629 5239 καὶ
1669 5188 1797 5241 ποτέ
1852 5190 1925 5261 μὴ

355 5274 631 5345 ἐσόμενον.
676 5274 740 5326 Et
763 5273 870 5345 γὰρ
908 5275 984 5346 τῷ
1016 5276 1264 5347 μετέχειν
1285 5276 1377 5330 τοῦ
1407 5276 1710 5347 κρείττονος
1751 5279 1930 5347 ἀγαθὰ

355 5364 602 5432 γίνεται,
676 5362 834 5434 δῆλον
879 5364 959 5417 ὅτι
1012 5364 1118 5436 πρὸ
1196 5366 1297 5434 τῆς
1361 5364 1646 5436 μετουσίας
1708 5367 1930 5421 τοιαῦτα

355 5455 454 5508 ούκ
484 5449 573 5524 ἧν.
637 5451 750 5508 Καὶ
800 5454 847 5506 εί
875 5453 1002 5508 ἄλλο
1033 5472 1085 5507 τι
1113 5452 1239 5508 ὅντα
1266 5459 1330 5527 τῇ
1364 5453 1634 5528 παρουσίᾳ
1668 5455 1934 5526 τοῦὋιγα-

389 5623 564 5680 “lsa.
612 5641 723 5696 xtv,
758 5628 843 5682 i2.
925 5629 971 5662 "
1008 5627 1141 5682 Luc.
1173 5643 1225 5692 κ,
1254 5627 1335 5682 18.

2033 4549 2091 4602 in
2122 4542 2474 4601 viviticalrice
2503 4541 2594 4594 illa
2622 4543 2935 4610 potestate,
2975 4549 3085 4588 non
3117 4549 3182 4588 ex
3216 4541 3413 4586 natura
3447 4528 3609 4584 boni-

2035 4647 2201 4694 tatem
2245 4636 2458 4698 inesse,
2490 4631 2582 4686 sed
2624 4646 2691 4685 ex
2729 4627 3155 4699 participatione
3189 4624 3291 4694 ipsi
3339 4620 3606 4676 accidere:

2033 4745 2145 4784 non
2179 4726 2440 4784 sortietur
2473 4721 2694 4794 preprie
2739 4718 3177 4774 nominationem
3225 4731 3291 4770 ex
3332 4713 3604 4778 bonitate,

2037 4819 2133 4877 sed
2167 4816 2480 4873 necessario
2517 4827 2801 4884 cogemur,
2847 4809 2995 4863 aliud
3039 4806 3299 4877 quiddam
3336 4805 3523 4860 animo
3556 4812 3623 4857 ειη

2036 4910 2373 4983 cogitatione
2392 4905 2718 4962 eﬂ‘ormare:
2759 4903 2825 4957 ab
2859 4908 3066 4956 aeterno
3101 4897 3358 4954 videlicet
3391 4895 3612 4952 bonita-

2034 5014 2144 5060 tem
2179 5004 2232 5057 ei
2276 5014 2454 5070 neque
2491 5005 2839 5068 competere,
2886 5008 3064 5063 neque
3096 4999 3352 5046 naturam
3397 4989 3516 5056 ejus
3555 4994 3611 5039 et

2032 5092 2362 5156 essentiam,
2418 5094 2473 5143 et
2525 5087 2629 5142 hoc
2671 5085 2850 5155 ipsum
2896 5083 3042 5154 quod
3097 5089 3209 5147 est,
3246 5080 3302 5132 in
3359 5074 3610 5129 bonitate

2034 5185 2336 5242 consistere
2356 5222 2371 5248 ,
2405 5180 2564 5252 quasi
2601 5177 2899 5248 aliquando
2928 5176 3176 5231 bonitate
3212 5167 3484 5226 caruerit,
3515 5177 3610 5252 ea-

2035 5276 2268 5346 demque
2309 5248 2474 5328 etiain
2518 5269 2720 5326 futuris
2754 5266 3101 5337 temporibus
3132 5248 3607 5346 aliquando-cari-

2036 5372 2158 5420 tura
2177 5338 2274 5419 sit.
2320 5361 2379 5415 Si
2424 5360 2569 5415 enim
2601 5355 2990 5413 communione
3012 5348 3141 5405 boni
3168 5386 3182 5411 ,
3228 5345 3283 5396 in
3313 5338 3474 5395 bonis
3505 5352 3607 5391 nu-

2038 5461 2320 5512 merantur
2361 5451 2533 5507 Filius
2565 5455 2619 5506 et
2669 5447 2908 5518 Spiritus
2940 5446 3198 5499 sanctus,
3233 5431 3441 5488 clarum
3477 5435 3564 5486 eat
3589 5464 3604 5489 ,
