4046 6156
390 241 505 305 359

1642 247 1700 305 S.
1741 246 2072 306 GREGORII
2109 246 2405 305 NYSSENI

3552 252 3658 309 3ίὺ

397 379 495 422 eos
519 369 646 420 ante
671 363 813 420 hanc
841 362 1283 422 communionem
1309 364 1446 423 tales
1474 379 1821 438 nequaquam
1849 367 1982 423 fuis-

2095 366 2177 420 iot')
2225 365 2563 438 ἐπεχρὼσθη,
2607 365 2824 430 πάντως
2865 366 2973 423 κᾶν
3024 364 3238 437 μονωθῇ
3281 364 3494 429 τούτου,
3533 368 3661 422 ἄλλο

397 473 484 515 se:
512 467 566 514 et
589 458 659 525 si,
692 471 817 512 cum
847 455 996 511 aliud
1025 455 1285 528 quiddam
1314 467 1522 524 essent,
1555 461 1844 530 praesentia
1876 459 1972 517 bo-

397 548 620 615 nitatis,
665 547 824 618 quasi
867 547 1053 603 colore
1097 548 1332 619 quodam
1364 550 1524 604 tincti
1554 557 1713 616 sunt,
1745 550 1972 605 omnino

398 638 815 708 sequitur,eos,
866 639 912 694 si
963 653 992 692 a
1039 639 1283 694 bonitate
1317 648 1662 710 separentur,
1697 640 1972 694 diversum

396 728 656 800 quiddam
692 743 722 782 a
751 729 998 784 bonitate
1026 731 1332 786 censendos
1362 745 1503 786 esse.
1537 729 1605 784 Et
1631 730 1677 785 si
1709 731 1823 784 haec
1851 730 1971 800 Opi-

395 819 490 873 nio
523 819 864 883 invalescat,
898 819 1012 890 jam
1048 835 1161 874 non
1193 821 1370 890 magis
1402 821 1667 875 bonorum
1705 819 1973 875 submini-

397 913 628 966 stratrix
666 924 722 968 et
758 913 1161 984 suppeditatrix
1200 915 1607 969 existimabitur
1641 914 1829 969 divina
1868 929 1971 968 na-

394 1011 519 1058 tura
544 1043 558 1067 ,
596 1018 760 1074 quam
799 1019 860 1059 ea
897 1019 926 1058 a
958 1020 1062 1074 qua
1104 1006 1224 1076 ipsa
1267 1007 1416 1060 velut
1461 1005 1646 1074 indiga
1691 1004 1972 1060 beneficiis

395 1095 653 1151 allicitur.
683 1095 971 1162 Quomodo
997 1097 1142 1152 enim
1174 1097 1298 1167 quis
1325 1097 1481 1152 alteri
1510 1096 1722 1152 dederit
1747 1097 1801 1150 id
1822 1140 1835 1162 ,
1863 1110 1973 1166 quo

394 1187 516 1257 ipse
549 1187 749 1243 caret?
794 1187 850 1242 Si
887 1189 1055 1260 igitur
1086 1188 1328 1260 perfecte
1351 1189 1650 1244 bonitatem
1684 1189 1970 1260 possidet,

395 1279 611 1333 nullum
641 1294 772 1349 ergo
802 1279 1073 1335 defectum
1119 1280 1177 1334 in
1223 1280 1326 1335 hac
1359 1280 1694 1350 perfectione
1731 1280 1975 1334 admitti-

396 1386 552 1438 mus,
609 1373 922 1443 stultusque
966 1377 1164 1431 merito
1208 1373 1510 1444 judicatur,
1544 1374 1638 1440 qui
1693 1374 1747 1428 in
1792 1371 1972 1443 perfe-

398 1461 580 1516 ctione
613 1460 1055 1519 imminutionem
1090 1464 1348 1519 collocat.
1388 1465 1457 1520 At
1492 1465 1537 1520 si
1579 1465 1708 1520 boni
1742 1465 1973 1536 partici-

401 1552 552 1622 patio
579 1553 715 1624 ipsis
746 1555 1065 1626 imperfecta
1095 1557 1345 1622 obvenit,
1377 1563 1436 1612 ut
1464 1558 1534 1612 ob
1570 1558 1622 1612 id
1654 1557 1974 1613 remissioni

401 1644 631 1700 obnoxii
663 1647 939 1715 dicantur,
971 1649 1097 1705 vide
1144 1651 1273 1721 quid
1315 1649 1444 1706 inde
1473 1659 1773 1720 sequatur:
1809 1651 1975 1704 nimi-

397 1751 523 1790 rum
561 1737 653 1803 id,
690 1739 835 1807 quod
875 1740 948 1793 ita
998 1750 1196 1794 natura
1247 1749 1622 1811 comparatum
1667 1749 1784 1809 est,
1836 1743 1975 1797 nihil

395 1827 648 1885 beneficii
702 1831 758 1885 in
813 1847 936 1886 eum
995 1833 1088 1904 qui
1139 1832 1419 1889 inferioris
1467 1835 1803 1891 conditionis
1851 1843 1972 1901 est,

397 1921 682 1987 conferet,
722 1923 818 1979 sed
859 1925 1166 1980 elaborabit
1191 1967 1210 1992 ,
1256 1934 1317 1980 ut
1367 1941 1523 1982 suam
1567 1927 1850 1998 penuriam
1881 1927 1978 1981 de-

395 2009 598 2082 pellat,
631 2013 797 2084 idque
827 2016 975 2085 quod
1009 2017 1164 2072 deest
1197 2019 1482 2088 suppleat,
1512 2025 1572 2072 ut
1602 2018 1850 2088 proinde,
1883 2019 1980 2071 ho-

2078 475 2130 509 τι
2160 457 2221 509 τὸ
2245 456 2446 525 ἀγαθὸν
2476 456 2861 527 νομισθήσεται
2881 473 2895 487 °
2935 455 3031 510 καὶ
3075 456 3172 510 ἐὰν
3204 455 3362 509 τοῦτο
3387 459 3658 529 κρατῆσῃ,

2079 548 2139 600 οὺ
2181 546 2378 618 μᾶλλον
2422 546 2640 617 ἀγαθῶν
2676 547 2982 619 παρεκτικὴ
3026 549 3059 617 ή
3114 546 3232 601 θεία
3277 547 3438 616 φύσις
3486 566 3659 601 κατα-

2079 638 2447 710 ληφθήσεται,
2481 645 2515 716 ἡ
2585 640 2678 694 καὶ
2719 639 2854 711 αὐτὴ
2892 639 3262 710 προσδεομένη
3303 640 3397 692 τοῦ
3451 641 3658 708 ἀγαθύ-

2080 744 2281 791 νοντος.
2339 727 2462 791 Πιῖις
2493 727 2602 800 γὰρ
2641 729 2705 783 ἄν
2749 746 2832 791 τις
2879 729 3052 802 ἐτέρῳ
3083 733 3357 801 παράσχοι
3398 731 3462 783 τὸ
3507 731 3535 783 ὂ
3583 733 3658 800 μὴ

2080 820 2241 883 αὐτὸς
2283 820 2434 891 ἔχει;
2515 820 2578 874 Et
2628 821 2726 891 μὲν
2781 817 2874 876 οὖν
2924 821 3144 886 τελείως
3187 822 3331 892 ἔχει,
3401 822 3660 892 οὐδεμίαν

2081 911 2270 980 ὕφεσιν
2316 913 2407 964 ἐπὶ
2457 911 2555 982 τῆς
2605 913 2938 986 τελειότητος
2997 915 3362 985 ἐννοήσομεν·
3409 915 3504 966 καὶ
3555 915 3660 984 μά-

2079 1023 2227 1070 ταιος
2259 1008 2287 1059 ὁ
2316 1006 2740 1071 κατασκευάζων
2764 1009 2820 1060 ἐν
2842 1007 2919 1078 τῷ
2946 1006 3135 1078 τελείῳ
3157 1008 3217 1060 τὸ
3245 1007 3481 1060 ἔλαττον.
3512 1009 3574 1060 Εἰ
3601 1007 3662 1060 δὲ

2081 1097 2273 1166 ἀτελὴς
2325 1099 2381 1151 ἐν
2427 1098 2609 1162 αὐτοῖς
2651 1101 2682 1170 ή
2724 1098 2816 1151 τοῦ
2865 1097 3070 1167 ἀγαθοῦ
3129 1099 3389 1168 μετουσία
3437 1099 3659 1168 νομίζει-

2080 1207 2189 1253 ται,
2239 1190 2333 1242 καὶ
2373 1187 2513 1241 κατά
2562 1187 2716 1241 τοῦτο
2755 1188 2816 1242 τὸ
2869 1189 3086 1242 ἔλαττον
3115 1189 3351 1258 λέγουσι,
3382 1190 3662 1259 σκόπησον

2079 1279 2180 1349 τὴν
2218 1277 2536 1332 ἀκολουθίαν
2561 1294 2575 1310 ο
2618 1277 2781 1330 ὅτιτὸ
2810 1277 2981 1342 οὓτως
3009 1278 3149 1349 ἔχον,
3185 1279 3306 1350 οὐχ).
3345 1280 3406 1331 τὸ
3439 1279 3664 1332 ὑποδεέ-

2085 1390 2271 1445 στερον
2300 1373 2670 1443 εύεργετήσει’
2703 1371 2817 1424 ἀλλ’
2866 1373 3013 1437 ὅπως
3040 1373 3100 1425 τὸ
3129 1373 3303 1444 ἐαυτῷ
3330 1374 3508 1427 ἐνδέον
3529 1376 3664 1428 ἀνα·

2085 1464 2365 1536 πληρώσῃ,
2389 1466 2486 1536 τὴν
2504 1464 2737 1535 σπουδὴν
2753 1463 2862 1528 ἕξει
2882 1482 2897 1498 ο
2921 1464 3062 1518 ὥστε
3077 1465 3276 1536 ψευδὴς
3297 1466 3416 1519 κατ’
3455 1462 3656 1526 αὐτοὺς

2083 1559 2297 1628 καὶτῆς
2327 1556 2580 1628 προνοίας
2618 1560 2646 1609 ὁ
2669 1545 2845 1625 λόγος,
2888 1559 2982 1633 καὶ
3017 1558 3118 1628 τῆς
3152 1559 3407 1630 κρίσεως,
3434 1559 3527 1614 καὶ
3560 1559 3666 1630 τῆς

2082 1649 2410 1720 οἰκονομίας,
2447 1651 2540 1703 καὶ
2587 1650 2799 1703 πάντων
2847 1649 2954 1702 τῶν
2996 1651 3147 1720 παρὰ
3190 1649 3284 1702 τοῦ
3321 1648 3666 1718 Μονογενοῦς

2083 1740 2406 1812 γεγενῆσθαι
2484 1741 2578 1794 καὶ
2610 1743 2781 1793 εἰσαεὶ
2811 1739 3055 1809 γίνεσθαι
3087 1741 3533 1811 πεπιστευμένων
3553 1783 3568 1806 ,
3605 1742 3666 1792 ἐν

2079 1836 2146 1904 τῇ
2189 1834 2317 1905 περὶ
2353 1833 2414 1886 τὸ
2452 1833 2581 1887 ίδιον
2616 1833 2820 1902 ἀγαθὸν
2859 1833 3168 1905 ἐπιμελείᾳ,
3206 1833 3347 1888 κατά
3391 1834 3452 1887 τὸ
3494 1835 3668 1898 εἰκὸς,

2083 1922 2502 1995 ἀσχολουμένου,
2537 1924 2630 1978 καὶ
2665 1923 2763 1995 τὴν
2791 1922 2885 1977 τοῦ
2915 1925 3114 1989 παντὸς
3157 1924 3478 1980 ἐπιστασίαν
3509 1925 3674 1994 διαφ-

2088 2017 2279 2080 ιέντος.

397 2121 520 2159 rnm
577 2109 883 2174 sententia,
939 2111 1138 2166 falsum
1188 2127 1310 2165 esse
1359 2119 1642 2182 oporteat,
1696 2110 1966 2182 quidquid
2004 2112 2246 2166 traditur
2316 2113 2384 2168 de
2415 2111 2802 2183 providentia,
2839 2111 2907 2166 de
2938 2109 3184 2181 judicio,
3257 2111 3670 2169 incarnatione.

399 2197 763 2268 omnibusque
799 2201 940 2264 illis,
974 2217 1094 2270 quae
1147 2210 1240 2256 aut
1283 2218 1379 2272 per
1423 2201 1781 2273 Unigenitum
1859 2202 2004 2258 facta
2045 2215 2208 2268 sunt,
2239 2214 2332 2258 aut
2361 2205 2544 2260 adhuc
2575 2203 2888 2275 peragenda
2918 2203 3260 2260 creduntur:
3317 2205 3516 2273 quippe
3544 2204 3677 2274 qui,

402 2295 465 2341 ut
503 2303 600 2359 par
637 2297 756 2352 est,
818 2291 875 2345 in
923 2293 1131 2364 proprii
1177 2303 1229 2350 ct
1272 2297 1468 2365 privati
1502 2297 1630 2352 boni
1672 2297 2060 2368 procuratione
2097 2308 2400 2368 occupatus
2448 2299 2552 2363 sit,
2597 2298 2824 2353 dimissa
2855 2297 3020 2368 hujus
3069 2297 3444 2354 universitatis
3495 2297 3673 2352 admi-

402 2387 752 2443 nistratione.

476 2484 533 2539 Si
562 2486 706 2540 enim
752 2487 920 2542 semel
954 2487 1183 2545 firmiter
1220 2491 1277 2545 in
1325 2491 1528 2548 animis
1562 2492 1844 2549 hominum
1896 2493 1978 2548 in-
2063 2527 2066 2530 -

406 2576 582 2633 sideat
621 2580 908 2647 persuasio
933 2580 1069 2646 haec,
1127 2580 1547 2652 Redemptorcm
1580 2592 1830 2640 nostrum
1869 2601 1977 2638 non

406 2683 532 2724 esse
565 2669 621 2723 in
653 2671 833 2728 omnis
857 2672 1120 2728 bonitatis
1151 2675 1485 2729 abundantia
1509 2676 1977 2746 perfedtissimum

409 2769 464 2814 et
488 2764 1114 2829 consummatissimum,
1138 2765 1364 2822 difficile
1385 2782 1495 2822 non
1524 2768 1628 2822 erit
1649 2769 1977 2838 perspicere,

411 2866 678 2920 quorsum
709 2867 941 2909 evasura
973 2855 1048 2908 sit
1078 2856 1192 2910 hch
1220 2857 1582 2928 blasphemia.
1617 2856 1751 2912 Nam
1787 2859 1834 2914 si
1870 2858 1986 2915 lucc

410 2943 489 2997 ita
519 2958 640 2999 sese
667 2941 890 3010 habent,
923 2963 1065 3002 vana
1099 2958 1182 3004 est
1214 2949 1370 3015 ﬁdes,
1421 2950 1605 3005 inanis
1643 2951 1982 3021 praedicatio,

414 3034 609 3091 inanes
645 3052 772 3107 spes
803 3048 1027 3104 nostrzr,
1072 3056 1193 3110 quae
1233 3041 1336 3097 fide
1371 3043 1517 3097 velut
1550 3043 1667 3098 basi
1701 3050 1756 3097 et
1787 3043 1984 3098 funda-

2158 2490 2218 2541 Εἰ
2243 2486 2349 2555 γὰρ
2378 2484 2514 2556 αὕτη
2539 2485 2860 2554 κρατήσειεν
2893 2484 2926 2554 ἡ
2955 2483 3194 2547 ὑπόνοια,
3213 2483 3274 2536 τὸ
3305 2483 3377 2554 μὴ
3395 2484 3683 2538 τετελειῶ-

2087 2579 2210 2633 σθαι
2246 2578 2336 2630 τὸν
2375 2575 2578 2647 Κύριον
2613 2576 2671 2628 ἐν
2712 2576 2874 2628 παντὶ
2914 2574 3134 2644 ἀγαθῷ,
3191 2577 3376 2628 οὐκέτι
3414 2575 3680 2628 δύσκολον

2088 2670 2318 2726 συνιδεῖν
2361 2670 2440 2731 είς
2475 2669 2503 2720 ὅ
2531 2686 2579 2720 τι
2610 2667 2974 2738 καταστρέφει
3002 2669 3034 2736 ἡ
3071 2667 3408 2737 βλασφημία,
3465 2667 3680 2720 Ὄντων

2089 2763 2198 2833 γὰρ
2234 2759 2340 2814 τῶν
2362 2757 2638 2819 τοιούτων,
2678 2757 2882 2828 ματαία
2911 2758 3010 2829 μὲν
3040 2759 3073 2828 ἡ
3107 2757 3309 2820 πίστις,
3347 2757 3499 2809 κενὸν
3529 2758 3584 2810 δὲ
3616 2759 3682 2811 τὸ

2093 2855 2376 2926 κήρυγμα,
2421 2849 2782 2903 ἀνυπόστατοι
2812 2849 2869 2903 δέ
2898 2852 2951 2904 αί
2998 2849 3235 2913 ἐλπίδες,
3267 2849 3322 2902 αἶ
3345 2849 3431 2902 διὰ
3455 2853 3552 2920 τῆς
3582 2852 3677 2903 πί-

2093 2961 2260 3007 στεως
2285 2941 2382 3014 τὴν
2409 2941 2704 2994 ὑπόστασιν
2733 2940 2931 3010 ἔχουσι.
2979 2939 3043 2992 Τί
3066 2940 3174 3010 γὰρ
3215 2940 3565 3010 βαπτίζονται
3596 2943 3683 3003 εἰς

2091 3035 2343 3106 Χριστὸν,
2375 3025 2418 3100 ᾧ
2448 3033 2522 3102 μὴ
2556 3031 2658 3084 ίδία
2693 3031 2926 3101 δύναμις
2967 3029 3310 3099 ἁγαθοσύνης
3337 3046 3350 3094 ;
3391 3031 3594 3082 Ἀπίτω
3622 3031 3682 3083 δὲ

412 3133 602 3180 mento
632 3127 868 3196 quodam
902 3130 1171 3204 nituntur.
1207 3131 1277 3186 Ut
1303 3133 1435 3203 quid
1464 3133 1608 3188 enim
1642 3134 1989 3204 baptizantur

2095 3125 2186 3179 τοῦ
2218 3125 2483 3193 στόματός
2515 3141 2615 3194 μου
2659 3123 2720 3175 τὸ
2761 3123 3099 3194 βλάσφημον.
3148 3122 3213 3175 Τί
3243 3123 3299 3174 δὲ
3332 3124 3685 3175 πιστεύουσιν

414 3215 471 3270 in
498 3216 704 3272 Christi
753 3223 996 3286 nomine,
1055 3238 1177 3277 cum
1211 3233 1398 3280 careat
1448 3226 1670 3296 propria
1723 3226 1990 3282 bonitatis

414 3311 702 3379 potentia?
731 3312 951 3370 Avertat
991 3314 1136 3371 Deus
1167 3317 1308 3371 hanc
1341 3317 1410 3371 ab
1440 3333 1536 3371 ore
1583 3333 1702 3371 meo
1735 3318 1991 3386 blasphe-

414 3404 610 3461 miam!
635 3404 746 3459 Cur
771 3408 1000 3461 credant
1034 3408 1086 3461 in
1110 3407 1373 3476 Spiritum
1402 3415 1679 3472 sanctum,
1721 3410 1769 3463 si
1797 3409 1988 3464 eadem

415 3496 484 3549 de
526 3496 630 3549 hoc
681 3497 788 3549 sibi
828 3498 1204 3569 persuadent?
1252 3497 1540 3562 Quomodo
1595 3508 1994 3569 regenerantur

415 3601 514 3655 per
534 3585 892 3654 baptismum,
925 3594 979 3642 ct
1001 3568 1068 3642 ab
1095 3589 1185 3643 illa
1211 3590 1551 3658 corruptioni
1574 3568 1806 3646 obnoxia
1830 3609 1996 3663 gene-

416 3676 632 3732 ratione
663 3679 1055 3744 restitunntur,
1093 3681 1163 3748 si,
1199 3687 1258 3734 ut
1290 3680 1380 3735 isti
1417 3691 1663 3749 censent,
1693 3684 1776 3738 vis
1809 3693 1863 3739 et
1897 3701 1990 3754 po-

417 3776 614 3833 testas,
652 3783 749 3837 per
783 3785 944 3840 quam
976 3781 1390 3841 regenerantur,
1424 3789 1540 3828 non
1577 3775 1862 3842 possident
1893 3791 1994 3830 na-

418 3861 676 3916 turaliter
699 3862 1226 3929 immutabilitatem,
1277 3865 1396 3920 sine
1436 3865 1584 3920 illius
1620 3866 1749 3920 boni
1779 3865 1994 3921 defectu

419 3962 475 4011 et
505 3953 809 4022 indigentia
828 3956 863 4022 'l.
890 3954 1176 4021 Quomodo
1207 3957 1555 4026 transﬁgurat
1589 3973 1780 4026 corpus
1827 3957 1998 4010 humi-

421 4045 592 4101 litatis
625 4062 816 4102 eorum
839 4049 906 4114 ⁸⁸,
933 4065 1056 4103 cum
1093 4050 1269 4118 ipsum
1300 4050 1463 4103 etiam
1491 4050 1809 4104 existiment
1836 4066 1998 4119 egere

418 4139 725 4193 mutatione
757 4140 812 4194 in
846 4140 1062 4203 melius,
1099 4154 1162 4194 ac
1191 4140 1421 4209 proinde
1463 4156 1604 4210 opus
1637 4141 1838 4196 habere
1867 4143 1995 4207 alio,

420 4243 450 4283 a
481 4244 590 4299 quo
620 4237 674 4284 et
700 4229 818 4300 ipse
847 4230 1300 4300 transfignretur?
1319 4229 1573 4296 Quandiu
1599 4231 1746 4286 enim
1775 4230 1999 4285 inferio-

419 4322 499 4377 ris
532 4321 698 4377 sortis
751 4321 934 4393 quoad
979 4323 1281 4377 bonitatem
1335 4322 1523 4385 fuerit,
1579 4336 1706 4376 cum
1763 4321 1816 4375 id
1853 4321 2000 4392 quod

421 4427 740 4483 supremum
786 4422 894 4479 est,
952 4415 1355 4470 indesinentem
1395 4414 1709 4484 quamdam,
1757 4420 1812 4468 et
1859 4413 1998 4468 irre-

2098 3219 2176 3280 είς
2208 3217 2267 3269 τὸ
2309 3214 2532 3284 Πνεῦμα
2573 3214 2631 3267 τὸ
2671 3214 2844 3281 ἅγιον,
2879 3215 2926 3266 εί
2971 3214 3099 3284 περί
3139 3213 3328 3266 τούτου
3364 3213 3502 3267 αὐτά
3529 3212 3684 3280 λογί-

2099 3309 2279 3371 ζονται
2304 3323 2318 3374 ;
2367 3305 2490 3368 Πῶς
2517 3305 2573 3359 δὲ
2599 3306 2706 3359 ἀπὸ
2737 3306 2838 3375 τῆς
2870 3305 3113 3376 φθαρτῆς
3142 3307 3448 3376 γεννήσεως
3471 3306 3558 3358 διὰ
3583 3304 3683 3358 τοῦ

2101 3398 2470 3469 βαπτίσματος
2493 3397 2909 3466 ἀνα-γεννῶνται,
2934 3399 3053 3450 οὐδὲ
3077 3397 3454 3468 ἀναγεννὼσης
3482 3399 3683 3460 αὐτοὺς

2098 3489 2376 3560 δυνάμεως
2402 3489 2462 3541 τὸ
2491 3489 2738 3542 ἄπτωτον
2784 3489 2881 3541 καὶ
2903 3488 3196 3558 ἀπροσδεὲς
3224 3487 3468 3556 φυσικῶς
3502 3487 3686 3550 καθὼς

2099 3581 2301 3634 οἴονται
2355 3579 2734 3656 κεκτημένηςς
2803 3579 2928 3641 Πῶς
2975 3579 3031 3632 δέ
3080 3577 3573 3647 μετασχηματίζει
3615 3580 3685 3631 τὸ

2101 3673 2272 3742 σῶμα
2318 3671 2429 3738 τῆς
2477 3670 2890 3735 ταπεινώσεως
2940 3670 3150 3734 αὐτῶν,
3199 3671 3326 3724 ὅταν
3374 3671 3535 3723 αὑτὸν
3592 3671 3688 3724 τὸν

2105 3762 2644 3836 μετασχηματίζοντα
2675 3765 2772 3834 τῆς
2801 3763 2937 3834 πρὸς
2977 3763 3036 3815 τὺ
3079 3766 3324 3833 κρεῖττον
3345 3761 3686 3828 ἀλλοιώσεως

2101 3855 2398 3910 ἐπιδεῖσθαι
2429 3854 2740 3924 νομίζωσιν,
2764 3853 2924 3907 ἄλλου
2956 3853 3116 3907 πάλιν
3142 3853 3235 3906 τοῦ
3273 3856 3366 3908 καὶ
3393 3854 3555 3906 αὑτὸν
3588 3873 3688 3924 με·

2102 3947 2597 4018 τασχηματίζοντος
2643 3945 3066 4016 προσδεόμενον;
3126 3945 3270 4008 Ἕως
3332 3946 3440 4016 γὰρ
3503 3947 3561 3998 ἐν
3605 3945 3688 4014 τῷ

2104 4034 2399 4109 ἐλάττονιῇ
2430 4035 2517 4089 διὰ
2543 4035 2602 4089 τὸ
2639 4034 2843 4103 ἀγαθὸν
2886 4035 2984 4104 τῆς
3016 4033 3251 4102 φύσεως,
3298 4034 3392 4086 τοῦ
3419 4033 3687 4104 ὑπερκει-

2107 4131 2268 4200 μένου
2300 4129 2576 4183 ἀπαυστόν
2602 4144 2722 4180 τινα
2750 4127 2884 4198 πρὸς
2919 4125 3077 4180 ἑαυτὸ
3105 4126 3204 4196 τὴν
3236 4126 3398 4195 ὁλκὴν
3421 4129 3532 4188 τοῖς
3554 4125 3691 4180 ὑπο-

2104 4221 2403 4291 δεεστέροις
2444 4218 2685 4287 φυσικῶς
2717 4218 3039 4280 ἐντιθέντος,
3077 4217 3258 4271 οὐδενὶ
3293 4217 3478 4287 τρόπῳ
3511 4219 3543 4286 ἡ
3588 4216 3687 4269 τοῦ

2107 4313 2350 4373 πλείονος
2390 4309 2577 4378 ἔφεσις
2623 4311 2898 4377 στήσεται.
2961 4307 3118 4360 Ἀλλὰ
3145 4307 3281 4378 πρὸς
3313 4307 3375 4360 τδ
3401 4309 3566 4378 μήπω
3591 4308 3692 4378 λη-

2108 4403 2238 4473 φθὲν
2281 4399 2735 4473 ὑπερτεινομένης
2787 4400 2872 4452 ἀεὶ
2913 4398 3013 4468 τῆς
3059 4398 3312 4469 ὀρέξεως,
3357 4399 3587 4453 πάντοτε
3626 4399 3695 4452 τὸ

421 4506 662 4575 quietam
713 4507 800 4562 sui
837 4507 1192 4577 cupiditatem
1231 4507 1397 4562 rebus
1428 4505 1786 4561 inferioribus
1834 4513 1989 4558 natu-

2103 4493 2490 4564 ἐλαττούμενον
2513 4491 2605 4545 τοῦ
2638 4492 2878 4555 πλείονος
2906 4491 3282 4563 ὀρεχθήσεται,
3315 4493 3408 4544 καὶ
3429 4491 3515 4544 ἀεὶ
3550 4490 3692 4560 πρὸς

420 4599 609 4653 raliter
657 4599 944 4663 indiderit,
1006 4601 1159 4655 nullo
1211 4599 1375 4654 modo
1420 4613 1683 4654 excessus
1738 4596 2000 4667 appetitio

423 4689 798 4756 conquiescet,
837 4690 934 4744 sed
982 4707 1104 4744 cum
1140 4690 1208 4744 ad
1259 4691 1338 4754 id,
1393 4690 1540 4760 quod
1574 4689 1820 4744 nondum
1851 4689 2000 4744 obti-

424 4778 628 4843 nuerit,
686 4781 1041 4849 cupiditatem
1092 4797 1309 4850 semper
1351 4781 1570 4836 extendi
1621 4780 2040 4836 necessarium'

423 4868 518 4932 sit,
564 4876 829 4938 perpetuo
878 4870 930 4922 id
962 4870 1110 4940 quod
1159 4870 1374 4924 defectu
1411 4871 1666 4937 laborat,
1726 4869 2006 4925 desiderio

422 4959 655 5030 majoris
707 4967 762 5014 et
807 4961 1210 5016 excellentioris
1243 4961 1508 5031 flagrabit,
1560 4969 1615 5017 et
1662 4962 1870 5033 absque
1901 4961 2007 5016 fine

423 5063 650 5106 sursum
678 5047 749 5103 ad
787 5048 996 5118 majora
1031 5051 1258 5116 nitetur,
1306 5067 1482 5122 neque
1511 5069 1752 5124 unquam
1788 5053 1856 5107 ad
1887 5068 2009 5122 per-

423 5141 635 5198 fectum
681 5155 860 5210 usque
892 5143 1191 5210 perveniet,
1228 5159 1294 5199 eo
1333 5145 1477 5214 quod
1524 5145 1796 5199 terminus
1847 5144 2008 5208 desit,

426 5248 537 5303 quo
588 5221 955 5304 apprehenso,
1012 5246 1277 5290 ascensus
1334 5244 1387 5291 et
1423 5236 1652 5291 ulterior
1681 5248 2010 5305 progressus

427 5325 806 5392 prohibeatur.
851 5322 990 5380 Cum
1033 5324 1180 5378 enim
1223 5339 1541 5396 supremum
1575 5325 1780 5380 bonum
1815 5335 2012 5378 natura

438 5429 536 5470 sua
587 5417 862 5472 infinitum
912 5416 1007 5482 sit,
1066 5415 1382 5472 necessario
1442 5414 1694 5486 sequitur
1744 5414 2014 5468 infinitam

2100 4588 2163 4640 τὸ
2205 4587 2386 4658 μεῖζον
2420 4583 2863 4654 ἀλλοιωθὴσεται,
2909 4584 3002 4637 καὶ
3033 4582 3285 4636 οὐδέποτε
3316 4582 3452 4653 πρὸς
3482 4581 3690 4634 τέλειον

2105 4679 2304 4750 φθάσει
2345 4677 2422 4748 τῷ
2472 4676 2548 4748 μὴ
2585 4675 2858 4746 εὑρίσκειν
2907 4674 2968 4726 τὸ
3007 4673 3197 4744 πέρας,
3242 4665 3303 4726 οὗ
3353 4671 3694 4744 δραξάμενον

2105 4774 2360 4844 στήσεται
2384 4772 2482 4842 τῆς
2512 4768 2720 4824 ἀνόδου.
2760 4766 2978 4837 Ἐπειδὴ
3006 4765 3116 4835 γὰρ
3143 4765 3368 4837 ἄπειρον
3401 4767 3458 4817 ἐν
3492 4767 3558 4834 τῇ
3588 4763 3684 4833 φύ-

2111 4881 2192 4917 σει
2217 4863 2277 4917 τὸ
2305 4862 2519 4932 πρῶτον
2545 4858 2767 4929 ἀγαθὸν,
2799 4857 3023 4928 ἄπειρον
3046 4857 3103 4923 ἐξ
3132 4857 3379 4927 ἀνάγκης
3415 4856 3570 4909 ἔσται
3595 4858 3695 4909 καὶ

2109 4958 2142 5026 ἡ
2179 4955 2437 5026 μετουσία
2467 4952 2560 5006 τοῦ
2596 4950 2978 5014 ἀπολαύοντος,
3021 4950 3169 5002 ἐσαεὶ
3204 4949 3264 5001 τὸ
3312 4947 3476 5000 πλέον
3522 4965 3696 5001 κατα-

2111 5045 2483 5115 λαμϐάνουσα,
2534 5041 2630 5094 καὶ
2669 5039 2916 5094 πάντοτε·
2946 5037 3271 5106 εύρίσκουσα
3313 5035 3408 5089 τοῦ
3453 5037 3697 5107 καταλη-

2114 5137 2336 5208 φθέντος
2365 5135 2427 5188 τὸ
2449 5132 2852 5206 περισσότερον,
2881 5131 2974 5184 καὶ
2998 5129 3266 5200 μηδέποτε
3312 5147 3384 5182 πο
3396 5129 3696 5200 ρισωθῆναι

2118 5227 2267 5298 αὐτῷ
2299 5226 2596 5298 δυναμένη,
2647 5223 2726 5293 τῷ
2756 5223 2891 5293 μήτε
2936 5221 2997 5274 τὸ
3032 5220 3391 5292 μετεχόμενον
3425 5223 3698 5293 περατοῡο

2123 5320 2275 5383 σθαι,
2343 5319 2479 5390 μήτε
2525 5315 2586 5371 τὸ
2627 5314 2716 5372 διὰ
2763 5314 2863 5384 τῆς
2912 5312 3201 5383 μετουσίας
3254 5310 3698 5382 ἐπαυξανόμενον

2121 5409 2392 5466 ἵστασθαι.

441 5524 656 5580 quoque
683 5527 808 5568 esse
853 5479 1353 5585 participationem,
1388 5522 1446 5570 et
1491 5479 1810 5568 finitionem
1849 5509 2016 5581 hujus
2049 5507 2200 5575 boni,
2227 5513 2412 5576 utpote
2435 5505 2525 5562 cui
2551 5503 2764 5574 semper
2779 5501 2924 5574 plus,
2948 5500 3094 5573 quod
3153 5479 3442 5572 percipiat,
3501 5500 3697 5558 restet,

514 5683 562 5716 “
588 5683 824 5758 Philipp.
847 5704 928 5757 ιιι,
957 5691 1046 5744 2L
