4064 6146
398 223 490 276 5H

1525 231 1802 289 CONTRA
1843 233 2242 307 EUNOMIUM,
2286 239 2418 298 LIB.
2453 240 2496 296 Ῑ.
3566 253 3671 312 3.52

400 351 576 405 coque
613 335 758 404 quod
787 335 900 404 jam
943 337 1173 406 accepit,
1214 351 1474 409 perpetuo
1510 345 1715 414 aliquid
1744 349 1978 417 amplius
2019 353 2280 426 supersit,
2311 355 2401 411 cui
2429 358 2704 427 exaequari
2738 367 3001 431 nequeat,
3044 362 3172 432 quia
3216 364 3268 419 id
3336 368 3477 434 quod
3517 374 3674 438 parti-

401 428 619 490 t'ipttltlr
683 428 917 482 termino
962 437 1168 494 careat,
1213 430 1376 501 idque
1415 433 1560 502 quod
1601 450 1697 503 per
1753 437 2229 508 participationem
2297 447 2546 516 augescit
2574 487 2590 513 ,
2639 428 2986 522 nequaquam
3047 428 3272 508 sistatur
3305 428 3368 509 ut
3413 428 3670 531 conquie-

400 525 540 575 seat.

474 611 710 666 Τοιαῦτα
742 613 838 684 μὲν
865 609 956 668 οῦν
992 617 1137 671 ἐστιν
1163 619 1228 672 ἐκ
1262 619 1362 690 τῆς
1387 622 1526 675 κατά
1556 622 1617 674 rb
1641 622 1842 690 ἀγαθὸν
1864 622 1981 675 δια·
2016 631 2059 685 Λ

406 705 576 773 φορᾶς
615 704 994 759 ἀνακύπτοντα
1024 709 1088 760 ἐκ
1131 707 1224 762 τοῦ
1256 709 1413 777 λόγου
1459 711 1528 764 τὰ
1556 711 1867 783 βλάσφημα.
1922 713 1984 765 Εἰ

403 795 457 847 δὲ
482 797 624 849 κατά
663 814 781 848 τινα
831 799 1146 870 σωματικὴν
1181 802 1449 872 πρόληψιν
1479 803 1538 856 τὸ
1583 804 1766 873 μεῖζόν
1800 821 1857 857 τε
1894 805 1988 858 καὶ

405 886 625 939 ἔλαττον
666 888 754 940 ἐπ’
792 889 968 942 αὑτῶν
1013 890 1332 961 θεωροῦσιν,
1379 894 1603 948 αὐτόθεν
1647 896 1987 966 ὁμολογεῖται

403 976 496 1030 τοῦ
531 976 690 1045 λόγου
737 979 798 1030 rb
843 980 1061 1040 ἄτοπον,
1106 982 1210 1033 κᾶν
1265 983 1338 1052 μὴ
1369 982 1702 1037 καθέκαστον
1748 983 1988 1053 ἀκριὸῶς

405 1069 743 1139 ἐξετάζηται.
829 1071 1064 1141 Ἀνάγκη
1111 1074 1219 1144 γὰρ
1269 1075 1419 1126 πᾶσα
1470 1075 1764 1145 ποιότητάς
1811 1092 1984 1138 τινας,

405 1159 732 1223 διαστάσεις,
779 1161 977 1228 ὄγκους
1009 1181 1069 1215 τε
1103 1163 1191 1216 καὶ
1247 1165 1523 1234 σχήματα,
1564 1166 1656 1218 καὶ
1695 1166 1891 1230 πάντα,
1920 1165 1986 1218 δι’

406 1243 480 1303 ὧν
501 1251 800 1322 πληροῦται
836 1255 864 1308 ὁ
908 1254 1001 1306 τοῦ
1044 1254 1291 1325 σώματος
1339 1257 1513 1323 λόγος,
1557 1259 1680 1320 ταῖς
1713 1257 1986 1321 ὑπονοίαις

407 1342 651 1407 ταύταις,
689 1346 785 1397 καὶ
830 1345 921 1397 ἐπὶ
960 1348 1057 1417 τῆς
1101 1346 1248 1409 θείας
1293 1347 1509 1416 φύσεως
1550 1346 1983 1415 συνεισάγεσθαι.

409 1434 582 1488 Ὅπου
609 1435 665 1488 δὲ
693 1436 752 1488 τὸ
778 1436 1034 1490 σύνθετον
1080 1437 1314 1506 λέγεται,
1359 1439 1574 1502 πάντως
1613 1441 1730 1491 ἐκεῖ
1761 1454 1988 1508 συνομο-

407 1527 642 1595 λογείται
683 1531 776 1582 καὶ
817 1531 848 1600 ἡ
894 1529 985 1583 τοῦ
1020 1530 1270 1584 συνθέτου
1302 1530 1564 1593 διάλυσις.
1623 1530 1762 1583 Ἀλλ’
1793 1532 1856 1582 ἐκ
1888 1529 1986 1599 μὲν

407 1623 505 1692 τῆς
532 1623 624 1675 τοῦ
666 1622 935 1692 δόγματος
978 1623 1206 1686 ἀτοπίας
1245 1623 1348 1693 τῆς
1387 1623 1448 1675 rb
1495 1623 1735 1686 ἔλαττον,
1782 1622 1875 1675 καὶ
1930 1621 1989 1673 rb

409 1714 674 1784 ὑπερέχον
715 1715 772 1767 ἐν
807 1717 918 1777 τοῖς
955 1715 1268 1785 ἀμεγέθεσι,
1317 1714 1414 1768 καὶ
1457 1714 1810 1786 άσυγκρίτοις
1853 1714 1990 1767 άπο-

410 1807 695 1878 φαίνεσθαι
733 1808 1034 1878 τολμώσης,
1077 1809 1250 1862 ταῦτα
1298 1809 1392 1862 xa‘t
1443 1808 1512 1861 τὰ
1553 1806 1774 1860 τοιαῦτα
1820 1823 1987 1859 κατα-

410 1899 751 1964 σκευάζεται,
784 1900 858 1962 ὡς
889 1900 1043 1968 ὀλίγα
1078 1903 1142 1954 ἐκ
1185 1899 1394 1954 πολλῶν
1428 1901 1457 1952 ὁ
1501 1899 1656 1968 λόγος
1685 1897 1983 1964 ὑπέδειξεν.

407 1990 543 2044 Οὔτε
573 1991 679 2062 γὰρ
714 1990 932 2044 εὔκολον
975 1993 1150 2046 πάντα
1182 1994 1273 2046 τὸν
1305 1991 1752 2063 ἐγκεκρυμμένον
1782 1989 1860 2061 τῷ
1898 1990 1987 2044 δό-
2018 1968 2060 2022 Β

408 2100 576 2153 γματι
595 2084 741 2137 δόλον
768 2080 1156 2152 διανακαλῦψαι
1183 2083 1261 2154 τῷ
1284 2084 1425 2154 λόγῳ
1449 2100 1463 2114 ο
1493 2084 1587 2136 καὶ
1612 2083 1679 2136 δι’
1701 2082 1896 2149 ὀλίγων
1923 2083 1980 2136 δέ

407 2173 514 2226 τῶν
556 2175 876 2246 εἰρημένων,
919 2175 1069 2228 οὐδὲν
1110 2171 1272 2246 ἦττον
1299 2175 1347 2244 ,ἡ
1386 2173 1582 2227 ἀτοπία
1622 2173 1729 2227 τῶν
1754 2173 1894 2226 κατὰ
1923 2172 1988 2226 rb

408 2265 698 2320 ἀκόλουθον
713 2269 812 2336 τῆς
834 2265 1180 2336 βλασφημίας
1209 2265 1654 2334 ἁναφαινομένων
1681 2263 1987 2334 ἐπιδειχθή-

410 2376 578 2415 σεται.
623 2361 816 2430 Ἦμεῖς
843 2359 898 2412 δὲ
931 2358 1066 2430 πρὸς
1091 2358 1159 2412 τὰ
1186 2359 1380 2428 ἐφεξῆς
1409 2357 1504 2411 τοῦ
1527 2357 1688 2426 λόγου
1714 2357 1985 2428 προέλθω·

411 2471 511 2525 μεν
529 2496 548 2520 ,
582 2453 791 2524 μικρῶν
819 2452 898 2504 ἔτι
923 2452 1057 2522 πρὸς
1089 2451 1344 2504 σύστασιν
1365 2449 1458 2504 τοῦ
1487 2451 1756 2521 ἡμετέρου
1774 2450 1984 2520 δόγμα-

405 2564 497 2610 τος
515 2543 1069 2616 προσδιορθωθέντων.
1089 2541 1305 2613 Ἐπειδὴ
1325 2543 1433 2614 γὰρ
1449 2543 1729 2612 κριτήριον
1746 2537 1984 2610 άσφάλές

405 2639 506 2708 τῆς
548 2637 804 2708 ἀληθείας
847 2637 940 2688 ἐπὶ
987 2635 1186 2698 παντὸς
1232 2635 1501 2704 δόγματος
1551 2636 1584 2704 ἡ
1630 2633 1983 2696 θεόπνευστός

407 2733 519 2783 ἐστι
559 2726 851 2797 μαρτυρία,
905 2725 1086 2788 καλῶς
1129 2725 1271 2794 ἔχειν
1308 2725 1548 2794 ἡγοῦμαι
1584 2727 1648 2794 τῇ
1687 2723 1982 2797 παραθέσει

405 2820 513 2872 τῶν
543 2817 722 2883 θείων,
747 2818 842 2869 καὶ
866 2817 954 2870 τὸν
987 2816 1251 2888 ἡμέτερον
1282 2816 1438 2884 λόγον
1474 2814 1870 2868 πιστώσασθαι.

476 3091 684 3149 Οὐκοῦν
703 3092 907 3155 ταύτας
936 3090 1180 3162 ἔγνωμεν
1203 3092 1258 3144 ἐν
1288 3094 1354 3161 τῇ
1381 3092 1642 3163 διαιρέσει
1674 3091 1781 3144 τῶν
1807 3091 1978 3146 ὄντων

405 3188 504 3250 τὰς
527 3186 808 3256 διαφοράς.
836 3183 1056 3254 Πρῶτον
1084 3183 1144 3235 rb
1175 3182 1251 3244 ὡς
1284 3183 1421 3253 πρὸς
1447 3183 1544 3252 τὴν
1571 3183 1844 3254 ἡμετέραν
1881 3202 1980 3238 κα-

2164 623 2292 680 llaec
2347 624 2514 696 igitur
2564 628 2656 682 illa
2705 638 2834 683 sunt
2884 629 3238 701 blasphemia:
3267 644 3323 689 et
3374 636 3674 706 impietatis

2092 717 2292 785 capita,
2331 733 2452 787 qua:
2480 735 2544 774 ex
2574 720 2825 776 doctrina
2857 721 2978 786 hac,
3009 723 3076 779 de
3106 724 3480 796 inaequalitate
3515 732 3670 785 boui-

2093 803 2246 868 tatis,
2281 813 2448 875 caput
2501 807 2656 876 quasi
2683 809 2968 864 extollunt.
2999 811 3154 878 Quod
3190 815 3236 869 si
3271 817 3446 886 majus
3475 826 3529 872 et
3561 821 3668 874 mi‘

2095 911 2218 962 nus,
2267 913 2533 968 corporeo
2567 900 2799 969 quodam
2828 903 3008 968 modo,
3060 905 3238 962 inesse
3277 906 3397 968 Dea
3416 912 3678 967 conside-

2090 999 2234 1054 rant,
2286 992 2421 1046 satis
2461 1007 2559 1061 per
2589 1008 2648 1048 se
2682 1009 2836 1048 suam
2873 997 3070 1068 suique
3104 999 3378 1071 dogmatis
3414 1006 3671 1061 absurdi-

2089 1087 2256 1134 tatem
2287 1083 2548 1150 produnt,
2577 1085 2738 1138 etiam
2769 1086 2887 1142 sine
2911 1092 3256 1147 accuratiore
3280 1095 3672 1165 disquisitione

2089 1183 2144 1228 et
2195 1173 2524 1230 refutatione
2566 1195 2578 1230 :
2626 1180 2996 1234 necessarium
3042 1183 3184 1236 enim
3245 1195 3327 1239 est
3375 1190 3683 1255 qualitates

2090 1263 2378 1332 quasdam,
2437 1265 2749 1333 distantias,
2801 1270 3082 1342 molesque
3126 1282 3179 1328 et
3226 1277 3448 1345 figuras,
3502 1287 3558 1334 et
3613 1281 3664 1333 id

2089 1372 2262 1426 genus
2305 1357 2433 1419 alia,
2467 1359 2670 1428 quibus
2717 1363 2985 1431 corporis
3012 1366 3151 1418 ratio
3177 1369 3512 1428 continetur.
3549 1387 3680 1438 eos,

2091 1449 2183 1518 qui
2216 1449 2329 1504 haec
2359 1450 2464 1504 sibi
2507 1451 2898 1522 imaginantur,
2947 1456 3108 1510 etiam
3155 1459 3208 1511 in
3255 1468 3448 1514 natura
3481 1461 3664 1516 divina

2090 1541 2446 1597 constituere.
2482 1543 2548 1596 At
2577 1543 2666 1597 ubi
2699 1546 2960 1600 statuitur
2991 1549 3343 1616 compositio,
3397 1551 3468 1604 ibi
3502 1553 3670 1607 etiam

2089 1631 2440 1712 concedenda
2475 1641 2560 1686 est
2597 1634 2844 1703 ejusdem
2892 1640 3310 1707 compositionis
3349 1641 3665 1698 dissolutio;

2091 1717 2290 1774 Verum
2317 1737 2382 1775 ex
2412 1722 2754 1777 absurditate
2799 1725 3091 1794 dogmatis,
3126 1729 3270 1797 quod
3301 1730 3350 1782 in
3385 1733 3666 1800 magnitu-

2089 1811 2256 1878 dinis,
2288 1814 2574 1883 omnisque
2605 1816 2974 1870 concretiouis
3002 1821 3318 1887 expertibus
3346 1821 3508 1875 rebus
3548 1838 3666 1878 ma-

2088 1905 2171 1977 gis
2196 1913 2249 1959 et
2288 1905 2470 1960 minus
2516 1906 2774 1973 admittit,
2820 1909 2934 1962 haec
2981 1919 3033 1964 et
3068 1912 3196 1964 talia
3228 1922 3662 1983 consequuntur,

2089 2013 2153 2050 ex
2185 1997 2383 2066 quibus
2414 1998 2600 2052 multis
2631 2014 2806 2067 pauca
2841 1999 3106 2057 hactenus
3145 2003 3661 2059 demonstravimus.

2087 2085 2273 2156 Neque
2299 2089 2443 2142 enim
2473 2089 2631 2143 facile
2662 2089 2826 2144 fuerit
2852 2106 3041 2146 omnes
3072 2091 3294 2148 fraudes
3320 2105 3373 2148 et
3407 2095 3665 2163 imposlu-

2087 2193 2195 2235 ras.
2227 2193 2348 2247 quae
2379 2178 2478 2232 hac
2509 2179 2760 2232 doctrina
2796 2181 3062 2245 velantur,
3097 2185 3346 2238 oratione
3381 2187 3660 2254 persequi.

2085 2265 2451 2321 Nihilominus
2481 2275 2659 2320 tamen
2708 2283 2772 2320 ex
2806 2267 2891 2322 his
2921 2269 3114 2337 paucis
3147 2271 3282 2326 satis
3314 2273 3479 2326 etiam
3511 2280 3664 2341 pate-
3724 2335 3728 2337 _

2087 2365 2198 2412 seet
2239 2356 2552 2412 absurdilas
2602 2357 2854 2421 aliorum,
2913 2375 3035 2428 qua:
3081 2377 3147 2415 ex
3195 2361 3299 2418 hac
3353 2363 3661 2434 impietate,

2087 2448 2233 2504 serie
2263 2449 2527 2519 quadam,
2556 2456 2798 2512 manant,
2827 2457 2881 2504 et
2905 2467 2935 2505 a
2962 2453 3159 2521 quovis
3177 2452 3372 2508 deduci
3405 2464 3660 2525 possunt.

2085 2538 2197 2594 Nos
2222 2555 2352 2594 vero
2395 2539 2462 2594 ad
2497 2541 2706 2610 reliqua
2739 2542 3006 2598 orationis
3041 2547 3404 2600 examinanda
3435 2549 3664 2602 acceda-

2085 2646 2228 2695 mus,
2257 2631 2346 2685 ubi
2384 2634 2535 2702 prius
2569 2633 2798 2702 paucula
2824 2635 3070 2703 quaedam
3100 2635 3168 2689 de
3198 2647 3386 2692 nostro
3410 2638 3663 2708 dogmate

2086 2723 2450 2778 attnlerimus.
2498 2724 2634 2777 Cum
2685 2725 2830 2779 enim
2870 2726 2926 2780 in
2963 2727 3108 2780 omni
3152 2726 3408 2796 dogmate
3462 2733 3665 2798 optima

2079 2814 2360 2883 judicandi
2418 2815 2559 2869 ratio
2600 2816 2673 2870 sit
2721 2815 2985 2870 divinitus
3040 2817 3305 2888 inspirata
3361 2819 3661 2890 Scriptura,

2084 2921 2266 2976 opera:
2315 2907 2547 2976 pretium
2583 2908 2861 2973 existimo,
2895 2909 3204 2965 divinorum
3231 2913 3666 2968 testimoniorum

2085 2995 2442 3052 firmamentis
2473 2998 2778 3053 doctrinam
2817 3012 3059 3054 nostram
3091 3004 3476 3057 corroborare.

2159 3085 2269 3142 llas
2319 3089 2485 3158 igitur
2530 3091 2582 3143 in
2629 3090 2899 3145 divisione
2945 3108 3126 3146 rerum
3186 3094 3366 3150 inesse
3413 3097 3668 3152 novimus

2084 3177 2443 3234 difierentias.
2476 3179 2658 3234 Prima
2686 3183 2988 3236 secundum
3019 3192 3268 3237 nostrum
3301 3187 3519 3254 quidem
3553 3203 3671 3257 per-

406 3277 655 3348 τάληψιν·
672 3275 907 3346 πρῶτον,
925 3275 986 3326 rb
1009 3273 1260 3343 αἰσθητὸν
1285 3273 1425 3341 λέγω
1442 3291 1455 3304 ο
1487 3275 1626 3344 μετά
1647 3273 1803 3327 τοῦτο
1823 3274 1899 3338 δὲ,
1915 3274 1975 3327 rb

2084 3269 2320 3339 cipiendi
2358 3270 2600 3336 modum,
2632 3279 2715 3326 est
2751 3288 2838 3327 res
2863 3273 3170 3338 sensibilis;
3231 3285 3354 3344 post
3393 3277 3534 3332 hanc
3570 3279 3681 3333 illa-

406 3369 492 3423 διά
516 3369 612 3437 τῆς
632 3367 740 3419 τῶν
762 3364 1030 3434 αἰσθητῶν
1064 3364 1430 3435 χειραγωγίας
1457 3364 1560 3418 ὑπὸ
1591 3365 1685 3418 τοῦ
1713 3365 1805 3418 νοῦ
1845 3366 1980 3420 θεω-

408 3460 501 3530 ρού
511 3476 686 3530 μενον,
702 3457 806 3530 ὃδὴ
831 3457 1017 3528 νοητὸν
1040 3453 1376 3526 εἶναιφαμέν
1393 3472 1405 3486 ⁸
1441 3457 1646 3510 καὶτοῦ
1671 3457 1860 3528 νοητοῦ
1881 3459 1984 3513 πά-

408 3550 488 3603 )ιν
511 3549 701 3620 ἑτέραν
720 3548 980 3618 διαφοράν
1006 3547 1397 3617 κατελάϐομεν,
1451 3549 1530 3610 είς
1562 3547 1622 3600 rb
1651 3549 1866 3601 κτιστδν
1888 3551 1982 3603 καὶ

407 3641 656 3696 ἄκτιστον
683 3639 1084 3710 διαιρουμένην.
1117 3637 1222 3691 Καὶ
1235 3640 1334 3709 τῆς
1357 3639 1455 3708 μὲν
1482 3639 1737 3692 ἀκτίστου
1769 3640 1982 3709 φύσεως

405 3736 503 3807 τὴν
524 3734 683 3802 ἁγίαν
716 3732 920 3801 Τριάδα
953 3727 1091 3784 εἶναι
1117 3729 1486 3800 διωρισάμεθα
1510 3745 1523 3760 ·
1555 3730 1652 3799 τῆς
1673 3730 1729 3782 δέ
1762 3732 1982 3802 κτιστῆς

409 3828 581 3879 πάντα
609 3827 710 3878 ὅσα
751 3823 864 3894 μετ’
896 3822 1110 3892 ἐκείνην
1138 3822 1352 3889 λέγεται
1379 3839 1440 3873 τε
1481 3822 1574 3874 καὶ
1605 3821 1718 3874 ἔστι
1743 3823 1838 3874 καὶ
1865 3823 1984 3875 ὀνο-

410 3918 658 3988 μάζεται.
727 3918 841 3968 Ἵνα
889 3914 1067 3976 τοίνυν
1104 3913 1177 3984 μὴ
1217 3913 1601 3975 ἀναπόδεικτος
1633 3913 1789 3983 ἡμῶν
1833 3916 1860 3967 ὁ
1907 3913 1983 3966 δι-

405 4009 627 4080 ορισμὸς
663 4008 903 4078 ὑπάρχῃ,
935 4006 1067 4060 ἀλλὰ
1107 4009 1224 4069 ταῖς
1264 4005 1362 4076 τῆς
1395 4005 1615 4076 Γραφῆς
1659 4006 1984 4078 μαρτυρίαις

405 4101 822 4170 ἠσφαλισμένος,
870 4098 1024 4151 τοῦτο
1067 4100 1177 4160 τοῖς
1216 4097 1524 4167 εἰρημένοις
1569 4097 1981 4168 προσθήσομεν·

407 4195 487 4246 ὅτι
523 4194 625 4245 οὑκ
671 4191 893 4261 ἐκτίσθη
940 4193 967 4244 ό
999 4191 1220 4258 Κύριος,
1253 4189 1366 4242 ἀλλ’
1405 4189 1469 4242 ἐκ
1517 4187 1609 4242 τοῦ
1642 4190 1853 4260 [ἰατρὸς
1896 4189 1983 4254 ἐξ·

406 4285 533 4356 ἦλθε
557 4302 571 4315 ο
614 4283 796 4347 καθὼς
825 4285 852 4337 ὁ
878 4282 1008 4343 Θεὸς
1027 4281 1200 4349 Λόγος
1221 4281 1661 4350 αὑτοπροσώπως
1690 4284 1748 4334 ἐν
1789 4282 1864 4353 τῷ
1881 4283 1985 4335 Εὑ-

409 4377 644 4447 αγγελίῳ
703 4375 1054 4445 μαρτύρεται,
1088 4373 1227 4426 κατὰ
1259 4374 1348 4427 τὸν
1372 4374 1606 4445 άρῤητον
1653 4375 1856 4427 ἐκεῖνον
1890 4375 1982 4427 καὶ

406 4466 793 4535 ἀνεκδιήγητον
817 4464 917 4532 τῆς
945 4464 1267 4533 γεννήσεως,
1292 4463 1406 4532 ἦτοι
1426 4463 1525 4531 τῆς
1546 4463 1720 4527 ἐξόδου
1760 4465 1978 4535 τρόπον.

406 4557 514 4612 Καὶ
555 4559 640 4620 τίς
678 4556 741 4610 ἂν
769 4553 1027 4626 ἐὑρεθείη
1077 4555 1286 4624 μάρτυς
1337 4553 1694 4624 ἀληθέστερος
1743 4554 1841 4623 τῆς
1884 4554 1979 4609 τοῦ

2086 3363 2152 3417 ad
2185 3363 2344 3433 cujus
2395 3363 2835 3433 intelligentiam,
2891 3380 2988 3434 per
3020 3366 3162 3420 hanc
3201 3369 3359 3437 quasi
3395 3370 3669 3424 manuduu

2084 3454 2280 3519 cimur,
2313 3469 2434 3524 quae
2471 3463 2652 3509 mente
2680 3464 2734 3509 et
2766 3457 3094 3527 cogitatione
3119 3460 3440 3528 percipitur,
3469 3478 3668 3531 quam-

2083 3561 2189 3616 que
2210 3547 2574 3601 intellectilem
2608 3547 2975 3602 nominamus.
3003 3547 3217 3604 Rursus
3252 3551 3670 3607 intellectilium-

2085 3638 2246 3690 aliam
2280 3637 2568 3706 quamdam
2602 3637 2960 3692 differentiam
2990 3640 3336 3709 assignamus
3372 3642 3666 3711 (dividitur

2083 3725 2228 3779 enim
2284 3726 2338 3778 in
2387 3740 2500 3778 rem
2556 3734 2794 3781 creatam
2856 3735 2910 3782 et
2961 3729 3285 3794 increatam,
3348 3740 3400 3785 et
3449 3734 3504 3787 in
3561 3735 3671 3790 hac

2085 3817 2487 3874 sanctissimam
2518 3816 2838 3872 Trinitatem
2875 3835 3266 3877 numeramus:
3299 3826 3501 3880 creatis
3535 3842 3664 3880 vero

2083 3910 2250 3965 rebus
2283 3917 2478 3964 caetera
2513 3910 2696 3964 omnia
2735 3909 3071 3979 deputantur
3098 3951 3114 3975 ,
3162 3929 3499 3984 quaecunque
3540 3924 3664 3986 post

2087 4001 2233 4056 illam
2255 4009 2308 4056 et
2333 4009 2458 4055 sunt
2480 4008 2534 4056 et
2567 4003 2976 4073 nominantur).
3013 4002 3091 4058 Ne
3113 4021 3241 4059 vero
3273 4014 3460 4060 nostra
3482 4022 3662 4061 asser-

2084 4094 2160 4147 tio
2195 4094 2400 4162 absque
2432 4093 2756 4163 probatione
2784 4103 3020 4159 maneat,
3058 4097 3152 4151 sed
3187 4095 3486 4166 Scriptor-ae
3517 4099 3671 4152 testi-

2085 4185 2285 4240 moniis
2306 4186 2514 4239 ﬁrmata
2545 4185 2819 4255 persistat,
2850 4186 2952 4240 hoc
2979 4188 3258 4256 praedictis
3289 4187 3658 4257 adjiciendum

2083 4277 2333 4332 videtur:
2370 4278 2631 4332 nimirum
2664 4275 2953 4331 Dominum
2987 4293 3097 4331 non
3121 4294 3243 4333 esse
3269 4285 3536 4344 creatum,
3563 4279 3666 4335 sed

2085 4387 2149 4427 ex
2177 4369 2338 4425 Patre
2367 4370 2735 4438 progenitum,
2765 4369 2909 4424 sicut
2938 4370 3117 4438 ipsum
3147 4369 3379 4424 Verbum
3413 4369 3663 4424 divinum

2086 4470 2280 4531 suapte
2329 4461 2710 4516 testificatione
2761 4461 2816 4514 in
2861 4462 3152 4530 Evangelia
3185 4463 3443 4530 ostendit,
3499 4463 3661 4518 modo

2088 4553 2457 4625 generationis
2488 4561 2541 4607 et
2567 4552 2938 4621 processiouis
2972 4553 3344 4623 inexplicabili
3395 4563 3449 4609 et
3478 4555 3663 4610 inetia-

404 4649 608 4721 Κυρίου
637 4647 819 4716 φωνῆς
855 4645 942 4698 διὰ
974 4647 1175 4708 παντὸς
1224 4637 1320 4692 τοῦ
1376 4639 1707 4710 Εὐαγγελίου
1735 4682 1748 4707 ,
1794 4646 1978 4699 Πατέ.

2084 4644 2216 4698 bili:
2248 4650 2303 4698 et
2333 4643 2456 4713 quis
2492 4641 2597 4696 fide
2623 4641 2842 4711 dignior
2868 4643 3024 4698 testis
3057 4645 3282 4713 reperiri
3315 4652 3476 4712 queat
3541 4647 3662 4716 ipso

396 4740 592 4806 ρα,κα“ι
610 4737 730 4806 οὑχὶ
760 4735 1014 4806 κτίστην
1041 4735 1231 4788 ἑαυτοῦ
1253 4733 1341 4787 τὸν
1367 4734 1616 4803 ἀληθινὸν
1643 4734 1974 4789 ἀποκαλοῦν-

403 4843 491 4890 τος
523 4827 742 4896 Πατέρα
767 4844 780 4856 -
817 4827 909 4877 καὶ
943 4825 1062 4894 οὐχὶ
1119 4827 1302 4893 ἔργον
1329 4823 1485 4891 Θεοῦ,
1522 4823 1638 4877 ἀλλ’
1673 4825 1811 4878 Υίὸν
1836 4824 1973 4879 Θεοῦ

405 4918 592 4970 ἐαυτὸν
604 4914 992 4986 ὀνομάζοντος;
1012 4916 1222 4985 Ὥσπερ
1237 4915 1344 4985 γὰρ
1363 4915 1460 4986 τὴν
1481 4915 1620 4968 κατά
1640 4915 1817 4987 σάρκα
1839 4917 1976 4987 πρὸς

402 5007 461 5058 rb
482 5005 818 5077 ἀνθρώπινον
840 5004 1122 5059 κοινωνίαν
1147 5003 1447 5075 σημαίνων,
1499 5007 1635 5060 Υὶὸν
1663 5005 1975 5074 ἀνθρώπου

403 5096 462 5149 rb
487 5098 806 5166 φαινόμενον
843 5099 1238 5172 προσηγόρευε,
1269 5096 1482 5159 δεικνὺς
1511 5096 1610 5167 τὴν
1645 5097 1785 5149 κατά
1819 5096 1979 5165 φύσιν

401 5189 497 5258 τῆς
525 5189 725 5258 σαρκὸς
753 5189 914 5242 αὑτοῦ
940 5189 1075 5259 πρὸς
1103 5188 1200 5259 τὴν
1224 5188 1284 5253 ἐξ
1306 5183 1374 5260 ἧς
1399 5189 1607 5259 ἐλήφθη
1633 5190 1983 5258 συγγένειανθ

404 5279 541 5335 οὕτω
591 5280 686 5333 καὶ
718 5279 818 5349 τὴν
849 5280 983 5350 πρὸς
1015 5280 1107 5333 τὸν
1140 5279 1249 5334 τῶν
1286 5281 1423 5335 ὅλων
1460 5281 1590 5334 Θεὸν
1631 5281 1809 5351 ἀληθῆ
1830 5322 1845 5347 ,
1880 5283 1976 5336 καὶ

403 5371 627 5442 γνησίαν
661 5372 842 5441 σχέσιν
870 5375 935 5442 τῇ
961 5373 1299 5444 προσηγορίᾳ
1325 5372 1420 5426 τοῦ
1446 5371 1576 5425 Υίοῦ
1603 5372 1973 5443 διασημαίνει,

405 5459 464 5512 rb
501 5459 645 5513 κατά
674 5460 775 5529 τὴν
801 5459 960 5528 φύσιν
999 5462 1198 5514 οἰκεῖον
1237 5461 1325 5516 διὰ
1357 5462 1454 5533 τῆς
1498 5461 1592 5515 τοῦ
1630 5461 1760 5514 Υίοῦ
1789 5462 1974 5533 φωνῆς

398 5549 825 5620 ἐνδεικνύμενος,
857 5551 958 5606 κᾶν
980 5569 1119 5614 τινες
1141 5553 1205 5606 ἐκ
1221 5553 1317 5620 τῆς
1343 5550 1743 5624 παροιμιώδους
1765 5554 1974 5623 ρήσεως

405 5641 471 5692 τὰ
497 5641 556 5692 ἐν
589 5639 874 5713 παραϐολῇ
904 5639 1192 5705 σκοτεινῶς
1238 5640 1303 5694 δι’
1337 5629 1655 5713 αἰνίγματος
1685 5640 1969 5713 εἰρημένα,

2087 4735 2337 4802 Domino,
2365 4733 2458 4805 qui
2497 4735 2552 4788 in
2594 4741 2710 4788 toto
2749 4733 3062 4803 Evangelia,
3098 4733 3315 4791 Patrem
3355 4753 3463 4792 non
3498 4753 3658 4794 suum

2087 4838 2400 4891 creatorem,
2450 4828 2544 4881 sed
2594 4826 2814 4881 Patrem
2861 4827 3128 4892 nominat,
3188 4844 3365 4899 neque
3418 4831 3658 4899 seipsum

2087 4935 2236 4987 opus,
2266 4917 2361 4972 sed
2381 4915 2584 4970 Filium
2602 4916 2696 4970 Dei
2721 4916 2992 4986 appellat?
3014 4916 3483 4983 Quemadmodum
3510 4920 3654 4975 enim

2084 5010 2526 5065 communionem
2578 5017 2633 5063 et
2679 5008 3118 5064 convenientiam
3171 5025 3296 5064 cum
3337 5022 3528 5064 natura
3556 5011 3657 5063 bu-

2077 5117 2238 5155 mana
2271 5099 2402 5154 Filii
2433 5100 2661 5154 hominis
2701 5100 3064 5171 appellatione
3089 5102 3436 5172 significavit,
3468 5108 3656 5154 osten-

2075 5191 2210 5247 dens
2237 5207 2391 5246 suam
2421 5192 2797 5262 cognationem
2821 5193 3122 5247 secundum
3145 5206 3362 5246 carnem
3390 5203 3512 5242 cum
3539 5189 3651 5251 illa,

2076 5301 2141 5339 ex
2168 5299 2273 5354 qua
2307 5299 2526 5339 carnem
2574 5293 2985 5355 assumpserat:
3037 5285 3117 5340 sic
3149 5297 3303 5337 suam
3333 5294 3549 5348 quoque
3585 5281 3656 5334 ad

2076 5372 2456 5426 universorum
2479 5371 2647 5427 Deum
2671 5388 2856 5428 veram
2883 5381 2938 5426 et
2959 5371 3248 5441 genuinam
3277 5369 3652 5424 habitudinem

2075 5461 2197 5516 Filii
2234 5463 2597 5534 appellatione
2649 5464 3022 5520 demonstrat:
3073 5471 3282 5513 naturae
3327 5461 3652 5530 cognatione

2063 5553 2629 5622 perFiliivocabulum
2661 5561 2905 5615 ostensa,
2929 5552 3052 5605 licet
3077 5549 3297 5618 quidam
3318 5565 3383 5604 ex
3421 5565 3647 5621 prover-

2063 5643 2193 5700 biali
2224 5659 2474 5701 sermone
2508 5659 2569 5698 ea
2595 5659 2714 5714 quae
2742 5657 2838 5713 per
2861 5639 3180 5713 parabolam
3210 5648 3267 5698 et
3293 5641 3522 5715 aenigma
3545 5642 3644 5698 ob-
