4064 6146
351 222 458 278 345

1604 227 1661 282 S.
1703 224 2028 284 GREGORII
2049 224 2343 282 NYSSENI

3495 221 3617 278 35':

351 351 522 393 ‘scure
557 336 700 392 dicta
746 345 896 404 sunt,
938 339 1082 394 nude
1107 347 1160 395 et
1191 342 1310 397 sine
1345 341 1728 412 explicatione,
1786 343 1918 397 verit

2031 339 2158 408 ψιλὰ
2213 342 2306 394 καὶ
2332 339 2708 412 ἀνερμήνευτα
2730 337 2867 410 πρὸς
2897 338 3210 408 ἀνατροπὴν
3231 337 3331 407 τῆς
3347 333 3607 407 ἀληθείας

354 429 487 484 tatis
520 429 825 484 evertenda:
854 430 1047 499 gratia,
1086 431 1384 501 proferant,
1420 449 1630 500 vocem,
1678 435 1924 505 inquam,

347 521 565 584 creavit,
594 534 755 589 quam
789 535 852 575 ex
893 537 1126 590 persona
1182 521 1473 592 Sapientia:
1507 523 1926 578 l‘rovcrbiorum

349 619 541 664 auctor
572 610 820 680 protulit.
862 607 1722 674 Quodsiillud:Dominuscreavit
1738 624 1817 661 me
1854 617 1921 682 ιτ,

345 717 450 771 pro
494 703 578 756 sui
617 702 888 772 dogmatis
921 705 1250 773 patrocinio,
1300 705 1471 760 velint
1502 723 1626 763 esse
1664 715 1924 779 tanquam

349 794 747 860 testimonium,
785 796 932 864 quod
963 795 1229 852 Dominus
1252 807 1472 853 creatus
1496 799 1586 864 sit,
1620 801 1775 870 quasi
1810 801 1926 871 ipse

348 886 678 955 Unigenitus
719 886 822 941 hac
870 903 1004 943 voce
1038 889 1183 944 istud
1224 889 1446 944 minime
1491 899 1667 961 neget,
1718 908 1924 962 nequa-

343 992 508 1046 quam
540 977 796 1032 audiendi
825 986 972 1034 sunt.
991 979 1178 1048 Neque
1206 981 1352 1035 enim
1380 981 1661 1037 evidenter
1691 984 1925 1053 probant

344 1068 459 1122 han:
491 1068 658 1122 verba
685 1070 911 1123 omnino
942 1071 1010 1124 ad
1039 1069 1328 1125 Dominum
1361 1079 1610 1127 nostrum
1640 1073 1921 1129 referenda

341 1174 508 1226 esse;
563 1175 744 1230 neque
797 1161 960 1216 etiam
1002 1170 1234 1231 possunt
1283 1177 1504 1218 sensum
1555 1167 1702 1219 hunc
1740 1167 1921 1222 verbis

292 1238 298 1270 λ
343 1259 533 1319 aptare
566 1266 632 1306 ex
673 1251 941 1308 Hebraico
970 1243 1245 1319 sermone,
1278 1269 1402 1309 cum
1429 1257 1622 1326 reliqui
1659 1258 1922 1327 interpre-

342 1353 426 1397 tes
457 1343 577 1398 loco
607 1344 756 1398 verbi
789 1347 1004 1411 creavit,
1050 1345 1389 1401 reddiderint
1411 1350 1636 1404 verbum
1667 1351 1919 1418 possedit,

344 1433 429 1488 vel
473 1435 786 1498 constituit;
849 1451 1026 1505 neque
1063 1445 1244 1492 tamen
1281 1437 1324 1491 si
1357 1438 1411 1492 in
1464 1440 1786 1510 primigenia
1831 1443 1921 1496 illa

345 1525 631 1596 Scriptura
661 1527 825 1582 dictio
858 1529 970 1583 haec
993 1544 1251 1599 expresse
1277 1529 1475 1587 fuisset
1501 1533 1700 1602 posita,
1727 1534 1921 1603 planus

343 1618 479 1672 satis
526 1625 580 1673 et
615 1617 789 1674 facilis
839 1635 1035 1676 sensus
1064 1621 1388 1686 exstitisset,
1439 1639 1563 1678 cum
1610 1610 1919 1696 parabolica

2030 431 2421 501 προφέροντες,
2460 431 2555 502 τὴν
2597 431 2690 486 τοῦ
2723 431 2992 484 ἐκτίσθαι
3017 428 3218 498 φωνὴν,
3253 427 3318 498 ἦν
3348 429 3411 480 ἐκ
3440 445 3605 499 προσ.

2029 522 2179 576 ώπου
2225 524 2322 594 τῆς
2361 524 2559 592 Σοφίας
2599 525 2627 576 ὁ
2677 521 3089 592 Παροιμιαστὴς
3137 521 3434 590 ἐποιήσατο
3461 561 3473 585 ,
3523 522 3605 583 εἰς

2033 615 2359 684 συνηγορίαν
2382 615 2480 684 τῆς
2503 614 2594 666 τοῦ
2616 614 2886 684 δόγματος
2915 612 3092 665 αὐτῶν
3122 611 3448 682 διαστροφῆς
3476 629 3606 682 προ-

2028 703 2376 775 χειρίζονται,
2411 704 2658 773 λέγοντες
2718 705 2797 770 τὸ,
2823 704 3039 770 Κύριος
3065 701 3270 755 ἐκτισέ
3286 717 3383 770 με,
3410 701 3602 771 ὁμολο-

2027 795 2151 863 γίαν
2181 792 2318 848 εῖναι
2335 796 2427 849 τοῦ
2439 794 2681 849 ἐκτίσθαι
2701 793 2792 847 τὸν
2820 793 3045 863 Κύριον·
3076 793 3152 855 ὡς
3179 790 3342 846 αὐτοῦ
3368 792 3460 845 τοῦ
3485 794 3598 846 Μο-

2027 887 2276 954 νογενοῦς
2299 887 2384 940 διὰ
2404 888 2504 956 τῆς
2521 887 2706 956 φωνῆς
2728 885 2932 956 ταύτης
2952 884 3012 938 τὺ
3031 883 3270 937 τοιοῦτον
3291 885 3390 937 οὐκ
3405 885 3600 954 ἀρνου-

2029 977 2213 1048 μένου,
2241 979 2372 1049 ήμῖν
2401 979 2461 1030 ού
2490 978 2818 1048 προσεκτέον
2853 977 2930 1046 τῷ
2975 977 3138 1047 λόγῳ.
3180 977 3314 1029 Οὐδὲ
3351 976 3461 1046 γὰρ
3501 977 3598 1029 τοῦ

2030 1070 2244 1133 πάντως
2271 1070 2380 1122 δεῖν
2415 1073 2494 1134 είς
2518 1071 2610 1123 τὸν
2640 1070 2844 1141 Κύριον
2871 1071 3092 1138 ἀνάγειν
3115 1068 3205 1122 τὸν
3239 1069 3394 1136 λόγον
3415 1068 3606 1122 τοῦτον·

2028 1160 2127 1224 τὰς
2176 1162 2476 1226 ἀποδείξεις
2505 1161 2853 1232 παρέχονταν
2884 1162 3004 1214 ούδέ
3030 1161 3121 1214 τοῦ
3155 1160 3319 1231 ῥητοῦ
3362 1162 3462 1232 τὴν
3489 1162 3604 1215 διά-

2027 1268 2171 1304 νοιαν
2206 1254 2270 1305 ἐκ
2298 1252 2396 1322 τῆς
2421 1253 2527 1306 τῶν
2574 1251 2838 1322 Ἑϐραίων
2875 1252 3096 1323 Γραφῆς
3127 1253 3206 1314 είς
3231 1250 3390 1305 τοῦτο
3419 1253 3479 1304 τὸ
3506 1270 3604 1322 ση-

2027 1341 2346 1410 μαινόμενον
2379 1343 2649 1414 φέρουσαν
2692 1341 2953 1406 ὲπιδεῖξαι
2983 1343 3321 1412 δυνήσονται,
3354 1343 3463 1396 τῶν
3493 1344 3604 1396 λοιο

2024 1430 2140 1482 πῶν
2178 1433 2459 1502 ἑρμηνέων
2510 1434 2572 1485 τὸ
2641 1433 2972 1502 Ἐκτήσατο
2997 1474 3012 1500 ,
3065 1435 3159 1486 καὶ
3191 1435 3600 1502 Rati-507110813

2025 1523 2145 1575 ἀντὶ
2179 1523 2273 1576 τοῦ
2323 1527 2628 1590 Ἔκτισεν,
2658 1525 3030 1578 ἐκδεδωκότων
3056 1541 3067 1555 °
3106 1524 3233 1578 οὔτε
3258 1525 3314 1578 δέ
3349 1528 3397 1579 εἰ
3431 1526 3603 1590 οὕτως

2025 1611 2168 1686 εἶχεν
2195 1620 2228 1686 ή
2263 1617 2406 1682 λέξις
2431 1619 2487 1672 ἐν
2515 1621 2580 1689 τῇ
2611 1619 2952 1690 πρωτοτύπῳ
2980 1621 3193 1691 Γραφῇ,
3226 1619 3512 1691 πρόχειρος
3535 1621 3603 1675 ἂν

341 1709 590 1764 doctrina
621 1712 792 1767 soleat
817 1728 926 1766 non
960 1715 1265 1782 manifeste,
1297 1717 1391 1772 sed
1416 1720 1736 1784 occulte,'et
1762 1723 1918 1791 quasi

2022 1702 2089 1776 ἦν
2123 1709 2217 1760 καὶ
2256 1709 2492 1779 σαφὴςὴ
2536 1709 2763 1775 διάνοια,
2799 1714 2898 1782 τῆς
2937 1711 3313 1781 παροιμιακῆς
3348 1711 3601 1765 διδασκα-

343 1803 449 1858 sub
488 1805 779 1869 velamine,
835 1815 890 1860 et
932 1808 1153 1877 obliqua
1201 1810 1591 1878 insinuatione,
1647 1814 1918 1869 dictorum

341 1911 568 1966 scopum
607 1901 825 1967 vimque
874 1905 928 1954 et
978 1903 1256 1958 notionem
1289 1907 1600 1961 ostendere.
1638 1906 1824 1978 Itaque
1855 1927 1916 1963 ex

339 1988 460 2054 ipso
490 1990 801 2054 verborum,
835 2003 957 2058 qua:
993 1991 1095 2045 hoc
1128 1993 1249 2048 loco
1301 2004 1602 2064 ponuntur,
1639 2006 1918 2065 contextu,

340 2080 520 2135 cuivis
545 2081 597 2133 in
623 2091 874 2153 promptu
900 2080 1270 2140 est-orationis
1291 2086 1668 2142 diflicultatem
1692 2105 1922 2160 cognos-

340 2183 486 2223 cere.
518 2169 586 2224 Ut
613 2187 735 2226 cum
754 2174 909 2239 dicit,
941 2177 1160 2246 quando
1185 2176 1471 2230 Constituit
1499 2178 1741 2231 thronum
1767 2196 1919 2234 suum

337 2276 497 2329 super
525 2271 721 2328 ventos,
762 2277 818 2320 et
851 2267 906 2321 id
946 2283 1118 2338 genus
1159 2268 1298 2334 alia;
1346 2269 1472 2338 quis
1515 2271 1658 2324 enim
1686 2270 1919 2326 thronus

338 2347 462 2414 Dei,
491 2351 606 2407 sive
635 2355 957 2421 materialis,
991 2358 1105 2411 sive
1133 2358 1505 2413 intellectilis?
1544 2368 1598 2413 et
1628 2360 1721 2430 qui
1755 2364 1916 2428 venti,

340 2448 526 2496 utrum
560 2446 812 2502 consueti
841 2448 933 2504 isti
970 2449 1237 2519 nobisque
1264 2449 1402 2516 noti,
1435 2465 1575 2519 quos
1604 2451 1917 2523 pltil050phi

337 2547 404 2586 ex
429 2533 872 2595 exhalationibus
915 2547 969 2594 et
1014 2540 1316 2608 vaporibus
1347 2540 1502 2594 nasci
1549 2541 1795 2607 tradunt,
1849 2559 1916 2597 an

339 2625 564 2682 alterius
595 2630 881 2699 cujusdam
913 2631 1147 2685 rationis
1188 2639 1317 2685 sunt
1356 2631 1430 2684 illi
1462 2633 1632 2696 venti,
1677 2650 1816 2703 quos
1845 2636 1918 2690 ait

337 2718 534 2772 baseos
559 2729 613 2773 et
662 2720 820 2776 fulcri
851 2721 1024 2775 vicem
1078 2723 1276 2778 throno
1327 2726 1628 2792 praestare?
1679 2725 1744 2779 Et
1796 2743 1917 2798 qua:

339 2808 599 2862 cathedra
657 2811 965 2880 incorporei
1014 2822 1068 2867 et
1116 2813 1584 2885 incircumscripti
1636 2817 1917 2888 figuraque

338 2898 580 2953 carentis
609 2897 746 2954 Dei?
786 2899 913 2955 Haec
955 2909 1009 2956 et
1045 2902 1247 2957 similia
1286 2911 1489 2958 cuncta
1533 2906 1657 2976 quis
1688 2923 1753 2962 ex
1784 2925 1916 2964 con-

340 2994 495 3042 sueta
535 2989 924 3045 vocabulorum
950 2991 1348 3062 signiﬁcatione
1379 2995 1682 3066 intelligat?

407 3263 632 3320 Clarum
688 3265 855 3337 igitur
899 3270 1101 3336 evadit,
1163 3275 1279 3326 haec
1327 3287 1446 3342 quae
1493 3274 1616 3328 istic
1657 3275 1918 3332 dicuntur

336 3357 627 3428 aenigmata
674 3359 1003 3429 aliquorum,
1025 3369 1078 3415 et
1105 3362 1325 3431 quidem
1350 3365 1603 3430 obscura,
1631 3366 1914 3424 involucra

338 3462 462 3501 esse
481 3464 497 3511 ;·
533 3447 929 3502 abstrusiorem
961 3449 1277 3517 quamdam,
1312 3467 1476 3519 quam
1504 3454 1575 3507 sit
1606 3460 1914 3515 communis

336 3544 391 3588 et
441 3534 602 3598 trita,
638 3535 1048 3605 intelligentiam
1108 3539 1546 3608 complectentia.
1610 3544 1798 3616 Itaque
1849 3565 1916 3604 ex

336 3627 425 3681 his
464 3627 616 3683 nulla
658 3629 871 3684 ratione
909 3630 1041 3683 oriri
1075 3638 1272 3700 potest
1307 3635 1567 3703 suspicio,
1623 3636 1912 3695 Dominum

337 3727 584 3774 creatum
619 3735 765 3785 esse,
817 3723 958 3792 apud
991 3737 1107 3790 eos,
1155 3725 1247 3794 qui
1285 3725 1397 3780 haec
1435 3727 1521 3797 pie
1564 3731 1916 3787 considerant

337 3819 392 3864 et
430 3809 765 3880 expendunt,
807 3815 1109 3882 przcsertim
1159 3816 1300 3885 apud
1333 3831 1447 3880 eos,
1494 3821 1586 3888 qui
1625 3836 1689 3875 ex
1734 3797 1913 3878 Evan-

338 3901 485 3969 gelio’
514 3901 693 3956 edocti
721 3912 870 3968 sunt,
908 3906 1092 3963 omnia
1119 3921 1240 3975 quae
1272 3907 1416 3963 facta
1449 3920 1700 3981 sunt.per
1733 3915 1912 3983 ipsum

337 3993 483 4046 facta
505 4008 647 4058 esse,
671 4004 723 4049 et
746 3995 800 4049 in
825 3995 941 4065 ipso
963 3995 1286 4052 subsistere.
1314 3997 1508 4053 Omnia
1530 4004 1697 4070 enim,
1716 4004 1911 4074 inquit,

336 4101 428 4154 per
463 4086 639 4159 ipsum
669 4086 816 4155 facta
851 4097 995 4155 sunt,
1049 4098 1097 4142 et
1126 4091 1239 4143 sine
1268 4090 1382 4157 ipso
1417 4090 1616 4159 factum
1649 4103 1726 4148 est
1757 4096 1911 4163 nihil,

334 4178 475 4250 quod
509 4179 712 4246 factum
737 4189 816 4235 est
846 4181 899 4234 in
929 4183 1042 4251 ipso
1067 4181 1135 4236 ⁸³.
1171 4181 1289 4237 Non
1317 4183 1505 4254 utique
1536 4184 1641 4241 hoc
1667 4185 1913 4245 dicturus

335 4271 534 4328 fuisset
566 4276 930 4346 evangelista,
976 4276 1023 4331 si
1057 4276 1344 4331 Dominum
1375 4293 1594 4347 quoque
1628 4295 1796 4334 unum
1846 4297 1912 4336 ex

337 4363 427 4419 liis
444 4379 565 4434 quae
596 4365 739 4421 facta
769 4372 917 4431 sunt,
944 4382 1068 4423 esse
1090 4367 1437 4423 credidisset.
1464 4367 1750 4434 Quomodo
1769 4371 1913 4425 enim
1948 4377 1992 4430 D

336 4469 436 4524 per
466 4455 622 4510 illum
662 4456 846 4511 omnia
896 4457 1051 4524 fiunt,
1087 4466 1141 4513 et
1174 4457 1448 4527 quomodo
1495 4459 1680 4514 omnia
1723 4460 1777 4513 in
1820 4461 1914 4515 illo

340 4544 670 4610 subsistunt,
705 4547 753 4602 si
786 4547 852 4614 is,
873 4548 1431 4616 quiomniafecit,non
1446 4550 1662 4607 diversa
1694 4552 1910 4622 penitus

341 4651 372 4690 a
411 4637 576 4693 rebus
611 4636 772 4694 factis
811 4647 1007 4693 natura
1039 4648 1319 4707 constans,
1366 4658 1472 4696 non
1519 4643 1776 4713 seipsum,
1816 4646 1909 4700 sed

340 4733 651 4782 creaturam
695 4726 857 4782 fecit?
893 4729 950 4782 Si
994 4730 1139 4784 enim
1171 4739 1423 4786 creatura
1457 4747 1555 4802 per
1599 4735 1775 4804 ipsum
1805 4744 1912 4800 est,

342 4820 461 4887 ipse
485 4831 614 4870 vero
647 4815 910 4875 Dominus
941 4835 1050 4874 non
1091 4829 1176 4876 est
1226 4836 1323 4891 per
1356 4824 1636 4892 scipsum:
1691 4829 1914 4882 omnino

340 4907 588 4979 sequitur
614 4905 888 4963 diversum
915 4911 1172 4980 quiddam
1201 4927 1230 4964 a
1255 4924 1505 4967 creatura
1549 4929 1692 4981 esse,
1743 4932 1911 4970 evan-

336 5000 533 5071 gelista
563 4998 752 5068 utique
777 5001 957 5081 palam
989 5002 1296 5058 affirmante
1336 5024 1348 5058 :
1385 5003 1584 5058 Omnia
1621 5022 1712 5074 per
1742 5008 1911 5076 ipsum

337 5091 482 5158 facta
505 5105 638 5153 esse,
665 5097 715 5142 et
737 5089 851 5143 sine
872 5090 985 5157 ipso
1007 5091 1208 5160 factum
1231 5109 1341 5148 esse
1370 5094 1524 5160 nihil,
1549 5095 1686 5165 quod
1713 5096 1913 5164 factum

336 5191 414 5235 cst
443 5181 498 5233 in
528 5180 677 5248 ipso:
714 5186 778 5234 et
808 5179 1083 5251 praecipue
1115 5180 1546 5245 demonstrante,
1591 5184 1646 5236 in
1681 5181 1820 5236 Filio
1850 5199 1913 5237 ea

338 5289 461 5343 quae
500 5271 644 5327 facta
692 5282 840 5336 sunt,
891 5271 1036 5326 facta
1074 5287 1220 5337 esse,
1283 5288 1458 5344 neque
1491 5273 1558 5328 ab
1597 5274 1703 5327 alio
1733 5281 1912 5327 ortum

339 5379 498 5418 suum
526 5375 577 5419 et
606 5357 934 5435 principium
962 5362 1180 5418 ducere.

411 5453 624 5519 Quibus
670 5456 886 5528 egregie
934 5453 995 5510 Ι).
1035 5455 1237 5512 Paulus
1289 5458 1550 5525 concinit,
1612 5460 1912 5519 orationem

417 5640 465 5673 θ’
485 5641 644 5696 Prov.
678 5659 792 5710 νιιι,
833 5646 922 5699 22.
1002 5647 1048 5678 ³⁸
1069 5647 1222 5705 Joan.
1255 5663 1293 5717 ι,
1336 5648 1388 5704 5.

2025 1799 2144 1864 λίας
2173 1801 2232 1852 οὐ
2266 1803 2577 1873 προδήλως,
2629 1802 2764 1856 ἀλλὰ
2807 1804 2923 1873 μετ’
2966 1803 3313 1873 ἐπικρύψεως
3349 1804 3440 1856 τὸν
3489 1804 3602 1857 τῶν

2024 1891 2329 1961 λεγομένων
2360 1894 2560 1946 σκοπὸν
2594 1893 3010 1964 ἐνδεικνυμένης
3036 1892 3124 1946 διὰ
3146 1893 3381 1961 πλαγίας
3418 1895 3599 1963 ἐμφά-

2026 1999 2180 2046 σεως,
2210 1982 2284 2044 ὡς
2316 1984 2378 2034 ὲκ
2410 1983 2507 2054 τῆς
2545 1984 2673 2054 περὶ
2692 1984 2784 2036 τὸν
2829 1983 2992 2036 τόπον
3020 1982 3207 2036 τοῦτον
3243 1981 3603 2054 συμφράσεως

2022 2072 2130 2124 τῶν
2147 2073 2449 2144 εἰρημένων
2467 2075 2729 2146 πάρεστιν
2758 2074 3053 2143 ἐπιγνῶναι
3077 2074 3170 2128 τοῦ
3199 2074 3356 2142 λόγου
3385 2075 3446 2126 τὸ
3472 2075 3604 2128 δυσ-

2024 2164 2326 2235 θεώρητον·
2371 2168 2428 2217 ἐν
2461 2161 2542 2230 οἷς
2597 2183 2791 2237 φησιν,
2821 2166 2983 2236 ἡνίκα
3024 2165 3295 2234 Ἀφώριζε
3330 2165 3437 2218 τὸν
3467 2164 3604 2220 ἐαυ-

2022 2253 2128 2306 τοῦ
2166 2256 2382 2321 θρόνον
2420 2254 2512 2306 ἐπ’
2548 2255 2801 2322 ἀνέμων,
2835 2256 2929 2308 καὶ
2961 2253 3336 2308 ὃσα-τοιαῦτα.
3372 2256 3468 2319 Τίς
3492 2255 3605 2327 γὰρ

2021 2344 2156 2396 Θεοῦ
2187 2345 2409 2412 θρόνος;
2448 2344 2555 2396 εἴτε
2605 2345 2808 2408 ύλικὸς,
2865 2343 2975 2397 εἴτε
3028 2345 3252 2415 νοητός;
3303 2347 3412 2399 Καὶ
3454 2347 3601 2410 τίνες

2025 2431 2231 2500 ἄνεμοι
2261 2445 2276 2492 ;
2330 2429 2555 2500 πότερον
2606 2431 2654 2482 οἱ
2688 2429 2936 2498 συνήθεις
2962 2421 3107 2482 οὗτοι
3132 2469 3145 2494 ,
3178 2432 3270 2483 καὶ
3310 2430 3601 2502 γνώριμοι,

2021 2520 2113 2583 οὒς
2136 2523 2200 2573 ἐκ
2227 2520 2334 2572 τῶν
2355 2520 2541 2590 ἀτμῶν
2563 2537 2621 2572 τε
2648 2523 2741 2573 καὶ
2767 2520 2876 2573 τῶν
2905 2520 3320 2591 ἀναθυμιάσεων
3349 2523 3604 2575 συνίσταο

2023 2611 2146 2663 σθαι
2171 2611 2417 2678 λέγουσιν
2445 2612 2494 2663 οἱ
2517 2609 2688 2663 ταῦτα
2718 2611 3181 2680 φυσιολογοῦντες;
3209 2614 3316 2666 εἴτε
3343 2614 3462 2666 καθ’
3484 2615 3603 2667 ἓτε-

2022 2721 2112 2774 ρον
2129 2704 2327 2773 τρόπον
2349 2703 2572 2756 ύπονοού
2581 2720 2748 2774 μενοι,
2772 2703 2830 2755 ὃν
2847 2705 2945 2756 ούκ
2967 2703 3315 2772 ἐπιγινώσκει
3342 2707 3375 2774 ἡ
3398 2704 3493 2757 ἀνθ
3504 2722 3602 2776 ρω-

2019 2792 2147 2862 πίνη
2183 2792 2437 2858 συνήθεια
2459 2810 2471 2823 ο
2505 2793 2598 2856 οῦς
2629 2811 2790 2863 φησιν
2820 2794 2938 2847 ἀντὶ
2973 2794 3181 2863 βάσεως
3207 2795 3284 2862 τῷ
3306 2794 3478 2865 θρόνῳ
3511 2797 3599 2863 γί-
3660 2841 3664 2846 ,

2018 2882 2240 2946 νεσθαι;
2277 2883 2386 2935 Καὶ
2420 2882 2502 2945 τίς
2537 2883 2776 2953 καθέδρα
2806 2882 2900 2934 τοῦ
2933 2883 3246 2952 ἀσωμάτου,
3281 2884 3376 2935 καὶ
3409 2883 3598 2952 ἀπερι-
3628 2945 3651 2964 κ

2017 2973 2298 3043 γράπτου,
2344 2973 2436 3026 καὶ
2483 2974 2888 3045 ἀσχηματίστου
2936 2973 3110 3041 Θεοῦ,
3155 2977 3247 3028 καὶ
3294 2975 3470 3028 πάντα
3529 2977 3599 3029 τὰ

2019 3065 2240 3117 τοιαῦτα
2309 3065 2392 3128 τίς
2424 3065 2490 3118 ἂν
2516 3067 2580 3119 ἐκ
2607 3066 2706 3136 τῆς
2744 3065 3008 3135 συνήθους
3041 3067 3147 3120 τῶν
3189 3068 3447 3138 ῥημάτων
3471 3068 3599 3121 τού-

2016 3173 2125 3209 των
2157 3155 2431 3224 σημασίας
2461 3157 2696 3226 κατανοή
2707 3173 2816 3208 σειε
2838 3175 2852 3222 ;

2089 3244 2254 3314 Δῆλον
2285 3240 2376 3297 οῦν
2405 3245 2486 3297 ὅτι
2517 3245 2814 3314 αἰνίγματά
2853 3245 3016 3298 τινών
3050 3247 3170 3300 ἐστιΔ
3198 3247 3268 3301 τά
3299 3247 3594 3316 λεγόμενα,

2019 3334 2320 3404 βαθυτέραν
2359 3334 2480 3388 τινὰ
2507 3337 2605 3405 τῆς
2642 3337 2932 3408 προχείρου
2967 3337 3203 3402 διανοίας
3233 3338 3330 3410 τὴν
3363 3338 3598 3408 θεωρίαν

2017 3426 2442 3497 ἐμπεριέχοντα’
2483 3426 2559 3489 ὠς
2593 3427 2658 3479 ἐκ
2692 3427 2895 3480 τούτων
2950 3427 3139 3498 μηδενὶ
3186 3428 3329 3499 λόγῳ
3366 3429 3464 3499 τὴν
3498 3428 3595 3481 τοῦ

2017 3517 2258 3571 ἐκτίσθαι
2286 3518 2376 3570 τὸν
2401 3517 2604 3589 Κύριον
2633 3519 2884 3572 ὑπόνοιαν
2921 3522 2984 3572 ἐκ
3011 3521 3111 3590 τῆς
3145 3520 3367 3591 Γραφῆς
3392 3519 3598 3590 ταύτης

2015 3612 2125 3672 τοῖς
2155 3609 2391 3672 εὐσεϐῶς
2417 3608 2781 3679 λογιζομένοις
2809 3609 3137 3677 ἐγγίνεσθαι,
3164 3613 3274 3686 τοῖς
3307 3611 3599 3665 πεπαιδευ-

2021 3702 2198 3770 μένοις
2229 3700 2459 3770 μάλιστα
2487 3700 2575 3753 διά
2600 3702 2696 3771 τῆς
2741 3701 3126 3770 εὐαγγελιστοῦ
3161 3702 3594 3772 μεγαλοφωνίας,

2015 3793 2075 3845 τὸ
2111 3793 2285 3846 πάντα
2322 3791 2390 3844 τὰ
2434 3791 2695 3859 γεγονότα
2733 3791 2800 3844 δι’
2832 3791 2994 3845 αὐτοῦ
3026 3792 3380 3863 γεγενῆσθαι,
3415 3793 3507 3845 καὶ⁵
3537 3794 3595 3844 ἐν

2017 3883 2164 3953 αὐτῷ
2212 3883 2556 3945 συνεστάναι,
2582 3883 2858 3952 λέγοντος·
2885 3883 3088 3937 Πάντα
3131 3885 3276 3954 γὰρ,
3311 3886 3476 3956 φησι,
3516 3883 3594 3937 δι’

2014 3974 2198 4028 αὑτοῦ
2228 3973 2483 4044 ἐγένετο,
2517 3974 2614 4027 καὶ
2645 3975 2824 4043 χωρὶς
2854 3975 3039 4028 αὐτοῦ
3071 3975 3307 4043 ἐγένετο
3335 3974 3477 4028 οὐδὲ
3501 3974 3594 4040 ἓν,

2016 4066 2046 4117 ὃ
2079 4064 2326 4136 γέγονεν
2362 4065 2431 4117 ἐν
2461 4064 2639 4130 αὐτῷ.
2672 4065 2785 4119 Ούκ
2812 4065 2877 4119 ἂν
2920 4065 3078 4118 τοῦτο
3105 4066 3500 4137 διορισάμενος,
3536 4068 3586 4118 εί

2015 4159 2109 4209 καὶ
2151 4155 2310 4208 αὐτὸν
2337 4155 2428 4207 τὸν
2465 4153 2666 4226 Κύριον
2719 4155 2776 4208 ἒν
2825 4156 2934 4210 τῶν
2965 4156 3266 4226 γεγονότων
3314 4157 3589 4208 ἐπίστευε.

2016 4248 2140 4311 Πῶς
2166 4248 2273 4318 γὰρ
2315 4246 2382 4300 δι’
2417 4247 2624 4301 ἐκείνου
2652 4247 2721 4300 τὰ
2754 4247 2931 4301 πάντα
2966 4247 3195 4316 γίνεται,
3225 4247 3319 4300 καὶ
3355 4249 3411 4300 ἐν
3445 4245 3592 4316 αὐτῷ

2014 4337 2082 4392 τὰ
2108 4339 2366 4408 γεγονότα
2391 4339 2489 4410 τὴν
2515 4337 2770 4394 σύστασιν
2801 4339 2936 4410 ἔχει,
2965 4340 3013 4391 εί
3039 4338 3112 4409 μὴ
3146 4338 3364 4400 πάντως
3395 4337 3520 4390 ἄλλο
3540 4355 3592 4390 τι

2025 4429 2177 4500 παρά
2214 4429 2314 4499 τὴν
2350 4429 2460 4483 τῶν
2505 4431 2887 4500 πεποιημένων
2923 4431 3082 4498 φύσιν
3111 4431 3139 4482 ὁ
3169 4428 3394 4500 ποιητὴς
3419 4429 3593 4497 ὑπάρ-

2023 4539 2152 4592 χων,
2179 4521 2278 4591 ούχ
2311 4521 2525 4586 ἑαυτὸν,
2555 4522 2688 4574 ἀλλά
2713 4522 2812 4592 τὴν
2843 4522 3018 4574 κτίσιν
3042 4522 3336 4592 εἰργάσατο
3365 4537 3380 4585 ;
3411 4521 3458 4571 εἰ
3485 4520 3593 4588 γὰρ

2028 4615 2061 4685 ἡ
2093 4614 2265 4676 κτίσις
2295 4613 2360 4667 δι’
2390 4613 2595 4667 ἐκείνου
2619 4651 2633 4675 ,
2663 4614 2822 4678 αὐτὸς
2847 4615 2902 4667 δὲ
2926 4616 2954 4666 ὁ
2976 4613 3176 4684 Κύριος
3196 4613 3255 4665 ού
3280 4613 3344 4665 δι’
3374 4610 3591 4673 ἐαυτοῦ,

2026 4705 2152 4758 ἄλλο
2172 4723 2224 4758 τι
2244 4706 2461 4769 πάντως
2481 4706 2572 4760 καὶ
2593 4707 2713 4776 οὐχὶ
2735 4706 2910 4769 κτίσις
2938 4705 3074 4761 ἐστί.
3098 4705 3205 4758 Τοῦ
3226 4706 3401 4758 τοίνυν
3431 4707 3593 4773 εὐαγ-

2024 4794 2268 4864 γελιστοῦ
2318 4799 2584 4866 φήσαντος
2602 4835 2616 4859 ,
2647 4798 2726 4849 ὅτι
2749 4796 2974 4862 ,Πάντα
2999 4795 3074 4849 δι’
3104 4796 3290 4850 αὐτοῦ
3335 4795 3593 4865 ἐγένετο,

2011 4889 2108 4942 καὶ
2124 4889 2298 4957 χωρὶς
2311 4888 2496 4942 αὑτοῦ
2511 4888 2743 4956 ἐγένετο
2757 4889 2895 4942 οὐδὲ
2909 4889 2997 4954 ἓν,
3017 4888 3048 4941 ὃ
3066 4887 3309 4959 γέγονεν
3322 4890 3391 4942 ἐν
3411 4888 3591 4954 αὐτῷ·

2012 4981 2105 5034 καὶ
2137 4979 2384 5049 φανερῶς
2407 4979 2493 5033 διὰ
2517 4980 2722 5034 τούτων
2750 4980 3124 5051 ἐνδειξαμένου
3144 5021 3158 5041 ,
3187 4982 3269 5033 ὅτι
3300 4982 3393 5034 καὶ
3421 4983 3494 5034 ἐν.
3511 4981 3591 5050 τῷ

2013 5071 2129 5141 Υίῷ
2157 5070 2224 5124 τὰ
2245 5071 2512 5142 γενόμενα
2541 5073 2753 5140 γέγονε,
2785 5072 2880 5125 καὶ
2905 5073 2965 5124 ού
2993 5071 3058 5124 δι’
3089 5071 3277 5142 ἐτέρου
3321 5073 3466 5134 τινὸς
3493 5071 3594 5141 τὴν

2021 5163 2098 5225 εἰς
2128 5161 2187 5214 τὸ
2213 5161 2459 5230 γενέσθαι
2489 5162 2720 5232 πάροδον
2746 5163 2921 5231 ἐσχεν.

2103 5479 2406 5549 Ἐκδέχεται
2440 5478 2532 5532 τὸν
2556 5478 2708 5546 λόγον
2741 5475 2926 5531 τοῦτον
2950 5479 2976 5531 ό
2999 5475 3206 5540 Παῦλος
3230 5492 3243 5506 ο
3287 5472 3378 5529 καὶ
3415 5472 3489 5537 ὠς
3523 5471 3592 5528 ἂν
