4064 6146
308 217 416 273 3ιῦ

1468 209 1746 266 CONTRA
1771 208 2159 273 EUNOMIUM,
2185 207 2313 263 LIB.
2355 207 2395 262 1.

3453 208 3557 266 546

312 324 581 397 μηδεμίαν
630 323 913 376 καταλίποι
959 322 1225 394 πρόφασιν
1273 325 1338 393 τῇ
1393 323 1697 394 βλασφήμῳ
1731 325 1879 393 φωνῇ

2000 321 2331 390 :vangelistae
2394 319 2703 388 excipiens;
2769 326 2823 374 et
2859 335 2926 375 ne
2957 319 3097 375 ullus
3130 319 3310 390 impiis
3346 321 3560 378 subter-

307 417 403 470 τοῦ
420 414 770 485 συναριθμεῖν
795 417 904 476 τοῖς
928 415 1170 481 γεγονόσι
1196 414 1287 466 καὶ
1321 413 1418 483 τὴν
1450 414 1544 466 τοῦ
1569 413 1708 466 Πνεύ
1718 429 1882 482 ματος

312 509 494 577 φύσιν,
527 506 617 560 ὑπ’
645 505 876 576 ἀριθμὸν
911 505 1034 573 ἀγει
1065 505 1132 567 τὰ
1155 505 1353 567 πάντα,
1387 506 1514 558 ποῖά
1543 506 1658 557 ἐστι
1692 503 1880 568 ταῦτα,

314 600 350 652 ἃ
374 595 573 651 πάντα
595 595 672 665 τῷ
716 594 1067 666 εὑαγγελιστῇ
1111 596 1204 648 καὶ
1235 597 1445 666 εἴρηται
1485 596 1577 648 καὶ
1615 595 1883 665 νενόηται.

312 689 424 743 Καὶ
456 686 704 757 καθάπερ
737 688 765 737 ὁ
795 685 967 755 μέγας
995 685 1174 749 Δαυῒδ,
1207 688 1383 739 πάντα
1419 684 1780 754 ὑποτετάχθαι
1806 683 1884 753 τῷ

313 773 583 846 ἀνθρώπῳ
617 776 814 845 φήσας,
849 776 942 828 καὶ
967 775 1028 826 τὸ
1055 777 1176 827 κατ’
1214 771 1348 837 εἶδος
1386 773 1688 844 προσέθηκε
1709 812 1724 836 ,
1759 777 1885 826 ποῖα

311 861 376 936 ἦν
425 864 496 916 τὰ
537 863 1123 933 ἐμπεριλαμϐανόμενοι
1166 867 1232 934 τῇ
1283 864 1400 916 τῶν
1432 863 1672 916 πάντων
1701 865 1884 933 φωνῇ,

313 961 579 1019 τουτέστι.
605 960 674 1013 τὰ
705 963 954 1030 χερσαῖα,
986 961 1077 1012 καὶ
1106 960 1172 1012 τὰ
1203 959 1415 1031 ἔνυδρα,
1448 961 1539 1012 καὶ
1571 958 1640 1011 τά
1672 958 1887 1029 ὲναέρια

315 1053 466 1116 ζῶα·
503 1051 644 1104 οὑτω
681 1052 775 1104 καὶ
813 1052 841 1102 ὁ
889 1050 996 1103 τῶν
1043 1050 1199 1104 θείων
1232 1048 1515 1121 δογμάτων
1566 1048 1831 1119 ἐξηγητὴς
1860 1050 1887 1100 ὁ

313 1144 608 1205 ἀπόστολος
634 1143 864 1206 Παῦλος,
895 1145 1071 1196 πάντα
1100 1145 1156 1196 ἐν
1179 1143 1325 1213 αὑτῷ
1353 1142 1677 1212 γεγενῆσθαι
1698 1141 1883 1206 εἰπὼν,

317 1233 648 1304 περιγράφει
681 1236 793 1294 τοῖς
826 1232 1168 1302 ἀριθμηθεῖσι
1219 1233 1339 1286 τῶν
1389 1233 1629 1286 πάντων
1667 1233 1762 1301 τὴν
1787 1231 1887 1282 ’ἕν-

314 1339 481 1377 νοιαν.
525 1320 728 1390 Ὀρατὰ
748 1323 874 1394 γὰρ,
927 1323 1082 1392 φησι,
1115 1325 1213 1376 καὶ
1243 1325 1485 1391 ἀόρατα.
1516 1323 1613 1376 Διά
1653 1322 1750 1392 μὲν
1780 1321 1888 1374 τῶν

316 1413 546 1485 ὁρατῶν,
587 1412 768 1476 καθὼς
817 1415 1070 1484 εἴρηται,
1117 1414 1184 1466 τά
1230 1416 1294 1484 τῇ
1343 1413 1588 1485 αἰσθήσει
1639 1412 1889 1483 γνώριμα

318 1502 624 1574 περιλαϐὼν
651 1503 730 1573 τῷ
752 1504 1006 1571 ὀνόματι·
1031 1503 1118 1556 διά
1147 1504 1202 1557 δὲ
1227 1503 1335 1557 τῶν
1363 1504 1631 1574 ἀοράτων,
1656 1503 1752 1574 τήν
1781 1501 1888 1555 τῶν

317 1596 520 1665 νοητῶν
549 1595 889 1666 αἰνιξάμενος
927 1595 1106 1664 φύσιν.

401 1965 560 2019 Ἀλλά
596 1966 722 2037 περὶ
759 1965 855 2035 μὲν
883 1965 991 2018 τῶν
1035 1962 1330 2034 αἰσθητῶν,
1367 1964 1517 2017 οὐδὲν
1571 1962 1760 2033 ἐδέησε
1799 1965 1887 2016 λε-

317 2058 604 2129 ⁴ιττομερῶς
644 2057 927 2124 διεξελθεῖν
955 2059 1040 2110 ἐπ’
1080 2055 1358 2126 ὀνόματος.
1391 2055 1576 2117 Οὐδεὶς
1617 2055 1720 2124 γὰρ
1753 2057 1890 2110 οὑτω

319 2149 574 2220 σάρκινος
604 2147 722 2200 οὑδὲ
773 2146 1048 2216 κτηνώδης
1074 2145 1241 2207 ἐστὶν,
1277 2145 1352 2208 ὡς
1393 2144 1450 2195 ἐν
1481 2147 1591 2206 τοῖς
1619 2141 1890 2211 αἰσθητοῖς

319 2236 656 2289 ὑποπτεῦσαι
707 2237 801 2288 καὶ
843 2235 902 2287 τὸ
943 2234 1168 2304 Πνεῦμα
1196 2234 1256 2286 τὸ
1285 2233 1438 2301 ἅγιον
1468 2228 1626 2286 εἴναι.
1676 2230 1793 2284 Τῶν
1835 2231 1891 2284 δὲ

319 2330 565 2398 ἀοράτων
597 2326 873 2397 μνησθεὶς,
903 2327 1089 2396 ἐπειδὴ
1120 2325 1302 2397 νοερὰ,
1334 2327 1427 2378 καὶ
1457 2324 1762 2394 ἀσώματος,
1799 2324 1893 2376 καὶ

319 2422 354 2490 ἠ
392 2418 485 2472 τοῦ
523 2417 836 2488 Πνεύματος
872 2419 1030 2486 φύσις
1074 2419 1238 2481 ἐστὶν,
1271 2415 1345 2479 ὡς
1373 2415 1438 2469 ἃ)
1475 2417 1547 2486 μή
1578 2433 1661 2476 τις
1685 2417 1741 2468 ἐν
1770 2415 1894 2468 τού-

320 2529 431 2573 τοις
465 2510 810 2579 ὑπονοήσειεν
837 2508 1132 2577 ὑιρεστάναι
1166 2508 1227 2561 τὸ
1253 2507 1477 2578 Πνεῦμα
1515 2506 1602 2559 διὰ
1633 2507 1729 2577 τὴν
1758 2505 1896 2558 κατὰ

320 2602 382 2656 τὸ
423 2603 654 2672 ἀόρατον
702 2599 1006 2664 κοινωνίαν,
1058 2599 1460 2671 ἐναργεστάτην
1516 2600 1751 2651 ποιεῖται
1799 2598 1896 2666 τὴν

321 2693 580 2764 διαίρεσιν
627 2692 733 2744 τῶν
755 2709 814 2744 τε
840 2691 926 2744 διὰ
950 2691 1050 2761 τῆς
1073 2693 1299 2753 κτίσεως
1320 2689 1640 2758 γεγονότων,
1677 2689 1772 2742 καὶ
1797 2689 1898 2757 τῆς

323 2783 460 2854 ὑπὲρ
481 2782 579 2852 τὴν
613 2782 787 2835 κτίσιν
816 2782 1020 2844 οὑσίας.
1069 2781 1150 2834 Τά
1180 2782 1278 2852 μὲν
1299 2781 1405 2854 γὰρ
1449 2781 1732 2834 κτισθέντα
1766 2797 1897 2833 κατ-

324 2873 641 2944 αριθμεῖται
672 2871 750 2941 τῷ
775 2871 936 2940 λόγῳ,
960 2872 1219 2938 Θρόνους
1243 2871 1413 2935 τινὰς,
1444 2873 1534 2924 καὶ
1567 2870 1788 2939 Ἀρχὰς,
1808 2870 1900 2923 καὶ

339 2963 661 3029 Ἐξουσίας
694 3003 707 3028 ,
743 2963 836 3016 καὶ
883 2963 1246 3028 Κυριότητας
1274 2961 1446 3030 λέγων
1472 2979 1484 2992 ·
1516 2964 1751 3029 γενικοῐς
1792 2977 1900 3012 τισι

327 3057 416 3108 καὶ
453 3055 872 3126 περιληπτικοῖς
899 3052 1123 3121 ὀνόμασι
1153 3052 1259 3104 τῶν
1304 3052 1550 3124 ἀοράτων
1583 3053 1785 3105 τούτων
1805 3052 1896 3104 δυο
1927 3029 1972 3089 c

284 3165 287 3168 '
324 3148 540 3218 νὰμεων
568 3146 664 3217 τὴν
697 3144 1043 3198 διδασκαλίαν
1069 3143 1404 3213 ποιούμενος,
1436 3145 1504 3197 τὰ
1538 3145 1596 3197 δὲ
1630 3145 1770 3212 ὑπὲρ
1799 3144 1898 3213 τὴν

331 3241 529 3304 κτίσιν,
575 3238 643 3291 δι’
675 3237 844 3306 αὑτῆς
883 3237 981 3305 τῆς
1032 3236 1238 3306 σιωπῆς
1277 3235 1607 3307 ἁποχωρίζει
1653 3237 1749 3289 τοῦ
1790 3238 1900 3306 ἀρι-

333 3330 467 3401 θμοῦ
499 3330 606 3383 τῶν
651 3329 992 3383 κτισθέντων.
1024 3329 1234 3398 Ὥσπερ
1263 3327 1329 3381 ἂν
1362 3328 1515 3391 εἴτις
1544 3329 1899 3398 προσταχθείς

335 3425 423 3474 ἐπὶ
461 3421 817 3492 στρατοπέδου
854 3421 952 3484 τὰς
984 3421 1340 3489 λεπτομερεῖς
1383 3419 1475 3470 καὶ
1504 3417 1901 3488 ὑποϐεϐηκυίας

335 3512 504 3582 ἀρχὰς
534 3513 704 3564 εἰπεῖν
732 3513 818 3564 ἐπ’
843 3512 1125 3582 ὀνόματος,
1146 3510 1464 3580 ταξιάρχας,
1495 3512 1589 3562 καὶ
1616 3510 1899 3580 λοχαγοὺς,

343 3585 767 3675 ἑκατοντάρχους
799 3620 856 3656 τε
890 3603 985 3656 καὶ
1014 3601 1346 3671 χιλιάρχους,
1372 3601 1464 3654 καὶ
1494 3600 1548 3652 εἴ
1575 3617 1715 3663 τινες
1748 3599 1902 3652 ἄλλαι

336 3693 440 3748 τῶν
469 3693 608 3747 κατά
639 3694 800 3764 μέρος
822 3691 1150 3747 δυναστειῶν
1173 3691 1554 3761 ὠνομασμέναι
1582 3689 1706 3756 εἰσὶ,
1727 3691 1904 3752 πάσας

338 3784 615 3850 διεξελθὼν
643 3783 720 3854 τῷ
747 3784 907 3855 λόγῳ,
930 3785 1032 3853 τῆς
1060 3782 1278 3836 πάντων
1307 3780 1638 3852 κρατούσης,
1683 3781 1776 3834 καὶ
1808 3781 1907 3832 πᾶα

341 3893 436 3929 σαν
457 3875 554 3947 τὴν
583 3874 808 3944 δύναμιν
850 3875 1138 3943 διεπούσης
1166 3873 1342 3944 ἀρχῆς
1383 3872 1651 3942 μηδεμίαν
1687 3873 1908 3942 μνήμην

339 3968 645 4037 ποιήσαιτο·
679 3966 739 4018 οὑ
766 3965 832 4017 δι’
875 3965 1194 4037 ὑπεροψίαν,
1227 3963 1455 4034 ἢλήθην
1491 3962 1588 4034 τὴν
1620 3963 1908 4033 ὑπερέχου-

340 4075 434 4112 σαν
461 4057 633 4128 ἀρχὴν
661 4060 971 4128 σιωπήσας,
1005 4055 1120 4108 ἀλλ’
1154 4057 1235 4108 ὅτι
1264 4055 1424 4125 μόνον
1449 4053 1547 4116 τὴν
1579 4055 1818 4125 ὑπήκοόν
1848 4071 1907 4107 τε

340 4153 429 4205 καί
448 4151 756 4221 ὑποχείριον
777 4147 928 4214 τάξιν
947 4144 1231 4218 διεξελθεῖν
1254 4147 1287 4216 ἢ
1313 4144 1691 4216 προσταχθεὶς,
1721 4145 1752 4215 ἢ
1776 4161 1909 4215 προ-

341 4241 559 4312 θέμενος
587 4258 601 4272 ’
637 4240 906 4312 ὑϐρίσειεν
931 4238 994 4292 ἂν
1023 4239 1080 4290 ὲν
1105 4240 1170 4308 τῇ
1195 4236 1299 4289 τῶν
1326 4236 1698 4306 ὑποκειμένων
1722 4236 1908 4307 μνήμῃ

1984 412 2224 480 fugiendi
2253 412 2405 466 locus
2443 411 2805 480 relinquatur,
2838 411 3076 482 Spiritus
3104 414 3278 467 sancti
3309 421 3558 467 naturam

1984 504 2151 558 rebus
2207 504 2406 557 creatis
2465 504 2885 568 annumerandi,
2943 505 3220 574 sigillatim
3277 517 3561 574 percenset

1985 595 2168 648 omnia
2195 593 2309 659 illa,
2341 595 2526 663 qualia
2557 595 2686 660 sint,
2718 609 2838 664 quae
2864 596 2932 648 ab
2962 595 3292 664 evangelista
3329 594 3561 647 omnium

1953 683 1956 686 ’
1986 685 2204 738 nomine
2234 685 2379 738 dicta
2411 691 2465 738 et
2489 686 2882 755 comprehensa
2916 694 3078 740 sunt:
3121 693 3176 739 et
3203 683 3560 753 quemadmo-

1987 775 2114 828 dum
2157 776 2215 831 Β.
2267 775 2435 830 David
2483 792 2606 831 cum
2647 777 3077 846 pronuntiasset,
3125 778 3304 830 omnia
3353 777 3561 830 homini

1986 881 2108 920 esse
2143 867 2413 936 subjecta,
2464 869 2624 922 etiam
2669 869 2722 922 in
2757 868 2937 938 specie
2971 867 3285 933 declaravit,
3314 885 3562 938 quaenam

1988 957 2097 1011 sint
2143 958 2256 1022 illa,
2292 975 2412 1028 qua:
2443 961 2678 1012 omnium
2712 960 2983 1014 vocabulo
3024 960 3423 1014 intellexisset:
3463 960 3566 1014 hoc

1985 1056 2092 1112 est,
2125 1050 2426 1115 terrestria,
2458 1051 2738 1119 aquatilia,
2767 1058 2820 1105 et
2843 1052 2987 1106 aeria
3014 1051 3267 1104 animalia
3292 1051 3368 1097 δέ
3407 1052 3485 1106 sic
3512 1059 3565 1105 et

1989 1137 2296 1191 divinorum
2327 1139 2674 1193 oraculorum
2705 1140 2973 1209 interpres
3022 1139 3304 1209 apostolus
3339 1139 3560 1202 Paulus,

1989 1245 2112 1284 cum
2141 1229 2390 1294 dixisset,
2434 1232 2616 1284 omnia
2643 1231 2696 1284 in
2728 1231 2849 1301 ipso
2883 1246 3007 1286 esse
3038 1230 3201 1297 facta,
3243 1231 3431 1285 definit
3465 1246 3567 1284 no-

1991 1318 2192 1373 tionem
2254 1321 2510 1382 omnium,
2579 1321 2822 1388 ipsarum
2887 1335 3072 1375 rerum
3132 1320 3564 1376 enumeratione.

2001 1409 2270 1476 Visibilia,
2333 1412 2532 1481 inquit,
2599 1421 2650 1464 et
2701 1411 2993 1466 invisibilia
3018 1412 3085 1463 ⁵ο.
3140 1410 3568 1478 Aspectabilium

1991 1502 2213 1555 nomine
2245 1500 2314 1555 iis
2344 1501 2775 1570 comprehensis,
2811 1516 2932 1571 quae
2961 1498 3063 1556 sub
3087 1516 3309 1556 sensum
3342 1501 3566 1562 cadunt,

1992 1601 2052 1647 ut
2091 1601 2251 1646 antea
2305 1594 2548 1648 diximus
2597 1611 2609 1646 :
2652 1593 2870 1648 nomine
2917 1608 3047 1647 vero
3095 1590 3568 1660 inaspectabilium

1919 1678 1962 1732 Β
1992 1699 2181 1739 eorum
2218 1690 2472 1747 naturam
2523 1683 2859 1754 significans,
2895 1697 3018 1752 quae
3059 1683 3176 1737 sola
3212 1680 3570 1751 intelligentia

1995 1774 2390 1846 percipiuntur.

2067 1954 2170 2012 Sed
2214 1956 2281 2010 de
2306 1955 2674 2010 .Sensibilihus
2715 1954 2933 2024 quidem
2971 1954 3254 2009 enucleate
3305 1961 3359 2008 et
3391 1953 3570 2008 nomi-

1997 2051 2167 2103 natim
2223 2048 2471 2118 exsequi,
2513 2048 2662 2101 nulla
2721 2046 3022 2102 necessitas
3073 2046 3358 2115 exigebat;
3414 2059 3574 2099 nemo

1997 2141 2152 2194 enim
2203 2140 2337 2193 adeo
2378 2140 2618 2194 carnalis
2646 2144 2699 2192 et
2730 2138 2982 2206 stupidus
3009 2146 3112 2202 est,
3143 2137 3234 2203 qui
3262 2135 3574 2204 suspicetur

2001 2232 2262 2300 Spiritum
2302 2239 2550 2285 sanctum
2593 2244 2776 2284 rerum
2816 2227 3158 2282 sensibilium
3211 2226 3404 2282 ordine
3444 2241 3575 2280 con-

1999 2323 2187 2377 tincri.
2215 2323 2285 2375 At
2327 2338 2448 2376 cum
2474 2319 2946 2390 inaspectabilium
2972 2319 3304 2374 mentionem
3335 2317 3572 2381 fecisset,

2000 2431 2123 2470 cum
2147 2415 2265 2485 ipsa
2292 2415 2457 2467 etiam
2495 2411 2734 2482 Spiritus
2764 2411 2936 2466 sancti
2970 2420 3165 2464 natura
3184 2410 3254 2464 sit
3285 2409 3575 2463 intellecti-

2003 2507 2070 2561 lis
2113 2517 2167 2561 et
2212 2508 2563 2574 incorporea,
2611 2520 2678 2558 ne
2735 2505 2860 2573 quis
2894 2502 3146 2557 fortassis
3192 2501 3369 2570 ipsum
3409 2500 3573 2554 etiam

1981 2596 2273 2668 'Spiritum
2327 2603 2578 2652 sanctum
2628 2595 2678 2648 in
2736 2596 2927 2647 harum
2977 2594 3207 2648 classem
3257 2592 3574 2661 conjiceret,

2003 2693 2075 2748 ob
2099 2691 2545 2747 communionem
2571 2704 2693 2742 cum
2719 2689 2886 2743 rebus
2915 2688 2982 2742 ab
3023 2689 3311 2741 oculorum
3351 2695 3574 2756 aspectu

2005 2784 2247 2849 remotis,
2287 2782 2754 2838 evidentissimam
2778 2781 3190 2835 distinctionem
3223 2780 3351 2834 facit
3389 2795 3577 2834 eorum

2007 2890 2127 2944 qua!
2180 2890 2279 2943 per
2334 2874 2670 2928 creationem
2703 2872 2843 2926 facta
2876 2881 3022 2937 sunt,
3054 2872 3281 2942 ejusque
3325 2872 3580 2926 substan-

2009 2969 2116 3032 tite,
2164 2982 2284 3036 qua:
2315 2967 2596 3021 creatione
2632 2966 2885 3035 superior
2909 2974 3012 3020 est.
3045 2966 3237 3020 Creata
3275 2966 3418 3020 cnim
3461 2981 3580 3034 per-

2002 3067 2190 3112 censet
2235 3057 2329 3110 illa
2376 3058 2650 3120 oratione,
2693 3072 2817 3110 cum
2875 3057 3132 3120 Thronos,
3179 3056 3469 3126 quosdam,
3528 3063 3581 3110 et

2003 3149 2366 3217 Principatus,
2422 3157 2476 3203 et
2508 3148 2826 3214 Poteslates,
2875 3155 2928 3202 et
2963 3149 3356 3202 Dominationes
3413 3149 3585 3202 nonti-
3623 3137 3625 3140 ί

2004 3249 2098 3294 nat
2127 3241 2171 3271 δι
2198 3259 2211 3293 :
2238 3241 2588 3310 generalibus
2625 3240 2952 3309 quibusdam
2986 3249 3041 3294 et
3069 3243 3174 3293 vim
3208 3242 3581 3296 multitudinis

2002 3332 2354 3393 habentibus,
2387 3331 2696 3386 doctrinam
2738 3333 2932 3385 harum
2965 3333 3434 3401 inaspectabilium
3477 3333 3584 3386 vir--

2004 3429 2182 3476 tutum
2237 3421 2516 3489 tradens;
2551 3438 2614 3477 ea
2682 3438 2834 3487 vero,
2909 3439 3032 3493 quae
3083 3439 3248 3493 supra
3315 3435 3584 3478 creatura:

2004 3529 2232 3568 censum
2265 3520 2454 3568 evecta
2499 3523 2649 3578 sunt,
2686 3514 2805 3583 ipso
2839 3513 3058 3568 silentio
3086 3531 3150 3570 ex
3183 3529 3412 3568 numero
3435 3529 3582 3568 crea-

2005 3613 2253 3659 turarum
2297 3612 2566 3675 segregat.
2616 3604 3080 3670 Quemadmodum
3133 3607 3178 3661 si
3236 3607 3358 3676 quis
3389 3607 3580 3674 jussus

2007 3695 2266 3751 distincte
2311 3705 2365 3749 et
2410 3696 2733 3750 nominatim
2767 3712 3093 3752 enumerans
3146 3699 3385 3753 minores
3421 3712 3474 3753 et
3506 3700 3583 3752 in-

2009 3787 2240 3842 feriores
2274 3786 2588 3842 functiones
2617 3787 2862 3852 bellicas,
2893 3788 3146 3843 ordinum
3178 3791 3458 3854 ductores,
3495 3791 3584 3844 de-

2008 3879 2286 3942 curiones,
2336 3880 2709 3943 centuriones,
2757 3880 3111 3946 chiliarchas,
3144 3890 3197 3935 et
3232 3877 3275 3936 si
3304 3897 3425 3950 qua:
3458 3893 3586 3938 sunt

2009 3970 2114 4024 alia
2137 3969 2323 4024 munia
2344 3969 2630 4039 speciatim
2658 3978 3027 4039 percenseret,
3062 3964 3428 4041 omnibusque
3449 3988 3586 4025 enu-

2009 4061 2234 4116 meratis
2283 4074 2617 4130 supremam,
2654 4069 2708 4116 et
2759 4077 2881 4131 quae
2914 4062 3049 4116 alias
3097 4077 3288 4116 omnes
3315 4063 3583 4125 continet,

2010 4159 2341 4222 potestatem
2384 4152 2606 4207 silentio
2640 4153 2965 4221 praeteriret,
3003 4168 3113 4206 non
3157 4161 3473 4220 contemptu
3500 4156 3586 4207 vel

2011 4245 2288 4298 oblivione
2335 4259 2495 4298 suum
2543 4243 2786 4298 officium
2818 4245 3258 4315 praetermittens,
3312 4243 3407 4298 sed
3439 4244 3583 4312 quod

343 4351 402 4386 συ
411 4330 759 4403 μπεριλαϐὼν
775 4331 870 4384 καὶ
884 4329 980 4399 τὴν
1003 4328 1271 4398 ἄρχουσαν
1295 4343 1308 4354 ·
1331 4325 1473 4379 οὑτω
1493 4342 1580 4396 μοι
1596 4327 1743 4379 δοκεῖ
1766 4326 1859 4378 καὶ
1881 4326 1901 4376 ό

2012 4334 2099 4390 vel
2139 4334 2352 4403 jussus,
2407 4335 2494 4388 vel
2547 4333 2731 4388 dedita
2780 4349 2944 4403 opera
3001 4341 3214 4387 tantum
3261 4349 3588 4388 enumerare

343 4426 397 4477 ὲν
422 4423 736 4494 παραδείσῳ
766 4420 989 4491 μυηθεὶς
1019 4417 1086 4472 τὰ
1113 4417 1395 4488 ἀπόρρητα
1426 4415 1656 4479 Παῦλος,
1690 4417 1778 4469 ὅτε
1809 4417 1906 4486 ἀρ-

348 4515 537 4581 παγεὶς
571 4515 630 4566 ὲν
657 4511 804 4581 αὑτῴ
834 4511 1051 4578 ἐγένετο
1083 4510 1176 4563 καὶ
1203 4509 1310 4562 τῶν
1350 4510 1754 4580 ὑπερουρανίων
1781 4509 1913 4562 θαυ-

349 4606 528 4674 μάτων
569 4604 765 4673 θεατὴς
801 4601 1102 4665 καταστὰς,
1136 4600 1207 4653 τὰ
1235 4598 1539 4670 ἀνθρώποις
1568 4599 1779 4670 ἄρρητα
1825 4599 1918 4652 καὶ

347 4691 472 4761 εἶδε,
509 4695 603 4748 καὶ
630 4695 862 4764 ἤκουσεν
887 4711 900 4724 ·
933 4688 1087 4756 οὗτος
1114 4691 1183 4745 τά
1207 4691 1284 4762 τῷ
1311 4691 1502 4762 Κυρίῳ
1528 4690 1812 4744 κτισθέντα
1844 4691 1921 4744 δι-

350 4787 500 4851 δάξαι
538 4785 894 4857 προθέμενος,
945 4784 1131 4855 ἐπειδὴ
1183 4782 1426 4852 διεξῆλθε
1475 4781 1647 4835 ταῦτα
1672 4781 1749 4852 τῷ
1781 4782 1922 4853 λόγῳ

350 4879 765 4950 περιληπικαῖς
786 4893 895 4930 τισι
918 4878 1139 4945 φωναῖς,
1165 4873 1472 4944 διαδραμὼν
1486 4873 1581 4945 τὴν
1602 4873 1920 4944 ἀγγελικὴν,

349 4970 438 5022 καὶ
465 4969 832 5039 ὑπερκόσμιον
854 4968 1099 5038 δύναμιν,
1135 4965 1360 5035 ἔστησεν
1389 4968 1447 5018 ὲν
1478 4969 1589 5028 τοῖς
1620 4980 1922 5034 μνημονευ-

349 5061 483 5114 θείσι
517 5061 607 5115 τὸν
660 5060 842 5129 λόγον,
873 5059 979 5113 τῶν
1019 5060 1160 5130 ὑπὲρ
1191 5056 1289 5128 τὴν
1321 5057 1497 5110 κτίσιν
1531 5055 1681 5109 οὐδὲν
1712 5057 1792 5119 είς
1835 5056 1924 5108 τὸν

349 5151 644 5220 κατάλογον
683 5151 792 5203 τῶν
825 5148 1055 5203 κτιστῶν
1091 5146 1427 5210 καθελκύσας
1453 5161 1464 5175 '
1507 5144 1582 5208 ὼς
1616 5147 1678 5198 ὲκ
1734 5145 1923 5198 τούτου

349 5242 532 5310 σαφῶς
554 5229 666 5295 ἅνω
687 5241 786 5311 τῆς
810 5240 1036 5302 κτίσεως
1066 5233 1286 5293 εἶναιτὸ
1308 5237 1534 5308 Πνεῦμα
1559 5236 1621 5289 τὸ
1647 5235 1800 5304 ἅγιον
1819 5236 1923 5288 ὑπὸ

344 5333 444 5402 τῆς
469 5334 692 5406 Γραφῇ
724 5332 1134 5404 μαρτυρεῖσθαι.

2017 4425 2176 4480 vellet
2217 4439 2443 4478 munera
2487 4424 2744 4480 inferiora
2779 4433 2833 4479 et
2883 4425 2952 4479 ab
3002 4425 3124 4480 aliis
3173 4426 3508 4494 pendentia:
3542 4427 3589 4480 is

2015 4516 2219 4587 injuria
2260 4516 2650 4585 imperatorem
2697 4514 2960 4581 afficeret,
3015 4517 3060 4571 si
3109 4531 3234 4570 eum
3292 4517 3345 4570 in
3394 4518 3588 4575 ordine

2014 4623 2226 4668 eorum.
2268 4607 2363 4677 qui
2411 4605 2692 4662 inferioris
2743 4616 2867 4662 sunt
2908 4607 3213 4677 dignitatis,
3259 4618 3584 4678 reponeret:

2016 4698 2092 4751 ita
2139 4697 2354 4753 videtur
2395 4697 2530 4751 mihi
2575 4697 2736 4753 etiam
2783 4697 2846 4752 D.
2900 4699 3101 4755 Paulus
3147 4716 3233 4756 res
3283 4702 3498 4757 abditas
3534 4703 3588 4756 in

2019 4789 2276 4859 paradiso
2327 4789 2578 4852 edoctus,
2617 4790 2834 4860 quando
2873 4792 2929 4845 in
2967 4806 3090 4846 eum
3133 4806 3343 4862 raptus,
3380 4802 3433 4849 et
3483 4809 3593 4849 coe-

2020 4877 2244 4932 lestium
2292 4891 2619 4932 arcanorum
2673 4887 2950 4949 spectator
2996 4880 3220 4936 effectus
3271 4891 3376 4945 est,
3418 4899 3592 4952 eaque

2017 4968 2154 5023 vidit
2202 4975 2256 5022 et
2305 4967 2534 5032 audivit,
2568 4983 2691 5038 quae
2714 4969 2923 5024 homini
2955 4970 3110 5027 nefas
3139 4972 3320 5042 eloqui
3360 4973 3428 5037 δ’,
3467 4989 3590 5026 cum

2017 5073 2278 5115 enarrare
2300 5059 2677 5130 proposuisset
2709 5076 2798 5116 res
2840 5077 2870 5115 a
2915 5061 3146 5119 Domino
3187 5075 3403 5120 creatas
3437 5072 3592 5132 post-

2019 5166 2181 5220 quam
2228 5152 2612 5208 communibus
2664 5154 2990 5223 qnibusdam
3020 5157 3303 5210 vocabulis
3329 5170 3422 5208 eas
3462 5170 3594 5206 enu-

2025 5250 2294 5297 merasset
2318 5261 2330 5297 :
2351 5253 2676 5314 pervagatus
2701 5247 2998 5317 angelicam
3019 5255 3072 5301 et
3096 5244 3590 5315 supermundanam

2026 5320 2174 5386 illam
2219 5341 2566 5402 potestatem,
2602 5340 2904 5393 orationem
2949 5337 3001 5390 in
3048 5332 3380 5404 supradictis
3413 5335 3595 5387 termi-

345 5427 518 5492 navit,
562 5427 702 5482 nihil
753 5441 964 5491 eorum,
1014 5442 1136 5497 quae
1190 5440 1355 5496 supra
1399 5431 1705 5480 creaturam
1768 5429 1916 5486 sunt,
1957 5423 2014 5479 in
2062 5426 2310 5482 ordinem
2356 5437 2732 5485 creaturarum
2782 5431 3029 5492 trahens,
3076 5435 3132 5480 ut
3175 5439 3239 5479 ex
3311 5423 3413 5479 hoc
3476 5427 3596 5496 ipso

453 5541 500 5576 δ’
525 5541 673 5600 Psal.
706 5557 824 5607 vnn,
857 5540 889 5595 8
920 5556 1037 5612 sqq.
1117 5542 1160 5574 '°
1191 5541 1402 5598 Coloss.
1429 5557 1471 5607 ι,
1503 5541 1588 5597 16.
1701 5539 1744 5572 ⁸¹
1774 5539 1904 5595 ibid.

2029 5543 2074 5574 ⁵³
2106 5540 2149 5595 ll
2172 5542 2298 5601 Cor.
2335 5558 2428 5611 xu,
2453 5543 2488 5596 2
2527 5560 2646 5614 sqq.
