4064 6146
472 203 571 259 3i?

472 423 757 463 numerum
814 404 1120 459 habendum
1177 419 1318 457 esse.

1707 196 1773 273 s.‘
1808 195 2137 253 easeonn
2176 198 2467 256 nvsssm

473 316 826 371 niuiifestum
858 312 1232 368 testimonium
1295 325 1323 363 a
1384 308 1559 365 sacris
1619 308 1841 366 Litteris
1907 310 2275 380 perhibeatur,

3623 206 3725 261 5-33

2348 315 2609 386 Spiritum
2663 323 2914 372 sanctum
2978 322 3133 373 extra
3183 314 3489 370 creatarum
3544 333 3724 375 rerum

542 496 696 563 Quod
743 496 788 550 si
840 494 965 563 quis
1016 492 1293 547 refutandi
1339 494 1513 563 gratia
1543 494 1788 564 obiiciat,
1823 509 1891 549 ne
1925 494 2055 549 che-

2233 496 2295 548 Εί
2326 493 2381 546 δέ
2431 510 2513 556 τις
2568 493 2867 563 ἀνατρέποι
2897 493 2986 545 τὸν
3019 492 3197 561 λόγον,
3238 491 3313 555 ὡς
3340 492 3461 545 οὐδὲ
3493 493 3602 545 τῶν
3631 495 3729 547 Χε-

470 588 793 642 ruhinorum
845 584 1069 653 quidem
1125 583 1464 637 mentionem
1520 598 1549 636 a
1592 583 1655 637 Ι).
1713 582 1883 637 Paulo
1929 600 2052 640 esse

474 681 692 741 factam,
734 684 921 731 verum
972 686 1023 730 et
1056 676 1157 729 hos
1191 692 1407 746 quoque
1444 690 1567 728 eum
1603 675 1807 745 Spiritu
1860 685 2052 731 sancto

470 772 524 823 in
550 770 793 823 ordinem
819 777 1198 823 creaturarum
1227 769 1343 839 ipsa
1368 769 1736 837 prmtcritione
1765 783 1866 822 con
1871 768 2052 837 jectos

469 877 612 924 esse,
659 860 933 927 simulque
990 861 1221 928 probare
1280 868 1530 923 conetur,
1581 860 1665 913 vel
1716 860 1818 915 hos
1862 861 2048 926 etiam,

471 968 536 1004 eo
582 950 725 1020 quod
774 949 885 1003 sint
952 949 1332 1018 prastermissi,
1387 964 1555 1018 super
1603 958 1886 1004 creaturas
1929 966 2054 1005 eve-

474 1041 703 1108 hendos,
760 1042 843 1096 vel
894 1057 1071 1111 neque
1116 1039 1383 1111 Spiritum
1434 1048 1685 1095 sanctum
1738 1057 1803 1095 ex
1839 1042 2052 1095 illorum

472 1135 664 1190 ordine
705 1134 1049 1189 eximendum
1085 1150 1209 1189 esse
1253 1153 1266 1189 :
1318 1134 1364 1187 is
1396 1134 1739 1203 diligentius,
1772 1150 1891 1197 oro,
1930 1150 2055 1202 per-

475 1224 673 1294 pendat
713 1238 932 1277 sensqu
976 1237 1189 1285 eorum,
1244 1237 1363 1291 quae
1402 1222 1456 1274 in
1509 1222 1599 1276 illa
1639 1223 2055 1277 enumeratione

476 1317 651 1387 posita
702 1325 851 1376 sunt,
901 1314 1065 1383 idque
1112 1314 1259 1383 quod
1313 1313 1581 1368 omissum
1638 1313 1874 1376 videtur,
1930 1314 2054 1383 quia

476 1408 796 1463 nominatim
849 1422 957 1459 non
998 1414 1082 1460 est
1126 1420 1468 1474 expressum,
1514 1406 1753 1459 inveniet
1784 1420 1907 1459 cmn
1959 1422 2053 1459 su-

477 1499 732 1569 pradictis
803 1498 1063 1565 positum.
1113 1497 1216 1561 Qui
1277 1498 1423 1550 enim
1474 1495 1686 1549 thronos
1736 1498 2053 1560 nominavit,

476 1590 525 1642 is
578 1588 687 1641 alio
740 1587 956 1640 nomine
1001 1587 1263 1639 cherubim
1320 1589 1630 1657 expressit,
1682 1588 2054 1644 obscuriorem

476 1681 727 1735 videlicet
770 1696 952 1733 vocem
1002 1679 1323 1734 llehraicam
1371 1680 1603 1734 clariore
1650 1678 1838 1733 Graeca
1882 1680 2052 1749 signi-

484 1776 685 1826 t'cans:
715 1787 838 1824 cum
869 1773 1109 1840 legisset,
1139 1771 1305 1825 Deum
1335 1772 1524 1825 sedere
1558 1787 1724 1841 super
1767 1773 2054 1840 cherubim,

2158 585 2357 656 ρουόὶμ
2390 583 2494 635 ὑπὸ
2521 583 2615 636 τοῦ
2660 583 2873 635 Παύλου
2912 581 3398 653 μνημονευθέντων
3418 603 3429 613 ·
3474 577 3609 637 ἀλλὰ
3638 589 3731 638 καὶ

2154 675 2359 729 τούτων
2395 673 2533 745 μετὰ
2576 673 2667 727 τοῦ
2716 674 3029 744 Πνεύματος
3072 676 3129 725 ὲν
3169 678 3234 745 τῇ
3282 674 3391 726 τῶν
3432 678 3731 742 γεγονότων

2156 766 2533 838 ἀπαριθμήσει
2552 765 2953 835 σιωπηθέντων,
2985 768 3077 819 καὶ
3109 768 3499 829 κατασκευάζοι
3527 768 3613 820 διὰ
3637 769 3732 821 τοῦ

2156 858 2582 930 παραλελεῖφθαι
2603 858 2700 929 τὴν
2722 859 2849 930 περὶ
2873 858 3075 911 τούτων
3100 860 3340 929 μνήμην,
3364 859 3395 928 ἦ
3424 861 3515 912 καὶ
3560 855 3740 910 ταῦτα

2158 952 2298 1022 ὑπὲρ
2321 952 2420 1022 τὴν
2450 953 2647 1017 κτίσιν,
2670 952 2703 1021 ἢ
2730 951 2862 1022 μηδὲ
2874 951 2933 1004 τὸ
2960 951 3179 1021 Πνεῦμα
3201 951 3309 1005 δεῖν
3332 950 3558 1013 οἴεσθαι,
3576 952 3734 1021 λογι-

2158 1044 2343 1098 σάσθω
2384 1044 2481 1116 τὴν
2510 1044 2618 1097 τῶν
2654 1043 2859 1115 ἀπηριθ
2869 1062 2940 1114 μη
2951 1045 3126 1114 μένων
3150 1043 3405 1107 διάνοιαν,
3429 1045 3523 1097 καὶ
3545 1044 3604 1097 τὸ
3628 1061 3738 1097 παο

2158 1138 2367 1208 ρεῖσθαι
2394 1136 2607 1202 δοκοῦν,
2642 1137 2723 1189 ὅτι
2755 1135 2829 1206 μὴ
2859 1134 2917 1199 ἐξ
2938 1135 3250 1204 ὀνόματοςή
3272 1134 3459 1205 μνήμη
3489 1134 3737 1203 γέγονεν,

2157 1231 2214 1282 ὲν
2243 1232 2353 1292 τοῖς
2386 1228 2693 1299 εἰρημένοις
2722 1226 3034 1296 κατόψεται.
3088 1226 3144 1277 '0
3175 1223 3284 1295 γὰρ
3320 1226 3558 1293 Θρόνων
3595 1242 3735 1296 μνη-

2161 1318 2449 1390 μονεύσας,
2477 1316 2620 1387 ἄλλῳ
2651 1316 2878 1385 ὀνόματι
2907 1313 2979 1366 τὰ
3006 1312 3291 1381 Χερουϐὶμ
3323 1312 3635 1383 διηγήσατο,
3666 1314 3734 1381 τῇ

2157 1408 2556 1481 γνωριμωτέρα
2608 1407 2951 1477 προσηγορίᾳ
2976 1406 3036 1458 τὸ
3069 1406 3276 1475 ἀσαφὲς
3311 1407 3411 1476 τῆς
3455 1405 3736 1475 Ἐϐραῖδος

2158 1501 2518 1571 ὲξελληνίσας.
2542 1498 2824 1570 Καθῆσθαι
2848 1499 2955 1567 γὰρ
2980 1496 3070 1550 τὸν
3090 1497 3220 1550 Θεὸν
3246 1497 3338 1549 ἐπὶ
3373 1496 3480 1549 τῶν
3515 1499 3738 1563 Χερου-

2160 1594 2259 1661 ϐὶμ
2289 1592 2525 1655 ἀκούσας
2549 1632 2563 1657 ,
2609 1592 2707 1653 τὰς
2748 1591 3005 1658 δυνάμεις
3032 1589 3235 1651 ταύτας
3273 1587 3366 1641 τοῦ
3416 1590 3501 1640 ἐπ’
3552 1587 3739 1640 αὐτῶν

2159 1683 2522 1753 καθεζομένου
2562 1683 2783 1752 θρόνους
2810 1682 3086 1752 ὠνόμασεν
3110 1698 3123 1711 ·
3157 1681 3418 1745 ὡσαύτως
3453 1682 3507 1735 δὲ
3540 1684 3633 1735 καὶ
3668 1683 3740 1736 τὰ

2161 1772 2311 1842 παρὰ
2344 1770 2420 1842 τῷ
2464 1772 2659 1843 Ἡσαΐᾳ
2695 1772 2943 1841 Σεραφὶμ
2968 1810 2980 1832 ,
3014 1771 3140 1841 παρ’
3171 1765 3245 1823 ὧν
3273 1771 3515 1841 ἐναργῶς
3543 1771 3604 1823 τὸ
3635 1770 3742 1841 τῆς

414 1897 422 1906 -
479 1864 711 1918 virtutes
753 1865 890 1919 istas
924 1865 1064 1932 ejus,
1103 1864 1195 1932 qui
1235 1880 1397 1932 supra
1426 1865 1574 1933 ipsas
1610 1864 1783 1927 sedet,
1826 1865 2055 1920 thronos

2166 1865 2389 1935 Τριάδος
2420 1863 2694 1935 ἐκηρύχθη
2729 1864 3023 1933 μυστήριον
3046 1878 3059 1891 '
3089 1864 3176 1915 ὅτε
3199 1861 3297 1931 τὴν
3326 1862 3523 1931 Ἄγιος
3552 1863 3744 1932 φωνὴν

479 1956 802 2025 appellavit;
856 1957 1110 2010 similiter
1152 1964 1207 2009 et
1256 1956 1530 2024 seraphim
1574 1954 1715 2024 apud
1765 1954 1983 2020 Isaiam,
2022 1971 2052 2009 a

479 2048 681 2115 quibus
719 2048 1043 2117 mysterium
1071 2054 1275 2100 sanetm
1312 2045 1601 2098 Trinitatis
1630 2046 1917 2114 perspicue
1955 2061 2053 2099 an—

482 2140 789 2193 nuntiatum
842 2148 970 2194 est:
1018 2140 1239 2208 quando
1284 2139 1546 2208 hymnum
1589 2139 1766 2204 illum,
1809 2138 2055 2204 Sanctus,

484 2230 536 2282 in
584 2229 825 2297 qualibet
870 2239 1071 2283 sancta:
1120 2229 1406 2283 Trinitatis
1461 2243 1693 2298 persona
1744 2229 2059 2298 pulchritu-

487 2319 664 2372 dinem
692 2329 746 2372 et
778 2318 1030 2374 decorem
1067 2321 1541 2388 obstupeseentes,
1570 2319 1895 2374 mirabiliter
1922 2336 2057 2374 eon-

488 2413 799 2476 einuerunt,
854 2414 1238 2482 comprehensi
1296 2420 1423 2467 sunt
1474 2414 1526 2466 in
1584 2415 1834 2484 catalogo
1870 2430 2062 2484 supra-

487 2502 662 2571 posito
720 2520 750 2555 ιι
791 2518 984 2573 magno
1038 2504 1222 2565 Paulo,
1286 2512 1338 2557 et
1400 2504 1618 2573 quidem
1680 2505 1901 2559 nomine
1939 2490 2064 2558 vir?-

491 2601 660 2646 Iutum
694 2613 707 2646 :
739 2603 791 2648 et
818 2603 943 2648 ante
982 2610 1009 2647 a
1047 2596 1311 2665 propheta
1346 2593 1565 2656 Davide,
1600 2597 1693 2664 qui
1723 2597 1796 2649 ait
1837 2615 1850 2650 :
1886 2596 2061 2650 Bene-

488 2682 642 2735 dicite
686 2683 991 2749 Dominum,
1031 2700 1207 2736 omnes
1243 2684 1456 2736 virtutes
1482 2684 1627 2752 ejus;
1670 2686 1899 2738 ministri
1926 2686 2064 2753 ejus,

488 2773 576 2840 qui
622 2772 799 2841 facilis
848 2777 1163 2827 roluntatem
1199 2774 1313 2842 ejus
1360 2776 1406 2806 ⁵³
1443 2794 1456 2830 :
1510 2776 1681 2829 Isaias
1727 2785 1904 2831 autem
1943 2777 2062 2832 loco

490 2863 637 2916 verbi
664 2862 980 2930 Benedicile,
1015 2866 1129 2933 ipsa
1155 2864 1553 2919 benedictionis
1599 2874 1657 2920 et
1688 2867 1872 2937 hymni
1905 2868 2065 2921 verba

491 2956 671 3021 posuit
707 2973 719 3008 :
758 2954 1008 3019 Sanctus,
1048 2956 1302 3019 Sanctus,
1347 2955 1575 3011 Sanctus
1636 2956 1891 3011 Dominus
1928 2958 2065 3011 Deus

492 3043 727 3097 Sabaoth
770 3058 789 3097 :
842 3044 997 3113 plena
1044 3055 1121 3099 est
1161 3048 1330 3100 omnis
1385 3056 1526 3100 terra
1582 3046 1753 3116 gloria
1803 3047 1935 3117 ejus‘
1974 3048 2062 3102 "‘z

497 3134 783 3191 ministros
812 3152 941 3191 vero
968 3152 1090 3191 esse
1112 3136 1211 3190 has
1239 3136 1493 3203 virtutes,
1532 3137 1792 3191 facientes
1823 3138 2068 3190 volunta-

492 3235 597 3280 tem
631 3228 747 3293 Dei,
785 3246 880 3299 per
900 3240 1245 3299 peccatorum
1271 3230 1736 3290 emundationem,
1763 3228 2061 3283 secundmn

490 3325 827 3379 voluntatem
864 3324 1154 3389 mittentis,
1188 3323 1255 3376 ab
1279 3338 1388 3376 uno
1436 3338 1500 3377 ex
1534 3322 1945 3390 seraphinorum
1976 3335 2065 3374 or-

2159 1958 2218 2010 τὸ
2251 1960 2308 2009 ὲν
2338 1957 2551 2028 ἑκάστῳ
2583 1957 2690 2010 τῶν
2718 1960 2775 2010 ὲν
2808 1960 2872 2027 τῇ
2914 1957 3103 2028 Τριὰδι
3130 1957 3323 2019 κάλλος
3353 1957 3741 2029 καταπλησσό-

2162 2065 2330 2119 μενα,
2386 2047 2773 2118 θαυμαστικῶς
2830 2046 3157 2118 ἐξεϐόησανο
3218 2047 3597 2119 περιείληπται
3658 2046 3746 2116 τῷ

2160 2139 2443 2209 καταλόγῳ
2482 2138 2589 2191 τῶν
2623 2139 3123 2209 μνημονευθέντων,
3156 2142 3220 2211 τῇ
3260 2138 3596 2211 προσηγορίᾳ
3628 2137 3747 2191 τῶν

2159 2230 2439 2299 δυνάμεων
2458 2230 2824 2299 ὀνομασθέντα
2846 2232 2996 2300 παρὰ
3021 2248 3079 2284 τε
3100 2231 3193 2283 τοῦ
3223 2230 3458 2301 μεγάλου
3486 2229 3727 2291 Παύλου,

2161 2320 2255 2372 καὶ
2295 2320 2401 2389 πρὸ
2439 2319 2629 2372 τούτου
2678 2321 2827 2390 παρὰ
2870 2320 2965 2372 τοῦ
3029 2322 3305 2393 προφήτου
3344 2320 3532 2373 Δαϐίδ·
3580 2322 3608 2373 ό
3643 2320 3753 2391 μὲν

2163 2410 2269 2480 γάρ
2305 2427 2466 2479 φησιν
2491 2427 2504 2440 ·
2538 2410 2856 2479 Εὐλογεῖτε
2902 2411 3008 2464 τὸν
3037 2413 3277 2479 Κύριον,
3316 2412 3507 2466 πᾶσαι
3544 2414 3603 2464 αἱ
3644 2412 3756 2464 δυ-

2162 2494 2371 2563 νάμεις
2409 2495 2633 2558 αὐτοῦ,
2672 2496 3003 2565 λειτουργοὶ
3052 2496 3272 2560 αὑτοῦ,
3325 2496 3638 2561 ποιοῦντες
3676 2494 3755 2549 τὸ

2165 2570 2394 2652 θέλημα
2426 2586 2631 2641 αὑτοῦ.
2682 2585 2741 2640 ’0
2771 2588 2827 2639 δὲ
2872 2587 3100 2649 Ἦσαῒας
3127 2587 3248 2640 ἀντὶ
3287 2588 3381 2640 τοῦ
3425 2582 3759 2657 Εὐ.ιογεῖτε

2165 2678 2358 2740 εἰπεῖν,
2390 2676 2457 2729 τὰ
2498 2680 2719 2747 ῥήματα
2747 2678 2846 2747 τῆς
2874 2678 3122 2746 εὐλογίας
3152 2678 3480 2749 ἀνέγραψεν,
3514 2678 3756 2747 Ἄγιος,

2168 2769 2401 2836 "Ay-ioc,
2442 2770 2632 2838 Ἄγιος
2659 2771 2873 2836 Κύριος
2910 2768 3182 2823 Σαϐαώθ’
3214 2769 3452 2837 πλήρης
3496 2767 3665 2823 πᾶσα
3704 2770 3757 2836 ἢ

2176 2859 2250 2929 γῆ
2282 2859 2393 2927 τῆς
2424 2859 2611 2927 δόξης
2643 2861 2857 2914 αὐτοῦ·
2906 2861 2966 2912 τὸ
2994 2860 3049 2914 δὲ
3088 2860 3429 2932 λειτουργοὺς
3468 2856 3602 2913 εἶναι
3642 2860 3761 2923 τὰς

2167 2951 2422 3021 δυνάμεις
2453 2952 2654 3014 ταύτας
2702 2952 2956 3015 ποιούσας
2998 2952 3058 3004 τὸ
3089 2952 3299 3023 θέλημα
3333 2953 3427 3005 τοῦ
3454 2953 3589 3005 Θεοῦ
3610 2994 3624 3017 ,
3657 2953 3761 3007 διὰ

2168 3044 2266 3114 τῆς
2290 3043 2587 3113 γενομένης
2615 3043 2894 3114 ἁμαρτιῶν
2916 3042 3236 3115 καθάρσεως
3254 3043 3395 3097 κατὰ
3416 3044 3476 3096 τὸ
3500 3044 3762 3114 βούλημα

2169 3135 2265 3189 τοῦ
2312 3136 2729 3198 ἀποστείλαντος
2754 3175 2767 3199 ,
2801 3138 2931 3207 παρ’
2966 3135 3084 3198 ἑνὸς
3124 3135 3230 3188 τῶν
3278 3136 3529 3207 Σεραφὶμ
3555 3135 3762 3207 ὑπῃνί-

2176 3229 2303 3294 ξατο
2323 3244 2337 3258 ·
2375 3227 2512 3298 αῦτη
2559 3227 2667 3298 γάρ
2697 3229 2842 3281 ἐστιν
2876 3229 2909 3298 ἡ
2942 3228 3254 3299 λειτουργία
3282 3228 3390 3281 τῶν
3423 3229 3762 3299 πνευμάτων

2174 3319 2395 3382 τούτων,
2423 3319 2515 3370 ἐπὶ
2540 3320 2782 3390 σωτηρία
2821 3318 2927 3372 τῶν
2963 3317 3284 3388 σωζομένων
3311 3321 3712 3391 ἐκπέμπεσθαι.

489 3412 618 3467 dine
663 3415 996 3469 insinuatum
1046 3423 1147 3469 est.
1197 3413 1311 3468 lIoc
1352 3413 1499 3468 enim
1541 3421 1624 3468 est
1697 3412 2066 3467 ministerium
2105 3411 2300 3466 horum
2340 3412 2657 3481 spirituum,
2702 3411 2845 3465 mitti
2874 3410 3129 3465 videlicet
3157 3410 3223 3465 ad
3262 3411 3493 3466 salutem
3555 3427 3755 3467 eorum

491 3501 787 3554 curandam
825 3502 918 3569 qui
952 3502 1253 3555 salvantur.

566 3679 722 3747 Quod
757 3678 887 3731 mihi
943 3678 1392 3735 animadvertisse
1433 3679 1648 3735 videtur
1679 3679 1898 3735 divinus
1925 3682 2072 3750 Apo-

495 3774 690 3833 stolus,
739 3779 792 3825 et
829 3770 1161 3825 intellexisse
1193 3773 1439 3827 eamdem
1472 3789 1587 3827 rem
1634 3789 1662 3827 a
1692 3773 1906 3827 duobus
1938 3788 2066 3842 pro-

496 3861 674 3929 phetis
714 3859 945 3914 diversis
986 3860 1453 3927 appellationibus
1494 3861 1815 3929 signiﬁcari,
1846 3871 2071 3930 accepta

489 3969 551 4007 ex
589 3953 675 4016 iis,
705 3967 824 4020 qum
856 3951 1097 4004 omnium
1132 3959 1249 4003 erat
1285 3950 1587 4019 aptissima,
1620 3951 1940 4019 seraphinos
1965 3965 2063 4020 ap-

490 4046 710 4114 pellavit
754 4045 980 4097 virtutes
1012 4062 1023 4097 :
1062 4050 1119 4095 ut
1150 4043 1296 4095 nulla
1332 4040 1552 4096 occasio
1584 4041 1941 4112 syc0phantis
1972 4058 2061 4097 re-

492 4140 616 4191 licta
641 4137 733 4202 sit,
760 4134 1039 4191 asserendi
1069 4134 1332 4203 Spiritum
1362 4140 1615 4187 sanctum
1646 4134 1896 4187 relictum
1920 4149 2061 4200 esse,

491 4230 666 4285 instar
685 4229 880 4283 horum
905 4228 1159 4296 alicujus,
1185 4228 1234 4280 in
1261 4226 1453 4281 ordine
1470 4234 1863 4281 creaturarum.
1880 4225 2065 4282 Nomi-

494 4322 606 4374 nati
630 4322 775 4376 enim
809 4328 960 4385 sunt,
990 4320 1180 4387 utjam
1204 4312 1484 4374 ostensum
1508 4326 1593 4371 est
1618 4336 1632 4383 ;
1656 4318 1745 4371 illa
1778 4333 1906 4373 vero
1926 4334 2063 4387 pra:-

494 4415 651 4467 terita
684 4424 829 4477 sunt,
859 4412 1315 4484 quemadmodum
1342 4427 1406 4465 ex
1443 4410 1557 4479 ipsa
1586 4409 1827 4464 Paulina:
1856 4424 2067 4470 narra-

494 4505 659 4559 tionis
688 4508 829 4559 serie
855 4518 1191 4574 cognoscere
1218 4504 1365 4564 licet,
1398 4501 1489 4570 qui
1514 4516 1728 4555 omnem
1760 4510 2065 4554 creaturam

496 4611 727 4648 numero
758 4594 1128 4649 multitudinis
1158 4594 1387 4648 extulit:
1414 4608 1603 4646 eorum
1632 4607 1782 4653 vero,
1807 4606 1928 4660 quae
1962 4591 2069 4645 sin-

498 4685 763 4749 gulariter
790 4686 1069 4748 dicuntur,
1094 4685 1445 4751 singulariter
1475 4700 1699 4751 quoque
1736 4683 2067 4739 mentionem

2239 3677 2311 3730 "A
2353 3664 2450 3745 pot
2487 3674 2635 3727 δοκεῖ
2677 3676 3015 3745 κατανοήσας
3043 3676 3071 3728 ό
3103 3676 3244 3739 θεῖος
3280 3674 3623 3742 Ἀπόστολος,
3654 3679 3756 3731 καὶ

2171 3765 2356 3837 μαθὼν
2385 3767 2466 3819 ὅτι
2488 3763 2550 3818 τὸ
2588 3765 2721 3818 αὐτὸ
2749 3768 2979 3837 πρᾶγμα
3014 3766 3165 3835 παρὰ
3193 3767 3302 3818 τῶν
3335 3767 3426 3819 δύο
3451 3768 3757 3838 προφητῶν

2169 3857 2226 3909 ὲν
2276 3855 2556 3926 διαφόροις
2594 3858 2717 3918 ταῖς
2769 3856 3167 3926 προσηγορίαις
3224 3857 3590 3925 σημαίνεται,
3644 3859 3755 3930 τὴν

2170 3946 2607 4017 γνωριμωτάτην
2637 3946 2745 3998 τῶν
2776 3947 2965 4015 φωνῶν
2998 3945 3374 4015 ἐκλεξάμενος,
3394 3946 3651 4015 δυνάμεις
3678 3948 3758 4003 τὰ

2171 4038 2421 4107 Σεραφὶμ
2444 4036 2744 4106 ὠνόμασεν,
2772 4037 2845 4099 ὡς
2874 4036 3140 4106 μηδεμίαν
3169 4036 3421 4107 ἀφορμὴν
3450 4041 3559 4100 τοῖς
3590 4056 3757 4091 συκο-

2170 4131 2396 4198 φάνταις
2417 4128 2838 4197 καταλελεῖφθαι
2869 4128 2962 4180 τοῦ
2999 4128 3139 4181 κατὰ
3159 4129 3217 4181 τὸ
3253 4130 3365 4181 ἴσον
3390 4129 3594 4183 τούτων
3632 4132 3757 4197 ἑνὸς

2170 4220 2262 4273 καὶ
2280 4220 2339 4273 τὸ
2364 4218 2586 4289 Πνεῦμα
2626 4219 2687 4271 τὸ
2718 4219 2870 4285 ἅγιον
2899 4221 2955 4271 ὲν
2977 4218 3055 4289 τῷ
3084 4219 3369 4289 καταλόγῳ
3396 4221 3491 4290 τῆς
3523 4221 3757 4285 κτίσεως

2170 4310 2808 4381 παραλελεῖφθαιλέγειν·
2832 4309 2900 4362 τὰ
2926 4310 3021 4380 μὲν
3052 4310 3381 4381 γὰρεῖρηται
3411 4310 3589 4374 καθὼς
3610 4313 3753 4365 ἀπο-

2169 4404 2455 4466 δέδεικται,
2488 4401 2555 4455 τὰ
2576 4403 2631 4455 δὲ
2662 4401 3017 4471 σεσιώπηται,
3039 4402 3214 4463 καθὼς
3234 4403 3379 4456 ἔστιν
3402 4404 3463 4454 ἐκ
3482 4404 3587 4455 τῶν
3616 4417 3751 4455 κατ-

2172 4495 2498 4565 ειλεγμένων
2538 4494 2642 4545 ὑπὸ
2677 4492 2768 4545 τοῦ
2804 4492 3016 4545 Παύλου
3055 4491 3263 4561 μαθεῖν,
3295 4491 3388 4544 τοῦ
3420 4494 3599 4545 πᾶσαν
3653 4494 3755 4563 μὲν

2174 4586 2549 4658 πληθυντικῶς
2592 4584 3109 4669 ἀναριθμησαμένου
3161 4584 3258 4653 τὴν
3298 4584 3505 4636 κτίσιν·
3555 4584 3664 4635 τῶν
3695 4585 3753 4638 δὲ

2179 4679 2479 4750 μοναδικῶς
2510 4678 2815 4747 λεγομένων
2842 4676 3037 4738 ἑνικῶς
3068 4693 3170 4747 μνη
3181 4676 3556 4745 μονεύσαντος.
3581 4677 3754 4729 Τοῦτο

503 4767 667 4819 facit:
704 4765 811 4819 'uoc
861 4768 1005 4821 enim
1044 4766 1328 4835 preprium
1369 4774 1453 4819 est
1502 4765 1786 4823 Trinitatis
1833 4772 2061 4841 singula-

2177 4768 2283 4837 γὰρ
2307 4769 2437 4822 ἴδιον
2466 4768 2567 4837 τῆς
2594 4767 2753 4835 ἁγίας
2780 4766 3008 4837 Τριάδος
3035 4767 3153 4818 ἐστὶ
3176 4806 3190 4831 ,
3212 4767 3273 4817 τὸ
3300 4768 3547 4836 μοναχῶς
3588 4767 3752 4836 ἐξαγ-

504 4854 636 4903 riter
692 4852 1005 4915 enuntiari;
1064 4869 1209 4908 unus
1260 4852 1443 4918 Pater,
1491 4871 1629 4911 unus
1676 4856 1869 4923 Filius,
1933 4878 2075 4916 unus

505 4942 741 5012 t‘piritus
793 4952 1039 4999 sanctus.
1091 4947 1159 4999 At
1218 4948 1401 5001 omnia
1448 4950 1699 5017 superius
1731 4963 2071 5018 enumerata,

509 5052 554 5087 ,ιι
610 5031 981 5089 multitudinis
1015 5050 1245 5090 numero
1282 5039 1550 5093 recensita
1602 5048 1733 5094 sunt
1766 5041 2076 5110 :Principa-

504 5139 606 5189 lus,
640 5132 947 5192 potestates,
982 5124 1369 5181 dominationes
1407 5136 1462 5181 et
1491 5131 1751 5193 rirtutes;
1796 5142 1856 5186 ut
1893 5135 2076 5189 nullus

504 5212 807 5281 prtebeawr
855 5213 1172 5283 suSpicandi
1206 5216 1377 5281 locus,
1412 5233 1573 5271 unam
1615 5223 1925 5297 quampiam
1960 5239 2072 5278 rem

501 5321 566 5356 ex
603 5303 688 5358 his
737 5318 860 5360 esse
907 5303 1093 5359 itidem
1132 5304 1311 5373 ipsum
1358 5304 1621 5376 Spiritum
1658 5319 1908 5367 sanctum
1942 5313 2075 5369 :sed

504 5392 708 5449 l‘aulus
764 5394 983 5451 silentio
1039 5396 1281 5466 praeterit
1340 5396 1772 5470 inexplicabilia,
1830 5412 1883 5461 et
1938 5405 2075 5462 bene

576 5570 621 5601 ³³
646 5569 786 5625 Psal.
815 5590 908 5640 ett,
934 5575 1019 5629 2|.
1098 5578 1142 5609 ⁸⁸
1166 5579 1268 5633 lsa.
1306 5594 1381 5647 vt,
1417 5581 1468 5635 5.

2175 4859 2461 4927 γέλλεσθαι
2487 4874 2499 4887 ’
2538 4852 2616 4921 εἷς
2652 4857 2874 4926 Πατὴρ,
2905 4858 2999 4911 καὶ
3022 4851 3101 4918 εἷς
3137 4857 3283 4919 Υἱὸς,
3319 4858 3412 4910 καὶ
3440 4858 3496 4909 ἓν
3527 4858 3752 4929 Πνεῦμα

2176 4951 2345 5015 ἅγιον.
2413 4947 2495 5001 Τὰ
2531 4948 2588 5000 δὲ
2626 4948 2891 5018 εἰρημένα
2938 4948 3114 5000 πάντα
3172 4948 3230 4999 ὲν
3270 4947 3464 5018 πλήθει
3510 4950 3753 5001 κατεῖλε-

2176 5057 2321 5102 κται,
2363 5038 2576 5107 Ἆρχαὶ,
2606 5039 2701 5091 καὶ
2744 5037 3049 5099 Ἐξουσίαι
3072 5078 3087 5102 ,
3115 5036 3209 5089 καὶ
3240 5037 3631 5104 Κιφιότητες,
3666 5039 3751 5090 καὶ

2178 5130 2483 5199 Δυνάμεις,
2525 5130 2601 5193 ὡς
2651 5129 2922 5200 μηδεμίαν
2971 5128 3230 5200 παρέχειν
3262 5128 3518 5182 ὑπόνοιαν
3558 5128 3651 5181 τοῦ
3700 5128 3752 5180 ἓν

2178 5220 2380 5275 τούτων
2426 5216 2566 5274 εἶναι
2619 5218 2801 5273 καὶτὸ
2852 5217 3077 5288 Πνεῦμα
3126 5217 3313 5285 ἅγιον·
3363 5216 3500 5271 ἀλλὰ
3545 5216 3751 5276 Παῦλος

2185 5316 2282 5385 μὲν
2315 5313 2495 5383 σιωπᾷ
2521 5312 2588 5365 τὰ
2616 5311 2924 5381 ἀπόρρητα,
2964 5309 3058 5363 καὶ
3088 5308 3267 5372 καλῶς
3300 5309 3446 5361 ποιεῖ
3465 5324 3479 5341 ·
3512 5303 3620 5361 οἶδε
3646 5307 3749 5376 γὰρ

2183 5407 2399 5463 ἀκούειν
2464 5406 2559 5475 μὲν
2615 5405 2671 5458 ὲν
2734 5402 3049 5473 παραδείσῳ
3104 5401 3173 5455 τὰ
3219 5401 3433 5475 ἄρρητα
3490 5400 3749 5473 ῥήματα,
