4064 6146
366 236 480 293 349

369 351 650 423 φείδεσθαι
675 350 735 405 δὲ
764 352 862 423 τῆς
907 350 1012 405 τῶν
1065 350 1473 422 ἀνεκφωνήτων
1506 348 1917 421 ὲξαγορεύσεως
1944 390 1959 415 ,
1992 359 2037 414 Α
2065 349 2201 405 facit
2253 370 2264 405 :

369 448 502 502 ὅταν
547 444 679 516 περὶ
711 443 822 498 τῶν
854 443 1182 514 κατωτέρων
1213 444 1436 515 ποιῆται
1484 444 1575 498 τὸν
1601 444 1779 514 λόγον.

442 632 505 684 Οἱ
535 629 595 683 δὲ
635 629 736 699 τῆς
777 627 1034 700 ἀληθείας
1081 627 1368 699 πολέμιοι,
1412 629 1505 682 καὶ
1558 628 1666 682 τῶν
1703 630 1961 702 ἀρρήτων

368 723 758 792 κατατολμῶσι
777 760 792 785 ,
826 722 887 775 τὸ
917 722 1201 793 μεγαλεῖον
1233 721 1328 774 τοῦ
1360 722 1670 791 Πνεύματος
1748 721 1823 792 τῷ
1858 739 1958 775 τα-

369 814 541 884 πεινῷ
576 814 675 884 τῆς
712 813 941 877 κτίσεως
986 811 1439 885 καθυϐρίζοντες·
1470 812 1659 884 ὥσπερ
1685 819 1787 872 οὐκ
1819 815 1959 884 ἀκη-

371 904 593 968 κοότες,
642 904 725 956 ὄτι
756 904 919 966 αὐτὸς
969 905 998 956 ὀ
1040 904 1173 968 Θεὸς
1209 904 1417 973 Λόγος,
1463 903 1792 976 παραδιδοὺς
1845 906 1958 968 τοῖς

374 996 643 1066 μαθηταῖς
709 995 769 1049 τὸ
809 996 911 1066 τῆς
964 996 1291 1065 θεογνωσίας
1343 997 1663 1067 μυστήριον,
1701 994 1772 1048 ἐν
1821 996 1957 1048 ὀνό-

364 1103 506 1156 ματι
551 1084 813 1152 Πατρός,
870 1086 970 1140 καί
1022 1089 1064 1140 Υ
1065 1086 1157 1140 ἰοῦ
1185 1126 1199 1149 ,
1248 1086 1345 1140 καὶ
1387 1085 1561 1155 ἁγίου
1610 1085 1957 1153 Πνεύματος

368 1180 484 1240 τοῖς
537 1177 1004 1247 ἀναγεννωμένοις
1065 1174 1185 1231 εἶπε
1231 1176 1330 1249 τὴν
1390 1176 1535 1248 ζωὴν
1604 1174 1952 1247 ωμπληροῦι

375 1268 526 1332 σθαι,
581 1268 676 1322 καὶ
724 1268 1123 1338 παραγίνεσθαι
1200 1268 1294 1323 καὶ
1356 1267 1444 1321 διὰ
1488 1267 1647 1321 τοῦτο
1692 1258 1957 1331 συντάξας

372 1359 448 1431 τῷ
475 1359 678 1431 Πατρὶ,
709 1360 805 1413 καὶ
835 1359 1013 1430 ἐαυτῷ
1032 1400 1046 1424 ,
1072 1360 1169 1431 τῆς
1206 1360 1334 1432 περὶ
1368 1361 1466 1431 τὴν
1496 1360 1674 1412 κτίσιν
1703 1359 1958 1423 ὑπονοίας

374 1453 433 1506 τὸ
465 1452 689 1523 Πνεῦμα
716 1451 1003 1524 ἐχώρισεν,
1037 1452 1113 1516 ὼς
1145 1450 1205 1518 ἐξ
1243 1453 1566 1523 ἀμφοτέρων
1599 1451 1796 1523 εὐσεϐῆ
1862 1452 1956 1506 καὶ

375 1545 690 1616 πρέπουσαν
718 1544 966 1613 γίνεσθαι
999 1546 1125 1617 περὶ
1157 1544 1321 1600 αὐτοῦ
1347 1546 1446 1617 τὴν
1488 1546 1754 1617 ὑπόληψιν
1772 1565 1784 1577 ·
1808 1546 1956 1600 Παύ-

372 1635 463 1689 λου
507 1637 604 1707 μὲν
636 1638 693 1691 ὲν
720 1640 787 1708 τῇ
834 1638 1022 1710 μνήμῃ
1054 1640 1153 1709 τῆς
1187 1639 1417 1701 κτίσεως
1445 1636 1540 1709 τὴν
1574 1640 1794 1709 μνήμην
1821 1640 1957 1692 ἀπο-

1503 231 1785 289 εοΝτιιΑ
1819 230 2215 301 ευΝοιιιωι,
2255 232 2387 289 un.
2430 233 2472 288 1.

3534 236 3642 293 550

2318 352 2483 407 novit-
2514 350 2660 424 enim
2693 349 2749 405 in
2799 348 3062 420 paradiso
3110 349 3300 404 audire
3343 347 3642 407 ineffabilia
3696 368 3700 372 '

2062 441 2249 504 verba,
2269 452 2319 498 et
2336 443 2610 503 abstinere
2626 444 2695 499 ab
2712 443 2902 499 iisdem
2921 441 3298 511 expromendis
3313 435 3365 496 et
3385 441 3647 511 eloquen-

2061 529 2170 595 dis,
2215 530 2437 599 quando
2471 534 2538 585 de
2569 530 2736 584 rebus
2767 529 3050 585 inferioris
3085 530 3425 587 conditionis
3453 539 3508 588 et
3541 543 3648 588 sta-

2062 630 2153 678 tus
2192 637 2500 679 sermonem
2537 623 2795 677 instituit.

2131 717 2203 769 At
2250 714 2501 770 veritatis
2541 714 2848 770 adversarii
2913 715 3079 770 etiam
3123 715 3498 775 ineffabilibus
3536 734 3646 775 non

2059 808 2362 874 abstinent,
2414 799 2760 879 majestatem
2820 808 3059 880 Spiritus
3119 810 3311 864 humili
3384 818 3649 866 creatura:

2060 902 2372 957 conditione
2433 902 2726 968 violantes,
2777 902 2935 973 quasi
2986 901 3162 973 ignari
3216 914 3403 959 essent
3468 904 3644 974 ipsum

2064 991 2305 1048 Verbum
2334 993 2524 1056 Deum,
2546 993 2769 1063 quando
2784 993 3072 1064 discipulis
3096 997 3418 1066 mysterium
3449 997 3648 1052 divinae

2059 1085 2359 1156 agnitionis
2407 1086 2680 1151 tradebat,
2734 1087 3067 1151 asseruisse,
3114 1088 3171 1140 in
3208 1089 3417 1143 nomine
3463 1088 3645 1143 Patris

2056 1188 2108 1232 et
2149 1175 2283 1231 Filii
2326 1184 2377 1232 et
2425 1176 2664 1246 Spiritus
2729 1181 2901 1233 sancti
2954 1179 3026 1244 ⁸⁸,
3087 1180 3424 1249 regeneratis
3476 1182 3642 1235 vitam

2059 1266 2297 1322 conferri
2350 1276 2405 1323 et
2440 1270 2815 1324 consummari
2858 1288 2872 1325 :
2908 1283 2973 1325 ac
3003 1270 3233 1341 proinde
3268 1262 3394 1340 quia
3433 1286 3642 1336 secum,

2056 1363 2112 1411 et
2146 1371 2269 1410 cum
2317 1354 2479 1412 Patre
2513 1358 2783 1429 Spiritum
2831 1367 3085 1415 sanctum
3131 1360 3443 1430 conjunxit,
3487 1377 3644 1416 eum-

2057 1446 2181 1504 dem
2218 1463 2249 1503 a
2294 1464 2477 1504 rerum
2508 1458 2822 1506 creatarum
2852 1451 3047 1508 ordine
3077 1453 3277 1508 exemit
3312 1471 3325 1506 :
3377 1465 3433 1508 ut
3463 1470 3526 1508 ex
3561 1454 3646 1509 his

2057 1539 2274 1597 duobus
2326 1526 2471 1597 locis
2527 1542 2673 1598 inter
2721 1559 2780 1600 se
2829 1546 3166 1614 comparatis
3218 1554 3538 1616 competens
3591 1555 3644 1600 et

2057 1629 2220 1702 digna
2262 1633 2330 1688 de
2366 1633 2573 1704 Spiritu
2611 1642 2808 1697 sancto
2841 1636 3178 1692 existimatio
3212 1639 3484 1694 exsistat:
3519 1654 3642 1692 cum

373 1694 727 1799 σιγήσαντος·
760 1694 862 1782 ⁵τοίί
995 1694 1205 1800 impleo
1245 1730 1301 1781 ὲν
1339 1694 1413 1800 τῇ⁷
1440 1694 1628 1803 μνήμῃ
1814 1728 1953 1794 ζωο-

2060 1722 2264 1780 Paulus
2306 1726 2360 1781 in
2391 1729 2807 1784 enumeratione
2848 1737 3227 1786 creaturarum
3260 1732 3380 1801 ejus
3414 1733 3646 1786 mentio-

372 1821 526 1876 ποιοῦ
556 1820 858 1891 δυνάμεως,
895 1821 957 1873 τὸ
995 1820 1220 1890 Πνεῦμα
1246 1821 1307 1873 τὸ
1335 1819 1489 1889 ἇγιον
1519 1821 1596 1891 τῷ
1626 1822 1803 1891 Πατρὶ
1858 1820 1954 1875 καὶ

369 1911 547 1982 ἑαυτῷ
581 1912 1044 1983 συναρμόσαντος.
1099 1910 1284 1974 υύτως
1314 1913 1447 1981 ἡμῖν
1494 1913 1522 1964 ό
1551 1910 1704 1980 λόγος
1743 1910 1830 1965 διὰ
1856 1913 1953 1982 τῆς

373 2005 532 2073 ἁγίας
582 2003 806 2075 Γραφῆς
860 2002 1221 2074 ὀδηγούμενος
1274 2004 1632 2075 εὐπερτίθησι
1692 2005 1793 2073 μὲν
1854 2006 1954 2076 τῆς

370 2096 602 2160 κτίσεως
638 2096 731 2149 τὸν
774 2096 1083 2168 Μονογενῆ,
1132 2096 1226 2149 καὶ
1265 2096 1327 2149 τὸ
1374 2088 1597 2166 Πνεῦμα
1650 2097 1711 2149 τὸ
1757 2097 1911 2167 ἅγιον
1936 2117 1950 2129 ·

372 2188 514 2242 κατὰ
551 2188 608 2242 δὲ
635 2187 732 2259 τὴν
757 2186 851 2240 τοῦ
899 2188 1150 2259 Σωτῆρος
1192 2187 1484 2256 ἀπόφασιν,
1518 2190 1574 2240 ἐν
1611 2191 1675 2258 τῇ
1708 2190 1955 2261 μακαρίᾳ

368 2296 430 2334 τε
470 2280 564 2333 καὶ
598 2277 847 2350 ζωοποιῷ
870 2317 886 2344 ,
916 2278 1007 2332 καὶ
1037 2280 1279 2350 ἀκτίστῳ
1308 2279 1470 2348 φύσει
1492 2278 1715 2350 θεωρεῖν
1741 2280 1826 2335 διὰ
1866 2281 1956 2333 πί-

373 2388 542 2436 στεως
573 2370 887 2425 ὑποτίθεται
906 2387 919 2400 ·
941 2370 1080 2424 ὥστε
1108 2371 1168 2423 τὸ
1199 2370 1311 2424 ἄνω
1341 2373 1440 2441 τῆς
1461 2369 1710 2437 κτίσεως,
1737 2371 1830 2423 καὶ
1853 2371 1953 2441 τῆς

371 2463 794 2535 πρωτευούσης,
844 2464 937 2516 καὶ
974 2463 1063 2516 διὰ
1100 2462 1320 2515 πάντων
1367 2461 1580 2524 τελείας
1625 2460 1845 2529 φύσεως
1894 2461 1952 2515 ἓν

371 2555 793 2625 πιστευόμενον,
842 2554 1033 2625 μηδενὶ
1072 2552 1292 2623 τρόπῳ,
1330 2552 1423 2606 τὸν
1462 2553 1561 2621 τῆς
1605 2551 1955 2616 ἐλαττώσεως

369 2646 767 2718 παραδέχεσθαι
800 2646 988 2717 λόγον·
1017 2644 1121 2698 κᾶν
1151 2647 1181 2698 ὁ
1207 2645 1308 2714 τῆς
1339 2645 1605 2716 αἱρέσεως
1640 2644 1953 2716 προστάτης

371 2738 696 2807 περικόπτει
725 2736 790 2789 τὸ
818 2737 1068 2808 ἀόριστον
1102 2738 1160 2790 ὲν
1181 2739 1248 2807 τῇ
1279 2736 1372 2789 τοῦ
1408 2735 1691 2799 ἐλάττονος
1718 2737 1950 2808 ἐπινοίᾳ,

369 2828 529 2881 οἱονεὶ
553 2826 882 2881 διακολοϐὦν
899 2827 993 2882 καὶ
1021 2827 1319 2881 συστέλλων
1341 2829 1439 2898 τῆς
1460 2827 1609 2893 θείας
1632 2828 1822 2892 οὐσίας
1849 2829 1948 2899 τὴν

368 2920 684 2992 τελειότητα
728 2921 786 2972 ἐν
813 2918 890 2990 τῷ
911 2959 925 2982 ,
970 2919 1032 2972 τὸ
1064 2919 1247 2989 μεῖζον
1280 2922 1374 2973 καὶ
1415 2920 1478 2974 τὸ
1507 2921 1723 2976 ἔλαττον
1770 2921 1954 2984 αὐτοῖς

369 3010 673 3080 ἑνθεωρεῖν,
700 3008 1048 3080 διορίζεσθαι.

440 3194 504 3247 Τί
533 3194 715 3253 τοίνυν
744 3191 1066 3263 προστίθησι
1083 3194 1147 3262 τῇ
1171 3192 1460 3265 ἀκολουθίᾳ
1499 3195 1606 3248 τῶν
1630 3180 1956 3266 εἰρημένων,

374 3288 757 3357 σκοπήσωμεν.
810 3285 964 3339 Μετά
1002 3285 1063 3338 τὸ
1107 3287 1302 3352 εἰπεῖν,
1362 3285 1434 3350 ἐξ
1469 3286 1739 3356 ἀνάγκης
1790 3286 1961 3340 ἐλάτ-

371 3397 512 3446 τους
534 3396 595 3432 τε
619 3377 718 3431 καὶ
731 3376 966 3448 μείζους
999 3378 1105 3443 τὰς
1127 3380 1343 3443 οὐσίας
1361 3377 1588 3432 οἴεσθαι
1611 3378 1738 3432 δεῖν
1769 3374 1923 3433 εἶναι
1940 3395 1955 3410 ·

373 3470 586 3533 καὶτὰς
635 3468 732 3540 μὲν
784 3466 1007 3538 πρώτην
1040 3468 1257 3539 ἐπέχειν
1280 3466 1434 3532 τάξιν
1473 3469 1615 3523 κατά
1650 3486 1771 3523 τινα
1800 3468 1961 3539 μεγέ-

375 3563 499 3627 θους
528 3562 621 3616 καὶ
648 3560 803 3625 ἀξίας
831 3559 1093 3632 διαφορὰν
1125 3562 1183 3614 ὲν
1227 3563 1293 3632 τῇ
1331 3564 1658 3632 προτιμήσει
1691 3562 1961 3632 τεταγμέ-

373 3672 496 3718 νας·
535 3654 635 3718 τὰς
661 3652 716 3707 δὲ
744 3653 1018 3724 δευτέρας,
1045 3653 1132 3707 διὰ
1160 3652 1219 3706 τὸ
1247 3652 1585 3723 ὐποϐεϐηκὸς
1617 3653 1715 3724 τῆς
1746 3653 1961 3722 φύσεώς

372 3765 432 3800 τε
484 3746 580 3802 καὶ
635 3745 736 3816 τῆς
780 3744 934 3812 ἀξίας
982 3744 1371 3815 ,ἀπεωσμένας,
1428 3744 1601 3799 ταῦτα
1643 3745 1956 3815 ἐπήγαγεν·

382 3834 533 3905 πρὸς
560 3835 864 3902 τοσαύτην
888 3836 1052 3905 φησὶν
1077 3834 1441 3899 ἐξικνεῖσθαι
1467 3834 1779 3904 διαφορὰν,
1810 3836 1961 3904 πρὸς

373 3929 612 3993 ὁπόσην
640 3924 716 3978 ἂν
738 3922 1042 3993 ἐξικνῆται
1066 3924 1139 3977 τὰ
1160 3924 1325 3993 ἔργα.
1363 3924 1517 3976 Ἐπεὶ
1544 3922 1700 3992 μηδὲ
1723 3925 1961 3994 θεμιτὸν

372 4019 486 4087 τὴν
534 4017 730 4086 αὐτὴν
775 4017 1080 4087 ἐνέργειαν
1112 4016 1305 4070 εἰπεῖν
1351 4019 1477 4071 καθ’
1511 4016 1591 4085 ἣν
1618 4016 1759 4085 τοὺς
1790 4017 1961 4087 ἀγγέ-

370 4115 521 4177 λους
539 4111 848 4178 ἐποίησεν,
879 4108 918 4178 ἢ
950 4108 1093 4175 τοὺς
1113 4108 1373 4177 ἀστέρας
1415 4106 1515 4162 καὶ
1550 4108 1656 4162 τὸν
1678 4109 1957 4177 οὐρανὸν,

370 4205 409 4273 ἢ
436 4205 544 4259 τὸν
589 4203 923 4272 ἄνθρωπον.
965 4203 1116 4256 Ἀλλ’
1153 4200 1278 4267 ὅσῳ
1314 4202 1387 4255 τὰ
1434 4200 1578 4271 ἔργα
1613 4200 1734 4255 τῶν
1773 4202 1961 4273 ἔργων

371 4296 761 4364 πρεσϐύτερα,
784 4284 881 4348 καὶ
899 4293 1223 4365 τιμιώτερα,
1247 4295 1521 4358 τοσούτῳ
1540 4294 1640 4348 καὶ
1668 4295 1782 4365 τὴν
1801 4294 1963 4365 ἐνέρ-

2059 1831 2185 1872 nem
2234 1819 2444 1873 nullam
2481 1820 2709 1889 fecerit;
2746 1829 2800 1876 et
2829 1821 3115 1886 Dominus,
3153 1839 3275 1878 cum
3306 1824 3517 1878 vivifica
3552 1825 3641 1878 illa

2060 1911 2494 1980 regenerationis
2532 1913 2700 1967 verba
2725 1913 3088 1979 describeret,
3122 1915 3374 1970 eumdem
3410 1914 3557 1969 Patri
3590 1923 3643 1970 et

2061 2003 2167 2057 sibi
2213 2005 2508 2073 copularit.
2556 2004 2677 2072 Quo
2717 2004 2797 2070 tit,
2825 2012 2886 2060 ut
2927 2007 3090 2072 ratio,
3144 2006 3444 2077 Seripturae
3475 2022 3645 2064 saera:

2060 2098 2324 2166 auspiciis
2366 2107 2421 2152 et
2454 2097 2622 2152 ductu
2653 2099 2884 2162 directa,
2920 2116 3087 2170 supra
3114 2109 3384 2155 creaturae
3436 2114 3638 2163 sortem

2058 2189 2252 2245 evehat
2303 2188 2650 2257 Unigenitum
2701 2199 2757 2245 et
2805 2190 3068 2261 Spiritum
3112 2203 3387 2257 sanctum,
3440 2200 3495 2248 et
3550 2209 3637 2248 se-

2059 2280 2298 2336 cundum
2342 2279 2645 2336 Salvatoris
2671 2281 3012 2349 mandatum,
3049 2285 3101 2338 in
3150 2286 3309 2340 beata
3345 2286 3460 2348 illa,
3504 2287 3644 2340 vivi-

2060 2370 2302 2426 ﬁcatrice
2332 2378 2386 2426 et
2409 2371 2656 2427 increata
2689 2379 2889 2427 natura
2924 2374 3100 2443 ipsum
3140 2374 3242 2431 lide
3278 2379 3643 2448 contemplari

2054 2460 2230 2531 jubet.
2282 2461 2471 2531 Itaque
2501 2462 2578 2525 id,
2617 2462 2763 2530 quod
2812 2463 3057 2519 creditur
3098 2481 3267 2520 unum
3309 2483 3375 2522 ex
3413 2469 3480 2524 iis
3524 2486 3648 2538 qua:

2060 2568 2227 2625 supra
2271 2563 2583 2608 creaturam
2631 2563 2782 2622 sunt,
2837 2563 3157 2627 naturaeque
3191 2560 3400 2628 primae,
3433 2570 3486 2615 et
3520 2576 3638 2615 om-

2060 2646 2224 2700 nibus
2250 2645 2495 2699 numeris
2526 2645 2813 2709 absolutm,
2846 2648 2997 2702 nullo
3036 2649 3201 2704 modo
3239 2651 3644 2708 imminutionis

2061 2737 2329 2791 rationem
2361 2737 2549 2791 subire
2603 2746 2782 2807 potest
2824 2757 2835 2792 :
2871 2740 3091 2795 etiamsi
3131 2741 3402 2802 haereseos
3453 2755 3647 2801 auctor

2060 2829 2520 2884 circumscribere
2558 2838 2614 2885 et
2647 2832 2806 2901 quasi
2842 2834 3188 2891 circumdare
3215 2838 3342 2892 velit
3373 2837 3642 2893 inﬁnitum

2061 2922 2290 2977 minoris
2341 2923 2621 2991 opinione,
2678 2924 2827 2978 velut
2880 2926 3145 2982 mutilans
3210 2935 3265 2982 et
3315 2931 3646 2988 contrahens

2061 3012 2257 3067 divitiae
2304 3021 2515 3067 natura:
2566 3013 2989 3081 perfectionem;
3030 3017 3158 3074 dum
3201 3020 3326 3089 plus
3368 3028 3422 3077 et
3464 3023 3647 3078 minus

2061 3100 2115 3155 in
2161 3115 2223 3153 ea
2266 3102 2726 3156 considerandum
2776 3119 2900 3158 esse
2944 3104 3125 3160 docet.

2131 3192 2427 3248 Videamus
2457 3194 2621 3263 igitur
2646 3195 2777 3264 quid
2821 3197 3058 3265 amplius
3098 3196 3314 3260 alTerat,
3343 3199 3472 3254 dum
3523 3216 3646 3255 ora-

2062 3284 2229 3340 tionis
2271 3300 2384 3339 suae
2427 3278 2628 3339 seriein
2667 3294 2952 3356 pertexere
2983 3287 3181 3356 pergit.
3230 3286 3367 3342 Cum
3412 3289 3645 3346 dixisset

2061 3392 2125 3431 ea:
2162 3378 2470 3430 necessitate
2493 3376 2723 3445 quadam
2759 3378 2986 3432 minores
3019 3386 3069 3432 et
3119 3379 3349 3447 majores
3393 3380 3643 3436 substan-

2063 3463 2166 3517 tias
2207 3463 2593 3518 existimandus
2631 3480 2775 3528 esse;
2810 3472 2866 3519 et
2900 3466 2999 3520 has
3028 3467 3248 3536 quidem
3287 3469 3523 3537 primum
3569 3482 3646 3527 te-

2063 3577 2195 3615 nere
2229 3563 2435 3623 locum,
2483 3560 2789 3616 secundum
2835 3563 3233 3631 magnitudinis
3278 3573 3332 3620 et
3358 3565 3644 3636 dignitatis

2062 3651 2450 3716 dill'erentiam,
2492 3651 2548 3706 in
2584 3651 2815 3706 honoris
2851 3653 3220 3723 praecellentia
3270 3655 3560 3712 ordinatas
3593 3666 3647 3712 et

2063 3738 2364 3809 dispositas
2400 3756 2415 3793 :
2448 3738 2548 3793 has
2595 3754 2727 3793 vero
2781 3741 3112 3809 secundum,
3160 3752 3388 3813 propter
3433 3753 3647 3800 naturae

2063 3830 2379 3886 inferiorem
2428 3830 2820 3899 conditionem,
2876 3833 3265 3906 delectumque
3310 3837 3642 3907 dignitatis:

2061 3922 2177 3978 haec
2222 3922 2459 3992 subjecit
2492 3940 2505 3975 :
2540 3921 2711 3977 Tanto
2738 3925 3045 3979 discrimine
3084 3927 3220 3980 inter
3261 3944 3316 3982 se
3365 3927 3644 3995 dissidere,

2061 4023 2258 4085 quanto
2306 4013 2563 4069 dissident
2610 4015 2727 4083 ipsa
2761 4033 2938 4086 opera,
2984 4034 3102 4071 cum
3137 4017 3284 4087 nefas
3332 4019 3403 4072 sit
3454 4020 3644 4085 direre,

2061 4107 2299 4161 eamdem
2322 4123 2433 4161 esse
2462 4108 2839 4175 operationem,
2876 4126 2980 4178 qua
3010 4109 3222 4179 angelos
3247 4109 3391 4178 fecit,
3419 4111 3497 4164 vel
3524 4113 3647 4164 stel-

2064 4199 2143 4253 las
2172 4208 2221 4253 et
2248 4198 2458 4262 caelum,
2494 4198 2569 4252 vel
2598 4198 2865 4254 hominem
2899 4215 2917 4253 :
2948 4199 3037 4253 sed
3062 4211 3263 4270 quanto
3288 4215 3444 4268 opera
3477 4203 3648 4270 operi-

2064 4287 2159 4343 bus
2189 4288 2563 4343 excellentiam
2603 4300 2652 4344 et
2684 4292 3064 4358 prazstantiora
3106 4301 3250 4357 sunt,
3300 4302 3350 4347 et
3384 4297 3642 4360 operatio-

368 4404 536 4457 τειαν
588 4387 696 4455 τῆς
736 4386 1038 4456 ἐνεργείας
1078 4384 1509 4453 ἀναϐεϐηκέναι
1567 4387 1837 4456 φαίηκᾶν
1867 4406 1956 4455 τις

2062 4395 2179 4433 nem
2227 4381 2521 4461 ope‘rationi
2569 4392 2836 4437 antestare
2869 4385 3055 4438 merito
3093 4387 3211 4454 quis
3251 4392 3646 4456 asscverarerit,

371 4480 504 4549 περὶ
537 4482 756 4535 τούτου
813 4480 1334 4548 διαϐεϐαιούμενος
1353 4495 1365 4508 ·
1399 4477 1502 4533 ἅτε
1524 4478 1600 4547 δὴ
1622 4477 1740 4532 τῶν
1763 4477 1963 4533 αὐτῶν

368 4571 679 4642 ἐνεργειῶν
695 4572 808 4640 τὴν
822 4574 1153 4638 ταυτότητα
1168 4570 1284 4625 τῶν
1300 4571 1490 4640 ἔργων
1507 4571 1955 4636 ἀποτελουσῶν,

369 4663 465 4717 καὶ
507 4662 626 4718 τῶν
649 4662 1167 4733 παρηλλαπςιιέ-νων
1193 4662 1401 4733 ἔργων,
1454 4662 1958 4733 παρηλλαγμένας

368 4755 592 4822 καὶτὰς
614 4755 916 4825 ἐνεργείας
942 4746 1373 4825 ἐμέσαινόντων.

438 4847 623 4900 Ταῦτα
675 4847 856 4899 τοίνυν
897 4845 1008 4915 ἐγὼ
1056 4846 1154 4917 μὲν
1184 4845 1573 4916 ὑπολαμϐάνω,
1616 4847 1750 4917 μηδὲ
1795 4846 1956 4900 αὐτὸν

367 4939 457 4994 τὸν
489 4939 814 5010 συγγραφέα
844 4938 1100 4992 δύνασθαι
1123 4938 1189 4993 ἂν
1209 4938 1456 5009 εὐπόρως
1476 4940 1671 5003 εἰπεῖν,
1699 4942 1728 4999 ὃ
1748 4957 1800 4993 τι
1828 4938 1959 4991 ποτὲ

367 5032 565 5101 νοήσας
638 5029 1018 5102 συνέγραψεν·
1072 5030 1247 5095 οὕτως
1295 5030 1694 5084 ἀνατεθὸλωται
1746 5033 1811 5100 τῇ
1854 5029 1960 5083 ἰλύῖ

365 5123 465 5194 τῆς
527 5124 781 5195 φράσεως
833 5125 867 5194 ή
889 5122 1120 5185 ,διάνοια
1147 5122 1256 5177 τῶν
1282 5122 1610 5193 εἰρημένων,
1642 5121 1716 5185 ὡς
1757 5121 1959 5193 μηδένα

364 5215 669 5268 ἇν.διῖδεῖν
726 5213 963 5277 εὐκόλως
1019 5217 1077 5269 ὲν
1115 5214 1191 5285 τῷ
1237 5213 1486 5286 βορϐόρῳ
1521 5212 1621 5281 τῆς
1662 5213 1959 5284 ἑρμηνείας

363 5304 662 5376 δυνηθῆναι
689 5304 751 5358 τὸ
778 5304 1046 5375 βούλημα.
1083 5304 1156 5358 Τὸ
1188 5303 1313 5375 γὰρ,
1331 5302 1484 5372 πρὸς
1522 5302 1827 5370 τοσαύτην
1869 5302 1959 5367 ἐξ·

363 5396 659 5452 ικνεῖσθαι
678 5396 992 5466 διαφορὰν,
1018 5397 1167 5465 πρὸς
1188 5396 1428 5463 ὁπόσην
1455 5393 1533 5450 ἂν
1557 5391 1862 5463 ἐξικνῆται
1885 5395 1956 5449 τὰ

358 5489 526 5558 ἔργα,
547 5486 742 5554 Λοξίου
787 5488 931 5552 τινὸς
973 5488 1114 5544 κατά
1153 5488 1245 5542 τὸν
1294 5485 1491 5556 ἔξωθεν
1524 5485 1693 5559 μῦθον
1723 5487 1953 5558 ὑπονοή-

438 5667 483 5699 ⁵⁵
522 5664 717 5722 Matth.
746 5679 938 5733 xxvm,
984 5664 1069 5720 l9.

2060 4473 2152 4542 qui
2177 4472 2261 4541 pie
2291 4473 2356 4527 de
2377 4471 2474 4526 hoc
2497 4474 2730 4543 cogitare
2760 4474 2878 4528 velit
2911 4491 3065 4529 :cam
3091 4478 3286 4531 ea'dem
3318 4484 3647 4550 operationes

2058 4565 2267 4619 eosdem
2323 4567 2484 4620 etiam
2542 4566 2758 4635 e/fectus
2804 4565 3140 4636 producant;
3178 4588 3397 4641 cumque
3443 4574 3648 4632 dirersa

2059 4674 2220 4728 opera
2247 4657 2486 4714 diversas
2526 4659 2686 4713 etiam
2713 4663 3045 4729 operationes
3067 4663 3442 4722 demonstrent.

2129 4837 2255 4893 Haac
2314 4853 2383 4894 ne
2438 4838 2620 4909 ipsum
2670 4838 2891 4910 quidem
2945 4850 3228 4896 auctorem
3284 4843 3646 4914 intelligentia

2059 4933 2302 5003 assequi,
2360 4940 2513 4987 certo
2568 4932 2701 4987 mihi
2770 4932 3097 5002 persuadeo,
3159 4936 3295 4990 adeo
3353 4940 3643 4992 verborum

2058 5026 2219 5097 quasi
2251 5040 2413 5082 coeno
2437 5026 2711 5083 sententia
2750 5027 2930 5083 omnis
2960 5028 3247 5098 inquinata
3277 5039 3331 5087 ct
3365 5031 3644 5085 sordidata

2058 5129 2164 5186 est,
2200 5130 2260 5175 ut
2306 5134 2469 5176 nemo
2499 5120 2594 5187 sit,
2622 5120 2715 5190 qui
2762 5120 2817 5174 in
2854 5120 2958 5176 hoc
2994 5122 3321 5178 elocutionis
3361 5137 3521 5178 coeno
3562 5122 3644 5175 cli-

2061 5213 2279 5283 spicere
2327 5219 2497 5282 queat
2557 5227 2812 5282 quaenam
2860 5213 2932 5267 sit
2978 5214 3232 5284 subjecta
3288 5213 3464 5266 notio.
3507 5212 3644 5265 illud

2061 5306 2208 5361 enim
2239 5323 2252 5360 :
2290 5304 2462 5365 Tanto
2495 5304 2798 5359 discrimine
2825 5304 3046 5370 distare,
3069 5314 3265 5376 quanto
3307 5303 3501 5357 distant
3528 5304 3641 5373 ipsa

2063 5415 2244 5469 opera,
2294 5398 2514 5455 videtur
2570 5412 2695 5453 esse
2746 5396 3040 5467 Apollinis.
3078 5393 3368 5463 cujusdam
3420 5393 3644 5462 oblique

2062 5490 2434 5561 vaticinantis,
2489 5497 2547 5546 ut
2577 5496 2897 5548 exterorum
2945 5486 3169 5558 scriptis
3215 5483 3409 5556 fertur,
3444 5495 3499 5545 et
3552 5501 3643 5542 au-
