4046 6156
399 284 499 341 351

1645 273 1701 329 S.
1738 271 2065 330 GREGORII
2085 274 2376 333 NYSSENI

3553 279 3658 337 352

399 401 608 454 dttores
656 392 714 448 in
776 392 1026 448 fraudem
1076 400 1132 447 et
1186 389 1560 462 d’eceptionem
1624 391 1979 463 ambiguitate

2085 411 2226 448 σειεν
2256 394 2322 448 ἄν
2355 411 2438 458 τις
2476 386 2616 447 εἶναι
2651 393 2783 465 πρὸς
2808 393 3022 465 ἀπάτην
3061 391 3166 446 τῶν
3193 392 3496 447 ἀκουόντων
3525 392 3656 465 φλη-

399 486 741 560 garrulitatis
780 485 1040 539 inducere
1088 485 1341 540 volentis.
1378 482 1434 537 Si
1469 497 1598 537 vero
1629 497 1714 537 me
1754 482 1821 538 iis
1853 497 1975 552 qum

401 582 671 634 hactenus
711 575 973 638 discussi,
1039 575 1404 637 insistentem,
1449 572 1826 643 conjecturam
1894 572 1979 625 fa-

401 684 526 725 cere
569 674 784 738 oportet
819 667 886 721 de
933 667 1024 729 iis,
1081 664 1205 736 quae
1240 667 1343 721 hoc
1386 666 1509 720 loco
1548 665 1779 720 subdole
1818 664 1974 728 texit,

400 760 505 812 hoc
535 757 789 812 videlicet
818 757 936 809 vult
977 770 1250 819 asserere,
1311 765 1515 812 tantam
1589 751 1974 824 operationum

398 849 776 903 diversitatem
821 847 1169 902 statuendam
1215 863 1355 911 esse,
1394 852 1598 916 quanta
1629 846 1701 900 sit
1731 846 1975 916 ipsorutn

399 955 622 1012 Operum
659 940 801 993 inter
853 955 911 993 se
946 946 1134 993 mutuo
1175 938 1504 994 diﬂ‘erentia.
1540 937 1610 990 At
1642 938 1709 991 de
1749 936 1977 1006 quibus-

399 1045 525 1082 nam
559 1029 822 1098 operibus
863 1029 950 1082 hic
996 1044 1303 1084 sermonem
1358 1027 1546 1090 faciat,
1581 1044 1687 1080 non
1722 1034 1807 1081 est
1845 1040 1977 1095 pro-

400 1121 537 1174 elive
566 1135 633 1174 ex
673 1120 835 1176 dictis
867 1121 1126 1192 colligere
1170 1139 1183 1175 :
1216 1123 1261 1176 si
1308 1122 1454 1175 enim
1496 1121 1735 1190 loquitur
1793 1119 1860 1173 de
1891 1134 1977 1172 re-

402 1213 526 1277 bus,
556 1229 678 1282 qua:
708 1215 762 1267 in
804 1223 1181 1268 creaturarum
1223 1214 1418 1268 ordine
1459 1213 1824 1276 collocantur,
1866 1226 1974 1263 non

403 1304 538 1359 satis
568 1305 821 1372 dispicio,
857 1306 1080 1375 quinam
1124 1306 1433 1359 cohaireant
1475 1305 1586 1358 luce
1621 1319 1744 1358 cum
1780 1318 1976 1372 prmee-

403 1395 683 1450 dentibus.
729 1396 864 1450 Cum
905 1397 1049 1451 enim
1081 1397 1312 1466 quaestio
1342 1397 1412 1451 sit
1442 1397 1510 1450 de
1543 1395 1701 1451 Patre
1748 1403 1800 1449 et
1835 1395 1976 1449 Filio

402 1495 455 1541 ct
488 1487 695 1557 Spiritu
730 1498 943 1554 sancto,
978 1504 1084 1542 non
1119 1497 1366 1559 apparet,
1396 1505 1500 1558 qua
1540 1489 1828 1542 occasione
1857 1487 1973 1543 dis-

404 1587 552 1632 serat
581 1579 646 1632 de
677 1586 842 1642 terra,
877 1595 1041 1648 aqua,
1075 1596 1219 1647 aere,
1258 1581 1401 1650 igne,
1441 1581 1869 1648 animaliumque
1892 1579 1975 1631 di-

405 1666 758 1726 versitalibus
784 1688 798 1733 ;
831 1672 1121 1740 verbisque
1141 1673 1399 1740 explicet,
1433 1680 1485 1725 et
1509 1671 1785 1726 describat
1809 1687 1973 1741 opera

2082 485 2440 554 ναφουμένου.
2467 484 2530 537 Εἰ
2553 484 2608 537 δὲ
2647 484 2751 554 χρὴ
2795 488 2907 548 τοῖς
2945 483 3439 556 προεξητασμένοις
3464 485 3666 554 ἑπόμε-

2082 597 2169 633 νον
2200 579 2293 631 καὶ
2316 577 2422 630 τῶν
2445 577 2675 631 ἐνταῦθα
2717 577 2864 649 αὐτῷ
2894 576 3450 648 κατασκευαζομένων
3477 577 3672 646 στοχάο

2084 669 2302 732 σασθαι,
2366 667 2525 721 τοῦτό
2584 661 2827 731 ἐστινβό
2868 665 3230 727 ἐνδείκνυται,
3293 669 3374 720 ὅτι
3405 665 3504 733 ὅση
3557 663 3670 716 τῶν

2081 759 2315 829 ἔργωνή
2358 759 2491 829 πρὸς
2537 755 2741 827 ἄλληλά
2786 759 2902 811 ἐστι
2937 755 3278 827 παραλλαγὴ,
3315 755 3548 825 τοσαύτη
3579 754 3674 807 καὶ

2081 850 2188 903 τῶν
2220 849 2507 921 ἐνεργειῶν
2555 850 2588 920 ἡ
2631 850 2861 921 διαφορά
2893 848 3028 919 πρὸς
3060 847 3294 918 ἀλλήλας
3328 845 3670 916 ἐπιγνωσθή-

2080 956 2251 992 σεται.
2282 939 2418 1008 Περὶ
2454 939 2616 992 τίνων
2645 938 2822 991 τοίνυν
2854 937 3029 1009 ἔργων
3059 936 3290 989 ἐνταῦθα
3318 939 3552 988 ποιεῖται
3581 937 3676 988 τὸν

2078 1029 2256 1099 λόγον,
2287 1031 2385 1083 οὐκ
2438 1029 2582 1082 ἔστιν
2636 1033 2699 1083 ἐκ
2743 1029 2850 1084 τῶν
2885 1029 3187 1100 εἰρημένων
3236 1028 3435 1099 εὑρεῖν.
3469 1027 3530 1078 ΕΞ
3575 1027 3677 1096 μὲν

2078 1120 2187 1189 γὰρ
2208 1121 2335 1190 περὶ
2363 1119 2471 1173 τῶν
2501 1122 2558 1172 ἐν
2598 1123 2664 1190 τῇ
2712 1120 2885 1172 κτίσει
2926 1118 3071 1186 λέγει
3111 1118 3518 1187 θεωρουμένων,
3574 1117 3678 1169 οὐκ

2077 1209 2194 1266 οἶδα
2215 1213 2373 1267 ποίαν
2398 1212 2718 1266 ἀκολουθίαν
2747 1212 2857 1282 ἔχει
2884 1211 3056 1264 ταῦτα
3084 1211 3219 1282 πρὸς
3247 1211 3314 1264 τὰ
3332 1211 3674 1281 προάγοντα,

2077 1305 2188 1374 Τῆς
2219 1305 2327 1376 γὰρ
2357 1304 2633 1374 ζητήσεως
2654 1305 2782 1375 περὶ
2815 1303 3048 1375 Πατρὺς,
3078 1303 3171 1355 καὶ
3197 1301 3349 1362 Υίοῦ,
3385 1302 3480 1354 καὶ
3509 1301 3674 1367 ἁγίου

2076 1397 2393 1466 Πνεύματος
2425 1395 2590 1466 οὔσης
2612 1438 2626 1460 ,
2694 1397 2816 1449 τίνα
2855 1396 3042 1467 καιρὸν
3071 1396 3187 1466 ἔχει
3219 1396 3340 1465 γῆν,
3377 1396 3471 1447 καὶ
3505 1393 3675 1464 ὕδωρ,

2076 1488 2169 1540 καὶ
2191 1489 2346 1558 ἀέρα,
2373 1489 2464 1541 καὶ
2508 1487 2640 1560 πῦρ,
2689 1489 2780 1541 καὶ
2809 1488 2907 1551 τὰς
2948 1487 3055 1540 τῶν
3087 1486 3240 1551 ζώων
3266 1487 3528 1558 διαφορὰς
3555 1504 3662 1554 φυ-

2080 1579 2365 1647 σιολογεῖν,
2415 1583 2510 1633 καὶ
2557 1579 2812 1646 διεξιέναι
2857 1579 2934 1649 τῷ
2986 1579 3163 1648 λόγῳ,
3210 1580 3304 1632 καὶ
3349 1579 3678 1648 διαγράφειν

2082 1669 2219 1739 ἔργα
2250 1669 2427 1738 ἔργων
2487 1669 2853 1740 πρεσϐύτερα,
2904 1668 2995 1720 καὶ
3042 1667 3364 1739 τιμιώτερα,
3397 1669 3492 1721 καῖ
3523 1667 3682 1738 ἐνέρ-

403 1762 660 1830 oper-ibus
703 1763 968 1833 dignitate
999 1770 1053 1817 et
1101 1763 1424 1818 excellentia
1472 1765 1876 1832 praestantiora,
1931 1771 1981 1817 et

2085 1776 2240 1827 γειαν
2280 1760 2558 1829 ἐνεργείας
2621 1759 3014 1830 ἀναϐεϐηκέναι
3056 1759 3234 1828 λέγειν
3274 1759 3510 1827 εὐλόγως
3554 1760 3678 1813 δια-

403 1869 567 1922 quam
615 1853 776 1907 etiam
816 1854 1136 1923 prudenter,
1184 1862 1237 1908 et
1283 1870 1406 1908 cum
1445 1854 1660 1908 ratione
1703 1854 1980 1922 operatio-

404 1961 527 1998 nem
559 1946 867 2014 operationi
892 1948 1220 2001 antecellere
1253 1955 1550 2001 asseveret.
1594 1947 1648 1999 Si
1692 1961 1823 2000 vero
1856 1946 1982 2000 uni-

403 2039 644 2108 genitum
668 2037 865 2092 Filiunt
891 2048 944 2093 et
969 2039 1235 2109 Spiritum
1256 2049 1504 2093 sanctum
1527 2041 1772 2094 nominat
1793 2055 1980 2109 opera,

402 2143 673 2196 quasnam
705 2129 940 2197 appellat
976 2130 1354 2198 operationum
1385 2127 1746 2188 differentias,
1781 2127 1982 2194 quibus

405 2233 572 2286 opera
606 2218 722 2271 hac
767 2217 1115 2272 eﬂiciuntur?
1157 2219 1420 2283 Qumnam
1456 2219 1573 2273 istae
1617 2220 1750 2287 ipsa:
1788 2232 1981 2285 opera-

407 2309 608 2370 tiones,
639 2322 760 2375 quae
797 2307 932 2362 alias
966 2309 1314 2377 operationes
1347 2308 1666 2378 praestantia
1697 2315 1984 2361 transcen-

405 2401 590 2454 dunt?
631 2399 817 2469 Neque
855 2400 1116 2470 explicat,
1151 2399 1413 2469 quidnam
1446 2399 1719 2467 intelligat
1761 2397 1984 2451 nomine
2019 2391 2023 2393 ἢ

408 2494 840 2557 lranscensionis,
877 2509 983 2563 qua
1015 2510 1122 2546 una
1159 2493 1408 2562 operatio
1441 2492 1669 2544 alteram
1705 2496 1984 2542 transcen-

405 2587 507 2648 dit,
553 2603 731 2656 neque
767 2587 1065 2657 quidquam
1117 2585 1186 2640 de
1231 2595 1423 2638 natura
1449 2583 1828 2654 operationum
1871 2588 1983 2633 tra-

404 2677 565 2740 didit,
601 2679 696 2733 sed
760 2679 1048 2747 hucusque
1091 2678 1228 2730 nihil
1267 2691 1434 2746 agens
1467 2675 1715 2729 oratione
1755 2687 1982 2743 proces-

405 2772 497 2836 sit,
534 2787 657 2826 cum
703 2787 880 2840 neque
931 2771 1268 2825 demonstret
1318 2785 1412 2822 eas
1459 2766 1764 2822 secundum
1804 2779 1984 2836 essen-

404 2864 536 2917 tiam
572 2879 728 2918 suam
777 2864 1102 2928 subsistere,
1142 2877 1320 2930 neque
1353 2859 1654 2914 voluntatis
1686 2857 1978 2927 quamdam

407 2956 700 3015 motionem
729 2971 824 3025 per
854 2972 913 3010 se
950 2972 1056 3009 non
1091 2955 1482 3009 subsistentem
1516 2967 1659 3006 esse.
1697 2949 1980 3004 Sententia

404 3048 548 3101 cnim
582 3063 796 3110 eorum,
825 3064 946 3117 qua:
982 3047 1264 3107 disseruit,
1293 3046 1434 3098 inter
1469 3053 1757 3112 utramque
1786 3042 1977 3094 harum

405 3138 723 3206 opinionum
765 3140 1057 3201 lluctuans,
1100 3147 1152 3192 et
1186 3137 1342 3207 quasi
1375 3137 1426 3189 in
1480 3136 1663 3190 medio
1689 3147 1978 3202 suspensa,

405 3229 471 3282 ad
511 3236 796 3298 utramque
829 3230 1242 3298 persuasionem
1274 3227 1526 3306 inclinat.

475 3321 641 3374 Addit
672 3336 823 3387 vero,
860 3321 1015 3376 nefas
1051 3336 1176 3376 esse
1209 3320 1547 3381 existimare,
1577 3315 1823 3370 eamdem
1864 3328 1986 3368 esse

402 3414 807 3484 operationem,
854 3430 963 3483 qua
1023 3412 1248 3481 angelos
1298 3409 1451 3472 fecit,
1501 3409 1584 3461 vel
1639 3407 1853 3467 stellas,
1903 3403 1988 3457 vel

403 3507 633 3564 coelum.
685 3504 771 3557 vel
799 3504 1073 3557 homines.
1109 3500 1328 3554 Rursus
1369 3513 1475 3568 qua
1530 3498 1859 3553 necessitate
1901 3494 1985 3548 vel

405 3597 552 3652 serie
609 3594 1004 3664 disputationis
1060 3599 1318 3655 coactus,
1371 3591 1484 3646 ha:c
1538 3589 1819 3661 prazdietis
1885 3587 1985 3640 ad-

405 3687 680 3757 iunxerit?
702 3683 814 3740 Nec
846 3684 1116 3755 intelligo,
1145 3682 1424 3754 quomodo
1465 3693 1589 3752 apte
1619 3681 1942 3736 conticiatur
1969 3698 1982 3734 :

408 3780 637 3835 Tantum
668 3778 870 3833 distare
912 3795 942 3831 a
978 3795 1033 3832 se
1067 3777 1417 3846 operationes,
1454 3784 1649 3847 quanto
1678 3774 1985 3828 discrimine

405 3875 522 3942 ipsa
553 3886 712 3939 opera
751 3871 890 3924 inter
937 3887 992 3925 se
1033 3871 1317 3937 dissident,
1348 3886 1416 3925 ex
1451 3869 1555 3922 hoc
1593 3867 1739 3938 quod
1789 3865 1985 3936 probat

404 3979 518 4018 non
552 3977 745 4017 omnes
778 3961 1004 4016 elIectus
1041 3976 1108 4015 ex
1151 3961 1366 4027 eodem,
1425 3958 1521 4013 sed
1568 3959 1707 4011 alios
1746 3973 1810 4011 ex
1860 3956 1984 4010 aliis

401 4053 705 4108 exstitisse.
750 4051 886 4106 Nam
940 4053 1165 4119 cmlum,
1211 4063 1264 4105 et
1308 4051 1580 4119 angelum,
1610 4056 1664 4102 et
1705 4048 1985 4114 stellas,et

403 4144 704 4210 hominem,
739 4151 794 4199 et
827 4144 1034 4207 omnia,
1071 4158 1194 4213 qua:
1223 4143 1278 4196 in
1307 4141 1576 4196 creaturis
1603 4125 1982 4204 numerantur,

401 4237 568 4292 unius
609 4251 733 4292 esse
767 4251 959 4306 opera,
1008 4249 1038 4287 a
1075 4234 1254 4290 sacris
1297 4232 1521 4287 Litteris
1551 4231 1730 4286 edocti
1768 4245 1981 4286 sumus.

402 4329 470 4382 At
498 4345 624 4384 vero
654 4330 758 4385 iste
789 4343 915 4382 cum
959 4341 1060 4382 suo
1110 4327 1382 4396 dogmate,
1424 4329 1659 4378 conatur
1695 4320 1984 4377 ostendere

2088 1852 2395 1922 νοούμενον.
2454 1853 2517 1906 Εἰ
2560 1851 2615 1904 δὲ
2666 1851 2756 1904 τὸν
2780 1851 3060 1922 Μονογενῆ
3101 1852 3250 1915 Υἱὸν,
3296 1852 3391 1905 καὶ
3423 1852 3482 1904 τὸ
3518 1851 3679 1918 ἅγιον

2089 1943 2313 2016 Πνεῦμα
2337 1945 2730 2017 προσαγορεύει
2755 1943 2822 1996 τὰ
2854 1943 3009 2016 ἔργα,
3030 1945 3183 2008 τίνας
3212 1945 3360 2013 λέγει
3391 1945 3553 1997 πάλιν
3576 1942 3680 2006 τὰς

2086 2035 2192 2088 τῶν
2225 2035 2512 2106 ἐνεργειῶν
2539 2034 2818 2106 διαφορὰς,
2853 2036 2918 2088 δι’
2939 2029 3014 2088 ὧν
3047 2035 3114 2088 τά
3156 2034 3305 2106 ἔργα
3332 2034 3504 2088 ταῦτα
3533 2036 3675 2088 ἁποο

2087 2126 2345 2192 τελεῖται;
2400 2125 2555 2190 Τίνες
2596 2126 2651 2180 δὲ
2698 2129 2945 2180 κάκεῖναι
2990 2121 3147 2180 αὗται
3179 2129 3235 2179 αί
3284 2128 3577 2198 ἐνέργειαι,
3619 2128 3677 2178 αἱ

2087 2219 2183 2281 τὰς
2214 2217 2492 2288 ἐνεργείας
2523 2218 2911 2274 ἀναϐαίνουσαι
2938 2238 2952 2286 ;
2997 2218 3133 2272 Οὔτε
3173 2219 3280 2289 γὰρ
3311 2217 3406 2289 τὴν
3462 2217 3680 2272 ἀνάϐαο

2086 2326 2190 2362 σιν
2232 2310 2298 2378 ἣν
2331 2309 2640 2374 ἀναϐαίνει,
2685 2309 2867 2373 καθώς
2909 2328 3070 2381 φησιν
3114 2309 3308 2374 αὐτὸς,
3345 2312 3378 2379 ἡ
3425 2309 3678 2379 ἐνέργεια

2085 2399 2181 2468 τὴν
2199 2399 2495 2468 ἐνέργειαν,
2519 2401 2546 2452 ὅ
2568 2418 2618 2452 τι
2644 2401 2771 2453 ποτὲ
2801 2404 2910 2453 νοεῖ
2935 2401 3280 2473 διεσάφησεν,
3309 2399 3432 2454 οὔτε
3462 2417 3514 2454 τι
3547 2401 3680 2471 περὶ

2085 2490 2184 2556 τῆς
2219 2491 2432 2558 φύσεως
2477 2492 2587 2544 τῶν
2633 2493 2924 2563 ἐνεργειῶν
2947 2493 3214 2563 διελέχθη,
3255 2493 3369 2546 ἀλλ’
3403 2495 3488 2546 ἐπ’
3524 2493 3679 2546 οὐδε-

2073 2569 2172 2643 ’νδς
2197 2583 2355 2652 μέχρι
2386 2582 2478 2636 τοῦ
2513 2586 2607 2636 νῦν
2635 2584 2862 2654 βέϐηκεν
2905 2587 2933 2637 ὁ
2955 2585 3109 2652 λόγος
3145 2585 3312 2654 αὐτῷ,
3351 2585 3475 2638 οὔτε
3503 2586 3563 2638 τὸ
3582 2587 3682 2638 οὑ-

2088 2673 2296 2737 σιωδῶς
2355 2675 2651 2743 ὑφεστάναι
2710 2675 3151 2740 κατασκευάζων,
3200 2676 3324 2730 οὔτε
3371 2677 3682 2748 θελήματός

2082 2785 2205 2822 τινα
2244 2769 2456 2840 κίνησιν
2483 2771 2849 2822 ἀνυπόστατον
2877 2769 3302 2840 ἐνδεικνύμενος.
3326 2771 3402 2820 Δι’
3430 2768 3552 2822 ὅλου
3566 2768 3682 2840 γὰρ

2081 2863 2114 2930 ἡ
2156 2861 2359 2914 διάνοια
2405 2861 2509 2914 τῶν
2541 2862 2847 2932 εἰρημένων
2895 2863 2988 2914 ἐπὶ
3019 2860 3111 2914 τοῦ
3147 2861 3312 2930 μέσου
3339 2859 3447 2915 τῶν
3472 2861 3682 2930 ὑπολή-

2082 2954 2225 3023 ψεων
2251 2956 2484 3025 ῥιφεῖσα,
2520 2953 2652 3025 πρὸς
2681 2953 2944 3024 ἑκατέρας
2976 2954 3072 3017 τὰς
3137 2953 3388 3017 ὑπονοίας
3418 2956 3684 3025 μεταρρι-

2084 3046 2316 3108 πίςεται.

2159 3320 2485 3390 Προστίθησι
2514 3320 2589 3386 δὲ,
2623 3321 2703 3374 ὅτι
2731 3321 2849 3374 ούδέ
2875 3320 3029 3390 θέμις
3069 3322 3166 3392 τὴν
3197 3321 3366 3390 αὐτὴν
3395 3321 3682 3392 ἐνέργειαν

2088 3412 2281 3474 εἰπεῖν,
2319 3412 2439 3464 καθ’
2469 3413 2536 3482 ἣν
2571 3414 2693 3474 τοὺς
2719 3412 2980 3480 ἀγγέλους
3013 3412 3336 3483 ἐποίησεν,ῆ
3372 3415 3496 3476 τοὺς
3521 3415 3682 3467 ἀστέ-

2091 3519 2208 3572 ρας,
2247 3505 2338 3554 καὶ
2357 3503 2447 3555 τὸν
2480 3503 2728 3575 οὐρανὸν,
2764 3503 2797 3573 ἢ
2827 3502 2917 3556 τὸν
2937 3502 3242 3574 ἄνθρωπον.
3277 3505 3445 3557 Πάλιν
3493 3496 3676 3554 ταῦτα

2087 3595 2151 3646 ἐκ
2181 3594 2338 3659 ποίας
2356 3595 2677 3666 ἁνάγκης,ῆ
2709 3593 3027 3658 ἀκολουθίας
3061 3597 3172 3659 τοῖς
3217 3597 3527 3667 εἰρημένοις
3573 3598 3680 3648 ἐπ-

2089 3685 2293 3756 ήγαγεν
2321 3685 2390 3756 ;ἢ
2416 3687 2466 3739 τί
2499 3686 2698 3757 μᾶλλον
2731 3686 2820 3738 διὰ
2861 3687 3063 3739 τούτων
3086 3687 3574 3752 κατασκευάζεταη
3594 3685 3681 3749 τὸ,

2087 3777 2514 3846 Παρηλνίάχθαι
2547 3778 2652 3844 τὰς
2701 3777 3001 3846 ἐνεργείας
3036 3777 3190 3832 κατὰ
3235 3781 3519 3838 τοσοῦτον
3561 3781 3676 3833 ἀλ-

2086 3871 2313 3934 λήλων,
2343 3867 2458 3937 ὅση
2491 3870 2588 3922 καὶ
2631 3868 2750 3922 τῶν
2774 3869 2962 3938 ἔργων
2991 3869 3163 3923 ἐστὶν
3187 3870 3225 3937 ή
3256 3869 3406 3939 πρὸς
3428 3870 3679 3938 ἄλληλα

2085 3960 2357 4028 διαφορὰ,
2390 3960 2465 4030 τῷ
2490 3959 2563 4030 μὴ
2591 3959 2685 4012 τοῦ
2710 3959 2873 4013 αὑτοῦ
2897 3960 3182 4030 τυγχάνειν
3214 3961 3350 4030 ἔργα
3377 3961 3444 4013 τὰ
3471 3963 3673 4028 πάντα,

2087 4054 2201 4107 ἀλλ’
2234 4055 2395 4123 ἔτερα
2425 4053 2482 4119 ἐξ
2511 4054 2699 4124 ἐτέρου
2731 4051 3054 4123 γεγενῆσθαι
3082 4053 3525 4117 κατασκευάζειν,
3560 4055 3678 4121 ἐγὼ

2089 4147 2187 4217 μὲν
2213 4145 2273 4197 ού
2296 4145 2524 4216 συνορῶ.
2548 4145 2789 4216 Οὐρανὸν
2802 4144 2930 4215 γὰρ,
2955 4145 3048 4197 καὶ
3068 4144 3317 4211 ἄγγελον,
3336 4146 3428 4197 καὶ
3444 4147 3675 4215 ἀστέρα,

2084 4237 2179 4289 καὶ
2212 4237 2516 4307 ἄνθρωπον,
2546 4235 2639 4288 καὶ
2657 4236 2832 4288 πάντα
2853 4235 2953 4287 ὅσα
2974 4235 3122 4287 ἐστὶν
3140 4237 3195 4287 ἐν
3217 4237 3285 4311 τῇ
3314 4235 3488 4288 κτίσει
3518 4238 3676 4289 νοού-

2090 4345 2247 4398 μενα,
2276 4328 2393 4392 ἐνὸς
2431 4328 2569 4398 ἔργα
2601 4331 2670 4382 τά
2721 4330 2898 4384 πάντα
2925 4333 3074 4403 παρά
3118 4333 3215 4401 τῆς
3242 4333 3460 4404 Γραφῆς
3490 4351 3674 4404 μεμα-

403 4438 510 4477 non
542 4420 705 4475 unius
722 4434 889 4490 opera
925 4433 1050 4472 esse
1085 4416 1282 4469 Filium
1313 4422 1368 4470 et
1399 4411 1660 4483 Spiritum
1688 4419 1939 4467 sanctum
1965 4426 1979 4476 ;

2087 4418 2356 4490 θήκαμεν.
2401 4419 2458 4473 ‘0
2514 4420 2572 4473 δέ
2622 4421 2716 4474 τοῦ
2747 4423 3012 4492 δόγματος
3052 4424 3230 4477 αὐτῶν
3270 4425 3674 4491 κατασκευάζει

403 4515 499 4570 sed
531 4511 728 4567 Filium
767 4511 986 4581 quidem
1024 4525 1148 4565 esse
1178 4523 1319 4578 opus
1352 4506 1712 4578 operationis,
1766 4518 1889 4573 quae
1918 4517 1984 4556 ex

405 4607 582 4676 prima
614 4605 924 4659 substantia
960 4609 1179 4667 manat;
1214 4599 1484 4670 Spiritum
1515 4605 1697 4652 autem
1729 4603 1984 4650 sanctum

405 4697 587 4765 operis
610 4695 774 4764 hujus
803 4693 947 4748 aliud
971 4708 1095 4749 esse
1130 4708 1291 4763 opus.
1328 4692 1484 4746 Dicat
1525 4691 1695 4761 igitur
1725 4691 1866 4758 ipse,
1901 4685 1984 4740 vel

405 4789 449 4843 si
494 4786 620 4855 quis
667 4786 809 4840 alius
842 4785 1140 4840 reconditae
1193 4784 1344 4838 illius
1393 4783 1678 4852 sapientiae
1711 4781 1983 4849 particeps

404 4885 510 4941 est,
566 4890 730 4945 quam
772 4881 991 4931 tandem
1046 4891 1172 4930 cum
1242 4875 1435 4929 horum
1491 4872 1794 4928 assertione
1851 4887 1986 4926 con-

406 4969 696 5025 nexioncm
716 4975 769 5021 et
792 4969 1234 5023 communionem
1260 4967 1481 5030 habeat,
1499 4967 1696 5022 ccelum
1717 4974 1772 5020 et
1795 4967 1979 5029 homo,

405 5064 633 5132 angelus
663 5066 718 5114 et
748 5060 939 5122 stellaa,
973 5075 1093 5128 quae
1132 5059 1314 5112 omnia
1364 5059 1466 5114 iste
1508 5059 1576 5113 ad
1608 5058 1981 5129 probationem

404 5170 553 5211 nunc
601 5150 875 5206 assumit?
925 5150 984 5203 ln
1043 5151 1130 5205 his
1182 5150 1329 5204 enim
1381 5150 1676 5205 manifeste
1727 5149 1982 5217 impietas

403 5255 650 5318 apparet,
691 5251 744 5299 et
789 5258 886 5314 per
941 5258 1000 5297 se
1048 5241 1347 5311 conspicua
1396 5251 1516 5309 est;
1572 5251 1627 5296 at
1686 5241 1982 5312 impietatis

404 5341 653 5408 probatio
681 5346 734 5393 et
760 5337 1054 5392 allirmatio
1086 5335 1189 5391 sibi
1227 5335 1346 5404 ipsa
1386 5350 1614 5404 prorsus
1658 5341 1742 5388 est
1769 5333 1984 5389 dissen-

403 5439 582 5484 tanea.
614 5430 852 5486 Credere
882 5431 1028 5484 enim
1081 5428 1134 5482 in
1187 5427 1539 5482 sanctissima
1575 5425 1841 5478 Trinitate
1868 5435 1986 5478 tan-

405 5528 515 5573 tam
549 5535 671 5576 esse
695 5522 1096 5588 diversitatem,
1119 5528 1326 5592 quanta
1353 5517 1696 5588 conspicitur
1729 5517 1781 5570 in
1818 5523 1980 5581 cmlo,

406 5610 553 5680 quod
584 5613 792 5667 ambitu
835 5629 934 5669 suo
964 5630 1184 5671 omnem
1232 5621 1541 5668 creaturam
1578 5609 1978 5680 complectitur,

404 5701 606 5759 collato
633 5717 756 5758 cum
785 5706 946 5761 unico
978 5707 1219 5773 homine,
1253 5707 1334 5763 vel
1365 5721 1490 5762 cum
1524 5703 1681 5761 stella
1722 5704 1976 5776 quapiam

2086 4511 2263 4579 λόγος,
2292 4512 2371 4564 ὅτι
2403 4512 2499 4582 οὐχ
2527 4512 2643 4576 ἐνὸς
2674 4513 2809 4584 ἔργα
2838 4516 2865 4567 ὁ
2891 4515 3037 4580 Υἱὸς,
3071 4517 3160 4569 καὶ
3186 4517 3244 4569 τὸ
3273 4517 3494 4588 Πνεῦμα
3516 4536 3528 4548 ·
3553 4519 3673 4572 ἀλλ’

2085 4603 2113 4654 ὁ
2141 4603 2239 4674 μὲν
2279 4603 2404 4668 Υἱὸς
2435 4605 2534 4674 τῆς
2576 4606 2958 4677 παρετξομένης
2986 4610 3050 4678 τῇ
3088 4608 3279 4681 πρώτῃ
3323 4611 3480 4681 οὐσίᾳ
3522 4612 3670 4680 ἐνερο

2085 4695 2234 4763 γείας
2270 4694 2428 4766 ἔργον
2453 4697 2599 4749 ἐστί·
2632 4697 2692 4750 τὺ
2719 4697 2772 4750 δὲ
2796 4699 3019 4768 Πνεῦμα
3045 4700 3139 4752 τοῦ
3168 4700 3329 4771 ἔργου
3365 4701 3524 4755 πάλιν
3550 4703 3673 4754 ἐτε-

2087 4805 2180 4859 ρον
2222 4787 2400 4860 ἔργον.
2455 4789 2497 4841 Τ
2505 4789 2587 4842 ἰνα
2625 4787 2718 4844 οὖν
2760 4791 3043 4844 κοινωνίαν
3091 4792 3202 4862 ἔχει
3249 4793 3386 4862 πρὸς
3426 4794 3524 4864 τὴν
3556 4797 3677 4848 ἐκεῖ

2086 4880 2428 4951 κατασκευὴν
2457 4883 2703 4952 οὐρανὸς,
2753 4886 2848 4934 καὶ
2885 4881 3186 4952 ἄνθρωπος,
3230 4883 3460 4952 ἄγγελός
3490 4903 3551 4938 τε
3581 4888 3676 4940 καὶ

2086 4969 2262 5041 ἀστὴρ
2293 4969 2387 5024 νῦν
2427 4972 2982 5042 συμπαραληφθέντες
3015 4973 3120 5026 ὑπὸ
3155 4973 3247 5027 τοῦ
3276 4973 3456 5042 λόγου,
3509 4978 3675 5043 αὐτὸς

2087 5063 2313 5129 εἰπάτω,
2340 5064 2372 5135 ἢ
2399 5065 2451 5117 εί
2480 5082 2563 5128 τις
2592 5065 2693 5136 τῆς
2721 5067 3032 5137 ἀπορρήτου
3065 5067 3253 5134 σοφίας
3280 5068 3446 5120 αὑτοῦ
3481 5087 3676 5124 κοινω-

2085 5158 2174 5221 νός
2197 5159 2375 5224 ἐστιν;
2412 5158 2500 5211 Ἐν
2548 5158 2758 5221 τούτοις
2798 5159 2905 5227 γὰρ
2955 5159 3016 5212 τὸ
3066 5159 3164 5229 μὲν
3195 5159 3389 5223 ἀσεϐὲς
3421 5163 3676 5233 φανερῶς

2084 5251 2196 5310 τοῖς
2216 5248 2523 5320 εἰρημένοις
2550 5249 2847 5319 ἐμφέρεται
2872 5265 2884 5278 ·
2927 5251 2960 5319 ἡ
2985 5249 3040 5300 δέ
3066 5251 3165 5318 τῆς
3202 5250 3458 5315 ἀσεϐείας
3496 5268 3672 5304 καταρ

2088 5339 2275 5410 σκευὴ,
2325 5339 2419 5392 καὶ
2488 5339 2624 5409 πρὸς
2668 5339 2867 5408 ἑαυτήν
2913 5340 3060 5390 ἐστιν
3089 5339 3436 5409 ἀσύμφωνος.
3471 5339 3546 5392 Τὸ
3575 5342 3674 5411 μὲν

2085 5429 2194 5499 γάρ
2221 5427 2427 5482 οἴεσθαι
2483 5428 2750 5498 τοσαύτην
2796 5430 2852 5480 ἐν
2888 5431 2956 5498 τῇ
3014 5429 3145 5498 ἁγίᾳ
3171 5428 3363 5500 Τριάδι
3404 5429 3674 5500 διαφοράν

2087 5519 2425 5589 θεωρεῖσθαι,
2450 5519 2572 5571 ὅσον
2603 5519 2716 5570 ἐστὶ
2746 5520 3078 5589 κατανοῆσαι
3107 5520 3336 5591 ούρανοῦ
3359 5520 3452 5572 τοῦ
3491 5523 3674 5589 τεᾶσαν

2086 5613 2183 5682 τὴν
2211 5613 2386 5665 κτίσιν
2404 5611 2887 5682 ἐμπεριειληφότος
2917 5613 3050 5684 πρὸς
3089 5613 3176 5665 τὸν
3217 5612 3310 5667 ἕνα
3346 5612 3422 5682 τῷ
3450 5613 3672 5684 ἀριθμῷ

2088 5705 2388 5774 ἄνθρωπον,
2417 5704 2448 5774 ἢ
2476 5705 2564 5758 τὸν
2597 5706 2651 5759 ἐν
2675 5704 2888 5777 οὐρανῷ
2907 5706 3227 5777 φαινόμενον
3251 5703 3472 5775 ἀστέρα,
3506 5720 3668 5776 φανε-
