  <div class='ocr_page' id='page_1' title='image "/cluster/home/n/w/nwhite01/storage/ocr_20150623/45/mdp.39015011921478/186.png"; bbox 0 0 4064 6146; ppageno 0'>
   <div class='ocr_carea' id='block_1_1' title="bbox 363 300 474 354">
    <p class='ocr_par' dir='ltr' id='par_1_1' title="bbox 363 300 474 354">
     <span class='ocr_line' id='line_1_1' title="bbox 363 300 474 354; baseline -0.009 0"><span class='ocrx_word' id='word_1_1' title='bbox 363 300 474 354; x_wconf 73' lang='lat'><strong>353</strong></span> 
     </span>
    </p>
   </div>
   <div class='ocr_carea' id='block_1_2' title="bbox 1529 290 2494 355">
    <p class='ocr_par' dir='ltr' id='par_1_2' title="bbox 1529 290 2494 355">
     <span class='ocr_line' id='line_1_2' title="bbox 1529 290 2494 355; baseline -0.005 -6"><span class='ocrx_word' id='word_1_2' title='bbox 1529 295 1812 349; x_wconf 63' lang='lat' dir='ltr'><strong>CONTRA</strong></span> <span class='ocrx_word' id='word_1_3' title='bbox 1852 291 2247 355; x_wconf 81' lang='lat' dir='ltr'><strong>EUNOMl-UM,</strong></span> <span class='ocrx_word' id='word_1_4' title='bbox 2287 291 2411 347; x_wconf 73' lang='lat' dir='ltr'><strong>UB.</strong></span> <span class='ocrx_word' id='word_1_5' title='bbox 2452 290 2494 345; x_wconf 85' lang='grc'><strong>1.</strong></span> 
     </span>
    </p>
   </div>
   <div class='ocr_carea' id='block_1_3' title="bbox 3516 287 3625 343">
    <p class='ocr_par' dir='ltr' id='par_1_3' title="bbox 3516 287 3625 343">
     <span class='ocr_line' id='line_1_3' title="bbox 3516 287 3625 343; baseline 0 0"><span class='ocrx_word' id='word_1_6' title='bbox 3516 287 3625 343; x_wconf 65' lang='grc' dir='ltr'><strong>εει</strong></span> 
     </span>
    </p>
   </div>
   <div class='ocr_carea' id='block_1_4' title="bbox 371 398 1957 484">
    <p class='ocr_par' dir='ltr' id='par_1_4' title="bbox 371 405 1946 484">
     <span class='ocr_line' id='line_1_4' title="bbox 371 405 1946 484; baseline -0.006 -17"><span class='ocrx_word' id='word_1_7' title='bbox 371 416 470 484; x_wconf 78' lang='grc' dir='ltr'><strong>ρὰν</strong></span> <span class='ocrx_word' id='word_1_8' title='bbox 532 412 628 481; x_wconf 84' lang='grc' dir='ltr'>τὴν</span> <span class='ocrx_word' id='word_1_9' title='bbox 679 408 930 463; x_wconf 76' lang='grc' dir='ltr'>ἀσέϐειαν</span> <span class='ocrx_word' id='word_1_10' title='bbox 983 407 1132 476; x_wconf 75' lang='grc' dir='ltr'>ἔχει·</span> <span class='ocrx_word' id='word_1_11' title='bbox 1173 407 1230 460; x_wconf 82' lang='grc' dir='ltr'><strong>τὸ</strong></span> <span class='ocrx_word' id='word_1_12' title='bbox 1268 407 1323 459; x_wconf 77' lang='grc' dir='ltr'>δὲ</span> <span class='ocrx_word' id='word_1_13' title='bbox 1371 406 1796 476; x_wconf 74' lang='grc' dir='ltr'><strong>συντεταγμένον</strong></span> <span class='ocrx_word' id='word_1_14' title='bbox 1842 405 1946 458; x_wconf 88' lang='grc' dir='ltr'><strong>τῶν</strong></span> 
     </span>
    </p>
   </div>
   <div class='ocr_carea' id='block_1_5' title="bbox 2060 398 3624 484">
    <p class='ocr_par' dir='ltr' id='par_1_5' title="bbox 2060 398 3624 472">
     <span class='ocr_line' id='line_1_5' title="bbox 2060 398 3624 472; baseline -0.003 -13"><span class='ocrx_word' id='word_1_15' title='bbox 2060 419 2113 459; x_wconf 76' lang='lat' dir='ltr'><strong>3x</strong></span> <span class='ocrx_word' id='word_1_16' title='bbox 2159 403 2227 458; x_wconf 91' lang='lat' dir='ltr'><strong>iis</strong></span> <span class='ocrx_word' id='word_1_17' title='bbox 2256 416 2376 472; x_wconf 70' lang='lat' dir='ltr'><strong>quae</strong></span> <span class='ocrx_word' id='word_1_18' title='bbox 2426 401 2482 454; x_wconf 91' lang='lat' dir='ltr'><strong>in</strong></span> <span class='ocrx_word' id='word_1_19' title='bbox 2532 398 2733 454; x_wconf 67' lang='lat' dir='ltr'><strong>aethere</strong></span> <span class='ocrx_word' id='word_1_20' title='bbox 2786 401 2991 464; x_wconf 90' lang='lat' dir='ltr'><strong>lucent,</strong></span> <span class='ocrx_word' id='word_1_21' title='bbox 3039 398 3384 469; x_wconf 83' lang='lat' dir='ltr'><strong>perspicuam</strong></span> <span class='ocrx_word' id='word_1_22' title='bbox 3417 413 3530 469; x_wconf 84' lang='lat' dir='ltr'><strong>prae</strong></span> <span class='ocrx_word' id='word_1_23' title='bbox 3563 415 3624 454; x_wconf 86' lang='lat' dir='ltr'><strong>se</strong></span> 
     </span>
    </p>
   </div>
   <div class='ocr_carea' id='block_1_6' title="bbox 368 495 1947 569">
    <p class='ocr_par' dir='ltr' id='par_1_6' title="bbox 368 495 1947 569">
     <span class='ocr_line' id='line_1_6' title="bbox 368 495 1947 569; baseline -0.004 -15"><span class='ocrx_word' id='word_1_24' title='bbox 368 499 677 569; x_wconf 79' lang='grc' dir='ltr'>νοημάτων,</span> <span class='ocrx_word' id='word_1_25' title='bbox 713 497 806 549; x_wconf 71' lang='grc' dir='ltr'><strong>καὶ</strong></span> <span class='ocrx_word' id='word_1_26' title='bbox 836 495 1126 550; x_wconf 83' lang='grc' dir='ltr'>ἀκόλουθον</span> <span class='ocrx_word' id='word_1_27' title='bbox 1154 496 1252 565; x_wconf 79' lang='grc' dir='ltr'><strong>τῆς</strong></span> <span class='ocrx_word' id='word_1_28' title='bbox 1283 497 1409 565; x_wconf 69' lang='grc' dir='ltr'>περὶ</span> <span class='ocrx_word' id='word_1_29' title='bbox 1441 496 1569 548; x_wconf 74' lang='grc' dir='ltr'>αὐτὸ</span> <span class='ocrx_word' id='word_1_30' title='bbox 1595 495 1751 549; x_wconf 77' lang='grc' dir='ltr'>τοῦτο</span> <span class='ocrx_word' id='word_1_31' title='bbox 1786 513 1947 548; x_wconf 85' lang='grc' dir='ltr'>κατα-</span> 
     </span>
    </p>
   </div>
   <div class='ocr_carea' id='block_1_7' title="bbox 373 587 1946 658">
    <p class='ocr_par' dir='ltr' id='par_1_7' title="bbox 373 587 1946 658">
     <span class='ocr_line' id='line_1_7' title="bbox 373 587 1946 658; baseline -0.004 -13"><span class='ocrx_word' id='word_1_32' title='bbox 373 591 608 658; x_wconf 80' lang='grc' dir='ltr'>σκευῆς,</span> <span class='ocrx_word' id='word_1_33' title='bbox 657 587 807 640; x_wconf 80' lang='grc' dir='ltr'>τοῦτό</span> <span class='ocrx_word' id='word_1_34' title='bbox 851 605 1011 658; x_wconf 83' lang='grc' dir='ltr'>φημι,</span> <span class='ocrx_word' id='word_1_35' title='bbox 1063 588 1202 658; x_wconf 84' lang='grc' dir='ltr'>μήτε</span> <span class='ocrx_word' id='word_1_36' title='bbox 1252 589 1394 656; x_wconf 69' lang='grc' dir='ltr'>ἐμοὶ,</span> <span class='ocrx_word' id='word_1_37' title='bbox 1437 589 1572 658; x_wconf 82' lang='grc' dir='ltr'>μήτε</span> <span class='ocrx_word' id='word_1_38' title='bbox 1626 587 1774 658; x_wconf 88' lang='grc' dir='ltr'>αὑτῴ</span> <span class='ocrx_word' id='word_1_39' title='bbox 1806 588 1946 658; x_wconf 81' lang='grc' dir='ltr'>τάχα</span> 
     </span>
    </p>
   </div>
   <div class='ocr_carea' id='block_1_8' title="bbox 371 663 1948 754">
    <p class='ocr_par' dir='ltr' id='par_1_8' title="bbox 371 663 1948 754">
     <span class='ocr_line' id='line_1_8' title="bbox 371 663 1948 754; baseline -0.004 -18"><span class='ocrx_word' id='word_1_40' title='bbox 371 684 429 737; x_wconf 75' lang='grc' dir='ltr'>τὸ</span> <span class='ocrx_word' id='word_1_41' title='bbox 453 680 574 754; x_wconf 61' lang='lat' dir='ltr'><strong>[cfp]</strong></span> <span class='ocrx_word' id='word_1_42' title='bbox 593 682 761 750; x_wconf 81' lang='grc' dir='ltr'>πατρὶ</span> <span class='ocrx_word' id='word_1_43' title='bbox 781 676 878 748; x_wconf 79' lang='grc' dir='ltr'>τῆς</span> <span class='ocrx_word' id='word_1_44' title='bbox 892 678 1236 749; x_wconf 78' lang='grc' dir='ltr'><strong>βλασφημίας</strong></span> <span class='ocrx_word' id='word_1_45' title='bbox 1257 663 1579 731; x_wconf 82' lang='grc' dir='ltr'>εὑσύνοπτον</span> <span class='ocrx_word' id='word_1_46' title='bbox 1595 675 1750 730; x_wconf 78' lang='grc' dir='ltr'>εἶναι.</span> <span class='ocrx_word' id='word_1_47' title='bbox 1766 679 1830 733; x_wconf 78' lang='lat' dir='ltr'><strong>El</strong></span> <span class='ocrx_word' id='word_1_48' title='bbox 1849 679 1948 749; x_wconf 82' lang='grc' dir='ltr'>μὲν</span> 
     </span>
    </p>
   </div>
   <div class='ocr_carea' id='block_1_9' title="bbox 371 771 1949 844">
    <p class='ocr_par' dir='ltr' id='par_1_9' title="bbox 371 771 1949 844">
     <span class='ocr_line' id='line_1_9' title="bbox 371 771 1949 844; baseline -0.001 -19"><span class='ocrx_word' id='word_1_49' title='bbox 371 775 480 844; x_wconf 73' lang='grc' dir='ltr'>γὰρ</span> <span class='ocrx_word' id='word_1_50' title='bbox 506 771 731 825; x_wconf 77' lang='grc' dir='ltr'>τοιαῦτα</span> <span class='ocrx_word' id='word_1_51' title='bbox 759 771 888 840; x_wconf 69' lang='grc' dir='ltr'>περὶ</span> <span class='ocrx_word' id='word_1_52' title='bbox 916 773 1013 842; x_wconf 77' lang='grc' dir='ltr'><strong>τῆς</strong></span> <span class='ocrx_word' id='word_1_53' title='bbox 1043 771 1272 833; x_wconf 77' lang='grc' dir='ltr'><strong>κτίσεως</strong></span> <span class='ocrx_word' id='word_1_54' title='bbox 1289 771 1582 837; x_wconf 74' lang='grc' dir='ltr'>ἐλογίζετο,</span> <span class='ocrx_word' id='word_1_55' title='bbox 1615 772 1696 823; x_wconf 84' lang='grc' dir='ltr'>ὅτι</span> <span class='ocrx_word' id='word_1_56' title='bbox 1723 771 1949 841; x_wconf 83' lang='grc' dir='ltr'>οὐρανὸς</span> 
     </span>
    </p>
   </div>
   <div class='ocr_carea' id='block_1_10' title="bbox 373 863 1950 938">
    <p class='ocr_par' dir='ltr' id='par_1_10' title="bbox 373 863 1950 938">
     <span class='ocr_line' id='line_1_10' title="bbox 373 863 1950 938; baseline -0.002 -19"><span class='ocrx_word' id='word_1_57' title='bbox 373 869 472 938; x_wconf 85' lang='grc' dir='ltr'>μὲν</span> <span class='ocrx_word' id='word_1_58' title='bbox 503 866 663 937; x_wconf 68' lang='grc' dir='ltr'>ἔργον</span> <span class='ocrx_word' id='word_1_59' title='bbox 698 866 845 916; x_wconf 70' lang='grc' dir='ltr'>ἐστὶν</span> <span class='ocrx_word' id='word_1_60' title='bbox 892 863 1292 934; x_wconf 81' lang='grc' dir='ltr'><strong>ὑπερκειμένης</strong></span> <span class='ocrx_word' id='word_1_61' title='bbox 1332 865 1476 926; x_wconf 82' lang='grc' dir='ltr'>τινὸς</span> <span class='ocrx_word' id='word_1_62' title='bbox 1519 864 1816 935; x_wconf 77' lang='grc' dir='ltr'>ἐνεργείας,</span> <span class='ocrx_word' id='word_1_63' title='bbox 1851 864 1950 933; x_wconf 83' lang='grc' dir='ltr'>τῆς</span> 
     </span>
    </p>
   </div>
   <div class='ocr_carea' id='block_1_11' title="bbox 369 951 1950 1025">
    <p class='ocr_par' dir='ltr' id='par_1_11' title="bbox 369 951 1950 1025">
     <span class='ocr_line' id='line_1_11' title="bbox 369 951 1950 1025; baseline -0.003 -16"><span class='ocrx_word' id='word_1_64' title='bbox 369 956 427 1009; x_wconf 83' lang='grc' dir='ltr'>δὲ</span> <span class='ocrx_word' id='word_1_65' title='bbox 458 954 537 1024; x_wconf 81' lang='grc' dir='ltr'>τῷ</span> <span class='ocrx_word' id='word_1_66' title='bbox 566 951 779 1025; x_wconf 86' lang='grc' dir='ltr'>οὑρανῷ</span> <span class='ocrx_word' id='word_1_67' title='bbox 813 953 1198 1023; x_wconf 86' lang='grc' dir='ltr'>παρεπομένης</span> <span class='ocrx_word' id='word_1_68' title='bbox 1236 953 1512 1022; x_wconf 75' lang='grc' dir='ltr'>ἐνεργείας</span> <span class='ocrx_word' id='word_1_69' title='bbox 1546 954 1887 1024; x_wconf 80' lang='grc' dir='ltr'>ἀποτέλεσμα</span> <span class='ocrx_word' id='word_1_70' title='bbox 1922 956 1950 1006; x_wconf 90' lang='grc' dir='ltr'><strong>ό</strong></span> 
     </span>
    </p>
   </div>
   <div class='ocr_carea' id='block_1_12' title="bbox 373 1043 1945 1118">
    <p class='ocr_par' dir='ltr' id='par_1_12' title="bbox 373 1043 1945 1118">
     <span class='ocr_line' id='line_1_12' title="bbox 373 1043 1945 1118; baseline -0.005 -15"><span class='ocrx_word' id='word_1_71' title='bbox 373 1047 570 1118; x_wconf 75' lang='grc' dir='ltr'>ἀστὴρ,</span> <span class='ocrx_word' id='word_1_72' title='bbox 614 1045 821 1098; x_wconf 75' lang='grc' dir='ltr'>ἐκείνου</span> <span class='ocrx_word' id='word_1_73' title='bbox 848 1044 902 1096; x_wconf 83' lang='grc' dir='ltr'><strong>δὲ</strong></span> <span class='ocrx_word' id='word_1_74' title='bbox 931 1045 1178 1112; x_wconf 84' lang='grc' dir='ltr'>ἄγγελος,</span> <span class='ocrx_word' id='word_1_75' title='bbox 1232 1043 1325 1096; x_wconf 75' lang='grc' dir='ltr'><strong>καὶ</strong></span> <span class='ocrx_word' id='word_1_76' title='bbox 1355 1043 1563 1106; x_wconf 80' lang='grc' dir='ltr'>τούτου,</span> <span class='ocrx_word' id='word_1_77' title='bbox 1589 1046 1616 1096; x_wconf 91' lang='grc' dir='ltr'>ὁ</span> <span class='ocrx_word' id='word_1_78' title='bbox 1641 1044 1945 1114; x_wconf 77' lang='grc' dir='ltr'>ἅνθρωπος·</span> 
     </span>
    </p>
   </div>
   <div class='ocr_carea' id='block_1_13' title="bbox 373 1135 1951 1215">
    <p class='ocr_par' dir='ltr' id='par_1_13' title="bbox 373 1135 1951 1215">
     <span class='ocr_line' id='line_1_13' title="bbox 373 1135 1951 1215; baseline -0.001 -23"><span class='ocrx_word' id='word_1_79' title='bbox 373 1136 516 1209; x_wconf 78' lang='grc' dir='ltr'>εἶχεν</span> <span class='ocrx_word' id='word_1_80' title='bbox 549 1138 612 1192; x_wconf 84' lang='grc' dir='ltr'><strong>ἄν</strong></span> <span class='ocrx_word' id='word_1_81' title='bbox 639 1155 690 1188; x_wconf 87' lang='grc' dir='ltr'><strong>τι</strong></span> <span class='ocrx_word' id='word_1_82' title='bbox 733 1137 760 1188; x_wconf 87' lang='grc' dir='ltr'>ὁ</span> <span class='ocrx_word' id='word_1_83' title='bbox 797 1136 953 1215; x_wconf 79' lang='grc' dir='ltr'>λόγος</span> <span class='ocrx_word' id='word_1_84' title='bbox 989 1135 1134 1206; x_wconf 86' lang='grc' dir='ltr'>αὑτῷ</span> <span class='ocrx_word' id='word_1_85' title='bbox 1157 1135 1244 1188; x_wconf 82' lang='grc' dir='ltr'><strong>διὰ</strong></span> <span class='ocrx_word' id='word_1_86' title='bbox 1274 1137 1370 1205; x_wconf 78' lang='grc' dir='ltr'>τῆς</span> <span class='ocrx_word' id='word_1_87' title='bbox 1409 1135 1517 1188; x_wconf 91' lang='grc' dir='ltr'><strong>τῶν</strong></span> <span class='ocrx_word' id='word_1_88' title='bbox 1547 1137 1743 1206; x_wconf 83' lang='grc' dir='ltr'>ὁμοίων</span> <span class='ocrx_word' id='word_1_89' title='bbox 1773 1154 1951 1208; x_wconf 88' lang='grc' dir='ltr'>παρα-</span> 
     </span>
    </p>
   </div>
   <div class='ocr_carea' id='block_1_14' title="bbox 377 1225 1950 1298">
    <p class='ocr_par' dir='ltr' id='par_1_14' title="bbox 377 1225 1950 1298">
     <span class='ocr_line' id='line_1_14' title="bbox 377 1225 1950 1298; baseline -0.001 -15"><span class='ocrx_word' id='word_1_90' title='bbox 377 1231 577 1292; x_wconf 82' lang='grc' dir='ltr'>θέσεως</span> <span class='ocrx_word' id='word_1_91' title='bbox 601 1225 1028 1290; x_wconf 78' lang='grc' dir='ltr'>κατασκευάζειν</span> <span class='ocrx_word' id='word_1_92' title='bbox 1051 1227 1111 1279; x_wconf 74' lang='grc' dir='ltr'>τὸ</span> <span class='ocrx_word' id='word_1_93' title='bbox 1139 1227 1334 1296; x_wconf 81' lang='grc' dir='ltr'>δόγμα.</span> <span class='ocrx_word' id='word_1_94' title='bbox 1379 1229 1440 1279; x_wconf 84' lang='grc' dir='ltr'><strong>Εἰ</strong></span> <span class='ocrx_word' id='word_1_95' title='bbox 1465 1228 1521 1280; x_wconf 77' lang='grc' dir='ltr'>δὲ</span> <span class='ocrx_word' id='word_1_96' title='bbox 1556 1228 1727 1281; x_wconf 75' lang='grc' dir='ltr'>ταῦτα</span> <span class='ocrx_word' id='word_1_97' title='bbox 1759 1230 1854 1298; x_wconf 83' lang='grc' dir='ltr'>μὲν</span> <span class='ocrx_word' id='word_1_98' title='bbox 1883 1229 1950 1282; x_wconf 86' lang='grc' dir='ltr'>δι’</span> 
     </span>
    </p>
   </div>
   <div class='ocr_carea' id='block_1_15' title="bbox 376 1317 1951 1389">
    <p class='ocr_par' dir='ltr' id='par_1_15' title="bbox 376 1317 1951 1389">
     <span class='ocr_line' id='line_1_15' title="bbox 376 1317 1951 1389; baseline -0.001 -16"><span class='ocrx_word' id='word_1_99' title='bbox 376 1321 492 1383; x_wconf 78' lang='grc' dir='ltr'>ἐνὸς</span> <span class='ocrx_word' id='word_1_100' title='bbox 562 1317 891 1387; x_wconf 83' lang='grc' dir='ltr'>γεγενῆσθαι</span> <span class='ocrx_word' id='word_1_101' title='bbox 967 1317 1058 1369; x_wconf 80' lang='grc' dir='ltr'><strong>καὶ</strong></span> <span class='ocrx_word' id='word_1_102' title='bbox 1106 1318 1268 1380; x_wconf 72' lang='grc' dir='ltr'>αὑτὸς</span> <span class='ocrx_word' id='word_1_103' title='bbox 1319 1317 1622 1371; x_wconf 80' lang='grc' dir='ltr'>συντίθεται</span> <span class='ocrx_word' id='word_1_104' title='bbox 1677 1318 1752 1383; x_wconf 77' lang='grc' dir='ltr'><strong>(εἴ</strong></span> <span class='ocrx_word' id='word_1_105' title='bbox 1773 1336 1836 1387; x_wconf 89' lang='grc' dir='ltr'><strong>γε</strong></span> <span class='ocrx_word' id='word_1_106' title='bbox 1878 1319 1951 1389; x_wconf 81' lang='grc' dir='ltr'>μὴ</span> 
     </span>
    </p>
   </div>
   <div class='ocr_carea' id='block_1_16' title="bbox 377 1408 1951 1480">
    <p class='ocr_par' dir='ltr' id='par_1_16' title="bbox 377 1408 1951 1480">
     <span class='ocr_line' id='line_1_16' title="bbox 377 1408 1951 1480; baseline -0.001 -17"><span class='ocrx_word' id='word_1_107' title='bbox 377 1410 655 1472; x_wconf 80' lang='grc' dir='ltr'>παντελῶς</span> <span class='ocrx_word' id='word_1_108' title='bbox 679 1412 743 1480; x_wconf 81' lang='grc' dir='ltr'>τῇ</span> <span class='ocrx_word' id='word_1_109' title='bbox 776 1409 884 1461; x_wconf 90' lang='grc' dir='ltr'><strong>τῶν</strong></span> <span class='ocrx_word' id='word_1_110' title='bbox 914 1408 1143 1478; x_wconf 82' lang='grc' dir='ltr'>Γραφῶν</span> <span class='ocrx_word' id='word_1_111' title='bbox 1166 1409 1315 1479; x_wconf 85' lang='grc' dir='ltr'>φωνῇ</span> <span class='ocrx_word' id='word_1_112' title='bbox 1349 1408 1671 1479; x_wconf 86' lang='grc' dir='ltr'>διαμάχεται</span> <span class='ocrx_word' id='word_1_113' title='bbox 1696 1409 1736 1480; x_wconf 90' lang='grc'>),</span> <span class='ocrx_word' id='word_1_114' title='bbox 1767 1410 1867 1479; x_wconf 78' lang='grc' dir='ltr'>τῆς</span> <span class='ocrx_word' id='word_1_115' title='bbox 1895 1410 1951 1463; x_wconf 78' lang='grc' dir='ltr'>δὲ</span> 
     </span>
    </p>
   </div>
   <div class='ocr_carea' id='block_1_17' title="bbox 378 1498 1954 1571">
    <p class='ocr_par' dir='ltr' id='par_1_17' title="bbox 378 1498 1954 1571">
     <span class='ocr_line' id='line_1_17' title="bbox 378 1498 1954 1571; baseline -0.001 -17"><span class='ocrx_word' id='word_1_116' title='bbox 378 1501 598 1555; x_wconf 80' lang='grc' dir='ltr'>ἐκείνων</span> <span class='ocrx_word' id='word_1_117' title='bbox 650 1498 998 1568; x_wconf 66' lang='grc' dir='ltr'>κατασκευῆς</span> <span class='ocrx_word' id='word_1_118' title='bbox 1073 1499 1257 1569; x_wconf 76' lang='grc' dir='ltr'>ἕτερόν</span> <span class='ocrx_word' id='word_1_119' title='bbox 1307 1516 1428 1552; x_wconf 89' lang='grc' dir='ltr'>τινα</span> <span class='ocrx_word' id='word_1_120' title='bbox 1494 1500 1780 1571; x_wconf 82' lang='grc' dir='ltr'>διορίζεται</span> <span class='ocrx_word' id='word_1_121' title='bbox 1834 1501 1954 1571; x_wconf 82' lang='grc' dir='ltr'>τρό-</span> 
     </span>
    </p>
   </div>
   <div class='ocr_carea' id='block_1_18' title="bbox 379 1591 1954 1664">
    <p class='ocr_par' dir='ltr' id='par_1_18' title="bbox 379 1591 1954 1664">
     <span class='ocr_line' id='line_1_18' title="bbox 379 1591 1954 1664; baseline -0.001 -18"><span class='ocrx_word' id='word_1_122' title='bbox 379 1611 508 1647; x_wconf 80' lang='grc' dir='ltr'>πον·</span> <span class='ocrx_word' id='word_1_123' title='bbox 544 1593 627 1656; x_wconf 84' lang='grc' dir='ltr'><strong>τίς</strong></span> <span class='ocrx_word' id='word_1_124' title='bbox 667 1595 699 1663; x_wconf 79' lang='grc' dir='ltr'>ἡ</span> <span class='ocrx_word' id='word_1_125' title='bbox 731 1592 982 1645; x_wconf 80' lang='grc' dir='ltr'>κοινωνία</span> <span class='ocrx_word' id='word_1_126' title='bbox 1019 1591 1126 1644; x_wconf 90' lang='grc' dir='ltr'><strong>τῶν</strong></span> <span class='ocrx_word' id='word_1_127' title='bbox 1173 1591 1517 1662; x_wconf 72' lang='grc' dir='ltr'>ἐπαχθέντων</span> <span class='ocrx_word' id='word_1_128' title='bbox 1557 1594 1692 1664; x_wconf 79' lang='grc' dir='ltr'>πρὸς</span> <span class='ocrx_word' id='word_1_129' title='bbox 1720 1593 1788 1647; x_wconf 86' lang='grc' dir='ltr'>τὰ</span> <span class='ocrx_word' id='word_1_130' title='bbox 1822 1611 1954 1664; x_wconf 83' lang='grc' dir='ltr'>προ-</span> 
     </span>
    </p>
   </div>
   <div class='ocr_carea' id='block_1_19' title="bbox 374 1690 614 1756">
    <p class='ocr_par' dir='ltr' id='par_1_19' title="bbox 374 1690 614 1756">
     <span class='ocr_line' id='line_1_19' title="bbox 374 1690 614 1756; baseline -0.013 -14"><span class='ocrx_word' id='word_1_131' title='bbox 374 1690 576 1756; x_wconf 85' lang='grc' dir='ltr'>άγοντα</span> <span class='ocrx_word' id='word_1_132' title='bbox 597 1702 614 1752; x_wconf 87' lang='grc'><strong>;</strong></span> 
     </span>
    </p>
   </div>
   <div class='ocr_carea' id='block_1_20' title="bbox 445 1867 1956 1941">
    <p class='ocr_par' dir='ltr' id='par_1_20' title="bbox 445 1867 1956 1941">
     <span class='ocr_line' id='line_1_20' title="bbox 445 1867 1956 1941; baseline 0.001 -21"><span class='ocrx_word' id='word_1_133' title='bbox 445 1867 686 1921; x_wconf 86' lang='grc' dir='ltr'>Δεδόσθω</span> <span class='ocrx_word' id='word_1_134' title='bbox 707 1867 763 1921; x_wconf 85' lang='grc' dir='ltr'><strong>δέ</strong></span> <span class='ocrx_word' id='word_1_135' title='bbox 793 1886 847 1920; x_wconf 87' lang='grc' dir='ltr'><strong>τι</strong></span> <span class='ocrx_word' id='word_1_136' title='bbox 871 1867 964 1921; x_wconf 78' lang='grc' dir='ltr'><strong>καὶ</strong></span> <span class='ocrx_word' id='word_1_137' title='bbox 987 1868 1162 1921; x_wconf 84' lang='grc' dir='ltr'>κοινὸν</span> <span class='ocrx_word' id='word_1_138' title='bbox 1190 1867 1333 1938; x_wconf 76' lang='grc' dir='ltr'>ἔχειν</span> <span class='ocrx_word' id='word_1_139' title='bbox 1364 1867 1536 1923; x_wconf 81' lang='grc' dir='ltr'>ταῦτα</span> <span class='ocrx_word' id='word_1_140' title='bbox 1567 1869 1700 1941; x_wconf 81' lang='grc' dir='ltr'>πρὸς</span> <span class='ocrx_word' id='word_1_141' title='bbox 1743 1869 1956 1923; x_wconf 66' lang='grc' dir='ltr'>ἀπόδειτ</span> 
     </span>
    </p>
   </div>
   <div class='ocr_carea' id='block_1_21' title="bbox 379 1959 1953 2032">
    <p class='ocr_par' dir='ltr' id='par_1_21' title="bbox 379 1959 1953 2032">
     <span class='ocr_line' id='line_1_21' title="bbox 379 1959 1953 2032; baseline -0.001 -18"><span class='ocrx_word' id='word_1_142' title='bbox 379 1962 458 2026; x_wconf 81' lang='grc' dir='ltr'><strong>ξιν</strong></span> <span class='ocrx_word' id='word_1_143' title='bbox 479 1961 578 2029; x_wconf 80' lang='grc' dir='ltr'>τῆς</span> <span class='ocrx_word' id='word_1_144' title='bbox 605 1961 712 2012; x_wconf 88' lang='grc' dir='ltr'><strong>τῶν</strong></span> <span class='ocrx_word' id='word_1_145' title='bbox 745 1959 942 2013; x_wconf 79' lang='grc' dir='ltr'>οὐσιῶν</span> <span class='ocrx_word' id='word_1_146' title='bbox 986 1961 1340 2030; x_wconf 83' lang='grc' dir='ltr'>παραλλαγῆς</span> <span class='ocrx_word' id='word_1_147' title='bbox 1365 1976 1381 1994; x_wconf 77' lang='grc'><strong>⁸</strong></span> <span class='ocrx_word' id='word_1_148' title='bbox 1415 1961 1587 2014; x_wconf 75' lang='grc' dir='ltr'>ταῦτα</span> <span class='ocrx_word' id='word_1_149' title='bbox 1623 1961 1733 2032; x_wconf 86' lang='grc' dir='ltr'>γὰρ</span> <span class='ocrx_word' id='word_1_150' title='bbox 1767 1961 1953 2014; x_wconf 56' lang='grc' dir='ltr'>ἐπιθυ.</span> 
     </span>
    </p>
   </div>
   <div class='ocr_carea' id='block_1_22' title="bbox 379 2045 1956 2122">
    <p class='ocr_par' dir='ltr' id='par_1_22' title="bbox 379 2045 1956 2122">
     <span class='ocr_line' id='line_1_22' title="bbox 379 2045 1956 2122; baseline -0.001 -17"><span class='ocrx_word' id='word_1_151' title='bbox 379 2056 470 2121; x_wconf 83' lang='grc' dir='ltr'>μεῖ</span> <span class='ocrx_word' id='word_1_152' title='bbox 490 2051 555 2104; x_wconf 84' lang='grc' dir='ltr'>δι’</span> <span class='ocrx_word' id='word_1_153' title='bbox 581 2045 654 2104; x_wconf 83' lang='grc' dir='ltr'>ὧν</span> <span class='ocrx_word' id='word_1_154' title='bbox 684 2051 832 2118; x_wconf 85' lang='grc' dir='ltr'>λέγει</span> <span class='ocrx_word' id='word_1_155' title='bbox 859 2051 1286 2114; x_wconf 79' lang='grc' dir='ltr'>κατασκευάζειν</span> <span class='ocrx_word' id='word_1_156' title='bbox 1311 2066 1324 2081; x_wconf 75' lang='grc'><strong>⁸</strong></span> <span class='ocrx_word' id='word_1_157' title='bbox 1350 2051 1483 2104; x_wconf 83' lang='grc' dir='ltr'>ἀλλὰ</span> <span class='ocrx_word' id='word_1_158' title='bbox 1504 2051 1571 2105; x_wconf 81' lang='grc' dir='ltr'>τὰ</span> <span class='ocrx_word' id='word_1_159' title='bbox 1604 2051 1803 2122; x_wconf 80' lang='grc' dir='ltr'>ἐφεξῆς</span> <span class='ocrx_word' id='word_1_160' title='bbox 1840 2050 1956 2114; x_wconf 88' lang='grc' dir='ltr'><strong>πῶς</strong></span> 
     </span>
    </p>
   </div>
   <div class='ocr_carea' id='block_1_23' title="bbox 378 2142 1952 2214">
    <p class='ocr_par' dir='ltr' id='par_1_23' title="bbox 378 2142 1952 2214">
     <span class='ocr_line' id='line_1_23' title="bbox 378 2142 1952 2214; baseline 0 -20"><span class='ocrx_word' id='word_1_161' title='bbox 378 2145 679 2214; x_wconf 75' lang='grc' dir='ltr'>συνήρτησε</span> <span class='ocrx_word' id='word_1_162' title='bbox 712 2145 822 2205; x_wconf 82' lang='grc' dir='ltr'>τοῖς</span> <span class='ocrx_word' id='word_1_163' title='bbox 847 2142 1176 2212; x_wconf 77' lang='grc' dir='ltr'>εἰρημένοις,</span> <span class='ocrx_word' id='word_1_164' title='bbox 1215 2142 1568 2214; x_wconf 60' lang='grc' dir='ltr'>ἀκούσωμεν]</span> <span class='ocrx_word' id='word_1_165' title='bbox 1593 2144 1773 2210; x_wconf 85' lang='grc' dir='ltr'>Ὀσῳ,</span> <span class='ocrx_word' id='word_1_166' title='bbox 1799 2143 1952 2214; x_wconf 77' lang='grc' dir='ltr'>φησὶ,</span> 
     </span>
    </p>
   </div>
   <div class='ocr_carea' id='block_1_24' title="bbox 375 2229 1952 2302">
    <p class='ocr_par' dir='ltr' id='par_1_24' title="bbox 375 2229 1952 2302">
     <span class='ocr_line' id='line_1_24' title="bbox 375 2229 1952 2302; baseline 0.001 -18"><span class='ocrx_word' id='word_1_167' title='bbox 375 2233 449 2286; x_wconf 81' lang='grc' dir='ltr'>τὰ</span> <span class='ocrx_word' id='word_1_168' title='bbox 497 2233 640 2301; x_wconf 75' lang='grc' dir='ltr'>ἔργα</span> <span class='ocrx_word' id='word_1_169' title='bbox 681 2229 798 2284; x_wconf 84' lang='grc' dir='ltr'>τῶν</span> <span class='ocrx_word' id='word_1_170' title='bbox 836 2232 1024 2299; x_wconf 74' lang='grc' dir='ltr'>ἔργων</span> <span class='ocrx_word' id='word_1_171' title='bbox 1064 2233 1437 2300; x_wconf 80' lang='grc' dir='ltr'>πρεσϐύτερα</span> <span class='ocrx_word' id='word_1_172' title='bbox 1478 2232 1576 2286; x_wconf 78' lang='grc' dir='ltr'>καὶ</span> <span class='ocrx_word' id='word_1_173' title='bbox 1628 2231 1952 2302; x_wconf 80' lang='grc' dir='ltr'>τιμιώτερα,</span> 
     </span>
    </p>
   </div>
   <div class='ocr_carea' id='block_1_25' title="bbox 379 2324 1957 2395">
    <p class='ocr_par' dir='ltr' id='par_1_25' title="bbox 379 2324 1957 2395">
     <span class='ocr_line' id='line_1_25' title="bbox 379 2324 1957 2395; baseline 0.001 -17"><span class='ocrx_word' id='word_1_174' title='bbox 379 2327 642 2390; x_wconf 84' lang='grc' dir='ltr'>τοσούτῳ</span> <span class='ocrx_word' id='word_1_175' title='bbox 669 2325 766 2380; x_wconf 77' lang='grc' dir='ltr'>καὶ</span> <span class='ocrx_word' id='word_1_176' title='bbox 810 2324 926 2391; x_wconf 77' lang='grc' dir='ltr'><strong>τὴν</strong></span> <span class='ocrx_word' id='word_1_177' title='bbox 952 2324 1254 2394; x_wconf 77' lang='grc' dir='ltr'>ἐνέργειαν</span> <span class='ocrx_word' id='word_1_178' title='bbox 1287 2324 1395 2392; x_wconf 82' lang='grc' dir='ltr'>τῆς</span> <span class='ocrx_word' id='word_1_179' title='bbox 1423 2326 1724 2395; x_wconf 75' lang='grc' dir='ltr'>ἐνεργείας</span> <span class='ocrx_word' id='word_1_180' title='bbox 1748 2326 1957 2380; x_wconf 78' lang='grc' dir='ltr'><strong>ἀναϐε-</strong></span> 
     </span>
    </p>
   </div>
   <div class='ocr_carea' id='block_1_26' title="bbox 377 2415 1958 2486">
    <p class='ocr_par' dir='ltr' id='par_1_26' title="bbox 377 2415 1958 2486">
     <span class='ocr_line' id='line_1_26' title="bbox 377 2415 1958 2486; baseline 0.001 -15"><span class='ocrx_word' id='word_1_181' title='bbox 377 2417 617 2484; x_wconf 74' lang='grc' dir='ltr'>ϐηκέναι</span> <span class='ocrx_word' id='word_1_182' title='bbox 639 2418 788 2486; x_wconf 66' lang='grc' dir='ltr'>φαίη</span> <span class='ocrx_word' id='word_1_183' title='bbox 810 2415 887 2469; x_wconf 81' lang='grc' dir='ltr'><em>ἄν</em></span> <span class='ocrx_word' id='word_1_184' title='bbox 904 2433 992 2480; x_wconf 77' lang='grc' dir='ltr'><strong>τις</strong></span> <span class='ocrx_word' id='word_1_185' title='bbox 1016 2416 1276 2481; x_wconf 84' lang='grc' dir='ltr'>εὐσεϐῶς</span> <span class='ocrx_word' id='word_1_186' title='bbox 1305 2415 1748 2486; x_wconf 81' lang='grc' dir='ltr'>διανοούμενος.</span> <span class='ocrx_word' id='word_1_187' title='bbox 1773 2418 1958 2472; x_wconf 80' lang='grc' dir='ltr'>Ταῦτα</span> 
     </span>
    </p>
   </div>
   <div class='ocr_carea' id='block_1_27' title="bbox 382 2506 1958 2579">
    <p class='ocr_par' dir='ltr' id='par_1_27' title="bbox 382 2506 1958 2579">
     <span class='ocr_line' id='line_1_27' title="bbox 382 2506 1958 2579; baseline -0.001 -18"><span class='ocrx_word' id='word_1_188' title='bbox 382 2511 480 2578; x_wconf 85' lang='grc' dir='ltr'><strong>μὲν</strong></span> <span class='ocrx_word' id='word_1_189' title='bbox 502 2509 549 2561; x_wconf 75' lang='grc' dir='ltr'>εἰ</span> <span class='ocrx_word' id='word_1_190' title='bbox 580 2507 677 2578; x_wconf 81' lang='grc' dir='ltr'><strong>μὲν</strong></span> <span class='ocrx_word' id='word_1_191' title='bbox 701 2508 827 2577; x_wconf 71' lang='grc' dir='ltr'>περὶ</span> <span class='ocrx_word' id='word_1_192' title='bbox 848 2507 956 2559; x_wconf 87' lang='grc' dir='ltr'><strong>τῶν</strong></span> <span class='ocrx_word' id='word_1_193' title='bbox 982 2506 1252 2576; x_wconf 82' lang='grc' dir='ltr'>αἰσθητῶν</span> <span class='ocrx_word' id='word_1_194' title='bbox 1275 2506 1443 2575; x_wconf 81' lang='grc' dir='ltr'>λέγει,</span> <span class='ocrx_word' id='word_1_195' title='bbox 1476 2508 1664 2578; x_wconf 75' lang='grc' dir='ltr'>πόρρω</span> <span class='ocrx_word' id='word_1_196' title='bbox 1691 2508 1795 2560; x_wconf 90' lang='grc' dir='ltr'><strong>τῶν</strong></span> <span class='ocrx_word' id='word_1_197' title='bbox 1827 2526 1958 2579; x_wconf 87' lang='grc' dir='ltr'>προ-</span> 
     </span>
    </p>
   </div>
   <div class='ocr_carea' id='block_1_28' title="bbox 377 2597 1958 2670">
    <p class='ocr_par' dir='ltr' id='par_1_28' title="bbox 377 2597 1958 2670">
     <span class='ocr_line' id='line_1_28' title="bbox 377 2597 1958 2670; baseline 0 -18"><span class='ocrx_word' id='word_1_198' title='bbox 377 2599 640 2652; x_wconf 81' lang='grc' dir='ltr'>τεθέντων</span> <span class='ocrx_word' id='word_1_199' title='bbox 675 2598 869 2652; x_wconf 71' lang='grc' dir='ltr'>ἐστὶνό</span> <span class='ocrx_word' id='word_1_200' title='bbox 897 2597 1086 2666; x_wconf 82' lang='grc' dir='ltr'>λόγος’</span> <span class='ocrx_word' id='word_1_201' title='bbox 1122 2597 1205 2661; x_wconf 90' lang='grc' dir='ltr'><strong>τίς</strong></span> <span class='ocrx_word' id='word_1_202' title='bbox 1243 2597 1351 2670; x_wconf 79' lang='grc' dir='ltr'>γὰρ</span> <span class='ocrx_word' id='word_1_203' title='bbox 1391 2600 1425 2669; x_wconf 79' lang='grc' dir='ltr'>ἡ</span> <span class='ocrx_word' id='word_1_204' title='bbox 1453 2599 1666 2670; x_wconf 80' lang='grc' dir='ltr'>ἀνάγκη</span> <span class='ocrx_word' id='word_1_205' title='bbox 1705 2599 1794 2653; x_wconf 83' lang='grc' dir='ltr'>τὸν</span> <span class='ocrx_word' id='word_1_206' title='bbox 1830 2602 1958 2670; x_wconf 81' lang='grc' dir='ltr'><strong>περὶ</strong></span> 
     </span>
    </p>
   </div>
   <div class='ocr_carea' id='block_1_29' title="bbox 377 2684 1958 2761">
    <p class='ocr_par' dir='ltr' id='par_1_29' title="bbox 377 2684 1958 2761">
     <span class='ocr_line' id='line_1_29' title="bbox 377 2684 1958 2761; baseline 0.001 -19"><span class='ocrx_word' id='word_1_207' title='bbox 377 2691 484 2745; x_wconf 88' lang='grc' dir='ltr'><strong>τῶν</strong></span> <span class='ocrx_word' id='word_1_208' title='bbox 513 2691 796 2760; x_wconf 81' lang='grc' dir='ltr'>δογμάτων</span> <span class='ocrx_word' id='word_1_209' title='bbox 824 2691 995 2742; x_wconf 85' lang='grc' dir='ltr'>εἰπεῖν</span> <span class='ocrx_word' id='word_1_210' title='bbox 1027 2706 1080 2742; x_wconf 92' lang='grc' dir='ltr'><strong>τι</strong></span> <span class='ocrx_word' id='word_1_211' title='bbox 1103 2684 1455 2760; x_wconf 83' lang='grc' dir='ltr'>προθέμενον,</span> <span class='ocrx_word' id='word_1_212' title='bbox 1485 2691 1611 2761; x_wconf 77' lang='grc' dir='ltr'>περὶ</span> <span class='ocrx_word' id='word_1_213' title='bbox 1635 2692 1730 2760; x_wconf 84' lang='grc' dir='ltr'>τῆς</span> <span class='ocrx_word' id='word_1_214' title='bbox 1754 2690 1958 2756; x_wconf 81' lang='grc' dir='ltr'>τάξεως</span> 
     </span>
    </p>
   </div>
   <div class='ocr_carea' id='block_1_30' title="bbox 377 2781 1956 2853">
    <p class='ocr_par' dir='ltr' id='par_1_30' title="bbox 377 2781 1956 2853">
     <span class='ocr_line' id='line_1_30' title="bbox 377 2781 1956 2853; baseline 0 -18"><span class='ocrx_word' id='word_1_215' title='bbox 377 2784 484 2835; x_wconf 86' lang='grc' dir='ltr'><strong>τῶν</strong></span> <span class='ocrx_word' id='word_1_216' title='bbox 513 2785 572 2835; x_wconf 84' lang='grc' dir='ltr'>ὲν</span> <span class='ocrx_word' id='word_1_217' title='bbox 600 2785 665 2853; x_wconf 81' lang='grc' dir='ltr'>τῇ</span> <span class='ocrx_word' id='word_1_218' title='bbox 702 2783 1029 2852; x_wconf 72' lang='grc' dir='ltr'>κοσμογονίᾳ</span> <span class='ocrx_word' id='word_1_219' title='bbox 1067 2781 1574 2853; x_wconf 81' lang='grc' dir='ltr'>δημιουργηθέντων</span> <span class='ocrx_word' id='word_1_220' title='bbox 1627 2785 1956 2852; x_wconf 63' lang='grc' dir='ltr'>φιλοσοφεῖν,</span> 
     </span>
    </p>
   </div>
   <div class='ocr_carea' id='block_1_31' title="bbox 379 2872 1956 2945">
    <p class='ocr_par' dir='ltr' id='par_1_31' title="bbox 379 2872 1956 2945">
     <span class='ocr_line' id='line_1_31' title="bbox 379 2872 1956 2945; baseline 0.022 -28"><span class='ocrx_word' id='word_1_221' title='bbox 379 2876 474 2930; x_wconf 66' lang='grc' dir='ltr'>καὶ</span> <span class='ocrx_word' id='word_1_222' title='bbox 500 2873 856 2943; x_wconf 75' lang='grc' dir='ltr'>ὑψηλοτέρας,</span> <span class='ocrx_word' id='word_1_223' title='bbox 907 2874 1000 2924; x_wconf 69' lang='grc' dir='ltr'><strong>καὶ</strong></span> <span class='ocrx_word' id='word_1_224' title='bbox 1063 2872 1353 2942; x_wconf 76' lang='grc' dir='ltr'>ὑφειμένοις</span> <span class='ocrx_word' id='word_1_225' title='bbox 1398 2875 1495 2937; x_wconf 83' lang='grc' dir='ltr'>τὰς</span> <span class='ocrx_word' id='word_1_226' title='bbox 1535 2875 1810 2945; x_wconf 76' lang='grc' dir='ltr'>ἐνεργείας</span> <span class='ocrx_word' id='word_1_227' title='bbox 1864 2875 1956 2928; x_wconf 66' lang='grc' dir='ltr'><strong>τοῦ</strong></span> 
     </span>
    </p>
   </div>
   <div class='ocr_carea' id='block_1_32' title="bbox 381 2964 1960 3034">
    <p class='ocr_par' dir='ltr' id='par_1_32' title="bbox 381 2964 1960 3034">
     <span class='ocr_line' id='line_1_32' title="bbox 381 2964 1960 3034; baseline 0 -16"><span class='ocrx_word' id='word_1_228' title='bbox 381 2967 667 3027; x_wconf 80' lang='grc' dir='ltr'>κτίσαντος</span> <span class='ocrx_word' id='word_1_229' title='bbox 717 2964 853 3034; x_wconf 84' lang='grc' dir='ltr'>πρὸς</span> <span class='ocrx_word' id='word_1_230' title='bbox 907 2964 1064 3032; x_wconf 91' lang='grc' dir='ltr'>λόγον</span> <span class='ocrx_word' id='word_1_231' title='bbox 1107 2965 1206 3034; x_wconf 79' lang='grc' dir='ltr'>τῆς</span> <span class='ocrx_word' id='word_1_232' title='bbox 1256 2965 1483 3018; x_wconf 80' lang='grc' dir='ltr'>ἑκάστου</span> <span class='ocrx_word' id='word_1_233' title='bbox 1520 2966 1628 3019; x_wconf 90' lang='grc' dir='ltr'><strong>τῶν</strong></span> <span class='ocrx_word' id='word_1_234' title='bbox 1661 2967 1960 3034; x_wconf 86' lang='grc' dir='ltr'>γεγονότων</span> 
     </span>
    </p>
   </div>
   <div class='ocr_carea' id='block_1_33' title="bbox 2053 491 3624 564">
    <p class='ocr_par' dir='ltr' id='par_1_33' title="bbox 2053 491 3624 564">
     <span class='ocr_line' id='line_1_33' title="bbox 2053 491 3624 564; baseline -0.002 -17"><span class='ocrx_word' id='word_1_235' title='bbox 2053 494 2158 550; x_wconf 90' lang='lat' dir='ltr'><strong>fert</strong></span> <span class='ocrx_word' id='word_1_236' title='bbox 2205 494 2565 564; x_wconf 83' lang='lat' dir='ltr'><strong>impietatem;</strong></span> <span class='ocrx_word' id='word_1_237' title='bbox 2621 493 3018 548; x_wconf 84' lang='lat' dir='ltr'><strong>connexionem</strong></span> <span class='ocrx_word' id='word_1_238' title='bbox 3053 507 3184 546; x_wconf 91' lang='lat' dir='ltr'><strong>vero</strong></span> <span class='ocrx_word' id='word_1_239' title='bbox 3234 491 3624 562; x_wconf 83' lang='lat' dir='ltr'><strong>disputationis</strong></span> 
     </span>
    </p>
   </div>
   <div class='ocr_carea' id='block_1_34' title="bbox 2051 583 3624 656">
    <p class='ocr_par' dir='ltr' id='par_1_34' title="bbox 2051 583 3624 656">
     <span class='ocr_line' id='line_1_34' title="bbox 2051 583 3624 656; baseline -0.003 -15"><span class='ocrx_word' id='word_1_240' title='bbox 2051 596 2104 641; x_wconf 89' lang='lat' dir='ltr'><strong>et</strong></span> <span class='ocrx_word' id='word_1_241' title='bbox 2141 586 2388 641; x_wconf 81' lang='lat' dir='ltr'><strong>ordinem</strong></span> <span class='ocrx_word' id='word_1_242' title='bbox 2421 585 2826 656; x_wconf 74' lang='lat' dir='ltr'><strong>probationum,</strong></span> <span class='ocrx_word' id='word_1_243' title='bbox 2859 583 2925 638; x_wconf 89' lang='lat' dir='ltr'><strong>ad</strong></span> <span class='ocrx_word' id='word_1_244' title='bbox 2957 585 3057 638; x_wconf 90' lang='lat' dir='ltr'><strong>hoc</strong></span> <span class='ocrx_word' id='word_1_245' title='bbox 3084 585 3263 654; x_wconf 90' lang='lat' dir='ltr'><strong>ipsum</strong></span> <span class='ocrx_word' id='word_1_246' title='bbox 3291 583 3624 638; x_wconf 86' lang='lat' dir='ltr'><strong>concluden-</strong></span> 
     </span>
    </p>
   </div>
   <div class='ocr_carea' id='block_1_35' title="bbox 2052 673 3627 742">
    <p class='ocr_par' dir='ltr' id='par_1_35' title="bbox 2052 673 3627 742">
     <span class='ocr_line' id='line_1_35' title="bbox 2052 673 3627 742; baseline -0.002 -12"><span class='ocrx_word' id='word_1_247' title='bbox 2052 676 2180 730; x_wconf 88' lang='lat' dir='ltr'><strong>dum</strong></span> <span class='ocrx_word' id='word_1_248' title='bbox 2231 683 2285 730; x_wconf 90' lang='lat' dir='ltr'><strong>et</strong></span> <span class='ocrx_word' id='word_1_249' title='bbox 2335 674 2846 738; x_wconf 88' lang='lat' dir='ltr'><strong>demonstrandum,</strong></span> <span class='ocrx_word' id='word_1_250' title='bbox 2895 675 2981 728; x_wconf 89' lang='lat' dir='ltr'><strong>aio</strong></span> <span class='ocrx_word' id='word_1_251' title='bbox 3031 689 3209 742; x_wconf 89' lang='lat' dir='ltr'><strong>neque</strong></span> <span class='ocrx_word' id='word_1_252' title='bbox 3252 673 3406 736; x_wconf 90' lang='lat' dir='ltr'><strong>mihi,</strong></span> <span class='ocrx_word' id='word_1_253' title='bbox 3450 688 3627 742; x_wconf 87' lang='lat' dir='ltr'><strong>neque</strong></span> 
     </span>
    </p>
   </div>
   <div class='ocr_carea' id='block_1_36' title="bbox 2053 764 3624 838">
    <p class='ocr_par' dir='ltr' id='par_1_36' title="bbox 2053 764 3624 838">
     <span class='ocr_line' id='line_1_36' title="bbox 2053 764 3624 838; baseline -0.003 -16"><span class='ocrx_word' id='word_1_254' title='bbox 2053 767 2307 823; x_wconf 79' lang='lat' dir='ltr'><strong>fortassis</strong></span> <span class='ocrx_word' id='word_1_255' title='bbox 2340 768 2444 838; x_wconf 89' lang='lat' dir='ltr'><strong>ipsi</strong></span> <span class='ocrx_word' id='word_1_256' title='bbox 2480 767 2776 838; x_wconf 84' lang='lat' dir='ltr'><strong>impietatis</strong></span> <span class='ocrx_word' id='word_1_257' title='bbox 2815 767 3026 836; x_wconf 90' lang='lat' dir='ltr'><strong>parenti</strong></span> <span class='ocrx_word' id='word_1_258' title='bbox 3065 768 3197 820; x_wconf 87' lang='lat' dir='ltr'><strong>satis</strong></span> <span class='ocrx_word' id='word_1_259' title='bbox 3225 767 3454 836; x_wconf 84' lang='lat' dir='ltr'><strong>liquere.</strong></span> <span class='ocrx_word' id='word_1_260' title='bbox 3487 764 3624 818; x_wconf 87' lang='lat' dir='ltr'><strong>Nam</strong></span> 
     </span>
    </p>
   </div>
   <div class='ocr_carea' id='block_1_37' title="bbox 2054 857 3624 928">
    <p class='ocr_par' dir='ltr' id='par_1_37' title="bbox 2054 857 3624 928">
     <span class='ocr_line' id='line_1_37' title="bbox 2054 857 3624 928; baseline -0.004 -12"><span class='ocrx_word' id='word_1_261' title='bbox 2054 863 2100 916; x_wconf 89' lang='lat' dir='ltr'><strong>si</strong></span> <span class='ocrx_word' id='word_1_262' title='bbox 2151 863 2225 915; x_wconf 84' lang='lat' dir='ltr'><strong>ita</strong></span> <span class='ocrx_word' id='word_1_263' title='bbox 2258 861 2326 916; x_wconf 93' lang='lat' dir='ltr'><strong>de</strong></span> <span class='ocrx_word' id='word_1_264' title='bbox 2371 861 2538 916; x_wconf 88' lang='lat' dir='ltr'><strong>rebus</strong></span> <span class='ocrx_word' id='word_1_265' title='bbox 2578 860 2780 915; x_wconf 85' lang='lat' dir='ltr'><strong>creatis</strong></span> <span class='ocrx_word' id='word_1_266' title='bbox 2813 859 3117 923; x_wconf 91' lang='lat' dir='ltr'><strong>statuisset,</strong></span> <span class='ocrx_word' id='word_1_267' title='bbox 3167 859 3367 914; x_wconf 77' lang='lat' dir='ltr'><strong>ctelum</strong></span> <span class='ocrx_word' id='word_1_268' title='bbox 3404 857 3624 928; x_wconf 87' lang='lat' dir='ltr'><strong>quidem</strong></span> 
     </span>
    </p>
   </div>
   <div class='ocr_carea' id='block_1_38' title="bbox 2053 947 3624 1025">
    <p class='ocr_par' dir='ltr' id='par_1_38' title="bbox 2053 947 3624 1025">
     <span class='ocr_line' id='line_1_38' title="bbox 2053 947 3624 1025; baseline -0.005 -18"><span class='ocrx_word' id='word_1_269' title='bbox 2053 967 2191 1024; x_wconf 88' lang='lat' dir='ltr'><strong>opus</strong></span> <span class='ocrx_word' id='word_1_270' title='bbox 2235 965 2359 1008; x_wconf 89' lang='lat' dir='ltr'><strong>esse</strong></span> <span class='ocrx_word' id='word_1_271' title='bbox 2385 966 2653 1020; x_wconf 86' lang='lat' dir='ltr'><strong>supremae</strong></span> <span class='ocrx_word' id='word_1_272' title='bbox 2683 950 2973 1025; x_wconf 84' lang='lat' dir='ltr'><strong>cujusdam</strong></span> <span class='ocrx_word' id='word_1_273' title='bbox 3008 948 3344 1019; x_wconf 86' lang='lat' dir='ltr'><strong>operationis</strong></span> <span class='ocrx_word' id='word_1_274' title='bbox 3367 987 3382 1012; x_wconf 96' lang='lat'><strong>,</strong></span> <span class='ocrx_word' id='word_1_275' title='bbox 3413 947 3624 1002; x_wconf 89' lang='lat' dir='ltr'><strong>stellam</strong></span> 
     </span>
    </p>
   </div>
   <div class='ocr_carea' id='block_1_39' title="bbox 2053 1041 3625 1115">
    <p class='ocr_par' dir='ltr' id='par_1_39' title="bbox 2053 1041 3625 1115">
     <span class='ocr_line' id='line_1_39' title="bbox 2053 1041 3625 1115; baseline -0.006 -15"><span class='ocrx_word' id='word_1_276' title='bbox 2053 1061 2182 1100; x_wconf 87' lang='lat' dir='ltr'><strong>vero</strong></span> <span class='ocrx_word' id='word_1_277' title='bbox 2211 1043 2546 1115; x_wconf 85' lang='lat' dir='ltr'><strong>operationis</strong></span> <span class='ocrx_word' id='word_1_278' title='bbox 2577 1043 2717 1113; x_wconf 82' lang='lat' dir='ltr'><strong>ejus,</strong></span> <span class='ocrx_word' id='word_1_279' title='bbox 2755 1059 2878 1114; x_wconf 75' lang='lat' dir='ltr'><strong>quae</strong></span> <span class='ocrx_word' id='word_1_280' title='bbox 2905 1051 3158 1096; x_wconf 90' lang='lat' dir='ltr'><strong>naturam</strong></span> <span class='ocrx_word' id='word_1_281' title='bbox 3184 1042 3310 1096; x_wconf 72' lang='lat' dir='ltr'><strong>cmli</strong></span> <span class='ocrx_word' id='word_1_282' title='bbox 3341 1041 3625 1110; x_wconf 88' lang='lat' dir='ltr'><strong>sequitur,</strong></span> 
     </span>
    </p>
   </div>
   <div class='ocr_carea' id='block_1_40' title="bbox 2054 1133 3623 1212">
    <p class='ocr_par' dir='ltr' id='par_1_40' title="bbox 2054 1133 3623 1212">
     <span class='ocr_line' id='line_1_40' title="bbox 2054 1133 3623 1212; baseline -0.004 -20"><span class='ocrx_word' id='word_1_283' title='bbox 2054 1138 2222 1208; x_wconf 85' lang='lat' dir='ltr'><strong>hujus</strong></span> <span class='ocrx_word' id='word_1_284' title='bbox 2263 1147 2446 1191; x_wconf 88' lang='lat' dir='ltr'><strong>autem</strong></span> <span class='ocrx_word' id='word_1_285' title='bbox 2489 1138 2768 1206; x_wconf 79' lang='lat' dir='ltr'><strong>angelum,</strong></span> <span class='ocrx_word' id='word_1_286' title='bbox 2791 1147 2846 1190; x_wconf 92' lang='lat' dir='ltr'><strong>et</strong></span> <span class='ocrx_word' id='word_1_287' title='bbox 2875 1135 3039 1204; x_wconf 88' lang='lat' dir='ltr'><strong>hujus</strong></span> <span class='ocrx_word' id='word_1_288' title='bbox 3067 1133 3345 1188; x_wconf 88' lang='lat' dir='ltr'><strong>hominem</strong></span> <span class='ocrx_word' id='word_1_289' title='bbox 3372 1152 3388 1188; x_wconf 85' lang='lat'>;</span> <span class='ocrx_word' id='word_1_290' title='bbox 3421 1133 3623 1212; x_wconf 86' lang='lat' dir='ltr'><strong>potuis-</strong></span> 
     </span>
    </p>
   </div>
   <div class='ocr_carea' id='block_1_41' title="bbox 2055 1226 3630 1299">
    <p class='ocr_par' dir='ltr' id='par_1_41' title="bbox 2055 1226 3630 1299">
     <span class='ocr_line' id='line_1_41' title="bbox 2055 1226 3630 1299; baseline -0.005 -13"><span class='ocrx_word' id='word_1_291' title='bbox 2055 1238 2138 1286; x_wconf 87' lang='lat' dir='ltr'><strong>set</strong></span> <span class='ocrx_word' id='word_1_292' title='bbox 2171 1231 2427 1286; x_wconf 80' lang='lat' dir='ltr'><strong>fortassis</strong></span> <span class='ocrx_word' id='word_1_293' title='bbox 2456 1230 2635 1285; x_wconf 84' lang='lat' dir='ltr'><strong>oratio</strong></span> <span class='ocrx_word' id='word_1_294' title='bbox 2657 1230 2778 1299; x_wconf 84' lang='lat' dir='ltr'><strong>ejus</strong></span> <span class='ocrx_word' id='word_1_295' title='bbox 2807 1228 3016 1299; x_wconf 88' lang='lat' dir='ltr'><strong>aliquid</strong></span> <span class='ocrx_word' id='word_1_296' title='bbox 3051 1228 3305 1282; x_wconf 81' lang='lat' dir='ltr'><strong>evincere</strong></span> <span class='ocrx_word' id='word_1_297' title='bbox 3337 1242 3434 1294; x_wconf 90' lang='lat' dir='ltr'><strong>per</strong></span> <span class='ocrx_word' id='word_1_298' title='bbox 3473 1226 3630 1281; x_wconf 85' lang='lat' dir='ltr'><strong>simi-</strong></span> 
     </span>
    </p>
   </div>
   <div class='ocr_carea' id='block_1_42' title="bbox 2054 1317 3627 1394">
    <p class='ocr_par' dir='ltr' id='par_1_42' title="bbox 2054 1317 3627 1394">
     <span class='ocr_line' id='line_1_42' title="bbox 2054 1317 3627 1394; baseline -0.005 -17"><span class='ocrx_word' id='word_1_299' title='bbox 2054 1325 2188 1378; x_wconf 89' lang='lat' dir='ltr'><strong>lium</strong></span> <span class='ocrx_word' id='word_1_300' title='bbox 2221 1324 2382 1378; x_wconf 88' lang='lat' dir='ltr'><strong>allata</strong></span> <span class='ocrx_word' id='word_1_301' title='bbox 2412 1330 2753 1394; x_wconf 83' lang='lat' dir='ltr'><strong>argumenta.</strong></span> <span class='ocrx_word' id='word_1_302' title='bbox 2803 1322 2859 1376; x_wconf 88' lang='lat' dir='ltr'><strong>Si</strong></span> <span class='ocrx_word' id='word_1_303' title='bbox 2901 1328 3080 1376; x_wconf 89' lang='lat' dir='ltr'><strong>autem</strong></span> <span class='ocrx_word' id='word_1_304' title='bbox 3123 1321 3237 1374; x_wconf 74' lang='lat' dir='ltr'><strong>haec</strong></span> <span class='ocrx_word' id='word_1_305' title='bbox 3264 1317 3448 1372; x_wconf 84' lang='lat' dir='ltr'><strong>omnia</strong></span> <span class='ocrx_word' id='word_1_306' title='bbox 3478 1317 3627 1386; x_wconf 86' lang='lat' dir='ltr'><strong>ipse-</strong></span> 
     </span>
    </p>
   </div>
   <div class='ocr_carea' id='block_1_43' title="bbox 2056 1411 3627 1480">
    <p class='ocr_par' dir='ltr' id='par_1_43' title="bbox 2056 1411 3627 1480">
     <span class='ocr_line' id='line_1_43' title="bbox 2056 1411 3627 1480; baseline -0.005 -12"><span class='ocrx_word' id='word_1_307' title='bbox 2056 1425 2166 1470; x_wconf 90' lang='lat' dir='ltr'><strong>met</strong></span> <span class='ocrx_word' id='word_1_308' title='bbox 2197 1415 2266 1469; x_wconf 87' lang='lat' dir='ltr'><strong>ab</strong></span> <span class='ocrx_word' id='word_1_309' title='bbox 2312 1430 2424 1470; x_wconf 85' lang='lat' dir='ltr'><strong>uno</strong></span> <span class='ocrx_word' id='word_1_310' title='bbox 2457 1413 2650 1470; x_wconf 78' lang='lat' dir='ltr'><strong>effecta</strong></span> <span class='ocrx_word' id='word_1_311' title='bbox 2681 1415 2884 1468; x_wconf 80' lang='lat' dir='ltr'><strong>fatetur</strong></span> <span class='ocrx_word' id='word_1_312' title='bbox 2908 1412 3038 1480; x_wconf 90' lang='lat' dir='ltr'><strong>(nisi</strong></span> <span class='ocrx_word' id='word_1_313' title='bbox 3077 1411 3303 1466; x_wconf 90' lang='lat' dir='ltr'><strong>omnino</strong></span> <span class='ocrx_word' id='word_1_314' title='bbox 3343 1423 3627 1464; x_wconf 87' lang='lat' dir='ltr'><strong>sacrarum</strong></span> 
     </span>
    </p>
   </div>
   <div class='ocr_carea' id='block_1_44' title="bbox 2055 1504 3628 1572">
    <p class='ocr_par' dir='ltr' id='par_1_44' title="bbox 2055 1504 3628 1572">
     <span class='ocr_line' id='line_1_44' title="bbox 2055 1504 3628 1572; baseline -0.003 -14"><span class='ocrx_word' id='word_1_315' title='bbox 2055 1504 2389 1561; x_wconf 84' lang='lat' dir='ltr'><strong>Litterarum</strong></span> <span class='ocrx_word' id='word_1_316' title='bbox 2435 1508 2680 1562; x_wconf 85' lang='lat' dir='ltr'><strong>oraculis</strong></span> <span class='ocrx_word' id='word_1_317' title='bbox 2719 1506 3102 1562; x_wconf 87' lang='lat' dir='ltr'><strong>contradicere</strong></span> <span class='ocrx_word' id='word_1_318' title='bbox 3134 1505 3307 1572; x_wconf 86' lang='lat' dir='ltr'><strong>velit),</strong></span> <span class='ocrx_word' id='word_1_319' title='bbox 3357 1509 3412 1556; x_wconf 91' lang='lat' dir='ltr'><strong>et</strong></span> <span class='ocrx_word' id='word_1_320' title='bbox 3446 1508 3628 1555; x_wconf 90' lang='lat' dir='ltr'><strong>tamen</strong></span> 
     </span>
    </p>
   </div>
   <div class='ocr_carea' id='block_1_45' title="bbox 2056 1593 3628 1667">
    <p class='ocr_par' dir='ltr' id='par_1_45' title="bbox 2056 1593 3628 1667">
     <span class='ocr_line' id='line_1_45' title="bbox 2056 1593 3628 1667; baseline -0.003 -17"><span class='ocrx_word' id='word_1_321' title='bbox 2056 1597 2367 1663; x_wconf 84' lang='lat' dir='ltr'><strong>effectionis</strong></span> <span class='ocrx_word' id='word_1_322' title='bbox 2395 1615 2578 1654; x_wconf 90' lang='lat' dir='ltr'><strong>rerum</strong></span> <span class='ocrx_word' id='word_1_323' title='bbox 2614 1600 2828 1654; x_wconf 87' lang='lat' dir='ltr'><strong>illarum</strong></span> <span class='ocrx_word' id='word_1_324' title='bbox 2876 1599 3042 1652; x_wconf 89' lang='lat' dir='ltr'><strong>alium</strong></span> <span class='ocrx_word' id='word_1_325' title='bbox 3072 1595 3364 1667; x_wconf 90' lang='lat' dir='ltr'><strong>quemdam</strong></span> <span class='ocrx_word' id='word_1_326' title='bbox 3403 1593 3628 1648; x_wconf 88' lang='lat' dir='ltr'><strong>modum</strong></span> 
     </span>
    </p>
   </div>
   <div class='ocr_carea' id='block_1_46' title="bbox 2059 1688 3629 1761">
    <p class='ocr_par' dir='ltr' id='par_1_46' title="bbox 2059 1688 3629 1761">
     <span class='ocr_line' id='line_1_46' title="bbox 2059 1688 3629 1761; baseline -0.002 -20"><span class='ocrx_word' id='word_1_327' title='bbox 2059 1689 2381 1753; x_wconf 80' lang='lat' dir='ltr'><strong>introducit,</strong></span> <span class='ocrx_word' id='word_1_328' title='bbox 2416 1707 2525 1745; x_wconf 91' lang='lat' dir='ltr'><strong>non</strong></span> <span class='ocrx_word' id='word_1_329' title='bbox 2565 1699 2790 1761; x_wconf 86' lang='lat' dir='ltr'><strong>apparet</strong></span> <span class='ocrx_word' id='word_1_330' title='bbox 2831 1688 3105 1761; x_wconf 87' lang='lat' dir='ltr'><strong>quomodo</strong></span> <span class='ocrx_word' id='word_1_331' title='bbox 3135 1689 3247 1742; x_wconf 75' lang='lat' dir='ltr'><strong>[nec</strong></span> <span class='ocrx_word' id='word_1_332' title='bbox 3273 1702 3396 1741; x_wconf 91' lang='lat' dir='ltr'><strong>cum</strong></span> <span class='ocrx_word' id='word_1_333' title='bbox 3427 1700 3629 1756; x_wconf 65' lang='lat' dir='ltr'><strong>prtere-</strong></span> 
     </span>
    </p>
   </div>
   <div class='ocr_carea' id='block_1_47' title="bbox 2057 1782 2684 1839">
    <p class='ocr_par' dir='ltr' id='par_1_47' title="bbox 2057 1782 2684 1839">
     <span class='ocr_line' id='line_1_47' title="bbox 2057 1782 2684 1839; baseline 0.003 -4"><span class='ocrx_word' id='word_1_334' title='bbox 2057 1782 2314 1836; x_wconf 86' lang='lat' dir='ltr'><strong>dentibus</strong></span> <span class='ocrx_word' id='word_1_335' title='bbox 2351 1784 2684 1839; x_wconf 64' lang='lat' dir='ltr'><strong>cohaereant.</strong></span> 
     </span>
    </p>
   </div>
   <div class='ocr_carea' id='block_1_48' title="bbox 2130 1872 3627 1946">
    <p class='ocr_par' dir='ltr' id='par_1_48' title="bbox 2130 1872 3627 1946">
     <span class='ocr_line' id='line_1_48' title="bbox 2130 1872 3627 1946; baseline -0.003 -18"><span class='ocrx_word' id='word_1_336' title='bbox 2130 1874 2236 1929; x_wconf 87' lang='lat' dir='ltr'><strong>Sed</strong></span> <span class='ocrx_word' id='word_1_337' title='bbox 2270 1875 2534 1930; x_wconf 83' lang='lat' dir='ltr'><strong>faciamus</strong></span> <span class='ocrx_word' id='word_1_338' title='bbox 2575 1876 2688 1929; x_wconf 70' lang='lat' dir='ltr'><strong>hrec</strong></span> <span class='ocrx_word' id='word_1_339' title='bbox 2722 1883 2847 1946; x_wconf 89' lang='lat' dir='ltr'><strong>apta</strong></span> <span class='ocrx_word' id='word_1_340' title='bbox 2877 1891 3011 1931; x_wconf 74' lang='lat' dir='ltr'><strong>esse</strong></span> <span class='ocrx_word' id='word_1_341' title='bbox 3049 1875 3116 1929; x_wconf 90' lang='lat' dir='ltr'><strong>ad</strong></span> <span class='ocrx_word' id='word_1_342' title='bbox 3149 1872 3627 1930; x_wconf 86' lang='lat' dir='ltr'><strong>demonstrandam</strong></span> 
     </span>
    </p>
   </div>
   <div class='ocr_carea' id='block_1_49' title="bbox 2055 1963 3630 2020">
    <p class='ocr_par' dir='ltr' id='par_1_49' title="bbox 2055 1963 3630 2020">
     <span class='ocr_line' id='line_1_49' title="bbox 2055 1963 3630 2020; baseline -0.001 -4"><span class='ocrx_word' id='word_1_343' title='bbox 2055 1963 2420 2018; x_wconf 80' lang='lat' dir='ltr'><strong>diversitatem</strong></span> <span class='ocrx_word' id='word_1_344' title='bbox 2474 1965 2948 2020; x_wconf 88' lang='lat' dir='ltr'><strong>substantiarum:</strong></span> <span class='ocrx_word' id='word_1_345' title='bbox 2994 1965 3096 2018; x_wconf 89' lang='lat' dir='ltr'><strong>hoc</strong></span> <span class='ocrx_word' id='word_1_346' title='bbox 3169 1965 3313 2018; x_wconf 87' lang='lat' dir='ltr'><strong>enim</strong></span> <span class='ocrx_word' id='word_1_347' title='bbox 3382 1964 3630 2018; x_wconf 86' lang='lat' dir='ltr'><strong>obtinere</strong></span> 
     </span>
    </p>
   </div>
   <div class='ocr_carea' id='block_1_50' title="bbox 2057 2053 3630 2126">
    <p class='ocr_par' dir='ltr' id='par_1_50' title="bbox 2057 2053 3630 2126">
     <span class='ocr_line' id='line_1_50' title="bbox 2057 2053 3630 2126; baseline 0 -18"><span class='ocrx_word' id='word_1_348' title='bbox 2057 2053 2247 2123; x_wconf 90' lang='lat' dir='ltr'><strong>cupit:</strong></span> <span class='ocrx_word' id='word_1_349' title='bbox 2298 2063 2535 2109; x_wconf 86' lang='lat' dir='ltr'><strong>attamen</strong></span> <span class='ocrx_word' id='word_1_350' title='bbox 2595 2056 2866 2126; x_wconf 90' lang='lat' dir='ltr'><strong>quomodo</strong></span> <span class='ocrx_word' id='word_1_351' title='bbox 2900 2072 3019 2125; x_wconf 62' lang='lat' dir='ltr'><strong>qum</strong></span> <span class='ocrx_word' id='word_1_352' title='bbox 3054 2063 3357 2125; x_wconf 90' lang='lat' dir='ltr'><strong>sequuntur</strong></span> <span class='ocrx_word' id='word_1_353' title='bbox 3395 2070 3516 2108; x_wconf 90' lang='lat' dir='ltr'><strong>cum</strong></span> <span class='ocrx_word' id='word_1_354' title='bbox 3562 2053 3630 2108; x_wconf 90' lang='lat' dir='ltr'><strong>iis</strong></span> 
     </span>
    </p>
   </div>
   <div class='ocr_carea' id='block_1_51' title="bbox 2058 2143 3626 2212">
    <p class='ocr_par' dir='ltr' id='par_1_51' title="bbox 2058 2143 3626 2212">
     <span class='ocr_line' id='line_1_51' title="bbox 2058 2143 3626 2212; baseline 0.001 -18"><span class='ocrx_word' id='word_1_355' title='bbox 2058 2156 2177 2211; x_wconf 59' lang='lat' dir='ltr'><strong>qua}</strong></span> <span class='ocrx_word' id='word_1_356' title='bbox 2241 2158 2404 2212; x_wconf 88' lang='lat' dir='ltr'><strong>supra</strong></span> <span class='ocrx_word' id='word_1_357' title='bbox 2461 2143 2748 2208; x_wconf 84' lang='lat' dir='ltr'><strong>disseruit,</strong></span> <span class='ocrx_word' id='word_1_358' title='bbox 2801 2160 3047 2199; x_wconf 80' lang='lat' dir='ltr'><strong>connexa</strong></span> <span class='ocrx_word' id='word_1_359' title='bbox 3099 2146 3251 2208; x_wconf 90' lang='lat' dir='ltr'><strong>sint,</strong></span> <span class='ocrx_word' id='word_1_360' title='bbox 3319 2145 3626 2198; x_wconf 86' lang='lat' dir='ltr'><strong>audiamus.</strong></span> 
     </span>
    </p>
   </div>
   <div class='ocr_carea' id='block_1_52' title="bbox 2059 2233 3631 2306">
    <p class='ocr_par' dir='ltr' id='par_1_52' title="bbox 2059 2233 3631 2306">
     <span class='ocr_line' id='line_1_52' title="bbox 2059 2233 3631 2306; baseline 0.001 -22"><span class='ocrx_word' id='word_1_361' title='bbox 2059 2233 2269 2298; x_wconf 82' lang='lat' dir='ltr'><strong>Quanto</strong></span> <span class='ocrx_word' id='word_1_362' title='bbox 2297 2235 2457 2303; x_wconf 81' lang='lat' dir='ltr'><strong>igitur</strong></span> <span class='ocrx_word' id='word_1_363' title='bbox 2496 2249 2653 2301; x_wconf 84' lang='lat' dir='ltr'><strong>opera</strong></span> <span class='ocrx_word' id='word_1_364' title='bbox 2705 2235 2943 2303; x_wconf 83' lang='lat' dir='ltr'><strong>operibus</strong></span> <span class='ocrx_word' id='word_1_365' title='bbox 2975 2235 3218 2305; x_wconf 83' lang='lat' dir='ltr'><strong>digniora</strong></span> <span class='ocrx_word' id='word_1_366' title='bbox 3273 2245 3322 2289; x_wconf 83' lang='lat' dir='ltr'><strong>et</strong></span> <span class='ocrx_word' id='word_1_367' title='bbox 3368 2244 3631 2306; x_wconf 65' lang='lat' dir='ltr'><strong>praestau-</strong></span> 
     </span>
    </p>
   </div>
   <div class='ocr_carea' id='block_1_53' title="bbox 2058 2324 3630 2392">
    <p class='ocr_par' dir='ltr' id='par_1_53' title="bbox 2058 2324 3630 2392">
     <span class='ocr_line' id='line_1_53' title="bbox 2058 2324 3630 2392; baseline -0.001 -16"><span class='ocrx_word' id='word_1_368' title='bbox 2058 2326 2195 2378; x_wconf 87' lang='lat' dir='ltr'><strong>tiora</strong></span> <span class='ocrx_word' id='word_1_369' title='bbox 2233 2334 2376 2388; x_wconf 80' lang='lat' dir='ltr'><strong>sunt,</strong></span> <span class='ocrx_word' id='word_1_370' title='bbox 2413 2334 2559 2377; x_wconf 86' lang='lat' dir='ltr'><strong>tanto</strong></span> <span class='ocrx_word' id='word_1_371' title='bbox 2613 2325 2772 2378; x_wconf 87' lang='lat' dir='ltr'><strong>etiam</strong></span> <span class='ocrx_word' id='word_1_372' title='bbox 2819 2326 3174 2391; x_wconf 77' lang='lat' dir='ltr'><strong>operationem</strong></span> <span class='ocrx_word' id='word_1_373' title='bbox 3212 2324 3278 2378; x_wconf 85' lang='lat' dir='ltr'><strong>ab</strong></span> <span class='ocrx_word' id='word_1_374' title='bbox 3331 2325 3630 2392; x_wconf 80' lang='lat' dir='ltr'><strong>operatione</strong></span> 
     </span>
    </p>
   </div>
   <div class='ocr_carea' id='block_1_54' title="bbox 2057 2416 3628 2487">
    <p class='ocr_par' dir='ltr' id='par_1_54' title="bbox 2057 2416 3628 2487">
     <span class='ocr_line' id='line_1_54' title="bbox 2057 2416 3628 2487; baseline 0.001 -17"><span class='ocrx_word' id='word_1_375' title='bbox 2057 2419 2294 2484; x_wconf 77' lang='lat' dir='ltr'><strong>superari</strong></span> <span class='ocrx_word' id='word_1_376' title='bbox 2315 2418 2483 2470; x_wconf 83' lang='lat' dir='ltr'><strong>omnis</strong></span> <span class='ocrx_word' id='word_1_377' title='bbox 2511 2417 2601 2470; x_wconf 79' lang='lat' dir='ltr'><strong>ille</strong></span> <span class='ocrx_word' id='word_1_378' title='bbox 2623 2434 2726 2470; x_wconf 83' lang='lat' dir='ltr'><strong>non</strong></span> <span class='ocrx_word' id='word_1_379' title='bbox 2754 2426 2966 2486; x_wconf 85' lang='lat' dir='ltr'><strong>gravate</strong></span> <span class='ocrx_word' id='word_1_380' title='bbox 2995 2416 3165 2482; x_wconf 84' lang='lat' dir='ltr'><strong>dabit,</strong></span> <span class='ocrx_word' id='word_1_381' title='bbox 3195 2417 3284 2486; x_wconf 86' lang='lat' dir='ltr'><strong>qui</strong></span> <span class='ocrx_word' id='word_1_382' title='bbox 3315 2419 3400 2487; x_wconf 87' lang='lat' dir='ltr'><strong>pie</strong></span> <span class='ocrx_word' id='word_1_383' title='bbox 3447 2417 3510 2470; x_wconf 92' lang='lat' dir='ltr'><strong>de</strong></span> <span class='ocrx_word' id='word_1_384' title='bbox 3547 2417 3628 2471; x_wconf 74' lang='lat' dir='ltr'><strong>liis</strong></span> 
     </span>
    </p>
   </div>
   <div class='ocr_carea' id='block_1_55' title="bbox 2059 2509 3629 2578">
    <p class='ocr_par' dir='ltr' id='par_1_55' title="bbox 2059 2509 3629 2578">
     <span class='ocr_line' id='line_1_55' title="bbox 2059 2509 3629 2578; baseline 0 -17"><span class='ocrx_word' id='word_1_385' title='bbox 2059 2509 2398 2578; x_wconf 81' lang='lat' dir='ltr'><strong>cogitaverit:</strong></span> <span class='ocrx_word' id='word_1_386' title='bbox 2435 2509 2546 2562; x_wconf 65' lang='lat' dir='ltr'><strong>haec</strong></span> <span class='ocrx_word' id='word_1_387' title='bbox 2580 2509 2723 2562; x_wconf 89' lang='lat' dir='ltr'><strong>enim</strong></span> <span class='ocrx_word' id='word_1_388' title='bbox 2775 2509 2819 2562; x_wconf 89' lang='lat' dir='ltr'><strong>si</strong></span> <span class='ocrx_word' id='word_1_389' title='bbox 2851 2509 2918 2562; x_wconf 91' lang='lat' dir='ltr'><strong>de</strong></span> <span class='ocrx_word' id='word_1_390' title='bbox 2959 2510 3123 2563; x_wconf 90' lang='lat' dir='ltr'><strong>rebus</strong></span> <span class='ocrx_word' id='word_1_391' title='bbox 3155 2509 3256 2562; x_wconf 89' lang='lat' dir='ltr'><strong>sub</strong></span> <span class='ocrx_word' id='word_1_392' title='bbox 3292 2523 3510 2563; x_wconf 87' lang='lat' dir='ltr'><strong>sensum</strong></span> <span class='ocrx_word' id='word_1_393' title='bbox 3540 2524 3629 2562; x_wconf 86' lang='lat' dir='ltr'><strong>ca-</strong></span> 
     </span>
    </p>
   </div>
   <div class='ocr_carea' id='block_1_56' title="bbox 2059 2601 3627 2672">
    <p class='ocr_par' dir='ltr' id='par_1_56' title="bbox 2059 2601 3627 2672">
     <span class='ocr_line' id='line_1_56' title="bbox 2059 2601 3627 2672; baseline 0.001 -18"><span class='ocrx_word' id='word_1_394' title='bbox 2059 2601 2313 2656; x_wconf 88' lang='lat' dir='ltr'><strong>dentibus</strong></span> <span class='ocrx_word' id='word_1_395' title='bbox 2334 2601 2550 2662; x_wconf 87' lang='lat' dir='ltr'><strong>asserit,</strong></span> <span class='ocrx_word' id='word_1_396' title='bbox 2587 2601 2745 2670; x_wconf 82' lang='lat' dir='ltr'><strong>longe</strong></span> <span class='ocrx_word' id='word_1_397' title='bbox 2799 2616 2828 2654; x_wconf 89' lang='lat' dir='ltr'><strong>a</strong></span> <span class='ocrx_word' id='word_1_398' title='bbox 2860 2601 3143 2672; x_wconf 90' lang='lat' dir='ltr'><strong>proposito</strong></span> <span class='ocrx_word' id='word_1_399' title='bbox 3173 2601 3390 2654; x_wconf 87' lang='lat' dir='ltr'><strong>aberrat</strong></span> <span class='ocrx_word' id='word_1_400' title='bbox 3413 2602 3627 2667; x_wconf 85' lang='lat' dir='ltr'><strong>oratio;</strong></span> 
     </span>
    </p>
   </div>
   <div class='ocr_carea' id='block_1_57' title="bbox 2059 2693 3630 2762">
    <p class='ocr_par' dir='ltr' id='par_1_57' title="bbox 2059 2693 3630 2762">
     <span class='ocr_line' id='line_1_57' title="bbox 2059 2693 3630 2762; baseline -0.001 -16"><span class='ocrx_word' id='word_1_401' title='bbox 2059 2710 2184 2747; x_wconf 84' lang='lat' dir='ltr'><strong>nam</strong></span> <span class='ocrx_word' id='word_1_402' title='bbox 2217 2709 2336 2762; x_wconf 76' lang='lat' dir='ltr'><strong>quae</strong></span> <span class='ocrx_word' id='word_1_403' title='bbox 2383 2693 2684 2747; x_wconf 85' lang='lat' dir='ltr'><strong>necessitas</strong></span> <span class='ocrx_word' id='word_1_404' title='bbox 2727 2695 2872 2761; x_wconf 81' lang='lat' dir='ltr'><strong>cogit</strong></span> <span class='ocrx_word' id='word_1_405' title='bbox 2930 2694 3080 2746; x_wconf 77' lang='lat' dir='ltr'><strong>illum</strong></span> <span class='ocrx_word' id='word_1_406' title='bbox 3139 2694 3231 2762; x_wconf 92' lang='lat' dir='ltr'><strong>qui</strong></span> <span class='ocrx_word' id='word_1_407' title='bbox 3283 2694 3349 2747; x_wconf 91' lang='lat' dir='ltr'><strong>de</strong></span> <span class='ocrx_word' id='word_1_408' title='bbox 3381 2693 3630 2746; x_wconf 84' lang='lat' dir='ltr'><strong>doctrina</strong></span> 
     </span>
    </p>
   </div>
   <div class='ocr_carea' id='block_1_58' title="bbox 2062 2781 3632 2852">
    <p class='ocr_par' dir='ltr' id='par_1_58' title="bbox 2062 2781 3632 2852">
     <span class='ocr_line' id='line_1_58' title="bbox 2062 2781 3632 2852; baseline 0.001 -17"><span class='ocrx_word' id='word_1_409' title='bbox 2062 2781 2180 2835; x_wconf 87' lang='lat' dir='ltr'><strong>ﬁdei</strong></span> <span class='ocrx_word' id='word_1_410' title='bbox 2211 2781 2489 2850; x_wconf 83' lang='lat' dir='ltr'><strong>disputare</strong></span> <span class='ocrx_word' id='word_1_411' title='bbox 2521 2781 2845 2850; x_wconf 82' lang='lat' dir='ltr'><strong>ingreditur,</strong></span> <span class='ocrx_word' id='word_1_412' title='bbox 2880 2781 3152 2836; x_wconf 88' lang='lat' dir='ltr'><strong>disserere</strong></span> <span class='ocrx_word' id='word_1_413' title='bbox 3187 2782 3253 2837; x_wconf 90' lang='lat' dir='ltr'><strong>de</strong></span> <span class='ocrx_word' id='word_1_414' title='bbox 3282 2782 3490 2846; x_wconf 89' lang='lat' dir='ltr'><strong>ordine,</strong></span> <span class='ocrx_word' id='word_1_415' title='bbox 3521 2798 3632 2852; x_wconf 88' lang='lat' dir='ltr'><strong>quo</strong></span> 
     </span>
    </p>
   </div>
   <div class='ocr_carea' id='block_1_59' title="bbox 2061 2872 3633 2944">
    <p class='ocr_par' dir='ltr' id='par_1_59' title="bbox 2061 2872 3633 2944">
     <span class='ocr_line' id='line_1_59' title="bbox 2061 2872 3633 2944; baseline 0 -16"><span class='ocrx_word' id='word_1_416' title='bbox 2061 2889 2150 2928; x_wconf 89' lang='lat' dir='ltr'><strong>res</strong></span> <span class='ocrx_word' id='word_1_417' title='bbox 2205 2874 2360 2926; x_wconf 92' lang='lat' dir='ltr'><strong>initio</strong></span> <span class='ocrx_word' id='word_1_418' title='bbox 2403 2874 2588 2927; x_wconf 90' lang='lat' dir='ltr'><strong>mundi</strong></span> <span class='ocrx_word' id='word_1_419' title='bbox 2649 2872 2852 2929; x_wconf 81' lang='lat' dir='ltr'><strong>fuerint</strong></span> <span class='ocrx_word' id='word_1_420' title='bbox 2901 2873 3211 2942; x_wconf 72' lang='lat' dir='ltr'><strong>dispositte,</strong></span> <span class='ocrx_word' id='word_1_421' title='bbox 3245 2873 3633 2944; x_wconf 85' lang='lat' dir='ltr'><strong>Creatorisque</strong></span> 
     </span>
    </p>
   </div>
   <div class='ocr_carea' id='block_1_60' title="bbox 2063 2963 3633 3034">
    <p class='ocr_par' dir='ltr' id='par_1_60' title="bbox 2063 2963 3633 3034">
     <span class='ocr_line' id='line_1_60' title="bbox 2063 2963 3633 3034; baseline 0.002 -17"><span class='ocrx_word' id='word_1_422' title='bbox 2063 2965 2407 3034; x_wconf 86' lang='lat' dir='ltr'><strong>operationes</strong></span> <span class='ocrx_word' id='word_1_423' title='bbox 2439 2965 2751 3032; x_wconf 87' lang='lat' dir='ltr'><strong>superiores</strong></span> <span class='ocrx_word' id='word_1_424' title='bbox 2779 2973 2832 3018; x_wconf 88' lang='lat' dir='ltr'><strong>et</strong></span> <span class='ocrx_word' id='word_1_425' title='bbox 2853 2964 3144 3020; x_wconf 89' lang='lat' dir='ltr'><strong>inferiores</strong></span> <span class='ocrx_word' id='word_1_426' title='bbox 3187 2963 3355 3020; x_wconf 86' lang='lat' dir='ltr'><strong>fuisse</strong></span> <span class='ocrx_word' id='word_1_427' title='bbox 3385 2981 3633 3020; x_wconf 88' lang='lat' dir='ltr'><strong>asserere</strong></span> 
     </span>
    </p>
   </div>
   <div class='ocr_carea' id='block_1_61' title="bbox 385 3051 1957 3138">
    <p class='ocr_par' dir='ltr' id='par_1_61' title="bbox 385 3051 1957 3128">
     <span class='ocr_line' id='line_1_61' title="bbox 385 3051 1957 3128; baseline 0 -20"><span class='ocrx_word' id='word_1_428' title='bbox 385 3055 739 3125; x_wconf 79' lang='grc' dir='ltr'>πηλικότητος</span> <span class='ocrx_word' id='word_1_429' title='bbox 761 3051 898 3107; x_wconf 79' lang='grc' dir='ltr'>εἶναι</span> <span class='ocrx_word' id='word_1_430' title='bbox 930 3054 1383 3126; x_wconf 73' lang='grc' dir='ltr'>διισχυρίζεσθαις</span> <span class='ocrx_word' id='word_1_431' title='bbox 1410 3056 1472 3109; x_wconf 86' lang='grc' dir='ltr'><strong>Εἰ</strong></span> <span class='ocrx_word' id='word_1_432' title='bbox 1501 3055 1557 3109; x_wconf 83' lang='grc' dir='ltr'><strong>δὲ</strong></span> <span class='ocrx_word' id='word_1_433' title='bbox 1580 3057 1708 3128; x_wconf 76' lang='grc' dir='ltr'>περὶ</span> <span class='ocrx_word' id='word_1_434' title='bbox 1737 3058 1957 3109; x_wconf 80' lang='grc' dir='ltr'>ἐκείνων</span> 
     </span>
    </p>
   </div>
   <div class='ocr_carea' id='block_1_62' title="bbox 2060 3051 3632 3138">
    <p class='ocr_par' dir='ltr' id='par_1_62' title="bbox 2063 3057 3632 3126">
     <span class='ocr_line' id='line_1_62' title="bbox 2063 3057 3632 3126; baseline 0.003 -17"><span class='ocrx_word' id='word_1_435' title='bbox 2063 3071 2160 3126; x_wconf 86' lang='lat' dir='ltr'><strong>pro</strong></span> <span class='ocrx_word' id='word_1_436' title='bbox 2191 3057 2522 3126; x_wconf 81' lang='lat' dir='ltr'><strong>perfectione</strong></span> <span class='ocrx_word' id='word_1_437' title='bbox 2577 3057 2834 3110; x_wconf 88' lang='lat' dir='ltr'><strong>nimirum</strong></span> <span class='ocrx_word' id='word_1_438' title='bbox 2879 3074 3056 3112; x_wconf 90' lang='lat' dir='ltr'><strong>rerum</strong></span> <span class='ocrx_word' id='word_1_439' title='bbox 3086 3061 3434 3114; x_wconf 83' lang='lat' dir='ltr'><strong>creatarum?</strong></span> <span class='ocrx_word' id='word_1_440' title='bbox 3476 3059 3632 3125; x_wconf 87' lang='lat' dir='ltr'><strong>Quod</strong></span> 
     </span>
    </p>
   </div>
   <div class='ocr_carea' id='block_1_63' title="bbox 381 3147 1962 3220">
    <p class='ocr_par' dir='ltr' id='par_1_63' title="bbox 381 3147 1962 3220">
     <span class='ocr_line' id='line_1_63' title="bbox 381 3147 1962 3220; baseline 0.001 -20"><span class='ocrx_word' id='word_1_441' title='bbox 381 3151 615 3200; x_wconf 84' lang='grc' dir='ltr'>ποιεῖται</span> <span class='ocrx_word' id='word_1_442' title='bbox 647 3148 737 3200; x_wconf 74' lang='grc' dir='ltr'>τὸν</span> <span class='ocrx_word' id='word_1_443' title='bbox 777 3147 954 3215; x_wconf 87' lang='grc' dir='ltr'>λόγον,</span> <span class='ocrx_word' id='word_1_444' title='bbox 994 3149 1086 3199; x_wconf 74' lang='grc' dir='ltr'><strong>καὶ</strong></span> <span class='ocrx_word' id='word_1_445' title='bbox 1139 3147 1277 3217; x_wconf 79' lang='grc' dir='ltr'>ἔργα</span> <span class='ocrx_word' id='word_1_446' title='bbox 1314 3147 1490 3216; x_wconf 79' lang='grc' dir='ltr'>ἔργων</span> <span class='ocrx_word' id='word_1_447' title='bbox 1531 3148 1876 3220; x_wconf 79' lang='grc' dir='ltr'>πρεσϐύτερά</span> <span class='ocrx_word' id='word_1_448' title='bbox 1903 3167 1962 3202; x_wconf 87' lang='grc' dir='ltr'><strong>τε</strong></span> 
     </span>
    </p>
   </div>
   <div class='ocr_carea' id='block_1_64' title="bbox 379 3236 1960 3311">
    <p class='ocr_par' dir='ltr' id='par_1_64' title="bbox 379 3236 1960 3311">
     <span class='ocr_line' id='line_1_64' title="bbox 379 3236 1960 3311; baseline 0.004 -25"><span class='ocrx_word' id='word_1_449' title='bbox 379 3239 475 3291; x_wconf 73' lang='grc' dir='ltr'>,καὶ</span> <span class='ocrx_word' id='word_1_450' title='bbox 533 3236 831 3308; x_wconf 79' lang='grc' dir='ltr'>τιμιώτερα</span> <span class='ocrx_word' id='word_1_451' title='bbox 881 3237 1026 3306; x_wconf 84' lang='grc' dir='ltr'>λέγει</span> <span class='ocrx_word' id='word_1_452' title='bbox 1065 3237 1132 3289; x_wconf 80' lang='grc' dir='ltr'><strong>τὰ</strong></span> <span class='ocrx_word' id='word_1_453' title='bbox 1161 3237 1557 3293; x_wconf 84' lang='grc' dir='ltr'>διαπλασθέντα</span> <span class='ocrx_word' id='word_1_454' title='bbox 1607 3242 1735 3311; x_wconf 84' lang='grc' dir='ltr'>παρ’</span> <span class='ocrx_word' id='word_1_455' title='bbox 1770 3240 1960 3305; x_wconf 80' lang='grc' dir='ltr'>αὑτοῦ,</span> 
     </span>
    </p>
   </div>
   <div class='ocr_carea' id='block_1_65' title="bbox 385 3329 1963 3402">
    <p class='ocr_par' dir='ltr' id='par_1_65' title="bbox 385 3329 1963 3402">
     <span class='ocr_line' id='line_1_65' title="bbox 385 3329 1963 3402; baseline 0.001 -20"><span class='ocrx_word' id='word_1_456' title='bbox 385 3330 477 3383; x_wconf 73' lang='grc' dir='ltr'>νῦν</span> <span class='ocrx_word' id='word_1_457' title='bbox 508 3331 563 3381; x_wconf 82' lang='grc' dir='ltr'>ὲν</span> <span class='ocrx_word' id='word_1_458' title='bbox 585 3329 662 3400; x_wconf 81' lang='grc' dir='ltr'>τῷ</span> <span class='ocrx_word' id='word_1_459' title='bbox 683 3329 930 3398; x_wconf 77' lang='grc' dir='ltr'>δόγματι,</span> <span class='ocrx_word' id='word_1_460' title='bbox 950 3329 1093 3381; x_wconf 81' lang='grc' dir='ltr'>τοῦτ’</span> <span class='ocrx_word' id='word_1_461' title='bbox 1117 3329 1229 3382; x_wconf 76' lang='grc' dir='ltr'>ἐστι</span> <span class='ocrx_word' id='word_1_462' title='bbox 1253 3331 1345 3383; x_wconf 83' lang='grc' dir='ltr'><strong>τὸν</strong></span> <span class='ocrx_word' id='word_1_463' title='bbox 1366 3330 1515 3396; x_wconf 86' lang='grc' dir='ltr'>Υίὸν,</span> <span class='ocrx_word' id='word_1_464' title='bbox 1542 3332 1635 3384; x_wconf 77' lang='grc' dir='ltr'>καὶ</span> <span class='ocrx_word' id='word_1_465' title='bbox 1665 3331 1725 3384; x_wconf 77' lang='grc' dir='ltr'><strong>τὸ</strong></span> <span class='ocrx_word' id='word_1_466' title='bbox 1741 3332 1963 3402; x_wconf 78' lang='grc' dir='ltr'>Πνεῦμα</span> 
     </span>
    </p>
   </div>
   <div class='ocr_carea' id='block_1_66' title="bbox 384 3419 1963 3492">
    <p class='ocr_par' dir='ltr' id='par_1_66' title="bbox 384 3419 1963 3492">
     <span class='ocr_line' id='line_1_66' title="bbox 384 3419 1963 3492; baseline 0.003 -19"><span class='ocrx_word' id='word_1_467' title='bbox 384 3422 445 3473; x_wconf 75' lang='grc' dir='ltr'><strong>τὸ</strong></span> <span class='ocrx_word' id='word_1_468' title='bbox 476 3421 649 3488; x_wconf 75' lang='grc' dir='ltr'>ἅγιον,</span> <span class='ocrx_word' id='word_1_469' title='bbox 680 3420 821 3490; x_wconf 84' lang='grc' dir='ltr'>τάχα</span> <span class='ocrx_word' id='word_1_470' title='bbox 853 3419 1030 3483; x_wconf 87' lang='grc' dir='ltr'>καλῶς</span> <span class='ocrx_word' id='word_1_471' title='bbox 1074 3420 1206 3490; x_wconf 80' lang='grc' dir='ltr'>ἔχει,</span> <span class='ocrx_word' id='word_1_472' title='bbox 1252 3425 1429 3492; x_wconf 79' lang='grc' dir='ltr'>σιωπῇ</span> <span class='ocrx_word' id='word_1_473' title='bbox 1462 3422 1660 3492; x_wconf 86' lang='grc' dir='ltr'>μᾶλλον</span> <span class='ocrx_word' id='word_1_474' title='bbox 1699 3425 1790 3476; x_wconf 82' lang='grc' dir='ltr'><strong>τὸν</strong></span> <span class='ocrx_word' id='word_1_475' title='bbox 1810 3424 1963 3492; x_wconf 86' lang='grc' dir='ltr'>λόγον</span> 
     </span>
    </p>
   </div>
   <div class='ocr_carea' id='block_1_67' title="bbox 389 3511 1961 3584">
    <p class='ocr_par' dir='ltr' id='par_1_67' title="bbox 389 3511 1961 3584">
     <span class='ocr_line' id='line_1_67' title="bbox 389 3511 1961 3584; baseline 0.003 -19"><span class='ocrx_word' id='word_1_476' title='bbox 389 3512 758 3581; x_wconf 77' lang='grc' dir='ltr'>βδελύξασθαι,</span> <span class='ocrx_word' id='word_1_477' title='bbox 807 3511 840 3582; x_wconf 77' lang='grc' dir='ltr'><strong>ἢ</strong></span> <span class='ocrx_word' id='word_1_478' title='bbox 864 3511 950 3565; x_wconf 85' lang='grc' dir='ltr'>διὰ</span> <span class='ocrx_word' id='word_1_479' title='bbox 979 3511 1070 3564; x_wconf 78' lang='grc' dir='ltr'>τοῦ</span> <span class='ocrx_word' id='word_1_480' title='bbox 1094 3513 1476 3584; x_wconf 82' lang='grc' dir='ltr'>συμπλακῆναι</span> <span class='ocrx_word' id='word_1_481' title='bbox 1504 3513 1564 3566; x_wconf 83' lang='grc' dir='ltr'><strong>τὸ</strong></span> <span class='ocrx_word' id='word_1_482' title='bbox 1582 3514 1756 3569; x_wconf 85' lang='grc' dir='ltr'>δοκεῖν</span> <span class='ocrx_word' id='word_1_483' title='bbox 1779 3516 1961 3579; x_wconf 83' lang='grc' dir='ltr'>αὑτὸν,</span> 
     </span>
    </p>
   </div>
   <div class='ocr_carea' id='block_1_68' title="bbox 389 3599 1962 3677">
    <p class='ocr_par' dir='ltr' id='par_1_68' title="bbox 389 3599 1962 3677">
     <span class='ocr_line' id='line_1_68' title="bbox 389 3599 1962 3677; baseline 0 -19"><span class='ocrx_word' id='word_1_484' title='bbox 389 3605 481 3658; x_wconf 75' lang='grc' dir='ltr'><strong>καὶ</strong></span> <span class='ocrx_word' id='word_1_485' title='bbox 510 3604 664 3671; x_wconf 86' lang='grc' dir='ltr'>λόγον</span> <span class='ocrx_word' id='word_1_486' title='bbox 693 3599 831 3655; x_wconf 79' lang='grc' dir='ltr'>εἶναι</span> <span class='ocrx_word' id='word_1_487' title='bbox 856 3603 1278 3656; x_wconf 84' lang='grc' dir='ltr'>κατασκευάσαι.</span> <span class='ocrx_word' id='word_1_488' title='bbox 1327 3603 1450 3667; x_wconf 87' lang='grc' dir='ltr'><strong>Πῶς</strong></span> <span class='ocrx_word' id='word_1_489' title='bbox 1479 3604 1586 3674; x_wconf 81' lang='grc' dir='ltr'><strong>γὰρ</strong></span> <span class='ocrx_word' id='word_1_490' title='bbox 1618 3605 1683 3658; x_wconf 89' lang='grc' dir='ltr'>ἂν</span> <span class='ocrx_word' id='word_1_491' title='bbox 1716 3607 1962 3677; x_wconf 85' lang='grc' dir='ltr'>εὑρεθείη</span> 
     </span>
    </p>
   </div>
   <div class='ocr_carea' id='block_1_69' title="bbox 387 3689 1965 3768">
    <p class='ocr_par' dir='ltr' id='par_1_69' title="bbox 387 3689 1965 3768">
     <span class='ocr_line' id='line_1_69' title="bbox 387 3689 1965 3768; baseline 0.001 -20"><span class='ocrx_word' id='word_1_492' title='bbox 387 3696 800 3766; x_wconf 83' lang='grc' dir='ltr'>προτιμότερον,</span> <span class='ocrx_word' id='word_1_493' title='bbox 835 3697 890 3748; x_wconf 84' lang='grc' dir='ltr'>ὲν</span> <span class='ocrx_word' id='word_1_494' title='bbox 910 3689 992 3756; x_wconf 72' lang='grc' dir='ltr'>οἷς</span> <span class='ocrx_word' id='word_1_495' title='bbox 1029 3696 1126 3746; x_wconf 87' lang='grc' dir='ltr'><strong>οὑκ</strong></span> <span class='ocrx_word' id='word_1_496' title='bbox 1157 3694 1272 3747; x_wconf 78' lang='grc' dir='ltr'>ἔστι</span> <span class='ocrx_word' id='word_1_497' title='bbox 1305 3695 1366 3747; x_wconf 85' lang='grc' dir='ltr'>τὸ</span> <span class='ocrx_word' id='word_1_498' title='bbox 1401 3697 1746 3766; x_wconf 84' lang='grc' dir='ltr'>ὰτιμότερον;</span> <span class='ocrx_word' id='word_1_499' title='bbox 1778 3698 1838 3750; x_wconf 77' lang='lat' dir='ltr'><strong>Et</strong></span> <span class='ocrx_word' id='word_1_500' title='bbox 1866 3698 1965 3768; x_wconf 82' lang='grc' dir='ltr'><strong>μὲν</strong></span> 
     </span>
    </p>
   </div>
   <div class='ocr_carea' id='block_1_70' title="bbox 387 3785 1966 3857">
    <p class='ocr_par' dir='ltr' id='par_1_70' title="bbox 387 3785 1966 3857">
     <span class='ocr_line' id='line_1_70' title="bbox 387 3785 1966 3857; baseline 0.001 -17"><span class='ocrx_word' id='word_1_501' title='bbox 387 3787 491 3857; x_wconf 76' lang='grc' dir='ltr'><strong>γάρ</strong></span> <span class='ocrx_word' id='word_1_502' title='bbox 544 3787 705 3857; x_wconf 81' lang='grc' dir='ltr'>μέχρι</span> <span class='ocrx_word' id='word_1_503' title='bbox 757 3787 944 3840; x_wconf 76' lang='grc' dir='ltr'>τούτου</span> <span class='ocrx_word' id='word_1_504' title='bbox 991 3789 1056 3857; x_wconf 84' lang='grc' dir='ltr'>τῇ</span> <span class='ocrx_word' id='word_1_505' title='bbox 1097 3785 1232 3855; x_wconf 83' lang='grc' dir='ltr'>πρὸς</span> <span class='ocrx_word' id='word_1_506' title='bbox 1276 3786 1337 3839; x_wconf 85' lang='grc' dir='ltr'><strong>τὸ</strong></span> <span class='ocrx_word' id='word_1_507' title='bbox 1374 3787 1542 3840; x_wconf 75' lang='grc' dir='ltr'>κακὸν</span> <span class='ocrx_word' id='word_1_508' title='bbox 1585 3788 1823 3856; x_wconf 72' lang='grc' dir='ltr'>εὐκολίᾳ,</span> <span class='ocrx_word' id='word_1_509' title='bbox 1874 3790 1966 3842; x_wconf 76' lang='grc' dir='ltr'>καὶ</span> 
     </span>
    </p>
   </div>
   <div class='ocr_carea' id='block_1_71' title="bbox 393 3880 1964 3954">
    <p class='ocr_par' dir='ltr' id='par_1_71' title="bbox 393 3880 1964 3954">
     <span class='ocr_line' id='line_1_71' title="bbox 393 3880 1964 3954; baseline 0.001 -19"><span class='ocrx_word' id='word_1_510' title='bbox 393 3884 694 3952; x_wconf 70' lang='grc' dir='ltr'>ἑτοιμότητι</span> <span class='ocrx_word' id='word_1_511' title='bbox 735 3882 1000 3952; x_wconf 82' lang='grc' dir='ltr'>πρόεισιν,</span> <span class='ocrx_word' id='word_1_512' title='bbox 1029 3880 1169 3934; x_wconf 78' lang='grc' dir='ltr'>ὥστε</span> <span class='ocrx_word' id='word_1_513' title='bbox 1216 3881 1309 3934; x_wconf 80' lang='grc' dir='ltr'>τοῦ</span> <span class='ocrx_word' id='word_1_514' title='bbox 1365 3881 1711 3950; x_wconf 83' lang='grc' dir='ltr'>ἀτιμοτέρου</span> <span class='ocrx_word' id='word_1_515' title='bbox 1747 3883 1840 3935; x_wconf 74' lang='grc' dir='ltr'><strong>καὶ</strong></span> <span class='ocrx_word' id='word_1_516' title='bbox 1867 3884 1964 3954; x_wconf 81' lang='grc' dir='ltr'>τὴν</span> 
     </span>
    </p>
   </div>
   <div class='ocr_carea' id='block_1_72' title="bbox 387 3972 1964 4047">
    <p class='ocr_par' dir='ltr' id='par_1_72' title="bbox 387 3972 1964 4047">
     <span class='ocr_line' id='line_1_72' title="bbox 387 3972 1964 4047; baseline 0.004 -23"><span class='ocrx_word' id='word_1_517' title='bbox 387 3972 566 4042; x_wconf 76' lang='grc' dir='ltr'>φωνὴν</span> <span class='ocrx_word' id='word_1_518' title='bbox 593 3974 685 4027; x_wconf 80' lang='grc' dir='ltr'>καὶ</span> <span class='ocrx_word' id='word_1_519' title='bbox 709 3975 804 4042; x_wconf 82' lang='grc' dir='ltr'>τὴν</span> <span class='ocrx_word' id='word_1_520' title='bbox 818 3974 1022 4026; x_wconf 81' lang='grc' dir='ltr'>ἔννοιαν</span> <span class='ocrx_word' id='word_1_521' title='bbox 1043 3972 1134 4024; x_wconf 81' lang='grc' dir='ltr'><strong>ἐπί</strong></span> <span class='ocrx_word' id='word_1_522' title='bbox 1157 3990 1300 4036; x_wconf 85' lang='grc' dir='ltr'>τινος</span> <span class='ocrx_word' id='word_1_523' title='bbox 1326 3975 1433 4027; x_wconf 87' lang='grc' dir='ltr'><strong>τῶν</strong></span> <span class='ocrx_word' id='word_1_524' title='bbox 1455 3974 1512 4027; x_wconf 82' lang='grc' dir='ltr'><strong>ἐν</strong></span> <span class='ocrx_word' id='word_1_525' title='bbox 1532 3977 1596 4045; x_wconf 83' lang='grc' dir='ltr'>τῇ</span> <span class='ocrx_word' id='word_1_526' title='bbox 1631 3976 1757 4046; x_wconf 80' lang='grc' dir='ltr'>ἁγίᾳ</span> <span class='ocrx_word' id='word_1_527' title='bbox 1777 3978 1964 4047; x_wconf 88' lang='grc' dir='ltr'>Τριάδι</span> 
     </span>
    </p>
   </div>
   <div class='ocr_carea' id='block_1_73' title="bbox 385 4059 1964 4138">
    <p class='ocr_par' dir='ltr' id='par_1_73' title="bbox 385 4059 1964 4138">
     <span class='ocr_line' id='line_1_73' title="bbox 385 4059 1964 4138; baseline 0.004 -23"><span class='ocrx_word' id='word_1_528' title='bbox 385 4063 877 4133; x_wconf 82' lang='grc' dir='ltr'>διαπιστευομένων</span> <span class='ocrx_word' id='word_1_529' title='bbox 922 4064 1234 4134; x_wconf 78' lang='grc' dir='ltr'>ὑπονοῆσαι,</span> <span class='ocrx_word' id='word_1_530' title='bbox 1267 4062 1425 4133; x_wconf 77' lang='grc' dir='ltr'>βῦσαι</span> <span class='ocrx_word' id='word_1_531' title='bbox 1468 4064 1535 4118; x_wconf 82' lang='grc' dir='ltr'><strong>τά</strong></span> <span class='ocrx_word' id='word_1_532' title='bbox 1559 4059 1674 4120; x_wconf 86' lang='grc' dir='ltr'>ὦτα</span> <span class='ocrx_word' id='word_1_533' title='bbox 1701 4070 1964 4138; x_wconf 83' lang='grc' dir='ltr'>προσήκει</span> 
     </span>
    </p>
   </div>
   <div class='ocr_carea' id='block_1_74' title="bbox 387 4155 1965 4229">
    <p class='ocr_par' dir='ltr' id='par_1_74' title="bbox 387 4155 1965 4229">
     <span class='ocr_line' id='line_1_74' title="bbox 387 4155 1965 4229; baseline 0.003 -22"><span class='ocrx_word' id='word_1_534' title='bbox 387 4155 479 4209; x_wconf 72' lang='grc' dir='ltr'><strong>καὶ</strong></span> <span class='ocrx_word' id='word_1_535' title='bbox 530 4155 740 4224; x_wconf 68' lang='grc' dir='ltr'>φυγεῖν,</span> <span class='ocrx_word' id='word_1_536' title='bbox 791 4156 890 4224; x_wconf 83' lang='grc' dir='ltr'><strong>ὅση</strong></span> <span class='ocrx_word' id='word_1_537' title='bbox 940 4155 1184 4224; x_wconf 78' lang='grc' dir='ltr'>δύναμις,</span> <span class='ocrx_word' id='word_1_538' title='bbox 1237 4156 1344 4207; x_wconf 85' lang='grc' dir='ltr'><strong>ἀπὸ</strong></span> <span class='ocrx_word' id='word_1_539' title='bbox 1387 4157 1557 4228; x_wconf 77' lang='grc' dir='ltr'>ἀκοῆς</span> <span class='ocrx_word' id='word_1_540' title='bbox 1590 4161 1859 4229; x_wconf 81' lang='grc' dir='ltr'>πονηρᾶς·</span> <span class='ocrx_word' id='word_1_541' title='bbox 1891 4159 1965 4222; x_wconf 89' lang='grc' dir='ltr'>ὡς</span> 
     </span>
    </p>
   </div>
   <div class='ocr_carea' id='block_1_75' title="bbox 388 4247 1965 4320">
    <p class='ocr_par' dir='ltr' id='par_1_75' title="bbox 388 4247 1965 4320">
     <span class='ocr_line' id='line_1_75' title="bbox 388 4247 1965 4320; baseline 0.001 -20"><span class='ocrx_word' id='word_1_542' title='bbox 388 4247 453 4300; x_wconf 84' lang='grc' dir='ltr'>ἂν</span> <span class='ocrx_word' id='word_1_543' title='bbox 492 4249 565 4318; x_wconf 83' lang='grc' dir='ltr'>μὴ</span> <span class='ocrx_word' id='word_1_544' title='bbox 588 4247 840 4301; x_wconf 86' lang='grc' dir='ltr'>κοινωνία</span> <span class='ocrx_word' id='word_1_545' title='bbox 872 4265 956 4310; x_wconf 88' lang='grc' dir='ltr'><strong>τις</strong></span> <span class='ocrx_word' id='word_1_546' title='bbox 1008 4248 1098 4300; x_wconf 76' lang='grc' dir='ltr'>τοῦ</span> <span class='ocrx_word' id='word_1_547' title='bbox 1127 4248 1431 4319; x_wconf 85' lang='grc' dir='ltr'>μιάσματος</span> <span class='ocrx_word' id='word_1_548' title='bbox 1463 4251 1670 4317; x_wconf 87' lang='grc' dir='ltr'>γένοιτο</span> <span class='ocrx_word' id='word_1_549' title='bbox 1698 4251 1773 4320; x_wconf 77' lang='grc' dir='ltr'>τῷ</span> <span class='ocrx_word' id='word_1_550' title='bbox 1807 4251 1965 4304; x_wconf 83' lang='grc' dir='ltr'>ἁκού-</span> 
     </span>
    </p>
   </div>
   <div class='ocr_carea' id='block_1_76' title="bbox 387 4339 1962 4414">
    <p class='ocr_par' dir='ltr' id='par_1_76' title="bbox 387 4339 1962 4414">
     <span class='ocr_line' id='line_1_76' title="bbox 387 4339 1962 4414; baseline 0.003 -22"><span class='ocrx_word' id='word_1_551' title='bbox 387 4356 498 4393; x_wconf 86' lang='grc' dir='ltr'>οντι</span> <span class='ocrx_word' id='word_1_552' title='bbox 517 4356 530 4368; x_wconf 85' lang='grc'><strong>’</strong></span> <span class='ocrx_word' id='word_1_553' title='bbox 565 4339 814 4411; x_wconf 84' lang='grc' dir='ltr'>καθάπερ</span> <span class='ocrx_word' id='word_1_554' title='bbox 845 4341 902 4405; x_wconf 78' lang='grc' dir='ltr'>ἐξ</span> <span class='ocrx_word' id='word_1_555' title='bbox 931 4340 1150 4408; x_wconf 86' lang='grc' dir='ltr'>ἀγγείου</span> <span class='ocrx_word' id='word_1_556' title='bbox 1183 4341 1326 4404; x_wconf 84' lang='grc' dir='ltr'>τινὸς</span> <span class='ocrx_word' id='word_1_557' title='bbox 1352 4342 1591 4413; x_wconf 88' lang='grc' dir='ltr'>πλήρους</span> <span class='ocrx_word' id='word_1_558' title='bbox 1623 4342 1962 4414; x_wconf 84' lang='grc' dir='ltr'>ἀκαθαρσίας</span> 
     </span>
    </p>
   </div>
   <div class='ocr_carea' id='block_1_77' title="bbox 2065 3148 3632 3221">
    <p class='ocr_par' dir='ltr' id='par_1_77' title="bbox 2065 3148 3632 3221">
     <span class='ocr_line' id='line_1_77' title="bbox 2065 3148 3632 3221; baseline 0.003 -18"><span class='ocrx_word' id='word_1_559' title='bbox 2065 3148 2109 3203; x_wconf 91' lang='lat' dir='ltr'><strong>si</strong></span> <span class='ocrx_word' id='word_1_560' title='bbox 2136 3149 2202 3202; x_wconf 88' lang='lat' dir='ltr'><strong>de</strong></span> <span class='ocrx_word' id='word_1_561' title='bbox 2229 3149 2336 3203; x_wconf 90' lang='lat' dir='ltr'><strong>illis</strong></span> <span class='ocrx_word' id='word_1_562' title='bbox 2389 3164 2695 3203; x_wconf 87' lang='lat' dir='ltr'><strong>sermonem</strong></span> <span class='ocrx_word' id='word_1_563' title='bbox 2746 3149 2891 3214; x_wconf 84' lang='lat' dir='ltr'><strong>facit,</strong></span> <span class='ocrx_word' id='word_1_564' title='bbox 2940 3165 3115 3220; x_wconf 91' lang='lat' dir='ltr'><strong>eaque</strong></span> <span class='ocrx_word' id='word_1_565' title='bbox 3159 3167 3323 3220; x_wconf 88' lang='lat' dir='ltr'><strong>opera</strong></span> <span class='ocrx_word' id='word_1_566' title='bbox 3370 3153 3632 3221; x_wconf 89' lang='lat' dir='ltr'><strong>operibus</strong></span> 
     </span>
    </p>
   </div>
   <div class='ocr_carea' id='block_1_78' title="bbox 2064 3239 3632 3315">
    <p class='ocr_par' dir='ltr' id='par_1_78' title="bbox 2064 3239 3632 3315">
     <span class='ocr_line' id='line_1_78' title="bbox 2064 3239 3632 3315; baseline 0.003 -22"><span class='ocrx_word' id='word_1_567' title='bbox 2064 3239 2309 3311; x_wconf 77' lang='lat' dir='ltr'><strong>digniora</strong></span> <span class='ocrx_word' id='word_1_568' title='bbox 2346 3249 2398 3294; x_wconf 89' lang='lat' dir='ltr'><strong>et</strong></span> <span class='ocrx_word' id='word_1_569' title='bbox 2427 3243 2803 3310; x_wconf 68' lang='lat' dir='ltr'><strong>praestantiora</strong></span> <span class='ocrx_word' id='word_1_570' title='bbox 2836 3243 2985 3308; x_wconf 90' lang='lat' dir='ltr'><strong>dicit,</strong></span> <span class='ocrx_word' id='word_1_571' title='bbox 3014 3259 3133 3312; x_wconf 60' lang='lat' dir='ltr'><strong>quae</strong></span> <span class='ocrx_word' id='word_1_572' title='bbox 3171 3244 3289 3313; x_wconf 87' lang='lat' dir='ltr'><strong>ipse</strong></span> <span class='ocrx_word' id='word_1_573' title='bbox 3329 3261 3474 3298; x_wconf 91' lang='lat' dir='ltr'><strong>nunc</strong></span> <span class='ocrx_word' id='word_1_574' title='bbox 3521 3247 3632 3315; x_wconf 88' lang='lat' dir='ltr'><strong>pri-</strong></span> 
     </span>
    </p>
   </div>
   <div class='ocr_carea' id='block_1_79' title="bbox 2063 3335 3630 3400">
    <p class='ocr_par' dir='ltr' id='par_1_79' title="bbox 2063 3335 3630 3400">
     <span class='ocr_line' id='line_1_79' title="bbox 2063 3335 3630 3400; baseline 0.001 -14"><span class='ocrx_word' id='word_1_575' title='bbox 2063 3349 2209 3386; x_wconf 89' lang='lat' dir='ltr'><strong>mum</strong></span> <span class='ocrx_word' id='word_1_576' title='bbox 2241 3342 2583 3389; x_wconf 86' lang='lat' dir='ltr'><strong>commentus</strong></span> <span class='ocrx_word' id='word_1_577' title='bbox 2613 3341 2696 3389; x_wconf 90' lang='lat' dir='ltr'><strong>est</strong></span> <span class='ocrx_word' id='word_1_578' title='bbox 2723 3336 2870 3388; x_wconf 91' lang='lat' dir='ltr'><strong>circa</strong></span> <span class='ocrx_word' id='word_1_579' title='bbox 2897 3335 3017 3389; x_wconf 88' lang='lat' dir='ltr'><strong>fidei</strong></span> <span class='ocrx_word' id='word_1_580' title='bbox 3041 3335 3366 3400; x_wconf 89' lang='lat' dir='ltr'><strong>doctrinam,</strong></span> <span class='ocrx_word' id='word_1_581' title='bbox 3394 3336 3498 3392; x_wconf 90' lang='lat' dir='ltr'><strong>hoc</strong></span> <span class='ocrx_word' id='word_1_582' title='bbox 3526 3348 3630 3400; x_wconf 84' lang='lat' dir='ltr'><strong>est,</strong></span> 
     </span>
    </p>
   </div>
   <div class='ocr_carea' id='block_1_80' title="bbox 2063 3417 3634 3492">
    <p class='ocr_par' dir='ltr' id='par_1_80' title="bbox 2063 3417 3634 3492">
     <span class='ocr_line' id='line_1_80' title="bbox 2063 3417 3634 3492; baseline 0.004 -19"><span class='ocrx_word' id='word_1_583' title='bbox 2063 3419 2130 3474; x_wconf 91' lang='lat' dir='ltr'><strong>de</strong></span> <span class='ocrx_word' id='word_1_584' title='bbox 2155 3418 2293 3473; x_wconf 87' lang='lat' dir='ltr'><strong>Filio</strong></span> <span class='ocrx_word' id='word_1_585' title='bbox 2330 3429 2384 3474; x_wconf 89' lang='lat' dir='ltr'><strong>et</strong></span> <span class='ocrx_word' id='word_1_586' title='bbox 2417 3417 2620 3488; x_wconf 90' lang='lat' dir='ltr'><strong>Spiritu</strong></span> <span class='ocrx_word' id='word_1_587' title='bbox 2650 3430 2858 3484; x_wconf 90' lang='lat' dir='ltr'><strong>sancto,</strong></span> <span class='ocrx_word' id='word_1_588' title='bbox 2897 3436 3075 3490; x_wconf 84' lang='lat' dir='ltr'><strong>operae</strong></span> <span class='ocrx_word' id='word_1_589' title='bbox 3103 3423 3336 3492; x_wconf 89' lang='lat' dir='ltr'><strong>pretium</strong></span> <span class='ocrx_word' id='word_1_590' title='bbox 3380 3422 3634 3480; x_wconf 88' lang='lat' dir='ltr'><strong>fortassis</strong></span> 
     </span>
    </p>
   </div>
   <div class='ocr_carea' id='block_1_81' title="bbox 2063 3509 3634 3579">
    <p class='ocr_par' dir='ltr' id='par_1_81' title="bbox 2063 3509 3634 3579">
     <span class='ocr_line' id='line_1_81' title="bbox 2063 3509 3634 3579; baseline 0.006 -16"><span class='ocrx_word' id='word_1_591' title='bbox 2063 3509 2236 3579; x_wconf 67' lang='lat' dir='ltr'><strong>magis</strong></span> <span class='ocrx_word' id='word_1_592' title='bbox 2267 3509 2450 3574; x_wconf 89' lang='lat' dir='ltr'><strong>fuerit,</strong></span> <span class='ocrx_word' id='word_1_593' title='bbox 2475 3511 2692 3565; x_wconf 92' lang='lat' dir='ltr'><strong>silentio</strong></span> <span class='ocrx_word' id='word_1_594' title='bbox 2724 3513 3047 3566; x_wconf 89' lang='lat' dir='ltr'><strong>sententiam</strong></span> <span class='ocrx_word' id='word_1_595' title='bbox 3067 3513 3206 3568; x_wconf 90' lang='lat' dir='ltr'><strong>hanc</strong></span> <span class='ocrx_word' id='word_1_596' title='bbox 3233 3516 3528 3578; x_wconf 83' lang='lat' dir='ltr'><strong>exsecrari,</strong></span> <span class='ocrx_word' id='word_1_597' title='bbox 3564 3533 3634 3572; x_wconf 86' lang='lat' dir='ltr'><strong>ne</strong></span> 
     </span>
    </p>
   </div>
   <div class='ocr_carea' id='block_1_82' title="bbox 2064 3601 3636 3674">
    <p class='ocr_par' dir='ltr' id='par_1_82' title="bbox 2064 3601 3636 3674">
     <span class='ocr_line' id='line_1_82' title="bbox 2064 3601 3636 3674; baseline 0.005 -21"><span class='ocrx_word' id='word_1_598' title='bbox 2064 3601 2133 3654; x_wconf 89' lang='lat' dir='ltr'><strong>ob</strong></span> <span class='ocrx_word' id='word_1_599' title='bbox 2166 3601 2544 3657; x_wconf 88' lang='lat' dir='ltr'><strong>refutationem</strong></span> <span class='ocrx_word' id='word_1_600' title='bbox 2572 3602 2823 3658; x_wconf 86' lang='lat' dir='ltr'><strong>videatur</strong></span> <span class='ocrx_word' id='word_1_601' title='bbox 2852 3604 3058 3673; x_wconf 89' lang='lat' dir='ltr'><strong>aliquid</strong></span> <span class='ocrx_word' id='word_1_602' title='bbox 3117 3605 3516 3674; x_wconf 85' lang='lat' dir='ltr'><strong>probabilitatis</strong></span> <span class='ocrx_word' id='word_1_603' title='bbox 3571 3623 3636 3662; x_wconf 86' lang='lat' dir='ltr'><strong>ac</strong></span> 
     </span>
    </p>
   </div>
   <div class='ocr_carea' id='block_1_83' title="bbox 2065 3692 3634 3767">
    <p class='ocr_par' dir='ltr' id='par_1_83' title="bbox 2065 3692 3634 3767">
     <span class='ocr_line' id='line_1_83' title="bbox 2065 3692 3634 3767; baseline 0.006 -23"><span class='ocrx_word' id='word_1_604' title='bbox 2065 3692 2297 3746; x_wconf 89' lang='lat' dir='ltr'><strong>rationis</strong></span> <span class='ocrx_word' id='word_1_605' title='bbox 2327 3693 2548 3748; x_wconf 87' lang='lat' dir='ltr'><strong>habere.</strong></span> <span class='ocrx_word' id='word_1_606' title='bbox 2582 3692 2866 3758; x_wconf 80' lang='lat' dir='ltr'><strong>Quomodo</strong></span> <span class='ocrx_word' id='word_1_607' title='bbox 2894 3697 3037 3749; x_wconf 90' lang='lat' dir='ltr'><strong>enim</strong></span> <span class='ocrx_word' id='word_1_608' title='bbox 3067 3696 3122 3749; x_wconf 91' lang='lat' dir='ltr'><strong>in</strong></span> <span class='ocrx_word' id='word_1_609' title='bbox 3158 3696 3230 3751; x_wconf 88' lang='lat' dir='ltr'><strong>iis</strong></span> <span class='ocrx_word' id='word_1_610' title='bbox 3284 3699 3634 3767; x_wconf 76' lang='lat' dir='ltr'><strong>praestantius</strong></span> 
     </span>
    </p>
   </div>
   <div class='ocr_carea' id='block_1_84' title="bbox 2064 3783 3632 3854">
    <p class='ocr_par' dir='ltr' id='par_1_84' title="bbox 2064 3783 3632 3854">
     <span class='ocr_line' id='line_1_84' title="bbox 2064 3783 3632 3854; baseline 0.005 -16"><span class='ocrx_word' id='word_1_611' title='bbox 2064 3791 2118 3838; x_wconf 88' lang='lat' dir='ltr'><strong>et</strong></span> <span class='ocrx_word' id='word_1_612' title='bbox 2165 3783 2384 3852; x_wconf 81' lang='lat' dir='ltr'><strong>dignius</strong></span> <span class='ocrx_word' id='word_1_613' title='bbox 2437 3784 2760 3854; x_wconf 88' lang='lat' dir='ltr'><strong>reperiatur,</strong></span> <span class='ocrx_word' id='word_1_614' title='bbox 2814 3785 2908 3839; x_wconf 88' lang='lat' dir='ltr'><strong>ubi</strong></span> <span class='ocrx_word' id='word_1_615' title='bbox 2963 3803 3073 3840; x_wconf 90' lang='lat' dir='ltr'><strong>non</strong></span> <span class='ocrx_word' id='word_1_616' title='bbox 3115 3787 3391 3843; x_wconf 83' lang='lat' dir='ltr'><strong>invenitur</strong></span> <span class='ocrx_word' id='word_1_617' title='bbox 3448 3793 3632 3846; x_wconf 90' lang='lat' dir='ltr'><strong>minus</strong></span> 
     </span>
    </p>
   </div>
   <div class='ocr_carea' id='block_1_85' title="bbox 2063 3876 3634 3954">
    <p class='ocr_par' dir='ltr' id='par_1_85' title="bbox 2063 3876 3634 3954">
     <span class='ocr_line' id='line_1_85' title="bbox 2063 3876 3634 3954; baseline 0.005 -26"><span class='ocrx_word' id='word_1_618' title='bbox 2063 3884 2333 3946; x_wconf 64' lang='lat' dir='ltr'><strong>praestans</strong></span> <span class='ocrx_word' id='word_1_619' title='bbox 2355 3883 2408 3930; x_wconf 91' lang='lat' dir='ltr'><strong>et</strong></span> <span class='ocrx_word' id='word_1_620' title='bbox 2439 3877 2620 3931; x_wconf 91' lang='lat' dir='ltr'><strong>minus</strong></span> <span class='ocrx_word' id='word_1_621' title='bbox 2645 3876 2868 3947; x_wconf 82' lang='lat' dir='ltr'><strong>dignum</strong></span> <span class='ocrx_word' id='word_1_622' title='bbox 2899 3878 2921 3931; x_wconf 86' lang='lat'><strong>?</strong></span> <span class='ocrx_word' id='word_1_623' title='bbox 2955 3877 3011 3931; x_wconf 92' lang='lat' dir='ltr'><strong>Si</strong></span> <span class='ocrx_word' id='word_1_624' title='bbox 3041 3879 3183 3933; x_wconf 89' lang='lat' dir='ltr'><strong>enim</strong></span> <span class='ocrx_word' id='word_1_625' title='bbox 3217 3895 3316 3934; x_wconf 83' lang='lat' dir='ltr'><strong>sua</strong></span> <span class='ocrx_word' id='word_1_626' title='bbox 3342 3881 3407 3935; x_wconf 88' lang='lat' dir='ltr'><strong>ad</strong></span> <span class='ocrx_word' id='word_1_627' title='bbox 3432 3885 3634 3954; x_wconf 85' lang='lat' dir='ltr'><strong>impro-</strong></span> 
     </span>
    </p>
   </div>
   <div class='ocr_carea' id='block_1_86' title="bbox 2065 3965 3624 4042">
    <p class='ocr_par' dir='ltr' id='par_1_86' title="bbox 2065 3965 3624 4042">
     <span class='ocr_line' id='line_1_86' title="bbox 2065 3965 3624 4042; baseline 0.003 -20"><span class='ocrx_word' id='word_1_628' title='bbox 2065 3968 2285 4022; x_wconf 87' lang='lat' dir='ltr'><strong>bitatem</strong></span> <span class='ocrx_word' id='word_1_629' title='bbox 2316 3965 2576 4023; x_wconf 85' lang='lat' dir='ltr'><strong>facilitate</strong></span> <span class='ocrx_word' id='word_1_630' title='bbox 2623 3978 2677 4023; x_wconf 92' lang='lat' dir='ltr'><strong>et</strong></span> <span class='ocrx_word' id='word_1_631' title='bbox 2708 3970 2988 4024; x_wconf 89' lang='lat' dir='ltr'><strong>alacritate</strong></span> <span class='ocrx_word' id='word_1_632' title='bbox 3019 3985 3084 4025; x_wconf 90' lang='lat' dir='ltr'><strong>eo</strong></span> <span class='ocrx_word' id='word_1_633' title='bbox 3138 3987 3311 4042; x_wconf 92' lang='lat' dir='ltr'><strong>usque</strong></span> <span class='ocrx_word' id='word_1_634' title='bbox 3338 3976 3624 4042; x_wconf 45' lang='lat' dir='ltr'><strong>processit.</strong></span> 
     </span>
    </p>
   </div>
   <div class='ocr_carea' id='block_1_87' title="bbox 2066 4059 3633 4130">
    <p class='ocr_par' dir='ltr' id='par_1_87' title="bbox 2066 4059 3633 4130">
     <span class='ocr_line' id='line_1_87' title="bbox 2066 4059 3633 4130; baseline 0.003 -17"><span class='ocrx_word' id='word_1_635' title='bbox 2066 4070 2123 4113; x_wconf 91' lang='lat' dir='ltr'><strong>ut</strong></span> <span class='ocrx_word' id='word_1_636' title='bbox 2151 4059 2466 4130; x_wconf 80' lang='lat' dir='ltr'><strong>iudiguioris</strong></span> <span class='ocrx_word' id='word_1_637' title='bbox 2497 4074 2715 4129; x_wconf 83' lang='lat' dir='ltr'><strong>quoque</strong></span> <span class='ocrx_word' id='word_1_638' title='bbox 2751 4076 2938 4116; x_wconf 90' lang='lat' dir='ltr'><strong>vocem</strong></span> <span class='ocrx_word' id='word_1_639' title='bbox 2965 4069 3018 4116; x_wconf 91' lang='lat' dir='ltr'><strong>et</strong></span> <span class='ocrx_word' id='word_1_640' title='bbox 3047 4063 3295 4116; x_wconf 90' lang='lat' dir='ltr'><strong>notitiam</strong></span> <span class='ocrx_word' id='word_1_641' title='bbox 3348 4064 3404 4117; x_wconf 92' lang='lat' dir='ltr'><strong>in</strong></span> <span class='ocrx_word' id='word_1_642' title='bbox 3442 4080 3633 4119; x_wconf 89' lang='lat' dir='ltr'><strong>eorum</strong></span> 
     </span>
    </p>
   </div>
   <div class='ocr_carea' id='block_1_88' title="bbox 2065 4153 3636 4222">
    <p class='ocr_par' dir='ltr' id='par_1_88' title="bbox 2065 4153 3636 4222">
     <span class='ocr_line' id='line_1_88' title="bbox 2065 4153 3636 4222; baseline 0.004 -17"><span class='ocrx_word' id='word_1_643' title='bbox 2065 4153 2268 4221; x_wconf 88' lang='lat' dir='ltr'><strong>aliquo,</strong></span> <span class='ocrx_word' id='word_1_644' title='bbox 2321 4169 2440 4222; x_wconf 47' lang='lat' dir='ltr'><strong>qua).</strong></span> <span class='ocrx_word' id='word_1_645' title='bbox 2475 4155 2528 4206; x_wconf 94' lang='lat' dir='ltr'><strong>in</strong></span> <span class='ocrx_word' id='word_1_646' title='bbox 2568 4155 2921 4211; x_wconf 86' lang='lat' dir='ltr'><strong>sanctissima</strong></span> <span class='ocrx_word' id='word_1_647' title='bbox 2951 4154 3222 4208; x_wconf 90' lang='lat' dir='ltr'><strong>Trinitate</strong></span> <span class='ocrx_word' id='word_1_648' title='bbox 3283 4155 3465 4210; x_wconf 80' lang='lat' dir='ltr'><strong>inesse</strong></span> <span class='ocrx_word' id='word_1_649' title='bbox 3517 4171 3636 4211; x_wconf 85' lang='lat' dir='ltr'><strong>cre-</strong></span> 
     </span>
    </p>
   </div>
   <div class='ocr_carea' id='block_1_89' title="bbox 2065 4245 3634 4316">
    <p class='ocr_par' dir='ltr' id='par_1_89' title="bbox 2065 4245 3634 4316">
     <span class='ocr_line' id='line_1_89' title="bbox 2065 4245 3634 4316; baseline 0.001 -17"><span class='ocrx_word' id='word_1_650' title='bbox 2065 4245 2288 4310; x_wconf 90' lang='lat' dir='ltr'><strong>duntur,</strong></span> <span class='ocrx_word' id='word_1_651' title='bbox 2315 4247 2588 4310; x_wconf 87' lang='lat' dir='ltr'><strong>admittat,</strong></span> <span class='ocrx_word' id='word_1_652' title='bbox 2618 4262 2716 4316; x_wconf 86' lang='lat' dir='ltr'><strong>par</strong></span> <span class='ocrx_word' id='word_1_653' title='bbox 2745 4255 2848 4304; x_wconf 83' lang='lat' dir='ltr'><strong>est.</strong></span> <span class='ocrx_word' id='word_1_654' title='bbox 2878 4255 2938 4299; x_wconf 90' lang='lat' dir='ltr'><strong>ut</strong></span> <span class='ocrx_word' id='word_1_655' title='bbox 2971 4246 3242 4300; x_wconf 90' lang='lat' dir='ltr'><strong>obturatis</strong></span> <span class='ocrx_word' id='word_1_656' title='bbox 3275 4247 3500 4300; x_wconf 89' lang='lat' dir='ltr'><strong>auribus</strong></span> <span class='ocrx_word' id='word_1_657' title='bbox 3535 4262 3634 4316; x_wconf 91' lang='lat' dir='ltr'><strong>pro</strong></span> 
     </span>
    </p>
   </div>
   <div class='ocr_carea' id='block_1_90' title="bbox 2067 4335 3637 4407">
    <p class='ocr_par' dir='ltr' id='par_1_90' title="bbox 2067 4335 3637 4407">
     <span class='ocr_line' id='line_1_90' title="bbox 2067 4335 3637 4407; baseline 0.001 -16"><span class='ocrx_word' id='word_1_658' title='bbox 2067 4338 2210 4391; x_wconf 83' lang='lat' dir='ltr'><strong>virili</strong></span> <span class='ocrx_word' id='word_1_659' title='bbox 2236 4346 2424 4391; x_wconf 91' lang='lat' dir='ltr'><strong>nostra</strong></span> <span class='ocrx_word' id='word_1_660' title='bbox 2455 4348 2605 4407; x_wconf 90' lang='lat' dir='ltr'><strong>parte</strong></span> <span class='ocrx_word' id='word_1_661' title='bbox 2659 4337 2930 4406; x_wconf 80' lang='lat' dir='ltr'><strong>fugiamus</strong></span> <span class='ocrx_word' id='word_1_662' title='bbox 2957 4337 3024 4390; x_wconf 90' lang='lat' dir='ltr'><strong>ab</strong></span> <span class='ocrx_word' id='word_1_663' title='bbox 3057 4335 3338 4390; x_wconf 88' lang='lat' dir='ltr'><strong>auditione</strong></span> <span class='ocrx_word' id='word_1_664' title='bbox 3362 4337 3503 4390; x_wconf 90' lang='lat' dir='ltr'><strong>mala</strong></span> <span class='ocrx_word' id='word_1_665' title='bbox 3530 4355 3544 4391; x_wconf 91' lang='lat'><strong>:</strong></span> <span class='ocrx_word' id='word_1_666' title='bbox 3569 4353 3637 4392; x_wconf 91' lang='lat' dir='ltr'><strong>nc</strong></span> 
     </span>
    </p>
   </div>
   <div class='ocr_carea' id='block_1_91' title="bbox 390 4424 1957 4503">
    <p class='ocr_par' dir='ltr' id='par_1_91' title="bbox 390 4424 1954 4503">
     <span class='ocr_line' id='line_1_91' title="bbox 390 4424 1954 4503; baseline 0.003 -21"><span class='ocrx_word' id='word_1_667' title='bbox 390 4433 470 4494; x_wconf 87' lang='grc' dir='ltr'>εἰς</span> <span class='ocrx_word' id='word_1_668' title='bbox 513 4430 609 4502; x_wconf 81' lang='grc' dir='ltr'>τὴν</span> <span class='ocrx_word' id='word_1_669' title='bbox 652 4431 760 4484; x_wconf 88' lang='grc' dir='ltr'><strong>τῶν</strong></span> <span class='ocrx_word' id='word_1_670' title='bbox 805 4431 1108 4485; x_wconf 83' lang='grc' dir='ltr'>ἀκουόντων</span> <span class='ocrx_word' id='word_1_671' title='bbox 1157 4424 1380 4502; x_wconf 80' lang='grc' dir='ltr'>καρδίαν</span> <span class='ocrx_word' id='word_1_672' title='bbox 1410 4434 1808 4503; x_wconf 86' lang='grc' dir='ltr'>μεταχεομένου</span> <span class='ocrx_word' id='word_1_673' title='bbox 1861 4435 1954 4486; x_wconf 79' lang='grc' dir='ltr'><strong>τοῦ</strong></span> 
     </span>
    </p>
   </div>
   <div class='ocr_carea' id='block_1_92' title="bbox 2060 4424 3638 4503">
    <p class='ocr_par' dir='ltr' id='par_1_92' title="bbox 2064 4429 3638 4502">
     <span class='ocr_line' id='line_1_92' title="bbox 2064 4429 3638 4502; baseline 0.002 -20"><span class='ocrx_word' id='word_1_674' title='bbox 2064 4431 2376 4502; x_wconf 91' lang='lat' dir='ltr'><strong>communio</strong></span> <span class='ocrx_word' id='word_1_675' title='bbox 2410 4432 2588 4500; x_wconf 87' lang='lat' dir='ltr'><strong>aliqua</strong></span> <span class='ocrx_word' id='word_1_676' title='bbox 2612 4433 2746 4484; x_wconf 89' lang='lat' dir='ltr'><strong>tanti</strong></span> <span class='ocrx_word' id='word_1_677' title='bbox 2792 4430 2993 4502; x_wconf 89' lang='lat' dir='ltr'><strong>piaculi</strong></span> <span class='ocrx_word' id='word_1_678' title='bbox 3023 4429 3090 4483; x_wconf 89' lang='lat' dir='ltr'><strong>ad</strong></span> <span class='ocrx_word' id='word_1_679' title='bbox 3121 4430 3427 4484; x_wconf 87' lang='lat' dir='ltr'><strong>audientem</strong></span> <span class='ocrx_word' id='word_1_680' title='bbox 3459 4438 3638 4485; x_wconf 89' lang='lat' dir='ltr'><strong>trans-</strong></span> 
     </span>
    </p>
   </div>
   <div class='ocr_carea' id='block_1_93' title="bbox 386 4521 586 4589">
    <p class='ocr_par' dir='ltr' id='par_1_93' title="bbox 386 4521 586 4589">
     <span class='ocr_line' id='line_1_93' title="bbox 386 4521 586 4589; baseline 0.015 -16"><span class='ocrx_word' id='word_1_681' title='bbox 386 4521 564 4589; x_wconf 87' lang='grc' dir='ltr'>λόγου.</span> <span class='ocrx_word' id='word_1_682' title='bbox 584 4543 586 4545; x_wconf 93' lang='grc'><strong>·</strong></span> 
     </span>
    </p>
   </div>
   <div class='ocr_carea' id='block_1_94' title="bbox 457 4701 1961 4777">
    <p class='ocr_par' dir='ltr' id='par_1_94' title="bbox 457 4701 1961 4777">
     <span class='ocr_line' id='line_1_94' title="bbox 457 4701 1961 4777; baseline 0.004 -23"><span class='ocrx_word' id='word_1_683' title='bbox 457 4701 582 4765; x_wconf 86' lang='grc' dir='ltr'>Πῶς</span> <span class='ocrx_word' id='word_1_684' title='bbox 613 4702 720 4772; x_wconf 80' lang='grc' dir='ltr'><strong>γὰρ</strong></span> <span class='ocrx_word' id='word_1_685' title='bbox 748 4701 812 4755; x_wconf 82' lang='grc' dir='ltr'>ἄν</span> <span class='ocrx_word' id='word_1_686' title='bbox 834 4720 916 4765; x_wconf 88' lang='grc' dir='ltr'><strong>τις</strong></span> <span class='ocrx_word' id='word_1_687' title='bbox 945 4704 1035 4755; x_wconf 78' lang='grc' dir='ltr'><strong>ἐπὶ</strong></span> <span class='ocrx_word' id='word_1_688' title='bbox 1063 4704 1161 4773; x_wconf 82' lang='grc' dir='ltr'><strong>τῆς</strong></span> <span class='ocrx_word' id='word_1_689' title='bbox 1190 4703 1338 4767; x_wconf 88' lang='grc' dir='ltr'>θείας</span> <span class='ocrx_word' id='word_1_690' title='bbox 1361 4723 1420 4758; x_wconf 90' lang='grc' dir='ltr'><strong>τε</strong></span> <span class='ocrx_word' id='word_1_691' title='bbox 1442 4707 1534 4758; x_wconf 76' lang='grc' dir='ltr'>καὶ</span> <span class='ocrx_word' id='word_1_692' title='bbox 1563 4707 1961 4777; x_wconf 84' lang='grc' dir='ltr'>ὑπερκειμένης</span> 
     </span>
    </p>
   </div>
   <div class='ocr_carea' id='block_1_95' title="bbox 391 4794 1633 4868">
    <p class='ocr_par' dir='ltr' id='par_1_95' title="bbox 391 4794 1633 4868">
     <span class='ocr_line' id='line_1_95' title="bbox 391 4794 1633 4868; baseline 0.004 -22"><span class='ocrx_word' id='word_1_693' title='bbox 391 4794 601 4862; x_wconf 85' lang='grc' dir='ltr'>φύσεως</span> <span class='ocrx_word' id='word_1_694' title='bbox 641 4797 814 4847; x_wconf 85' lang='grc' dir='ltr'>εἰπεῖν</span> <span class='ocrx_word' id='word_1_695' title='bbox 859 4812 911 4847; x_wconf 88' lang='grc' dir='ltr'><strong>τι</strong></span> <span class='ocrx_word' id='word_1_696' title='bbox 962 4796 1168 4848; x_wconf 80' lang='grc' dir='ltr'>τοιοῦτο</span> <span class='ocrx_word' id='word_1_697' title='bbox 1217 4797 1538 4868; x_wconf 81' lang='grc' dir='ltr'>τολμήσειε,</span> <span class='ocrx_word' id='word_1_698' title='bbox 1569 4798 1633 4850; x_wconf 84' lang='grc' dir='ltr'>δι’</span> 
     </span>
    </p>
   </div>
   <div class='ocr_carea' id='block_1_96' title="bbox 393 4886 1960 4957">
    <p class='ocr_par' dir='ltr' id='par_1_96' title="bbox 393 4886 1960 4957">
     <span class='ocr_line' id='line_1_96' title="bbox 393 4886 1960 4957; baseline 0.002 -19"><span class='ocrx_word' id='word_1_699' title='bbox 393 4886 616 4957; x_wconf 85' lang='grc' dir='ltr'>μότερον</span> <span class='ocrx_word' id='word_1_700' title='bbox 682 4886 1048 4957; x_wconf 86' lang='grc' dir='ltr'>συγκριτικῶς</span> <span class='ocrx_word' id='word_1_701' title='bbox 1098 4887 1201 4939; x_wconf 87' lang='grc' dir='ltr'><strong>ὑπὸ</strong></span> <span class='ocrx_word' id='word_1_702' title='bbox 1249 4887 1404 4956; x_wconf 85' lang='grc' dir='ltr'>λόγου</span> <span class='ocrx_word' id='word_1_703' title='bbox 1464 4887 1960 4954; x_wconf 79' lang='grc' dir='ltr'>κατασκευάζεται;</span> 
     </span>
    </p>
   </div>
   <div class='ocr_carea' id='block_1_97' title="bbox 392 4977 1964 5050">
    <p class='ocr_par' dir='ltr' id='par_1_97' title="bbox 392 4977 1964 5050">
     <span class='ocr_line' id='line_1_97' title="bbox 392 4977 1964 5050; baseline 0.002 -17"><span class='ocrx_word' id='word_1_704' title='bbox 392 4977 518 5033; x_wconf 81' lang='grc' dir='ltr'><strong>Ἵνα</strong></span> <span class='ocrx_word' id='word_1_705' title='bbox 542 4978 786 5044; x_wconf 77' lang='grc' dir='ltr'>πάντες,</span> <span class='ocrx_word' id='word_1_706' title='bbox 819 4979 972 5048; x_wconf 76' lang='grc' dir='ltr'>φησὶ,</span> <span class='ocrx_word' id='word_1_707' title='bbox 1000 4979 1209 5048; x_wconf 79' lang='grc' dir='ltr'>τιμῶσι</span> <span class='ocrx_word' id='word_1_708' title='bbox 1235 4981 1342 5033; x_wconf 80' lang='grc' dir='ltr'><strong>τὸν</strong></span> <span class='ocrx_word' id='word_1_709' title='bbox 1371 4981 1523 5046; x_wconf 81' lang='grc' dir='ltr'>Υίὸν,</span> <span class='ocrx_word' id='word_1_710' title='bbox 1549 4983 1740 5048; x_wconf 84' lang='grc' dir='ltr'>καθὼς</span> <span class='ocrx_word' id='word_1_711' title='bbox 1756 4983 1964 5050; x_wconf 80' lang='grc' dir='ltr'>τιμῶσι</span> 
     </span>
    </p>
   </div>
   <div class='ocr_carea' id='block_1_98' title="bbox 387 5067 1965 5146">
    <p class='ocr_par' dir='ltr' id='par_1_98' title="bbox 387 5067 1965 5146">
     <span class='ocr_line' id='line_1_98' title="bbox 387 5067 1965 5146; baseline 0.004 -23"><span class='ocrx_word' id='word_1_712' title='bbox 387 5069 493 5124; x_wconf 74' lang='grc' dir='ltr'><strong>τὸν</strong></span> <span class='ocrx_word' id='word_1_713' title='bbox 522 5070 772 5137; x_wconf 85' lang='grc' dir='ltr'>Πατέρα.</span> <span class='ocrx_word' id='word_1_714' title='bbox 820 5069 929 5140; x_wconf 81' lang='grc' dir='ltr'><strong>Τῆς</strong></span> <span class='ocrx_word' id='word_1_715' title='bbox 963 5067 1054 5124; x_wconf 80' lang='grc' dir='ltr'><strong>οὖν</strong></span> <span class='ocrx_word' id='word_1_716' title='bbox 1086 5075 1268 5144; x_wconf 79' lang='grc' dir='ltr'>φωνῆς</span> <span class='ocrx_word' id='word_1_717' title='bbox 1303 5073 1502 5144; x_wconf 84' lang='grc' dir='ltr'>ταύτης</span> <span class='ocrx_word' id='word_1_718' title='bbox 1530 5075 1588 5128; x_wconf 84' lang='grc' dir='ltr'><strong>τὸ</strong></span> <span class='ocrx_word' id='word_1_719' title='bbox 1616 5070 1731 5128; x_wconf 76' lang='grc' dir='ltr'>ἴσον</span> <span class='ocrx_word' id='word_1_720' title='bbox 1759 5079 1854 5146; x_wconf 86' lang='grc' dir='ltr'><strong>τῆς</strong></span> <span class='ocrx_word' id='word_1_721' title='bbox 1886 5094 1965 5129; x_wconf 86' lang='grc' dir='ltr'>τι-</span> 
     </span>
    </p>
   </div>
   <div class='ocr_carea' id='block_1_99' title="bbox 354 5161 1960 5239">
    <p class='ocr_par' dir='ltr' id='par_1_99' title="bbox 354 5161 1960 5239">
     <span class='ocr_line' id='line_1_99' title="bbox 354 5161 1960 5239; baseline 0.002 -22"><span class='ocrx_word' id='word_1_722' title='bbox 354 5193 358 5196; x_wconf 78' lang='lat'>~</span> <span class='ocrx_word' id='word_1_723' title='bbox 393 5164 494 5232; x_wconf 82' lang='grc' dir='ltr'>μῆς</span> <span class='ocrx_word' id='word_1_724' title='bbox 518 5161 912 5232; x_wconf 85' lang='grc' dir='ltr'>νομοθετούσης</span> <span class='ocrx_word' id='word_1_725' title='bbox 940 5179 954 5194; x_wconf 77' lang='grc' dir='ltr'><strong>ο</strong></span> <span class='ocrx_word' id='word_1_726' title='bbox 1009 5165 1170 5234; x_wconf 87' lang='grc' dir='ltr'>νόμος</span> <span class='ocrx_word' id='word_1_727' title='bbox 1214 5166 1322 5234; x_wconf 91' lang='grc' dir='ltr'><strong>γάρ</strong></span> <span class='ocrx_word' id='word_1_728' title='bbox 1367 5167 1510 5218; x_wconf 79' lang='grc' dir='ltr'>ἐστιν</span> <span class='ocrx_word' id='word_1_729' title='bbox 1551 5168 1583 5237; x_wconf 80' lang='grc' dir='ltr'>ὴ</span> <span class='ocrx_word' id='word_1_730' title='bbox 1618 5166 1734 5220; x_wconf 83' lang='grc' dir='ltr'>θεία</span> <span class='ocrx_word' id='word_1_731' title='bbox 1778 5169 1960 5239; x_wconf 86' lang='grc' dir='ltr'>φωνή·</span> 
     </span>
    </p>
   </div>
   <div class='ocr_carea' id='block_1_100' title="bbox 387 5248 1967 5329">
    <p class='ocr_par' dir='ltr' id='par_1_100' title="bbox 387 5248 1967 5329">
     <span class='ocr_line' id='line_1_100' title="bbox 387 5248 1967 5329; baseline 0.001 -21"><span class='ocrx_word' id='word_1_732' title='bbox 387 5248 540 5318; x_wconf 74' lang='grc' dir='ltr'>οὗτος</span> <span class='ocrx_word' id='word_1_733' title='bbox 569 5257 778 5310; x_wconf 79' lang='grc' dir='ltr'>καὶτὸν</span> <span class='ocrx_word' id='word_1_734' title='bbox 814 5258 974 5328; x_wconf 85' lang='grc' dir='ltr'>νόμον</span> <span class='ocrx_word' id='word_1_735' title='bbox 1005 5258 1097 5310; x_wconf 73' lang='grc' dir='ltr'><strong>καὶ</strong></span> <span class='ocrx_word' id='word_1_736' title='bbox 1128 5257 1218 5310; x_wconf 73' lang='grc' dir='ltr'>τὸν</span> <span class='ocrx_word' id='word_1_737' title='bbox 1251 5257 1544 5328; x_wconf 86' lang='grc' dir='ltr'>νομοθέτην</span> <span class='ocrx_word' id='word_1_738' title='bbox 1592 5257 1751 5311; x_wconf 82' lang='grc' dir='ltr'>αὑτὸν</span> <span class='ocrx_word' id='word_1_739' title='bbox 1790 5276 1967 5329; x_wconf 76' lang='grc' dir='ltr'>παραο</span> 
     </span>
    </p>
   </div>
   <div class='ocr_carea' id='block_1_101' title="bbox 390 5350 1966 5422">
    <p class='ocr_par' dir='ltr' id='par_1_101' title="bbox 390 5350 1966 5422">
     <span class='ocr_line' id='line_1_101' title="bbox 390 5350 1966 5422; baseline 0.001 -20"><span class='ocrx_word' id='word_1_740' title='bbox 390 5351 658 5418; x_wconf 69' lang='grc' dir='ltr'>γράφεται</span> <span class='ocrx_word' id='word_1_741' title='bbox 686 5392 700 5417; x_wconf 98' lang='grc'><strong>,</strong></span> <span class='ocrx_word' id='word_1_742' title='bbox 727 5351 820 5403; x_wconf 73' lang='grc' dir='ltr'><strong>καὶ</strong></span> <span class='ocrx_word' id='word_1_743' title='bbox 842 5351 920 5422; x_wconf 86' lang='grc' dir='ltr'><strong>τῷ</strong></span> <span class='ocrx_word' id='word_1_744' title='bbox 957 5351 1055 5421; x_wconf 84' lang='grc' dir='ltr'><strong>μὲν</strong></span> <span class='ocrx_word' id='word_1_745' title='bbox 1095 5350 1444 5420; x_wconf 84' lang='grc' dir='ltr'>πλείονα,,τῷ</span> <span class='ocrx_word' id='word_1_746' title='bbox 1495 5351 1551 5404; x_wconf 82' lang='grc' dir='ltr'>δὲ</span> <span class='ocrx_word' id='word_1_747' title='bbox 1585 5350 1842 5404; x_wconf 74' lang='grc' dir='ltr'>ἐλάττονα</span> <span class='ocrx_word' id='word_1_748' title='bbox 1870 5352 1966 5422; x_wconf 84' lang='grc' dir='ltr'>τὴν</span> 
     </span>
    </p>
   </div>
   <div class='ocr_carea' id='block_1_102' title="bbox 387 5439 1968 5514">
    <p class='ocr_par' dir='ltr' id='par_1_102' title="bbox 387 5439 1968 5514">
     <span class='ocr_line' id='line_1_102' title="bbox 387 5439 1968 5514; baseline 0.003 -22"><span class='ocrx_word' id='word_1_749' title='bbox 387 5443 550 5513; x_wconf 86' lang='grc' dir='ltr'>τιμὴν</span> <span class='ocrx_word' id='word_1_750' title='bbox 579 5441 844 5510; x_wconf 84' lang='grc' dir='ltr'>διανέμει,</span> <span class='ocrx_word' id='word_1_751' title='bbox 870 5444 971 5496; x_wconf 82' lang='grc' dir='ltr'>οὐκ</span> <span class='ocrx_word' id='word_1_752' title='bbox 1023 5439 1140 5496; x_wconf 82' lang='grc' dir='ltr'>οἶδα</span> <span class='ocrx_word' id='word_1_753' title='bbox 1165 5443 1312 5506; x_wconf 86' lang='grc' dir='ltr'>ὅπως</span> <span class='ocrx_word' id='word_1_754' title='bbox 1338 5443 1407 5497; x_wconf 80' lang='grc' dir='ltr'>τὰ</span> <span class='ocrx_word' id='word_1_755' title='bbox 1436 5441 1609 5514; x_wconf 84' lang='grc' dir='ltr'>μέτρα</span> <span class='ocrx_word' id='word_1_756' title='bbox 1632 5442 1724 5496; x_wconf 79' lang='grc' dir='ltr'>τοῦ</span> <span class='ocrx_word' id='word_1_757' title='bbox 1747 5442 1968 5496; x_wconf 68' lang='grc' dir='ltr'>πλεονά-</span> 
     </span>
    </p>
   </div>
   <div class='ocr_carea' id='block_1_103' title="bbox 390 5532 1960 5608">
    <p class='ocr_par' dir='ltr' id='par_1_103' title="bbox 390 5532 1960 5608">
     <span class='ocr_line' id='line_1_103' title="bbox 390 5532 1960 5608; baseline 0.002 -20"><span class='ocrx_word' id='word_1_758' title='bbox 390 5532 570 5598; x_wconf 80' lang='grc' dir='ltr'>ζοντος</span> <span class='ocrx_word' id='word_1_759' title='bbox 597 5539 697 5604; x_wconf 79' lang='grc' dir='ltr'><strong>τῆς</strong></span> <span class='ocrx_word' id='word_1_760' title='bbox 746 5534 912 5606; x_wconf 81' lang='grc' dir='ltr'>τιμῆς</span> <span class='ocrx_word' id='word_1_761' title='bbox 951 5535 1279 5606; x_wconf 75' lang='grc' dir='ltr'>ἐξευρίσκων</span> <span class='ocrx_word' id='word_1_762' title='bbox 1302 5555 1313 5567; x_wconf 89' lang='grc'><strong>·</strong></span> <span class='ocrx_word' id='word_1_763' title='bbox 1340 5537 1431 5590; x_wconf 77' lang='grc' dir='ltr'><strong>ἐπὶ</strong></span> <span class='ocrx_word' id='word_1_764' title='bbox 1475 5537 1573 5607; x_wconf 87' lang='grc' dir='ltr'>μὲν</span> <span class='ocrx_word' id='word_1_765' title='bbox 1602 5535 1709 5608; x_wconf 82' lang='grc' dir='ltr'>γὰρ</span> <span class='ocrx_word' id='word_1_766' title='bbox 1741 5536 1838 5606; x_wconf 84' lang='grc' dir='ltr'>τῆς</span> <span class='ocrx_word' id='word_1_767' title='bbox 1868 5535 1960 5591; x_wconf 72' lang='grc' dir='ltr'><strong>(Ξιν⁸</strong></span> 
     </span>
    </p>
   </div>
   <div class='ocr_carea' id='block_1_104' title="bbox 459 5704 901 5803">
    <p class='ocr_par' dir='ltr' id='par_1_104' title="bbox 459 5704 901 5803">
     <span class='ocr_line' id='line_1_104' title="bbox 459 5704 901 5803; baseline -0.014 -13"><span class='ocrx_word' id='word_1_768' title='bbox 459 5733 508 5767; x_wconf 76' lang='grc'>⁸⁸</span> <span class='ocrx_word' id='word_1_769' title='bbox 544 5729 705 5790; x_wconf 74' lang='lat' dir='ltr'><strong>Joan.</strong></span> <span class='ocrx_word' id='word_1_770' title='bbox 731 5749 786 5803; x_wconf 76' lang='lat' dir='ltr'><strong>v,</strong></span> 
     </span>
    </p>
   </div>
   <div class='ocr_carea' id='block_1_105' title="bbox 1676 4791 2001 4851">
    <p class='ocr_par' dir='ltr' id='par_1_105' title="bbox 1676 4791 2001 4851">
     <span class='ocr_line' id='line_1_105' title="bbox 1676 4791 2001 4851; baseline 0 0"><span class='ocrx_word' id='word_1_771' title='bbox 1676 4791 1736 4851; x_wconf 72' lang='grc' dir='ltr'><strong>οὗ</strong></span> <span class='ocrx_word' id='word_1_772' title='bbox 1763 4799 1822 4851; x_wconf 80' lang='grc' dir='ltr'><strong>τὸ</strong></span> <span class='ocrx_word' id='word_1_773' title='bbox 1850 4800 1966 4851; x_wconf 87' lang='grc' dir='ltr'>ἀτι-</span> <span class='ocrx_word' id='word_1_774' title='bbox 1993 4817 2001 4826; x_wconf 52' lang='grc' dir='ltr'><strong>λ</strong></span> 
     </span>
    </p>
   </div>
   <div class='ocr_carea' id='block_1_106' title="bbox 2065 4520 3636 4590">
    <p class='ocr_par' dir='ltr' id='par_1_106' title="bbox 2065 4520 3636 4590">
     <span class='ocr_line' id='line_1_106' title="bbox 2065 4520 3636 4590; baseline -0.001 -15"><span class='ocrx_word' id='word_1_775' title='bbox 2065 4523 2270 4575; x_wconf 89' lang='lat' dir='ltr'><strong>feratur</strong></span> <span class='ocrx_word' id='word_1_776' title='bbox 2301 4521 2568 4582; x_wconf 84' lang='lat' dir='ltr'><strong>oratione,</strong></span> <span class='ocrx_word' id='word_1_777' title='bbox 2620 4521 2769 4576; x_wconf 87' lang='lat' dir='ltr'><strong>velut</strong></span> <span class='ocrx_word' id='word_1_778' title='bbox 2821 4537 2887 4575; x_wconf 83' lang='lat' dir='ltr'><strong>ex</strong></span> <span class='ocrx_word' id='word_1_779' title='bbox 2927 4536 3056 4574; x_wconf 87' lang='lat' dir='ltr'><strong>vase</strong></span> <span class='ocrx_word' id='word_1_780' title='bbox 3089 4521 3267 4574; x_wconf 89' lang='lat' dir='ltr'><strong>omnis</strong></span> <span class='ocrx_word' id='word_1_781' title='bbox 3300 4520 3636 4590; x_wconf 87' lang='lat' dir='ltr'><strong>impuritatis</strong></span> 
     </span>
    </p>
   </div>
   <div class='ocr_carea' id='block_1_107' title="bbox 2066 4611 3418 4685">
    <p class='ocr_par' dir='ltr' id='par_1_107' title="bbox 2066 4611 3418 4685">
     <span class='ocr_line' id='line_1_107' title="bbox 2066 4611 3418 4685; baseline -0.001 -17"><span class='ocrx_word' id='word_1_782' title='bbox 2066 4615 2385 4685; x_wconf 90' lang='lat' dir='ltr'><strong>plenissimo</strong></span> <span class='ocrx_word' id='word_1_783' title='bbox 2416 4615 2470 4667; x_wconf 92' lang='lat' dir='ltr'><strong>in</strong></span> <span class='ocrx_word' id='word_1_784' title='bbox 2499 4613 2831 4668; x_wconf 89' lang='lat' dir='ltr'><strong>audientium</strong></span> <span class='ocrx_word' id='word_1_785' title='bbox 2878 4613 3091 4669; x_wconf 86' lang='lat' dir='ltr'><strong>animos</strong></span> <span class='ocrx_word' id='word_1_786' title='bbox 3119 4611 3418 4668; x_wconf 88' lang='lat' dir='ltr'><strong>transfusa.</strong></span> 
     </span>
    </p>
   </div>
   <div class='ocr_carea' id='block_1_108' title="bbox 2138 4704 3637 4776">
    <p class='ocr_par' dir='ltr' id='par_1_108' title="bbox 2138 4704 3637 4776">
     <span class='ocr_line' id='line_1_108' title="bbox 2138 4704 3637 4776; baseline 0.001 -17"><span class='ocrx_word' id='word_1_787' title='bbox 2138 4705 2270 4759; x_wconf 75' lang='lat' dir='ltr'><strong>Nam</strong></span> <span class='ocrx_word' id='word_1_788' title='bbox 2301 4705 2576 4776; x_wconf 86' lang='lat' dir='ltr'><strong>quomodo</strong></span> <span class='ocrx_word' id='word_1_789' title='bbox 2633 4704 2758 4774; x_wconf 83' lang='lat' dir='ltr'><strong>quis</strong></span> <span class='ocrx_word' id='word_1_790' title='bbox 2814 4706 2868 4758; x_wconf 90' lang='lat' dir='ltr'><strong>in</strong></span> <span class='ocrx_word' id='word_1_791' title='bbox 2915 4704 3098 4759; x_wconf 90' lang='lat' dir='ltr'><strong>divina</strong></span> <span class='ocrx_word' id='word_1_792' title='bbox 3148 4705 3239 4758; x_wconf 88' lang='lat' dir='ltr'><strong>illa</strong></span> <span class='ocrx_word' id='word_1_793' title='bbox 3283 4713 3337 4759; x_wconf 86' lang='lat' dir='ltr'><strong>et</strong></span> <span class='ocrx_word' id='word_1_794' title='bbox 3384 4705 3637 4761; x_wconf 92' lang='lat' dir='ltr'><strong>omnibus</strong></span> 
     </span>
    </p>
   </div>
   <div class='ocr_carea' id='block_1_109' title="bbox 2066 4783 3639 4868">
    <p class='ocr_par' dir='ltr' id='par_1_109' title="bbox 2066 4783 3639 4868">
     <span class='ocr_line' id='line_1_109' title="bbox 2066 4783 3639 4868; baseline -0.003 -11"><span class='ocrx_word' id='word_1_795' title='bbox 2066 4801 2424 4857; x_wconf 90' lang='lat' dir='ltr'><strong>eminentiore</strong></span> <span class='ocrx_word' id='word_1_796' title='bbox 2445 4809 2637 4854; x_wconf 86' lang='lat' dir='ltr'><strong>natura</strong></span> <span class='ocrx_word' id='word_1_797' title='bbox 2676 4783 2780 4853; x_wconf 90' lang='lat' dir='ltr'><strong>tale</strong></span> <span class='ocrx_word' id='word_1_798' title='bbox 2810 4797 3013 4868; x_wconf 87' lang='lat' dir='ltr'><strong>aliquid</strong></span> <span class='ocrx_word' id='word_1_799' title='bbox 3067 4797 3269 4867; x_wconf 82' lang='lat' dir='ltr'><strong>ﬁngere</strong></span> <span class='ocrx_word' id='word_1_800' title='bbox 3323 4797 3540 4865; x_wconf 85' lang='lat' dir='ltr'><strong>audeat,</strong></span> <span class='ocrx_word' id='word_1_801' title='bbox 3580 4807 3639 4852; x_wconf 82' lang='lat' dir='ltr'><strong>ut</strong></span> 
     </span>
    </p>
   </div>
   <div class='ocr_carea' id='block_1_110' title="bbox 2067 4885 3638 4958">
    <p class='ocr_par' dir='ltr' id='par_1_110' title="bbox 2067 4885 3638 4958">
     <span class='ocr_line' id='line_1_110' title="bbox 2067 4885 3638 4958; baseline 0 -16"><span class='ocrx_word' id='word_1_802' title='bbox 2067 4889 2249 4943; x_wconf 90' lang='lat' dir='ltr'><strong>minus</strong></span> <span class='ocrx_word' id='word_1_803' title='bbox 2310 4887 2532 4958; x_wconf 87' lang='lat' dir='ltr'><strong>dignum</strong></span> <span class='ocrx_word' id='word_1_804' title='bbox 2607 4902 2703 4956; x_wconf 90' lang='lat' dir='ltr'><strong>per</strong></span> <span class='ocrx_word' id='word_1_805' title='bbox 2767 4885 3226 4956; x_wconf 89' lang='lat' dir='ltr'><strong>comparationem</strong></span> <span class='ocrx_word' id='word_1_806' title='bbox 3310 4887 3367 4941; x_wconf 89' lang='lat' dir='ltr'><strong>in</strong></span> <span class='ocrx_word' id='word_1_807' title='bbox 3437 4887 3638 4943; x_wconf 88' lang='lat' dir='ltr'><strong>divinis</strong></span> 
     </span>
    </p>
   </div>
   <div class='ocr_carea' id='block_1_111' title="bbox 2070 4979 3634 5050">
    <p class='ocr_par' dir='ltr' id='par_1_111' title="bbox 2070 4979 3634 5050">
     <span class='ocr_line' id='line_1_111' title="bbox 2070 4979 3634 5050; baseline -0.002 -15"><span class='ocrx_word' id='word_1_808' title='bbox 2070 4980 2317 5035; x_wconf 85' lang='lat' dir='ltr'><strong>adstruat</strong></span> <span class='ocrx_word' id='word_1_809' title='bbox 2347 4981 2369 5032; x_wconf 91' lang='lat'><strong>?</strong></span> <span class='ocrx_word' id='word_1_810' title='bbox 2415 4979 2483 5034; x_wconf 85' lang='lat' dir='ltr'><strong>Ut</strong></span> <span class='ocrx_word' id='word_1_811' title='bbox 2511 4995 2720 5045; x_wconf 88' lang='lat' dir='ltr'><strong>omnes,</strong></span> <span class='ocrx_word' id='word_1_812' title='bbox 2757 4979 2954 5050; x_wconf 90' lang='lat' dir='ltr'><strong>inquit,</strong></span> <span class='ocrx_word' id='word_1_813' title='bbox 3012 4979 3358 5049; x_wconf 78' lang='lat' dir='ltr'><strong>honoriﬁcent</strong></span> <span class='ocrx_word' id='word_1_814' title='bbox 3394 4979 3634 5044; x_wconf 84' lang='lat' dir='ltr'><strong>Filium,</strong></span> 
     </span>
    </p>
   </div>
   <div class='ocr_carea' id='block_1_112' title="bbox 2067 5070 3639 5140">
    <p class='ocr_par' dir='ltr' id='par_1_112' title="bbox 2067 5070 3639 5140">
     <span class='ocr_line' id='line_1_112' title="bbox 2067 5070 3639 5140; baseline -0.001 -15"><span class='ocrx_word' id='word_1_815' title='bbox 2067 5071 2508 5140; x_wconf 80' lang='lat' dir='ltr'><strong>quemadmodum</strong></span> <span class='ocrx_word' id='word_1_816' title='bbox 2566 5071 2916 5140; x_wconf 79' lang='lat' dir='ltr'><strong>honoriﬁcam</strong></span> <span class='ocrx_word' id='word_1_817' title='bbox 2969 5070 3185 5126; x_wconf 84' lang='lat' dir='ltr'><strong>Patrem</strong></span> <span class='ocrx_word' id='word_1_818' title='bbox 3209 5073 3275 5125; x_wconf 76' lang='grc'><strong>⁸⁸.</strong></span> <span class='ocrx_word' id='word_1_819' title='bbox 3307 5071 3440 5126; x_wconf 88' lang='lat' dir='ltr'><strong>Cum</strong></span> <span class='ocrx_word' id='word_1_820' title='bbox 3475 5072 3639 5140; x_wconf 81' lang='lat' dir='ltr'><strong>igitur</strong></span> 
     </span>
    </p>
   </div>
   <div class='ocr_carea' id='block_1_113' title="bbox 2065 5164 3638 5236">
    <p class='ocr_par' dir='ltr' id='par_1_113' title="bbox 2065 5164 3638 5236">
     <span class='ocr_line' id='line_1_113' title="bbox 2065 5164 3638 5236; baseline -0.002 -16"><span class='ocrx_word' id='word_1_821' title='bbox 2065 5183 2164 5222; x_wconf 82' lang='lat' dir='ltr'><strong>vox</strong></span> <span class='ocrx_word' id='word_1_822' title='bbox 2193 5167 2306 5220; x_wconf 63' lang='lat' dir='ltr'><strong>haec</strong></span> <span class='ocrx_word' id='word_1_823' title='bbox 2347 5165 2712 5236; x_wconf 64' lang='lat' dir='ltr'><strong>aequalitatem</strong></span> <span class='ocrx_word' id='word_1_824' title='bbox 2745 5164 2992 5231; x_wconf 89' lang='lat' dir='ltr'><strong>honoris,</strong></span> <span class='ocrx_word' id='word_1_825' title='bbox 3023 5166 3182 5236; x_wconf 89' lang='lat' dir='ltr'><strong>quasi</strong></span> <span class='ocrx_word' id='word_1_826' title='bbox 3230 5165 3348 5234; x_wconf 82' lang='lat' dir='ltr'><strong>lege</strong></span> <span class='ocrx_word' id='word_1_827' title='bbox 3383 5165 3490 5216; x_wconf 89' lang='lat' dir='ltr'><strong>lata</strong></span> <span class='ocrx_word' id='word_1_828' title='bbox 3521 5179 3638 5217; x_wconf 86' lang='lat' dir='ltr'><strong>san-</strong></span> 
     </span>
    </p>
   </div>
   <div class='ocr_carea' id='block_1_114' title="bbox 2065 5259 3640 5329">
    <p class='ocr_par' dir='ltr' id='par_1_114' title="bbox 2065 5259 3640 5329">
     <span class='ocr_line' id='line_1_114' title="bbox 2065 5259 3640 5329; baseline -0.002 -13"><span class='ocrx_word' id='word_1_829' title='bbox 2065 5262 2175 5316; x_wconf 87' lang='lat' dir='ltr'><strong>ciat</strong></span> <span class='ocrx_word' id='word_1_830' title='bbox 2203 5280 2217 5316; x_wconf 92' lang='lat'><strong>:</strong></span> <span class='ocrx_word' id='word_1_831' title='bbox 2247 5261 2332 5317; x_wconf 84' lang='lat' dir='ltr'><strong>lex</strong></span> <span class='ocrx_word' id='word_1_832' title='bbox 2365 5261 2510 5316; x_wconf 90' lang='lat' dir='ltr'><strong>enim</strong></span> <span class='ocrx_word' id='word_1_833' title='bbox 2537 5269 2622 5316; x_wconf 91' lang='lat' dir='ltr'><strong>est</strong></span> <span class='ocrx_word' id='word_1_834' title='bbox 2653 5275 2756 5315; x_wconf 84' lang='lat' dir='ltr'><strong>vox</strong></span> <span class='ocrx_word' id='word_1_835' title='bbox 2790 5261 2978 5316; x_wconf 84' lang='lat' dir='ltr'><strong>divina</strong></span> <span class='ocrx_word' id='word_1_836' title='bbox 3011 5281 3023 5316; x_wconf 94' lang='lat'><strong>:</strong></span> <span class='ocrx_word' id='word_1_837' title='bbox 3059 5263 3164 5317; x_wconf 91' lang='lat' dir='ltr'><strong>iste</strong></span> <span class='ocrx_word' id='word_1_838' title='bbox 3193 5269 3246 5315; x_wconf 90' lang='lat' dir='ltr'><strong>et</strong></span> <span class='ocrx_word' id='word_1_839' title='bbox 3271 5261 3444 5329; x_wconf 83' lang='lat' dir='ltr'><strong>legem</strong></span> <span class='ocrx_word' id='word_1_840' title='bbox 3483 5267 3537 5313; x_wconf 89' lang='lat' dir='ltr'><strong>et</strong></span> <span class='ocrx_word' id='word_1_841' title='bbox 3562 5259 3640 5320; x_wconf 90' lang='lat' dir='ltr'><strong>le-</strong></span> 
     </span>
    </p>
   </div>
   <div class='ocr_carea' id='block_1_115' title="bbox 2066 5350 3636 5425">
    <p class='ocr_par' dir='ltr' id='par_1_115' title="bbox 2066 5350 3636 5425">
     <span class='ocr_line' id='line_1_115' title="bbox 2066 5350 3636 5425; baseline 0 -19"><span class='ocrx_word' id='word_1_842' title='bbox 2066 5354 2375 5424; x_wconf 79' lang='lat' dir='ltr'><strong>gislatorem</strong></span> <span class='ocrx_word' id='word_1_843' title='bbox 2414 5354 2593 5425; x_wconf 89' lang='lat' dir='ltr'><strong>ipsum</strong></span> <span class='ocrx_word' id='word_1_844' title='bbox 2619 5354 2880 5420; x_wconf 88' lang='lat' dir='ltr'><strong>traducit,</strong></span> <span class='ocrx_word' id='word_1_845' title='bbox 2938 5362 2993 5408; x_wconf 90' lang='lat' dir='ltr'><strong>et</strong></span> <span class='ocrx_word' id='word_1_846' title='bbox 3032 5354 3161 5408; x_wconf 92' lang='lat' dir='ltr'><strong>huic</strong></span> <span class='ocrx_word' id='word_1_847' title='bbox 3204 5350 3423 5420; x_wconf 89' lang='lat' dir='ltr'><strong>quidem</strong></span> <span class='ocrx_word' id='word_1_848' title='bbox 3463 5351 3636 5421; x_wconf 88' lang='lat' dir='ltr'><strong>majo-</strong></span> 
     </span>
    </p>
   </div>
   <div class='ocr_carea' id='block_1_116' title="bbox 2067 5438 3639 5509">
    <p class='ocr_par' dir='ltr' id='par_1_116' title="bbox 2067 5438 3639 5509">
     <span class='ocr_line' id='line_1_116' title="bbox 2067 5438 3639 5509; baseline -0.003 -9"><span class='ocrx_word' id='word_1_849' title='bbox 2067 5459 2204 5509; x_wconf 91' lang='lat' dir='ltr'><strong>rem,</strong></span> <span class='ocrx_word' id='word_1_850' title='bbox 2240 5444 2367 5499; x_wconf 91' lang='lat' dir='ltr'><strong>huic</strong></span> <span class='ocrx_word' id='word_1_851' title='bbox 2397 5459 2526 5499; x_wconf 90' lang='lat' dir='ltr'><strong>vero</strong></span> <span class='ocrx_word' id='word_1_852' title='bbox 2553 5445 2819 5501; x_wconf 90' lang='lat' dir='ltr'><strong>minorem</strong></span> <span class='ocrx_word' id='word_1_853' title='bbox 2845 5445 3106 5498; x_wconf 90' lang='lat' dir='ltr'><strong>honorem</strong></span> <span class='ocrx_word' id='word_1_854' title='bbox 3137 5438 3481 5508; x_wconf 89' lang='lat' dir='ltr'><strong>impertitur,</strong></span> <span class='ocrx_word' id='word_1_855' title='bbox 3541 5456 3639 5495; x_wconf 85' lang='lat' dir='ltr'><strong>ne-</strong></span> 
     </span>
    </p>
   </div>
   <div class='ocr_carea' id='block_1_117' title="bbox 2070 5532 3647 5608">
    <p class='ocr_par' dir='ltr' id='par_1_117' title="bbox 2070 5532 3647 5608">
     <span class='ocr_line' id='line_1_117' title="bbox 2070 5532 3647 5608; baseline -0.004 -16"><span class='ocrx_word' id='word_1_856' title='bbox 2070 5537 2185 5593; x_wconf 88' lang='lat' dir='ltr'><strong>scio</strong></span> <span class='ocrx_word' id='word_1_857' title='bbox 2217 5535 2436 5592; x_wconf 85' lang='lat' dir='ltr'><strong>ubinam</strong></span> <span class='ocrx_word' id='word_1_858' title='bbox 2463 5536 2687 5608; x_wconf 88' lang='lat' dir='ltr'><strong>majoris</strong></span> <span class='ocrx_word' id='word_1_859' title='bbox 2707 5544 2762 5591; x_wconf 88' lang='lat' dir='ltr'><strong>et</strong></span> <span class='ocrx_word' id='word_1_860' title='bbox 2789 5532 3019 5590; x_wconf 88' lang='lat' dir='ltr'><strong>minoris</strong></span> <span class='ocrx_word' id='word_1_861' title='bbox 3043 5543 3299 5588; x_wconf 88' lang='lat' dir='ltr'><strong>mensura</strong></span> <span class='ocrx_word' id='word_1_862' title='bbox 3327 5541 3563 5604; x_wconf 81' lang='lat' dir='ltr'><strong>reperta;</strong></span> <span class='ocrx_word' id='word_1_863' title='bbox 3583 5533 3647 5603; x_wconf 18' lang='lat' dir='ltr'><strong>in.</strong></span> 
     </span>
    </p>
   </div>
  </div>
