4046 6156
393 327 497 368 ὁῧῧ

1654 302 1712 358 S.
1736 302 2061 359 GREGORII
2092 305 2382 365 NYSSENI

3531 317 3634 374 556

392 427 674 482 hominum
721 422 864 476 enim
915 417 1188 473 communi
1236 413 1502 470 societate
1532 413 1827 471 diversitas
1868 417 1950 472 di-

2053 420 2327 493 θρωπίνης
2355 423 2657 493 συνηθείας,
2691 426 2742 477 αἱ
2768 425 2904 478 κατά
2931 426 3040 490 ’τὰς
3068 425 3219 490 ἀξίας
3240 426 3513 499 διαφοραὶ,
3536 431 3637 496 τὰς

392 516 661 586 gnitatum
735 512 968 564 honores
1017 507 1201 561 itidem
1257 507 1610 576 optimatibus
1651 505 1951 572 dimetitur,

391 605 464 657 ita
491 611 547 656 ut
579 599 781 655 subditi
816 614 928 652 non
973 599 1161 652 eodem
1222 604 1376 666 gestu
1437 603 1492 650 et
1547 597 1700 649 vultu
1759 597 1956 651 adeant

393 707 545 762 reges
588 706 697 760 quo
747 689 983 744 minores
1040 688 1410 758 magistratus.
1478 686 1582 741 Sed
1639 687 1953 741 adeuntium

391 784 566 852 major
601 780 817 851 quidem
848 788 900 834 et
945 779 1276 835 submissior
1305 779 1518 833 timoris
1551 786 1605 834 et
1639 780 1957 834 reverentia:

393 872 722 942 signiﬁcatio
756 871 994 925 ostendit
1051 885 1268 939 quoque
1305 869 1564 936 majorem
1604 874 1658 921 et
1690 869 1955 921 minorem

393 980 581 1019 eorum
667 964 759 1034 qui
862 963 1207 1016 honorantur
1269 961 1590 1031 dignitatem
1649 967 1702 1013 et
1767 959 1956 1014 .excel-

394 1053 653 1121 lentia'm,
721 1055 922 1124 quique
986 1053 1247 1124 dignitate
1295 1051 1502 1120 priores
1576 1050 1718 1114 sint,
1779 1051 1955 1103 maxi-

394 1161 478 1200 me
543 1145 785 1200 declarat
825 1144 1174 1198 subditorurn
1230 1142 1448 1196 habitus
1493 1150 1546 1196 et
1581 1142 1646 1194 ad
1695 1141 1955 1194 honorem

393 1238 755 1294 exhibendum
812 1235 1195 1301 conformatio,
1246 1233 1468 1303 quando
1529 1233 1654 1301 quis
1693 1232 1956 1300 proximis

393 1331 716 1384 metuendus
747 1343 1029 1397 apparere,
1079 1336 1130 1381 et
1167 1326 1374 1394 majore
1427 1326 1754 1390 reverentia,
1794 1338 1956 1392 quam

395 1423 508 1484 alii,
541 1420 685 1474 affici
729 1422 899 1488 cupit.
941 1417 996 1471 In
1029 1418 1210 1472 divina
1267 1425 1447 1470 autem
1484 1424 1678 1468 natura
1736 1420 1958 1484 propter

394 1513 762 1570 omnimodam
788 1511 1048 1566 bonitatis
1081 1510 1490 1579 perfectionem,
1525 1523 1646 1577 quas
1696 1509 1748 1559 in
1772 1507 1957 1560 divino

395 1605 618 1659 numine
645 1605 806 1664 inest,
865 1618 932 1656 ne
975 1603 1273 1657 secundum
1324 1607 1566 1654 nostram
1623 1600 1838 1668 quidem
1876 1598 1957 1650 in-

396 1695 672 1764 telligendi
724 1694 988 1747 rationem
1025 1693 1406 1763 praecellentia:
1442 1690 1677 1758 alicujus
1736 1688 1956 1741 modum

397 1786 639 1839 invenire
665 1785 810 1838 licet.
848 1785 1055 1849 Quibus
1084 1784 1226 1836 enim
1267 1797 1442 1849 neque
1471 1780 1749 1848 potentiae,
1782 1792 1957 1846 neque

395 1878 598 1945 gloriae,
627 1891 800 1945 neque
832 1875 1130 1943 sapientite,
1161 1889 1336 1941 neque
1371 1871 1749 1941 benignitatis,
1778 1884 1959 1938 neque

394 1969 617 2020 alterius
665 1967 985 2036 cujusquam
1032 1965 1378 2042 perfectionis
1413 1978 1672 2018 excessus
1738 1963 1820 2015 vel
1866 1961 1959 2014 de-

395 2060 570 2112 fectus
601 2059 773 2121 adest,
826 2059 918 2112 sed
952 2059 1132 2127 potius
1184 2058 1368 2110 omnia
1429 2055 1590 2119 bona,
1617 2068 1737 2121 qua:
1790 2050 1958 2104 Filius

394 2149 576 2209 habnt,
603 2149 782 2201 Patris
836 2149 1021 2202 itidem
1053 2157 1201 2213 sunt,
1244 2157 1298 2201 et
1332 2162 1452 2216 qua:
1493 2145 1653 2199 Pater
1693 2143 1954 2212 possidet,

397 2242 449 2294 in
481 2239 614 2293 Filio
649 2255 863 2308 quoque
888 2240 1235 2308 reperiuntur
1268 2257 1280 2292 :
1332 2252 1565 2306 quanam
1612 2238 1822 2289 ratione
1861 2235 1960 2289 lto--

397 2334 546 2386 noris
569 2347 678 2400 prae
710 2330 847 2383 Filio
878 2331 1293 2400 praerogativam
1327 2328 1474 2398 Patri
1520 2327 1857 2381 tribuemus?
1902 2324 1959 2380 Si

395 2424 597 2491 regiam
631 2431 956 2492 potestatem
997 2430 1051 2476 et
1080 2421 1457 2475 excellentiam
1494 2428 1674 2472 mente
1711 2417 1960 2472 eﬂorme«

396 2531 532 2574 mus,
596 2531 683 2568 rex
724 2524 803 2568 est
829 2513 1036 2568 Filius:
1092 2514 1398 2581 siju'dicem
1445 2513 1764 2580 cogitemus,
1798 2525 1959 2564 omne

393 2605 656 2671 judicium
686 2603 1034 2666 Filiicst'“-";
1063 2603 1107 2655 si
1139 2601 1560 2670 magnitudinem
1591 2600 1808 2654 creandi
1846 2601 1960 2653 ani-

397 2708 484 2744 mo
523 2693 916 2759 concipiamus,
950 2690 1133 2743 omnia
1175 2706 1268 2758 per
1322 2692 1496 2758 ipsum
1535 2690 1674 2743 facta
1724 2691 1954 2744 sunt”:

397 2782 442 2836 si
489 2782 541 2832 in
571 2781 886 2833 memoriam
933 2795 1250 2835 revocemus
1301 2789 1500 2835 nostrae
1543 2783 1666 2834 vita:
1713 2797 1955 2845 causam,

337 2892 343 2900 ·
395 2873 646 2925 novimus
677 2886 856 2923 veram
915 2871 1059 2924 illam
1093 2872 1278 2935 vitam,
1331 2888 1452 2941 qlia:
1512 2888 1682 2940 usque
1745 2872 1810 2924 ad
1863 2886 1958 2924 no-

397 2973 566 3017 stram
608 2973 854 3014 naturam
908 2977 1028 3016 sese
1063 2963 1309 3016 demisit:
1375 2963 1418 3016 si
1449 2964 1853 3016 translationem
1894 2978 1957 3018 ex

396 3055 634 3109 tenebris
667 3055 825 3108 nobis
851 3056 920 3109 ob
949 3058 1137 3109 oculos
1186 3071 1470 3125 ponamus,
1500 3071 1606 3108 non
1647 3057 1957 3124 ignoramus

397 3146 574 3199 lumen
608 3160 816 3208 verum,
863 3159 970 3214 quo
1021 3160 1050 3196 a
1087 3146 1433 3198 tenebrarum
1471 3145 1704 3214 caligine
1743 3144 1958 3198 liberati

393 3253 612 3292 smnus:
649 3236 792 3306 quod
822 3237 865 3291 si
901 3235 985 3290 cui
1025 3235 1292 3305 sapientia
1328 3235 1663 3290 honorabilis
1690 3235 1904 3289 videtur
1941 3252 1953 3288 :

391 3344 458 3383 en
487 3328 735 3382 Christus
766 3326 860 3380 Dei
887 3324 1151 3394 sapientia
1172 3335 1221 3378 et
1247 3327 1408 3378 virtus
1436 3335 1513 3377 est
1547 3325 1610 3376 ³⁸⁸.

462 3421 657 3473 Animo
684 3421 846 3488 igitur
880 3427 1068 3472 nostro
1119 3417 1185 3470 ad
1234 3417 1348 3469 inec
1401 3423 1455 3469 et
1503 3417 1699 3469 similia
1751 3415 1955 3470 Christi

391 3511 674 3571 miracula,
709 3517 870 3578 prout
899 3524 994 3577 par
1015 3514 1121 3572 est,
1141 3514 1402 3576 quantum
1421 3507 1581 3568 valet,
1617 3515 1824 3559 tantum
1857 3509 1959 3558 mi-

390 3603 544 3656 rifico
583 3600 817 3670 quodam
872 3598 1033 3652 modo
1088 3598 1421 3660 attendente,
1473 3599 1694 3666 quinam
1730 3598 1956 3651 honoris

389 3708 670 3754 excessus,
690 3699 743 3745 et
775 3706 893 3760 qua:
918 3691 1320 3760 prteeminentia
1347 3691 1582 3759 relinqui
1620 3700 1812 3759 potest,
1838 3706 1957 3758 qua:

392 3783 542 3837 Patri
583 3783 682 3838 soli
719 3783 998 3850 speciatim
1039 3788 1094 3834 et
1129 3781 1345 3851 proprie
1377 3788 1668 3851 competat,
1708 3790 1762 3834 et
1798 3781 1955 3849 cujus

389 3876 512 3944 jure
541 3889 733 3942 expers
763 3873 833 3926 sit
864 3872 1072 3926 Filius?
1105 3871 1215 3926 Nec
1253 3873 1526 3926 humanus
1553 3887 1678 3940 erga
1711 3871 1952 3924 divinum

391 3981 591 4020 numen
623 3964 796 4019 honos
835 3975 980 4018 recta
1011 3965 1220 4017 ratione
1264 3963 1640 4018 consideratus
1673 3962 1819 4016 aliud
1848 3971 1952 4026 est,

388 4072 552 4129 quam
610 4055 824 4110 alfectio
870 4055 1114 4125 quzcdam
1178 4056 1383 4109 amoris
1440 4055 1619 4124 plena,
1667 4061 1721 4108 et
1766 4069 1953 4108 earum

388 4151 805 4220 perfectionum,
835 4164 955 4218 qua:
1010 4148 1086 4201 illi
1132 4149 1340 4211 insunt,
1377 4145 1674 4206 confessio,
1713 4144 1954 4212 mihique

387 4241 621 4302 videtur,
662 4241 734 4295 ita
780 4239 1155 4294 honorandum
1205 4253 1326 4291 esse
1359 4235 1577 4301 Filium,
1611 4235 1752 4290 sicut
1786 4235 1955 4288 hono-

390 4343 545 4388 ratur
566 4315 743 4396 Pater,
780 4331 881 4385 sub
906 4329 1200 4383 dilectionis
1225 4329 1443 4382 nomine
1476 4326 1770 4380 indicatum
1809 4341 1949 4380 esse.

2055 513 2217 582 τιμὰς
2247 517 2356 577 τοῖς
2385 516 2673 586 κρατοῦσιν
2714 518 3005 588 ὁρίζονται,
3037 517 3113 580 ὡς
3157 519 3228 591 μὴ
3255 521 3312 570 ὲν
3348 521 3516 590 ὁμοίῳ
3543 524 3637 576 καὶ

2059 603 2158 674 ίσῳ
2210 605 2285 675 τῷ
2337 607 2594 676 σχήματι,
2661 609 2787 669 τοὺς
2849 607 3192 678 ὑποχειρίους
3249 607 3524 677 βασιλεῦσί
3574 629 3637 666 τε

2060 695 2362 764 προσιέναι,
2415 699 2510 749 καὶ
2552 700 2670 760 ταῖς
2715 698 3138 768 ὑποϐεϐηκυίαις
3182 700 3413 769 ἀρχαῖς·
3443 701 3558 754 ἀλλ’
3600 704 3636 774 ἡ

2057 783 2254 837 πλείων
2281 802 2340 837 τε
2364 787 2456 838 καὶ
2483 777 2742 860 ὑφειμένη
2772 789 2862 840 τοῦ
2895 789 3056 856 ιιιόὸου
3090 789 3183 842 καὶ
3207 791 3306 859 τῆς
3331 791 3509 855 αἰδοῦς
3529 793 3638 846 τῶν

2056 877 2380 944 προσιόντων
2426 879 2678 943 ἐπίδειξις
2745 880 2798 931 τὸ
2839 881 3011 933 ἐνδέον
3046 883 3137 934 καὶ
3194 883 3507 952 περιττεῦον
3534 887 3638 954 τῆς

2056 968 2216 1037 τιμῆς
2252 969 2341 1019 ἐπὶ
2385 969 2491 1020 τῶν
2539 971 2862 1040 τιμωμένων
2915 971 3242 1024 ἐνδείκνυται
3269 990 3281 1002 ’
3325 974 3418 1026 καὶ
3461 973 3636 1047 τούτῳ

2061 1057 2290 1127 μάλιστα
2316 1061 2440 1122 τοὺς
2462 1062 2884 1131 προτιμοτέρους
2924 1063 2980 1113 ὲν
3015 1065 3078 1132 τῇ
3105 1063 3338 1115 διαθέσει
3366 1065 3474 1117 τῶν
3504 1067 3638 1119 ὐπο-

2058 1151 2277 1220 χειρίων
2310 1151 2459 1204 ἔστιν
2509 1154 2707 1223 εὑρεῖν,
2765 1154 2892 1205 ὅταν
2925 1171 3008 1216 τις
3047 1151 3184 1224 ὑπὲρ
3207 1154 3298 1206 τοῦ
3327 1158 3439 1218 τοῖς
3468 1157 3638 1220 πέλας

2059 1242 2302 1312 φοϐερῶς
2350 1239 2488 1296 εἶναι
2538 1245 2754 1313 μᾶλλον,
2816 1245 2911 1297 καὶ
2973 1243 3216 1307 πλείονος
3265 1248 3364 1315 τῆς
3388 1247 3568 1309 αἰδοῦς
3599 1249 3633 1319 ἦ

2057 1335 2198 1387 κατὰ
2221 1336 2345 1396 τοὺς
2367 1334 2583 1397 λοιποὺς
2617 1335 2895 1398 ἀξιοῦσθαι
2921 1336 3082 1388 δοκεῖ.
3129 1335 3252 1387 Ἐπὶ
3275 1337 3328 1389 δὲ
3359 1340 3454 1406 τῆς
3486 1339 3635 1402 θείας

2058 1426 2288 1493 φύσεως,
2321 1426 2407 1478 διὰ
2434 1427 2494 1478 τὸ
2529 1428 2706 1478 πᾶσαν
2735 1426 2830 1496 τὴν
2852 1426 3064 1479 κατὰτὸ
3094 1427 3298 1494 ἀγωῑῦν
3327 1428 3637 1499 τελειότητα

2060 1515 2516 1584 συνεμφαίνεσθαι
2545 1516 2620 1585 τῷ
2647 1516 2738 1569 τοῦ
2767 1517 2924 1571 Θείου
2963 1519 3332 1588 προσρήματι,
3357 1520 3454 1572 οὐκ
3488 1520 3636 1572 ἔστιν

2057 1609 2256 1678 εὑρεῖν,
2292 1609 2431 1661 κατά
2467 1626 2529 1676 γε
2559 1607 2654 1678 τὴν
2689 1609 2964 1678 ἡμετέραν
3008 1610 3262 1672 διάνοιαν,
3298 1611 3388 1663 τὸν
3435 1612 3634 1681 τρόπον

2057 1700 2155 1768 τῆς
2185 1701 2579 1770 προτιμήσεως.
2613 1700 2698 1752 Ἐν
2725 1696 2803 1759 οἷς
2829 1700 2934 1770 γὰρ
2964 1702 3024 1752 οὐ
3045 1701 3346 1768 δυνάμεως,
3366 1702 3425 1753 οὐ
3453 1701 3630 1772 δόξης,

2057 1788 2117 1841 οὐ
2149 1789 2356 1856 σοφίας,
2376 1790 2435 1840 οὐ
2469 1789 2893 1859 φιλανθρωπίας,
2917 1790 3035 1842 οὐδέ
3057 1808 3198 1853 τινος
3224 1792 3358 1855 ὅλως
3376 1793 3474 1860 τῆς
3495 1793 3637 1845 κατά

2057 1879 2117 1932 τὸ
2163 1879 2364 1947 ἀγαθὸν
2413 1881 2622 1944 ἐννοίας
2710 1881 3045 1951 πλεονασμὸς
3096 1883 3128 1954 ἢ
3181 1883 3471 1946 ἐλάττωσις
3514 1885 3637 1935 ἐπιο

2057 1973 2276 2033 νοεῖται,
2308 1969 2442 2023 ἀλλά
2471 1972 2665 2033 πάντα,
2704 1973 2803 2024 ὅσα
2834 1971 2944 2041 ἔχει
2969 1973 2995 2024 ό
3017 1971 3143 2033 Υἱὸς
3165 1971 3362 2039 ἀγαθὰ,
3397 1971 3487 2023 τοῦ
3519 1973 3634 2025 Πα-

2057 2061 2182 2131 τρός
2202 2063 2336 2125 ἐστι,
2364 2063 2457 2114 καὶ
2493 2063 2565 2115 τὰ
2594 2062 2685 2114 τοῦ
2713 2063 2923 2133 Πατρὸς
2949 2062 3127 2116 πάντα
3152 2064 3208 2114 ὲν
3230 2063 3304 2132 τῷ
3333 2062 3445 2131 Υἱῷ
3495 2062 3634 2115 καθ-

2058 2157 2248 2225 ορᾶται
2269 2172 2282 2186 ’
2312 2154 2429 2215 πῶς
2473 2155 2804 2216 διατεθέντες
2831 2155 2890 2206 τὸ
2926 2154 3087 2206 πλέον
3101 2155 3198 2223 τῆς
3222 2154 3386 2223 τιμῆς
3417 2155 3508 2207 ἐπὶ
3537 2154 3632 2208 τοῦ

2059 2248 2271 2317 Πατρδς
2299 2246 2636 2315 ἐνδειξώμεθα
2660 2263 2674 2311 ;
2704 2247 2764 2298 Εἰ
2793 2245 3070 2316 βασιλικὴν
3094 2245 3321 2316 δύναμιν
3337 2248 3454 2298 κατ’
3477 2246 3637 2311 ἀξίαν

2059 2342 2124 2408 τῇ
2159 2337 2364 2406 διανοίᾳ
2413 2337 2690 2406 λάϐοιμεν,
2729 2337 2977 2405 βασιλεὺς
3033 2339 3060 2390 ὁ
3103 2336 3262 2398 Υἱός·
3313 2337 3406 2389 ἐὰν
3442 2338 3634 2408 κριτὴν

2059 2428 2417 2497 ἐννοήσωμεν,
2451 2429 2482 2497 ἠ
2542 2427 2718 2496 κρίσις
2763 2429 2911 2479 πᾶσα
2944 2427 3038 2479 τοῦ
3077 2429 3204 2480 Υἰοῦ
3240 2431 3415 2481 ἐστιν·
3441 2429 3536 2479 ἐὰν
3573 2426 3636 2477 τὸ

2063 2517 2342 2586 μεγαλεῖον
2379 2517 2477 2584 τῆς
2503 2516 2732 2577 κτίσεως
2760 2516 2825 2588 τῇ
2860 2513 3003 2584 ψυχῇ
3030 2514 3331 2582 δεξώμεθα,
3360 2513 3536 2566 πάντα
3565 2512 3635 2564 δι’

2059 2607 2221 2660 αὑτοῦ
2272 2607 2517 2674 ἐγένετο*
2577 2605 2669 2658 ὲάν
2719 2606 2816 2674 τῆς
2851 2606 3124 2676 ἡμετέρας
3164 2606 3306 2674 ζωῆς
3334 2605 3431 2674 τὴν
3456 2604 3635 2656 αίτίαν

2061 2698 2496 2766 κατανοήσωμεν,
2552 2696 2769 2764 οἴδαμεν
2814 2696 2913 2766 τὴν
2958 2696 3132 2764 ἀληθῆ
3166 2695 3310 2764 ζωὴν
3341 2696 3438 2764 τὴν
3469 2694 3633 2763 μέχρι

2059 2787 2156 2855 τῆς
2189 2785 2401 2854 φύσεως
2442 2784 2596 2854 ἡμῶν
2661 2785 2972 2836 καταϐᾶσαν
3005 2801 3018 2814 ·
3054 2786 3153 2838 κᾶν
3193 2786 3255 2836 ὲκ
3283 2783 3373 2836 τοῦ
3409 2785 3636 2846 σκότους

2063 2879 2389 2947 μετάστασιν
2417 2875 2837 2946 καταμάθωμεν,
2871 2877 2969 2928 οὐκ
3005 2875 3307 2946 ἀγνοοῦμεν
3340 2874 3398 2926 τὺ
3428 2873 3543 2942 φῶς
3571 2873 3635 2926 τὸ

2061 2968 2328 3039 ἀληθινὸν,
2383 2967 2448 3019 δι’
2497 2959 2553 3018 οὗ
2601 2966 2693 3018 τοῦ
2736 2969 2960 3030 σκότους
2989 2964 3456 3037 ἡλλοτριώθημεν·
3488 2966 3536 3016 εἰ
3571 2964 3632 3017 δέ

1985 3083 2026 3139 c
2060 3081 2158 3116 τινι
2206 3063 2384 3134 τίμιον
2413 3063 2446 3131 ἡ
2501 3061 2660 3130 σοφία
2694 3061 2859 3130 δοκεῖ,
2907 3059 3143 3132 Χριστὸς
3193 3058 3338 3113 Θεοῦ
3379 3058 3634 3127 δύναμις

2060 3149 2156 3210 xiii
2185 3155 2328 3208 Θεοῦ
2360 3154 2564 3222 σοφία.
2913 3194 2928 3219 ,

2129 3415 2270 3486 Πρὸς
2299 3416 2476 3468 τοίνυν
2499 3416 2566 3468 τὰ
2587 3412 2810 3469 τοιαῦτα
2830 3415 2921 3466 καὶ
2947 3414 3245 3485 τηλικαῦτα
3263 3415 3355 3468 τοῦ
3385 3417 3626 3487 Χριστοῦ

2059 3505 2328 3576 θαύματα,
2388 3506 2487 3574 τῆς
2537 3507 2713 3576 ψυχῆς
2771 3504 2947 3577 ἡμῶν,
3005 3506 3146 3558 κατὰ
3201 3506 3262 3558 τὸ
3309 3507 3453 3570 εἰκὸς
3504 3508 3630 3560 ὅσον

2057 3601 2242 3668 χωρεῖ,
2269 3597 2516 3650 τοσοῦτον
2535 3597 2915 3667 θαυμαστικῶς
2945 3596 3335 3667 διατιθεμένης,
3361 3599 3442 3660 τίς
3467 3598 3567 3649 ὑπε
3579 3616 3632 3668 ρο

2057 3688 2186 3758 ϐολὴ
2220 3690 2382 3759 τιμῆς
2416 3689 2822 3759 καταληφθῆναι
2853 3690 3162 3760 δυνήσεται,
3204 3692 3302 3757 τῆς
3346 3688 3421 3757 τῷ
3452 3690 3630 3760 Πατρὶ

2060 3779 2204 3847 μόνῳ
2267 3779 2646 3850 κατεξαίρετον
2707 3780 3160 3850 προσαγομένης,
3217 3773 3282 3849 ἦς
3337 3780 3626 3849 ἀμοιρήσει

2057 3870 2372 3937 πρεπόντως
2405 3872 2433 3923 ὁ
2472 3869 2704 3941 Κύριος;
2755 3872 2894 3925 Αὐτὸ
2921 3873 3026 3943 γὰρ
3055 3873 3212 3926 τοῦτο
3242 3873 3274 3946 ἡ
3312 3870 3625 3948 ἀνθρωπίνη

2057 3960 2191 4029 πρὸς
2222 3961 2283 4014 τὸ
2323 3963 2474 4015 Θεῖον
2521 3961 2684 4031 τιμὴ,
2738 3963 2877 4016 κατά
2909 3963 2997 4015 τὸν
3026 3966 3208 4016 εἰκότα
3239 3965 3364 4018 νοῦν
3392 3967 3629 4039 θεωρου-

2059 4050 2191 4120 μένη
2220 4093 2233 4114 ,
2275 4052 2496 4121 οὐδεμία
2541 4069 2624 4115 τις
2667 4051 2800 4122 ἄλλη
2845 4053 2989 4105 ἐστὶν
3014 4093 3028 4116 ,
3077 4055 3190 4108 ἀλλ’
3234 4056 3266 4126 ἢ
3310 4057 3626 4131 ἀγαπητικὴ

2057 4140 2256 4210 σχέσις,
2298 4142 2392 4194 καὶ
2431 4144 2462 4212 ἡ
2512 4143 2618 4195 τῶν
2648 4143 2956 4213 προσόντων
3010 4145 3156 4215 αὐτῷ
3187 4147 3403 4214 ἀγαθῶν
3435 4149 3629 4218 ὁμολο-

2054 4233 2169 4300 γία,
2215 4233 2306 4285 καί
2338 4251 2426 4303 μοι
2457 4235 2602 4287 δοκεῖ
2631 4235 2692 4288 τὸ
2717 4235 2858 4288 οὕτω
2887 4237 2996 4290 δεῖν
3037 4239 3295 4307 τιμᾶσθαι
3353 4241 3442 4293 τὸν
3473 4242 3621 4307 Υίὸν,

2053 4323 2126 4386 ὡς
2155 4325 2183 4376 ὁ
2231 4325 2418 4395 Πατὴρ
2447 4326 2691 4395 τιμᾶται,
2730 4326 2851 4379 ἀντὶ
2882 4326 2987 4393 τῆς
3018 4327 3253 4396 ἀγάπης
3285 4329 3388 4383 ὑπὸ
3415 4331 3508 4383 τοῦ
3538 4332 3628 4384 λό-

386 4424 493 4480 Lex
519 4426 661 4480 enim
687 4424 925 4488 mandat,
946 4432 1004 4476 ut
1035 4421 1202 4476 Deum
1234 4436 1300 4475 ex
1331 4427 1446 4473 toto
1462 4417 1627 4472 corde
1660 4427 1714 4472 et
1739 4416 1950 4471 viribus

2054 4433 2152 4484 γου
2177 4417 2449 4486 τετάχθαι.
2493 4419 2552 4470 ’0
2597 4419 2703 4488 γὰρ
2730 4419 2891 4488 νόμος
2923 4421 2980 4472 ὲν
3019 4420 3096 4490 τῷ
3126 4424 3347 4492 ἀγαπᾷν
3370 4424 3460 4477 τὸν
3488 4425 3625 4477 Θεὸν

385 4517 696 4584 diligamus,
720 4531 828 4584 quo
855 4515 1183 4569 conveniens
1214 4513 1261 4566 ei
1311 4513 1484 4565 honor
1517 4509 1861 4570 exhibeatur,
1897 4515 1951 4562 et

385 4617 730 4676 praereptura,
757 4607 898 4676 quod
950 4607 1038 4659 hic
1067 4605 1432 4675 aequalitatem
1492 4602 1799 4658 dilectionis
1839 4601 1951 4654 vel-

385 4708 444 4751 ut
484 4700 596 4769 lege
629 4701 733 4754 lata
762 4701 953 4764 sancit,
1009 4700 1089 4754 sic
1129 4699 1204 4751 ait
1255 4706 1505 4766 oportere
1540 4694 1734 4749 Filium
1783 4696 1951 4748 hono-

382 4806 530 4854 rare,
551 4790 690 4844 sicut
741 4793 1043 4845 honoratur
1077 4790 1255 4844 Pater.
1286 4788 1441 4843 Hunc
1474 4789 1698 4842 honoris
1729 4789 1948 4842 modum

382 4880 690 4935 observavit
742 4881 904 4936 etiam
967 4895 1092 4950 erga
1151 4880 1438 4933 Dominum
1483 4893 1712 4948 magnus
1751 4877 1942 4940 David,

381 4970 728 5040 inprommio
787 4970 1068 5038 cujusdam
1108 4971 1298 5040 psalmi
1351 4972 1417 5034 ’⁸,
1465 4969 1593 5024 dum
1655 4969 1944 5023 conﬁtetur

380 5063 606 5132 diligere
639 5077 698 5115 se
725 5060 1032 5123 Dominum,
1082 5061 1350 5131 simulque
1401 5060 1708 5115 dilectionis
1747 5073 1943 5114 causas

378 5155 634 5224 explicat,
667 5153 808 5224 quod
859 5153 1065 5208 scilicet
1121 5153 1221 5207 sibi
1253 5162 1396 5207 esset
1440 5152 1719 5219 fortitudo,
1761 5150 1943 5217 ﬁrma-

379 5256 629 5309 mentum,
671 5255 724 5299 et
752 5242 1032 5313 refugium,
1065 5251 1117 5297 et
1153 5243 1420 5306 liberator,
1449 5251 1502 5297 et
1550 5242 1684 5295 Deus
1707 5241 1942 5295 auxilia—

381 5344 482 5398 tor,
511 5342 565 5390 et
593 5345 871 5405 protector,
905 5341 960 5388 et
1001 5349 1159 5386 cornu
1197 5333 1410 5396 salutis,
1443 5342 1497 5388 et
1546 5332 1769 5400 adjutor
1798 5332 1865 5394 ³⁸,
1887 5340 1941 5384 et

381 5424 435 5476 id
475 5441 642 5494 genus
673 5429 800 5482 alia.
837 5427 892 5480 Si
924 5426 1090 5496 igitur
1139 5426 1451 5495 unigenitus
1491 5425 1580 5479 Dei
1612 5422 1780 5477 Filius
1826 5424 1939 5476 haec

380 5514 562 5568 omnia
591 5533 688 5572 nec
721 5529 825 5587 est,
850 5535 949 5574 nec
982 5525 1220 5592 praestat,
1261 5516 1576 5586 ncgeturilli
1612 5530 1742 5570 sane
1760 5515 1938 5568 hono-

412 5686 529 5726 ⁵⁵-²²
553 5690 702 5748 Joan.
735 5711 784 5762 v,
823 5697 911 5750 ‘29..

1022 5700 1066 5730 "
1101 5698 1258 5754 Joan.
1291 5716 1326 5764 ι,
1357 5699 1407 5752 5.
1485 5696 1570 5749 "l
1608 5696 1727 5751 Cor.
1775 5695 1923 5761 μοι.

2001 5694 2046 5724 ’⁵
2071 5691 2215 5748 Psal.
2253 5711 2344 5759 vn,
2388 5696 2436 5749 l.

2048 4505 2106 4572 ἐξ
2125 4506 2252 4575 ὅλης
2281 4507 2505 4577 καρδίας
2555 4508 2949 4579 καὶδυνάμεως
3005 4511 3102 4580 τὴν
3136 4513 3446 4582 πρέπουσαν
3475 4516 3625 4586 αὑτῷ

2047 4596 2208 4668 τιμὴν
2238 4598 2528 4668 ἀπονέμειν
2560 4599 2769 4652 κελεύει
2790 4617 2804 4630 ·
2847 4605 2938 4654 καὶ
2967 4603 3196 4656 ἐνταῦθα
3223 4604 3285 4657 τὸ
3319 4607 3622 4659 ἰσοστάσιον

2047 4690 2144 4759 τῆς
2175 4690 2420 4760 ἀγάπης,
2469 4691 2497 4743 ὂ
2534 4692 2562 4743 ὁ
2604 4691 2759 4760 λόγος
2815 4693 3114 4762 νομοθετῶν
3163 4695 3305 4749 οὕτω
3339 4700 3470 4767 φησὶ
3507 4699 3619 4753 δεῖν

2048 4781 2308 4848 τιμᾶσθαι
2336 4781 2428 4834 τὸν
2458 4781 2606 4845 Υἱὸν,
2640 4781 2714 4845 ὡς
2745 4785 2773 4835 ὁ
2799 4782 2984 4854 Πατὴρ
3013 4787 3255 4853 τιμᾶται.
3306 4788 3504 4842 Τοῦτον
3527 4790 3621 4844 τὸν

2049 4871 2247 4941 τρόπον
2273 4871 2371 4940 τῆς
2394 4872 2556 4940 τιμῆς
2587 4873 2823 4943 ἐπλήρου
2862 4875 2955 4926 καὶ
2993 4876 3022 4927 ὁ
3072 4876 3243 4944 μέγας
3281 4877 3444 4930 Δαόὶδ
3483 4879 3622 4950 πρὸς

2047 4961 2137 5014 τὸν
2165 4962 2366 5032 Κύριον
2398 4962 2454 5013 ἐν
2483 4980 2586 5015 τινι
2612 4965 2878 5035 προοιμίῳ
2907 4966 3003 5036 τῆς
3029 4965 3364 5037 ψαλμῳδίας,
3401 4971 3621 5042 ἀγαπᾷν

2048 5050 2322 5122 ὁμολογῶν
2367 5050 2458 5105 τὸν
2503 5051 2726 5124 Κύριον,
2760 5055 2852 5106 καὶ
2892 5054 3102 5119 διεξιὼν
3145 5058 3214 5109 τὰ
3259 5058 3356 5127 τῆς
3399 5060 3621 5128 ἀγάπης

2049 5145 2215 5209 αἴτια,
2264 5143 2466 5212 ἰσχὺν,
2509 5145 2602 5198 καὶ
2683 5148 3034 5214 κραταίωμα.
3079 5149 3171 5200 καὶ
3240 5150 3616 5219 καταφυγὴν,

2043 5236 2135 5289 καὶ
2155 5237 2414 5304 ῥυστὴν,
2460 5238 2553 5290 καὶ
2601 5238 2749 5291 Θεὸν
2799 5239 3050 5306 βοηθὸν,
3094 5241 3188 5294 καὶ
3228 5241 3467 5305 ἐλπίδα,
3528 5243 3622 5295 καὶ

2043 5327 2520 5396 ὑπερασπιστὴν,
2549 5330 2643 5382 καὶ
2688 5332 2983 5397 σωτηρίας
3018 5333 3215 5399 κέρας,
3246 5333 3338 5386 καὶ
3384 5334 3622 5403 dwarf-

2042 5434 2247 5485 πτορα,
2273 5417 2367 5470 καὶ
2395 5415 2464 5470 τὰ
2492 5417 2715 5470 τοιαῦτα
2746 5418 2944 5474 καλῶν.
2974 5421 3034 5472 Εἰ
3065 5421 3164 5489 μὲν
3191 5417 3284 5475 οὖν
3314 5423 3412 5475 οὐκ
3474 5423 3620 5475 ἐστιν

2041 5508 2069 5558 ὁ
2099 5507 2389 5576 μονογενὴς
2430 5507 2555 5570 Υἱὸς
2599 5509 2769 5561 ταῦτα
2811 5513 2922 5572 τοῖς
2967 5509 3276 5581 ἀνθρώποις
3307 5511 3616 5580 γενόμενος,

2515 5697 2559 5727 ³ο
2600 5694 2743 5752 I’sal.
2776 5670 2906 5763 xvii,
2945 5698 2999 5763 9.,
3037 5699 3089 5753 ὅ.
