4064 6146
308 301 414 357 357

1495 299 1774 356 CONTRA
1816 296 2217 366 EUNOMIUM,
2255 298 2380 352 LIB.
2420 298 2454 351 l.

3485 298 3588 351 353

309 415 722 469 ὕποστελλέσθω
747 416 809 468 τὸ
842 415 1132 480 πλεονάζον
1179 415 1278 486 τῆς
1322 414 1488 486 τιμῆς
1533 417 1626 470 ἐπὶ
1675 416 1890 479 τούτου,

1998 415 2072 469 ris
2140 413 2522 482 prmecllentia,
2556 420 2612 465 ut
2657 412 3019 466 lmresiarclia
3049 415 3366 484 contendit;
3401 420 3447 474 si
3480 435 3573 476 au-

309 507 455 560 κατά
481 509 572 560 τὸν
600 508 697 578 τῆς
721 508 984 579 αἱρέσεως
1009 507 1172 577 νόμον
1192 523 1204 535 ’
1233 510 1280 560 εὶ
1309 507 1366 560 δὲ
1387 509 1561 562 πάντα
1587 508 1776 570 ταῦτα,
1800 508 1894 561 καὶ
1930 509 1937 516 ’

311 600 455 668 ὑπὲρ
485 599 659 651 ταῦτα
708 599 798 652 τὸν
831 599 1092 670 μονογενῆ
1126 598 1260 652 Θεὸν
1287 595 1425 651 εἷναί
1471 617 1529 652 τε
1570 601 1661 652 καὶ
1693 602 1890 669 ὀνομά-

312 689 502 755 ζεσθαι
555 689 1036 761 πεπιστεύκαμεν,
1084 691 1225 744 κατὰ
1272 693 1452 744 πᾶσαν
1507 691 1712 759 ἀγαθοῦ
1756 691 1895 762 πρά-

310 798 517 849 γματος
561 781 654 832 καὶ
695 783 963 851 νοήματος
1023 782 1285 844 ἐπίνοιαν,
1329 781 1463 850 πρὸς
1507 781 1567 832 τὸ
1612 781 1894 851 μεγαλεῖον

311 871 409 939 τῆς
438 873 494 921 ἐν
526 870 602 940 τῷ
635 873 810 938 Πατρὶ
837 872 1170 941 ἀγαθότητος
1202 873 1579 942 ἐξισαζόμενον
1613 890 1625 901 ·
1677 872 1794 934 πῶς
1828 873 1895 926 ἀν

311 979 394 1025 τις
415 961 644 1030 εὔλογον
674 960 808 1017 εἶναι
853 964 1020 1031 λέγοι,
1055 965 1087 1034 ἢ
1123 966 1196 1034 μὴ
1238 965 1454 1034 ἀγαπᾷν
1481 965 1543 1017 τὸ
1568 964 1827 1028 τοιοῦτον,
1857 966 1891 1036 ἦ

312 1055 600 1124 ἀτιμάζειν
628 1055 686 1107 τὸ
716 1055 1111 1126 ἀγαπώμενον;
1179 1059 1250 1110 Οὑ
1289 1059 1395 1126 γάρ
1428 1057 1491 1110 ἂν
1517 1058 1660 1111 εἴποι
1688 1077 1771 1121 τις
1793 1059 1893 1128 τὴν

319 1148 417 1215 μὲν
447 1148 665 1217 ἀγάπην
690 1149 796 1200 δεῖν
827 1151 883 1215 ἐξ
911 1150 1035 1217 ὅλης
1064 1149 1340 1219 ἔρχεσθαί
1380 1152 1478 1219 τῆς
1511 1150 1733 1220 καρδίας
1801 1149 1894 1203 καὶ

314 1237 415 1306 τῆς
443 1239 741 1309 δυνάμεως,
777 1239 872 1311 τὴν
919 1241 973 1293 δέ
1017 1242 1178 1311 τιμὴν
1208 1241 1264 1307 ἐξ
1305 1242 1580 1311 ἡμισείας.
1622 1243 1685 1294 Εἰ
1716 1236 1806 1295 οὖν
1835 1243 1895 1307 ἐξ

318 1329 444 1399 ὅλης
472 1331 570 1400 τῆς
601 1332 822 1400 καρδίας
847 1333 1070 1400 τιμᾶται
1100 1335 1128 1385 ὁ
1157 1333 1304 1396 Υἱὸς,
1329 1333 1416 1386 διὰ
1441 1333 1533 1385 τοῦ
1565 1337 1742 1387 πᾶσαν
1762 1335 1893 1388 ἀνα-

325 1420 528 1474 τιθέναι
561 1421 708 1492 aeu};
762 1423 1002 1494 ἀγάπην,
1038 1424 1119 1486 τίς
1160 1424 1370 1477 ἐπίνοια
1399 1426 1458 1477 τὸ
1491 1425 1650 1478 πλέον
1683 1425 1783 1495 τῆς
1811 1444 1893 1478 τι-

323 1513 430 1582 μῆς
451 1513 746 1584 ἐξευρήσει,
778 1514 905 1584 ὅλης
939 1515 1038 1584 τῆς
1067 1515 1312 1586 καρδίας,
1338 1516 1459 1568 ὅσον
1489 1519 1677 1586 χωρεῖ,
1704 1516 1894 1569 τοσοῦ-

317 1621 408 1658 τον
424 1605 571 1675 αὑτῷ
596 1605 680 1658 διὰ
706 1608 803 1676 τῆς
830 1607 1050 1677 ἀγάπης
1105 1607 1163 1659 τὸ
1189 1607 1290 1676 τῆς
1313 1609 1476 1678 τιμῆς
1503 1608 1697 1678 μέτρον
1725 1608 1895 1679 δωρο-

321 1696 624 1766 φορούσης;
656 1697 816 1750 Ὥστε
861 1697 1086 1767 μάταιος
1130 1698 1221 1750 ἐπὶ
1266 1697 1372 1750 τῶν
1422 1700 1562 1752 κατά
1607 1700 1767 1767 φύσιν
1812 1717 1896 1751 τι-

1998 513 2102 560 tem
2131 506 2425 568 credimus,
2458 507 2640 557 omnia
2672 505 2806 566 hinc,
2849 514 2901 559 et
2927 505 3014 560 his
3049 507 3207 576 longe
3242 511 3418 578 plura,
3457 514 3584 567 uni-

1992 596 2236 666 genitum
2275 594 2470 650 Filium
2512 603 2730 659 etesse,
2758 605 2811 648 et
2845 603 2991 650 recte
3043 597 3174 662 dici,
3215 604 3587 675 :equalemque

1995 686 2142 741 Patri
2168 688 2370 741 factum
2406 688 2460 741 in
2488 688 2635 742 omni
2673 687 3030 758 perfectione,
3056 701 3109 744 et
3154 696 3581 763 magnificentia,

1994 777 2050 832 in
2090 779 2240 832 omni
2295 794 2456 848 Opere
2509 787 2654 832 recto
2713 790 2764 833 et
2813 783 3162 851 cogitatione,
3197 802 3317 854 qua:
3386 789 3439 841 in
3489 806 3586 843 no-

1994 880 2162 925 stram
2189 871 2598 940 intelligentiam
2629 871 2822 926 cadere
2860 876 3355 946 possitzquomodo
3386 881 3583 950 aliquis

1997 961 2194 1016 rationi
2219 971 2645 1017 consentaneum
2698 981 2820 1021 esse
2849 966 3056 1033 credat,
3085 969 3166 1021 vel
3223 985 3328 1023 non
3359 971 3583 1041 diligere

1992 1055 2180 1118 talem,
2231 1054 2311 1107 vel
2357 1069 2517 1122 quem
2549 1055 2741 1125 diligas
2790 1057 3150 1113 inhonorare?
3197 1060 3380 1131 Neque
3435 1065 3578 1118 enim

1996 1157 2146 1200 recte
2175 1145 2299 1214 quis
2333 1144 2534 1199 dixerit
2579 1162 2816 1200 amorem
2858 1163 2922 1202 ex
2952 1157 3064 1202 toto
3104 1152 3266 1205 corde
3326 1161 3380 1206 et
3410 1169 3472 1207 ex
3507 1162 3582 1208 to-

1994 1238 2063 1291 tis
2094 1237 2302 1293 viribus
2333 1237 2604 1307 proficisci
2640 1238 2856 1300 debere,
2915 1240 3175 1294 honorem
3211 1259 3340 1296 vero
3364 1260 3428 1297 ex
3469 1261 3580 1299 me-

1995 1325 2119 1381 diis.
2153 1327 2208 1380 Si
2244 1327 2408 1397 igitur
2435 1329 2736 1382 honoratur
2776 1327 2946 1384 Filius
2981 1346 3042 1384 ex
3077 1338 3191 1385 toto
3217 1333 3401 1396 corde,
3431 1334 3578 1402 quod

1998 1427 2144 1474 totus
2176 1435 2331 1474 amor
2367 1422 2420 1474 in
2451 1437 2577 1475 eum
2627 1422 2697 1475 sit
2729 1423 3116 1486 conferendus,
3145 1440 3392 1492 quaenam
3429 1429 3580 1495 cogi-

1995 1512 2129 1565 tatio
2173 1527 2456 1567 excessum
2515 1513 2737 1568 honoris
2787 1515 3041 1574 inveniet.
3097 1531 3220 1568 cum
3265 1523 3438 1569 totum
3484 1532 3581 1571 cor

1998 1611 2262 1672 quantam
2296 1613 2494 1673 potest,
2526 1613 2733 1662 tantam
2777 1607 2876 1676 ipsi
2925 1624 3020 1676 per
3069 1623 3308 1663 amorem
3352 1609 3578 1665 honoris

2000 1709 2316 1770 mensuram
2343 1695 2702 1750 admetiatur?
2747 1699 2930 1767 Itaque
2961 1715 3131 1754 vanus
3169 1709 3251 1754 est
3286 1709 3339 1754 et
3370 1699 3576 1762 fatuus,

321 1765 462 1860 μίων
510 1765 647 1843 6716
696 1765 1092 1861 προτιμότερον
1137 1790 1496 1861 δογματίζων,
1540 1765 1634 1844 καλ.
1673 1791 1758 1844 διὰ
1798 1792 1893 1861 τῆς

2001 1785 2092 1854 qui
2129 1800 2195 1839 ex
2222 1787 2385 1841 rebus
2421 1789 2474 1842 in
2514 1789 2614 1842 hac
2659 1804 2838 1842 rerum
2878 1790 3232 1846 universitate
3258 1791 3464 1847 honore
3496 1793 3579 1846 di-

317 1880 574 1952 τοιαύτης
615 1880 952 1951 συγκρίσεως
986 1878 1078 1932 τοῦ
1123 1881 1443 1951 ἀτιμοτέρου
1486 1873 1770 1952 δπαριστῶν
1801 1883 1896 1952 τὴν

311 1972 549 2028 ἔννοιαν.

399 2155 560 2208 Ἀλλά
602 2156 696 2208 καὶ
731 2153 789 2206 τὸ
818 2153 1225 2221 πρεσϐύτερον
1281 2152 1373 2205 ἐπὶ
1403 2152 1500 2222 μὲν
1527 2151 1622 2221 τῆς
1669 2151 1896 2214 κτίσεως

308 2247 497 2315 λέγειν
532 2246 727 2315 ἀληθές
759 2248 874 2298 ἐστι
903 2263 916 2276 ·
969 2246 1068 2315 τῆς
1099 2245 1206 2314 γάρ
1235 2243 1553 2306 ἀκολουθίας
1586 2242 1692 2295 τῶν
1720 2243 1896 2313 ἔργων

311 2341 374 2392 ἐν
421 2341 488 2407 τῇ
537 2336 684 2401 τάξει
724 2331 832 2390 τῶν
861 2334 1080 2405 ἡμερῶν
1120 2335 1500 2405 δεικνυμένης,
1546 2333 1690 2387 εἴποι
1722 2353 1804 2396 τις
1831 2334 1896 2387 ἂν

305 2430 416 2499 τῆς
466 2430 559 2482 τοῦ
613 2428 898 2500 ἀνθρώπου
961 2430 1303 2497 κατασκευῆς
1365 2426 1577 2480 τόσονδε
1636 2426 1897 2497 προγενέ-

314 2536 507 2588 στερον
548 2515 686 2572 εἶναι
725 2521 815 2573 τὸν
857 2518 1104 2587 οὐρανὸν,
1149 2519 1242 2571 καὶ
1287 2517 1638 2588 διαμετρήσει
1675 2517 1764 2568 τὸν
1808 2516 1896 2569 διά

312 2610 486 2680 μέσου
532 2611 720 2680 χρόνον
759 2610 836 2680 τῷ
869 2609 978 2663 τῶν
1010 2608 1232 2679 ἡμερῶν
1273 2607 1627 2676 διαστήματι.
1685 2607 1808 2658 Ἐπὶ
1837 2607 1893 2660 δὲ

309 2704 413 2772 τῆς
442 2701 666 2773 πρώτης
694 2702 906 2770 φύσεως
931 2703 1027 2771 τῆς
1059 2703 1238 2754 πᾶσαν
1268 2700 1366 2768 μὲν
1403 2699 1657 2769 χρονικὴν
1687 2698 1893 2751 ἔννοιαν

311 2792 743 2862 ὑπεραιρούσης,
773 2793 951 2844 πᾶσαν
984 2792 1026 2843 δ’
1059 2793 1296 2844 ἐπίνοιαν
1321 2791 1730 2862 καταληπτικὴν
1762 2792 1898 2843 ἀποο

307 2883 633 2952 λειπούσης,
668 2884 727 2935 τὸ
761 2883 858 2954 μέν
892 2901 945 2935 τι
973 2883 1231 2951 προάγειν
1258 2885 1314 2936 ἐν
1340 2887 1450 2946 τοῖς
1491 2883 1632 2936 κατὰ
1657 2883 1747 2934 τὸν
1774 2883 1898 2954 χρό-

309 2990 401 3027 νον
431 2973 779 3044 πρεσϐείοις,
830 2973 892 3024 τὸ
926 2973 985 3026 δὲ
1017 2973 1388 3043 ἐφυστερίζειν
1417 2973 1642 3036 οἴεσθαι,
1673 2974 1770 3042 τῆς
1802 2973 1896 3025 νῦν

310 3065 678 3133 ἀναφανείσης
727 3065 918 3131 σοφίας
953 3066 1118 3117 ἐστίν.
1180 3063 1237 3116 '0
1271 3064 1377 3134 γὰρ
1408 3063 1775 3135 πρεσϐύτερον
1804 3063 1894 3116 τὸν

312 3158 532 3228 Πατέρα
563 3161 662 3228 τῆς
693 3157 783 3209 τοῦ
833 3156 1167 3225 Μονογενοῦς
1210 3157 1560 3219 ὑποστάσεως
1599 3157 1896 3226 ἀποφαινό-

315 3267 514 3320 μενος,
560 3249 710 3301 οὺδὲν
754 3235 880 3302 ἄλλο
935 3249 967 3320 ἢ
1025 3248 1284 3318 νεώτερον
1330 3250 1438 3300 τῶν
1482 3247 1571 3300 διά
1622 3247 1715 3300 τοῦ
1762 3246 1892 3301 Υἰοῦ

312 3340 622 3410 γενομένων
672 3339 834 3392 αὑτὸν
868 3339 956 3392 τὸν
982 3340 1109 3392 Υίὺν
1139 3339 1525 3407 ἀποφαίνεται·
1564 3339 1722 3409 εἴπερ
1758 3335 1911 3407 ἀλη-’

315 3430 407 3494 θὲς
433 3432 640 3494 πάντας
690 3431 890 3494 αἰῶνας
928 3430 1020 3482 καὶ
1051 3431 1158 3482 πᾶν
1184 3429 1458 3500 διάστημα
1483 3429 1728 3501 χρονικὸν
1757 3428 1892 3499 μετά

313 3522 404 3576 τὸν
437 3523 590 3586 Υἱδν,
623 3525 716 3576 καὶ
762 3523 848 3577 διὰ
876 3522 969 3576 τοῦ
1007 3522 1136 3575 Υἱοῦ
1165 3521 1491 3592 γεγενῆσθαι
1532 3521 1730 3589 λέγειν.
1781 3521 1893 3574 Καὶ

315 3615 395 3670 ἔτι
440 3617 573 3686 πρὸς
620 3615 848 3679 τούτοις,
897 3617 1032 3688 ὅπερ
1075 3617 1169 3668 καὶ
1207 3615 1408 3686 μᾶλλον
1454 3614 1749 3684 ἀπελέγχει
1794 3613 1893 3683 τὴν

317 3709 548 3762 ἀτοπίαν
574 3709 668 3760 τοῦ
693 3708 976 3778 δόγματος,
1012 3709 1072 3761 οὑ
1103 3707 1261 3776 μόνον
1295 3706 1372 3776 τῷ
1398 3705 1512 3776 Υἱῷ
1551 3722 1892 3758 κατασκευα-

319 3796 574 3866 σθήσεται
619 3798 839 3866 χρονική
877 3813 961 3859 τις
1003 3797 1035 3864 ἡ
1081 3797 1223 3865 ἀρχὴ
1266 3798 1364 3866 τῆς
1392 3795 1678 3865 ὑπάρξεως
1705 3795 1768 3847 ἐκ
1798 3793 1892 3847 τοῦ

315 3888 554 3942 τοιούτου
581 3887 762 3956 λόγου,
785 3887 896 3940 ἀλλ’
925 3886 1158 3940 οὐδὲτοῦ
1186 3885 1398 3956 [ἰατρὸς
1427 3887 1490 3938 ἐκ
1516 3885 1616 3955 τῆς
1639 3885 1892 3956 τοιαύτης

317 3979 639 4043 ἀκολουθίας
664 3979 959 4048 φείσονται,
1005 3979 1066 4032 τὸ
1101 3977 1176 4050 μὴ
1205 3978 1326 4047 οὐχὶ
1354 3977 1604 4031 κάκεῖνον
1629 3978 1740 4030 ἀπὸ
1767 3978 1894 4048 χρό-

315 4088 404 4124 νου
435 4072 536 4142 τὴν
567 4071 738 4141 ἀρχὴν
780 4071 1072 4141 ἐσχηκέναι
1106 4069 1510 4124 κατασκευάσαι
1543 4085 1556 4099 ·
1605 4071 1653 4123 εἰ
1697 4068 1806 4139 γάρ
1840 4086 1891 4122 τι

317 4166 537 4234 σημεῖον
569 4164 886 4233 ὑπέρκειται
905 4162 1259 4232 γνωριστικὺν
1291 4163 1387 4233 τῆς
1419 4161 1511 4214 τοῦ
1541 4161 1670 4215 Υἱοῦ
1698 4162 1892 4232 γεννή-

319 4273 472 4320 σεως,
502 4257 676 4308 ἐκεῖνο
699 4256 940 4326 δηλονότι
969 4258 1062 4310 καὶ
1086 4255 1164 4327 τῷ
1195 4257 1368 4327 Πατρὶ
1393 4255 1492 4327 τὴν
1517 4255 1690 4328 ἀρχὴν
1716 4253 1888 4326 ὁρίσει

313 4344 412 4414 τῆς
443 4346 814 4407 ὑποστάσεως.

1999 1876 2120 1944 guis
2183 1875 2409 1932 honoris
2450 1878 2869 1947 inmqualitatem
2902 1880 2956 1933 in
3000 1880 3200 1934 divinis
3225 1881 3452 1950 colligit,
3481 1882 3580 1935 ha—

1999 1982 2227 2035 rumque
2257 1971 2662 2037 comparatione
2701 1972 2929 2026 minoris
2979 1971 3265 2040 cujusdam
3297 1973 3578 2042 dignitatis

1995 2056 2455 2111 existimationem
2495 2047 2717 2112 invehit.

2066 2145 2331 2200 Caeterum
2380 2154 2434 2200 et
2483 2148 2805 2203 vocabulum
2839 2150 3104 2218 antiquius
3138 2150 3189 2202 in
3220 2150 3381 2204 rebus
3423 2165 3576 2204 erea-

1999 2237 2068 2291 tis
2118 2248 2267 2292 recte
2317 2248 2692 2306 usurparetur.
2727 2240 2859 2294 Cum
2911 2241 3054 2294 enim
3109 2241 3244 2296 ordo
3292 2250 3345 2296 et
3404 2242 3578 2298 series

1997 2343 2178 2382 rerum
2203 2331 2273 2382 sit
2322 2340 2376 2384 et
2401 2338 2611 2384 constet
2631 2333 2822 2384 ordine
2851 2339 2904 2386 et
2934 2333 3076 2387 serie
3093 2334 3302 2386 dierum
3333 2335 3376 2364 ⁸⁷
3405 2351 3416 2389 :
3448 2333 3575 2403 jure

1998 2418 2282 2472 afﬁrmarit
2310 2421 2433 2490 quis
2461 2421 2699 2477 hominis
2733 2423 3012 2478 creatione
3045 2433 3193 2478 tanto
3223 2433 3274 2478 et
3299 2432 3448 2478 tanto
3480 2441 3577 2479 an-

1997 2513 2204 2582 tiquius
2257 2520 2311 2567 et
2341 2513 2494 2582 prius
2524 2529 2650 2568 esse
2705 2515 2926 2578 omium,
2965 2514 3388 2585 dimetieturque
3443 2525 3578 2571 tern-

2000 2622 2101 2673 pus
2137 2606 2478 2674 interjeetum
2512 2606 2796 2662 intervallo
2846 2607 3078 2661 dierum.
3127 2609 3180 2661 In
3224 2611 3396 2677 prima
3448 2625 3578 2663 vero

1997 2696 2086 2749 illa
2147 2707 2366 2760 natura,
2428 2715 2550 2768 qum
2601 2713 2815 2752 omnem
2884 2701 3265 2768 temporariam
3307 2701 3574 2755 rationem

1999 2789 2378 2851 transcendit,
2415 2805 2749 2859 omnemque
2797 2791 3207 2858 intelligentiam
3259 2792 3578 2862 longissime

1997 2888 2306 2948 exsuperat,
2334 2881 2480 2935 aliud
2537 2882 2755 2950 quidem
2810 2883 2962 2952 prius
2993 2883 3217 2937 credere
3273 2891 3326 2936 et
3354 2885 3574 2948 docere,

1999 2971 2297 3026 secundum
2327 2971 2588 3042 temporis
2623 2972 2970 3027 durationem
3018 2983 3072 3028 et
3126 2976 3576 3044 praecellentiam,

1998 3063 2144 3118 aliud
2185 3079 2315 3118 vero
2357 3065 2649 3132 posterius,
2689 3065 2972 3133 proprium
3005 3073 3089 3119 est
3119 3066 3239 3134 ejus
3273 3068 3575 3136 sapientiae,

2002 3170 2122 3222 quae
2151 3153 2263 3222 jam
2291 3169 2464 3224 nuper
2485 3154 2685 3223 prodiit
2717 3155 2771 3207 in
2799 3155 2998 3208 lucem.
3048 3153 3147 3220 Qui
3184 3157 3328 3210 enim
3363 3157 3578 3214 Patrem

2003 3245 2362 3314 antiquiorem
2409 3245 2616 3309 statuit,
2659 3260 2820 3315 quam
2875 3246 3209 3314 unigenitum
3268 3246 3485 3314 Filium,
3532 3251 3581 3305 is

2001 3336 2137 3390 nihil
2167 3336 2314 3390 aliud
2347 3337 2476 3406 agit,
2516 3336 2682 3406 quam
2708 3335 2854 3406 quod
2883 3337 3162 3406 juniorem
3197 3338 3393 3394 Filium
3447 3341 3578 3396 facit

2001 3427 2090 3491 iis,
2119 3443 2239 3497 quae
2270 3444 2365 3498 per
2408 3429 2586 3499 ipsum
2615 3428 2756 3483 facta
2789 3437 2918 3483 sunt
2950 3447 2962 3482 :
3000 3430 3047 3484 si
3075 3445 3265 3484 verum
3321 3443 3426 3496 est,
3465 3449 3582 3489 om-

2002 3517 2094 3570 nia
2157 3519 2356 3574 saacula
2408 3528 2462 3574 et
2517 3535 2678 3574 omne
2725 3519 3069 3577 intervallum
3118 3524 3412 3591 temporale
3458 3534 3579 3594 post

2002 3608 2221 3676 Filium,
2281 3619 2335 3665 et
2364 3628 2461 3681 per
2504 3611 2702 3666 Filium
2740 3612 2882 3668 facta
2928 3629 3072 3669 esse.
3109 3612 3398 3682 Praeterea,
3438 3619 3578 3688 quod

2002 3701 2206 3755 clarius
2236 3703 2630 3758 absurditatem
2662 3705 2934 3774 dogmatis
2965 3707 3236 3776 coarguit,
3261 3724 3368 3762 non
3401 3689 3577 3765 solum

2001 3793 2104 3847 hac
2131 3795 2339 3850 ratione
2370 3795 2487 3850 Filii
2514 3796 2795 3868 hypostasi
2821 3806 2874 3851 et
2901 3800 3236 3855 exsistentiaa
3281 3807 3582 3874 temporale

2001 3886 2220 3955 aliquod
2257 3888 2585 3958 principium
2633 3889 2999 3944 attribuemus
3025 3931 3040 3954 ,
3073 3891 3170 3946 sed
3220 3901 3275 3948 et
3331 3894 3491 3952 Pater
3525 3898 3578 3950 in

1999 3977 2239 4046 periculo
2273 3979 2400 4043 erit,
2449 3995 2518 4035 ne
2555 3989 2608 4034 et
2667 3981 2781 4049 ipse
2831 3980 3140 4036 aiﬁrmetur
3183 3985 3448 4053 originem
3511 3990 3582 4042 ab

2001 4069 2182 4140 aliquo
2219 4073 2479 4142 temporis
2531 4072 2688 4127 initio
2742 4073 3008 4138 traxisse;
3042 4075 3088 4127 si
3133 4075 3278 4129 enim
3314 4076 3578 4130 indicium

2001 4159 2220 4230 aliquod
2270 4171 2375 4227 est,
2409 4179 2516 4235 quo
2557 4164 2870 4219 innotescat
2924 4163 3048 4219 Filii
3099 4168 3406 4235 generatio,
3443 4169 3578 4222 illud

2001 4254 2224 4306 omnino
2266 4252 2446 4311 Patris
2474 4271 2692 4325 quoque
2727 4264 2908 4311 ortum
2938 4265 2994 4312 et
3021 4257 3400 4312 exsistentiam
3453 4259 3582 4315 dcti-

2000 4344 2112 4398 niet
2137 4358 2201 4397 ac
2227 4345 2661 4401 circumscribet.

384 4437 690 4507 Σαφηνείας
717 4433 784 4489 δδ
808 4437 966 4508 χάριν
994 4437 1093 4491 οὑκ
1119 4438 1340 4508 ἄκαιρον
1374 4437 1503 4501 ἴσως
1529 4436 1893 4507 φιλοπονώτε-

2072 4433 2352 4490 Claritatis
2388 4451 2554 4504 porro
2590 4439 2763 4507 gratia
2800 4438 2943 4494 forte
2976 4454 3085 4494 non
3121 4439 3578 4511 intempestivum

320 4545 406 4598 ρον
457 4527 707 4592 ἐξετάσαι
755 4527 846 4580 τὸν
891 4527 1064 4594 λόγον.
1131 4526 1189 4580 ὐ
1230 4528 1603 4600 πρεσϐυτέραν
1646 4529 1747 4600 τῆς
1794 4526 1887 4581 τοῦ

318 4621 442 4674 Υἱοῦ
476 4621 620 4688 ζωῆς
652 4621 748 4690 τὴν
775 4619 870 4671 τοῦ
913 4620 1126 4689 Πατρὸς
1169 4619 1530 4689 δογματίζων,
1563 4619 1891 4691 διαστήματί

313 4729 417 4764 τινι
461 4711 553 4764 τὸν
603 4711 880 4780 Μονογενῆ
931 4709 1022 4762 τοῦ
1078 4709 1170 4762 ἐπὶ
1221 4710 1436 4762 πάντων
1461 4709 1596 4763 Θεοῦ
1634 4709 1888 4780 διῖστησιυ

313 4803 470 4858 τοῦτο
502 4803 558 4856 δὲ
592 4802 625 4873 ἢ
669 4802 892 4871 ἄπειρόν
921 4819 972 4854 τι
1008 4801 1338 4872 ὑποθήσεται
1371 4801 1432 4853 τὸ
1457 4801 1545 4854 διὰ
1582 4801 1746 4871 μέσου
1777 4801 1890 4854 διά-

313 4912 515 4967 στημα,
563 4895 596 4966 ἡ
641 4910 750 4949 τισι
783 4894 981 4962 πέρασι
1033 4893 1126 4946 καὶ
1157 4895 1406 4965 σημείοις
1434 4896 1684 4964 φανεροῖς
1709 4893 1887 4964 ὁριζό-

316 5005 494 5056 μενον.
566 4987 702 5040 Ἀλλ’
755 4986 981 5058 ἄπειρον
1032 4987 1130 5057 μὲν
1176 4987 1350 5039 εἰπεῖν
1383 4987 1482 5040 οὑκ
1530 4987 1679 5041 ἐάσει
1726 4987 1755 5038 ὁ
1791 4986 1888 5056 τῆς

315 5078 608 5148 μεσότητος
641 5077 820 5147 λόγος,
849 5078 884 5148 ἢ
936 5076 1213 5140 παντελῶς
1246 5077 1346 5148 τὴν
1366 5075 1461 5130 τοῦ
1487 5077 1696 5148 Πατρός
1714 5094 1774 5130 τε
1795 5077 1891 5130 καὶ

312 5163 439 5217 Υἱοῦ
475 5165 684 5220 ἔννοιαν
730 5165 1020 5236 διαγράψει
1069 5166 1148 5237 τῷ
1180 5165 1326 5238 λόγῳ
1357 5183 1372 5200 ·
1423 5168 1516 5220 καὶ
1561 5169 1682 5222 οὐδὲ
1729 5169 1890 5239 μέσον

311 5255 440 5309 αὑτὸ
475 5258 677 5328 νοήσει,
703 5257 806 5320 ἕως
835 5257 901 5310 ἂν
933 5258 1160 5330 ἄπειρον
1255 5260 1392 5331 πρὸς
1415 5259 1699 5332 οὐθέτερον
1718 5261 1890 5332 ὁριζό-

315 5365 509 5417 μενον,
561 5347 684 5402 οὕτε
734 5350 827 5402 ἐπὶ
872 5349 930 5401 τὸ
976 5350 1088 5404 ἄνω
1131 5350 1230 5420 τῆς
1276 5351 1370 5404 τοῦ
1421 5351 1634 5422 Πατρὸς
1681 5352 1889 5415 ἐννοίας

310 5443 722 5514 άποτεμνούσης
749 5441 840 5495 τοῦ
867 5441 1096 5516 ἀπείρου
1129 5443 1225 5515 τὴν
1250 5444 1530 5516 πρόσοδον,
1561 5443 1684 5497 οὔτε
1715 5445 1807 5497 ἐπὶ
1829 5445 1888 5497 τὸ

309 5537 460 5588 κάτω
491 5534 585 5587 τοῦ
623 5533 753 5587 Υἱοῦ
781 5535 880 5604 τὴν
907 5535 1162 5606 ἀπειρίαν
1188 5536 1546 5600 ὲκκόπτοντος
1572 5555 1584 5569 ο
1619 5536 1755 5609 αὕτη
1778 5537 1888 5609 γάρ

412 5717 458 5749 ³⁷
487 5714 626 5771 Gen.
661 5730 698 5783 I,
727 5714 760 5766 ’5
794 5730 914 5784 sqq.

1993 4523 2162 4579 fuerit
2191 4527 2511 4582 accuratius
2544 4529 2866 4582 examinare
2896 4531 3285 4586 assertionem.
3329 4532 3433 4598 Qui
3473 4531 3578 4586 Pa-

1993 4617 2096 4671 tris
2126 4615 2508 4671 exsistentiam
2544 4618 2704 4673 docet
2741 4621 3114 4689 antiquiorem
3146 4637 3270 4677 esse
3303 4623 3579 4678 exsisten—

1991 4710 2067 4763 tia
2100 4709 2254 4774 Filii,
2295 4712 2342 4767 is
2378 4712 2670 4767 intervallo
2702 4711 2940 4782 quodam
2977 4714 3322 4784 unigenitum
3371 4713 3573 4770 Filium

1991 4813 2209 4873 separat
2259 4807 2326 4861 ab
2377 4808 2628 4861 omnium
2681 4806 2838 4864 Deo:
2889 4808 2996 4863 hoc
3042 4824 3172 4863 vero
3221 4809 3572 4879 interjectum

1991 4894 2341 4951 intervallum
2398 4909 2493 4953 aut
2525 4899 2804 4954 infinitum
2857 4907 3151 4966 statuetur,
3188 4909 3283 4956 aut
3318 4904 3486 4957 certis
3521 4913 3576 4956 et

1990 4984 2300 5043 manifestis
2333 4988 2604 5044 limitibus
2639 4989 3146 5055 circumscriptum.
3200 4990 3267 5044 At
3299 4993 3574 5047 infinitum

1992 5090 2117 5130 esse
2148 5092 2259 5132 non
2291 5081 2560 5149 permittit
2591 5080 2735 5134 ratio
2764 5080 2929 5136 medii
2959 5081 3238 5152 interjecti
3261 5123 3276 5148 ,
3313 5083 3400 5138 vel
3430 5091 3576 5136 certe

1994 5165 2173 5224 Patris
2202 5179 2255 5224 et
2284 5169 2408 5224 Filii
2447 5172 2709 5227 rationem
2747 5173 2968 5241 penitus
2999 5175 3190 5241 tollet;
3238 5189 3415 5243 neque
3461 5187 3574 5226 me-

1995 5260 2145 5316 dium
2183 5262 2370 5318 animo
2400 5266 2694 5334 concipere
2725 5265 2911 5320 licebit
2937 5307 2952 5332 ,
2983 5280 3272 5336 quousque
3302 5261 3467 5316 fuerit
3492 5261 3576 5314 in-

1997 5353 2246 5418 finitum,
2306 5362 2502 5410 neutra
2534 5372 2598 5411 ex
2663 5366 2819 5426 parte
2857 5357 3022 5412 certis
3064 5355 3314 5411 terminis
3344 5353 3574 5408 concluo

1997 5460 2116 5500 sum
2149 5464 2162 5512 ;
2217 5461 2397 5516 neque
2447 5462 2704 5517 supreme
2743 5449 2788 5504 si
2843 5447 3060 5502 Patrem
3094 5443 3409 5514 concipiat,
3443 5443 3572 5499 inii-

1996 5537 2095 5592 niti
2133 5538 2501 5596 immensitate
2551 5538 2862 5606 desinente,
2925 5551 3104 5607 neque
3149 5533 3366 5595 inferne
3431 5534 3576 5596 Filio
