4046 6156
369 329 479 388 359

373 442 573 502 inﬁniti
603 438 838 510 spatium
864 431 1220 488 terminante.
1251 423 1361 479 lsta
1387 422 1533 478 enim
1564 419 1758 474 infiniti
1794 413 1947 470 notio
1976 415 2020 472 Α

375 545 429 590 et
463 531 602 586 ratio
635 506 766 591 est,
811 532 1250 596 quaquaversum
1294 521 1490 568 natura
1537 523 1634 566 sua
1681 506 1937 562 diﬂ‘usum

375 639 530 688 esse,
567 633 746 688 neque
774 615 886 670 ullo
913 612 1087 667 limite
1121 609 1232 663 ullo
1263 605 1426 661 modo
1459 597 1868 671 comprehendi.

446 734 619 803 Igitur
667 736 727 782 ut
773 726 877 780 lixa
907 729 961 778 et
998 722 1226 775 immota
1259 724 1481 772 maneat
1509 712 1692 766 Patris
1723 715 1778 762 et
1820 704 1945 759 Filii

379 821 688 881 substantia
709 859 724 885 ,
757 826 812 873 et
838 830 998 886 quam
1029 814 1097 868 de
1127 813 1231 866 hac
1259 811 1547 868 habemus,
1590 797 1945 859 existimatio,

380 931 489 970 non
522 915 650 967 licet
680 911 790 964 ulla
835 909 1046 962 ratione
1094 903 1368 958 inﬁnitum
1414 897 1760 953 intervallum
1803 888 1949 944 allir-

381 1020 566 1067 mare,
604 1001 699 1058 sed
735 1014 964 1055 necesse
1009 997 1146 1060 erit,
1197 1001 1259 1049 ut
1301 993 1454 1046 linito
1499 987 1735 1060 quodam
1773 981 1950 1053 Spatio

383 1096 557 1151 Filius
584 1109 614 1147 ιι
640 1093 800 1146 Patre
833 1090 904 1145 sit
937 1095 1276 1158 segregatus.
1311 1083 1428 1135 Hoc
1454 1079 1620 1148 igitur
1653 1081 1772 1137 est,
1808 1071 1952 1142 quod

387 1201 600 1249 assero,
667 1183 972 1238 doctrinam
1007 1181 1148 1232 hanc
1193 1190 1258 1230 eo
1297 1174 1556 1236 tendere,
1611 1175 1671 1223 ut
1713 1167 1956 1221 obtineat

386 1279 559 1334 Deum
588 1276 972 1331 universorum
1002 1271 1071 1324 ab
1100 1275 1304 1323 aeterno
1331 1279 1437 1319 non
1467 1263 1635 1317 fuisse
1655 1299 1670 1323 ,
1707 1257 1799 1312 sed
1827 1253 1959 1309 deii-
1989 1303 2003 1312 ,

389 1373 505 1426 ιιίιο
556 1367 792 1437 quodam
840 1361 1101 1432 temporis
1153 1365 1356 1427 puncto
1404 1363 1587 1410 ortum
1646 1349 1954 1404 habuisse:

393 1459 539 1530 quod
569 1455 836 1527 appositis
868 1455 933 1506 ad
966 1466 1078 1504 rem
1107 1447 1370 1517 exemplis
1404 1442 1728 1502 declarabo,
1767 1446 1826 1491 ut
1859 1449 1960 1488 no-

393 1522 480 1606 bis
507 1522 698 1620 per—ea
728 1560 848 1615 qua:
874 1550 1002 1597 nota
1033 1547 1196 1605 sunt,
1227 1534 1576 1607 perspicuum
1609 1533 1702 1584 tiat
1730 1529 1783 1582 id
1814 1522 1960 1595 quod

399 1617 697 1710 ignoratur.
730 1632 995 1699 Quoniam
1026 1629 1260 1684 dicimus
1287 1626 1476 1694 quinta
1501 1623 1588 1676 die.
1615 1628 1735 1689 post
1763 1617 1966 1671 caelum

399 1707 674 1781 hominem
711 1737 833 1778 esse
868 1718 1149 1776 conditum
1192 1731 1255 1771 ex
1287 1713 1490 1784 Moysis
1532 1712 1671 1765 libro
1703 1709 1772 1773 ’⁸,
1809 1707 1969 1760 facile

1601 302 1663 357 S.
1700 293 2025 356 GREGORII
2063 289 2358 346 NYSSE-Nl

3506 272 3613 326 380

2050 411 2142 464 τοῦ
2173 411 2402 481 ἀπείρου
2434 410 2467 479 ἡ
2500 405 2674 460 ἔννοια
2719 400 2779 453 rb
2829 391 3159 464 πανταχόθεν
3197 385 3526 459 ἐκκεχὺσθαι
3553 391 3621 458 τῇ

2049 503 2228 572 φύσει,
2265 480 2359 556 καὶ
2408 499 2595 570 μηδενὶ
2646 495 2839 566 πέρατι
2878 486 3185 560 μηδαμόθεν
3225 480 3625 555 περιλαμῦάνε-

2052 595 2196 649 σθαι.

2125 698 2333 753 Οὐκοῦν
2378 698 2464 751 ἵνα
2505 696 2678 764 παγία
2717 693 2810 746 καὶ
2854 688 3185 762 ἀμετάθετος
3241 681 3472 752 διαμένῃ
3503 676 3633 747 περὶ

2055 793 2148 846 τοῦ
2183 791 2394 862 Πατρδς
2426 790 2519 842 καὶ
2547 786 2641 841 τοῦ
2673 784 2804 838 Υἱοῦ
2840 785 2873 854 ὴ
2902 782 2995 834 τοῦ
3033 778 3170 833 εἶναι
3199 772 3497 844 ὑπόληψις,
3545 769 3635 822 οὑ-

2056 885 2248 954 δεμίαν
2273 859 2384 948 ἕξει
2415 881 2594 952 χώραν
2625 879 2846 947 ἄπειρον
2872 875 3067 927 ἐννοεῖν
3093 870 3152 924 rb
3176 867 3471 936 διάστημα,
3498 859 3637 914 ἀλλά

2062 974 2461 1046 πεπερασμένῳ
2502 972 2608 1024 τινί
2645 969 2784 1024 κατά
2827 968 3006 1020 πᾶσαν
3049 961 3292 1029 ἀνάγκην
3335 956 3428 1010 τὸν
3465 955 3643 1007 Move-

2064 1071 2192 1140 γενῆ
2235 1069 2327 1120 τοῦ
2380 1064 2589 1135 Πατρὸς
2622 1061 2986 1131 διαστήσουσι.
3052 1054 3223 1108 Τοῦτο
3270 1045 3362 1104 οὖν
3415 1049 3561 1100 ἐστιν
3611 1045 3642 1096 ὅ

2067 1134 2230 1230 ξρημι,
2259 1160 2338 1210 ὅτι
2371 1159 2398 1208 6
2425 1134 2583 1224 λόγος
2612 1146 2764 1215 οὗτος
2801 1152 2899 1204 οὑκ
2945 1147 3005 1212 ἐξ
3041 1145 3209 1199 ἀϊδίου
3251 1137 3390 1194 εῖναι
3431 1138 3522 1190 τὸν
3547 1134 3647 1188 ἐπὶ

2068 1252 2282 1304 πάντων
2316 1247 2465 1311 Θεὸν,
2499 1246 2611 1299 ἀλλ’
2646 1243 2752 1296 ἀπό
2779 1259 2922 1306 τινος
2951 1237 3254 1313 ὡρισμένου
3290 1231 3518 1302 σημείου
3544 1227 3646 1298 τὴν

2069 1341 2240 1412 ἀρχὴν
2275 1338 2564 1408 ἐσχηκέναι
2598 1332 3032 1405 παρασκευάσει·
3071 1328 3098 1381 ὃ
3122 1327 3182 1379 δέ
3212 1325 3377 1392 λέγω,
3407 1315 3648 1373 τοιοῦτόν

2071 1434 2186 1484 ἐστι
2208 1447 2220 1460 ·
2265 1430 2402 1494 λέξω
2431 1428 2488 1481 δὲ
2519 1427 2605 1479 διὰ
2632 1425 2739 1478 τῶν
2782 1422 3074 1493 γνωρίμων
3105 1414 3518 1486 ὑποδειγμάτων
3552 1427 3654 1463 σα-

2073 1522 2310 1591 φηνίζων
2355 1519 2414 1572 τὸ
2441 1519 2638 1587 νόημα,
2683 1517 2758 1579 ὡς
2788 1516 2853 1568 ἂν
2885 1515 3094 1582 γένοιτο
3121 1509 3208 1563 διὰ
3250 1507 3359 1561 τῶν
3390 1501 3656 1575 φαινομέ-

2074 1632 2178 1667 νων
2212 1611 2517 1679 καταφανὲς
2549 1612 2678 1680 ἡμῖν
2712 1609 2773 1661 rb
2819 1605 3200 1675 ἀγνοούμενον.
3245 1601 3478 1670 Πέμπτῃ
3512 1595 3659 1667 μετὰ

2075 1704 2164 1756 τὸν
2192 1702 2412 1772 οὑρανὺν
2439 1702 2621 1771 ἡμέρᾳ
2642 1695 2966 1766 γεγενῆσθαι
2985 1695 3074 1746 τὸν
3101 1692 3384 1762 ἄνθρωπον
3403 1688 3657 1755 λέγοντες

401 1821 566 1876 etiam
598 1814 974 1886 signiﬁcamus
1005 1818 1130 1864 ante
1157 1809 1302 1862 hunc
1328 1808 1521 1860 horum
1550 1805 1761 1858 dierum
1790 1815 1972 1853 nume-

2094 1812 2140 1848 ;κ
2182 1795 2279 1865 τῆς
2331 1794 2574 1854 Μωσέως
2629 1789 2888 1861 Γραφῆς,
2943 1781 3529 1854 συγκατεσκευάσαμεν
3577 1777 3663 1847 τῷ

403 1927 522 1965 rum
592 1924 659 1964 ne
689 1908 890 1961 cmlum
923 1903 1140 1973 quidem
1175 1899 1490 1955 exstitisse:
1553 1897 1685 1950 adeo
1736 1892 1789 1947 id
1829 1891 1973 1962 quod

405 2001 679 2072 posterius
712 2005 796 2053 est
821 2037 836 2064 ,
874 1995 1066 2051 deﬁnit
1100 2000 1320 2063 quoque
1355 2001 1411 2045 et
1444 1986 1849 2065 circumscribit
1883 1998 1978 2053 per

408 2092 786 2155 intervallum,
833 2087 887 2142 id
918 2087 1063 2156 quod
1109 2082 1438 2145 antecessit,
1488 2093 1681 2147 nempe
1725 2077 1980 2132 substan-

408 2185 540 2237 tiam
604 2189 657 2235 et
696 2178 1066 2233 exsistentiam
1117 2173 1270 2242 ejus,
1313 2171 1457 2240 quod
1535 2178 1792 2237 tanquam
1831 2169 1980 2236 prius

409 2272 720 2341 concipitur
770 2277 824 2323 et
855 2265 1256 2321 consideratur.
1285 2261 1438 2326 Quod
1470 2261 1512 2314 si
1539 2275 1646 2313 non
1677 2259 1810 2312 satis
1838 2259 1983 2312 clare

411 2380 524 2420 rem
576 2365 679 2417 hoc
727 2359 980 2428 exemplo
1028 2354 1457 2418 illustrarimus,
1505 2365 1798 2421 possumus
1831 2364 1980 2403 eam-

412 2457 531 2510 dem
567 2455 672 2508 alio
703 2451 1011 2506 evidentius
1055 2447 1432 2502 demonstrare
1461 2462 1472 2497 :
1512 2457 1634 2496 cum
1667 2443 1839 2512 legem
1888 2455 1985 2511 per

414 2544 633 2614 Moysen
664 2542 842 2594 datam
864 2579 878 2604 ,
907 2536 1324 2607 quadringentis
1351 2541 1405 2588 et
1438 2533 1661 2603 triginta
1683 2532 1859 2586 annis
1889 2545 1986 2601 po—

415 2638 699 2692 steriorem
728 2647 853 2688 esse
884 2630 1215 2684 allii-luamus
1267 2625 1633 2696 promissione
1687 2623 1775 2678 illa
1801 2622 1982 2678 divina

417 2742 538 2797 quae
569 2726 635 2780 ad
671 2723 940 2778 Abraham
967 2720 1108 2774 facta
1140 2727 1221 2774 est
1243 2759 1255 2782 ,
1291 2719 1361 2781 si,
1395 2716 1560 2770 ducto
1593 2731 1622 2768 a
1659 2718 1774 2785 lege
1807 2715 1988 2777 initio,

421 2829 636 2886 tempus
689 2818 995 2866 auteactum
1057 2807 1386 2879 cogitatione
1432 2804 1591 2874 quasi
1639 2801 1990 2857 ascendendo

417 2919 739 2978 percurrere
769 2902 1032 2964 velimus,
1066 2907 1119 2955 et
1148 2899 1366 2953 tandem
1400 2899 1466 2952 ad
1499 2896 1656 2951 tinem
1687 2909 1986 2959 annorum,

419 3013 560 3069 quos
589 2993 998 3050 numeravimus
1018 3031 1032 3054 ,
1069 2990 1457 3060 perveniamus
1484 3028 1498 3052 ,
1532 2988 1769 3042 dilucide
1799 2987 1994 3055 depre-

421 3087 711 3143 hendimus
733 3124 747 3149 ,
779 3083 925 3154 quod
963 3088 1089 3135 ante
1121 3080 1224 3133 hoc
1257 3089 1475 3148 tempus
1505 3077 1686 3131 divina
1729 3078 1819 3130 illa
1868 3090 1992 3144 pro-

421 3181 612 3236 missio
642 3177 882 3232 nondum
931 3173 1133 3237 fuerit;
1178 3172 1458 3241 multaque
1494 3176 1789 3239 suppetunt
1830 3167 1991 3236 hujus

2076 1887 2219 1956 λόγῳ
2249 1884 2424 1954 τούτῳ
2456 1882 2596 1936 κατά
2620 1881 2684 1934 τὸ
2714 1877 3064 1948 σιωπώμενον
3085 1876 3145 1928 rb
3173 1873 3280 1944 πρὸ
3304 1871 3397 1925 τοῦ
3420 1869 3543 1942 ἁριθ
3554 1869 3664 1938 μοῦ

2077 1977 2185 2030 τῶν
2219 1975 2440 2048 ἡμερῶν
2473 1976 2696 2038 τούτων,
2736 1971 2867 2041 μηδὲ
2894 1970 2982 2022 τὸν
3011 1967 3242 2038 οὐρανὸν
3287 1960 3427 2018 εἶναι
3450 1979 3464 1993 ·
3515 1959 3668 2013 οὑτω

2080 2069 2139 2121 rb
2173 2068 2310 2138 μετά
2338 2085 2391 2119 τι
2420 2059 2711 2134 γενόμενον
2749 2063 2837 2115 διὰ
2866 2062 2959 2115 τοῦ
2991 2060 3096 2131 πρὸ
3128 2056 3320 2112 ἐαυτοῦ
3354 2054 3667 2124 διαστήμα-

2081 2180 2171 2225 τος
2209 2161 2378 2232 όρίζει
2409 2161 2502 2213 καὶ
2538 2159 2637 2228 τὴν
2672 2156 2764 2210 τοῦ
2807 2151 3311 2225 προῦπονοουμένου
3344 2147 3664 2200 ὑπόστασιν.

2084 2253 2146 2304 EE
2176 2250 2232 2303 δέ
2265 2251 2363 2320 οὑχ
2393 2248 2591 2310 ἱκανῶς
2617 2246 2697 2317 τῷ
2726 2245 3079 2313 ὑποδείγματι
3106 2241 3195 2294 τὸν
3222 2239 3379 2307 λόγον
3409 2234 3671 2305 ἐσαφηνί-

2087 2357 2278 2411 σαμεν,
2307 2339 2530 2392 δυνατόν
2559 2340 2695 2402 ἐστι,
2739 2337 2831 2390 καὶ
2855 2336 2922 2389 δι’
2951 2334 3151 2405 ἐτέρων
3181 2331 3243 2384 τὸ
3280 2327 3467 2399 νοηθὲν
3495 2342 3672 2394 παρα-

2088 2434 2301 2503 στῆσαι,
2332 2433 2422 2485 τὸν
2452 2431 2540 2484 διὰ
2571 2431 2813 2493 Μωσέως
2850 2428 3069 2483 δοθέντα
3097 2425 3260 2495 νόμον
3295 2419 3672 2493 τετρακοσίοις

2088 2527 2232 2580 ἔτεσι
2278 2526 2372 2579 καί¹
2421 2525 2714 2595 τριάκοντα
2755 2523 2855 2592 τῆς
2901 2519 2994 2574 τοῦ
3037 2518 3288 2588 Ἀϐραὰμ
3337 2509 3678 2583 ἐπαγγελίας

2094 2618 2548 2689 μεταγενέστερον
2589 2615 2836 2682 λέγοντες
2874 2630 2888 2644 ·
2940 2611 3034 2665 ἐὰν
3080 2610 3186 2662 ἀπὸ
3221 2606 3314 2660 τοῦ
3370 2607 3531 2674 νόμου
3579 2601 3682 2654 rbv

2092 2709 2319 2762 κατόπιν
2346 2708 2532 2778 χρόνον
2563 2705 2628 2758 δι’
2660 2704 2971 2764 ἀναλύσεως
2998 2700 3078 2771 τῷ
3119 2695 3362 2768 λογισμῷ
3405 2692 3684 2764 παροδεύ-

2095 2817 2305 2863 σαντες.
2352 2801 2432 2861 εἰς
2474 2799 2532 2851 τὸ
2565 2797 2738 2868 πέρας
2781 2796 2886 2849 τῶν
2938 2791 3330 2865 ὴριθμημένων
3377 2788 3684 2856 φθάσωμεν

2095 2889 2250 2955 ἐτῶν,
2298 2887 2485 2957 σαφῶς
2515 2885 3005 2956 καταλαμϐάνομεν
3029 2925 3042 2948 ,
3073 2885 3154 2935 ὅτι
3199 2882 3305 2952 πρὸ
3349 2880 3440 2934 τοῦ
3475 2879 3682 2949 χρόνου

2095 2982 2286 3034 τούτου
2315 2984 2348 3052 ἡ
2394 2979 2486 3032 τοῦ
2517 2978 2650 3031 Θεοῦ
2682 2976 2981 3046 ἐπαγγελία
3023 2974 3177 3027 οὑπω
3217 2970 3284 3044 ἦν
3317 2989 3332 3002 ⁸
3381 2973 3474 3025 καὶ
3506 2970 3684 3024 πολλά

2097 3074 2320 3126 τοιαῦτα
2346 3072 2522 3139 λέγειν
2551 3070 2697 3123 ἔστιν
2717 3112 2730 3134 ,
2768 3064 2846 3132 οἷς
2884 3068 2945 3120 τὸ
2972 3065 3092 3120 καθ’
3125 3067 3351 3120 ἕκαστον
3381 3064 3680 3131 ἐπεξιέναι,

2098 3166 2172 3228 ὡς
2209 3164 2436 3236 ὀχληρὸν
2466 3165 2894 3234 παραιτήσομαι.

421 3277 635 3348 generis
679 3272 954 3342 exempla,
996 3268 1196 3339 quibus
1260 3267 1537 3350 sigillatim
1597 3261 1989 3334 percensendis
2034 3259 2435 3330 supersedebo,
2471 3259 2616 3312 taedii
2649 3256 2854 3311 vitandi
2891 3256 3087 3326 gratia.

491 3389 895 3448 Convenienter
945 3385 1115 3454 igitur
1163 3382 1324 3435 alicui
1383 3379 1547 3433 modo
1606 3379 1661 3431 in
1722 3375 1996 3447 praedictis

424 3481 687 3549 exemplis
722 3485 947 3532 ostenso
968 3513 982 3535 ,
1012 3478 1259 3540 oportet,
1299 3477 1358 3521 ut
1389 3469 1753 3523 discutiamus
1783 3481 1999 3535 quoque

425 3571 761 3644 propositam
805 3564 1165 3635 qurestionem
1193 3578 1208 3626 ;
1237 3567 1341 3614 'est
1382 3566 1563 3612 autem
1614 3559 1752 3622 ista,
1797 3566 1857 3612 ut
1887 3556 2002 3626 qui-

427 3664 551 3718 dem
584 3655 885 3713 adversarii
915 3653 1020 3708 sibi
1053 3653 1421 3722 persuadent,
1455 3651 1602 3718 prius
1633 3659 1684 3704 et
1711 3649 1998 3718 posterius,

430 3767 528 3807 seu
563 3747 828 3817 antiquius
860 3755 912 3799 et
945 3745 1200 3797 recentius
1221 3783 1234 3805 ,
1265 3742 1332 3797 de
1361 3741 1539 3796 Patris
1570 3751 1622 3795 et
1655 3740 1775 3794 Filii
1804 3749 1859 3795 et
1887 3740 2006 3808 Spi-

431 3845 575 3899 ritus
605 3839 783 3894 sancti
815 3835 1126 3892 suhstantia
1155 3835 1262 3889 dici
1289 3851 1304 3899 ;
1345 3849 1469 3887 cum
1502 3847 1631 3902 ergo
1678 3831 1801 3885 Filii
1845 3847 2006 3901 gene-

432 3935 645 3989 ratione
701 3937 1060 3994 transcursa,
1116 3937 1176 3980 ut
1233 3928 1524 3982 haereticus
1580 3927 1686 3980 iste
1740 3935 2003 3995 nugatur,

433 4023 832 4082 accesserimus
863 4021 929 4074 ad
961 4020 1014 4074 id
1049 4019 1396 4073 intervallum
1419 4059 1433 4084 ,
1469 4018 1613 4087 quod
1649 4017 1888 4070 medium
1926 4019 2009 4072 in-

433 4116 742 4187 terponitur
772 4113 792 4186 (
819 4119 978 4184 prout
1011 4127 1147 4164 vana
1181 4111 1563 4164 haereticorum
1597 4111 1881 4179 persuasio
1909 4110 2010 4162 ali-

433 4209 564 4281 quid
609 4209 752 4262 inter
795 4205 1010 4258 Patrem
1053 4216 1105 4257 et
1147 4201 1346 4256 Filium
1383 4202 1575 4256 statuit
1602 4202 1643 4269 ),
1675 4216 1908 4271 cumque
1944 4201 2009 4254 ad

435 4312 739 4359 extremum
787 4297 920 4354 illud
953 4304 1216 4368 punctum
1265 4295 1734 4364 processerimus,
1769 4311 1878 4365 quo
1921 4296 2011 4350 isti

437 4392 902 4463 intercapedinem
937 4390 1081 4442 illam
1121 4388 1444 4451 terminant,
1481 4388 1636 4451 istic,
1670 4387 1721 4440 in
1753 4402 2009 4457 supremo

438 4487 594 4558 quasi
625 4486 865 4540 culmine
893 4524 906 4544 ,
945 4483 1037 4536 Dei
1073 4483 1238 4536 totius
1267 4481 1644 4536 universitatis
1679 4481 1844 4533 vitam
1881 4481 2016 4536 sub-

440 4580 722 4634 sistentem
757 4576 1062 4646 reperimus
1083 4613 1098 4639 ,
1126 4589 1193 4628 ex
1220 4589 1329 4643 quo
1356 4573 1670 4641 necessario
1695 4571 2011 4636 coniicitur,

442 4679 503 4723 ut
552 4667 842 4722 credamus
897 4666 1103 4729 Deum,
1159 4665 1251 4734 qui
1303 4680 1517 4734 semper
1568 4673 1682 4727 est,
1718 4673 1841 4717 ante
1882 4661 2016 4715 illud

442 4765 705 4831 punctum
730 4773 836 4812 non
869 4756 1063 4811 fuisse.

2173 3373 2330 3426 Κατά
2371 3373 2547 3426 τοίνυν
2582 3374 2678 3444 τὴν
2710 3372 3029 3426 ἀκολουθίαν
3079 3371 3186 3424 τῶν
3229 3371 3286 3423 ἐν
3319 3372 3427 3432 τοῖς
3455 3368 3688 3422 ὑποδεί-

2101 3484 2305 3538 γμασιν
2339 3465 2664 3537 εἰρημένων,
2703 3465 2797 3516 καὶ
2824 3465 2914 3518 τὸν
2942 3464 3300 3536 προκείμενον
3336 3461 3693 3531 ἐξετάσωμεν

2102 3561 2258 3630 λόγον
2277 3577 2292 3590 ·
2325 3555 2392 3629 ἦν
2418 3559 2472 3610 δὲ
2505 3553 2657 3619 οὗτος
2684 3557 2824 3610 κατά
2852 3557 2950 3627 τὴν
2980 3556 3086 3610 τῶν
3107 3555 3362 3609 ἐναντίων
3393 3555 3690 3624 ὑπόληψιν,

2103 3651 2164 3704 τὸ
2194 3650 2598 3718 πρεσϐύτερον
2637 3648 2728 3700 καὶ
2781 3645 3068 3714 νεώτερον
3099 3647 3190 3698 ἐπί
3215 3645 3315 3714 τῆς
3348 3644 3439 3698 τοῦ
3470 3644 3696 3714 Πατρός

2107 3761 2164 3796 τε
2201 3743 2294 3796 καὶ
2335 3741 2429 3794 τοῦ
2472 3739 2620 3802 Υίοῦ,
2659 3740 2753 3793 καὶ
2782 3738 2876 3792 τοῦ
2907 3741 3063 3806 ἁγίου
3105 3738 3422 3805 Πνεὺματος
3448 3735 3698 3787 ὑποστά-

2110 3852 2267 3898 σεως,
2288 3834 2471 3905 ’έτερον
2503 3832 2687 3903 ἑτέρου
2720 3833 2898 3900 λέγειν
2921 3828 3078 3886 εἶναι.
3107 3830 3312 3884 Οὑκοὺν
3343 3827 3557 3881 ἐπειδὰν
3585 3827 3694 3897 τὴν

2109 3925 2201 3979 τοῦ
2231 3926 2360 3979 Υίοῦ
2390 3926 2637 3994 γέννησιν
2663 3924 2961 3989 διαῦἀντες,
3005 3922 3184 3984 καθὼς
3222 3924 3507 3993 ὑφηγεῖται
3530 3922 3558 3972 ό
3586 3923 3696 3991 τῆς

2110 4015 2371 4086 αἱρέσεως
2398 4015 2580 4082 λόγος,
2609 4014 2797 4068 ἔπειτα
2819 4014 3143 4086 προσθῶμεν
3169 4013 3245 4082 τῷ
3272 4014 3360 4064 διὰ
3389 4013 3552 4082 μέσου
3575 4012 3702 4065 δια-

2115 4110 2348 4178 στήματι
2369 4127 2380 4138 ’
2431 4109 2565 4177 ὅπερ
2595 4110 2628 4178 ἡ
2673 4108 2877 4178 ματαία
2913 4106 3020 4160 τῶν
3052 4107 3225 4160 ταῦτα
3255 4104 3701 4176 δογματιζὸντων

2113 4199 2288 4267 οἴησις
2319 4197 2650 4259 ὑποτίθεται,
2678 4196 2784 4249 τῶν
2822 4195 3019 4268 μεταξὺ
3046 4196 3137 4248 τοῦ
3170 4195 3298 4248 Υίοῦ
3324 4196 3416 4248 καὶ
3445 4192 3537 4246 τοῦ
3574 4195 3701 4247 Πα-

2115 4289 2241 4358 τρδς
2271 4283 2409 4341 εἷναί
2451 4305 2501 4339 τι
2548 4287 2909 4359 λογιζομένων
2933 4307 2945 4319 ·
2991 4290 3084 4341 ἐὰν
3113 4290 3191 4350 είς
3221 4287 3279 4339 τὸ
3312 4287 3478 4354 ἄκρον
3518 4288 3706 4337 έκεῖνο

2120 4383 2342 4450 σημεῖον
2379 4379 2692 4450 φθάσωμεν,
2733 4373 2776 4448 ᾧ
2815 4381 2875 4433 rb
2907 4379 3179 4450 διάστημα
3212 4378 3273 4430 rb
3310 4377 3510 4447 μεταξὺ
3546 4393 3708 4444 περι-

2119 4473 2439 4543 γράφουσιν,
2490 4472 2605 4524 ἐκεῖ
2639 4472 2732 4524 καὶ
2764 4472 2855 4526 τοῦ
2904 4472 3037 4525 Θεοῦ
3077 4471 3184 4524 τῶν
3228 4470 3364 4522 ὅλων
3396 4468 3702 4538 ἱσταμένην

2120 4567 2212 4618 ἐπὶ
2235 4565 2296 4618 τὸ
2322 4567 2434 4620 ἄνω
2458 4564 2556 4636 τὴν
2580 4565 2723 4636 ζωὴν
2747 4565 3092 4636 εὑρίσκομεν,
3123 4564 3199 4626 ὡς
3232 4562 3291 4626 ἐξ
3322 4562 3565 4629 ἀνάγκης
3591 4577 3704 4612 κα-

2119 4659 2550 4724 τασκευάζεσθαι
2596 4658 2656 4711 rb
2700 4658 2805 4729 πρὸ
2846 4659 3075 4722 ἐκείνου,
3113 4656 3246 4726 μηδέ
3281 4656 3368 4709 ἀεὶ
3401 4654 3526 4707 ὄντα
3563 4652 3706 4705 Θεὶν

2125 4751 2398 4804 πιστεύειν
2428 4745 2585 4804 εἶναι.

519 4867 676 4933 Quod
712 4869 758 4920 si
793 4867 972 4920 adhuc
1002 4866 1266 4937 ambigis,
1302 4881 1494 4922 rursus
1529 4867 1582 4921 id
1613 4869 1878 4939 exemplis
1912 4883 1991 4922 cxi

2094 4877 2097 4896 ’
2197 4867 2259 4920 Ei
2290 4865 2345 4918 δέ
2377 4863 2733 4935 ἀμφιϐάλλεις
2765 4862 2866 4926 ἔτι,
2898 4860 3058 4916 πάλιν
3086 4859 3177 4914 τὸν
3214 4861 3369 4928 λόγον
3397 4860 3462 4912 δι’
3488 4859 3744 4912 ὑποδειο.

449 4959 704 5031 planabo.
742 4956 1208 5022 Quemadmodum
1244 4959 1387 5012 enim
1425 4959 1644 5028 quando
1677 4959 1893 5015 duabus
1930 4975 2021 5014 re-

450 5051 593 5123 gulis
623 5047 884 5118 acceptis,
917 5047 1087 5102 altera
1120 5049 1326 5118 majore
1348 5091 1362 5116 ,
1395 5053 1562 5106 altera
1598 5051 1810 5106 minore
1836 5092 1850 5116 ,
1884 5054 2020 5108 lines

450 5143 766 5203 earumdem
802 5155 1021 5210 aequare
1053 5141 1333 5205 volumus,
1371 5143 1425 5196 in
1455 5143 1804 5198 extremitate
1833 5159 2027 5200 exces-

450 5259 574 5299 sum
605 5237 1035 5310 cognoscimus;
1065 5233 1402 5304 juxtaposita
1465 5237 1610 5290 enim
1659 5239 1887 5293 minoris
1933 5254 2030 5292 ex-

455 5335 761 5400 tremitate,
812 5345 1102 5386 excessum
1156 5327 1378 5398 majoris
1430 5328 1928 5398 deprehendimus,
1975 5341 2028 5385 et

455 5434 720 5495 quantum
748 5422 981 5479 breviori
1028 5421 1200 5485 desit,
1245 5437 1503 5475 mensura
1533 5422 1712 5492 aliqua
1736 5465 1751 5488 ,
1787 5422 1902 5478 sive
1944 5423 2027 5477 ul-

457 5528 527 5570 na
551 5553 567 5578 ,
604 5516 717 5570 sive
747 5512 896 5568 aliud
929 5512 1210 5584 quidpiam
1249 5511 1353 5577 sit,
1400 5513 1580 5568 minus
1624 5528 1749 5574 cum
1782 5513 2025 5570 termino

566 5693 610 5726 η
636 5692 770 5750 Gen.
804 5710 844 5764 ι,
874 5696 966 5752 ac.

2129 4975 2162 5024 γ
2170 4959 2352 5029 μάτων
2380 4957 2616 5028 κατανοή
2625 4973 2823 5027 σωμιεν.
2860 4955 3068 5024 Ὠσπερ
3087 4954 3194 5024 γὰρ
3213 4953 3307 5006 ἐπί
3325 4951 3418 5005 δύο
3439 4951 3708 5018 κανόνων,

2128 5055 2255 5108 ὅταν
2282 5055 2310 5106 6
2347 5052 2446 5124 μὲν
2492 5051 2751 5113 ἐλάττων,
2800 5049 2828 5100 6
2871 5048 2927 5101 δὲ
2958 5047 3238 5117 ὑπερέχων
3286 5041 3346 5116 ᾗ,
3380 5043 3483 5106 τὰς
3518 5043 3714 5112 βάσεις

2129 5145 2453 5215 ἀμφοτέρων
2481 5142 2796 5205 ίσώσαντες,
2839 5141 2897 5193 ἐν
2941 5141 3060 5201 ταῖς
3087 5140 3354 5207 κορυφαῖς
3384 5134 3446 5188 rb
3475 5133 3713 5187 πλεονά-

2130 5238 2220 5302 ζον
2265 5237 2696 5305 ἐπιγινώσκομεν
2732 5232 3102 5304 (παραθέντες
3149 5229 3258 5301 γὰρ
3314 5229 3374 5281 rb
3415 5227 3510 5280 τοῦ
3557 5227 3719 5280 ἐλάτ-

2137 5347 2288 5393 τονος
2322 5328 2524 5400 πέρας,
2550 5328 2644 5380 ἀπ’
2675 5326 2884 5378 ἐκείνου
2911 5325 2973 5377 rb
3006 5323 3265 5395 περισσὸν
3288 5320 3381 5374 τοῦ
3415 5319 3716 5392 ὑπερέχον-

2137 5439 2226 5484 τος
2257 5421 2498 5490 ἔγνωμεν
2519 5438 2531 5450 ·
2567 5421 2660 5473 καὶ
2692 5421 2814 5472 ὅσον
2836 5417 2973 5471 ἐνδεῖ
2994 5415 3073 5486 τῷ
3098 5414 3435 5488 βραχυτέρῳ,
3456 5411 3546 5466 διά
3567 5425 3719 5474 τινος

2141 5512 2340 5583 μέτρου
2373 5511 2432 5564 rb
2455 5510 2638 5564 λεῖπον
2689 5509 2824 5579 πρὸς
2857 5507 2920 5562 τὸ
2952 5507 3125 5577 πέρας
3157 5505 3252 5560 τοῦ
3287 5504 3533 5577 μείζονος
3574 5515 3722 5571 παρ-
