4064 6146
288 200 379 284 fel
1434 238 1708 296 comm
1743 239 2108 298 lae-Nouium
2143 283 2156 308 ,
2190 241 2316 297 LIB.
2349 240 2391 298 l.

3433 249 3539 304 362

288 345 582 407 ισὼσαντες
627 344 855 415 εὕρομεν
883 389 896 411 ,
947 348 1056 402 εἴτε
1113 351 1322 422 πῆχυς,
1384 355 1492 407 εἴτε
1543 355 1738 410 ὁπόσον
1775 353 1867 409 οὖν

1978 358 2199 429 majoris
2241 365 2658 429 comparantes,
2701 358 3025 430 indagamus
3049 401 3063 426 ,
3099 367 3361 430 quantum
3395 363 3540 417 absit

289 440 474 496 ἐστιν,
521 437 646 488 ὅσον
697 437 791 490 τοῦ
859 438 1138 504 ἐλάττονος
1190 442 1250 496 τὸ
1300 444 1485 512 μεῖζον
1513 447 1865 522 ἀφέστηκεν).

287 524 456 588 οὕτως
502 527 556 578 ετ
582 526 668 590 τίς
703 528 840 595 ἐστι,
878 531 1016 584 κατὰ
1053 533 1143 585 τὸν
1165 534 1274 588 τῶν
1295 535 1629 590 ὑπεναντίων
1657 532 1817 604 ’λόγον
1847 577 1861 598 ,

287 619 380 686 τῆς
408 617 503 670 τοῦ
562 619 773 690 Πατρὺς
804 619 949 692 ζωῆς
983 624 1061 684 ὡς
1110 624 1247 693 πρὸς
1276 626 1376 697 τὴν
1421 625 1564 696 ζωὴν
1606 626 1699 680 τοῦ
1734 623 1864 679 Υἱοῦ
1895 639 1904 644 ‘

291 707 648 776 πλεονασμὸς,
678 707 735 761 ἐν
770 726 876 762 τινι
921 711 1070 782 ῥητῷ
1098 712 1423 785 διαστήματι
1467 715 1682 778 πάντως
1725 715 1860 768 ἐστί’

289 796 442 848 τοῦτο
473 797 531 848 δὲ
570 798 670 850 οὑκ
702 799 782 861 είς
809 798 870 852 τὸ
912 801 1113 871 ἐφεξῆς
1161 802 1504 874 περισσεύειν
1554 805 1866 874 ἀναγκαίως

293 887 666 958 συνθήσονται.
709 887 999 942 Ἀθάνατοι)
1040 892 1146 963 γὰρ
1176 892 1376 962 ὁμοίως
1419 894 1680 966 ἑκάτερον
1727 891 1865 949 εἶναι

290 983 379 1034 καὶ
410 984 459 1034 ot
491 981 674 1054 ἐχθροὶ
707 983 806 1054 τῆς
833 983 1094 1055 ἀληθείας
1121 984 1473 1056 ὁμολογοῦσιν
1494 1005 1506 1018 ·
1551 987 1664 1041 ἀλλ’
1695 989 1775 1052 είς
1807 989 1868 1042 τὸ

291 1074 400 1126 ἄνω
439 1074 538 1142 τὴν
584 1073 845 1144 διαφορὰν
890 1076 1092 1146 ταύτην
1131 1079 1453 1143 ἐπινοοῦσιν,
1493 1083 1592 1132 οὑκ
1626 1081 1867 1143 ίσοῦντες

292 1164 428 1234 πρὸς
460 1164 551 1218 τὸν
585 1166 805 1236 Πατέρα
833 1167 928 1220 τοῦ
963 1167 1092 1221 Υἱοῦ
1121 1169 1220 1241 τὴν
1248 1169 1413 1241 ζωὴν,
1447 1169 1564 1224 ἀλλ’
1597 1169 1866 1224 ἐκτείνον-

291 1271 380 1318 τες
406 1257 503 1325 τὴν
532 1258 660 1326 περὶ¹
692 1257 785 1310 τοῦ
829 1259 1038 1330 Πατρὺς
1059 1259 1281 1314 ’ἔννοιαν
1342 1260 1420 1331 τῷ
1451 1262 1548 1332 τῆς
1581 1261 1726 1334 ζωῆς
1753 1262 1867 1314 δια-

296 1349 549 1416 στήματι.
591 1348 742 1401 Ἐπεὶ
785 1346 881 1403 οὖν
922 1349 1194 1423 διάστημα
1236 1353 1442 1418 διπλοῖς
1481 1355 1680 1426 πέρασι
1712 1373 1868 1426 περι-

292 1441 581 1510 γράφεται,
613 1441 828 1504 πάντως
866 1442 1077 1514 ἀνάγκη
1111 1446 1278 1508 πᾶσα,
1313 1445 1407 1498 καὶ
1434 1445 1525 1498 τοῦ
1555 1445 1867 1516 ὲπινοηθέν⁸

293 1546 382 1593 τος
403 1530 530 1601 παρ’
553 1529 729 1583 αὐτῶν
747 1531 1132 1603 διαστήματος,
1157 1534 1223 1588 τὰ
1245 1533 1338 1588 δύο
1365 1537 1564 1605 σημεῖα
1588 1536 1656 1588 τὰ
1678 1553 1872 1604 γνωρι-

294 1621 448 1675 στικὰ
475 1622 584 1675 τῶν
625 1623 874 1694 περάτων
894 1625 1323 1697 καταληφθῆναι.
1359 1625 1576 1699 Ὥσπερ
1603 1622 1694 1680 οὖν
1724 1627 1786 1680 τὺ
1815 1627 1872 1680 ἓν

293 1714 478 1785 μέρος,
519 1716 640 1769 κατ’
683 1715 898 1780 αὐτοὺς,
931 1715 1038 1769 ἀπὸ
1057 1717 1158 1787 τῆς
1203 1718 1508 1790 γεννήσεως
1555 1718 1650 1772 τοῦ
1689 1717 1866 1773 Μονο-
1907 1700 1948 1755 Β

290 1805 478 1875 γενοῦς
521 1808 620 1877 τὴν
662 1807 835 1878 ἀρχὴν
881 1807 1014 1878 εχει,
1060 1808 1203 1862 οὕτω
1231 1811 1326 1863 καὶ
1370 1810 1433 1864 τὸ
1463 1809 1649 1882 ἕτερον
1677 1810 1864 1882 ἄκρον,

290 1899 459 1970 ἑτέρῳ
484 1899 592 1952 ttvl.
619 1899 817 1969 πέρατι
855 1899 1073 1963 πάντως
1104 1900 1482 1972 συναπολήξει,
1513 1893 1559 1968 ᾧ
1590 1916 1868 1972 συναπαρει

287 1991 568 2062 τιζόμενον
589 1991 651 2045 τὸ
674 1991 946 2064 διάστημα
973 1992 1134 2046 ἑαυτὸ
1159 1993 1511 2066 περιγράφει.
1540 1992 1606 2046 Τί
1631 1988 1724 2047 οὖν
1752 1993 1869 2046 ἐστι

285 2083 444 2137 τοῦτο
484 2083 547 2136 τὺ
589 2084 780 2156 πέρας,
821 2085 972 2138 αὐτοὶ
997 2085 1343 2150 εἰπάτωσαν,
1393 2083 1549 2157 εἰπερ
1577 2086 1690 2149 τοῖς
1724 2083 1871 2149 ίδίοις

284 2177 469 2245 λόγοις
499 2177 808 2231 ἀκολουθεῖν
835 2177 935 2231 οὐκ
965 2176 1338 2248 αἰσχύνονται.

1967 449 2142 523 major
2177 467 2206 505 a
2249 452 2459 507 minore
2502 468 2514 504 :
2556 451 2626 506 ita
2650 451 2716 518 si,
2758 461 2814 505 ut
2851 451 3152 507 adversarii
3188 453 3407 518 volunt,
3441 456 3541 508 ali-

1966 544 2094 613 quis
2123 559 2388 598 excessus
2439 551 2525 598 est
2567 544 2686 596 vita:
2749 551 2802 596 et
2848 542 3183 598 cxsistcntia:
3226 541 3406 600 Patris
3453 561 3540 600 re-

1967 643 2157 705 spectu
2177 636 2298 689 vit-.e
2319 641 2373 687 et
2395 634 2726 689 exsistentim
2750 631 2893 696 Filii,
2910 633 3133 688 omnino
3152 644 3384 706 oportet,
3400 647 3457 691 ut
3475 638 3545 693 sit

1970 726 2022 778 in
2053 725 2287 796 quodam
2321 734 2476 779 certo
2505 723 2813 779 durationis
2845 723 3173 792 intervallo;
3206 736 3261 780 at
3286 742 3544 782 necessa—

1971 819 2051 871 rio
2084 817 2238 873 fateri
2269 818 2470 872 debent
2503 817 2606 871 hoc
2642 833 2750 871 non
2797 829 2921 871 esse
2962 818 3265 872 secundum
3300 819 3541 890 aliquem

1973 909 2166 964 futura:
2207 908 2516 963 durationis
2549 924 2836 965 excessum
2869 948 2882 962 .
2940 906 3243 979 Utrumque
3289 912 3435 965 enim
3469 911 3543 966 si-

1971 1001 2170 1054 militer
2201 1016 2324 1056 esse
2353 999 2714 1055 immortalem
2749 1015 2856 1055 non
2889 1000 3204 1055 inliciautur
3239 1000 3344 1071 ipsi
3378 1001 3544 1055 etiam

1972 1091 2216 1147 veritatis
2270 1091 2455 1146 hostes
2478 1129 2492 1153 ,
2542 1091 2636 1147 sed
2668 1091 3043 1146 diversitatem
3070 1092 3212 1146 hanc
3245 1093 3545 1147 secundum

1971 1181 2299 1252 pl‘mlerilam
2345 1179 2688 1237 duratioucm
2736 1183 3076 1252 concipiunt,
3132 1183 3260 1237 dum
3293 1181 3418 1236 Filii
3465 1184 3549 1236 vi.

1974 1284 2080 1329 tam
2113 1282 2167 1329 et
2199 1273 2578 1330 exsistentiam
2626 1289 2750 1329 cum
2797 1273 2975 1329 Patris
3010 1275 3120 1328 vita
3164 1289 3271 1329 non
3307 1281 3549 1344 aequant,

1971 1378 2199 1443 extensa
2233 1378 2637 1440 prorogataque
2671 1383 2768 1438 per
2800 1366 3149 1422 intervallum
3181 1367 3304 1422 vita:
3338 1367 3551 1440 cogita-

1975 1458 2122 1514 liene
2155 1465 2210 1513 et
2256 1458 2666 1518 existimatione
2704 1458 2772 1516 de
2811 1457 2993 1514 Patre.
3024 1459 3160 1514 Cum
3197 1456 3365 1531 igitur
3390 1475 3553 1517 omne

1975 1548 2322 1604 intervallum
2351 1548 2554 1618 duplici
2581 1549 2818 1606 termino
2848 1548 3364 1618 circumscribatur,
3394 1567 3553 1623 Opor-

1976 1649 2054 1696 tet
2103 1649 2162 1695 ut
2205 1646 2262 1696 et
2309 1639 2603 1696 intervallo
2648 1640 2716 1696 ab
2759 1640 2846 1697 his
2892 1644 3239 1714 excogitato,
3267 1643 3378 1699 duo
3435 1644 3552 1700 haec

1977 1732 2156 1805 signa,
2190 1740 2449 1804 tanquam
2473 1734 2885 1790 estrcmitatum
2916 1732 3141 1797 indicia,
3177 1735 3549 1807 assignentur.

1976 1823 2446 1891 Quemadmodum
2495 1823 2664 1896 igitur
2692 1839 2758 1880 ex
2791 1823 3011 1880 illorum
3045 1823 3352 1893 sententia,
3383 1825 3554 1881 altera

1975 1917 2196 1988 quidem
2231 1931 2360 1988 pars
2390 1913 2608 1972 initium
2641 1915 2794 1972 ducit
2825 1916 2898 1973 ab
2930 1924 3054 1972 ortu
3090 1917 3356 1988 unigeniti
3392 1915 3552 1982 Filii,

1977 2009 2057 2065 sic
2083 2015 2138 2064 et
2166 2007 2392 2063 alteram
2418 2004 2818 2064 extremitatem
2852 2009 3025 2063 altero
3054 2007 3292 2078 quodam
3321 2009 3555 2066 termino

1980 2099 2124 2154 liniri
2161 2112 2387 2153 necesse
2414 2105 2532 2164 est,
2565 2113 2630 2154 ex
2667 2112 2778 2169 quo
2809 2085 3158 2154 intervallum
3193 2099 3329 2154 illud
3360 2117 3550 2156 verum

1971 2201 2262 2263 aptumque
2280 2189 2520 2262 seipsum
2545 2188 2797 2245 deiiuitet
2810 2189 3387 2264 eiremnscribitﬁrgo
3404 2195 3556 2264 quis-
3652 2183 3664 2188 ’

285 2305 412 2343 nam
457 2289 561 2345 iste
601 2288 670 2344 sit
705 2289 990 2356 terminus,
1025 2289 1243 2361 ipsimet
1273 2295 1569 2360 exponant,
1604 2285 1872 2358 siquidem
1896 2283 2173 2358 propriam
2204 2295 2360 2338 suam
2409 2281 2718 2336 doctrinam
2745 2281 2992 2351 proﬁteri
3031 2297 3140 2337 non
3196 2284 3554 2343 erubescunt.

367 2377 508 2432 Ἀλλ’
532 2378 782 2450 οὐδεμίαν
813 2379 1138 2451 ἀμφιὸολίαν
1170 2379 1197 2431 ὁ
1229 2376 1384 2449 λόγος
1413 2377 1547 2450 ἔχει.
1581 2375 1705 2432 ’Ότι
1742 2376 1865 2431 οὐδὲ

283 2470 579 2542 εὑρήσουσι
603 2472 663 2525 τὸ
705 2470 892 2543 ἕτερον
922 2470 1108 2543 μέρος,
1137 2471 1228 2524 ἐπὶ
1254 2470 1316 2524 τὸ
1357 2470 1544 2544 ἕτερον
1573 2470 1738 2542 μέρος
1768 2469 1863 2523 τοῦ

283 2547 722 2628 ἀναπλασθέντος
750 2565 878 2634 παρ’
919 2562 1096 2616 αὐτῶν
1122 2561 1509 2633 διαστήματος,
1554 2564 1602 2615 εἰ
1639 2561 1714 2633 μή
1743 2578 1864 2614 τινα

285 2655 507 2717 πάντως
552 2653 725 2725 ἀρχὴν
759 2651 1038 2714 ὑπόθοιντο
1065 2652 1160 2707 τοῦ
1204 2651 1520 2725 ἁγεννήτου,
1568 2653 1660 2722 ἀφ’
1704 2646 1771 2725 ἦς
1805 2651 1865 2706 τὸ

290 2745 456 2812 μέσον
486 2743 564 2808 ὡς
594 2745 728 2814 πρὸς
772 2744 870 2816 τήν
898 2743 990 2798 τοῦ
1021 2744 1150 2797 Υἱοὺ
1177 2744 1429 2816 γέννησιν
1459 2743 1538 2816 τῷ
1584 2744 1728 2816 λόγῳ
1751 2744 1864 2799 δια-

287 2835 648 2906 λαμϐάνουσι.
679 2833 850 2888 Τοῦτο
880 2831 972 2888 οὖν
1000 2835 1145 2888 ἐστιν
1171 2833 1199 2888 ὃ
1219 2835 1448 2906 λέγομεν
1469 2874 1483 2900 ,
1533 2834 1615 2890 ὅτι
1646 2837 1674 2888 ὁ
1707 2853 1866 2906 μετα-

289 2926 607 2996 γενέστερον
627 2923 716 2978 τὸν
737 2925 886 2988 Υἱὸν,
911 2925 966 2978 ἔν
985 2943 1089 2978 τινι
1113 2925 1506 3007 διαστηματικῇ
1534 2945 1610 2980 πα
1617 2927 1861 2998 ρατάσει,

290 3017 384 3088 τῆς
411 3017 505 3072 τοῦ
533 3016 746 3089 [ἰατρὸς
769 3017 912 3088 ζωῆς
937 3015 1128 3086 λέγων,
1157 3016 1465 3090 ὡρισμένην
1493 3017 1651 3072 δώσει
1675 3019 1770 3072 καὶ
1792 3020 1870 3090 τῷ

290 3110 468 3182 Πατρλ⁸
490 3108 589 3181 τὴν
615 3109 789 3181 ἀρχὴν
814 3112 912 3181 τῆς
937 3109 1240 3181 ὑπάρξεως,
1272 3110 1350 3182 τῷ
1375 3111 1710 3184 ὲπινοηθέντι
1732 3109 1874 3166 κατὰ

289 3200 352 3252 τὸ
374 3199 538 3270 μέσον
559 3200 884 3271 διαστήματι
911 3201 1502 3273 συμπεριγραφομένην
1528 3219 1542 3232 ·
1580 3203 1674 3256 καὶ
1703 3201 1875 3267 οὑτως

289 3291 475 3353 αὑτοῖς
494 3289 847 3362 εὑρεθήσεται
866 3291 898 3361 ἡ
919 3291 1350 3364 πολυθρύλλητος
1364 3293 1458 3348 τοῦ
1481 3293 1689 3366 [ἰατρὸς
1715 3295 1876 3363 ἀγεν-

291 3381 453 3453 νησία
495 3380 581 3434 διὰ
614 3381 712 3450 τῆς
739 3380 993 3454 τοιαύτης
1039 3383 1382 3456 κατασκευῆς
1434 3385 1524 3438 ὑπ’
1559 3385 1736 3440 αὑτῶν
1767 3383 1876 3440 τῶν

291 3472 595 3545 προμάχων
632 3475 730 3543 τῆς
759 3473 1081 3546 ἀγεννησίας
1119 3475 1548 3546 ὲγκλεπτομένη,
1588 3476 1678 3532 τὸν
1715 3477 1876 3546 ἀγέν-

290 3581 452 3635 νητον
473 3564 604 3617 Θεὸν
632 3563 706 3636 μὴ
733 3565 819 3618 ἀεὶ
845 3561 981 3618 εἶναι
1013 3565 1211 3634 λέγειν,
1242 3566 1357 3620 ἀλλ’
1379 3565 1487 3620 ἀπό
1513 3583 1657 3632 τινος
1701 3569 1876 3639 ἀρχῆς

291 3653 386 3706 τοῦ
405 3649 546 3706 εἶναι
573 3652 670 3724 τὴν
701 3651 874 3725 ἀρχὴν
902 3655 1193 3726 ἐσχηκέναι
1222 3654 1653 3719 κατασκευάζειν
1673 3673 1686 3686 ·
1721 3655 1877 3728 ὁγὰρ

293 3744 469 3814 ἀρχὴν
498 3742 591 3797 τοὺ
617 3739 751 3798 εῖναι
781 3744 918 3815 ἔχων
971 3746 1206 3818 ἄναρχος
1227 3746 1326 3799 οὑκ
1352 3746 1518 3801 ἔστιν.
1557 3750 1616 3801 Et
1636 3748 1693 3801 δὲ
1715 3750 1879 3802 παντὶ

293 3837 480 3908 τρόπῳ
499 3837 562 3889 τὺ
585 3837 816 3907 ἄναρχον
837 3837 930 3891 τοῦ
955 3838 1165 3911 Πατρὸς
1190 3839 1568 3908 ὁμολογεῖσθαι
1589 3842 1876 3911 προσήκει,

300 3928 436 3999 μηδὲ
457 3927 556 3997 τῆς
584 3927 678 3981 τοῦ
709 3926 840 3981 Υίοῦ
866 3928 1009 3998 ζωῆς
1027 3929 1328 4001 ὡρισμένον
1344 3947 1394 3983 τι
1418 3929 1880 4002 πολυπραγμονεῖ-

303 4017 415 4069 σθω
446 4020 670 4086 σημεῖον
697 4055 713 4079 ,
752 4018 843 4086 ἀφ’
875 4013 934 4073 οὑ
956 4019 1048 4072 τοῦ
1073 4015 1210 4073 εἶναι
1239 4019 1564 4093 ἀρξάμενος,
1594 4025 1694 4094 τῆς
1720 4026 1798 4088 εἰς
1819 4019 1880 4078 τὸ

303 4110 564 4162 ἐπέκεινα
585 4107 679 4162 τοῦ
714 4109 937 4181 σημείου
967 4109 1112 4181 ζωῆς
1139 4111 1505 4183 ἀποτέμνεται
1530 4131 1542 4142 ·
1585 4114 1699 4167 ἀλλ’
1720 4115 1882 4186 ἀρκεῖ

301 4201 442 4254 κατὰ
492 4200 653 4270 μόνον
693 4201 786 4255 τὸν
833 4201 930 4272 τῆς
978 4201 1156 4266 αἰτίας
1207 4203 1362 4273 λόγον
1409 4208 1748 4274 προεπινοείν
1785 4206 1878 4260 τοῦ

301 4293 430 4348 Υἱοῦ
467 4292 560 4346 τδν
603 4291 855 4364 Πατέρα,
905 4295 997 4347 καὶ
1030 4295 1105 4364 μὴ
1144 4297 1577 4370 κεχωρισμένην,
1613 4297 1708 4351 καὶ
1747 4297 1877 4352 ἰδιά-

2043 2373 2150 2431 Sed
2181 2387 2270 2430 res
2303 2373 2453 2428 omni
2483 2371 2842 2444 ambiguitate
2870 2382 3040 2428 caret.
3075 2372 3191 2429 Non
3229 2377 3374 2430 enim
3407 2377 3558 2433 inve-

1970 2468 2122 2524 nient
2151 2465 2377 2523 alteram
2399 2471 2608 2536 partem
2639 2480 2943 2521 connexam
2977 2481 3102 2521 cum
3149 2468 3317 2524 altera
3345 2469 3400 2524 in
3422 2483 3559 2525 con-

1971 2558 2099 2614 ﬁcto
2141 2559 2210 2615 ab
2249 2558 2384 2630 ipsis
2422 2557 2733 2625 intervallo,
2769 2557 2875 2614 nisi
2910 2556 3199 2615 admittant
3233 2569 3288 2616 et
3316 2569 3559 2618 statuant

1970 2647 2193 2720 aliquod
2240 2649 2458 2704 initium
2511 2649 2654 2720 ejus,
2705 2650 2800 2720 qui
2854 2649 3081 2704 omnino
3147 2659 3232 2706 est
3282 2652 3559 2722 ingenitus

1971 2737 2258 2808 ciuilisque
2301 2745 2457 2794 ortus
2495 2752 2712 2808 expers,
2764 2754 2830 2794 ex
2877 2752 2986 2808 quo
3034 2741 3272 2796 medium
3326 2743 3389 2795 ad
3435 2741 3560 2798 Filii

1973 2844 2148 2899 usque
2189 2829 2598 2901 generationem
2634 2829 2966 2900 cogitatione
3005 2832 3312 2902 producant
3354 2840 3409 2888 et
3442 2850 3561 2904 pro.

1972 2922 2211 2978 trahant.
2248 2921 2363 2977 lloc
2407 2921 2576 2993 igitur
2606 2930 2690 2978 est
2725 2921 2870 2994 quod
2910 2923 3272 2991 at‘lirmamus,
3303 2939 3426 2979 eum
3466 2923 3568 2996 qui-

1976 3011 2175 3069 Filium
2233 3015 2591 3086 posteriorem
2653 3017 2872 3080 asserit,
2931 3015 3232 3072 secundum
3290 3017 3561 3072 intervalli

1977 3104 2270 3176 quamdam
2305 3105 2707 3176 extensionerq,
2748 3103 2926 3162 Patris
2978 3105 3088 3160 vita
3122 3113 3176 3161 et
3215 3098 3558 3170 exsistentia,

1977 3196 2233 3253 similiter
2258 3211 2478 3267 quoque
2505 3198 2671 3252 certis
2716 3196 2913 3266 spatiis
2949 3204 3002 3252 et
3041 3197 3242 3252 finibus
3287 3198 3564 3253 exsisteu-

1978 3289 2110 3343 tiam
2144 3286 2318 3345 Patris
2347 3297 2663 3352 coarctare,
2689 3297 2878 3359 utpote
2925 3290 3409 3366 circumscriptam
3469 3305 3564 3360 per

1977 3381 2213 3437 medium
2237 3389 2464 3440 extenso
2489 3383 2804 3437 intervallo:
2829 3392 2878 3438 et
2909 3382 2989 3437 sic
3023 3381 3272 3438 videmus
3294 3381 3560 3436 celebrem
3615 3427 3619 3436 .

1979 3475 2128 3529 illam
2187 3475 2504 3544 passimque
2539 3474 2800 3545 jactatam
2845 3471 3023 3531 Patris
3057 3475 3560 3539 innascibilitatem,

1979 3579 2076 3634 per
2113 3562 2258 3619 hanc
2295 3565 2549 3623 technam
2582 3573 2636 3620 et
2681 3564 3143 3621 machinationem
3191 3566 3258 3620 ab
3304 3565 3438 3636 ipsis
3475 3565 3561 3619 in-

1979 3657 2365 3712 nascibilitatis
2387 3658 2883 3728 propugnatoribus
2916 3659 3108 3725 everti,
3136 3658 3266 3713 dum
3309 3671 3564 3713 asserunt

1981 3747 2152 3804 Deum
2194 3763 2304 3803 non
2349 3763 2474 3805 esse
2512 3746 2843 3818 ingenitum,
2905 3748 2999 3804 sed
3041 3764 3071 3802 a
3114 3758 3266 3804 certo
3325 3750 3563 3820 quodam

1981 3841 2135 3895 initio
2162 3839 2490 3911 principium
2529 3841 2782 3908 duxisse;
2830 3856 2952 3896 nam
2997 3841 3141 3911 quod
3186 3841 3401 3896 initium
3454 3859 3567 3897 sua:

1980 3935 2314 3992 easistentire
2363 3934 2549 4000 habet,
2602 3951 2712 3991 non
2765 3941 2918 3990 caret
2961 3934 3251 4005 principio.
3304 3934 3460 4001 Quod
3518 3936 3564 3989 si

1980 4027 2297 4083 omnimodo
2354 4027 2723 4084 confitendum
2761 4036 2845 4083 est
2886 4025 3104 4080 Patrem
3153 4026 3425 4096 principio
3475 4041 3567 4079 ca-

1983 4135 2126 4184 rere,
2162 4126 2376 4189 oportet
2422 4127 2482 4174 ut
2514 4133 2692 4189 neque
2722 4115 2845 4172 Filii
2886 4120 3010 4173 vita:
3049 4117 3332 4172 deﬁnitum
3363 4125 3418 4173 et
3443 4133 3568 4172 cer-

1985 4220 2096 4266 tum
2145 4211 2440 4265 terminum
2481 4219 2720 4275 statuas,
2757 4224 2787 4264 a
2819 4224 2928 4280 quo
2967 4210 3189 4265 vivendi
3232 4208 3566 4279 principium

1983 4303 2218 4369 duxerit,
2246 4301 2462 4372 vitaque
2508 4317 2594 4365 eo,
2620 4300 2764 4371 quod
2788 4316 2951 4370 supra
2980 4301 3124 4356 hunc
3144 4299 3436 4355 terminum
3461 4307 3567 4366 est,

298 4383 501 4449 ζουσὰν
536 4402 665 4439 ποτε
695 4383 788 4438 τοῦ
821 4384 1033 4456 Πατρὸς
1061 4385 1160 4456 τὴν
1189 4385 1352 4458 ζωὴν,
1381 4387 1487 4457 πρὸ
1511 4389 1610 4459 τῆς
1626 4388 1721 4443 τοῦ
1749 4389 1875 4443 Υἱοῦ

1987 4391 2166 4462 spatio
2232 4389 2448 4461 penitus
2507 4391 2787 4456 caruerit;
2843 4388 2938 4446 sed
2999 4387 3205 4443 suffiit
3265 4386 3566 4446 secundum

299 4482 608 4550 γεννήσεως
642 4494 657 4510 ο
709 4477 797 4531 ἵνα
829 4477 902 4547 μὴ
933 4478 1243 4550 συνεισέλθη
1288 4481 1354 4550 τῇ
1400 4480 1663 4552 ὑπολήψει
1707 4480 1880 4554 ταύτῃ

300 4570 726 4642 διαστηματικόν
758 4587 811 4622 τι
858 4569 1034 4639 νόημα
1079 4570 1184 4640 πρὸ
1220 4571 1319 4641 τῆς
1362 4572 1457 4625 τοῦ
1494 4571 1624 4625 Υἱοῦ
1673 4573 1883 4629 ἀναδεί-

307 4665 459 4728 ξεως,
505 4666 572 4735 τῇ
620 4661 734 4734 ζωῇ
765 4661 859 4716 τοῦ
901 4663 1288 4733 γεγεννηκότος
1320 4663 1840 4735 παραμετρούμενον
1866 4681 1877 4691 ·

305 4749 352 4826 ᾧ
394 4759 514 4811 κατ’
557 4756 804 4826 ἀνάγκην
843 4755 1196 4826 ἀκολουθήσει
1258 4756 1319 4809 τὸ
1366 4757 1462 4810 καὶ
1509 4755 1604 4810 τοῦ
1671 4757 1884 4828 Πατρὸς

305 4849 478 4921 ἀρχήν
497 4865 616 4901 τινα
638 4849 736 4917 τῆς
763 4845 908 4917 ζωῆς
936 4845 1285 4917 ὑπερθέσθαι,
1312 4847 1432 4901 καθ’
1463 4847 1530 4916 ἣν
1557 4846 1618 4900 τὸ
1646 4847 1884 4901 ἀναπλα-

307 4938 431 4991 σθὲν
450 4937 558 5008 πρὸ
588 4937 752 4991 αὑτοῦ
772 4937 1046 5009 διάστημα
1076 4937 1263 5008 προϊὸν
1284 4937 1376 4991 ἐπὶ
1397 4937 1458 4989 τὸ
1487 4936 1600 4990 ἄνω
1628 4939 1883 5008 στήσεται

308 5031 763 5103 συμπεριγράφον
796 5030 946 5102 αὑτῷ
981 5032 1080 5102 τῆς
1114 5029 1602 5101 προεπινοηθείσης
1638 5030 1730 5084 τοῦ
1770 5032 1882 5084 Πα-

310 5123 432 5192 τρὸς
465 5122 612 5192 ζωῆς
643 5121 741 5193 τὴν
769 5122 964 5194 ἀρχήν.
1005 5121 1165 5175 Ἀλλὰ
1194 5121 1254 5175 τὸ
1277 5119 1336 5186 ἐξ
1369 5121 1536 5176 αὑτοῦ
1567 5124 1884 5194 ὁμολογοῦν-

307 5232 424 5278 τας,
451 5215 557 5268 κᾶν
577 5213 848 5284 τολμηρόν
880 5231 932 5266 τι
967 5214 1256 5285 φαίνηται,
1289 5212 1386 5266 καὶ
1421 5213 1483 5266 τὸ
1515 5214 1612 5266 σὺν
1640 5214 1786 5285 αὐτῷ
1812 5217 1885 5287 μὴ

309 5307 611 5379 ἀρνεῖσθαι,
654 5306 760 5360 ὑπὸ
803 5306 899 5376 τῆς
931 5307 988 5359 ἐν
1016 5309 1134 5371 ταῖς
1164 5307 1464 5379 ὑποθήκαις
1506 5308 1730 5380 Γραφῆς
1753 5309 1888 5380 πρὸς

309 5399 406 5471 τὴν
433 5398 642 5452 ἔννοιαν
683 5395 889 5468 ταύτην
922 5397 1330 5469 ὁδηγουμένους.
1370 5403 1759 5472 Ἀπαύγασμα
1782 5401 1886 5471 γὰρ

310 5493 509 5548 ἀϊδίου
531 5489 729 5561 φωτὸς
751 5490 902 5557 παρὰ
914 5494 1005 5560 τῆι
1031 5490 1231 5558 Σ-ιφίας
1269 5489 1618 5551 ἀκούσαντες.
1670 5507 1886 5544 συνεπι-

313 5583 626 5651 θεωροῦμεν
670 5582 736 5650 τῇ
789 5579 1050 5652 ἁῖδιότητι
1116 5579 1208 5634 τοῦ
1282 5577 1641 5648 πρωτοτύπου
1711 5575 1884 5644 φωτὸς

317 5676 371 5728 τὸ
396 5674 762 5742 ἀπαύγασμα,
799 5669 892 5722 καὶ
927 5668 988 5718 τὸ
1024 5666 1192 5718 αἴτιον
1224 5663 1316 5715 τοῦ
1344 5665 1771 5737 ἀπα-νίάσματος
1800 5672 1884 5727 ὲν-

643 5768 917 5826 ΡΑτιιυι,
963 5760 1079 5819 Gn.
1115 5757 1302 5819 XLV.

1985 4483 2158 4538 solam
2217 4478 2474 4550 principii
2531 4479 2803 4534 rationem
2869 4477 3292 4549 praaintelligere
3350 4475 3568 4532 Patrem

1985 4571 2141 4632 Filio,
2179 4585 2356 4640 neque
2385 4568 2563 4625 Patris
2590 4569 2702 4622 vita
2731 4568 3048 4638 separatim,
3076 4574 3132 4622 et
3155 4568 3313 4638 quasi
3351 4570 3568 4638 propria

1989 4663 2157 4728 illius,
2200 4671 2327 4716 ante
2373 4659 2494 4714 Filii
2543 4660 2950 4731 generationem
3000 4659 3298 4730 spectanda
3343 4668 3450 4720 est,
3501 4674 3570 4710 ne

1987 4754 2170 4808 animo
2224 4755 2418 4808 subeat
2479 4752 2750 4807 intervalli
2782 4751 3019 4821 alicujus
3074 4751 3374 4821 cogitatio.
3417 4749 3566 4821 quod

1987 4857 2112 4902 ante
2144 4845 2262 4900 Filii
2301 4845 2704 4916 generationem
2749 4859 2874 4898 cum
2917 4843 3035 4914 ipso
3068 4841 3233 4899 Patre
3270 4855 3568 4914 generante

1987 4937 2150 4991 simul
2214 4933 2520 5000 exstiterit;
2561 4947 2626 4987 ex
2671 4947 2782 5002 quo
2830 4932 3148 4988 necessario
3189 4931 3564 4993 concluditur.

1986 5029 2150 5083 etiam
2190 5028 2314 5081 vitae
2363 5035 2418 5081 et
2459 5024 2796 5080 exsistentize
2841 5023 3020 5079 Patris
3073 5023 3403 5094 principium
3444 5037 3570 5076 esse
3659 5005 3666 5013 ’

1989 5119 2409 5182 admittendum,
2444 5133 2472 5172 a
2505 5132 2614 5188 quo
2647 5116 2940 5172 confictam
2977 5118 3044 5173 ab
3078 5118 3184 5172 isto
3221 5115 3568 5172 intervallum

1989 5215 2292 5286 procedens
2320 5213 2519 5266 ibidem
2545 5227 2612 5266 ex
2643 5196 2843 5282 supera
2882 5219 3037 5282 parte
3064 5210 3317 5273 finietur;
3350 5219 3571 5261 secum-

1987 5321 2093 5376 que
2139 5306 2342 5376 pariter
2396 5302 2617 5357 deliniet
2669 5311 2724 5358 et
2780 5301 3198 5357 circumscribat
3236 5294 3569 5366 principium

1989 5395 2385 5466 przeintellectae
2427 5402 2481 5449 et
2506 5393 2937 5465 praeexsistentis
2953 5394 3077 5444 vitae
3102 5386 3304 5442 Patris.
3331 5383 3570 5441 Verum-

1988 5489 2266 5543 enimvero
2311 5502 2459 5547 eunt.
2505 5501 2664 5555 quem
2712 5500 2780 5540 ex
2831 5482 2994 5536 Patre
3050 5478 3348 5549 procedere
3397 5477 3571 5534 conii-

1990 5589 2186 5641 temur.
2238 5579 2452 5634 etiamsi
2490 5577 2705 5631 facinus
2738 5575 2918 5628 audax
2963 5572 3234 5635 videatur,
3256 5586 3366 5626 non
3407 5587 3570 5643 nege-

1993 5689 2113 5728 mus
2144 5670 2306 5728 simul
2337 5685 2460 5725 cum
2505 5667 2625 5739 ipso
2660 5680 2805 5732 esse,
2850 5665 2904 5720 in
2947 5665 3086 5720 hanc
3126 5662 3453 5718 sententiam
3502 5663 3571 5716 ab

3169 5750 3245 5811 12
