4064 6146
495 253 597 308 563

1722 248 1785 302 'S.
1830 248 2152 306 CRECORII
2197 250 2237 303 Ν
2251 249 2281 300 Υ
2294 248 2484 303 SSENI

483 368 618 434 ipsis
653 377 820 420 sacra:
851 360 1146 429 Scriptum
1179 362 1414 415 oraculis
1438 360 1778 418 ducti.-Cun‘t
1815 380 1959 419 emm
1988 367 2053 420 ab

2157 364 2421 425 νοοῦντες,
2450 365 2541 415 καὶ
2568 362 2626 414 τὸ
2662 360 3025 432 πρετὸύτερο)
3055 359 3113 414 οὐ
3144 359 3449 430 δεχόμενοι·
3498 362 3591 414 καὶ
3630 360 3726 414 oli-

482 458 599 525 ipsa
671 452 947 524 Sapientia
1009 451 1305 518 audimus,
1362 467 1485 507 eum
1547 468 1668 508 esse
1724 454 2052 523 splcnrlorem

482 545 662 599 averni
696 543 906 596 luminis
925 542 1004 607 ",
1049 543 1233 598 statim
1277 552 1456 597 mente
1480 543 1819 611 concipimus
1872 544 2050 613 ipsum

479 635 1107 705 splendorcm,tanquam
1142 649 1294 703 aeque
1322 644 1583 688 :eternum
1609 648 1673 688 ac
1703 634 1884 688 lumen
1916 636 2046 690 illud

2150 474 2256 518 τως
2285 457 2413 525 ἡμῖν
2439 455 2465 506 ὁ
2501 452 2597 521 τῆς
2633 451 2908 513 εὐσεϐείας
2946 450 3335 522 διασωθήσεται
3363 451 3519 519 λόγος
3541 469 3554 481 ·
3605 451 3728 505 οὗτε

2150 546 2227 616 τῷ
2257 544 2368 616 Υἰῷ
2401 544 2499 612 τῆς
2544 543 2685 612 ζωῆς
2730 542 2820 595 ἐπὶ
2870 542 2929 594 τὸ
2962 542 3073 595 ἄνω
3102 541 3392 612 λειπούσης
3413 582 3427 603 ,
3473 540 3596 595 οὔτε
3632 546 3732 613 τῆς

2153 636 2449 706 ἀῖδιότητος
2478 634 2570 687 τοῦ
2599 632 2807 704 Πατρδς
2832 633 2888 685 ὲν
2914 632 2990 703 τῷ
3016 632 3233 704 ὁριστὴν
3262 633 3610 687 ὑποτίθεσθαι
3636 633 3731 687 τοῦ

3618 247 3726 302 364
3802 266 3805 269 ·

481 728 758 797 princeps,
782 742 846 779 ex
874 741 983 796 quo
1013 725 1501 796 splendoremicuit
1526 741 1541 791 ;
1568 724 1805 793 dumque
1825 740 2049 781 causam

2158 727 2290 779 Υίοῦ
2316 726 2412 796 τὴν
2440 725 2612 795 ἀρχὴν
2638 722 3052 793 κολοὸουμένης.

477 829 530 873 et
560 818 882 888 principium
909 814 1211 885 splendoris
1252 815 1621 886 intelligimus.
1674 817 1837 871 simul
1865 818 2029 870 etiam
2068 818 2331 871 rationem
2411 815 2735 885 antiquioris
2781 830 2875 869 seu
2915 814 3111 885 prioris
3164 815 3553 884 repudiamus:
3621 832 3735 886 quo

483 913 560 975 fit,
596 919 653 963 ut
686 910 828 981 quod
893 910 977 979 pie
1000 909 1157 963 nobis
1180 909 1440 963 traditum
1472 916 1576 973 est,
1614 909 1932 963 inviolatum
1970 908 2331 972 custodiatur,
2373 906 2499 963 dum
2529 922 2703 977 neque
2737 907 2845 962 vita
2907 906 3031 960 Filii
3087 907 3251 975 priori
3313 908 3496 977 aliquo
3564 909 3736 963 inter—

481 1004 622 1057 vallo
672 1002 870 1065 deﬁcit,
907 1016 1080 1069 neque
1129 1001 1288 1055 etiam
1343 1001 1622 1056 aeternitas
1669 999 1852 1055 Patris
1885 1002 2188 1066 mutilatur,
2218 1000 2342 1056 Filii
2372 1003 2480 1059 vita
2543 1012 2595 1056 et
2628 998 2949 1057 exsisteutia
3019 1007 3183 1054 certa:
3246 998 3481 1069 alicujus
3561 1002 3723 1056 dura-

478 1096 640 1151 tionis
676 1095 940 1149 limitibus
976 1094 1205 1149 inclusa.

554 1189 662 1245 Sed
717 1187 858 1242 forte
904 1188 1105 1244 dixerit
1166 1189 1442 1261 quispiam
1508 1205 1575 1244 ex
1610 1187 2051 1244 adversariorum

480 1296 729 1345 numero,
753 1282 925 1349 ipsam
959 1296 1175 1350 quoque
1202 1292 1507 1336 creaturam
1560 1282 1803 1337 omnium
1836 1279 2054 1335 confes-

480 1374 635 1428 sione
662 1381 872 1429 certum
910 1374 1245 1445 principium
1283 1374 1504 1436 habere,
1538 1390 1714 1444 neque
1741 1381 1924 1428 tamen
1964 1387 2053 1428 res

478 1473 692 1519 creatas
720 1472 775 1519 ut
804 1472 1102 1519 coaeternas
1151 1463 1340 1535 Opifici
1363 1480 1461 1519 suo
1491 1464 1702 1533 concipi
1731 1479 1913 1534 posse,
1957 1478 2054 1518 ne-

2237 1186 2373 1239 ’Ᾱλλ’
2411 1187 2540 1248 ἴσως
2583 1184 2699 1255 ἐρεῖ
2743 1200 2825 1246 τις
2865 1182 2973 1234 τῶν
3010 1182 3376 1251 ἐνισταμένων
3421 1181 3498 1253 τῷ
3548 1184 3732 1254 λόγῳ,

2154 1279 2235 1332 ὅτι
2267 1278 2414 1347 καὶὴ
2445 1277 2620 1339 κτίσις
2649 1272 3088 1345 ὁμολογουμένην
3116 1273 3288 1345 ἀρχὴν
3320 1273 3453 1344 ἔχει,
3484 1274 3578 1327 καὶ
3605 1274 3732 1330 οὐτε

2154 1373 2544 1424 συνεπινοεῖται
2582 1370 2645 1439 τῇ
2686 1367 2944 1435 ἀῖδιότητι
2976 1365 3069 1419 τοῦ
3107 1367 3450 1437 Δημιουργοῦ
3482 1367 3548 1419 τὰ
3576 1369 3734 1435 γενόο

2155 1480 2313 1533 μενα,
2334 1460 2456 1515 οὐτε
2487 1460 2665 1531 ἵστησι
2693 1458 2781 1512 διὰ
2802 1457 2900 1527 τῆς
2936 1457 3071 1519 ἰδίας
3094 1458 3265 1530 ἀρχῆς
3286 1458 3345 1511 τὸ
3365 1459 3610 1529 ἀόριστον
3632 1458 3736 1527 τῆς

479 1574 587 1627 que
614 1556 776 1611 etiam
809 1571 902 1612 eas
936 1571 1039 1611 suo
1064 1556 1221 1610 initio
1253 1557 1575 1611 inﬁnitatem
1616 1556 1813 1611 divina:
1843 1564 2051 1610 naturae

2157 1552 2304 1616 θείας
2351 1551 2515 1620 ζωῆς.
2553 1551 2742 1622 ὥσπερ
2785 1553 2877 1605 ἐπὶ
2919 1549 3012 1604 τοῦ
3059 1548 3212 1614 Υίοῦ,
3245 1550 3339 1602 καὶ
3370 1549 3465 1602 τοῦ
3520 1549 3734 1619 [ἰατρὸς

482 1647 799 1713 terminare,
840 1646 987 1717 quod
1023 1664 1120 1703 nos
1151 1663 1271 1702 cum
1303 1646 1370 1702 de
1400 1645 1560 1702 Patre
1585 1654 1638 1701 et
1674 1645 1810 1701 Filio
1862 1646 2054 1717 dispu-

478 1739 1029 1810 tabamus,tanquam
1053 1738 1370 1802 absurdum,
1401 1740 1663 1808 consequi
1708 1738 2049 1795 dicebamus.

478 1830 666 1899 Itaque
711 1830 1026 1886 necessario
1073 1829 1510 1885 concludendum
1544 1845 1667 1886 esse
1700 1830 1771 1885 ob
1807 1830 1929 1896 hoc,
1970 1830 2053 1884 vel

478 1925 792 1971 creaturam
855 1933 978 1972 esse
1031 1926 1365 1973 cozeternam
1424 1917 1555 1984 Deo,
1622 1917 1703 1972 vel
1744 1930 1890 1973 certe
1936 1919 2056 1974 sine

478 2009 742 2077 scrupulo
793 2007 1020 2063 concedi
1078 2024 1260 2078 posse,
1324 2007 1522 2062 Filium
1580 2023 1702 2063 esse
1746 2008 1906 2065 Patre
1955 2026 2057 2064 suo

2153 1642 2539 1712 ἐξεταζόμενος
2558 1644 2586 1695 6
2615 1642 2770 1710 λόγος
2799 1643 2895 1714 τὴν
2920 1641 3147 1697 ἀτοπίαν
3168 1640 3464 1705 ὑπέδειξεν.
3483 1640 3568 1702 Ὧς
3598 1640 3736 1692 ἀκό-

2152 1736 2338 1789 λουθον
2367 1729 2503 1788 εἷναι
2529 1734 2618 1788 διὰ
2641 1735 2827 1789 τούτου
2849 1735 2882 1806 ἢ
2910 1735 3006 1806 τὴν
3018 1734 3193 1787 κτίσιν
3221 1732 3484 1786 συναῒδιον
3503 1732 3576 1802 τῷ
3594 1731 3737 1801 Θεῷ,

2153 1829 2187 1899 ἢ
2207 1827 2301 1880 καὶ
2329 1826 2420 1879 τὸν
2452 1828 2577 1880 Υἱὸν
2609 1826 3065 1898 μεταγενέστερον
3083 1827 3301 1895 ἀφόϐως
3332 1825 3510 1892 λέγειν
3528 1841 3541 1854 ο
3570 1826 3599 1877 ὁ
3622 1824 3739 1897 γὰρ

2153 1920 2247 1974 τοῦ
2271 1920 2635 1991 διαστήματος
2650 1921 2804 1990 λόγος
2819 1921 3017 1991 ὁμοίως
3045 1920 3310 1985 ὐποδείξει
3342 1920 3392 1973 τὸ
3404 1920 3620 1983 ἄτοπον,
3642 1920 3742 1972 καὶ

2157 2012 2267 2065 ἀπὸ
2289 2014 2383 2083 τῆς
2414 2013 2640 2075 κτίσεως
2658 2014 2753 2065 ἐπὶ
2780 2013 2870 2066 τὸν
2898 2013 3233 2082 πεποιηκότα
3254 2011 3715 2081 διαμετρούμενος

478 2100 877 2166 posteriorem;
953 2115 1080 2152 nam
1154 2099 1296 2154 ratio
1356 2100 1627 2155 intervalli
1684 2103 1967 2173 aequaliter
2025 2107 2420 2162 absurditatem
2484 2123 2668 2163 secum
2748 2108 2927 2171 aﬁ‘crt,
2979 2107 3201 2178 quando
3280 2124 3309 2162 a
3363 2117 3610 2161 creatura
3666 2106 3743 2158 ad

480 2184 795 2238 Creatorem
825 2184 1002 2254 ipsum
1033 2188 1273 2251 ducitur.

549 2279 738 2349 Atqui
784 2280 887 2335 hoc
922 2280 1132 2349 objicit,
1182 2282 1228 2335 is
1276 2281 1414 2337 forte
1451 2299 1557 2341 non
1609 2288 1743 2341 satis
1800 2300 2054 2344 accurate

475 2381 527 2425 et
558 2371 849 2441 diligenter
875 2371 1128 2443 dogmate
1193 2373 1314 2439 ipso
1352 2374 1704 2445 introspecto,
1749 2392 1814 2434 ex
1855 2379 2046 2434 alienis

473 2472 529 2516 et
567 2465 792 2519 omnino
830 2465 967 2519 nihil
1021 2463 1089 2519 ad
1127 2467 1466 2536 propositum
1522 2476 1767 2523 nostrum
1805 2470 2053 2530 facienti-

478 2558 606 2620 bus,
636 2564 826 2610 contra
864 2572 926 2611 ea
950 2573 1071 2626 qua:
1122 2558 1507 2625 disseruimus,
1563 2572 1881 2631 argumenta
1924 2580 2049 2637 pro—

476 2649 595 2702 mit.
631 2647 766 2701 Nam
804 2649 847 2704 si
895 2650 1273 2705 demonstrare
1327 2662 1532 2719 posset,
1592 2654 1795 2722 aliquid
1833 2671 2048 2720 eorum,

476 2755 596 2807 qua:
648 2753 813 2807 supra
856 2750 1165 2793 creaturam
1217 2749 1365 2807 sunt,
1407 2742 1778 2805 subsistentia:
1838 2760 1949 2798 sum
1996 2745 2048 2799 in

480 2839 681 2896 puncto
726 2830 960 2899 alicujus
995 2832 1262 2887 intervalli
1298 2834 1564 2905 originem
1602 2834 1822 2899 ducere,
1866 2839 2053 2907 sicque

442 2931 735 2988 'prmterea
786 2939 885 2993 pro
937 2921 1110 2988 certo,
1172 2926 1446 2979 communi
1493 2928 1749 2982 omnium
1785 2929 2053 2998 approba-

474 3017 624 3068 tione
656 3023 956 3078 constaret,
978 3016 1091 3070 ﬁeri
1127 3032 1307 3086 posse,
1335 3026 1393 3071 ut
1424 3019 1587 3072 etiam
1624 3030 1747 3073 ante
1780 3032 2051 3075 creaturae

475 3105 810 3181 effectioan
842 3108 1112 3161 intervalli
1145 3108 1380 3178 alicujus
1423 3110 1562 3163 ratio
1611 3112 1996 3181 conciperetur
2027 3129 2040 3169 :

473 3204 589 3250 tum
630 3196 880 3251 fortassis
910 3214 1017 3251 non
1048 3200 1273 3253 omnino
1306 3200 1501 3270 pheter
1536 3218 1646 3256 rem
1685 3203 1821 3257 foret
1860 3203 2047 3271 hujus-

476 3288 621 3342 modi
652 3291 986 3360 argumentis
1022 3288 1449 3346 demonstratam
1480 3294 1546 3346 de
1606 3292 1740 3347 Filio
1773 3295 2048 3349 aeternita-

476 3391 585 3435 tem
626 3380 849 3434 cludere
884 3391 936 3436 et
964 3396 1280 3449 oppugnare
1328 3382 1472 3435 velle
1538 3383 1604 3435 At
1639 3400 1763 3436 cum
1806 3386 2048 3438 omnium

474 3478 622 3525 recte
652 3472 1002 3524 sentientium
1030 3471 1305 3542 suffragiis
1330 3482 1384 3529 et
1413 3475 1779 3530 consensione
1809 3477 2042 3545 liqueat,

475 3562 682 3621 entiam
715 3560 860 3614 aliud
895 3560 1112 3629 quidem
1160 3579 1289 3618 esse
1333 3576 1598 3628 creatum,
1654 3567 1799 3621 aliud
1838 3569 2050 3624 increa-

476 3658 589 3702 tum
621 3664 885 3716 :cumque
912 3649 1157 3705 veritatis
1184 3660 1237 3707 et
1272 3652 1488 3723 pietatis
1529 3654 1822 3724 disciplina
1850 3655 2050 3712 docea-

476 3755 619 3802 mur,
688 3739 928 3793 divinam
982 3750 1236 3799 naturam
1300 3746 1594 3801 increatam
1625 3764 1770 3813 esse,
1830 3750 1882 3802 in
1942 3730 2085 3819 qua.

477 3831 620 3885 aliud
648 3832 864 3900 quidem
901 3834 975 3890 sit
1004 3835 1359 3905 principium,
1386 3837 1531 3892 aliud
1561 3854 1628 3890 ex
1658 3838 1929 3908 principio
1975 3842 2050 3894 in-

476 3921 852 3990 separabiliter
881 3924 1242 3980 substantiam
1264 3943 1418 3981 suam
1448 3929 1769 3996 accipiat,et
1797 3940 2048 3985 creatura

475 4014 533 4067 in
592 4015 881 4070 intervallo
942 4018 1176 4086 quodam
1235 4026 1620 4089 repraesentata
1680 4022 2047 4077 contineatur:

474 4108 652 4163 omnis
676 4112 902 4163 omnino
925 4111 1243 4181 temporalis
1267 4112 1403 4167 ordo
1427 4120 1474 4167 et
1497 4113 1670 4167 series
1696 4130 1875 4168 rerum
1899 4130 2049 4169 crea-

474 4207 653 4254 tarum
687 4215 715 4253 a
745 4208 991 4272 tempore
1026 4204 1544 4273 comprehenditur;
1597 4204 1685 4258 illa
1736 4221 1864 4261 vero
1898 4216 2051 4260 antc-
2088 4239 2127 4293 ο

473 4294 778 4355 saecularis,
813 4312 907 4350 seu
936 4304 1061 4351 ante
1092 4302 1305 4366 tempus
1332 4297 1606 4353 exsistens
1638 4307 1853 4362 natura,
1890 4309 2038 4353 caret

473 4386 621 4440 omni
646 4401 709 4441 ea
747 4386 1081 4451 diversitate,
1105 4404 1210 4458 qua
1233 4388 1337 4442 alia
1360 4390 1695 4460 antiquiora,
1725 4392 1829 4444 alia
1864 4407 2054 4445 recen-

472 4478 611 4531 tiora
647 4494 767 4534 esse
801 4480 1001 4544 solent,
1058 4497 1124 4535 eo
1154 4481 1295 4550 quod
1336 4482 1388 4536 in
1419 4481 1603 4535 divina
1642 4482 1731 4535 illa
1777 4492 1829 4536 et
1899 4482 2056 4535 beata

472 4568 580 4620 vita
615 4569 838 4623 minime
866 4571 1227 4647 qumrenda_et
1250 4573 1652 4628 consideranda
1688 4573 1817 4635 sint,
1837 4587 2063 4641 quaera-

475 4658 547 4711 tio
574 4666 762 4712 nostra
810 4659 862 4713 in
895 4672 1144 4715 creatura
1184 4663 1381 4717 incsse'
1402 4662 1693 4731 conspicit.
1718 4662 1853 4715 Nam
1882 4664 2063 4720 omnis

471 4750 887 4813 creatura,sicut
904 4751 1104 4806 dictum
1121 4753 1528 4817 est,secundum
1544 4752 1787 4807 ordinem
1803 4762 1853 4807 et
1872 4755 2063 4809 seriem

473 4839 761 4907 quandam
799 4841 1062 4909 producta
1086 4854 1437 4899 mensuratur
1474 4843 1761 4900 duratinne
1779 4847 2058 4914 temporis,

473 4933 527 4981 et
551 4941 734 4997 srqu.s
762 4931 972 4985 ratione
992 4934 1356 5004 ascendatpcr
1390 4951 1566 4989 rerum
1586 4934 2060 4993 creatarumordi-

476 5031 599 5071 nem
628 5018 692 5071 ad
723 5023 1037 5075 earumdem
1088 5020 1437 5095 principium,
1459 5028 1861 5098 iudagationem
1901 5049 2057 5087 suam

406 5124 410 5129 '
474 5109 940 5180 temporisexortd
966 5120 1018 5166 et
1048 5114 1359 5171 conditione
1375 5118 1809 5174 circumscribat.
1848 5122 2060 5177 Atvero

476 5200 805 5265 substantia,
832 5218 953 5275 qua:
967 5219 1128 5274 supra
1144 5217 1450 5263 creaturam
1468 5220 1649 5265 evecta
1668 5220 1772 5275 est,
1793 5217 2049 5282 tanquam

477 5291 547 5346 ab
580 5294 728 5347 omni
780 5294 1193 5367 intercapedine
1254 5302 1538 5370 temporali
1592 5302 1785 5365 libera,
1832 5320 2047 5358 onmem

478 5385 740 5455 temporis
769 5388 966 5444 seriem
998 5393 1378 5459 transcendit;
1419 5409 1455 5446 a
1482 5394 1632 5449 nullo
1669 5395 2049 5464 hujuscemodi

478 5475 767 5547 principio,
795 5480 902 5534 ullo
934 5483 1093 5537 modo
1127 5484 1690 5541 secundnmordinem
1721 5486 2044 5557 procedens,

551 5646 598 5678 δ’
646 5648 807 5707 liebr.
845 5671 880 5720 ι,
909 5656 958 5711 ἶ.

2083 2885 2123 2941 C

2224 2286 2283 2337 '0
2339 2285 2395 2337 δὲ
2454 2284 2513 2337 τὸ
2562 2284 2799 2337 τοιοῦτον
2856 2286 3281 2357 ἁνθυποφὲρων,
3332 2288 3430 2339 οὐκ
3487 2285 3733 2355 ἀκριϐῶς

2150 2376 2295 2446 τάχα
2335 2380 2400 2447 τῇ
2431 2376 2637 2448 διανοίᾳ
2670 2377 2763 2429 τοῦ
2813 2378 3079 2448 δόγματος
3108 2379 3349 2447 ἐφιστὰς,
3381 2377 3468 2431 διὰ
3498 2379 3603 2431 τῶν
3633 2377 3733 2430 ἀλ-

2151 2466 2376 2534 λοτρίων
2438 2464 2533 2517 καὶ
2601 2466 2945 2519 παντάπασιν
2993 2468 3374 2538 ἀκοινωνήτων
3438 2466 3530 2520 τοῦ
3592 2484 3735 2538 προ-

2159 2557 2409 2627 κειμένου
2468 2555 2564 2626 τὴν
2616 2557 2750 2626 πρὸς
2799 2556 2865 2610 τὰ
2917 2559 3181 2629 εἰρημένα
3242 2561 3465 2611 ποιεῖται
3529 2560 3732 2629 μάχην.

2159 2649 2220 2700 Εἰ
2260 2649 2355 2717 μὲν
2384 2648 2493 2719 γάρ
2523 2664 2575 2699 τι
2610 2648 2715 2701 τῶν
2742 2648 2882 2717 ὑπὲρ
2921 2649 3017 2719 τὴν
3055 2650 3228 2702 κτίσιν
3270 2651 3531 2704 δεικνύειν
3564 2646 3737 2720 εἶχεν,

2158 2737 2213 2790 έν
2260 2754 2364 2792 τινι
2409 2738 2817 2809 διαστηματικῴ
2852 2742 3063 2811 σημείῳ
3103 2742 3199 2811 τὴν
3250 2743 3422 2813 ἀρχὴν
3465 2742 3583 2811 ἔχον
3632 2745 3737 2813 τῆς

2159 2831 2544 2894 ὑποστάσεως,
2594 2831 2687 2884 καὶ
2734 2830 2890 2883 τοῦτο
2937 2833 3085 2902 παρᾶ
3138 2833 3351 2886 πάντων
3403 2834 3743 2903 ὡμολογεῖτο

2158 2922 2378 2975 δυνατὸν
2408 2918 2561 2987 εἶναι,
2604 2922 2694 2974 καὶ
2732 2922 2828 2993 τὴν
2853 2922 2945 2976 τοῦ
2976 2924 3337 2994 διαστὲματος
3377 2924 3581 2978 ἔννοιαν
3639 2927 3737 2979 καὶ

2160 3014 2265 3085 πρὸ
2310 3014 2411 3083 τῆς
2441 3015 2669 3078 κτίσεως
2711 3014 2931 3077 ἐννοεῖν,
2972 3013 3115 3087 εἶχεν
3162 3018 3225 3070 ἂν
3261 3019 3387 3080 ἴσως
3418 3018 3610 3087 καιρὸν
3635 3018 3737 3088 τὴν

2158 3110 2249 3161 ἐπὶ
2274 3107 2365 3161 τοῦ
2397 3106 2731 3175 Μονογενοῧς
2758 3108 3162 3180 ἀποδειχθεῖσαν
3187 3111 3274 3163 διὰ
3296 3112 3399 3164 τῶν
3430 3112 3736 3181 εἰρημένων

2158 3199 2435 3268 ἀῖδιότητα
2464 3200 2573 3260 τοῖς
2598 3196 2855 3262 τοιούτοις
2881 3202 3300 3275 ἐπιχειρήμασιν
3331 3201 3580 3255 ἀναλύειν
3610 3218 3735 3252 τι-ει-

2160 3291 2374 3361 ρᾶσθαι.
2426 3291 2576 3342 Ἐπεὶ
2611 3295 2666 3347 δὲ
2700 3292 2900 3356 πάσαις
2931 3296 3051 3357 ταῖς
3084 3295 3190 3348 τῶν
3224 3292 3587 3346 εὐσεϐούντων
3625 3291 3734 3360 ψή-

2160 3399 2279 3449 φοις
2312 3384 2667 3452 ὁμολογεῖται,
2695 3387 2776 3439 ὅτι
2809 3386 3022 3439 πάντων
3052 3384 3157 3437 τῶν
3186 3384 3349 3437 ὄντων
3376 3383 3436 3436 τὸ
3492 3382 3589 3451 μὲν
3646 3382 3735 3434 διὰ

2159 3473 2255 3542 τῆς
2282 3474 2508 3537 κτίσεως
2541 3478 2654 3529 ἐστι
2676 3515 2690 3539 ,
2723 3476 2781 3529 τὸ
2806 3476 2861 3529 δὲ
2898 3476 3000 3545 πρὸ
3031 3476 3127 3545 τῆς
3160 3474 3417 3536 κτίσεως,
3457 3472 3550 3524 καὶ
3586 3472 3667 3523 ὅτι
3701 3472 3735 3540 ἡ

2161 3564 2257 3634 μὲν
2290 3564 2408 3618 θεία
2439 3566 2597 3634 φύσις
2631 3567 2879 3630 ἀκτιστος
2909 3562 3045 3619 εἶναι
3082 3564 3436 3617 πεπίστευται
3464 3604 3478 3623 ,
3523 3564 3579 3616 ὲν
3673 3562 3737 3614 τὸ

2162 3657 2260 3726 μὲν
2287 3657 2474 3722 αἴτιον,
2498 3658 2556 3710 τὸ
2584 3658 2636 3712 δὲ
2672 3658 2730 3725 ἐξ
2758 3658 2929 3711 αίτίου
2959 3658 3053 3729 τὴν
3080 3657 3372 3709 ὑπόστασιν
3396 3656 3735 3717 ἀδιαστάτως

2158 3749 2299 3818 ἔχειν
2333 3752 2360 3802 6
2392 3752 2488 3819 τῆς
2514 3750 2792 3812 εὐσεϐείας
2819 3749 3057 3802 διδάσκει
3085 3749 3260 3818 λόγος,
3287 3749 3383 3819 τῆς
3413 3749 3466 3800 δὲ
3501 3747 3735 3809 κτίσεως

2158 3839 2215 3890 ὲν
2238 3838 2575 3908 παραστάσει
2604 3839 2709 3892 τινὶ
2736 3838 3133 3909 διαστηματικῇ
3157 3838 3552 3908 θεωρουμένης·
3581 3837 3737 3890 πᾶσα

2157 3928 2378 3999 χρονικὴ
2406 3928 2556 3992 τάξις
2591 3930 2684 3981 καὶ
2741 3929 3028 3982 ἀκολουθία
3055 3931 3162 3982 τῶν
3190 3930 3487 3998 γεγονότων
3514 3930 3602 3983 διὰ
3625 3932 3737 3982 τῶν

2158 4019 2367 4071 αἰώνων
2393 4019 2897 4089 καταλαμϐάνεται·
2938 4022 2971 4092 ἡ
3004 4022 3059 4074 δὲ
3094 4020 3413 4092 προαιώνιος
3444 4020 3606 4090 φύσις
3638 4024 3736 4074 ὲκ-

2160 4108 2397 4177 πέφευγε
2444 4111 2540 4173 τὰς
2575 4113 2713 4165 κατά
2754 4111 2814 4164 τὸ
2858 4112 3222 4185 πρεσϐύτερόν
3250 4132 3308 4167 τε
3342 4114 3435 4167 καί
3469 4112 3736 4183 νεώτερον

2158 4199 2437 4270 διαφορὰς,
2484 4200 2559 4271 τῷ
2593 4203 2665 4273 μὴ
2697 4202 3116 4274 συνθεωρεῖσθαι
3152 4206 3216 4274 τῇ
3252 4203 3370 4274 θείᾳ
3430 4204 3525 4258 καὶ
3558 4220 3737 4273 μακα-

2161 4292 2251 4363 ρία
2302 4293 2433 4364 ζωῇ,
2462 4294 2561 4346 ὅσα
2593 4294 2718 4366 περὶ
2744 4295 2842 4365 τὴν
2886 4295 3060 4348 κτίσιν
3096 4296 3240 4360 ἰδίως
3270 4298 3299 4349 6
3326 4296 3480 4363 λόγος
3522 4294 3733 4365 βλέπει.

2172 4384 2236 4435 Ἥ
2268 4383 2368 4452 μὲν
2396 4383 2503 4455 γὰρ
2534 4383 2707 4447 κτίσις
2737 4387 2904 4451 πᾶσα,
2940 4386 3119 4449 καθὼς
3165 4388 3398 4457 εἴρηται,
3444 4386 3586 4439 κατά
3612 4404 3737 4439 τινα

2158 4472 2362 4537 τάξεως
2395 4473 2713 4526 ἀκολουθίαν
2753 4477 3110 4547 γεγενημένη,
3146 4476 3221 4546 τῷ
3247 4476 3353 4528 τῶν
3383 4476 3592 4530 αἰώνων
3621 4458 3743 4531 διαί

2162 4566 2393 4635 στήματι
2417 4571 2875 4637 παραμετρεῖται’
2911 4568 3004 4621 καὶ
3027 4567 3181 4631 εἴτις
3208 4567 3343 4620 ἀνίοι
3364 4568 3439 4637 τῷ
3460 4568 3626 4637 λόγῳ,
3648 4569 3741 4623 διὰ

2161 4658 2259 4727 τῆς
2284 4656 2392 4711 τῶν
2421 4657 2747 4711 κτισθέντων
2777 4658 3114 4724 ἀκολουθίας,
3150 4660 3241 4710 ἐπὶ
3265 4660 3362 4730 τὴν
3391 4659 3495 4712 τῶν
3519 4662 3745 4727 γεγονός-

2162 4767 2269 4803 των
2296 4749 2485 4821 ἀρχὴν,
2520 4753 2585 4820 τῇ
2621 4750 2726 4801 τῶν
2761 4750 2969 4804 αἰώνων
3004 4751 3270 4821 καταϐολῇ
3304 4750 3601 4820 περιορίσει
3636 4754 3743 4823 τὴν

2166 4839 2408 4912 ζήτησιν.
2451 4842 2515 4892 Ἡ
2564 4840 2620 4893 δὲ
2672 4840 2808 4912 ὑπὲρ
2847 4840 2943 4913 τὴν
2982 4842 3156 4895 κτίσιν
3199 4842 3374 4907 οὐσία,
3406 4842 3500 4895 ἆτε
3535 4845 3741 4908 παντὸς

2157 4932 2583 5004 διαστηματικοῦ
2615 4935 2881 5003 νοήματος
2914 4935 3316 5005 κεχωρισμένη,
3347 4935 3526 4987 πᾶσαν
3556 4952 3738 5005 χρονι⁹

2159 5023 2261 5093 κὴν
2311 5024 2627 5077 ἀκολουθίαν
2677 5024 3033 5092 ἐκπέφευγεν,
3069 5025 3161 5076 ἀπ’
3193 5025 3446 5093 οὐδεμιᾶς
3479 5024 3735 5095 τοιαύτης

2156 5117 2328 5187 ἀρχῆς
2369 5118 2448 5179 εἰς
2485 5117 2633 5171 οὐδὲν
2661 5116 2827 5186 πέρας
2858 5115 2923 5169 δι’
2958 5115 3168 5180 οὐδενὸς
3207 5116 3406 5186 τρόπον
3440 5116 3579 5169 κατά
3612 5130 3737 5168 τινα

2153 5208 2303 5273 τάξιν
2355 5206 2735 5278 εὑρισκομένου
2782 5204 3062 5278 προϊοῦσα,
3110 5206 3143 5277 ἢ
3184 5207 3587 5277 καταλήγουσα.
3644 5205 3735 5274 Τῷ

2152 5300 2259 5372 γὰρ
2287 5300 2527 5353 διαϐάντι
2558 5300 2685 5361 τοὺς
2727 5299 2926 5360 αἰῶνας
2994 5299 3087 5352 καὶ
3130 5299 3304 5353 πάντα
3344 5299 3411 5352 τά
3460 5301 3515 5351 ὲν
3552 5299 3733 5360 αὐτοῖς

2151 5393 2427 5463 γεγονότα,
2462 5391 2711 5460 καθάπερ
2754 5409 2804 5469 τι
2837 5391 3069 5459 πέλαγος
3114 5392 3332 5462 ἀχανὲς,
3372 5393 3403 5461 ἡ
3454 5392 3551 5461 τῆς
3583 5389 3735 5450 θείας

2152 5486 2365 5554 φύσεως
2414 5483 2613 5553 θεωρία
2664 5486 2773 5546 τοῖς
2822 5483 3100 5553 λογισμοῖς
3152 5485 3527 5555 προφανεῖσα,
3578 5480 3733 5535 οὐδὲν
