  <div class='ocr_page' id='page_1' title='image "/cluster/home/n/w/nwhite01/storage/ocr_20150623/45/mdp.39015011921478/192.png"; bbox 0 0 4064 6146; ppageno 0'>
   <div class='ocr_carea' id='block_1_1' title="bbox 283 251 390 310">
    <p class='ocr_par' dir='ltr' id='par_1_1' title="bbox 283 251 390 310">
     <span class='ocr_line' id='line_1_1' title="bbox 283 251 390 310; baseline 0 0"><span class='ocrx_word' id='word_1_1' title='bbox 283 251 390 310; x_wconf 73' lang='lat'><strong>365</strong></span> 
     </span>
    </p>
   </div>
   <div class='ocr_carea' id='block_1_2' title="bbox 1476 227 2454 295">
    <p class='ocr_par' dir='ltr' id='par_1_2' title="bbox 1476 227 2454 295">
     <span class='ocr_line' id='line_1_2' title="bbox 1476 227 2454 295; baseline -0.013 -2"><span class='ocrx_word' id='word_1_2' title='bbox 1476 233 1753 293; x_wconf 63' lang='lat' dir='ltr'><strong>CONTRA</strong></span> <span class='ocrx_word' id='word_1_3' title='bbox 1789 227 2196 295; x_wconf 73' lang='grc' dir='ltr'>ΕυΝοΜιυΜ,</span> <span class='ocrx_word' id='word_1_4' title='bbox 2243 228 2370 284; x_wconf 79' lang='lat' dir='ltr'><strong>LIB.</strong></span> <span class='ocrx_word' id='word_1_5' title='bbox 2414 227 2454 280; x_wconf 89' lang='grc' dir='ltr'><strong>ῐ.</strong></span> 
     </span>
    </p>
   </div>
   <div class='ocr_carea' id='block_1_3' title="bbox 3431 227 3534 282">
    <p class='ocr_par' dir='ltr' id='par_1_3' title="bbox 3431 227 3534 282">
     <span class='ocr_line' id='line_1_3' title="bbox 3431 227 3534 282; baseline 0 0"><span class='ocrx_word' id='word_1_6' title='bbox 3431 227 3534 282; x_wconf 76' lang='grc'><strong>566</strong></span> 
     </span>
    </p>
   </div>
   <div class='ocr_carea' id='block_1_4' title="bbox 281 348 1871 436">
    <p class='ocr_par' dir='ltr' id='par_1_4' title="bbox 281 352 1860 436">
     <span class='ocr_line' id='line_1_4' title="bbox 281 352 1860 436; baseline -0.014 -13"><span class='ocrx_word' id='word_1_7' title='bbox 281 369 441 424; x_wconf 79' lang='grc' dir='ltr'>δώσει</span> <span class='ocrx_word' id='word_1_8' title='bbox 489 364 706 436; x_wconf 76' lang='grc' dir='ltr'>σημεῖον</span> <span class='ocrx_word' id='word_1_9' title='bbox 749 361 833 430; x_wconf 61' lang='grc' dir='ltr'><strong>ἐφ’</strong></span> <span class='ocrx_word' id='word_1_10' title='bbox 881 359 1078 429; x_wconf 76' lang='grc' dir='ltr'>ἑαυτῆς</span> <span class='ocrx_word' id='word_1_11' title='bbox 1111 354 1473 428; x_wconf 80' lang='grc' dir='ltr'>γνωριστικὸν</span> <span class='ocrx_word' id='word_1_12' title='bbox 1502 352 1675 424; x_wconf 65' lang='grc' dir='ltr'>ἀρχῆς</span> <span class='ocrx_word' id='word_1_13' title='bbox 1715 364 1860 412; x_wconf 85' lang='grc' dir='ltr'>τινος</span> 
     </span>
    </p>
   </div>
   <div class='ocr_carea' id='block_1_5' title="bbox 1975 348 3533 436">
    <p class='ocr_par' dir='ltr' id='par_1_5' title="bbox 1975 358 3533 430">
     <span class='ocr_line' id='line_1_5' title="bbox 1975 358 3533 430; baseline -0.002 -13"><span class='ocrx_word' id='word_1_14' title='bbox 1975 363 2048 418; x_wconf 77' lang='lat' dir='ltr'><strong>vel</strong></span> <span class='ocrx_word' id='word_1_15' title='bbox 2079 363 2133 417; x_wconf 90' lang='lat' dir='ltr'><strong>in</strong></span> <span class='ocrx_word' id='word_1_16' title='bbox 2160 363 2328 417; x_wconf 91' lang='lat' dir='ltr'><strong>ullum</strong></span> <span class='ocrx_word' id='word_1_17' title='bbox 2353 362 2633 417; x_wconf 85' lang='lat' dir='ltr'><strong>desinens.</strong></span> <span class='ocrx_word' id='word_1_18' title='bbox 2653 359 2710 413; x_wconf 87' lang='lat' dir='ltr'><strong>Ei</strong></span> <span class='ocrx_word' id='word_1_19' title='bbox 2745 373 2915 423; x_wconf 81' lang='lat' dir='ltr'><strong>enim,</strong></span> <span class='ocrx_word' id='word_1_20' title='bbox 2944 359 3036 430; x_wconf 85' lang='lat' dir='ltr'><strong>qui</strong></span> <span class='ocrx_word' id='word_1_21' title='bbox 3058 358 3242 412; x_wconf 80' lang='lat' dir='ltr'><strong>omnia</strong></span> <span class='ocrx_word' id='word_1_22' title='bbox 3290 365 3533 428; x_wconf 85' lang='lat' dir='ltr'><strong>tempora</strong></span> 
     </span>
    </p>
   </div>
   <div class='ocr_carea' id='block_1_6' title="bbox 279 442 1858 532">
    <p class='ocr_par' dir='ltr' id='par_1_6' title="bbox 279 442 1858 532">
     <span class='ocr_line' id='line_1_6' title="bbox 279 442 1858 532; baseline -0.013 -18"><span class='ocrx_word' id='word_1_23' title='bbox 279 457 360 532; x_wconf 71' lang='grc' dir='ltr'>τῷ</span> <span class='ocrx_word' id='word_1_24' title='bbox 397 461 478 522; x_wconf 80' lang='grc' dir='ltr'>εἰς</span> <span class='ocrx_word' id='word_1_25' title='bbox 518 457 586 510; x_wconf 66' lang='grc' dir='ltr'>τὰ</span> <span class='ocrx_word' id='word_1_26' title='bbox 642 455 898 508; x_wconf 70' lang='grc' dir='ltr'>ἐπέκεινα</span> <span class='ocrx_word' id='word_1_27' title='bbox 939 449 1255 504; x_wconf 88' lang='grc' dir='ltr'>διατείνοντι</span> <span class='ocrx_word' id='word_1_28' title='bbox 1301 448 1400 520; x_wconf 77' lang='grc' dir='ltr'>τὴν</span> <span class='ocrx_word' id='word_1_29' title='bbox 1449 442 1858 514; x_wconf 76' lang='grc' dir='ltr'>καταληπτικὴν</span> 
     </span>
    </p>
   </div>
   <div class='ocr_carea' id='block_1_7' title="bbox 281 536 1858 623">
    <p class='ocr_par' dir='ltr' id='par_1_7' title="bbox 281 536 1858 623">
     <span class='ocr_line' id='line_1_7' title="bbox 281 536 1858 623; baseline -0.012 -16"><span class='ocrx_word' id='word_1_30' title='bbox 281 548 610 623; x_wconf 72' lang='grc' dir='ltr'><strong>φαντασίαν·</strong></span> <span class='ocrx_word' id='word_1_31' title='bbox 642 548 781 601; x_wconf 75' lang='grc' dir='ltr'>ὥστε</span> <span class='ocrx_word' id='word_1_32' title='bbox 811 545 903 600; x_wconf 79' lang='grc' dir='ltr'><strong>τὸν</strong></span> <span class='ocrx_word' id='word_1_33' title='bbox 931 543 1488 615; x_wconf 76' lang='grc' dir='ltr'><strong>πολυπραγμονοῦντα</strong></span> <span class='ocrx_word' id='word_1_34' title='bbox 1515 537 1577 591; x_wconf 76' lang='grc' dir='ltr'>τὸ</span> <span class='ocrx_word' id='word_1_35' title='bbox 1602 537 1709 592; x_wconf 86' lang='grc' dir='ltr'><strong>τῶν</strong></span> <span class='ocrx_word' id='word_1_36' title='bbox 1729 536 1858 588; x_wconf 63' lang='lat' dir='ltr'><strong>aieb-</strong></span> 
     </span>
    </p>
   </div>
   <div class='ocr_carea' id='block_1_8' title="bbox 282 627 1857 713">
    <p class='ocr_par' dir='ltr' id='par_1_8' title="bbox 282 627 1857 713">
     <span class='ocr_line' id='line_1_8' title="bbox 282 627 1857 713; baseline -0.011 -17"><span class='ocrx_word' id='word_1_37' title='bbox 282 661 390 696; x_wconf 89' lang='grc' dir='ltr'><strong>νων</strong></span> <span class='ocrx_word' id='word_1_38' title='bbox 443 638 840 713; x_wconf 80' lang='grc' dir='ltr'>πρεσϐύτερον,</span> <span class='ocrx_word' id='word_1_39' title='bbox 875 634 969 690; x_wconf 72' lang='grc' dir='ltr'><strong>καὶ</strong></span> <span class='ocrx_word' id='word_1_40' title='bbox 1016 635 1236 690; x_wconf 82' lang='grc' dir='ltr'>ἀνιόντα</span> <span class='ocrx_word' id='word_1_41' title='bbox 1281 633 1375 687; x_wconf 73' lang='grc' dir='ltr'>ἐπὶ</span> <span class='ocrx_word' id='word_1_42' title='bbox 1415 632 1513 703; x_wconf 79' lang='grc' dir='ltr'>τὴν</span> <span class='ocrx_word' id='word_1_43' title='bbox 1545 628 1652 682; x_wconf 89' lang='grc' dir='ltr'><strong>τῶν</strong></span> <span class='ocrx_word' id='word_1_44' title='bbox 1689 627 1857 680; x_wconf 73' lang='grc' dir='ltr'>ὄντων</span> 
     </span>
    </p>
   </div>
   <div class='ocr_carea' id='block_1_9' title="bbox 284 719 1856 804">
    <p class='ocr_par' dir='ltr' id='par_1_9' title="bbox 284 719 1856 804">
     <span class='ocr_line' id='line_1_9' title="bbox 284 719 1856 804; baseline -0.008 -19"><span class='ocrx_word' id='word_1_45' title='bbox 284 732 491 804; x_wconf 73' lang='grc' dir='ltr'>ἀρχὴν,</span> <span class='ocrx_word' id='word_1_46' title='bbox 539 733 598 783; x_wconf 87' lang='grc' dir='ltr'>ὲν</span> <span class='ocrx_word' id='word_1_47' title='bbox 644 728 834 800; x_wconf 78' lang='grc' dir='ltr'>μηδενὶ</span> <span class='ocrx_word' id='word_1_48' title='bbox 876 728 1067 798; x_wconf 80' lang='grc' dir='ltr'>στῆναι</span> <span class='ocrx_word' id='word_1_49' title='bbox 1109 725 1188 798; x_wconf 81' lang='grc' dir='ltr'>τῷ</span> <span class='ocrx_word' id='word_1_50' title='bbox 1230 722 1475 794; x_wconf 80' lang='grc' dir='ltr'><strong>λογισμῷ</strong></span> <span class='ocrx_word' id='word_1_51' title='bbox 1522 719 1856 791; x_wconf 76' lang='grc' dir='ltr'>δυνηθῆναι,</span> 
     </span>
    </p>
   </div>
   <div class='ocr_carea' id='block_1_10' title="bbox 283 812 1862 892">
    <p class='ocr_par' dir='ltr' id='par_1_10' title="bbox 283 812 1862 892">
     <span class='ocr_line' id='line_1_10' title="bbox 283 812 1862 892; baseline -0.009 -11"><span class='ocrx_word' id='word_1_52' title='bbox 283 825 368 881; x_wconf 68' lang='grc' dir='ltr'><strong>ἀεὶ</strong></span> <span class='ocrx_word' id='word_1_53' title='bbox 381 823 474 877; x_wconf 80' lang='grc' dir='ltr'>τοῦ</span> <span class='ocrx_word' id='word_1_54' title='bbox 497 821 828 892; x_wconf 74' lang='grc' dir='ltr'><strong>ζητουμένου</strong></span> <span class='ocrx_word' id='word_1_55' title='bbox 851 816 1433 890; x_wconf 61' lang='grc' dir='ltr'><strong>ἀπεκπροθέονίιος,καὶ⁵</strong></span> <span class='ocrx_word' id='word_1_56' title='bbox 1456 812 1725 887; x_wconf 80' lang='grc' dir='ltr'>μηδεμίαν</span> <span class='ocrx_word' id='word_1_57' title='bbox 1741 812 1862 866; x_wconf 75' lang='grc' dir='ltr'>στάο</span> 
     </span>
    </p>
   </div>
   <div class='ocr_carea' id='block_1_11' title="bbox 284 905 1855 985">
    <p class='ocr_par' dir='ltr' id='par_1_11' title="bbox 284 905 1855 985">
     <span class='ocr_line' id='line_1_11' title="bbox 284 905 1855 985; baseline -0.002 -18"><span class='ocrx_word' id='word_1_58' title='bbox 284 931 368 967; x_wconf 88' lang='grc' dir='ltr'><strong>σιν</strong></span> <span class='ocrx_word' id='word_1_59' title='bbox 389 915 455 985; x_wconf 81' lang='grc' dir='ltr'>τῇ</span> <span class='ocrx_word' id='word_1_60' title='bbox 479 911 996 983; x_wconf 73' lang='grc' dir='ltr'><strong>’πολυπραγμοσύνῃ</strong></span> <span class='ocrx_word' id='word_1_61' title='bbox 1028 909 1128 978; x_wconf 82' lang='grc' dir='ltr'>τῆς</span> <span class='ocrx_word' id='word_1_62' title='bbox 1149 907 1388 972; x_wconf 77' lang='grc' dir='ltr'><strong>διανοίας</strong></span> <span class='ocrx_word' id='word_1_63' title='bbox 1425 905 1855 973; x_wconf 78' lang='grc' dir='ltr'><strong>ὑποδεικνύντος.</strong></span> 
     </span>
    </p>
   </div>
   <div class='ocr_carea' id='block_1_12' title="bbox 1966 449 3538 524">
    <p class='ocr_par' dir='ltr' id='par_1_12' title="bbox 1966 449 3538 524">
     <span class='ocr_line' id='line_1_12' title="bbox 1966 449 3538 524; baseline -0.004 -13"><span class='ocrx_word' id='word_1_64' title='bbox 1966 466 2019 511; x_wconf 88' lang='lat' dir='ltr'><strong>ct</strong></span> <span class='ocrx_word' id='word_1_65' title='bbox 2050 456 2256 519; x_wconf 88' lang='lat' dir='ltr'><strong>omnia,</strong></span> <span class='ocrx_word' id='word_1_66' title='bbox 2289 471 2410 524; x_wconf 74' lang='lat' dir='ltr'><strong>qua:</strong></span> <span class='ocrx_word' id='word_1_67' title='bbox 2439 453 2494 508; x_wconf 90' lang='lat' dir='ltr'><strong>in</strong></span> <span class='ocrx_word' id='word_1_68' title='bbox 2526 452 2638 507; x_wconf 87' lang='lat' dir='ltr'><strong>illis</strong></span> <span class='ocrx_word' id='word_1_69' title='bbox 2668 451 2889 506; x_wconf 91' lang='lat' dir='ltr'><strong>condita</strong></span> <span class='ocrx_word' id='word_1_70' title='bbox 2930 455 3083 513; x_wconf 89' lang='lat' dir='ltr'><strong>sunt,</strong></span> <span class='ocrx_word' id='word_1_71' title='bbox 3134 449 3412 520; x_wconf 82' lang='lat' dir='ltr'><strong>percurrit</strong></span> <span class='ocrx_word' id='word_1_72' title='bbox 3454 461 3538 504; x_wconf 80' lang='lat' dir='ltr'><strong>at-</strong></span> 
     </span>
    </p>
   </div>
   <div class='ocr_carea' id='block_1_13' title="bbox 1965 541 3536 618">
    <p class='ocr_par' dir='ltr' id='par_1_13' title="bbox 1965 541 3536 618">
     <span class='ocr_line' id='line_1_13' title="bbox 1965 541 3536 618; baseline -0.002 -18"><span class='ocrx_word' id='word_1_73' title='bbox 1965 562 2072 618; x_wconf 83' lang='lat' dir='ltr'><strong>que</strong></span> <span class='ocrx_word' id='word_1_74' title='bbox 2102 547 2422 617; x_wconf 77' lang='lat' dir='ltr'><strong>perlustrat,</strong></span> <span class='ocrx_word' id='word_1_75' title='bbox 2453 545 2628 617; x_wconf 84' lang='lat' dir='ltr'><strong>ipsius</strong></span> <span class='ocrx_word' id='word_1_76' title='bbox 2663 541 2862 598; x_wconf 66' lang='lat' dir='ltr'><strong>divinae</strong></span> <span class='ocrx_word' id='word_1_77' title='bbox 2899 551 3106 597; x_wconf 66' lang='lat' dir='ltr'><strong>naturae</strong></span> <span class='ocrx_word' id='word_1_78' title='bbox 3140 542 3536 607; x_wconf 87' lang='lat' dir='ltr'><strong>consideratio,</strong></span> 
     </span>
    </p>
   </div>
   <div class='ocr_carea' id='block_1_14' title="bbox 1966 627 3542 708">
    <p class='ocr_par' dir='ltr' id='par_1_14' title="bbox 1966 627 3542 708">
     <span class='ocr_line' id='line_1_14' title="bbox 1966 627 3542 708; baseline -0.004 -17"><span class='ocrx_word' id='word_1_79' title='bbox 1966 646 2224 708; x_wconf 90' lang='lat' dir='ltr'><strong>tanquam</strong></span> <span class='ocrx_word' id='word_1_80' title='bbox 2259 637 2587 693; x_wconf 89' lang='lat' dir='ltr'><strong>immensum</strong></span> <span class='ocrx_word' id='word_1_81' title='bbox 2642 633 2916 706; x_wconf 83' lang='lat' dir='ltr'><strong>quoddam</strong></span> <span class='ocrx_word' id='word_1_82' title='bbox 2973 627 3196 704; x_wconf 79' lang='lat' dir='ltr'><strong>pelagus</strong></span> <span class='ocrx_word' id='word_1_83' title='bbox 3229 632 3397 689; x_wconf 89' lang='lat' dir='ltr'><strong>menti</strong></span> <span class='ocrx_word' id='word_1_84' title='bbox 3445 648 3542 702; x_wconf 78' lang='lat' dir='ltr'><strong>ap-</strong></span> 
     </span>
    </p>
   </div>
   <div class='ocr_carea' id='block_1_15' title="bbox 1966 724 3539 800">
    <p class='ocr_par' dir='ltr' id='par_1_15' title="bbox 1966 724 3539 800">
     <span class='ocr_line' id='line_1_15' title="bbox 1966 724 3539 800; baseline -0.003 -18"><span class='ocrx_word' id='word_1_85' title='bbox 1966 729 2196 800; x_wconf 86' lang='lat' dir='ltr'><strong>parebit,</strong></span> <span class='ocrx_word' id='word_1_86' title='bbox 2216 729 2538 800; x_wconf 87' lang='lat' dir='ltr'><strong>nullumque</strong></span> <span class='ocrx_word' id='word_1_87' title='bbox 2561 732 2941 800; x_wconf 84' lang='lat' dir='ltr'><strong>argumentum</strong></span> <span class='ocrx_word' id='word_1_88' title='bbox 2960 724 3356 796; x_wconf 89' lang='lat' dir='ltr'><strong>suppeditabit,</strong></span> <span class='ocrx_word' id='word_1_89' title='bbox 3391 724 3539 796; x_wconf 91' lang='lat' dir='ltr'><strong>quod</strong></span> 
     </span>
    </p>
   </div>
   <div class='ocr_carea' id='block_1_16' title="bbox 1967 817 3539 891">
    <p class='ocr_par' dir='ltr' id='par_1_16' title="bbox 1967 817 3539 891">
     <span class='ocr_line' id='line_1_16' title="bbox 1967 817 3539 891; baseline -0.003 -15"><span class='ocrx_word' id='word_1_90' title='bbox 1967 821 2210 891; x_wconf 91' lang='lat' dir='ltr'><strong>alicujus</strong></span> <span class='ocrx_word' id='word_1_91' title='bbox 2239 821 2381 876; x_wconf 90' lang='lat' dir='ltr'><strong>initii</strong></span> <span class='ocrx_word' id='word_1_92' title='bbox 2413 821 2676 876; x_wconf 90' lang='lat' dir='ltr'><strong>indicium</strong></span> <span class='ocrx_word' id='word_1_93' title='bbox 2707 819 2778 875; x_wconf 91' lang='lat' dir='ltr'><strong>sit</strong></span> <span class='ocrx_word' id='word_1_94' title='bbox 2800 817 2871 882; x_wconf 91' lang='lat' dir='ltr'><strong>ei,</strong></span> <span class='ocrx_word' id='word_1_95' title='bbox 2911 818 3004 888; x_wconf 88' lang='lat' dir='ltr'><strong>qui</strong></span> <span class='ocrx_word' id='word_1_96' title='bbox 3039 817 3348 873; x_wconf 86' lang='lat' dir='ltr'><strong>facultatem</strong></span> <span class='ocrx_word' id='word_1_97' title='bbox 3384 832 3539 873; x_wconf 90' lang='lat' dir='ltr'><strong>suam</strong></span> 
     </span>
    </p>
   </div>
   <div class='ocr_carea' id='block_1_17' title="bbox 1968 909 3537 984">
    <p class='ocr_par' dir='ltr' id='par_1_17' title="bbox 1968 909 3537 984">
     <span class='ocr_line' id='line_1_17' title="bbox 1968 909 3537 984; baseline -0.003 -16"><span class='ocrx_word' id='word_1_98' title='bbox 1968 913 2304 984; x_wconf 65' lang='lat' dir='ltr'><strong>intelligendi</strong></span> <span class='ocrx_word' id='word_1_99' title='bbox 2341 914 2395 968; x_wconf 90' lang='lat' dir='ltr'><strong>in</strong></span> <span class='ocrx_word' id='word_1_100' title='bbox 2425 909 2520 966; x_wconf 89' lang='lat' dir='ltr'><strong>illa</strong></span> <span class='ocrx_word' id='word_1_101' title='bbox 2556 911 2817 967; x_wconf 87' lang='lat' dir='ltr'><strong>ulteriora</strong></span> <span class='ocrx_word' id='word_1_102' title='bbox 2837 910 3130 966; x_wconf 77' lang='lat' dir='ltr'><strong>extendere</strong></span> <span class='ocrx_word' id='word_1_103' title='bbox 3158 910 3340 976; x_wconf 82' lang='lat' dir='ltr'><strong>volet;</strong></span> <span class='ocrx_word' id='word_1_104' title='bbox 3381 909 3537 973; x_wconf 87' lang='lat' dir='ltr'><strong>adeo,</strong></span> 
     </span>
    </p>
   </div>
   <div class='ocr_carea' id='block_1_18' title="bbox 284 1000 3528 1078">
    <p class='ocr_par' dir='ltr' id='par_1_18' title="bbox 284 1000 3528 1078">
     <span class='ocr_line' id='line_1_18' title="bbox 284 1000 3528 1078; baseline -0.002 -15"><span class='ocrx_word' id='word_1_105' title='bbox 284 1016 344 1063; x_wconf 91' lang='lat' dir='ltr'><strong>ut</strong></span> <span class='ocrx_word' id='word_1_106' title='bbox 368 1009 460 1078; x_wconf 85' lang='lat' dir='ltr'><strong>qui</strong></span> <span class='ocrx_word' id='word_1_107' title='bbox 501 1008 648 1061; x_wconf 87' lang='lat' dir='ltr'><strong>circa</strong></span> <span class='ocrx_word' id='word_1_108' title='bbox 683 1013 988 1076; x_wconf 82' lang='lat' dir='ltr'><strong>temporum</strong></span> <span class='ocrx_word' id='word_1_109' title='bbox 1029 1001 1292 1072; x_wconf 83' lang='lat' dir='ltr'><strong>majorem</strong></span> <span class='ocrx_word' id='word_1_110' title='bbox 1333 1000 1714 1071; x_wconf 79' lang='lat' dir='ltr'><strong>antiquitatem</strong></span> <span class='ocrx_word' id='word_1_111' title='bbox 1771 1006 2092 1075; x_wconf 83' lang='lat' dir='ltr'><strong>occupatur,</strong></span> <span class='ocrx_word' id='word_1_112' title='bbox 2133 1011 2187 1059; x_wconf 90' lang='lat' dir='ltr'><strong>et</strong></span> <span class='ocrx_word' id='word_1_113' title='bbox 2228 1004 2296 1058; x_wconf 91' lang='lat' dir='ltr'><strong>ad</strong></span> <span class='ocrx_word' id='word_1_114' title='bbox 2339 1004 2576 1075; x_wconf 88' lang='lat' dir='ltr'><strong>primum</strong></span> <span class='ocrx_word' id='word_1_115' title='bbox 2645 1003 2975 1074; x_wconf 86' lang='lat' dir='ltr'><strong>principium</strong></span> <span class='ocrx_word' id='word_1_116' title='bbox 3035 1018 3217 1057; x_wconf 88' lang='lat' dir='ltr'><strong>rerum</strong></span> <span class='ocrx_word' id='word_1_117' title='bbox 3258 1001 3528 1066; x_wconf 82' lang='lat' dir='ltr'><strong>ascendit,</strong></span> 
     </span>
    </p>
   </div>
   <div class='ocr_carea' id='block_1_19' title="bbox 286 1081 3543 1173">
    <p class='ocr_par' dir='ltr' id='par_1_19' title="bbox 286 1081 3543 1173">
     <span class='ocr_line' id='line_1_19' title="bbox 286 1081 3543 1173; baseline -0.002 -16"><span class='ocrx_word' id='word_1_118' title='bbox 286 1081 566 1173; x_wconf 45' lang='lat' dir='ltr'><strong>nusquam‘</strong></span> <span class='ocrx_word' id='word_1_119' title='bbox 593 1099 984 1170; x_wconf 79' lang='lat' dir='ltr'><strong>cogitationem</strong></span> <span class='ocrx_word' id='word_1_120' title='bbox 1029 1108 1190 1150; x_wconf 81' lang='lat' dir='ltr'><strong>suam</strong></span> <span class='ocrx_word' id='word_1_121' title='bbox 1221 1095 1424 1151; x_wconf 84' lang='lat' dir='ltr'><strong>sistere</strong></span> <span class='ocrx_word' id='word_1_122' title='bbox 1455 1101 1509 1150; x_wconf 89' lang='lat' dir='ltr'><strong>et</strong></span> <span class='ocrx_word' id='word_1_123' title='bbox 1550 1092 1713 1165; x_wconf 75' lang='lat' dir='ltr'><strong>ﬁgere</strong></span> <span class='ocrx_word' id='word_1_124' title='bbox 1757 1097 1932 1165; x_wconf 79' lang='lat' dir='ltr'><strong>poSsit</strong></span> <span class='ocrx_word' id='word_1_125' title='bbox 1968 1116 1981 1151; x_wconf 87' lang='lat'><strong>:</strong></span> <span class='ocrx_word' id='word_1_126' title='bbox 2031 1111 2250 1166; x_wconf 85' lang='lat' dir='ltr'><strong>semper</strong></span> <span class='ocrx_word' id='word_1_127' title='bbox 2317 1097 2464 1152; x_wconf 91' lang='lat' dir='ltr'><strong>enim</strong></span> <span class='ocrx_word' id='word_1_128' title='bbox 2519 1095 2571 1152; x_wconf 88' lang='lat' dir='ltr'><strong>id</strong></span> <span class='ocrx_word' id='word_1_129' title='bbox 2630 1094 2772 1166; x_wconf 88' lang='lat' dir='ltr'><strong>quod</strong></span> <span class='ocrx_word' id='word_1_130' title='bbox 2831 1095 3225 1165; x_wconf 79' lang='lat' dir='ltr'><strong>investigatur,</strong></span> <span class='ocrx_word' id='word_1_131' title='bbox 3276 1093 3543 1164; x_wconf 86' lang='lat' dir='ltr'><strong>quodam-</strong></span> 
     </span>
    </p>
   </div>
   <div class='ocr_carea' id='block_1_20' title="bbox 287 1185 2824 1258">
    <p class='ocr_par' dir='ltr' id='par_1_20' title="bbox 287 1185 2824 1258">
     <span class='ocr_line' id='line_1_20' title="bbox 287 1185 2824 1258; baseline -0.003 -9"><span class='ocrx_word' id='word_1_132' title='bbox 287 1192 450 1248; x_wconf 90' lang='lat' dir='ltr'><strong>modo</strong></span> <span class='ocrx_word' id='word_1_133' title='bbox 489 1187 835 1258; x_wconf 80' lang='lat' dir='ltr'><strong>subterfugit,</strong></span> <span class='ocrx_word' id='word_1_134' title='bbox 878 1186 1197 1256; x_wconf 75' lang='lat' dir='ltr'><strong>nullumque</strong></span> <span class='ocrx_word' id='word_1_135' title='bbox 1245 1191 1450 1240; x_wconf 89' lang='lat' dir='ltr'><strong>statum</strong></span> <span class='ocrx_word' id='word_1_136' title='bbox 1502 1194 1558 1239; x_wconf 90' lang='lat' dir='ltr'><strong>et</strong></span> <span class='ocrx_word' id='word_1_137' title='bbox 1589 1185 1882 1240; x_wconf 84' lang='lat' dir='ltr'><strong>terminum</strong></span> <span class='ocrx_word' id='word_1_138' title='bbox 1913 1188 2154 1244; x_wconf 68' lang='lat' dir='ltr'><strong>curiosae</strong></span> <span class='ocrx_word' id='word_1_139' title='bbox 2179 1187 2518 1258; x_wconf 88' lang='lat' dir='ltr'><strong>inquisitioni</strong></span> <span class='ocrx_word' id='word_1_140' title='bbox 2550 1185 2824 1242; x_wconf 87' lang='lat' dir='ltr'><strong>concedit.</strong></span> 
     </span>
    </p>
   </div>
   <div class='ocr_carea' id='block_1_21' title="bbox 356 1276 1868 1354">
    <p class='ocr_par' dir='ltr' id='par_1_21' title="bbox 356 1276 1868 1354">
     <span class='ocr_line' id='line_1_21' title="bbox 356 1276 1868 1354; baseline -0.005 -17"><span class='ocrx_word' id='word_1_141' title='bbox 356 1283 542 1354; x_wconf 81' lang='grc' dir='ltr'>Σαφὴς</span> <span class='ocrx_word' id='word_1_142' title='bbox 589 1279 645 1333; x_wconf 72' lang='grc' dir='ltr'><strong>δὲ</strong></span> <span class='ocrx_word' id='word_1_143' title='bbox 673 1281 701 1333; x_wconf 84' lang='grc' dir='ltr'><strong>ό</strong></span> <span class='ocrx_word' id='word_1_144' title='bbox 739 1279 895 1348; x_wconf 80' lang='grc' dir='ltr'>λόγος</span> <span class='ocrx_word' id='word_1_145' title='bbox 937 1276 1150 1348; x_wconf 71' lang='grc' dir='ltr'>καὶτῷ</span> <span class='ocrx_word' id='word_1_146' title='bbox 1193 1276 1428 1348; x_wconf 77' lang='grc' dir='ltr'><strong>μετρίως</strong></span> <span class='ocrx_word' id='word_1_147' title='bbox 1470 1276 1868 1349; x_wconf 78' lang='grc' dir='ltr'>έπεσκεμμένῳ</span> 
     </span>
    </p>
   </div>
   <div class='ocr_carea' id='block_1_22' title="bbox 2034 1275 3673 1348">
    <p class='ocr_par' dir='ltr' id='par_1_22' title="bbox 2034 1275 3673 1348">
     <span class='ocr_line' id='line_1_22' title="bbox 2034 1275 3673 1348; baseline -0.002 -14"><span class='ocrx_word' id='word_1_148' title='bbox 2034 1279 2382 1336; x_wconf 79' lang='lat' dir='ltr'><strong>Manifestum</strong></span> <span class='ocrx_word' id='word_1_149' title='bbox 2414 1286 2498 1334; x_wconf 90' lang='lat' dir='ltr'><strong>est</strong></span> <span class='ocrx_word' id='word_1_150' title='bbox 2529 1292 2693 1348; x_wconf 90' lang='lat' dir='ltr'><strong>porro</strong></span> <span class='ocrx_word' id='word_1_151' title='bbox 2715 1276 2863 1331; x_wconf 93' lang='lat' dir='ltr'><strong>omni</strong></span> <span class='ocrx_word' id='word_1_152' title='bbox 2899 1275 3001 1341; x_wconf 90' lang='lat' dir='ltr'><strong>illi,</strong></span> <span class='ocrx_word' id='word_1_153' title='bbox 3031 1277 3122 1346; x_wconf 84' lang='lat' dir='ltr'><strong>qui</strong></span> <span class='ocrx_word' id='word_1_154' title='bbox 3147 1276 3330 1332; x_wconf 85' lang='lat' dir='ltr'><strong>sobrie</strong></span> <span class='ocrx_word' id='word_1_155' title='bbox 3358 1290 3541 1331; x_wconf 87' lang='lat' dir='ltr'><strong>rerum</strong></span> <span class='ocrx_word' id='word_1_156' title='bbox 3582 1305 3590 1314; x_wconf 93' lang='lat'><strong><em>-</em></strong></span> <span class='ocrx_word' id='word_1_157' title='bbox 3659 1280 3673 1297; x_wconf 95' lang='lat'><strong><em>&#39;</em></strong></span> 
     </span>
    </p>
   </div>
   <div class='ocr_carea' id='block_1_23' title="bbox 287 1359 1871 1446">
    <p class='ocr_par' dir='ltr' id='par_1_23' title="bbox 287 1364 1870 1446">
     <span class='ocr_line' id='line_1_23' title="bbox 287 1364 1870 1446; baseline -0.007 -17"><span class='ocrx_word' id='word_1_158' title='bbox 287 1377 386 1446; x_wconf 77' lang='grc' dir='ltr'><strong>τὴν</strong></span> <span class='ocrx_word' id='word_1_159' title='bbox 408 1373 516 1426; x_wconf 84' lang='grc' dir='ltr'><strong>τῶν</strong></span> <span class='ocrx_word' id='word_1_160' title='bbox 540 1372 709 1425; x_wconf 71' lang='grc' dir='ltr'>ὄντων</span> <span class='ocrx_word' id='word_1_161' title='bbox 732 1364 912 1438; x_wconf 80' lang='grc' dir='ltr'>φύσιν,</span> <span class='ocrx_word' id='word_1_162' title='bbox 953 1368 1033 1420; x_wconf 79' lang='grc' dir='ltr'><strong>ὅτι</strong></span> <span class='ocrx_word' id='word_1_163' title='bbox 1059 1367 1125 1437; x_wconf 79' lang='grc' dir='ltr'>τῇ</span> <span class='ocrx_word' id='word_1_164' title='bbox 1157 1365 1254 1436; x_wconf 70' lang='grc' dir='ltr'>μὲν</span> <span class='ocrx_word' id='word_1_165' title='bbox 1280 1365 1400 1436; x_wconf 65' lang='grc' dir='ltr'>θείᾳ</span> <span class='ocrx_word' id='word_1_166' title='bbox 1419 1383 1478 1419; x_wconf 87' lang='grc' dir='ltr'><strong>τε</strong></span> <span class='ocrx_word' id='word_1_167' title='bbox 1502 1365 1597 1419; x_wconf 77' lang='grc' dir='ltr'>καὶ</span> <span class='ocrx_word' id='word_1_168' title='bbox 1626 1366 1870 1438; x_wconf 75' lang='grc' dir='ltr'>μακαρία</span> 
     </span>
    </p>
   </div>
   <div class='ocr_carea' id='block_1_24' title="bbox 1975 1359 3641 1446">
    <p class='ocr_par' dir='ltr' id='par_1_24' title="bbox 1975 1359 3641 1440">
     <span class='ocr_line' id='line_1_24' title="bbox 1975 1359 3641 1440; baseline -0.004 -13"><span class='ocrx_word' id='word_1_169' title='bbox 1975 1378 2218 1427; x_wconf 83' lang='lat' dir='ltr'><strong>naturam</strong></span> <span class='ocrx_word' id='word_1_170' title='bbox 2253 1370 2607 1426; x_wconf 85' lang='lat' dir='ltr'><strong>considerare</strong></span> <span class='ocrx_word' id='word_1_171' title='bbox 2635 1368 2964 1440; x_wconf 77' lang='lat' dir='ltr'><strong>ingreditur,</strong></span> <span class='ocrx_word' id='word_1_172' title='bbox 3003 1369 3209 1423; x_wconf 91' lang='lat' dir='ltr'><strong>nullam</strong></span> <span class='ocrx_word' id='word_1_173' title='bbox 3251 1382 3362 1423; x_wconf 90' lang='lat' dir='ltr'><strong>rem</strong></span> <span class='ocrx_word' id='word_1_174' title='bbox 3392 1382 3538 1431; x_wconf 81' lang='lat' dir='ltr'><strong>esse,</strong></span> <span class='ocrx_word' id='word_1_175' title='bbox 3635 1359 3641 1365; x_wconf 83' lang='grc'><strong>’</strong></span> 
     </span>
    </p>
   </div>
   <div class='ocr_carea' id='block_1_25' title="bbox 289 1455 1871 1548">
    <p class='ocr_par' dir='ltr' id='par_1_25' title="bbox 289 1457 1866 1548">
     <span class='ocr_line' id='line_1_25' title="bbox 289 1457 1866 1548; baseline -0.007 -27"><span class='ocrx_word' id='word_1_176' title='bbox 289 1469 400 1538; x_wconf 79' lang='grc' dir='ltr'><strong>ζωῇ</strong></span> <span class='ocrx_word' id='word_1_177' title='bbox 431 1465 489 1518; x_wconf 72' lang='grc' dir='ltr'>τὸ</span> <span class='ocrx_word' id='word_1_178' title='bbox 523 1457 1044 1548; x_wconf 76' lang='grc' dir='ltr'>παραμετρούμενόν</span> <span class='ocrx_word' id='word_1_179' title='bbox 1071 1461 1215 1513; x_wconf 78' lang='grc' dir='ltr'>ἔστιν</span> <span class='ocrx_word' id='word_1_180' title='bbox 1247 1458 1418 1512; x_wconf 76' lang='grc' dir='ltr'>οὐδέν.</span> <span class='ocrx_word' id='word_1_181' title='bbox 1447 1459 1522 1512; x_wconf 85' lang='grc' dir='ltr'>Ού</span> <span class='ocrx_word' id='word_1_182' title='bbox 1550 1459 1658 1529; x_wconf 88' lang='grc' dir='ltr'><strong>γάρ</strong></span> <span class='ocrx_word' id='word_1_183' title='bbox 1686 1459 1866 1530; x_wconf 78' lang='grc' dir='ltr'>ἐκείνη</span> 
     </span>
    </p>
   </div>
   <div class='ocr_carea' id='block_1_26' title="bbox 1975 1455 3544 1548">
    <p class='ocr_par' dir='ltr' id='par_1_26' title="bbox 1975 1455 3544 1534">
     <span class='ocr_line' id='line_1_26' title="bbox 1975 1455 3544 1534; baseline -0.005 -16"><span class='ocrx_word' id='word_1_184' title='bbox 1975 1479 2086 1534; x_wconf 65' lang='lat' dir='ltr'><strong>quae</strong></span> <span class='ocrx_word' id='word_1_185' title='bbox 2110 1463 2307 1518; x_wconf 71' lang='lat' dir='ltr'><strong>divinae</strong></span> <span class='ocrx_word' id='word_1_186' title='bbox 2338 1462 2415 1517; x_wconf 92' lang='lat' dir='ltr'><strong>illi</strong></span> <span class='ocrx_word' id='word_1_187' title='bbox 2440 1470 2495 1517; x_wconf 87' lang='lat' dir='ltr'><strong>et</strong></span> <span class='ocrx_word' id='word_1_188' title='bbox 2522 1461 2698 1517; x_wconf 66' lang='lat' dir='ltr'><strong>beatae</strong></span> <span class='ocrx_word' id='word_1_189' title='bbox 2723 1460 2846 1515; x_wconf 69' lang='lat' dir='ltr'><strong>vitae</strong></span> <span class='ocrx_word' id='word_1_190' title='bbox 2880 1465 3382 1516; x_wconf 85' lang='lat' dir='ltr'><strong>commensuretur.</strong></span> <span class='ocrx_word' id='word_1_191' title='bbox 3409 1455 3544 1512; x_wconf 82' lang='lat' dir='ltr'><strong>Nam</strong></span> 
     </span>
    </p>
   </div>
   <div class='ocr_carea' id='block_1_27' title="bbox 288 1548 1871 1630">
    <p class='ocr_par' dir='ltr' id='par_1_27' title="bbox 288 1548 1869 1630">
     <span class='ocr_line' id='line_1_27' title="bbox 288 1548 1869 1630; baseline -0.004 -19"><span class='ocrx_word' id='word_1_192' title='bbox 288 1561 346 1612; x_wconf 84' lang='grc' dir='ltr'>ὲν</span> <span class='ocrx_word' id='word_1_193' title='bbox 375 1557 568 1630; x_wconf 81' lang='grc' dir='ltr'>χρόνῳ,</span> <span class='ocrx_word' id='word_1_194' title='bbox 605 1553 718 1608; x_wconf 82' lang='grc' dir='ltr'>ἀλλ’</span> <span class='ocrx_word' id='word_1_195' title='bbox 749 1549 812 1616; x_wconf 78' lang='grc' dir='ltr'>έξ-</span> <span class='ocrx_word' id='word_1_196' title='bbox 844 1550 1058 1620; x_wconf 70' lang='grc' dir='ltr'>ἐκείνης</span> <span class='ocrx_word' id='word_1_197' title='bbox 1089 1549 1118 1601; x_wconf 84' lang='grc' dir='ltr'><strong>ό</strong></span> <span class='ocrx_word' id='word_1_198' title='bbox 1143 1549 1366 1620; x_wconf 69' lang='grc' dir='ltr'>χρόνοςδ</span> <span class='ocrx_word' id='word_1_199' title='bbox 1396 1550 1430 1619; x_wconf 79' lang='grc' dir='ltr'>ἡ</span> <span class='ocrx_word' id='word_1_200' title='bbox 1463 1549 1518 1602; x_wconf 72' lang='grc' dir='ltr'><strong>δὲ</strong></span> <span class='ocrx_word' id='word_1_201' title='bbox 1553 1548 1729 1613; x_wconf 87' lang='grc' dir='ltr'>κτίσις</span> <span class='ocrx_word' id='word_1_202' title='bbox 1761 1550 1869 1604; x_wconf 75' lang='grc' dir='ltr'><strong>ἀπό</strong></span> 
     </span>
    </p>
   </div>
   <div class='ocr_carea' id='block_1_28' title="bbox 1975 1548 3549 1630">
    <p class='ocr_par' dir='ltr' id='par_1_28' title="bbox 1975 1549 3549 1620">
     <span class='ocr_line' id='line_1_28' title="bbox 1975 1549 3549 1620; baseline -0.004 -10"><span class='ocrx_word' id='word_1_203' title='bbox 1975 1562 2165 1610; x_wconf 89' lang='lat' dir='ltr'><strong>natura</strong></span> <span class='ocrx_word' id='word_1_204' title='bbox 2194 1551 2379 1610; x_wconf 76' lang='lat' dir='ltr'><strong>divina</strong></span> <span class='ocrx_word' id='word_1_205' title='bbox 2409 1569 2520 1608; x_wconf 92' lang='lat' dir='ltr'><strong>non</strong></span> <span class='ocrx_word' id='word_1_206' title='bbox 2555 1552 2872 1608; x_wconf 83' lang='lat' dir='ltr'><strong>continetur</strong></span> <span class='ocrx_word' id='word_1_207' title='bbox 2920 1561 3185 1620; x_wconf 90' lang='lat' dir='ltr'><strong>tempore,</strong></span> <span class='ocrx_word' id='word_1_208' title='bbox 3232 1549 3327 1605; x_wconf 87' lang='lat' dir='ltr'><strong>sed</strong></span> <span class='ocrx_word' id='word_1_209' title='bbox 3353 1549 3424 1604; x_wconf 88' lang='lat' dir='ltr'><strong>ab</strong></span> <span class='ocrx_word' id='word_1_210' title='bbox 3458 1550 3549 1603; x_wconf 91' lang='lat' dir='ltr'><strong>illa</strong></span> 
     </span>
    </p>
   </div>
   <div class='ocr_carea' id='block_1_29' title="bbox 287 1635 1871 1737">
    <p class='ocr_par' dir='ltr' id='par_1_29' title="bbox 287 1635 1871 1715">
     <span class='ocr_line' id='line_1_29' title="bbox 287 1635 1871 1715; baseline -0.004 -15"><span class='ocrx_word' id='word_1_211' title='bbox 287 1663 428 1710; x_wconf 84' lang='grc' dir='ltr'>τινος</span> <span class='ocrx_word' id='word_1_212' title='bbox 451 1642 884 1715; x_wconf 77' lang='grc' dir='ltr'>όμολογουμένης</span> <span class='ocrx_word' id='word_1_213' title='bbox 912 1640 1125 1703; x_wconf 71' lang='grc' dir='ltr'>πάντως</span> <span class='ocrx_word' id='word_1_214' title='bbox 1157 1636 1328 1711; x_wconf 81' lang='grc' dir='ltr'>ἀρχῆς</span> <span class='ocrx_word' id='word_1_215' title='bbox 1360 1635 1453 1694; x_wconf 66' lang='grc' dir='ltr'><strong>ιπι</strong></span> <span class='ocrx_word' id='word_1_216' title='bbox 1481 1639 1574 1693; x_wconf 80' lang='grc' dir='ltr'><strong>τὸν</strong></span> <span class='ocrx_word' id='word_1_217' title='bbox 1597 1639 1727 1693; x_wconf 73' lang='grc' dir='ltr'>ἴδιον</span> <span class='ocrx_word' id='word_1_218' title='bbox 1755 1657 1871 1694; x_wconf 87' lang='grc' dir='ltr'>σκο-</span> 
     </span>
    </p>
   </div>
   <div class='ocr_carea' id='block_1_30' title="bbox 1975 1635 3544 1737">
    <p class='ocr_par' dir='ltr' id='par_1_30' title="bbox 1975 1639 3544 1716">
     <span class='ocr_line' id='line_1_30' title="bbox 1975 1639 3544 1716; baseline -0.005 -14"><span class='ocrx_word' id='word_1_219' title='bbox 1975 1654 2187 1716; x_wconf 86' lang='lat' dir='ltr'><strong>tempus</strong></span> <span class='ocrx_word' id='word_1_220' title='bbox 2215 1655 2319 1704; x_wconf 90' lang='lat' dir='ltr'><strong>est.</strong></span> <span class='ocrx_word' id='word_1_221' title='bbox 2351 1642 2618 1701; x_wconf 85' lang='lat' dir='ltr'><strong>Creatura</strong></span> <span class='ocrx_word' id='word_1_222' title='bbox 2656 1658 2784 1699; x_wconf 87' lang='lat' dir='ltr'><strong>vero</strong></span> <span class='ocrx_word' id='word_1_223' title='bbox 2837 1657 2869 1696; x_wconf 85' lang='lat' dir='ltr'><strong>a</strong></span> <span class='ocrx_word' id='word_1_224' title='bbox 2897 1649 3050 1696; x_wconf 88' lang='lat' dir='ltr'><strong>certo</strong></span> <span class='ocrx_word' id='word_1_225' title='bbox 3107 1648 3161 1696; x_wconf 84' lang='lat' dir='ltr'><strong>et</strong></span> <span class='ocrx_word' id='word_1_226' title='bbox 3208 1649 3338 1695; x_wconf 90' lang='lat' dir='ltr'><strong>noto</strong></span> <span class='ocrx_word' id='word_1_227' title='bbox 3386 1639 3544 1696; x_wconf 88' lang='lat' dir='ltr'><strong>initio</strong></span> 
     </span>
    </p>
   </div>
   <div class='ocr_carea' id='block_1_31' title="bbox 287 1726 1870 1805">
    <p class='ocr_par' dir='ltr' id='par_1_31' title="bbox 287 1726 1870 1805">
     <span class='ocr_line' id='line_1_31' title="bbox 287 1726 1870 1805; baseline -0.003 -15"><span class='ocrx_word' id='word_1_228' title='bbox 287 1738 387 1790; x_wconf 77' lang='grc' dir='ltr'><strong>πὸν</strong></span> <span class='ocrx_word' id='word_1_229' title='bbox 415 1736 504 1790; x_wconf 76' lang='grc' dir='ltr'>διὰ</span> <span class='ocrx_word' id='word_1_230' title='bbox 540 1735 648 1788; x_wconf 84' lang='grc' dir='ltr'><strong>τῶν</strong></span> <span class='ocrx_word' id='word_1_231' title='bbox 689 1731 956 1805; x_wconf 78' lang='grc' dir='ltr'>χρονικῶν</span> <span class='ocrx_word' id='word_1_232' title='bbox 986 1729 1366 1802; x_wconf 71' lang='grc' dir='ltr'><strong>διαστημάτων</strong></span> <span class='ocrx_word' id='word_1_233' title='bbox 1408 1726 1667 1785; x_wconf 72' lang='grc' dir='ltr'>ἁδεύουσα</span> <span class='ocrx_word' id='word_1_234' title='bbox 1709 1731 1870 1804; x_wconf 74' lang='grc' dir='ltr'>φέρε-</span> 
     </span>
    </p>
   </div>
   <div class='ocr_carea' id='block_1_32' title="bbox 286 1820 1872 1897">
    <p class='ocr_par' dir='ltr' id='par_1_32' title="bbox 286 1820 1872 1897">
     <span class='ocr_line' id='line_1_32' title="bbox 286 1820 1872 1897; baseline -0.001 -16"><span class='ocrx_word' id='word_1_235' title='bbox 286 1845 405 1894; x_wconf 84' lang='grc' dir='ltr'>ται,</span> <span class='ocrx_word' id='word_1_236' title='bbox 433 1827 508 1891; x_wconf 83' lang='grc' dir='ltr'>ὡς</span> <span class='ocrx_word' id='word_1_237' title='bbox 535 1825 738 1896; x_wconf 81' lang='grc' dir='ltr'><strong>ταύτης</strong></span> <span class='ocrx_word' id='word_1_238' title='bbox 767 1824 866 1897; x_wconf 83' lang='grc' dir='ltr'>μὲν</span> <span class='ocrx_word' id='word_1_239' title='bbox 891 1824 1116 1879; x_wconf 74' lang='grc' dir='ltr'>δυνατὸν</span> <span class='ocrx_word' id='word_1_240' title='bbox 1135 1820 1294 1890; x_wconf 75' lang='grc' dir='ltr'>εἷναι,</span> <span class='ocrx_word' id='word_1_241' title='bbox 1330 1823 1513 1888; x_wconf 81' lang='grc' dir='ltr'>καθώς</span> <span class='ocrx_word' id='word_1_242' title='bbox 1545 1824 1677 1895; x_wconf 76' lang='grc' dir='ltr'>φησι</span> <span class='ocrx_word' id='word_1_243' title='bbox 1710 1839 1812 1878; x_wconf 89' lang='grc' dir='ltr'><strong>που</strong></span> <span class='ocrx_word' id='word_1_244' title='bbox 1843 1826 1872 1880; x_wconf 83' lang='grc' dir='ltr'><strong>ό</strong></span> 
     </span>
    </p>
   </div>
   <div class='ocr_carea' id='block_1_33' title="bbox 288 1908 1872 1991">
    <p class='ocr_par' dir='ltr' id='par_1_33' title="bbox 288 1908 1872 1991">
     <span class='ocr_line' id='line_1_33' title="bbox 288 1908 1872 1991; baseline -0.004 -17"><span class='ocrx_word' id='word_1_245' title='bbox 288 1918 559 1991; x_wconf 81' lang='grc' dir='ltr'>Σολομὼν,</span> <span class='ocrx_word' id='word_1_246' title='bbox 586 1920 780 1990; x_wconf 80' lang='grc' dir='ltr'>ἀρχὴν,</span> <span class='ocrx_word' id='word_1_247' title='bbox 809 1918 904 1971; x_wconf 74' lang='grc' dir='ltr'><strong>καὶ</strong></span> <span class='ocrx_word' id='word_1_248' title='bbox 928 1915 1104 1982; x_wconf 85' lang='grc' dir='ltr'>τέλος,</span> <span class='ocrx_word' id='word_1_249' title='bbox 1135 1916 1230 1971; x_wconf 76' lang='grc' dir='ltr'><strong>καὶ</strong></span> <span class='ocrx_word' id='word_1_250' title='bbox 1262 1915 1536 1988; x_wconf 79' lang='grc' dir='ltr'>μεσότητα</span> <span class='ocrx_word' id='word_1_251' title='bbox 1574 1908 1872 1987; x_wconf 77' lang='grc' dir='ltr'>διασκοπῆ-</span> 
     </span>
    </p>
   </div>
   <div class='ocr_carea' id='block_1_34' title="bbox 288 2005 1872 2081">
    <p class='ocr_par' dir='ltr' id='par_1_34' title="bbox 288 2005 1872 2081">
     <span class='ocr_line' id='line_1_34' title="bbox 288 2005 1872 2081; baseline -0.004 -17"><span class='ocrx_word' id='word_1_252' title='bbox 288 2028 400 2075; x_wconf 89' lang='grc' dir='ltr'>σαι,</span> <span class='ocrx_word' id='word_1_253' title='bbox 440 2009 529 2063; x_wconf 83' lang='grc' dir='ltr'><strong>διὰ</strong></span> <span class='ocrx_word' id='word_1_254' title='bbox 575 2009 684 2080; x_wconf 78' lang='grc' dir='ltr'><strong>τῶν</strong></span> <span class='ocrx_word' id='word_1_255' title='bbox 722 2007 988 2081; x_wconf 82' lang='grc' dir='ltr'>χρονικῶν</span> <span class='ocrx_word' id='word_1_256' title='bbox 1041 2007 1363 2078; x_wconf 83' lang='grc' dir='ltr'>τμημάτων,</span> <span class='ocrx_word' id='word_1_257' title='bbox 1413 2006 1514 2078; x_wconf 76' lang='grc' dir='ltr'><strong>τὴν</strong></span> <span class='ocrx_word' id='word_1_258' title='bbox 1553 2005 1872 2061; x_wconf 80' lang='grc' dir='ltr'>ἀκολουθίαν</span> 
     </span>
    </p>
   </div>
   <div class='ocr_carea' id='block_1_35' title="bbox 285 2095 1870 2171">
    <p class='ocr_par' dir='ltr' id='par_1_35' title="bbox 285 2095 1870 2171">
     <span class='ocr_line' id='line_1_35' title="bbox 285 2095 1870 2171; baseline -0.003 -17"><span class='ocrx_word' id='word_1_259' title='bbox 285 2101 396 2154; x_wconf 88' lang='grc' dir='ltr'><strong>τῶν</strong></span> <span class='ocrx_word' id='word_1_260' title='bbox 424 2100 546 2154; x_wconf 84' lang='grc' dir='ltr'>κατ’</span> <span class='ocrx_word' id='word_1_261' title='bbox 584 2101 752 2170; x_wconf 79' lang='grc' dir='ltr'>αὐτὴν</span> <span class='ocrx_word' id='word_1_262' title='bbox 787 2096 1175 2171; x_wconf 84' lang='grc' dir='ltr'>σημειούμενα.</span> <span class='ocrx_word' id='word_1_263' title='bbox 1218 2097 1282 2151; x_wconf 83' lang='grc' dir='ltr'><strong>Ἦ</strong></span> <span class='ocrx_word' id='word_1_264' title='bbox 1319 2097 1376 2153; x_wconf 82' lang='grc' dir='ltr'><strong>δὲ</strong></span> <span class='ocrx_word' id='word_1_265' title='bbox 1407 2095 1777 2169; x_wconf 80' lang='grc' dir='ltr'>ὑπερκειμένη</span> <span class='ocrx_word' id='word_1_266' title='bbox 1811 2113 1870 2150; x_wconf 84' lang='grc' dir='ltr'><strong>τε</strong></span> 
     </span>
    </p>
   </div>
   <div class='ocr_carea' id='block_1_36' title="bbox 285 2186 1873 2262">
    <p class='ocr_par' dir='ltr' id='par_1_36' title="bbox 285 2186 1873 2262">
     <span class='ocr_line' id='line_1_36' title="bbox 285 2186 1873 2262; baseline -0.003 -16"><span class='ocrx_word' id='word_1_267' title='bbox 285 2191 382 2246; x_wconf 73' lang='grc' dir='ltr'><strong>καὶ</strong></span> <span class='ocrx_word' id='word_1_268' title='bbox 442 2190 684 2262; x_wconf 86' lang='grc' dir='ltr'>μακαρία</span> <span class='ocrx_word' id='word_1_269' title='bbox 741 2188 886 2259; x_wconf 80' lang='grc' dir='ltr'>ζωὴ,</span> <span class='ocrx_word' id='word_1_270' title='bbox 943 2189 1038 2242; x_wconf 59' lang='lat' dir='ltr'><strong>ac:</strong></span> <span class='ocrx_word' id='word_1_271' title='bbox 1098 2186 1324 2258; x_wconf 78' lang='grc' dir='ltr'>μηδενὸς</span> <span class='ocrx_word' id='word_1_272' title='bbox 1373 2187 1873 2260; x_wconf 75' lang='grc' dir='ltr'>συμπαροδεύοντος</span> 
     </span>
    </p>
   </div>
   <div class='ocr_carea' id='block_1_37' title="bbox 285 2273 1871 2354">
    <p class='ocr_par' dir='ltr' id='par_1_37' title="bbox 285 2273 1871 2354">
     <span class='ocr_line' id='line_1_37' title="bbox 285 2273 1871 2354; baseline -0.003 -16"><span class='ocrx_word' id='word_1_273' title='bbox 285 2283 426 2354; x_wconf 73' lang='grc' dir='ltr'>αὐτῇ</span> <span class='ocrx_word' id='word_1_274' title='bbox 462 2281 846 2352; x_wconf 81' lang='grc' dir='ltr'>διαστήματος,</span> <span class='ocrx_word' id='word_1_275' title='bbox 890 2273 950 2333; x_wconf 75' lang='grc' dir='ltr'><strong>τό</strong></span> <span class='ocrx_word' id='word_1_276' title='bbox 983 2277 1311 2350; x_wconf 82' lang='grc' dir='ltr'>διαμετροῦν</span> <span class='ocrx_word' id='word_1_277' title='bbox 1374 2279 1468 2333; x_wconf 75' lang='grc' dir='ltr'>καὶ</span> <span class='ocrx_word' id='word_1_278' title='bbox 1506 2277 1871 2350; x_wconf 69' lang='grc' dir='ltr'>διαλαμϐάνον</span> 
     </span>
    </p>
   </div>
   <div class='ocr_carea' id='block_1_38' title="bbox 282 2359 1872 2444">
    <p class='ocr_par' dir='ltr' id='par_1_38' title="bbox 282 2359 1872 2444">
     <span class='ocr_line' id='line_1_38' title="bbox 282 2359 1872 2444; baseline -0.003 -16"><span class='ocrx_word' id='word_1_279' title='bbox 282 2375 388 2428; x_wconf 85' lang='grc' dir='ltr'><strong>οὑκ</strong></span> <span class='ocrx_word' id='word_1_280' title='bbox 435 2373 567 2444; x_wconf 78' lang='grc' dir='ltr'>ἔχει.</span> <span class='ocrx_word' id='word_1_281' title='bbox 603 2373 683 2425; x_wconf 85' lang='grc' dir='ltr'><em>Τὰ</em></span> <span class='ocrx_word' id='word_1_282' title='bbox 733 2370 830 2442; x_wconf 83' lang='grc' dir='ltr'><strong>μὲν</strong></span> <span class='ocrx_word' id='word_1_283' title='bbox 873 2376 983 2442; x_wconf 77' lang='grc' dir='ltr'>γὰρ</span> <span class='ocrx_word' id='word_1_284' title='bbox 1019 2369 1278 2439; x_wconf 83' lang='grc' dir='ltr'>γεγονότα</span> <span class='ocrx_word' id='word_1_285' title='bbox 1336 2359 1512 2423; x_wconf 70' lang='grc' dir='ltr'>πάντα</span> <span class='ocrx_word' id='word_1_286' title='bbox 1561 2372 1673 2432; x_wconf 84' lang='grc' dir='ltr'>τοῖς</span> <span class='ocrx_word' id='word_1_287' title='bbox 1724 2370 1872 2435; x_wconf 80' lang='grc' dir='ltr'>ἰδίοις</span> 
     </span>
    </p>
   </div>
   <div class='ocr_carea' id='block_1_39' title="bbox 288 2461 1874 2538">
    <p class='ocr_par' dir='ltr' id='par_1_39' title="bbox 288 2461 1874 2538">
     <span class='ocr_line' id='line_1_39' title="bbox 288 2461 1874 2538; baseline -0.003 -20"><span class='ocrx_word' id='word_1_288' title='bbox 288 2466 512 2538; x_wconf 81' lang='grc' dir='ltr'>μέτροις</span> <span class='ocrx_word' id='word_1_289' title='bbox 537 2463 1095 2536; x_wconf 77' lang='grc' dir='ltr'>έμπεριγεγραμμένα</span> <span class='ocrx_word' id='word_1_290' title='bbox 1124 2461 1266 2516; x_wconf 84' lang='grc' dir='ltr'><strong>κατά</strong></span> <span class='ocrx_word' id='word_1_291' title='bbox 1295 2461 1356 2515; x_wconf 82' lang='grc' dir='ltr'>τὸ</span> <span class='ocrx_word' id='word_1_292' title='bbox 1379 2461 1582 2533; x_wconf 83' lang='grc' dir='ltr'>ἀρέσαν</span> <span class='ocrx_word' id='word_1_293' title='bbox 1609 2464 1676 2533; x_wconf 78' lang='grc' dir='ltr'><strong>τῇ</strong></span> <span class='ocrx_word' id='word_1_294' title='bbox 1712 2462 1874 2532; x_wconf 79' lang='grc' dir='ltr'>σοφίᾳ</span> 
     </span>
    </p>
   </div>
   <div class='ocr_carea' id='block_1_40' title="bbox 280 2551 1871 2628">
    <p class='ocr_par' dir='ltr' id='par_1_40' title="bbox 280 2551 1871 2628">
     <span class='ocr_line' id='line_1_40' title="bbox 280 2551 1871 2628; baseline -0.002 -17"><span class='ocrx_word' id='word_1_295' title='bbox 280 2557 381 2612; x_wconf 75' lang='grc' dir='ltr'>τοῦ</span> <span class='ocrx_word' id='word_1_296' title='bbox 413 2557 726 2620; x_wconf 77' lang='grc' dir='ltr'>κτίσαντος,</span> <span class='ocrx_word' id='word_1_297' title='bbox 763 2551 873 2610; x_wconf 79' lang='grc' dir='ltr'>οἶόν</span> <span class='ocrx_word' id='word_1_298' title='bbox 901 2573 1005 2609; x_wconf 90' lang='grc' dir='ltr'>τινι</span> <span class='ocrx_word' id='word_1_299' title='bbox 1034 2556 1146 2627; x_wconf 81' lang='grc' dir='ltr'>ὅρῳ</span> <span class='ocrx_word' id='word_1_300' title='bbox 1191 2553 1269 2626; x_wconf 82' lang='grc' dir='ltr'>τῷ</span> <span class='ocrx_word' id='word_1_301' title='bbox 1305 2555 1631 2627; x_wconf 81' lang='grc' dir='ltr'>προσήκοντι</span> <span class='ocrx_word' id='word_1_302' title='bbox 1665 2556 1871 2628; x_wconf 85' lang='grc' dir='ltr'>μέτρῳ,</span> 
     </span>
    </p>
   </div>
   <div class='ocr_carea' id='block_1_41' title="bbox 281 2643 1876 2719">
    <p class='ocr_par' dir='ltr' id='par_1_41' title="bbox 281 2643 1876 2719">
     <span class='ocr_line' id='line_1_41' title="bbox 281 2643 1876 2719; baseline -0.004 -16"><span class='ocrx_word' id='word_1_303' title='bbox 281 2650 364 2714; x_wconf 86' lang='grc' dir='ltr'><strong>ὡς</strong></span> <span class='ocrx_word' id='word_1_304' title='bbox 397 2647 530 2719; x_wconf 78' lang='grc' dir='ltr'>πρὸς</span> <span class='ocrx_word' id='word_1_305' title='bbox 571 2646 669 2718; x_wconf 75' lang='grc' dir='ltr'><strong>τὴν</strong></span> <span class='ocrx_word' id='word_1_306' title='bbox 710 2647 805 2699; x_wconf 81' lang='grc' dir='ltr'><strong>τοῦ</strong></span> <span class='ocrx_word' id='word_1_307' title='bbox 858 2645 1058 2709; x_wconf 78' lang='grc' dir='ltr'>παντὸς</span> <span class='ocrx_word' id='word_1_308' title='bbox 1104 2644 1470 2716; x_wconf 78' lang='grc' dir='ltr'>εὐαρμοστίαν</span> <span class='ocrx_word' id='word_1_309' title='bbox 1525 2643 1876 2716; x_wconf 74' lang='grc' dir='ltr'>ἐμπεριείλη-</span> 
     </span>
    </p>
   </div>
   <div class='ocr_carea' id='block_1_42' title="bbox 283 2736 1873 2809">
    <p class='ocr_par' dir='ltr' id='par_1_42' title="bbox 283 2736 1873 2809">
     <span class='ocr_line' id='line_1_42' title="bbox 283 2736 1873 2809; baseline -0.004 -13"><span class='ocrx_word' id='word_1_310' title='bbox 283 2757 436 2796; x_wconf 86' lang='grc' dir='ltr'>πται.</span> <span class='ocrx_word' id='word_1_311' title='bbox 466 2740 567 2794; x_wconf 71' lang='grc' dir='ltr'>Διά</span> <span class='ocrx_word' id='word_1_312' title='bbox 590 2737 745 2792; x_wconf 75' lang='grc' dir='ltr'><strong>τοῦτο</strong></span> <span class='ocrx_word' id='word_1_313' title='bbox 774 2737 874 2792; x_wconf 76' lang='grc' dir='ltr'><strong>κᾶν</strong></span> <span class='ocrx_word' id='word_1_314' title='bbox 898 2739 962 2809; x_wconf 78' lang='grc' dir='ltr'>τῇ</span> <span class='ocrx_word' id='word_1_315' title='bbox 990 2736 1242 2808; x_wconf 66' lang='grc' dir='ltr'>ἀσθενείᾳ</span> <span class='ocrx_word' id='word_1_316' title='bbox 1273 2737 1380 2790; x_wconf 88' lang='grc' dir='ltr'><strong>τῶν</strong></span> <span class='ocrx_word' id='word_1_317' title='bbox 1409 2736 1760 2809; x_wconf 69' lang='grc' dir='ltr'>ἀνθρωπίνων</span> <span class='ocrx_word' id='word_1_318' title='bbox 1789 2737 1873 2790; x_wconf 91' lang='grc' dir='ltr'>λο-</span> 
     </span>
    </p>
   </div>
   <div class='ocr_carea' id='block_1_43' title="bbox 284 2827 1872 2902">
    <p class='ocr_par' dir='ltr' id='par_1_43' title="bbox 284 2827 1872 2902">
     <span class='ocr_line' id='line_1_43' title="bbox 284 2827 1872 2902; baseline -0.002 -18"><span class='ocrx_word' id='word_1_319' title='bbox 284 2832 502 2902; x_wconf 85' lang='grc' dir='ltr'>γισμῶν</span> <span class='ocrx_word' id='word_1_320' title='bbox 533 2831 820 2900; x_wconf 78' lang='grc' dir='ltr'>ἀνέφικτος</span> <span class='ocrx_word' id='word_1_321' title='bbox 859 2830 891 2900; x_wconf 80' lang='grc' dir='ltr'>ὴ</span> <span class='ocrx_word' id='word_1_322' title='bbox 933 2830 1040 2883; x_wconf 86' lang='grc' dir='ltr'><strong>τῶν</strong></span> <span class='ocrx_word' id='word_1_323' title='bbox 1075 2830 1129 2882; x_wconf 80' lang='grc' dir='ltr'><strong>ἐν</strong></span> <span class='ocrx_word' id='word_1_324' title='bbox 1170 2829 1236 2898; x_wconf 84' lang='grc' dir='ltr'>τῇ</span> <span class='ocrx_word' id='word_1_325' title='bbox 1277 2827 1448 2882; x_wconf 75' lang='grc' dir='ltr'>κτίσει</span> <span class='ocrx_word' id='word_1_326' title='bbox 1488 2828 1872 2898; x_wconf 82' lang='grc' dir='ltr'>θεωρουμένων</span> 
     </span>
    </p>
   </div>
   <div class='ocr_carea' id='block_1_44' title="bbox 285 2916 1872 2993">
    <p class='ocr_par' dir='ltr' id='par_1_44' title="bbox 285 2916 1872 2993">
     <span class='ocr_line' id='line_1_44' title="bbox 285 2916 1872 2993; baseline -0.002 -16"><span class='ocrx_word' id='word_1_327' title='bbox 285 2924 494 2993; x_wconf 75' lang='grc' dir='ltr'>ἔφοδος,</span> <span class='ocrx_word' id='word_1_328' title='bbox 522 2921 636 2975; x_wconf 83' lang='grc' dir='ltr'>ἀλλ’</span> <span class='ocrx_word' id='word_1_329' title='bbox 669 2916 761 2975; x_wconf 75' lang='grc' dir='ltr'><strong>οὖν</strong></span> <span class='ocrx_word' id='word_1_330' title='bbox 801 2921 860 2974; x_wconf 77' lang='grc' dir='ltr'>τὸ</span> <span class='ocrx_word' id='word_1_331' title='bbox 893 2917 1309 2991; x_wconf 82' lang='grc' dir='ltr'>πεπερατῶσθαι</span> <span class='ocrx_word' id='word_1_332' title='bbox 1354 2919 1423 2972; x_wconf 82' lang='grc' dir='ltr'>τὰ</span> <span class='ocrx_word' id='word_1_333' title='bbox 1467 2918 1643 2973; x_wconf 76' lang='grc' dir='ltr'>πᾶντα</span> <span class='ocrx_word' id='word_1_334' title='bbox 1682 2923 1745 2992; x_wconf 75' lang='grc' dir='ltr'>τῇ</span> <span class='ocrx_word' id='word_1_335' title='bbox 1777 2921 1872 2975; x_wconf 75' lang='grc' dir='ltr'>τοῦ</span> 
     </span>
    </p>
   </div>
   <div class='ocr_carea' id='block_1_45' title="bbox 1974 1729 3564 1808">
    <p class='ocr_par' dir='ltr' id='par_1_45' title="bbox 1974 1729 3564 1808">
     <span class='ocr_line' id='line_1_45' title="bbox 1974 1729 3564 1808; baseline -0.004 -17"><span class='ocrx_word' id='word_1_336' title='bbox 1974 1736 2042 1791; x_wconf 89' lang='lat' dir='ltr'><strong>ad</strong></span> <span class='ocrx_word' id='word_1_337' title='bbox 2074 1737 2348 1808; x_wconf 62' lang='lat' dir='ltr'><strong>pratﬁxam</strong></span> <span class='ocrx_word' id='word_1_338' title='bbox 2371 1736 2476 1792; x_wconf 86' lang='lat' dir='ltr'><strong>sibi</strong></span> <span class='ocrx_word' id='word_1_339' title='bbox 2519 1743 2717 1790; x_wconf 90' lang='lat' dir='ltr'><strong>metam</strong></span> <span class='ocrx_word' id='word_1_340' title='bbox 2755 1750 2851 1806; x_wconf 77' lang='lat' dir='ltr'><strong>per</strong></span> <span class='ocrx_word' id='word_1_341' title='bbox 2883 1733 3204 1804; x_wconf 80' lang='lat' dir='ltr'><strong>temporalia</strong></span> <span class='ocrx_word' id='word_1_342' title='bbox 3260 1729 3564 1786; x_wconf 81' lang='lat' dir='ltr'><strong>intervalla</strong></span> 
     </span>
    </p>
   </div>
   <div class='ocr_carea' id='block_1_46' title="bbox 1971 1822 3552 1897">
    <p class='ocr_par' dir='ltr' id='par_1_46' title="bbox 1971 1822 3552 1897">
     <span class='ocr_line' id='line_1_46' title="bbox 1971 1822 3552 1897; baseline -0.006 -11"><span class='ocrx_word' id='word_1_343' title='bbox 1971 1829 2270 1886; x_wconf 89' lang='lat' dir='ltr'><strong>decurrens</strong></span> <span class='ocrx_word' id='word_1_344' title='bbox 2301 1829 2496 1893; x_wconf 89' lang='lat' dir='ltr'><strong>fertur,</strong></span> <span class='ocrx_word' id='word_1_345' title='bbox 2530 1827 2666 1883; x_wconf 89' lang='lat' dir='ltr'><strong>adeo</strong></span> <span class='ocrx_word' id='word_1_346' title='bbox 2698 1837 2756 1882; x_wconf 89' lang='lat' dir='ltr'><strong>ut</strong></span> <span class='ocrx_word' id='word_1_347' title='bbox 2782 1827 2904 1897; x_wconf 88' lang='lat' dir='ltr'><strong>ejus</strong></span> <span class='ocrx_word' id='word_1_348' title='bbox 2928 1822 3552 1896; x_wconf 86' lang='lat' dir='ltr'><strong>quidem,quemadmo-</strong></span> 
     </span>
    </p>
   </div>
   <div class='ocr_carea' id='block_1_47' title="bbox 1971 1909 3549 1993">
    <p class='ocr_par' dir='ltr' id='par_1_47' title="bbox 1971 1909 3549 1993">
     <span class='ocr_line' id='line_1_47' title="bbox 1971 1909 3549 1993; baseline -0.004 -17"><span class='ocrx_word' id='word_1_349' title='bbox 1971 1921 2100 1978; x_wconf 88' lang='lat' dir='ltr'><strong>dum</strong></span> <span class='ocrx_word' id='word_1_350' title='bbox 2123 1924 2344 1993; x_wconf 87' lang='lat' dir='ltr'><strong>sapiens</strong></span> <span class='ocrx_word' id='word_1_351' title='bbox 2373 1921 2575 1977; x_wconf 79' lang='lat' dir='ltr'><strong>alicubi</strong></span> <span class='ocrx_word' id='word_1_352' title='bbox 2594 1909 2853 1974; x_wconf 87' lang='lat' dir='ltr'><strong>Salomon</strong></span> <span class='ocrx_word' id='word_1_353' title='bbox 2867 1919 2976 1984; x_wconf 79' lang='lat' dir='ltr'><strong>ait,</strong></span> <span class='ocrx_word' id='word_1_354' title='bbox 3002 1918 3169 1974; x_wconf 88' lang='lat' dir='ltr'><strong>liceat</strong></span> <span class='ocrx_word' id='word_1_355' title='bbox 3189 1915 3549 1989; x_wconf 86' lang='lat' dir='ltr'><strong>principium.</strong></span> 
     </span>
    </p>
   </div>
   <div class='ocr_carea' id='block_1_48' title="bbox 1972 2001 3549 2085">
    <p class='ocr_par' dir='ltr' id='par_1_48' title="bbox 1972 2001 3549 2085">
     <span class='ocr_line' id='line_1_48' title="bbox 1972 2001 3549 2085; baseline -0.004 -18"><span class='ocrx_word' id='word_1_356' title='bbox 1972 2001 2132 2068; x_wconf 78' lang='lat' dir='ltr'><strong>tinem</strong></span> <span class='ocrx_word' id='word_1_357' title='bbox 2158 2021 2212 2068; x_wconf 87' lang='lat' dir='ltr'><strong>et</strong></span> <span class='ocrx_word' id='word_1_358' title='bbox 2244 2011 2482 2066; x_wconf 89' lang='lat' dir='ltr'><strong>medium</strong></span> <span class='ocrx_word' id='word_1_359' title='bbox 2521 2010 2790 2076; x_wconf 89' lang='lat' dir='ltr'><strong>invenire,</strong></span> <span class='ocrx_word' id='word_1_360' title='bbox 2832 2010 3183 2080; x_wconf 88' lang='lat' dir='ltr'><strong>temporariis</strong></span> <span class='ocrx_word' id='word_1_361' title='bbox 3218 2006 3549 2085; x_wconf 81' lang='lat' dir='ltr'><strong>quibusdam</strong></span> 
     </span>
    </p>
   </div>
   <div class='ocr_carea' id='block_1_49' title="bbox 1971 2099 3620 2172">
    <p class='ocr_par' dir='ltr' id='par_1_49' title="bbox 1971 2099 3620 2172">
     <span class='ocr_line' id='line_1_49' title="bbox 1971 2099 3620 2172; baseline -0.005 -12"><span class='ocrx_word' id='word_1_362' title='bbox 1971 2103 2308 2160; x_wconf 82' lang='lat' dir='ltr'><strong>sectionibus</strong></span> <span class='ocrx_word' id='word_1_363' title='bbox 2329 2112 2384 2159; x_wconf 89' lang='lat' dir='ltr'><strong>et</strong></span> <span class='ocrx_word' id='word_1_364' title='bbox 2413 2103 2781 2160; x_wconf 85' lang='lat' dir='ltr'><strong>divisionibus</strong></span> <span class='ocrx_word' id='word_1_365' title='bbox 2813 2105 3012 2158; x_wconf 87' lang='lat' dir='ltr'><strong>seriem</strong></span> <span class='ocrx_word' id='word_1_366' title='bbox 3054 2117 3270 2167; x_wconf 91' lang='lat' dir='ltr'><strong>eorum,</strong></span> <span class='ocrx_word' id='word_1_367' title='bbox 3330 2115 3464 2172; x_wconf 59' lang='lat' dir='ltr'><strong>quae</strong></span> <span class='ocrx_word' id='word_1_368' title='bbox 3494 2099 3550 2155; x_wconf 87' lang='lat' dir='ltr'><strong>in</strong></span> <span class='ocrx_word' id='word_1_369' title='bbox 3615 2146 3620 2150; x_wconf 91' lang='lat'>.</span> 
     </span>
    </p>
   </div>
   <div class='ocr_carea' id='block_1_50' title="bbox 1971 2195 3547 2270">
    <p class='ocr_par' dir='ltr' id='par_1_50' title="bbox 1971 2195 3547 2270">
     <span class='ocr_line' id='line_1_50' title="bbox 1971 2195 3547 2270; baseline -0.004 -16"><span class='ocrx_word' id='word_1_370' title='bbox 1971 2199 2086 2270; x_wconf 91' lang='lat' dir='ltr'><strong>ipsa</strong></span> <span class='ocrx_word' id='word_1_371' title='bbox 2119 2205 2270 2262; x_wconf 89' lang='lat' dir='ltr'><strong>sunt,</strong></span> <span class='ocrx_word' id='word_1_372' title='bbox 2318 2197 2685 2269; x_wconf 80' lang='lat' dir='ltr'><strong>designantia.</strong></span> <span class='ocrx_word' id='word_1_373' title='bbox 2746 2198 2816 2252; x_wconf 80' lang='lat' dir='ltr'><strong>At</strong></span> <span class='ocrx_word' id='word_1_374' title='bbox 2872 2212 3130 2268; x_wconf 90' lang='lat' dir='ltr'><strong>suprema</strong></span> <span class='ocrx_word' id='word_1_375' title='bbox 3165 2197 3258 2251; x_wconf 88' lang='lat' dir='ltr'><strong>illa</strong></span> <span class='ocrx_word' id='word_1_376' title='bbox 3291 2205 3347 2252; x_wconf 90' lang='lat' dir='ltr'><strong>et</strong></span> <span class='ocrx_word' id='word_1_377' title='bbox 3390 2195 3547 2252; x_wconf 81' lang='lat' dir='ltr'><strong>beata</strong></span> 
     </span>
    </p>
   </div>
   <div class='ocr_carea' id='block_1_51' title="bbox 1971 2287 3550 2360">
    <p class='ocr_par' dir='ltr' id='par_1_51' title="bbox 1971 2287 3550 2360">
     <span class='ocr_line' id='line_1_51' title="bbox 1971 2287 3550 2360; baseline 0.001 -15"><span class='ocrx_word' id='word_1_378' title='bbox 1971 2297 2193 2354; x_wconf 87' lang='lat' dir='ltr'><strong>natura,</strong></span> <span class='ocrx_word' id='word_1_379' title='bbox 2224 2303 2388 2360; x_wconf 88' lang='lat' dir='ltr'><strong>quam</strong></span> <span class='ocrx_word' id='word_1_380' title='bbox 2415 2288 2626 2344; x_wconf 90' lang='lat' dir='ltr'><strong>nullum</strong></span> <span class='ocrx_word' id='word_1_381' title='bbox 2649 2288 2917 2360; x_wconf 86' lang='lat' dir='ltr'><strong>temporis</strong></span> <span class='ocrx_word' id='word_1_382' title='bbox 2943 2289 3184 2358; x_wconf 86' lang='lat' dir='ltr'><strong>spatium</strong></span> <span class='ocrx_word' id='word_1_383' title='bbox 3224 2287 3550 2346; x_wconf 85' lang='lat' dir='ltr'><strong>comitatur.</strong></span> 
     </span>
    </p>
   </div>
   <div class='ocr_carea' id='block_1_52' title="bbox 1973 2380 3549 2451">
    <p class='ocr_par' dir='ltr' id='par_1_52' title="bbox 1973 2380 3549 2451">
     <span class='ocr_line' id='line_1_52' title="bbox 1973 2380 3549 2451; baseline -0.001 -14"><span class='ocrx_word' id='word_1_384' title='bbox 1973 2381 2108 2437; x_wconf 89' lang='lat' dir='ltr'><strong>nihil</strong></span> <span class='ocrx_word' id='word_1_385' title='bbox 2139 2380 2325 2446; x_wconf 86' lang='lat' dir='ltr'><strong>habet,</strong></span> <span class='ocrx_word' id='word_1_386' title='bbox 2356 2394 2470 2451; x_wconf 90' lang='lat' dir='ltr'><strong>quo</strong></span> <span class='ocrx_word' id='word_1_387' title='bbox 2497 2388 2849 2436; x_wconf 87' lang='lat' dir='ltr'><strong>mensuretur</strong></span> <span class='ocrx_word' id='word_1_388' title='bbox 2871 2386 2925 2436; x_wconf 90' lang='lat' dir='ltr'><strong>et</strong></span> <span class='ocrx_word' id='word_1_389' title='bbox 2960 2381 3338 2447; x_wconf 86' lang='lat' dir='ltr'><strong>contineatur;</strong></span> <span class='ocrx_word' id='word_1_390' title='bbox 3361 2380 3549 2435; x_wconf 81' lang='lat' dir='ltr'><strong>omnia</strong></span> 
     </span>
    </p>
   </div>
   <div class='ocr_carea' id='block_1_53' title="bbox 1972 2469 3550 2542">
    <p class='ocr_par' dir='ltr' id='par_1_53' title="bbox 1972 2469 3550 2542">
     <span class='ocr_line' id='line_1_53' title="bbox 1972 2469 3550 2542; baseline -0.001 -14"><span class='ocrx_word' id='word_1_391' title='bbox 1972 2472 2142 2537; x_wconf 91' lang='lat' dir='ltr'><strong>enim,</strong></span> <span class='ocrx_word' id='word_1_392' title='bbox 2177 2487 2298 2542; x_wconf 67' lang='lat' dir='ltr'><strong>quae</strong></span> <span class='ocrx_word' id='word_1_393' title='bbox 2348 2469 2491 2527; x_wconf 78' lang='lat' dir='ltr'><strong>facta</strong></span> <span class='ocrx_word' id='word_1_394' title='bbox 2517 2481 2667 2533; x_wconf 85' lang='lat' dir='ltr'><strong>sunt.</strong></span> <span class='ocrx_word' id='word_1_395' title='bbox 2717 2470 2955 2541; x_wconf 90' lang='lat' dir='ltr'><strong>propriis</strong></span> <span class='ocrx_word' id='word_1_396' title='bbox 3011 2472 3172 2542; x_wconf 83' lang='lat' dir='ltr'><strong>quasi</strong></span> <span class='ocrx_word' id='word_1_397' title='bbox 3225 2471 3550 2536; x_wconf 79' lang='lat' dir='ltr'><strong>ambitibus.</strong></span> 
     </span>
    </p>
   </div>
   <div class='ocr_carea' id='block_1_54' title="bbox 1974 2562 3551 2635">
    <p class='ocr_par' dir='ltr' id='par_1_54' title="bbox 1974 2562 3551 2635">
     <span class='ocr_line' id='line_1_54' title="bbox 1974 2562 3551 2635; baseline 0 -19"><span class='ocrx_word' id='word_1_398' title='bbox 1974 2562 2171 2618; x_wconf 67' lang='lat' dir='ltr'><strong>divinae</strong></span> <span class='ocrx_word' id='word_1_399' title='bbox 2232 2564 2517 2633; x_wconf 64' lang='lat' dir='ltr'><strong>sapientiae</strong></span> <span class='ocrx_word' id='word_1_400' title='bbox 2581 2563 2849 2619; x_wconf 87' lang='lat' dir='ltr'><strong>arbitratu</strong></span> <span class='ocrx_word' id='word_1_401' title='bbox 2919 2563 3230 2635; x_wconf 87' lang='lat' dir='ltr'><strong>descripta,</strong></span> <span class='ocrx_word' id='word_1_402' title='bbox 3288 2571 3551 2633; x_wconf 86' lang='lat' dir='ltr'><strong>tanquam</strong></span> 
     </span>
    </p>
   </div>
   <div class='ocr_carea' id='block_1_55' title="bbox 1973 2654 3556 2726">
    <p class='ocr_par' dir='ltr' id='par_1_55' title="bbox 1973 2654 3556 2726">
     <span class='ocr_line' id='line_1_55' title="bbox 1973 2654 3556 2726; baseline 0.001 -18"><span class='ocrx_word' id='word_1_403' title='bbox 1973 2654 2219 2710; x_wconf 90' lang='lat' dir='ltr'><strong>terminis</strong></span> <span class='ocrx_word' id='word_1_404' title='bbox 2240 2655 2565 2725; x_wconf 86' lang='lat' dir='ltr'><strong>quibusdam</strong></span> <span class='ocrx_word' id='word_1_405' title='bbox 2587 2655 2906 2726; x_wconf 82' lang='lat' dir='ltr'><strong>congruenti</strong></span> <span class='ocrx_word' id='word_1_406' title='bbox 2939 2656 3121 2722; x_wconf 88' lang='lat' dir='ltr'><strong>modo,</strong></span> <span class='ocrx_word' id='word_1_407' title='bbox 3139 2655 3206 2709; x_wconf 90' lang='lat' dir='ltr'><strong>ad</strong></span> <span class='ocrx_word' id='word_1_408' title='bbox 3237 2655 3402 2724; x_wconf 85' lang='lat' dir='ltr'><strong>hujus</strong></span> <span class='ocrx_word' id='word_1_409' title='bbox 3431 2655 3556 2710; x_wconf 82' lang='lat' dir='ltr'><strong>uni-</strong></span> 
     </span>
    </p>
   </div>
   <div class='ocr_carea' id='block_1_56' title="bbox 1973 2747 3555 2819">
    <p class='ocr_par' dir='ltr' id='par_1_56' title="bbox 1973 2747 3555 2819">
     <span class='ocr_line' id='line_1_56' title="bbox 1973 2747 3555 2819; baseline -0.001 -18"><span class='ocrx_word' id='word_1_410' title='bbox 1973 2747 2250 2803; x_wconf 85' lang='lat' dir='ltr'><strong>versitatis</strong></span> <span class='ocrx_word' id='word_1_411' title='bbox 2273 2748 2547 2814; x_wconf 87' lang='lat' dir='ltr'><strong>decorem,</strong></span> <span class='ocrx_word' id='word_1_412' title='bbox 2570 2757 2625 2803; x_wconf 90' lang='lat' dir='ltr'><strong>et</strong></span> <span class='ocrx_word' id='word_1_413' title='bbox 2648 2750 2973 2804; x_wconf 86' lang='lat' dir='ltr'><strong>concinnam</strong></span> <span class='ocrx_word' id='word_1_414' title='bbox 3000 2748 3528 2819; x_wconf 76' lang='lat' dir='ltr'><strong>coagmentationem</strong></span> <span class='ocrx_word' id='word_1_415' title='bbox 3543 2786 3555 2800; x_wconf 80' lang='lat'><em>.</em></span> 
     </span>
    </p>
   </div>
   <div class='ocr_carea' id='block_1_57' title="bbox 1973 2838 3552 2912">
    <p class='ocr_par' dir='ltr' id='par_1_57' title="bbox 1973 2838 3552 2912">
     <span class='ocr_line' id='line_1_57' title="bbox 1973 2838 3552 2912; baseline -0.001 -17"><span class='ocrx_word' id='word_1_416' title='bbox 1973 2840 2543 2911; x_wconf 81' lang='lat' dir='ltr'><strong>comprehenduntur;</strong></span> <span class='ocrx_word' id='word_1_417' title='bbox 2601 2841 2860 2912; x_wconf 86' lang='lat' dir='ltr'><strong>quocirca</strong></span> <span class='ocrx_word' id='word_1_418' title='bbox 2903 2840 3030 2896; x_wconf 90' lang='lat' dir='ltr'><strong>licet</strong></span> <span class='ocrx_word' id='word_1_419' title='bbox 3083 2839 3338 2895; x_wconf 74' lang='lat' dir='ltr'><strong>humana:</strong></span> <span class='ocrx_word' id='word_1_420' title='bbox 3378 2838 3552 2894; x_wconf 83' lang='lat' dir='ltr'><strong>imbe-</strong></span> 
     </span>
    </p>
   </div>
   <div class='ocr_carea' id='block_1_58' title="bbox 1977 2930 3554 3004">
    <p class='ocr_par' dir='ltr' id='par_1_58' title="bbox 1977 2930 3554 3004">
     <span class='ocr_line' id='line_1_58' title="bbox 1977 2930 3554 3004; baseline -0.003 -18"><span class='ocrx_word' id='word_1_421' title='bbox 1977 2931 2194 2986; x_wconf 90' lang='lat' dir='ltr'><strong>cillitati</strong></span> <span class='ocrx_word' id='word_1_422' title='bbox 2239 2932 2382 2986; x_wconf 84' lang='lat' dir='ltr'><strong>ratio</strong></span> <span class='ocrx_word' id='word_1_423' title='bbox 2426 2947 2641 2996; x_wconf 87' lang='lat' dir='ltr'><strong>eorum,</strong></span> <span class='ocrx_word' id='word_1_424' title='bbox 2685 2948 2808 3004; x_wconf 68' lang='lat' dir='ltr'><strong>quae</strong></span> <span class='ocrx_word' id='word_1_425' title='bbox 2855 2933 2910 2987; x_wconf 92' lang='lat' dir='ltr'><strong>in</strong></span> <span class='ocrx_word' id='word_1_426' title='bbox 2956 2930 3156 2989; x_wconf 86' lang='lat' dir='ltr'><strong>creatis</strong></span> <span class='ocrx_word' id='word_1_427' title='bbox 3185 2931 3352 2986; x_wconf 83' lang='lat' dir='ltr'><strong>rebus</strong></span> <span class='ocrx_word' id='word_1_428' title='bbox 3388 2944 3554 3000; x_wconf 85' lang='lat' dir='ltr'><strong>appa-</strong></span> 
     </span>
    </p>
   </div>
   <div class='ocr_carea' id='block_1_59' title="bbox 286 3000 1871 3102">
    <p class='ocr_par' dir='ltr' id='par_1_59' title="bbox 286 3000 1871 3088">
     <span class='ocr_line' id='line_1_59' title="bbox 286 3000 1871 3088; baseline 0.001 -19"><span class='ocrx_word' id='word_1_429' title='bbox 286 3015 651 3086; x_wconf 83' lang='grc' dir='ltr'>πεποιηκότος</span> <span class='ocrx_word' id='word_1_430' title='bbox 687 3000 948 3083; x_wconf 55' lang='grc' dir='ltr'>δυνάμειξ</span> <span class='ocrx_word' id='word_1_431' title='bbox 969 3013 1062 3066; x_wconf 64' lang='grc' dir='ltr'><strong>καλ⁸</strong></span> <span class='ocrx_word' id='word_1_432' title='bbox 1111 3013 1262 3076; x_wconf 76' lang='grc' dir='ltr'>έντός</span> <span class='ocrx_word' id='word_1_433' title='bbox 1303 3008 1441 3067; x_wconf 77' lang='grc' dir='ltr'>εἶναι</span> <span class='ocrx_word' id='word_1_434' title='bbox 1475 3009 1582 3068; x_wconf 84' lang='grc' dir='ltr'><strong>τῶν</strong></span> <span class='ocrx_word' id='word_1_435' title='bbox 1620 3015 1717 3088; x_wconf 81' lang='grc' dir='ltr'><strong>τῆς</strong></span> <span class='ocrx_word' id='word_1_436' title='bbox 1755 3016 1871 3070; x_wconf 86' lang='grc' dir='ltr'>κτί-</span> 
     </span>
    </p>
   </div>
   <div class='ocr_carea' id='block_1_60' title="bbox 1975 3000 3555 3102">
    <p class='ocr_par' dir='ltr' id='par_1_60' title="bbox 1977 3000 3555 3094">
     <span class='ocr_line' id='line_1_60' title="bbox 1977 3000 3555 3094; baseline -0.003 -16"><span class='ocrx_word' id='word_1_437' title='bbox 1977 3031 2121 3089; x_wconf 90' lang='lat' dir='ltr'><strong>rent,</strong></span> <span class='ocrx_word' id='word_1_438' title='bbox 2169 3023 2241 3079; x_wconf 92' lang='lat' dir='ltr'><strong>sit</strong></span> <span class='ocrx_word' id='word_1_439' title='bbox 2281 3000 2718 3094; x_wconf 46' lang='lat' dir='ltr'><strong>investigabilis;</strong></span> <span class='ocrx_word' id='word_1_440' title='bbox 2743 3031 2987 3079; x_wconf 86' lang='lat' dir='ltr'><strong>attamen</strong></span> <span class='ocrx_word' id='word_1_441' title='bbox 3023 3022 3206 3078; x_wconf 88' lang='lat' dir='ltr'><strong>omnia</strong></span> <span class='ocrx_word' id='word_1_442' title='bbox 3240 3021 3555 3076; x_wconf 87' lang='lat' dir='ltr'><strong>Conditoris</strong></span> 
     </span>
    </p>
   </div>
   <div class='ocr_carea' id='block_1_61' title="bbox 287 3103 1875 3180">
    <p class='ocr_par' dir='ltr' id='par_1_61' title="bbox 287 3103 1875 3180">
     <span class='ocr_line' id='line_1_61' title="bbox 287 3103 1875 3180; baseline -0.001 -18"><span class='ocrx_word' id='word_1_443' title='bbox 287 3125 424 3170; x_wconf 86' lang='grc' dir='ltr'>σεως</span> <span class='ocrx_word' id='word_1_444' title='bbox 457 3108 598 3177; x_wconf 82' lang='grc' dir='ltr'>ὅρων</span> <span class='ocrx_word' id='word_1_445' title='bbox 639 3104 738 3157; x_wconf 85' lang='grc' dir='ltr'><strong>οὑκ</strong></span> <span class='ocrx_word' id='word_1_446' title='bbox 785 3103 1206 3173; x_wconf 70' lang='grc' dir='ltr'>ἀμφιϐάλλεται.</span> <span class='ocrx_word' id='word_1_447' title='bbox 1249 3104 1313 3158; x_wconf 86' lang='grc' dir='ltr'><strong>Ἦ</strong></span> <span class='ocrx_word' id='word_1_448' title='bbox 1357 3103 1413 3158; x_wconf 75' lang='grc' dir='ltr'><strong>δὲ</strong></span> <span class='ocrx_word' id='word_1_449' title='bbox 1466 3107 1720 3180; x_wconf 79' lang='grc' dir='ltr'>ποιητικῆ</span> <span class='ocrx_word' id='word_1_450' title='bbox 1767 3107 1875 3162; x_wconf 77' lang='grc' dir='ltr'><strong>τῶν</strong></span> 
     </span>
    </p>
   </div>
   <div class='ocr_carea' id='block_1_62' title="bbox 285 3195 1879 3272">
    <p class='ocr_par' dir='ltr' id='par_1_62' title="bbox 285 3195 1879 3272">
     <span class='ocr_line' id='line_1_62' title="bbox 285 3195 1879 3272; baseline -0.001 -18"><span class='ocrx_word' id='word_1_451' title='bbox 285 3201 451 3254; x_wconf 71' lang='grc' dir='ltr'>ὄντων</span> <span class='ocrx_word' id='word_1_452' title='bbox 483 3197 709 3268; x_wconf 86' lang='grc' dir='ltr'>δύναμις</span> <span class='ocrx_word' id='word_1_453' title='bbox 732 3196 830 3269; x_wconf 79' lang='grc' dir='ltr'>τὴν</span> <span class='ocrx_word' id='word_1_454' title='bbox 859 3197 969 3251; x_wconf 84' lang='grc' dir='ltr'><strong>τῶν</strong></span> <span class='ocrx_word' id='word_1_455' title='bbox 993 3196 1290 3266; x_wconf 85' lang='grc' dir='ltr'>γεγονότ’ων</span> <span class='ocrx_word' id='word_1_456' title='bbox 1319 3200 1378 3251; x_wconf 84' lang='grc' dir='ltr'>ὲν</span> <span class='ocrx_word' id='word_1_457' title='bbox 1413 3195 1578 3270; x_wconf 73' lang='grc' dir='ltr'>ἑαυτῇ</span> <span class='ocrx_word' id='word_1_458' title='bbox 1615 3216 1879 3272; x_wconf 85' lang='grc' dir='ltr'>συμπερι-</span> 
     </span>
    </p>
   </div>
   <div class='ocr_carea' id='block_1_63' title="bbox 283 3285 1876 3376">
    <p class='ocr_par' dir='ltr' id='par_1_63' title="bbox 283 3285 1876 3376">
     <span class='ocr_line' id='line_1_63' title="bbox 283 3285 1876 3376; baseline 0.003 -36"><span class='ocrx_word' id='word_1_459' title='bbox 283 3287 571 3376; x_wconf 58' lang='grc' dir='ltr'><strong>γράφουσρ⁴</strong></span> <span class='ocrx_word' id='word_1_460' title='bbox 613 3285 794 3354; x_wconf 79' lang='grc' dir='ltr'>φύσιν,</span> <span class='ocrx_word' id='word_1_461' title='bbox 847 3287 986 3358; x_wconf 82' lang='grc' dir='ltr'>αὑτὴ</span> <span class='ocrx_word' id='word_1_462' title='bbox 1034 3287 1099 3339; x_wconf 80' lang='grc' dir='ltr'>τὸ</span> <span class='ocrx_word' id='word_1_463' title='bbox 1151 3287 1402 3359; x_wconf 82' lang='grc' dir='ltr'>περιέχον</span> <span class='ocrx_word' id='word_1_464' title='bbox 1437 3288 1538 3342; x_wconf 87' lang='grc' dir='ltr'><strong>οὑκ</strong></span> <span class='ocrx_word' id='word_1_465' title='bbox 1577 3287 1721 3361; x_wconf 80' lang='grc' dir='ltr'>ἔχει’</span> <span class='ocrx_word' id='word_1_466' title='bbox 1767 3291 1876 3346; x_wconf 77' lang='grc' dir='ltr'>πᾶν</span> 
     </span>
    </p>
   </div>
   <div class='ocr_carea' id='block_1_64' title="bbox 283 3377 1876 3452">
    <p class='ocr_par' dir='ltr' id='par_1_64' title="bbox 283 3377 1876 3452">
     <span class='ocr_line' id='line_1_64' title="bbox 283 3377 1876 3452; baseline 0.002 -18"><span class='ocrx_word' id='word_1_467' title='bbox 283 3381 462 3451; x_wconf 78' lang='grc' dir='ltr'>νόημα</span> <span class='ocrx_word' id='word_1_468' title='bbox 503 3379 563 3433; x_wconf 78' lang='grc' dir='ltr'>τὸ</span> <span class='ocrx_word' id='word_1_469' title='bbox 605 3379 740 3451; x_wconf 81' lang='grc' dir='ltr'>πρὸς</span> <span class='ocrx_word' id='word_1_470' title='bbox 780 3377 880 3450; x_wconf 78' lang='grc' dir='ltr'><strong>τὴν</strong></span> <span class='ocrx_word' id='word_1_471' title='bbox 928 3377 1103 3451; x_wconf 76' lang='grc' dir='ltr'>ἀρχὴν</span> <span class='ocrx_word' id='word_1_472' title='bbox 1146 3379 1246 3448; x_wconf 82' lang='grc' dir='ltr'>τῆς</span> <span class='ocrx_word' id='word_1_473' title='bbox 1271 3378 1422 3445; x_wconf 88' lang='grc' dir='ltr'>θείας</span> <span class='ocrx_word' id='word_1_474' title='bbox 1451 3380 1598 3452; x_wconf 79' lang='grc' dir='ltr'>ζωῆς</span> <span class='ocrx_word' id='word_1_475' title='bbox 1635 3381 1876 3438; x_wconf 82' lang='grc' dir='ltr'>ἀνελθεῖν</span> 
     </span>
    </p>
   </div>
   <div class='ocr_carea' id='block_1_65' title="bbox 233 3470 1877 3546">
    <p class='ocr_par' dir='ltr' id='par_1_65' title="bbox 233 3470 1877 3546">
     <span class='ocr_line' id='line_1_65' title="bbox 233 3470 1877 3546; baseline 0.001 -20"><span class='ocrx_word' id='word_1_476' title='bbox 233 3488 238 3493; x_wconf 85' lang='lat'><strong><em>‘</em></strong></span> <span class='ocrx_word' id='word_1_477' title='bbox 283 3474 662 3544; x_wconf 76' lang='grc' dir='ltr'>ἐπειγόμενον,</span> <span class='ocrx_word' id='word_1_478' title='bbox 688 3472 839 3537; x_wconf 81' lang='grc' dir='ltr'>έντδς</span> <span class='ocrx_word' id='word_1_479' title='bbox 878 3471 1077 3541; x_wconf 76' lang='grc' dir='ltr'>ἑαυτῆς</span> <span class='ocrx_word' id='word_1_480' title='bbox 1116 3470 1532 3533; x_wconf 87' lang='grc' dir='ltr'>κατακλείουσα,</span> <span class='ocrx_word' id='word_1_481' title='bbox 1567 3474 1659 3526; x_wconf 72' lang='grc' dir='ltr'>καὶ</span> <span class='ocrx_word' id='word_1_482' title='bbox 1697 3475 1877 3546; x_wconf 79' lang='grc' dir='ltr'>πάσης</span> 
     </span>
    </p>
   </div>
   <div class='ocr_carea' id='block_1_66' title="bbox 283 3557 1876 3636">
    <p class='ocr_par' dir='ltr' id='par_1_66' title="bbox 283 3557 1876 3636">
     <span class='ocr_line' id='line_1_66' title="bbox 283 3557 1876 3636; baseline -0.001 -18"><span class='ocrx_word' id='word_1_483' title='bbox 283 3563 608 3636; x_wconf 55' lang='lat' dir='ltr'><strong>raptt-2976a;</strong></span> <span class='ocrx_word' id='word_1_484' title='bbox 641 3561 732 3616; x_wconf 74' lang='grc' dir='ltr'><strong>καὶ</strong></span> <span class='ocrx_word' id='word_1_485' title='bbox 761 3560 1280 3634; x_wconf 77' lang='grc' dir='ltr'>φιλοπραγμοσύνης</span> <span class='ocrx_word' id='word_1_486' title='bbox 1306 3557 1408 3632; x_wconf 80' lang='grc' dir='ltr'><strong>τῆς</strong></span> <span class='ocrx_word' id='word_1_487' title='bbox 1447 3562 1582 3634; x_wconf 82' lang='grc' dir='ltr'>πρὸς</span> <span class='ocrx_word' id='word_1_488' title='bbox 1605 3562 1664 3617; x_wconf 73' lang='grc' dir='ltr'>τὸ</span> <span class='ocrx_word' id='word_1_489' title='bbox 1703 3563 1876 3636; x_wconf 87' lang='grc' dir='ltr'>πέρας</span> 
     </span>
    </p>
   </div>
   <div class='ocr_carea' id='block_1_67' title="bbox 282 3651 1873 3727">
    <p class='ocr_par' dir='ltr' id='par_1_67' title="bbox 282 3651 1873 3727">
     <span class='ocr_line' id='line_1_67' title="bbox 282 3651 1873 3727; baseline 0.001 -18"><span class='ocrx_word' id='word_1_490' title='bbox 282 3656 377 3709; x_wconf 76' lang='grc' dir='ltr'>τοῦ</span> <span class='ocrx_word' id='word_1_491' title='bbox 404 3654 656 3727; x_wconf 83' lang='grc' dir='ltr'>ἀορίστου</span> <span class='ocrx_word' id='word_1_492' title='bbox 688 3653 888 3727; x_wconf 82' lang='grc' dir='ltr'>φθάσαι</span> <span class='ocrx_word' id='word_1_493' title='bbox 931 3651 1344 3724; x_wconf 83' lang='grc' dir='ltr'>φιλονεικούσης</span> <span class='ocrx_word' id='word_1_494' title='bbox 1374 3652 1873 3724; x_wconf 88' lang='grc' dir='ltr'>ὑπερεκπίπτουσα.</span> 
     </span>
    </p>
   </div>
   <div class='ocr_carea' id='block_1_68' title="bbox 287 3741 1877 3817">
    <p class='ocr_par' dir='ltr' id='par_1_68' title="bbox 287 3741 1877 3817">
     <span class='ocr_line' id='line_1_68' title="bbox 287 3741 1877 3817; baseline -0.001 -19"><span class='ocrx_word' id='word_1_495' title='bbox 287 3747 513 3800; x_wconf 71' lang='grc' dir='ltr'>Ἅπασα</span> <span class='ocrx_word' id='word_1_496' title='bbox 547 3742 654 3817; x_wconf 72' lang='grc' dir='ltr'>γὰρ</span> <span class='ocrx_word' id='word_1_497' title='bbox 751 3743 889 3816; x_wconf 81' lang='grc' dir='ltr'>μετὰ</span> <span class='ocrx_word' id='word_1_498' title='bbox 920 3745 1048 3806; x_wconf 84' lang='grc' dir='ltr'>τοὺς</span> <span class='ocrx_word' id='word_1_499' title='bbox 1078 3741 1278 3805; x_wconf 82' lang='grc' dir='ltr'>αἰῶνας</span> <span class='ocrx_word' id='word_1_500' title='bbox 1306 3741 1490 3806; x_wconf 75' lang='grc' dir='ltr'>ἄνοδος</span> <span class='ocrx_word' id='word_1_501' title='bbox 1545 3744 1638 3796; x_wconf 81' lang='grc' dir='ltr'><strong>καὶ</strong></span> <span class='ocrx_word' id='word_1_502' title='bbox 1659 3742 1877 3796; x_wconf 83' lang='grc' dir='ltr'>διάστα-</span> 
     </span>
    </p>
   </div>
   <div class='ocr_carea' id='block_1_69' title="bbox 288 3829 1877 3905">
    <p class='ocr_par' dir='ltr' id='par_1_69' title="bbox 288 3829 1877 3905">
     <span class='ocr_line' id='line_1_69' title="bbox 288 3829 1877 3905; baseline -0.001 -15"><span class='ocrx_word' id='word_1_503' title='bbox 288 3855 370 3902; x_wconf 89' lang='grc' dir='ltr'><strong>σις</strong></span> <span class='ocrx_word' id='word_1_504' title='bbox 395 3836 491 3892; x_wconf 74' lang='grc' dir='ltr'>τοῦ</span> <span class='ocrx_word' id='word_1_505' title='bbox 522 3836 615 3890; x_wconf 82' lang='grc' dir='ltr'>νοῦ</span> <span class='ocrx_word' id='word_1_506' title='bbox 637 3836 885 3889; x_wconf 79' lang='grc' dir='ltr'>τοσοῦτον</span> <span class='ocrx_word' id='word_1_507' title='bbox 910 3832 1254 3905; x_wconf 74' lang='grc' dir='ltr'>ὑψωθήσεται</span> <span class='ocrx_word' id='word_1_508' title='bbox 1287 3833 1467 3903; x_wconf 88' lang='grc' dir='ltr'>μόνον,</span> <span class='ocrx_word' id='word_1_509' title='bbox 1493 3833 1615 3886; x_wconf 80' lang='grc' dir='ltr'>ὅσον</span> <span class='ocrx_word' id='word_1_510' title='bbox 1642 3829 1877 3888; x_wconf 77' lang='grc' dir='ltr'>κατιδεῖν</span> 
     </span>
    </p>
   </div>
   <div class='ocr_carea' id='block_1_70' title="bbox 285 3921 1876 3998">
    <p class='ocr_par' dir='ltr' id='par_1_70' title="bbox 285 3921 1876 3998">
     <span class='ocr_line' id='line_1_70' title="bbox 285 3921 1876 3998; baseline -0.001 -16"><span class='ocrx_word' id='word_1_511' title='bbox 285 3929 347 3982; x_wconf 74' lang='grc' dir='ltr'>τὸ</span> <span class='ocrx_word' id='word_1_512' title='bbox 399 3928 494 3982; x_wconf 80' lang='grc' dir='ltr'>τοῦ</span> <span class='ocrx_word' id='word_1_513' title='bbox 549 3926 879 3998; x_wconf 80' lang='grc' dir='ltr'>ζητουμένου</span> <span class='ocrx_word' id='word_1_514' title='bbox 920 3923 1274 3993; x_wconf 82' lang='grc' dir='ltr'>ἀδιεξίτητον,</span> <span class='ocrx_word' id='word_1_515' title='bbox 1317 3924 1414 3977; x_wconf 69' lang='grc' dir='ltr'><strong>καῖ</strong></span> <span class='ocrx_word' id='word_1_516' title='bbox 1455 3923 1628 3978; x_wconf 76' lang='grc' dir='ltr'>ἔοικεν</span> <span class='ocrx_word' id='word_1_517' title='bbox 1675 3921 1785 3978; x_wconf 77' lang='grc' dir='ltr'>οἷόν</span> <span class='ocrx_word' id='word_1_518' title='bbox 1823 3943 1876 3980; x_wconf 90' lang='grc' dir='ltr'><strong>τι</strong></span> 
     </span>
    </p>
   </div>
   <div class='ocr_carea' id='block_1_71' title="bbox 288 4013 1876 4090">
    <p class='ocr_par' dir='ltr' id='par_1_71' title="bbox 288 4013 1876 4090">
     <span class='ocr_line' id='line_1_71' title="bbox 288 4013 1876 4090; baseline -0.001 -18"><span class='ocrx_word' id='word_1_519' title='bbox 288 4020 524 4090; x_wconf 86' lang='grc' dir='ltr'>μέτρον,</span> <span class='ocrx_word' id='word_1_520' title='bbox 565 4017 658 4071; x_wconf 73' lang='grc' dir='ltr'>καὶ</span> <span class='ocrx_word' id='word_1_521' title='bbox 710 4017 832 4088; x_wconf 86' lang='grc' dir='ltr'>ὅρος</span> <span class='ocrx_word' id='word_1_522' title='bbox 879 4016 980 4086; x_wconf 83' lang='grc' dir='ltr'>τῆς</span> <span class='ocrx_word' id='word_1_523' title='bbox 1036 4015 1144 4068; x_wconf 87' lang='grc' dir='ltr'><strong>τῶν</strong></span> <span class='ocrx_word' id='word_1_524' title='bbox 1193 4013 1548 4086; x_wconf 84' lang='grc' dir='ltr'>ἀνθρωπίνων</span> <span class='ocrx_word' id='word_1_525' title='bbox 1601 4015 1876 4086; x_wconf 81' lang='grc' dir='ltr'>λογισμῶν</span> 
     </span>
    </p>
   </div>
   <div class='ocr_carea' id='block_1_72' title="bbox 287 4107 1872 4185">
    <p class='ocr_par' dir='ltr' id='par_1_72' title="bbox 287 4107 1872 4185">
     <span class='ocr_line' id='line_1_72' title="bbox 287 4107 1872 4185; baseline -0.003 -19"><span class='ocrx_word' id='word_1_526' title='bbox 287 4113 576 4185; x_wconf 82' lang='grc' dir='ltr'>κινήσεως,</span> <span class='ocrx_word' id='word_1_527' title='bbox 610 4109 702 4163; x_wconf 77' lang='grc' dir='ltr'>καὶ</span> <span class='ocrx_word' id='word_1_528' title='bbox 735 4109 1032 4180; x_wconf 83' lang='grc' dir='ltr'>ἐνεργείας,</span> <span class='ocrx_word' id='word_1_529' title='bbox 1069 4108 1098 4159; x_wconf 86' lang='grc' dir='ltr'><strong>ό</strong></span> <span class='ocrx_word' id='word_1_530' title='bbox 1135 4107 1290 4169; x_wconf 83' lang='grc' dir='ltr'>αἰὼν,</span> <span class='ocrx_word' id='word_1_531' title='bbox 1327 4107 1421 4161; x_wconf 74' lang='grc' dir='ltr'><strong>καὶ</strong></span> <span class='ocrx_word' id='word_1_532' title='bbox 1460 4107 1529 4160; x_wconf 80' lang='grc' dir='ltr'>τὰ</span> <span class='ocrx_word' id='word_1_533' title='bbox 1567 4108 1716 4171; x_wconf 77' lang='grc' dir='ltr'>ἐντὸς</span> <span class='ocrx_word' id='word_1_534' title='bbox 1749 4108 1872 4161; x_wconf 83' lang='grc' dir='ltr'>τού·-</span> 
     </span>
    </p>
   </div>
   <div class='ocr_carea' id='block_1_73' title="bbox 285 4199 1875 4272">
    <p class='ocr_par' dir='ltr' id='par_1_73' title="bbox 285 4199 1875 4272">
     <span class='ocr_line' id='line_1_73' title="bbox 285 4199 1875 4272; baseline -0.003 -12"><span class='ocrx_word' id='word_1_535' title='bbox 285 4223 394 4260; x_wconf 80' lang='grc' dir='ltr'><strong>των</strong></span> <span class='ocrx_word' id='word_1_536' title='bbox 420 4202 580 4268; x_wconf 76' lang='grc' dir='ltr'>εἶναι,</span> <span class='ocrx_word' id='word_1_537' title='bbox 623 4203 691 4257; x_wconf 63' lang='grc' dir='ltr'>τὰ</span> <span class='ocrx_word' id='word_1_538' title='bbox 728 4201 784 4256; x_wconf 82' lang='grc' dir='ltr'><strong>δὲ</strong></span> <span class='ocrx_word' id='word_1_539' title='bbox 837 4201 1208 4272; x_wconf 83' lang='grc' dir='ltr'>ὑπερκείμενα</span> <span class='ocrx_word' id='word_1_540' title='bbox 1262 4199 1464 4254; x_wconf 86' lang='grc' dir='ltr'>τούτων</span> <span class='ocrx_word' id='word_1_541' title='bbox 1521 4199 1737 4271; x_wconf 82' lang='grc' dir='ltr'>ἀληπτα</span> <span class='ocrx_word' id='word_1_542' title='bbox 1783 4201 1875 4255; x_wconf 80' lang='grc' dir='ltr'><strong>καὶ</strong></span> 
     </span>
    </p>
   </div>
   <div class='ocr_carea' id='block_1_74' title="bbox 285 4292 1872 4365">
    <p class='ocr_par' dir='ltr' id='par_1_74' title="bbox 285 4292 1872 4365">
     <span class='ocr_line' id='line_1_74' title="bbox 285 4292 1872 4365; baseline -0.003 -13"><span class='ocrx_word' id='word_1_543' title='bbox 285 4295 590 4352; x_wconf 73' lang='grc' dir='ltr'>ἀνεπίϐατα</span> <span class='ocrx_word' id='word_1_544' title='bbox 631 4295 912 4365; x_wconf 82' lang='grc' dir='ltr'>λογισμοῖς</span> <span class='ocrx_word' id='word_1_545' title='bbox 967 4292 1138 4365; x_wconf 83' lang='grc' dir='ltr'>μένει,</span> <span class='ocrx_word' id='word_1_546' title='bbox 1190 4293 1392 4357; x_wconf 80' lang='grc' dir='ltr'>παντὸς</span> <span class='ocrx_word' id='word_1_547' title='bbox 1434 4292 1534 4347; x_wconf 76' lang='grc' dir='ltr'>τοῦ·</span> <span class='ocrx_word' id='word_1_548' title='bbox 1575 4293 1872 4365; x_wconf 86' lang='grc' dir='ltr'>δυναμένου</span> 
     </span>
    </p>
   </div>
   <div class='ocr_carea' id='block_1_75' title="bbox 1982 3115 3557 3187">
    <p class='ocr_par' dir='ltr' id='par_1_75' title="bbox 1982 3115 3557 3187">
     <span class='ocr_line' id='line_1_75' title="bbox 1982 3115 3557 3187; baseline -0.001 -18"><span class='ocrx_word' id='word_1_549' title='bbox 1982 3116 2222 3187; x_wconf 88' lang='lat' dir='ltr'><strong>potentia</strong></span> <span class='ocrx_word' id='word_1_550' title='bbox 2248 3115 2395 3171; x_wconf 85' lang='lat' dir='ltr'><strong>ﬁnita</strong></span> <span class='ocrx_word' id='word_1_551' title='bbox 2416 3124 2470 3171; x_wconf 89' lang='lat' dir='ltr'><strong>et</strong></span> <span class='ocrx_word' id='word_1_552' title='bbox 2493 3116 2660 3171; x_wconf 84' lang='lat' dir='ltr'><strong>certis</strong></span> <span class='ocrx_word' id='word_1_553' title='bbox 2678 3115 2944 3171; x_wconf 83' lang='lat' dir='ltr'><strong>limitibus</strong></span> <span class='ocrx_word' id='word_1_554' title='bbox 2972 3115 3386 3184; x_wconf 84' lang='lat' dir='ltr'><strong>circumscripta</strong></span> <span class='ocrx_word' id='word_1_555' title='bbox 3431 3128 3557 3168; x_wconf 89' lang='lat' dir='ltr'><strong>esse</strong></span> 
     </span>
    </p>
   </div>
   <div class='ocr_carea' id='block_1_76' title="bbox 1978 3203 3555 3270">
    <p class='ocr_par' dir='ltr' id='par_1_76' title="bbox 1978 3203 3555 3270">
     <span class='ocr_line' id='line_1_76' title="bbox 1978 3203 3555 3270; baseline -0.003 -9"><span class='ocrx_word' id='word_1_556' title='bbox 1978 3213 2034 3261; x_wconf 89' lang='lat' dir='ltr'><strong>et</strong></span> <span class='ocrx_word' id='word_1_557' title='bbox 2059 3207 2201 3261; x_wconf 90' lang='lat' dir='ltr'><strong>intra</strong></span> <span class='ocrx_word' id='word_1_558' title='bbox 2228 3216 2403 3262; x_wconf 87' lang='lat' dir='ltr'><strong>metas</strong></span> <span class='ocrx_word' id='word_1_559' title='bbox 2439 3213 2704 3262; x_wconf 73' lang='lat' dir='ltr'><strong>creaturae</strong></span> <span class='ocrx_word' id='word_1_560' title='bbox 2740 3206 3032 3270; x_wconf 89' lang='lat' dir='ltr'><strong>contineri,</strong></span> <span class='ocrx_word' id='word_1_561' title='bbox 3067 3206 3292 3260; x_wconf 88' lang='lat' dir='ltr'><strong>minime</strong></span> <span class='ocrx_word' id='word_1_562' title='bbox 3326 3203 3555 3259; x_wconf 90' lang='lat' dir='ltr'><strong>dubium</strong></span> 
     </span>
    </p>
   </div>
   <div class='ocr_carea' id='block_1_77' title="bbox 1977 3287 3555 3367">
    <p class='ocr_par' dir='ltr' id='par_1_77' title="bbox 1977 3287 3555 3367">
     <span class='ocr_line' id='line_1_77' title="bbox 1977 3287 3555 3367; baseline -0.001 -16"><span class='ocrx_word' id='word_1_563' title='bbox 1977 3305 2080 3353; x_wconf 85' lang='lat' dir='ltr'><strong>est.</strong></span> <span class='ocrx_word' id='word_1_564' title='bbox 2137 3287 2204 3352; x_wconf 72' lang='lat' dir='ltr'><strong>At</strong></span> <span class='ocrx_word' id='word_1_565' title='bbox 2235 3312 2364 3352; x_wconf 86' lang='lat' dir='ltr'><strong>vero</strong></span> <span class='ocrx_word' id='word_1_566' title='bbox 2406 3297 2492 3354; x_wconf 89' lang='lat' dir='ltr'><strong>vis</strong></span> <span class='ocrx_word' id='word_1_567' title='bbox 2539 3296 2777 3354; x_wconf 79' lang='lat' dir='ltr'><strong>eiliciens</strong></span> <span class='ocrx_word' id='word_1_568' title='bbox 2839 3312 3047 3359; x_wconf 81' lang='lat' dir='ltr'><strong>rerum,</strong></span> <span class='ocrx_word' id='word_1_569' title='bbox 3088 3311 3209 3367; x_wconf 64' lang='lat' dir='ltr'><strong>quae</strong></span> <span class='ocrx_word' id='word_1_570' title='bbox 3262 3295 3317 3350; x_wconf 94' lang='lat' dir='ltr'><strong>in</strong></span> <span class='ocrx_word' id='word_1_571' title='bbox 3375 3295 3555 3365; x_wconf 84' lang='lat' dir='ltr'><strong>seipsa</strong></span> 
     </span>
    </p>
   </div>
   <div class='ocr_carea' id='block_1_78' title="bbox 1976 3384 3556 3449">
    <p class='ocr_par' dir='ltr' id='par_1_78' title="bbox 1976 3384 3556 3449">
     <span class='ocr_line' id='line_1_78' title="bbox 1976 3384 3556 3449; baseline -0.003 -7"><span class='ocrx_word' id='word_1_572' title='bbox 1976 3403 2160 3443; x_wconf 89' lang='lat' dir='ltr'><strong>rerum</strong></span> <span class='ocrx_word' id='word_1_573' title='bbox 2197 3396 2502 3442; x_wconf 89' lang='lat' dir='ltr'><strong>creatarum</strong></span> <span class='ocrx_word' id='word_1_574' title='bbox 2554 3395 2806 3442; x_wconf 89' lang='lat' dir='ltr'><strong>naturam</strong></span> <span class='ocrx_word' id='word_1_575' title='bbox 2851 3384 3275 3449; x_wconf 89' lang='lat' dir='ltr'><strong>circumscribit,</strong></span> <span class='ocrx_word' id='word_1_576' title='bbox 3319 3384 3556 3440; x_wconf 88' lang='lat' dir='ltr'><strong>termino</strong></span> 
     </span>
    </p>
   </div>
   <div class='ocr_carea' id='block_1_79' title="bbox 1977 3473 3554 3548">
    <p class='ocr_par' dir='ltr' id='par_1_79' title="bbox 1977 3473 3554 3548">
     <span class='ocr_line' id='line_1_79' title="bbox 1977 3473 3554 3548; baseline -0.004 -15"><span class='ocrx_word' id='word_1_577' title='bbox 1977 3475 2466 3533; x_wconf 82' lang='lat' dir='ltr'><strong>circumscribente</strong></span> <span class='ocrx_word' id='word_1_578' title='bbox 2488 3477 2661 3545; x_wconf 79' lang='lat' dir='ltr'><strong>caret,</strong></span> <span class='ocrx_word' id='word_1_579' title='bbox 2691 3491 3021 3548; x_wconf 88' lang='lat' dir='ltr'><strong>omnemque</strong></span> <span class='ocrx_word' id='word_1_580' title='bbox 3051 3473 3388 3545; x_wconf 80' lang='lat' dir='ltr'><strong>intelligendi-</strong></span> <span class='ocrx_word' id='word_1_581' title='bbox 3421 3473 3554 3538; x_wconf 90' lang='lat' dir='ltr'><strong>vim,</strong></span> 
     </span>
    </p>
   </div>
   <div class='ocr_carea' id='block_1_80' title="bbox 1976 3557 3559 3640">
    <p class='ocr_par' dir='ltr' id='par_1_80' title="bbox 1976 3557 3559 3640">
     <span class='ocr_line' id='line_1_80' title="bbox 1976 3557 3559 3640; baseline -0.004 -15"><span class='ocrx_word' id='word_1_582' title='bbox 1976 3585 2098 3640; x_wconf 68' lang='lat' dir='ltr'><strong>qua:</strong></span> <span class='ocrx_word' id='word_1_583' title='bbox 2131 3569 2197 3623; x_wconf 90' lang='lat' dir='ltr'><strong>ad</strong></span> <span class='ocrx_word' id='word_1_584' title='bbox 2246 3557 2574 3640; x_wconf 86' lang='lat' dir='ltr'><strong>principium</strong></span> <span class='ocrx_word' id='word_1_585' title='bbox 2609 3568 2811 3625; x_wconf 75' lang='lat' dir='ltr'><strong>divinae</strong></span> <span class='ocrx_word' id='word_1_586' title='bbox 2854 3576 3063 3624; x_wconf 60' lang='lat' dir='ltr'><strong>naturae</strong></span> <span class='ocrx_word' id='word_1_587' title='bbox 3107 3565 3396 3639; x_wconf 81' lang='lat' dir='ltr'><strong>pervenire</strong></span> <span class='ocrx_word' id='word_1_588' title='bbox 3429 3579 3559 3620; x_wconf 86' lang='lat' dir='ltr'><strong>con-</strong></span> 
     </span>
    </p>
   </div>
   <div class='ocr_carea' id='block_1_81' title="bbox 1977 3656 3558 3731">
    <p class='ocr_par' dir='ltr' id='par_1_81' title="bbox 1977 3656 3558 3731">
     <span class='ocr_line' id='line_1_81' title="bbox 1977 3656 3558 3731; baseline -0.006 -12"><span class='ocrx_word' id='word_1_589' title='bbox 1977 3662 2174 3728; x_wconf 88' lang='lat' dir='ltr'><strong>tendit,</strong></span> <span class='ocrx_word' id='word_1_590' title='bbox 2209 3663 2352 3716; x_wconf 89' lang='lat' dir='ltr'><strong>intra</strong></span> <span class='ocrx_word' id='word_1_591' title='bbox 2380 3663 2615 3731; x_wconf 84' lang='lat' dir='ltr'><strong>seipsam</strong></span> <span class='ocrx_word' id='word_1_592' title='bbox 2645 3661 2924 3718; x_wconf 91' lang='lat' dir='ltr'><strong>concludit</strong></span> <span class='ocrx_word' id='word_1_593' title='bbox 2959 3667 3013 3716; x_wconf 86' lang='lat' dir='ltr'><strong>et</strong></span> <span class='ocrx_word' id='word_1_594' title='bbox 3044 3659 3334 3719; x_wconf 68' lang='lat' dir='ltr'><strong>terminat,</strong></span> <span class='ocrx_word' id='word_1_595' title='bbox 3353 3656 3558 3728; x_wconf 83' lang='lat' dir='ltr'><strong>quippe</strong></span> 
     </span>
    </p>
   </div>
   <div class='ocr_carea' id='block_1_82' title="bbox 1979 3745 3555 3816">
    <p class='ocr_par' dir='ltr' id='par_1_82' title="bbox 1979 3745 3555 3816">
     <span class='ocr_line' id='line_1_82' title="bbox 1979 3745 3555 3816; baseline -0.006 -8"><span class='ocrx_word' id='word_1_596' title='bbox 1979 3753 2378 3809; x_wconf 87' lang='lat' dir='ltr'><strong>trauscendens</strong></span> <span class='ocrx_word' id='word_1_597' title='bbox 2409 3765 2627 3806; x_wconf 88' lang='lat' dir='ltr'><strong>omnem</strong></span> <span class='ocrx_word' id='word_1_598' title='bbox 2664 3751 3039 3807; x_wconf 88' lang='lat' dir='ltr'><strong>curiositatem</strong></span> <span class='ocrx_word' id='word_1_599' title='bbox 3075 3745 3128 3804; x_wconf 79' lang='lat' dir='ltr'><strong>et</strong></span> <span class='ocrx_word' id='word_1_600' title='bbox 3171 3754 3429 3803; x_wconf 87' lang='lat' dir='ltr'><strong>conatum</strong></span> <span class='ocrx_word' id='word_1_601' title='bbox 3460 3745 3555 3816; x_wconf 81' lang='lat' dir='ltr'><strong>qui</strong></span> 
     </span>
    </p>
   </div>
   <div class='ocr_carea' id='block_1_83' title="bbox 1977 3840 3557 3912">
    <p class='ocr_par' dir='ltr' id='par_1_83' title="bbox 1977 3840 3557 3912">
     <span class='ocr_line' id='line_1_83' title="bbox 1977 3840 3557 3912; baseline -0.006 -12"><span class='ocrx_word' id='word_1_602' title='bbox 1977 3845 2044 3901; x_wconf 89' lang='lat' dir='ltr'><strong>ad</strong></span> <span class='ocrx_word' id='word_1_603' title='bbox 2091 3844 2381 3900; x_wconf 83' lang='lat' dir='ltr'><strong>terminum</strong></span> <span class='ocrx_word' id='word_1_604' title='bbox 2429 3842 2584 3912; x_wconf 71' lang='lat' dir='ltr'><strong>ejus,</strong></span> <span class='ocrx_word' id='word_1_605' title='bbox 2628 3841 2771 3912; x_wconf 86' lang='lat' dir='ltr'><strong>quod</strong></span> <span class='ocrx_word' id='word_1_606' title='bbox 2834 3840 3246 3896; x_wconf 83' lang='lat' dir='ltr'><strong>interminatqu</strong></span> <span class='ocrx_word' id='word_1_607' title='bbox 3307 3846 3414 3901; x_wconf 91' lang='lat' dir='ltr'><strong>est,</strong></span> <span class='ocrx_word' id='word_1_608' title='bbox 3461 3852 3557 3908; x_wconf 79' lang='lat' dir='ltr'><strong>pe-</strong></span> 
     </span>
    </p>
   </div>
   <div class='ocr_carea' id='block_1_84' title="bbox 1976 3928 3556 4005">
    <p class='ocr_par' dir='ltr' id='par_1_84' title="bbox 1976 3928 3556 4005">
     <span class='ocr_line' id='line_1_84' title="bbox 1976 3928 3556 4005; baseline -0.009 -9"><span class='ocrx_word' id='word_1_609' title='bbox 1976 3947 2196 3996; x_wconf 90' lang='lat' dir='ltr'><strong>netrare</strong></span> <span class='ocrx_word' id='word_1_610' title='bbox 2227 3939 2456 4005; x_wconf 88' lang='lat' dir='ltr'><strong>nititur;</strong></span> <span class='ocrx_word' id='word_1_611' title='bbox 2502 3937 2681 3992; x_wconf 89' lang='lat' dir='ltr'><strong>omnis</strong></span> <span class='ocrx_word' id='word_1_612' title='bbox 2733 3935 2878 3992; x_wconf 92' lang='lat' dir='ltr'><strong>enim</strong></span> <span class='ocrx_word' id='word_1_613' title='bbox 2927 3948 3188 3990; x_wconf 87' lang='lat' dir='ltr'><strong>ascensus</strong></span> <span class='ocrx_word' id='word_1_614' title='bbox 3231 3938 3288 3987; x_wconf 89' lang='lat' dir='ltr'><strong>et</strong></span> <span class='ocrx_word' id='word_1_615' title='bbox 3355 3928 3556 3985; x_wconf 88' lang='lat' dir='ltr'><strong>mentis</strong></span> 
     </span>
    </p>
   </div>
   <div class='ocr_carea' id='block_1_85' title="bbox 1975 4019 3556 4100">
    <p class='ocr_par' dir='ltr' id='par_1_85' title="bbox 1975 4019 3556 4100">
     <span class='ocr_line' id='line_1_85' title="bbox 1975 4019 3556 4100; baseline -0.009 -14"><span class='ocrx_word' id='word_1_616' title='bbox 1975 4031 2258 4086; x_wconf 90' lang='lat' dir='ltr'><strong>contentio</strong></span> <span class='ocrx_word' id='word_1_617' title='bbox 2307 4037 2428 4100; x_wconf 87' lang='lat' dir='ltr'><strong>post</strong></span> <span class='ocrx_word' id='word_1_618' title='bbox 2477 4027 2742 4099; x_wconf 88' lang='lat' dir='ltr'><strong>temporis</strong></span> <span class='ocrx_word' id='word_1_619' title='bbox 2823 4040 3116 4093; x_wconf 82' lang='lat' dir='ltr'><strong>rerumque</strong></span> <span class='ocrx_word' id='word_1_620' title='bbox 3176 4019 3556 4093; x_wconf 89' lang='lat' dir='ltr'><strong>temporalium</strong></span> 
     </span>
    </p>
   </div>
   <div class='ocr_carea' id='block_1_86' title="bbox 1973 4109 3559 4181">
    <p class='ocr_par' dir='ltr' id='par_1_86' title="bbox 1973 4109 3559 4181">
     <span class='ocr_line' id='line_1_86' title="bbox 1973 4109 3559 4181; baseline -0.007 -6"><span class='ocrx_word' id='word_1_621' title='bbox 1973 4119 2261 4175; x_wconf 88' lang='lat' dir='ltr'><strong>intervalla</strong></span> <span class='ocrx_word' id='word_1_622' title='bbox 2336 4126 2550 4173; x_wconf 87' lang='lat' dir='ltr'><strong>tantmu</strong></span> <span class='ocrx_word' id='word_1_623' title='bbox 2602 4117 2870 4172; x_wconf 80' lang='lat' dir='ltr'><strong>duntaxat</strong></span> <span class='ocrx_word' id='word_1_624' title='bbox 2915 4116 3198 4181; x_wconf 88' lang='lat' dir='ltr'><strong>evehetur,</strong></span> <span class='ocrx_word' id='word_1_625' title='bbox 3255 4121 3315 4166; x_wconf 90' lang='lat' dir='ltr'><strong>ut</strong></span> <span class='ocrx_word' id='word_1_626' title='bbox 3372 4109 3559 4165; x_wconf 86' lang='lat' dir='ltr'><strong>videre</strong></span> 
     </span>
    </p>
   </div>
   <div class='ocr_carea' id='block_1_87' title="bbox 1974 4202 3558 4281">
    <p class='ocr_par' dir='ltr' id='par_1_87' title="bbox 1974 4202 3558 4281">
     <span class='ocr_line' id='line_1_87' title="bbox 1974 4202 3558 4281; baseline -0.006 -17"><span class='ocrx_word' id='word_1_627' title='bbox 1974 4214 2147 4281; x_wconf 89' lang='lat' dir='ltr'><strong>possit</strong></span> <span class='ocrx_word' id='word_1_628' title='bbox 2188 4209 2329 4279; x_wconf 77' lang='lat' dir='ltr'><strong>ejus,</strong></span> <span class='ocrx_word' id='word_1_629' title='bbox 2373 4208 2519 4280; x_wconf 89' lang='lat' dir='ltr'><strong>quod</strong></span> <span class='ocrx_word' id='word_1_630' title='bbox 2562 4209 2848 4280; x_wconf 64' lang='lat' dir='ltr'><strong>quaeritur,</strong></span> <span class='ocrx_word' id='word_1_631' title='bbox 2898 4202 3430 4277; x_wconf 85' lang='lat' dir='ltr'><strong>imperscrutabilem</strong></span> <span class='ocrx_word' id='word_1_632' title='bbox 3465 4214 3558 4254; x_wconf 88' lang='lat' dir='ltr'><strong>ra-</strong></span> 
     </span>
    </p>
   </div>
   <div class='ocr_carea' id='block_1_88' title="bbox 1976 4297 3558 4367">
    <p class='ocr_par' dir='ltr' id='par_1_88' title="bbox 1976 4297 3558 4367">
     <span class='ocr_line' id='line_1_88' title="bbox 1976 4297 3558 4367; baseline -0.006 -11"><span class='ocrx_word' id='word_1_633' title='bbox 1976 4302 2200 4367; x_wconf 86' lang='lat' dir='ltr'><strong>tionem,</strong></span> <span class='ocrx_word' id='word_1_634' title='bbox 2233 4300 2306 4354; x_wconf 89' lang='lat' dir='ltr'><strong>ita</strong></span> <span class='ocrx_word' id='word_1_635' title='bbox 2350 4309 2409 4355; x_wconf 93' lang='lat' dir='ltr'><strong>ut</strong></span> <span class='ocrx_word' id='word_1_636' title='bbox 2450 4300 2717 4356; x_wconf 89' lang='lat' dir='ltr'><strong>terminus</strong></span> <span class='ocrx_word' id='word_1_637' title='bbox 2745 4305 2799 4354; x_wconf 88' lang='lat' dir='ltr'><strong>et</strong></span> <span class='ocrx_word' id='word_1_638' title='bbox 2842 4297 3038 4353; x_wconf 88' lang='lat' dir='ltr'><strong>modus</strong></span> <span class='ocrx_word' id='word_1_639' title='bbox 3065 4297 3430 4350; x_wconf 88' lang='lat' dir='ltr'><strong>humanarum</strong></span> <span class='ocrx_word' id='word_1_640' title='bbox 3460 4307 3558 4347; x_wconf 85' lang='lat' dir='ltr'><strong>co—</strong></span> 
     </span>
    </p>
   </div>
   <div class='ocr_carea' id='block_1_89' title="bbox 288 4377 1871 4464">
    <p class='ocr_par' dir='ltr' id='par_1_89' title="bbox 288 4383 1871 4464">
     <span class='ocr_line' id='line_1_89' title="bbox 288 4383 1871 4464; baseline -0.003 -20"><span class='ocrx_word' id='word_1_641' title='bbox 288 4390 392 4444; x_wconf 83' lang='grc' dir='ltr'><strong>ὑπὸ</strong></span> <span class='ocrx_word' id='word_1_642' title='bbox 424 4387 728 4464; x_wconf 73' lang='grc' dir='ltr'>κατάληψιν</span> <span class='ocrx_word' id='word_1_643' title='bbox 755 4385 1099 4457; x_wconf 88' lang='grc' dir='ltr'>ἀνθρωπίνην</span> <span class='ocrx_word' id='word_1_644' title='bbox 1141 4384 1313 4438; x_wconf 75' lang='grc' dir='ltr'>ἐλθεῖν</span> <span class='ocrx_word' id='word_1_645' title='bbox 1351 4383 1745 4455; x_wconf 82' lang='grc' dir='ltr'>καθαρεύοντα.</span> <span class='ocrx_word' id='word_1_646' title='bbox 1784 4385 1871 4439; x_wconf 90' lang='grc' dir='ltr'><strong>Ἐν</strong></span> 
     </span>
    </p>
   </div>
   <div class='ocr_carea' id='block_1_90' title="bbox 1975 4377 3554 4464">
    <p class='ocr_par' dir='ltr' id='par_1_90' title="bbox 1979 4385 3554 4464">
     <span class='ocr_line' id='line_1_90' title="bbox 1979 4385 3554 4464; baseline -0.002 -18"><span class='ocrx_word' id='word_1_647' title='bbox 1979 4391 2324 4464; x_wconf 86' lang='lat' dir='ltr'><strong>gitationum,</strong></span> <span class='ocrx_word' id='word_1_648' title='bbox 2388 4390 2647 4446; x_wconf 92' lang='lat' dir='ltr'><strong>motionis</strong></span> <span class='ocrx_word' id='word_1_649' title='bbox 2700 4399 2755 4445; x_wconf 89' lang='lat' dir='ltr'><strong>et</strong></span> <span class='ocrx_word' id='word_1_650' title='bbox 2819 4387 3074 4464; x_wconf 80' lang='lat' dir='ltr'><strong>actionis,</strong></span> <span class='ocrx_word' id='word_1_651' title='bbox 3130 4385 3381 4440; x_wconf 85' lang='lat' dir='ltr'><strong>videatur</strong></span> <span class='ocrx_word' id='word_1_652' title='bbox 3433 4398 3554 4443; x_wconf 80' lang='lat' dir='ltr'><strong>esse</strong></span> 
     </span>
    </p>
   </div>
   <div class='ocr_carea' id='block_1_91' title="bbox 288 4461 1871 4554">
    <p class='ocr_par' dir='ltr' id='par_1_91' title="bbox 288 4463 1871 4552">
     <span class='ocr_line' id='line_1_91' title="bbox 288 4463 1871 4552; baseline -0.003 -17"><span class='ocrx_word' id='word_1_653' title='bbox 288 4477 368 4546; x_wconf 76' lang='grc' dir='ltr'>οἷς</span> <span class='ocrx_word' id='word_1_654' title='bbox 400 4481 510 4552; x_wconf 74' lang='grc' dir='ltr'>γὰρ</span> <span class='ocrx_word' id='word_1_655' title='bbox 537 4481 637 4533; x_wconf 83' lang='grc' dir='ltr'><strong>οὑκ</strong></span> <span class='ocrx_word' id='word_1_656' title='bbox 666 4463 822 4541; x_wconf 61' lang='grc' dir='ltr'>εἶδος,</span> <span class='ocrx_word' id='word_1_657' title='bbox 850 4479 908 4531; x_wconf 87' lang='grc' dir='ltr'><strong>οὑ</strong></span> <span class='ocrx_word' id='word_1_658' title='bbox 940 4479 1122 4542; x_wconf 81' lang='grc' dir='ltr'>τόπος,</span> <span class='ocrx_word' id='word_1_659' title='bbox 1155 4478 1215 4530; x_wconf 83' lang='grc' dir='ltr'><strong>οὐ</strong></span> <span class='ocrx_word' id='word_1_660' title='bbox 1252 4475 1498 4546; x_wconf 87' lang='grc' dir='ltr'>μέγεθος,</span> <span class='ocrx_word' id='word_1_661' title='bbox 1523 4476 1582 4530; x_wconf 86' lang='grc' dir='ltr'><strong>οὑ</strong></span> <span class='ocrx_word' id='word_1_662' title='bbox 1607 4476 1668 4530; x_wconf 85' lang='grc' dir='ltr'>τὸ</span> <span class='ocrx_word' id='word_1_663' title='bbox 1696 4473 1759 4530; x_wconf 70' lang='grc' dir='ltr'>ἐκ</span> <span class='ocrx_word' id='word_1_664' title='bbox 1785 4476 1871 4531; x_wconf 76' lang='grc' dir='ltr'>τοῦ</span> 
     </span>
    </p>
   </div>
   <div class='ocr_carea' id='block_1_92' title="bbox 1975 4461 3554 4554">
    <p class='ocr_par' dir='ltr' id='par_1_92' title="bbox 1980 4461 3554 4554">
     <span class='ocr_line' id='line_1_92' title="bbox 1980 4461 3554 4554; baseline -0.007 -17"><span class='ocrx_word' id='word_1_665' title='bbox 1980 4461 2216 4554; x_wconf 76' lang='lat' dir='ltr'><strong>tempus,</strong></span> <span class='ocrx_word' id='word_1_666' title='bbox 2262 4491 2316 4538; x_wconf 92' lang='lat' dir='ltr'><strong>et</strong></span> <span class='ocrx_word' id='word_1_667' title='bbox 2368 4497 2455 4544; x_wconf 89' lang='lat' dir='ltr'><strong>ea,</strong></span> <span class='ocrx_word' id='word_1_668' title='bbox 2493 4496 2614 4551; x_wconf 80' lang='lat' dir='ltr'><strong>quae</strong></span> <span class='ocrx_word' id='word_1_669' title='bbox 2668 4482 2723 4535; x_wconf 92' lang='lat' dir='ltr'><strong>in</strong></span> <span class='ocrx_word' id='word_1_670' title='bbox 2753 4461 2996 4550; x_wconf 84' lang='lat' dir='ltr'><strong>tempore</strong></span> <span class='ocrx_word' id='word_1_671' title='bbox 3042 4484 3192 4542; x_wconf 91' lang='lat' dir='ltr'><strong>sunt,</strong></span> <span class='ocrx_word' id='word_1_672' title='bbox 3221 4490 3340 4546; x_wconf 64' lang='lat' dir='ltr'><strong>qua:</strong></span> <span class='ocrx_word' id='word_1_673' title='bbox 3389 4488 3554 4545; x_wconf 85' lang='lat' dir='ltr'><strong>supra</strong></span> 
     </span>
    </p>
   </div>
   <div class='ocr_carea' id='block_1_93' title="bbox 290 4565 1871 4643">
    <p class='ocr_par' dir='ltr' id='par_1_93' title="bbox 290 4565 1871 4643">
     <span class='ocr_line' id='line_1_93' title="bbox 290 4565 1871 4643; baseline -0.004 -18"><span class='ocrx_word' id='word_1_674' title='bbox 290 4571 481 4643; x_wconf 84' lang='grc' dir='ltr'>χρόνου</span> <span class='ocrx_word' id='word_1_675' title='bbox 515 4570 736 4642; x_wconf 87' lang='grc' dir='ltr'>μέτρον,</span> <span class='ocrx_word' id='word_1_676' title='bbox 764 4569 883 4622; x_wconf 82' lang='grc' dir='ltr'>οὑδέ</span> <span class='ocrx_word' id='word_1_677' title='bbox 909 4567 1038 4622; x_wconf 82' lang='grc' dir='ltr'>ἀλλο</span> <span class='ocrx_word' id='word_1_678' title='bbox 1064 4586 1115 4620; x_wconf 91' lang='grc' dir='ltr'><strong>τι</strong></span> <span class='ocrx_word' id='word_1_679' title='bbox 1143 4567 1249 4621; x_wconf 86' lang='grc' dir='ltr'><strong>τῶν</strong></span> <span class='ocrx_word' id='word_1_680' title='bbox 1274 4565 1637 4637; x_wconf 85' lang='grc' dir='ltr'>καταληπτῶν</span> <span class='ocrx_word' id='word_1_681' title='bbox 1662 4567 1871 4619; x_wconf 74' lang='grc' dir='ltr'>ἐπινοεῖ-</span> 
     </span>
    </p>
   </div>
   <div class='ocr_carea' id='block_1_94' title="bbox 1975 4565 3560 4643">
    <p class='ocr_par' dir='ltr' id='par_1_94' title="bbox 1981 4566 3560 4640">
     <span class='ocr_line' id='line_1_94' title="bbox 1981 4566 3560 4640; baseline -0.007 -13"><span class='ocrx_word' id='word_1_682' title='bbox 1981 4573 2098 4629; x_wconf 83' lang='lat' dir='ltr'><strong>haec</strong></span> <span class='ocrx_word' id='word_1_683' title='bbox 2150 4573 2328 4640; x_wconf 90' lang='lat' dir='ltr'><strong>posita</strong></span> <span class='ocrx_word' id='word_1_684' title='bbox 2371 4580 2520 4634; x_wconf 91' lang='lat' dir='ltr'><strong>sunt,</strong></span> <span class='ocrx_word' id='word_1_685' title='bbox 2558 4569 2987 4640; x_wconf 80' lang='lat' dir='ltr'><strong>cogitationibus</strong></span> <span class='ocrx_word' id='word_1_686' title='bbox 3028 4569 3235 4624; x_wconf 87' lang='lat' dir='ltr'><strong>nostris</strong></span> <span class='ocrx_word' id='word_1_687' title='bbox 3266 4566 3560 4636; x_wconf 78' lang='lat' dir='ltr'><strong>investiga-</strong></span> 
     </span>
    </p>
   </div>
   <div class='ocr_carea' id='block_1_95' title="bbox 291 4651 1871 4734">
    <p class='ocr_par' dir='ltr' id='par_1_95' title="bbox 291 4656 1871 4733">
     <span class='ocr_line' id='line_1_95' title="bbox 291 4656 1871 4733; baseline -0.004 -17"><span class='ocrx_word' id='word_1_688' title='bbox 291 4681 397 4728; x_wconf 85' lang='grc' dir='ltr'>ται,</span> <span class='ocrx_word' id='word_1_689' title='bbox 427 4665 486 4730; x_wconf 78' lang='grc' dir='ltr'><strong>ἐξ</strong></span> <span class='ocrx_word' id='word_1_690' title='bbox 517 4663 763 4733; x_wconf 83' lang='grc' dir='ltr'>ἀνάγκης</span> <span class='ocrx_word' id='word_1_691' title='bbox 792 4662 882 4714; x_wconf 67' lang='grc' dir='ltr'>καὶ</span> <span class='ocrx_word' id='word_1_692' title='bbox 911 4663 944 4732; x_wconf 79' lang='grc' dir='ltr'>ἡ</span> <span class='ocrx_word' id='word_1_693' title='bbox 974 4657 1355 4732; x_wconf 80' lang='grc' dir='ltr'>καταληπτικὴ</span> <span class='ocrx_word' id='word_1_694' title='bbox 1398 4657 1491 4712; x_wconf 75' lang='grc' dir='ltr'>τοῦ</span> <span class='ocrx_word' id='word_1_695' title='bbox 1532 4656 1624 4710; x_wconf 75' lang='grc' dir='ltr'>νοῦ</span> <span class='ocrx_word' id='word_1_696' title='bbox 1653 4656 1871 4730; x_wconf 84' lang='grc' dir='ltr'>δύναμις</span> 
     </span>
    </p>
   </div>
   <div class='ocr_carea' id='block_1_96' title="bbox 1975 4651 3558 4734">
    <p class='ocr_par' dir='ltr' id='par_1_96' title="bbox 1977 4651 3558 4734">
     <span class='ocr_line' id='line_1_96' title="bbox 1977 4651 3558 4734; baseline -0.008 -14"><span class='ocrx_word' id='word_1_697' title='bbox 1977 4657 2131 4728; x_wconf 82' lang='lat' dir='ltr'><strong>bilia,</strong></span> <span class='ocrx_word' id='word_1_698' title='bbox 2188 4671 2243 4719; x_wconf 89' lang='lat' dir='ltr'><strong>et</strong></span> <span class='ocrx_word' id='word_1_699' title='bbox 2297 4662 2732 4734; x_wconf 85' lang='lat' dir='ltr'><strong>impenetrabilia</strong></span> <span class='ocrx_word' id='word_1_700' title='bbox 2795 4651 3036 4726; x_wconf 74' lang='lat' dir='ltr'><strong>i&#39;nauent,</strong></span> <span class='ocrx_word' id='word_1_701' title='bbox 3102 4668 3290 4730; x_wconf 89' lang='lat' dir='ltr'><strong>utpote</strong></span> <span class='ocrx_word' id='word_1_702' title='bbox 3366 4655 3558 4728; x_wconf 86' lang='lat' dir='ltr'><strong>procul</strong></span> 
     </span>
    </p>
   </div>
   <div class='ocr_carea' id='block_1_97' title="bbox 291 4747 1871 4826">
    <p class='ocr_par' dir='ltr' id='par_1_97' title="bbox 291 4747 1871 4826">
     <span class='ocr_line' id='line_1_97' title="bbox 291 4747 1871 4826; baseline -0.004 -18"><span class='ocrx_word' id='word_1_703' title='bbox 291 4755 533 4826; x_wconf 71' lang='grc' dir='ltr'>ζητοῖ)σά</span> <span class='ocrx_word' id='word_1_704' title='bbox 570 4772 713 4817; x_wconf 88' lang='grc' dir='ltr'>τινος</span> <span class='ocrx_word' id='word_1_705' title='bbox 747 4747 1193 4823; x_wconf 81' lang='grc' dir='ltr'>περιδράξάσθαι,</span> <span class='ocrx_word' id='word_1_706' title='bbox 1229 4752 1354 4814; x_wconf 75' lang='grc' dir='ltr'>τοὺς</span> <span class='ocrx_word' id='word_1_707' title='bbox 1384 4749 1603 4816; x_wconf 80' lang='grc' dir='ltr'>αἰῶνας,</span> <span class='ocrx_word' id='word_1_708' title='bbox 1647 4749 1740 4804; x_wconf 71' lang='grc' dir='ltr'><strong>καῖ</strong></span> <span class='ocrx_word' id='word_1_709' title='bbox 1781 4749 1871 4820; x_wconf 68' lang='grc' dir='ltr'><strong>τὴν</strong></span> 
     </span>
    </p>
   </div>
   <div class='ocr_carea' id='block_1_98' title="bbox 1975 4747 3550 4826">
    <p class='ocr_par' dir='ltr' id='par_1_98' title="bbox 1978 4750 3550 4823">
     <span class='ocr_line' id='line_1_98' title="bbox 1978 4750 3550 4823; baseline -0.008 -11"><span class='ocrx_word' id='word_1_710' title='bbox 1978 4755 2227 4823; x_wconf 78' lang='lat' dir='ltr'><strong>seiuncta</strong></span> <span class='ocrx_word' id='word_1_711' title='bbox 2268 4755 2334 4811; x_wconf 89' lang='lat' dir='ltr'><strong>ab</strong></span> <span class='ocrx_word' id='word_1_712' title='bbox 2384 4753 2641 4810; x_wconf 86' lang='lat' dir='ltr'><strong>omnibus</strong></span> <span class='ocrx_word' id='word_1_713' title='bbox 2685 4753 2816 4820; x_wconf 89' lang='lat' dir='ltr'><strong>illis,</strong></span> <span class='ocrx_word' id='word_1_714' title='bbox 2873 4768 2994 4822; x_wconf 74' lang='lat' dir='ltr'><strong>qua:</strong></span> <span class='ocrx_word' id='word_1_715' title='bbox 3034 4753 3088 4807; x_wconf 91' lang='lat' dir='ltr'><strong>in</strong></span> <span class='ocrx_word' id='word_1_716' title='bbox 3126 4750 3417 4806; x_wconf 87' lang='lat' dir='ltr'><strong>humanam</strong></span> <span class='ocrx_word' id='word_1_717' title='bbox 3468 4761 3550 4802; x_wconf 84' lang='lat' dir='ltr'><strong>co-</strong></span> 
     </span>
    </p>
   </div>
   <div class='ocr_carea' id='block_1_99' title="bbox 291 4831 1871 4918">
    <p class='ocr_par' dir='ltr' id='par_1_99' title="bbox 291 4841 1871 4913">
     <span class='ocr_line' id='line_1_99' title="bbox 291 4841 1871 4913; baseline -0.001 -15"><span class='ocrx_word' id='word_1_718' title='bbox 291 4847 346 4899; x_wconf 81' lang='grc' dir='ltr'><strong>έν</strong></span> <span class='ocrx_word' id='word_1_719' title='bbox 370 4848 579 4910; x_wconf 84' lang='grc' dir='ltr'>τούτοις</span> <span class='ocrx_word' id='word_1_720' title='bbox 602 4845 781 4899; x_wconf 87' lang='grc' dir='ltr'>κτίσιν</span> <span class='ocrx_word' id='word_1_721' title='bbox 804 4845 884 4908; x_wconf 84' lang='grc' dir='ltr'>εἰς</span> <span class='ocrx_word' id='word_1_722' title='bbox 903 4844 964 4897; x_wconf 82' lang='grc' dir='ltr'><strong>τὸ</strong></span> <span class='ocrx_word' id='word_1_723' title='bbox 993 4843 1251 4913; x_wconf 82' lang='grc' dir='ltr'>συγγενὲς</span> <span class='ocrx_word' id='word_1_724' title='bbox 1274 4841 1438 4913; x_wconf 75' lang='grc' dir='ltr'>ἑαυτῇ</span> <span class='ocrx_word' id='word_1_725' title='bbox 1479 4841 1571 4895; x_wconf 73' lang='grc' dir='ltr'><strong>καὶ</strong></span> <span class='ocrx_word' id='word_1_726' title='bbox 1606 4841 1871 4913; x_wconf 84' lang='grc' dir='ltr'>ὁμόφυλον</span> 
     </span>
    </p>
   </div>
   <div class='ocr_carea' id='block_1_100' title="bbox 1975 4831 3559 4918">
    <p class='ocr_par' dir='ltr' id='par_1_100' title="bbox 1982 4831 3559 4918">
     <span class='ocr_line' id='line_1_100' title="bbox 1982 4831 3559 4918; baseline -0.006 -18"><span class='ocrx_word' id='word_1_727' title='bbox 1982 4848 2296 4918; x_wconf 84' lang='lat' dir='ltr'><strong>gitationem</strong></span> <span class='ocrx_word' id='word_1_728' title='bbox 2333 4847 2529 4902; x_wconf 84' lang='lat' dir='ltr'><strong>cadere</strong></span> <span class='ocrx_word' id='word_1_729' title='bbox 2559 4853 2820 4918; x_wconf 88' lang='lat' dir='ltr'><strong>possunt.</strong></span> <span class='ocrx_word' id='word_1_730' title='bbox 2856 4843 2931 4898; x_wconf 88' lang='lat' dir='ltr'><strong>Ea</strong></span> <span class='ocrx_word' id='word_1_731' title='bbox 2972 4844 3139 4909; x_wconf 89' lang='lat' dir='ltr'><strong>enim,</strong></span> <span class='ocrx_word' id='word_1_732' title='bbox 3163 4831 3359 4912; x_wconf 87' lang='lat' dir='ltr'><strong>quibus</strong></span> <span class='ocrx_word' id='word_1_733' title='bbox 3385 4854 3559 4908; x_wconf 87' lang='lat' dir='ltr'><strong>neque</strong></span> 
     </span>
    </p>
   </div>
   <div class='ocr_carea' id='block_1_101' title="bbox 291 4933 1871 5011">
    <p class='ocr_par' dir='ltr' id='par_1_101' title="bbox 291 4933 1871 5010">
     <span class='ocr_line' id='line_1_101' title="bbox 291 4933 1871 5010; baseline -0.003 -19"><span class='ocrx_word' id='word_1_734' title='bbox 291 4936 606 5010; x_wconf 74' lang='grc' dir='ltr'>συζητήσει,</span> <span class='ocrx_word' id='word_1_735' title='bbox 635 4937 737 5009; x_wconf 82' lang='grc' dir='ltr'>τῆς</span> <span class='ocrx_word' id='word_1_736' title='bbox 764 4936 1006 5008; x_wconf 84' lang='grc' dir='ltr'>ἀλήπτου</span> <span class='ocrx_word' id='word_1_737' title='bbox 1047 4935 1261 5004; x_wconf 86' lang='grc' dir='ltr'>φύσεως</span> <span class='ocrx_word' id='word_1_738' title='bbox 1308 4935 1638 5007; x_wconf 83' lang='grc' dir='ltr'>πανταχόθεν</span> <span class='ocrx_word' id='word_1_739' title='bbox 1682 4933 1871 4989; x_wconf 86' lang='grc' dir='ltr'>ἀπολι-</span> 
     </span>
    </p>
   </div>
   <div class='ocr_carea' id='block_1_102' title="bbox 1975 4933 3558 5011">
    <p class='ocr_par' dir='ltr' id='par_1_102' title="bbox 1983 4933 3558 5011">
     <span class='ocr_line' id='line_1_102' title="bbox 1983 4933 3558 5011; baseline -0.006 -17"><span class='ocrx_word' id='word_1_740' title='bbox 1983 4939 2157 5009; x_wconf 77' lang='lat' dir='ltr'><strong>ﬁgura</strong></span> <span class='ocrx_word' id='word_1_741' title='bbox 2186 4945 2291 5000; x_wconf 89' lang='lat' dir='ltr'><strong>est,</strong></span> <span class='ocrx_word' id='word_1_742' title='bbox 2339 4954 2514 5009; x_wconf 85' lang='lat' dir='ltr'><strong>neque</strong></span> <span class='ocrx_word' id='word_1_743' title='bbox 2559 4939 2738 5003; x_wconf 92' lang='lat' dir='ltr'><strong>locus,</strong></span> <span class='ocrx_word' id='word_1_744' title='bbox 2791 4951 2968 5006; x_wconf 87' lang='lat' dir='ltr'><strong>neque</strong></span> <span class='ocrx_word' id='word_1_745' title='bbox 3007 4933 3347 5006; x_wconf 85' lang='lat' dir='ltr'><strong>magnitudo,</strong></span> <span class='ocrx_word' id='word_1_746' title='bbox 3380 4945 3558 5011; x_wconf 85' lang='lat' dir='ltr'><strong>neque</strong></span> 
     </span>
    </p>
   </div>
   <div class='ocr_carea' id='block_1_103' title="bbox 293 5021 3554 5101">
    <p class='ocr_par' dir='ltr' id='par_1_103' title="bbox 293 5021 3554 5101">
     <span class='ocr_line' id='line_1_103' title="bbox 293 5021 3554 5101; baseline -0.002 -17"><span class='ocrx_word' id='word_1_747' title='bbox 293 5029 600 5085; x_wconf 82' lang='grc' dir='ltr'>σθαίνουσα.</span> <span class='ocrx_word' id='word_1_748' title='bbox 1681 5061 1683 5063; x_wconf 96' lang='grc'><strong>-</strong></span> <span class='ocrx_word' id='word_1_749' title='bbox 1980 5045 2236 5086; x_wconf 88' lang='lat' dir='ltr'><strong>mensura</strong></span> <span class='ocrx_word' id='word_1_750' title='bbox 2269 5030 2621 5101; x_wconf 87' lang='lat' dir='ltr'><strong>temporaria,</strong></span> <span class='ocrx_word' id='word_1_751' title='bbox 2653 5044 2830 5100; x_wconf 90' lang='lat' dir='ltr'><strong>neque</strong></span> <span class='ocrx_word' id='word_1_752' title='bbox 2856 5023 3002 5082; x_wconf 90' lang='lat' dir='ltr'><strong>aliud</strong></span> <span class='ocrx_word' id='word_1_753' title='bbox 3027 5026 3304 5098; x_wconf 89' lang='lat' dir='ltr'><strong>quidpiam</strong></span> <span class='ocrx_word' id='word_1_754' title='bbox 3347 5040 3412 5080; x_wconf 80' lang='lat' dir='ltr'><strong>ex</strong></span> <span class='ocrx_word' id='word_1_755' title='bbox 3447 5021 3554 5082; x_wconf 86' lang='lat' dir='ltr'><strong>his,</strong></span> 
     </span>
    </p>
   </div>
   <div class='ocr_carea' id='block_1_104' title="bbox 291 5116 3556 5196">
    <p class='ocr_par' dir='ltr' id='par_1_104' title="bbox 291 5116 3556 5196">
     <span class='ocr_line' id='line_1_104' title="bbox 291 5116 3556 5196; baseline -0.004 -16"><span class='ocrx_word' id='word_1_756' title='bbox 291 5127 626 5196; x_wconf 82' lang='lat' dir='ltr'><strong>quae-animo</strong></span> <span class='ocrx_word' id='word_1_757' title='bbox 656 5121 1191 5194; x_wconf 86' lang='lat' dir='ltr'><strong>comprehendimus,</strong></span> <span class='ocrx_word' id='word_1_758' title='bbox 1230 5121 1274 5176; x_wconf 91' lang='lat' dir='ltr'><strong>si</strong></span> <span class='ocrx_word' id='word_1_759' title='bbox 1310 5119 1662 5190; x_wconf 83' lang='lat' dir='ltr'><strong>intelligentia</strong></span> <span class='ocrx_word' id='word_1_760' title='bbox 1691 5121 1891 5178; x_wconf 87' lang='lat' dir='ltr'><strong>mentis</strong></span> <span class='ocrx_word' id='word_1_761' title='bbox 1919 5124 2136 5194; x_wconf 86' lang='lat' dir='ltr'><strong>assequi</strong></span> <span class='ocrx_word' id='word_1_762' title='bbox 2178 5124 2328 5190; x_wconf 87' lang='lat' dir='ltr'><strong>velit,</strong></span> <span class='ocrx_word' id='word_1_763' title='bbox 2354 5123 2667 5180; x_wconf 88' lang='lat' dir='ltr'><strong>necessario</strong></span> <span class='ocrx_word' id='word_1_764' title='bbox 2737 5130 3006 5192; x_wconf 87' lang='lat' dir='ltr'><strong>tempora,</strong></span> <span class='ocrx_word' id='word_1_765' title='bbox 3041 5126 3097 5174; x_wconf 90' lang='lat' dir='ltr'><strong>et</strong></span> <span class='ocrx_word' id='word_1_766' title='bbox 3160 5118 3216 5172; x_wconf 93' lang='lat' dir='ltr'><strong>in</strong></span> <span class='ocrx_word' id='word_1_767' title='bbox 3301 5116 3391 5170; x_wconf 79' lang='lat' dir='ltr'><strong>bis</strong></span> <span class='ocrx_word' id='word_1_768' title='bbox 3463 5127 3556 5167; x_wconf 85' lang='lat' dir='ltr'><strong>res</strong></span> 
     </span>
    </p>
   </div>
   <div class='ocr_carea' id='block_1_105' title="bbox 291 5207 3556 5289">
    <p class='ocr_par' dir='ltr' id='par_1_105' title="bbox 291 5207 3556 5289">
     <span class='ocr_line' id='line_1_105' title="bbox 291 5207 3556 5289; baseline -0.006 -13"><span class='ocrx_word' id='word_1_769' title='bbox 291 5226 524 5282; x_wconf 84' lang='lat' dir='ltr'><strong>creatas,</strong></span> <span class='ocrx_word' id='word_1_770' title='bbox 593 5216 894 5274; x_wconf 87' lang='lat' dir='ltr'><strong>secundum</strong></span> <span class='ocrx_word' id='word_1_771' title='bbox 962 5223 1247 5287; x_wconf 79' lang='lat' dir='ltr'><strong>cognatam</strong></span> <span class='ocrx_word' id='word_1_772' title='bbox 1317 5221 1370 5268; x_wconf 90' lang='lat' dir='ltr'><strong>et</strong></span> <span class='ocrx_word' id='word_1_773' title='bbox 1435 5213 1653 5268; x_wconf 87' lang='lat' dir='ltr'><strong>insitam</strong></span> <span class='ocrx_word' id='word_1_774' title='bbox 1719 5214 1822 5268; x_wconf 92' lang='lat' dir='ltr'><strong>sibi</strong></span> <span class='ocrx_word' id='word_1_775' title='bbox 1881 5218 2336 5273; x_wconf 84' lang='lat' dir='ltr'><strong>consuetudinem</strong></span> <span class='ocrx_word' id='word_1_776' title='bbox 2383 5227 2590 5289; x_wconf 77' lang='lat' dir='ltr'><strong>quaeret</strong></span> <span class='ocrx_word' id='word_1_777' title='bbox 2635 5225 2704 5274; x_wconf 70' lang='lat' dir='ltr'><strong>et,</strong></span> <span class='ocrx_word' id='word_1_778' title='bbox 2747 5213 3139 5287; x_wconf 85' lang='lat' dir='ltr'><strong>apprehendet,</strong></span> <span class='ocrx_word' id='word_1_779' title='bbox 3210 5209 3279 5263; x_wconf 89' lang='lat' dir='ltr'><strong>ab</strong></span> <span class='ocrx_word' id='word_1_780' title='bbox 3343 5207 3556 5260; x_wconf 79' lang='lat' dir='ltr'><strong>ineoru-</strong></span> 
     </span>
    </p>
   </div>
   <div class='ocr_carea' id='block_1_106' title="bbox 291 5305 2007 5385">
    <p class='ocr_par' dir='ltr' id='par_1_106' title="bbox 291 5305 2007 5385">
     <span class='ocr_line' id='line_1_106' title="bbox 291 5305 2007 5385; baseline -0.003 -19"><span class='ocrx_word' id='word_1_781' title='bbox 291 5309 648 5385; x_wconf 87' lang='lat' dir='ltr'><strong>prehensibili</strong></span> <span class='ocrx_word' id='word_1_782' title='bbox 697 5309 790 5365; x_wconf 92' lang='lat' dir='ltr'><strong>illa</strong></span> <span class='ocrx_word' id='word_1_783' title='bbox 845 5319 1038 5364; x_wconf 87' lang='lat' dir='ltr'><strong>natura</strong></span> <span class='ocrx_word' id='word_1_784' title='bbox 1086 5308 1278 5380; x_wconf 90' lang='lat' dir='ltr'><strong>procul</strong></span> <span class='ocrx_word' id='word_1_785' title='bbox 1324 5315 1380 5362; x_wconf 91' lang='lat' dir='ltr'><strong>et</strong></span> <span class='ocrx_word' id='word_1_786' title='bbox 1421 5305 1666 5376; x_wconf 86' lang='lat' dir='ltr'><strong>undi&#39;que</strong></span> <span class='ocrx_word' id='word_1_787' title='bbox 1721 5306 2007 5362; x_wconf 82' lang='lat' dir='ltr'><strong>aberrans.</strong></span> 
     </span>
    </p>
   </div>
   <div class='ocr_carea' id='block_1_107' title="bbox 362 5393 1874 5474">
    <p class='ocr_par' dir='ltr' id='par_1_107' title="bbox 362 5393 1874 5474">
     <span class='ocr_line' id='line_1_107' title="bbox 362 5393 1874 5474; baseline -0.005 -15"><span class='ocrx_word' id='word_1_788' title='bbox 362 5407 529 5459; x_wconf 78' lang='grc' dir='ltr'>Παντὶ</span> <span class='ocrx_word' id='word_1_789' title='bbox 557 5405 667 5474; x_wconf 77' lang='grc' dir='ltr'>γὰρ</span> <span class='ocrx_word' id='word_1_790' title='bbox 690 5393 841 5474; x_wconf 72' lang='grc' dir='ltr'>οἶμαι</span> <span class='ocrx_word' id='word_1_791' title='bbox 885 5403 1042 5457; x_wconf 77' lang='grc' dir='ltr'>τοῦτο</span> <span class='ocrx_word' id='word_1_792' title='bbox 1073 5403 1347 5473; x_wconf 82' lang='grc' dir='ltr'>γνώριμον</span> <span class='ocrx_word' id='word_1_793' title='bbox 1373 5395 1512 5454; x_wconf 78' lang='grc' dir='ltr'>εἶναι</span> <span class='ocrx_word' id='word_1_794' title='bbox 1542 5397 1617 5470; x_wconf 81' lang='grc' dir='ltr'><strong>τῷ</strong></span> <span class='ocrx_word' id='word_1_795' title='bbox 1651 5398 1743 5453; x_wconf 69' lang='grc' dir='ltr'><strong>καὶ</strong></span> <span class='ocrx_word' id='word_1_796' title='bbox 1779 5417 1874 5470; x_wconf 82' lang='grc' dir='ltr'>με-</span> 
     </span>
    </p>
   </div>
   <div class='ocr_carea' id='block_1_108' title="bbox 290 5488 1876 5565">
    <p class='ocr_par' dir='ltr' id='par_1_108' title="bbox 290 5488 1876 5565">
     <span class='ocr_line' id='line_1_108' title="bbox 290 5488 1876 5565; baseline -0.003 -18"><span class='ocrx_word' id='word_1_797' title='bbox 290 5493 453 5565; x_wconf 89' lang='grc' dir='ltr'>τρίως</span> <span class='ocrx_word' id='word_1_798' title='bbox 474 5492 872 5564; x_wconf 81' lang='grc' dir='ltr'>ὲπεσκεμμένῳ</span> <span class='ocrx_word' id='word_1_799' title='bbox 894 5493 963 5544; x_wconf 78' lang='grc' dir='ltr'>τὰ</span> <span class='ocrx_word' id='word_1_800' title='bbox 984 5489 1133 5554; x_wconf 74' lang='grc' dir='ltr'>ὄντα,</span> <span class='ocrx_word' id='word_1_801' title='bbox 1155 5491 1236 5543; x_wconf 80' lang='grc' dir='ltr'><strong>ὅτι</strong></span> <span class='ocrx_word' id='word_1_802' title='bbox 1261 5491 1385 5554; x_wconf 73' lang='grc' dir='ltr'>τοὺς</span> <span class='ocrx_word' id='word_1_803' title='bbox 1412 5489 1612 5552; x_wconf 74' lang='grc' dir='ltr'>αἰῶνας</span> <span class='ocrx_word' id='word_1_804' title='bbox 1645 5488 1738 5542; x_wconf 73' lang='grc' dir='ltr'><strong>καὶ</strong></span> <span class='ocrx_word' id='word_1_805' title='bbox 1785 5488 1876 5542; x_wconf 81' lang='grc' dir='ltr'><strong>τὸν</strong></span> 
     </span>
    </p>
   </div>
   <div class='ocr_carea' id='block_1_109' title="bbox 291 5577 1875 5652">
    <p class='ocr_par' dir='ltr' id='par_1_109' title="bbox 291 5577 1875 5652">
     <span class='ocr_line' id='line_1_109' title="bbox 291 5577 1875 5652; baseline -0.002 -14"><span class='ocrx_word' id='word_1_806' title='bbox 291 5587 349 5638; x_wconf 79' lang='grc' dir='ltr'><strong>έν</strong></span> <span class='ocrx_word' id='word_1_807' title='bbox 379 5585 590 5648; x_wconf 87' lang='grc' dir='ltr'>τούτοις</span> <span class='ocrx_word' id='word_1_808' title='bbox 626 5583 792 5637; x_wconf 87' lang='grc' dir='ltr'>τόπον</span> <span class='ocrx_word' id='word_1_809' title='bbox 822 5577 933 5635; x_wconf 76' lang='grc' dir='ltr'>οἷόν</span> <span class='ocrx_word' id='word_1_810' title='bbox 963 5599 1015 5634; x_wconf 87' lang='grc' dir='ltr'><strong>τι</strong></span> <span class='ocrx_word' id='word_1_811' title='bbox 1059 5581 1290 5652; x_wconf 84' lang='grc' dir='ltr'>χώρημα</span> <span class='ocrx_word' id='word_1_812' title='bbox 1329 5581 1573 5635; x_wconf 81' lang='grc' dir='ltr'>δεκτικὸν</span> <span class='ocrx_word' id='word_1_813' title='bbox 1595 5581 1704 5635; x_wconf 83' lang='grc' dir='ltr'><strong>τῶν</strong></span> <span class='ocrx_word' id='word_1_814' title='bbox 1730 5598 1875 5650; x_wconf 87' lang='grc' dir='ltr'>γινο-</span> 
     </span>
    </p>
   </div>
   <div class='ocr_carea' id='block_1_110' title="bbox 295 5673 1875 5750">
    <p class='ocr_par' dir='ltr' id='par_1_110' title="bbox 295 5673 1875 5750">
     <span class='ocr_line' id='line_1_110' title="bbox 295 5673 1875 5750; baseline 0 -23"><span class='ocrx_word' id='word_1_815' title='bbox 295 5675 470 5746; x_wconf 82' lang='grc' dir='ltr'>μένων</span> <span class='ocrx_word' id='word_1_816' title='bbox 517 5673 1098 5746; x_wconf 80' lang='grc' dir='ltr'>προκαταϐαλλόμενος</span> <span class='ocrx_word' id='word_1_817' title='bbox 1142 5675 1170 5726; x_wconf 85' lang='grc' dir='ltr'><strong>ό</strong></span> <span class='ocrx_word' id='word_1_818' title='bbox 1206 5673 1314 5727; x_wconf 82' lang='grc' dir='ltr'><strong>τῶν</strong></span> <span class='ocrx_word' id='word_1_819' title='bbox 1358 5673 1492 5728; x_wconf 82' lang='grc' dir='ltr'>ὅλων</span> <span class='ocrx_word' id='word_1_820' title='bbox 1513 5675 1875 5750; x_wconf 85' lang='grc' dir='ltr'>Δημιουργὸς,</span> 
     </span>
    </p>
   </div>
   <div class='ocr_carea' id='block_1_111' title="bbox 2057 5391 3559 5474">
    <p class='ocr_par' dir='ltr' id='par_1_111' title="bbox 2057 5391 3559 5474">
     <span class='ocr_line' id='line_1_111' title="bbox 2057 5391 3559 5474; baseline -0.007 -18"><span class='ocrx_word' id='word_1_821' title='bbox 2057 5401 2194 5457; x_wconf 85' lang='lat' dir='ltr'><strong>Puto</strong></span> <span class='ocrx_word' id='word_1_822' title='bbox 2231 5403 2377 5458; x_wconf 87' lang='lat' dir='ltr'><strong>enim</strong></span> <span class='ocrx_word' id='word_1_823' title='bbox 2427 5401 2622 5468; x_wconf 72' lang='lat' dir='ltr'><strong>cuivis,</strong></span> <span class='ocrx_word' id='word_1_824' title='bbox 2677 5405 2768 5474; x_wconf 85' lang='lat' dir='ltr'><strong>qui</strong></span> <span class='ocrx_word' id='word_1_825' title='bbox 2827 5403 2911 5458; x_wconf 89' lang='lat' dir='ltr'><strong>vel</strong></span> <span class='ocrx_word' id='word_1_826' title='bbox 2961 5401 3136 5456; x_wconf 88' lang='lat' dir='ltr'><strong>obiter</strong></span> <span class='ocrx_word' id='word_1_827' title='bbox 3180 5395 3423 5449; x_wconf 88' lang='lat' dir='ltr'><strong>animum</strong></span> <span class='ocrx_word' id='word_1_828' title='bbox 3489 5391 3559 5446; x_wconf 89' lang='lat' dir='ltr'><strong>ad</strong></span> 
     </span>
    </p>
   </div>
   <div class='ocr_carea' id='block_1_112' title="bbox 1985 5480 3557 5556">
    <p class='ocr_par' dir='ltr' id='par_1_112' title="bbox 1985 5480 3557 5556">
     <span class='ocr_line' id='line_1_112' title="bbox 1985 5480 3557 5556; baseline -0.003 -15"><span class='ocrx_word' id='word_1_829' title='bbox 1985 5487 2098 5542; x_wconf 62' lang='lat' dir='ltr'><strong>hate</strong></span> <span class='ocrx_word' id='word_1_830' title='bbox 2129 5486 2412 5543; x_wconf 85' lang='lat' dir='ltr'><strong>advertere</strong></span> <span class='ocrx_word' id='word_1_831' title='bbox 2447 5490 2597 5556; x_wconf 87' lang='lat' dir='ltr'><strong>velit,</strong></span> <span class='ocrx_word' id='word_1_832' title='bbox 2626 5490 2975 5544; x_wconf 85' lang='lat' dir='ltr'><strong>manifestum</strong></span> <span class='ocrx_word' id='word_1_833' title='bbox 3008 5500 3150 5548; x_wconf 82' lang='lat' dir='ltr'><strong>esse,</strong></span> <span class='ocrx_word' id='word_1_834' title='bbox 3180 5481 3424 5538; x_wconf 86' lang='lat' dir='ltr'><strong>universi</strong></span> <span class='ocrx_word' id='word_1_835' title='bbox 3451 5480 3557 5536; x_wconf 61' lang='grc' dir='ltr'>ιω.</span> 
     </span>
    </p>
   </div>
   <div class='ocr_carea' id='block_1_113' title="bbox 1978 5573 3558 5650">
    <p class='ocr_par' dir='ltr' id='par_1_113' title="bbox 1978 5573 3558 5650">
     <span class='ocr_line' id='line_1_113' title="bbox 1978 5573 3558 5650; baseline -0.003 -17"><span class='ocrx_word' id='word_1_836' title='bbox 1978 5578 2071 5648; x_wconf 93' lang='lat' dir='ltr'><strong>jus</strong></span> <span class='ocrx_word' id='word_1_837' title='bbox 2104 5576 2491 5643; x_wconf 87' lang='lat' dir='ltr'><strong>Conditorem,</strong></span> <span class='ocrx_word' id='word_1_838' title='bbox 2527 5587 2773 5650; x_wconf 88' lang='lat' dir='ltr'><strong>tempora</strong></span> <span class='ocrx_word' id='word_1_839' title='bbox 2806 5587 2860 5634; x_wconf 91' lang='lat' dir='ltr'><strong>et</strong></span> <span class='ocrx_word' id='word_1_840' title='bbox 2892 5576 3068 5648; x_wconf 84' lang='lat' dir='ltr'><strong>spatia</strong></span> <span class='ocrx_word' id='word_1_841' title='bbox 3119 5575 3246 5640; x_wconf 90' lang='lat' dir='ltr'><strong>loci,</strong></span> <span class='ocrx_word' id='word_1_842' title='bbox 3279 5573 3428 5630; x_wconf 85' lang='lat' dir='ltr'><strong>velut</strong></span> <span class='ocrx_word' id='word_1_843' title='bbox 3469 5573 3558 5628; x_wconf 80' lang='lat' dir='ltr'><strong>in-</strong></span> 
     </span>
    </p>
   </div>
   <div class='ocr_carea' id='block_1_114' title="bbox 1985 5664 3555 5744">
    <p class='ocr_par' dir='ltr' id='par_1_114' title="bbox 1985 5664 3555 5744">
     <span class='ocr_line' id='line_1_114' title="bbox 1985 5664 3555 5744; baseline -0.003 -19"><span class='ocrx_word' id='word_1_844' title='bbox 1985 5671 2275 5728; x_wconf 87' lang='lat' dir='ltr'><strong>tervallum</strong></span> <span class='ocrx_word' id='word_1_845' title='bbox 2306 5669 2581 5742; x_wconf 88' lang='lat' dir='ltr'><strong>quoddam</strong></span> <span class='ocrx_word' id='word_1_846' title='bbox 2611 5685 2723 5744; x_wconf 87' lang='lat' dir='ltr'><strong>quo</strong></span> <span class='ocrx_word' id='word_1_847' title='bbox 2757 5685 2846 5727; x_wconf 80' lang='lat' dir='ltr'><strong>res</strong></span> <span class='ocrx_word' id='word_1_848' title='bbox 2862 5666 3228 5742; x_wconf 60' lang='lat' dir='ltr'><strong>producenda</strong></span> <span class='ocrx_word' id='word_1_849' title='bbox 3257 5664 3555 5737; x_wconf 56' lang='lat' dir='ltr'><strong>reciperet)</strong></span> 
     </span>
    </p>
   </div>
  </div>
