4064 6146
295 280 399 339 5G9

1440 281 1720 348 CONTRA
1757 293 2139 361 EUNOMI‘UM,
2180 295 2307 351 LIB.
2340 297 2378 350 Ι.

3450 293 3560 348 3'70

293 398 466 464 sitiat;
499 401 558 454 ὲν
657 403 845 474 Πατὴρ
883 405 980 474 μὲν
1009 404 1258 477 ἄναρχος,
1307 411 1415 461 καὶλ
1443 410 1752 481 ἁγέννητος,
1779 412 1867 464 καὶ

1981 412 2239 477 advertit.
2283 420 2356 466 ut'
2395 411 2609 467 scilicet
2652 410 2822 464 altera
2858 408 3017 464 alteri
3074 409 3269 464 collata
3308 413 3561 481 superior

291 494 379 545 ἀεὶ
414 493 602 562 Πατὴρ
642 497 871 547 νοεῖται·
911 495 1168 560 ἑξ-αὺτοῦ
1323 500 1463 553 κατὰ
1507 503 1571 554 τδ
1606 504 1866 573 προσεχὲς

295 585 630 647 ἁδιαστάτως
661 585 689 636 ὁ
729 588 1018 659 μονογενὴς
1063 590 1188 653 Υἱὸς
1228 591 1306 660 τῷ
1341 593 1513 663 Πατρὶ
1549 595 1875 646 συνεπινοεῖ-

293 692 421 728 ται·
453 676 520 728 δι’
552 676 716 738 αὐτοῦ
756 678 826 730 δὲ-
878 680 970 732 καὶ
1017 682 1132 750 μετ’
1156 682 1340 746 αὑτοῦ,
1383 683 1510 753 πρίν
1537 700 1588 735 τι
1635 683 1786 735 κενόν
1815 701 1873 736 τε

296 768 390 818 καὶ
415 767 789 821 ἀνυπόστατον
803 768 889 822 διὰ
917 771 1081 842 μέσου
1104 777 1474 844 παρεμπεσεῖν
1495 775 1691 844 νόημα.
1716 775 1874 837 εὐθὺς

297 859 389 912 καὶ
419 859 484 912 τὸ
515 861 736 931 Πνεῦμα
774 862 832 915 τὸ
859 863 1012 932 ἅγιον
1058 866 1415 936 συνημμένως
1464 866 1874 937 καταλαμϐάνε-

296 969 412 1004 ται·
449 953 548 1022 οὐχ
575 954 852 1025 ὑστερίζον
878 958 1018 1010 κατὰ
1041 958 1138 1028 τὴν
1168 958 1396 1030 ὓπαρξιν
1429 960 1564 1029 μετὰ
1587 959 1686 1014 τὸν
1706 959 1836 1013 Υίόν
1856 976 1870 989 ·

297 1045 437 1099 ὥστε
467 1048 596 1100 ποτὲ
618 1046 710 1100 τὸν
734 1049 1012 1118 Μονογενῆ
1046 1050 1166 1120 δίχα
1197 1051 1292 1102 τοῦ
1340 1051 1652 1122 Πνεῦματος
1679 1053 1874 1122 νοηθῆ-

296 1154 413 1190 ναι·
442 1137 556 1190 ἀλλ’
579 1138 644 1190 ὲκ
691 1137 790 1207 μὲν
837 1137 931 1192 τοῦ
974 1139 1107 1192 Θεοῦ
1145 1140 1253 1194 τῶν
1276 1140 1430 1206 ὅλων,
1465 1145 1558 1196 καὶ
1604 1143 1732 1197 αὐτὸ
1775 1144 1873 1214 τὴν

296 1226 472 1279 αἰτίαν
499 1226 620 1296 ἔχον
657 1226 751 1281 τοῦ
798 1223 958 1294 εἶναι,
1006 1229 1127 1284 ὅθεν
1165 1231 1257 1285 καὶ
1295 1231 1359 1284 τὸ
1425 1232 1711 1303 μονογενὲς
1759 1233 1872 1287 ἐστι

295 1317 432 1384 φῶς,
457 1316 546 1369 διὰ
569 1316 626 1370 δὲ
652 1315 745 1370 τοῦ
778 1317 1030 1388 ἀληθινοῦ
1053 1320 1227 1389 φωτὸς
1257 1320 1572 1391 ἐκλάμψανο
1602 1320 1726 1375 οὕτε
1759 1322 1870 1375 δια⁸

295 1409 552 1479 «πήματι,
579 1407 707 1462 οὔτε
741 1409 955 1480 φύσεως
996 1411 1272 1483 ἑτερότητι
1303 1412 1397 1466 τοῦ
1430 1414 1662 1487 Πατρδς,
1705 1413 1755 1484 ἢ·
1777 1412 1878 1468 τοῦ·

294 1500 631 1569 Μονογενοῦς
653 1501 1039 1571 ἀποτέμνεται.
1083 1503 1365 1575 Διάστημα
1393 1505 1490 1576 μὲν
1517 1505 1623 1578 γὰρ
1649 1505 1743 1558 ἐπὶ
1773 1505 1873 1575 τῆς

293 1593 620 1664 προαιωνίου
642 1593 855 1664 φύσεως
894 1597 994 1650 οὐκ
1038 1597 1184 1650 ἔστιν
1204 1615 1218 1628 ·
1253 1598 1370 1669 ἠδὲ
1393 1599 1533 1652 κατὰ
1566 1599 1664 1669 τὴν
1686 1598 1871 1652 οὐσίαν

291 1685 519 1755 διαφορὰ
580 1687 820 1758 οὐδεμία.
889 1689 1164 1761 Οὐδὲτγὰρ
1214 1691 1330 1744 ἐστι
1355 1691 1577 1744 δυνατὸν
1616 1691 1871 1744 ἀκτίστου

1976 505 2049 559 sit
2079 508 2147 558 et'
2172 505 2345 574 prior,
2381 503 2681 558 secundum
2731 501 2968 569 aliquam
3015 503 3278 570 temporis
3316 501 3563 557 duratio-

1975 611 2134 663 nem,
2164 596 2268 650 hoc
2305 594 2471 650 etiam
2509 593 2565 646 in
2607 593 2848 646 increata
2894 591 2985 644 illa
3024 600 3076 645 et
3115 600 3318 646 :cterna
3361 601 3560 648 natura

1975 689 2158 744 inesse
2189 684 2498 742 existimet?
2537 685 2588 738 in
2624 692 2730 753 qua
2767 682 2932 737 Pater
2963 683 3216 754 principii
3251 700 3472 754 expers,
3505 693 3561 738 et

1974 777 2270 849 ingenitus,
2293 783 2347 832 et
2380 789 2594 846 semper
2623 773 2780 829 Pater
2803 773 3128 843 concipitur.
3151 790 3217 828 ex
3243 777 3360 846 ipso
3381 785 3560 830 autem

1976 869 2294 940 unigenitus
2327 866 2522 930 Filius,
2555 865 2676 921 sine
2710 865 2821 920 ulla
2856 865 3256 935 interruptione
3292 875 3345 921 et
3383 866 3564 919 divul-

1975 962 2154 1024 sione,
2195 974 2304 1014 una
2324 972 2448 1013 cum
2481 955 2648 1012 Patre
2675 955 3020 1025 intelligitur,
3051 971 3175 1010 cum
3204 958 3321 1026 ipso
3353 973 3482 1010 vero
3508 968 3564 1011 et

1977 1067 2071 1122 per
2097 1050 2298 1121 ipsum,
2329 1058 2625 1119 antequam
2649 1049 2838 1103 nescio
2859 1047 3002 1117 quod
3029 1047 3212 1105 inane.
3230 1056 3283 1101 et
3301 1047 3560 1124 quiddam

1975 1159 2082 1198 non
2101 1142 2694 1210 subsistens,tanquam
2717 1140 2956 1194 medimn
2987 1139 3359 1201 interveniret,
3379 1141 3560 1192 statim

1973 1235 2137 1290 etiam
2161 1242 2214 1288 et
2235 1231 2572 1300 coniunctim
2598 1230 2835 1300 Spiritus
2859 1238 3083 1285 sanctus
3100 1231 3430 1300 concipitur,
3447 1246 3556 1284 non

1975 1325 2246 1395 posteriOr
2277 1322 2415 1378 Filio
2431 1322 2730 1379 secundum
2760 1337 2915 1377 suam
2942 1322 3377 1384 subsi‘stentiam,
3401 1323 3561 1390 quasi
3621 1363 3632 1372 .

1974 1415 2150 1487 possit
2190 1412 2485 1484 aliquando
2520 1413 2833 1485 unigenitus
2859 1410 3034 1468 Filius
3079 1412 3305 1482 intelligi
3354 1413 3561 1482 absque

1976 1506 2182 1576 Spiritu
2237 1513 2453 1568 sancto,
2497 1503 2593 1574 qui
2639 1513 2694 1558 et
2734 1503 2851 1574 ipse
2892 1516 2958 1556 ex
3013 1503 3393 1558 universorum
3451 1503 3562 1556 Deo

1973 1597 2058 1652 sui
2095 1595 2762 1667 subsistentia-originem
2801 1595 2989 1659 habet,
3021 1608 3051 1647 a
3087 1609 3196 1665 quo
3224 1596 3389 1648 etiam
3437 1594 3558 1648 uui-

1935 1700 1942 1704 ‘
1971 1687 2215 1759 genitum
2259 1685 2392 1742 illud
2442 1686 2629 1740 lumen
2659 1695 2742 1742 est
2780 1685 2848 1741 de
2879 1701 3030 1742 vero-
3060 1686 3267 1739 lumine
3314 1685 3560 1754 resplen-

293 1779 430 1848 πρὸς
467 1778 722 1833 ἄκτιστον
766 1780 1029 1852 διαφορὰν
1077 1782 1361 1852 ἐννοῆσαι·
1410 1784 1662 1838 ἄκτιστον
1713 1783 1771 1837 δὲ’
1819 1784 1867 1838 τί

1981 1781 2152 1836 dens:
2186 1793 2364 1848 neque
2390 1777 2714 1833 diversitate
2736 1776 3066 1843 durationis,
3102 1792 3276 1846 neque
3305 1785 3496 1829 natura
3528 1791 3557 1827 a

291 1869 518 1940 Πνεῦμα
544 1870 829 1940 τδᾶγιον,
872 1872 1053 1937 καθὼς
1094 1875 1153 1928 ἐν
1189 1875 1318 1938 τοῖς·
1341 1873 1700 1945 προλαϐοῦσιν
1736 1874 1874 1928 ἀπο-

286 1959 552 2013 δέδεικται
575 1961 767 2030 λόγοις.

1979 1869 2140 1924 Patre
2167 1868 2253 1924 vel
2289 1866 2585 1939 Unigenito
2622 1878 2928 1938 separatur.
2979 1867 3291 1923 Durationis
3325 1883 3559 1935 namque

1972 1962 2323 2032 intercapedo
2347 1976 2458 2016 non
2482 1968 2567 2016 est
2589 1960 2644 2016 in
2668 1960 3001 2030 sempiterna
3027 1961 3117 2013 illa
3139 1966 3356 2022 natura,
3384 1973 3558 2027 neque

287 2054 397 2106 ulla
432 2056 958 2111 naturae'diversitas
997 2075 1010 2109 :
1046 2071 1221 2127 neque
1246 2058 1391 2113 enim
1434 2058 1549 2113 ﬁeri
1583 2065 1781 2128 potest,
1811 2065 1872 2111 ut
1909 2064 2210 2110 mercatum
2250 2053 2318 2109 ab
2367 2054 2630 2118 increato,
2683 2053 2860 2122 quoad
2943 2062 3215 2117 naturam,
3279 2052 3556 2105 diversmn

287 2146 378 2201 sit.
416 2145 510 2200 Est
543 2158 725 2200 autem
753 2147 991 2217 Spiritus
1019 2159 1244 2205 sanctus
1267 2152 1566 2214 increatus,
1596 2149 2053 2220 quemadmodum
2090 2143 2362 2215 superiori
2387 2144 2756 2214 disputatione
2777 2144 3206 2198 den‘ionstratum
3238 2151 3342 2199 est.

358 2239 574 2292 Τούτων
597 2239 766 2303 οὕτως
796 2240 937 2310 ἔχειν
972 2241 1395 2312 ὑπειλημμένων
1427 2243 1735 2313 παρὰπᾶσι
1766 2243 1877 2306 τοῖς

285 2333 741 2403 καταδεχομένοις
782 2336 871 2387 τὸν
912 2335 1217 2406 ἰδιωτισμὸν
1243 2335 1336 2388 τοῦ
1374 2336 1738 2408 ἁπλουστέρου
1777 2353 1877 2407 κη-

290 2423 589 2492 ρύγματος,
616 2424 734 2476 τίνα
758 2427 946 2496 καιρὸν
969 2426 1088 2496 ἔχει
1108 2428 1205 2497 τὴν
1228 2427 1321 2480 τοῦ
1344 2425 1473 2480 Υἱοῦ
1499 2427 1634 2496 πρὸς
1661 2428 1750 2480 τὸν
1773 2427 1876 2479 Πα-

283 2514 419 2584 τέρα
444 2515 737 2582 συνάφειαν
758 2515 846 2568 διὰ
878 2518 974 2588 τῆς
1005 2517 1234 2581 κτίσεως
1266 2517 1517 2575 ἀναλύειν
1545 2519 1836 2588 πειρᾶσθαι
1855 2557 1870 2579 ,
1893 2538 1901 2551 ·

283 2605 360 2666 ὡς
389 2605 696 2672 ἐπάναγκες
726 2604 864 2658 εἷναί
886 2619 950 2659 ¹τι
997 2608 1091 2660 καὶ
1135 2607 1308 2680 ταύτῃ
1340 2608 1604 2664 συναῖδιον
1629 2648 1644 2672 ,
1696 2608 1728 2678 ἢ
1773 2608 1865 2661 καὶ

282 2694 373 2746 τὸν
394 2696 523 2748 Υῑδν
549 2696 1001 2768 μεταγενέστερον
1020 2699 1222 2753 οἴεσθαι
1243 2717 1257 2766 ;
1283 2699 1414 2753 Οῦτε
1438 2700 1546 2773 γὰρ
1568 2699 1866 2770 ή·γέννησις

282 2785 374 2838 τοῦ
403 2785 741 2854 Μονογενοῦς
770 2787 918 2851 ἐντὸς
965 2789 1070 2841 τῶν
1096 2789 1326 2855 αἰώνων,
1347 2790 1468 2844 οὔτε
1496 2791 1732 2862 ήκτίσις
1761 2791 1865 2862 πρὸ

283 2875 388 2929 τῶν
417 2875 653 2940 αἰώνων,
698 2877 836 2930 ὥστε
859 2878 1033 2935 οὖδενὶ
1073 2880 1256 2952 τρόπῳ
1297 2883 1560 2954 προσήκει
1589 2881 1685 2952 τὴν
1713 2882 1865 2935 ἀδιά-

289 2985 478 3021 στατον
500 2968 663 3037 φύσιν
688 2971 1286 3043 καταμερίζεσθαιοκαὶ
1313 2973 1512 3044 μεταξὺ
1533 2974 1630 3045 τῆς
1653 2975 1869 3028 πάντων

2044 2237 2181 2293 Cum
2213 2229 2381 2306 igitur
2408 2235 2521 2289 haec
2554 2234 2628 2288 ita
2669 2249 2791 2290 sesc
2827 2234 3089 2294 habeant,
3120 2247 3396 2288 consensu
3433 2247 3554 2286 om-

1974 2330 2124 2384 nium
2161 2329 2402 2393 illorum,
2429 2327 2523 2398 qui
2551 2343 2691 2382 verm
2727 2339 2776 2382 et
2812 2342 2959 2382 sana:
2992 2327 3113 2381 ﬁdei
3149 2326 3555 2395 simplicitatem

1974 2420 2408 2490 amplectuntur,
2443 2436 2550 2474 non
2581 2419 2685 2474 nisi
2719 2419 3164 2488 intempestivum
3191 2425 3433 2487 apparet,
3470 2417 3555 2470 Fi-

1971 2509 2167 2566 liicum
2199 2509 2362 2565 Patre
2394 2510 2839 2580 conjunctionem
2867 2510 3167 2566 dissolvere
3187 2510 3324 2565 velle
3359 2525 3456 2579 per
3477 2509 3552 2572 id,

1972 2603 2116 2673 quod
2139 2613 2221 2658 est
2239 2611 2524 2671 creaturae,
2556 2603 2716 2673 quasi
2747 2617 2974 2658 necesse
3002 2602 3096 2664 sit,
3119 2602 3203 2656 vel
3233 2601 3357 2656 huic
3387 2602 3553 2656 etiam

1971 2693 2177 2764 aliquid
2210 2694 2655 2758 comternum,vel
2685 2701 2834 2750 certe
2853 2692 3050 2748 Filium
3079 2691 3241 2747 Patre
3280 2693 3552 2762 posterio-

1973 2803 2083 2840 rem
2119 2786 2256 2843 l'ore.
2286 2788 2424 2842 Nam
2450 2789 2733 2858 generatio
2756 2786 2881 2841 Filii
2911 2795 3156 2857 tempore
3179 2800 3289 2840 non
3329 2784 3554 2840 conclu-

1971 2875 2142 2940 ditur,
2180 2892 2357 2947 neque
2385 2884 2637 2931 creatura
2670 2885 2914 2946 tempore
2937 2875 3214 2947 antiquior
3239 2885 3342 2930 est.
3366 2873 3553 2945 Itaque

1976 2967 2126 3022 nullo
2165 2969 2328 3024 modo
2357 2969 2616 3023 convenit
2643 2977 2898 3022 naturam
2938 2967 3230 3022 indivisam
3262 2966 3552 3035 ctinsepa-

283 3063 588 3132 Romani};
619 3062 831 3125 αἰτίας,
880 3062 1313 3138 διαστηματικήν
1359 3084 1481 3119 τινα
1528 3067 1867 3138 παρενείρειν

1975 3068 2149 3113 ratam
2191 3059 2385 3129 partiri
2417 3069 2472 3114 et
2503 3057 3027 3121 dissecare,etinter
3056 3073 3279 3112 causam
3308 3057 3550 3111 omnium

283 3154 538 3207 ὑπόνοιαν
566 3156 624 3206 ἐν
651 3153 728 3224 τῷ
759 3154 960 3221 λέγειν,
980 3155 1122 3212 ,ποτὲ
1155 3155 1228 3228 μὴ
1258 3152 1392 3211 εἶναι
1425 3158 1516 3211 τὸν
1545 3160 1676 3212 πᾶσι
1708 3158 1870 3213 δεδω-

282 3244 420 3296 κότα
447 3243 508 3296 τὸ
535 3239 696 3297 εἶναι.

354 3509 563 3566 Οὐκοῦν
603 3511 805 3583 ἀληθὴς
848 3514 890 3566 δ’
925 3515 1415 3587 προαπώεδόμένος
1458 3518 1614 3586 λόγος
1635 3559 1649 3584 ,
1681 3521 1770 3574 ὅτι.
1799 3522 1864 3590 τῇ

288 3601 387 3672 μὲν
416 3602 713 3673 ἀγεννησίᾳ.
727 3601 818 3656 τοῦ
842 3603 1052 3675 Πατρὸζ
1101 3608 1133 3676 ἡ
1159 3605 1252 3658 τοῦ
1271 3607 1604 3675 Μονογενοῦς
1631 3610 1867 3678 ἀῖδιὸτης

283 3697 554 3762 γεννητῶς
584 3699 966 3748 συνεπινοεῖται
990 3711 1004 3726 °
1036 3698 1087 3748 εῑ
1107 3697 1164 3749 δέ
1193 3714 1244 3748 τι
1270 3697 1542 3768 διάστημα
1563 3699 1764 3767 μεταξὺ
1789 3716 1868 3752 νο·-

290 3785 527 3852 μισθείη,
549 3776 592 3850 ᾧ
619 3785 655 3854 ﬁ
684 3784 936 3855 γέννησις
976 3785 1070 3838 τοῦ
1093 3784 1238 3838 Υίοῦ⁸
1252 3787 1350 3855 τῆς
1370 3787 1460 3839 τοῦ
1492 3788 1700 3857 Πατρὺς
1721 3788 1866 3858 ζωῆς

283 3875 653 3944 ὅιατέμνεται,
690 3875 862 3946 τούτῳ
905 3877 999 3929 καὶ
1040 3879 1087 3947 ἡ·
1120 3877 1262 3948 ἀρχὴ
1304 3879 1402 3949 τῆς
1452 3880 1596 3950 ζωῆς
1639 3880 1732 3933 τοῦ
1775 3881 1866 3934 ἐπὶ

286 3965 503 4018 πάντων
525 3965 1022 4038 Θεοῦὸρισοήσεται
1046 4009 1060 4034 ,
1093 3969 1232 4039 ὅπερ
1268 3967 1487 4025 ἄτοπον.
1517 3970 1627 4040 Τὴν
1663 3970 1719 4022 δὲ
1754 3971 1867 4024 κτί-

285 4073 368 4108 σιν
400 4055 601 4110 κωλύει
629 4057 779 4110 οὐδὲν
806 4057 932 4112 ἄλλο
963 4077 1016 4111 τι
1048 4056 1222 4113 οὖσαν·
1243 4059 1382 4113 κατὰ
1411 4061 1506 4132 τὴν
1543 4061 1674 4114 ἰδίαν
1707 4061 1865 4130 φύσιν

285 4151 435 4219 παρὰ
481 4149 573 4202 τὸν
607 4149 864 4204 κτίσαντα
912 4152 1019 4205 ἀπό
1065 4170 1209 4216 τινος
1255 4153 1558 4224 ίδιαξούσης
1609 4153 1864 4226 νοηθῆναι

284 4240 479 4311 ἀρχῆς,
531 4239 712 4303 καθὼς
741 4240 968 4312 ἔφαμεν,
1013 4245 1131 4296 κατ’
1165 4244 1312 4297 οὐδὲν
1357 4247 1420 4314 τῇ
1465 4246 1724 4317 ἀκηράτῳ
1771 4247 1864 4299 καὶ

285 4331 594 4400 προαιωνίῳ
623 4331 780 4400 φύσει
815 4331 1232 4403 συμϐαίνουσαν.
1265 4336 1344 4387 Τό
1379 4336 1488 4408 γὰρ
1521 4338 1588 4390 ἐκ
1619 4337 1705 4406 μὴ
1768 4337 1864 4390 ὅν-

286 4438 420 4484 των,
444 4423 501 4491 ἦ,
534 4420 608 4484 ὥς
635 4439 797 4491 φησιν
821 4424 848 4476 ὁ
875 4424 1208 4490 Ἀπὸστολος,
1255 4427 1321 4479 ἐκ
1352 4426 1436 4494 μὴ
1470 4430 1862 4497 φαινομένων,

283 4509 530 4580 οὐρανὸν,
556 4510 743 4580 γῆν,
776 4513 808 4584 ἢ
844 4513 970 4567 ἄλλο
1000 4533 1050 4567 τι
1076 4515 1184 4576 τῶν
1219 4517 1276 4567 ἐν
1315 4519 1380 4586 τῇ
1427 4517 1596 4570 κτίσει
1633 4519 1864 4590 θεωρου-

291 4602 463 4670 μένων
492 4605 815 4675 γεγενῆσθαι
852 4606 1062 4674 λέγειν,
1105 4607 1356 4678 οὐδεμίαν
1400 4609 1478 4680 τῷ
1507 4610 1712 4681 Ποιητῇ
1757 4611 1862 4663 τῶν

285 4693 418 4746 ὅλων
455 4695 669 4760 ἀδοξίαν
712 4699 1124 4768 προστρίϐεται·
1180 4701 1300 4753 ἐπεὶ
1334 4701 1426 4756 κα).
1468 4702 1862 4774 μεμαθήκαμεν

287 4785 433 4854 παρὰ
457 4786 558 4855 τῆς
598 4787 744 4850 θείας
765 4789 1006 4860 Γραφῆς,
1048 4793 1183 4862 μήτε
1220 4792 1278 4856 ἐξ
1307 4794 1475 4847 ἀϊδίου
1501 4795 1670 4848 ταῦτα
1698 4790 1856 4860 εἶναι,

290 4877 423 4947 μήτε
448 4878 619 4931 εἰσαεὶ
639 4879 932 4950 διαμένειν.
958 4884 1019 4935 Εἰ
1042 4885 1100 4937 δέ
1126 4903 1176 4937 τι
1205 4886 1314 4938 τῶν
1338 4888 1394 4939 ὲν
1417 4889 1482 4957 τῇ
1513 4887 1643 4959 ἁγία
1668 4888 1855 4959 Τριάδι

287 4971 727 5039 πεπιστευμένων
753 4973 826 5043 μὴ
853 4974 936 5027 ἀεὶ
962 4978 1320 5048 συνυπάρχειν
1347 4979 1424 5048 τῷ
1449 4980 1620 5049 Ha.sz
1649 4997 1860 5033 πιστευ-

287 5059 420 5131 θείη,
451 5062 586 5116 ἀλλά
611 5081 695 5128 τις
733 5065 872 5118 κατὰ
899 5067 988 5120 τὸν
1023 5068 1122 5138 τῆς
1168 5069 1430 5141 αἱρέσεως
1466 5071 1621 5139 λόγον
1651 5057 1859 5143 ἐπινοητ

285 5149 400 5222 θείη
424 5151 629 5206 διάνοια
661 5155 940 5225 γυμνοῦσά
966 5175 1093 5211 ποτε
1128 5159 1216 5211 τὸν
1251 5159 1342 5212 ἐπὶ
1373 5161 1588 5214 πάντων
1610 5162 1748 5215 Θεὸν.
1763 5164 1859 5232 τῆς

285 5241 374 5300 τοῦ
414 5244 565 5308 Υίοῦ,
590 5246 683 5298 καὶ
713 5246 806 5299 τοῦ
842 5249 992 5317 ἁγίου
1032 5250 1343 5320 Πνεῦματος
1375 5252 1550 5324 δόξης,
1579 5253 1727 5307 οὐδὲν
1756 5254 1864 5306 ’ἐτεο

292 5350 395 5402 ρον,
425 5335 458 5405 ἢ
493 5337 692 5400 παντὸς
763 5339 964 5406 ἀγαθοῦ
1015 5341 1107 5393 καὶ
1146 5341 1289 5395 θείου
1333 5344 1651 5414 πράγματός
1674 5361 1732 5397 τε
1773 5346 1865 5398 καὶ

288 5427 570 5496 νοήματος,
605 5429 744 5482 κατὰ
773 5430 861 5483 τὸν
913 5433 1010 5503 τῆς
1058 5424 1318 5501 αἱρέσεως
1347 5433 1520 5504 λόγον,
1562 5439 1589 5490 ὁ
1622 5436 1752 5500 Θεὸς
1784 5454 1864 5489 κε-

289 5520 616 5589 χωρισμένος
659 5522 1113 5595 ἐπιδειχθήσεται.
1145 5525 1206 5578 Εἰ
1237 5525 1292 5579 δὲ
1333 5526 1418 5580 ἀεὶ
1455 5527 1658 5595 ἔνδοξος
1687 5530 1713 5582 ὁ
1747 5531 1861 5584 Πα-

388 5699 426 5728 ”
467 5697 632 5755 Hebr.
669 5718 739 5761 XI,
779 5702 827 5754 ί.

1898 4397 1942 4452 D

1973 3167 2156 3207 rerum
2183 3149 2540 3217 eﬂ'ectricem,
2571 3149 3038 3221 intercapedinem
3060 3148 3350 3218 quanulam
3387 3147 3555 3201 dura-

1971 3241 2134 3298 tionis
2169 3242 2504 3314 cogitatione
2537 3240 2873 3310 interjicere,
2907 3239 3210 3294 tit-scilicet
3237 3236 3554 3296 al‘lirmetur

1970 3335 2408 3406 aliquando-non
2448 3334 2621 3392 fuisse
2654 3332 2842 3400 illum,
2863 3333 2959 3404 qui
3003 3331 3260 3388 omnibus
3295 3328 3395 3384 fuit
3421 3345 3553 3385 auc—

1969 3433 2074 3492 tor,
2107 3437 2165 3480 ut
2195 3427 2330 3482 sint.

2035 3517 2234 3573 Verum
2264 3532 2394 3586 ergo
2429 3524 2536 3580 est,-
2576 3516 2722 3586 quod
2765 3515 3126 3580 asscruimus,
3165 3529 3366 3584 nempe.
3405 3513 3551 3584 quod

1967 3604 2089 3663 cum
2129 3607 2304 3680 Patris
2354 3608 2785 3662 innascibilitate
2820 3605 3086 3676 unigeniti
3121 3604 3242 3658 Filii
3278 3603 3552 3657 adet-nitas

1969 3697 2305 3752 nascibiliter
2325 3696 2618 3766 conjuncta
2673 3695 3088 3759 consideretur;
3124 3693 3168 3748 si
3212 3694 3335 3764 quis
3370 3705 3553 3746 autem

1969 3796 2119 3859 putet
2149 3788 2497 3842 intervallum
2529 3786 3046 3856 intercessisse,quo
3077 3784 3354 3856 generatio
3375 3781 3498 3841 Filii
3521 3799 3551 3836 ιι

1967 3880 2141 3935 Patris
2157 3881 2262 3935 vita
2289 3887 2596 3953 separetur,
2617 3880 2662 3934 is
2687 3879 2790 3934 hoc
2810 3879 2926 3949 ipso
2943 3878 3104 3933 etiam
3133 3875 3243 3932 Deo
3271 3877 3552 3931 universo-

1965 3986 2086 4025 rum
2117 3972 2448 4042 principium
2472 3971 2597 4025 vita:
2615 3979 2668 4025 et
2687 3969 3061 4026 subsistentite
3091 3968 3376 4033 attribuat,
3405 3967 3550 4036 quod

1970 4064 2432 4120 absurdissimum
2461 4070 2567 4118 est.
2598 4062 2745 4117 Nihil
2783 4076 2915 4116 vero
2945 4059 3194 4130 prohibet
3217 4065 3547 4120 creaturam,

1966 4166 2155 4230 utpote
2187 4172 2216 4210 a
2254 4173 2356 4213 suo
2419 4155 2684 4212 creatore
2717 4155 3016 4218 diversam,
3053 4149 3392 4206 considerari
3427 4156 3552 4203 tan.-

1965 4264 2127 4320 quam
2172 4262 2224 4301 ιι..
2256 4247 2480 4317 preprio
2529 4245 2767 4318 quodam
2816 4243 2977 4297 initio
3026 4239 3436 4310 procedentem,
3493 4248 3552 4292 ιιι

1970 4338 2245 4401 diximus,
2292 4336 2442 4406 quod
2485 4336 2538 4389 in
2594 4336 2743 4389 illam
2781 4331 3147 4386 immortalem
3188 4339 3244 4385 et
3289 4338 3552 4384 aeternam

1972 4441 2228 4486 naturam
2262 4427 2411 4482 nullo
2440 4435 2599 4497 pacto
2633 4424 2928 4480 convenire
2954 4429 3164 4491 potest;
3187 4420 3372 4476 dicere
3399 4419 3547 4475 enim

1970 4536 2034 4575 ex
2059 4517 2409 4580 acuentibus,
2448 4516 2554 4580 vel,
2586 4523 2646 4568 ut
2679 4513 2974 4584 Apostolus
3009 4512 3108 4579 ait,
3145 4527 3209 4566 ea:
3245 4528 3346 4567 non
3383 4526 3551 4579 appar

1970 4612 2202 4666 rentibus
2234 4610 2299 4676 ³¹,
2344 4609 2426 4664 vel
2462 4606 2828 4662 invisibiltbus
2859 4605 3070 4662 caelum.
3090 4604 3175 4660 vel
3220 4612 3420 4658 terram
3459 4613 3552 4657 aut

1969 4701 2174 4774 aliquid
2213 4716 2401 4756 eorum
2463 4714 2586 4770 quae
2640 4699 2695 4752 in
2748 4695 3139 4753 creaturarum.
3171 4695 3382 4750 ordine.
3426 4711 3552 4750 cen-

1968 4803 2182 4858 sentur,
2235 4793 2538 4858 exstitisse,
2586 4791 2792 4848 nullam
2846 4789 3105 4856 iniuriam
3161 4789 3548 4844 universorum

1962 4882 2242 4937 Conditori
2273 4881 2451 4944 aﬂet't,
2477 4896 2600 4935 cum
2629 4897 2694 4936 ex
2731 4879 3011 4949 Scriptura
3034 4867 3370 4947 compertum
3390 4878 3549 4933 nobis

1964 4977 2055 5038 sit,
2095 4977 2210 5030 haec
2235 4990 2410 5046 neque
2445 4975 2513 5028 ab
2541 4981 2742 5028 aeterno
2771 4972 2960 5035 fuisse,
2997 4987 3171 5041 neque
3200 4972 3252 5024 in
3283 4978 3547 5026 aeternum

1967 5067 2102 5123 fore.
2147 5071 2211 5121 At
2254 5068 2296 5122 si
2331 5053 2463 5137 quid
2505 5079 2718 5129 eorum,
2771 5060 2986 5133 quae'in
3038 5063 3309 5117 Tr-initate
3364 5063 3547 5114 inesse

1965 5159 2286 5223 creduntur,
2313 5159 2568 5217 credatur
2600 5172 2706 5211 non
2748 5172 2965 5225 semper
2997 5156 3143 5209 Patri
3175 5151 3544 5211 coexstitisse;

1960 5260 2012 5306 et
2036 5251 2080 5306 si
2114 5251 2501 5306 convenienter
2526 5247 2909 5302 hmreticorum
2936 5245 3204 5301 institutis
3226 5252 3278 5296 et
3306 5241 3542 5310 placitis,

1961 5340 2283 5395 admittatur
2328 5337 2664 5409 ejuscemodi
2712 5335 2993 5406 cogitatio,
3051 5347 3172 5401 qua:
3221 5329 3388 5381 Deum
3426 5343 3543 5380 om-

1963 5435 2112 5487 nium
2163 5433 2334 5504 gloria
2402 5430 2525 5484 Filii
2571 5438 2627 5485 et
2676 5429 2916 5499 Spiritus
2959 5424 3134 5480 sancti
3192 5421 3432 5476 denudet
3487 5431 3542 5475 et

1961 5526 2177 5600 spoliet,
2208 5534 2336 5581 tunc
2384 5524 2514 5579 nihil
2570 5523 2718 5579 aliud
2755 5518 3001 5588 sequitur
3039 5530 3116 5612 ex.
3159 5511 3540 5569 haereticorum
