  <div class='ocr_page' id='page_1' title='image "/cluster/home/n/w/nwhite01/storage/ocr_20150623/45/mdp.39015011921478/195.png"; bbox 0 0 4064 6146; ppageno 0'>
   <div class='ocr_carea' id='block_1_1' title="bbox 515 305 617 362">
    <p class='ocr_par' dir='ltr' id='par_1_1' title="bbox 515 305 617 362">
     <span class='ocr_line' id='line_1_1' title="bbox 515 305 617 362; baseline 0.01 -1"><span class='ocrx_word' id='word_1_1' title='bbox 515 305 617 362; x_wconf 67' lang='grc'><strong>371</strong></span> 
     </span>
    </p>
   </div>
   <div class='ocr_carea' id='block_1_2' title="bbox 1743 312 2495 371">
    <p class='ocr_par' dir='ltr' id='par_1_2' title="bbox 1743 312 2495 371">
     <span class='ocr_line' id='line_1_2' title="bbox 1743 312 2495 371; baseline 0 -5"><span class='ocrx_word' id='word_1_2' title='bbox 1743 312 1799 367; x_wconf 87' lang='lat' dir='ltr'><strong>S.</strong></span> <span class='ocrx_word' id='word_1_3' title='bbox 1837 313 2163 369; x_wconf 78' lang='lat' dir='ltr'><strong>GREGORH</strong></span> <span class='ocrx_word' id='word_1_4' title='bbox 2200 313 2495 371; x_wconf 74' lang='lat' dir='ltr'><strong>NYSSENI</strong></span> 
     </span>
    </p>
   </div>
   <div class='ocr_carea' id='block_1_3' title="bbox 3649 307 3760 364">
    <p class='ocr_par' dir='ltr' id='par_1_3' title="bbox 3649 307 3760 364">
     <span class='ocr_line' id='line_1_3' title="bbox 3649 307 3760 364; baseline -0.027 -1"><span class='ocrx_word' id='word_1_5' title='bbox 3649 307 3760 364; x_wconf 69' lang='lat'><strong>57?.</strong></span> 
     </span>
    </p>
   </div>
   <div class='ocr_carea' id='block_1_4' title="bbox 516 418 2081 498">
    <p class='ocr_par' dir='ltr' id='par_1_4' title="bbox 516 418 2081 490">
     <span class='ocr_line' id='line_1_4' title="bbox 516 418 2081 490; baseline 0.004 -17"><span class='ocrx_word' id='word_1_6' title='bbox 516 421 747 476; x_wconf 86' lang='lat' dir='ltr'><strong>istorum</strong></span> <span class='ocrx_word' id='word_1_7' title='bbox 778 418 1054 488; x_wconf 93' lang='lat' dir='ltr'><strong>opinione,</strong></span> <span class='ocrx_word' id='word_1_8' title='bbox 1089 432 1254 488; x_wconf 87' lang='lat' dir='ltr'><strong>quam</strong></span> <span class='ocrx_word' id='word_1_9' title='bbox 1283 420 1429 490; x_wconf 89' lang='lat' dir='ltr'><strong>quod</strong></span> <span class='ocrx_word' id='word_1_10' title='bbox 1467 420 1609 476; x_wconf 88' lang='lat' dir='ltr'><strong>Deus</strong></span> <span class='ocrx_word' id='word_1_11' title='bbox 1651 424 1801 477; x_wconf 91' lang='lat' dir='ltr'><strong>omni</strong></span> <span class='ocrx_word' id='word_1_12' title='bbox 1841 423 2081 481; x_wconf 83' lang='lat' dir='ltr'><strong>bonitate</strong></span> 
     </span>
    </p>
   </div>
   <div class='ocr_carea' id='block_1_5' title="bbox 2183 418 3759 498">
    <p class='ocr_par' dir='ltr' id='par_1_5' title="bbox 2183 422 3759 498">
     <span class='ocr_line' id='line_1_5' title="bbox 2183 422 3759 498; baseline -0.004 -17"><span class='ocrx_word' id='word_1_13' title='bbox 2183 430 2306 498; x_wconf 79' lang='grc' dir='ltr'>τὴρ,</span> <span class='ocrx_word' id='word_1_14' title='bbox 2334 432 2362 481; x_wconf 78' lang='grc' dir='ltr'>ὁ</span> <span class='ocrx_word' id='word_1_15' title='bbox 2387 427 2644 498; x_wconf 77' lang='grc' dir='ltr'><strong>ὑπάρχων</strong></span> <span class='ocrx_word' id='word_1_16' title='bbox 2670 426 2776 494; x_wconf 76' lang='grc' dir='ltr'>πρὸ</span> <span class='ocrx_word' id='word_1_17' title='bbox 2802 427 2908 477; x_wconf 83' lang='grc' dir='ltr'><strong>τῶν</strong></span> <span class='ocrx_word' id='word_1_18' title='bbox 2935 424 3144 477; x_wconf 79' lang='grc' dir='ltr'>αἰώνων</span> <span class='ocrx_word' id='word_1_19' title='bbox 3162 465 3177 487; x_wconf 89' lang='grc'><strong>,</strong></span> <span class='ocrx_word' id='word_1_20' title='bbox 3200 422 3325 486; x_wconf 75' lang='grc' dir='ltr'>δόξα</span> <span class='ocrx_word' id='word_1_21' title='bbox 3347 423 3403 476; x_wconf 81' lang='grc' dir='ltr'>δὲ</span> <span class='ocrx_word' id='word_1_22' title='bbox 3425 422 3517 475; x_wconf 80' lang='grc' dir='ltr'>τοῦ</span> <span class='ocrx_word' id='word_1_23' title='bbox 3549 424 3759 496; x_wconf 79' lang='grc' dir='ltr'>Πατρδς</span> 
     </span>
    </p>
   </div>
   <div class='ocr_carea' id='block_1_6' title="bbox 514 506 2081 581">
    <p class='ocr_par' dir='ltr' id='par_1_6' title="bbox 514 506 2081 581">
     <span class='ocr_line' id='line_1_6' title="bbox 514 506 2081 581; baseline 0.003 -17"><span class='ocrx_word' id='word_1_24' title='bbox 514 517 571 564; x_wconf 88' lang='lat' dir='ltr'><strong>et</strong></span> <span class='ocrx_word' id='word_1_25' title='bbox 620 506 925 574; x_wconf 70' lang='lat' dir='ltr'><strong>divinitate,</strong></span> <span class='ocrx_word' id='word_1_26' title='bbox 970 508 1352 581; x_wconf 86' lang='lat' dir='ltr'><strong>divinitatique</strong></span> <span class='ocrx_word' id='word_1_27' title='bbox 1403 521 1745 581; x_wconf 90' lang='lat' dir='ltr'><strong>competente</strong></span> <span class='ocrx_word' id='word_1_28' title='bbox 1801 514 2081 579; x_wconf 79' lang='lat' dir='ltr'><strong>existima-</strong></span> 
     </span>
    </p>
   </div>
   <div class='ocr_carea' id='block_1_7' title="bbox 514 600 2083 677">
    <p class='ocr_par' dir='ltr' id='par_1_7' title="bbox 514 600 2083 677">
     <span class='ocr_line' id='line_1_7' title="bbox 514 600 2083 677; baseline 0.004 -24"><span class='ocrx_word' id='word_1_29' title='bbox 514 604 662 656; x_wconf 80' lang='lat' dir='ltr'><strong>tione</strong></span> <span class='ocrx_word' id='word_1_30' title='bbox 691 600 959 669; x_wconf 84' lang='lat' dir='ltr'><strong>spoliatus</strong></span> <span class='ocrx_word' id='word_1_31' title='bbox 982 602 1284 672; x_wconf 90' lang='lat' dir='ltr'><strong>apparebit.</strong></span> <span class='ocrx_word' id='word_1_32' title='bbox 1318 604 1387 659; x_wconf 85' lang='lat' dir='ltr'><strong>At</strong></span> <span class='ocrx_word' id='word_1_33' title='bbox 1426 603 1471 659; x_wconf 89' lang='lat' dir='ltr'><strong>si</strong></span> <span class='ocrx_word' id='word_1_34' title='bbox 1501 600 1914 677; x_wconf 80' lang='lat' dir='ltr'><strong>suam&#39;gloriam</strong></span> <span class='ocrx_word' id='word_1_35' title='bbox 1940 622 2083 662; x_wconf 86' lang='lat' dir='ltr'><strong>sem-</strong></span> 
     </span>
    </p>
   </div>
   <div class='ocr_carea' id='block_1_8' title="bbox 514 688 2084 767">
    <p class='ocr_par' dir='ltr' id='par_1_8' title="bbox 514 688 2084 767">
     <span class='ocr_line' id='line_1_8' title="bbox 514 688 2084 767; baseline 0.004 -23"><span class='ocrx_word' id='word_1_36' title='bbox 514 704 614 759; x_wconf 86' lang='lat' dir='ltr'><strong>per</strong></span> <span class='ocrx_word' id='word_1_37' title='bbox 659 688 823 743; x_wconf 81' lang='lat' dir='ltr'><strong>habet</strong></span> <span class='ocrx_word' id='word_1_38' title='bbox 868 688 1050 758; x_wconf 87' lang='lat' dir='ltr'><strong>Pater,</strong></span> <span class='ocrx_word' id='word_1_39' title='bbox 1093 691 1185 761; x_wconf 88' lang='lat' dir='ltr'><strong>qui</strong></span> <span class='ocrx_word' id='word_1_40' title='bbox 1227 702 1310 755; x_wconf 85' lang='lat' dir='ltr'><strong>est</strong></span> <span class='ocrx_word' id='word_1_41' title='bbox 1342 703 1468 755; x_wconf 86' lang='lat' dir='ltr'><strong>ante</strong></span> <span class='ocrx_word' id='word_1_42' title='bbox 1500 696 1717 758; x_wconf 85' lang='lat' dir='ltr'><strong>saecula,</strong></span> <span class='ocrx_word' id='word_1_43' title='bbox 1751 695 1926 767; x_wconf 81' lang='lat' dir='ltr'><strong>gloria</strong></span> <span class='ocrx_word' id='word_1_44' title='bbox 1956 712 2084 752; x_wconf 86' lang='lat' dir='ltr'><strong>vero</strong></span> 
     </span>
    </p>
   </div>
   <div class='ocr_carea' id='block_1_9' title="bbox 512 779 2083 853">
    <p class='ocr_par' dir='ltr' id='par_1_9' title="bbox 512 779 2083 853">
     <span class='ocr_line' id='line_1_9' title="bbox 512 779 2083 853; baseline 0.003 -21"><span class='ocrx_word' id='word_1_45' title='bbox 512 779 692 833; x_wconf 86' lang='lat' dir='ltr'><strong>Patris</strong></span> <span class='ocrx_word' id='word_1_46' title='bbox 724 784 809 833; x_wconf 91' lang='lat' dir='ltr'><strong>est</strong></span> <span class='ocrx_word' id='word_1_47' title='bbox 851 789 1088 835; x_wconf 66' lang='lat' dir='ltr'><strong>aeternus</strong></span> <span class='ocrx_word' id='word_1_48' title='bbox 1135 779 1329 849; x_wconf 85' lang='lat' dir='ltr'><strong>Filius,</strong></span> <span class='ocrx_word' id='word_1_49' title='bbox 1367 783 1620 839; x_wconf 86' lang='lat' dir='ltr'><strong>similiter</strong></span> <span class='ocrx_word' id='word_1_50' title='bbox 1652 793 1705 837; x_wconf 90' lang='lat' dir='ltr'><strong>et</strong></span> <span class='ocrx_word' id='word_1_51' title='bbox 1749 782 1867 837; x_wconf 84' lang='lat' dir='ltr'><strong>Filii</strong></span> <span class='ocrx_word' id='word_1_52' title='bbox 1913 784 2083 853; x_wconf 79' lang='lat' dir='ltr'><strong>gloria</strong></span> 
     </span>
    </p>
   </div>
   <div class='ocr_carea' id='block_1_10' title="bbox 516 863 2087 941">
    <p class='ocr_par' dir='ltr' id='par_1_10' title="bbox 516 863 2087 941">
     <span class='ocr_line' id='line_1_10' title="bbox 516 863 2087 941; baseline 0.006 -24"><span class='ocrx_word' id='word_1_53' title='bbox 516 863 755 934; x_wconf 80' lang='lat' dir='ltr'><strong>Spiritus</strong></span> <span class='ocrx_word' id='word_1_54' title='bbox 793 877 1039 937; x_wconf 90' lang='lat' dir='ltr'><strong>sanctus,</strong></span> <span class='ocrx_word' id='word_1_55' title='bbox 1071 869 1164 941; x_wconf 89' lang='lat' dir='ltr'><strong>qui</strong></span> <span class='ocrx_word' id='word_1_56' title='bbox 1193 885 1302 933; x_wconf 90' lang='lat' dir='ltr'><strong>una</strong></span> <span class='ocrx_word' id='word_1_57' title='bbox 1328 886 1455 927; x_wconf 92' lang='lat' dir='ltr'><strong>cum</strong></span> <span class='ocrx_word' id='word_1_58' title='bbox 1486 871 1627 927; x_wconf 87' lang='lat' dir='ltr'><strong>Filio</strong></span> <span class='ocrx_word' id='word_1_59' title='bbox 1665 882 1719 935; x_wconf 87' lang='lat' dir='ltr'><strong>et</strong></span> <span class='ocrx_word' id='word_1_60' title='bbox 1759 872 1918 937; x_wconf 85' lang='lat' dir='ltr'><strong>Patre</strong></span> <span class='ocrx_word' id='word_1_61' title='bbox 1950 889 2087 931; x_wconf 75' lang='lat' dir='ltr'><strong>sem~</strong></span> 
     </span>
    </p>
   </div>
   <div class='ocr_carea' id='block_1_11' title="bbox 513 960 2086 1036">
    <p class='ocr_par' dir='ltr' id='par_1_11' title="bbox 513 960 2086 1036">
     <span class='ocr_line' id='line_1_11' title="bbox 513 960 2086 1036; baseline 0.005 -26"><span class='ocrx_word' id='word_1_62' title='bbox 513 971 609 1022; x_wconf 89' lang='lat' dir='ltr'><strong>per</strong></span> <span class='ocrx_word' id='word_1_63' title='bbox 632 960 1072 1017; x_wconf 76' lang='lat' dir='ltr'><strong>consideratione</strong></span> <span class='ocrx_word' id='word_1_64' title='bbox 1114 964 1383 1029; x_wconf 89' lang='lat' dir='ltr'><strong>cernitur,</strong></span> <span class='ocrx_word' id='word_1_65' title='bbox 1426 964 1698 1021; x_wconf 89' lang='lat' dir='ltr'><strong>undeuam</strong></span> <span class='ocrx_word' id='word_1_66' title='bbox 1744 964 2086 1036; x_wconf 82' lang='lat' dir='ltr'><strong>sapientissi-</strong></span> 
     </span>
    </p>
   </div>
   <div class='ocr_carea' id='block_1_12' title="bbox 513 1050 2086 1126">
    <p class='ocr_par' dir='ltr' id='par_1_12' title="bbox 513 1050 2086 1126">
     <span class='ocr_line' id='line_1_12' title="bbox 513 1050 2086 1126; baseline 0.008 -28"><span class='ocrx_word' id='word_1_67' title='bbox 513 1060 637 1102; x_wconf 90' lang='lat' dir='ltr'><strong>mus</strong></span> <span class='ocrx_word' id='word_1_68' title='bbox 668 1050 768 1105; x_wconf 82' lang='lat' dir='ltr'><strong>iste</strong></span> <span class='ocrx_word' id='word_1_69' title='bbox 791 1094 805 1118; x_wconf 94' lang='lat'><strong>,</strong></span> <span class='ocrx_word' id='word_1_70' title='bbox 839 1059 891 1107; x_wconf 88' lang='lat' dir='ltr'><strong>et</strong></span> <span class='ocrx_word' id='word_1_71' title='bbox 922 1068 988 1107; x_wconf 81' lang='lat' dir='ltr'><strong>ex</strong></span> <span class='ocrx_word' id='word_1_72' title='bbox 1024 1053 1172 1125; x_wconf 90' lang='lat' dir='ltr'><strong>quali</strong></span> <span class='ocrx_word' id='word_1_73' title='bbox 1209 1054 1499 1126; x_wconf 85' lang='lat' dir='ltr'><strong>disciplina</strong></span> <span class='ocrx_word' id='word_1_74' title='bbox 1529 1056 1583 1111; x_wconf 90' lang='lat' dir='ltr'><strong>in</strong></span> <span class='ocrx_word' id='word_1_75' title='bbox 1631 1056 1849 1112; x_wconf 70' lang='lat' dir='ltr'><strong>aeternis</strong></span> <span class='ocrx_word' id='word_1_76' title='bbox 1879 1064 2086 1125; x_wconf 87' lang='lat' dir='ltr'><strong>tempo-</strong></span> 
     </span>
    </p>
   </div>
   <div class='ocr_carea' id='block_1_13' title="bbox 514 1138 2083 1223">
    <p class='ocr_par' dir='ltr' id='par_1_13' title="bbox 514 1138 2083 1223">
     <span class='ocr_line' id='line_1_13' title="bbox 514 1138 2083 1223; baseline 0.006 -31"><span class='ocrx_word' id='word_1_77' title='bbox 514 1138 700 1210; x_wconf 87' lang='lat' dir='ltr'><strong>risque</strong></span> <span class='ocrx_word' id='word_1_78' title='bbox 724 1145 1035 1212; x_wconf 83' lang='lat' dir='ltr'><strong>expertibus</strong></span> <span class='ocrx_word' id='word_1_79' title='bbox 1066 1146 1257 1201; x_wconf 83' lang='lat' dir='ltr'><strong>statuit</strong></span> <span class='ocrx_word' id='word_1_80' title='bbox 1281 1148 1433 1218; x_wconf 88' lang='lat' dir='ltr'><strong>prius</strong></span> <span class='ocrx_word' id='word_1_81' title='bbox 1466 1157 1520 1205; x_wconf 88' lang='lat' dir='ltr'><strong>et</strong></span> <span class='ocrx_word' id='word_1_82' title='bbox 1553 1148 1856 1223; x_wconf 83' lang='lat' dir='ltr'><strong>antiquius,</strong></span> <span class='ocrx_word' id='word_1_83' title='bbox 1894 1158 1947 1204; x_wconf 88' lang='lat' dir='ltr'><strong>et</strong></span> <span class='ocrx_word' id='word_1_84' title='bbox 1983 1149 2083 1205; x_wconf 84' lang='lat' dir='ltr'><strong>ho-</strong></span> 
     </span>
    </p>
   </div>
   <div class='ocr_carea' id='block_1_14' title="bbox 513 1234 2081 1311">
    <p class='ocr_par' dir='ltr' id='par_1_14' title="bbox 513 1234 2081 1311">
     <span class='ocr_line' id='line_1_14' title="bbox 513 1234 2081 1311; baseline 0.006 -26"><span class='ocrx_word' id='word_1_85' title='bbox 513 1234 819 1291; x_wconf 87' lang='lat' dir='ltr'><strong>norabilius</strong></span> <span class='ocrx_word' id='word_1_86' title='bbox 847 1252 941 1291; x_wconf 90' lang='lat' dir='ltr'><strong>seu</strong></span> <span class='ocrx_word' id='word_1_87' title='bbox 976 1236 1195 1311; x_wconf 80' lang='lat' dir='ltr'><strong>dignius</strong></span> <span class='ocrx_word' id='word_1_88' title='bbox 1228 1240 1282 1293; x_wconf 90' lang='lat' dir='ltr'><strong>in</strong></span> <span class='ocrx_word' id='word_1_89' title='bbox 1324 1240 1394 1295; x_wconf 89' lang='lat' dir='ltr'><strong>iis</strong></span> <span class='ocrx_word' id='word_1_90' title='bbox 1423 1254 1544 1309; x_wconf 68' lang='lat' dir='ltr'><strong>quae</strong></span> <span class='ocrx_word' id='word_1_91' title='bbox 1576 1255 1675 1295; x_wconf 91' lang='lat' dir='ltr'><strong>sua</strong></span> <span class='ocrx_word' id='word_1_92' title='bbox 1725 1253 1917 1301; x_wconf 86' lang='lat' dir='ltr'><strong>natura</strong></span> <span class='ocrx_word' id='word_1_93' title='bbox 1952 1246 2081 1296; x_wconf 90' lang='lat' dir='ltr'><strong>sunt</strong></span> 
     </span>
    </p>
   </div>
   <div class='ocr_carea' id='block_1_15' title="bbox 2188 510 3762 585">
    <p class='ocr_par' dir='ltr' id='par_1_15' title="bbox 2188 510 3762 585">
     <span class='ocr_line' id='line_1_15' title="bbox 2188 510 3762 585; baseline -0.002 -17"><span class='ocrx_word' id='word_1_94' title='bbox 2188 517 2216 568; x_wconf 83' lang='grc' dir='ltr'><strong>ὁ</strong></span> <span class='ocrx_word' id='word_1_95' title='bbox 2246 515 2565 585; x_wconf 85' lang='grc' dir='ltr'>προαιώνιος</span> <span class='ocrx_word' id='word_1_96' title='bbox 2592 512 2737 577; x_wconf 75' lang='grc' dir='ltr'>Υἱὸς,</span> <span class='ocrx_word' id='word_1_97' title='bbox 2765 512 2963 582; x_wconf 85' lang='grc' dir='ltr'>ὁμοίως</span> <span class='ocrx_word' id='word_1_98' title='bbox 3010 512 3065 564; x_wconf 73' lang='grc' dir='ltr'>δὲ</span> <span class='ocrx_word' id='word_1_99' title='bbox 3110 512 3205 565; x_wconf 73' lang='grc' dir='ltr'>καὶ</span> <span class='ocrx_word' id='word_1_100' title='bbox 3235 511 3326 563; x_wconf 80' lang='grc' dir='ltr'><strong>τοῦ</strong></span> <span class='ocrx_word' id='word_1_101' title='bbox 3371 510 3501 563; x_wconf 82' lang='grc' dir='ltr'><strong>Υἰοῦ</strong></span> <span class='ocrx_word' id='word_1_102' title='bbox 3533 511 3657 575; x_wconf 81' lang='grc' dir='ltr'>δόξα</span> <span class='ocrx_word' id='word_1_103' title='bbox 3697 513 3762 565; x_wconf 79' lang='grc' dir='ltr'>τὸ</span> 
     </span>
    </p>
   </div>
   <div class='ocr_carea' id='block_1_16' title="bbox 2184 601 3762 676">
    <p class='ocr_par' dir='ltr' id='par_1_16' title="bbox 2184 601 3762 676">
     <span class='ocr_line' id='line_1_16' title="bbox 2184 601 3762 676; baseline -0.003 -15"><span class='ocrx_word' id='word_1_104' title='bbox 2184 608 2278 661; x_wconf 81' lang='grc' dir='ltr'><strong>τοῦ</strong></span> <span class='ocrx_word' id='word_1_105' title='bbox 2312 604 2549 676; x_wconf 73' lang='grc' dir='ltr'>Χριστοῦ</span> <span class='ocrx_word' id='word_1_106' title='bbox 2572 604 2813 675; x_wconf 81' lang='grc' dir='ltr'><strong>Πνεῦμα,</strong></span> <span class='ocrx_word' id='word_1_107' title='bbox 2837 605 2896 656; x_wconf 85' lang='grc' dir='ltr'>τὸ</span> <span class='ocrx_word' id='word_1_108' title='bbox 2917 604 3003 657; x_wconf 76' lang='grc' dir='ltr'>ἀεὶ</span> <span class='ocrx_word' id='word_1_109' title='bbox 3027 601 3490 673; x_wconf 67' lang='grc' dir='ltr'>συνθεωρούμενω</span> <span class='ocrx_word' id='word_1_110' title='bbox 3518 602 3595 672; x_wconf 85' lang='grc' dir='ltr'><strong>τῷ</strong></span> <span class='ocrx_word' id='word_1_111' title='bbox 3648 604 3762 675; x_wconf 84' lang='grc' dir='ltr'><strong>Υίῷ</strong></span> 
     </span>
    </p>
   </div>
   <div class='ocr_carea' id='block_1_17' title="bbox 2187 690 3762 769">
    <p class='ocr_par' dir='ltr' id='par_1_17' title="bbox 2187 690 3762 769">
     <span class='ocr_line' id='line_1_17' title="bbox 2187 690 3762 769; baseline -0.001 -17"><span class='ocrx_word' id='word_1_112' title='bbox 2187 699 2276 752; x_wconf 77' lang='grc' dir='ltr'><strong>καὶ</strong></span> <span class='ocrx_word' id='word_1_113' title='bbox 2307 698 2384 768; x_wconf 79' lang='grc' dir='ltr'>τῷ</span> <span class='ocrx_word' id='word_1_114' title='bbox 2428 699 2621 769; x_wconf 68' lang='grc' dir='ltr'>Πατρὶ,</span> <span class='ocrx_word' id='word_1_115' title='bbox 2668 696 2829 750; x_wconf 80' lang='grc' dir='ltr'>πόθεν</span> <span class='ocrx_word' id='word_1_116' title='bbox 2867 699 2895 750; x_wconf 83' lang='grc' dir='ltr'>ὁ</span> <span class='ocrx_word' id='word_1_117' title='bbox 2942 696 3101 765; x_wconf 75' lang='grc' dir='ltr'>σοφὸς</span> <span class='ocrx_word' id='word_1_118' title='bbox 3143 690 3313 759; x_wconf 75' lang='grc' dir='ltr'>οὗτος,</span> <span class='ocrx_word' id='word_1_119' title='bbox 3347 695 3441 750; x_wconf 83' lang='grc' dir='ltr'>καὶ</span> <span class='ocrx_word' id='word_1_120' title='bbox 3487 698 3550 750; x_wconf 79' lang='grc' dir='ltr'>ὲκ</span> <span class='ocrx_word' id='word_1_121' title='bbox 3600 697 3762 760; x_wconf 87' lang='grc' dir='ltr'>ποίας</span> 
     </span>
    </p>
   </div>
   <div class='ocr_carea' id='block_1_18' title="bbox 2184 787 3764 859">
    <p class='ocr_par' dir='ltr' id='par_1_18' title="bbox 2184 787 3764 859">
     <span class='ocr_line' id='line_1_18' title="bbox 2184 787 3764 859; baseline 0.001 -19"><span class='ocrx_word' id='word_1_122' title='bbox 2184 788 2513 852; x_wconf 79' lang='grc' dir='ltr'><strong>παιδεύσεως</strong></span> <span class='ocrx_word' id='word_1_123' title='bbox 2542 789 2601 842; x_wconf 85' lang='grc' dir='ltr'><strong>τὸ</strong></span> <span class='ocrx_word' id='word_1_124' title='bbox 2635 789 3002 859; x_wconf 70' lang='grc' dir='ltr'>πρεσϐύτερον</span> <span class='ocrx_word' id='word_1_125' title='bbox 3040 791 3098 843; x_wconf 80' lang='grc' dir='ltr'><strong>ὲν</strong></span> <span class='ocrx_word' id='word_1_126' title='bbox 3132 791 3241 851; x_wconf 79' lang='grc' dir='ltr'>τοῖς</span> <span class='ocrx_word' id='word_1_127' title='bbox 3271 787 3539 859; x_wconf 81' lang='grc' dir='ltr'>ἅχρόνοις,</span> <span class='ocrx_word' id='word_1_128' title='bbox 3575 789 3667 843; x_wconf 74' lang='grc' dir='ltr'><strong>καὶ</strong></span> <span class='ocrx_word' id='word_1_129' title='bbox 3700 789 3764 841; x_wconf 77' lang='grc' dir='ltr'>τὸ</span> 
     </span>
    </p>
   </div>
   <div class='ocr_carea' id='block_1_19' title="bbox 2181 880 3761 951">
    <p class='ocr_par' dir='ltr' id='par_1_19' title="bbox 2181 880 3761 951">
     <span class='ocr_line' id='line_1_19' title="bbox 2181 880 3761 951; baseline -0.001 -18"><span class='ocrx_word' id='word_1_130' title='bbox 2181 880 2500 951; x_wconf 84' lang='grc' dir='ltr'>τιμιώτερον</span> <span class='ocrx_word' id='word_1_131' title='bbox 2534 882 2594 933; x_wconf 81' lang='grc' dir='ltr'>ὲν</span> <span class='ocrx_word' id='word_1_132' title='bbox 2627 882 2739 947; x_wconf 86' lang='grc' dir='ltr'>τοῖς</span> <span class='ocrx_word' id='word_1_133' title='bbox 2771 880 2925 943; x_wconf 69' lang='grc' dir='ltr'><strong>κατὰ⁸</strong></span> <span class='ocrx_word' id='word_1_134' title='bbox 2952 880 3112 950; x_wconf 76' lang='grc' dir='ltr'>φύσιν</span> <span class='ocrx_word' id='word_1_135' title='bbox 3143 880 3343 949; x_wconf 81' lang='grc' dir='ltr'>τιμίοις</span> <span class='ocrx_word' id='word_1_136' title='bbox 3369 880 3727 951; x_wconf 70' lang='grc' dir='ltr'>ἀποφαίνεται</span> <span class='ocrx_word' id='word_1_137' title='bbox 3746 920 3761 944; x_wconf 84' lang='grc'><strong>,</strong></span> 
     </span>
    </p>
   </div>
   <div class='ocr_carea' id='block_1_20' title="bbox 2185 968 3764 1041">
    <p class='ocr_par' dir='ltr' id='par_1_20' title="bbox 2185 968 3764 1041">
     <span class='ocr_line' id='line_1_20' title="bbox 2185 968 3764 1041; baseline -0.003 -16"><span class='ocrx_word' id='word_1_138' title='bbox 2185 968 2549 1039; x_wconf 67' lang='grc' dir='ltr'><strong>συγκριτικῶς</strong></span> <span class='ocrx_word' id='word_1_139' title='bbox 2589 969 2896 1041; x_wconf 74' lang='grc' dir='ltr'>ὑπερτιθεὶς</span> <span class='ocrx_word' id='word_1_140' title='bbox 2943 968 3034 1022; x_wconf 78' lang='grc' dir='ltr'>τοῦ</span> <span class='ocrx_word' id='word_1_141' title='bbox 3074 968 3260 1038; x_wconf 76' lang='grc' dir='ltr'>ἐτέρου</span> <span class='ocrx_word' id='word_1_142' title='bbox 3304 968 3365 1021; x_wconf 84' lang='grc' dir='ltr'><strong>τὸ</strong></span> <span class='ocrx_word' id='word_1_143' title='bbox 3408 968 3626 1038; x_wconf 73' lang='grc' dir='ltr'>ἕτερον,</span> <span class='ocrx_word' id='word_1_144' title='bbox 3667 971 3764 1022; x_wconf 80' lang='grc' dir='ltr'><strong>καὶ</strong></span> 
     </span>
    </p>
   </div>
   <div class='ocr_carea' id='block_1_21' title="bbox 2181 1058 3760 1132">
    <p class='ocr_par' dir='ltr' id='par_1_21' title="bbox 2181 1058 3760 1132">
     <span class='ocr_line' id='line_1_21' title="bbox 2181 1058 3760 1132; baseline -0.003 -18"><span class='ocrx_word' id='word_1_145' title='bbox 2181 1061 2270 1115; x_wconf 80' lang='grc' dir='ltr'>διὰ</span> <span class='ocrx_word' id='word_1_146' title='bbox 2302 1063 2400 1130; x_wconf 83' lang='grc' dir='ltr'><strong>τῆς</strong></span> <span class='ocrx_word' id='word_1_147' title='bbox 2424 1061 2517 1114; x_wconf 80' lang='grc' dir='ltr'>τοῦ</span> <span class='ocrx_word' id='word_1_148' title='bbox 2548 1062 2663 1124; x_wconf 78' lang='grc' dir='ltr'>ἑνὸς</span> <span class='ocrx_word' id='word_1_149' title='bbox 2698 1061 3076 1132; x_wconf 85' lang='grc' dir='ltr'>προτιμήσεως</span> <span class='ocrx_word' id='word_1_150' title='bbox 3127 1059 3185 1111; x_wconf 86' lang='grc' dir='ltr'><strong>τὸ</strong></span> <span class='ocrx_word' id='word_1_151' title='bbox 3219 1058 3415 1129; x_wconf 59' lang='grc' dir='ltr'>ἐφεξῆς</span> <span class='ocrx_word' id='word_1_152' title='bbox 3448 1058 3760 1127; x_wconf 75' lang='grc' dir='ltr'>ἀτιμάζωνς</span> 
     </span>
    </p>
   </div>
   <div class='ocr_carea' id='block_1_22' title="bbox 2198 1150 3765 1224">
    <p class='ocr_par' dir='ltr' id='par_1_22' title="bbox 2198 1150 3765 1224">
     <span class='ocr_line' id='line_1_22' title="bbox 2198 1150 3765 1224; baseline 0 -19"><span class='ocrx_word' id='word_1_153' title='bbox 2198 1153 2261 1205; x_wconf 85' lang='grc' dir='ltr'><strong>Ἦ</strong></span> <span class='ocrx_word' id='word_1_154' title='bbox 2311 1153 2418 1224; x_wconf 77' lang='grc' dir='ltr'>γὰρ</span> <span class='ocrx_word' id='word_1_155' title='bbox 2471 1151 2839 1221; x_wconf 80' lang='grc' dir='ltr'>ἁντιδιαστολὴ</span> <span class='ocrx_word' id='word_1_156' title='bbox 2882 1150 2975 1204; x_wconf 78' lang='grc' dir='ltr'>τοῦ</span> <span class='ocrx_word' id='word_1_157' title='bbox 3034 1153 3356 1222; x_wconf 74' lang='grc' dir='ltr'><strong>τιμιωτέρου</strong></span> <span class='ocrx_word' id='word_1_158' title='bbox 3411 1152 3765 1222; x_wconf 76' lang='grc' dir='ltr'>φανερωτέρα</span> 
     </span>
    </p>
   </div>
   <div class='ocr_carea' id='block_1_23' title="bbox 2188 1243 3025 1313">
    <p class='ocr_par' dir='ltr' id='par_1_23' title="bbox 2188 1243 3025 1313">
     <span class='ocr_line' id='line_1_23' title="bbox 2188 1243 3025 1313; baseline -0.001 -16"><span class='ocrx_word' id='word_1_159' title='bbox 2188 1243 2402 1306; x_wconf 80' lang='grc' dir='ltr'>πάντως</span> <span class='ocrx_word' id='word_1_160' title='bbox 2428 1243 2592 1307; x_wconf 66' lang='grc' dir='ltr'>ἐστὶν,</span> <span class='ocrx_word' id='word_1_161' title='bbox 2618 1246 2695 1307; x_wconf 81' lang='grc' dir='ltr'>εἰς</span> <span class='ocrx_word' id='word_1_162' title='bbox 2719 1244 2746 1295; x_wconf 84' lang='grc' dir='ltr'>ὃ</span> <span class='ocrx_word' id='word_1_163' title='bbox 2772 1261 2823 1299; x_wconf 86' lang='grc' dir='ltr'><strong>τι</strong></span> <span class='ocrx_word' id='word_1_164' title='bbox 2850 1243 3025 1313; x_wconf 72' lang='grc' dir='ltr'>φέροι.</span> 
     </span>
    </p>
   </div>
   <div class='ocr_carea' id='block_1_24' title="bbox 513 1328 3763 1404">
    <p class='ocr_par' dir='ltr' id='par_1_24' title="bbox 513 1328 3763 1404">
     <span class='ocr_line' id='line_1_24' title="bbox 513 1328 3763 1404; baseline 0.002 -24"><span class='ocrx_word' id='word_1_165' title='bbox 513 1340 667 1394; x_wconf 72' lang='lat' dir='ltr'><strong>teque</strong></span> <span class='ocrx_word' id='word_1_166' title='bbox 700 1328 1038 1383; x_wconf 80' lang='lat' dir='ltr'><strong>honorabilia</strong></span> <span class='ocrx_word' id='word_1_167' title='bbox 1068 1337 1121 1383; x_wconf 88' lang='lat' dir='ltr'><strong>et</strong></span> <span class='ocrx_word' id='word_1_168' title='bbox 1162 1330 1345 1400; x_wconf 84' lang='lat' dir='ltr'><strong>digna,</strong></span> <span class='ocrx_word' id='word_1_169' title='bbox 1378 1346 1548 1389; x_wconf 90' lang='lat' dir='ltr'><strong>unum</strong></span> <span class='ocrx_word' id='word_1_170' title='bbox 1596 1332 1751 1387; x_wconf 87' lang='lat' dir='ltr'><strong>alteri</strong></span> <span class='ocrx_word' id='word_1_171' title='bbox 1792 1348 1889 1402; x_wconf 88' lang='lat' dir='ltr'><strong>per</strong></span> <span class='ocrx_word' id='word_1_172' title='bbox 1923 1334 2382 1400; x_wconf 84' lang='lat' dir='ltr'><strong>comparationem</strong></span> <span class='ocrx_word' id='word_1_173' title='bbox 2404 1336 2719 1404; x_wconf 77' lang='lat' dir='ltr'><strong>pra:fereus,</strong></span> <span class='ocrx_word' id='word_1_174' title='bbox 2749 1333 2842 1403; x_wconf 88' lang='lat' dir='ltr'><strong>qui</strong></span> <span class='ocrx_word' id='word_1_175' title='bbox 2863 1333 2967 1387; x_wconf 91' lang='lat' dir='ltr'><strong>hoc</strong></span> <span class='ocrx_word' id='word_1_176' title='bbox 3026 1334 3147 1402; x_wconf 85' lang='lat' dir='ltr'><strong>ipso</strong></span> <span class='ocrx_word' id='word_1_177' title='bbox 3198 1332 3344 1403; x_wconf 86' lang='lat' dir='ltr'><strong>quod</strong></span> <span class='ocrx_word' id='word_1_178' title='bbox 3398 1334 3601 1402; x_wconf 86' lang='lat' dir='ltr'><strong>primas</strong></span> <span class='ocrx_word' id='word_1_179' title='bbox 3662 1334 3763 1386; x_wconf 88' lang='lat' dir='ltr'><strong>hu-</strong></span> 
     </span>
    </p>
   </div>
   <div class='ocr_carea' id='block_1_25' title="bbox 515 1418 3766 1501">
    <p class='ocr_par' dir='ltr' id='par_1_25' title="bbox 515 1418 3766 1501">
     <span class='ocr_line' id='line_1_25' title="bbox 515 1418 3766 1501; baseline 0.003 -30"><span class='ocrx_word' id='word_1_180' title='bbox 515 1419 671 1473; x_wconf 81' lang='lat' dir='ltr'><strong>nuris</strong></span> <span class='ocrx_word' id='word_1_181' title='bbox 698 1419 791 1472; x_wconf 92' lang='lat' dir='ltr'><strong>uni</strong></span> <span class='ocrx_word' id='word_1_182' title='bbox 835 1418 1033 1485; x_wconf 76' lang='lat' dir='ltr'><strong>defert,</strong></span> <span class='ocrx_word' id='word_1_183' title='bbox 1072 1421 1155 1476; x_wconf 89' lang='lat' dir='ltr'><strong>sic</strong></span> <span class='ocrx_word' id='word_1_184' title='bbox 1188 1422 1331 1491; x_wconf 90' lang='lat' dir='ltr'><strong>quod</strong></span> <span class='ocrx_word' id='word_1_185' title='bbox 1370 1422 1628 1501; x_wconf 84' lang='lat' dir='ltr'><strong>deinceps</strong></span> <span class='ocrx_word' id='word_1_186' title='bbox 1666 1433 1751 1479; x_wconf 90' lang='lat' dir='ltr'><strong>est</strong></span> <span class='ocrx_word' id='word_1_187' title='bbox 1792 1425 2085 1480; x_wconf 86' lang='lat' dir='ltr'><strong>inbonorat</strong></span> <span class='ocrx_word' id='word_1_188' title='bbox 2122 1437 2175 1481; x_wconf 89' lang='lat' dir='ltr'><strong>et</strong></span> <span class='ocrx_word' id='word_1_189' title='bbox 2220 1428 2422 1499; x_wconf 87' lang='lat' dir='ltr'><strong>injuria</strong></span> <span class='ocrx_word' id='word_1_190' title='bbox 2465 1427 2666 1486; x_wconf 80' lang='lat' dir='ltr'><strong>afficit?</strong></span> <span class='ocrx_word' id='word_1_191' title='bbox 2714 1425 2849 1479; x_wconf 60' lang='lat' dir='ltr'><strong>ﬁam</strong></span> <span class='ocrx_word' id='word_1_192' title='bbox 2905 1440 3167 1495; x_wconf 82' lang='lat' dir='ltr'><strong>quorsum</strong></span> <span class='ocrx_word' id='word_1_193' title='bbox 3247 1425 3435 1487; x_wconf 73' lang='lat' dir='ltr'><strong>tendat</strong></span> <span class='ocrx_word' id='word_1_194' title='bbox 3477 1427 3766 1485; x_wconf 77' lang='lat' dir='ltr'><strong>distinctio</strong></span> 
     </span>
    </p>
   </div>
   <div class='ocr_carea' id='block_1_26' title="bbox 514 1513 2090 1590">
    <p class='ocr_par' dir='ltr' id='par_1_26' title="bbox 514 1513 2090 1590">
     <span class='ocr_line' id='line_1_26' title="bbox 514 1513 2090 1590; baseline 0.003 -23"><span class='ocrx_word' id='word_1_195' title='bbox 514 1514 618 1567; x_wconf 81' lang='lat' dir='ltr'><strong>ista</strong></span> <span class='ocrx_word' id='word_1_196' title='bbox 651 1513 1043 1581; x_wconf 67' lang='lat' dir='ltr'><strong>praestantioris</strong></span> <span class='ocrx_word' id='word_1_197' title='bbox 1069 1523 1121 1568; x_wconf 92' lang='lat' dir='ltr'><strong>et</strong></span> <span class='ocrx_word' id='word_1_198' title='bbox 1154 1514 1603 1590; x_wconf 81' lang='lat' dir='ltr'><strong>honorabilioris,</strong></span> <span class='ocrx_word' id='word_1_199' title='bbox 1640 1517 1913 1574; x_wconf 89' lang='lat' dir='ltr'><strong>neminem</strong></span> <span class='ocrx_word' id='word_1_200' title='bbox 1939 1519 2090 1573; x_wconf 85' lang='lat' dir='ltr'><strong>latet.</strong></span> 
     </span>
    </p>
   </div>
   <div class='ocr_carea' id='block_1_27' title="bbox 582 1603 2075 1682">
    <p class='ocr_par' dir='ltr' id='par_1_27' title="bbox 582 1603 2075 1682">
     <span class='ocr_line' id='line_1_27' title="bbox 582 1603 2075 1682; baseline 0.004 -25"><span class='ocrx_word' id='word_1_201' title='bbox 582 1603 700 1667; x_wconf 80' lang='lat' dir='ltr'><strong>Jam</strong></span> <span class='ocrx_word' id='word_1_202' title='bbox 729 1620 856 1663; x_wconf 88' lang='lat' dir='ltr'><strong>vero</strong></span> <span class='ocrx_word' id='word_1_203' title='bbox 901 1607 1083 1676; x_wconf 85' lang='lat' dir='ltr'><strong>qualia</strong></span> <span class='ocrx_word' id='word_1_204' title='bbox 1128 1616 1256 1682; x_wconf 72' lang='lat' dir='ltr'><strong>sunt</strong></span> <span class='ocrx_word' id='word_1_205' title='bbox 1312 1624 1432 1680; x_wconf 64' lang='lat' dir='ltr'><strong>qua:</strong></span> <span class='ocrx_word' id='word_1_206' title='bbox 1469 1610 1555 1665; x_wconf 89' lang='lat' dir='ltr'><strong>his</strong></span> <span class='ocrx_word' id='word_1_207' title='bbox 1593 1610 1895 1682; x_wconf 85' lang='lat' dir='ltr'><strong>subjungit,</strong></span> <span class='ocrx_word' id='word_1_208' title='bbox 1950 1625 2075 1666; x_wconf 90' lang='lat' dir='ltr'><strong>cum</strong></span> 
     </span>
    </p>
   </div>
   <div class='ocr_carea' id='block_1_28' title="bbox 514 1676 2081 1773">
    <p class='ocr_par' dir='ltr' id='par_1_28' title="bbox 514 1676 2081 1773">
     <span class='ocr_line' id='line_1_28' title="bbox 514 1676 2081 1773; baseline 0.004 -26"><span class='ocrx_word' id='word_1_209' title='bbox 514 1694 767 1761; x_wconf 72' lang='lat' dir='ltr'><strong>affirmat,</strong></span> <span class='ocrx_word' id='word_1_210' title='bbox 799 1712 1009 1753; x_wconf 71' lang='lat' dir='ltr'><strong>casaem</strong></span> <span class='ocrx_word' id='word_1_211' title='bbox 1036 1676 1360 1764; x_wconf 70' lang='lat' dir='ltr'><strong>operatioues</strong></span> <span class='ocrx_word' id='word_1_212' title='bbox 1391 1700 1573 1763; x_wconf 83' lang='lat' dir='ltr'><strong>eadem</strong></span> <span class='ocrx_word' id='word_1_213' title='bbox 1596 1676 1755 1773; x_wconf 69' lang='lat' dir='ltr'><strong>opera</strong></span> <span class='ocrx_word' id='word_1_214' title='bbox 1782 1676 1997 1772; x_wconf 53' lang='lat' dir='ltr'><strong>efﬁcere,</strong></span> <span class='ocrx_word' id='word_1_215' title='bbox 2032 1710 2081 1755; x_wconf 81' lang='lat' dir='ltr'><strong>et</strong></span> 
     </span>
    </p>
   </div>
   <div class='ocr_carea' id='block_1_29' title="bbox 2256 1596 3766 1679">
    <p class='ocr_par' dir='ltr' id='par_1_29' title="bbox 2256 1596 3766 1679">
     <span class='ocr_line' id='line_1_29' title="bbox 2256 1596 3766 1679; baseline 0.005 -22"><span class='ocrx_word' id='word_1_216' title='bbox 2256 1596 2357 1659; x_wconf 75' lang='grc' dir='ltr'>υἷα</span> <span class='ocrx_word' id='word_1_217' title='bbox 2399 1601 2453 1655; x_wconf 81' lang='grc' dir='ltr'>δὲ</span> <span class='ocrx_word' id='word_1_218' title='bbox 2490 1603 2600 1665; x_wconf 88' lang='grc' dir='ltr'>τοῖς</span> <span class='ocrx_word' id='word_1_219' title='bbox 2643 1602 2953 1673; x_wconf 73' lang='grc' dir='ltr'><strong>εἰρημένοις</strong></span> <span class='ocrx_word' id='word_1_220' title='bbox 2985 1602 3214 1675; x_wconf 78' lang='grc' dir='ltr'>ἐπάγει,</span> <span class='ocrx_word' id='word_1_221' title='bbox 3245 1602 3339 1657; x_wconf 76' lang='grc' dir='ltr'><strong>καὶ</strong></span> <span class='ocrx_word' id='word_1_222' title='bbox 3368 1604 3435 1659; x_wconf 79' lang='grc' dir='ltr'>τὰ</span> <span class='ocrx_word' id='word_1_223' title='bbox 3470 1608 3766 1679; x_wconf 70' lang='grc' dir='ltr'>άκόλουθας</span> 
     </span>
    </p>
   </div>
   <div class='ocr_carea' id='block_1_30' title="bbox 2190 1692 3767 1769">
    <p class='ocr_par' dir='ltr' id='par_1_30' title="bbox 2190 1692 3767 1769">
     <span class='ocr_line' id='line_1_30' title="bbox 2190 1692 3767 1769; baseline 0.003 -19"><span class='ocrx_word' id='word_1_224' title='bbox 2190 1697 2340 1759; x_wconf 84' lang='grc' dir='ltr'>”Ατε,</span> <span class='ocrx_word' id='word_1_225' title='bbox 2372 1694 2533 1763; x_wconf 79' lang='grc' dir='ltr'>φησί,</span> <span class='ocrx_word' id='word_1_226' title='bbox 2569 1693 2688 1747; x_wconf 75' lang='grc' dir='ltr'><strong>τῶν</strong></span> <span class='ocrx_word' id='word_1_227' title='bbox 2719 1692 2916 1747; x_wconf 80' lang='grc' dir='ltr'>αὐτῶν</span> <span class='ocrx_word' id='word_1_228' title='bbox 2946 1692 3251 1765; x_wconf 75' lang='grc' dir='ltr'><strong>ἐνεργειῶν</strong></span> <span class='ocrx_word' id='word_1_229' title='bbox 3286 1695 3399 1763; x_wconf 79' lang='grc' dir='ltr'>τὴν</span> <span class='ocrx_word' id='word_1_230' title='bbox 3434 1703 3767 1769; x_wconf 80' lang='grc' dir='ltr'>ταυτότητα</span> 
     </span>
    </p>
   </div>
   <div class='ocr_carea' id='block_1_31' title="bbox 515 1783 2081 1894">
    <p class='ocr_par' dir='ltr' id='par_1_31' title="bbox 515 1787 2081 1864">
     <span class='ocr_line' id='line_1_31' title="bbox 515 1787 2081 1864; baseline 0.008 -26"><span class='ocrx_word' id='word_1_231' title='bbox 515 1787 732 1843; x_wconf 77' lang='lat' dir='ltr'><strong>mutatis</strong></span> <span class='ocrx_word' id='word_1_232' title='bbox 761 1788 1000 1857; x_wconf 76' lang='lat' dir='ltr'><strong>operibus</strong></span> <span class='ocrx_word' id='word_1_233' title='bbox 1034 1798 1264 1846; x_wconf 74' lang='lat' dir='ltr'><strong>mutatas</strong></span> <span class='ocrx_word' id='word_1_234' title='bbox 1284 1793 1441 1846; x_wconf 75' lang='lat' dir='ltr'><strong>etiam</strong></span> <span class='ocrx_word' id='word_1_235' title='bbox 1464 1794 1787 1862; x_wconf 69' lang='lat' dir='ltr'><strong>operatione:</strong></span> <span class='ocrx_word' id='word_1_236' title='bbox 1817 1795 2081 1864; x_wconf 68' lang='lat' dir='ltr'><strong>Conspici.’</strong></span> 
     </span>
    </p>
   </div>
   <div class='ocr_carea' id='block_1_32' title="bbox 2183 1783 3764 1894">
    <p class='ocr_par' dir='ltr' id='par_1_32' title="bbox 2189 1783 3764 1861">
     <span class='ocr_line' id='line_1_32' title="bbox 2189 1783 3764 1861; baseline -0.004 -22"><span class='ocrx_word' id='word_1_237' title='bbox 2189 1784 2307 1839; x_wconf 78' lang='grc' dir='ltr'>τῶν</span> <span class='ocrx_word' id='word_1_238' title='bbox 2342 1786 2528 1852; x_wconf 76' lang='grc' dir='ltr'>ἔργων</span> <span class='ocrx_word' id='word_1_239' title='bbox 2574 1783 3019 1849; x_wconf 74' lang='grc' dir='ltr'><strong>ἀποτελουσῶν,</strong></span> <span class='ocrx_word' id='word_1_240' title='bbox 3056 1785 3155 1839; x_wconf 77' lang='grc' dir='ltr'>καὶ</span> <span class='ocrx_word' id='word_1_241' title='bbox 3183 1785 3299 1840; x_wconf 85' lang='grc' dir='ltr'>τῶν</span> <span class='ocrx_word' id='word_1_242' title='bbox 3339 1793 3764 1861; x_wconf 54' lang='grc' dir='ltr'>παρηλλαγμέ-</span> 
     </span>
    </p>
   </div>
   <div class='ocr_carea' id='block_1_33' title="bbox 513 1875 2082 1956">
    <p class='ocr_par' dir='ltr' id='par_1_33' title="bbox 513 1875 2082 1956">
     <span class='ocr_line' id='line_1_33' title="bbox 513 1875 2082 1956; baseline 0.004 -25"><span class='ocrx_word' id='word_1_243' title='bbox 513 1875 827 1945; x_wconf 85' lang='lat' dir='ltr'><strong>Opportune</strong></span> <span class='ocrx_word' id='word_1_244' title='bbox 854 1876 1096 1947; x_wconf 86' lang='lat' dir='ltr'><strong>profecto</strong></span> <span class='ocrx_word' id='word_1_245' title='bbox 1124 1881 1374 1951; x_wconf 83' lang='lat' dir='ltr'><strong>egregius</strong></span> <span class='ocrx_word' id='word_1_246' title='bbox 1432 1882 1534 1945; x_wconf 86' lang='lat' dir='ltr'><strong>iste</strong></span> <span class='ocrx_word' id='word_1_247' title='bbox 1569 1882 1637 1936; x_wconf 90' lang='lat' dir='ltr'><strong>ad</strong></span> <span class='ocrx_word' id='word_1_248' title='bbox 1674 1882 2082 1956; x_wconf 67' lang='lat' dir='ltr'><strong>ineXpugnabi—</strong></span> 
     </span>
    </p>
   </div>
   <div class='ocr_carea' id='block_1_34' title="bbox 514 1968 2083 2031">
    <p class='ocr_par' dir='ltr' id='par_1_34' title="bbox 514 1968 2083 2031">
     <span class='ocr_line' id='line_1_34' title="bbox 514 1968 2083 2031; baseline 0.001 -9"><span class='ocrx_word' id='word_1_249' title='bbox 514 1969 619 2023; x_wconf 90' lang='lat' dir='ltr'><strong>lem</strong></span> <span class='ocrx_word' id='word_1_250' title='bbox 662 1968 927 2025; x_wconf 89' lang='lat' dir='ltr'><strong>orationis</strong></span> <span class='ocrx_word' id='word_1_251' title='bbox 971 1985 1085 2031; x_wconf 78' lang='lat' dir='ltr'><strong>suae</strong></span> <span class='ocrx_word' id='word_1_252' title='bbox 1126 1970 1499 2029; x_wconf 82' lang='lat' dir='ltr'><strong>defensionem</strong></span> <span class='ocrx_word' id='word_1_253' title='bbox 1527 1973 1835 2031; x_wconf 88' lang='lat' dir='ltr'><strong>seconfert.</strong></span> <span class='ocrx_word' id='word_1_254' title='bbox 1871 1972 2083 2029; x_wconf 76' lang='lat' dir='ltr'><strong>Ea&#39;dem</strong></span> 
     </span>
    </p>
   </div>
   <div class='ocr_carea' id='block_1_35' title="bbox 515 2061 2086 2134">
    <p class='ocr_par' dir='ltr' id='par_1_35' title="bbox 515 2061 2086 2134">
     <span class='ocr_line' id='line_1_35' title="bbox 515 2061 2086 2134; baseline 0.003 -21"><span class='ocrx_word' id='word_1_255' title='bbox 515 2061 863 2127; x_wconf 82' lang='lat' dir='ltr'><strong>operationes,</strong></span> <span class='ocrx_word' id='word_1_256' title='bbox 899 2061 1096 2131; x_wconf 79' lang='lat' dir='ltr'><strong>inquit,</strong></span> <span class='ocrx_word' id='word_1_257' title='bbox 1129 2063 1312 2117; x_wconf 87' lang='lat' dir='ltr'><strong>eadem</strong></span> <span class='ocrx_word' id='word_1_258' title='bbox 1342 2064 1499 2117; x_wconf 80' lang='lat' dir='ltr'><strong>etiam</strong></span> <span class='ocrx_word' id='word_1_259' title='bbox 1533 2081 1694 2133; x_wconf 85' lang='lat' dir='ltr'><strong>opera</strong></span> <span class='ocrx_word' id='word_1_260' title='bbox 1723 2065 1964 2134; x_wconf 69' lang='lat' dir='ltr'><strong>eﬁiciunt.</strong></span> <span class='ocrx_word' id='word_1_261' title='bbox 2000 2063 2086 2117; x_wconf 62' lang='grc' dir='ltr'><strong>γί-</strong></span> 
     </span>
    </p>
   </div>
   <div class='ocr_carea' id='block_1_36' title="bbox 513 2152 2083 2224">
    <p class='ocr_par' dir='ltr' id='par_1_36' title="bbox 513 2152 2083 2224">
     <span class='ocr_line' id='line_1_36' title="bbox 513 2152 2083 2224; baseline 0.004 -21"><span class='ocrx_word' id='word_1_262' title='bbox 513 2152 742 2207; x_wconf 87' lang='lat' dir='ltr'><strong>deamus</strong></span> <span class='ocrx_word' id='word_1_263' title='bbox 773 2154 939 2221; x_wconf 81' lang='lat' dir='ltr'><strong>igitur</strong></span> <span class='ocrx_word' id='word_1_264' title='bbox 987 2169 1151 2224; x_wconf 87' lang='lat' dir='ltr'><strong>quam</strong></span> <span class='ocrx_word' id='word_1_265' title='bbox 1183 2170 1370 2210; x_wconf 87' lang='lat' dir='ltr'><strong>verum</strong></span> <span class='ocrx_word' id='word_1_266' title='bbox 1414 2157 1515 2209; x_wconf 88' lang='lat' dir='ltr'><strong>hoc</strong></span> <span class='ocrx_word' id='word_1_267' title='bbox 1554 2156 1644 2222; x_wconf 86' lang='lat' dir='ltr'><strong>sit,</strong></span> <span class='ocrx_word' id='word_1_268' title='bbox 1684 2156 1863 2211; x_wconf 91' lang='lat' dir='ltr'><strong>allatis</strong></span> <span class='ocrx_word' id='word_1_269' title='bbox 1901 2170 2083 2210; x_wconf 77' lang='lat' dir='ltr'><strong>exeni-</strong></span> 
     </span>
    </p>
   </div>
   <div class='ocr_carea' id='block_1_37' title="bbox 517 2240 2083 2315">
    <p class='ocr_par' dir='ltr' id='par_1_37' title="bbox 517 2240 2083 2315">
     <span class='ocr_line' id='line_1_37' title="bbox 517 2240 2083 2315; baseline 0.003 -21"><span class='ocrx_word' id='word_1_270' title='bbox 517 2242 641 2313; x_wconf 87' lang='lat' dir='ltr'><strong>plis.</strong></span> <span class='ocrx_word' id='word_1_271' title='bbox 684 2240 801 2296; x_wconf 91' lang='lat' dir='ltr'><strong>Una</strong></span> <span class='ocrx_word' id='word_1_272' title='bbox 833 2242 977 2313; x_wconf 84' lang='lat' dir='ltr'><strong>ignis</strong></span> <span class='ocrx_word' id='word_1_273' title='bbox 1011 2244 1260 2314; x_wconf 90' lang='lat' dir='ltr'><strong>operatio</strong></span> <span class='ocrx_word' id='word_1_274' title='bbox 1298 2252 1383 2300; x_wconf 89' lang='lat' dir='ltr'><strong>est</strong></span> <span class='ocrx_word' id='word_1_275' title='bbox 1434 2246 1781 2313; x_wconf 76' lang='lat' dir='ltr'><strong>calefacere;</strong></span> <span class='ocrx_word' id='word_1_276' title='bbox 1825 2246 2083 2315; x_wconf 83' lang='lat' dir='ltr'><strong>dispicia-</strong></span> 
     </span>
    </p>
   </div>
   <div class='ocr_carea' id='block_1_38' title="bbox 516 2324 2082 2406">
    <p class='ocr_par' dir='ltr' id='par_1_38' title="bbox 516 2324 2082 2406">
     <span class='ocr_line' id='line_1_38' title="bbox 516 2324 2082 2406; baseline 0.004 -21"><span class='ocrx_word' id='word_1_277' title='bbox 516 2349 637 2389; x_wconf 90' lang='lat' dir='ltr'><strong>mus</strong></span> <span class='ocrx_word' id='word_1_278' title='bbox 661 2334 846 2404; x_wconf 91' lang='lat' dir='ltr'><strong>igitur,</strong></span> <span class='ocrx_word' id='word_1_279' title='bbox 905 2324 1122 2406; x_wconf 87' lang='lat' dir='ltr'><strong>qualem</strong></span> <span class='ocrx_word' id='word_1_280' title='bbox 1162 2337 1601 2392; x_wconf 87' lang='lat' dir='ltr'><strong>convenientiam</strong></span> <span class='ocrx_word' id='word_1_281' title='bbox 1650 2336 1886 2393; x_wconf 84' lang='lat' dir='ltr'><strong>habeant</strong></span> <span class='ocrx_word' id='word_1_282' title='bbox 1919 2336 2082 2406; x_wconf 74' lang='lat' dir='ltr'><strong>huius</strong></span> 
     </span>
    </p>
   </div>
   <div class='ocr_carea' id='block_1_39' title="bbox 515 2424 2082 2496">
    <p class='ocr_par' dir='ltr' id='par_1_39' title="bbox 515 2424 2082 2496">
     <span class='ocr_line' id='line_1_39' title="bbox 515 2424 2082 2496; baseline 0.004 -19"><span class='ocrx_word' id='word_1_283' title='bbox 515 2424 855 2492; x_wconf 87' lang='lat' dir='ltr'><strong>operationis</strong></span> <span class='ocrx_word' id='word_1_284' title='bbox 888 2439 1075 2495; x_wconf 90' lang='lat' dir='ltr'><strong>opera.</strong></span> <span class='ocrx_word' id='word_1_285' title='bbox 1115 2425 1309 2483; x_wconf 84' lang='lat' dir='ltr'><strong>Calure</strong></span> <span class='ocrx_word' id='word_1_286' title='bbox 1340 2427 1591 2496; x_wconf 85' lang='lat' dir='ltr'><strong>liquescit</strong></span> <span class='ocrx_word' id='word_1_287' title='bbox 1644 2442 1741 2495; x_wconf 72' lang='lat' dir='ltr'><strong>aes,</strong></span> <span class='ocrx_word' id='word_1_288' title='bbox 1783 2427 1957 2480; x_wconf 88' lang='lat' dir='ltr'><strong>lutum</strong></span> <span class='ocrx_word' id='word_1_289' title='bbox 1999 2428 2082 2483; x_wconf 88' lang='lat' dir='ltr'><strong>in-</strong></span> 
     </span>
    </p>
   </div>
   <div class='ocr_carea' id='block_1_40' title="bbox 514 2514 2080 2587">
    <p class='ocr_par' dir='ltr' id='par_1_40' title="bbox 514 2514 2080 2587">
     <span class='ocr_line' id='line_1_40' title="bbox 514 2514 2080 2587; baseline 0.003 -20"><span class='ocrx_word' id='word_1_290' title='bbox 514 2514 777 2580; x_wconf 86' lang='lat' dir='ltr'><strong>durescit,</strong></span> <span class='ocrx_word' id='word_1_291' title='bbox 831 2531 953 2575; x_wconf 85' lang='lat' dir='ltr'><strong>cera</strong></span> <span class='ocrx_word' id='word_1_292' title='bbox 1011 2519 1392 2585; x_wconf 83' lang='lat' dir='ltr'><strong>consumitur;</strong></span> <span class='ocrx_word' id='word_1_293' title='bbox 1433 2518 1640 2587; x_wconf 82' lang='lat' dir='ltr'><strong>reliqua</strong></span> <span class='ocrx_word' id='word_1_294' title='bbox 1693 2518 1987 2575; x_wconf 88' lang='lat' dir='ltr'><strong>animantia</strong></span> <span class='ocrx_word' id='word_1_295' title='bbox 2035 2519 2080 2574; x_wconf 87' lang='lat' dir='ltr'><strong>si</strong></span> 
     </span>
    </p>
   </div>
   <div class='ocr_carea' id='block_1_41' title="bbox 514 2605 2084 2680">
    <p class='ocr_par' dir='ltr' id='par_1_41' title="bbox 514 2605 2084 2680">
     <span class='ocr_line' id='line_1_41' title="bbox 514 2605 2084 2680; baseline 0.004 -23"><span class='ocrx_word' id='word_1_296' title='bbox 514 2605 570 2658; x_wconf 92' lang='lat' dir='ltr'><strong>in</strong></span> <span class='ocrx_word' id='word_1_297' title='bbox 599 2606 725 2677; x_wconf 88' lang='lat' dir='ltr'><strong>igne</strong></span> <span class='ocrx_word' id='word_1_298' title='bbox 750 2607 859 2662; x_wconf 89' lang='lat' dir='ltr'><strong>sint</strong></span> <span class='ocrx_word' id='word_1_299' title='bbox 893 2616 1345 2680; x_wconf 87' lang='lat' dir='ltr'><strong>corrumpuntur,</strong></span> <span class='ocrx_word' id='word_1_300' title='bbox 1385 2618 1439 2663; x_wconf 86' lang='lat' dir='ltr'><strong>at</strong></span> <span class='ocrx_word' id='word_1_301' title='bbox 1473 2611 1819 2674; x_wconf 82' lang='lat' dir='ltr'><strong>salamandra</strong></span> <span class='ocrx_word' id='word_1_302' title='bbox 1848 2612 2084 2666; x_wconf 70' lang='lat' dir='ltr'><strong>viviﬁca~</strong></span> 
     </span>
    </p>
   </div>
   <div class='ocr_carea' id='block_1_42' title="bbox 514 2697 2082 2770">
    <p class='ocr_par' dir='ltr' id='par_1_42' title="bbox 514 2697 2082 2770">
     <span class='ocr_line' id='line_1_42' title="bbox 514 2697 2082 2770; baseline 0.006 -23"><span class='ocrx_word' id='word_1_303' title='bbox 514 2703 634 2748; x_wconf 91' lang='lat' dir='ltr'><strong>tur:</strong></span> <span class='ocrx_word' id='word_1_304' title='bbox 663 2702 820 2765; x_wconf 87' lang='lat' dir='ltr'><strong>stupa</strong></span> <span class='ocrx_word' id='word_1_305' title='bbox 840 2697 1015 2761; x_wconf 85' lang='lat' dir='ltr'><strong>ardet,</strong></span> <span class='ocrx_word' id='word_1_306' title='bbox 1057 2699 1351 2763; x_wconf 81' lang='lat' dir='ltr'><strong>amiantum</strong></span> <span class='ocrx_word' id='word_1_307' title='bbox 1401 2700 1536 2770; x_wconf 90' lang='lat' dir='ltr'><strong>(seu</strong></span> <span class='ocrx_word' id='word_1_308' title='bbox 1562 2701 1855 2766; x_wconf 82' lang='lat' dir='ltr'><strong>amiantus,</strong></span> <span class='ocrx_word' id='word_1_309' title='bbox 1887 2718 2082 2757; x_wconf 87' lang='lat' dir='ltr'><strong>nomen</strong></span> 
     </span>
    </p>
   </div>
   <div class='ocr_carea' id='block_1_43' title="bbox 514 2786 2083 2861">
    <p class='ocr_par' dir='ltr' id='par_1_43' title="bbox 514 2786 2083 2861">
     <span class='ocr_line' id='line_1_43' title="bbox 514 2786 2083 2861; baseline 0.005 -23"><span class='ocrx_word' id='word_1_310' title='bbox 514 2791 780 2854; x_wconf 70' lang='lat' dir='ltr'><strong>gemmae)</strong></span> <span class='ocrx_word' id='word_1_311' title='bbox 815 2786 1051 2851; x_wconf 81' lang='lat' dir='ltr'><strong>ﬂamma,</strong></span> <span class='ocrx_word' id='word_1_312' title='bbox 1085 2789 1234 2843; x_wconf 85' lang='lat' dir='ltr'><strong>velut</strong></span> <span class='ocrx_word' id='word_1_313' title='bbox 1263 2805 1428 2859; x_wconf 83' lang='lat' dir='ltr'><strong>aqua,</strong></span> <span class='ocrx_word' id='word_1_314' title='bbox 1466 2800 1749 2861; x_wconf 82' lang='lat' dir='ltr'><strong>purgatur.</strong></span> <span class='ocrx_word' id='word_1_315' title='bbox 1794 2791 1969 2851; x_wconf 78' lang='lat' dir='ltr'><strong>Tanta</strong></span> <span class='ocrx_word' id='word_1_316' title='bbox 1998 2802 2083 2848; x_wconf 88' lang='lat' dir='ltr'><strong>est</strong></span> 
     </span>
    </p>
   </div>
   <div class='ocr_carea' id='block_1_44' title="bbox 514 2875 2082 2952">
    <p class='ocr_par' dir='ltr' id='par_1_44' title="bbox 514 2875 2082 2952">
     <span class='ocr_line' id='line_1_44' title="bbox 514 2875 2082 2952; baseline 0.005 -23"><span class='ocrx_word' id='word_1_317' title='bbox 514 2875 817 2930; x_wconf 87' lang='lat' dir='ltr'><strong>similitudo</strong></span> <span class='ocrx_word' id='word_1_318' title='bbox 852 2892 1078 2948; x_wconf 88' lang='lat' dir='ltr'><strong>operum</strong></span> <span class='ocrx_word' id='word_1_319' title='bbox 1112 2878 1357 2947; x_wconf 88' lang='lat' dir='ltr'><strong>ejusdem</strong></span> <span class='ocrx_word' id='word_1_320' title='bbox 1397 2882 1925 2952; x_wconf 65' lang='lat' dir='ltr'><strong>OperationistQuid</strong></span> <span class='ocrx_word' id='word_1_321' title='bbox 1957 2900 2082 2940; x_wconf 87' lang='lat' dir='ltr'><strong>vero</strong></span> 
     </span>
    </p>
   </div>
   <div class='ocr_carea' id='block_1_45' title="bbox 516 2967 2080 3043">
    <p class='ocr_par' dir='ltr' id='par_1_45' title="bbox 516 2967 2080 3043">
     <span class='ocr_line' id='line_1_45' title="bbox 516 2967 2080 3043; baseline 0.005 -23"><span class='ocrx_word' id='word_1_322' title='bbox 516 2967 643 3021; x_wconf 79' lang='lat' dir='ltr'><strong>sol?</strong></span> <span class='ocrx_word' id='word_1_323' title='bbox 705 2982 885 3023; x_wconf 89' lang='lat' dir='ltr'><strong>annon</strong></span> <span class='ocrx_word' id='word_1_324' title='bbox 915 2976 968 3023; x_wconf 86' lang='lat' dir='ltr'><strong>et</strong></span> <span class='ocrx_word' id='word_1_325' title='bbox 1004 2969 1117 3038; x_wconf 85' lang='lat' dir='ltr'><strong>ipse</strong></span> <span class='ocrx_word' id='word_1_326' title='bbox 1136 2972 1324 3029; x_wconf 88' lang='lat' dir='ltr'><strong>eadem</strong></span> <span class='ocrx_word' id='word_1_327' title='bbox 1355 2988 1452 3033; x_wconf 83' lang='lat' dir='ltr'><strong>sua</strong></span> <span class='ocrx_word' id='word_1_328' title='bbox 1479 2973 1528 3027; x_wconf 92' lang='lat' dir='ltr'><strong>vi</strong></span> <span class='ocrx_word' id='word_1_329' title='bbox 1558 2983 1610 3029; x_wconf 87' lang='lat' dir='ltr'><strong>et</strong></span> <span class='ocrx_word' id='word_1_330' title='bbox 1634 2975 1871 3043; x_wconf 84' lang='lat' dir='ltr'><strong>potentia</strong></span> <span class='ocrx_word' id='word_1_331' title='bbox 1899 2975 2080 3033; x_wconf 82' lang='lat' dir='ltr'><strong>omnia</strong></span> 
     </span>
    </p>
   </div>
   <div class='ocr_carea' id='block_1_46' title="bbox 514 3058 2077 3137">
    <p class='ocr_par' dir='ltr' id='par_1_46' title="bbox 514 3058 2077 3137">
     <span class='ocr_line' id='line_1_46' title="bbox 514 3058 2077 3137; baseline 0.006 -27"><span class='ocrx_word' id='word_1_332' title='bbox 514 3058 798 3127; x_wconf 60' lang='lat' dir='ltr'><strong>aequaliter</strong></span> <span class='ocrx_word' id='word_1_333' title='bbox 828 3058 1033 3123; x_wconf 86' lang='lat' dir='ltr'><strong>fovens,</strong></span> <span class='ocrx_word' id='word_1_334' title='bbox 1071 3061 1375 3131; x_wconf 83' lang='lat' dir='ltr'><strong>plantarum</strong></span> <span class='ocrx_word' id='word_1_335' title='bbox 1415 3063 1635 3134; x_wconf 85' lang='lat' dir='ltr'><strong>quidem</strong></span> <span class='ocrx_word' id='word_1_336' title='bbox 1686 3064 1849 3129; x_wconf 79' lang='lat' dir='ltr'><strong>aliam</strong></span> <span class='ocrx_word' id='word_1_337' title='bbox 1887 3075 2077 3137; x_wconf 85' lang='lat' dir='ltr'><strong>auget,</strong></span> 
     </span>
    </p>
   </div>
   <div class='ocr_carea' id='block_1_47' title="bbox 2186 1876 3765 1952">
    <p class='ocr_par' dir='ltr' id='par_1_47' title="bbox 2186 1876 3765 1952">
     <span class='ocr_line' id='line_1_47' title="bbox 2186 1876 3765 1952; baseline 0.004 -21"><span class='ocrx_word' id='word_1_338' title='bbox 2186 1895 2309 1933; x_wconf 76' lang='grc' dir='ltr'><strong>νων</strong></span> <span class='ocrx_word' id='word_1_339' title='bbox 2354 1878 2563 1947; x_wconf 73' lang='grc' dir='ltr'>ἔργων,</span> <span class='ocrx_word' id='word_1_340' title='bbox 2617 1876 3120 1945; x_wconf 70' lang='grc' dir='ltr'>παρηλλαγμένας</span> <span class='ocrx_word' id='word_1_341' title='bbox 3163 1879 3259 1935; x_wconf 78' lang='grc' dir='ltr'>καὶ</span> <span class='ocrx_word' id='word_1_342' title='bbox 3311 1880 3415 1945; x_wconf 80' lang='grc' dir='ltr'>τὰς</span> <span class='ocrx_word' id='word_1_343' title='bbox 3459 1881 3765 1952; x_wconf 73' lang='grc' dir='ltr'>ἐνεργείας</span> 
     </span>
    </p>
   </div>
   <div class='ocr_carea' id='block_1_48' title="bbox 2186 1964 3762 2045">
    <p class='ocr_par' dir='ltr' id='par_1_48' title="bbox 2186 1964 3762 2045">
     <span class='ocr_line' id='line_1_48' title="bbox 2186 1964 3762 2045; baseline 0.005 -25"><span class='ocrx_word' id='word_1_344' title='bbox 2186 1965 2658 2036; x_wconf 62' lang='grc' dir='ltr'>ἀποφαινόντων.</span> <span class='ocrx_word' id='word_1_345' title='bbox 2703 1964 2895 2029; x_wconf 79' lang='grc' dir='ltr'>Καλῶς</span> <span class='ocrx_word' id='word_1_346' title='bbox 2941 1969 2968 2018; x_wconf 90' lang='grc' dir='ltr'><em>ὀ</em></span> <span class='ocrx_word' id='word_1_347' title='bbox 3017 1968 3280 2032; x_wconf 80' lang='grc' dir='ltr'>γεννάδας</span> <span class='ocrx_word' id='word_1_348' title='bbox 3323 1965 3487 2041; x_wconf 75' lang='grc' dir='ltr'>ἦλθεν</span> <span class='ocrx_word' id='word_1_349' title='bbox 3521 1974 3614 2025; x_wconf 75' lang='grc' dir='ltr'><strong>ἐπὶ</strong></span> <span class='ocrx_word' id='word_1_350' title='bbox 3656 1975 3762 2045; x_wconf 82' lang='grc' dir='ltr'>τὴν</span> 
     </span>
    </p>
   </div>
   <div class='ocr_carea' id='block_1_49' title="bbox 2186 2055 3767 2136">
    <p class='ocr_par' dir='ltr' id='par_1_49' title="bbox 2186 2055 3767 2136">
     <span class='ocr_line' id='line_1_49' title="bbox 2186 2055 3767 2136; baseline 0.003 -24"><span class='ocrx_word' id='word_1_351' title='bbox 2186 2059 2394 2129; x_wconf 74' lang='grc' dir='ltr'>ἄμαχον</span> <span class='ocrx_word' id='word_1_352' title='bbox 2469 2057 2789 2128; x_wconf 73' lang='grc' dir='ltr'>συνηγορίαν</span> <span class='ocrx_word' id='word_1_353' title='bbox 2849 2055 2938 2113; x_wconf 77' lang='grc' dir='ltr'>τοῦ</span> <span class='ocrx_word' id='word_1_354' title='bbox 2988 2057 3167 2127; x_wconf 82' lang='grc' dir='ltr'>λόγου.</span> <span class='ocrx_word' id='word_1_355' title='bbox 3229 2063 3298 2117; x_wconf 79' lang='lat' dir='ltr'><strong>Al</strong></span> <span class='ocrx_word' id='word_1_356' title='bbox 3364 2063 3539 2119; x_wconf 73' lang='grc' dir='ltr'>αὐταί</span> <span class='ocrx_word' id='word_1_357' title='bbox 3597 2065 3767 2136; x_wconf 65' lang='grc' dir='ltr'><strong>ἐνέρς</strong></span> 
     </span>
    </p>
   </div>
   <div class='ocr_carea' id='block_1_50' title="bbox 2186 2147 3758 2219">
    <p class='ocr_par' dir='ltr' id='par_1_50' title="bbox 2186 2147 3758 2219">
     <span class='ocr_line' id='line_1_50' title="bbox 2186 2147 3758 2219; baseline 0.004 -18"><span class='ocrx_word' id='word_1_358' title='bbox 2186 2165 2333 2217; x_wconf 75' lang='grc' dir='ltr'>γειαι</span> <span class='ocrx_word' id='word_1_359' title='bbox 2397 2148 2511 2215; x_wconf 75' lang='grc' dir='ltr'><strong>τὴν</strong></span> <span class='ocrx_word' id='word_1_360' title='bbox 2584 2148 2913 2215; x_wconf 78' lang='grc' dir='ltr'>ταυτότητα</span> <span class='ocrx_word' id='word_1_361' title='bbox 2956 2147 3075 2203; x_wconf 81' lang='grc' dir='ltr'><strong>τῶν</strong></span> <span class='ocrx_word' id='word_1_362' title='bbox 3128 2148 3310 2218; x_wconf 74' lang='grc' dir='ltr'>ἔργων</span> <span class='ocrx_word' id='word_1_363' title='bbox 3346 2152 3717 2208; x_wconf 70' lang='grc' dir='ltr'><strong>ἀποτελοῦσι</strong></span> <span class='ocrx_word' id='word_1_364' title='bbox 3744 2196 3758 2219; x_wconf 92' lang='grc'><strong>,</strong></span> 
     </span>
    </p>
   </div>
   <div class='ocr_carea' id='block_1_51' title="bbox 2186 2239 3760 2315">
    <p class='ocr_par' dir='ltr' id='par_1_51' title="bbox 2186 2239 3760 2315">
     <span class='ocr_line' id='line_1_51' title="bbox 2186 2239 3760 2315; baseline 0.004 -22"><span class='ocrx_word' id='word_1_365' title='bbox 2186 2243 2336 2312; x_wconf 82' lang='grc' dir='ltr'>φησί.</span> <span class='ocrx_word' id='word_1_366' title='bbox 2399 2242 2620 2311; x_wconf 78' lang='grc' dir='ltr'>’Ὶδωμεν</span> <span class='ocrx_word' id='word_1_367' title='bbox 2664 2239 2838 2295; x_wconf 87' lang='grc' dir='ltr'>τοίνυν</span> <span class='ocrx_word' id='word_1_368' title='bbox 2892 2242 2982 2293; x_wconf 72' lang='grc' dir='ltr'><strong>ἐπὶ</strong></span> <span class='ocrx_word' id='word_1_369' title='bbox 3028 2240 3135 2294; x_wconf 81' lang='grc' dir='ltr'><strong>τῶν</strong></span> <span class='ocrx_word' id='word_1_370' title='bbox 3166 2243 3505 2315; x_wconf 79' lang='grc' dir='ltr'>πραγμάτων</span> <span class='ocrx_word' id='word_1_371' title='bbox 3548 2246 3636 2298; x_wconf 84' lang='grc' dir='ltr'><strong>τὸν</strong></span> <span class='ocrx_word' id='word_1_372' title='bbox 3670 2247 3760 2299; x_wconf 79' lang='grc' dir='ltr'><strong>λό-</strong></span> 
     </span>
    </p>
   </div>
   <div class='ocr_carea' id='block_1_52' title="bbox 2184 2330 3756 2407">
    <p class='ocr_par' dir='ltr' id='par_1_52' title="bbox 2184 2330 3756 2407">
     <span class='ocr_line' id='line_1_52' title="bbox 2184 2330 3756 2407; baseline 0.003 -22"><span class='ocrx_word' id='word_1_373' title='bbox 2184 2349 2299 2403; x_wconf 86' lang='grc' dir='ltr'>γον.</span> <span class='ocrx_word' id='word_1_374' title='bbox 2335 2332 2448 2385; x_wconf 87' lang='grc' dir='ltr'>Μία</span> <span class='ocrx_word' id='word_1_375' title='bbox 2493 2330 2587 2383; x_wconf 80' lang='grc' dir='ltr'><strong>τοῦ</strong></span> <span class='ocrx_word' id='word_1_376' title='bbox 2626 2330 2797 2401; x_wconf 84' lang='grc' dir='ltr'>πυρὸς</span> <span class='ocrx_word' id='word_1_377' title='bbox 2826 2332 2859 2401; x_wconf 79' lang='grc' dir='ltr'>ὴ</span> <span class='ocrx_word' id='word_1_378' title='bbox 2893 2330 2978 2385; x_wconf 76' lang='grc' dir='ltr'>διὰ</span> <span class='ocrx_word' id='word_1_379' title='bbox 3016 2332 3109 2384; x_wconf 79' lang='grc' dir='ltr'><strong>τοῦ</strong></span> <span class='ocrx_word' id='word_1_380' title='bbox 3148 2332 3459 2405; x_wconf 84' lang='grc' dir='ltr'>θερμαίνειν</span> <span class='ocrx_word' id='word_1_381' title='bbox 3485 2337 3756 2407; x_wconf 77' lang='grc' dir='ltr'>ἐνέργεια,</span> 
     </span>
    </p>
   </div>
   <div class='ocr_carea' id='block_1_53' title="bbox 2183 2419 3765 2493">
    <p class='ocr_par' dir='ltr' id='par_1_53' title="bbox 2183 2419 3765 2493">
     <span class='ocr_line' id='line_1_53' title="bbox 2183 2419 3765 2493; baseline 0.003 -18"><span class='ocrx_word' id='word_1_382' title='bbox 2183 2422 2320 2479; x_wconf 82' lang='grc' dir='ltr'>ἀλλὰ</span> <span class='ocrx_word' id='word_1_383' title='bbox 2361 2421 2428 2476; x_wconf 81' lang='grc' dir='ltr'>τὰ</span> <span class='ocrx_word' id='word_1_384' title='bbox 2475 2420 2611 2492; x_wconf 79' lang='grc' dir='ltr'>ἔργα</span> <span class='ocrx_word' id='word_1_385' title='bbox 2657 2420 2774 2473; x_wconf 79' lang='grc' dir='ltr'>οἵαν</span> <span class='ocrx_word' id='word_1_386' title='bbox 2834 2419 2941 2490; x_wconf 72' lang='grc' dir='ltr'>ἔχει</span> <span class='ocrx_word' id='word_1_387' title='bbox 2993 2421 3092 2493; x_wconf 76' lang='grc' dir='ltr'>τὴν</span> <span class='ocrx_word' id='word_1_388' title='bbox 3148 2424 3484 2493; x_wconf 67' lang='grc' dir='ltr'>συμφωνίαν,</span> <span class='ocrx_word' id='word_1_389' title='bbox 3542 2429 3765 2480; x_wconf 81' lang='grc' dir='ltr'>ἐπισκε-</span> 
     </span>
    </p>
   </div>
   <div class='ocr_carea' id='block_1_54' title="bbox 2182 2511 3767 2586">
    <p class='ocr_par' dir='ltr' id='par_1_54' title="bbox 2182 2511 3767 2586">
     <span class='ocr_line' id='line_1_54' title="bbox 2182 2511 3767 2586; baseline 0.003 -20"><span class='ocrx_word' id='word_1_390' title='bbox 2182 2513 2432 2585; x_wconf 73' lang='grc' dir='ltr'>ψώμεθα.</span> <span class='ocrx_word' id='word_1_391' title='bbox 2483 2514 2716 2581; x_wconf 82' lang='grc' dir='ltr'>Τήκεται</span> <span class='ocrx_word' id='word_1_392' title='bbox 2770 2513 2797 2564; x_wconf 84' lang='grc' dir='ltr'>ὁ</span> <span class='ocrx_word' id='word_1_393' title='bbox 2846 2511 3062 2581; x_wconf 74' lang='grc' dir='ltr'>χαλκός·</span> <span class='ocrx_word' id='word_1_394' title='bbox 3115 2516 3142 2566; x_wconf 89' lang='grc' dir='ltr'>ὁ</span> <span class='ocrx_word' id='word_1_395' title='bbox 3184 2514 3349 2583; x_wconf 73' lang='grc' dir='ltr'>πηλὸς</span> <span class='ocrx_word' id='word_1_396' title='bbox 3402 2516 3688 2586; x_wconf 76' lang='grc' dir='ltr'>πήγνυται·</span> <span class='ocrx_word' id='word_1_397' title='bbox 3736 2519 3767 2570; x_wconf 89' lang='grc' dir='ltr'>ὁ</span> 
     </span>
    </p>
   </div>
   <div class='ocr_carea' id='block_1_55' title="bbox 2183 2604 3768 2678">
    <p class='ocr_par' dir='ltr' id='par_1_55' title="bbox 2183 2604 3768 2678">
     <span class='ocr_line' id='line_1_55' title="bbox 2183 2604 3768 2678; baseline 0.002 -19"><span class='ocrx_word' id='word_1_398' title='bbox 2183 2606 2351 2678; x_wconf 77' lang='grc' dir='ltr'>κηρὸς</span> <span class='ocrx_word' id='word_1_399' title='bbox 2379 2605 2726 2659; x_wconf 83' lang='grc' dir='ltr'>ἀναλίσκεται</span> <span class='ocrx_word' id='word_1_400' title='bbox 2748 2620 2762 2634; x_wconf 67' lang='grc' dir='ltr'>θ</span> <span class='ocrx_word' id='word_1_401' title='bbox 2802 2605 2871 2658; x_wconf 79' lang='grc' dir='ltr'>τὰ</span> <span class='ocrx_word' id='word_1_402' title='bbox 2910 2605 3073 2659; x_wconf 75' lang='grc' dir='ltr'>λοιπὰ</span> <span class='ocrx_word' id='word_1_403' title='bbox 3119 2605 3224 2664; x_wconf 81' lang='grc' dir='ltr'><strong>τῶν</strong></span> <span class='ocrx_word' id='word_1_404' title='bbox 3267 2604 3420 2669; x_wconf 75' lang='grc' dir='ltr'>ζώων</span> <span class='ocrx_word' id='word_1_405' title='bbox 3448 2610 3494 2659; x_wconf 86' lang='grc' dir='ltr'><strong>εί</strong></span> <span class='ocrx_word' id='word_1_406' title='bbox 3525 2609 3581 2660; x_wconf 82' lang='grc' dir='ltr'>ὲν</span> <span class='ocrx_word' id='word_1_407' title='bbox 3613 2608 3768 2678; x_wconf 80' lang='grc' dir='ltr'>αὐτῷ</span> 
     </span>
    </p>
   </div>
   <div class='ocr_carea' id='block_1_56' title="bbox 2183 2694 3768 2769">
    <p class='ocr_par' dir='ltr' id='par_1_56' title="bbox 2183 2694 3768 2769">
     <span class='ocr_line' id='line_1_56' title="bbox 2183 2694 3768 2769; baseline 0.002 -21"><span class='ocrx_word' id='word_1_408' title='bbox 2183 2696 2419 2766; x_wconf 74' lang='grc' dir='ltr'>γένοιτο,</span> <span class='ocrx_word' id='word_1_409' title='bbox 2472 2694 2771 2763; x_wconf 73' lang='grc' dir='ltr'>φθείρεται,</span> <span class='ocrx_word' id='word_1_410' title='bbox 2810 2695 2841 2764; x_wconf 78' lang='grc' dir='ltr'>ἡ</span> <span class='ocrx_word' id='word_1_411' title='bbox 2884 2694 3231 2769; x_wconf 79' lang='grc' dir='ltr'>σαλαμάνδρα</span> <span class='ocrx_word' id='word_1_412' title='bbox 3273 2694 3636 2764; x_wconf 71' lang='grc' dir='ltr'>ζωογονεῖται·</span> <span class='ocrx_word' id='word_1_413' title='bbox 3702 2699 3768 2753; x_wconf 68' lang='grc' dir='ltr'>τὸ</span> 
     </span>
    </p>
   </div>
   <div class='ocr_carea' id='block_1_57' title="bbox 2185 2781 3765 2855">
    <p class='ocr_par' dir='ltr' id='par_1_57' title="bbox 2185 2781 3765 2855">
     <span class='ocr_line' id='line_1_57' title="bbox 2185 2781 3765 2855; baseline -0.001 -19"><span class='ocrx_word' id='word_1_414' title='bbox 2185 2785 2433 2845; x_wconf 83' lang='grc' dir='ltr'>στυπεῖον</span> <span class='ocrx_word' id='word_1_415' title='bbox 2478 2782 2708 2835; x_wconf 78' lang='grc' dir='ltr'>καίεται·</span> <span class='ocrx_word' id='word_1_416' title='bbox 2740 2781 2799 2833; x_wconf 75' lang='grc' dir='ltr'>τὸ</span> <span class='ocrx_word' id='word_1_417' title='bbox 2825 2781 3102 2849; x_wconf 85' lang='grc' dir='ltr'>ἀμίαντον,</span> <span class='ocrx_word' id='word_1_418' title='bbox 3150 2781 3337 2852; x_wconf 84' lang='grc' dir='ltr'>ὥσπερ</span> <span class='ocrx_word' id='word_1_419' title='bbox 3380 2784 3437 2834; x_wconf 80' lang='grc' dir='ltr'><strong>ἐν</strong></span> <span class='ocrx_word' id='word_1_420' title='bbox 3486 2783 3661 2848; x_wconf 74' lang='grc' dir='ltr'>ὕδατι,</span> <span class='ocrx_word' id='word_1_421' title='bbox 3691 2788 3765 2855; x_wconf 79' lang='grc' dir='ltr'>τῇ</span> 
     </span>
    </p>
   </div>
   <div class='ocr_carea' id='block_1_58' title="bbox 2184 2871 3767 2949">
    <p class='ocr_par' dir='ltr' id='par_1_58' title="bbox 2184 2871 3767 2949">
     <span class='ocr_line' id='line_1_58' title="bbox 2184 2871 3767 2949; baseline 0 -22"><span class='ocrx_word' id='word_1_422' title='bbox 2184 2876 2341 2945; x_wconf 78' lang='grc' dir='ltr'>φλογὶ</span> <span class='ocrx_word' id='word_1_423' title='bbox 2373 2872 2793 2933; x_wconf 77' lang='grc' dir='ltr'>καταπλύνεται.</span> <span class='ocrx_word' id='word_1_424' title='bbox 2824 2871 3071 2947; x_wconf 78' lang='grc' dir='ltr'>Τοσαύτη</span> <span class='ocrx_word' id='word_1_425' title='bbox 3103 2873 3423 2943; x_wconf 78' lang='grc' dir='ltr'>ήταυτότης</span> <span class='ocrx_word' id='word_1_426' title='bbox 3449 2873 3558 2930; x_wconf 80' lang='grc' dir='ltr'><strong>τῶν</strong></span> <span class='ocrx_word' id='word_1_427' title='bbox 3583 2873 3767 2949; x_wconf 80' lang='grc' dir='ltr'>ἔργων</span> 
     </span>
    </p>
   </div>
   <div class='ocr_carea' id='block_1_59' title="bbox 2183 2959 3769 3035">
    <p class='ocr_par' dir='ltr' id='par_1_59' title="bbox 2183 2959 3769 3035">
     <span class='ocr_line' id='line_1_59' title="bbox 2183 2959 3769 3035; baseline -0.003 -16"><span class='ocrx_word' id='word_1_428' title='bbox 2183 2967 2247 3019; x_wconf 83' lang='grc' dir='ltr'>ἐκ</span> <span class='ocrx_word' id='word_1_429' title='bbox 2273 2966 2368 3035; x_wconf 76' lang='grc' dir='ltr'><strong>τῆς</strong></span> <span class='ocrx_word' id='word_1_430' title='bbox 2405 2965 2531 3035; x_wconf 80' lang='grc' dir='ltr'>μιᾶς</span> <span class='ocrx_word' id='word_1_431' title='bbox 2561 2962 2856 3033; x_wconf 76' lang='grc' dir='ltr'>ἐνεργείας.</span> <span class='ocrx_word' id='word_1_432' title='bbox 2888 2961 2951 3014; x_wconf 87' lang='grc' dir='ltr'>Τί</span> <span class='ocrx_word' id='word_1_433' title='bbox 2981 2961 3037 3018; x_wconf 74' lang='grc' dir='ltr'><strong>δὲ</strong></span> <span class='ocrx_word' id='word_1_434' title='bbox 3066 2964 3093 3016; x_wconf 88' lang='grc' dir='ltr'><strong>ὁ</strong></span> <span class='ocrx_word' id='word_1_435' title='bbox 3128 2963 3312 3033; x_wconf 78' lang='grc' dir='ltr'>ἤλιος;</span> <span class='ocrx_word' id='word_1_436' title='bbox 3343 2959 3468 3035; x_wconf 73' lang='lat' dir='ltr'><strong>&#39;Ap’</strong></span> <span class='ocrx_word' id='word_1_437' title='bbox 3500 2964 3621 3033; x_wconf 69' lang='grc' dir='ltr'>οὐχὶ</span> <span class='ocrx_word' id='word_1_438' title='bbox 3669 2963 3769 3023; x_wconf 75' lang='grc' dir='ltr'>καὶ</span> 
     </span>
    </p>
   </div>
   <div class='ocr_carea' id='block_1_60' title="bbox 2136 3053 3769 3125">
    <p class='ocr_par' dir='ltr' id='par_1_60' title="bbox 2136 3053 3769 3125">
     <span class='ocr_line' id='line_1_60' title="bbox 2136 3053 3769 3125; baseline -0.003 -13"><span class='ocrx_word' id='word_1_439' title='bbox 2136 3062 2145 3073; x_wconf 83' lang='grc'><em>’</em></span> <span class='ocrx_word' id='word_1_440' title='bbox 2182 3060 2365 3121; x_wconf 86' lang='grc' dir='ltr'>αὐτὸς,</span> <span class='ocrx_word' id='word_1_441' title='bbox 2396 3058 2460 3109; x_wconf 85' lang='grc' dir='ltr'>ὲκ</span> <span class='ocrx_word' id='word_1_442' title='bbox 2485 3054 2582 3125; x_wconf 80' lang='grc' dir='ltr'>τῆς</span> <span class='ocrx_word' id='word_1_443' title='bbox 2611 3055 2779 3124; x_wconf 83' lang='grc' dir='ltr'>αὐτῆς</span> <span class='ocrx_word' id='word_1_444' title='bbox 2809 3053 3088 3123; x_wconf 86' lang='grc' dir='ltr'>δυνάμεως</span> <span class='ocrx_word' id='word_1_445' title='bbox 3124 3054 3325 3124; x_wconf 81' lang='grc' dir='ltr'>ὁμοίως</span> <span class='ocrx_word' id='word_1_446' title='bbox 3355 3055 3669 3109; x_wconf 81' lang='grc' dir='ltr'>ὲπιθάλπων</span> <span class='ocrx_word' id='word_1_447' title='bbox 3697 3057 3769 3113; x_wconf 76' lang='grc' dir='ltr'>τὰ</span> 
     </span>
    </p>
   </div>
   <div class='ocr_carea' id='block_1_61' title="bbox 516 3143 2081 3227">
    <p class='ocr_par' dir='ltr' id='par_1_61' title="bbox 516 3149 2078 3227">
     <span class='ocr_line' id='line_1_61' title="bbox 516 3149 2078 3227; baseline 0.004 -25"><span class='ocrx_word' id='word_1_448' title='bbox 516 3149 679 3203; x_wconf 90' lang='lat' dir='ltr'><strong>aliam</strong></span> <span class='ocrx_word' id='word_1_449' title='bbox 722 3165 849 3204; x_wconf 86' lang='lat' dir='ltr'><strong>vero</strong></span> <span class='ocrx_word' id='word_1_450' title='bbox 886 3151 1151 3216; x_wconf 88' lang='lat' dir='ltr'><strong>exsiccat,</strong></span> <span class='ocrx_word' id='word_1_451' title='bbox 1193 3161 1403 3211; x_wconf 88' lang='lat' dir='ltr'><strong>mutato</strong></span> <span class='ocrx_word' id='word_1_452' title='bbox 1442 3156 1780 3224; x_wconf 82' lang='lat' dir='ltr'><strong>operationis</strong></span> <span class='ocrx_word' id='word_1_453' title='bbox 1828 3155 1934 3210; x_wconf 78' lang='lat' dir='ltr'><strong>fine</strong></span> <span class='ocrx_word' id='word_1_454' title='bbox 1980 3172 2078 3227; x_wconf 76' lang='lat' dir='ltr'><strong>pro</strong></span> 
     </span>
    </p>
   </div>
   <div class='ocr_carea' id='block_1_62' title="bbox 2183 3143 3768 3227">
    <p class='ocr_par' dir='ltr' id='par_1_62' title="bbox 2183 3143 3768 3216">
     <span class='ocr_line' id='line_1_62' title="bbox 2183 3143 3768 3216; baseline -0.003 -11"><span class='ocrx_word' id='word_1_455' title='bbox 2183 3151 2379 3213; x_wconf 74' lang='grc' dir='ltr'>πάντα,</span> <span class='ocrx_word' id='word_1_456' title='bbox 2416 3147 2477 3199; x_wconf 82' lang='grc' dir='ltr'><strong>τὸ</strong></span> <span class='ocrx_word' id='word_1_457' title='bbox 2519 3145 2619 3215; x_wconf 82' lang='grc' dir='ltr'>μέν</span> <span class='ocrx_word' id='word_1_458' title='bbox 2650 3162 2702 3197; x_wconf 93' lang='grc' dir='ltr'>τι</span> <span class='ocrx_word' id='word_1_459' title='bbox 2734 3144 2842 3197; x_wconf 85' lang='grc' dir='ltr'>τῶν</span> <span class='ocrx_word' id='word_1_460' title='bbox 2866 3143 3047 3213; x_wconf 79' lang='grc' dir='ltr'>φυτῶν</span> <span class='ocrx_word' id='word_1_461' title='bbox 3080 3143 3306 3216; x_wconf 76' lang='grc' dir='ltr'>ηὔξησε,</span> <span class='ocrx_word' id='word_1_462' title='bbox 3336 3144 3398 3197; x_wconf 85' lang='grc' dir='ltr'>τὸ</span> <span class='ocrx_word' id='word_1_463' title='bbox 3424 3145 3481 3197; x_wconf 79' lang='grc' dir='ltr'>δὲ</span> <span class='ocrx_word' id='word_1_464' title='bbox 3520 3147 3768 3216; x_wconf 76' lang='grc' dir='ltr'>κατεμά-</span> 
     </span>
    </p>
   </div>
   <div class='ocr_carea' id='block_1_63' title="bbox 512 3241 2080 3318">
    <p class='ocr_par' dir='ltr' id='par_1_63' title="bbox 512 3241 2080 3318">
     <span class='ocr_line' id='line_1_63' title="bbox 512 3241 2080 3318; baseline 0.004 -24"><span class='ocrx_word' id='word_1_465' title='bbox 512 3241 755 3295; x_wconf 72' lang='lat' dir='ltr'><strong>materia:</strong></span> <span class='ocrx_word' id='word_1_466' title='bbox 801 3242 1094 3301; x_wconf 69' lang='lat' dir='ltr'><strong>substrata:</strong></span> <span class='ocrx_word' id='word_1_467' title='bbox 1141 3244 1459 3303; x_wconf 89' lang='lat' dir='ltr'><strong>conditione</strong></span> <span class='ocrx_word' id='word_1_468' title='bbox 1510 3255 1565 3300; x_wconf 89' lang='lat' dir='ltr'><strong>et</strong></span> <span class='ocrx_word' id='word_1_469' title='bbox 1595 3245 2080 3318; x_wconf 70' lang='lat' dir='ltr'><strong>qualitateHllam</strong></span> 
     </span>
    </p>
   </div>
   <div class='ocr_carea' id='block_1_64' title="bbox 513 3332 2082 3415">
    <p class='ocr_par' dir='ltr' id='par_1_64' title="bbox 513 3332 2082 3415">
     <span class='ocr_line' id='line_1_64' title="bbox 513 3332 2082 3415; baseline 0.004 -30"><span class='ocrx_word' id='word_1_470' title='bbox 513 3332 660 3386; x_wconf 91' lang='lat' dir='ltr'><strong>enim</strong></span> <span class='ocrx_word' id='word_1_471' title='bbox 694 3333 957 3402; x_wconf 87' lang='lat' dir='ltr'><strong>plantam,</strong></span> <span class='ocrx_word' id='word_1_472' title='bbox 992 3349 1115 3415; x_wconf 70' lang='lat' dir='ltr'><strong>qua:</strong></span> <span class='ocrx_word' id='word_1_473' title='bbox 1149 3349 1313 3406; x_wconf 87' lang='lat' dir='ltr'><strong>supra</strong></span> <span class='ocrx_word' id='word_1_474' title='bbox 1353 3345 1565 3415; x_wconf 82' lang='lat' dir='ltr'><strong>petram</strong></span> <span class='ocrx_word' id='word_1_475' title='bbox 1586 3346 1690 3401; x_wconf 90' lang='lat' dir='ltr'><strong>est,</strong></span> <span class='ocrx_word' id='word_1_476' title='bbox 1731 3336 1981 3403; x_wconf 81' lang='lat' dir='ltr'><strong>arefacit,</strong></span> <span class='ocrx_word' id='word_1_477' title='bbox 2030 3349 2082 3392; x_wconf 87' lang='lat' dir='ltr'><strong>at</strong></span> 
     </span>
    </p>
   </div>
   <div class='ocr_carea' id='block_1_65' title="bbox 511 3410 2082 3501">
    <p class='ocr_par' dir='ltr' id='par_1_65' title="bbox 511 3410 2082 3501">
     <span class='ocr_line' id='line_1_65' title="bbox 511 3410 2082 3501; baseline 0.001 -27"><span class='ocrx_word' id='word_1_478' title='bbox 511 3436 654 3485; x_wconf 89' lang='lat' dir='ltr'><strong>eam,</strong></span> <span class='ocrx_word' id='word_1_479' title='bbox 700 3436 822 3490; x_wconf 67' lang='lat' dir='ltr'><strong>qua:</strong></span> <span class='ocrx_word' id='word_1_480' title='bbox 851 3421 991 3476; x_wconf 89' lang='lat' dir='ltr'><strong>altas</strong></span> <span class='ocrx_word' id='word_1_481' title='bbox 1020 3410 1079 3474; x_wconf 83' lang='lat' dir='ltr'><strong>in</strong></span> <span class='ocrx_word' id='word_1_482' title='bbox 1110 3429 1249 3475; x_wconf 88' lang='lat' dir='ltr'><strong>terra</strong></span> <span class='ocrx_word' id='word_1_483' title='bbox 1299 3410 1409 3492; x_wconf 89' lang='lat' dir='ltr'><strong>egit</strong></span> <span class='ocrx_word' id='word_1_484' title='bbox 1442 3422 1677 3487; x_wconf 87' lang='lat' dir='ltr'><strong>radices,</strong></span> <span class='ocrx_word' id='word_1_485' title='bbox 1724 3427 1923 3501; x_wconf 81' lang='lat' dir='ltr'><strong>patulis</strong></span> <span class='ocrx_word' id='word_1_486' title='bbox 1964 3426 2082 3478; x_wconf 63' lang='grc' dir='ltr'>ιὼίη</span> 
     </span>
    </p>
   </div>
   <div class='ocr_carea' id='block_1_66' title="bbox 513 3509 2083 3583">
    <p class='ocr_par' dir='ltr' id='par_1_66' title="bbox 513 3509 2083 3583">
     <span class='ocr_line' id='line_1_66' title="bbox 513 3509 2083 3583; baseline 0.003 -18"><span class='ocrx_word' id='word_1_487' title='bbox 513 3527 620 3579; x_wconf 86' lang='lat' dir='ltr'><strong>que</strong></span> <span class='ocrx_word' id='word_1_488' title='bbox 652 3512 821 3565; x_wconf 79' lang='lat' dir='ltr'><strong>ramis</strong></span> <span class='ocrx_word' id='word_1_489' title='bbox 853 3510 1128 3567; x_wconf 73' lang='lat' dir='ltr'><strong>diﬂ’undit.</strong></span> <span class='ocrx_word' id='word_1_490' title='bbox 1160 3509 1321 3579; x_wconf 83' lang='lat' dir='ltr'><strong>Quod</strong></span> <span class='ocrx_word' id='word_1_491' title='bbox 1369 3513 1416 3579; x_wconf 82' lang='lat' dir='ltr'><strong>si</strong></span> <span class='ocrx_word' id='word_1_492' title='bbox 1451 3528 1617 3583; x_wconf 85' lang='lat' dir='ltr'><strong>opera</strong></span> <span class='ocrx_word' id='word_1_493' title='bbox 1657 3523 1865 3571; x_wconf 61' lang='lat' dir='ltr'><strong>naturae</strong></span> <span class='ocrx_word' id='word_1_494' title='bbox 1903 3529 2083 3574; x_wconf 80' lang='lat' dir='ltr'><strong>mente</strong></span> 
     </span>
    </p>
   </div>
   <div class='ocr_carea' id='block_1_67' title="bbox 521 3600 2081 3681">
    <p class='ocr_par' dir='ltr' id='par_1_67' title="bbox 521 3600 2081 3681">
     <span class='ocr_line' id='line_1_67' title="bbox 521 3600 2081 3681; baseline 0.004 -28"><span class='ocrx_word' id='word_1_495' title='bbox 521 3604 785 3663; x_wconf 88' lang='lat' dir='ltr'><strong>lustrare,</strong></span> <span class='ocrx_word' id='word_1_496' title='bbox 808 3610 864 3655; x_wconf 92' lang='lat' dir='ltr'><strong>et</strong></span> <span class='ocrx_word' id='word_1_497' title='bbox 893 3600 1025 3671; x_wconf 87' lang='lat' dir='ltr'><strong>quid</strong></span> <span class='ocrx_word' id='word_1_498' title='bbox 1050 3602 1103 3655; x_wconf 93' lang='lat' dir='ltr'><strong>in</strong></span> <span class='ocrx_word' id='word_1_499' title='bbox 1129 3603 1451 3673; x_wconf 87' lang='lat' dir='ltr'><strong>corporibus</strong></span> <span class='ocrx_word' id='word_1_500' title='bbox 1470 3614 1667 3661; x_wconf 88' lang='lat' dir='ltr'><strong>natura</strong></span> <span class='ocrx_word' id='word_1_501' title='bbox 1689 3622 1852 3681; x_wconf 79' lang='lat' dir='ltr'><strong>agere</strong></span> <span class='ocrx_word' id='word_1_502' title='bbox 1886 3609 2081 3673; x_wconf 74' lang='lat' dir='ltr'><strong>soleat,</strong></span> 
     </span>
    </p>
   </div>
   <div class='ocr_carea' id='block_1_68' title="bbox 514 3692 2084 3769">
    <p class='ocr_par' dir='ltr' id='par_1_68' title="bbox 514 3692 2084 3769">
     <span class='ocr_line' id='line_1_68' title="bbox 514 3692 2084 3769; baseline 0.004 -23"><span class='ocrx_word' id='word_1_503' title='bbox 514 3692 809 3747; x_wconf 86' lang='lat' dir='ltr'><strong>observare</strong></span> <span class='ocrx_word' id='word_1_504' title='bbox 858 3692 1016 3759; x_wconf 83' lang='lat' dir='ltr'><strong>velis,</strong></span> <span class='ocrx_word' id='word_1_505' title='bbox 1061 3692 1264 3749; x_wconf 83' lang='lat' dir='ltr'><strong>clarius</strong></span> <span class='ocrx_word' id='word_1_506' title='bbox 1318 3694 1608 3767; x_wconf 87' lang='lat' dir='ltr'><strong>intelliges,</strong></span> <span class='ocrx_word' id='word_1_507' title='bbox 1639 3713 1804 3769; x_wconf 82' lang='lat' dir='ltr'><strong>quam</strong></span> <span class='ocrx_word' id='word_1_508' title='bbox 1847 3699 2084 3765; x_wconf 85' lang='lat' dir='ltr'><strong>cireum-</strong></span> 
     </span>
    </p>
   </div>
   <div class='ocr_carea' id='block_1_69' title="bbox 518 3781 2081 3857">
    <p class='ocr_par' dir='ltr' id='par_1_69' title="bbox 518 3781 2081 3857">
     <span class='ocr_line' id='line_1_69' title="bbox 518 3781 2081 3857; baseline 0.008 -22"><span class='ocrx_word' id='word_1_509' title='bbox 518 3789 707 3852; x_wconf 83' lang='lat' dir='ltr'><strong>specte</strong></span> <span class='ocrx_word' id='word_1_510' title='bbox 755 3782 859 3838; x_wconf 85' lang='lat' dir='ltr'><strong>iste</strong></span> <span class='ocrx_word' id='word_1_511' title='bbox 912 3781 1133 3857; x_wconf 83' lang='lat' dir='ltr'><strong>dixerit,</strong></span> <span class='ocrx_word' id='word_1_512' title='bbox 1200 3785 1437 3847; x_wconf 78' lang='lat' dir='ltr'><strong>eamdem.</strong></span> <span class='ocrx_word' id='word_1_513' title='bbox 1493 3790 1849 3856; x_wconf 80' lang='lat' dir='ltr'><strong>operationem</strong></span> <span class='ocrx_word' id='word_1_514' title='bbox 1901 3792 2081 3849; x_wconf 86' lang='lat' dir='ltr'><strong>eadem</strong></span> 
     </span>
    </p>
   </div>
   <div class='ocr_carea' id='block_1_70' title="bbox 515 3875 2079 3953">
    <p class='ocr_par' dir='ltr' id='par_1_70' title="bbox 515 3875 2079 3953">
     <span class='ocr_line' id='line_1_70' title="bbox 515 3875 2079 3953; baseline 0.005 -24"><span class='ocrx_word' id='word_1_515' title='bbox 515 3875 711 3945; x_wconf 65' lang='lat' dir='ltr'><strong>efﬁcere</strong></span> <span class='ocrx_word' id='word_1_516' title='bbox 730 3890 907 3944; x_wconf 86' lang='lat' dir='ltr'><strong>opera.</strong></span> <span class='ocrx_word' id='word_1_517' title='bbox 944 3876 1065 3931; x_wconf 88' lang='lat' dir='ltr'><strong>Una</strong></span> <span class='ocrx_word' id='word_1_518' title='bbox 1087 3878 1332 3947; x_wconf 82' lang='lat' dir='ltr'><strong>operatio</strong></span> <span class='ocrx_word' id='word_1_519' title='bbox 1363 3887 1447 3935; x_wconf 88' lang='lat' dir='ltr'><strong>est</strong></span> <span class='ocrx_word' id='word_1_520' title='bbox 1476 3896 1643 3941; x_wconf 89' lang='lat' dir='ltr'><strong>causa</strong></span> <span class='ocrx_word' id='word_1_521' title='bbox 1675 3882 2079 3953; x_wconf 72' lang='lat' dir='ltr'><strong>concep-tionis,</strong></span> 
     </span>
    </p>
   </div>
   <div class='ocr_carea' id='block_1_71' title="bbox 516 3964 2081 4038">
    <p class='ocr_par' dir='ltr' id='par_1_71' title="bbox 516 3964 2081 4038">
     <span class='ocr_line' id='line_1_71' title="bbox 516 3964 2081 4038; baseline 0.006 -18"><span class='ocrx_word' id='word_1_522' title='bbox 516 3964 611 4020; x_wconf 87' lang='lat' dir='ltr'><strong>sed</strong></span> <span class='ocrx_word' id='word_1_523' title='bbox 641 3966 966 4036; x_wconf 89' lang='lat' dir='ltr'><strong>compositio</strong></span> <span class='ocrx_word' id='word_1_524' title='bbox 997 3965 1116 4035; x_wconf 86' lang='lat' dir='ltr'><strong>ejus</strong></span> <span class='ocrx_word' id='word_1_525' title='bbox 1140 3968 1282 4038; x_wconf 91' lang='lat' dir='ltr'><strong>quod</strong></span> <span class='ocrx_word' id='word_1_526' title='bbox 1322 3970 1468 4024; x_wconf 90' lang='lat' dir='ltr'><strong>intus</strong></span> <span class='ocrx_word' id='word_1_527' title='bbox 1510 3970 1567 4024; x_wconf 87' lang='lat' dir='ltr'><strong>fit</strong></span> <span class='ocrx_word' id='word_1_528' title='bbox 1605 3979 1659 4025; x_wconf 89' lang='lat' dir='ltr'><strong>et</strong></span> <span class='ocrx_word' id='word_1_529' title='bbox 1697 3973 2081 4038; x_wconf 82' lang='lat' dir='ltr'><strong>constituitur,</strong></span> 
     </span>
    </p>
   </div>
   <div class='ocr_carea' id='block_1_72' title="bbox 515 4057 2087 4129">
    <p class='ocr_par' dir='ltr' id='par_1_72' title="bbox 515 4057 2087 4129">
     <span class='ocr_line' id='line_1_72' title="bbox 515 4057 2087 4129; baseline 0.006 -20"><span class='ocrx_word' id='word_1_530' title='bbox 515 4057 667 4111; x_wconf 80' lang='lat' dir='ltr'><strong>varia</strong></span> <span class='ocrx_word' id='word_1_531' title='bbox 699 4064 783 4112; x_wconf 89' lang='lat' dir='ltr'><strong>est</strong></span> <span class='ocrx_word' id='word_1_532' title='bbox 809 4064 864 4112; x_wconf 89' lang='lat' dir='ltr'><strong>et</strong></span> <span class='ocrx_word' id='word_1_533' title='bbox 890 4057 1263 4129; x_wconf 76' lang='lat' dir='ltr'><strong>multiformis,</strong></span> <span class='ocrx_word' id='word_1_534' title='bbox 1303 4066 1361 4115; x_wconf 87' lang='lat' dir='ltr'><strong>ut</strong></span> <span class='ocrx_word' id='word_1_535' title='bbox 1399 4060 1535 4121; x_wconf 84' lang='lat' dir='ltr'><strong>nulli</strong></span> <span class='ocrx_word' id='word_1_536' title='bbox 1569 4060 1731 4116; x_wconf 90' lang='lat' dir='ltr'><strong>facile</strong></span> <span class='ocrx_word' id='word_1_537' title='bbox 1767 4064 1840 4117; x_wconf 87' lang='lat' dir='ltr'><strong>sit</strong></span> <span class='ocrx_word' id='word_1_538' title='bbox 1868 4079 2087 4125; x_wconf 85' lang='lat' dir='ltr'><strong>enume-</strong></span> 
     </span>
    </p>
   </div>
   <div class='ocr_carea' id='block_1_73' title="bbox 514 4148 2087 4225">
    <p class='ocr_par' dir='ltr' id='par_1_73' title="bbox 514 4148 2087 4225">
     <span class='ocr_line' id='line_1_73' title="bbox 514 4148 2087 4225; baseline 0.006 -22"><span class='ocrx_word' id='word_1_539' title='bbox 514 4165 639 4205; x_wconf 81' lang='lat' dir='ltr'><strong>rare</strong></span> <span class='ocrx_word' id='word_1_540' title='bbox 676 4148 1048 4205; x_wconf 79' lang='lat' dir='ltr'><strong>diversitatem</strong></span> <span class='ocrx_word' id='word_1_541' title='bbox 1083 4149 1324 4203; x_wconf 90' lang='lat' dir='ltr'><strong>omnium</strong></span> <span class='ocrx_word' id='word_1_542' title='bbox 1346 4165 1560 4217; x_wconf 90' lang='lat' dir='ltr'><strong>earum,</strong></span> <span class='ocrx_word' id='word_1_543' title='bbox 1588 4166 1712 4224; x_wconf 82' lang='lat' dir='ltr'><strong>quae</strong></span> <span class='ocrx_word' id='word_1_544' title='bbox 1754 4152 1810 4207; x_wconf 91' lang='lat' dir='ltr'><strong>in</strong></span> <span class='ocrx_word' id='word_1_545' title='bbox 1855 4169 2087 4225; x_wconf 85' lang='lat' dir='ltr'><strong>corpore</strong></span> 
     </span>
    </p>
   </div>
   <div class='ocr_carea' id='block_1_74' title="bbox 514 4241 2085 4317">
    <p class='ocr_par' dir='ltr' id='par_1_74' title="bbox 514 4241 2085 4317">
     <span class='ocr_line' id='line_1_74' title="bbox 514 4241 2085 4317; baseline 0.005 -21"><span class='ocrx_word' id='word_1_546' title='bbox 514 4243 725 4306; x_wconf 90' lang='lat' dir='ltr'><strong>insunt,</strong></span> <span class='ocrx_word' id='word_1_547' title='bbox 747 4241 1093 4312; x_wconf 89' lang='lat' dir='ltr'><strong>qualitatum.</strong></span> <span class='ocrx_word' id='word_1_548' title='bbox 1132 4241 1441 4298; x_wconf 78' lang='lat' dir='ltr'><strong>infantibus</strong></span> <span class='ocrx_word' id='word_1_549' title='bbox 1486 4258 1597 4299; x_wconf 89' lang='lat' dir='ltr'><strong>una</strong></span> <span class='ocrx_word' id='word_1_550' title='bbox 1619 4244 1806 4300; x_wconf 91' lang='lat' dir='ltr'><strong>itidem</strong></span> <span class='ocrx_word' id='word_1_551' title='bbox 1838 4249 2085 4317; x_wconf 87' lang='lat' dir='ltr'><strong>operatio</strong></span> 
     </span>
    </p>
   </div>
   <div class='ocr_carea' id='block_1_75' title="bbox 513 4331 2083 4403">
    <p class='ocr_par' dir='ltr' id='par_1_75' title="bbox 513 4331 2083 4403">
     <span class='ocr_line' id='line_1_75' title="bbox 513 4331 2083 4403; baseline 0.003 -17"><span class='ocrx_word' id='word_1_552' title='bbox 513 4342 617 4396; x_wconf 85' lang='lat' dir='ltr'><strong>est,</strong></span> <span class='ocrx_word' id='word_1_553' title='bbox 651 4331 808 4387; x_wconf 88' lang='lat' dir='ltr'><strong>lactis</strong></span> <span class='ocrx_word' id='word_1_554' title='bbox 833 4331 1089 4399; x_wconf 83' lang='lat' dir='ltr'><strong>attractio</strong></span> <span class='ocrx_word' id='word_1_555' title='bbox 1125 4339 1179 4385; x_wconf 92' lang='lat' dir='ltr'><strong>et</strong></span> <span class='ocrx_word' id='word_1_556' title='bbox 1209 4333 1479 4388; x_wconf 84' lang='lat' dir='ltr'><strong>exsuctio.</strong></span> <span class='ocrx_word' id='word_1_557' title='bbox 1524 4332 1592 4388; x_wconf 83' lang='lat' dir='ltr'><strong>At</strong></span> <span class='ocrx_word' id='word_1_558' title='bbox 1612 4334 1736 4403; x_wconf 89' lang='lat' dir='ltr'><strong>quis</strong></span> <span class='ocrx_word' id='word_1_559' title='bbox 1761 4336 2083 4401; x_wconf 85' lang='lat' dir='ltr'><strong>varietatem</strong></span> 
     </span>
    </p>
   </div>
   <div class='ocr_carea' id='block_1_76' title="bbox 509 4422 2082 4496">
    <p class='ocr_par' dir='ltr' id='par_1_76' title="bbox 509 4422 2082 4496">
     <span class='ocr_line' id='line_1_76' title="bbox 509 4422 2082 4496; baseline 0.002 -19"><span class='ocrx_word' id='word_1_560' title='bbox 509 4422 803 4477; x_wconf 85' lang='lat' dir='ltr'><strong>effectuum</strong></span> <span class='ocrx_word' id='word_1_561' title='bbox 836 4422 961 4477; x_wconf 90' lang='lat' dir='ltr'><strong>talis</strong></span> <span class='ocrx_word' id='word_1_562' title='bbox 994 4423 1235 4477; x_wconf 85' lang='lat' dir='ltr'><strong>alimenti</strong></span> <span class='ocrx_word' id='word_1_563' title='bbox 1265 4424 1633 4493; x_wconf 76' lang='lat' dir='ltr'><strong>percenseat?</strong></span> <span class='ocrx_word' id='word_1_564' title='bbox 1657 4425 1803 4496; x_wconf 89' lang='lat' dir='ltr'><strong>quod</strong></span> <span class='ocrx_word' id='word_1_565' title='bbox 1827 4434 2082 4496; x_wconf 87' lang='lat' dir='ltr'><strong>tanquam</strong></span> 
     </span>
    </p>
   </div>
   <div class='ocr_carea' id='block_1_77' title="bbox 2184 3236 3771 3314">
    <p class='ocr_par' dir='ltr' id='par_1_77' title="bbox 2184 3236 3771 3314">
     <span class='ocr_line' id='line_1_77' title="bbox 2184 3236 3771 3314; baseline 0.001 -23"><span class='ocrx_word' id='word_1_566' title='bbox 2184 3259 2333 3314; x_wconf 81' lang='grc' dir='ltr'>ρανε,</span> <span class='ocrx_word' id='word_1_567' title='bbox 2368 3238 2503 3311; x_wconf 72' lang='grc' dir='ltr'>πρὸς</span> <span class='ocrx_word' id='word_1_568' title='bbox 2518 3237 2615 3308; x_wconf 81' lang='grc' dir='ltr'>τὴν</span> <span class='ocrx_word' id='word_1_569' title='bbox 2644 3237 3008 3308; x_wconf 80' lang='grc' dir='ltr'>ὑποκειμένην</span> <span class='ocrx_word' id='word_1_570' title='bbox 3036 3236 3266 3307; x_wconf 83' lang='grc' dir='ltr'>δύναμιν</span> <span class='ocrx_word' id='word_1_571' title='bbox 3287 3237 3642 3293; x_wconf 81' lang='grc' dir='ltr'>ὑπαλλάσσων</span> <span class='ocrx_word' id='word_1_572' title='bbox 3662 3240 3771 3308; x_wconf 80' lang='grc' dir='ltr'>τῆς</span> 
     </span>
    </p>
   </div>
   <div class='ocr_carea' id='block_1_78' title="bbox 2182 3328 3771 3405">
    <p class='ocr_par' dir='ltr' id='par_1_78' title="bbox 2182 3328 3771 3405">
     <span class='ocr_line' id='line_1_78' title="bbox 2182 3328 3771 3405; baseline -0.009 -16"><span class='ocrx_word' id='word_1_573' title='bbox 2182 3332 2464 3405; x_wconf 81' lang='grc' dir='ltr'>ἐνεργείας</span> <span class='ocrx_word' id='word_1_574' title='bbox 2497 3330 2558 3387; x_wconf 84' lang='grc' dir='ltr'><strong>τὸ</strong></span> <span class='ocrx_word' id='word_1_575' title='bbox 2580 3329 2765 3395; x_wconf 82' lang='grc' dir='ltr'>τὲλος;</span> <span class='ocrx_word' id='word_1_576' title='bbox 2797 3328 2870 3381; x_wconf 85' lang='grc' dir='ltr'>Τὸ</span> <span class='ocrx_word' id='word_1_577' title='bbox 2894 3328 2993 3399; x_wconf 83' lang='grc' dir='ltr'><strong>μὲν</strong></span> <span class='ocrx_word' id='word_1_578' title='bbox 3024 3328 3131 3399; x_wconf 75' lang='grc' dir='ltr'>γὰρ</span> <span class='ocrx_word' id='word_1_579' title='bbox 3160 3329 3253 3381; x_wconf 76' lang='grc' dir='ltr'><strong>ἐπὶ</strong></span> <span class='ocrx_word' id='word_1_580' title='bbox 3277 3329 3377 3399; x_wconf 83' lang='grc' dir='ltr'>τῆς</span> <span class='ocrx_word' id='word_1_581' title='bbox 3404 3330 3607 3400; x_wconf 74' lang='grc' dir='ltr'>πέτρας</span> <span class='ocrx_word' id='word_1_582' title='bbox 3636 3330 3771 3400; x_wconf 74' lang='grc' dir='ltr'>ἐξή-</span> 
     </span>
    </p>
   </div>
   <div class='ocr_carea' id='block_1_79' title="bbox 2183 3414 3770 3493">
    <p class='ocr_par' dir='ltr' id='par_1_79' title="bbox 2183 3414 3770 3493">
     <span class='ocr_line' id='line_1_79' title="bbox 2183 3414 3770 3493; baseline -0.003 -19"><span class='ocrx_word' id='word_1_583' title='bbox 2183 3439 2349 3493; x_wconf 69' lang='grc' dir='ltr'>ρανε,</span> <span class='ocrx_word' id='word_1_584' title='bbox 2411 3419 2473 3475; x_wconf 80' lang='grc' dir='ltr'>τὸ</span> <span class='ocrx_word' id='word_1_585' title='bbox 2524 3419 2579 3478; x_wconf 72' lang='grc' dir='ltr'><strong>δὲ</strong></span> <span class='ocrx_word' id='word_1_586' title='bbox 2621 3420 2685 3471; x_wconf 82' lang='grc' dir='ltr'>ὲκ</span> <span class='ocrx_word' id='word_1_587' title='bbox 2726 3416 2825 3486; x_wconf 82' lang='grc' dir='ltr'>τῆς</span> <span class='ocrx_word' id='word_1_588' title='bbox 2877 3414 3095 3485; x_wconf 75' lang='grc' dir='ltr'>βαθείας</span> <span class='ocrx_word' id='word_1_589' title='bbox 3170 3415 3273 3485; x_wconf 81' lang='grc' dir='ltr'>γῆς</span> <span class='ocrx_word' id='word_1_590' title='bbox 3336 3415 3770 3486; x_wconf 78' lang='grc' dir='ltr'>ἑκατοντάρχων</span> 
     </span>
    </p>
   </div>
   <div class='ocr_carea' id='block_1_80' title="bbox 2182 3506 3766 3584">
    <p class='ocr_par' dir='ltr' id='par_1_80' title="bbox 2182 3506 3766 3584">
     <span class='ocr_line' id='line_1_80' title="bbox 2182 3506 3766 3584; baseline -0.004 -18"><span class='ocrx_word' id='word_1_591' title='bbox 2182 3512 2459 3584; x_wconf 47' lang='grc' dir='ltr'><strong>εποίησεν.⁵</strong></span> <span class='ocrx_word' id='word_1_592' title='bbox 2493 3510 2555 3564; x_wconf 84' lang='grc' dir='ltr'>Εί</span> <span class='ocrx_word' id='word_1_593' title='bbox 2588 3509 2644 3569; x_wconf 78' lang='grc' dir='ltr'>δὲ</span> <span class='ocrx_word' id='word_1_594' title='bbox 2687 3506 2945 3572; x_wconf 78' lang='grc' dir='ltr'>είσέλθοις</span> <span class='ocrx_word' id='word_1_595' title='bbox 2990 3509 3069 3570; x_wconf 84' lang='grc' dir='ltr'><strong>εἰς</strong></span> <span class='ocrx_word' id='word_1_596' title='bbox 3099 3506 3169 3560; x_wconf 76' lang='grc' dir='ltr'>τὰ</span> <span class='ocrx_word' id='word_1_597' title='bbox 3204 3508 3301 3576; x_wconf 73' lang='grc' dir='ltr'>τῆς</span> <span class='ocrx_word' id='word_1_598' title='bbox 3341 3506 3554 3577; x_wconf 78' lang='grc' dir='ltr'>φύσεως</span> <span class='ocrx_word' id='word_1_599' title='bbox 3604 3506 3766 3578; x_wconf 69' lang='grc' dir='ltr'>ἔργα,</span> 
     </span>
    </p>
   </div>
   <div class='ocr_carea' id='block_1_81' title="bbox 2183 3597 3764 3671">
    <p class='ocr_par' dir='ltr' id='par_1_81' title="bbox 2183 3597 3764 3671">
     <span class='ocr_line' id='line_1_81' title="bbox 2183 3597 3764 3671; baseline -0.004 -12"><span class='ocrx_word' id='word_1_600' title='bbox 2183 3604 2276 3664; x_wconf 67' lang='grc' dir='ltr'><strong>και)¹</strong></span> <span class='ocrx_word' id='word_1_601' title='bbox 2294 3604 2423 3667; x_wconf 71' lang='grc' dir='ltr'>ἰῖδοις</span> <span class='ocrx_word' id='word_1_602' title='bbox 2447 3604 2504 3663; x_wconf 75' lang='grc' dir='ltr'>ὲν</span> <span class='ocrx_word' id='word_1_603' title='bbox 2526 3604 2637 3664; x_wconf 76' lang='grc' dir='ltr'>ταῖς</span> <span class='ocrx_word' id='word_1_604' title='bbox 2665 3599 2910 3671; x_wconf 71' lang='grc' dir='ltr'>σώμασιν</span> <span class='ocrx_word' id='word_1_605' title='bbox 2929 3600 3028 3657; x_wconf 79' lang='grc' dir='ltr'>ὅσα</span> <span class='ocrx_word' id='word_1_606' title='bbox 3045 3597 3428 3669; x_wconf 81' lang='grc' dir='ltr'>φιλοτεχνοῦσα</span> <span class='ocrx_word' id='word_1_607' title='bbox 3448 3600 3764 3669; x_wconf 77' lang='grc' dir='ltr'>ἐργάζεται,</span> 
     </span>
    </p>
   </div>
   <div class='ocr_carea' id='block_1_82' title="bbox 2186 3690 3766 3767">
    <p class='ocr_par' dir='ltr' id='par_1_82' title="bbox 2186 3690 3766 3767">
     <span class='ocr_line' id='line_1_82' title="bbox 2186 3690 3766 3767; baseline -0.005 -18"><span class='ocrx_word' id='word_1_608' title='bbox 2186 3694 2383 3767; x_wconf 80' lang='grc' dir='ltr'>μᾶλλον</span> <span class='ocrx_word' id='word_1_609' title='bbox 2415 3695 2480 3748; x_wconf 81' lang='grc' dir='ltr'><strong>ἂν</strong></span> <span class='ocrx_word' id='word_1_610' title='bbox 2505 3693 2565 3746; x_wconf 78' lang='grc' dir='ltr'><strong>τὸ</strong></span> <span class='ocrx_word' id='word_1_611' title='bbox 2588 3692 3053 3764; x_wconf 79' lang='grc' dir='ltr'>περιεσκεμμένον</span> <span class='ocrx_word' id='word_1_612' title='bbox 3072 3690 3413 3761; x_wconf 80' lang='grc' dir='ltr'>καταμάθοις</span> <span class='ocrx_word' id='word_1_613' title='bbox 3448 3690 3542 3743; x_wconf 77' lang='grc' dir='ltr'>τοῦ</span> <span class='ocrx_word' id='word_1_614' title='bbox 3573 3690 3766 3758; x_wconf 78' lang='grc' dir='ltr'>λέγον-</span> 
     </span>
    </p>
   </div>
   <div class='ocr_carea' id='block_1_83' title="bbox 2182 3781 3770 3855">
    <p class='ocr_par' dir='ltr' id='par_1_83' title="bbox 2182 3781 3770 3855">
     <span class='ocr_line' id='line_1_83' title="bbox 2182 3781 3770 3855; baseline -0.003 -13"><span class='ocrx_word' id='word_1_615' title='bbox 2182 3805 2292 3855; x_wconf 84' lang='grc' dir='ltr'>τος,</span> <span class='ocrx_word' id='word_1_616' title='bbox 2319 3788 2401 3841; x_wconf 85' lang='grc' dir='ltr'><strong>ὅτι</strong></span> <span class='ocrx_word' id='word_1_617' title='bbox 2460 3786 2532 3841; x_wconf 78' lang='grc' dir='ltr'><em>Ἠ</em></span> <span class='ocrx_word' id='word_1_618' title='bbox 2575 3784 2728 3853; x_wconf 82' lang='grc' dir='ltr'>αὐτ-ὴ</span> <span class='ocrx_word' id='word_1_619' title='bbox 2778 3783 3047 3853; x_wconf 72' lang='grc' dir='ltr'>ἐνέργεια</span> <span class='ocrx_word' id='word_1_620' title='bbox 3090 3784 3205 3853; x_wconf 75' lang='grc' dir='ltr'><strong>τὴν</strong></span> <span class='ocrx_word' id='word_1_621' title='bbox 3258 3783 3590 3849; x_wconf 73' lang='grc' dir='ltr'>ταυτότητά</span> <span class='ocrx_word' id='word_1_622' title='bbox 3644 3781 3770 3837; x_wconf 81' lang='grc' dir='ltr'><strong>τῶν</strong></span> 
     </span>
    </p>
   </div>
   <div class='ocr_carea' id='block_1_84' title="bbox 2182 3872 3771 3950">
    <p class='ocr_par' dir='ltr' id='par_1_84' title="bbox 2182 3872 3771 3950">
     <span class='ocr_line' id='line_1_84' title="bbox 2182 3872 3771 3950; baseline -0.003 -18"><span class='ocrx_word' id='word_1_623' title='bbox 2182 3880 2370 3949; x_wconf 74' lang='grc' dir='ltr'>ἔργων</span> <span class='ocrx_word' id='word_1_624' title='bbox 2402 3877 2698 3933; x_wconf 74' lang='grc' dir='ltr'>ἀποτελεῖ.</span> <span class='ocrx_word' id='word_1_625' title='bbox 2737 3876 2851 3934; x_wconf 86' lang='grc' dir='ltr'><strong>Μία</strong></span> <span class='ocrx_word' id='word_1_626' title='bbox 2877 3875 3126 3950; x_wconf 80' lang='grc' dir='ltr'>ἐνέργεια</span> <span class='ocrx_word' id='word_1_627' title='bbox 3152 3876 3249 3945; x_wconf 83' lang='grc' dir='ltr'><strong>τῆς</strong></span> <span class='ocrx_word' id='word_1_628' title='bbox 3280 3872 3585 3945; x_wconf 75' lang='grc' dir='ltr'>συλλήψεως</span> <span class='ocrx_word' id='word_1_629' title='bbox 3612 3875 3771 3927; x_wconf 81' lang='grc' dir='ltr'>ἐστιν</span> 
     </span>
    </p>
   </div>
   <div class='ocr_carea' id='block_1_85' title="bbox 2185 3966 3770 4042">
    <p class='ocr_par' dir='ltr' id='par_1_85' title="bbox 2185 3966 3770 4042">
     <span class='ocr_line' id='line_1_85' title="bbox 2185 3966 3770 4042; baseline -0.003 -17"><span class='ocrx_word' id='word_1_630' title='bbox 2185 3974 2218 4042; x_wconf 77' lang='grc' dir='ltr'><strong>ἠ</strong></span> <span class='ocrx_word' id='word_1_631' title='bbox 2255 3970 2423 4025; x_wconf 85' lang='grc' dir='ltr'>αἰτία·</span> <span class='ocrx_word' id='word_1_632' title='bbox 2464 3969 2601 4024; x_wconf 82' lang='grc' dir='ltr'>ἀλλὰ</span> <span class='ocrx_word' id='word_1_633' title='bbox 2627 3969 2687 4023; x_wconf 81' lang='grc' dir='ltr'><strong>τὸ</strong></span> <span class='ocrx_word' id='word_1_634' title='bbox 2712 3968 2993 4039; x_wconf 80' lang='grc' dir='ltr'>σύγκριμα</span> <span class='ocrx_word' id='word_1_635' title='bbox 3021 3967 3113 4022; x_wconf 80' lang='grc' dir='ltr'><strong>τοῦ</strong></span> <span class='ocrx_word' id='word_1_636' title='bbox 3139 3966 3286 4020; x_wconf 69' lang='grc' dir='ltr'>ἔνδον</span> <span class='ocrx_word' id='word_1_637' title='bbox 3316 3966 3770 4037; x_wconf 82' lang='grc' dir='ltr'>οἰκονομουμένου</span> 
     </span>
    </p>
   </div>
   <div class='ocr_carea' id='block_1_86' title="bbox 2185 4057 3768 4131">
    <p class='ocr_par' dir='ltr' id='par_1_86' title="bbox 2185 4057 3768 4131">
     <span class='ocr_line' id='line_1_86' title="bbox 2185 4057 3768 4131; baseline -0.002 -17"><span class='ocrx_word' id='word_1_638' title='bbox 2185 4062 2457 4125; x_wconf 81' lang='grc' dir='ltr'>πολυειδὲς</span> <span class='ocrx_word' id='word_1_639' title='bbox 2480 4103 2494 4128; x_wconf 88' lang='grc'><strong>,</strong></span> <span class='ocrx_word' id='word_1_640' title='bbox 2528 4061 2604 4124; x_wconf 81' lang='grc' dir='ltr'>ὡς</span> <span class='ocrx_word' id='word_1_641' title='bbox 2634 4062 2699 4115; x_wconf 86' lang='grc' dir='ltr'>ἂν</span> <span class='ocrx_word' id='word_1_642' title='bbox 2745 4059 2820 4131; x_wconf 83' lang='grc' dir='ltr'><strong>μὴ</strong></span> <span class='ocrx_word' id='word_1_643' title='bbox 2851 4057 3137 4129; x_wconf 80' lang='grc' dir='ltr'>δυνηθῆναι</span> <span class='ocrx_word' id='word_1_644' title='bbox 3162 4057 3358 4129; x_wconf 78' lang='grc' dir='ltr'>ῥᾳδίως</span> <span class='ocrx_word' id='word_1_645' title='bbox 3384 4057 3505 4112; x_wconf 76' lang='grc' dir='ltr'>τινὰ</span> <span class='ocrx_word' id='word_1_646' title='bbox 3524 4057 3623 4129; x_wconf 82' lang='grc' dir='ltr'>τὴν</span> <span class='ocrx_word' id='word_1_647' title='bbox 3644 4057 3768 4111; x_wconf 80' lang='grc' dir='ltr'>δια-</span> 
     </span>
    </p>
   </div>
   <div class='ocr_carea' id='block_1_87' title="bbox 2186 4147 3766 4227">
    <p class='ocr_par' dir='ltr' id='par_1_87' title="bbox 2186 4147 3766 4227">
     <span class='ocr_line' id='line_1_87' title="bbox 2186 4147 3766 4227; baseline -0.003 -19"><span class='ocrx_word' id='word_1_648' title='bbox 2186 4154 2356 4227; x_wconf 68' lang='grc' dir='ltr'>φοράν</span> <span class='ocrx_word' id='word_1_649' title='bbox 2375 4153 2483 4213; x_wconf 83' lang='grc' dir='ltr'><strong>τῶν</strong></span> <span class='ocrx_word' id='word_1_650' title='bbox 2510 4154 2567 4207; x_wconf 79' lang='grc' dir='ltr'>ὲν</span> <span class='ocrx_word' id='word_1_651' title='bbox 2589 4152 2665 4223; x_wconf 85' lang='grc' dir='ltr'>τῷ</span> <span class='ocrx_word' id='word_1_652' title='bbox 2694 4150 2904 4221; x_wconf 85' lang='grc' dir='ltr'>σώματι</span> <span class='ocrx_word' id='word_1_653' title='bbox 2927 4152 3224 4223; x_wconf 70' lang='grc' dir='ltr'>ποιοτήτων</span> <span class='ocrx_word' id='word_1_654' title='bbox 3249 4147 3766 4222; x_wconf 82' lang='grc' dir='ltr'>ἀπαριθμήσασθαι.</span> 
     </span>
    </p>
   </div>
   <div class='ocr_carea' id='block_1_88' title="bbox 2185 4235 3768 4313">
    <p class='ocr_par' dir='ltr' id='par_1_88' title="bbox 2185 4235 3768 4313">
     <span class='ocr_line' id='line_1_88' title="bbox 2185 4235 3768 4313; baseline -0.008 -15"><span class='ocrx_word' id='word_1_655' title='bbox 2185 4246 2301 4298; x_wconf 80' lang='grc' dir='ltr'><strong>Μία</strong></span> <span class='ocrx_word' id='word_1_656' title='bbox 2329 4242 2488 4296; x_wconf 82' lang='grc' dir='ltr'>πάλιν</span> <span class='ocrx_word' id='word_1_657' title='bbox 2519 4242 2765 4313; x_wconf 79' lang='grc' dir='ltr'>ἐνέργεια</span> <span class='ocrx_word' id='word_1_658' title='bbox 2795 4240 2888 4292; x_wconf 78' lang='grc' dir='ltr'><strong>ἐπὶ</strong></span> <span class='ocrx_word' id='word_1_659' title='bbox 2922 4239 3031 4293; x_wconf 85' lang='grc' dir='ltr'><strong>τῶν</strong></span> <span class='ocrx_word' id='word_1_660' title='bbox 3060 4239 3268 4309; x_wconf 83' lang='grc' dir='ltr'>νηπίων</span> <span class='ocrx_word' id='word_1_661' title='bbox 3295 4241 3329 4308; x_wconf 78' lang='grc' dir='ltr'><strong>ἡ</strong></span> <span class='ocrx_word' id='word_1_662' title='bbox 3372 4236 3467 4290; x_wconf 77' lang='grc' dir='ltr'>τοῦ</span> <span class='ocrx_word' id='word_1_663' title='bbox 3494 4235 3768 4304; x_wconf 71' lang='grc' dir='ltr'>γάλακτός</span> 
     </span>
    </p>
   </div>
   <div class='ocr_carea' id='block_1_89' title="bbox 2187 4329 3773 4403">
    <p class='ocr_par' dir='ltr' id='par_1_89' title="bbox 2187 4329 3773 4403">
     <span class='ocr_line' id='line_1_89' title="bbox 2187 4329 3773 4403; baseline -0.004 -18"><span class='ocrx_word' id='word_1_664' title='bbox 2187 4335 2332 4387; x_wconf 80' lang='grc' dir='ltr'>ἐστιν</span> <span class='ocrx_word' id='word_1_665' title='bbox 2362 4332 2515 4403; x_wconf 84' lang='grc' dir='ltr'>ὁλκή·</span> <span class='ocrx_word' id='word_1_666' title='bbox 2548 4332 2610 4384; x_wconf 87' lang='grc' dir='ltr'><strong>τὸ</strong></span> <span class='ocrx_word' id='word_1_667' title='bbox 2646 4332 2703 4385; x_wconf 81' lang='grc' dir='ltr'><strong>δὲ</strong></span> <span class='ocrx_word' id='word_1_668' title='bbox 2735 4330 2976 4393; x_wconf 83' lang='grc' dir='ltr'>ποικίλον</span> <span class='ocrx_word' id='word_1_669' title='bbox 3010 4330 3117 4383; x_wconf 81' lang='grc' dir='ltr'><strong>τῶν</strong></span> <span class='ocrx_word' id='word_1_670' title='bbox 3162 4329 3619 4399; x_wconf 82' lang='grc' dir='ltr'>ἀποτελεσμάτων</span> <span class='ocrx_word' id='word_1_671' title='bbox 3666 4329 3773 4398; x_wconf 74' lang='grc' dir='ltr'><strong>τῆς</strong></span> 
     </span>
    </p>
   </div>
   <div class='ocr_carea' id='block_1_90' title="bbox 2187 4419 3773 4496">
    <p class='ocr_par' dir='ltr' id='par_1_90' title="bbox 2187 4419 3773 4496">
     <span class='ocr_line' id='line_1_90' title="bbox 2187 4419 3773 4496; baseline -0.006 -17"><span class='ocrx_word' id='word_1_672' title='bbox 2187 4424 2443 4496; x_wconf 75' lang='grc' dir='ltr'>τοιαύτης</span> <span class='ocrx_word' id='word_1_673' title='bbox 2487 4422 2695 4495; x_wconf 78' lang='grc' dir='ltr'>τροφῆς</span> <span class='ocrx_word' id='word_1_674' title='bbox 2727 4421 2811 4486; x_wconf 88' lang='grc' dir='ltr'><strong>τίς</strong></span> <span class='ocrx_word' id='word_1_675' title='bbox 2842 4421 2906 4476; x_wconf 86' lang='grc' dir='ltr'>ἂν</span> <span class='ocrx_word' id='word_1_676' title='bbox 2928 4419 3180 4486; x_wconf 78' lang='grc' dir='ltr'>διεξέλθοι</span> <span class='ocrx_word' id='word_1_677' title='bbox 3202 4419 3356 4489; x_wconf 85' lang='grc' dir='ltr'>λόγος</span> <span class='ocrx_word' id='word_1_678' title='bbox 3383 4437 3398 4485; x_wconf 88' lang='lat'><strong>;</strong></span> <span class='ocrx_word' id='word_1_679' title='bbox 3445 4420 3508 4473; x_wconf 85' lang='grc' dir='ltr'>Ἥ</span> <span class='ocrx_word' id='word_1_680' title='bbox 3533 4419 3631 4488; x_wconf 86' lang='grc' dir='ltr'>μὲν</span> <span class='ocrx_word' id='word_1_681' title='bbox 3656 4419 3773 4490; x_wconf 73' lang='grc' dir='ltr'><strong>γὰρ</strong></span> 
     </span>
    </p>
   </div>
   <div class='ocr_carea' id='block_1_91' title="bbox 512 4500 2081 4584">
    <p class='ocr_par' dir='ltr' id='par_1_91' title="bbox 512 4511 2081 4582">
     <span class='ocr_line' id='line_1_91' title="bbox 512 4511 2081 4582; baseline 0.001 -15"><span class='ocrx_word' id='word_1_682' title='bbox 512 4529 609 4582; x_wconf 83' lang='lat' dir='ltr'><strong>per</strong></span> <span class='ocrx_word' id='word_1_683' title='bbox 633 4511 877 4566; x_wconf 85' lang='lat' dir='ltr'><strong>canalem</strong></span> <span class='ocrx_word' id='word_1_684' title='bbox 919 4526 984 4566; x_wconf 83' lang='lat' dir='ltr'><strong>ex</strong></span> <span class='ocrx_word' id='word_1_685' title='bbox 1020 4526 1116 4565; x_wconf 91' lang='lat' dir='ltr'><strong>ore</strong></span> <span class='ocrx_word' id='word_1_686' title='bbox 1165 4511 1219 4564; x_wconf 90' lang='lat' dir='ltr'><strong>in</strong></span> <span class='ocrx_word' id='word_1_687' title='bbox 1273 4520 1484 4567; x_wconf 85' lang='lat' dir='ltr'><strong>meatus</strong></span> <span class='ocrx_word' id='word_1_688' title='bbox 1516 4511 1823 4567; x_wconf 83' lang='lat' dir='ltr'><strong>destinatos</strong></span> <span class='ocrx_word' id='word_1_689' title='bbox 1854 4513 2081 4570; x_wconf 80' lang='lat' dir='ltr'><strong>descen-</strong></span> 
     </span>
    </p>
   </div>
   <div class='ocr_carea' id='block_1_92' title="bbox 2183 4500 3765 4584">
    <p class='ocr_par' dir='ltr' id='par_1_92' title="bbox 2186 4509 3765 4584">
     <span class='ocr_line' id='line_1_92' title="bbox 2186 4509 3765 4584; baseline -0.004 -15"><span class='ocrx_word' id='word_1_690' title='bbox 2186 4513 2435 4584; x_wconf 83' lang='grc' dir='ltr'>καθάπερ</span> <span class='ocrx_word' id='word_1_691' title='bbox 2456 4512 2543 4564; x_wconf 81' lang='grc' dir='ltr'>διὰ</span> <span class='ocrx_word' id='word_1_692' title='bbox 2576 4512 2809 4580; x_wconf 79' lang='grc' dir='ltr'>σωλῆνος</span> <span class='ocrx_word' id='word_1_693' title='bbox 2836 4512 2900 4564; x_wconf 80' lang='grc' dir='ltr'>ὲκ</span> <span class='ocrx_word' id='word_1_694' title='bbox 2931 4512 3023 4564; x_wconf 79' lang='grc' dir='ltr'><strong>τοῦ</strong></span> <span class='ocrx_word' id='word_1_695' title='bbox 3052 4509 3319 4581; x_wconf 86' lang='grc' dir='ltr'>στόματος</span> <span class='ocrx_word' id='word_1_696' title='bbox 3353 4510 3446 4563; x_wconf 76' lang='grc' dir='ltr'><strong>ἐπὶ</strong></span> <span class='ocrx_word' id='word_1_697' title='bbox 3478 4512 3601 4572; x_wconf 73' lang='grc' dir='ltr'>τοὺς</span> <span class='ocrx_word' id='word_1_698' title='bbox 3624 4509 3765 4562; x_wconf 73' lang='grc' dir='ltr'><strong>ἀπο-</strong></span> 
     </span>
    </p>
   </div>
   <div class='ocr_carea' id='block_1_93' title="bbox 512 4598 2081 4677">
    <p class='ocr_par' dir='ltr' id='par_1_93' title="bbox 512 4598 2081 4672">
     <span class='ocr_line' id='line_1_93' title="bbox 512 4598 2081 4672; baseline 0 -16"><span class='ocrx_word' id='word_1_699' title='bbox 512 4603 629 4668; x_wconf 89' lang='lat' dir='ltr'><strong>dit;</strong></span> <span class='ocrx_word' id='word_1_700' title='bbox 662 4600 945 4654; x_wconf 89' lang='lat' dir='ltr'><strong>nutriendi</strong></span> <span class='ocrx_word' id='word_1_701' title='bbox 970 4614 1099 4655; x_wconf 90' lang='lat' dir='ltr'><strong>vero</strong></span> <span class='ocrx_word' id='word_1_702' title='bbox 1128 4608 1182 4653; x_wconf 91' lang='lat' dir='ltr'><strong>et</strong></span> <span class='ocrx_word' id='word_1_703' title='bbox 1209 4599 1477 4655; x_wconf 89' lang='lat' dir='ltr'><strong>alterandi</strong></span> <span class='ocrx_word' id='word_1_704' title='bbox 1508 4598 1741 4655; x_wconf 89' lang='lat' dir='ltr'><strong>facultas</strong></span> <span class='ocrx_word' id='word_1_705' title='bbox 1786 4600 2081 4672; x_wconf 88' lang='lat' dir='ltr'><strong>unicuique</strong></span> 
     </span>
    </p>
   </div>
   <div class='ocr_carea' id='block_1_94' title="bbox 2183 4598 3772 4677">
    <p class='ocr_par' dir='ltr' id='par_1_94' title="bbox 2183 4600 3772 4677">
     <span class='ocr_line' id='line_1_94' title="bbox 2183 4600 3772 4677; baseline 0.001 -25"><span class='ocrx_word' id='word_1_706' title='bbox 2183 4606 2459 4677; x_wconf 75' lang='grc' dir='ltr'>κριτικοὺς</span> <span class='ocrx_word' id='word_1_707' title='bbox 2500 4602 2833 4674; x_wconf 77' lang='grc' dir='ltr'>διεξέρχεται</span> <span class='ocrx_word' id='word_1_708' title='bbox 2882 4602 3101 4673; x_wconf 85' lang='grc' dir='ltr'>πόρους’</span> <span class='ocrx_word' id='word_1_709' title='bbox 3150 4604 3183 4672; x_wconf 78' lang='grc' dir='ltr'><strong>ἡ</strong></span> <span class='ocrx_word' id='word_1_710' title='bbox 3216 4602 3273 4655; x_wconf 83' lang='grc' dir='ltr'>δὲ</span> <span class='ocrx_word' id='word_1_711' title='bbox 3306 4600 3626 4670; x_wconf 80' lang='grc' dir='ltr'>ἀλλοιωτικὴ</span> <span class='ocrx_word' id='word_1_712' title='bbox 3666 4600 3772 4670; x_wconf 77' lang='grc' dir='ltr'>τῆς</span> 
     </span>
    </p>
   </div>
   <div class='ocr_carea' id='block_1_95' title="bbox 514 4688 2081 4767">
    <p class='ocr_par' dir='ltr' id='par_1_95' title="bbox 514 4688 2081 4751">
     <span class='ocr_line' id='line_1_95' title="bbox 514 4688 2081 4751; baseline -0.004 -5"><span class='ocrx_word' id='word_1_713' title='bbox 514 4692 882 4746; x_wconf 90' lang='lat' dir='ltr'><strong>membrorum</strong></span> <span class='ocrx_word' id='word_1_714' title='bbox 927 4690 1314 4747; x_wconf 83' lang='lat' dir='ltr'><strong>convenienter</strong></span> <span class='ocrx_word' id='word_1_715' title='bbox 1351 4691 1435 4749; x_wconf 91' lang='lat' dir='ltr'><strong>lac</strong></span> <span class='ocrx_word' id='word_1_716' title='bbox 1496 4688 1721 4742; x_wconf 85' lang='lat' dir='ltr'><strong>adducit</strong></span> <span class='ocrx_word' id='word_1_717' title='bbox 1746 4731 1760 4751; x_wconf 86' lang='lat'><strong>,</strong></span> <span class='ocrx_word' id='word_1_718' title='bbox 1802 4693 2081 4749; x_wconf 77' lang='lat' dir='ltr'><strong>sexcentis</strong></span> 
     </span>
    </p>
   </div>
   <div class='ocr_carea' id='block_1_96' title="bbox 2183 4688 3771 4767">
    <p class='ocr_par' dir='ltr' id='par_1_96' title="bbox 2183 4689 3771 4767">
     <span class='ocr_line' id='line_1_96' title="bbox 2183 4689 3771 4767; baseline -0.006 -17"><span class='ocrx_word' id='word_1_719' title='bbox 2183 4698 2395 4767; x_wconf 79' lang='grc' dir='ltr'>φύσεως</span> <span class='ocrx_word' id='word_1_720' title='bbox 2469 4695 2698 4763; x_wconf 81' lang='grc' dir='ltr'>δύναμις</span> <span class='ocrx_word' id='word_1_721' title='bbox 2758 4693 2971 4763; x_wconf 81' lang='grc' dir='ltr'>ἑκάστῳ</span> <span class='ocrx_word' id='word_1_722' title='bbox 3035 4691 3144 4745; x_wconf 87' lang='grc' dir='ltr'><strong>τῶν</strong></span> <span class='ocrx_word' id='word_1_723' title='bbox 3190 4691 3366 4762; x_wconf 84' lang='grc' dir='ltr'>μελῶν</span> <span class='ocrx_word' id='word_1_724' title='bbox 3413 4689 3771 4760; x_wconf 79' lang='grc' dir='ltr'>καταλλήλως</span> 
     </span>
    </p>
   </div>
   <div class='ocr_carea' id='block_1_97' title="bbox 515 4779 2081 4858">
    <p class='ocr_par' dir='ltr' id='par_1_97' title="bbox 515 4779 2081 4853">
     <span class='ocr_line' id='line_1_97' title="bbox 515 4779 2081 4853; baseline 0.003 -19"><span class='ocrx_word' id='word_1_725' title='bbox 515 4779 694 4834; x_wconf 90' lang='lat' dir='ltr'><strong>modis</strong></span> <span class='ocrx_word' id='word_1_726' title='bbox 722 4796 818 4848; x_wconf 89' lang='lat' dir='ltr'><strong>per</strong></span> <span class='ocrx_word' id='word_1_727' title='bbox 853 4780 1268 4834; x_wconf 90' lang='lat' dir='ltr'><strong>concoctionem</strong></span> <span class='ocrx_word' id='word_1_728' title='bbox 1307 4779 1621 4833; x_wconf 89' lang='lat' dir='ltr'><strong>alimentum</strong></span> <span class='ocrx_word' id='word_1_729' title='bbox 1651 4779 1780 4834; x_wconf 90' lang='lat' dir='ltr'><strong>illud</strong></span> <span class='ocrx_word' id='word_1_730' title='bbox 1821 4782 2081 4853; x_wconf 82' lang='lat' dir='ltr'><strong>subigens</strong></span> 
     </span>
    </p>
   </div>
   <div class='ocr_carea' id='block_1_98' title="bbox 2183 4779 3769 4858">
    <p class='ocr_par' dir='ltr' id='par_1_98' title="bbox 2183 4781 3769 4858">
     <span class='ocr_line' id='line_1_98' title="bbox 2183 4781 3769 4858; baseline -0.006 -16"><span class='ocrx_word' id='word_1_731' title='bbox 2183 4788 2447 4858; x_wconf 77' lang='grc' dir='ltr'>προσάγει</span> <span class='ocrx_word' id='word_1_732' title='bbox 2478 4786 2539 4841; x_wconf 84' lang='grc' dir='ltr'><strong>τὸ</strong></span> <span class='ocrx_word' id='word_1_733' title='bbox 2568 4786 2737 4854; x_wconf 75' lang='grc' dir='ltr'>γάλα,</span> <span class='ocrx_word' id='word_1_734' title='bbox 2779 4783 2870 4838; x_wconf 72' lang='grc' dir='ltr'>διὰ</span> <span class='ocrx_word' id='word_1_735' title='bbox 2906 4786 3006 4855; x_wconf 85' lang='grc' dir='ltr'>τῆς</span> <span class='ocrx_word' id='word_1_736' title='bbox 3044 4783 3263 4853; x_wconf 73' lang='grc' dir='ltr'>πέψεως</span> <span class='ocrx_word' id='word_1_737' title='bbox 3302 4784 3381 4846; x_wconf 86' lang='grc' dir='ltr'><strong>εἰς</strong></span> <span class='ocrx_word' id='word_1_738' title='bbox 3417 4782 3615 4853; x_wconf 87' lang='grc' dir='ltr'>μυρίας</span> <span class='ocrx_word' id='word_1_739' title='bbox 3644 4781 3769 4834; x_wconf 85' lang='grc' dir='ltr'>δια-</span> 
     </span>
    </p>
   </div>
   <div class='ocr_carea' id='block_1_99' title="bbox 513 4866 2081 4936">
    <p class='ocr_par' dir='ltr' id='par_1_99' title="bbox 513 4866 2081 4936">
     <span class='ocr_line' id='line_1_99' title="bbox 513 4866 2081 4936; baseline 0.001 -11"><span class='ocrx_word' id='word_1_740' title='bbox 513 4878 569 4925; x_wconf 89' lang='lat' dir='ltr'><strong>ct</strong></span> <span class='ocrx_word' id='word_1_741' title='bbox 602 4867 874 4932; x_wconf 86' lang='lat' dir='ltr'><strong>dividens,</strong></span> <span class='ocrx_word' id='word_1_742' title='bbox 900 4877 955 4923; x_wconf 85' lang='lat' dir='ltr'><strong>et</strong></span> <span class='ocrx_word' id='word_1_743' title='bbox 993 4868 1217 4922; x_wconf 86' lang='lat' dir='ltr'><strong>cuilibet</strong></span> <span class='ocrx_word' id='word_1_744' title='bbox 1268 4882 1334 4921; x_wconf 82' lang='lat' dir='ltr'><strong>ex</strong></span> <span class='ocrx_word' id='word_1_745' title='bbox 1391 4866 1655 4936; x_wconf 83' lang='lat' dir='ltr'><strong>subjectis</strong></span> <span class='ocrx_word' id='word_1_746' title='bbox 1694 4871 1949 4926; x_wconf 89' lang='lat' dir='ltr'><strong>membris</strong></span> <span class='ocrx_word' id='word_1_747' title='bbox 2006 4872 2081 4926; x_wconf 85' lang='lat' dir='ltr'><strong>si-</strong></span> 
     </span>
    </p>
   </div>
   <div class='ocr_carea' id='block_1_100' title="bbox 517 4958 2076 5028">
    <p class='ocr_par' dir='ltr' id='par_1_100' title="bbox 517 4958 2076 5028">
     <span class='ocr_line' id='line_1_100' title="bbox 517 4958 2076 5028; baseline 0.001 -16"><span class='ocrx_word' id='word_1_748' title='bbox 517 4958 643 5013; x_wconf 83' lang='lat' dir='ltr'><strong>mile</strong></span> <span class='ocrx_word' id='word_1_749' title='bbox 694 4967 1095 5028; x_wconf 80' lang='lat' dir='ltr'><strong>cognatumque</strong></span> <span class='ocrx_word' id='word_1_750' title='bbox 1149 4966 1521 5012; x_wconf 86' lang='lat' dir='ltr'><strong>consentanea</strong></span> <span class='ocrx_word' id='word_1_751' title='bbox 1559 4960 1772 5014; x_wconf 86' lang='lat' dir='ltr'><strong>ratione</strong></span> <span class='ocrx_word' id='word_1_752' title='bbox 1816 4961 2076 5018; x_wconf 73' lang='lat' dir='ltr'><strong>eﬂiciens.</strong></span> 
     </span>
    </p>
   </div>
   <div class='ocr_carea' id='block_1_101' title="bbox 514 5048 2081 5123">
    <p class='ocr_par' dir='ltr' id='par_1_101' title="bbox 514 5048 2081 5123">
     <span class='ocr_line' id='line_1_101' title="bbox 514 5048 2081 5123; baseline 0.001 -18"><span class='ocrx_word' id='word_1_753' title='bbox 514 5051 648 5105; x_wconf 84' lang='lat' dir='ltr'><strong>Nam</strong></span> <span class='ocrx_word' id='word_1_754' title='bbox 681 5066 749 5105; x_wconf 79' lang='lat' dir='ltr'><strong>ex</strong></span> <span class='ocrx_word' id='word_1_755' title='bbox 788 5048 976 5104; x_wconf 89' lang='lat' dir='ltr'><strong>eodem</strong></span> <span class='ocrx_word' id='word_1_756' title='bbox 1011 5050 1273 5103; x_wconf 90' lang='lat' dir='ltr'><strong>alimento</strong></span> <span class='ocrx_word' id='word_1_757' title='bbox 1323 5050 1547 5104; x_wconf 90' lang='lat' dir='ltr'><strong>aluntur</strong></span> <span class='ocrx_word' id='word_1_758' title='bbox 1579 5061 1635 5106; x_wconf 88' lang='lat' dir='ltr'><strong>et</strong></span> <span class='ocrx_word' id='word_1_759' title='bbox 1686 5061 1956 5123; x_wconf 80' lang='lat' dir='ltr'><strong>augentur</strong></span> <span class='ocrx_word' id='word_1_760' title='bbox 1996 5072 2081 5108; x_wconf 86' lang='lat' dir='ltr'><strong>ar-</strong></span> 
     </span>
    </p>
   </div>
   <div class='ocr_carea' id='block_1_102' title="bbox 518 5140 2080 5212">
    <p class='ocr_par' dir='ltr' id='par_1_102' title="bbox 518 5140 2080 5212">
     <span class='ocr_line' id='line_1_102' title="bbox 518 5140 2080 5212; baseline -0.001 -15"><span class='ocrx_word' id='word_1_761' title='bbox 518 5142 693 5205; x_wconf 82' lang='lat' dir='ltr'><strong>teriae,</strong></span> <span class='ocrx_word' id='word_1_762' title='bbox 736 5154 908 5205; x_wconf 85' lang='lat' dir='ltr'><strong>venae,</strong></span> <span class='ocrx_word' id='word_1_763' title='bbox 941 5142 1252 5202; x_wconf 89' lang='lat' dir='ltr'><strong>cerebrum,</strong></span> <span class='ocrx_word' id='word_1_764' title='bbox 1280 5140 1688 5212; x_wconf 83' lang='lat' dir='ltr'><strong>meninges(seu</strong></span> <span class='ocrx_word' id='word_1_765' title='bbox 1708 5141 2080 5209; x_wconf 79' lang='lat' dir='ltr'><strong>membranae),</strong></span> 
     </span>
    </p>
   </div>
   <div class='ocr_carea' id='block_1_103' title="bbox 518 5228 2084 5295">
    <p class='ocr_par' dir='ltr' id='par_1_103' title="bbox 518 5228 2084 5295">
     <span class='ocr_line' id='line_1_103' title="bbox 518 5228 2084 5295; baseline 0.001 -10"><span class='ocrx_word' id='word_1_766' title='bbox 518 5229 775 5295; x_wconf 90' lang='lat' dir='ltr'><strong>medulla,</strong></span> <span class='ocrx_word' id='word_1_767' title='bbox 818 5243 965 5291; x_wconf 85' lang='lat' dir='ltr'><strong>ossa,</strong></span> <span class='ocrx_word' id='word_1_768' title='bbox 996 5228 1171 5293; x_wconf 90' lang='lat' dir='ltr'><strong>nervi,</strong></span> <span class='ocrx_word' id='word_1_769' title='bbox 1201 5230 1456 5293; x_wconf 90' lang='lat' dir='ltr'><strong>musculi,</strong></span> <span class='ocrx_word' id='word_1_770' title='bbox 1491 5230 1763 5292; x_wconf 90' lang='lat' dir='ltr'><strong>tendines,</strong></span> <span class='ocrx_word' id='word_1_771' title='bbox 1810 5245 1960 5294; x_wconf 90' lang='lat' dir='ltr'><strong>caro,</strong></span> <span class='ocrx_word' id='word_1_772' title='bbox 1991 5247 2084 5286; x_wconf 79' lang='lat' dir='ltr'><strong>ex-</strong></span> 
     </span>
    </p>
   </div>
   <div class='ocr_carea' id='block_1_104' title="bbox 516 5319 2078 5394">
    <p class='ocr_par' dir='ltr' id='par_1_104' title="bbox 516 5319 2078 5394">
     <span class='ocr_line' id='line_1_104' title="bbox 516 5319 2078 5394; baseline 0.001 -17"><span class='ocrx_word' id='word_1_773' title='bbox 516 5323 768 5379; x_wconf 85' lang='lat' dir='ltr'><strong>tremilas</strong></span> <span class='ocrx_word' id='word_1_774' title='bbox 798 5337 894 5378; x_wconf 89' lang='lat' dir='ltr'><strong>seu</strong></span> <span class='ocrx_word' id='word_1_775' title='bbox 945 5322 1282 5392; x_wconf 81' lang='lat' dir='ltr'><strong>superﬁcies,</strong></span> <span class='ocrx_word' id='word_1_776' title='bbox 1338 5319 1590 5385; x_wconf 89' lang='lat' dir='ltr'><strong>ehondri,</strong></span> <span class='ocrx_word' id='word_1_777' title='bbox 1645 5322 1833 5392; x_wconf 87' lang='lat' dir='ltr'><strong>adeps,</strong></span> <span class='ocrx_word' id='word_1_778' title='bbox 1873 5324 2078 5394; x_wconf 87' lang='lat' dir='ltr'><strong>capilli,</strong></span> 
     </span>
    </p>
   </div>
   <div class='ocr_carea' id='block_1_105' title="bbox 518 5412 2079 5493">
    <p class='ocr_par' dir='ltr' id='par_1_105' title="bbox 518 5412 2079 5493">
     <span class='ocr_line' id='line_1_105' title="bbox 518 5412 2079 5493; baseline 0.001 -21"><span class='ocrx_word' id='word_1_779' title='bbox 518 5431 752 5493; x_wconf 90' lang='lat' dir='ltr'><strong>ungues,</strong></span> <span class='ocrx_word' id='word_1_780' title='bbox 796 5414 1048 5475; x_wconf 85' lang='lat' dir='ltr'><strong>sudores.</strong></span> <span class='ocrx_word' id='word_1_781' title='bbox 1080 5414 1306 5481; x_wconf 88' lang='lat' dir='ltr'><strong>halitus,</strong></span> <span class='ocrx_word' id='word_1_782' title='bbox 1330 5413 1548 5484; x_wconf 88' lang='lat' dir='ltr'><strong>pituita,</strong></span> <span class='ocrx_word' id='word_1_783' title='bbox 1580 5412 1727 5477; x_wconf 92' lang='lat' dir='ltr'><strong>bilis,</strong></span> <span class='ocrx_word' id='word_1_784' title='bbox 1764 5424 1818 5469; x_wconf 90' lang='lat' dir='ltr'><strong>et</strong></span> <span class='ocrx_word' id='word_1_785' title='bbox 1858 5416 1903 5471; x_wconf 90' lang='lat' dir='ltr'><strong>si</strong></span> <span class='ocrx_word' id='word_1_786' title='bbox 1959 5433 2079 5487; x_wconf 77' lang='lat' dir='ltr'><strong>quae</strong></span> 
     </span>
    </p>
   </div>
   <div class='ocr_carea' id='block_1_106' title="bbox 518 5507 2076 5581">
    <p class='ocr_par' dir='ltr' id='par_1_106' title="bbox 518 5507 2076 5581">
     <span class='ocr_line' id='line_1_106' title="bbox 518 5507 2076 5581; baseline 0.002 -16"><span class='ocrx_word' id='word_1_787' title='bbox 518 5510 625 5565; x_wconf 82' lang='lat' dir='ltr'><strong>alia</strong></span> <span class='ocrx_word' id='word_1_788' title='bbox 653 5507 930 5581; x_wconf 83' lang='lat' dir='ltr'><strong>superflua</strong></span> <span class='ocrx_word' id='word_1_789' title='bbox 959 5520 1012 5564; x_wconf 90' lang='lat' dir='ltr'><strong>et</strong></span> <span class='ocrx_word' id='word_1_790' title='bbox 1038 5509 1249 5564; x_wconf 88' lang='lat' dir='ltr'><strong>inutilia</strong></span> <span class='ocrx_word' id='word_1_791' title='bbox 1284 5525 1347 5564; x_wconf 82' lang='lat' dir='ltr'><strong>ex</strong></span> <span class='ocrx_word' id='word_1_792' title='bbox 1370 5508 1557 5564; x_wconf 90' lang='lat' dir='ltr'><strong>eadem</strong></span> <span class='ocrx_word' id='word_1_793' title='bbox 1592 5524 1758 5564; x_wconf 89' lang='lat' dir='ltr'><strong>causa</strong></span> <span class='ocrx_word' id='word_1_794' title='bbox 1782 5510 2076 5568; x_wconf 81' lang='lat' dir='ltr'><strong>exsistunt.</strong></span> 
     </span>
    </p>
   </div>
   <div class='ocr_carea' id='block_1_107' title="bbox 521 5599 2075 5671">
    <p class='ocr_par' dir='ltr' id='par_1_107' title="bbox 521 5599 2075 5671">
     <span class='ocr_line' id='line_1_107' title="bbox 521 5599 2075 5671; baseline 0.003 -18"><span class='ocrx_word' id='word_1_795' title='bbox 521 5599 579 5653; x_wconf 85' lang='lat' dir='ltr'><strong>Si</strong></span> <span class='ocrx_word' id='word_1_796' title='bbox 618 5600 861 5653; x_wconf 86' lang='lat' dir='ltr'><strong>membra</strong></span> <span class='ocrx_word' id='word_1_797' title='bbox 892 5600 1183 5666; x_wconf 88' lang='lat' dir='ltr'><strong>intuearis,</strong></span> <span class='ocrx_word' id='word_1_798' title='bbox 1213 5616 1447 5670; x_wconf 90' lang='lat' dir='ltr'><strong>quorum</strong></span> <span class='ocrx_word' id='word_1_799' title='bbox 1480 5601 1585 5655; x_wconf 92' lang='lat' dir='ltr'><strong>alia</strong></span> <span class='ocrx_word' id='word_1_800' title='bbox 1620 5610 1748 5657; x_wconf 89' lang='lat' dir='ltr'><strong>sunt</strong></span> <span class='ocrx_word' id='word_1_801' title='bbox 1794 5604 2075 5671; x_wconf 84' lang='lat' dir='ltr'><strong>organica,</strong></span> 
     </span>
    </p>
   </div>
   <div class='ocr_carea' id='block_1_108' title="bbox 520 5689 2073 5759">
    <p class='ocr_par' dir='ltr' id='par_1_108' title="bbox 520 5689 2073 5759">
     <span class='ocr_line' id='line_1_108' title="bbox 520 5689 2073 5759; baseline 0.003 -15"><span class='ocrx_word' id='word_1_802' title='bbox 520 5690 626 5745; x_wconf 82' lang='lat' dir='ltr'><strong>alia</strong></span> <span class='ocrx_word' id='word_1_803' title='bbox 657 5689 906 5745; x_wconf 85' lang='lat' dir='ltr'><strong>sensibus</strong></span> <span class='ocrx_word' id='word_1_804' title='bbox 941 5690 1325 5759; x_wconf 85' lang='lat' dir='ltr'><strong>dcservientia,</strong></span> <span class='ocrx_word' id='word_1_805' title='bbox 1368 5692 1470 5748; x_wconf 83' lang='lat' dir='ltr'><strong>alia</strong></span> <span class='ocrx_word' id='word_1_806' title='bbox 1504 5693 1656 5749; x_wconf 88' lang='lat' dir='ltr'><strong>aliter</strong></span> <span class='ocrx_word' id='word_1_807' title='bbox 1690 5694 1881 5748; x_wconf 81' lang='lat' dir='ltr'><strong>molem</strong></span> <span class='ocrx_word' id='word_1_808' title='bbox 1935 5695 2073 5751; x_wconf 84' lang='lat' dir='ltr'><strong>hanc</strong></span> 
     </span>
    </p>
   </div>
   <div class='ocr_carea' id='block_1_109' title="bbox 2182 4872 3771 4949">
    <p class='ocr_par' dir='ltr' id='par_1_109' title="bbox 2182 4872 3771 4949">
     <span class='ocr_line' id='line_1_109' title="bbox 2182 4872 3771 4949; baseline -0.006 -17"><span class='ocrx_word' id='word_1_809' title='bbox 2182 4880 2352 4949; x_wconf 76' lang='grc' dir='ltr'>φορὰς</span> <span class='ocrx_word' id='word_1_810' title='bbox 2376 4878 2474 4946; x_wconf 78' lang='grc' dir='ltr'>τὴν</span> <span class='ocrx_word' id='word_1_811' title='bbox 2506 4875 2710 4948; x_wconf 78' lang='grc' dir='ltr'>τροφὴν</span> <span class='ocrx_word' id='word_1_812' title='bbox 2745 4876 3153 4946; x_wconf 78' lang='grc' dir='ltr'>κερματίζουσα</span> <span class='ocrx_word' id='word_1_813' title='bbox 3173 4913 3187 4938; x_wconf 92' lang='grc'><strong>,</strong></span> <span class='ocrx_word' id='word_1_814' title='bbox 3211 4875 3306 4927; x_wconf 70' lang='grc' dir='ltr'>καὶ</span> <span class='ocrx_word' id='word_1_815' title='bbox 3327 4876 3441 4935; x_wconf 87' lang='grc' dir='ltr'>τοῖς</span> <span class='ocrx_word' id='word_1_816' title='bbox 3471 4872 3771 4941; x_wconf 77' lang='grc' dir='ltr'>ὑποκειμέ-</span> 
     </span>
    </p>
   </div>
   <div class='ocr_carea' id='block_1_110' title="bbox 2179 4964 3763 5039">
    <p class='ocr_par' dir='ltr' id='par_1_110' title="bbox 2179 4964 3763 5039">
     <span class='ocr_line' id='line_1_110' title="bbox 2179 4964 3763 5039; baseline -0.003 -17"><span class='ocrx_word' id='word_1_817' title='bbox 2179 4986 2290 5032; x_wconf 83' lang='grc' dir='ltr'>νοις</span> <span class='ocrx_word' id='word_1_818' title='bbox 2316 4968 2552 5039; x_wconf 75' lang='grc' dir='ltr'>ὁμοφυὲς</span> <span class='ocrx_word' id='word_1_819' title='bbox 2588 4964 3010 5037; x_wconf 76' lang='grc' dir='ltr'>ἀπεργαζομένη</span> <span class='ocrx_word' id='word_1_820' title='bbox 3049 4966 3110 5018; x_wconf 86' lang='grc' dir='ltr'><strong>τὸ</strong></span> <span class='ocrx_word' id='word_1_821' title='bbox 3152 4966 3369 5036; x_wconf 77' lang='grc' dir='ltr'>ἑκάστῳ</span> <span class='ocrx_word' id='word_1_822' title='bbox 3405 4964 3763 5033; x_wconf 83' lang='grc' dir='ltr'>κατάλληλον.</span> 
     </span>
    </p>
   </div>
   <div class='ocr_carea' id='block_1_111' title="bbox 2193 5054 3763 5131">
    <p class='ocr_par' dir='ltr' id='par_1_111' title="bbox 2193 5054 3763 5131">
     <span class='ocr_line' id='line_1_111' title="bbox 2193 5054 3763 5131; baseline -0.004 -19"><span class='ocrx_word' id='word_1_823' title='bbox 2193 5061 2287 5112; x_wconf 78' lang='grc' dir='ltr'>Ἐκ</span> <span class='ocrx_word' id='word_1_824' title='bbox 2324 5058 2432 5131; x_wconf 81' lang='grc' dir='ltr'><strong>γάρ</strong></span> <span class='ocrx_word' id='word_1_825' title='bbox 2461 5058 2560 5128; x_wconf 71' lang='grc' dir='ltr'>τῆς</span> <span class='ocrx_word' id='word_1_826' title='bbox 2616 5057 2787 5127; x_wconf 78' lang='grc' dir='ltr'>αὐτῆς</span> <span class='ocrx_word' id='word_1_827' title='bbox 2823 5057 3114 5124; x_wconf 75' lang='grc' dir='ltr'>τρέφονται</span> <span class='ocrx_word' id='word_1_828' title='bbox 3161 5054 3415 5127; x_wconf 83' lang='grc' dir='ltr'>βρώσεως</span> <span class='ocrx_word' id='word_1_829' title='bbox 3464 5055 3722 5126; x_wconf 78' lang='grc' dir='ltr'>ἀρτηρίαι</span> <span class='ocrx_word' id='word_1_830' title='bbox 3745 5093 3763 5118; x_wconf 86' lang='grc'><strong>,</strong></span> 
     </span>
    </p>
   </div>
   <div class='ocr_carea' id='block_1_112' title="bbox 2181 5145 3760 5221">
    <p class='ocr_par' dir='ltr' id='par_1_112' title="bbox 2181 5145 3760 5221">
     <span class='ocr_line' id='line_1_112' title="bbox 2181 5145 3760 5221; baseline -0.004 -17"><span class='ocrx_word' id='word_1_831' title='bbox 2181 5150 2417 5221; x_wconf 71' lang='grc' dir='ltr'>φλέδεςι</span> <span class='ocrx_word' id='word_1_832' title='bbox 2438 5148 2757 5217; x_wconf 70' lang='grc' dir='ltr'>ὲγκὲιραλος,</span> <span class='ocrx_word' id='word_1_833' title='bbox 2793 5148 3055 5220; x_wconf 75' lang='grc' dir='ltr'>μήνιγγες</span> <span class='ocrx_word' id='word_1_834' title='bbox 3078 5189 3093 5211; x_wconf 95' lang='grc'><strong>,</strong></span> <span class='ocrx_word' id='word_1_835' title='bbox 3124 5146 3337 5217; x_wconf 81' lang='grc' dir='ltr'>μυελὸς,</span> <span class='ocrx_word' id='word_1_836' title='bbox 3374 5146 3535 5209; x_wconf 79' lang='grc' dir='ltr'>ὀστᾶ,</span> <span class='ocrx_word' id='word_1_837' title='bbox 3569 5145 3760 5215; x_wconf 81' lang='grc' dir='ltr'>νεῦρα,</span> 
     </span>
    </p>
   </div>
   <div class='ocr_carea' id='block_1_113' title="bbox 2182 5239 3761 5312">
    <p class='ocr_par' dir='ltr' id='par_1_113' title="bbox 2182 5239 3761 5312">
     <span class='ocr_line' id='line_1_113' title="bbox 2182 5239 3761 5312; baseline -0.003 -16"><span class='ocrx_word' id='word_1_838' title='bbox 2182 5242 2508 5312; x_wconf 79' lang='grc' dir='ltr'>σύνδεσμος,</span> <span class='ocrx_word' id='word_1_839' title='bbox 2545 5242 2821 5306; x_wconf 79' lang='grc' dir='ltr'>τένοντες,</span> <span class='ocrx_word' id='word_1_840' title='bbox 2864 5240 3095 5311; x_wconf 87' lang='grc' dir='ltr'>σάρκες,</span> <span class='ocrx_word' id='word_1_841' title='bbox 3146 5240 3469 5308; x_wconf 77' lang='grc' dir='ltr'>ἐπιφάνεια,</span> <span class='ocrx_word' id='word_1_842' title='bbox 3517 5239 3761 5309; x_wconf 83' lang='grc' dir='ltr'>χόνδροι,</span> 
     </span>
    </p>
   </div>
   <div class='ocr_carea' id='block_1_114' title="bbox 2185 5324 3759 5399">
    <p class='ocr_par' dir='ltr' id='par_1_114' title="bbox 2185 5324 3759 5399">
     <span class='ocr_line' id='line_1_114' title="bbox 2185 5324 3759 5399; baseline -0.003 -18"><span class='ocrx_word' id='word_1_843' title='bbox 2185 5327 2412 5399; x_wconf 78' lang='grc' dir='ltr'>πιμελαὶ</span> <span class='ocrx_word' id='word_1_844' title='bbox 2432 5367 2447 5391; x_wconf 91' lang='grc'><strong>,</strong></span> <span class='ocrx_word' id='word_1_845' title='bbox 2484 5327 2668 5397; x_wconf 87' lang='grc' dir='ltr'>τρίχες</span> <span class='ocrx_word' id='word_1_846' title='bbox 2688 5366 2702 5389; x_wconf 90' lang='grc'><strong>,</strong></span> <span class='ocrx_word' id='word_1_847' title='bbox 2739 5327 2928 5396; x_wconf 72' lang='grc' dir='ltr'>ὄνυχες</span> <span class='ocrx_word' id='word_1_848' title='bbox 2948 5366 2962 5389; x_wconf 94' lang='grc'><strong>,</strong></span> <span class='ocrx_word' id='word_1_849' title='bbox 2995 5325 3217 5396; x_wconf 84' lang='grc' dir='ltr'>ἱδρῶτες</span> <span class='ocrx_word' id='word_1_850' title='bbox 3236 5365 3251 5388; x_wconf 90' lang='grc'><strong>,</strong></span> <span class='ocrx_word' id='word_1_851' title='bbox 3282 5326 3444 5395; x_wconf 77' lang='grc' dir='ltr'>ἀτμοὶ</span> <span class='ocrx_word' id='word_1_852' title='bbox 3463 5367 3477 5391; x_wconf 92' lang='grc'><strong>,</strong></span> <span class='ocrx_word' id='word_1_853' title='bbox 3506 5324 3759 5395; x_wconf 75' lang='grc' dir='ltr'>φλέγμα,</span> 
     </span>
    </p>
   </div>
   <div class='ocr_carea' id='block_1_115' title="bbox 2185 5414 3763 5489">
    <p class='ocr_par' dir='ltr' id='par_1_115' title="bbox 2185 5414 3763 5489">
     <span class='ocr_line' id='line_1_115' title="bbox 2185 5414 3763 5489; baseline -0.002 -20"><span class='ocrx_word' id='word_1_854' title='bbox 2185 5417 2335 5489; x_wconf 83' lang='grc' dir='ltr'>χολὴ,</span> <span class='ocrx_word' id='word_1_855' title='bbox 2372 5417 2465 5470; x_wconf 76' lang='grc' dir='ltr'>καὶ</span> <span class='ocrx_word' id='word_1_856' title='bbox 2492 5417 2591 5469; x_wconf 82' lang='grc' dir='ltr'><strong>ὅσα</strong></span> <span class='ocrx_word' id='word_1_857' title='bbox 2628 5414 2789 5468; x_wconf 83' lang='grc' dir='ltr'>λοιπὰ</span> <span class='ocrx_word' id='word_1_858' title='bbox 2819 5414 3047 5486; x_wconf 84' lang='grc' dir='ltr'>περιττὰ</span> <span class='ocrx_word' id='word_1_859' title='bbox 3112 5415 3206 5468; x_wconf 79' lang='grc' dir='ltr'>καὶ</span> <span class='ocrx_word' id='word_1_860' title='bbox 3234 5416 3427 5486; x_wconf 84' lang='grc' dir='ltr'>ἀχρεῖα</span> <span class='ocrx_word' id='word_1_861' title='bbox 3454 5415 3551 5483; x_wconf 77' lang='grc' dir='ltr'>τῆς</span> <span class='ocrx_word' id='word_1_862' title='bbox 3584 5414 3763 5485; x_wconf 75' lang='grc' dir='ltr'>αὐτῆς</span> 
     </span>
    </p>
   </div>
   <div class='ocr_carea' id='block_1_116' title="bbox 2184 5504 3759 5578">
    <p class='ocr_par' dir='ltr' id='par_1_116' title="bbox 2184 5504 3759 5578">
     <span class='ocr_line' id='line_1_116' title="bbox 2184 5504 3759 5578; baseline -0.003 -17"><span class='ocrx_word' id='word_1_863' title='bbox 2184 5509 2362 5570; x_wconf 81' lang='grc' dir='ltr'>αἰτίας</span> <span class='ocrx_word' id='word_1_864' title='bbox 2395 5506 2645 5575; x_wconf 79' lang='grc' dir='ltr'>ἐξῆπται.</span> <span class='ocrx_word' id='word_1_865' title='bbox 2680 5504 2797 5559; x_wconf 81' lang='grc' dir='ltr'><strong>Κᾶν</strong></span> <span class='ocrx_word' id='word_1_866' title='bbox 2836 5505 2903 5559; x_wconf 82' lang='grc' dir='ltr'>τὰ</span> <span class='ocrx_word' id='word_1_867' title='bbox 2935 5505 3043 5557; x_wconf 86' lang='grc' dir='ltr'><strong>τῶν</strong></span> <span class='ocrx_word' id='word_1_868' title='bbox 3091 5505 3266 5575; x_wconf 83' lang='grc' dir='ltr'>μελῶν</span> <span class='ocrx_word' id='word_1_869' title='bbox 3299 5505 3458 5578; x_wconf 72' lang='grc' dir='ltr'>εἴπῃς</span> <span class='ocrx_word' id='word_1_870' title='bbox 3492 5504 3759 5574; x_wconf 80' lang='grc' dir='ltr'>ὀνόματα,</span> 
     </span>
    </p>
   </div>
   <div class='ocr_carea' id='block_1_117' title="bbox 2184 5595 3761 5669">
    <p class='ocr_par' dir='ltr' id='par_1_117' title="bbox 2184 5595 3761 5669">
     <span class='ocr_line' id='line_1_117' title="bbox 2184 5595 3761 5669; baseline -0.002 -17"><span class='ocrx_word' id='word_1_871' title='bbox 2184 5599 2253 5656; x_wconf 81' lang='grc' dir='ltr'><strong>τά</strong></span> <span class='ocrx_word' id='word_1_872' title='bbox 2297 5615 2356 5650; x_wconf 90' lang='grc' dir='ltr'><strong>τε</strong></span> <span class='ocrx_word' id='word_1_873' title='bbox 2405 5595 2672 5668; x_wconf 78' lang='grc' dir='ltr'>ὀργανικὰ</span> <span class='ocrx_word' id='word_1_874' title='bbox 2727 5598 2821 5650; x_wconf 75' lang='grc' dir='ltr'><strong>καὶ</strong></span> <span class='ocrx_word' id='word_1_875' title='bbox 2846 5597 2913 5650; x_wconf 82' lang='grc' dir='ltr'>τὰ</span> <span class='ocrx_word' id='word_1_876' title='bbox 2958 5597 3285 5669; x_wconf 70' lang='grc' dir='ltr'>αἰσθητήρια</span> <span class='ocrx_word' id='word_1_877' title='bbox 3308 5635 3323 5661; x_wconf 93' lang='grc'><strong>,</strong></span> <span class='ocrx_word' id='word_1_878' title='bbox 3363 5596 3459 5649; x_wconf 75' lang='grc' dir='ltr'>καὶ</span> <span class='ocrx_word' id='word_1_879' title='bbox 3486 5596 3585 5648; x_wconf 83' lang='grc' dir='ltr'><strong>ὅσα</strong></span> <span class='ocrx_word' id='word_1_880' title='bbox 3622 5595 3761 5649; x_wconf 78' lang='grc' dir='ltr'>ἄλλα</span> 
     </span>
    </p>
   </div>
   <div class='ocr_carea' id='block_1_118' title="bbox 2185 5685 3759 5761">
    <p class='ocr_par' dir='ltr' id='par_1_118' title="bbox 2185 5685 3759 5761">
     <span class='ocr_line' id='line_1_118' title="bbox 2185 5685 3759 5761; baseline -0.003 -18"><span class='ocrx_word' id='word_1_881' title='bbox 2185 5689 2382 5761; x_wconf 68' lang='grc' dir='ltr'>’πληροῖ</span> <span class='ocrx_word' id='word_1_882' title='bbox 2417 5686 2506 5741; x_wconf 76' lang='grc' dir='ltr'>τὸν</span> <span class='ocrx_word' id='word_1_883' title='bbox 2553 5686 2646 5740; x_wconf 76' lang='grc' dir='ltr'>τοῦ</span> <span class='ocrx_word' id='word_1_884' title='bbox 2697 5686 2945 5758; x_wconf 85' lang='grc' dir='ltr'>σώματος</span> <span class='ocrx_word' id='word_1_885' title='bbox 2991 5688 3173 5757; x_wconf 79' lang='grc' dir='ltr'>ὄγκον,</span> <span class='ocrx_word' id='word_1_886' title='bbox 3220 5689 3283 5743; x_wconf 65' lang='grc' dir='ltr'>ὲκ</span> <span class='ocrx_word' id='word_1_887' title='bbox 3335 5688 3459 5759; x_wconf 79' lang='grc' dir='ltr'>μιᾶς</span> <span class='ocrx_word' id='word_1_888' title='bbox 3534 5685 3629 5741; x_wconf 70' lang='grc' dir='ltr'><strong>καὶ</strong></span> <span class='ocrx_word' id='word_1_889' title='bbox 3657 5687 3759 5758; x_wconf 76' lang='grc' dir='ltr'>τῆς</span> 
     </span>
    </p>
   </div>
  </div>
