4064 6146
364 244 465 297 375

361 349 537 419 αὐτῆς
570 354 709 406 κατὰ
746 355 843 426 τὴν
885 360 1086 430 τροςςὴν
1131 365 1408 437 ἐνεργείας
1437 374 1516 436 εἰς

357 439 621 536 διαφορὰς
650 443 974 502 ἀλλοιοῦται.
1003 452 1064 504 Et
1097 453 1153 506 δέ
1183 473 1267 520 τις
1295 461 1508 527 καὶτὰς
1533 467 1726 536 τέχνας
1752 439 1942 525 divam;

360 528 603 597 γίσαιτο,
638 535 861 606 εὑρήσει
891 541 984 592 καὶ
1031 542 1118 596 διὰ
1145 547 1350 603 τούτων
1389 554 1448 605 τὸ
1477 559 1942 630 κατεξητασμένον

359 620 454 724 τοῦ
482 622 774 690 δόγματοςο
806 630 935 697 μίαν
968 633 1076 704 γὰρ
1107 636 1182 700 ὡς
1210 641 1302 692 ἐπὶ
1334 643 1394 695 τὸ
1421 647 1554 699 πολὺ
1584 620 1691 701 τῶν
1725 620 1811 706 δια
1833 672 1942 724 χει-

365 713 453 780 ρός
482 730 535 766 τι
585 717 880 773 ποιούντων
923 724 1014 776 ἐπὶ
1054 728 1236 798 πάσης
1283 734 1478 806 τέχνης
1526 740 1742 811 ὁρῶμεν
1793 713 1940 818 ἐνέρ-

359 820 532 869 γειαν·
569 809 738 879 αὐτὴν
768 811 909 880 λέγω
943 816 1041 886 τῆς
1075 820 1254 890 χειρὸς
1293 824 1390 894 τὴν
1422 828 1653 899 κίνησιν·
1691 835 1827 888 ἀλλὰ
1859 840 1940 902 τίς

357 896 391 963 ἡ
443 900 697 952 κοινωνία
745 901 853 953 τῶν
901 906 1375 980 ἀποτελεσμάτων,
1426 921 1811 993 σκοπήσωμεν.
1875 925 1940 979 Τί

357 987 534 1040 κοινὸν
575 990 685 1059 ἔχει
734 994 862 1047 ναοῦ
907 1002 1216 1072 κατασκευὴ
1266 1004 1398 1074 πρὸς
1466 1008 1835 1084 ἱμάτιον,τῆς
1883 1017 1940 1070 ἐν

357 1079 601 1150 ἑκατέρῳ
636 1082 831 1154 τέχνης
862 1089 1072 1158 κινήσει
1109 1093 1288 1162 χειρὸς
1316 1096 1712 1172 ἐνεργουμένης
1740 1121 1753 1169 ;
1791 1079 1942 1158 Κινεῖ

353 1169 454 1238 τὴν
491 1174 656 1241 χεῖρα
683 1175 778 1226 καὶ⁵
807 1177 834 1229 6
883 1179 1233 1251 τοιχωρύχος,
1260 1189 1400 1238 κινεῖ
1424 1189 1517 1241 καὶ
1541 1192 1568 1242 6
1602 1169 1936 1264 φρεωρύχος·

359 1261 452 1312 καὶ
477 1261 547 1330 γῆ
581 1264 990 1332 μεταλλεύεται,
1021 1271 1115 1322 καὶ
1137 1273 1417 1339 φονεύεται
1445 1261 1937 1356 ἀνθρωττοςίκινὴ-

359 1367 494 1414 σεως
537 1355 720 1425 χειρὸς
765 1356 900 1429 ἔργα
933 1359 1002 1411 τὰ
1043 1361 1240 1416 πάντα.
1273 1365 1342 1418 ’Ὀ
1379 1385 1438 1420 τε
1468 1369 1577 1441 γὰρ
1607 1355 1939 1448 πολεμιστής

359 1445 448 1495 ἐπὶ
474 1446 571 1514 τῆς
636 1447 814 1518 μάχης
854 1449 940 1502 διὰ
967 1455 1145 1524 χειρὸς
1174 1457 1386 1526 ἐνεργεῖ
1410 1460 1507 1532 τὴν
1539 1463 1648 1516 τῶν
1681 1445 1938 1519 ἐναντίων

359 1539 589 1606 σφαγήν·
619 1539 714 1590 καὶ
757 1541 786 1592 6
827 1546 1100 1609 γεωπόνος
1133 1547 1291 1600 πάλιν
1321 1553 1384 1620 τῇ
1420 1554 1560 1620 χειρὶ
1626 1554 1712 1607 διὰ
1737 1557 1834 1626 τῆς
1858 1557 1937 1609 δι-

355 1626 546 1696 κέλλης
567 1629 885 1698 ἐπιθρύπτει
913 1633 1008 1703 τὴν
1036 1635 1224 1704 βῶλον.
1259 1638 1382 1702 Πῶς
1406 1637 1498 1693 οὖν
1525 1643 1655 1712 ἡμῖν
1677 1647 1704 1695 6
1735 1644 1937 1714 δογμα-

350 1717 534 1786 τιστὴς
563 1718 921 1787 ἀποφαίνεται
954 1726 1052 1788 τὰς
1086 1727 1254 1790 αὐτὰς
1291 1731 1572 1799 ἐνεργείας
1607 1734 1706 1804 τὴν
1745 1737 1934 1788 ταυτό-
1971 1730 2012 1785 Β

351 1825 486 1877 τητα
518 1810 624 1862 τῶν
650 1811 824 1882 ἔργων
855 1817 1136 1872 ἀποτελεῖν
1161 1837 1175 1887 ;
1215 1821 1338 1875 Ἐὰν
1367 1823 1423 1876 δὲ
1451 1824 1577 1896 δοθῇ
1603 1845 1654 1879 τι
1686 1830 1779 1882 καὶ
1803 1830 1934 1902 ἀλη-

349 1902 438 1963 Θὲς
472 1902 614 1972 ἔχειν
642 1906 708 1959 τὰ
734 1909 1020 1980 εἰρημένα,
1055 1915 1216 1968 πάλιν
1241 1918 1334 1970 καὶ
1365 1918 1452 1971 διὰ
1480 1920 1667 1973 τούτου
1697 1923 1757 1975 τὸ
1793 1925 1936 1977 κατὰ

347 1987 442 2056 τὴν
466 1990 652 2044 οὐσίαν
679 1995 874 2050 οἰκεῖον
903 1999 996 2052 τοῦ
1022 2019 1078 2054 τε
1107 2002 1236 2056 Υἱοῦ
1263 2006 1400 2076 πρὸς
1426 2008 1518 2062 τὸν
1548 2010 1769 2082 Πατέρα
1795 2052 1809 2075 ,
1841 2015 1934 2066 καὶ

344 2079 438 2131 τοῦ
485 2081 796 2153 Πνεύματος
831 2089 966 2158 πρὸς
999 2092 1090 2144 τὸν
1134 2095 1262 2147 Υιὸν
1308 2097 1470 2150 πλέον
1499 2079 1827 2157 συνίσταται.
1869 2105 1932 2159 Εἰ

348 2171 444 2263 μεν
473 2172 580 2263 γὰρ
606 2169 674 2243 ἦν
703 2193 786 2239 τις
813 2177 920 2232 τῶν
946 2182 1238 2252 ἐνεργειῶν
1267 2190 1609 2263 παραλλαγὴ,
1643 2194 1717 2258 ὡς
1751 2196 1927 2261 ἄλλως

346 2258 447 2358 μὲν
472 2261 565 2313 τοῦ
599 2265 830 2334 Πατρὸς,
861 2269 1060 2340 ἑτέρως
1089 2273 1146 2326 δὲ
1184 2275 1278 2328 τοῦ
1304 2278 1433 2331 Υἱοῦ
1457 2258 1730 2336 τδίδοκοῦν
1762 2258 1929 2358 ὲργαιζ

342 2345 602 2418 ζομένου,
661 2355 841 2420 καλῶς
894 2356 1044 2430 εἶχεν
1087 2365 1149 2414 ὲκ
1189 2365 1284 2419 τοῦ
1331 2370 1786 2442 παρηλλαγμένον
1822 2378 1927 2431 τῶν

341 2443 651 2512 ἐνεργειῶν,
684 2450 776 2501 καὶ
803 2450 864 2502 τὸ
888 2453 988 2521 τῆς
1020 2455 1376 2530 ἐργασθείσης
1403 2463 1492 2531 ὑφ’
1520 2455 1778 2537 ἑκατέρου
1810 2471 1927 2522 106—

339 2547 444 2586 των
488 2536 672 2600 οὐσίας
717 2537 1166 2614 παρηλλαγμένον
1207 2552 1618 2622 τεκμαίρεσθαι.
1675 2536 1735 2608 Et
1781 2558 1836 2610 δὲ

335 2624 522 2695 τρόπῳ
566 2629 774 2698 ἐνεργεί
812 2633 840 2683 6
882 2635 1093 2706 Πατὴρ,
1136 2640 1310 2693 πάντα
1348 2645 1440 2696 καὶ
1470 2646 1498 2696 6
1550 2637 1679 2711 Υἱὸς
1723 2624 1925 2718 ὁμοίως

337 2717 499 2777 mansi,
532 2719 674 2770 κατά
693 2737 752 2772 τε
778 2721 876 2791 τὴν
900 2725 1067 2778 αὑτοῦ
1089 2729 1182 2780 τοῦ
1211 2724 1414 2802 Κυρίου
1437 2737 1643 2808 φωνὴν,
1668 2740 1762 2792 καὶ
1782 2742 1924 2795 κατὰ

335 2806 424 2896 τὸν
451 2807 644 2862 εἰκότα
663 2810 818 2877 λόγον
855 2817 937 2883 (οὐ
973 2817 1134 2887 γὰρὸ
1175 2822 1274 2889 μὲν
1313 2806 1618 2896 ἀσωμάτως
1640 2869 1656 2890 ,
1689 2832 1718 2882 6
1746 2830 1802 2883 δὲ
1835 2833 1923 2886 διὰ

335 2895 586 2965 σώματος
607 2938 621 2961 ,
653 2901 772 2952 οὐδὲ
797 2904 1001 2968 ἐκεῖνος
1034 2908 1132 2977 μὲν
1164 2911 1228 2963 ὲκ
1266 2912 1424 2984 τῆσδε
1463 2915 1613 2986 ὕλης,
1646 2919 1710 2971 ὲκ
1738 2921 1794 2973 δὲ
1820 2923 1919 2989 τῆς

333 2987 525 3057 ἑτέρας
561 2991 590 3041 6
634 2991 839 3062 ἕτερος,
867 2996 984 3048 οῦδὲ
1011 2999 1069 3050 ὲν
1094 3001 1298 3071 χρόνῳ,
1333 3005 1451 3058 οὐδὲ
1487 3005 1543 3060 ἐν
1570 3009 1725 3080 τόπῳ
1759 2987 1918 3076 ἄλλος

1512 266 1789 325 CONTRA
1823 271 2228 342 EUNOMIUM,
2276 281 2403 335 LIB.
2447 281 2485 337 Ι.

3507 303 3611 358 574

1551 377 1648 440 τὰς
1677 382 1919 436 τοσαῦτα.

2043 395 2290 462 corporis
2348 401 2757 466 constituentia,
2819 407 3027 463 videbis
3082 417 3135 464 et
3205 411 3317 465 haec
3377 429 3438 465 ex
3505 431 3610 470 una

2045 487 2362 542 nutrimeuti
2395 493 2713 560 operatione
2750 498 2801 548 iu
2833 499 2992 552 talem
3026 509 3079 554 et
3121 509 3326 555 tantam
3377 505 3610 558 diversu-

2042 584 2205 634 tatem
2234 595 2574 639 excrescere.
2609 585 2664 639 Si
2688 588 2811 657 quis
2853 605 2940 644 res
2976 608 3138 646 lltaﬂu
3202 601 3255 648 et
3287 606 3402 665 arte
3441 597 3612 652 factas

2041 674 2396 742 contemplari
2434 677 2636 744 cupiat,
2694 679 2933 756 inveniet
2991 683 3152 736 etiam
3189 684 3241 738 in
3281 687 3388 751 his,
3446 705 3610 758 quam

2043 761 2444 820 inconsiderate
2478 767 2577 821 hoc
2613 769 2759 836 quod
2805 773 3081 827 contraria
3142 779 3412 832 sententia
3471 783 3607 843 vult,

2042 864 2316 922 assertum
2345 857 2454 921 sit;
2489 872 2651 912 unam
2679 861 2823 914 enim
2855 869 2915 916 ιιι
2965 865 3256 932 plurimum
3308 869 3360 940 in
3404 870 3469 923 iis
3515 873 3608 940 qui

2043 959 2204 1000 manu
2233 947 2498 1014 laborant,
2532 951 2586 1003 in
2617 951 2764 1005 omni
2789 961 2906 1007 arte
2932 954 3176 1011 videmus
3213 961 3607 1027 operationem,

2043 1038 2235 1105 ipsam,
2271 1038 2515 1108 inquam,
2547 1049 2743 1097 manus
2780 1043 3113 1100 motionem:
3149 1056 3202 1101 at
3247 1049 3608 1120 dispiciamus

2041 1143 2288 1198 quamam
2325 1130 2394 1182 sit
2427 1128 2729 1185 similitudo
2767 1133 3083 1189 eil'ectuum.
3134 1136 3272 1202 Quid
3321 1155 3610 1197 commune

2041 1231 2095 1273 et
2126 1221 2303 1276 simile
2329 1221 2493 1276 habet
2526 1224 2712 1293 templi
2770 1229 3071 1282 exstructio
3105 1244 3229 1283 cum
3271 1233 3439 1287 vestis
3476 1251 3607 1288 con-

2045 1313 2299 1374 fectioue,
2335 1324 2450 1369 arte
2479 1317 2773 1386 utrobique
2814 1334 2908 1387 per
2940 1335 3134 1375 manus
3159 1323 3453 1378 motionem
3477 1343 3609 1396 ope-

2040 1407 2237 1460 rante?
2275 1405 2489 1462 Manum
2530 1417 2728 1475 movet,
2789 1417 2900 1462 tam
2955 1412 3048 1479 qui
3104 1428 3290 1468 muros
3346 1416 3615 1484 perfodit,

2039 1511 2200 1568 quam
2227 1499 2318 1568 qui
2351 1506 2570 1567 puteum
2604 1497 2853 1564 fodit;ex
2883 1503 3030 1557 terra
3057 1505 3270 1558 eruitur
3301 1508 3602 1573 metallum,

2039 1606 2148 1660 quo
2177 1593 2338 1646 homo
2367 1593 2656 1655 occiditur,
2691 1602 2745 1648 et
2771 1595 2953 1649 omnia
2983 1610 3082 1650 sua
3112 1598 3323 1655 eﬂiee're
3363 1612 3602 1658 conatur

2039 1683 2200 1737 homo
2233 1683 2472 1739 motione
2505 1699 2720 1740 manus.
2778 1683 2912 1740 Nam
2963 1689 3119 1745 miles
3151 1691 3203 1744 in
3243 1692 3380 1747 bello
3442 1711 3608 1751 manu-

2039 1777 2237 1831 casdem
2267 1784 2320 1832 et
2348 1785 2584 1848 stragem
2613 1791 2835 1834 suorum
2856 1780 3088 1835 hostium
3108 1783 3221 1838 edit
3243 1825 3257 1847 ,
3288 1795 3335 1840 et
3366 1779 3603 1856 agricola

2037 1883 2199 1922 manu
2241 1885 2334 1939 per
2363 1871 2595 1940 ligonem
2652 1873 2836 1941 glebas
2872 1871 3091 1942 frangit.
3125 1875 3409 1941 Quomodo
3441 1879 3606 1949 igitur

2037 1961 2322 2016 haereticus
2400 1962 2501 2016 iste
2555 1963 2805 2028 allirmat,
2859 1965 3172 2021 earumdem
3224 1970 3600 2038 operationum

2032 2050 2251 2105 eosdem
2283 2065 2406 2106 esse
2442 2051 2706 2108 effectus?
2743 2063 2797 2109 et
2827 2055 2948 2112 licet
2973 2057 3400 2114 concederemus
3451 2076 3481 2114 a
3510 2077 3604 2116 ve-

2033 2145 2193 2199 ritate
2226 2144 2404 2199 aliena
2452 2161 2561 2198 non
2597 2145 2738 2209 esse,
2808 2164 2928 2217 qua:
2972 2149 3128 2213 dicit,
3169 2157 3351 2207 tamen
3415 2169 3477 2207 ex
3515 2154 3602 2209 his

2030 2238 2190 2291 etiam
2218 2245 2361 2292 recte
2393 2237 2706 2291 conﬁrmari
2740 2247 2924 2308 posset
2963 2239 3085 2295 Filii
3142 2258 3264 2298 eum
3321 2241 3506 2309 Patre,
3549 2255 3602 2301 et

2031 2325 2270 2397 Spiritus
2297 2329 2472 2382 sancti
2497 2343 2620 2383 cum
2653 2327 2788 2383 Filio
2841 2332 3222 2386 convenientia
3257 2335 3312 2388 in
3372 2344 3594 2390 natura.

2028 2418 2161 2472 Nam
2199 2419 2245 2473 si
2276 2429 2423 2474 esset
2452 2419 2632 2490 aliqua
2664 2423 3040 2492 operationum
3071 2427 3324 2491 mutatio,
3353 2436 3412 2480 ut
3441 2429 3602 2483 aliter

2027 2509 2244 2579 quidem
2282 2507 2464 2574 Pater,
2523 2512 2682 2565 aliter
2715 2521 2896 2568 autem
2962 2513 3134 2570 Filius
3199 2516 3274 2583 id,
3309 2521 3454 2588 quod
3492 2520 3596 2574 sibi

2027 2603 2326 2669 videretur,
2355 2607 2740 2675 ageret,'"recte
2794 2621 2857 2660 ex
2898 2609 3200 2662 mutatione
3234 2618 3288 2665 et
3334 2611 3598 2666 varietate

2026 2698 2403 2766 operationum
2452 2697 2873 2753 concluderetur
2923 2699 3216 2758 diversitas
3278 2695 3595 2765 effectuum,

2024 2787 2116 2856 qui
2145 2787 2213 2841 ab
2245 2797 2476 2858 utroque
2506 2789 2762 2860 producti
2792 2799 2998 2847 essent.
3028 2793 3097 2848 At
3130 2794 3174 2848 si
3212 2810 3277 2850 eo
3301 2794 3464 2850 modo
3489 2814 3599 2864 quo

2023 2876 2183 2932 Pater
2225 2889 2485 2948 operatur
2539 2881 2744 2948 onmia,
2789 2881 2961 2940 Filius
3000 2885 3186 2942 itidem
3228 2877 3426 2941 omnia‘
3444 2885 3592 2949 facit.

2024 2979 2082 3023 ut
2117 2971 2234 3040 ipse
2274 2969 2536 3027 Dominus
2568 2982 2800 3030 testatus
2831 2986 2935 3042 est,
2975 2985 3029 3033 et
3058 2993 3147 3033 res
3181 2979 3298 3048 ipsa
3355 2979 3595 3049 postulat

332 3077 474 3142 ἄλλῳ
505 3080 565 3132 τὸ
609 3082 798 3134 δοκοῦν
838 3089 1272 3142 κατεργάζεται·
1318 3095 1426 3142 οὐδ’
1461 3098 1642 3142 αὐτῶν
1671 3102 1915 3142 Amr/num:

2021 3068 2035 3132 (
2066 3079 2170 3116 non
2203 3065 2345 3117 enim
2381 3079 2521 3119 llltllS
2553 3065 2713 3119 modo
2755 3067 3100 3138 incorporeo,
3136 3069 3275 3125 alter
3305 3086 3592 3142 corporeo,

416 3096 474 3149 ιῳ
505 3096 565 3132 το
609 3096 798 3134 οοκουν
838 3096 1272 3156 κατεργάζεται·
1318 3096 1426 3147 οὐδ’
1461 3098 1642 3152 αὐτῶν
1671 3102 1915 3170 ὀργάνων

331 3168 582 3242 διαφοραὶ
630 3173 688 3224 τὸ
743 3176 1196 3246 παρηλλαγμένον
1242 3168 1760 3251 κοιτασῖιιευάζξουσινἐ
1798 3192 1914 3246 ἀλλ’

331 3261 491 3329 ἀρκεῖ
511 3263 644 3333 μόνη
663 3263 964 3335 θελήματος
985 3271 1219 3339 κίνησις,
1243 3274 1336 3325 καὶ
1358 3278 1725 3348 προαιρέσεως
1746 3284 1912 3354 ὁρμὴ,

331 3353 627 3425 σύνδρομον
661 3357 880 3427 ἔχουσα,
907 3361 1002 3411 καὶ
1031 3363 1501 3421 ἐπακολουθοῦσαν
1526 3371 1661 3440 πρὸς
1683 3373 1782 3444 τὴν
1804 3353 1912 3428 τῶν

329 3444 495 3500 iam»;
528 3449 822 3504 ὑπόστασιν
855 3453 956 3522 τὴν
986 3454 1296 3521 ὑφιστῶσαν
1328 3459 1396 3511 τὰ
1425 3460 1604 3514 πάντα
1633 3457 1908 3536 δύναμιν),

327 3537 421 3587 ναὶ
446 3538 502 3588 ἐν
528 3539 691 3591 πᾶσιν
719 3541 920 3610 ὁμοίως
943 3544 972 3595 6
1007 3545 1214 3616 Πατὴρ,
1251 3547 1311 3612 ἐξ
1336 3540 1398 3600 οῦ
1427 3548 1496 3601 τὰ
1522 3551 1720 3617 πάντα,
1756 3555 1852 3607 καὶ
1882 3557 1912 3608 6

329 3626 474 3689 Υἱὸς,
508 3627 574 3679 δι’
609 3621 671 3680 οὗ
701 3631 770 3682 τὰ
816 3631 1011 3697 πάντα,
1047 3635 1169 3687 κατ’
1215 3637 1350 3690 αὐτὸ
1385 3639 1485 3709 τῆς
1517 3641 1795 3712 ἐνεργείας
1849 3646 1910 3698 τὸ

326 3710 465 3778 εἶδος
507 3718 868 3788 ἐργάζονται,
911 3723 1029 3786 πῶς
1069 3718 1225 3788 οὗτος
1257 3727 1357 3799 τὴν
1396 3732 1536 3784 κατὰ
1576 3733 1676 3796 τὰς
1723 3736 1910 3802 οὐσίας

325 3805 588 3876 διαφορὰν
618 3809 710 3862 ἐπὶ
748 3811 841 3864 τοῦ
877 3813 1037 3876 Υἱοῦ,
1076 3815 1170 3868 καὶ
1202 3817 1298 3870 τοῦ
1346 3819 1670 3891 Πνεῦματοςν
1693 3825 1907 3880 ἀποδει·

325 3896 508 3950 κνύειν
525 3899 696 3952 οῐεται
722 3901 810 3955 διὰ
828 3904 923 3956 τοῦ
952 3907 1410 3978 παρηλλαγμένου
1430 3913 1530 3982 τῆς
1557 3915 1650 3967 τοῦ
1673 3917 1903 3988 Πατρὺς,

323 3988 416 4040 καὶ
448 3989 541 4041 τοῦ
588 3991 710 4044 Ποῦ
743 3995 1024 4063 ἐνεργείας
1061 3997 1157 4054 ἀπ’
1201 3999 1447 4070 ἀλλήλων
1493 4005 1904 4079 χωριζομένηςς

323 4078 640 4135 Τούναντίον
689 4084 840 4153 γὰρ,
891 4085 1072 4151 καθὼς
1123 4087 1353 4158 ἔφαμεν,
1405 4078 1899 4167 παρασκευάζεται,

319 4171 506 4242 ἐπειδὴ
558 4173 729 4236 οὐδεὶς
769 4177 971 4246 τρόπος
1025 4181 1127 4250 τῆς
1157 4181 1268 4234 τῶν
1299 4182 1590 4254 ἐνεργειῶν
1617 4189 1901 4260 παραλλα-

319 4261 421 4330 γῆς
448 4263 508 4314 ὲν
553 4263 726 4334 nam
763 4265 858 4318 καὶ
912 4267 1023 4338 Υίῷ
1065 4269 1485 4340 Occupet-cauam
1523 4277 1588 4329 τὸ
1631 4280 1901 4350 μηδεμίαν

318 4351 377 4402 ἑν
418 4354 537 4416 ταῖς
566 4354 774 4419 οὐσίαις
801 4359 816 4376 ⁶
836 4357 930 4410 τοῦ
961 4358 1093 4411 Υἰοῦ
1147 4363 1242 4414 καὶ
1277 4363 1372 4416 τοῦ
1405 4367 1718 4438 Πνεῦματος
1756 4367 1897 4426 εἶναι

317 4441 628 4508 διάστασιν,
659 4446 717 4498 ὲν
755 4448 831 4517 τῇ,
852 4451 1138 4520 ταυτότητι
1175 4453 1271 4523 τῆς
1311 4456 1768 4531 ὑποστησαμένης
1797 4463 1902 4516 δυ-

317 4533 534 4603 νάμεως
572 4535 938 4592 ἐπιδείκνυται
959 4577 974 4603 ,
1019 4542 1200 4606 καθὼς
1233 4547 1326 4598 καὶ
1367 4549 1406 4617 ἡ
1429 4549 1527 4602 τοῦ
1559 4550 1900 4624 λογογράφου

320 4625 593 4694 μαρτυρία
614 4625 930 4695 βεᾶαιοίτὸν
949 4631 1124 4700 λόγον,
1149 4633 1322 4698 οὕτως
1341 4637 1434 4689 ἐπὶ
1459 4637 1656 4705 λέξεως
1679 4643 1896 4713 ἔχουσα·

319 4712 473 4780 "Ara,
508 4717 662 4786 φησὶ,
697 4715 816 4772 τῶν
842 4719 1154 4792 ἐνεργειῶν·
1174 4725 1290 4794 τὴν
1309 4731 1638 4797 ταυτότητα
1666 4712 1783 4788 τῶν
1804 4734 1898 4803 ἕρ-

313 4822 434 4874 των
479 4809 932 4870 ἀποτελουσῶν.
980 4815 1142 4870 ’Ὥστε
1187 4821 1236 4872 εἰ
1277 4822 1540 4893 ταυτότης
1573 4826 1894 4880 ἐπιτελεῖται

311 4897 418 4950 τῶν
453 4898 630 4971 ἐργων
661 4902 721 4954 ὲν
753 4906 817 4974 τῇ
850 4904 955 4958 τῶν
979 4907 1281 4978 ἐνεργειῶν
1299 4913 1597 4984 ὁμοιότητι,
1649 4916 1810 4988 ἔργον
1837 4919 1894 4973 δὲ

311 4989 430 5040 κατ’
483 4991 680 5055 αὐτοὺς
723 4993 814 5046 τοῦ
860 4997 958 5065 μὲν
1002 4999 1213 5070 Πατρὸς
1256 5003 1470 5070 ὁ·Υἰὸς,
1513 5007 1701 5061 τούτου
1737 5011 1794 5066 δὲ
1829 5013 1891 5066 τὸ

311 5079 538 5152 Πνεῦμα
567 5084 630 5137 τὺ
668 5084 822 5154 ἅγιον
845 5104 858 5118 ο
909 5091 941 5158 ἡ
978 5092 1332 5164 ὀμοιοτροπία
1377 5097 1476 5166 τῆς
1531 5099 1626 5151 τοῦ
1667 5103 1880 5174 Πατρὺς

309 5174 402 5226 καὶ
424 5175 520 5228 τοῦ
554 5176 688 5231 Υἰοῦ
732 5179 1011 5251 ἐνεργείας
1061 5183 1160 5253 τὴν
1200 5188 1505 5258 ταυτότητα
1542 5191 1756 5257 πάντως
1787 5196 1884 5265 τῆς

305 5263 762 5342 ἀπατελεσθείσης
797 5272 982 5336 οὐσίας
1013 5274 1337 5342 ἐνδείξεται..

382 5503 546 5561 Ἀλλὰ
599 5509 921 5580 προστίθησι
982 5515 1094 5580 καὶ,
1140 5519 1657 5588 παρηλλαῃιένων
1697 5524 1884 5593 ἔργων

305 5598 811 5668 παρηλλαγμένας
843 5601 943 5654 καὶ
975 5602 1082 5669 τὰς
1112 5604 1412 5675 ἐνεργείας
1445 5610 1874 5680 ἐμφαινόντων,

305 5689 471 5749 ιιλιλιν
501 5689 683 5748 τοίνυν
711 5692 804 5746 καί
831 5691 986 5750 τοῦτο
1025 5695 1406 5770 σκοπήσωμεν,
1440 5702 1543 5758 τίνι
1571 5706 1628 5759 τὸ
1663 5709 1880 5781 ἰσχυρὸν

2023 3170 2197 3224 neque
2228 3155 2318 3209 ille
2347 3170 2410 3209 ex
2447 3155 2547 3210 hac
2575 3158 2821 3218 materia,
2858 3175 2923 3212 ex
2965 3160 3069 3212 alia
3102 3177 3232 3215 vero
3263 3163 3404 3217 alius
3431 3203 3446 3226 ,
3498 3179 3593 3220 ne-

2019 3264 2124 3317 que
2155 3246 2294 3302 alius
2327 3247 2433 3301 alio
2459 3255 2700 3318 tempore
2722 3251 2801 3302 vel
2835 3249 2973 3315 loco,
3001 3267 3162 3318 quam
3192 3251 3332 3308 alius
3357 3253 3409 3307 id
3444 3257 3590 3324 quod

2020 3341 2131 3394 vult
2162 3339 2343 3401 edicit,
2397 3339 2491 3395 sed
2528 3357 2703 3410 neque
2770 3342 3256 3399 instrumentorum
3297 3345 3589 3402 diversitas

2019 3432 2109 3486 hic
2141 3432 2428 3501 reperitur,
2466 3449 2586 3503 qua:
2616 3434 2968 3490 diversitates
3025 3446 3240 3507 arguat,
3279 3439 3407 3508 quia
3442 3439 3589 3493 sun.-

2015 3526 2091 3577 cit
2120 3526 2238 3578 sola
2273 3527 2572 3580 voluntatis
2633 3527 2823 3588 motio,
2859 3536 2917 3582 et.
2975 3529 3264 3584 electionis
3326 3532 3588 3599 appetitio

2015 3631 2136 3686 qua:
2166 3616 2514 3686 coniunctam
2545 3617 2730 3685 habet,
2760 3627 2814 3674 et
2843 3620 3003 3689 quasi
3027 3625 3282 3676 comitem
3307 3622 3373 3677 ad
3403 3637 3586 3676 rerum

2015 3703 2378 3769 ell'eetionem,
2425 3709 2530 3760 vim
2573 3709 2716 3762 illam
2779 3718 2832 3764 et
2895 3709 3228 3776 facultatem,
3265 3729 3385 3781 qua;
3421 3713 3585 3767 rebus

2014 3793 2270 3852 onmihus
2302 3798 2714 3854 subsistentiam
2749 3801 3004 3871 tribuit),
3043 3803 3086 3857 si
3124 3803 3288 3874 igitur
3320 3805 3373 3860 in
3408 3807 3585 3860 omnis

2014 3886 2116 3942 bus
2148 3887 2400 3942 similiter
2431 3887 2612 3951 Pater,
2670 3905 2702 3944 a
2756 3907 2866 3960 quo
2899 3894 3105 3956 omnia,
3160 3904 3215 3950 et
3252 3893 3446 3976 Filius,
3488 3911 3590 3965 per

2010 3993 2172 4048 quem
2207 3979 2414 4044 omnia,
2446 3978 2633 4034 eadem
2668 3982 3004 4051 operationis
3056 3987 3234 4054 specie
3265 3996 3580 4056 operantur,

2009 4070 2283 4139 quomodo
2316 4070 2420 4126 iste
2451 4072 2822 4129 diversitatem
2863 4075 3187 4132 substantiae
3244 4077 3296 4130 in
3330 4077 3490 4132 Patre
3528 4089 3603 4132 ιιι--

2008 4157 2146 4212 Filio
2191 4160 2398 4230 colligit
2436 4177 2500 4216 ex
2538 4161 2859 4219 diversitate
2915 4165 3251 4233 Operationis
3283 4165 3506 4219 eosdem
3547 4182 3579 4220 a

2007 4265 2067 4306 se
2101 4259 2289 4305 mutuo
2325 4242 2682 4322 separantis?
2730 4254 3080 4309 Contrarium
3121 4257 3288 4315 enim,
3321 4267 3381 4326 ut
3417 4266 3578 4311 antea

2007 4341 2264 4410 diximus,
2306 4343 2616 4405 coniicitur.
2662 4345 2802 4400 (lum
2858 4361 3094 4416 namque
3146 4348 3329 4403 nullus
3379 4340 3603 4404 modus.

1932 4427 1979 4486 υ
2005 4436 2345 4492 diversarum
2378 4438 2754 4506 operationum
2784 4439 2836 4492 in
2867 4438 3028 4492 Patre
3053 4447 3108 4494 et
3129 4438 3264 4494 Filio
3283 4451 3573 4512 appareat,

2006 4527 2086 4592 lit,
2129 4535 2188 4580 ut
2222 4527 2386 4581 etiam
2417 4527 2473 4581 in
2502 4528 2806 4583 substantia
2836 4527 3016 4585 Patris
3047 4539 3100 4585 et
3134 4530 3256 4585 Filii
3318 4535 3467 4588 nulla
3502 4536 3593 4591 sit-

2001 4618 2262 4676 discretio
2304 4634 2402 4674 seu
2441 4619 2726 4681 distantia,
2758 4621 2906 4690 quod
2954 4621 3149 4677 attinet
3177 4623 3243 4677 ad
3279 4624 3582 4683 etlectricis-

2000 4710 2611 4780 potentiaeidentitatem
2640 4725 2654 4767 :
2685 4711 2772 4764 cui
2818 4711 2895 4767 rei
2927 4713 3136 4772 accedit
3169 4715 3345 4784 ipsius
3385 4716 3571 4773 deela-

2001 4801 2582 4873 matoris(Eunomii)
2613 4803 3007 4868 testimonium,
3064 4807 3136 4860 ita
3185 4823 3246 4863 se
3300 4809 3570 4865 vorbatim

2003 4892 2212 4948 habens
2240 4911 2253 4946 :
2281 4891 2469 4946 iisdem
2501 4894 2893 4961 operationibus
2957 4895 3140 4951 cadent
3168 4915 3372 4969 quoque
3411 4918 3570 4969 opera

1996 4985 2356 5054 efﬁcientibus.
2396 4985 2582 5055 Itaque
2614 4986 2659 5040 si
2690 4987 2877 5041 eadem
2907 5005 3070 5058 opera
3101 5006 3169 5046 ex
3204 4992 3398 5048 iisdem
3439 5009 3570 5062 ope-

1995 5075 2300 5130 rationibus
2337 5074 2627 5144 prodeunt.
2683 5094 2820 5147 opus
2879 5096 3008 5136 vero
3075 5082 3274 5149 Patris,
3322 5087 3565 5154 ipsorum

1992 5166 2210 5234 quidem
2243 5166 2473 5234 judicio,
2503 5175 2586 5222 est
2618 5167 2808 5233 Filius,
2835 5171 2998 5240 hujus
3028 5190 3154 5229 vero
3185 5175 3422 5244 Spiritus
3439 5191 3563 5228 san-

1992 5265 2114 5310 ctus
2145 5272 2170 5322 ;.
2194 5255 2499 5310 similitudo
2527 5260 2890 5326 operationis,
2915 5278 3035 5330 qua:
3068 5264 3120 5316 in
3155 5262 3314 5315 Patre
3337 5271 3392 5316 et
3422 5261 3562 5318 Filio

1991 5357 2096 5414 est,
2143 5348 2422 5417 productae
2448 5365 2664 5420 quoque
2693 5353 3015 5410 substantiae
3075 5351 3414 5407 identitatem
3446 5356 3560 5410 evi-

1991 5443 2184 5497 denter
2219 5441 2454 5496 evincet.

2061 5532 2243 5594 Addit,
2283 5532 2493 5586 diversa
2527 5549 2684 5602 opera
2711 5535 3070 5588 diversitatem
3093 5537 3456 5602 operatiouum
3480 5540 3557 5595 in-

1988 5624 2187 5676 dicare.
2223 5621 2366 5692 Ergo
2394 5623 2775 5692 dispiciamus,
2808 5632 3069 5694 quantum
3101 5625 3316 5685 roboris
3359 5629 3416 5685 in
3455 5631 3559 5685 hac

1989 5714 2293 5772 assertione
2331 5713 2481 5782 insit,I
2523 5714 2756 5786 idque,si
2790 5717 2986 5788 placet,
3025 5719 3331 5792 perspicuis
3369 5735 3557 5780 excms
