4068 6148
427 216 534 275 375

1671 228 1726 284 S.
1768 228 2092 287 GREGORII
2139 231 2423 291 NYSSENI

3579 243 3682 297 57ίῖ

429 339 535 410 plis
563 337 1006 409 comprobemus.
1037 339 1118 395 An
1155 358 1262 398 non
1293 360 1397 398 una
1435 355 1519 401 est
1562 349 1816 420 praecepti
1870 364 2000 419 ope-

2105 356 2128 408 6
2167 353 2320 422 λόγος
2351 353 2481 424 ἔχει,
2511 355 2624 411 καὶ.
2659 355 2705 410 εἰ
2738 353 2904 416 δοκεῖ,
2931 351 3018 407 διά
3048 351 3154 406 τῶν
3194 351 3438 421 ἐναργῶν
3470 343 3681 408 ὑποδει-

431 429 576 483 ratio
635 428 778 498 ejus,
841 431 934 500 qui
994 433 1313 489 universum
1356 437 1642 502 mundum,
1683 447 1736 493 et
1793 440 1998 504 omnia,

429 536 550 588 qua:
605 520 754 575 illius
789 523 1083 593 complexu
1139 529 1515 595 continentur,
1564 533 1678 588 sola
1728 533 2007 588 voluntate

429 610 722 666 condidit?
777 611 897 681 Ipse
936 615 1077 668 enim
1109 617 1246 672 dixit
1281 629 1330 675 et
1365 620 1511 690 facta
1537 635 1680 686 sunt,
1717 626 1827 693 ipse
1856 642 2008 679 man-

428 701 574 756 davit
612 713 664 758 et
726 716 904 760 creata
963 709 1172 766 sunt”.
1234 712 1432 770 Annon
1497 717 1812 774 mandatum
1899 718 2003 774 huc

424 796 681 852 omnibus
708 800 990 868 aequaliter
1037 804 1332 860 essentiam
1384 807 1554 871 dedit,
1618 811 1846 880 solaque
1900 826 1999 867 vo-

427 891 611 945 luntas
645 891 780 946 satis
810 891 933 957 fuit,
983 901 1043 947 ut
1080 895 1326 965 idqnod
1373 913 1483 956 non
1531 909 1650 955 erat
1689 917 2010 973 procreare-

427 982 565 1036 tur?
595 982 883 1048 Quomodo
919 985 1105 1057 igitur,
1139 1002 1264 1042 cum
1290 1004 1355 1046 ex
1387 1006 1494 1048 una
1545 994 1789 1048 mandati
1845 996 2008 1065 hujus

425 1073 745 1142 operatione
799 1083 948 1132 tanta
981 1092 1164 1134 rerum
1203 1078 1496 1140 diversitas
1546 1085 1840 1151 exstiterit,
1905 1087 2009 1143 iste

428 1163 588 1232 quasi
619 1165 795 1222 oculis
827 1166 1030 1222 clausis
1060 1169 1197 1223 nihil
1231 1171 1446 1240 videns,
1489 1175 1744 1242 allirmat,
1778 1191 2005 1246 operum

430 1254 746 1310 varietatem
803 1257 1178 1320 diversitatem
1234 1277 1454 1333 quoque
1506 1268 1842 1335 operationis
1906 1284 2005 1323 ar-

431 1362 599 1416 guere
627 1347 651 1401 ?
678 1349 722 1402 E
755 1352 1038 1410 contrario
1070 1352 1218 1410 enim
1248 1357 1554 1424 oportebat,
1585 1360 1767 1416 omnia
1801 1375 1924 1430 qua:
1953 1362 2006 1416 in

430 1437 537 1492 hoc
570 1438 776 1494 mundo
811 1441 1088 1510 visuntur,
1118 1443 1364 1513 ejusdem
1394 1449 1594 1517 speciei
1647 1465 1790 1514 esse,
1830 1452 1900 1520 si,
1950 1464 2009 1507 ut

430 1530 700 1585 sectarius
727 1530 832 1586 iste
863 1533 1045 1596 tradit.
1079 1535 1397 1593 diversitate
1450 1554 1675 1609 Operum
1711 1543 1878 1603 etiam
1923 1544 2008 1602 di-

433 1621 668 1678 versitas
694 1626 1074 1693 operationum
1111 1629 1542 1690 demonstratur.
1586 1635 1666 1691 An
1717 1652 1804 1693 res
1869 1637 2005 1692 istas

2107 445 2331 516 γμάτων
2353 443 2522 499 ταῦτα
2557 445 2997 516 κατανοήσωμεν,
3040 440 3165 515 ⁷Λρ’
3199 444 3320 514 οὐχὶ
3354 443 3451 513 μία
3475 446 3624 498 ἐστὶν
3651 445 3685 516 ἠ

2105 537 2200 591 τοῦ
2253 538 2616 609 προστάσσειν
2659 537 2907 608 ἐνέργεια
2949 535 3044 590 τοῦ
3094 535 3271 589 πάντα
3324 536 3414 590 τὸν
3480 537 3688 608 κόσμον

2107 630 2201 683 καὶ
2227 628 2296 682 τὰ
2324 629 2382 682 ἐν
2410 627 2558 696 αύτῷ
2580 627 2990 697 συστησαμένου
3017 625 3104 680 διὰ
3157 625 3320 697 μόνου
3348 624 3687 696 (lampas-0;;

2105 719 2298 786 Αὐτὸς
2343 719 2454 788 γὰρ
2497 714 2644 784 εἷπε,
2695 717 2794 772 καὶ
2821 715 3218 786 ἐγενήθησαν·
3259 715 3442 782 αὐτὸς
3470 716 3690 770 ἐνετει-

2105 812 2276 873 λατο,
2305 810 2402 863 καὶ
2429 809 2823 876 ἐκτίσθησαν.
2855 808 2970 860 Οὐκ
2997 807 3088 858 ἐπὶ
3125 805 3344 858 πάντων
3367 805 3568 875 ὁμοίως
3597 806 3692 858 οὐ-

2109 899 2276 971 σιώθη
2306 900 2368 954 τὸ
2397 902 2750 972 πρόσταγμα,
2782 898 2874 952 καὶ
2905 899 3138 968 ἦρκεσεν
3170 897 3204 967 ἠ
3240 896 3494 968 βούλησις
3529 900 3689 968 μόνη,

2106 987 2168 1041 τὸ
2202 988 2277 1058 μὴ
2298 986 2357 1042 ὃν
2390 987 2828 1060 ύποστήσασθαις
2852 987 2973 1050 Πῶς
2997 982 3088 1040 οὖν
3103 987 3169 1041 ἐκ
3198 988 3330 1059 μιᾶς
3347 990 3446 1058 τῆς
3475 987 3565 1042 διά
3593 988 3690 1042 τοῦ

2109 1081 2469 1151 προστάσσειν
2499 1072 2808 1152 ἐνεργείας,
2837 1079 3104 1150 τοσαύτης
3130 1079 3232 1149 τῆς
3250 1080 3515 1150 διαφορᾶς
3552 1081 3688 1135 καθ-

2107 1168 2411 1241 ορωμένης,
2447 1164 2601 1233 οὗτος
2642 1169 2830 1242 ὥσπερ
2857 1171 2952 1241 οὐχ
2975 1170 3118 1243 ὁρῶν
3136 1169 3207 1224 τά
3233 1170 3554 1241 πράγματα,
3588 1171 3692 1240 τὴν

2109 1259 2216 1312 τῶν
2241 1258 2417 1329 ἔργων
2456 1259 2809 1330 παραλλαγὴν
2835 1259 2897 1312 τὺ
2927 1258 3382 1329 παρηλλαγμένον
3408 1259 3510 1328 τῆς
3535 1261 3690 1330 ἐνερ-

2110 1349 2267 1417 γείας
2312 1347 2678 1404 ἐνδείκνυσθαι
2718 1348 2897 1417 λέγει;
2941 1351 3263 1408 Τούναντίον
3300 1350 3409 1421 γὰρ
3446 1351 3551 1404 ἔδει
3583 1369 3688 1421 μο-

2111 1438 2282 1509 νοειδῆ
2317 1441 2494 1498 πάντα
2529 1440 2598 1504 τά
2625 1441 2681 1493 ἐν
2716 1439 2795 1511 τῷ
2818 1441 3006 1510 κόσμῳ
3036 1437 3196 1506 εἶναι,
3218 1441 3391 1512 ¹εῐπερ
3427 1442 3566 1495 κατὰ
3593 1443 3692 1496 τὸν

2111 1528 2494 1600 δογματιστὴν,
2540 1529 2617 1600 τῷ
2661 1529 3032 1589 διαλλάσσοντι
3080 1530 3189 1584 τῶν
3235 1529 3411 1600 ἔργων
3481 1531 3576 1586 καὶ
3624 1532 3691 1587 τὸ

2111 1618 2221 1671 τῶν
2241 1619 2532 1688 ἐνεργειῶν
2558 1618 3007 1690 παρηλλαγμένον
3043 1619 3383 1689 ἐμφαίνεται.
3416 1622 3486 1674 "H
3515 1621 3690 1677 ταῦτα

432 1725 626 1766 onmes
658 1720 718 1765 ut
746 1715 989 1786 aequales
1018 1717 1285 1786 intuetur,
1314 1720 1368 1773 in
1401 1724 1520 1776 solo
1553 1733 1732 1780 autem
1764 1727 1920 1784 Patre
1951 1738 2002 1783 et

2105 1709 2264 1777 ὅμοια
2304 1709 2482 1762 πάντα
2517 1708 2722 1778 βλέπει,
2764 1711 2821 1762 ἐν
2855 1709 3002 1780 μόνῳ
3057 1708 3113 1764 δέ
3144 1709 3221 1780 τῷ
3265 1711 3439 1782 Πατρὶ
3477 1713 3570 1766 καὶ
3609 1713 3693 1783 τῷ

431 1799 569 1856 Filio
605 1803 1031 1883 inaequalitatem
1064 1811 1462 1879 deprehendit?

500 1890 687 1964 Igitur,
711 1897 757 1952 si
777 1913 882 1953 non
903 1899 1074 1972 prius,
1095 1905 1284 1960 saltem
1312 1905 1421 1975 jam
1443 1908 1693 1977 inspiciat
1715 1924 1856 1978 eam,
1885 1926 2004 1982 qua:

432 1985 486 2037 in
505 1986 788 2069 elementis
809 1989 951 2046 inest
968 1992 1349 2060 dill‘erentiam,
1371 2005 1424 2052 et
1439 2001 1713 2068 quomodo
1731 2004 2006 2072 quodlibet

429 2063 622 2133 eorum
639 2095 760 2150 qua:
778 2081 844 2141 ad
869 2083 1056 2143 mundi
1082 2087 1527 2148 constitutionem
1550 2103 1909 2154 concurrunt.
1936 2095 2003 2150 ad

431 2169 737 2225 contrarias
755 2181 936 2245 partes
953 2182 1166 2243 agatur.
1180 2174 1314 2230 Nam
1336 2178 1474 2234 levia
1497 2196 1715 2240 sursum
1745 2184 1996 2248 tendunt,

433 2259 618 2327 gravia
651 2259 904 2317 deorsum
930 2281 942 2316 :
981 2273 1036 2319 et
1057 2265 1160 2319 alia
1191 2267 1413 2336 quidem
1441 2286 1652 2342 semper
1677 2275 2002 2344 consistunt,

431 2351 536 2404 alia
565 2359 826 2423 perpetuo
857 2364 1163 2416 moventur.
1197 2358 1260 2413 Et
1291 2361 1432 2415 inter
1450 2378 1512 2416 ea
1535 2379 1656 2432 quae
1691 2377 1999 2434 moventur,

432 2443 538 2498 alia
574 2444 975 2509 immutabilem
1006 2450 1304 2506 motionem
1335 2446 1559 2518 habent,
1581 2463 1641 2513 nt
1699 2459 1896 2512 cmlnm
1937 2471 1992 2514 et

432 2533 680 2602 planetae,
731 2551 969 2611 quorum
999 2553 1197 2599 cursus
1227 2556 1442 2616 semper
1467 2544 1658 2600 eodem
1690 2544 2006 2604 reﬂectitur:

431 2633 486 2677 at
523 2625 637 2692 illa,
665 2643 787 2699 qua:
823 2629 1257 2702 circumquaque
1277 2631 1676 2701 dilfunduntur,
1710 2652 1926 2712 semper
1950 2649 2009 2694 ut

432 2731 553 2770 sors
575 2717 700 2785 fert,
729 2728 986 2792 aguntur,
1019 2730 1077 2777 ut
1109 2738 1224 2788 aer,
1249 2740 1418 2792 mare,
1443 2734 1496 2782 et
1512 2728 1775 2801 quidquid
1803 2730 2006 2803 liquida

434 2816 883 2884 natura_constat.
905 2812 1047 2884 Quid
1085 2829 1215 2870 vero
1232 2815 2007 2894 attinet'explicare,quomn.do

433 2899 672 2955 calidum
721 2901 919 2973 frigido
959 2904 1302 2975 adversetur,
1336 2917 1430 2965 aut
1477 2909 1708 2967 humido
1760 2914 2004 2970 siccum:

430 2996 486 3044 ct
508 2991 784 3060 quomodo
806 2991 859 3049 id
884 2994 1028 3070 quod
1052 3012 1216 3070 supra
1238 3006 1346 3064 est,
1378 2999 1447 3055 ab
1475 3015 1539 3056 eo
1559 3003 1704 3073 quod
1727 3002 1868 3057 infra
1899 3012 2003 3069 est,

431 3080 646 3137 distet?
683 3083 932 3154 Quantas
973 3102 1138 3157 porro
1163 3089 1215 3142 in
1248 3089 1580 3148 animalibus
1603 3109 1830 3151 cernere
1858 3104 1944 3151 est
1975 3112 2005 3150 a

433 3182 629 3236 natura
686 3176 881 3234 insitas
937 3177 1464 3242 dissimilitudines?
1496 3183 1561 3238 Et
1606 3201 1728 3258 quae
1769 3187 2009 3247 hominis

433 3267 618 3338 lingua
649 3279 938 3326 enumeret
986 3287 1183 3329 omnes
1223 3273 1346 3330 illas
1398 3276 1769 3343 diversitates,
1796 3296 1917 3351 quae
1952 3283 2008 3338 in

431 3360 633 3428 plantis
660 3376 784 3417 sese
823 3363 1086 3431 offerunt,
1130 3365 1308 3435 quoad
1365 3365 1617 3438 ﬁguram,
1675 3373 2008 3443 magnitudi-

433 3466 580 3519 nem,
609 3452 1000 3524 fructuumque
1031 3463 1086 3510 et
1110 3457 1438 3526 qualitatum
1474 3459 1866 3519 diversitates?

501 3625 571 3677 At
615 3625 1055 3699 sapientissimus
1104 3631 1208 3686 iste
1245 3632 1503 3702 magister
1549 3634 1902 3696 dissimilium
1951 3651 2008 3697 et

431 3713 779 3773 diversorum
811 3733 1036 3788 operum
1095 3721 1397 3780 dissimiles
1432 3742 1653 3797 quoque
1673 3738 1727 3784 et
1758 3730 2006 3791 diversas

434 3806 1022 3882 statuitoperationes;
1071 3813 1235 3890 idque
1264 3816 1346 3871 vel
1383 3819 1512 3891 quia
1539 3818 1773 3879 formam
1811 3823 2007 3883 divinae

431 3897 770 3967 operationis
803 3903 1032 3958 necdum
1073 3905 1360 3974 intellexit,
1386 3909 1455 3966 dc
1486 3927 1593 3983 qua
1644 3928 1799 3968 sacra
1851 3914 2003 3971 Scri-

433 3995 591 4057 ptura
621 3997 875 4056 testatur,
936 3994 1092 4050 verba
1135 3997 1376 4053 mandati
1417 4003 1531 4070 ejus
1579 4005 1758 4061 omnia
1790 4009 2004 4064 condita

425 4096 583 4147 esse;
632 4083 715 4138 vel
770 4085 899 4157 quia
939 4085 1007 4141 ad
1045 4103 1226 4143 rerum
1283 4100 1590 4147 creatarum
1644 4095 2000 4156 diﬂ'erenliam

425 4172 666 4239 excutit,
707 4183 760 4231 et
799 4186 980 4233 tamen
1030 4177 1097 4235 de
1158 4180 1362 4239 divinis
1424 4185 1772 4256 dogmatibus
1829 4208 2003 4269 usque

423 4255 564 4312 adeo
594 4259 999 4319 inconsiderate
1040 4265 1199 4321 nobis
1245 4269 1401 4337 quasi
1466 4255 1611 4341 leges
1668 4255 1996 4343 praescriliit,

2111 1798 2221 1868 Υἰῷ
2246 1798 2502 1870 ἐνθεωρεῖ
2525 1799 2585 1852 τὸ
2612 1799 2894 1869 ἀνόμοιον;

2177 1890 2385 1945 Οὐκοῦν
2411 1891 2798 1961 ἐπισκεψάσθω
2828 1891 2945 1954 νῦν,
2974 1893 3020 1944 εί
3046 1892 3140 1946 καὶ
3172 1891 3246 1964 μὴ
3281 1892 3562 1965 πρότερον,
3587 1895 3693 1966 τὴν

2106 1982 2163 2038 ὲν
2206 1985 2319 2044 τοῖς
2352 1983 2632 2054 στοιχείοις
2673 1984 2954 2054 διαφορὰν,
2989 1983 3084 2037 καὶ
3114 1984 3190 2048 ὡς
3229 1985 3456 2038 ἕκαστον
3492 1986 3598 2041 τῶν
3631 1990 3693 2040 ἐν

2106 2073 2183 2144 τῷ
2212 2073 2402 2145 κόσμῳ
2431 2075 2567 2146 πρὸς
2600 2074 2698 2146 τὴν
2725 2074 2819 2128 τοῦ
2851 2075 3049 2139 παντὸς
3090 2075 3346 2129 σύστασιν
3381 2077 3696 2133 συντελούν-

2106 2183 2237 2232 των,
2266 2167 2402 2238 πρὸς
2433 2165 2494 2219 τὸ
2533 2167 2775 2220 ἐναντίον
2801 2167 3046 2236 ἀπῆκται
3077 2167 3176 2237 τῆς
3216 2168 3448 2235 φύσεως.
3477 2171 3558 2224 Τά
3589 2171 3692 2241 μὲν

2106 2257 2214 2328 γάρ
2239 2256 2416 2326 κοῦφά
2442 2274 2501 2313 τε
2527 2259 2620 2313 κα).
2649 2258 2904 2330 ἀνωφερῆ
2923 2257 3161 2327 πέφυκε,
3192 2259 3262 2313 τὰ
3289 2259 3346 2313 δὲ
3378 2259 3547 2331 βαρέα
3591 2262 3689 2314 καὶ

2108 2349 2188 2411 είς
2214 2348 2274 2401 τὸ
2306 2347 2457 2400 κάτω
2501 2347 2775 2419 βρίθοντα,
2809 2349 2901 2401 καὶ
2932 2349 3000 2404 τὰ
3038 2349 3135 2420 μὲν
3162 2349 3251 2403 ἀεὶ
3276 2349 3507 2417 ἑστῶτα,
3534 2351 3602 2403 τά
3626 2351 3688 2405 δὲ

2107 2438 2278 2496 διόλου
2325 2438 2637 2509 κινούμενα.
2682 2440 2791 2496 Καὶ
2836 2442 2894 2494 ἐν
2936 2441 3047 2504 τοῖς
3087 2440 3457 2512 κινουμένοις,
3489 2442 3557 2495 τὰ
3586 2443 3689 2513 μὲν

2107 2529 2460 2602 ἀπαράϐατον
2483 2531 2573 2584 ἐπὶ
2592 2531 2653 2584 τὸ
2679 2529 2737 2588 ἐν
2769 2529 2882 2601 ἔχει
2905 2529 3005 2601 τὴν.
3031 2529 3268 2601 κίνησιν,
3287 2532 3364 2594 ὠς
3385 2533 3414 2585 6
3433 2532 3690 2603 οὐρανὸς,

2109 2623 2203 2677 καὶ
2230 2621 2337 2675 τῶν
2365 2621 2607 2693 ἀστέρων
2634 2625 2682 2676 0i.
2719 2621 3079 2694 πλανώμενοι,
3101 2619 3184 2687 οἷς
3209 2624 3236 2676 6
3266 2624 3464 2694 δρόμος
3505 2625 3588 2685 είς
3625 2625 3696 2678 τὸ

2108 2716 2345 2788 ἔμπαλιν
2379 2716 2473 2770 τοῦ
2526 2717 2726 2781 παντὸς
2753 2717 3108 2774 ἀνελίσσεταιο
3156 2717 3224 2769 τά
3262 2717 3320 2770 δὲ
3350 2717 3696 2787 πανταχόθεν

2107 2808 2430 2880 διαχεόμενα
2495 2809 2636 2863 κατὰ
2678 2809 2739 2861 τὸ
2790 2809 3083 2879 συμϐαῖνον
3122 2809 3210 2862 ἀεὶ
3243 2807 3498 2880 φέρεται,
3547 2809 3627 2872 ὼς
3657 2812 3693 2864 ὁ

2109 2900 2234 2971 ἀὴρ,
2272 2902 2366 2955 καὶ
2411 2901 2444 2972 ὴ
2487 2900 2760 2964 θάλασσα,
2792 2901 2886 2954 καὶ
2923 2902 2961 2974 ἡ
2992 2904 3141 2956 πᾶσα
3171 2902 3270 2971 τῆς
3295 2900 3468 2973 ὑγρᾶς
3495 2902 3696 2982 οὐσίαις

2111 2993 2291 3063 φύσις.
2341 2993 2408 3046 Τί
2447 2993 2493 3046 δ’
2541 2991 2608 3049 ἀν
2648 2992 2791 3045 εἴποι
2827 3009 2912 3055 τις
2948 2992 3048 3062 τὴν
3088 2991 3180 3047 τοῦ
3221 2991 3426 3061 θερμοῦ
3457 2993 3594 3064 πρὸς
3625 2995 3694 3047 τὸ

2108 3084 2312 3156 ψυχρὸν
2346 3083 2681 3146 ἐναντίωσιν,
2725 3081 2758 3152 ἢ
2793 3080 2886 3135 τοῦ
2917 3079 3085 3152 ὑγροῦ
3115 3081 3216 3153 τὴν
3245 3081 3380 3153 πρὸς
3415 3081 3476 3136 τὸ
3522 3082 3686 3153 ξηρὸν

2107 3175 2396 3246 διαφορὰν,
2426 3173 2518 3228 τοῦ
2547 3191 2606 3226 τε
2637 3174 2748 3228 ἀνω
2779 3173 2877 3244 τὴν
2914 3173 3049 3244 πρὸς
3072 3173 3140 3227 τά
3181 3174 3337 3233 κάτω
3369 3173 3688 3242 διάστασινς

2080 3269 2228 3327 ,ὅσαι
2252 3268 2306 3322 δὲ
2330 3267 2438 3321 τῶν
2468 3265 2621 3331 ζώων
2674 3267 2731 3319 αί
2759 3265 2900 3319 κατά
2938 3266 3035 3337 τὴν
3066 3265 3228 3335 φύσιν
3257 3267 3688 3338 ἀνομοιότητες-ς

2107 3359 2207 3424 τὰς
2235 3359 2292 3413 δὲ
2332 3360 2391 3413 ἐν
2427 3361 2538 3422 τοῖς
2586 3360 2772 3427 φυτοῖς
2805 3357 2945 3412 κατά
2980 3374 3038 3410 τε
3067 3356 3138 3410 τὰ
3165 3358 3422 3428 σχήματα
3445 3398 3458 3421 ,
3493 3357 3586 3411 καὶ
3617 3358 3696 3412 τὰ

2112 3450 2339 3522 μεγέθη,
2365 3451 2458 3504 καὶ
2482 3449 2578 3512 τὰς
2627 3448 2734 3502 τῶν
2765 3447 2994 3518 καρπῶν
3024 3447 3119 3501 καὶ
3152 3449 3453 3520 ποιοτήτων
3477 3447 3698 3520 παραλ-

2108 3540 2277 3610 λαγὰς
2320 3541 2403 3604 τίς
2439 3540 2507 3594 ἂν
2534 3538 2746 3594 ἐπέλθοι
2779 3538 2936 3606 λόγος
2964 3538 3061 3592 ἀνθ
3072 3536 3333 3610 ρώπινοςς

2189 3635 2328 3688 Ἀλλ’
2372 3637 2401 3688 6
2448 3633 2609 3703 σοφὸς
2647 3627 2800 3697 οὗτος
2840 3633 2950 3685 τῶν
2995 3631 3469 3703 παρηλλαγμένων
3505 3630 3691 3702 ἔργων

2107 3727 2567 3800 παρηλλαγμένας
2595 3728 2688 3781 καὶ
2711 3726 2811 3790 τάς
2843 3725 3122 3797 ἐνεργείας
3147 3726 3278 3795 ἡμῖν
3301 3725 3684 3793 ἀποφαίνεται,

2107 3814 2140 3885 ἢ
2166 3814 2229 3867 τὸ
2254 3810 2393 3878 εἶδος
2414 3817 2514 3886 τῆς
2541 3814 2690 3877 θείας
2721 3813 3000 3884 ἐνεργείας
3030 3813 3200 3883 μήπω
3226 3811 3430 3883 μαθὼν,
3461 3814 3490 3866 ὃ
3519 3831 3696 3882 φησιν

2105 3907 2137 3976 ἡ
2166 3905 2377 3976 Γραφὴ,
2409 3905 2491 3959 ὅτι
2526 3904 2610 3970 Τῷ
2633 3906 2792 3975 λόγῳ
2811 3903 3263 3974 προστάγματος
3291 3904 3486 3958 πάντα
3516 3905 3693 3974 τεγέ-

2105 4011 2296 4064 νηται,
2321 3995 2354 4066 ἢ
2387 3995 2524 4067 πρὸς
2548 3995 2646 4066 τὴν
2665 3995 2776 4048 τῶν
2796 3995 3092 4064 γεγονότων
3114 3995 3374 4066 διαφορὰν
3396 3995 3696 4065 ἀμϐλυώτ-

2103 4103 2228 4141 των·
2271 4087 2367 4140 καὶ
2402 4085 2573 4149 οὓτως
2629 4087 2762 4155 ¹ἡμῖν
2807 4085 3226 4157 ἀπερισκέπτως
3277 4086 3648 4157 φθεγγόμενος
3669 4129 3690 4153 ,

2104 4181 2234 4251 περὶ
2285 4179 2443 4233 θείων
2486 4177 2769 4248 δογμάτων
2809 4177 3122 4248 νομοθετεῖ,
3162 4178 3320 4232 οὔπω
3355 4179 3496 4250 τάχα
3535 4183 3692 4247 τινὸς

2102 4266 2386 4339 ἀκηκοὼς,
2425 4268 2507 4321 ὅτι
2553 4269 2661 4321 πᾶν
2704 4266 2767 4320 τὸ
2813 4267 3197 4336 ἀποφαντικῶς
3243 4266 3555 4339 λεγόμενον,
3584 4271 3692 4324 ἐάν

423 4365 547 4403 cum
583 4350 722 4408 forte
750 4355 983 4411 necdum
1007 4373 1070 4412 ex
1097 4360 1355 4430 qn0piam
1383 4363 1639 4428 audierit,
1664 4382 1824 4424 omne
1845 4370 1996 4434 illud,

2107 4358 2183 4429 μὴ
2211 4357 2460 4420 καθόλου,
2503 4359 2565 4414 τδ
2596 4358 2810 4429 ἄμαχόν
2851 4375 2910 4412 τε
2953 4359 3048 4412 καὶ
3088 4359 3518 4431 ὁμολογούμενον
3551 4364 3691 4431 περὶ

422 4443 569 4510 quod
605 4449 875 4515 negative,
918 4464 1026 4503 non
1053 4459 1234 4506 tamen
1267 4453 1564 4510 universim
1590 4462 1996 4528 pronuntiatur,

423 4533 791 4592 indubitatum
826 4548 879 4595 et
906 4556 1232 4599 concessum
1267 4561 1410 4613 esse,
1442 4555 1694 4619 respectu
1732 4551 1809 4605 rei
1840 4555 1998 4621 cujus

425 4625 717 4691 probandae
743 4631 916 4698 gratia
947 4633 1263 4690 adducitur.
1298 4635 1499 4693 Verum
1542 4639 1610 4694 de
1635 4656 1724 4707 eo,
1754 4641 1840 4696 cui
1890 4645 1996 4697 cir-

424 4729 770 4786 cumspectus
822 4731 875 4777 et
909 4740 1022 4779 rem
1063 4727 1232 4796 probe
1278 4731 1620 4799 perpendens
1653 4749 1761 4788 non
1802 4750 1996 4791 assen-

422 4807 615 4868 tiatur,
650 4810 775 4863 novi
813 4811 1084 4882 dogmatis
1113 4824 1325 4879 auctor,
1378 4819 1649 4875 arbitratu
1711 4838 1833 4887 suo,
1899 4841 1996 4898 pro

423 4910 523 4949 sua
555 4899 905 4963 auctoritate,
932 4905 1201 4972 decernit,
1236 4909 1378 4976 quod
1408 4910 1540 4964 nihil
1575 4915 1792 4980 penitus
1811 4916 1996 4972 dill‘ert

422 5003 450 5038 a
488 4988 720 5043 somniis
767 4991 850 5044 vel
909 4995 1146 5051 anilibus
1192 4996 1424 5062 fabellis,
1455 5015 1578 5069 quae
1625 5003 1678 5055 in
1712 5016 1995 5072 compota-

423 5079 664 5135 tionibus
694 5094 1045 5140 enarrantur.
1075 5087 1321 5158 Cumque
1352 5090 1404 5143 in
1443 5107 1608 5160 supra
1650 5093 1812 5148 dictis
1845 5104 1995 5151 tanta

421 5171 554 5226 insit
581 5171 1026 5236 inconvenientia
1052 5184 1104 5230 et
1147 5178 1484 5246 absurditas,
1528 5181 1606 5245 ﬁt,
1641 5192 1701 5236 ut
1731 5185 1996 5252 quemad-

421 5261 641 5317 modum
676 5263 775 5327 illi,
813 5264 905 5334 qui
941 5280 1035 5332 per
1061 5268 1234 5320 somni
1267 5269 1610 5337 phantasiam
1670 5272 1871 5341 aliquid
1903 5289 1996 5328 co-

365 5345 378 5350 “
423 5369 540 5408 rum
575 5356 781 5426 quibus
814 5358 1105 5428 vigilantes
1130 5375 1352 5430 operam
1371 5361 1660 5425 dederunt,
1685 5363 1787 5418 sibi
1812 5364 1994 5420 videre

423 5445 696 5512 videntur,
739 5449 936 5519 cupide
985 5451 1071 5518 iis,
1115 5468 1235 5523 qua:
1271 5467 1376 5507 non
1419 5453 1696 5509 exsistunt
1731 5455 1873 5510 atiixi
1909 5457 1992 5512 in-

492 5623 534 5656 ”
563 5623 705 5681 F531.
740 5646 958 5700 ε’ίωιυ,
999 5635 1045 5688 5’.

2104 4448 2198 4502 τοῦ
2225 4449 2584 4520 προκειμένου
2616 4450 2938 4520 πράγματος
2972 4451 3091 4523 ἔχῃ.
3141 4451 3299 4505 Ἀλλά
3327 4454 3452 4524 περὶ
3475 4444 3552 4506 ὧν
3577 4455 3690 4509 οὐκ

2103 4541 2169 4595 ἄν
2190 4559 2276 4604 τις
2297 4540 2403 4594 τῶν
2427 4543 2848 4613 ἐπεσκεμμένων
2881 4541 3142 4608 σύνθοιτο,
3325 4543 3525 4597 τούτων
3554 4550 3686 4599 κατ’

2105 4628 2351 4695 ἐξουσίαν
2372 4631 2400 4682 6
2425 4630 2764 4701 δογματίζων
2782 4630 2948 4699 λέγει,
2972 4631 3138 4686 Οὐδὲν
3153 4632 3397 4703 διαφέρει
3411 4632 3519 4686 τῶν
3540 4635 3690 4690 ὀνεί-

2106 4739 2233 4793 ρους
2279 4722 2312 4793 ἣ
2342 4720 2544 4794 μύθους
2571 4721 2722 4793 παρὰ
2752 4722 2912 4775 πότον
2943 4721 3333 4792 διηγουμένων.
3361 4726 3470 4778 Καὶ
3493 4726 3689 4780 τοιαύ-

2103 4831 2202 4884 της
2229 4812 2393 4884 οὔσης
2426 4813 2525 4883 τῆς
2545 4815 2601 4866 ἐν
2628 4815 2740 4875 τοῖς
2755 4813 3061 4885 εἰρημένοις
3094 4813 3482 4884 ἀναρμοστίας,
3512 4817 3686 4872 καθά-

2104 4921 2210 4976 περ
2257 4906 2308 4958 οί
2367 4905 2432 4958 δι’
2497 4906 2747 4957 ἐνυπνίου
2824 4905 3122 4972 φαντασίας
3176 4906 3284 4958 τῶν
3345 4905 3469 4959 καθ’·
3527 4907 3685 4980 ὕπαρ

2105 4994 2550 5063 σπουδαζομένων
2577 4997 2708 5066 όρᾷν
2731 5013 2782 5048 τι
2811 4996 3129 5064 νομίσαντες
3147 5033 3164 5058 ,
3195 4995 3490 5066 προθύμως
3522 4999 3682 5069 ἔχον-

2100 5103 2188 5139 ται
2214 5085 2320 5136 τῶν
2339 5083 2724 5157 ἀνυπάρκτων,
2745 5087 2841 5142 καὶ
2860 5085 2960 5156 τῆς
2982 5103 3050 5141 πε
3059 5085 3112 5158 pi.
3132 5086 3192 5140 τὸ
3213 5085 3538 5158 φαινᾴμενον
3559 5093 3682 5143 ἐπι-

2098 5176 2298 5247 θυμίας
2361 5173 2448 5228 διά
2493 5174 2592 5242 τῆς
2658 5177 3013 5242 ἠπατημενης
3057 5181 3230 5241 οφεως
3277 5177 3684 5251 ἀναπειθούσης

2099 5267 2241 5338 ἔχειν
2283 5266 2501 5318 οἴονται·
2551 5261 2694 5316 οὕτω
2719 5263 2834 5316 ,καὶ
2885 5261 3046 5325 αὐτὸς
3087 5263 3174 5316 διὰ
3217 5263 3315 5334 τῆς
3358 5265 3683 5337 ὀνειρὼδους

2099 5357 2301 5428 ταύτης
2343 5355 2451 5410 τῶν
2486 5356 2768 5426 δογμάτων
2822 5353 3220 5413 ἀνατυπώσεως
3272 5355 3476 5426 ἰσχύειν
3523 5361 3683 5432 αύτῷ

2099 5447 2422 5522 φαντασθεὶς
2449 5447 2517 5501 τὰ
2561 5445 2824 5518 εἰρημένα
2843 5486 2858 5511 ,
2902 5445 3075 5500 ταῦτα
3107 5444 3280 5510 οὕτως
3310 5446 3453 5518 ἔχειν
3489 5448 3680 5506 διαϐε-
