4064 6146
372 221 480 276 377

1547 235 1824 293 CONTRA
1868 239 2270 314 EUNOMIUM,
2318 249 2442 304 LIB.
2490 253 2526 307 1.

3547 272 3651 328 Ξῖθ

374 334 659 401 ϐαιοῦται,
694 338 787 392 καὶ
817 338 886 392 δι’
917 340 1096 394 αὐτῶν
1139 349 1572 413 κατασκευάζειν
1614 352 1882 424 ἐπιχειρεῖ
1908 373 1949 408 τε

376 426 674 454 .'._1\-._...
712 429 842 454 ιιι.-.
893 430 940 454 hx
979 433 1066 454 --_\
1121 435 1171 454 --.ο
1191 435 1234 454 -ι
1478 439 1533 454 AD
1576 442 1600 454 ι.
1739 443 1748 454 .
1827 445 1841 454 .
1871 445 1914 454 .-

2079 361 2342 428 haereant,
2381 375 2680 438 put-utque
2711 373 3011 443 cupiditate
3046 393 3108 432 ex
3155 378 3344 434 fallaci
3371 382 3490 438 viso
3529 400 3652 454 per-

376 426 674 480 ύπόλοιπα·
707 429 859 493 ἄξιον
889 430 942 484 δέ
979 433 1070 486 καὶ
1114 435 1287 507 αὐτὴν·
1324 439 1662 510 παραθέσθαι
1703 443 1801 516 τὴν
1827 445 1970 510 λέξιν

374 517 604 588 ἔχουσαν
631 519 825 584 οὕτως’

2076 459 2250 521 suasi,
2292 474 2351 513 se
2392 467 2578 514 tenere
2611 463 2755 532 quod
2795 481 2902 519 non
2954 476 3178 526 tenent:
3223 473 3296 526 ita
3343 481 3396 526 et
3433 476 3533 530 iste
3584 493 3650 532 ex

2071 550 2448 606 somniculosa
2495 554 2812 623 dogmatum
2845 559 3250 628 clIormatione,
3272 577 3424 622 ratus
3459 585 3522 623 ea
3555 569 3651 623 ad-

375 629 598 685 modum
642 634 819 688 valida
853 643 906 690 et
934 636 1183 693 efficacia
1216 656 1365 706 esse,
1403 643 1519 700 haec
1550 645 1625 699 ita
1657 663 1716 703 se
1750 648 1954 704 habere
2027 645 2127 712 ait,
2193 643 2374 714 iisque
2439 647 2637 714 positis
2685 651 2899 722 reliqua
2961 657 3236 713 conficere
3315 661 3650 731 aggreditur.

375 721 540 790 cujus
569 723 848 792 ipsissima
888 727 1055 781 verba
1081 743 1360 798 apponere
1384 748 1495 787 non
1526 736 1624 791 abs
1657 753 1714 791 re
1737 736 1924 793 fuerit.

460 814 624 868 Οὕτω
638 814 707 868 δὲ
761 817 990 872 τούτων
1019 818 1304 890 ἐχόντων,
1332 825 1431 879 καὶ
1460 826 1537 896 τῇ
1555 827 1705 896 πρὸς
1721 829 1967 900 ἄλληλα

371 905 588 976 σχέσει
636 905 746 960 τὸν
795 910 1002 978 εἱρμὸν
1049 913 1435 982 ἀπαράϐατον
1488 918 1961 991 διατηρούντων,

373 997 670 1066 προσήκει
718 997 917 1065 δήπου
967 1003 1112 1070 τοὺς
1168 1005 1322 1061 κατὰ
1370 1007 1486 1077 τὴν
1535 1011 1790 1082 συμφυῆ
1837 1014 1964 1079 τοῖς

373 1091 680 1162 πράγμασι
717 1091 893 1158 τάξιν
935 1095 1054 1164 τὴν
1089 1097 1369 1164 ἐξέτασιν
1405 1105 1824 1175 ποιουμένους,
1859 1108 1959 1162 καί

367 1184 453 1254 μὴ
476 1187 690 1254 φύρειν
719 1187 870 1258 ὁμοῦ
894 1188 1111 1256 πάντα,
1147 1193 1246 1246 καὶ
1273 1195 1528 1265 συγχεῖν
1543 1196 1957 1268 ,βιαζομένους-ο

371 1279 424 1330 εὶ
445 1277 562 1346 μὲν
584 1277 717 1345 περὶ
745 1275 856 1348 τῆς
883 1281 1100 1349 οὐσίας
1121 1283 1345 1338 κινοῖτό
1363 1303 1453 1354 τις
1483 1288 1955 1360 ἀμφισϐήτησις,

370 1367 440 1424 ἐκ
469 1365 587 1421 τῶν
614 1367 863 1436 πρώτων
892 1371 991 1426 καὶ
1019 1375 1340 1444 προσεχῶν
1369 1377 1500 1444 ταῖς
1528 1381 1767 1448 οὐσίαις
1796 1382 1960 1450 ἐνερ-

373 1460 539 1529 γειῶν
571 1461 868 1517 ποιεῖσθαι
890 1463 1008 1519 τῶν
1030 1464 1435 1538 δεικνυμένων
1460 1471 1576 1539 τὴν
1597 1473 1829 1539 πίστιν,
1858 1474 1954 1527 καὶ

371 1551 490 1604 τῶν
530 1553 1068 1624 ἀμφιϐαλλομένων
1106 1559 1220 1626 τὴν
1255 1559 1572 1616 διάλυσιν·
1610 1563 1728 1632 τὴν
1761 1564 1830 1617 δὲ
1860 1564 1958 1618 ἐπὶ

371 1645 498 1712 ταῖς
530 1647 855 1717 ἐνεργείαις
895 1649 1260 1719 ἀμφιϐολίαν
1291 1651 1563 1709 διαλύειν
1599 1655 1667 1709 ἐκ
1706 1655 1826 1709 τῶν
1857 1659 1958 1711 οὐ·

370 1735 539 1790 σιῶν.

451 1826 592 1895 Ἐγὼ
623 1827 803 1882 τοίνυν
850 1829 1040 1897 ἀρκεῖν
1089 1831 1327 1902 ἠγοῦμαι
1373 1833 1510 1904 πρὸς
1552 1835 1825 1901 ἀπόδειξιν
1859 1836 1960 1907 τῆς

367 1921 596 1983 ἀτοπίας
644 1920 756 1975 τῶν
796 1922 1103 1994 εἰρημένων
1139 1923 1276 1977 αὐτὰ
1310 1926 1377 1978 τὰ
1416 1927 1640 1998 ῥήματα
1683 1929 1786 1998 τῆς
1831 1931 1958 1983 ἀσεο

367 2013 540 2075 σείας.
565 2013 776 2085 Ὥσπερ
803 2015 911 2086 γὰρ
938 2017 965 2068 ὀ
983 2015 1046 2068 τὸ
1072 2015 1446 2088 λελωϐημένον
1469 2021 1533 2072 ἐκ
1561 2020 1768 2084 πάθους
1790 2022 1958 2093 πρόσ-

367 2123 515 2158 ωπον
559 2106 890 2178 ὑπογράφων
954 2108 1028 2179 τῷ
1065 2109 1240 2180 λόγῳ,
1289 2112 1490 2182 μᾶλλον
1534 2112 1600 2166 ἂν
1643 2114 1958 2180 ἐπιδείξειεν

366 2198 776 2268 ἀπογυμνώσας
815 2199 923 2253 τῶν
967 2201 1453 2272 προκαλυμμάτων
1502 2203 1600 2274 τὴν
1643 2205 1830 2272 νόσον,
1881 2207 1958 2271 ὡς

369 2289 538 2362 μηδὲν
571 2289 778 2348 δεῖσθαι
813 2289 957 2362 λόγῳ
998 2292 1188 2362 μαθεῖν
1218 2295 1344 2358 τοὺς
1374 2295 1435 2347 τὸ
1479 2296 1803 2366 φαινόμενον
1839 2298 1958 2369 βλέ-

367 2397 598 2446 ποντας·
635 2381 811 2446 οὕτως
841 2383 1078 2454 ἡγοῦμαι
1107 2385 1168 2438 τὸ
1201 2385 1437 2457 εἰδεχθὲς
1466 2387 1627 2442 τοῦτο
1677 2390 1772 2443 καὶ
1802 2409 1956 2462 περι-
1985 2467 1988 2471 γ

365 2474 704 2544 κεκομμένον
731 2475 827 2529 τοῦ
857 2476 1132 2548 αἱρετικοῦ
1156 2477 1424 2549 δόγματος
1457 2480 1659 2544 ἱκανῶς
1690 2481 1954 2553 φανεροῦ-

366 2567 490 2627 σθαι
526 2571 641 2634 τοῖς
677 2569 1001 2643 διορατικοῖς
1033 2569 1132 2641 τὴν
1171 2570 1370 2642 ψυχὴν,
1405 2573 1500 2626 καὶ¹
1527 2573 1614 2626 διὰ
1647 2575 1815 2646 μόνης
1857 2577 1955 2646 τῆς

363 2658 722 2728 ἀναγνώσεως
748 2660 1244 2738 ἐκκαλυπτόμενον.
1277 2662 1421 2715 Ἀλλ’
1444 2664 1632 2736 ἐπειδὴ
1661 2665 1766 2737 χρὴ
1795 2666 1955 2721 καθά-

364 2767 468 2820 περ
510 2751 634 2805 τινα
664 2751 924 2805 δάκτυλον
970 2753 1062 2805 ἐπὶ
1103 2753 1383 2826 τὰ⁶σαθρὰ
1431 2753 1526 2809 τοῦ
1561 2755 1830 2827 δόγματος
1863 2758 1954 2812 τὸν

364 2843 634 2898 δεικτικὸν
665 2843 824 2911 λόγον
857 2843 1149 2912 ἐπάγοντα,
1179 2845 1565 2918 φανερωτέραν
1593 2849 1707 2910 τοῖς
1740 2848 1952 2914 πολλοῖς

365 2934 704 3004 καταστῆσαι
738 2934 836 3005 τὴν
869 2934 1196 3004 ἐγκειμένην
1230 2934 1409 3006 λώϐην
1445 2936 1523 3008 τῷ
1555 2937 1807 3008 δόγματι,
1844 2940 1952 2993 πά-

363 3027 441 3081 λιν
481 3028 681 3098 ἐφεξῆς
724 3026 786 3079 τὸ
831 3027 996 3101 ῥηθὲν
1043 3027 1419 3098 ἀναλήψομαι.
1471 3029 1635 3083 Οὕτω
1667 3030 1753 3094 δὲ,
1792 3031 1948 3102 φησὶ,
1979 3047 2020 3103 c

362 3119 585 3177 τούτων
623 3118 910 3189 ἐχόντων.
931 3117 998 3171 Τί
1029 3117 1178 3186 λέγει
1203 3119 1231 3170 ὁ
1264 3120 1662 3193 ἐνυπνιαστής;
1707 3121 1884 3175 Ποίων
1912 3123 1945 3194 ἢ

361 3210 583 3275 τούτων,
621 3212 715 3265 καὶ
765 3209 883 3273 πῶς
931 3209 1198 3280 ἐχόντων;
1242 3210 1326 3264 ὅτι
1375 3212 1544 3281 Μόνη
1598 3213 1794 3281 κυρία,
1849 3213 1948 3267 καὶ

362 3301 637 3360 ἀνωτάτω
658 3300 766 3356 τοῦ
789 3301 1020 3370 Πατρός
1052 3301 1091 3369 ἠ
1121 3303 1324 3365 οὐσία,
1362 3302 1585 3372 ἄκυρος
1610 3303 1680 3358 δὲ
1701 3304 1853 3359 κατὰ
1881 3307 1945 3359 τὸ

360 3393 697 3463 ἀκόλουθον
739 3393 975 3457 πάντως
1023 3393 1062 3462 ἠ
1111 3393 1356 3463 ἐφεξῆς,
1392 3395 1493 3449 καὶ
1533 3396 1862 3466 ἀκυροτέρα
1905 3397 1945 3466 ἠ

361 3487 546 3555 τρίτη.
591 3484 777 3539 Ταῦτα
822 3485 932 3557 γὰρ
975 3479 1054 3549 οἷς
1095 3481 1248 3542 εἶπεν
1312 3486 1814 3558 ἐνομοθέτησενοῆ
1863 3489 1946 3542 ὅτι

367 3578 748 3647 παρεπομένης
775 3578 842 3650 τῇ
870 3577 1027 3654 οὐσίᾳ
1055 3580 1122 3655 τῇ
1155 3577 1344 3650 πρώτῃ
1375 3577 1657 3648 ἐνεργείας
1683 3580 1849 3643 τινὸς,
1876 3573 1944 3650 ἦς

359 3670 704 3748 ἀποτέλεσμα
747 3671 840 3729 καὶ
878 3669 1036 3749 ἔργον
1078 3671 1107 3722 ὁ
1151 3674 1445 3743 μονογενής
1492 3676 1637 3727 ἐστιν
1671 3675 1832 3740 Υἱὸς,
1867 3676 1945 3747 τῷ

361 3763 544 3835 μέτρῳ
581 3764 680 3834 τῆς
722 3763 1176 3834 ὑποστησαμένης
1217 3764 1380 3817 αὑτὸν
1424 3766 1704 3836 ἐνεργείας
1735 3767 1942 3822 ἐνδεδε-

361 3855 553 3930 μένος;
592 3857 662 3915 Ἦ
704 3857 785 3911 ὅτι
830 3857 1086 3918 ἐλάττους
1131 3874 1191 3909 τε
1237 3857 1333 3909 καὶ
1390 3857 1609 3928 μείζους
1660 3860 1716 3912 αἱ
1765 3861 1942 3915 οὐσίαι

357 3947 630 4011 νοοῦνται,
666 3948 754 4001 διὰ
782 3948 843 4001 τὸ
875 3947 1153 4016 ἐγκεῖσθαι
1183 3964 1300 4011 πως
1344 3947 1619 4019 ἀλλήλαις,
1661 3949 1755 4002 καὶ
1788 3967 1940 4021 περιη

355 4041 575 4113 ἐχεσθαι
607 4041 710 4094 ὑπὸ
739 4041 839 4112 τῆς
867 4040 1313 4113 εὐρυχωροτέρας
1353 4041 1450 4112 τὴν
1478 4042 1683 4112 ἥσσονα
1704 4058 1716 4070 ·
1753 4042 1940 4116 ῶσπερ

356 4134 446 4189 ἐπὶ
478 4133 588 4186 τῶν
609 4132 788 4187 κάδων
817 4132 1122 4204 συμϐαίνει,
1149 4121 1258 4185 τῶν
1284 4132 1531 4204 ἀλλήλοις
1555 4135 1939 4206 ἐντιθεμένων,

355 4225 476 4277 καθ’
503 4224 531 4277 ὃ
565 4224 785 4294 μείζους
810 4240 870 4276 τε
894 4223 989 4280 καὶ
1018 4224 1269 4288 ἐλάττους
1294 4225 1455 4299 ἐνορᾷ
1483 4225 1581 4290 τὰς
1610 4227 1814 4292 οὐσίας,
1840 4227 1940 4290 τὰς

355 4316 531 4370 οὐδενὶ
580 4315 776 4387 πέρατι
831 4315 925 4368 καὶ
960 4314 1072 4386 ὅρῳ
1115 4315 1579 4386 περιειλημμένας
1614 4332 1626 4344 ⁸
1660 4312 1693 4385 ἢ
1721 4319 1801 4370 ὅτι
1830 4318 1938 4371 τῶν

2137 819 2269 874 Cum
2303 820 2414 875 luet:
2441 823 2516 875 ita
2549 840 2604 878 se
2628 824 2876 892 habeant,
2911 828 3111 900 inquit,
3147 835 3430 906 omniaque
3464 850 3649 896 mutua

2065 913 2133 966 ad
2164 931 2219 967 se
2245 913 2555 970 habitudine
2585 918 2955 976 invariabilem
2989 925 3178 978 seriem
3221 928 3514 999 observent,
3548 952 3648 1005 par

2061 1017 2160 1071 est,
2192 1017 2249 1058 ut
2273 1007 2365 1076 qui
2385 1007 2781 1078 inquisitionem
2833 1015 3123 1070 secundum
3152 1023 3452 1078 naturalem
3473 1044 3646 1082 rerum

2061 1098 2296 1151 ordinem
2333 1099 2644 1168 instituunt,
2684 1119 2845 1174 neque
2874 1109 3053 1162 omnia
3079 1110 3297 1166 miscere
3327 1124 3376 1168 et
3421 1119 3646 1188 confun-

2060 1190 2184 1243 dere
2222 1191 2462 1259 cupiunt,
2492 1194 2538 1246 si
2562 1193 2772 1262 quidem
2803 1194 2868 1250 de
2907 1199 3209 1255 substantia
3245 1209 3470 1273 qua'stio
3501 1211 3646 1263 oria-

2061 1291 2172 1346 tur,
2210 1297 2276 1336 ex
2305 1282 2490 1352 primis
2521 1293 2570 1336 et
2608 1286 2949 1360 exeognatis
2992 1289 3414 1348 substantiarum
3459 1315 3646 1366 opera»

2061 1374 2291 1429 tionibus
2345 1387 2657 1444 argumenta
2680 1393 2858 1457 rerum
2885 1379 3420 1440 demonstrandarum
3440 1403 3642 1457 petant,

2059 1481 2344 1536 eorumque
2369 1466 2435 1522 de
2463 1469 2654 1538 quibus
2698 1453 2988 1542 ambigitur
3027 1475 3378 1543 solutionem;
3435 1453 3488 1535 at
3527 1453 3644 1540 vero

2059 1560 2446 1618 dubitationem
2502 1566 2567 1618 de
2618 1567 3014 1624 operationibus
3059 1585 3125 1624 ex
3164 1572 3477 1631 substantiis
3527 1580 3643 1632 dis-

2063 1653 2284 1709 solvent.

2131 1827 2244 1898 Ego
2274 1845 2404 1885 vero
2437 1833 2503 1886 ad
2531 1832 2916 1901 absurditatis,
2941 1839 3132 1908 quaain
3161 1844 3438 1911 prmdictis
3473 1849 3636 1912 inest,

2059 1921 2436 1976 ostensionem
2487 1923 2604 1992 ipsa
2640 1924 2939 1995 impietatis
2972 1932 3290 2000 plenissima
3330 1938 3491 1993 verba
3521 1942 3640 1994 suf-

2060 2006 2222 2064 ﬁcere
2255 2010 2517 2066 arbitror.
2547 2015 3019 2078 Quemadmodum
3051 2023 3196 2076 enim
3229 2024 3422 2082 faciem
3453 2031 3640 2085 detur-

2057 2107 2238 2165 patam
2297 2108 2349 2154 et
2387 2099 2766 2158 detruncatam
2798 2109 3048 2164 oratione
3075 2113 3418 2181 describens,
3465 2124 3640 2192 magis

2057 2188 2357 2244 videntium
2400 2193 2578 2250 oculis
2608 2196 2858 2251 morbum
2891 2200 3132 2270 subjicit,
3176 2205 3221 2260 si
3260 2209 3458 2266 ablatis
3494 2188 3636 2268 vela-

2057 2282 2258 2337 mentis
2291 2281 2484 2340 faciem
2518 2286 2722 2341 nudam
2770 2277 3210 2360 c'ommonstret,.
3239 2299 3313 2354 ita
3355 2309 3413 2355 ut
3457 2305 3638 2361 verbis

2057 2376 2192 2430 nihil
2217 2378 2455 2449 amplius
2495 2395 2633 2451 opus
2668 2382 2760 2446 sit,
2806 2386 3031 2455 quando
3065 2404 3179 2443 rem
3213 2390 3386 2462 ipsam
3419 2407 3636 2466 specta-

2057 2477 2203 2525 tores
2231 2471 2345 2539 jam
2393 2471 2717 2530 intuentur:
2768 2478 2849 2532 sic
2882 2479 3136 2535 existimo
3179 2483 3421 2542 lizeretici
3472 2489 3638 2560 hujus

2057 2558 2330 2629 dogmatis
2359 2564 2752 2632 turpitudinem
2818 2577 2872 2622 et
2900 2569 3130 2637 laceram
3159 2558 3635 2649 deformationem,

2059 2650 2126 2706 iis
2153 2652 2357 2722 quibus
2393 2657 2763 2728 perspiciendi
2796 2659 3032 2717 facultas
3081 2667 3346 2735 suppetit,
3403 2673 3540 2728 satis
3570 2691 3634 2729 ex

2057 2743 2174 2813 ipsa
2220 2745 2512 2801 verborum
2569 2749 2834 2807 relatione
2908 2761 2960 2808 et
3010 2755 3240 2813 lectione
3293 2761 3636 2820 manifestam

2056 2834 2202 2901 fore;
2255 2837 2349 2893 sed
2390 2854 2516 2893 cum
2555 2856 2784 2918 necesse
2831 2845 2922 2908 sit,
2976 2855 3036 2899 ut
3083 2848 3635 2919 demonstrationem,

2054 2924 2198 2978 velut
2228 2925 2481 2994 digitum,
2535 2927 2590 2982 in
2619 2928 2885 2985 doctrina:
2930 2932 3095 3003 hujus
3141 2938 3484 3005 putredinem
3535 2942 3636 2996 im-

2056 3015 2358 3084 mittamus,
2388 3019 2602 3088 quibus
2616 3023 2900 3091 turpitudo
2931 3023 3052 3092 ejus
3087 3025 3268 3082 adhuc
3297 3029 3638 3087 manifestior

2057 3105 2333 3177 plerisque
2383 3111 2598 3177 evadat,
2658 3113 2886 3182 agedum
2930 3116 3123 3171 ordine
3179 3119 3342 3173 verba
3383 3121 3637 3178 Eunomii

2054 3213 2418 3256 resmnamus.
2461 3201 2591 3257 Cum
2627 3203 2736 3258 [nec
2766 3206 2840 3259 ita
2869 3223 2924 3260 se
2965 3207 3212 3275 habeant,
3263 3211 3459 3281 inquit.
3493 3215 3635 3281 Quid

2054 3291 2156 3356 ais,
2209 3307 2243 3346 ο
2294 3293 2641 3348 somniator?
2692 3312 2814 3365 qua:
2843 3306 2973 3352 sunt
3025 3301 3147 3364 ista,
3184 3311 3236 3356 et
3269 3307 3546 3372 quomodo
3576 3324 3636 3365 se

2052 3380 2302 3437 habent?
2333 3381 2516 3438 Solam
2543 3384 2726 3440 Patris
2756 3387 3111 3441 substantiam
3138 3406 3250 3444 esse
3283 3396 3552 3461 propriam
3585 3408 3634 3452 et

2050 3487 2351 3541 supremam
2375 3489 2395 3538 ;
2421 3474 2764 3544 improprium
2787 3491 2904 3529 vero
2922 3476 3078 3543 plane
3106 3477 3281 3539 illam,
3313 3497 3430 3548 qua:
3451 3483 3634 3537 ordine

2051 3565 2407 3634 consequitur,
2458 3575 2507 3620 et
2555 3566 2728 3620 adhuc
2772 3568 2940 3638 magis
2985 3569 3349 3639 improprium,
3397 3575 3631 3630 tertiam.

2051 3654 2157 3711 Ista
2194 3658 2343 3711 enim
2391 3657 2478 3714 his
2527 3659 2666 3728 ipsis
2712 3659 2894 3714 verbis
2924 3662 3081 3730 quasi
3116 3662 3233 3733 lege
3269 3663 3377 3718 lata
3429 3672 3628 3725 sancit.

2047 3747 2132 3801 An
2179 3746 2309 3818 quia
2338 3758 2603 3818 sequente
2647 3748 2716 3802 ad
2752 3750 2983 3819 primam
3017 3752 3382 3815 substantiam
3435 3772 3632 3828 opera-

2050 3841 2198 3897 tione
2233 3841 2492 3913 quadam,
2552 3841 2714 3910 cujus
2744 3841 2971 3899 effectus
3021 3853 3076 3899 et
3125 3860 3264 3916 opus
3317 3849 3632 3920 unigenitus

2046 3933 2221 3991 Filius
2260 3941 2364 4000 est,
2417 3950 2693 3990 mensurae
2743 3935 3038 3993 efficientis
3079 3937 3232 3994 illum
3291 3944 3630 4011 Operationis

2046 4030 2201 4098 quasi
2228 4029 2515 4100 illigatur?
2562 4029 2648 4085 An
2679 4029 2808 4101 quia
2863 4030 3099 4100 majores
3132 4040 3183 4087 et
3219 4031 3460 4089 minores
3500 4038 3631 4091 sub-

2047 4123 2278 4176 stantias
2307 4121 2571 4191 concipit,
2625 4121 2782 4190 quasi
2829 4121 2884 4176 in
2933 4137 2992 4177 se
3022 4131 3213 4178 mutuo
3253 4124 3626 4192 includantur,

2045 4214 2302 4282 quodque
2322 4214 2527 4269 vastior
2547 4221 2602 4268 et
2620 4213 2782 4268 latior
2807 4215 3074 4268 minorem
3099 4215 3400 4277 contineat,
3436 4234 3627 4286 quem-

2045 4304 2339 4359 admodum
2385 4305 2633 4362 accidere
2683 4306 2822 4360 solet
2869 4305 2925 4358 in
2973 4304 3130 4360 cadis
3183 4317 3236 4360 et
3282 4324 3458 4372 vasus,
3507 4327 3628 4381 qua:

354 4408 853 4480 δημιουργημάτων
895 4409 953 4467 αἱ
985 4407 1237 4479 διαφοραὶ
1267 4407 1283 4422 ⁸
1303 4408 1394 4462 καλ¹
1423 4409 1520 4479 τὴν
1546 4408 1652 4461 τῶν
1676 4409 1939 4481 δημιουρ-

2051 4395 2150 4451 sibi
2171 4403 2362 4450 mutuo
2381 4396 2886 4466 imponuntur?Aut
2905 4397 3206 4451 secundum
3229 4415 3388 4468 quem
3410 4403 3624 4458 tandem

354 4501 466 4568 γῶν
496 4499 790 4570 ἑτερότητα
823 4499 1296 4569 συνεμφαίνουσιν,
1326 4499 1401 4562 ὡς
1431 4500 1711 4570 ἀμήχανον
1742 4503 1805 4554 ἐκ
1834 4501 1940 4557 τῶν

357 4592 557 4662 ὁμοίων
601 4590 890 4660 ἐνεργειῶν
931 4590 1220 4661 διαφόρους
1269 4589 1367 4653 τὰς
1409 4591 1765 4662 δημιουργίας
1813 4611 1939 4647 συν-

360 4685 604 4738 ίστασθαι
630 4701 646 4750 ;
677 4679 747 4737 Ἀ
757 4682 804 4755 ρ’
836 4678 927 4736 οὖν
956 4682 1075 4738 ἐστί
1095 4700 1177 4745 τις
1207 4683 1444 4752 τοσούτῳ
1471 4681 1684 4753 κώματι
1713 4686 1941 4755 κατεχό-

360 4795 516 4848 μενος
543 4776 612 4830 τὰ
641 4776 742 4846 τῆς
774 4774 952 4846 ψυχῆς
986 4774 1347 4845 αἰσθητήρια,
1387 4773 1527 4826 ὥστε
1556 4775 1794 4840 ἀκούσας
1832 4777 1941 4830 τῶν

355 4869 609 4923 τοιούτων
636 4868 924 4939 δογμάτων
953 4867 1112 4933 εὐθὺς
1154 4865 1441 4920 συνθέσθαι
1484 4865 1561 4936 τῷ
1600 4867 1938 4920 διαϐεϐαιου-

358 4964 523 5035 μένῳ,
558 4963 638 5016 ὅτι
676 4963 840 5016 Οὕτω
868 4959 935 5014 δὲ
967 4960 1192 5014 τούτων
1217 4959 1500 5028 ἐχόντων,
1544 4959 1642 5012 καὶ
1677 4959 1750 5028 τῇ
1791 4961 1940 5028 πρὸς

353 5057 594 5125 ἄλληλα
640 5054 852 5125 σχέσει
909 5052 1016 5106 τὸν
1066 5051 1274 5120 είρμὸν
1321 5049 1702 5117 ἀπαράϐατον
1741 5051 1940 5118 6mm-

347 5150 648 5217 pourtonr;
683 5147 796 5216 Τῆς
837 5144 945 5216 γὰρ
972 5144 1140 5213 αὐτῆς
1169 5139 1322 5213 οἶμαι
1356 5141 1736 5213 παραπληξίας
1778 5137 1936 5207 εἶναι,

352 5241 530 5309 λέγειν
569 5258 628 5294 τε
673 5239 743 5293 τὰ
791 5236 1033 5299 τοιαῦτα,
1076 5235 1171 5289 καὶ
1215 5234 1481 5303 λεγόντων
1528 5233 1746 5288 ἀκούειν
1786 5233 1940 5300 ἀνεξ-

351 5334 610 5400 ετάστως,
632 5335 714 5388 ὅτι
743 5330 921 5402 εἱρμῷ
945 5348 1049 5382 τινι
1077 5329 1162 5384 διὰ
1189 5329 1287 5399 τῆς
1314 5326 1450 5398 πρὸς
1477 5325 1678 5395 ἄλληλα
1705 5326 1940 5395 σχέσεως

351 5427 628 5481 εὐθύνεται
661 5425 731 5479 τὰ
763 5423 850 5477 διὰ
879 5422 976 5487 τῆς
1014 5419 1155 5473 κατὰ
1192 5419 1291 5489 τὴν
1356 5417 1518 5487 φύσιν
1557 5415 1940 5486 ἀνομοιότητος

350 5521 442 5576 ἀπ’
473 5519 723 5590 ἀλλήλων
752 5511 1123 5583 διεσχισμένα.
1152 5511 1220 5561 ’Ἠ
1245 5509 1353 5580 γάρ
1379 5509 1582 5580 ἥνωται
1615 5506 1702 5559 διὰ
1729 5509 1827 5574 τῆς
1849 5505 1939 5556 οὺ-

351 5614 468 5678 σίας
501 5612 646 5667 κατὰ
674 5609 768 5663 τὸν
797 5606 1062 5676 ἡμέτεων
1088 5601 1264 5667 λόγον,
1300 5598 1392 5651 καὶ
1424 5597 1595 5660 οὕτως
1625 5597 1682 5649 ἐν
1707 5599 1772 5666 τῇ
1804 5595 1938 5669 πρὸς

346 5703 550 5771 ἀλληλα
586 5699 769 5769 σχέσει
801 5695 889 5749 τὸν
920 5691 1108 5762 εἱρμὸν
1142 5688 1494 5760 ἀπαράϐατον
1529 5688 1874 5759 διατηρήσει·
1906 5687 1938 5757 ἦ

2045 4488 2291 4553 modum,
2329 4496 2588 4558 tanquam
2617 4487 2855 4556 majores
2875 4494 2930 4542 et
2956 4488 3196 4544 minores
3224 4491 3470 4547 intuetur
3499 4496 3629 4549 sub-

2043 4579 2300 4641 stantias,
2358 4594 2482 4649 qua:
2522 4577 2676 4632 nullo
2725 4578 2944 4648 penitus
2977 4579 3213 4634 termino
3269 4582 3627 4640 circumscri-

2043 4672 2248 4726 buntur
2277 4685 2341 4724 ac
2369 4669 2750 4726 definiuntur?
2783 4669 2865 4724 An
2905 4671 3033 4740 quia
3071 4687 3255 4726 rerum
3303 4674 3621 4732 effectarum

2040 4761 2362 4818 diﬂercntize
2409 4761 2830 4832 producentium
2871 4778 3091 4832 quoque
3124 4764 3494 4822 diversitatem
3537 4772 3625 4824 in-

2040 4854 2249 4918 dicant,
2282 4853 2442 4924 quasi
2475 4853 2590 4909 fieri
2617 4861 2874 4923 nequeat,
2922 4863 2981 4907 ut
3019 4870 3084 4910 ex
3127 4857 3402 4914 similibus
3429 4875 3625 4930 Opera-

2038 4945 2284 5002 tionibus
2313 4945 2516 5002 diversi
2541 4943 2768 5001 eﬂectus
2800 4946 3099 5015 prodeant?
3121 4945 3261 5002 Num
3284 4951 3445 5019 cujus
3472 4967 3625 5007 men-

2039 5045 2148 5093 tem
2178 5052 2354 5107 usque
2399 5037 2536 5092 adeo
2569 5037 2754 5107 gravis
2787 5046 3044 5093 veternus
3085 5048 3339 5110 occupat,
3393 5051 3452 5096 ut
3499 5058 3621 5095 cum

2041 5131 2171 5186 talia
2199 5131 2455 5204 dogmata
2495 5130 2667 5198 audit,
2703 5145 2734 5186 e
2761 5131 2990 5203 vestigio
3023 5138 3358 5190 asscntiatur
3405 5151 3622 5189 asseve-

2039 5208 2210 5277 ranti:
2255 5221 2382 5277 Htec
2413 5239 2530 5276 cum
2565 5223 2644 5276 ita
2673 5240 2728 5277 se
2756 5223 3002 5286 habeant,
3031 5233 3081 5278 et
3109 5235 3294 5278 mutua
3318 5224 3625 5280 habitudine

2039 5314 2404 5370 inrariabilem
2440 5316 2628 5370 seriem
2663 5315 2932 5370 observent
2957 5315 2980 5368 ξ’
3005 5315 3259 5384 Ejusdem
3309 5313 3454 5368 enim
3505 5325 3624 5369 stu-

2041 5409 2191 5477 poris
2219 5408 2478 5469 arbitror,
2509 5414 2565 5462 et
2597 5407 2782 5463 dicere
2816 5417 2870 5462 et
2913 5407 3227 5461 dicentibus
3255 5404 3463 5474 absque
3511 5409 3620 5466 ulla

2039 5499 2388 5554 discussione
2411 5514 2575 5553 aures
2615 5497 2878 5567 praebere,
2916 5499 3057 5550 serie
3109 5495 3344 5566 quadam
3389 5507 3443 5553 ct
3477 5516 3620 5554 nexu

2041 5605 2137 5659 per
2166 5597 2412 5643 nmtuam
2449 5587 2828 5643 habitudinem
2882 5585 3041 5656 dirigi
3078 5602 3190 5652 res,
3238 5605 3378 5660 quas
3412 5603 3621 5646 natura:

2042 5680 2432 5740 dissimilitudo
2460 5680 2692 5739 invicem
2724 5677 3006 5749 disjunxit.
3043 5680 3146 5742 Aut
3189 5683 3333 5738 enim
3368 5684 3618 5741 substan-
