4068 6148
402 241 407 246 ’
437 281 540 337 379

1688 265 1744 320 S.
1784 263 2107 332 GREGORII
2141 266 2430 323 NYSSENI

3600 274 3703 329 580

438 397 526 446 tia:
551 389 858 463 conjuncta:
887 401 1034 456 sunt,
1066 391 1369 446 secundum
1401 402 1646 449 nostram
1678 397 1989 468 intelligend

2119 386 2424 456 ἀφέστηκεν
2458 386 2698 456 ἀλλήλων
2737 385 2822 439 διὰ
2854 386 2950 456 τῆς
2995 385 3136 440 κατά
3167 387 3329 456 φύσιν
3361 387 3703 460 ἀλλοτριότη-

439 495 735 550 tationem;
793 491 846 536 et
901 483 980 537 sic
1026 491 1215 537 mutua
1254 484 1579 540 habitudine
1626 487 1824 542 seriem
1868 490 2014 540 illam

437 575 808 630 invariabilettt
845 577 1184 642 observant;
1227 587 1332 646 aut
1360 595 1389 632 a
1437 595 1496 635 se
1531 590 1720 635 mutuo
1756 582 2017 648 sejunth

435 675 563 720 sunt
597 678 818 736 propter
861 678 1073 724 natura:
1107 670 1509 735 diversitatem,
1556 673 2013 741 quemadmodum

435 758 524 812 ille
554 758 657 812 sibi
689 759 1018 828 persuadet:
1071 769 1128 813 at
1173 779 1423 831 quaenam
1462 764 1514 817 in
1547 767 1713 818 rebus
1750 765 1884 818 adeo
1931 763 2014 816 di-

431 849 609 905 Versis
637 851 864 920 reperiri
913 852 1112 921 poterit
1147 854 1448 906 secundum
1486 855 1680 909 seriem
1734 854 1880 907 illam
1919 855 2015 909 lia.-

433 939 643 1003 bitudo,
670 955 792 1010 quae
822 941 1196 997 invariabilem
1248 945 1513 998 rationem
1550 945 1845 998 observet?
1879 944 2015 1010 Quis

432 1041 694 1100 prmterea
714 1042 798 1086 est
822 1034 1022 1088 insitus
1049 1035 1138 1088 ille
1167 1031 1346 1088 rerum
1372 1035 1528 1098 ordo.
1555 1051 1620 1090 ex
1641 1036 1798 1102 cujus
1825 1051 2013 1092 norma

432 1125 537 1178 iste
574 1124 1021 1194 disquisitionem
1068 1127 1278 1181 institui
1303 1128 1497 1196 jubet?
1525 1125 1580 1181 Si
1615 1129 1757 1181 enim
1805 1128 2008 1182 doctri-

430 1229 557 1267 nam
591 1217 834 1269 veritatis
881 1216 1116 1271 intuitus
1157 1219 1283 1272 solo
1317 1218 1511 1272 ordine
1555 1233 1770 1280 eorum,
1799 1235 1920 1288 quae
1955 1219 2009 1274 in

431 1309 782 1362 Sanctissima
814 1307 1084 1364 Trinitate
1118 1310 1417 1372 credimus,
1465 1309 1829 1365 dill‘erentiam
1869 1310 2009 1364 assi-

429 1408 672 1468 gnasset,
704 1413 814 1454 non
842 1399 1088 1456 confusis
1119 1417 1214 1456 seu
1251 1402 1530 1471 permistis
1560 1419 1655 1473 per
1694 1415 2011 1473 cognatum,

429 1507 590 1560 quem
623 1501 800 1554 vocat,
831 1491 1078 1546 ordinem
1113 1493 1521 1564 liypostasibus,
1578 1495 1730 1550 salva
1762 1510 2008 1548 commu-

429 1577 594 1630 nione
611 1578 910 1631 secundum
933 1581 1320 1644 substantiam,
1347 1591 1400 1636 et
1417 1581 1689 1637 divisione
1706 1583 2008 1640 secundum

427 1667 771 1736 liypostasin,
802 1684 908 1722 non
942 1671 1129 1739 utique
1162 1672 1214 1724 in
1242 1672 1682 1727 adversariorum
1716 1689 2002 1728 numerum

2121 493 2232 539 τος,
2266 478 2446 540 καθὼς
2475 479 2678 539 ἐκεῖνος
2704 475 2872 529 οἴεται
2898 494 2910 508 ο
2942 479 3035 530 καὶ
3074 478 3154 542 τίς
3189 479 3540 551 εὑρεθήσεται
3580 480 3702 533 καθ’

2120 569 2309 639 εἱρμὸν
2354 570 2533 638 σχέσις
2573 571 2629 621 ὲν
2671 572 2781 631 τοῖς
2826 569 3118 639 ἀλλοτρίως
3158 570 3402 642 ἔχουσιν,
3437 576 3470 643 ἡ
3507 589 3704 644 συντη-

2123 663 2288 732 ροῦσα
2345 663 2406 715 τὸ
2440 663 2827 734 ἀπαράϐατονς
2869 665 2963 727 Τίς
2991 664 3046 717 δὲ
3074 667 3106 735 ἡ
3138 665 3390 736 συμφυὴς
3421 666 3526 718 τῶν
3555 682 3700 736 πρα-

2119 755 2344 825 γμάτων
2373 753 2547 819 τάξις,
2568 753 2686 807 καθ’
2711 754 2776 822 ἣν
2807 754 3074 808 ποιεῖσθαι
3102 754 3380 825 νομοθετεῖ
3398 755 3493 823 τὴν
3519 755 3703 820 ἐξέτα-

2122 865 2239 912 σιν;
2267 849 2328 900 Et
2358 847 2455 918 μὲν
2484 847 2591 916 γὰρ
2613 849 2692 910 είς
2717 846 2775 898 τὸ
2804 846 2976 916 δόγμα
3006 847 3102 918 τῆς
3125 846 3381 916 ἀληθείας
3408 847 3572 918 ἐώρα,
3605 852 3702 900 καὶ

2123 942 2259 1013 μόνῃ
2295 943 2358 1012 τῇ
2405 939 2553 1004 τάξει
2598 938 2738 992 κατά
2783 940 2841 992 τὸ
2877 939 3164 992 ἀκόλουθον
3205 941 3313 993 τῶν
3357 942 3412 994 ὲν
3453 944 3517 1012 τῇ
3567 942 3702 1014 ἁγίᾳ

2119 1033 2306 1101 Τριὰδι
2334 1031 2776 1102 πεπιστευμένων
2807 1033 3144 1103 πραγμάτων
3172 1032 3270 1103 τὴν
3297 1032 3560 1104 διαφορὰν
3593 1035 3704 1086 5.0—

2117 1122 2317 1193 γίζετο,
2380 1124 2480 1193 τῆς
2533 1122 2810 1193 συμςσυοῦς
2863 1123 3102 1191 ταύτης,
3151 1123 3225 1186 ὥς
3284 1141 3438 1194 φησι,
3489 1125 3702 1189 τάξεως

2118 1215 2419 1286 ἀσὺγχυτον
2452 1217 2781 1286 ποιουμένης
2826 1214 2923 1286 τὴν
2963 1216 3069 1271 τῶν
3108 1217 3456 1269 ὑποστάσεων
3495 1218 3698 1287 κρίσιν,

2117 1305 2256 1362 ὥστε
2293 1307 2383 1360 καὶ
2418 1306 2691 1360 κοινωνεῖν
2730 1306 2868 1360 κατὰ
2908 1305 3003 1376 τὴν
3035 1306 3242 1368 οὐσίαν,
3277 1305 3368 1360 καὶ
3407 1306 3700 1377 διῃρῆσθαι

2119 1399 2256 1453 κατὰ
2282 1399 2371 1453 τὸν
2395 1400 2493 1470 τῆς
2524 1399 2869 1461 ὑποστάσεως
2902 1398 3058 1466 λόγον
3085 1397 3322 1459 οἴεσθαι,
3343 1399 3438 1450 οὐκ
3467 1400 3531 1450 ἂν
3562 1401 3702 1452 πάν-

2115 1508 2220 1552 τως
2250 1491 2306 1541 ἐν
2340 1491 2451 1552 τοῖς
2486 1489 2822 1552 ὑπεναντίοις
2867 1489 3156 1553 ἐτέτακτο,
3189 1484 3363 1541 ταῦτα
3388 1488 3583 1558 λέγων,
3621 1485 3700 1544 ὧν

2115 1581 2181 1635 ἂν
2215 1584 2374 1653 ἡμεῖς
2410 1581 2801 1651 προῖστὰμεθα.
2833 1581 2967 1633 Νυνὶ
3004 1581 3060 1633 δὲ
3107 1581 3249 1645 ἅπας
3281 1585 3308 1635 ὁ
3340 1581 3494 1650 λόγος
3523 1582 3699 1653 αὐτῷ,

2118 1674 2250 1744 πρὸς
2282 1675 2344 1727 τὸ
2372 1673 2611 1727 ἐναντίον
2637 1673 2867 1744 βλέπων,
2894 1674 3094 1746 ἄπορον
3125 1669 3262 1727 εἶναι
3288 1677 3700 1750 παρασκευάζει

426 1762 630 1814 relatus
663 1770 829 1824 esset,
874 1762 1075 1830 quippe
1123 1765 1310 1818 eadem
1345 1767 1628 1821 nobiscum
1667 1767 1909 1821 sentiens
1956 1781 1984 1819 e

2112 1769 2210 1836 τῆς
2243 1766 2476 1819 ἐνταῦθα
2507 1766 2824 1832 νοηθείσης
2861 1766 3009 1837 αὑτῷ
3042 1766 3263 1832 τάξι-’ως
3291 1768 3389 1838 τὴν
3430 1771 3702 1839 κατανόη-

423 1850 648 1905 docens.
685 1851 754 1904 At
792 1865 921 1928 vero
953 1859 1064 1904 tota
1090 1853 1210 1923 ejus
1242 1854 1538 1923 disputatio
1567 1854 1832 1908 aliorsum
1887 1862 2006 1908 len-

423 1946 580 2006 dens,
621 1945 804 2008 ellrcit,
840 1950 899 1996 ut
929 1943 1147 2000 diliicile
1174 1947 1244 2000 sit
1273 1948 1596 2018 intelligere,
1628 1947 1757 2017 quid
1787 1947 2002 2001 tandem

427 2056 524 2108 per
555 2049 833 2108 cogitatum
865 2038 1101 2090 ordinem
1135 2036 1482 2092 intellexerit.
1516 2039 1812 2091 Pluriiunt
1859 2038 2002 2092 enim

425 2131 653 2185 interest
679 2132 820 2184 inter
850 2146 932 2196 ea,
969 2145 1089 2200 quae
1117 2146 1179 2183 ex
1211 2133 1492 2200 proposito
1514 2141 1566 2184 et
1590 2131 2001 2196 deliberatione,

423 2233 476 2274 et
505 2235 567 2274 ea
601 2237 722 2290 quae
751 2233 945 2291 sponte
970 2228 1177 2274 naturze
1201 2237 1265 2275 ex
1297 2223 1530 2275 naturali
1559 2223 1791 2290 quadam
1822 2237 2004 2276 neces-

422 2314 604 2376 sitate,
644 2312 711 2367 ad
745 2312 903 2366 ﬁnem
955 2312 1179 2366 abeunt.
1213 2311 1492 2382 Cognatus
1542 2321 1625 2367 est
1675 2313 1782 2381 igni
1828 2314 2002 2379 calor,

419 2402 682 2471 Splendor
712 2402 888 2464 radio,
923 2400 1064 2455 liuor
1092 2416 1265 2472 aqum,
1303 2402 1470 2471 lapidi
1507 2413 1687 2457 motus
1717 2403 1996 2466 deorsum,

418 2505 476 2549 ut
517 2495 674 2566 plura
716 2494 822 2548 alia
855 2494 1020 2564 hujus
1066 2495 1284 2564 generis
1317 2496 1582 2550 omittam.
1631 2495 1684 2549 Si
1719 2498 1842 2564 quis
1873 2512 2000 2551 vero

414 2588 638 2643 domum
673 2587 983 2652 aediliCavit,
1013 2597 1107 2642 aut
1148 2588 1528 2658 magistratum
1568 2590 1709 2655 iniit,
1741 2599 1834 2644 aut
1859 2607 2000 2644 mer--

413 2690 664 2734 caturam
707 2681 1006 2745 inchoavit,
1038 2689 1130 2733 aut
1163 2680 1368 2750 aliquid
1403 2696 1590 2734 corum
1623 2698 1742 2750 qua:
1770 2699 1832 2736 ex
1865 2682 1998 2737 deli-

412 2772 701 2827 beratione
730 2781 782 2827 et
813 2771 1072 2825 meditata
1109 2773 1506 2840 prmparatione
1542 2773 1744 2843 suscipi
1798 2774 1994 2836 solent,

412 2879 705 2934 aggressus
757 2872 864 2929 est,
912 2880 1019 2920 non
1065 2864 1190 2917 licet
1224 2864 1441 2933 proprie
1486 2864 1666 2919 dicere
1704 2865 1865 2920 rebus
1899 2881 1995 2934 per

410 2953 565 3007 illum
598 2954 736 3007 actis
775 2964 1064 3023 cognatum
1116 2953 1362 3007 ordinem
1398 2953 1600 3009 inesse.
1637 2953 1770 3008 Nam
1799 2972 1864 3009 ex
1900 2973 1995 3010 vo-

409 3043 620 3098 luntate
649 3045 788 3114 ejus,
816 3046 911 3115 qui
940 3061 1054 3099 rem
1084 3044 1422 3116 aggreditur,
1460 3054 1514 3100 et
1542 3062 1605 3100 ex
1645 3047 1880 3101 utilitate
1911 3048 1988 3102 rei

407 3144 679 3207 susceptae
718 3145 770 3191 et
819 3146 1070 3208 peracta,
1102 3139 1408 3193 aestimatur
1445 3139 1582 3193 ordo
1613 3141 1680 3194 ab
1713 3141 1840 3205 illis,
1893 3142 1986 3211 qui

404 3231 676 3286 actionem
707 3232 945 3302 aliquam
983 3233 1393 3302 aggrediuntur.
1427 3235 1496 3288 At
1519 3235 1665 3298 hinc,
1696 3246 1982 3304 postquam

405 3320 694 3375 haereticus
723 3319 920 3375 Filium
951 3338 980 3375 a
1014 3323 1249 3374 naturali
1281 3338 1403 3375 cum
1423 3322 1583 3378 Patre
1605 3327 1984 3379 convenientia

402 3415 678 3486 abjunxit,
731 3415 987 3482 idemque
1029 3413 1096 3466 de
1128 3414 1334 3481 Spiritu
1369 3424 1563 3469 sancto
1609 3417 1712 3470 sibi
1758 3433 1984 3488 persua-

401 3507 514 3570 det,
572 3514 829 3572 tanquam
915 3503 1126 3557 scilicet
1171 3509 1464 3557 extraneus
1516 3520 1744 3573 prorsus
1793 3507 1864 3561 sit
1918 3514 1988 3565 ab

402 3597 606 3651 unione
638 3610 760 3650 cum
796 3592 958 3648 Patre
999 3602 1050 3647 et
1095 3592 1276 3660 Filio;
1331 3609 1565 3664 cumque
1620 3597 1676 3650 in
1725 3606 1836 3652 tota
1887 3614 1984 3656 sua

397 3687 775 3756 disputatione
830 3686 937 3740 hoc
983 3701 1150 3739 unum
1187 3687 1462 3754 moliatur,
1532 3696 1591 3742 ut
1646 3689 1987 3748 demonstret

399 3776 600 3833 Filium
640 3793 762 3833 esse
795 3792 933 3848 opus
976 3777 1179 3842 Patris,
1215 3786 1268 3832 et
1312 3793 1504 3835 rursus
1535 3777 1658 3834 Filii
1694 3796 1832 3851 opus
1858 3799 1982 3840 esse

398 3870 663 3942 Spiritum
694 3879 981 3936 sanctum;
1031 3879 1243 3927 etcum
1303 3873 1384 3928 sic
1429 3875 1612 3928 omnia
1652 3889 1820 3945 opera
1867 3879 1977 3934 sint

2115 1875 2217 1911 σιν.
2265 1857 2522 1910 Πλεῖστον
2567 1857 2674 1929 γὰρ
2707 1856 2877 1925 δήπου
2927 1855 3197 1927 διενήνοχε
3239 1858 3350 1912 τῶν
3396 1877 3454 1911 τε
3508 1861 3599 1913 καὶ
3635 1865 3701 1912 ὲκ

2112 1948 2569 2019 προϐουλεύσεως,
2600 1950 2692 2002 καὶ
2719 1948 2826 2001 τῶν
2854 1947 2994 2002 κατὰ
3027 1949 3084 2001 τὸ
3110 1949 3414 2020 αὐτόματον
3441 1955 3502 2003 ἐκ
3533 1970 3701 2020 φυσι-

2109 2041 2212 2110 κῆς
2240 2058 2380 2103 τινος
2409 2042 2653 2111 ἀνάγκης
2685 2042 3084 2095 ἀποϐαινόντων
3111 2041 3170 2094 το
3209 2043 3402 2113 πέρας.
3429 2044 3662 2114 Συμφυή
3672 2062 3700 2107 ς

2108 2131 2223 2183 ἐστι
2244 2131 2322 2202 τῷ
2343 2131 2475 2200 πυρὶ
2505 2132 2536 2200 ἡ
2561 2130 2847 2201 θερμότης.
2883 2132 2976 2185 καὶ
3005 2133 3036 2201 ἠ
3072 2130 3368 2202 λαμπηδὼν
3394 2135 3456 2203 τῇ
3485 2134 3694 2184 ἀκτῖνιο

2107 2222 2199 2275 καὶ
2239 2223 2299 2274 τὸ
2327 2223 2468 2294 ῥέειν
2498 2222 2576 2292 τῷ
2607 2221 2793 2274 ὓιίατι·
2830 2222 2922 2275 καὶ
2969 2221 3043 2292 τῷ
3074 2222 3206 2292 λίθῳ
3245 2225 3278 2292 ἠ
3311 2224 3402 2274 ἐπὶ
3445 2222 3505 2275 τὸ
3540 2224 3697 2277 κάτω

2107 2313 2274 2383 φορὰ,
2313 2315 2403 2367 καὶ
2447 2313 2614 2367 πολλὰ
2658 2313 2881 2367 τοιαῦτα
2916 2313 3059 2366 ἔστιν
3091 2315 3285 2368 εἰπεῖν.
3325 2314 3386 2366 Εἰ
3413 2313 3468 2366 δέ
3501 2331 3584 2377 τις
3613 2317 3694 2366 oi-

2104 2405 2227 2456 κίαν
2283 2405 2606 2474 ἐδομήσατο,
2663 2404 2695 2473 ἢ
2759 2404 3021 2474 μετῆλθεν
3070 2403 3263 2474 ἀρχὴν,
3323 2404 3356 2474 ἦ
3413 2405 3690 2474 ἐμπορίαν

2104 2489 2401 2559 ἐστείλατο,
2428 2497 2460 2568 ἢ
2483 2496 2610 2549 ἄλλο
2628 2515 2678 2549 τι
2701 2498 2807 2548 τῶν
2831 2497 2894 2549 ἐκ
2918 2495 3356 2566 προϐουλεύσεως
3402 2497 3494 2549 καὶ
3516 2513 3690 2566 παραο

2105 2590 2304 2660 σκευῆς
2335 2588 2782 2660 κατορθουμένων
2812 2589 3244 2659 μετεχειρίσατο,
3281 2588 3379 2640 οὐκ
3412 2588 3557 2640 ἔστιν
3589 2588 3691 2640 ἐπὶ

2099 2681 2288 2736 τούτου
2338 2681 2540 2752 κυρίως
2569 2681 2770 2749 λέγειν,
2818 2681 2897 2732 ὃτι
2961 2681 3213 2750 συμφυής
3263 2695 3346 2742 τις
3395 2681 3503 2742 τοῖς
3551 2681 3690 2747 παρ’

2099 2769 2263 2824 αὑτοῦ
2297 2769 2702 2841 πεπραγμένοις
2728 2769 2912 2822 ἔπεστι
2945 2768 3115 2834 τάξις.
3146 2768 3299 2822 Κατὰ
3327 2767 3434 2839 γὰρ
3468 2768 3528 2820 τὸ
3563 2768 3691 2838 βού-

2097 2864 2246 2936 λημα
2272 2863 2365 2918 τοῦ
2396 2862 2849 2934 προαιρουμένου,
2887 2863 2981 2914 καὶ
3014 2861 3154 2915 κατά
3193 2862 3252 2914 τὸ
3277 2863 3548 2932 χρήσιμον
3587 2861 3689 2914 τοῦ

2096 2956 2509 3028 ἐπιτελουμένου
2542 2955 2861 3026 πράγματος
2892 2956 2926 3024 ἡ
2951 2953 3103 3018 τάξις
3134 2953 3283 3022 παρὰ
3309 2953 3416 3005 τῶν
3445 2952 3511 3005 τὰ
3545 2953 3690 3006 καθ-

2096 3053 2321 3103 έκαστον
2379 3047 2743 3120 ἐνεργούντων
2811 3047 3092 3114 ἐπάγεται.
3170 3043 3432 3098 Ἐνταῦθα
3502 3045 3691 3097 τοίνυν

2096 3143 2284 3213 ἐπειδὴ
2315 3140 2598 3211 ἀποσχίξει
2621 3140 2718 3210 τῆς
2740 3139 2971 3208 φυσικῆς
2995 3137 3322 3206 οἰκειότητος
3346 3135 3437 3188 τοῦ
3467 3137 3686 3207 Πατρὸς

2093 3235 2182 3287 τὸν
2215 3234 2341 3286 Υἰὸν
2372 3234 2399 3283 ὁ
2429 3233 2525 3304 τῆς
2553 3232 2812 3304 αἱρέσεως
2845 3231 3001 3298 λόγος
3024 3245 3036 3258 ·
3066 3225 3134 3284 τὰ
3169 3228 3306 3282 αὑτά
3335 3228 3391 3280 δὲ
3420 3228 3512 3280 καὶ
3551 3229 3687 3298 περὶ

2091 3323 2186 3378 τοῦ
2219 3325 2532 3395 Πνεύματος
2559 3323 2750 3386 οἴεται,
2781 3323 2854 3385 ὼς
2884 3317 3294 3391 ἀπεξενωμένου
3331 3319 3428 3389 τῆς
3453 3336 3509 3370 τε
3540 3319 3685 3388 πρὸς

2090 3415 2181 3468 τὸν
2209 3415 2335 3467 Υίὸν
2359 3414 2454 3467 καὶ
2478 3413 2568 3465 τὸν
2611 3412 2830 3484 Πατέρα
2862 3409 3104 3472 ένὼσεως
3126 3424 3140 3437 ·
3175 3410 3231 3461 ἐν
3261 3408 3422 3460 παντὶ
3447 3405 3501 3458 δὲ
3533 3403 3684 3474 λόγῳ

2090 3507 2557 3571 κατασκευάζεται
2585 3506 2666 3568 τὸ,
2697 3503 2857 3574 ἔργον
2885 3498 3024 3554 εἶναι
3047 3499 3139 3552 τοῦ
3170 3497 3382 3572 [ἰατρὸς
3411 3498 3499 3550 τὸν
3523 3497 3677 3549 Υἱόνυ

2090 3601 2248 3672 ἔργον
2289 3601 2343 3653 δὲ
2377 3599 2537 3653 πάλιν
2576 3596 2670 3651 τοῦ
2715 3595 2844 3649 Υίοῢ
2882 3595 2941 3648 τὸ
2989 3593 3210 3663 Πνεῦμα
3231 3607 3256 3625 ·-
3290 3591 3467 3646 πάντα
3516 3589 3572 3642 δὲ
3607 3589 3680 3644 τὰ

2087 3693 2226 3764 ἔργα
2259 3688 2663 3761 προαιρέσεως,
2706 3686 2764 3740 οὐ
2802 3685 3017 3755 φύσεως
3056 3681 3508 3750 ἀποτελέσματα·
3553 3679 3674 3742 πῶς

2087 3779 2240 3848 οὗτος
2279 3783 2341 3836 τὸ
2379 3780 2469 3834 τοῦ
2517 3779 2819 3850 θελήματος
2865 3777 3024 3848 ἔργον
3063 3773 3292 3850 συμφυῆ
3339 3790 3461 3826 τινα
3517 3769 3674 3840 τάξιν

2085 3875 2424 3950 πραγμάτων
2471 3869 2608 3925 εἷναι
2645 3869 2921 3942 ὁρίζεται;

393 3965 682 4019 είθϋῐίοηίε
727 3980 823 4019 seu
857 3963 1143 4033 Ρτοροείῑίν
1194 3979 1304 4017 non
1329 3969 1536 4017 natura:
1561 3965 1774 4029 eﬂ'ecta.
1801 3973 2080 4039 quomodo
2135 3974 2239 4027 iste
2272 3965 2568 4024 voluntatis
2608 3979 2747 4034 opus
2784 3969 3079 4034 cognatum
3131 3959 3424 4031 quemdam
3480 3975 3690 4015 rerum

395 4055 645 4112 ordinem
681 4070 804 4110 esse
834 4054 1065 4109 statuit?
1132 4053 1142 4072 ‘

464 4148 575 4204 Nec
605 4148 718 4204 scio
751 4146 881 4217 quid
921 4146 1025 4200 sibi
1059 4145 1306 4200 oratione
1347 4161 1446 4201 sua
1483 4146 1632 4202 velit.
1691 4149 1771 4203 An
1809 4149 1974 4205 Deum

393 4243 776 4298 universorum
823 4237 1070 4293 eamdem
1118 4247 1369 4292 naturam
1403 4237 1454 4291 in
1508 4236 1646 4294 Filio
1679 4249 1732 4296 et
1769 4242 1976 4313 Spiritu

390 4339 584 4390 sancto
606 4329 952 4400 produxisse,
989 4337 1043 4384 et
1068 4327 1340 4398 ejusmodi
1368 4344 1655 4385 excessum
1682 4331 1735 4384 in
1763 4333 1977 4388 naturis

387 4425 661 4486 eliecisse,
694 4430 755 4476 ut
781 4422 951 4478 altera
980 4420 1141 4475 alteri
1165 4420 1568 4488 subiiceretur?
1603 4424 1646 4476 si
1672 4424 1773 4478 hac
1796 4435 1976 4482 mente

2148 4151 2261 4206 Οὐκ
2291 4145 2406 4203 οἶδα
2432 4145 2482 4200 τί
2510 4145 2646 4199 νοῶν
2669 4145 2726 4196 ὲν
2757 4141 2833 4214 τῷ
2871 4141 3036 4210 λόγῳ·
3061 4141 3136 4205 ὡς
3163 4141 3365 4214 ταύτην
3397 4143 3490 4198 τοῦ
3525 4145 3668 4202 Θεοῦ

2075 4241 2182 4294 τῶν
2215 4239 2350 4292 ὅλων
2381 4235 2477 4306 τὴν
2517 4233 2676 4301 φύσιν
2703 4233 2795 4286 ἐπὶ
2832 4230 2924 4284 τοῦ
2954 4228 3103 4291 Υίοῦ,
3155 4228 3247 4282 καλ⁵
3275 4230 3369 4282 τοῦ
3408 4229 3667 4302 Πνεύμα..

2073 4347 2162 4392 τος
2189 4325 2280 4380 τοῦ
2315 4325 2470 4392 ἁγίου
2501 4321 3033 4394 δημιουργήσαντος,
3068 4320 3159 4371 καὶ
3188 4318 3248 4372 τὸ
3280 4320 3666 4391 ὑπερδεϐηκδς

2074 4419 2182 4472 τῶν
2210 4416 2406 4471 οὐσιῶν
2435 4413 2675 4467 τοιοῦτον
2712 4407 2850 4465 εἶναι
2882 4413 3237 4480 ποιήσαντος,
3269 4409 3410 4464 ὥστε
3438 4413 3666 4482 ὑποχει-

387 4526 493 4582 est,
526 4531 626 4570 cur
649 4514 796 4585 quod
831 4513 1094 4576 asseruit,
1125 4512 1333 4568 diserte
1371 4529 1484 4568 non
1519 4514 1833 4582 explicavit,
1864 4532 1971 4586 qua

2094 4511 2208 4574 niuq
2248 4510 2390 4580 ἒχειν
2418 4506 2495 4576 τῷ
2522 4505 2691 4576 ἑτέρῳ
2722 4503 2783 4556 τὸ
2824 4503 3045 4574 ἓτερον;
3102 4502 3193 4557 καὶ
3223 4506 3270 4556 εί
3319 4503 3489 4558 ταῦτα
3520 4509 3655 4570 νοεῖ,

387 4609 599 4663 scilicet
633 4608 846 4660 ratione
891 4605 1006 4658 haec
1041 4606 1097 4658 in
1133 4603 1245 4659 Deo
1293 4603 1649 4660 considerare
1689 4604 1964 4675 oporteat?

390 4692 472 4744 An
487 4690 681 4761 quiain
700 4692 1118 4763 iinperl‘ectione
1136 4709 1233 4748 seu
1261 4694 1650 4749 imminutione
1675 4695 1968 4750 eti-'ectuum

387 4784 563 4852 major
597 4785 835 4852 potentia
876 4784 970 4840 Dei
1022 4785 1340 4840 eluceseat?
1378 4786 1444 4840 Et
1492 4787 1748 4856 quisnam
1781 4803 1971 4843 asseno

383 4875 550 4927 tietur
585 4872 711 4925 huic
761 4871 958 4927 effata:
1015 4873 1265 4944 Magnam
1299 4889 1521 4930 causam
1556 4885 1614 4931 et
1666 4879 1968 4946 potentiam

383 4964 440 5018 in
485 4962 776 5018 ell'ectuum
836 4963 1255 5032 imperfectione
1307 4970 1804 5038 apparerezquasi
1857 4986 1967 5025 non

381 5055 624 5127 potuerit
650 5055 704 5107 in
731 5054 989 5108 omnibus
1011 5069 1039 5108 a
1065 5071 1124 5110 se
1152 5056 1437 5126 productis
1462 5059 1528 5114 ad
1574 5058 1966 5128 perfectionem

378 5146 728 5219 pertingere?
759 5146 823 5199 Et
850 5147 1126 5216 quomodo
1149 5149 1480 5220 sull'ragatur
1509 5151 1776 5206 Eunomio
1807 5155 1962 5220 illud,

379 5242 696 5311 Supremum
729 5249 778 5293 et
810 5240 1040 5293 manante
1079 5244 1371 5308 proprium,
1416 5244 1462 5298 si
1499 5244 1681 5298 minor
1724 5253 1810 5301 est
1842 5247 1964 5315 ejus

377 5333 639 5402 potentia,
690 5345 855 5400 quam
897 5329 1066 5384 velit?
1105 5330 1186 5384 An
1223 5331 1370 5386 dicet
1404 5333 1834 5402 imperfectionis
1873 5351 1966 5391 ra-

376 5425 576 5476 tionem
608 5424 662 5478 in
694 5439 759 5479 ea
787 5423 1152 5494 productione
1183 5423 1396 5489 abesse,
1431 5440 1501 5479 ne
1527 5425 1753 5480 omnino
1779 5426 1955 5482 ltonor

372 5519 428 5566 et
457 5515 629 5583 gloria
658 5515 796 5586 ejus,
829 5517 923 5587 qui
958 5522 1181 5587 pr0pter
1202 5515 1586 5571 excellentiam
1619 5531 1784 5586 supra
1818 5519 1956 5575 alios

371 5605 594 5669 colitur,
621 5615 948 5664 extenuetur
972 5617 1027 5666 et
1061 5609 1383 5666 deteratur?
1428 5607 1497 5663 Et
1526 5609 1652 5679 quis
1684 5610 1819 5665 adeo
1848 5613 1956 5665 mi-

369 5697 624 5757 scrabilis
677 5707 781 5767 est,
836 5702 931 5772 qui
966 5717 1143 5775 neque
1175 5703 1418 5762 divinam
1472 5709 1525 5761 ct
1554 5702 1768 5761 beatam
1805 5701 1954 5759 illam

2076 4603 2162 4657 διὰ
2207 4599 2254 4656 τί
2295 4601 2354 4653 τὸ
2387 4597 2674 4670 εἰρημένον
2704 4596 2763 4648 οὐ
2795 4594 3110 4664 διεσάφησε,
3151 4595 3292 4648 κατὰ
3337 4595 3459 4649 τίνα
3497 4595 3661 4663 λόγον

2071 4691 2469 4764 προεπινοεῖται
2503 4686 2672 4741 ταῦτα
2705 4686 2833 4757 περὶ
2863 4685 2997 4738 Θεοῦ
3029 4684 3346 4754 γινώσκειν;
3381 4686 3469 4752 Ὧς
3495 4688 3552 4742 ἐν
3583 4691 3656 4760 τῇ

2071 4783 2367 4858 βραχύτητι
2416 4780 2525 4834 τῶν
2571 4779 2770 4851 ἔργων,
2832 4777 3074 4848 μείζονος
3127 4778 3658 4850 ὲπιδειχθησομένης

2068 4875 2231 4930 αὑτοῦ
2248 4875 2345 4945 τῆς
2375 4873 2696 4944 δυνάμεως;
2727 4869 2838 4924 Καὶ
2868 4869 2950 4934 τίς
2985 4868 3143 4922 τοῦτο
3192 4869 3511 4940 συνθήσεται
3535 4913 3550 4937 ,
3591 4873 3658 4927 τὸ

2070 4969 2312 5039 μεγάλην
2342 4968 2541 5031 αἰτίαν,
2570 4966 2664 5020 καὶ
2691 4965 2920 5034 δύναμιν
2963 4965 3028 5034 τῇ
3054 4963 3162 5016 τῶν
3191 4964 3653 5034 ἀποτελεσμάτων

2065 5059 2447 5131 ὲνθεωρεῖσθαι
2513 5055 2830 5130 βραχύτητι,
2877 5053 2991 5107 ἀλλ’
3033 5055 3109 5117 ὡς
3146 5055 3204 5107 οὐ
3238 5055 3538 5126 δυναμένου
3587 5057 3684 5112 τὸ.

2062 5151 2264 5205 τέλειον
2291 5151 2348 5204 ὲν
2377 5150 2509 5202 πᾶσι
2531 5147 2637 5200 τῶν
2655 5147 2713 5211 ἐξ
2733 5144 2896 5199 αὑτοῦ
2927 5147 3328 5216 συνυποστῆσαι
3349 5163 3363 5212 ;
3397 5149 3506 5201 Καὶ
3531 5148 3650 5212 πῶς

2061 5242 2211 5313 αὑτῷ
2265 5242 2642 5313 συμμαρτυρεῖ
2681 5237 2742 5290 τὸ
2779 5237 3086 5292 ἁνώτατόν
3120 5255 3186 5292 τε
3220 5240 3317 5293 καὶ
3362 5239 3647 5309 κυριώτα-

2059 5350 2200 5396 τον,
2231 5333 2386 5403 εἴπερ
2418 5331 2672 5385 ἐλάττονα
2710 5329 2810 5398 τῆς
2842 5329 3214 5401 προαιρέσεως
3254 5327 3510 5392 ἐπιδείξει
3544 5331 3646 5400 τήν

2056 5423 2314 5493 δύναμιν;
2354 5422 2422 5474 Ἢ
2451 5421 2570 5474 οὐδὲ
2601 5419 2978 5490 προτεθεῖσθαι
3007 5419 3157 5488 λέγει
3185 5420 3276 5476 τὸν
3308 5420 3404 5472 τοῦ
3434 5419 3642 5474 τελείου

2057 5515 2213 5584 λόγον
2269 5512 2347 5584 τῷ
2410 5511 2468 5577 ἐξ
2505 5509 2667 5564 αὐτοῦ
2711 5510 3062 5579 ἐγγενέσθαι,
3096 5512 3185 5565 ἵνα
3233 5511 3307 5584 μὴ
3341 5512 3558 5575 πάντως
3606 5513 3641 5582 ἡ

2059 5605 2192 5677 τιμὴ
2226 5605 2318 5658 καὶ
2344 5606 2378 5674 ἡ
2394 5603 2517 5668 δόξα
2538 5602 2628 5657 τοῦ
2655 5602 2742 5655 διὰ
2771 5603 2830 5655 τὸ
2845 5604 3111 5675 ὑπερέχον
3137 5604 3448 5675 τιμωμένου
3474 5621 3645 5659 κατα-

2064 5697 2422 5772 σμικρύνηται
2441 5714 2456 5768 3
2485 5696 2590 5752 iiut
2632 5694 2713 5762 τίς
2744 5694 2914 5761 οὕτως
2948 5695 3130 5758 ἄθλιος
3187 5695 3326 5752 ὥστε
3359 5695 3496 5769 μηδὲ
3534 5697 3644 5767 τὴν
