4064 6146
368 279 465 340 381

1519 270 1799 328 CONTRA
1829 267 2220 333 EUNOMlUM,
2274 267 2400 322 LIB.
2442 267 2486 322 1.

3521 262 3627 318 583

372 389 524 445 θείαν
572 403 630 444 τε
674 385 768 441 καὶ
815 383 1288 455 μακαρίανφύσιν
1327 384 1654 456 καθαρεύειν
1703 386 1810 439 ἀπὸ
1855 383 1949 438 τοῦ

2082 389 2304 437 laturam
2337 381 2404 436 ab
2438 378 2653 435 invidiae
2681 377 2873 436 aﬂ‘ecm
2909 379 3204 432 immunem
3226 392 3346 432 esse
3370 374 3626 432 aﬂlrtnet?

373 475 515 528 κατά
535 473 625 526 τὸν
655 472 846 541 φθόνον
880 470 1082 534 πάθους
1122 469 1568 538 ὑπολογίζεσθαις
1594 472 1728 525 Ποία
1752 468 1844 525 οὖν
1874 472 1958 525 εὑ-

373 563 590 638 πρεπὴς
619 563 768 616 αἰτία
812 561 906 616 τοῦ
945 562 1116 616 ταῦτα
1156 561 1300 615 οὕτω
1341 562 1490 631 παρὰ
1531 562 1625 614 τοῦ
1669 561 1803 615 Θεοῦ
1848 561 1957 615 τῶν

374 660 512 712 ὅλων
550 657 643 709 ἐπὶ
676 654 771 709 τοῦ
802 655 1140 723 Μονογενοῦς
1182 656 1274 708 καὶ
1302 653 1395 708 τοῦ
1433 654 1746 725 Πνεύματος
1788 654 1958 708 διατε-

375 747 604 818 τάχθαι;
649 745 791 798 Ἀλλ’
820 747 928 798 οὐκ
953 744 1178 799 ἐκεῖθεν
1210 743 1390 815 φησίν.
1417 745 1585 797 Πόθεν
1607 741 1699 798 οὖν
1718 745 1956 810 ἄλλοθεν,

377 839 424 890 εί
457 835 531 906 μὴ
554 835 693 888 κατά
723 834 816 903 τὴν
844 833 1004 902 φύσιν
1025 833 1236 896 οίκείως
1266 832 1498 904 ἔχουσιν,
1525 835 1559 904 ἡ
1587 823 1836 906 συμφυὴς
1863 835 1959 892 αὖ-

375 931 488 992 τοῖς
506 925 658 992 τάξις
676 924 1019 996 ἐνθεωρεῖται
1037 941 1051 988 ;
1069 922 1213 977 Ἀλλ’
1236 925 1364 987 ἴσως
1375 923 1435 977 τὸ
1457 925 1741 995 ὑφειμένον
1763 927 1858 996 τῆς
1871 926 1961 978 ού-

384 1019 502 1082 σίας
534 1018 628 1069 ἐπὶ
657 1014 750 1069 τοῦ
783 1015 914 1068 Υἱοῦ
968 1016 1062 1070 καὶ
1096 1014 1186 1068 τοῦ
1218 1015 1554 1086 Πνεύματος,
1581 1016 1644 1067 τὸ
1682 1015 1961 1084 συμφυὲς

379 1107 636 1180 ὀνομάζει
670 1105 778 1174 τῆς
808 1105 1047 1171 τάξεως.
1107 1105 1244 1158 Ἀλλ’
1289 1103 1398 1173 ἐγὼ
1430 1106 1524 1158 καὶ
1559 1104 1722 1158 αὑτοῦ
1769 1105 1959 1160 τούτου

380 1202 568 1272 δέομαι
600 1199 700 1270 τὴν
731 1197 908 1252 αἰτίαν
944 1196 1154 1268 μαθεῖν.
1183 1196 1249 1249 δι’
1276 1197 1342 1266 ἢν
1368 1197 1396 1248 ὁ
1420 1195 1547 1257 Υἱὸς
1579 1195 1720 1248 κατά
1745 1195 1841 1266 τὴν
1872 1196 1961 1248 ού-

385 1294 504 1350 σίαν
546 1291 882 1362 ἠλάττωται,
926 1291 1024 1358 τῆς
1071 1288 1258 1351 οὐσίας
1291 1291 1382 1344 καὶ
1415 1289 1688 1360 ἐνεργείας
1735 1290 1792 1351 ἐν
1849 1290 1960 1352 τοῖς

386 1380 521 1444 ἴσοις
572 1380 668 1432 καὶ
700 1381 810 1441 τοῖς
857 1378 1039 1440 αὐτοῖς
1071 1377 1411 1450 γνωρίσμασί
1447 1396 1504 1431 τε
1550 1378 1644 1432 καὶ
1680 1375 1961 1448 ίδιώμασιν

387 1471 806 1543 εὑρισκομένων.
854 1471 915 1524 Ei
959 1470 1014 1524 δὲ
1056 1470 1154 1522 οὐκ
1191 1470 1350 1532 αὐτὸς
1383 1472 1480 1542 τῆς
1526 1488 1582 1524 τε
1617 1469 1802 1534 οὐσίας
1868 1471 1963 1524 καὶ

387 1568 484 1635 τῆς
515 1564 794 1634 ἐνεργείας
825 1565 853 1616 6
883 1563 1066 1630 λόγος,
1112 1562 1248 1620 ἀλλά
1289 1562 1539 1634 διάφορον
1572 1561 1655 1630 ἐφ’
1702 1561 1961 1632 ἐκατέρου

386 1657 449 1710 τὸ
478 1654 892 1726 σημαινόμενον,
927 1655 1043 1718 πῶς
1072 1653 1158 1707 διὰ
1192 1653 1299 1706 τῶν
1332 1652 1496 1718 ξένων
1548 1655 1641 1707 καὶ
1672 1653 1964 1724 ἀλλοτρίων

2058 472 2188 538 Quae
2218 480 2301 526 est
2341 471 2505 542 igitur
2531 471 2841 525 condecens
2885 469 3047 531 ratio,
3099 484 3198 524 cur
3231 468 3344 524 haec
3381 468 3524 522 hunc
3575 476 3630 523 tn

2058 561 2278 618 modum
2329 578 2359 615 a
2408 562 2518 616 Deo
2573 561 2955 615 universorum
3021 561 3074 613 in
3124 558 3262 612 Filio
3314 568 3367 614 et
3423 557 3632 629 Spiritu

2059 667 2253 713 sancto
2275 657 2526 712 ordinata
2550 667 2601 712 et
2632 655 2898 724 disposita
2923 653 3076 709 sint?
3109 651 3234 706 Non
3262 652 3400 714 inde,
3437 653 3632 722 inquit.

2063 747 2217 802 Unde
2246 764 2399 817 ergo,
2432 763 2477 801 SI
2512 755 2782 816 cognatus
2812 745 2946 798 ordo
2978 745 3113 814 ipsis
3143 759 3251 797 non
3291 744 3452 805 inest,
3487 745 3634 812 quod

2060 841 2116 895 in
2152 833 2348 895 natura
2381 837 2744 893 conveniant?
2787 837 2857 890 At
2902 836 3156 892 fortassis
3201 836 3278 898 id,
3321 836 3466 906 quod
3500 837 3638 889 infe-

2061 935 2177 989 rius
2225 949 2321 988 seu
2375 933 2558 986 minus
2605 940 2688 984 est
2721 929 2776 982 in
2843 929 3080 984 essentia
3126 927 3246 982 Filii
3303 936 3356 982 et
3404 927 3639 998 Spiritus

2061 1024 2260 1088 sancti,
2315 1032 2592 1093 cognatum
2633 1022 2868 1075 ordinem
2909 1021 3164 1090 appellat.
3203 1019 3308 1074 Sed
3342 1035 3443 1089 ego
3477 1019 3639 1088 hujus

2062 1116 2240 1187 ipsius
2278 1130 2500 1183 causam
2545 1127 2879 1183 cognoscere
2925 1127 3081 1178 aveo,
3135 1128 3229 1181 per
3278 1127 3438 1181 quam
3471 1110 3641 1166 Filius

2063 1208 2116 1261 in
2150 1206 2393 1261 essentia
2429 1220 2526 1260 sua
2577 1204 2756 1258 minor
2783 1204 3010 1259 effectus
3037 1211 3155 1257 est:
3197 1191 3655 1272 quandoquidem'

2061 1297 2300 1354 essentia
2335 1310 2431 1350 seu
2484 1294 2793 1350 substantia
2821 1305 2874 1348 et
2900 1293 3150 1364 operatio
3193 1307 3352 1362 pares
3391 1290 3641 1346 easdem-

2063 1405 2170 1459 que
2203 1389 2269 1444 ad
2297 1387 2631 1456 agnitionem
2667 1395 2827 1443 notas
2883 1397 2936 1440 et
2966 1385 3330 1454 proprietates
3362 1382 3641 1437 exhibent.

2067 1482 2124 1536 Si
2157 1497 2288 1537 vero
2317 1496 2427 1536 non
2467 1488 2554 1535 est
2581 1479 2770 1535 eadem
2811 1481 3063 1533 essentia:
3101 1484 3155 1530 et
3186 1474 3524 1544 operationis
3559 1487 3647 1525 ra-

2066 1575 2164 1637 tio,
2209 1571 2306 1628 sed
2357 1572 2577 1626 diversa
2615 1571 2907 1640 utriusque
2960 1567 3310 1640 signiﬁcatio,
3373 1566 3647 1637 quomodo

2069 1681 2165 1734 per
2217 1664 2507 1734 peregrina
2538 1671 2593 1718 et
2644 1670 2926 1725 extranea,
2975 1677 3038 1715 ea
3082 1675 3201 1730 qua:
3252 1660 3304 1714 in
3346 1659 3648 1727 qumstioue

389 1745 446 1799 αἱ
470 1743 766 1808 ἀποδείξεις
792 1745 904 1806 τοῖς
928 1739 1278 1814 ζητουμένοις
1304 1742 1632 1811 ἐπάγονται;
1664 1743 1873 1813 Ὥσπερ
1899 1742 1963 1795 ἂν

2082 1767 2380 1821 versantur,
2418 1753 2798 1809 demonstrat?
2847 1751 3079 1806 Perinde
3127 1751 3278 1812 facit,
3320 1765 3382 1804 ac
3418 1749 3484 1811 si,
3521 1763 3646 1802 cum

390 1838 442 1892 ετ
467 1853 567 1899 τις.
600 1835 1230 1906 πολυπραγμονουμένης
1257 1835 1354 1904 τῆς
1381 1835 1728 1906 ἀνθρωπίνης
1756 1835 1960 1896 οὐσίας,

392 1927 484 1982 καὶ
526 1926 856 1996 ζητουμένου
905 1926 954 1978 εί
999 1925 1316 1994 γελαστικὸν
1351 1925 1488 1989 ζῶον
1520 1927 1547 1978 6
1593 1925 1894 1997 ἄνθρωπος.
1931 1924 1964 1996 ἢ

391 2021 780 2090 γραμματικῆς
803 2017 1067 2079 δεκτικὸν,
1094 2020 1172 2081 είς
1201 1997 1475 2084 ἀπόέειξιν
1501 2017 1593 2070 τοῦ
1620 2017 1968 2088 προτεθέντος

391 2108 808 2180 παραλαμϐάνοι
853 2108 1029 2170 οἰκίας
1105 2108 1136 2179 ἣ
1188 2109 1372 2164 πλοίου
1421 2108 1784 2178 κατασκευὴν,
1832 2109 1896 2179 ἢν
1940 2109 1968 2161 6

393 2201 668 2270 οἰκοδόμος
699 2199 732 2270 ἢ
775 2201 803 2252 6
835 2199 1109 2269 ναυπηγὸς
1142 2201 1466 2270 ἐτεκτήνατο
1487 2216 1500 2231 ⁸
1528 2198 1714 2252 ἔπειτα
1761 2200 1967 2270 ἰσχυρίο

394 2293 538 2356 ζοιτο
571 2291 649 2362 τῷ
681 2289 828 2361 σοφῷ
864 2289 1038 2359 τούτῳ
1073 2289 1235 2360 λόγῳ,
1275 2290 1355 2342 ὅτι
1395 2291 1516 2351 ταῖς
1543 2289 1844 2358 ἐνεργείαις
1873 2288 1970 2354 τὰς

393 2384 577 2446 οὐσίας
607 2382 941 2452 γνωρίζομεν
961 2399 974 2412 ·
1005 2382 1251 2453 ἐνέργεια
1276 2381 1332 2434 δέ
1364 2382 1456 2437 τοῦ
1487 2381 1796 2452 ἀνθρώπου,
1831 2383 1864 2451 ἡ
1895 2382 1970 2433 oi-

395 2474 487 2528 κία
511 2475 604 2526 καὶ
631 2472 690 2526 τὸ
720 2472 920 2526 πλοῖον.
961 2473 1054 2524 Ἐκ
1087 2471 1289 2524 τούτων
1334 2467 1441 2542 ἆρα
1486 2471 1970 2541 καταλαμϐάνομεν

393 2565 454 2619 τὺ
479 2564 858 2634 πλατυώνυχον
913 2567 1007 2617 καὶ
1033 2563 1350 2632 γελαστικδν
1384 2559 1523 2617 εἶναι
1549 2563 1638 2618 τὸν
1663 2562 1969 2634 ἄνθρωπον,

396 2657 732 2712 ἁπλούστατε
758 2674 774 2725 ;
817 2657 953 2710 Ἀλλ’
985 2658 1044 2710 ού
1073 2657 1245 2721 τοῦτο,
1278 2657 1408 2727 φαίη
1446 2674 1528 2718 τις
1557 2655 1622 2708 ἂν
1642 2697 1656 2719 ,
1683 2655 1742 2708 τὸ
1777 2653 1972 2725 ζητού-

399 2751 557 2821 μενόν
592 2751 759 2809 ἐστιν,
788 2749 838 2804 εἴ
864 2767 982 2822 τινα
1011 2748 1222 2818 κίνησιν
1273 2748 1366 2802 καὶ
1406 2747 1682 2816 ἐνέργειαν
1711 2747 1738 2798 ὁ
1761 2746 1966 2818 ἀνθρω-

395 2859 498 2904 πος
521 2840 654 2912 ἔχει,
683 2839 794 2892 ἀλλ’
822 2839 951 2891 αὐτὸ
972 2839 1032 2891 τὸ
1061 2837 1314 2909 ἐνεργοῦν
1336 2837 1387 2890 τί
1415 2855 1543 2890 ποτε
1573 2835 1712 2890 κατά
1745 2836 1840 2907 τὴν
1870 2837 1971 2906 φύ-

399 2951 482 2988 σιν
516 2933 661 2986 ἐστίν
684 2950 696 2962 ο
727 2932 755 2984 ὃ
784 2929 975 2984 πολλοῦ
1011 2930 1114 2982 δέω
1161 2929 1348 3001 μαθεῖν
1388 2930 1450 2981 ἐκ
1481 2928 1575 2998 τῆς
1611 2929 1969 2999 ἀποκρίσεως.

397 3026 508 3078 Καὶ
531 3024 640 3093 γὰρ
670 3025 717 3076 εί
741 3024 869 3093 περὶ
907 3022 1108 3093 ἀνέμου
1141 3040 1190 3075 τι
1221 3021 1409 3092 μαθεῖν
1438 3020 1754 3092 ἐϐουλόμην,
1781 3021 1880 3072 οὐκ
1909 3019 1973 3072 ἂν

397 3117 625 3188 ψάμμου
668 3114 900 3183 σωρείαν
929 3113 986 3178 ἐξ
1017 3115 1215 3184 ἀνέμου
1247 3116 1518 3172 συστᾶσαν
1539 3153 1551 3176 ,
1588 3113 1620 3184 ἢ
1648 3111 1849 3184 ἁχύρου
1877 3111 1974 3182 θη-

404 3209 576 3280 μῶνα,
611 3208 644 3280 ἢ
688 3208 886 3271 κόνεως
913 3206 1154 3277 διάχυσιν
1181 3206 1390 3273 δείξας,
1429 3205 1618 3276 ἐντελῆ
1653 3205 1718 3259 ἂν
1751 3204 1842 3257 τοῦ
1877 3205 1974 3275 ζη-

400 3299 659 3370 τουμένου
714 3299 808 3351 τὸν
869 3298 1026 3366 λόγον
1079 3298 1384 3362 ἀπέδωκας.
1441 3298 1667 3367 Ἕτερος
1725 3297 1831 3368 γὰρ
1881 3294 1976 3348 τοῦ

401 3389 601 3461 ἀνέμου
630 3391 659 3442 6
682 3389 837 3458 λόγος
859 3406 872 3418 ·
904 3391 995 3442 καὶ
1028 3389 1162 3442 ἄλλα
1184 3389 1356 3443 ταῦτα
1384 3390 1502 3443 ἀντὶ
1527 3388 1621 3442 τοῦ
1647 3387 1977 3458 ζητουμένου

402 3479 743 3551 δεικνύμενα.
781 3480 906 3544 Πῶς
944 3475 1036 3534 οὖν
1076 3475 1227 3543 οὗτος
1265 3482 1383 3543 ταῖς
1423 3479 1727 3550 ἐνεργείαις,
1770 3481 1866 3542 τὰς
1892 3480 1981 3532 ού-

407 3573 523 3637 σίας
549 3573 816 3633 δείκνυσι,
846 3573 938 3624 καὶ
966 3571 1056 3624 τὸν
1083 3571 1174 3625 τοῦ
1209 3566 1347 3625 εἶναι
1377 3571 1532 3640 λόγον
1563 3568 1724 3625 αὐτοῦ
1765 3570 1856 3625 τοῦ
1893 3570 1977 3622 6v-

407 3681 499 3728 τος
518 3707 532 3729 ,
557 3667 620 3717 ἐκ
654 3665 760 3717 τῶν
791 3664 1094 3734 γενομένων
1125 3663 1274 3736 ποιρά
1310 3663 1404 3717 τοῦ
1439 3663 1592 3727 ὄντος
1621 3664 1977 3734 παρίστησιν;

2070 1848 2139 1902 de
2171 1847 2388 1901 homine
2441 1845 2767 1915 disceptatio
2793 1851 2940 1899 esset
2963 1853 3173 1909 exorta,
3205 1853 3258 1896 et
3289 1853 3648 1911 quaereretur,

2073 1953 2205 1992 num
2255 1937 2456 1991 animal
2483 1937 2710 1999 risibile,
2753 1942 2845 1988 aut
2869 1934 3241 2004 grammaticae
3269 1949 3440 2002 capax
3470 1942 3648 1993 esset,

2074 2031 2273 2100 aliquis
2305 2029 2372 2083 ad
2404 2030 2698 2100 proposita:
2734 2029 3100 2083 dubitationis
3133 2027 3522 2082 resolutionem
3563 2042 3654 2080 as-

2075 2132 2314 2176 sumeret
2337 2122 2534 2176 domus
2565 2129 2658 2174 aut
2689 2123 2847 2175 navis
2873 2128 3230 2182 structuram,
3275 2135 3440 2188 quam
3473 2118 3655 2172 archi-

2074 2222 2254 2268 tectus
2286 2221 2382 2266 aut
2436 2213 2656 2266 navium
2713 2212 2866 2267 faber
2901 2212 3206 2273 exstruxit,
3261 2219 3315 2265 et
3355 2210 3553 2264 deinde
3601 2208 3653 2262 id

2075 2305 2428 2359 conﬁrmaret
2455 2305 2696 2375 eleganti
2731 2313 2964 2370 asserto,
2997 2321 3061 2359 ex
3089 2303 3500 2374 Operationibus
3527 2301 3657 2357 sub-

2077 2390 2308 2444 stantias
2331 2389 2591 2458 cognosci
2620 2405 2634 2453 ;
2666 2388 3039 2458 operationem
3069 2396 3249 2441 autem
3277 2387 3514 2441 hominis
3536 2401 3658 2440 esse

2075 2491 2130 2537 et
2163 2482 2382 2536 domum
2411 2488 2465 2535 et
2495 2481 2700 2538 navim.
2722 2479 2801 2534 An
2829 2497 2894 2535 ex
2920 2481 3027 2543 his,
3061 2496 3092 2534 ο
3119 2479 3500 2539 stolidissime.
3534 2493 3660 2533 con-

2078 2571 2351 2625 cludimus
2380 2570 2660 2624 hominem
2706 2571 2832 2625 latis
2865 2571 3139 2640 unguibus
3171 2578 3224 2623 et
3275 2570 3529 2623 facultate
3585 2569 3662 2622 ri-

2077 2663 2242 2719 dendi
2271 2663 2558 2733 praeditum
2590 2663 2752 2718 esse?
2785 2663 2854 2716 At
2882 2662 3028 2715 dicet
3071 2662 3364 2731 quispiam,
3406 2661 3508 2716 hoc
3548 2677 3660 2714 non

2076 2770 2199 2811 esse
2225 2755 2277 2810 id
2314 2754 2460 2824 quod
2517 2755 2811 2825 quaeritur,
2865 2769 2994 2807 num
3031 2754 3195 2808 homo
3229 2753 3527 2806 motionem
3559 2753 3660 2806 ali-

2077 2862 2242 2917 quam
2275 2857 2332 2902 et
2360 2849 2736 2916 operationem
2773 2846 2992 2910 habeat,
3034 2847 3127 2901 sed
3168 2845 3431 2915 quidnam
3463 2860 3660 2900 secun-

2079 2940 2208 2996 dum
2246 2954 2400 2994 suam
2433 2947 2681 2992 naturam
2716 2939 2788 2994 sit
2846 2939 3023 3009 ipsum
3073 2937 3219 3008 quod
3253 2943 3530 3006 operatur,
3565 2951 3660 2989 seu

2082 3031 2200 3100 ipse
2231 3030 2392 3084 homo
2424 3029 2515 3099 qui
2582 3032 2724 3100 agit:
2759 3029 2926 3098 quod,
2964 3036 3022 3083 ut
3050 3045 3116 3082 ex
3153 3030 3274 3081 data
3306 3027 3665 3096 responsione

2078 3134 2428 3188 cognoscam,
2491 3120 2720 3173 multum
2796 3130 2945 3173 certe
3000 3119 3172 3172 abest.
3235 3116 3444 3171 Etenim
3497 3117 3543 3170 si
3598 3117 3666 3171 de

2086 3223 2249 3266 vento
2269 3213 2471 3282 aliquid
2491 3210 2704 3267 discere
2733 3211 2946 3277 vellem,
2973 3218 3194 3265 ostenso
3217 3223 3398 3264 arenae
3421 3209 3662 3273 cumulo,

2081 3319 2244 3377 quem
2285 3313 2480 3360 ventus
2523 3305 2822 3375 congessit,
2871 3312 2963 3358 aut
3009 3305 3286 3374 palearum
3320 3317 3536 3366 acervo,
3573 3309 3667 3354 aut

2084 3395 2323 3465 pulveris
2355 3395 2713 3465 disjectione,
2751 3395 2893 3450 haud
2925 3395 3174 3464 equidem
3207 3391 3499 3463 perfectam
3523 3391 3664 3460 ejus,

2084 3488 2153 3542 de
2181 3503 2290 3558 quo
2319 3490 2551 3558 quaestio
2573 3496 2714 3553 erat,
2740 3487 3009 3542 rationem
3041 3485 3347 3541 reddidisse
3369 3498 3626 3538 censerer
3650 3499 3667 3547 ;

2087 3578 2194 3634 alia
2226 3589 2311 3634 est
2360 3582 2506 3635 enim
2563 3581 2700 3635 ratio
2729 3579 2899 3646 venti,
2933 3585 2993 3632 ut
3031 3585 3084 3632 et
3119 3578 3364 3631 omnium
3413 3575 3665 3637 aliorum,

2087 3686 2210 3739 quas
2262 3672 2383 3728 loco
2432 3673 2574 3742 ejus,
2631 3676 2777 3743 quod
2827 3671 3198 3742 quaerebatur,
3246 3677 3466 3724 ostensa
3517 3675 3667 3722 sunt.

409 3753 690 3819 Quomodo
733 3754 897 3825 igitur
931 3754 1034 3807 iste
1059 3768 1125 3808 ex
1150 3754 1561 3823 operationibus
1589 3753 1920 3808 substantias
1954 3754 2312 3830 demonstrat,
2345 3773 2401 3820 et
2431 3764 2700 3818 rationem
2732 3762 2949 3818 essendi
2982 3761 3158 3830 ipsius
3191 3761 3336 3814 emis
3364 3773 3431 3813 ex
3465 3756 3672 3813 effecti-

411 3848 513 3902 lnts
541 3848 718 3902 entis?

481 3934 616 3992 Εἶτα
643 3940 862 3992 κάκεῖνο
903 3939 1293 4008 σκοπήσωμεν·
1329 3937 1381 3991 τί
1423 3937 1582 4009 ἔργον
1621 3937 1712 3991 τοῦ
1745 3939 1985 4011 Πατρὸς,

411 4029 478 4088 δι’
503 4023 562 4081 οὗ
589 4029 1098 4099 καταλαμϐάνεσθαι
1128 4029 1275 4097 λέγει
1304 4029 1401 4101 τὴν
1430 4029 1617 4084 οὐσίαν
1644 4028 1737 4082 τοῦ
1769 4031 1994 4102 ἐνεργή-

416 4136 639 4185 σαντοςς
677 4121 784 4173 Τὺν
814 4121 941 4174 Υίὺν
971 4119 1111 4184 λέξει
1143 4121 1378 4184 πάντως,
1402 4119 1560 4192 εἴπερ
1591 4120 1658 4174 τὰ
1681 4120 1883 4192 συνήθη
1913 4120 1997 4172 λέ-

415 4225 520 4276 γοι.
559 4208 696 4260 Ἀλλ’
724 4200 896 4272 οὗτος,
923 4208 967 4262 ὦ
999 4207 1294 4277 σοφώτατε,
1327 4209 1464 4268 κατά
1489 4209 1580 4263 τὸν
1613 4209 1701 4262 σὸν
1735 4208 1894 4278 λόγον
1929 4212 1996 4280 τῇ

419 4302 627 4375 ἐργασα
637 4299 773 4371 μένῃ
789 4301 950 4353 αὐτὸν
974 4301 1224 4371 ἐνεργείᾳ
1245 4300 1574 4373 περιμετρού
1584 4319 1761 4372 μενος,
1787 4301 2000 4369 ἐκείνην

2159 3939 2366 3997 Deinde
2391 3939 2522 3994 illud
2556 3938 2721 3994 etiam
2748 3937 3170 3993 consideremus
3207 3952 3222 3990 :
3256 3933 3531 4006 quodnam
3586 3943 3673 3989 est

2047 4103 2054 4109 _
2089 4032 2225 4090 illud
2248 4047 2388 4102 opus
2416 4029 2619 4097 Patris,
2645 4044 2743 4099 per
2768 4027 2917 4098 quod
2944 4024 3275 4097 deprehendi
3306 4025 3384 4078 ait
3414 4023 3673 4078 substan-

2092 4126 2224 4181 tiam
2268 4123 2446 4194 ipsius
2496 4120 2813 4192 eperantis?
2859 4119 3057 4173 Filium
3111 4117 3214 4172 hoc
3237 4129 3378 4186 opus
3407 4129 3530 4170 esse
3557 4130 3675 4168 om-

2095 4215 2230 4268 nino
2267 4213 2437 4278 dicet,
2488 4212 2535 4268 si
2588 4219 2846 4267 constare
2883 4209 2988 4265 sibi
3036 4208 3188 4262 velit.
3232 4207 3302 4259 At
3355 4202 3540 4269 iste,‘o
3581 4221 3674 4260 sa-

2101 4301 2482 4372 pientissime,
2535 4299 2856 4369 operatione
2911 4311 3033 4366 qua
3090 4295 3268 4364 ipsum
3319 4294 3498 4348 effecit
3565 4295 3677 4347 cir-

418 4371 647 4447 δεικνύει
697 4391 885 4460 μόνην.
937 4390 1010 4444 Τὸ
1041 4389 1098 4442 δὲ
1141 4371 1494 4461 ζητούμενον
1534 4371 1684 4446 ούδέν
1725 4386 1887 4462 ἦττον
1938 4393 1978 4443 ἐς

2101 4371 2493 4459 cumscriptus,
2552 4389 2699 4442 illam
2753 4387 2926 4443 solam
2981 4391 3272 4438 monstrat.
3305 4382 3361 4436 ιιι
3416 4397 3565 4447 vero,
3609 4382 3724 4450 de,

421 4480 599 4550 ἀδήλῳ
626 4483 778 4558 μένει
799 4498 814 4511 ·
843 4484 997 4552 εἴπερ
1029 4483 1061 4552 ἡ
1089 4483 1334 4552 ἐνέργεια
1355 4483 1462 4535 τῶν
1492 4485 1890 4558 παρεπομένων
1916 4501 1996 4545 τις

422 4563 559 4624 εἶναι
583 4571 648 4638 τῇ
676 4555 869 4645 πρώτῃ
895 4571 1074 4643 οὐσίᾳ,
1115 4572 1208 4625 καὶ
1245 4573 1393 4644 παρά
1424 4573 1516 4626 σοῦ
1555 4555 1994 4644 μεμαρτύρηται.

423 4665 570 4738 Αὕτη
591 4665 700 4733 γὰρ
727 4663 801 4734 τῷ
828 4663 972 4735 ἔργῳ
990 4663 1067 4733 τῷ
1093 4664 1218 4732 παρ’
1243 4663 1411 4731 αὐτῆς
1435 4664 1845 4718 ἀποτελεσθέντι
1873 4681 1935 4716 συ
1944 4681 2002 4732 μ-

427 4757 862 4829 παρεκτείνεται,
899 4754 1078 4824 καθὼς
1122 4757 1185 4808 σὺ
1231 4755 1428 4824 λέγεις,
1471 4757 1566 4808 καὶ
1606 4755 1878 4809 δείκνυται
1915 4753 2002 4808 διὰ

426 4851 516 4904 τοῦ
539 4850 999 4919 ἀποτελέσματος,
1027 4850 1145 4902 ούδέ
1163 4851 1297 4921 αὐτὴ
1322 4848 1462 4902 κατά
1481 4849 1578 4919 τὴν
1607 4849 1767 4918 φύσιν
1787 4851 1818 4920 ἡ
1851 4848 2002 4920 ἐνέρ-

427 4958 547 5009 γεια
572 4942 692 5011 ἥτις
730 4941 896 4994 ἐστίν’
933 4939 1069 4993 ἀλλά
1097 4940 1256 4993 ποσὸν
1285 4941 1454 5011 αὐτῆς
1485 4941 1640 5010 μόνον
1663 4940 2004 5012 ἐνθεωρεῖται

430 5031 505 5102 τῷ
527 5032 690 5104 ἔργῳ.
733 5033 820 5095 Ὠς
844 5033 952 5102 γὰρ
972 5032 1030 5084 οὺ
1057 5032 1206 5085 πᾶσα
1227 5032 1261 5101 ὴ
1285 5029 1378 5083 τοῦ
1403 5029 1755 5100 χαλκεύοντος
1778 5032 2005 5101 δύναμις

433 5125 821 5194 συγκινηθεῖσα
866 5125 926 5178 τὸ
971 5124 1246 5196 τρύπανον
1299 5123 1652 5194 ἐξειργάσατο
1677 5163 1690 5187 ,
1738 5123 1850 5176 ἀλλ’
1885 5123 2006 5175 ὅσον

434 5217 745 5288 σύμμετρον
791 5213 858 5288 ἦν
913 5218 1050 5288 πρὸς
1095 5217 1192 5281 τὴν
1226 5215 1319 5269 τοῦ
1361 5215 1587 5278 σκεύους
1638 5216 2004 5286 ἀπεργασίαν,

431 5309 679 5363 τοσοῦτον
712 5312 745 5380 ἡ
777 5310 937 5381 τέχνη
982 5309 1070 5362 διά
1109 5308 1200 5362 τοῦ
1232 5305 1674 5380 χειρουργοῦντος
1717 5309 2006 5377 ἐνήργησε,

433 5399 602 5453 πολλά
624 5401 717 5454 καὶ
739 5400 1053 5454 παντοδαπά
1074 5399 1515 5471 κατεργάσασθαι
1535 5398 1772 5461 δυνατῶς
1789 5397 1910 5468 ἔχου
1920 5414 2006 5450 σα·

433 5487 573 5542 οὕτω
603 5489 664 5542 τὸ
710 5489 906 5561 μέτρον
935 5490 1034 5560 τῆς
1071 5490 1348 5560 ἐνεργείας
1386 5491 1443 5542 ἐν
1475 5487 1654 5560 ἐαυτῷ
1682 5489 1952 5542 δείκνυσιν
1983 5490 2011 5542 6

435 5580 564 5649 παρ’
593 5577 807 5649 ἐκείνης
836 5578 1143 5648 γενόμενος.
1185 5579 1257 5632 Τὸ
1293 5579 1349 5633 δὲ
1378 5579 1704 5652 ζητούμενον
1759 5579 1883 5650 οὐχὶ
1918 5596 2012 5633 πο-

436 5672 532 5725 σόν
559 5670 678 5724 ἐστι
700 5673 801 5744 τῆς
840 5670 1138 5742 ἐνεργείας,
1175 5669 1288 5725 ἀλλ’
1320 5671 1454 5741 αὑτὴ
1496 5671 1587 5726 τοῦ
1620 5672 2012 5745 ὲνεργήσαντος

2101 4497 2210 4554 quo
2242 4481 2612 4549 disceptatur,
2649 4479 2828 4532 adhuc
2875 4478 3172 4533 obscurum
3213 4485 3413 4541 manet,
3443 4475 3490 4530 si
3531 4484 3678 4530 recte

2101 4588 2131 4627 a
2171 4580 2224 4628 te
2263 4579 2536 4626 assertum
2567 4576 2674 4636 est,
2703 4569 2772 4624 iis
2814 4569 2980 4624 etiam
3011 4583 3133 4638 quae
3167 4567 3233 4622 ad
3271 4568 3499 4637 primam
3543 4567 3678 4620 sub~

2101 4664 2360 4722 stantiam
2404 4670 2730 4733 sequuntur,
2783 4661 3020 4730 aliquam
3055 4660 3426 4730 Operationem
3476 4658 3674 4714 inesse.

2103 4756 2229 4812 llaec
2257 4755 2404 4811 enim
2431 4755 2583 4824 operi
2609 4753 2676 4810 ab
2703 4753 2824 4823 ipso
2846 4753 3042 4808 effecto
3063 4751 3464 4814 coextenditur,
3488 4767 3680 4820 quem-

2104 4845 2397 4906 admodum
2433 4854 2488 4900 tu
2517 4844 2680 4910 dicis,
2719 4853 2776 4900 et
2809 4860 2906 4914 per
2937 4845 3217 4909 effectum,
3250 4859 3361 4899 non
3396 4844 3588 4914 ipsain
3621 4857 3683 4896 se

2106 4936 2448 5008 operationis
2503 4945 2702 4992 natura
2748 4937 3097 5003 ostenditur;
3146 4937 3244 4992 sed
3302 4933 3683 4991 tantummodo

2109 5036 2312 5099 quanta
2351 5031 2443 5092 sit,
2483 5030 2536 5083 in
2569 5045 2733 5098 opere
2779 5030 3145 5098 conspicitur.
3183 5029 3338 5085 Sicut
3393 5029 3683 5083 enim-non

2110 5130 2223 5176 tota
2257 5119 2491 5176 facultas
2538 5120 2680 5177 fabri
2738 5122 2918 5176 aerarii
2971 5123 3212 5177 motione
3265 5135 3362 5175 sua
3409 5117 3683 5172 terebram

2108 5213 2308 5277 effecit,
2346 5211 2440 5268 sed
2484 5220 2749 5282 quantum
2784 5214 2850 5268 ad
2887 5215 3035 5269 vasis
3083 5212 3423 5268 et’fectionem
3458 5221 3687 5276 prepar-

2109 5307 2258 5362 tione
2287 5306 2690 5376 requirebatur,
2718 5315 2931 5360 tantum
2963 5321 3054 5360 ars
3087 5319 3182 5373 per
3207 5299 3436 5354 artilicis
3463 5312 3685 5352 manum

2110 5406 2332 5469 operata
2367 5405 2472 5464 est,
2505 5414 2632 5453 cum
2666 5399 2833 5469 longe
2875 5399 3032 5467 plura
3066 5403 3121 5449 et
3160 5392 3313 5446 varia
3363 5391 3470 5444 alia
3505 5389 3688 5445 adhuc

2112 5489 2417 5561 producere
2444 5498 2642 5559 queat;
2679 5490 2754 5542 ita
2792 5500 3109 5542 mensuram
3137 5491 3193 5539 et
3231 5483 3454 5538 modum
3485 5499 3685 5555 opera-

2117 5582 2282 5637 tionis
2331 5581 2385 5636 in
2435 5584 2615 5650 seipse
2656 5584 3011 5648 repraesentat
3052 5575 3139 5640 id,
3191 5576 3339 5646 quod
3392 5592 3491 5648 per
3535 5576 3688 5629 illam

2113 5671 2343 5730 exstitit.
2396 5671 2464 5727 At
2498 5685 2606 5726 non
2651 5677 2737 5726 cst
2793 5668 3024 5741 quaestio
3072 5676 3277 5741 quanta
3312 5668 3385 5726 sit
3424 5670 3688 5740 Operatio,
