4068 6148
319 304 428 358 583

1591 295 1648 349 S~.
1692 294 2012 351 GiiEGOllll
2055 296 2350 352 NYSSENI‘

3474 288 3579 348 384

323 416 420 473 sed
453 428 574 485 qua:
605 413 676 467 sit
724 409 901 480 ipsius
933 408 1216 476 operantis
1247 407 1508 462 essentia.
1559 405 1682 460 Pari
1721 408 1904 468 modo,

2033 428 2042 480 ι
2076 411 2253 464 οὐσία.
2303 411 2457 465 Κατὰ
2504 409 2592 463 τὸν
2627 409 2786 462 αὐτὸν
2830 406 2886 461 δὲ
2924 406 3108 476 λόγον,
3143 405 3238 459 καὶ
3284 404 3332 457 εί
3360 404 3448 460 διὰ
3485 404 3579 459 τοῦ

325 512 372 564 si
421 507 588 565 dicat,
641 516 737 570 per
789 499 1056 569 Spiritum
1112 504 1366 552 sanctum
1420 497 1604 566 (quem
1654 496 1731 548 ait
1779 511 1902 550 esse

324 615 466 670 opus
496 598 619 666 ejus
653 593 1016 663 operationis,
1039 606 1161 659 quae
1188 607 1252 644 ex
1283 589 1422 644 Filio
1446 590 1715 660 procedit;
1767 589 1902 644 Uni-

325 689 494 762 geniti
522 694 775 740 naturam
805 681 1139 751 deprehendi
1167 695 1230 734 ac
1264 679 1549 749 cognosci,
1581 679 1761 733 oratio
1783 677 1904 746 ejus

327 779 632 833 subsistere
676 789 786 826 non
831 770 1074 840 poterit:
1111 785 1236 823 nam
1281 776 1338 824 et
1371 770 1457 822 hic
1497 769 1745 838 operatio
1785 768 1908 822 ell‘e-

329 869 440 923 ctui
481 863 890 926 coextenditur,
943 877 1122 930 neque
1169 871 1424 914 naturam
1476 874 1631 914 suam
1662 859 1746 914 vel
1779 874 1908 930 ope-

330 961 526 1023 rantis,
556 972 652 1028 per
694 957 747 1010 id
780 954 926 1025 quod
954 954 1281 1023 productum
1315 960 1421 1014 est,
1454 951 1731 1021 patefecit.

403 1054 472 1108 Ut
507 1066 637 1106 vero
671 1040 728 1104 Et
765 1049 872 1104 hoc
920 1047 1317 1112 concedamus,
1350 1052 1496 1108 esto,
1531 1059 1599 1099 ex
1633 1023 1908 1113 Operatio-

330 1147 494 1202 nibu-s
528 1142 852 1198 substantiae
895 1149 1330 1210 cognoscantur.
1384 1135 1557 1207 Igitur
1594 1136 1770 1206 prima
1817 1135 1908 1187 illa

333 1241 645 1300 substantia
681 1253 778 1308 per
817 1252 965 1306 opus
987 1250 1148 1289 suum
1197 1239 1585 1304 eognoscetur,
1619 1237 1675 1284 et
1717 1225 1914 1283 simili-

333 1345 416 1390 ter
445 1331 746 1388 secundam
781 1343 920 1398 opus
953 1327 1097 1397 quod
1135 1326 1203 1380 ab
1235 1326 1325 1378 illa
1363 1323 1730 1393 proﬁciscitur
1755 1318 1914 1373 nobis

336 1419 673 1480 manifestat.
725 1419 926 1473 Tertia:
974 1417 1164 1488 igitur,
1209 1415 1322 1479 die,
1387 1429 1421 1468 ο
1474 1409 1910 1481 sapientissime,

334 1516 462 1584 quis
487 1511 648 1568 index
675 1511 799 1566 erit.
825 1524 958 1563 cum
1003 1508 1215 1562 nullum
1250 1506 1427 1560 lenire
1458 1503 1622 1572 hujus
1656 1501 1916 1555 substan-

336 1609 427 1659 tia:
458 1620 600 1672 opus.
641 1601 748 1654 tale
775 1597 1152 1652 inveniatur?
1181 1595 1238 1648 Si
1273 1594 1418 1649 enim
1463 1609 1526 1647 ex
1575 1588 1916 1660 operationi-

337 1698 464 1756 bus,
507 1703 565 1747 ut
601 1702 657 1746 ιιι
693 1691 856 1752 dicis,
911 1688 1234 1743 substantia:
1281 1691 1708 1755 cognoscuntur,
1760 1695 1918 1750 Opor-

341 1797 418 1841 tut
463 1796 520 1839 ιιι
563 1793 815 1838 naturam
873 1779 1123 1850 Spiritus.
1159 1778 1338 1834 sancti
1393 1775 1912 1845 incomprehensam
1947 1752 1992 1812 Β

341 1879 597 1938 ath'rmcs,
640 1888 766 1927 cum
803 1885 912 1924 non
959 1875 1215 1937 suppetat
1247 1866 1368 1934 ejus
1402 1880 1498 1936 per
1547 1861 1919 1918 continuatio-

343 1983 464 2024 nem
500 1964 748 2035 operatio
781 1962 986 2031 aliqua,
1037 1959 1199 2028 cujus
1242 1956 1513 2012 beneﬁcio
1556 1955 1609 2008 in
1651 1953 1922 2023 cognitio-

342 2076 466 2115 nem
511 2058 760 2127 Spiritus
791 2055 967 2110 sancti
1023 2051 1311 2122 pervenire
1357 2051 1558 2120 possis.
1599 2047 1704 2099 Aut
1753 2045 1923 2115 igitur

345 2160 596 2209 monstra
620 2147 897 2219 quodnam
931 2146 1009 2200 sit
1035 2141 1500 2209 essentiale-Opus
1532 2137 1707 2194 sancti
1743 2133 1924 2204 Spiri-

347 2255 461 2306 tus,
497 2250 591 2296 aut
622 2249 735 2292 tota
766 2240 872 2294 ista
903 2250 1121 2290 aranea:
1152 2235 1258 2286 tela
1291 2240 1506 2286 attactu
1526 2227 1798 2284 orationis
1827 2225 1926 2279 dif-

348 2335 505 2388 ﬂuet.
551 2330 682 2384 Nam
722 2331 767 2384 si
821 2344 887 2382 ex
941 2328 1265 2382 continuata
1301 2323 1622 2393 operatione
1661 2319 1924 2382 essentia,

349 2424 648 2480 secundum
683 2429 930 2475 nostrum
976 2413 1315 2486 intelligendi
1354 2411 1599 2473 modum,
1637 2407 1927 2478 cognosci-

351 2527 462 2578 tur,
495 2506 806 2570 essentialis
840 2524 971 2564 vero
998 2507 1244 2578 operatio
1289 2502 1531 2574 Spiritus
1572 2500 1746 2556 sancti
1781 2497 1929 2550 nulla

349 2620 454 2672 est,
485 2602 946 2677 quemadmodum
975 2599 1154 2654 Patris
1181 2597 1399 2666 quidem
1425 2593 1645 2656 Filium,
1677 2590 1798 2646 Filii
1833 2605 1932 2644 au-

353 2713 460 2757 tem
494 2699 758 2768 Spiritum
795 2701 1044 2749 sanctum
1079 2688 1350 2754 asseritis,
1396 2685 1645 2756 sequitur
1674 2691 1930 2737 naturam

356 2794 598 2863 Spiritus
643 2790 800 2858 plane
836 2783 1176 2853 incognitam
1223 2789 1278 2834 et
1319 2774 1932 2846 incomprehensibiiem

353 2899 498 2948 esse,
549 2895 674 2936 cum
729 2877 877 2932 nulla
935 2874 1057 2943 ejus
1111 2869 1457 2942 hypostatica
1513 2866 1786 2937 operatio,
1835 2879 1934 2935 per

355 2989 526 3045 quam
555 2975 885 3029 innotescat,
915 2972 1116 3022 exstet.
1174 2961 1230 3017 Si
1263 2977 1392 3018 vero
1427 2960 1670 3030 Spiritus
1703 2967 1934 3014 sanctus

356 3063 904 3138 comprehensionem
951 3056 1162 3128 effugit,
1211 3051 1487 3125 quomodo
1527 3066 1633 3124 per
1663 3050 1738 3117 id,
1784 3047 1931 3119 quod

358 3155 750 3230 comprehendi
799 3154 1012 3223 nequit,
1065 3148 1356 3204 sublimior
1389 3145 1480 3200 illa
1535 3155 1730 3198 natura
1777 3155 1931 3196 com-

361 3248 716 3323 prehenditur
735 3246 764 3300 ?-
790 3242 926 3298 Nam
969 3241 1014 3297 si
1057 3239 1407 3311 ignoraretur
1437 3237 1560 3291 Filii
1590 3250 1751 3305 opus,
1784 3230 1932 3302 quod

358 3353 466 3408 est,
503 3350 562 3397 ut
595 3340 810 3402 dicunt,
853 3345 1084 3391 sanctus
1129 3331 1394 3403 Spiritus,
1444 3328 1589 3382 haud
1622 3326 1691 3380 ad
1735 3323 1935 3378 Filium

361 3431 808 3505 cognoscendum
854 3428 964 3480 ulla
1007 3425 1095 3478 via
1143 3429 1378 3492 pateret,
1428 3425 1622 3487 utpote
1664 3415 1814 3470 omni
1845 3427 1940 3468 co-

359 3522 660 3594 gnoscendi
698 3517 904 3572 indicio
937 3514 1261 3568 destitutum
1301 3531 1314 3565 :
1345 3519 1400 3564 et
1446 3510 1492 3564 si
1529 3505 1804 3576 Unigeniti
1844 3521 1942 3558 na-

365 3626 488 3668 tura
515 3614 619 3666 hoc
659 3609 824 3664 modo
847 3605 1141 3670 delitescit,
1171 3601 1457 3672 quomodo-
1483 3615 1578 3671 per
1607 3600 1863 3654 latentem
1888 3603 1944 3651 et

365 3702 748 3761 absconditam
797 3695 1245 3751 manilestabitur
1290 3706 1547 3763 suprema
1606 3697 1664 3744 et
1709 3689 1944 3743 maxime

367 3796 614 3869 propria,
651 3807 776 3846 cum
816 3788 1055 3859 Spiritus
1078 3785 1254 3841 sancti
1289 3783 1588 3839 occultatio
1621 3781 1688 3836 ad
1727 3779 1942 3834 Patrem

369 3906 468 3962 per
494 3885 692 3940 Filium
729 3881 1032 3938 redundet?
1058 3887 1116 3933 ut
1145 3895 1211 3934 ex
1241 3878 1328 3932 his
1361 3874 1676 3931 necessario
1715 3871 1947 3927 convin-

368 3961 550 4042 catur,
584 3977 745 4033 etiam
790 3975 1037 4045 ipsorum
1085 3971 1329 4026 hostium
1379 3965 1789 4026 testiﬁcatione,
1847 3961 1948 4016 Pa-

371 4076 472 4127 tris
502 4069 866 4126 suhslantiam
898 4066 1144 4135 ignotam
1175 4076 1321 4116 esse.
1350 4059 1506 4114 Unde
1531 4072 1664 4126 ergo
1689 4057 1792 4110 iste
1827 4069 1948 4125 per-

370 4163 810 4234 spicacissimus,
853 4158 946 4228 qui
977 4171 1102 4226 quae
1131 4169 1237 4208 non
1290 4160 1420 4208 sunt
1460 4150 1722 4212 intuetur,
1765 4160 1947 4200 rerum

294 4290 304 4295 -
372 4273 482 4311 non
532 4250 914 4324 apparentium
963 4254 1016 4300 ct
1063 4242 1646 4314 incompreltensarum
1694 4245 1946 4291 naturam

369 4350 562 4417 ctipse
596 4345 765 4406 videt,
803 4349 858 4396 et
892 4354 995 4395 nos
1045 4338 1317 4401 hortatur,
1356 4329 1414 4388 ut
1463 4348 1527 4387 ex
1557 4330 1816 4401 operibus
1859 4344 1948 4384 cs-

372 4441 601 4500 sentias,
637 4447 689 4492 et
713 4452 780 4491 ex
814 4433 902 4488 his
941 4446 1106 4502 opera
1138 4425 1570 4498 investigemus?

448 4531 647 4584 Verum
695 4529 910 4597 reliqua
965 4524 1332 4580 excutiamus.
1369 4517 1736 4571 Dubitationes
1771 4511 1951 4582 inquit

373 4618 440 4671 de
485 4617 881 4684 operationibus
938 4628 1002 4666 ea:
1063 4610 1377 4665 substantiis
1427 4604 1764 4662 resolvendus
1813 4618 1945 4657 esse.

375 4711 660 4780 Quomodo
687 4710 885 4778 aliquis
913 4708 1078 4763 istum
1109 4722 1138 4760 a
1164 4704 1478 4760 vanissimis
1499 4699 1950 4773 persuasionibus

375 4802 568 4858 saltem
595 4799 662 4853 ad
691 4799 958 4852 humanas
989 4796 1354 4866 cogitationes
1387 4793 1684 4848 traducat?
1725 4789 1952 4844 Dubita-

376 4895 557 4946 tiones
577 4889 644 4943 de
683 4889 1093 4957 operationibus
1132 4897 1355 4942 exortas
1385 4887 1685 4940 arbitratur
1715 4900 1780 4940 ex
1817 4883 1951 4938 sub-

377 4981 706 5038 stantiarum
741 4978 1053 5046 cognitione
1087 4977 1300 5032 deliniri
1334 4992 1514 5045 posse.
1540 4965 1826 5040 Quomodo
1854 4987 1952 5043 per

377 5091 439 5130 ca
489 5088 610 5142 qua:
639 5069 954 5140 cognitione
998 5084 1106 5122 non
1149 5078 1279 5124 sunt
1326 5069 1747 5138 comprehensa,
1789 5069 1951 5120 rebus

378 5169 564 5221 dubiis
607 5163 764 5218 ﬁdem
807 5159 1159 5214 conciliabit?
1204 5159 1261 5213 Si
1306 5161 1450 5214 enim
1498 5161 1613 5228 ipsa
1643 5159 1950 5213 substantia

379 5260 656 5330 incognita
692 5265 796 5322 est,
831 5251 1110 5324 quodnam
1161 5269 1340 5322 operae
1384 5254 1618 5322 pretium
1665 5260 1749 5306 cst
1783 5267 1952 5305 occu-

380 5351 494 5420 pari
519 5353 666 5405 circa
699 5347 1098 5418 operationem,
1129 5346 1287 5414 quasi
1321 5345 1466 5398 illius
1495 5345 1664 5397 ductu
1712 5342 1778 5396 ad
1809 5343 1950 5411 ejus,

381 5443 448 5496 de
480 5457 588 5511 quo
619 5441 938 5512 ambigitur,
997 5438 1246 5493 notitiam
1291 5437 1623 5507 provehendi
1667 5438 1956 5491 essemus?

384 5531 441 5585 Si
470 5546 598 5588 vero
627 5533 968 5600 Operationis
1003 5529 1288 5602 inquisitio
1344 5529 1466 5583 ideo
1497 5527 1810 5582 necessaria
1845 5533 1950 5592 est,

385 5630 444 5675 ut
473 5635 568 5692 per
595 5620 740 5674 illam
773 5622 838 5675 ad
879 5624 1220 5687 substantiae,
1257 5638 1284 5676 a
1325 5636 1431 5692 qua
1475 5620 1612 5681 ﬂuit,
1648 5619 1953 5688 intelligen-

383 5715 517 5770 tiam
549 5711 838 5777 ducamur,
869 5728 978 5785 qua
1021 5715 1229 5772 ratione
1268 5731 1374 5770 non
1415 5713 1633 5786 cognita
1664 5711 1821 5768 nobis
1851 5711 1952 5766 du-

2007 503 2507 573 Πνεύματος(ἕργον
2533 502 2785 572 ὀνομάζει
2814 501 2910 568 τῆς
2939 497 3015 568 τῷ
3045 496 3157 567 Υίῷ
3195 496 3581 567 παρεπομένης

2006 596 2300 668 ἐνεργείας)
2335 595 2717 663 κατειληφέναι
2762 592 2909 660 λέγοι
2957 589 3052 643 τοῦ
3091 587 3428 657 Μονογενοΰς
3483 588 3582 658 τὴν

2007 686 2189 755 φύσιν,
2234 686 2488 756 οὐδεμίαν
2536 684 2792 737 σύστασιν
2839 685 2867 736 ὁ
2906 681 3061 750 λόγος
3108 679 3243 751 ἔχει,
3286 679 3449 734 πάλιν
3487 681 3586 735 καὶ

2006 776 2240 831 ἐνταῦθα
2279 777 2376 846 τῆς
2421 775 2698 847 ἐνεργείας
2747 773 2844 843 μὲν
2879 772 2958 843 τῷ
2993 773 3396 843 ἀποτελέσματι
3442 788 3585 842 συμ-

2009 867 2540 939 παρεκτεινομὲνης,
2574 868 2674 934 τὴν
2719 867 2776 920 δὲ
2808 865 2968 936 φύσιν
3008 863 3208 932 ἐαυτῆς
3257 880 3318 916 τε
3364 863 3460 916 καὶ
3491 863 3588 916 τοῦ

2009 959 2377 1031 ἐνεργοῦντος,
2407 958 2494 1012 διὰ
2518 957 2612 1013 τοῦ
2641 956 3102 1029 κατεργασθέντος
3128 956 3188 1009 οὐ
3211 954 3586 1024 δεικνυούσης.

2081 1052 2198 1104 Ἵνα
2231 1051 2287 1104 δέ
2314 1051 2406 1104 καὶ
2447 1049 2620 1102 τοῦτο’
2643 1049 3124 1119 συγχωρήσωμεν,
3179 1043 3428 1098 δεδόσθω.
3469 1046 3590 1107 ταῖς

2011 1143 2312 1214 ἐνεργείαις
2337 1141 2436 1205 τὰς
2464 1143 2653 1204 οὐσίας
2677 1138 3061 1210 γινώσκεσθαι.
3095 1137 3366 1207 Οὐκοῦνὴ
3396 1135 3590 1208 πρώτη

2011 1235 2186 1298 οὐσία,
2213 1235 2301 1288 διὰ
2337 1232 2430 1286 τοῦ
2475 1233 2534 1299 ἐξ
2570 1232 2740 1301 αὐτῆς
2774 1231 2937 1303 ἔργου
2974 1227 3335 1300 γνωρίζεται,
3367 1228 3462 1282 καὶ
3493 1229 3594 1299 τὴν

2012 1327 2269 1398 δευτέραν
2299 1325 2561 1389 ὡσαύτως
2597 1324 2657 1377 τὸ
2697 1323 2891 1394 ἔργον,
2915 1323 2980 1376 τδ
3015 1321 3144 1392 παρ’
3173 1320 3595 1392 αὐτῆςγινόμεο

2013 1434 2124 1482 νον,
2161 1416 2398 1470 δείκνυσι
2413 1431 2441 1447 ο·
2465 1415 2564 1486 τὴν
2594 1413 2782 1488 τρίτην
2808 1413 3000 1466 τοίνυν.
3023 1412 3164 1475 είπέ,
3195 1405 3239 1464 ῶ
3274 1410 3551 1480 σοφώτατε
3577 1449 3595 1473 ,

2014 1509 2067 1562 τί
2092 1508 2153 1562 τὸ
2177 1507 2418 1562 δεικνύον
2448 1507 2602 1572 ἐστὶ,
2639 1504 2864 1577 μηδενὸς
2903 1504 3067 1576 ἔργου
3098 1501 3338 1557 τοιούτου
3362 1504 3462 1574 τῆς
3479 1501 3597 1573 τρί-

2017 1619 2115 1672 της
2144 1601 2332 1664 οὐσίας
2361 1598 2732 1671 θεωρουμένου
2755 1615 2769 1663 ;
2794 1599 2858 1650 Εί
2881 1596 2988 1668 γὰρ
3018 1599 3135 1660 ταῖς
3168 1593 3489 1668 ἐνεργείαις,
3519 1594 3598 1656 ὡς

2023 1693 2086 1745 σὺ
2123 1693 2278 1763 φῂς,
2307 1691 2363 1744 αί
2409 1689 2586 1744 οὐσίαι
2637 1687 3180 1759 καταλαμϐάνονται,
3212 1687 3599 1758 ἀκατάληπτον

2020 1779 2157 1836 εἶναι
2205 1782 2304 1853 τὴν
2346 1779 2440 1834 τοῦ
2489 1779 2802 1850 Πνεύματος
2856 1779 3015 1848 φύσιν
3065 1777 3445 1850 ὁμολογήσεις·
3497 1779 3603 1832 οὐκ

2019 1873 2156 1943 ἔχων
2174 1871 2313 1926 κατὰ
2340 1871 2400 1923 τὸ
2432 1869 2695 1940 προσεχὲς
2720 1867 2974 1939 τοιαύτην
3006 1867 3306 1940 ἐνέργειαν,
3335 1867 3447 1920 καὶ’
3470 1865 3600 1918 τού-

2018 1983 2113 2020 του
2149 1964 2660 2036 παραστησάμενος,
2691 1962 2759 2014 δι’
2788 1961 3001 2032 ἐκείνης
3032 1961 3131 2030 τὴν
3157 1959 3248 2012 τοῦ
3283 1960 3603 2030 Πνεύματος

2023 2059 2184 2128 φύσιν
2224 2054 2666 2124 ἀναλογίσασθαι.
2713 2055 2784 2107 Ἦ
2824 2053 3003 2105 τοίνυν
3045 2052 3215 2116 δεῖξον
3250 2052 3304 2104 τί
3347 2049 3604 2111 οὐσιῶδες

2023 2150 2184 2221 ἔργον
2204 2148 2296 2203 τοῦ
2321 2147 2651 2218 Πνεύματος,
2671 2145 2738 2199 δι’
2759 2138 2819 2198 οὗ
2845 2145 3232 2215 κατειληφέναι
3263 2145 3367 2214 φῂς
3392 2143 3490 2214 τὴν
3512 2142 3608 2195 οὐ·

2028 2242 2149 2294 σίαν
2173 2239 2267 2292 τοῦ
2299 2238 2610 2308 Πνεύματος
2631 2277 2644 2301 ,
2665 2237 2698 2308 ἢ
2721 2237 2839 2300 ὅλος
2861 2238 2990 2306 ύμῖν
3010 2239 3038 2290 ὁ
3064 2235 3203 2298 ἱστὸς
3238 2238 3338 2306 τῆς
3361 2234 3618 2304 ἀράχνης,

2025 2337 2090 2404 τῇ
2124 2333 2308 2403 ἐπαφῇ
2351 2329 2444 2384 τοῦ
2473 2330 2630 2397 λόγου
2676 2330 3124 2401 περιρρυήσεται.
3156 2329 3219 2382 Εί
3264 2327 3373 2397 γὰρ
3415 2329 3479 2380 ἐκ
3508 2327 3607 2396 τῆς

2029 2424 2329 2497 προσεχοῦς
2373 2423 2652 2494 ἐνεργείας
2684 2425 2732 2494 ἡ
2773 2423 2930 2476 οὐσία
2970 2420 3297 2493 γνωρίζεται
3331 2421 3472 2474 κατὰ
3516 2419 3610 2472 τὸν

2029 2519 2295 2588 ἡμέτερον
2320 2516 2496 2584 λόγον,
2522 2515 2770 2584 ἐνέργεια
2797 2513 2854 2566 δὲ
2881 2514 3145 2583 οὐσιώδης
3169 2511 3262 2567 τοῦ
3292 2511 3616 2581 Πνεύματος

2029 2609 2274 2679 οὐδεμία,
2303 2606 2552 2676 καθάπερ
2577 2605 2670 2659 τοῦ
2699 2604 2914 2676 Πατρός
2940 2605 3038 2676 μὲν
3065 2604 3156 2659 τὸν
3181 2605 3326 2670 Υίὺν,
3354 2603 3448 2656 τοῦ
3479 2601 3614 2654 Υίοῦ

2031 2702 2088 2754 δέ
2128 2701 2189 2754 τὸ
2241 2699 2469 2770 Πνεῦμά
2517 2715 2674 2768 φατε,
2725 2697 3125 2765 ἀνεπίγνωστος
3171 2697 3386 2760 πάντως
3430 2699 3463 2766 ἡ
3515 2695 3616 2749 τοῦ

2033 2790 2349 2861 Πνεύματος
2396 2789 2557 2859 φύσις
2603 2787 2696 2842 καὶ
2718 2786 3099 2856 ἀκατάληπτος
3127 2785 3223 2838 διὰ.
3243 2784 3447 2839 τούτων
3488 2801 3622 2837 συνν

2033 2884 2410 2956 ωμολϐγηται·
2472 2881 2742 2953 μηδεμιᾶς
2791 2879 2959 2951 αὐτὴν
3016 2877 3296 2949 ἐνεργείας
3343 2877 3446 2946 τῆς
3489 2878 3618 2930 καθῗ

2035 2977 2327 3030 ὑπόστασιν
2360 2975 2651 3046 νοουμένης
2679 2972 3113 3044 παραδηλούοης.
3145 2973 3205 3025 Εἰ
3237 2969 3474 3025 δὲιτοῦτο
3497 2971 3624 3024 διαι-

2037 3067 2275 3136 πέφευγε
2299 3065 2396 3137 τὴν
2429 3063 2754 3134 κατάληψιν,
2790 3059 2908 3124 πῶς
2940 3060 3048 3114 τοῦ.
3073 3060 3148 3131 μὴ
3177 3057 3624 3129 κατειλημμένου

2036 3161 2070 3230 ἡ
2098 3157 2466 3228 ὑπερκειμένη
2478 3155 2634 3210 οὐσία
2655 3153 3128 3224 καταλαμϐάνεται
3147 3169 3162 3218 ;
3184 3152 3246 3204 Εἰ
3269 3149 3624 3220 γάμὰγνοεῖο

2035 3269 2124 3304 ται
2153 3250 2246 3304 τοῦ
2273 3248 2404 3302 Υίοῦ
2432 3249 2493 3302 τὸ
2517 3248 2695 3320 ἔργον,
2719 3247 2854 3317 ὅπερ
2879 3245 3051 3309 ἐστὶν,
3075 3243 3151 3308 ῶς
3181 3260 3332 3313 φασι,
3361 3243 3422 3296 τὸ
3446 3240 3622 3294 Πνεῦ-

2043 3360 2140 3413 μα,
2169 3341 2277 3395 οὐ“δ’
2313 3341 2378 3395 ἂν
2406 3342 2610 3404 ἐκεῖνος
2649 3337 3014 3408 ἐπιγνωσθείη
3052 3337 3269 3398 πάντως
3287 3373 3304 3400 ,
3333 3338 3398 3406 τῇ
3423 3334 3622 3404 ἀδηλίᾳ

2039 3433 2134 3487 τοῦ
2166 3431 2591 3505 τεκμηριοῦντος
2630 3430 3073 3500 συσκιαζόμενος.
3107 3429 3285 3481 Καὶ-εἰ
3316 3426 3409 3480 τοῦ
3441 3428 3623 3480 Μονοο

2041 3525 2233 3596 γενοῦς
2277 3527 2311 3598 ἡ
2347 3524 2502 3579 οὐσία
2532 3521 2610 3594 τῷ
2653 3523 2838 3595 τρόπῳ
2879 3522 3051 3593 τούτῳ
3091 3519 3461 3582 διαλανθάνοι,
3502 3519 3625 3581 πῶς

2041 3617 2129 3671 διὰ
2188 3617 2289 3688 τῆς
2343 3615 2714 3685 λανθανούσης
2768 3614 2801 3684 ή
2853 3614 3114 3668 ἀνωτάτω
3166 3612 3261 3664 καὶ
3310 3611 3622 3682 κυριωτάτη

2046 3708 2520 3780 φανερωθήσεται,
2566 3706 2666 3774 τῆς
2713 3704 2806 3758 τοῦ
2842 3704 3157 3774 Πνεύματος
3211 3701 3431 3772 άδηλίας
3476 3701 3625 3754 κατά

2045 3799 2300 3853 ἀνάλυσιν
2331 3797 2420 3852 διὰ
2435 3797 2528 3851 τοῦ
2563 3797 2694 3849 Υἱοῦ
2730 3796 2866 3867 πρὸς
2892 3795 2984 3850 τὸν
3010 3795 3228 3865 Πατέρα
3255 3795 3622 3866 διαδοθείσης-ς

2045 3891 2122 3954 ὡς
2149 3893 2213 3944 ἐκ
2237 3891 2442 3945 τούτων
2476 3889 2662 3958 σαφῶς
2690 3887 3128 3951 ἀποδείκνυσθαι,
3159 3889 3252 3942 καὶ
3275 3887 3365 3942 διὰ
3387 3889 3484 3960 τῆς
3512 3889 3626 3941 τῶν

2047 3982 2255 4053 ἐχθρῶν
2285 3981 2591 4053 μαρτυρίας
2609 4021 2624 4045 ,
2651 3981 2711 4034 τὸ
2737 3981 3115 4051 ἀκατάληπτον
3143 3977 3278 4036 εἷναι
3309 3984 3484 4053 πάντη
3524 3983 3624 4036 τοῦ

2047 4072 2260 4144 Πατρδς
2301 4073 2400 4142 τὴν
2442 4071 2647 4126 οὐσίαν.
2679 4070 2848 4124 Πόθεν
2885 4068 3035 4126 οὗν-ό
3067 4071 3360 4143 ὀξυδερκὴς
3388 4068 3560 4136 οὗτος.
3594 4075 3628 4126 ό

2047 4163 2115 4218 τὰ
2149 4162 2471 4234 ἀνύπαρκτα
2500 4161 2732 4233 βλέπων,
2764 4161 2864 4232 τὴν
2895 4161 3002 4215 τῶν
3030 4161 3250 4230 ἀφανῶν
3279 4179 3337 4215 τε
3364 4163 3460 4216 καὶ
3489 4165 3626 4217 ἀκα-

2047 4255 2334 4326 ταλήπτων
2383 4251 2542 4321 φύσιν
2583 4253 2650 4306 δι’
2688 4251 2931 4324 ἀλλήλων
2964 4253 3122 4317 αὐτός
3158 4270 3216 4305 τε
3261 4252 3483 4322 βλέπει,
3530 4255 3627 4307 καὶ

2049 4349 2180 4419 ημῖν
2208 4343 2656 4413 ἐγκελεύεται,ιέκ
2698 4343 2804 4398 τῶν
2833 4344 3007 4416 ἔργων
3045 4344 3143 4408 τὰς
3181 4345 3389 4409 οὐσίας,
3433 4347 3528 4400 καὶ
3566 4349 3628 4413 ἐξ

1977 4433 2023 4492 D
2051 4435 2272 4490 ἐκείνων
2293 4433 2361 4487 τὰ
2391 4433 2527 4506 ἔργα
2557 4434 2728 4502 λέγων
2763 4435 3306 4505 καταλαμϐάνεσθαι;

2134 4527 2294 4581 Ἀλλὰ
2331 4527 2425 4580 καὶ
2456 4527 2546 4580 τὸν
2591 4527 2790 4597 ἐφεξῆς
2817 4527 2973 4596 λόγον
3002 4531 3465 4602 ἐπισκοπήσωμεν
3486 4549 3497 4562 ·
3531 4533 3626 4585 καὶ

2050 4617 2269 4686 τὴνέπί
2300 4616 2758 4688 ταῑςὲνεργείαις
2793 4617 2954 4688 φησὶν
2973 4617 3331 4687 ἀμφιϐολίαν
3357 4620 3628 4675 διαλύειν

2028 4709 2120 4762 ’ἐκ
2153 4707 2270 4762 τῶν
2299 4707 2541 4762 οὐσιῶν.
2584 4708 2708 4772 Πῶς
2737 4709 2802 4763 ἄν
2837 4726 2922 4772 τις
2955 4710 3116 4763 αὐτὸν
3148 4713 3212 4763 ἐκ
3239 4711 3348 4765 τῶν
3381 4713 3628 4782 ματαίων

2054 4799 2372 4870 ὐπολήψεων
2388 4800 2705 4871 μεταγάγοι;
2730 4800 2838 4854 Καὶ
2857 4801 2953 4864 τὰς
2969 4801 3060 4855 ἐπὶ
3075 4805 3193 4866 ταῖς
3211 4804 3511 4875 ἐνεργείαις
3527 4807 3626 4876 ἁμ-

2054 4892 2298 4961 φι6ολίας
2339 4894 2507 4946 οἴεται
2525 4893 2745 4948 δυνατὸν
2765 4888 2902 4948 εἶναι
2923 4894 3011 4949 διὰ
3025 4896 3122 4966 τῆς
3143 4897 3498 4968 καταλήψεως
3518 4900 3634 4953 τῶν

2053 4985 2249 5039 οὐσιῶν
2282 4984 2611 5040 διαλύεσθαι.
2643 4986 2763 5050 Πῶς
2789 4986 2876 5040 διὰ
2905 4987 3015 5040 τῶν
3048 4988 3120 5058 μὴ
3175 4989 3632 5062 κατειλημμένων

2052 5077 2112 5130 τὸ
2141 5077 2607 5148 ἀμφιϐαλλόμενον
2645 5079 2724 5142 είς
2745 5078 2923 5132 πίστιν
2951 5078 3104 5146 άγει;
3138 5078 3199 5132 Εἰ
3229 5081 3327 5150 μὲν
3359 5081 3470 5153 γὰρ
3499 5100 3626 5136 κατο

2053 5167 2274 5238 είληπτο
2307 5168 2339 5238 ἡ
2383 5168 2561 5231 οὐσία,
2609 5167 2688 5232 τίς
2721 5167 2878 5239 χρεία
2908 5169 3482 5241 πολυπραγμονεῖσθαι
3531 5175 3632 5246 τὴν

2054 5260 2353 5333 ἐνέργειαν,
2385 5258 2460 5322 ὡς
2493 5258 2560 5312 δι’
2587 5256 2799 5329 ἐκείνης
2832 5259 3128 5328 μελλόντων
3163 5261 3318 5330 ἡμῶν
3351 5265 3416 5334 τῇ
3459 5281 3633 5316 κατα-

2053 5350 2211 5420 λήψει
2244 5347 2335 5402 τοῦ
2375 5347 2703 5418 ζητουμένου
2735 5347 3138 5418 προσάγεσθαι;
3164 5350 3224 5403 Εἰ
3263 5351 3319 5404 δὲ
3356 5351 3443 5406 διὰ
3476 5353 3636 5407 τοῦτο

2054 5442 2377 5512 άναγκαίαή
2405 5441 2503 5511 τῆς
2534 5441 2810 5510 ἐνεργείας
2836 5441 3098 5507 ἐξέτασις,
3127 5443 3202 5507 ὡς
3229 5443 3294 5497 ἂν
3316 5443 3403 5497 διὰ
3429 5445 3632 5514 ταύτης

2055 5534 2192 5604 πρὸς
2218 5532 2314 5604 τὴν
2343 5532 2552 5584 σύνεσιν
2575 5532 2672 5601 τῆς
2696 5532 3022 5603 ἐνεργούσης
3045 5534 3214 5604 αὐτὴν
3231 5535 3416 5599 οὐσίας
3435 5535 3634 5607 όδηγη-

2056 5623 2299 5694 θείημεν.
2330 5623 2444 5687 πῶς
2473 5624 2604 5692 ἡμῖν
2631 5623 2663 5693 ἡ
2699 5624 2865 5692 μήπω
2891 5623 3192 5692 γνωσθεῖσα
3220 5625 3379 5694 φύσις
3407 5625 3504 5696 τὴν
3538 5629 3636 5682 ἐπὶ

2056 5721 2173 5782 ταῖς
2197 5717 2494 5781 ἐνεργείαις
2517 5715 2842 5787 ἀμφιϐολίαν
2867 5716 3114 5774 διαλῦσαι
3143 5718 3425 5785 δυνήσεται
3449 5739 3465 5784 ;
3493 5721 3632 5774 Παν-
