4064 6146
375 219 480 275 585

1499 220 1776 276 CONTRA
1817 220 2203 289 EUNOMIUM,
2249 221 2377 276 LIB.
2421 221 2461 275 I.

3523 218 3625 276 5823

374 337 464 399 τὶς
486 340 591 405 γὰρ
626 335 944 405 πράγματος
983 335 1476 406 ἀμφιϐαλλομένου,
1509 338 1593 390 διὰ
1627 340 1732 392 τῶν
1760 339 1949 410 ὁμολο-

2064 339 2373 393 bitationcm
2414 338 2480 392 de
2510 338 2920 408 operationibus
2954 337 3256 394 dissolvere
3302 345 3355 394 et
3389 353 3631 395 eximere

375 425 655 494 γουμένων
692 427 746 477 αἱ
777 425 1074 490 ἀποδείξεις
1101 425 1360 493 γίνονται.
1406 427 1574 480 Ὅταν
1603 428 1657 479 δὲ
1688 430 1879 499 ἐπίσης
1901 433 1956 482 ἐν

375 515 704 585 ἀμφοτέροις
793 519 902 578 τοῖς
928 517 1281 586 ζητουμένοις
1311 517 1369 570 τὸ
1397 517 1618 588 ἄδηλον·
1652 519 1765 580 πῶς
1797 521 1862 571 τὰ
1890 519 1957 571 δι’

307 597 312 602 ’
367 607 553 658 αὐτῶν
577 605 909 676 ἀγνοούμενα
935 607 999 660 δι’
1029 607 1272 678 ἀλλήλων
1306 606 1820 678 καταλαμϐάνεσοαί
1854 626 1960 678 φη-

371 714 462 748 σιν
489 699 517 748 ό
549 695 844 766 Εὐνόμιος;
881 698 1387 770 ’Λμιριϐαλλομένης
1420 699 1526 771 γάρ
1561 701 1658 769 τῆς
1701 700 1794 753 106
1845 703 1959 754 Πα-

376 787 502 858 τρὸς
539 787 744 853 οὐσίας,
779 787 864 839 διά
898 788 995 857 τῆς
1042 788 1427 860 παρεπομένης
1469 788 1616 859 αὐτῷ
1658 790 1957 860 ἐνεργείας,

378 880 470 933 καὶ
512 877 603 932 τοῦ
643 878 794 950 παρὰ
830 879 1031 948 ταύτης
1073 880 1521 942 ἀποτελεσθέντος
1555 880 1752 951 ἔργου,
1795 898 1958 949 φανε-

381 971 603 1042 ροῦσθαι
633 968 693 1022 τὸ
726 970 1057 1041 ζητούμενον
1094 971 1261 1039 λέγει.
1309 971 1476 1026 Πάλιν
1505 971 1561 1024 δὲ
1599 971 1699 1040 τῆς
1728 971 1819 1024 τοῦ
1851 974 1961 1026 Μο-

379 1060 630 1128 νογενοῦς
655 1062 840 1123 οὐσίας
871 1061 1208 1133 ζητουμένης
1236 1063 1356 1132 ἥτις
1381 1063 1525 1115 ἐστὶν
1555 1062 1649 1130 (ὃν
1672 1063 1780 1115 εἴτε
1809 1064 1961 1133 ἐνέρ-

381 1141 554 1221 γειαν,
597 1151 706 1204 εἴτε
748 1153 845 1222 τῆς
875 1155 1153 1221 ἐνεργείας
1185 1154 1534 1224 ἀποτέλεσμα
1562 1155 1740 1224 λέγει’
1768 1156 1962 1227 κέχρη-

381 1263 470 1298 ται
499 1244 616 1316 γὰρ
635 1245 878 1314 ἑκατέρῳ
916 1245 1025 1298 τῶν
1051 1245 1291 1315 λόγων),
1323 1249 1385 1299 ἐκ
1419 1248 1515 1317 τῆς
1537 1247 1631 1299 106
1666 1249 1961 1319 πεποιηκό-

341 1402 351 1404 _
383 1353 473 1399 10;
511 1337 671 1406 φησὶν
699 1336 884 1399 οὐσίας
915 1335 1132 1389 εὔκολον
1158 1334 1297 1391 εἶναι
1325 1337 1568 1393 διαλύειν
1584 1339 1682 1409 τὴν
1714 1339 1842 1409 περὶ
1865 1337 1959 1392 τοῦ

386 1427 719 1496 Μονογενοῦς
753 1426 1181 1498 ἀμφισϐήτησιν.

464 1717 664 1780 Ἡδέως
697 1716 741 1770 δ’
773 1715 839 1770 ἂν
873 1715 1147 1770 καὶτοῦτο
1177 1718 1304 1788 παρ’
1331 1716 1496 1770 αὐτοῦ
1516 1714 1802 1787 μάθοιμι’⁸
1832 1717 1958 1774 Ἐπὶ

387 1807 552 1878 μόνης
583 1807 679 1877 τῆς
710 1805 857 1870 θείας
887 1805 1100 1874 φύσεως
1121 1807 1221 1876 τὴν
1253 1808 1344 1860 ἐπὶ
1366 1809 1487 1870 ταῖς
1511 1807 1815 1876 ἐνεργείαις
1850 1807 1960 1877 ἀμ-

385 1897 628 1967 φιϐολίαν
655 1898 719 1950 ὲκ
741 1896 842 1967 τῆς
875 1897 1256 1968 ἐργασαμένης
1302 1897 1491 1960 οὐσίας
1522 1895 1832 1950 διαλύεσθαι
1869 1897 1959 1950 λέ-

385 2005 513 2057 γει,
553 1988 586 2058 ἢ
627 1989 719 2040 καὶ
760 1989 852 2040 ἐπὶ
897 1988 1096 2050 παντὸς
1138 1989 1483 2058 πράγματος,
1527 1981 1571 2055 ᾧ
1611 2005 1694 2052 τις
1734 1988 1960 2060 δύναμις

385 2077 639 2149 ποιητικὴ
670 2079 1022 2150 συνυπάρχει,
1055 2079 1141 2132 διὰ
1165 2079 1265 2148 τῆς
1308 2079 1401 2132 τοῦ
1433 2076 1711 2143 ποιοῦντος
1751 2081 1958 2144 οὐσίας,

387 2172 480 2224 καὶ
505 2171 602 2242 τὴν
627 2170 738 2224 τῶν
755 2170 1054 2240 γεγονότων
1077 2170 1236 2240 φύσιν
1266 2171 1637 2239 ἐπιγινώσκει.
1661 2173 1721 2225 El
1751 2174 1847 2243 μὲν
1869 2169 1962 2227 οὖν

385 2259 477 2311 ιπι
506 2258 675 2328 μόνης
705 2259 801 2329 τῆς
853 2258 1003 2323 θείας
1028 2259 1309 2330 δυνάμεως
1337 2260 1398 2312 τὸ
1443 2259 1684 2316 τοιοῦτον
1726 2264 1963 2332 ἀποφαί-

387 2366 536 2402 νεται
568 2349 763 2420 δόγμα,
796 2349 1022 2413 δειξάτω
1080 2350 1197 2414 πῶς
1240 2351 1341 2421 τὴν
1391 2351 1803 2423 ἀμφισϐήτησιν
1852 2353 1962 2408 τῶν

384 2438 478 2490 106
532 2438 665 2493 Θεοῦ
711 2439 897 2512 ’ἔργων
943 2441 1147 2494 διαλύει
1184 2442 1272 2496 διὰ
1310 2443 1406 2513 τῆς
1431 2442 1523 2496 106
1567 2446 1961 2517 ἐνεργήσαντος

387 2528 618 2600 φύσεως.
651 2530 780 2584 Ἰδοὺ
820 2531 928 2602 γὰρ
955 2533 1321 2602 ἀναμφίϐολον
1341 2533 1500 2606 ἔργον
1520 2534 1676 2600 Θεοῦ,
1707 2531 1958 2608 οὐρανδς,

386 2620 480 2689 γῆν
510 2620 770 2687 θάλασσαν
807 2622 925 2685 ὅλος
949 2623 982 2674 ὁ
1018 2622 1242 2692 κόσμος.
1283 2625 1557 2694 Ζητείσθω
1599 2626 1655 2678 δὲ
1689 2627 1810 2680 καθ’
1833 2629 1962 2682 ὑπό-

388 2713 571 2776 θεσιν,
605 2712 811 2766 τούτων
844 2714 962 2776 ἐνὸς
1006 2715 1038 2785 ἡ
1081 2715 1236 2767 οὐσία
1266 2732 1280 2745 ·
1304 2717 1398 2769 καὶ
1439 2715 1580 2769 ἔστω
1623 2717 1848 2787 οὐρανὸς
1895 2721 1961 2791 τῇ

388 2805 592 2876 θεωρίᾳ.
652 2805 748 2860 τοῦ
805 2805 964 2872 λόγου
1024 2807 1398 2877 προκείμενος.
1463 2808 1964 2882 ’Λμφιϐαλλομένης

385 2894 566 2948 τοίνυν
594 2893 687 2946 106
719 2893 945 2964 οὐρανοῦ
973 2894 1072 2964 τῆς
1107 2897 1313 2960 οὐσίας,
1347 2897 1434 2951 διά
1461 2899 1558 2962 τὰς
1595 2900 1842 2964 ποικίλας
1871 2901 1964 2954 ἐπὶ

385 2984 560 3055 τούτῳ
611 2983 770 3048 δόξας
822 2985 930 3038 τῶν
963 2985 1228 3057 διαφόρως
1275 2989 1414 3042 κατὰ
1456 2989 1518 3042 τὸ
1553 2991 1715 3058 φανὲν
1748 2993 1962 3062 ἑκάστῳ

389 3076 515 3147 περὶ
536 3075 699 3130 αὐτοῦ
726 3076 1203 3146 φυσιολογούντων,
1219 3078 1333 3142 πῶς
1358 3081 1486 3150 ἡμῖν
1515 3081 1709 3150 ἐπάγει
1733 3084 1831 3153 τὴν
1853 3084 1966 3137 διά-

389 3167 538 3220 λυσιν
566 3168 665 3238 τῆς
701 3165 794 3220 τοῦ
828 3166 1158 3238 ζητουμένου
1191 3169 1515 3240 ἀμφιϐολίας
1549 3173 1583 3243 ἡ
1606 3172 1699 3226 106
1737 3189 1967 3244 πεποιη-

391 3258 544 3321 κότος
577 3263 668 3310 τὸν
709 3258 934 3328 οὐρανὸν
975 3258 1203 3329 θεωρία;
1241 3261 1474 3324 Ἐκεῖνος
1504 3260 1690 3326 ἄῦλος,
1713 3264 1962 3335 ἀόρατος,

394 3349 822 3419 ἀσχημάτιστος,
885 3351 1173 3420 ἀγέννητός
1219 3368 1278 3403 τε
1318 3352 1411 3404 καὶ
1443 3353 1616 3405 εἰσαεὶ
1663 3353 1961 3424 διαμένων,

394 3439 614 3510 φθορᾶς,
630 3443 724 3494 καὶ
749 3441 1074 3513 τροπῆςριαι
1099 3442 1453 3508 ἀλλοιώσεως,
1469 3445 1684 3498 καὶτῶν
1710 3445 1965 3500 τοιούτων

394 3533 606 3584 πάντων
639 3532 983 3595 ἀνεπίδεκτος
1011 3533 1205 3602 μένων.
1227 3532 1349 3596 Πῶς
1377 3531 1470 3588 οὖν
1498 3534 1526 3586 ὁ
1556 3541 1810 3606 τοιαύτην
1839 3538 1966 3608 περὶ

393 3624 486 3676 106
518 3625 906 3694 ὲνεργήσαντος
933 3623 1110 3674 λαϐὼν
1145 3623 1241 3692 τὴν
1283 3623 1536 3689 διάνοιαν,
1567 3625 1706 3696 πρὸς
1733 3625 1830 3696 τὴν
1855 3626 1967 3678 ἐπί-

395 3731 594 3782 γνωσιν
625 3714 721 3783 τῆς
765 3712 859 3765 τοῦ
905 3713 1134 3784 ούρανοῦ
1169 3713 1383 3782 φύσεως
1424 3716 1810 3786 ὲναχθήσεται;
1844 3717 1968 3781 Πῶς

395 3807 458 3858 ὲκ
486 3804 577 3857 106
605 3805 936 3875 ἀοράτου,τὺ
959 3803 1173 3875 ὁρατὸν,
1203 3807 1267 3857 ὲκ
1289 3806 1386 3858 τοῦ
1419 3806 1720 3878 ἀφθάρτου,
1753 3806 1814 3861 τὸ
1841 3808 1969 3876 φθο-

397 3897 466 3968 ρᾷ
516 3897 868 3966 ὑποκείμενον
906 3897 1015 3960 ,ὲκ
1072 3893 1167 3948 τοῦ
1208 3895 1520 3966 ἀγεννήτως
1555 3897 1724 3963 ὄντος,
1755 3897 1816 3950 τὸ
1859 3898 1968 3951 ἀπὸ

395 3988 586 4058 χρόνου
616 3988 714 4060 τὴν
741 3987 997 4042 σύστασιν
1025 3986 1170 4057 ἔχον,
1187 3989 1252 4041 ὲκ
1278 3987 1370 4042 106
1398 3989 1570 4042 εἰσαεὶ
1601 3989 1963 4060 διαμένοντος,

393 4079 456 4132 τὸ
503 4079 834 4150 πρόσκαιρον
859 4081 1194 4152 κεκτημένον
1214 4081 1312 4152 τὴν
1347 4081 1708 4154 ὓπαρξιν,καὶ
1737 4086 1801 4137 ἐκ
1828 4086 1967 4139 πάν-

393 4188 498 4225 των
526 4170 633 4225 τῶν
662 4171 934 4236 ἐναντίων,
963 4172 1062 4242 τὴν
1087 4173 1214 4244 περὶ
1251 4172 1346 4226 τοῦ
1379 4172 1707 4245 ζητουμένου
1747 4176 1969 4246 ποιήσε-

394 4280 482 4316 ται
520 4263 846 4333 κατανόησιν
875 4279 890 4329 ;
923 4263 1145 4316 Εἰπάτω
1165 4265 1194 4317 ὁ
1215 4265 1678 4335 περιεσκεμμένος
1709 4265 1776 4318 δι’
1803 4265 1968 4338 ἀκρι-

2061 431 2298 500 poterit?
2342 429 2532 486 Omnis
2575 431 2720 484 enim
2777 431 2874 493 rei,
2917 431 2983 484 de
3032 446 3137 500 qua
3185 429 3486 492 dubitatur,
3537 430 3632 483 dc-

2059 523 2408 586 monstratio,
2460 538 2524 576 cx
2563 521 2838 576 confessis
2881 530 2935 576 ct
2977 523 3259 576 concessis
3295 520 3627 576 instituenda

2059 618 2163 666 est.
2201 609 2433 675 Quando
2471 618 2650 665 autem
2678 610 2968 681 aequaliter
2998 612 3050 664 in
3102 612 3370 680 utrisque,
3403 612 3468 664 dc
3507 611 3630 678 qui-

2061 701 2164 771 bus
2195 701 2428 769 quaestio
2465 710 2570 761 est.
2630 701 2957 756 iucertitudo
3005 703 3176 758 inest:
3209 700 3483 771 quomodo
3512 716 3635 770 quae

2061 769 2114 844 in
2147 792 2399 860 utrisque
2423 791 2666 860 ignorata
2690 799 2838 856 sunt,
2873 807 2966 861 per
3001 801 3229 862 utraque
3259 802 3448 845 mutuo
3482 801 3626 860 pate-

2060 884 2174 938 ﬁeri
2220 883 2516 936 Eunomius
2552 883 2744 953 jubet?
2775 883 2912 937 Cum
2967 884 3115 939 enim
3161 884 3229 938 de
3267 883 3446 937 Patris
3501 883 3635 937 sub-

2061 977 2262 1030 stantia
2293 975 2575 1029 dubitatur
2605 983 2660 1030 et
2714 976 3034 1045 inquiritur,
3071 977 3186 1029 vult
3227 992 3323 1045 per
3361 975 3638 1046 operatio-

2062 1082 2186 1122 nem
2214 1067 2539 1123 substantia:
2567 1069 2716 1122 illius
2746 1070 3024 1130 comitem,
3057 1079 3112 1124 ct
3152 1085 3220 1124 ex
3238 1084 3404 1139 opere
3433 1070 3502 1124 ab
3532 1069 3635 1122 ista

2060 1159 2380 1228 operatione
2430 1159 2622 1213 οπεριο
2663 1160 2906 1230 ignotum
2959 1162 3224 1228 pateﬁeri.
3265 1160 3479 1214 Rursus
3509 1175 3638 1214 vero

2061 1251 2108 1304 si
2157 1258 2468 1318 quaeratur,
2523 1267 2772 1319 quaenam
2831 1253 2902 1306 sit
2945 1251 3220 1320 Unigcniti
3287 1251 3633 1312 substantia,

2060 1355 2221 1410 quem
2259 1338 2658 1411 (Unigenitum)
2699 1343 2814 1395 sive
2852 1343 3249 1410 operationem,
3283 1342 3399 1396 sive
3439 1353 3638 1408 opera-

2063 1432 2227 1487 tionis
2271 1431 2526 1487 eﬂectum
2589 1433 2829 1501 appellat
2879 1436 3138 1504 (utroque
3185 1435 3330 1488 enim
3377 1428 3637 1501 loquendi

2060 1539 2260 1595 genere
2278 1525 2492 1594 utitur),
2527 1527 2770 1596 proclive
2798 1541 2923 1581 esse
2954 1527 3053 1589 ait,
3081 1543 3146 1581 ex
3177 1525 3481 1580 conditoris
3507 1523 3638 1579 sul)-

2060 1617 2263 1672 stantia
2296 1618 2692 1673 dubitationem
2725 1617 2792 1672 de
2823 1619 3116 1688 Unigenito
3143 1619 3464 1674 dissolvere.

1984 1688 2030 1742 Β
2131 1706 2399 1763 (Steterunt
2443 1710 2676 1766 libenter
2713 1721 2767 1766 et
2809 1711 2956 1766 istud
2999 1728 3064 1765 ex
3111 1713 3203 1766 illo
3233 1712 3635 1780 intelligerent,

2060 1813 2190 1850 num
2217 1799 2270 1852 in
2295 1800 2412 1854 sola
2435 1808 2632 1854 natura
2657 1801 2842 1856 divina
2865 1802 3261 1858 dubitationem
3285 1802 3353 1857 de
3372 1802 3640 1871 operatio-

2061 1889 2226 1944 nibus
2251 1905 2314 1944 ex
2347 1893 2626 1960 Operantis
2659 1894 2901 1948 essentia
2932 1894 3158 1950 dissolvi
3192 1909 3353 1964 posse
3381 1902 3637 1962 aSScrat;

2062 1995 2132 2033 an
2164 1996 2292 2035 vero
2326 1982 2382 2036 in
2410 1983 2561 2059 omni
2594 1999 2653 2039 re
2675 2023 2690 2046 ,
2721 1985 2809 2038 cui
2857 1986 3049 2056 agendi
3095 1985 3326 2041 facultas
3362 1985 3636 2055 suppetit,

2062 2083 2158 2137 per
2175 2070 2467 2125 ellicientis
2480 2073 2776 2128 essentiam
2795 2075 3083 2130 eﬂ'ectuum
3100 2091 3320 2146 quoque
3341 2077 3638 2132 essentiam

2063 2162 2404 2228 cognoscat?
2436 2161 2491 2215 Si
2523 2163 2590 2218 de
2620 2165 2736 2218 sola
2768 2165 2954 2219 divina
2995 2169 3102 2221 tale
3139 2168 3337 2238 dogma
3379 2168 3636 2230 traditur,

2063 2249 2318 2305 ostendat
2349 2254 2508 2309 nobis
2531 2295 2545 2319 ,
2595 2257 2871 2325 quomodo
2901 2256 3338 2314 dubitationibus
3359 2299 3374 2322 ,
3420 2275 3539 2329 quae
3569 2259 3641 2313 de

2063 2341 2332 2398 creaturis
2364 2341 2458 2398 Dei
2487 2346 2800 2411 exsistunt,
2835 2364 2902 2403 ex
2931 2349 3197 2403 creatoris
3241 2361 3436 2403 natura
3481 2350 3640 2404 satis-

2064 2431 2246 2488 faciat.
2274 2432 2416 2490 Ecce
2441 2436 2586 2490 eniin
2616 2437 2980 2493 indubitatum
3008 2455 3146 2509 opus
3173 2438 3266 2494 Dei
3292 2449 3376 2494 est
3399 2441 3597 2493 emtum
3619 2427 3646 2504 ,l

2064 2531 2238 2591 terra,
2292 2541 2477 2592 mare,
2531 2536 2676 2584 lotus
2729 2530 2985 2584 mundus.
3033 2529 3317 2596 Quteratur
3363 2546 3496 2600 ergo
3543 2547 3642 2599 per

2066 2615 2390 2686 hypotltesin
2426 2619 2592 2677 unius
2622 2637 2687 2676 cx
2724 2622 2846 2677 istis
2876 2626 3115 2682 essentia
3139 2663 3153 2687 ,
3190 2624 3368 2693 sitque
3397 2625 3596 2677 malum
3621 2664 3637 2687 ,

2063 2707 2296 2776 exempli
2327 2709 2521 2778 gratia.
2561 2711 2696 2765 Cum
2729 2711 2894 2784 igitur
2925 2712 3048 2767 caeli
3081 2713 3321 2768 essentia
3349 2714 3513 2768 dubia
3542 2715 3639 2778 sit,

2065 2803 2288 2865 propter
2314 2799 2496 2853 varias
2523 2813 2712 2854 eorum
2737 2841 2750 2864 ,
2797 2801 2892 2871 qui
2934 2802 3084 2857 varie
3113 2800 3182 2856 de
3223 2804 3362 2856 creto
3404 2803 3644 2872 philoso-

2067 2886 2329 2954 phantur,
2362 2889 2654 2958 Opiniones
2675 2930 2689 2955 ,
2721 2894 2997 2962 quomodo
3029 2895 3192 2950 nobis
3237 2895 3639 2949 dubitationem

2068 2977 2269 3032 eximet
2293 3021 2307 3043 ,
2329 2979 2450 3048 ejus
2467 3021 2481 3044 ,
2506 2982 2598 3051 qui
2630 2984 2829 3036 emtum
2858 2983 2984 3039 fecit
3005 3025 3020 3051 ,
3045 2971 3479 3056 contemplatio?
3500 2983 3636 3038 Nam

2070 3069 2160 3123 ille
2189 3071 2432 3126 materici
2465 3088 2662 3140 expers
2687 3085 2798 3139 est,
2829 3075 3272 3146 inaspectabilis,
3320 3078 3493 3148 Iigura
3541 3094 3637 3129 ca-

2067 3175 2194 3214 rens
2217 3200 2231 3224 ,
2269 3161 2688 3230 ingenerabilis,
2730 3166 2993 3235 perpetim
3039 3182 3300 3232 manens,
3334 3168 3640 3238 corruptio-

2067 3251 2153 3305 nis
2174 3291 2188 3314 ,
2222 3255 2575 3319 mutationis,
2607 3264 2660 3309 et
2691 3256 3031 3312 alteratiouis
3053 3297 3066 3320 ,
3097 3259 3454 3328 omniumque
3487 3260 3636 3312 simi-

2068 3343 2197 3397 lium
2229 3344 2483 3414 iucapax.
2512 3347 2798 3414 Quomodo
2828 3347 2993 3418 igitur
3018 3349 3107 3403 ille
3127 3389 3142 3414 ,
3173 3350 3266 3419 qui
3301 3351 3394 3404 tali
3425 3359 3639 3406 senten-

2067 3435 2139 3488 tia
2169 3438 2237 3489 de
2265 3437 2390 3492 caeli
2421 3439 2710 3493 conditore
2739 3440 2986 3494 imbutus
3016 3449 3130 3503 est,
3159 3441 3227 3494 ad
3265 3443 3636 3512 cognitionem

2066 3535 2306 3593 naturae,
2334 3543 2440 3599 qua
2470 3531 2669 3585 ccelum
2701 3539 2947 3597 constat,
2973 3532 3333 3602 perducetur?
3354 3533 3642 3600 Quomodo

2066 3633 2131 3672 ex
2178 3619 2552 3688 inaspectabiti
2574 3663 2590 3686 ,
2635 3622 2686 3676 id
2730 3622 2875 3691 quod
2903 3624 3006 3678 sub
3035 3632 3318 3692 aspectum
3349 3625 3539 3689 cadit,
3571 3643 3639 3681 ex

2067 3709 2472 3781 incorruptibili
2501 3715 2839 3784 corruptioni
2869 3716 3167 3770 obnoxium
3194 3756 3210 3781 ,
3239 3733 3305 3772 ex
3338 3727 3464 3772 ente
3495 3719 3641 3789 inge-

2067 3801 2211 3865 nito,
2254 3801 2308 3855 id
2385 3803 2530 3872 quod
2574 3819 2638 3858 ex
2688 3812 2933 3874 tempore
2962 3815 3403 3877 coagmentatum
3435 3818 3555 3874 est,
3586 3818 3644 3864 et

2066 3908 2132 3948 ex
2162 3909 2228 3949 eo
2256 3894 2403 3965 quod
2445 3909 2661 3966 semper
2703 3897 2866 3951 durat
2903 3908 2957 3951 et
2998 3907 3215 3965 manet,
3247 3900 3300 3954 id
3331 3901 3474 3970 quod
3503 3909 3641 3954 tem-

2067 3986 2342 4055 porariam
2373 3995 2430 4042 et
2469 3989 2732 4042 caducam
2779 3991 3159 4045 exsistentiam
3206 3994 3457 4062 accepit,
3485 3995 3641 4048 colli-
3705 4032 3711 4037 -

2067 4085 2187 4148 get,
2212 4085 2268 4134 et
2295 4094 2361 4133 ex
2393 4079 2462 4135 iis
2501 4095 2622 4150 qua:
2663 4081 2782 4145 rei,
2824 4083 2892 4136 de
2932 4097 3038 4152 qua
3080 4085 3363 4152 qmeritur,
3408 4099 3639 4152 prorsus

2068 4170 2454 4236 adversantur,
2478 4171 2886 4242 intelligentiam
2915 4171 3206 4227 formabit?
3229 4172 3402 4238 Dicat,
3428 4175 3522 4244 qui
3547 4189 3639 4228 ac-

2069 4267 2260 4316 curate
2281 4277 2369 4316 res
2395 4263 2646 4318 conditas
2674 4263 3004 4333 perlustrat,
3025 4265 3203 4327 dicat,
3232 4264 3454 4334 inquam
3471 4306 3486 4331 ,
3506 4261 3645 4336 'quo-

396 4354 544 4418 ϐείας
563 4355 634 4407 τὰ
657 4353 785 4408 ὅντα
801 4369 812 4383 ·
839 4353 1044 4408 εἰπάτω
1064 4354 1177 4418 πῶς
1203 4355 1318 4408 ἐστι
1345 4355 1570 4409 δυνατὸν
1607 4355 1672 4410 τά
1697 4355 1964 4428 ἀνομοίως

2070 4351 2234 4407 modo
2265 4352 2382 4407 ﬁeri
2413 4353 2617 4422 possit,
2650 4360 2708 4407 ut
2743 4369 2864 4424 quae
2895 4354 3184 4410 dissimilis
3219 4362 3432 4412 naturae
3472 4367 3600 4413 sunt
3621 4399 3638 4423 ,

397 4445 536 4498 κατά
565 4444 664 4514 τὴν
693 4444 853 4514 φύσιν
882 4444 1094 4516 ἔχοντα,
1119 4445 1186 4498 δι’
1202 4445 1442 4514 ἀλλήλων
1470 4445 1925 4514 ὲπιγινώσκεσθαι
1948 4463 1966 4477 ·

399 4535 572 4589 καίτοι
600 4553 663 4605 γε
686 4535 750 4589 δι’
767 4536 943 4590 αὐτῶν
965 4535 1168 4589 τούτων
1195 4530 1269 4590 ὧν
1292 4536 1451 4599 αὐτός
1481 4553 1664 4608 φησιν,
1681 4538 1836 4607 εἰπερ
1856 4538 1968 4601 τοῖς

403 4632 552 4695 ἰδίοις
594 4631 1009 4686 κατακολουθεῖν
1043 4629 1306 4701 ἠπίστατο
1358 4630 1556 4699 λόγοις,
1589 4630 1844 4701 ὡδηγήθη
1901 4631 1968 4684 ἂν

402 4722 531 4792 πρὸς
559 4721 656 4792 τὴν
677 4720 769 4774 τοῦ
786 4721 952 4791 ὲκκλη
961 4720 1241 4776 σιαστικοῦ
1257 4720 1527 4792 δόγματος
1548 4721 1964 4790 συγκατάθεσιν.

403 4813 462 4864 Εἰ
492 4813 600 4883 γὰρ
640 4813 674 4882 ἡ
701 4811 794 4864 τοῦ
824 4813 1148 4882 ποιήσαντος
1193 4810 1351 4879 φύσις
1381 4810 1440 4864 τὸ
1470 4813 1599 4882 παρ’
1621 4813 1784 4882 αὐτῆς
1813 4828 1971 4880 γεγε-

403 4905 629 4974 νημένον
654 4902 912 4968 δείκνυσι,
938 4901 1120 4965 καθὼς
1150 4894 1304 4966 οὗτός
1343 4919 1498 4972 φησι,
1521 4901 1731 4973 ποίημα
1763 4901 1818 4954 δὲ
1849 4903 1970 4955 κατ’

402 4993 643 5055 σύτοὺςό
675 4992 798 5056 Υἱός
847 4994 962 5046 ἐστι
1000 4992 1094 5046 τοῦ
1142 4993 1374 5064 Πατρὸς,
1415 4993 1631 5056 πάντως
1660 4995 1688 5045 ό
1735 4993 1833 5064 τὴν
1876 4992 1970 5047 τοῦ

405 5083 609 5153 Πατρδς
650 5084 808 5152 φύσιν
859 5087 1216 5154 κατανοήσας,
1243 5085 1338 5137 καὶ
1372 5084 1470 5155 τὴν
1513 5084 1606 5136 106
1638 5086 1972 5154 Μονογενοῢς

402 5173 468 5225 δι’
491 5175 703 5238 ἐκείνης
735 5173 1022 5246 ἐγνώρισεν
1049 5193 1061 5207 ·
1089 5175 1246 5245 είτιερ
1275 5177 1307 5244 ἡ
1332 5174 1425 5227 106
1457 5174 1844 5245 ὲνεργήσαντος
1872 5175 1972 5245 φύ-

405 5282 486 5320 σις
537 5278 597 5319 10
623 5267 912 5336 ὲνεργηυὲν
946 5268 1315 5336 ἀπεσήμηνεν.

482 5357 571 5420 Ὠς
603 5359 698 5410 καὶ
740 5358 824 5410 διὰ
881 5359 1070 5410 τούτου
1102 5359 1192 5411 τὸν
1235 5357 1336 5426 τῆς
1377 5355 1758 5428 ἀνομοιότητος
1774 5356 1974 5427 αὐτ-ἦς’

404 5447 704 5515 Μονογενῆ.
724 5447 831 5501 τῶν
860 5448 956 5517 τῆς
987 5447 1246 5518 Προνοίας
1273 5446 1449 5516 ἔργων
1469 5446 1938 5517 ἀποσχοινίζεσθαι
1955 5462 1970 5478 ⁸

408 5538 571 5610 μηδὲν
602 5538 1158 5610 πολυπραγμονεῖσθω
1187 5541 1219 5608 ή
1252 5540 1482 5608 γένεσις,
1513 5538 1645 5609 μηδὲ
1680 5538 1980 5609 βεϐιασμέ-’

406 5647 510 5696 νως
534 5631 741 5686 ἐκεῖθεν
761 5633 796 5704 ἡ
822 5630 1140 5702 ἀνομοιότης
1165 5629 1258 5684 106
1292 5630 1623 5701 Μονογενοῢς
1650 5628 1970 5702 ὲλεγχέσθω.

2071 4458 2166 4513 per
2211 4459 2273 4497 se
2321 4452 2512 4497 mutuo
2559 4445 3002 4514 cognoscantur?
3041 4444 3363 4516 Quanquam
3410 4463 3509 4517 per
3547 4448 3641 4502 illa

2072 4534 2190 4603 ipsa
2233 4549 2353 4603 qua?
2383 4532 2547 4598 dicit,
2580 4534 2628 4589 si
2675 4535 2914 4604 propriis
2957 4535 3072 4590 suis
3114 4538 3463 4595 sermonibus
3506 4540 3644 4595 insi-

2072 4637 2216 4680 stere
2262 4633 2484 4692 nosset,
2529 4641 2595 4681 eo
2641 4626 2838 4682 adduci
2891 4636 3106 4699 posset,
3158 4638 3216 4683 ut
3264 4632 3640 4691 ecclesiastico

2071 4715 2310 4785 dogmati
2337 4732 2624 4772 assensum
2649 4719 2930 4788 pmberet.
2961 4715 3016 4772 Si
3047 4703 3199 4773 enini
3225 4722 3520 4779 conditoris
3546 4740 3644 4778 na-

2072 4813 2230 4872 tura,
2285 4807 2339 4861 id
2381 4808 2527 4878 quod
2575 4810 2643 4862 ab
2694 4809 2784 4862 illa
2831 4809 3157 4878 productum
3201 4820 3323 4877 est,
3368 4815 3642 4881 ostendit,

2071 4909 2235 4969 prout
2265 4900 2382 4970 ipse
2413 4900 2678 4966 aﬂirmat,
2715 4915 2854 4970 opus
2895 4910 3074 4956 autem
3117 4919 3182 4958 ex
3229 4905 3473 4974 ipsorum
3517 4923 3639 4962 ser-

2073 4990 2280 5054 tentia,
2327 4999 2411 5046 est
2450 4989 2656 5057 Filius,
2707 4991 2868 5061 plane
2917 5003 3168 5062 Oportet,
3217 5004 3274 5049 ut
3321 4999 3412 5066 qui
3465 4995 3645 5051 Patris

2073 5091 2325 5135 naturam
2357 5083 2675 5152 cognoscit,
2721 5095 3020 5153 cognoscat
3064 5102 3282 5156 quoque
3323 5103 3418 5155 per
3459 5087 3643 5152 illam,

2074 5171 2348 5244 Unigeniti
2391 5183 2680 5240 naturam;
2723 5175 2768 5228 si
2814 5176 3163 5245 producentis
3207 5186 3400 5231 natura
3442 5175 3646 5230 indicat

2073 5268 2234 5322 etiam
2268 5267 2321 5320 id
2357 5267 2500 5336 quod
2538 5269 2862 5337 productum
2893 5277 2997 5324 est.

2145 5355 2286 5422 Quin
2338 5365 2393 5411 et
2453 5373 2552 5427 per
2606 5359 2747 5414 hanc
2805 5358 2870 5414 de
2919 5357 3284 5428 inaequalitate
3331 5353 3643 5410 doctrinam

2075 5443 2427 5514 Unigcnitum
2458 5462 2488 5500 a
2523 5448 2881 5503 Providentia:
2927 5447 3184 5515 operibus
3217 5443 3535 5500 excludunt.
3564 5445 3643 5501 Ne

2077 5536 2376 5593 studiosius
2402 5553 2732 5608 occupemur
2758 5538 2904 5591 circa
2929 5537 3049 5606 ejus
3077 5533 3482 5607 generationem
3503 5575 3518 5603 ,
3547 5552 3646 5593 ne-

2077 5643 2183 5700 que
2245 5628 2369 5686 inde
2419 5630 2687 5689 violenter
2724 5629 3068 5701 inaequalitas
3111 5628 3235 5687 Filii
3260 5628 3646 5702 redarguetur.
