4064 6146
376 280 486 339 537

1589 268 1644 324 S.
1677 261 1998 321 GREGORII
2032 260 2318 319 NYSSENI

3496 252 3600 312 538

380 391 588 447 Sutiicit
634 390 777 445 enim
811 396 865 444 et
917 387 1255 443 voluntatum
1285 385 1576 440 diversitas
1604 384 1670 438 ad
1703 385 1807 438 hoc
1828 422 1842 446 ,
1877 386 1936 434 ut

2062 379 2318 451 lbrdpxq;
2340 379 2445 449 γὰρ
2490 378 2579 431 καὶ
2609 378 2640 448 ἡ
2674 378 2777 429 τῶν
2823 374 3187 446 προαιρέσεων
3231 369 3458 439 διαφορά
3506 368 3603 440 τὴν

380 493 588 539 natura:
616 481 981 535 diversitatem
1012 477 1270 532 notiﬁcet.
1300 476 1640 547 Quapropter
1668 490 1791 530 cum
1819 488 1938 528 oms-

380 576 557 636 nium,
582 571 740 625 etiam
771 569 1229 632 adversariorum,
1260 568 1627 628 confessione,
1657 567 1829 635 prima
1860 579 1942 619 es-

381 662 557 717 sentia
598 660 824 729 simplex
871 660 974 723 sit,
1018 658 1390 713 necessarium
1443 671 1668 726 prorsus
1716 663 1855 735 est,’
1882 661 1941 707 ut

379 755 631 802 naturam
665 748 918 801 voluntas
961 754 1015 800 et
1057 746 1251 799 electio
1288 745 1615 810 comitetur;
1655 758 1779 796 cum
1811 754 1943 796 vero

380 839 524 893 bona
556 839 804 893 voluntas
840 853 934 907 per
968 838 1363 908 providentiam
1397 837 1830 899 demonstretur,
1867 833 1943 888 si-

382 933 494 985 mul
536 931 703 985 etiam
746 929 1152 984 demonstratur
1191 929 1387 983 bonam
1422 941 1543 981 esse
1579 936 1865 987 naturam,
1910 939 1941 977 a

382 1037 489 1091 qua
520 1032 603 1077 est
635 1022 909 1075 voluntas.
946 1018 1081 1073 Cum
1118 1034 1250 1073 vero
1276 1019 1425 1073 solus
1454 1016 1612 1071 Pater
1644 1015 1785 1069 bona
1815 1029 1945 1083 ope-

386 1121 557 1175 retur,
602 1108 775 1165 Filius
821 1117 999 1164 autem
1041 1109 1229 1163 eadem
1261 1122 1367 1161 non
1408 1106 1569 1160 vellet
1611 1104 1846 1173 (loquor
1877 1118 1943 1158 ex

384 1204 669 1274 hypothesi
703 1201 1136 1255 adversariorum
1165 1197 1385 1269 gratia),
1407 1195 1628 1251 evidens
1653 1202 1801 1249 esset
1833 1191 1944 1246 dii-

384 1292 610 1347 fercntia
662 1292 715 1344 in
744 1300 973 1355 natura,
1027 1298 1212 1359 utpote
1250 1288 1565 1343 diversitate
1606 1286 1942 1341 voluntatum

383 1391 599 1439 testata.
638 1382 707 1435 At
752 1382 796 1436 si
843 1382 999 1436 Pater
1043 1380 1438 1451 providentiam
1483 1378 1726 1433 omnium
1770 1375 1942 1447 gerit,

384 1476 657 1544 similique
681 1474 843 1527 modo
867 1472 1035 1528 Filius
1065 1474 1323 1528 omnibus
1356 1471 1604 1542 providet
1636 1469 1778 1539 (qua
1801 1467 1949 1521 enim

384 1567 529 1621 videt
555 1565 768 1620 Patrem
802 1566 1086 1619 iacientem
1109 1604 1124 1629 ,
1160 1564 1413 1618 similiter
1442 1570 1495 1618 et
1524 1559 1700 1616 Filius
1733 1557 1904 1627 facit)
1933 1572 1949 1614 ι

386 1658 643 1713 identitas
672 1658 966 1712 voluntatis
985 1698 999 1723 ,
1023 1656 1337 1711 earumdem
1371 1655 1558 1711 eadem
1596 1666 1827 1723 prorsus
1849 1664 1947 1704 vo-

384 1751 646 1814 lentium,
696 1749 1135 1803 communionem
1187 1749 1243 1802 in
1294 1755 1487 1800 natura
1528 1744 1786 1799 ostendit.
1838 1742 1948 1796 Cur

384 1840 552 1913 igitur
585 1840 832 1910 rejicitur
860 1855 1040 1894 sermo
1082 1839 1149 1893 de
1186 1837 1562 1908 providentia,
1607 1834 1763 1906 quasi
1813 1832 1950 1887 nihil

384 1934 504 2004 opis
531 1932 598 1986 ad
642 1931 975 2002 propositam
1023 1929 1378 2000 quaestionem
1425 1926 1715 1982 conferat?
1763 1924 1950 1990 Quan-

385 2037 547 2093 quam
577 2022 749 2075 multa
779 2022 942 2075 etiam
976 2035 1038 2074 ex
1070 2019 1349 2073 communi
1375 2019 1480 2072 hac
1504 2018 1613 2070 vita
1633 2018 1915 2085 desumpta
1934 2051 1949 2081 ,

387 2112 740 2183 disputationi
789 2125 990 2166 nostrae
1039 2109 1431 2177 suﬂragantur,
1481 2107 1727 2178 intelligo
1770 2114 1951 2159 autem

388 2204 646 2259 omnibus
702 2209 828 2254 nota
885 2200 1151 2267 exempla.
1210 2199 1315 2265 Qui
1365 2198 1506 2267 ignis
1554 2198 1730 2252 lucem
1786 2195 1950 2261 vidit,

387 2300 441 2345 et
490 2289 851 2345 calefactrieis
903 2288 1159 2357 potentia:
1207 2287 1641 2357 experimentum
1691 2286 1861 2355 cepit,
1907 2285 1955 2341 si

389 2383 443 2435 in
502 2380 662 2434 aliam
722 2378 1035 2449 hujusmodi
1091 2377 1265 2431 lucem
1315 2388 1368 2432 et
1414 2378 1650 2432 calorem
1704 2378 1953 2432 incidat:

388 2475 663 2528 enimvero
692 2472 746 2526 in
780 2472 1029 2526 notitiam
1060 2471 1200 2542 ignis
1248 2469 1548 2525 deducetur
1596 2485 1661 2523 ex
1698 2469 1957 2525 similitu-

390 2567 514 2620 dine
542 2579 893 2634 eorum,qu
920 2578 1082 2618 sensu
1138 2562 1401 2632 percepit,
1450 2562 1517 2615 ad
1576 2564 1957 2633 cognationem

390 2665 443 2710 ct
466 2656 896 2710 convenientiam
932 2663 1159 2716 naturae,
1207 2667 1303 2721 per
1362 2667 1526 2721 quam
1575 2651 1763 2706 eﬂ‘ecta
1806 2658 1954 2717 sunt,

393 2753 722 2813 provectus;
773 2758 881 2796 non
933 2742 1078 2796 enim
1132 2740 1338 2809 aliquid
1397 2740 1599 2803 omnia,
1648 2755 1769 2809 quae
1818 2742 1960 2811 ignis

393 2842 540 2898 Sunt,
569 2839 769 2901 ageret,
822 2831 867 2885 si
900 2830 1040 2900 ignis
1069 2845 1179 2884 non
1212 2839 1377 2885 esset.
1405 2829 1497 2885 Sic
1528 2830 1574 2884 si
1618 2829 1672 2883 in
1726 2828 1884 2885 Patre
1909 2839 1965 2885 et

393 2925 530 2978 Filio
554 2924 782 2978 similem
814 2937 1040 2992 prorsus
1085 2932 1137 2976 et
1177 2923 1444 2992 aequalem
1470 2921 1827 2992 providentiae
1878 2937 1967 2974 ra-

2038 467 2135 535 τῆς
2160 466 2372 536 φύσεως
2407 464 2697 536 ἑτερότητα
2730 463 3067 534 φανερῶσαι·
3102 460 3235 514 διότι
3266 458 3440 533 ἁπλῆς
3466 453 3605 511 εῖναι

2042 555 2582 627 συνομολογηθείσης,
2620 557 2715 608 καὶ
2740 555 2888 626 παρὰ
2914 554 3019 607 τῶν
3040 552 3315 614 ἐναντίοιν,
3340 548 3438 621 τῆς
3464 548 3608 618 πρώ-

2039 660 2138 718 της
2185 648 2390 711 οὐσίας,
2425 646 2730 715 ἐπάναγκές
2760 647 2874 698 ἐστι
2912 648 2976 715 τῇ
3007 644 3164 712 φύσει
3208 642 3501 721 σύνδρομζον
3522 641 3611 694 ὲνο

2042 739 2179 789 νοεῖν
2207 736 2303 806 τὴν
2345 736 2661 807 προαίρεσιν
2695 750 2707 763 ’
2744 736 2840 805 τῆς
2881 734 2937 787 δὲ
2982 733 3350 805 προαιρέσεως
3405 728 3613 800 ἀγαθῆς

2041 827 2126 881 διὰ
2148 828 2246 897 τῆς
2281 826 2960 913 προωίαςχάποδειχθείσης
2983 826 3187 895 ,ἀγαθὴ
3221 820 3610 893 συναπεδείχθη

2044 919 2137 972 καὶ
2168 920 2201 987 ή
2230 918 2409 987 φύσις,
2444 921 2535 989 ἀφ’
2563 916 2629 992 ἦς
2655 923 2688 991 ἡ
2727 920 3069 992 προαίρεσις·
3102 918 3260 987 μόνου
3290 916 3345 968 δὲ
3377 914 3471 968 τοῦ
3503 915 3615 968 Πα-

2042 1009 2171 1079 τρὺς
2196 1010 2263 1062 τὰ
2294 1011 2472 1079 ἀγαθὰ
2506 1008 2869 1083 ἐνεργοῦντος,
2898 1009 2989 1063 τοῦ
3019 1010 3074 1062 δὲ
3103 1008 3231 1061 Υἱοῦ
3262 1009 3335 1077 μὴ
3364 1005 3431 1058 τὰ
3478 1003 3617 1059 αὐτὰ

2047 1104 2475 1173 προαιρουμένου
2509 1104 2527 1175 (
2550 1104 2689 1172 λέγω
2716 1102 2771 1156 δὲ
2800 1103 2917 1156 καθ’
2950 1100 3203 1154 ὑπόθεσιν
3225 1099 3332 1151 τῶν
3360 1096 3617 1155 ἐναντίων

2047 1194 2296 1265 ἕνεκεν),
2318 1195 2582 1267 πρόδηλος
2608 1197 2672 1250 ἃν
2694 1192 2762 1267 ἦν
2787 1197 2819 1267 ή
2853 1194 2990 1249 κατὰ
3014 1194 3110 1265 τὴν
3142 1191 3327 1246 οὐσίαν
3362 1189 3615 1261 διαφορὰ,

2048 1285 2124 1352 τῷ
2165 1286 2601 1357 παρηλλαγμένῳ
2632 1287 2737 1341 τῶν
2772 1287 3141 1359 προαιρέσεων
3175 1284 3613 1356 μαρτυρουμένη.

2051 1375 2112 1428 Εἰ
2139 1376 2193 1428 δὲ
2221 1378 2434 1448 προνοεῖ
2475 1378 2574 1449 μὲν
2612 1380 2640 1431 ό
2670 1379 2854 1449 Πατὴρ
2886 1380 2992 1431 τῶν
3018 1379 3290 1439 ἁπάντων,
3322 1377 3535 1446 προνοεί
3562 1374 3618 1428 δὲ

2048 1467 2306 1533 ὡσαύτως
2356 1471 2449 1523 καὶ
2493 1473 2521 1523 ὁ
2578 1473 2702 1535 Υἱὸς
2751 1470 2972 1541 (ἂιγὰρ
3020 1470 3205 1539 βλέπει
3256 1468 3348 1520 τὸν
3401 1466 3621 1537 Πατέρα.

2050 1557 2323 1621 ποιοῦντα,
2338 1560 2431 1612 καὶ
2447 1562 2474 1613 ὁ
2493 1560 2618 1624 Υἱὸς
2637 1560 2835 1630 ὁμοίως
2854 1563 3025 1629 ποιεῖ)
3048 1575 3061 1589 ο
3079 1562 3111 1630 ἡ
3130 1559 3238 1611 τῶν
3252 1558 3619 1629 προαιρέσεων

2049 1649 2311 1718 ταυτότης
2345 1649 2402 1701 τὸ
2432 1650 2607 1702 κοινὸν
2638 1651 2736 1718 τῆς
2776 1651 2989 1719 φύσεως
3027 1649 3135 1701 τῶν
3164 1649 3231 1700 τὰ
3260 1647 3398 1701 αὐτὰ
3433 1664 3622 1717 προαι-

2052 1740 2329 1814 ρουμένων
2364 1742 2577 1803 πάντως
2611 1741 2961 1794 ἐνδείκνυται.
2983 1738 3080 1792 Διά
3104 1739 3156 1792 τί
3181 1736 3273 1793 οῦν
3296 1738 3621 1809 ἀτιμάζεται

2049 1837 2079 1888 ὁ
2103 1835 2200 1905 τῆς
2231 1834 2484 1903 προνοίας
2513 1833 2687 1901 λόγος,
2722 1833 2797 1897 ὡς
2826 1832 3082 1902 οὐδεμίαν
3118 1831 3370 1902 παρέχων
3402 1832 3537 1901 πρὸς
3561 1831 3625 1883 τὸ

2052 1924 2381 1997 ζητούμενον
2423 1926 2521 1998 τὴν
2572 1925 2901 1996 συνεργίαν;
2939 1921 3123 1978 Καίτοι
3163 1924 3331 1978 πολλὰ
3372 1924 3465 1976 καὶ
3514 1921 3626 1978 τῶν

2052 2017 2193 2071 κατὰ
2220 2018 2309 2069 τὸν
2334 2016 2445 2087 βίον
2487 2015 2897 2087 ὑποδειγμάτων
2924 2015 3005 2085 τῷ
3043 2015 3294 2086 ἡμετέρῳ
3330 2014 3472 2085 λόγῳ
3504 2025 3629 2066 6w—

2053 2107 2550 2176 αγωνίζεται,λέγω
2576 2108 2632 2160 δὲ
2654 2107 2760 2160 ἀπὸ
2790 2105 2899 2160 τῶν
2923 2108 3054 2160 πᾶσι
3083 2106 3371 2177 γνωρίμων
3404 2106 3471 2158 τὰ
3494 2106 3627 2157 ὑπο.

2053 2197 2338 2269 δείγματα.
2380 2198 2439 2251 '0
2469 2197 2561 2251 τοῦ
2597 2197 2768 2267 πυρὸς
2796 2198 2859 2251 τὸ
2887 2198 3001 2267 φῶς
3032 2196 3373 2267 τεθεαμένος,
3405 2197 3498 2249 καὶ
3529 2195 3630 2264 τῆς

2056 2286 2425 2358 θερμαντικῆς
2456 2287 2617 2340 αὑτοῦ
2674 2288 2955 2358 δυνάμεως
3003 2290 3084 2351 είς
3137 2291 3328 2359 πεῖραν
3361 2285 3549 2349 ἐλθὼν,
3578 2286 3628 2337 εί

2057 2378 2199 2449 ἄλλῳ
2219 2380 2442 2449 τοιούτῳ
2475 2379 2632 2448 φωτὶ,
2658 2379 2750 2432 καὶ
2781 2379 3072 2451 Θερμότητι
3105 2380 3325 2452 τοιαύτῃ
3356 2379 3630 2441 πελάσειε,

2056 2469 2293 2557 δηλονότι
2332 2470 2468 2541 πρὸς
2504 2471 2601 2540 τὴν
2634 2470 2725 2523 τοῦ
2775 2470 2943 2542 πυρὸς
2992 2470 3199 2525 ἔννοιαν
3236 2471 3630 2541 ἀπαχθήσεται,

2059 2556 2145 2613 ὲκ
2168 2560 2267 2630 τῆς
2301 2560 2617 2631 ὁμοιότητος
2662 2561 2770 2613 τῶν
2821 2560 3095 2629 φανέντων
3136 2559 3304 2630 αὐτῷ,
3350 2558 3486 2629 πρὸς
3530 2556 3634 2627 τὴν

2062 2651 2377 2719 συγγένειαν
2407 2652 2505 2723 τῆς
2537 2652 2997 2722 ἀπεργασαμένης
3032 2650 3173 2704 αὐτὰ
3203 2650 3414 2717 φύσεως
3443 2648 3634 2717 ἐναγό-

2064 2759 2223 2811 μενος
2242 2756 2256 2770 ⁸
2298 2743 2358 2794 οὐ
2391 2743 2501 2812 γὰρ
2531 2742 2597 2796 ἄν
2628 2760 2679 2795 τι
2706 2742 2842 2797 κατὰ
2866 2744 3042 2797 πάντα
3075 2742 3142 2796 τὰ
3168 2743 3259 2795 τοῦ
3286 2741 3456 2813 πυρὸς
3483 2742 3637 2812 ἐνερ-

2061 2836 2247 2905 γήσειε
2280 2833 2353 2905 μὴ
2393 2833 2501 2907 πῦρ
2523 2835 2581 2888 ὃν
2603 2852 2615 2866 θ
2651 2834 2823 2898 οὕτως
2856 2834 3013 2905 εἴπερ
3050 2835 3233 2904 ὅμοιον
3273 2833 3367 2887 καὶ
3392 2829 3508 2885 ἴσον
3544 2832 3637 2885 τὸν

2064 2928 2225 2981 αὑτὸν
2259 2928 2357 2998 τῆς
2397 2927 2651 2999 προνοίας
2676 2926 2833 2995 λόγον
2873 2924 2949 2996 τῷ
2979 2942 3038 2977 τε
3074 2924 3250 2996 Πατρὶ
3292 2924 3385 2977 καὶ
3408 2922 3485 2993 τῷ
3524 2923 3639 2993 Υίῷ

395 3018 593 3070 tionem
650 3014 1018 3081 agnoscimus;
1074 3021 1203 3066 tunc
1238 3021 1291 3067 et
1332 3029 1426 3082 per
1447 3027 1719 3082 res,quze
1764 3013 1817 3067 in
1861 3027 1953 3067 no-

2069 3018 2410 3090 καθορῶμεν,
2433 3017 2519 3069 διὰ
2545 3016 2654 3069 τῶν
2674 3018 2754 3079 εἰς
2768 3017 2867 3087 τὴν
2888 3015 3160 3086 ἡμετέραν
3188 3013 3389 3081 γνῶσιν
3418 3013 3642 3082 φθανόν-

395 3115 562 3161 stram
598 3104 1005 3173 intelligentiam
1044 3103 1263 3167 cadunt,
1298 3112 1350 3157 et
1376 3119 1469 3173 per
1495 3104 1636 3170 illas,
1662 3119 1783 3173 quae
1815 3120 1966 3158 eam-

395 3195 513 3250 dem
555 3203 830 3265 superant,
867 3195 1195 3264 colligimus,
1246 3194 1299 3247 in
1356 3194 1423 3249 iis
1473 3195 1672 3264 quibus
1726 3196 1967 3265 aequales

396 3302 620 3358 prorsus
650 3297 700 3342 et
732 3287 936 3342 similes
961 3296 1088 3341 sunt
1139 3287 1405 3349 actiones,
1452 3286 1590 3340 nihil
1628 3286 1967 3341 diversitatis

397 3380 451 3432 in
498 3388 690 3432 natura
734 3379 982 3447 reperiri.
1034 3376 1242 3431 Etenim
1290 3376 1745 3446 quemadmodum
1782 3386 1969 3430 mutuo

399 3484 521 3523 sese
550 3469 751 3523 habent
782 3475 1006 3523 externa
1028 3466 1294 3535 cujusque
1316 3466 1518 3519 indicia
1553 3482 1565 3518 :
1612 3466 1692 3520 sic
1722 3482 1972 3522 necessa-

402 3560 482 3611 rio
506 3559 666 3611 etiam
698 3573 820 3612 sese
848 3557 1126 3610 habebunt
1148 3572 1209 3610 ea
1236 3571 1355 3626 quae
1408 3557 1682 3613 substrata
1720 3567 1846 3612 sunt
1879 3576 1893 3625 ;
1919 3566 1972 3612 et

401 3649 447 3703 si
477 3649 671 3702 indicia
696 3646 797 3702 sibi
830 3647 1101 3701 contraria
1131 3655 1275 3713 sunt,
1299 3649 1543 3716 sequitur
1575 3664 1637 3703 ea
1666 3649 1973 3719 etiamqua:

401 3741 488 3795 his
544 3740 688 3794 notis
735 3746 789 3791 et
836 3739 1099 3808 symbolis
1154 3739 1439 3809 pateﬁunt,
1480 3742 1761 3794 contraria
1820 3756 1966 3796 esse.

401 3831 554 3900 Quod
587 3832 631 3885 si
676 3831 790 3885 haec
824 3830 1074 3885 similiter
1104 3846 1224 3886 sese
1252 3830 1476 3894 habent,
1509 3847 1685 3900 neque
1719 3832 1809 3886 illa
1855 3832 1970 3888 dis-

404 3920 657 3975 similiter
712 3934 833 3999 sese
872 3919 1172 3974 habebunt.
1240 3919 1305 3973 Et
1356 3922 1815 3991 quemadmodum
1876 3938 1974 3991 per

402 4012 626 4082 aenigma
656 4009 918 4065 Dominus
944 4011 1041 4073 ait,
1101 4010 1314 4066 fructus
1367 4028 1492 4067 esse
1533 4014 1688 4083 signa
1740 4022 1969 4079 natur-zu,

402 4120 509 4173 qua
540 4103 760 4158 arbores
800 4112 1073 4168 constant,
1115 4105 1271 4174 quasi
1322 4105 1437 4159 haec
1478 4106 1605 4159 talia
1655 4113 1850 4174 praeter
1877 4122 1975 4159 na-

404 4202 581 4248 turam
607 4208 714 4247 non
743 4194 1119 4260 immutentur,
1148 4211 1272 4250 cum
1300 4211 1476 4267 neque
1502 4198 1658 4251 malis
1684 4199 1974 4254 arboribus

403 4284 530 4337 boni
560 4283 789 4347 fructus,
817 4300 995 4354 neque
1016 4285 1133 4339 vice
1162 4300 1319 4341 versa
1346 4286 1506 4341 bonis
1533 4286 1824 4343 arboribus
1847 4289 1975 4343 mali

2066 3126 2193 3171 των,
2234 3108 2329 3161 καὶ
2374 3104 2482 3160 τῶν
2524 3105 2970 3176 ὑπερπιπτόντων
3017 3104 3115 3174 τὴν
3148 3102 3451 3173 κατάληψιν
3482 3102 3641 3173 ἡμῶν

2071 3198 2454 3271 στοχαζόμεθα,
2496 3198 2570 3261 ὡς
2601 3199 2699 3250 οὐκ
2727 3196 2795 3250 ἂν
2835 3197 2926 3250 τοῦ
2972 3196 3314 3267 ὲτερογενοῦς
3355 3194 3493 3248 κατὰ
3543 3195 3641 3266 τὴν

2070 3286 2228 3355 φύσιν
2254 3290 2366 3349 τοῖς
2389 3287 2520 3349 [σοις
2559 3287 2652 3340 καὶ
2679 3286 2885 3356 ὁμοίοις
2905 3287 3239 3357 ἐνεργήμασι
3260 3285 3644 3356 καταληφθέν-

2069 3392 2177 3438 τος..
2212 3374 2314 3428 Kal.
2347 3376 2452 3446 γὰρ
2481 3378 2627 3440 ὅπως
2666 3377 2731 3431 ἂν
2756 3377 2851 3449 ἔχῃ
2877 3376 3014 3448 πρὸς
3043 3377 3247 3449 ἄλληλα
3277 3377 3345 3430 τὰ
3376 3378 3644 3446 ἐπιφαινό-

2074 3483 2213 3535 μενα
2237 3467 2455 3537 ἑκάστῳ
2487 3468 2860 3538 γνωρίσματα,
2886 3468 3059 3532 οὕτως
3080 3471 3138 3536 ἐξ
3161 3471 3421 3539 ἀνάγκης,
3450 3470 3547 3523 καὶ
3571 3471 3641 3523 τὰ

2072 3559 2407 3629 ὑποκείμενα
2432 3559 2560 3624 ἔξει.
2581 3560 2689 3612 Καὶ
2713 3562 2759 3613 εί
2796 3561 2894 3630 μὲν
2916 3561 3173 3624 ἐναντίως
3203 3562 3313 3632 ἔχει
3342 3561 3408 3615 τὰ
3446 3562 3643 3632 γνωρί-

2074 3664 2273 3719 σματα,
2310 3650 2527 3703 ἐναντία
2562 3651 2666 3721 χρὴ
2699 3653 2916 3714 πάντως
2962 3651 3267 3718 λογίζεσθαι
3321 3651 3413 3704 καὶ
3445 3652 3512 3703 τὰ
3554 3650 3644 3705 διὰ

2072 3738 2272 3792 τούτων
2299 3738 2617 3810 δηλούμενα.
2648 3742 2709 3793 Ei
2736 3739 2793 3793 δὲ
2811 3740 2983 3795 ταῦτα
3004 3740 3285 3803 ὡσαύτως,
3313 3740 3431 3793 οὐδὲ
3461 3742 3647 3796 ἐκεῖνα

2073 3831 2293 3902 ἑτέρως.
2321 3832 2439 3885 Καὶ.
2457 3832 2525 3885 δι’
2554 3833 2893 3902 αἰνίγματος,
2926 3832 3025 3902 τῆς
3045 3832 3152 3884 τῶν
3182 3831 3409 3902 δένδρων
3432 3832 3645 3900 φύσεως

2072 3925 2197 3987 τοὺς
2219 3926 2461 3995 καρποὺς
2483 3927 2511 3979 ὁ
2537 3924 2737 3996 Κύριος
2768 3923 2907 3979 εἷναί
2937 3940 3067 3996 φησι
3096 3924 3164 3976 τὰ
3191 3927 3408 3995 σημεῖα,
3441 3924 3515 3987 ὡς
3542 3926 3645 3980 οὐκ

2074 4018 2559 4090 ὲηταλλασσομένων
2585 4021 2734 4090 παρὰ
2757 4020 2927 4090 φύσιν
2945 4019 3052 4072 τῶν
3084 4020 3357 4083 τοιούτων,
3380 4019 3497 4072 οὐδὲ
3530 4022 3646 4083 τοῖς

2075 4114 2261 4175 κακοῖς
2298 4111 2404 4165 τῶν
2429 4110 2667 4179 ἀγαθῶν,
2686 4111 2805 4164 οὐδὲ
2841 4110 2909 4162 τὺ·
2928 4109 3161 4179 ἔμπαλιν
3187 4113 3297 4173 τοῖς
3327 4111 3509 4173 καλοῖς
3536 4108 3645 4163 τῶν

2074 4200 2329 4253 ἐναντίων
2352 4199 2796 4270 ὲφαρμοζόντων·
2818 4200 2918 4252 Ἐκ
2941 4201 3047 4269 γὰρ
3070 4199 3189 4252 τῶν
3210 4200 3469 4268 καρπῶν,
3486 4200 3643 4270 φησὶ,

2076 4292 2149 4344 τιὰ
2192 4290 2409 4359 δένδρα
2460 4288 2823 4359 γνοῳίζεταιο
2852 4289 2994 4343 οὕτω
3035 4290 3127 4343 καὶ
3160 4289 3252 4343 τοῦ
3289 4290 3502 4362 καρποῦ
3547 4291 3648 4361 τῆς

404 4374 616 4429 fructus
673 4384 1014 4446 congruant;
1083 4391 1209 4430 nam
1268 4392 1332 4430 ea:
1406 4378 1699 4447 fructibus,
1761 4380 1960 4451 inquit‘,

2080 4382 2333 4451 προνοίας
2361 4380 2614 4451 οὐδεμίαν
2658 4380 2870 4450 ἔχοντος
2921 4380 3203 4451 διαφορὰν,
3255 4381 3379 4451 μίαν
3434 4382 3648 4452 ὁρῶμεν

404 4466 616 4520 arbores
666 4476 1049 4535 cognoscuntur
1094 4469 1189 4522 ³³ι
1248 4470 1332 4525 sic
1377 4485 1503 4525 cum
1536 4471 1589 4525 in
1621 4472 1973 4541 providentiae

404 4554 583 4609 fructu
611 4558 757 4611 nulla
776 4562 992 4627 penitus
1011 4559 1316 4616 diﬂ‘crentia
1346 4572 1627 4632 appareat,
1657 4565 1781 4632 jure
1807 4580 1970 4619 unam

407 4662 625 4717 quoque
671 4659 941 4713 naturam,
980 4650 1078 4705 hos
1114 4650 1327 4708 fructus
1354 4653 1716 4722 proferentem
1751 4656 1976 4711 conﬁte-

408 4755 532 4792 mur
565 4757 577 4791 :
608 4740 819 4794 etiamsi
864 4757 926 4795 ex
973 4740 1251 4797 distinctis
1290 4758 1521 4798 numero
1552 4745 1839 4801 arboribus
1864 4746 1980 4801 fru-

409 4838 530 4882 ctus
557 4840 1001 4897 progenerentur.
1029 4829 1194 4900 lgitur
1221 4846 1316 4901 per
1345 4847 1407 4885 ea
1430 4848 1551 4902 quae
1578 4835 1743 4890 nobis.
1763 4838 1993 4907 cognita,

411 4927 537 4971 sunt
573 4917 806 4986 (cognita
855 4927 1033 4972 autem
1079 4922 1238 4975 nobis
1288 4931 1373 4975 est
1418 4925 1773 4992 providentiae
1816 4930 1981 4994 ratio,

413 5007 661 5062 similiter
696 5005 838 5059 Patri
865 5017 915 5060 et
946 5006 1083 5063 Filio
1109 5013 1473 5083 competens),
1504 5027 1658 5069 extra
1684 5018 1979 5074 dubitatio-

413 5110 534 5151 nem
603 5095 931 5163 relinquitur
984 5112 1201 5166 quoque
1268 5110 1475 5157 natura:
1528 5105 1868 5172 similitudo,
1918 5117 1977 5162 ‘et

408 5185 720 5242 conununio
756 5183 1031 5254 Unigeniti
1083 5204 1204 5243 cum
1238 5188 1415 5257 Patre,
1446 5202 1630 5262 utpote
1670 5212 1733 5249 ex
1783 5197 1973 5253 iisdem

409 5279 760 5349 providentia:
792 5276 1057 5334 fructibus
1082 5281 1451 5339 manifestata.

477 5366 699 5432 Verum,
728 5384 793 5423 ne
836 5369 937 5424 hoc
967 5371 1249 5441 cogitetur,
1284 5376 1524 5429 occurrit
1565 5375 1860 5434 Eunomius
1889 5380 1975 5435 di-

409 5459 627 5526 ctitans,
660 5476 719 5516 se
749 5462 1072 5518 necessitate
1102 5464 1336 5536 quadam
1369 5476 1613 5524 coactum
1641 5471 1972 5531 abstinuisse

480 5643 523 5677 ³³
566 5644 753 5701 Matth.
810 5663 902 5712 vn,
951 5647 1033 5703 i8.

2080 4474 2178 4526 καὶ·
2198 4474 2297 4543 τὴν
2322 4474 2447 4535 τοὺς
2482 4473 2724 4544 καρποὺς
2746 4473 2964 4536 τούτους
2987 4474 3428 4546 ὲκϐλαστήσασαν
3453 4475 3612 4543 φύσιν
3630 4492 3645 4507 ο

2079 4565 2183 4619 κᾶν
2210 4567 2273 4618 ὲκ
2304 4564 2612 4636 διαφόρωνὸ
2633 4563 2842 4635 καρπὸς
2874 4564 2987 4617 τῶν
3001 4564 3227 4634 δένδρων
3258 4566 3645 4636 προϐάλληται.

2084 4656 2292 4712 Οὐκοῦν
2341 4656 2428 4710 διὰ
2473 4656 2580 4709 τῶν
2606 4659 2672 4726 τῇ
2729 4658 2972 4728 ἡμετέρᾳ
3021 4657 3319 4727 καταλήψει
3360 4655 3651 4727 γνωρίμων

2085 4749 2394 4821 (γνώριμος
2421 4748 2477 4800 δὲ
2503 4750 2631 4819 ἡμῖν
2664 4750 2779 4801 ἐστι
2810 4749 2906 4818 τῆς
2930 4750 3182 4819 προνοίας
3208 4750 3236 4800 ὁ
3268 4749 3438 4817 λόγος,
3468 4749 3652 4801 ὡσαύ-

2080 4857 2187 4903 τως
2229 4841 2322 4893 ὲπὶ
2355 4841 2568 4910 Πατρός
2599 4857 2657 4892 τε
2688 4841 2781 4893 καὶ
2809 4839 2939 4893 Υίοῦ
2984 4840 3389 4912 θεωρούμενος)
3414 4842 3654 4910 ἀναμφί-

2081 4924 2234 4995 6ολος
2282 4933 2509 5000 γίνεται,
2542 4933 2635 4985 καὶ
2662 4933 2694 5003 ή
2726 4932 2867 4985 κατὰ
2910 4930 3007 5001 τὴν
3045 4934 3204 5001 φύσιν
3251 4933 3522 5000 ὁμοιότης,
3558 4932 3654 4985 καὶ

2081 5018 2332 5071 κοινωνία
2380 5018 2472 5071 τοῦ
2529 5018 2871 5087 Μονογενοῦς
2920 5019 3060 5089 πρὸς
3114 5020 3213 5072 τὸν·
3259 5013 3478 5091 Πατέρά
3508 5060 3521 5083 ,
3565 5022 3654 5074 διὰ

2081 5110 2181 5179 τῆς
2225 5110 2551 5182 ταυτότητος
2588 5110 2695 5163 τῶν
2726 5111 2950 5181 καρπῶν
2988 5111 3085 5181 τῆς
3106 5112 3359 5182 προνοίας
3389 5111 3652 5184 γνωριζο-

2086 5202 2239 5273 μένην

2166 5380 2304 5434 Ἀλλ’
2350 5381 2436 5434 ἵνα
2480 5381 2553 5452 μὴ
2599 5381 2755 5435 τοῦτο
2800 5381 2987 5453 νοηθῇ,
3019 5382 3094 5445 ὡς
3138 5383 3198 5446 ἐξ
3240 5380 3483 5448 ἀνάγκης
3514 5380 3657 5444 τινὸς

2084 5470 2343 5542 βιασθεὶς,
2372 5472 2673 5541 ἀποστῆναι
2716 5472 2813 5543 μὲν
2841 5472 2986 5540 λέγει
3020 5471 3125 5525 τῶν
3166 5471 3264 5542 τῆς
3290 5469 3540 5545 προνοίας
3564 5467 3657 5539 ἔρ-
