4064 6146
403 223 508 277 389

1598 227 1876 287 CONTRA
1907 229 2290 302 EUNOMIUM,
2327 231 2451 290 LIB.
2486 235 2523 290 Ι.

3547 252 3653 310 590

401 359 539 409 γων,
577 337 878 410 ἀναχθῆναι
911 340 968 394 δὲ
1004 343 1096 395 ἐπὶ
1129 341 1218 395 τὸν
1268 345 1368 415 τῆς
1419 348 1720 416 γεννήσεως
1762 351 1967 420 τρόπον

2087 367 2116 405 a
2153 353 2508 422 providentiae
2564 354 2845 424 operibus,
2881 357 2946 412 ad
2991 361 3361 429 generationis
3383 381 3512 424 vero
3533 384 3653 426 m0-

402 431 505 485 διὰ
528 431 591 484 τὸ
620 431 994 496 ἀκολουθεῖν,
1017 435 1169 503 φησὶ,
1187 433 1266 500 τῷ
1296 435 1408 505 τῆς
1434 437 1770 507 γεννήσεως
1791 441 1984 508 τρόπῳ

401 522 509 577 τὸν
561 525 785 592 τρόπον
812 523 921 592 τῆς
969 527 1334 595 ὁμοιότητος.
1377 530 1441 581 Ὢ
1476 530 1576 600 τῆς
1604 532 1848 603 ἀνάγκης
1873 533 1982 586 τῶν

401 614 765 690 ἀποδείξεωνί
804 613 891 678 Ὠς
931 615 1119 684 βιαίως
1155 619 1301 688 ἡμᾶς
1331 621 1364 689 ή
1395 621 1679 690 περιουσία
1704 623 1800 693 τῆς
1822 625 1879 677 ὲν
1905 623 1982 695 τῷ

400 681 581 772 λέγειν
611 706 806 776 τέχνης
852 681 1252 776 καταναγκάξει
1285 681 1399 775 soi;
1436 681 1768 784 είρημένοις.
1800 681 1980 769 συντίζ

402 797 592 850 θεσθαι
628 798 642 851 ι
678 798 1010 852 Ἀκολουθεῖν
1043 800 1191 869 λέγει
1226 801 1302 872 τῷ
1332 803 1516 874 τρόπῳ
1540 804 1636 874 τῆς
1676 807 1980 876 γεννήσεως

403 887 491 943 τὸν
528 890 730 962 τρόπον
779 893 878 962 τῆς
918 893 1252 964 ὁμοιότητος.
1299 896 1461 948 Ὅσον
1505 897 1564 949 τὸ
1605 898 1849 967 τεχνικὸν
1887 899 1980 952 καὶ

401 981 1000 1061 περιεσκεμμένονιτῆς
1047 985 1405 1054 ἀποφάσεωςί
1447 987 1654 1041 Οὐκοῦν
1682 989 1748 1042 ἂν
1777 1006 1978 1061 γνωρι⁹

407 1075 558 1146 σθείη
604 1074 805 1145 τρόπος
837 1057 1173 1146 γεννήσεως,
1204 1079 1590 1151 συναπεδείχθη
1625 1057 1798 1151 τούτω
1828 1057 1923 1136 καὶ
1951 1084 1980 1136 ό

403 1167 602 1236 τρόπος
629 1167 728 1236 τῆς
760 1167 1094 1238 ὁμοιότητος.
1138 1169 1352 1240 Ἐπειδὴ
1380 1171 1559 1225 τοίνυν
1594 1171 1704 1228 τῶν
1733 1172 1823 1226 διὰ
1853 1189 1981 1245 σαρ-

403 1257 496 1319 κὸς
523 1256 855 1326 τικτομένων
883 1256 1038 1322 ζώων
1062 1259 1296 1324 πάντων,
1325 1261 1359 1332 ἢ
1383 1262 1491 1315 τῶν
1521 1263 1808 1327 πλείστων,
1831 1267 1860 1318 ό
1880 1266 1980 1319 αὑ-

404 1347 492 1409 τός
536 1348 653 1398 ἐστι
694 1348 794 1416 τῆς
842 1349 1146 1418 γεννήσεως
1186 1349 1418 1422 τρόπος,
1450 1351 1730 1406 ἀκολουθεῖ
1765 1354 1822 1407 δὲ
1855 1353 1976 1408 κατ’

405 1440 598 1502 αὐτοὺς
619 1438 698 1509 τῷ
725 1439 913 1509 τρόπῳ
938 1441 1034 1511 τῆς
1052 1444 1356 1511 γεννήσεως
1380 1444 1408 1495 ό
1436 1443 1634 1516 τρόπος
1665 1444 1762 1514 τῆς
1792 1445 1976 1514 ὁμοιό-

403 1546 582 1598 τητος,
611 1531 786 1582 πάντα
811 1529 879 1582 τὰ
908 1532 1049 1584 κατὰ
1092 1533 1183 1586 τὸν
1223 1533 1385 1587 αὐτὸν
1427 1535 1628 1605 τρόπον
1657 1534 1972 1606 τικτόμενα,

403 1621 599 1692 ὁμοίως
625 1620 736 1688 ’ἑξει
775 1621 992 1686 πάντως
1030 1624 1165 1694 πρὸς
1193 1625 1262 1678 τὰ
1295 1626 1494 1697 ὁμοίως
1545 1626 1876 1699 γεννώμενα.
1911 1629 1974 1682 Et

403 1707 494 1766 οὖν
525 1713 554 1764 ό
596 1712 693 1782 τῆς
742 1714 1047 1784 γεννήσεως
1097 1715 1298 1787 τρόπος
1327 1757 1342 1780 ,
1380 1717 1562 1781 καθὼς
1609 1697 1772 1790 φησιν
1802 1718 1831 1769 ό
1879 1719 1976 1789 τῆς
2009 1697 2049 1751 Β

406 1803 666 1875 αἱρέσεως
692 1805 868 1873 λόγος,
898 1806 1080 1878 ἑαυτῷ
1128 1807 1192 1860 τὸ
1236 1809 1554 1880 τικτόμενον
1586 1813 1793 1881 ὁμοιοῖ·
1825 1806 1979 1874 οὗτος

400 1895 458 1948 δὲ
482 1896 602 1948 κατ’
636 1896 786 1949 οὐδὲν
819 1898 880 1949 ὲν
902 1901 1020 1962 ταῖς
1054 1899 1324 1965 ποικίλαις
1364 1902 1472 1955 τῶν
1510 1900 1663 1965 ζώων
1700 1903 1976 1974 διαφοραῖς

403 1984 736 2050 ἀλλοιοῦται,
783 1987 897 2039 ἀλλ’
939 1990 970 2041 ὁ
999 1989 1162 2051 αὐτὸς
1203 1991 1430 2046 ἐπὶτῶν
1479 1993 1745 2049 πλείστων
1791 1995 1973 2049 ἐστίν’

403 2082 752 2153 εὑρεθήσεται
775 2087 807 2154 ή
832 2085 1060 2138 καθόλου
1085 2087 1180 2139 καὶ
1201 2088 1323 2158 δίχα
1347 2089 1490 2153 τινὸς
1519 2089 1802 2162 διορισμοῦ
1823 2107 1978 2160 γενοο

407 2171 539 2242 μένη
573 2173 844 2242 ἀπόφασις
869 2214 884 2239 ,
915 2176 1092 2230 πάντα
1121 2179 1386 2249 ἀλλήλοις
1433 2181 1596 2252 ὅμοια
1633 2183 1974 2236 κατασκευά-

405 2262 570 2324 ζουσα
595 2263 682 2316 διὰ
708 2265 769 2318 τὸ
796 2267 892 2336 τῆς
923 2269 1228 2338 γεννήσεως
1251 2270 1454 2340 ὅμοιον,
1485 2271 1788 2343 ἄνθρωπον,
1813 2274 1971 2340 κύνα,

404 2356 665 2426 κάμηλον,
689 2358 812 2428 μῦν,
830 2359 1112 2427 ἐλέφαντα,
1137 2360 1419 2430 πάρδαλιν,
1435 2363 1529 2416 καὶ
1544 2363 1610 2416 τὰ
1625 2363 1758 2418 ἄλλα
1774 2365 1969 2432 πάντα,

403 2447 501 2498 ὃσα
535 2448 672 2500 κατὰ
725 2449 816 2500 τὸν
867 2449 1050 2519 ὅμοιον
1079 2451 1278 2522 τρόπον
1324 2452 1600 2506 τίκτεσθαι
1649 2454 1970 2524 πέφυκεν·ῆ

402 2537 499 2590 οὐκ
523 2537 770 2610 ἀλλήλοις
790 2540 954 2610 φησὶν
978 2541 1134 2610 ὅμοια
1157 2542 1224 2595 τὰ
1250 2543 1640 2614 παραπλησίως
1655 2546 1968 2615 τικτόμενα,

402 2629 516 2680 ἀλλ’
547 2629 776 2682 ἕκαστον
808 2630 1001 2700 ἐκείνῳ
1032 2631 1195 2701 μόνῳ,
1238 2629 1438 2703 παρ’οὗ
1465 2635 1564 2705 τὴν
1594 2635 1807 2704 γένεσιν
1834 2635 1972 2706 ἔχεις

414 2719 553 2771 Ἀλλ’
589 2721 638 2770 εί
676 2718 832 2771 τοῦτο
882 2720 1060 2789 λέγειν
1089 2721 1368 2788 ἐϐούλετο,
1401 2725 1480 2796 τῷ
1518 2726 1751 2780 τίκτοντι
1787 2729 1969 2798 ὅμοιον

399 2809 504 2862 ἔδει
541 2810 610 2862 τὸ·
641 2811 955 2880 τικτόμενον
989 2813 1385 2884 ἀποφήνασθαι,
1409 2818 1530 2887 οὐχὶ
1557 2819 1742 2889 τρόπῳ
1775 2821 1966 2890 γεννή-

400 2918 539 2964 σεως
569 2901 884 2970 ὁμοιότητος
911 2905 1129 2974 τρόπον.
1173 2905 1314 2958 Ἀλλ’
1349 2905 1376 2958 ὃ
1411 2907 1507 2976 μὲν
1537 2909 1681 2972 είκός
1707 2909 1844 2976 ἐστι,
1874 2911 1967 2963 καὶ

2086 441 2214 496 dum
2240 444 2491 499 adactum
2509 459 2652 510 esse,
2678 447 2902 516 quod,ut
2929 450 3023 511 ait,
3054 451 3123 504 ad
3151 457 3501 522 generationis
3536 478 3654 515 mo-

2084 523 2498 605 dum'sequatur
2538 536 2722 592 modus
2754 540 3136 596 similitudinis.
3165 543 3209 598 Ο
3248 545 3651 607 ineluctabilem

2083 625 2608 682 demoustrationum
2633 630 3013 686 necessitatem
3037 635 3049 686 ι
3071 633 3242 700 Quam
3268 637 3530 694 violenter
3551 658 3653 697 nos

2082 712 2297 768 dicendi
2365 716 2523 785 copia
2558 717 2722 787 cogit,
2757 726 2814 771 ut
2853 718 2942 782 iis,
2977 736 3098 790 quae
3143 725 3398 790 asseruit,
3447 730 3649 799 astipu-

2082 803 2259 859 lemur
2288 806 2300 859 !
2335 806 2607 878 Consequi
2648 809 2722 862 ait
2745 809 2813 863 ad
2846 814 3211 880 generationis
3251 818 3495 884 modum,
3531 838 3653 877 mo-

2081 893 2208 949 dum
2241 911 2459 967 quoque
2511 899 2910 957 similitudinis.
2947 903 3221 970 Quantum
3275 911 3410 968 artis
3461 923 3515 968 et
3547 915 3654 969 cir-

2079 989 2505 1056 cumspectionis
2533 989 2588 1043 in
2650 990 2753 1046 hac
2799 995 3103 1051 assertione
3138 997 3321 1054 inest!
3383 1002 3550 1074 Igitur
3603 1007 3650 1062 si

2077 1078 2430 1148 cognoscitur
2458 1081 2654 1136 modus
2699 1086 3086 1152 generationis,
3129 1089 3292 1145 simul
3340 1093 3502 1148 etiam
3557 1096 3654 1152 de-

2078 1178 2417 1226 monstratus
2467 1172 2572 1226 erit
2611 1175 2806 1230 modus
2867 1178 3264 1239 similitudinis.
3325 1185 3458 1238 Cum
3523 1203 3652 1259 ergo

2077 1272 2268 1314 eorum
2295 1275 2418 1330 qua:
2468 1277 2564 1331 per
2610 1278 2830 1320 carnem
2872 1276 3223 1337 generantur,
3263 1275 3505 1329 omnium
3536 1279 3654 1333 ani-

2077 1350 2322 1416 malium,
2352 1352 2435 1406 vel
2460 1361 2613 1408 certe
2653 1353 3035 1424 plurimorum,
3066 1360 3206 1416 idem
3240 1364 3312 1418 sit
3349 1370 3654 1435 generatio-
3726 1400 3729 1406 -

2077 1441 2164 1496 nis
2197 1441 2410 1506 modus,
2444 1442 2686 1513 ipsorum
2718 1454 2898 1501 autem
2930 1448 3137 1518 judicio
3181 1453 3246 1508 ad
3279 1460 3650 1526 generationis

2077 1530 2295 1585 modum
2333 1541 2594 1602 sequatur
2643 1535 2840 1592 modus
2883 1539 3275 1609 similitudinis,
3327 1558 3560 1616 oportet,
3589 1558 3649 1605 ut

2075 1623 2276 1688 omnia,
2305 1639 2432 1694 quae
2451 1625 2640 1680 eodem
2683 1627 2844 1684 modo
2873 1643 3227 1702 progenerata
3265 1647 3418 1705 sunt,
3457 1643 3648 1699 eodem

2079 1717 2242 1772 modo
2283 1719 2350 1772 ad
2402 1719 2655 1774 similiter
2713 1725 2994 1794 progenita
3035 1742 3156 1783 sese
3210 1729 3488 1801 habeant;
3529 1751 3651 1804 quas

2077 1809 2221 1863 enim
2253 1809 2426 1864 eidem
2458 1811 2656 1866 similia
2701 1822 2850 1878 sunt,
2888 1815 3029 1871 inter
3087 1835 3146 1874 se
3183 1837 3401 1892 quoque
3450 1825 3650 1882 similia

2078 1907 2225 1955 sunt.
2269 1900 2325 1954 Si
2358 1900 2520 1972 igitur
2561 1903 2754 1960 modus
2802 1909 3207 1976 generationis,
3242 1921 3301 1967 ut
3359 1914 3648 1973 hereticus

2076 1993 2381 2056 contendit,
2409 1994 2510 2048 sibi
2537 1993 2588 2048 id
2621 1995 2763 2064 quod
2791 2007 3100 2066 generatur,
3125 2003 3302 2060 simile
3332 2006 3526 2074 reddit,
3561 2007 3648 2062 hic

2076 2093 2254 2137 autem
2286 2084 2478 2138 modus
2535 2087 2589 2139 in
2639 2089 2809 2142 variis
2861 2091 3190 2148 animalibus
3243 2111 3469 2164 prorsus
3511 2099 3648 2154 nihil

2074 2179 2334 2235 mutatur,
2373 2173 2466 2227 sed
2501 2174 2639 2228 idem
2665 2191 2891 2245 prorsus
2941 2179 2996 2232 in
3028 2184 3404 2252 compluribus
3433 2187 3648 2260 inveni-

2074 2268 2448 2317 turznecesse
2471 2271 2578 2325 est.
2634 2274 2693 2319 ut
2743 2282 2808 2320 ex
2865 2273 3156 2325 universali
3191 2283 3244 2327 et
3289 2275 3494 2346 absque
3536 2278 3645 2332 ulla

2071 2354 2444 2420 distinctione,
2478 2357 2688 2425 prolata
2742 2364 3122 2419 enuntiatione
3168 2380 3392 2439 propter
3425 2387 3648 2441 genera-

2071 2445 2236 2501 tionis
2258 2446 2678 2503 similitudinem
2719 2451 2912 2506 similia
2941 2454 3071 2508 liant
3118 2457 3300 2524 homo,
3346 2461 3520 2527 canis,
3553 2478 3646 2517 ca-

2069 2537 2262 2597 melus,
2295 2545 2437 2603 mus,
2469 2540 2710 2610 elephas,
2745 2545 3002 2611 partlalis,
3045 2555 3098 2600 et
3142 2549 3247 2601 alia
3288 2554 3491 2617 omnia,
3525 2570 3645 2622 quae

2069 2625 2233 2679 simili
2284 2629 2444 2683 modo
2498 2635 2846 2700 progenerari
2904 2647 3329 2694 consueverunt.
3384 2643 3468 2696 An
3527 2648 3641 2701 vult

2069 2715 2170 2771 sibi
2215 2729 2402 2774 mutuo
2431 2736 2538 2774 non
2563 2737 2682 2778 esse
2728 2725 2949 2792 similia,
2978 2743 3100 2797 qua:
3127 2729 3374 2788 similiter
3406 2736 3641 2804 gignun-

2069 2814 2175 2868 tur,
2208 2808 2306 2864 sed
2337 2812 2619 2880 quodlibet
2650 2815 2727 2868 illi
2761 2817 2883 2880 soli,
2904 2834 2932 2871 a
2961 2836 3070 2888 quo
3093 2825 3458 2892 generationis
3483 2830 3643 2896 ‘prin-

2067 2898 2266 2966 cipium
2302 2900 2496 2956 ducit?
2527 2904 2595 2957 At
2630 2905 2675 2958 si
2733 2907 2835 2960 hoc
2889 2911 3124 2977 volebat,
3167 2915 3455 2972 dicendum
3501 2929 3638 2984 erat,

399 2991 540 3062 ἐντῇ
584 2990 742 3058 φύσει
781 2992 1086 3064 θεωρεῖται,
1115 2996 1174 3049 τδ
1211 2998 1518 3066 ὁμοιογενὲς
1555 2995 1692 3053 εἶναι
1723 2999 1800 3072 τῷ
1843 3019 1965 3070 τεν’

2067 2993 2346 3059 generanti
2378 3004 2690 3062 generatum
2723 3014 2846 3053 esse
2867 3001 3044 3057 simile
3082 3022 3095 3056 :
3134 3021 3240 3060 non
3274 3017 3451 3064 autem
3479 3014 3641 3067 modo

399 3078 557 3130 νῶντι
610 3080 670 3132 τὸ
703 3081 1060 3153 γεννώμενον,
1090 3084 1251 3138 τοῦτο
1294 3087 1354 3138 οὐ
1387 3087 1629 3157 δέχεται,
1671 3089 1747 3153 ὡς
1791 3091 1856 3144 ἂν
1893 3092 1966 3163 μὴ

398 3168 704 3222 τούναντίον
751 3172 898 3242 αὐτῷ
933 3175 1294 3246 περιτραπείη
1326 3177 1386 3229 τὸ
1422 3179 1868 3251 κατασκεύασμα.
1905 3183 1968 3235 Εἰ

399 3258 505 3328 γὰρ
536 3259 613 3329 τῷ
641 3262 896 3327 γεννῶντι
927 3263 988 3316 τὸ
1024 3265 1335 3336 τικτόμενον
1359 3269 1540 3337 ὅμοιον
1567 3269 1736 3338 ἕλε-γε,
1762 3272 1973 3343 φροῦδα·

398 3349 573 3402 πάντα
597 3389 612 3413 ,
670 3352 768 3404 καὶ
794 3353 1134 3408 ἀνυπόστατα
1165 3355 1235 3408 τὰ
1277 3357 1574 3424 φιλοπόνως
1605 3359 1752 3430 αὑτῴ
1781 3377 1965 3415 συντε-

398 3440 559 3494 θέντα
588 3443 715 3513 περὶ
765 3444 864 3508 τῆς
911 3446 1291 3519 ἀνομοιότητος
1336 3448 1444 3502 τῶν
1482 3450 1677 3504 οὐσιῶν
1721 3453 1963 3523 ἀπηλέγ-

397 3549 539 3604 χετο.

468 3777 599 3830 Νυνὶ
644 3778 701 3832 δὲ
755 3780 941 3850 τρόπῳ
990 3783 1291 3852 γεννήσεως
1339 3784 1538 3853 τρόπον
1586 3787 1750 3856 φησιν
1795 3789 1966 3858 ὁμοιό-

395 3886 551 3938 τητος
583 3870 840 3924 ἔπεσθαι·
877 3871 1034 3926 τοῦτο
1077 3873 1133 3926 δὲ
1163 3877 1274 3939 τοῖς
1321 3877 1562 3948 ἀκριϐῶς
1586 3881 1964 3952 ἐπισταμένοις

395 3960 664 4025 ἐξετάζειν
696 3963 901 4027 ἑννοίας
928 3963 1107 4032 λόγον,
1141 3965 1454 4038 ἀδιανόητον
1498 3970 1776 4036 παντελῶς
1807 3974 1963 4046 εὑρε-

395 4050 637 4119 θήσεται.
667 4053 732 4106 Τί
765 4053 873 4124 γὰρ
905 4055 986 4108 δεῖ
1025 4057 1212 4127 νοῆσαι
1243 4061 1547 4132 γεννήσεως
1579 4064 1775 4134 τρόπον
1802 4066 1966 4119 ἀκού-

395 4159 604 4206 σαντες,
639 4144 779 4196 πάνυ
808 4144 914 4198 τῶν
955 4147 1172 4218 ἀπόρων
1200 4150 1332 4203 ἐστί.
1388 4151 1461 4204 Τὸ
1491 4154 1674 4223 σχῆμα
1718 4153 1812 4207 τοῦ
1837 4157 1964 4210 ἀπο-

391 4232 662 4296 τίκτοντος
715 4234 954 4306 λέγει,ἢ
1007 4237 1104 4306 τὴν
1160 4240 1368 4311 ὁρμὴν,
1399 4241 1431 4313 ἧ
1466 4242 1563 4314 τὴν
1617 4245 1875 4310 διάθεσιν,
1923 4247 1956 4318 ἢ

390 4324 568 4386 τόπον,
595 4324 626 4394 ἢ
655 4324 842 4395 χρόνον
862 4366 876 4390 ,
904 4327 936 4400 ἢ
971 4328 1030 4381 τὸ
1063 4329 1149 4381 διὰ
1194 4330 1504 4403 συλλήψεως
1536 4336 1866 4392 τελειοῦσθαι
1897 4338 1958 4391 τὸ

393 4411 648 4482 ἔμϐρυον,
678 4414 710 4484 ἢ
734 4415 910 4469 αὐτῶν
942 4417 1050 4470 τῶν
1083 4422 1414 4491 γεννητικῶν
1442 4424 1718 4501 μέμνηται
1745 4427 1958 4493 τόπων;

391 4500 427 4570 ἤ
447 4502 621 4556 ταῦτα
662 4504 758 4573 μὲν
790 4506 928 4575 οὐχὶ,
963 4507 1146 4580 ἕτερον
1176 4510 1232 4563 δὲ
1263 4511 1372 4566 τῶν
1399 4517 1538 4569 κατὰ
1574 4517 1672 4587 τὴν
1711 4500 1958 4592 γέννησιν

391 4591 779 4665 θεωρουμένων
812 4597 958 4666 λέγει
993 4618 1008 4667 ;
1044 4601 1138 4654 καὶ
1179 4603 1296 4666 πῶς
1333 4605 1400 4658 ἃν
1436 4607 1694 4678 μάθωμεν
1719 4611 1778 4663 τὸ
1807 4613 1957 4681 λεγό-

393 4700 577 4752 μενον;
604 4686 680 4738 Τὸ
710 4687 817 4758 γὰρ
850 4688 1052 4762 ἄκυρον
1092 4695 1186 4748 καὶ
1229 4697 1536 4767 ἀσήμαντον
1575 4700 1672 4769 τῆς
1704 4701 1794 4754 τοῦ
1820 4703 1952 4770 τρό-

390 4787 507 4827 που
539 4773 763 4839 λέξεως,
801 4780 1165 4847 ὲπιδιστάζειν
1199 4786 1344 4855 ἡμᾶς
1389 4789 1498 4850 τοῖς
1540 4793 1954 4861 σημαινομένοις

391 4867 816 4934 παρασκευάζει,
847 4872 1041 4944 ἐπίσης
1093 4875 1306 4930 πάντων
1348 4882 1467 4942 ταῖς
1510 4881 1784 4946 ὑπονοίαις
1825 4885 1954 4937 ὑπο-

389 4956 712 5023 πιπτόντων,
741 4961 834 5014 καὶ
887 4966 1008 5017 κατ’
1051 4961 1168 5018 ἴσον
1201 4967 1429 5021 ἑκάστου
1478 4970 1538 5022 τὸ
1586 4973 1952 5043 ἀσυνάρτητον

387 5045 520 5116 πρὸς
554 5049 612 5100 τὸ
639 5052 996 5123 προκείμενον
1022 5057 1279 5127 ἑχόντων.
1301 5061 1558 5123 ὡσαύτως
1589 5063 1642 5116 δὲ
1680 5066 1771 5117 καὶ
1796 5067 1822 5118 ὅ
1849 5085 1952 5138 φη-

382 5149 485 5197 σιν,
501 5137 845 5207 ὁμοιότητος
859 5146 1102 5211 τρόπου,
1118 5147 1318 5201 οὑτωσὶ
1340 5146 1648 5216 λεγόμενον,
1677 5137 1950 5223 ἀλλότριον

379 5225 559 5294 πάσης
585 5227 820 5292 διανοίας
840 5232 1168 5302 ὑπονοοῦμεν
1194 5236 1329 5306 πρὸς
1355 5237 1424 5290 τὰ
1453 5238 1821 5312 ὑποδείγματα
1843 5245 1948 5299 τῶν

376 5315 463 5368 διὰ
487 5317 586 5386 τῆς
619 5319 902 5388 συνηθείας
936 5324 1225 5394 γνωρίμων
1257 5327 1710 5393 ἀποσκοποῦντες.
1735 5333 1807 5384 Οὐ
1839 5334 1947 5406 γὰρ

375 5408 435 5460 τὸ
475 5406 662 5480 είδοςῆ
699 5411 790 5464 τὸν
823 5413 1024 5484 τρόπον
1069 5413 1162 5467 τοῦ
1195 5416 1374 5481 τόκου,
1411 5420 1503 5472 καὶ
1527 5421 1587 5472 τὸ
1613 5423 1945 5495 γεννώμενον

374 5499 740 5566 ὁμοιοῦταιοὸ
781 5503 879 5571 μὲν
939 5504 1048 5574 γὰρ
1097 5507 1254 5569 τόκος
1309 5510 1400 5560 ἐπὶ
1451 5512 1548 5581 τῆς
1598 5512 1683 5565 διὰ
1743 5517 1943 5584 σαρκὸς

375 5595 680 5662 γεννήσεως
705 5633 718 5659 ,
753 5594 998 5665 σώματός
1051 5597 1166 5648 ἐστι
1211 5597 1457 5674 διαστολὴ
1490 5645 1502 5668 ,
1543 5605 1602 5656 τὸ
1658 5605 1939 5661 τελειωθὲν

2068 3081 2436 3149 generationis
2491 3085 2708 3139 modum
2764 3088 3158 3150 similitudinis.
3205 3095 3308 3151 Sed
3363 3116 3537 3170 neque
3585 3103 3640 3157 id

2066 3169 2309 3239 quidem,
2343 3173 2492 3240 quod
2537 3176 2836 3233 verisimile
2873 3190 2977 3246 est,
3018 3193 3071 3237 et
3106 3186 3159 3239 in
3208 3204 3386 3243 rerum
3442 3169 3638 3250 natura

2066 3261 2356 3329 reperitur,
2389 3268 2670 3334 generanti
2707 3269 2885 3324 simile
2911 3288 3031 3327 esse
3061 3280 3299 3344 genitum
3325 3319 3340 3341 ,
3374 3282 3445 3334 ita
3485 3300 3640 3339 com-

2066 3355 2348 3422 probatur,
2387 3364 2444 3409 ut
2477 3361 2814 3414 contrarium
2859 3367 3174 3436 contingere
3218 3383 3468 3440 nequeat.
3503 3375 3636 3433 Nam

2065 3444 2109 3498 si
2140 3447 2439 3514 generatim
2464 3449 2537 3515 id,
2574 3453 2715 3519 quod
2747 3466 3060 3522 generatum
3095 3469 3202 3523 est,
3252 3469 3531 3532 generanti
3569 3472 3639 3525 si-

2066 3536 2196 3590 mile
2221 3539 2560 3606 perhibetur,
2597 3545 2890 3600 concidant
2927 3558 3136 3618 oportet
3165 3556 3344 3610 omnia
3381 3557 3493 3623 illa,
3516 3577 3637 3630 qua!

2064 3634 2174 3680 tam
2215 3630 2456 3686 studiose
2483 3631 2552 3688 de
2577 3635 3003 3694 substantiarum
3037 3642 3482 3706 dissimilitudine
3521 3651 3638 3708 dis-

2065 3718 2256 3772 seruit.

2131 3804 2290 3862 Nunc
2342 3818 2522 3865 autem
2570 3813 2637 3867 ad
2672 3819 3038 3884 generationis
3088 3823 3306 3879 modum
3350 3835 3428 3882 att
3478 3846 3632 3902 sequi

2063 3898 2285 3953 modum
2315 3900 2707 3960 similitudinis.
2733 3906 2816 3961 An
2866 3925 2976 3964 non
3025 3911 3126 3967 hoc
3153 3915 3220 3971 iis
3257 3918 3349 3986 qui
3379 3898 3634 3980 accurate

2061 4001 2243 4042 rerum
2267 3990 2508 4046 rationes
2557 3996 2793 4049 scrutari
2832 3995 3161 4066 didicerunt,
3213 4006 3391 4074 primo
3445 4012 3628 4065 statim

2063 4077 2258 4134 intuitu
2282 4081 2549 4150 ejusmodi
2603 4087 2903 4168 apparebit,
2931 4092 3080 4160 quod
3128 4095 3345 4162 penitus
3399 4099 3629 4173 intelligi

2061 4174 2329 4239 nequeat?
2348 4172 2482 4228 Nam
2509 4175 2642 4244 quid
2664 4163 3080 4248 concipiendum
3115 4186 3208 4246 sit,
3238 4187 3282 4241 si
3319 4163 3624 4257 generatio;

2061 4259 2149 4314 nis
2175 4258 2392 4316 modum
2427 4265 2638 4330 audias,
2674 4269 2964 4324 admodum
3000 4282 3147 4330 certe
3176 4279 3488 4346 perplexum
3518 4293 3624 4340 est.

1987 4348 2196 4416 DNum
2238 4352 2339 4406 hac
2390 4354 2661 4412 locutione
2716 4360 2944 4428 ﬁguram
2985 4369 3295 4431 generantis
3350 4371 3623 4444 intelligit,

2059 4455 2187 4493 num
2235 4441 2516 4511 impetum,
2570 4463 2698 4500 num
2747 4448 3184 4520 dispositionem,
3249 4473 3375 4512 num
3424 4441 3625 4526 locum,

2057 4547 2187 4585 num
2250 4535 2504 4602 tempus?
2553 4536 2636 4591 An
2698 4539 3011 4610 embryonis
3067 4560 3162 4612 per
3220 4553 3625 4620 conceptionem

2059 4625 2540 4694 complementum,
2572 4643 2640 4682 an
2695 4630 2811 4698 ipsa
2846 4635 3188 4698 generationi
3227 4639 3506 4697 destinata
3533 4661 3622 4701 re-

2055 4716 2354 4783 ceptacula,
2406 4732 2475 4772 an
2523 4717 2715 4775 horum
2766 4723 2922 4789 nihil,
2963 4726 3111 4781 aliud
3166 4745 3294 4785 vero
3345 4734 3624 4804 quid-piam

2056 4818 2269 4865 eorum,
2299 4820 2419 4874 quae
2459 4822 2581 4863 cum
2613 4815 2964 4880 generatione
2991 4831 3234 4874 connexa
3289 4833 3438 4891 sunt,
3487 4828 3624 4883 insi-

2053 4895 2230 4947 nuat?
2262 4893 2379 4960 Qua
2429 4899 2639 4956 ratione
2669 4902 2735 4955 ad
2782 4919 2964 4957 veram
3017 4907 3462 4977 significationem
3502 4933 3625 4987 per-

2052 4984 2373 5039 veniemus?
2443 4987 2578 5043 Nam
2651 4991 3005 5064 imprOprium
3078 5000 3323 5072 nihilque
3388 4984 3622 5076 signifi-

2050 5089 2182 5130 cans
2222 5078 2366 5130 modi
2422 5082 2746 5137 vocabulum
2813 5086 2963 5154 facit,
2998 5099 3058 5144 ut
3114 5091 3181 5148 de
3223 5095 3621 5165 significatione

2015 5165 2374 5236 maneamus,
2443 5187 2567 5226 cum
2613 5190 2679 5229 ex
2729 5192 2886 5247 aequo
2943 5195 3134 5239 omnes
3193 5186 3616 5255 signiﬁcationes

2047 5262 2565 5326 mentemsubeant,
2599 5273 2654 5320 et
2689 5271 2940 5336 quaelibet
2967 5289 3028 5326 ex
3060 5291 3213 5342 aequo
3236 5276 3443 5328 nullam
3488 5293 3613 5336 cum

2046 5360 2105 5399 re
2133 5352 2405 5417 proposita
2437 5357 2834 5415 connexionem
2871 5361 3085 5416 habeat.
3122 5363 3212 5418 Sic
3261 5365 3481 5434 etquod
3512 5371 3610 5438 ait,

2044 5435 2409 5496 similitudinis
2437 5445 2669 5512 modum,
2698 5451 2770 5504 ita
2811 5454 3027 5521 quidem
3057 5457 3345 5523 prolatum,
3378 5459 3448 5517 ab
3462 5463 3609 5522 omni

2044 5541 2271 5595 prorsus
2315 5532 2668 5608 intelligentia
2726 5552 2996 5595 remotum
3039 5559 3163 5600 csse
3216 5547 3521 5621 discimus,
3559 5561 3605 5614 si

2042 5619 2288 5687 exempla
2344 5638 2464 5690 quze
2516 5626 2789 5679 communi
2837 5631 3236 5690 consuetudine
3274 5642 3402 5692 nota
3457 5619 3598 5708 sunt,
