4064 6146
375 268 482 329 301

383 385 690 437 intueamur
731 396 743 428 :

385 483 572 544 partus
593 469 943 527 assimilatur,
968 465 1018 518 id
1077 463 1220 533 quod
1251 463 1458 531 paritur
1479 479 1490 513 :
1511 475 1633 512 nam
1665 467 1856 527 partus
1891 459 1944 510 in

385 567 451 618 iis
473 575 702 632 quorum
730 556 1006 629 generatio
1041 570 1207 610 carne
1251 552 1549 623 perficitur,
1573 563 1657 604 est
1697 551 1946 618 corporis

382 653 596 712 divisio,
633 649 869 720 perfecte
904 646 1014 715 jam
1051 645 1304 698 omnibus
1345 641 1603 695 membris
1649 639 1946 695 formatum

1615 251 1669 307 S.
1704 242 2027 307 GREGORII
2067 241 2356 306 NYSSENI

3508 246 3611 302 ὖοἓ

823 391 928 428 ιιοη
984 373 1126 427 enim
1183 369 1538 438 ad'speciem
1597 369 1676 420 vel
1725 369 1942 421 modmn

2071 367 2183 420 ῗῶον
2233 368 2290 418 ἐν
2317 366 2382 434 τῇ
2430 362 2707 416 διαπλάπει
2757 360 2861 412 τῶν
2912 357 3230 428 σπλάγχνων
3281 358 3374 413 ἐπὶ
3421 359 3481 411 τὸ
3509 359 3616 423 ἔξω

2045 457 2377 527 προάγουσα.
2433 455 2506 506 T6
2560 453 2614 505 δὲ
2669 451 3002 521 γεννώμενον
3052 451 3336 520 ἅνθρωπός
3396 449 3616 520 ἐστινῆ

2044 549 2228 613 ἵππος,
2253 549 2284 618 ἢ
2329 547 2473 609 Βοῦς,
2504 545 2536 616 ἢ
2561 545 2588 597 ὅ
2609 561 2660 596 τι
2685 544 2749 596 ἂν
2780 542 2916 614 τύχῃ
2941 543 3025 596 διὰ
3060 545 3359 612 γεννήσεως
3396 545 3619 610 ὑφιστά-

2047 657 2224 710 μενον.
2257 639 2379 712 Ilii);
2403 638 2581 690 τοίνυν
2614 636 2642 687 6
2669 633 2768 700 τῆς
2810 634 3123 704 ὁμοιότητος
3166 623 3257 685 τοῦ
3295 634 3616 702 τικτομένου

383 745 580 797 animal
616 745 668 794 in
698 741 872 793 lucem
897 740 1193 800 emittens;
1248 734 1298 788 id
1333 748 1461 787 vero
1481 730 1626 801 quod
1661 739 1951 802 generatur

2071 729 2243 800 τρόπος
2303 727 2492 780 ἕπεται
2548 725 2626 795 τῷ
2667 725 2853 795 τρόπῳ
2905 726 3001 793 τῆς
3047 724 3382 794 γεννήσεως,
3414 724 3622 776 εἰπάτω

385 838 545 888 homo
576 840 682 893 est,
715 837 808 883 aut
864 843 1062 896 equus,
1099 833 1192 879 aut
1233 825 1352 888 bus,
1401 823 1480 877 vel
1515 823 1660 876 aliud
1707 820 1942 889 quidvis,

383 927 524 994 quod
549 939 643 992 per
675 921 1082 990 generationem
1112 918 1262 972 nasci
1290 915 1448 970 solet.
1473 912 1757 979 Quomodo
1781 911 1946 980 igitur

385 1015 755 1074 similitudinis
776 1015 829 1067 in
857 1027 944 1074 eo,
973 1011 1114 1080 quod
1141 1015 1455 1079 generatum
1501 1015 1604 1067 est,
1636 1003 1831 1057 modus
1863 1017 1949 1057 sc-

383 1117 582 1179 quatur
613 1107 831 1160 modum
866 1101 1254 1175 generationis,
1287 1097 1517 1166 explicet
1561 1095 1717 1150 nobis
1745 1095 1826 1148 vel
1860 1093 1950 1145 ille

386 1205 520 1270 ipse,
553 1200 635 1252 vel
666 1197 805 1252 alius
845 1189 1232 1247 obstetrieandi
1272 1195 1444 1240 artem
1481 1186 1548 1239 ab
1577 1185 1670 1238 illo
1703 1185 1946 1238 edoctus.

2051 816 2210 879 αὐτὸς
2239 812 2462 885 οὖτο;,ἢ
2486 814 2632 876 εἴτις
2667 813 2757 866 ὑπ’
2782 811 2945 866 αὑτοῦ
2989 813 3306 882 μαιεύτριαν
3327 811 3620 882 ἐπαιδεύθη

2051 906 2260 977 τέχνην.
2284 905 2444 958 ιἌλλο
2477 905 2583 975 γὰρ
2611 906 2639 956 6
2661 904 2834 966 τόκος,
2854 905 2945 956 καὶ
2973 903 3031 957 τὸ
3064 905 3126 955 ἐκ
3163 903 3254 955 τοῦ
3284 907 3444 955 τόκου
3472 901 3620 965 ἄλλο,

2055 997 2148 1050 καὶ
2191 995 2442 1066 διάφορος
2474 995 2733 1066 ἐκατέρου
2754 996 2781 1046 6
2801 994 2975 1061 λόγος.
3004 995 3125 1047 ’Ὀτι
3153 995 3248 1064 μὲν
3281 991 3373 1047 οῦν
3402 995 3493 1046 ἐπὶ
3515 993 3623 1048 τῶν

2054 1089 2141 1141 διὰ
2174 1089 2374 1159 σαρκὸς
2394 1088 2725 1157 τικτομένων
2752 1087 2942 1158 ψεῦδός
2973 1088 3085 1138 ἐστι
3109 1087 3166 1138 τὸ
3198 1087 3509 1157 λεγόμενον,
3530 1086 3623 1138 ού·-

2055 1181 2165 1242 δεὶς
2197 1179 2262 1232 ἂν
2296 1179 2537 1232 ἀντείποι
2569 1178 2678 1231 τῶν
2717 1180 2838 1232 νοῦν
2877 1179 3125 1248 ἐχόντων.

385 1269 541 1347 Aliud
573 1300 658 1346 est
701 1289 844 1344 enim
885 1293 1094 1355 partus,
1137 1289 1191 1335 et
1218 1278 1360 1333 aliud
1393 1276 1537 1348 quod
1578 1284 1661 1332 est
1704 1289 1770 1331 ex
1819 1280 2007 1343 partu,
2063 1280 2117 1326 et
2145 1271 2359 1324 diversa
2399 1279 2483 1322 est
2514 1272 2798 1340 utriusque
2855 1273 3014 1324 ratio.
3047 1269 3217 1341 Igitur
3267 1272 3621 1325 asscxtionem

387 1387 506 1453 ejus
557 1383 746 1435 falsam
779 1391 898 1430 esse
927 1375 980 1427 in
1010 1373 1078 1427 iis
1109 1385 1228 1441 qua:
1258 1383 1352 1439 per
1379 1381 1598 1421 carnem
1627 1373 1976 1437 generantur,
2019 1375 2178 1415 nemo
2218 1374 2365 1416 sana:
2386 1360 2583 1416 mentis
2613 1361 2881 1416 abnuerit.

461 1541 516 1594 Si
545 1555 669 1594 vero
717 1535 916 1605 aliquid
947 1533 1161 1588 efficere
1193 1542 1245 1586 et
1281 1537 1602 1585 construere
1644 1536 1802 1582 vocat
1830 1539 1952 1580 mo-

388 1633 516 1687 dum
549 1627 930 1700 generationis,
971 1625 1037 1679 ad
1069 1639 1229 1694 quem
1262 1623 1314 1676 in
1347 1622 1530 1692 genito
1547 1627 1807 1688 sequatur
1836 1631 1951 1671 mo-

2129 1523 2194 1575 Εἰ
2211 1521 2268 1573 δὲ
2301 1519 2360 1575 τὸ
2381 1522 2551 1574 ποιεῖν
2578 1519 2671 1574 καὶ
2694 1519 2754 1572 τὸ
2797 1518 3248 1582 κατασκευάζειν,
3273 1518 3472 1590 τρόπον
3501 1535 3625 1587 γενε-

2058 1613 2265 1682 νήσεως
2314 1611 2590 1682 ὀνομάζει,
2633 1606 2679 1679 ᾧ
2728 1609 2956 1664 ἕπεσθαι
3019 1609 3109 1662 τὸν
3146 1609 3341 1678 τρόπον
3384 1610 3480 1679 τῆς
3531 1610 3626 1664 τοῦ

390 1726 494 1780 dus
525 1721 920 1783 similitudinis,
970 1734 1036 1772 ne
1080 1717 1161 1772 sic
1211 1714 1432 1784 quidem
1472 1712 1650 1766 oratio
1671 1709 1948 1780 ejusveri-

2071 1708 2338 1779 γινομένου
2407 1708 2570 1780 φησὶν
2648 1707 2960 1779 ὁμοιότητος
2984 1723 2998 1738 ·
3032 1707 3125 1760 καὶ
3157 1705 3329 1768 οὕτως
3377 1708 3406 1758 ὀ
3473 1706 3632 1772 λόγος

393 1815 803 1875 similitudinem
858 1811 1038 1874 habet,
1087 1807 1231 1878 quod
1274 1804 1538 1875 exemplis
1567 1803 1787 1874 planum
1843 1799 1952 1854 lict.

2055 1795 2150 1849 τοῦ
2188 1797 2394 1859 εἰκότος
2443 1796 2771 1867 κεχώρισται
2809 1810 2822 1824 ·
2854 1795 3054 1847 οὑτωσὶ
3107 1794 3164 1847 δὲ
3199 1793 3288 1847 διὰ
3345 1793 3452 1845 τῶν
3501 1792 3633 1844 ὑπο-

392 1909 620 1966 Ferrum
649 1921 680 1961 a
717 1906 870 1960 fabro
906 1902 1106 1957 ictibus
1155 1899 1436 1960 tunditur,
1468 1905 1528 1950 ut
1558 1893 1683 1948 inde
1711 1890 1840 1962 quid
1877 1890 1958 1944 vi-

2071 1887 2359 1957 Ξειγμάτων
2387 1887 2748 1957 σκοπήσωμεν
2776 1902 2790 1916 ο
2827 1885 3070 1956 Πληγαῖς
3098 1882 3362 1936 τυποῦται
3387 1882 3503 1953 σίδη
3514 1899 3626 1952 ρος,

395 2010 460 2056 ta:
485 2000 672 2054 usibus
699 1997 829 2050 utile
857 1991 1180 2049 conﬁciatur
1220 1997 1275 2044 et
1303 1989 1638 2044 efformetur.
1672 1983 1960 2051 Quomodo

396 2091 557 2160 igitur
578 2088 794 2142 schema
821 2080 1211 2154 percussionis,
1233 2079 1280 2133 si
1310 2079 1382 2132 ita
1407 2091 1530 2132 sors
1555 2075 1711 2138 ferat,
1743 2073 1961 2128 assimio

397 2182 538 2235 letur
568 2176 751 2232 manui
807 2173 1054 2231 artificis.
1093 2171 1196 2230 .vel
1251 2168 1416 2222 modo
1466 2165 1790 2227 eﬂ'ectionis,
1831 2173 1958 2232 puta

399 2269 719 2339 forcipibus,
743 2265 948 2327 incudi,
981 2262 1222 2322 follibus,
1245 2257 1596 2319 carbonibus,
1612 2254 1813 2325 quibus
1841 2267 1960 2305 rem

397 2358 704 2416 el‘fcrmavit
755 2364 808 2410 et
857 2352 1127 2424 procudit,
1189 2363 1347 2403 nemo
1382 2346 1537 2400 facile
1587 2341 1959 2413 explieaverit.

400 2426 553 2515 Quod
585 2448 650 2503 de
683 2461 791 2500 uno
815 2443 1062 2512 exemplo
1099 2440 1305 2495 dictum
1331 2444 1435 2498 est,
1455 2435 1506 2488 id
1539 2433 1814 2495 omnibus,
1841 2445 1964 2500 quae

401 2543 615 2598 actione
644 2538 822 2607 aliqua
868 2533 1202 2594 efficiuntur,
1253 2526 1529 2596 competit,
1562 2538 1754 2594 nempe
1803 2523 1965 2577 modo

402 2629 788 2702 generationis,
823 2625 898 2685 id,
931 2621 1076 2692 quod
1111 2625 1428 2688 generatum
1462 2625 1568 2680 est,
1620 2628 1962 2684 nequaquam

403 2721 578 2775 simile
620 2717 793 2772 reddi.
839 2714 977 2778 Quid
1023 2713 1168 2765 enim
1233 2708 1406 2763 forma
1447 2706 1615 2763 vestis
1678 2717 1967 2759 commune

406 2813 565 2865 habet
599 2824 720 2862 cum
760 2805 1012 2866 stamine,
1055 2817 1176 2856 eum
1223 2799 1444 2869 regulis,
1490 2812 1612 2852 cum
1649 2794 1884 2866 pectine,
1913 2800 1967 2848 et

406 2917 529 2955 cum
570 2907 686 2953 toto
731 2897 824 2951 illo
867 2897 1095 2948 textorls
1152 2886 1643 2961 apparatu?.Quid
1682 2898 1964 2942 scamnum

407 3007 530 3047 cum
589 2989 818 3049 actione,
879 2998 1000 3054 quae
1038 2989 1287 3036 versatur
1325 2981 1472 3034 circa
1511 2979 1676 3048 ligna,
1713 2976 1795 3030 vel
1828 2975 1968 3030 alius

2058 1977 2195 2048 πρός
2219 1995 2270 2030 τι
2290 1977 2398 2030 τῶν
2420 1977 2477 2029 ὲν
2503 1975 2582 2047 τῷ
2614 1976 2712 2046 βίῳ
2741 1975 3024 2048 χρησίμων
3062 1973 3213 2044 παρὰ
3251 1973 3343 2027 τοῦ
3375 1973 3635 2044 δημιουρ-

2065 2069 2290 2136 γοῦντος
2334 2067 2818 2139 σχηματιζόμενος.
2855 2067 2928 2120 Τὸ
2952 2062 3045 2121 οὖν
3073 2069 3256 2136 σχῆμα
3288 2065 3386 2134 τῆς
3425 2065 3633 2136 ἀκμῆς,

2069 2161 2136 2216 ἂν
2165 2160 2308 2215 οὕτω
2330 2160 2488 2232 τύχῃ,
2529 2160 2646 2223 πῶς
2677 2158 2953 2230 ὁμοιοῦται
2985 2161 3051 2229 τῇ
3078 2159 3220 2228 χειρὶ
3247 2156 3631 2227 τοῦλτεχνίτου,

2061 2251 2094 2322 ἢ
2127 2251 2204 2322 τῷ
2235 2251 2424 2322 τρόπῳ
2455 2251 2552 2320 τῆς
2577 2250 2944 2318 κατασκευῆς,
2967 2245 3076 2302 οἷον
3121 2248 3371 2320 σφύραις,
3405 2249 3498 2301 καὶ
3537 2249 3633 2303 ἀνα

2063 2343 2240 2415 θραξι,
2277 2343 2370 2395 καὶ
2417 2341 2632 2410 φύσαις,
2687 2341 2782 2394 καὶ
2823 2341 3041 2410 ἄκμονι,
3075 2339 3138 2392 δι’
3177 2333 3250 2392 ὧν
3285 2338 3454 2407 αὐτὴν
3479 2340 3506 2391 6
3544 2338 3639 2406 δη-

2067 2432 2317 2504 μιουργὸς
2371 2429 2772 2490 ἁνετυπώσατο,
2805 2429 2902 2481 οὐκ
2954 2429 3018 2481 ἄν
3065 2444 3149 2490 τις
3195 2429 3365 2478 εἰπεῖν
3403 2425 3549 2496 ἔχοι·
3576 2425 3638 2479 τὸ

2063 2524 2122 2577 δὲ
2181 2524 2273 2576 ἐπὶ
2321 2521 2415 2574 τοῦ
2471 2522 2589 2584 ἐνὸς
2653 2519 3046 2588 ὑποδείγματος
3105 2518 3394 2588 εἰρημένον
3423 2555 3437 2581 ,
3473 2519 3638 2571 πᾶσιν

2065 2598 2362 2683 ἐφαρμόζει
2393 2614 2505 2675 τοῖς
2528 2610 2616 2664 διά
2638 2627 2780 2672 τινος
2806 2609 3150 2678 κατασκευῆς
3183 2608 3635 2677 ἀπεργασθεῖσιν,

2064 2705 2145 2758 ὅτι
2169 2703 2247 2774 τῷ
2299 2703 2484 2773 τρόπῳ
2509 2702 2608 2772 τῆς
2649 2702 2953 2771 γεννήσεως
2989 2700 3050 2754 τὸ
3080 2701 3362 2771 γινόμενον
3390 2701 3640 2772 οὐδαμῶς

2065 2793 2362 2864 ὁμοιοῦται.
2403 2795 2467 2846 Τί
2497 2795 2606 2864 γὰρ
2640 2792 2816 2846 κοινὸν
2868 2793 2978 2862 ἔχει
3029 2791 3090 2846 τὸ
3123 2788 3261 2855 εῐδος
3294 2791 3387 2844 τοῦ
3428 2791 3640 2861 ἱματίου

2067 2884 2204 2953 πρὸς
2233 2883 2294 2936 τὸ
2332 2882 2553 2952 πηνίον,
2584 2881 2617 2952 ἢ
2662 2884 2786 2945 τοὺς
2824 2880 3084 2945 κανόνας,
3115 2881 3148 2951 ἢ
3181 2880 3279 2951 τὴν
3331 2882 3574 2953 κερκίδα,
3606 2881 3639 2950 ἢ

2068 2970 2203 3035 ὅλως
2231 2971 2364 3042 πρὸς
2401 2971 2490 3022 τὸν
2519 2972 2716 3042 τρόπον
2742 2971 2840 3041 τῆς
2866 2969 2958 3023 τοῦ
2991 2970 3224 3039 ὑφάντου
3259 2972 3641 3040 κατασκευῆ;;

409 3082 677 3152 quispiam
700 3078 923 3133 cll‘ectus
962 3089 1083 3128 cum
1116 3071 1285 3125 forma
1314 3069 1574 3124 artificis?
1621 3066 1762 3138 Ergo
1799 3067 1853 3120 in
1885 3080 1968 3120 re-

2071 3063 2122 3115 τί
2149 3064 2205 3117 δὲ
2253 3063 2314 3115 τὸ
2348 3062 2544 3132 βάθρον
2587 3061 2722 3152 πρὸς
2756 3061 2854 3130 τὴν
2898 3061 3006 3115 τῶν
3053 3061 3224 3125 ξύλων
3275 3063 3639 3132 ἀπεργασίαν,

410 3175 511 3229 bus
566 3169 916 3227 sensibilibus
973 3177 1026 3222 ct
1082 3163 1362 3233 corporeis
1413 3161 1695 3215 averitate
1729 3158 1966 3212 alienum

409 3280 550 3326 esse,
593 3263 735 3334 quod
805 3259 1020 3325 asserit,
1075 3258 1225 3330 ipsos
1277 3251 1624 3309 adversarios
1667 3249 1822 3306 fateri
1857 3248 1972 3303 exi-

411 3357 599 3411 stimo.

485 3571 770 3638 Reliqnum
806 3575 911 3630 est,
947 3573 1006 3618 ut
1044 3560 1417 3631 dispiciamus,
1446 3554 1705 3626 quidnam
1756 3552 1977 3607 concin-

415 3661 606 3720 nandze
629 3675 740 3714 sua:
767 3655 1114 3726 blasphemiae
1147 3651 1381 3706 ulterius
1422 3649 1629 3703 afferat.
1673 3645 1812 3711 Quid
1847 3659 1975 3715 ergo

415 3761 532 3809 crat
558 3748 704 3820 quod
731 3749 782 3801 in
833 3745 1132 3815 quastione
1164 3739 1522 3798 versabatur?
1552 3737 1664 3792 [loc
1705 3736 1974 3799 videlicet,

418 3843 571 3898 fateri
605 3845 874 3910 oportere,
904 3835 1095 3891 Filium
1131 3834 1186 3888 in
1222 3849 1319 3890 sua
1367 3830 1672 3888 substantia
1717 3827 1865 3881 Patri
1906 3827 1981 3882 si-

419 3935 621 3996 milem,
653 3929 737 3984 vel
760 3927 1076 3983 dissimilem
1101 3939 1262 3980 esse:
1308 3921 1452 3992 quod
1497 3934 1643 3984 cum,
1681 3925 1740 3970 ut
1790 3916 1882 3979 ait,
1913 3930 1980 3969 ex

418 4022 770 4099 providentiae
800 4019 1014 4074 ratione
1043 4017 1256 4070 discere
1306 3998 1632 4082 nequiverit,
1679 4007 1981 4062 recurrlssc

419 4133 478 4173 se
507 4117 638 4170 dicit
671 4112 736 4167 ad
759 4108 1126 4182 generationis
1157 4105 1399 4168 modum,
1434 4111 1494 4157 ut
1524 4102 1683 4157 istius
1711 4100 1982 4154 interven-

418 4218 475 4262 tu
511 4209 888 4277 cognosceret,
925 4215 1033 4254 non
1065 4208 1246 4252 utrum
1296 4194 1510 4267 genitus
1553 4190 1781 4262 genitori
1813 4188 1979 4243 dissi-

422 4297 565 4351 milis
586 4296 679 4360 sit,
710 4292 804 4349 scd
834 4306 963 4345 num
1012 4289 1209 4344 habeat
1252 4285 1470 4340 modum
1507 4279 1794 4353 quemdam
1824 4277 1982 4334 simi-

420 4387 684 4451 litudinis,
714 4393 769 4440 et
794 4383 921 4454 quia
945 4379 1138 4435 modus
1175 4379 1278 4434 iste
1317 4375 1502 4431 multis
1548 4375 1765 4445 ignotus
1798 4372 1891 4432 sit,
1918 4383 1981 4423 ea

2073 3153 2257 3225 ἢάλλο
2289 3170 2342 3206 τι
2374 3153 2484 3204 τῶν
2525 3150 2822 3220 γινομένων
2860 3151 2994 3222 πρὸς
3025 3150 3087 3202 τὸ
3111 3150 3296 3222 σχῆμα
3325 3153 3418 3206 τοῦ
3451 3169 3645 3222 κατερ·

2073 3241 2416 3312 γασαμένους
2463 3240 2597 3292 Ἀλλ’
2625 3241 2682 3293 ἐν
2711 3239 2810 3310 μὲν
2840 3242 2952 3302 τοῖς
2979 3239 3253 3310 αἰσθητοῖς
3282 3241 3376 3292 καὶ
3405 3257 3644 3310 σωματι-

2073 3329 2186 3391 κοῖς
2208 3329 2395 3399 ἀργεῖν
2427 3327 2516 3379 τδν
2553 3328 2708 3395 λόγον
2744 3326 2947 3393 τοῦτον,
2983 3331 3076 3381 καί
3113 3329 3312 3393 αὐτοὺς
3335 3326 3492 3396 οἶμαι
3521 3334 3642 3396 τοὺς

2075 3420 2348 3482 ἐναντίους
2380 3417 2743 3473 συντίθεσθαι.
3283 3431 3286 3434 ·

2155 3553 2478 3607 Ὑπόλοιπον
2511 3555 2554 3608 δ’
2579 3554 2644 3608 ἂν
2678 3554 2762 3626 εἰή
2818 3559 3033 3611 σκοπεῖν
3066 3556 3121 3609 εἰ
3155 3575 3274 3612 τινα
3330 3561 3643 3618 συντέλειαν

2076 3643 2210 3712 πρὸς
2229 3642 2325 3714 τὴν
2346 3644 2444 3714 τῆς
2475 3643 2820 3715 βλασφημίας
2847 3646 3188 3718 κατασκευὴν
3212 3648 3644 3719 συνεισφέρεται.

2078 3732 2142 3784 Τί
2167 3728 2258 3786 οὖν
2290 3732 2351 3785 τὸ
2391 3732 2720 3805 ζητούμενον
2763 3729 2863 3806 ἦν;
2898 3735 2971 3788 Τὸ
2997 3735 3104 3789 δεῖν
3131 3739 3270 3790 κατὰ
3318 3738 3417 3809 τὴν
3460 3739 3646 3792 οὐσίαν

2076 3827 2276 3899 ὁμοίιος
2314 3829 2347 3900 ἢ
2382 3830 2646 3900 ἀνομοίως
2690 3829 2832 3900 ἔχειν
2858 3830 2934 3902 τῷ
2961 3832 3134 3902 Πατρῖ
3176 3832 3265 3885 τὸν
3300 3811 3426 3886 Υἰὸν
3455 3835 3646 3904 ὀμολο-

2079 3917 2309 3984 γεῖσθαι.
2341 3918 2514 3990 Ὅπερ
2531 3919 2690 3972 διὰτὸ
2722 3919 2796 3990 μὴ
2828 3918 3100 3982 δύνασθαι,
3121 3923 3303 3992 φησὶν,
3326 3922 3388 3973 ὲκ
3416 3923 3520 3974 τῶν
3548 3922 3647 3992 τῆς

2079 4007 2335 4076 προνοίας
2350 4006 2525 4074 λόγων
2550 4007 2760 4078 μαθεῖν,
2777 4009 2868 4061 ἐπὶ
2894 4009 2982 4062 τὸν
3002 4009 3101 4079 τῆς
3133 4010 3433 4080 γεννήσεως
3459 4011 3648 4081 ἀνελη-

2079 4097 2294 4150 λυθέναι
2329 4097 2528 4168 τρόπον
2550 4113 2562 4125 °
2589 4097 2665 4160 ὡς
2695 4097 2782 4151 διά
2813 4097 3000 4152 τούτου
3031 4100 3228 4168 γνῶναι
3259 4101 3376 4172 οὐχὶ
3407 4102 3497 4155 τὸν
3526 4118 3640 4170 γεν-

2081 4189 2332 4259 νηθέντα,
2359 4191 2408 4241 εἰ
2441 4190 2641 4260 ὁμοίως
2684 4189 2794 4260 ἔχει
2832 4191 2966 4262 πρὸς
3003 4191 3092 4244 τὸν
3121 4194 3482 4263 γεννήσαντα,
3515 4192 3653 4246 ἀλλά

2081 4297 2202 4334 τινα
2219 4280 2532 4352 ὁμοιότητος
2552 4283 2771 4354 τρόπον,
2786 4284 2876 4336 καὶ
2900 4283 2987 4337 διά
3015 4283 3074 4338 τὸ
3099 4288 3212 4348 τοῖς
3237 4286 3449 4351 πολλοῖς
3475 4287 3650 4354 ἀγνω-

2087 4387 2208 4424 στον
2240 4366 2379 4424 εἶναι
2426 4371 2632 4437 τοῦτον,
2663 4373 2750 4426 διὰ
2786 4373 2942 4428 τοῦτο
2966 4374 3063 4446 τὴν
3091 4377 3425 4446 γεννήσασαν
3465 4378 3654 4431 οὐσίαν

420 4480 489 4534 de
513 4450 680 4533 causa
734 4450 912 4532 se-de
949 4470 1276 4549 substantia,
1311 4483 1432 4539 quae
1487 4465 1696 4538 genuit,
1735 4463 1968 4533 pluribus

2091 4462 2563 4533 περιεργάζεσθαι.
2613 4458 2758 4535 ’Δρα
2810 4461 2902 4520 οὖν
2953 4466 3299 4538 ἐπιλέλησται
3355 4469 3460 4522 τῶν
3509 4470 3654 4522 ἰδίων

420 4569 768 4625 disseruisse.
823 4565 963 4620 Num
1020 4565 1183 4635 igitur
1229 4562 1463 4632 propriae
1501 4573 1613 4645 suae
1645 4554 1968 4611 .assertioni:

2082 4552 2398 4645 διορισμῶν,
2423 4554 2481 4606 ἐν
2507 4549 2588 4645 οἷς
2620 4572 2802 4625 φησιν,
2833 4557 2899 4610 ἐκ
2925 4555 3042 4610 τῶν
3057 4559 3242 4626 ἔργων
3273 4558 3400 4614 δεῖν
3416 4561 3519 4625 τὰς
3553 4564 3653 4614 οὺ-

421 4661 623 4716 oblitus
667 4666 772 4720 est,
820 4656 1039 4727 quando
1090 4653 1247 4719 dixit,
1297 4667 1361 4706 ea:
1410 4643 1650 4720 ope—ribus
1680 4648 1968 4716 investigar:

2083 4643 2223 4709 σίας
2247 4643 2822 4712 καταλαμϐάνεσθαι;
2839 4648 2947 4719 Τῆς
2965 4643 3058 4701 οὖν
3081 4650 3427 4722 γεννηθείσης
3445 4652 3653 4715 οὐσίας,

422 4751 604 4805 debere
656 4745 1029 4803 substantias?
1065 4759 1190 4800 cum
1233 4759 1361 4814 ergo
1391 4742 1624 4798 necdum
1675 4741 1784 4795 ullo
1825 4739 1988 4794 modo

423 4847 655 4906 constet,
689 4837 963 4908 quomodo
997 4835 1304 4890 substantia
1351 4841 1628 4901 generata,
1656 4846 1817 4901 quam
1857 4845 1987 4899 opus

423 4942 681 4998 supreme:
710 4925 965 4996 appellat,
995 4940 1115 4979 sese
1146 4923 1344 4977 habeat
1377 4921 1676 4976 secundum
1711 4929 1986 4987 naturam;

422 5035 530 5090 qua
560 5020 770 5073 ratione
793 5016 846 5070 id
879 5015 1024 5084 quod
1069 5014 1296 5068 inferius
1329 5020 1433 5079 est,
1473 5019 1531 5066 ut
1563 5011 1679 5079 ipse
1725 5010 1984 5079 loquitur,

422 5121 476 5166 ct
514 5111 635 5166 ideo
684 5107 752 5164 ad
809 5103 1243 5176 cognoscendum
1298 5102 1592 5173 proclivius
1646 5108 1700 5156 et
1750 5099 1984 5163 facilius,

425 5203 760 5266 transiliens,
789 5197 1024 5252 maxime
1050 5195 1281 5266 propria:
1301 5205 1351 5249 et
1379 5208 1645 5263 suprema:
1671 5192 1987 5247 substantiae

424 5291 769 5356 adhaerescit,
792 5297 845 5344 et
871 5302 993 5343 cum
1027 5287 1085 5341 in
1115 5301 1277 5355 opere
1329 5299 1429 5339 suo
1448 5282 1618 5337 videri
1649 5283 1793 5348 velit,
1833 5282 1986 5351 quasi

424 5383 728 5438 divinorum
753 5378 1098 5436 oraeulormu
1142 5374 1432 5430 admodum
1474 5388 1677 5443 gnarus
1706 5373 1795 5436 sit,
1842 5387 1986 5427 nunc

425 5488 488 5527 ea
517 5476 665 5541 parvi
693 5473 896 5543 pendit,
930 5469 1152 5540 perinde
1190 5483 1253 5522 ac
1303 5467 1349 5522 si
1390 5465 1650 5529 nesciret,
1691 5463 1758 5517 ad
1807 5461 1986 5519 Patris

425 5565 810 5635 cognitionem,
849 5579 953 5620 non
992 5563 1093 5619 nisi
1141 5577 1236 5635 per
1285 5557 1479 5616 Filium
1524 5571 1806 5614 accessum
1844 5564 1987 5628 pate-

2085 4735 2150 4804 ἣν
2166 4735 2341 4804 ἔργον
2357 4734 2609 4805 ὀνομάζει
2627 4735 2733 4804 τῆς
2765 4740 3213 4809 ὑπερκειμένης.
3241 4742 3466 4812 μηδέπω
3492 4761 3656 4810 φανε-

2090 4827 2372 4898 ρωθείσης,
2399 4827 2514 4890 πῶς
2546 4827 2656 4897 ἔχει
2683 4829 2822 4893 κατά
2847 4830 2943 4901 τὴν
2973 4832 3152 4901 φύσιν,
3172 4832 3288 4896 πῶς
3305 4833 3546 4904 ὑπερϐὰς
3578 4834 3658 4898 τὸ,

2089 4918 2164 4981 ὼς
2195 4917 2354 4979 αὐτὸς
2401 4917 2568 4985 λέγει,
2605 4919 2929 4992 κατώτερον,
2954 4923 3046 4975 καὶ
3076 4922 3163 4976 διὰ
3202 4925 3361 4977 τοῦτο
3398 4928 3462 4994 τῇ
3495 4943 3663 4978 καταο

2090 5008 2250 5077 λήψει
2279 5008 2387 5061 τῶν
2414 5006 2716 5078 ζητούντων
2749 5014 3176 5085 προσεχέστερον
3195 5057 3208 5079 ,
3241 5018 3308 5085 τῇ
3347 5017 3669 5088 κυριωτάτη

2092 5100 2186 5153 καὶ
2206 5099 2453 5171 ἀνωτὰτῃ
2489 5101 2824 5171 προσφύεται
2841 5121 2852 5132 ο
2877 5106 2969 5157 καὶ
2990 5105 3048 5157 τὸ
3070 5105 3311 5177 ἀκριϐῶς
3336 5107 3534 5162 εἰδέναι
3566 5109 3666 5170 τὰς

2092 5190 2240 5253 θείας
2271 5191 2471 5259 φωνὰς,
2491 5194 2547 5244 ἐν
2571 5193 2647 5262 τῷ
2680 5193 2800 5246 κατ’
2826 5195 2984 5248 αὐτὸν
3020 5196 3181 5267 λόγῳ,
3216 5199 3662 5263 κατασκευάζων,

2092 5283 2188 5336 νῦν
2225 5283 2489 5336 κάκείνων
2521 5284 2699 5354 ὀλίγον
2733 5289 2960 5340 ποιεῖται
3001 5287 3092 5340 τὸν
3119 5289 3295 5356 λόγον,
3331 5289 3518 5360 ὥσπερ
3561 5291 3664 5358 ἁγ-

2093 5373 2228 5427 νοῶν
2257 5374 2334 5427 ὅτι
2361 5375 2460 5426 οὐκ
2497 5374 2608 5428 ἔστι
2643 5379 2707 5446 τῇ
2740 5377 2934 5446 γνώσει
2969 5381 3060 5433 τοῦ
3101 5381 3311 5451 Πατρ“>ς
3341 5382 3664 5454 προσϐῆναι,

2097 5464 2171 5534 μὴ
2201 5464 2287 5517 διὰ
2310 5464 2403 5517 τοῦ
2430 5465 2558 5518 Υἱοῦ
2587 5469 3019 5538 προσεγγίσαντα
3036 5489 3051 5538 ;
3080 5473 3290 5539 Οὐδεὶς
3318 5473 3446 5544 γὰρ,
3475 5476 3662 5544 φησὶν,

2093 5557 2246 5627 ἔγνω
2285 5557 2391 5611 τὸν
2413 5559 2661 5630 Πατέρα,
2680 5562 2732 5614 εἰ
2755 5562 2841 5632 μὴ
2868 5566 2899 5617 ὀ
2942 5565 3088 5633 Υἱὸς,
3115 5564 3212 5620 καί
3236 5557 3284 5634 ᾧ
3303 5565 3412 5620 ἐὰν
3434 5565 3663 5634 ,βούλη-
