4064 6146
348 279 453 337 595

1539 279 1814 336 CONTRA
1851 281 2238 345 EUNOMIUM,
2282 272 2409 334 LIB.
2445 278 2481 334 1.

3485 285 3587 341 ὅθί

349 400 440 439 ται
476 387 510 439 ὁ
576 386 708 450 Υἱὸς
760 387 1167 456 ἀποκαλύψαι.
1211 390 1346 444 Ἀλλ’
1393 386 1565 457 οὗτος,
1600 396 1656 446 ἐν
1686 391 1766 458 οἷς
1823 395 1920 465 μὲν

2033 393 2142 447 [ἰοιί
2181 396 2204 448 ?
2239 393 2430 446 Nullus
2479 392 2638 456 enim,
2686 391 2882 460 inquit,
2917 389 3055 443 novit
3111 388 3325 442 Patrem
3373 390 3475 444 nisi
3506 390 3596 443 Fit

347 475 413 527 ἂν
450 475 620 546 μέλλῃ
641 476 988 548 καθυϐρίζειν
1037 479 1135 543 τὰς
1164 483 1405 545 εὐσεϐεῖς
1461 485 1553 547 καὶ,
1591 481 1656 554 τῇ
1708 477 1919 556 θεότητι

350 568 663 637 πρεπούσας
684 567 774 621 τοῦ
799 571 1134 639 Μονογενοῦς
1156 574 1469 643 ὑπολήψεις,
1500 576 1752 629 ἐλάττονα
1782 573 1919 631 εἶναι

347 657 512 724 λέγει,
547 657 726 728 γυμνῇ
750 661 813 728 τῇ
847 664 993 730 φωνῇ
1017 677 1032 692 ’
1058 664 1115 715 ἐν
1136 663 1193 715 δὲ
1221 666 1286 732 τῇ
1312 663 1521 735 ἐπινοίᾳ
1547 665 1647 733 τῆς
1669 664 1921 732 γνώσεως

347 747 454 798 τῶν
483 747 642 799 θείων
661 787 674 811 ,
717 748 964 803 λανθάνει
994 751 1053 803 τὸ
1083 754 1265 822 μεῖζον
1292 754 1376 806 ἐπ’
1397 753 1562 806 αὐτοῦ
1587 756 1922 809 κατασκευά-

350 838 455 897 ζων
495 854 506 865 ·
540 839 698 909 εἴπερ
735 837 832 910 τὴν
875 839 968 893 τοῦ
1016 842 1227 912 Πατρὺς
1270 845 1477 910 οὐσίαν,
1517 845 1591 908 ὡς
1645 847 1918 916 ἐτοιμοτέ-

353 946 448 996 ραν
506 929 585 990 εἰς
636 929 960 1008 κατανόησιν
1029 933 1386 996 καταλαϐὼν,
1425 935 1505 988 δι’
1561 936 1774 1008 ἐκείνης
1827 939 1919 990 ἀν-

351 1019 578 1086 ιχνεύειν
619 1020 872 1089 πειρᾶται
912 1005 1016 1076 ’καὶ
1068 1020 1472 1093 συλλογίζεσθαι
1521 1026 1614 1080 τοῦ
1659 1028 1787 1081 Υἱοῦ
1819 1029 1917 1100 τὴν

351 1127 528 1176 φυσιν.

427 1202 630 1254 Ἀνεισι
669 1203 798 1271 γοῦν
834 1205 926 1257 ἐπὶ
959 1205 1054 1276 τὴν
1100 1204 1439 1278 γεννήσασαν
1471 1209 1688 1273 οὐσίαν,
1720 1213 1812 1264 καὶ
1851 1204 1916 1264 δι’

353 1292 564 1362 ἐκείνης
582 1295 678 1363 τὴν
702 1296 1051 1364 γεννηθεῖσαν
1071 1298 1376 1364 ἐπισκοπεῖ,
1402 1299 1489 1353 διά
1508 1301 1565 1354 τὸ
1594 1303 1659 1372 τῇ
1691 1306 1914 1374 φυσικῇ,

356 1381 506 1449 φησὶ,
540 1381 631 1433 τοῦ
664 1384 1025 1453 γεννήσαντος
1050 1384 1176 1458 ἀξίᾳ
1200 1387 1504 1442 δείκνυσθαι
1534 1385 1624 1443 τδν
1657 1383 1754 1462 τῆς
1794 1409 1917 1461 γεν-

355 1474 555 1539 νήσεως
590 1470 807 1543 τρόπον.
839 1471 1007 1530 Πάλιν
1045 1477 1202 1530 τοῦτο
1247 1479 1430 1542 ἁπλῶς
1473 1481 1565 1533 καὶ
1601 1483 1917 1551 ἀδιορίστως

356 1563 736 1634 παραρριφέν,
784 1563 875 1620 ἐπὶ
934 1563 1109 1622 πάντα
1179 1566 1572 1641 παραπλησίως
1619 1573 1918 1642 διαχεῖσθαι

356 1653 761 1722 παρασκευάζει
810 1655 904 1718 τοῦ
954 1655 1238 1728 ζητοῦντος
1273 1661 1368 1732 τὴν
1407 1661 1631 1716 ἔννοιαν.
1683 1664 1917 1718 Τοιαῦτα

2035 484 2158 547 (ius,
2193 493 2242 537 et
2276 484 2360 536 cui
2389 483 2605 537 voluerit
2645 479 2818 535 Filius
2853 469 3078 535 revelare
3112 478 3174 531 “.
3214 477 3320 534 Sed
3345 481 3447 536 iste
3471 497 3594 538 cum

2026 573 2261 627 debitam
2290 573 2767 638 existimationem,
2828 586 2991 640 quam
3027 568 3094 624 de
3137 568 3413 640 Unigeniti
3453 571 3593 626 divi-

2025 661 2198 717 nitate
2229 663 2511 726 habemus,
2571 661 2893 714 inminuere
2950 668 3004 713 et
3047 659 3296 714 deterere
3354 661 3594 730 molitur,

2026 745 2292 808 minorem
2324 753 2522 806 Filium
2548 753 2695 806 nuda
2740 767 2875 807 voce
2925 752 3142 817 astruit,
3178 765 3338 820 quem
3376 753 3599 824 ignarus

2025 843 2151 899 licet
2174 844 2433 912 majorem
2470 843 2620 908 facit,
2640 843 2693 896 in
2710 858 2893 897 rerum
2939 841 3245 897 divinarum
3286 858 3602 913 comparan-

2023 932 2092 987 da
2127 934 2466 1003 cognitione:
2503 934 2549 987 si
2597 931 2815 1002 quidem
2863 929 3041 986 Patris
3084 933 3473 996 substantiam,
3509 949 3600 988 ve-

2025 1024 2107 1078 lut
2141 1024 2359 1093 cognitu
2395 1021 2785 1091 expeditiorem
2839 1022 3134 1091 accipiens,
3183 1038 3276 1090 per
3321 1023 3466 1076 illam
3515 1023 3604 1078 in-

2025 1117 2225 1188 dagare
2253 1123 2306 1170 et
2333 1117 2588 1186 colligere
2633 1115 2827 1169 nititur
2859 1123 3110 1170 naturam
3141 1114 3284 1168 Filii.

2093 1207 2355 1262 Ascendit
2401 1207 2567 1275 igitur
2615 1206 2685 1261 ad
2734 1210 2986 1260 naturam
3037 1221 3160 1276 quae
3207 1207 3508 1275 generavit,
3547 1215 3603 1261 et

2024 1313 2120 1366 per
2142 1298 2311 1363 illam,
2336 1298 2648 1353 considerat
2664 1307 2999 1367 generatam,
3026 1313 3092 1351 eo
3125 1297 3269 1366 quod
3312 1312 3408 1366 per
3438 1306 3599 1350 natu-

2024 1389 2191 1442 ralem
2247 1389 2561 1458 generantis
2613 1387 2935 1458 dignitatem
3000 1389 3193 1458 modus
3237 1389 3600 1456 generationis

2022 1477 2452 1532 demonstretur.
2497 1475 2614 1542 Qua
2650 1491 2751 1531 sua
2806 1478 3112 1533 assertione
3164 1478 3236 1532 ita
3281 1478 3601 1548 simpliciter

2021 1579 2075 1622 et
2104 1567 2381 1623 indeﬁnite
2401 1569 2628 1638 prolata,
2646 1568 2714 1622 ad
2737 1569 2920 1622 omnia
2949 1570 3232 1638 aequaliter
3248 1570 3470 1624 lectoris
3487 1571 3601 1624 ani-

2023 1673 2170 1712 mum
2193 1657 2495 1713 diffundere
2524 1663 2579 1713 et
2604 1657 2876 1714 abducere
2901 1666 3092 1713 tentat.
3112 1659 3262 1714 Talia
3287 1661 3431 1715 enim
3450 1671 3598 1726 sunt,

354 1743 462 1813 γάρ
494 1746 606 1797 ἐστι
633 1741 932 1811 καθολικῶς
961 1744 1029 1802 τὰ
1062 1746 1600 1823 δογματιζόμένα,ὦς
1627 1754 1718 1807 ἐπὶ
1741 1756 1917 1809 πάντα

2033 1764 2140 1818 tum
2158 1747 2454 1804 universim
2479 1749 2840 1813 aftirmantur,
2865 1759 2924 1804 ut
2947 1751 3325 1821 cogitationem
3341 1751 3405 1805 ad
3418 1753 3598 1807 omnia

356 1833 614 1903 φέρεσθαι
662 1831 780 1898 ταῖς
830 1833 1250 1906 ὐπονοίαις,κα)⁸
1299 1836 1466 1913 μηδὲν
1513 1845 1918 1914 ὐπεξαιρεῖσθαι

355 1921 453 1994 τῆς
486 1922 883 2000 περιληπτικῆς
914 1931 1257 2001 ἀποφάσεως.
1303 1929 1365 1986 Et
1413 1931 1504 1989 οὖν
1537 1936 1794 2000 πάντωςό
1822 1939 1920 2008 τῆς

362 2016 661 2084 γεννήσεως
709 2017 907 2088 τρόπος
957 2019 1024 2092 τῇ
1073 2026 1272 2094 φυσικῇ
1311 2019 1404 2077 τού
1452 2025 1744 2092 γεννῶντος
1793 2027 1921 2099 ἀξίᾳ

355 2107 700 2176 γνωρίζεται,
750 2108 940 2165 πολλαὶ
977 2108 1034 2165 δέ
1076 2112 1186 2169 τῶν
1223 2117 1512 2169 τικτόντων
1535 2120 1598 2179 ,αἱ
1641 2119 1782 2172 κατά
1825 2119 1922 2182 τὰς

357 2189 513 2258 ἀξίας
567 2196 838 2270 διαφοραὶ,
895 2203 1170 2258 καὶκατὰ
1217 2205 1417 2268 πολλὰς
1472 2207 1714 2271 ἐπινοίας
1757 2227 1924 2262 κατα.-

357 2283 722 2353 λαμὸἀνονται
751 2292 1042 2361 (γεννᾶται
1076 2295 1184 2366 γὰρ
1241 2296 1507 2359 Ἰουδαῖος,
1538 2298 1756 2367 Ἕλλην,
1792 2297 1924 2370 βάρ-

357 2373 560 2446 ϐαρος,
603 2379 848 2453 Σκύθης,
893 2381 1115 2451 δοῦλος,
1155 2387 1477 2457 ἐλεύθερος),
1514 2387 1565 2438 τί
1614 2389 1678 2440 ἐκ
1722 2388 1924 2444 τούτων

360 2469 855 2537 κατασκευάζεται;
882 2475 1000 2528 Ὅτι
1023 2475 1142 2527 ὅσαι
1173 2478 1279 2528 εἰσὶ
1302 2477 1409 2530 τῶν
1438 2477 1750 2546 γεννώντων
1783 2479 1927 2534 κατὰ

358 2557 456 2621 τὰς
480 2562 712 2626 φυσικὰς
736 2559 889 2629 ἀξίας
914 2564 1436 2636 διαφοραὶ,τοσοῦτοι
1461 2571 1554 2623 καὶ
1587 2571 1778 2641 τρόποι
1804 2588 1927 2640 γεν-

360 2649 566 2718 νήσεως
599 2654 736 2705 κατά
768 2654 828 2706 τὸ
856 2655 999 2719 εἰκὸς
1029 2658 1408 2730 εὑρεθήσονται
1428 2661 1532 2725 ’ὡς
1565 2661 1641 2732 μὴ
1669 2663 1806 2716 κατά
1836 2661 1926 2717 τὸν

363 2737 526 2793 αὐτὸν
576 2744 772 2812 τρόπον
820 2747 1154 2818 πληροῦσθαι
1200 2754 1332 2805 πᾶσι
1371 2754 1470 2822 τὴν
1511 2753 1757 2822 γένεσιν“
1794 2753 1929 2810 ἀλλά

361 2833 481 2894 ταῖς
511 2833 618 2885 τῶν
649 2835 955 2901 γεννώντων
1004 2841 1178 2905 ἀξίαις
1203 2843 1301 2905 τὰς
1327 2845 1513 2912 φύσεις
1544 2841 1928 2916 σύμμεταὸἀλ-

362 2922 568 2987 λεσοαι,
601 2925 692 2977 καὶ
733 2926 841 2978 δεῖν
875 2929 1092 3000 ἐκάστῳ
1118 2931 1224 2985 τῶν
1271 2934 1631 3003 τικτομένων,
1663 2936 1802 2988 κατά
1832 2936 1930 3004 τὴν

365 3015 472 3066 τῶν
509 3015 836 3085 ἀξιωμάτων
877 3019 1156 3092 διαφορὰν,
1189 3019 1452 3085 ίδιὰζοντά
1483 3043 1598 3077 τινα
1629 3026 1929 3097 γεννήσεως

2023 1839 2338 1905 traducant,
2390 1840 2634 1910 nihilque
2695 1847 2848 1895 extra
2901 1857 3062 1895 suum
3127 1841 3388 1894 ambitum
3430 1841 3598 1896 relin-

2021 1933 2217 1999 quant.
2244 1929 2299 1984 Si
2323 1930 2488 2000 igitur
2503 1931 2728 1986 omnino
2759 1933 2951 1986 modus
2969 1932 3339 2002 generationis
3360 1947 3425 1986 ex
3449 1942 3597 1986 natu-

2020 2017 2122 2070 rali
2159 2019 2472 2086 generantis
2511 2019 2773 2089 dignitate
2809 2021 3180 2088 cognoscitur,
3222 2012 3600 2092 generadtium

2021 2118 2150 2162 vero
2171 2110 2409 2172 variae,et
2425 2108 2760 2164 diversarum
2787 2111 3068 2165 nationum
3093 2113 3395 2167 secundum
3419 2113 3598 2182 digni-

2023 2205 2188 2253 tatem
2219 2197 2537 2254 dill'erentia:
2577 2201 2963 2270 reperiuntur:
3020 2211 3250 2272 generat
3291 2205 3441 2257 enim
3493 2203 3592 2257 Ju-

2025 2285 2444 2353 dazus,Grzecus,
2466 2289 2760 2358 Barbarus,
2781 2291 3011 2363 Scytha,
3023 2307 3237 2357 servus,
3268 2291 3432 2350 liber:
3469 2293 3601 2363 quid

2025 2387 2093 2434 ex
2126 2379 2212 2435 his
2249 2380 2599 2435 concluditur
2619 2382 2642 2435 2
2661 2381 2744 2436 An
2783 2390 2919 2453 quot
2945 2391 3076 2438 sunt
3106 2383 3484 2452 genera-mium
3513 2398 3598 2438 se-

2027 2471 2267 2524 cundum
2301 2473 2608 2527 naturalem
2635 2471 2955 2542 dignitatem
3014 2481 3246 2536 naturae,
3299 2482 3380 2528 tot
3435 2473 3602 2528 etiam

2027 2561 2173 2615 modi
2197 2562 2585 2631 generationis,
2613 2570 2674 2618 ut
2707 2563 2887 2630 decet,
2914 2564 3179 2619 exsistant
3203 2603 3225 2631 ,
3249 2565 3325 2618 ita
3345 2573 3406 2618 ut
3425 2563 3601 2618 haud-

2029 2661 2303 2721 quaquam
2352 2653 2540 2706 eodem
2579 2653 2742 2708 modo
2773 2654 3050 2724 generatio
3105 2653 3464 2723 perﬁciatur;
3503 2653 3602 2709 sed

2033 2750 2092 2796 ut
2132 2749 2342 2796 natura:
2367 2757 2475 2796 una
2507 2757 2632 2796 cum
2670 2745 3051 2814 generantium
3086 2743 3450 2814 dignitatibus
3486 2760 3605 2798 mu-

2028 2839 2233 2896 tentur,
2269 2831 2536 2900 adeoque,
2567 2840 2628 2885 nt
2670 2833 2895 2887 cuilibet
2926 2847 3139 2896 eorum,
3190 2847 3312 2902 quae
3344 2845 3605 2902 generan-

2029 2928 2139 2985 tur,
2183 2922 2483 2976 secundum
2535 2919 2864 2991 dignitatum
2923 2922 3286 2978 diﬂ'crcntiam
3344 2924 3602 2993 proprius

2029 3011 2248 3080 quidam
2275 3013 2646 3082 generationis
2680 3011 2874 3066 modus
2898 3012 3264 3081 assignandus
3289 3012 3400 3068 sit?
3423 3011 3605 3067 Omni-

366 3105 565 3172 τρόπον
597 3106 1050 3178 καινοτομεΐσθαι.
1088 3113 1225 3164 Πᾶσι
1257 3113 1364 3184 γὰρ
1396 3114 1656 3184 συμφυεῖς
1680 3113 1824 3182 ἀξίαι
1857 3135 1930 3170 τι-

2038 3103 2140 3155 bus
2165 3101 2308 3155 enim
2333 3115 2363 3153 a
2402 3112 2593 3155 natura
2623 3103 2802 3156 insitae
2844 3103 3139 3172 dignitates
3173 3111 3227 3159 et
3267 3103 3606 3158 excellentiae

367 3195 456 3257 νές
488 3199 593 3249 είσι
641 3198 856 3264 πάντως
893 3201 1352 3274 ἐπιθεωρούμεναι
1395 3210 1505 3268 τοῖς
1529 3207 1649 3259 καθ’
1687 3208 1932 3273 ἕκαστον,

365 3284 712 3358 διαφέρουσαι
759 3291 812 3343 δὲ
842 3291 1083 3363 ἀλλήλων
1135 3296 1271 3364 πρὸς
1316 3294 1377 3348 τὸ
1410 3298 1650 3366 κρεῖττον
1687 3298 1719 3368 ἢ
1771 3316 1936 3351 κατα-

368 3375 643 3449 δεέστερον
667 3397 680 3410 ο
698 3380 844 3442 ὅπως
870 3379 935 3435 ἂν
969 3381 1180 3452 ἑκάστῳ
1205 3385 1475 3455 συμπέσῃ,
1501 3385 1673 3453 γένος,
1701 3387 1935 3457 ἀξίωμα,

372 3468 654 3538 θρησκεία,
687 3472 885 3540 πατρὶς
905 3512 918 3534 ,
949 3473 1233 3526 δυναστεία
1253 3517 1269 3540 ,
1299 3475 1529 3540 δουλεία,
1559 3477 1806 3540 πλοῦτος,
1837 3496 1937 3531 πε-

372 3555 488 3619 νία,
517 3557 577 3609 τὸ
633 3559 992 3625 αὐτεξούσιον,
1033 3559 1092 3615 τὸ
1137 3563 1463 3634 ὑποχείριον,
1498 3566 1675 3618 πάντα
1712 3568 1812 3620 ὅσα
1840 3568 1938 3630 τάς

373 3647 516 3699 κατὰ
544 3649 634 3700 τὸν
671 3649 784 3718 βίον
808 3651 1065 3720 διαφορὰς
1093 3655 1149 3705 ἐν
1177 3657 1295 3717 ταῖς
1337 3655 1512 3721 ἀξίαις
1535 3657 1843 3726 ἐργάζεται.
1876 3660 1937 3712 Et

371 3734 462 3790 οὖν
490 3741 555 3808 τῇ
593 3743 793 3810 φυσικῇ
841 3741 933 3793 τοῦ
982 3743 1273 3810 γεννῶντος
1307 3744 1451 3816 ἀξίᾳ,
1498 3745 1676 3808 καθώς
1709 3764 1872 3817 φησιν
1911 3749 1938 3802 ό

375 3826 651 3896 Εὐνόμιος,
679 3831 706 3880 ὁ
733 3831 829 3899 τῆς
855 3833 1158 3900 γεννήσεως
1185 3832 1450 3886 δείκνυται
1475 3835 1672 3904 τρόπος
1711 3838 1729 3907 (
1749 3837 1938 3891 πολλαὶ

374 3915 429 3967 δὲ
452 3919 506 3968 αἱ
541 3918 681 3970 κατὰ
708 3917 803 3980 τὰς
834 3916 987 3984 ἀξίας
1016 3917 1310 3990 διαφοραὶ),
1331 3921 1512 3974 πολλοὶ
1535 3923 1749 3988 πάντως
1775 3925 1866 3978 καὶ
1889 3924 1940 3977 of

375 4005 472 4073 τῆς
511 4009 812 4076 γεννήσεως
849 4008 1056 4078 τρόποι,
1094 4010 1232 4063 κατά
1271 4010 1360 4062 τὸν
1396 4012 1759 4084 δογματιστὴν
1787 4016 1940 4085 εὐρε-

378 4093 646 4162 θήσονται,
674 4095 772 4164 τῆς
805 4097 945 4148 κατὰ
965 4098 1061 4160 τὰς
1083 4097 1235 4162 ἀξίας
1263 4098 1526 4169 διαφορᾶς
1552 4095 1940 4170 νομοθετούσης

377 4187 444 4254 τῇ
468 4185 623 4254 φύσει
649 4187 738 4239 τὸν
760 4189 932 4242 τόκον.

348 4451 353 4454 ’
442 4453 511 4503 Et
539 4452 594 4504 δὲ
627 4451 699 4523 μὴ
727 4453 931 4522 δέχοιτο
953 4453 1181 4522 φυσικὰς
1198 4451 1332 4508 εἶναι
1357 4456 1454 4520 τὰς
1483 4454 1735 4521 τοιαύτας
1759 4457 1935 4525 ἀξίας,

380 4541 453 4604 ὼς
491 4543 594 4609 ἔξω
634 4544 735 4614 τῆς
771 4545 981 4613 φύσεως
1015 4545 1405 4616 θεωρουμένας,
1441 4548 1559 4600 οὐδὲ
1593 4551 1752 4620 ἡμεῖς
1794 4551 1941 4602 ἀντι·-

382 4631 609 4702 λέγομεν
628 4651 641 4664 ’
675 4635 864 4705 ἐκείνῳ
894 4637 1073 4706 μέντοι
1116 4638 1330 4700 πάντως
1364 4639 1703 4709 συνθήσεται,
1734 4641 1815 4693 ὅτι
1842 4659 1941 4708 φυ-

386 4727 505 4794 σικῇ
545 4741 650 4776 τινι
674 4725 887 4787 πάντως
912 4725 1036 4797 ἀξίᾳ
1061 4729 1157 4797 τῆς
1183 4728 1374 4796 ἀλόγου
1403 4729 1547 4799 ζωῆς
1568 4732 1600 4799 ή
1628 4730 1939 4802 ἀνθρωπίνη

385 4814 728 4885 κεχώρισται.
773 4815 910 4868 Ἀλλ’
954 4819 982 4869 ό
1011 4816 1105 4870 τοῦ
1144 4817 1302 4870 τόκου
1337 4819 1537 4891 τρόπος
1598 4821 1852 4889 οὐδεμίαν
1883 4823 1942 4874 ἐν

383 4908 445 4975 τῇ
468 4905 606 4959 κατὰ
631 4906 728 4977 τὴν
751 4907 984 4978 φυσικὴν
1020 4909 1174 4972 ἀξίαν
1201 4909 1433 4980 διαφορᾷ
1464 4911 1560 4980 τὴν
1590 4911 1944 4982 παραλλαγὴν

384 4993 515 5062 ἔχει,
551 4996 917 5066 ὁμοιοτρόπως
944 4997 1040 5066 τῆς
1076 4997 1288 5065 φύσεως
1329 4999 1398 5052 τά
1437 5015 1492 5050 τε
1534 4999 1725 5066 λογικά
1755 4999 1947 5054 καὶτὰ

385 5080 548 5149 ἄλογα
577 5083 664 5136 διά
687 5084 785 5152 τῆς
814 5086 1115 5155 γεννήσεως
1145 5087 1223 5149 είς
1255 5087 1351 5157 τὴν
1393 5085 1536 5157 ζωήν
1575 5089 1942 5159 παραγούσης.

389 5171 528 5224 Εἰδέ
561 5174 654 5226 ἐπὶ
688 5175 855 5243 μόνης
899 5177 1110 5246 ἐκείνης
1153 5179 1251 5246 τῆς
1295 5176 1479 5240 οὐσίας
1517 5179 1634 5248 τῆς,
1676 5178 1751 5242 ὡς
1786 5180 1948 5242 αὐτὸς

385 5262 664 5333 ὀνομάζει,
694 5265 1051 5332 κυριωτάτης
1076 5267 1576 5337 καὶάνωτάτης.τὸ
1587 5265 1830 5337 συμφυὲς
1843 5268 1953 5333 ἀξίσ

394 5373 519 5424 ωμα
551 5351 921 5422 καταλμϐἀνει
939 5396 952 5419 ,
980 5353 1174 5424 ἴδωμεν
1192 5354 1217 5406 ὃ
1239 5371 1290 5407 τι
1350 5355 1440 5408 καὶ
1456 5353 1589 5408 νοῶν
1604 5353 1758 5406 τοῦτο
1770 5354 1944 5422 λέγει.

397 5439 480 5501 Ὡς
510 5441 606 5508 μὲν
628 5441 776 5509 γὰρό
796 5441 1060 5512 ἡμέτερος
1095 5442 1269 5512 λόγος,
1296 5443 1538 5516 συμφυές
1563 5444 1706 5498 ἐστιν
1731 5444 1946 5515 ἀξίωμα

462 5585 508 5616 ³⁵
550 5587 737 5641 Matth.
772 5604 848 5648 xl,
878 5587 968 5640 27.
1020 5626 1023 5627 ν

709 5707 970 5763 Parnm.
1025 5703 1142 5760 Gn.
1175 5701 1362 5760 ΧῙΝ.

2038 3200 2185 3256 sunt,
2214 3207 2349 3260 quas
2377 3193 2431 3246 in
2487 3191 2719 3262 singulis
2754 3193 3000 3247 invenire
3051 3195 3200 3257 licet,
3227 3193 3603 3262 discrepantes

2038 3280 2287 3334 nonnihil
2311 3296 2342 3333 a
2371 3295 2433 3336 se
2465 3287 2679 3347 mutuo,
2713 3280 3018 3337 secundum
3049 3282 3226 3350 majus
3273 3290 3327 3335 et
3376 3283 3600 3338 minus:

2039 3372 2109 3425 ita
2143 3378 2203 3424 ut
2232 3371 2511 3439 quodlibet
2539 3385 2752 3438 eorum,
2784 3386 2905 3440 quae
2935 3379 3286 3441 generantur,
3315 3385 3416 3440 pro
3435 3371 3612 3442 digni-

2038 3469 2208 3514 tatum
2239 3461 2612 3530 proportione,
2639 3463 2974 3516 comitentur
3004 3461 3301 3531 peculiaria
3331 3463 3602 3530 quaedam,

2038 3563 2096 3604 ut
2117 3565 2308 3620 genus,
2331 3551 2590 3621 dignitas,
2623 3552 2836 3623 religio,
2866 3553 3065 3622 patria,
3107 3553 3376 3622 potentia,
3436 3553 3604 3607 servi-

2038 3650 2150 3706 tus,
2182 3643 2403 3706 divitiae,
2437 3651 2751 3712 paupertas,
2780 3643 3002 3698 libertas
3035 3643 3268 3704 arbitrii.
3303 3642 3600 3712 subjectio,

2038 3737 2092 3786 et
2120 3731 2305 3784 omnia
2334 3731 2462 3796 alia,
2484 3747 2605 3800 qua:
2628 3732 2680 3785 iu
2706 3732 2808 3784 hac
2837 3731 2947 3785 vita
2978 3729 3340 3785 diﬂ‘erentiam
3365 3732 3602 3800 aliquam

2039 3821 2401 3876 constituunt.
2441 3819 2497 3873 Si
2532 3820 2698 3890 igitur
2721 3820 2959 3874 naturali
2989 3823 3304 3891 generantis
3345 3821 3605 3892 dignitate

2039 3912 2235 3966 modus
2272 3910 2646 3982 generationis
2677 3909 3006 3976 ostenditur,
3043 3920 3102 3966 ut
3130 3911 3262 3966 dicit
3283 3911 3603 3972 Eunomius,

2037 4003 2203 4057 variae
2231 4009 2411 4056 autem
2439 4009 2567 4056 sunt
2590 4001 2890 4056 secundum
2916 4002 3232 4071 dignitatem
3261 3999 3603 4064 dill‘erentiae,

2040 4096 2199 4164 plane
2229 4093 2478 4163 sequitur
2500 4095 2668 4147 etiam
2693 4093 2876 4148 varios
2907 4107 3053 4154 esse,
3083 4108 3149 4147 ex
3194 4091 3472 4146 novatoris
3505 4093 3601 4142 hu-

2035 4185 2126 4255 jus
2147 4185 2436 4249 sententia,
2487 4184 2856 4253 generationis
2914 4183 3128 4246 modos,
3169 4191 3223 4237 et
3285 4183 3388 4235 alia
3450 4181 3608 4235 aliter

2039 4275 2233 4340 nasci;
2267 4289 2390 4328 cum
2423 4289 2545 4342 quae
2577 4273 2879 4328 secundum
2905 4272 3201 4341 dignitates
3230 4278 3316 4325 est
3349 4269 3604 4324 diﬂ‘eren-

2041 4367 2135 4430 tia,
2167 4373 2418 4418 naturam
2457 4365 2514 4417 in
2534 4369 2692 4432 partu
2721 4361 2875 4430 quasi
2913 4360 3124 4428 legibus
3158 4359 3597 4414 circumscribat.

2115 4453 2269 4521 Quod
2303 4454 2348 4509 si
2379 4454 2502 4522 quis
2536 4467 2645 4506 non
2677 4451 2941 4514 admittat,
2973 4448 3282 4517 hujusmodi
3312 4448 3606 4520 dignitates

2044 4565 2165 4614 esse
2197 4546 2496 4608 naturales,
2556 4558 2681 4597 cum
2743 4551 2893 4596 extra
2955 4547 3167 4595 naturae
3200 4541 3346 4610 leges
3397 4544 3630 4596 versari.

2045 4640 2352 4702 videantur,
2384 4650 2509 4690 cum
2543 4634 2646 4688 hoc
2671 4647 2780 4687 non
2799 4631 3234 4702 digladiabimur.
3256 4632 3390 4686 Illud
3425 4641 3606 4688 tamen

2046 4727 2268 4782 omnino
2299 4722 2702 4778 concedendum
2737 4720 2860 4784 erit,
2893 4720 3124 4774 naturali
3155 4721 3385 4790 quadam
3433 4722 3608 4792 digni-

2049 4829 2159 4876 tate
2190 4827 2244 4876 et
2269 4816 2629 4889 pracellentia
2675 4814 2967 4868 humanam
3001 4814 3166 4868 vitam
3213 4815 3283 4870 ab
3325 4816 3439 4881 illa,
3489 4832 3607 4885 qua:

2041 4910 2257 4964 ratione
2283 4915 2452 4972 caret,
2473 4904 2904 4961 discriminatam
2931 4917 3089 4969 esse;
3117 4910 3172 4957 at
3197 4915 3386 4974 partus
3416 4906 3610 4961 modus

2045 5001 2246 5054 nullam
2272 4998 2490 5069 penitus
2519 4997 2573 5050 in
2625 4995 2929 5050 dili'erentia
2974 4997 3274 5052 secundum
3307 4997 3608 5052 naturalem

2044 5089 2385 5160 dignitatem,
2414 5085 2767 5140 variationem
2797 5084 2980 5148 habet,
3020 5086 3147 5156 quia
3178 5095 3371 5140 natura
3415 5083 3606 5138 eodem

2046 5178 2208 5233 modo
2245 5185 2356 5230 tam
2393 5175 2620 5256 rationis
2647 5174 2888 5244 capacia.
2919 5190 3080 5244 quam
3118 5175 3348 5228 rationis
3365 5171 3608 5239 expertia

2029 5265 2566 5338 eperfgenerationem
2584 5264 2637 5317 in
2654 5264 2793 5316 hanc
2809 5264 2982 5318 lucem
3013 5264 3143 5317 edit.
3178 5261 3234 5314 Si
3263 5273 3391 5312 vero
3412 5259 3463 5309 in
3491 5257 3607 5310 sola

2047 5357 2140 5410 illa
2180 5362 2396 5418 natura,
2427 5367 2590 5422 quam
2623 5353 2739 5420 ipse
2774 5351 3192 5420 propriissimam
3223 5355 3270 5398 et
3306 5357 3604 5412 supremam

2051 5446 2316 5511 nominat,
2341 5443 2562 5498 insitam
2606 5441 2920 5512 dignitatem
2956 5433 3289 5518 'constituit,
3328 5430 3606 5486 videamus

3209 5679 3285 5741 13
