4064 6146
426 317 541 373 395

1655 312 1717 367 S.
1759 309 2085 367 GREGORII
2142 308 2432 366 NYSSENI

3563 307 3665 361 396

426 426 566 494 quid
593 423 807 487 tandem
847 423 973 478 talia
1010 422 1219 488 dicens,
1273 436 1304 477 a
1339 422 1497 478 nobis
1540 422 1767 493 intelligi
1817 423 1983 477 velit:

2093 422 2165 491 τῲ
2194 420 2331 491 Θεῷ,
2357 420 2493 491 αὐτὴ
2522 422 2553 491 ἡ
2579 420 2764 492 θεότης
2786 463 2799 487 ,
2827 423 2859 492 ἡ
2892 420 3071 485 σοφία,
3105 421 3137 490 ἡ
3171 418 3417 488 δύναμις,
3445 416 3507 471 τὸ
3532 418 3664 487 ἀγα-

433 534 585 585 nam,
618 525 676 570 ut
704 530 806 571 nos
839 514 1057 584 quidem
1088 514 1439 579 arbitramur,
1465 512 1572 570 Deo
1595 520 1824 584 cognata
1844 521 1993 576 sunt,

432 610 551 679 ipsa
618 606 895 670 divinitas,
952 605 1241 675 sapientia,
1285 605 1545 674 potentia,
1578 604 1816 669 bonitas,
1850 602 1996 673 judi-

430 700 598 763 cium,
622 697 852 767 justitia,
884 695 1165 762 fortitudo,
1190 695 1596 767 longanimitas,
1619 694 1843 757 veritas,
1872 708 1993 749 esse

431 796 757 854 creatorem,
783 786 1179 842 dominatorem
1202 826 1217 853 ,
1263 786 1612 849 invisibilem,
1670 783 1991 839 intermina-

428 888 571 943 tum,
605 887 658 935 et
693 881 740 935 si
762 877 892 950 quid
921 878 1067 933 aliud
1104 877 1269 948 hujus
1301 878 1516 948 generis
1548 879 1615 933 ad
1648 878 1875 949 gloriam
1899 876 1993 932 Dei

430 968 891 1038 ampliﬁcandam,
923 967 1189 1024 divinitus
1220 967 1488 1037 inspirata
1541 966 1823 1036 Scriptura
1873 978 1996 1036 pro-

432 1058 590 1125 didit,
624 1073 745 1128 quae
774 1059 955 1113 omnia
984 1059 1148 1112 etiam
1185 1058 1467 1128 unigenito
1494 1056 1633 1111 Filio
1675 1057 1896 1128 proprie
1941 1067 1994 1111 et

428 1165 467 1203 a
501 1149 905 1204 na'turadnesse
933 1149 1253 1215 asserimus,
1297 1150 1581 1218 solumque
1615 1148 1671 1202 in
1716 1162 1782 1203 eo
1847 1147 1991 1218 quod

427 1246 517 1294 est
553 1238 806 1309 principii
841 1246 1115 1308 expertem
1169 1254 1314 1304 esse,
1353 1238 1712 1294 diﬁ‘erentiam
1769 1238 1995 1292 conﬁte-

431 1344 556 1383 mur
580 1346 598 1397 ;
633 1343 810 1398 neque
842 1336 1023 1384 tamen
1048 1329 1302 1400 principii
1327 1339 1606 1400 expertem
1630 1344 1752 1385 esse
1774 1330 1991 1401 penitus

426 1433 460 1472 a
490 1416 626 1472 Filio
659 1418 977 1475 abdicamus
1034 1421 1051 1487 (
1076 1435 1235 1473 nemo
1265 1421 1570 1475 orationem
1622 1428 1865 1474 nostram
1900 1433 1993 1473 ca~

429 1509 699 1563 lumniose
729 1510 966 1574 vellicet,
999 1511 1156 1580 quasi
1186 1510 1563 1566 demonstrare
1592 1510 1822 1565 velimus
1843 1524 1988 1573 eum,

425 1603 522 1670 qui
565 1617 689 1657 vere
726 1600 896 1657 Filius
926 1611 1032 1666 est,
1067 1618 1190 1659 esse
1215 1604 1549 1675 ingenitum;
1576 1618 1684 1658 non
1718 1604 1859 1659 enim
1886 1602 1989 1657 mi-

431 1708 535 1747 nus
582 1692 879 1761 impietatis
930 1693 1254 1748 damnamus
1296 1694 1404 1748 tale
1434 1693 1564 1763 quid
1613 1693 1892 1761 docentes,
1928 1707 1990 1747 ac

428 1784 574 1848 illos,
619 1784 712 1852 qui
774 1783 1195 1854 inmqualitatem
1250 1784 1681 1853 introducunt);
1735 1786 1829 1841 sed
1869 1801 1991 1840 cum

428 1875 751 1929 vocabulum
787 1876 1033 1945 principii
1066 1878 1233 1930 variis
1275 1876 1600 1946 signiﬁcatis
1657 1884 1893 1948 constet,
1944 1885 1998 1932 et

429 1967 671 2022 animum
705 1967 774 2022 ad
818 1968 974 2038 plura
1006 1966 1210 2033 ducat,
1240 1967 1476 2024 dicimus
1518 1982 1643 2022 esse
1680 1969 1844 2023 etiam
1893 1968 1995 2021 ali-

421 2059 583 2128 quid,
614 2057 915 2112 secundum
967 2059 1113 2127 quod
1178 2058 1448 2127 principio
1483 2072 1671 2112 carere
1726 2067 1999 2127 competat

426 2147 615 2203 itidem
644 2147 801 2202 Filio.
849 2147 1080 2213 Quando
1124 2148 1269 2201 enim
1310 2148 1413 2201 hac
1438 2163 1571 2201 voce
1622 2148 1996 2219 signiﬁcamus

423 2236 483 2291 id
520 2239 664 2306 quod
693 2252 760 2291 ex
789 2236 942 2290 nullo
969 2236 1186 2306 penitus
1219 2237 1491 2307 principio
1514 2252 1667 2293 suam
1694 2238 1994 2294 subsisten-

422 2326 561 2380 tiam
596 2325 781 2391 habet,
813 2332 927 2379 tum
962 2325 1216 2396 principii
1241 2333 1515 2396 expertem
1548 2341 1690 2392 esse,
1734 2335 1993 2397 tanquam

427 2416 601 2471 solius
638 2416 818 2473 Patris
853 2417 1078 2487 ingeniti
1108 2416 1389 2487 proprium
1420 2418 1769 2473 conﬁtemur.
1800 2418 1990 2484 Quan-

427 2507 499 2562 do
532 2522 662 2563 vero
696 2507 765 2563 de
803 2507 1029 2578 reliquis
1068 2508 1324 2579 principii
1374 2508 1699 2579 signiﬁcatis
1731 2509 1993 2581 disquisi-

427 2600 503 2654 tio
528 2600 857 2663 instituitur,
891 2615 1017 2653 cum
1041 2608 1095 2653 et
1133 2606 1397 2654 creaturae
1424 2600 1496 2657 sit
1534 2601 1889 2673 principium,
1940 2610 1994 2658 et

426 2692 711 2761 temporis,
741 2700 796 2746 et
823 2690 1053 2757 ordinis,
1081 2690 1244 2746 etiam
1277 2692 1331 2747 in
1370 2692 1459 2749 bis
1502 2693 1845 2764 unigenitum
1898 2694 1992 2749 Fi-

420 2782 557 2836 lium
592 2781 740 2836 omni
774 2780 1047 2852 principio
1079 2782 1414 2852 superiorem
1439 2797 1561 2839 esse
1590 2784 1851 2840 docemus
1876 2802 1889 2838 :
1918 2785 1992 2839 ita

422 2881 487 2928 ut
522 2888 667 2936 eum,
708 2887 807 2942 per
840 2887 1001 2941 quem
1033 2871 1179 2927 facta
1210 2882 1339 2929 sunt
1384 2874 1589 2938 omnia,
1636 2890 1800 2944 supra
1833 2890 1993 2931 omne

419 2969 693 3016 creaturae
721 2959 1073 3030 principium,
1124 2968 1178 3015 et
1221 2960 1485 3031 temporis
1519 2959 1811 3026 rationem,
1850 2960 1993 3015 ordi-

2096 510 2185 565 θὸν
2228 507 2396 574 εἶναι,
2436 511 2660 581 κριτὴν,
2694 512 2932 576 δίκαιον,
2971 509 3219 580 ἰσχυρὸν,
3277 507 3665 579 μακρόθυμον,
3764 544 3777 551 ι

2095 600 2361 669 ἀληθινὸν,
2399 600 2641 670 κτίστην,
2684 598 3053 668 ἐξουσιαστὴν,
3088 597 3339 666 ἀόρατον,
3379 595 3669 667 ἀτελεύτη-

2094 708 2205 754 τον,
2234 691 2327 743 καὶ
2357 690 2410 742 εἴ
2433 707 2486 742 τι
2514 690 2640 744 ἄλλο
2672 690 2779 742 τῶν
2805 691 2883 752 εἰς
2911 688 3214 756 δοξολογίαν
3240 685 3389 757 παρὰ
3416 686 3517 755 τῆς
3551 685 3671 740 θεο-

2095 780 2357 834 πνεύστου
2388 781 2605 851 Γραφῆς
2634 779 2936 851 εἰρημένων
2962 779 3138 832 ἐστίν’
3172 777 3315 847 ἆπερ
3348 777 3525 829 πάντα
3572 777 3670 829 καὶ

2093 873 2169 945 τῷ
2196 877 2470 944 μονογενεί
2495 873 2608 945 Υἱῷ
2633 874 2835 945 κυρίως
2862 875 2954 927 καὶ
2996 874 3257 942 συμφυῶς
3278 872 3664 943 ἐνθεωρεῖσοαί

2094 982 2302 1035 φαμεν·
2338 966 2393 1017 ἐν
2430 964 2565 1037 μόνῃ
2601 966 2665 1035 τῇ
2693 964 2834 1017 κατὰ
2860 964 2919 1017 τὸ
2958 965 3188 1035 ἄναρχον
3226 965 3404 1035 ἐννοίᾳ
3429 966 3525 1035 τὴν
3551 964 3666 1016 δια-

2095 1055 2265 1127 φορὰν
2294 1056 2666 1126 ἐπιστάμενοι,
2703 1056 2795 1108 καί⁵
2832 1054 3034 1124 ταύτην
3057 1056 3117 1108 οὐ
3149 1055 3287 1108 κατὰ
3317 1057 3498 1108 πᾶσαν
3531 1056 3665 1106 ὑπό-

2094 1164 2241 1200 νοιαν
2285 1146 2377 1200 τοῦ
2406 1146 2743 1215 Μονογενοῦς
2774 1146 3149 1217 άποτέμνομεν
3184 1164 3197 1177 ⁸
3234 1148 3421 1217 μηδεὶς
3451 1147 3507 1200 δὲ
3548 1147 3666 1199 δια-

2094 1239 2452 1308 σπαρασσέτω
2486 1236 2574 1290 διὰ
2624 1237 2987 1305 συκοφαντίας
3018 1239 3106 1293 τὸν
3125 1238 3280 1307 λόγον
3297 1281 3311 1304 ,
3336 1240 3410 1302 ὡς
3436 1238 3667 1309 ἀγέννη-

2091 1344 2183 1379 τον
2220 1325 2373 1397 ἡμῶν
2397 1325 2659 1379 δεικνύειν
2687 1327 3104 1399 ἐπιχειρούντων
3131 1328 3223 1382 τὸν
3262 1327 3477 1399 άληθῶς
3503 1329 3664 1383 Υἱόν⁴

2090 1416 2240 1469 οὐδὲν
2275 1416 2382 1487 γὰρ
2413 1416 2631 1470 ἔλαττον
2659 1417 2874 1471 ἀσεϐεῖν
2914 1418 3039 1481 τοὺς
3069 1418 3135 1472 τὰ
3160 1418 3382 1473 τοιαῦτα
3411 1419 3666 1487 λέγοντας

2090 1506 2198 1559 τῶν
2234 1508 2293 1559 τὸ
2343 1508 2588 1578 ἀνόμοιον
2625 1508 3055 1578 δογματιζόντων
3103 1510 3466 1581 διοριζόμεθα.
3519 1511 3659 1562 ’Λλλ’

2091 1598 2276 1669 ἐπειδὴ
2306 1599 2614 1670 πολύσημος
2643 1602 2672 1653 ὁ
2699 1600 2797 1670 τῆς
2839 1599 3026 1669 ἀρχῆς
3052 1601 3226 1670 λόγος,
3266 1602 3360 1655 καὶ
3384 1604 3463 1665 είς
3495 1601 3666 1656 πολλᾶ

2094 1692 2213 1753 ταῖς
2242 1690 2514 1752 ὑπονοίαις
2543 1690 2839 1762 φερόμενος
2857 1708 2870 1722 ·
2899 1690 3043 1743 ἐστιν
3072 1693 3128 1746 ἐν
3162 1688 3242 1755 οἷς
3267 1710 3445 1763 φαμεν
3475 1693 3673 1763 καὶτῷ

2028 1749 2070 1807 Β
2107 1749 2384 1851 μονογενεῖ
2725 1749 3089 1851 ἀπεμφαίνειν
3279 1749 3384 1835 ’τοῦ
3432 1749 3670 1852 ἀνάρχού

2099 1872 2487 1942 προσηγορίαν.
2521 1873 2689 1925 Ὅταν
2737 1874 2834 1943 μὲν
2864 1874 2972 1945 γὰρ
3009 1873 3068 1927 τὸ
3110 1872 3183 1943 μὴ
3231 1873 3291 1936 ἐξ
3319 1874 3490 1926 αἰτίου
3527 1873 3674 1937 τινὸς

2096 1963 2194 2034 τὴν
2223 1964 2516 2018 ὑπόστασιν
2545 1965 2687 2034 ἔχειν
2714 1965 2778 2018 ἐκ
2805 1965 2904 2035 τῆς
2932 1965 3113 2035 φωνῆς
3151 1963 3243 2016 τοῦ
3271 1964 3509 2034 άνάρχου
3543 1965 3671 2034 νοῆ-

2095 2071 2203 2119 ται,
2235 2055 2390 2108 τούτο
2421 2055 2581 2126 μόνον
2600 2055 2692 2109 τοῦ
2733 2055 2942 2126 Πατρὸς
2968 2056 3097 2108 ἴδιον
3122 2054 3490 2125 ὁμολογοῦμεν
3511 2071 3522 2083 ·
3544 2057 3671 2110 ὅταν

2096 2145 2153 2198 δὲ
2184 2146 2323 2199 κατὰ
2367 2146 2433 2198 τά
2464 2146 2622 2199 λοιπὰ
2653 2145 2761 2200 τῶν
2788 2146 2882 2200 ἐπὶ
2927 2146 3025 2216 τῆς
3057 2146 3230 2215 ἀρχῆς
3258 2146 3671 2217 σημαινομένων

2095 2235 2399 2306 ήέξέτασις
2443 2234 2512 2309 ᾖ,
2547 2236 2733 2307 ἐπειδὴ
2780 2238 2873 2290 καὶ
2928 2236 3156 2298 κτίσεώς
3189 2254 3331 2300 τινος
3379 2238 3672 2291 ἐπινοεῖται

2094 2326 2256 2397 ἀρχὴ,
2284 2327 2377 2379 καὶ
2426 2327 2616 2397 χρόνου
2641 2366 2655 2394 ,
2700 2327 2793 2380 καὶ
2836 2327 3063 2394 τάξεως,
3098 2330 3200 2382 κάν
3221 2327 3435 2392 τούτοις
3471 2329 3564 2381 καὶ
3592 2328 3671 2397 τῷ

2095 2420 2387 2487 Μονογενεῖ
2430 2419 2956 2490 προσμαρτυροῦμεν
3006 2420 3067 2474 τὺ
3122 2421 3452 2492 ὑψηλότερον
3499 2423 3673 2493 ἀρχῆς

2095 2505 2253 2575 εἶναι,
2280 2508 2356 2573 ὡς
2380 2510 2519 2581 ὑπὲρ
2545 2511 2723 2564 πᾶσαν
2746 2511 2976 2574 κτίσεως
3001 2512 3197 2582 ἀρχὴν,
3237 2514 3331 2565 καὶ
3368 2513 3558 2583 χρόνου
3586 2514 3671 2565 ἑν.-

2094 2618 2281 2665 νοιαν,
2328 2603 2423 2654 καὶ
2476 2600 2680 2666 τάξεως
2726 2601 3046 2655 ἀκολουθίαν
3097 2596 3235 2656 εἶναι
3287 2603 3561 2656 πιστεύειν
3611 2603 3672 2656 τὺ

2093 2690 2159 2743 δι’
2193 2682 2253 2743 οὐ
2278 2691 2345 2743 τὰ
2372 2690 2548 2744 πάντα
2580 2689 2794 2758 ἐγένετο
2815 2705 2827 2719 '
2859 2689 2997 2745 ὥστε
3029 2691 3120 2745 τὸν
3147 2691 3225 2763 τῷ
3248 2692 3390 2763 λόγῳ
3412 2693 3511 2763 τῆς
3536 2694 3667 2746 ὑπο-

2097 2781 2340 2844 στάσεως
2396 2782 2470 2852 μὴ
2508 2781 2762 2853 ἄναρχον,
2794 2782 2850 2834 ἐν
2882 2784 2996 2846 τοῖς
3050 2783 3229 2847 ἄλλοις
3272 2785 3440 2837 πᾶσιν
3474 2785 3668 2854 ὁμολο-
3724 2780 3733 2833 Ξ

2093 2874 2354 2944 γούμενον
2408 2874 2552 2944 ἔχειν
2596 2873 2655 2926 τὸ
2705 2874 2970 2945 ἄναρχον·
3005 2875 3098 2929 καὶ
3143 2874 3233 2928 τὸν
3286 2875 3383 2945 μὲν
3418 2875 3659 2947 Πατέρα,
3729 2883 3733 2893 '

2094 2967 2188 3020 καὶ
2230 2968 2482 3036 ἄναρχον,
2518 2965 2610 3018 καὶ
2657 2965 2947 3036 ἀγέννητον
2977 2981 2994 2998 ο
3026 2965 3114 3019 τὸν
3160 2966 3217 3020 δὲ
3265 2966 3389 3019 Υίδν
3435 2967 3668 3036 ἄναρχον

425 3051 624 3120 nisque
644 3050 1087 3105 consecutionem
1109 3057 1162 3105 et
1175 3049 1373 3105 seriem
1398 3058 1644 3105 evectum
1669 3052 1984 3119 credamus;

2097 3057 2193 3129 μὲν
2236 3056 2376 3111 κατὰ
2409 3057 2496 3110 τὸν
2541 3055 2830 3128 εἰρημένον
2869 3056 3066 3127 τρόπον
3099 3097 3113 3123 ,
3141 3058 3200 3111 οὐ
3230 3057 3336 3129 μὴν
3390 3058 3485 3111 καὶ
3512 3058 3669 3124 ἀγέν-

428 3144 613 3211 itaque
642 3156 804 3213 quem
833 3140 887 3195 in
914 3141 1193 3212 hypostasi
1235 3140 1490 3211 principii
1550 3149 1826 3209 expertem
1873 3156 1996 3201 esse

2101 3164 2281 3218 νητον.

424 3248 709 3303 negamus,
741 3249 865 3290 eum
894 3233 949 3288 in
977 3234 1098 3288 aliis
1141 3233 1395 3289 omnibus
1423 3234 1679 3305 principii
1711 3245 1989 3306 expertem
2028 3236 2360 3307 statuimus;
2423 3246 2480 3294 et
2542 3238 2760 3295 Patrem
2796 3240 3019 3311 quidem
3076 3239 3336 3310 principii
3393 3248 3671 3308 expertem

422 3333 479 3379 et
508 3326 904 3390 innascibilem,
941 3324 1140 3379 Filium
1177 3332 1359 3381 autem
1413 3326 1479 3380 ad
1550 3326 1871 3397 praedictum
1921 3315 2144 3387 modum
2208 3331 2466 3402 principii
2511 3340 2813 3403 expertem,
2856 3347 2968 3387 non
3034 3340 3217 3386 tamen
3278 3328 3661 3385 innascibilem

420 3432 546 3474 esse
578 3419 858 3473 docemus.

496 3511 553 3563 In
585 3523 745 3578 quam
774 3509 939 3576 igitur
978 3515 1266 3575 cognatam
1301 3504 1479 3561 Patris
1527 3506 1845 3578 dignitatem
1903 3510 1991 3564 in-

417 3611 606 3662 tuens,
637 3613 735 3667 per
774 3597 922 3650 illam
953 3595 1317 3665 generationis
1352 3596 1573 3650 modum
1625 3598 1880 3670 colligit?
1933 3599 1991 3655 In

430 3688 937 3750 innascibilitatem,
975 3685 1368 3756 respondebit,
1420 3687 1635 3756 Opinor.
1707 3688 1880 3760 Igitur
1945 3691 1992 3746 si

428 3781 612 3845 omnia
641 3780 748 3833 alia
769 3778 1011 3844 nomina,
1052 3792 1175 3848 quae
1207 3778 1273 3834 ad
1307 3778 1536 3850 gloriam
1585 3779 1682 3835 Dei
1707 3782 1994 3838 celebran-

420 3873 554 3928 dam
584 3871 914 3941 accepimus,
942 3870 1125 3924 inania
1152 3878 1206 3926 et
1234 3871 1541 3941 signiﬁcatu
1571 3871 1834 3930 destituta
1866 3891 1994 3931 cen-

419 3980 542 4031 ses,
586 3962 863 4034 superﬂua
906 3961 1012 4017 erit
1059 3963 1249 4016 talium
1281 3977 1476 4017 vocum
1519 3966 1882 4032 enumeratio,
1933 3968 1991 4023 in

425 4055 548 4114 solo
576 4063 633 4111 et
656 4054 802 4109 nudo
824 4053 1072 4124 catalogo
1097 4053 1275 4123 posita
1309 4071 1322 4108 :
1352 4053 1625 4124 siquidem
1652 4056 1800 4109 nulla
1841 4066 1993 4113 caete-

424 4163 615 4203 rarum
659 4146 1089 4219 appellationum
1154 4146 1458 4201 naturalem
1496 4146 1639 4216 ejus,
1674 4150 1767 4218 qui
1826 4165 1993 4219 supra

427 4241 613 4296 omnia
664 4246 770 4305 est,
813 4237 1142 4309 dignitatem
1185 4239 1353 4294 menti
1394 4238 1603 4309 objicit.
1655 4241 1724 4294 At
1778 4256 1906 4296 vero
1944 4242 1993 4297 si

418 4328 665 4400 singulis
686 4328 977 4383 vocabulis
1003 4343 1125 4398 qua:
1154 4330 1720 4396 recensuimus,notio
1750 4334 1989 4404 propria,

2167 3510 2261 3574 Εἰς
2290 3511 2437 3563 ποῖον
2463 3502 2556 3563 οὖν
2582 3508 2822 3580 συμφυὲς
2840 3502 3055 3579 ἀξίωμα
3079 3508 3173 3562 τοῦ
3198 3509 3415 3579 Πατρὸς
3435 3509 3667 3579 βλέπων.

2095 3604 2161 3656 δι’
2191 3603 2394 3658 ἐκείνου
2420 3602 2511 3656 τὸν
2535 3604 2634 3673 τῆς
2670 3604 2973 3674 γεννήσεως
3009 3603 3209 3674 τρόπον
3253 3604 3669 3673 ἀναλογίζεται;

2098 3695 2193 3757 Εἰς
2237 3692 2333 3764 τὴν
2390 3693 2740 3764 άγεννησίαν,
2772 3693 2990 3757 πάντως
3028 3695 3162 3764 ἐρεῖ.
3220 3694 3424 3749 Οὐκοῦν
3468 3698 3519 3748 εἰ
3570 3698 3670 3767 μὲν

2098 3781 2275 3834 πάντα
2300 3781 2367 3834 τά
2401 3781 2656 3850 ὀνόματα,
2685 3782 2784 3834 ὅσα
2817 3783 2895 3845 εἰς
2926 3781 3224 3850 δοξολογίαν
3262 3782 3356 3836 τοῦ
3386 3783 3520 3837 Θεοῦ
3562 3785 3671 3839 τῶν

2096 3871 2234 3925 ὅλων
2288 3872 2598 3942 ἐμάθομεν,
2642 3873 2789 3945 ἀργά
2829 3890 2911 3927 σοι
2952 3874 3045 3928 καὶ
3088 3875 3375 3945 ἀσήμαντα
3417 3876 3667 3949 λέγομεν,

2099 3964 2321 4034 περιττή
2363 3962 2448 4027 τίς
2496 3965 2612 4016 ἐστι
2650 3963 2745 4016 καὶ
2796 3965 3141 4034 παρέλκουσα
3189 3967 3221 4035 ἡ
3258 3966 3367 4021 τῶν
3415 3967 3670 4023 τοιούτων

2092 4053 2284 4122 φωνῶν
2313 4054 2690 4126 ἀπαρίθμησις
2712 4056 2769 4109 ἐν
2797 4054 2936 4125 ψιλῷ
2963 4056 3041 4126 τῷ
3072 4057 3355 4128 καταλόγῳ
3394 4076 3669 4130 προφερο-

2096 4146 2253 4217 μένη,
2284 4147 2439 4217 εἴπερ
2487 4146 2712 4216 οὐδεμία
2763 4145 2871 4198 τῶν
2913 4146 3114 4200 λοιπῶν
3160 4149 3542 4221 προσηγοριῶν
3570 4149 3669 4221 τὴν

2093 4236 2324 4306 φυσικὴν
2354 4235 2506 4301 ἀξίαν
2562 4235 2655 4288 τοῦ
2710 4236 2802 4288 ἐπὶ
2851 4237 3067 4291 πάντων
3117 4240 3479 4310 παρίστησινο
3513 4240 3563 4292 εἰ
3608 4241 3669 4294 δὲ

2092 4326 2322 4380 ἑκάστου
2365 4324 2474 4378 τῶν
2518 4325 2824 4395 λεγομένων
2876 4325 3152 4389 ἰδιάζουσά
3196 4345 3281 4391 τις
3329 4329 3535 4393 ἔννοια,
3570 4330 3668 4383 καὶ

416 4426 482 4474 et
509 4418 901 4474 existimationi
941 4416 1139 4473 divinae
1175 4428 1545 4476 consentanea
1577 4422 1986 4478 substernitur:

2094 4416 2375 4487 πρέπουσα
2404 4421 2470 4490 τῇ
2503 4416 2630 4487 περὶ
2664 4415 2798 4468 Θεοῦ
2835 4415 3098 4486 ὑπολήψει
3150 4422 3688 4495 γνωρίζεταιοδηλον.

418 4509 705 4566 enimero
733 4518 846 4564 tum
895 4509 1058 4564 etiam
1116 4521 1377 4581 cognatas
1415 4511 1507 4569 Dei
1558 4512 1853 4582 dignitates
1892 4528 1994 4567 se—

428 4597 673 4652 cundum
729 4599 1237 4668 multiplicatiouem
1299 4601 1582 4655 nominum
1640 4595 1994 4671 multiplicari

2096 4510 2178 4564 ότι
2215 4509 2356 4563 κατὰ
2390 4506 2483 4559 τὸν
2550 4504 2782 4577 ἀριθμὸν
2835 4506 2942 4559 τῶν
2980 4507 3253 4576 ὀνομάτων
3303 4506 3397 4558 καὶ
3429 4506 3484 4557 al.
3525 4522 3665 4574 συμ-

2095 4596 2249 4665 φυεῖς
2281 4594 2427 4660 ἀξίαι
2476 4594 2569 4649 τοῦ
2598 4594 2733 4649 Θεοῦ
2760 4595 3089 4667 θεωροῦνται
3110 4613 3121 4626 ·
3163 4597 3258 4650 καὶ
3288 4596 3375 4650 διὰ
3401 4595 3603 4659 τούτων
3632 4597 3666 4666 ἠ

430 4693 663 4756 oportet,
694 4703 790 4757 per
814 4704 951 4759 quas
980 4689 1281 4745 similitudo
1341 4696 1551 4745 natura:
1607 4697 1757 4745 recte
1788 4690 1993 4759 colligi-t

2093 4685 2202 4739 τῶν
2269 4685 2464 4738 οὐσιῶν
2521 4686 2772 4755 ὁμοιότης
2824 4687 3293 4748 κατασκευάζεται
3332 4702 3346 4716 ο
3387 4684 3543 4755 εἴπερ
3594 4684 3667 4737 τά

432 4785 564 4833 tur:
600 4777 648 4833 si
674 4786 917 4849 cognatae
946 4779 1273 4835 substantiis
1319 4780 1613 4850 dignitates
1649 4789 1704 4836 et
1747 4782 1995 4850 praemi-

430 4866 631 4923 nentiae
659 4868 1032 4936 subjectarum
1061 4884 1243 4925 rerum
1273 4869 1476 4925 indicia
1510 4879 1662 4926 sunt.
1696 4871 1830 4928 Cum
1862 4888 1995 4929 vero

432 4957 490 5013 in
524 4964 761 5027 utroque
791 4956 996 5013 eaedem
1021 4957 1316 5028 dignitates
1348 4966 1403 5014 et
1448 4961 1782 5016 excellentia:
1829 4976 1997 5033 appa-

425 5052 610 5113 reant,
651 5045 937 5116 perspicue
979 5061 1206 5117 prorsus
1261 5048 1519 5104 identitas
1574 5051 1896 5108 substantiae
1939 5053 1996 5108 in

432 5139 618 5203 rebus,
655 5151 779 5207 quae
815 5137 902 5193 his
947 5137 1305 5208 dignitatibus
1347 5139 1605 5206 subsunt,
1663 5143 1990 5198 ostenditur.

424 5229 492 5284 'Si
521 5229 668 5289 enim
701 5227 864 5285 unius
886 5228 1133 5284 vocabuli
1166 5230 1395 5286 mutatio
1430 5230 1706 5287 diversam
1740 5232 1997 5288 substan-

431 5318 564 5375 tiam
588 5318 949 5385 demonstrat,
981 5326 1189 5390 quanto
1216 5321 1391 5392 magis
1421 5322 1592 5377 multa
1639 5322 1810 5378 millia
1855 5324 1999 5394 ejus-

432 5404 554 5462 dem
592 5408 823 5467 rationis
842 5409 1106 5467 vocabula
1134 5412 1575 5468 communionem
1604 5422 1816 5470 natura:
1854 5416 1996 5471 indi-

434 5498 681 5552 cabunt?
713 5499 845 5567 Quae
863 5501 1027 5573 igitur
1053 5517 1219 5558 causa
1252 5510 1357 5569 est,
1391 5518 1493 5558 cur
1528 5504 1743 5575 reliqua
1774 5507 1994 5561 nomina

432 5587 797 5658 negligantur,
832 5609 1052 5664 unoque
1085 5594 1205 5649 solo
1255 5594 1535 5663 generatio
1588 5578 1997 5667 investigetur?

426 5676 546 5733 Cur
587 5678 732 5735 Patri
774 5684 944 5739 solam
1000 5687 1500 5753 innascibilitatem,
1564 5702 1664 5742 ccu
1708 5698 1995 5759 cognatam

2098 4775 2318 4845 συμφυῆ
2351 4777 2472 4838 ταῖς
2500 4775 2708 4839 οὐσίαις
2731 4775 3015 4845 ἀξιώματα
3050 4775 3386 4848 γνωριστικὰ
3413 4775 3521 4828 τῶν
3542 4774 3671 4828 ὑπο-

2097 4865 2361 4936 κειμένων
2389 4866 2525 4920 ὲστί.
2564 4867 2683 4919 Τῶν
2708 4867 2764 4920 δὲ
2792 4865 3116 4937 ἀξιωμάτων
3151 4866 3235 4937 ἐφ’
3268 4866 3527 4936 ἐκατέρου
3558 4865 3669 4919 τῶν

2096 4958 2271 5012 αὐτῶν
2288 4956 2645 5028 φαινομένων,
2678 4961 2711 5030 ἡ
2743 4960 2883 5013 κατὰ
2914 4959 3013 5029 τὴν
3038 4960 3224 5013 οὐσίαν
3257 4960 3521 5028 ταυτότης
3555 4958 3670 5012 τῶν

2095 5050 2222 5111 ταῖς
2238 5047 2428 5110 αὐταῖς
2460 5048 2638 5112 ἀξίαις
2682 5047 3058 5119 ὑποκειμένων
3091 5049 3433 5119 πραγμάτων
3479 5046 3668 5116 σαφῶς

2096 5137 2480 5192 ἐπιδείκνυται.
2520 5138 2584 5191 Εἰ
2619 5138 2725 5208 γὰρ
2757 5137 2913 5208 ἱκανὴ
2961 5136 3238 5207 νομίζεται
3264 5135 3383 5198 ἐνὸς
3405 5135 3671 5204 ὀνόματος

2096 5228 2418 5301 παραλλαγὴ
2470 5228 2532 5281 τὸ
2564 5228 2713 5294 ξένον
2743 5228 2842 5298 τῆς
2893 5227 3081 5291 οὐσίας
3133 5226 3487 5291 ἐνδείξασθαι,
3520 5226 3672 5293 πόσῳ

2100 5318 2299 5389 μᾶλλον
2322 5317 2530 5388 ἰσχύσει
2561 5318 2595 5386 ἡ
2629 5315 2738 5369 τῶν
2770 5317 2978 5388 μυρίων
3000 5317 3278 5387 ὀνομάτων
3309 5315 3572 5384 ταυτότης
3610 5315 3672 5366 τὸ

2097 5410 2271 5464 κοινὸν
2327 5409 2675 5480 παραστῆσαι
2725 5407 2825 5477 τῆς
2878 5408 3128 5479 φύσεως;
3180 5407 3276 5471 Τίς
3307 5401 3401 5461 οὖν
3433 5407 3466 5477 ὴ
3501 5404 3667 5465 αἰτία,

2095 5504 2163 5557 δι’
2188 5504 2253 5574 ἢν
2281 5504 2350 5557 τὰ
2383 5502 2481 5573 μὲν
2507 5503 2668 5557 λοιπὰ
2699 5503 2807 5557 τῶν
2839 5504 3117 5573 ὀνομάτων
3148 5503 3492 5574 περιορᾶται,
3524 5500 3671 5569 μόνῳ

2096 5596 2155 5648 δὲ
2188 5594 2264 5664 τῷ
2292 5595 2372 5649 ἐνὶ
2397 5594 2788 5666 τεκμηριοῖηαι
2812 5596 2844 5665 ἡ
2872 5595 3154 5665 γέννησις;
3182 5593 3291 5646 Καὶ
3318 5591 3407 5646 διὰ
3426 5589 3481 5644 τί
3509 5589 3671 5659 μόνον

2100 5685 2339 5755 συμφυὲς
2361 5684 2576 5756 ἀξίωμα
2602 5685 2700 5757 τὴν
2727 5686 3051 5756 άγεννησίαν
3078 5685 3171 5737 ἐπὶ
3205 5682 3299 5737 τοῦ
3331 5679 3544 5745 Πατρὸς
3587 5679 3670 5732 δο-
