4068 6148
326 323 425 378 397

1529 328 1802 386 CONTRA
1843 323 2222 397 EUNOMIUM.
2253 332 2382 390 LIB.
2405 334 2452 392 l.

3469 342 3570 396 308

329 439 756 510 γματίζουσι,τὰ
786 445 942 499 λοιπά
989 448 1372 517 παρωσάμενοι
1401 463 1413 511 ;
1442 447 1556 498 Ἵνα
1584 450 1649 516 τῇ
1679 447 1812 518 πρὸς
1851 446 1908 498 τὸ

2020 448 2351 519 dignitatem,
2379 453 2704 516 attribuunt,
2748 454 2975 522 reliquis
3007 454 3264 510 omnibus
3315 458 3574 526 repudia-

330 533 588 602 γεννητὸν
611 531 982 607 ἁντιδιαστολῇ
1016 537 1105 590 τὸν
1135 538 1233 606 τῆς
1271 537 1646 606 ἀνομοιότητος
1673 553 1908 606 κακουρκ

332 625 546 694 γήσωσι
574 625 796 694 τρόπον,
814 629 952 699 ὅπερ
982 629 1074 680 καὶ
1095 628 1244 691 αὐτὸ,
1276 627 1418 680 κατὰ
1445 626 1534 679 τὸν
1565 628 1908 697 προσήκοντα

332 714 518 784 καιρὸν
544 714 918 787 εὐθυνόμενον,
940 719 1134 788 ἐπίσης
1165 719 1276 781 τοῖς
1309 718 1720 788 προειρημένοις
1743 718 1907 788 ἁδρα-

332 803 420 866 νές
460 821 520 856 τε
580 807 673 858 καὶ
713 805 1080 861 ἀνυπόστατον
1135 809 1229 861 καὶ
1279 807 1394 859 ἀντ’
1438 807 1648 870 οὐδενὸς
1683 808 1905 878 εὑρεθή-

335 911 501 948 σεται.

403 988 526 1039 Ὀτι
558 987 616 1040 δὲ
653 989 733 1050 είς
767 985 924 1042 τοῦτο
945 988 1227 1059 βλέπουσιν
1255 992 1310 1045 αἱ
1345 993 1679 1044 κατασκευαὶ
1715 991 1903 1054 πᾶσαι,

336 1077 393 1130 τὸ
414 1078 809 1148 ἐπιφερόμενον
838 1079 1129 1147 δείκνυσιν,
1152 1083 1212 1135 ὲν
1239 1077 1318 1144 οἷς
1350 1082 1537 1135 ἑαυτὸν
1566 1081 1904 1152 ἀποδέχεται,

337 1166 408 1229 ὡς
438 1166 822 1238 προσηκόντως
851 1170 916 1238 τῇ
1075 1171 1254 1243 ἐκείνῃ
1288 1172 1424 1241 πρὸς
1448 1171 1542 1242 τὴν
1564 1172 1908 1238 κατασκευὴν

339 1259 431 1330 τῆς
478 1259 826 1330 βλασφημίας
879 1262 1223 1332 χρησάμενος
1262 1281 1275 1294 ’
1308 1263 1401 1318 καὶ
1445 1263 1543 1316 οὐκ
1575 1264 1734 1328 εὐθὺς
1777 1264 1909 1317 ἀπο-

340 1349 628 1419 γυμνώσας
654 1349 748 1402 τοῦ
776 1351 932 1419 λόγου
955 1353 1015 1405 τὸ
1044 1353 1309 1425 βούλημα,
1327 1355 1446 1409 οὐδὲ
1467 1356 1574 1427 πρὸ
1591 1356 1682 1408 τοῦ
1715 1373 1908 1427 συναρ-

343 1441 502 1510 τῆσαι
533 1440 629 1511 τὴν
661 1443 1004 1513 κατασκευὴν
1029 1446 1126 1516 τῆς
1154 1446 1395 1517 ἀπάτης,
1428 1449 1795 1518 ἀγυμνάστοις
1828 1449 1907 1501 ἔτι

344 1536 459 1595 ταῖς
489 1534 671 1596 ἀκοαῖς
701 1534 1021 1603 προσϐαλὼν
1043 1536 1139 1606 τὴν
1177 1537 1430 1591 ἀσέϐειαν
1451 1557 1463 1568 ·
1488 1540 1608 1592 οὐδὲ
1640 1542 1698 1593 ὲν
1724 1557 1908 1611 προοι-

347 1623 484 1691 μίοις
513 1624 618 1676 τῶν
656 1623 830 1692 λόγων
859 1625 956 1696 τὴν
985 1627 1310 1699 ἀγεννησίαν
1335 1630 1520 1683 οὐσίαν
1558 1631 1912 1703 ἀποφηνάμε-

342 1729 444 1776 νος,
478 1715 572 1765 καὶ
609 1713 706 1784 τὴν
736 1715 836 1784 τῆς
859 1716 1044 1780 οὐσίας
1069 1718 1360 1790 ἑτερότητα
1383 1721 1795 1794 διαθρυλλήσας,
1822 1725 1912 1776 οὐ·

2010 537 2123 591 tis?
2183 538 2473 605 Nimirum,
2509 551 2565 594 ut
2613 543 2958 613 oppositione
3018 544 3244 615 ingeniti
3288 554 3344 600 et
3408 551 3573 616 geniti

2008 629 2228 682 modum
2277 633 2607 701 tnqnalitatis
2668 635 3012 700 subvertant,
3043 635 3191 705 quod
3241 636 3417 706 ipsum
3473 655 3575 707 op.

2011 726 2247 786 portuno
2291 729 2555 791 tempore,
2621 740 2772 793 teque
2821 740 2883 778 ac
2944 726 3224 794 praedicta,
3287 728 3573 794 frivolum,

2011 810 2188 873 inane,
2226 821 2278 864 et
2306 814 2510 868 nullius
2537 817 2793 869 momenti
2829 831 2952 871 esse
2973 817 3462 874 demonstrabitur.

2081 995 2158 1046 Ad
2194 994 2333 1049 hanc
2390 1009 2519 1049 vero
2570 997 2766 1050 metam
2811 1012 3002 1052 omnes
3059 1013 3249 1054 eorum
3295 1002 3577 1057 machinas

2011 1082 2252 1145 tendere,
2284 1093 2606 1154 argumento
2639 1094 2723 1142 est
2758 1085 2810 1141 id
2841 1088 2988 1156 quod
3021 1088 3412 1153 infertur,cum
3445 1093 3576 1162 (En-

2013 1170 2250 1241 nomius)
2297 1185 2355 1226 se
2414 1173 2590 1242 ipsum
2646 1177 3016 1242 commendat,
3067 1187 3119 1232 et
3168 1179 3372 1244 laudat,
3418 1183 3575 1250 quasi

2013 1262 2180 1332 probe
2214 1273 2267 1317 et
2295 1263 2684 1318 convenienter
2718 1267 2803 1318 via
2831 1266 2918 1319 illa
2944 1266 3012 1320 ad
3036 1265 3391 1338 blasphemia:
3418 1280 3569 1326 stru-

2012 1359 2223 1406 cturam
2275 1369 2406 1409 usus
2461 1352 2642 1420 fuerit,
2696 1370 2872 1425 neque
2909 1356 3093 1410 statim
3136 1357 3436 1413 voluntatis
3469 1375 3582 1414 suae

2013 1442 2350 1511 propositum
2384 1442 2716 1512 patefecerit,
2752 1461 2928 1516 neque
2961 1448 3114 1517 prius
3146 1463 3306 1518 quam
3351 1449 3581 1506 fallacia:

2012 1532 2174 1586 telam
2213 1541 2537 1601 perlexeret,
2565 1535 2792 1590 auribus
2837 1536 3016 1592 adhuc
3065 1538 3438 1597 inexercitatis
3483 1543 3585 1597 im-

2015 1620 2266 1690 pietatem
2306 1621 2570 1677 intulerit.
2617 1621 2803 1694 Neque
2849 1626 3012 1680 ctiam
3055 1628 3238 1685 statim
3277 1630 3381 1685 sub
3419 1645 3585 1686 exor-

2015 1713 2165 1767 dium
2211 1713 2598 1784 disputationis
2651 1714 3160 1784 innascibilitatem,
3213 1722 3584 1778 substantiam

343 1806 472 1857 τωσὶ
522 1805 694 1873 λέγων
738 1806 878 1860 κατά
921 1807 1018 1877 τὴν
1060 1808 1204 1875 λέξιν
1231 1822 1244 1835 ·
1276 1805 1359 1864 ΊΓΗ
1385 1812 1577 1877 καθὼς
1607 1811 1914 1881 νομοθετεῖ

2020 1817 2132 1858 asse
2176 1801 2485 1867 definierit,
2536 1819 2712 1873 neque
2762 1804 2830 1858 de
2887 1806 3210 1861 substantiae
3261 1807 3579 1865 diversitate

345 1898 677 1964 Βασίλειος,
700 1898 801 1952 ἀπ’
822 1898 1020 1952 αὐτῶν
1071 1899 1363 1969 ἄρξασθαι
1394 1901 1512 1954 τῶν
1542 1903 1911 1971 ζητουμένων

344 1987 481 2053 ἔδει,
500 1989 928 2058 ἀσυναρτήτως
949 1989 1061 2059 τὴν
1080 1992 1449 2061 ἀγεννησίαν
1467 1995 1687 2048 οὐσίαν
1701 1994 1911 2064 λέγον-

342 2093 464 2143 τας,
507 2078 603 2130 καί
629 2080 746 2146 τὴν
770 2079 880 2148 τῆς
926 2082 1140 2147 οὐσίας
1176 2082 1491 2152 ἑτερότητα
1531 2085 1834 2152 θρυλλεῖν,
1872 2085 1910 2148 ἣ

340 2169 672 2236 ταυτότητα
700 2185 719 2232 ;
745 2171 879 2242 Περὶ
905 2165 978 2224 ὧν
1010 2173 1178 2226 πολλὰ
1217 2174 1304 2227 διὰ
1337 2175 1501 2244 μέσου
1527 2174 1807 2239 διεξελθὼν
1855 2177 1913 2228 ἐν

343 2256 658 2328 σκώμμασι,
687 2261 780 2314 καὶ
805 2261 1107 2333 λοιδορίαις,
1127 2265 1220 2318 καὶ
1251 2264 1471 2336 ὕϐρεσιν
1495 2265 1668 2336 (οὕτω
1698 2266 1807 2338 γάρ
1838 2263 1915 2320 οἷ-

339 2345 425 2398 δεν
451 2349 479 2399 ό
504 2349 666 2416 σοφὸς
692 2350 828 2420 ὑπὲρ
843 2351 951 2404 τῶν
982 2353 1122 2406 ίδίων
1143 2353 1425 2423 δογμάτων
1457 2357 1913 2424 διαγωνίζεσθαι),

341 2438 503 2492 πάλιν
535 2441 978 2512 ὲπαναλαμϐάνει
1007 2445 1098 2498 τὸν
1131 2445 1308 2514 λόγον,
1345 2449 1438 2501 καὶ
1482 2449 1617 2518 πρὸς
1642 2449 1732 2502 τὸν
1765 2451 1914 2503 ἀντί-

341 2527 510 2581 παλον
561 2529 724 2598 δῆθεν
772 2531 1211 2604 ἀποτεινόμενος,
1250 2539 1489 2609 κάκείνῳ
1525 2540 1629 2593 τῶν
1688 2541 1914 2611 λεγομέ-

343 2636 441 2670 νων
473 2619 573 2690 τὴν
629 2621 806 2675 αἰτίαν
861 2625 1154 2690 ἀνατιθεὶς,
1187 2628 1362 2681 τοιάδε
1395 2630 1557 2699 φησίν
1584 2646 1596 2660 ·
1637 2631 1792 2685 Ἐπεὶ
1817 2632 1918 2685 καί

343 2711 451 2779 πρὸ
488 2712 612 2765 τῶν
637 2713 842 2768 ἄλλων
872 2717 1041 2786 ὑμεῖς
1076 2720 1278 2787 ἔνοχοι
1307 2722 1539 2785 τούτοις
1571 2722 1694 2788 τοῖς
1723 2726 1920 2789 πλημ-

346 2801 707 2872 μελήμοσιν,
744 2808 798 2859 ot
836 2803 951 2875 τὴν
981 2808 1176 2877 αὐτὴν
1202 2812 1424 2864 οὐσίαν
1450 2812 1528 2878 τῷ
1559 2814 1919 2884 γεννήσαντι

355 2894 444 2946 καὶ
477 2894 553 2960 τῷ
573 2898 920 2965 γεννηθέντι
956 2900 1496 2972 διακληρώσαντες.
1529 2907 1624 2960 Διό
1662 2907 1762 2962 καὶ
1806 2908 1921 2976 τὴν

354 2984 442 3039 ἐπὶ
461 2991 687 3056 τούτοις
711 2990 1036 3060 λοιδορίαν,
1051 2994 1254 3065 ὥσπερ
1280 2997 1412 3051 τινὰ
1436 2997 1634 3068 πάγην
1652 2998 1922 3068 ἄφυκτον

494 3081 727 3190 ἐαυτιρν
756 3085 1158 3154 ὲτεκτήνασθε
1183 3128 1197 3152 ,
1227 3089 1338 3157 τῆς
1388 3089 1583 3158 δίκης,
1616 3091 1701 3157 ώς
1738 3092 1917 3158 εἰκὸς,
1945 3132 1989 3190 c

347 3171 464 3237 τοῖς
491 3173 799 3242 ὑμετέροις
825 3178 956 3232 καθ’
981 3179 1148 3246 ὑμῶν
1179 3179 1378 3234 αὐτῶν
1421 3182 1916 3251 ἐπιψηφιζούσης.

351 3263 503 3317 Ἠτοι
530 3265 642 3333 γὰρ
677 3265 947 3335 ἀνάρκως
976 3271 1263 3334 ἀλλήλων
1304 3273 1656 3342 κεχωρίσθαι
1693 3274 1796 3340 τὰς
1823 3277 1924 3328 οὐ·

349 3353 483 3419 σίας
536 3356 760 3420 ταύτας
808 3358 1337 3426 ὑπολαμϐάνοντες
1360 3400 1374 3422 ,
1415 3363 1642 3415 τούτων
1693 3361 1761 3415 δὲ
1808 3360 1924 3429 τήν

349 3443 562 3510 ἑτέραν
601 3447 688 3510 εις
753 3447 889 3500 Υίοῦ
941 3447 1113 3513 τάξιν
1147 3449 1244 3503 διὰ
1293 3451 1630 3519 γεννήσεως
1677 3451 1923 3521 ἄγοντες

347 3535 445 3587 καί
484 3536 594 3588 τὸν
640 3535 913 3605 ἁνάρχως
963 3539 1107 3592 ὄντα
1142 3540 1258 3593 ὑπὸ
1298 3541 1404 3595 τοῦ
1441 3541 1614 3606 ὄντος
1646 3541 1922 3610 γενέσθαι

347 3623 795 3695 διατεινάμενοι,
849 3629 972 3695 τοῖς
1010 3630 1176 3697 ίδίοις
1218 3633 1542 3686 ὑπόκεισθε
1580 3633 1926 3702 λοιδορήμα-

347 3731 471 3769 σιν.
504 3715 618 3770 ’ον
640 3717 752 3785 γὰρ
782 3717 1109 3788 ἀγέννητον
1138 3717 1289 3775 εἶναι
1315 3722 1679 3791 φαντάζεσθε
1697 3764 1713 3787 ,
1739 3725 1926 3788 τούτῳ

348 3807 464 3876 τὴν
502 3807 641 3878 παρ’
665 3808 871 3877 ἑτέρου
899 3813 1191 3880 γέννησιν
1239 3814 1634 3884 ὲπιφημίζετε,
1669 3817 1708 3884 ἢ
1757 3817 1904 3886 μίαν

349 3901 448 3953 καὶ
488 3901 690 3969 μόνην
739 3900 1004 3970 ἄναρχον
1043 3903 1476 3972 ὁμολογοῦντες
1520 3907 1738 3959 οὐσίαν
1756 3947 1769 3970 ,
1800 3904 1926 3962 εἶτα

348 3993 582 4060 ταύτην
598 3994 688 4059 εις
719 3992 948 4061 Πατέρα
987 3994 1087 4048 καί
1142 3995 1280 4048 Υίὸν
1321 3994 1398 4064 τῇ
1438 3997 1721 4067 γεννήσει
1767 4015 1926 4068 περι-

343 4081 703 4150 γράφοντος,
733 4084 938 4150 αὐτὴν
973 4086 1106 4153 παρ’
1138 4085 1358 4154 ἑαυτῆς
1386 4087 1776 4156 γεγεννῆσθαι
1814 4090 1928 4158 τὴν

342 4174 686 4244 ἀγέννητον
706 4177 926 4230 οὐσίαν
947 4177 1190 4245 φήσετε.

416 4351 506 4404 Τὰ
539 4350 640 4422 μὲν
662 4347 755 4405 οὖν
784 4354 890 4424 πρὸ
921 4355 1030 4408 τῶν
1063 4357 1486 4427 ἀνεγνωσμένων
1518 4355 1664 4427 αὐτῷ
1690 4373 1926 4428 γεγραμ-

2013 1895 2182 1947 multa
2233 1893 2652 1948 deblateraverit
2709 1911 2722 1948 :
2767 1893 2882 1949 haec
2927 1894 3076 1950 enim
3133 1907 3261 1952 sunt
3331 1899 3585 1954 Eunomii

2014 1987 2176 2042 verba
2210 2004 2222 2040 :
2254 1985 2335 2039 An
2365 1985 2801 2055 quemadmodum
2817 1987 3116 2055 prtescribit
3142 1988 3396 2052 Basilius,
3429 2006 3587 2044 exor-

2013 2077 2116 2129 diri
2149 2075 2417 2144 oportebat
2449 2070 2513 2128 ab
2564 2075 2671 2129 illis
2707 2092 2823 2146 qua
2857 2079 2910 2130 in
2951 2078 3237 2147 quazstione
3287 2089 3583 2144 versantur,

2013 2175 2061 2220 et
2095 2167 2289 2237 absque
2308 2167 2420 2220 ulla
2451 2167 2771 2221 connexione
2823 2169 3105 2222 inscienter
3146 2169 3209 2223 de
3256 2171 3588 2225 innascibili-

2017 2267 2143 2323 tate,
2204 2273 2294 2310 seu
2325 2255 2388 2310 de
2431 2256 2752 2321 substantia,
2799 2257 2962 2327 deque
3005 2259 3318 2314 substantia:
3365 2261 3586 2316 dirersi-

2017 2356 2122 2420 tate
2153 2355 2202 2400 et
2257 2346 2536 2399 identitate
2586 2346 2773 2414 nugari
2813 2345 3104 2402 debebam?
3145 2347 3210 2401 Et
3252 2358 3376 2417 post
3416 2351 3586 2404 multa

2017 2441 2337 2500 scommata,
2363 2433 2610 2489 convicia
2636 2443 2689 2488 et
2727 2434 2925 2504 probra
2961 2436 3065 2506 (his
3100 2437 3245 2490 enim
3276 2437 3588 2494 firmamen-

2016 2526 2088 2582 tis
2115 2525 2552 2594 sapientissimus
2585 2525 2686 2580 iste
2729 2525 2984 2596 dogmata
3026 2541 3124 2582 sua
3166 2528 3371 2598 tuetur)
3408 2528 3476 2582 ad
3505 2528 3588 2583 in-

2018 2615 2267 2671 stitutum
2301 2615 2462 2679 redit,
2508 2622 2562 2670 et
2609 2630 2912 2671 conversus
2961 2617 3028 2672 ad
3081 2619 3482 2684 adversarium,
3531 2620 3585 2674 in

2017 2719 2251 2774 eumque
2276 2704 2424 2759 omni
2457 2705 2615 2775 culpa
2643 2706 2866 2775 rejecta,
2889 2708 2961 2761 ita
2995 2706 3174 2761 fatur:
3203 2706 3330 2763 Prw
3347 2710 3588 2763 omnibus

2020 2797 2145 2850 aliis
2191 2811 2281 2850 vos
2309 2795 2393 2850 his
2428 2796 2598 2858 culpis
2638 2797 2827 2865 afﬁnes
2847 2799 2994 2863 estis,
3032 2799 3122 2869 qui
3147 2797 3384 2854 Genitori
3421 2810 3470 2855 et
3493 2799 3588 2855 Ge-

2020 2887 2132 2940 nito
2161 2885 2397 2940 eamdem
2425 2887 2707 2940 essentiam
2731 2902 2821 2940 seu
2858 2887 3212 2941 substantiam
3246 2887 3588 2944 attribuistis.

2022 2977 2286 3045 Quocirca
2328 2978 2801 3048 reprehensionem,
2860 2995 2962 3051 qua
2988 2995 3106 3033 eam
3132 2980 3194 3033 ob
3229 2996 3447 3034 causam
3499 2979 3590 3033 ob-

2013 3071 2332 3141 jurgamini,
2375 3071 2478 3138 ipsi
2538 3069 2704 3127 vobis.
2747 3085 2837 3123 seu
2891 3069 3282 3124 ineluctabilem
3348 3071 3590 3140 laqueum

2022 3161 2388 3225 contexuistis,
2420 3160 2659 3229 justitia,
2695 3167 2751 3212 ut
2784 3175 2882 3228 par
2903 3168 3039 3221 erat,
3083 3175 3149 3213 ea!
3183 3161 3372 3215 vestris
3421 3162 3589 3231 placi-

2023 3255 2090 3308 tis
2119 3261 2308 3307 contra
2325 3268 2415 3306 vos
2443 3251 2757 3306 sententiam
2799 3251 3197 3317 pronuntiante.
3242 3251 3451 3306 Etenim
3473 3269 3591 3305 cum

2021 3343 2346 3399 substantias
2380 3343 2514 3396 istas
2543 3358 2576 3394 a
2605 3357 2658 3396 se
2688 3351 2871 3394 mutuo
2900 3356 2990 3409 per
3028 3341 3146 3407 hoc,
3174 3341 3313 3412 quod
3331 3344 3591 3412 principia

2021 3443 2261 3497 careant,
2301 3440 2578 3503 separatas
2611 3447 2747 3493 esse,
2783 3431 3088 3500 afﬁrmetis,
3124 3449 3410 3502 earumque
3455 3433 3590 3486 alte-

2022 3541 2138 3579 ram
2170 3541 2262 3592 per
2289 3525 2675 3595 generationem
2709 3520 2852 3576 Filio
2885 3523 3189 3588 ascribatis,
3209 3533 3260 3578 et
3303 3541 3444 3588 eum,
3501 3527 3590 3596 qui

2022 3618 2133 3671 sine
2157 3616 2414 3684 principio
2438 3623 2536 3679 est,
2570 3629 2636 3668 ea:
2658 3613 2752 3668 illo
2777 3614 2868 3683 qui
2894 3615 3007 3667 sine
3034 3615 3292 3683 principio
3307 3625 3384 3670 est
3406 3626 3591 3669 natum

2023 3707 2374 3771 contendatis,
2408 3723 2576 3761 nonne
2597 3708 2828 3777 propriis
2853 3707 3150 3762 maledictis
3173 3708 3559 3778 redarguimini
3573 3713 3598 3766 .9

2023 3815 2174 3868 quem
2205 3797 2346 3852 enim
2378 3796 2742 3850 innascibilem
2773 3813 2887 3850 esse
2922 3797 3309 3867 imaginamini,
3371 3797 3507 3850 hunc
3529 3803 3594 3850 ab

2023 3890 2128 3944 alio
2167 3897 2351 3943 natum
2369 3902 2481 3942 esse
2501 3887 2715 3953 dicitis;
2757 3887 2836 3942 vel
2882 3903 3040 3941 unam
3069 3896 3117 3940 et
3147 3887 3320 3942 solam
3346 3888 3593 3956 principii

2023 3991 2280 4048 expertem
2311 3979 2662 4033 substantiam
2697 3988 3009 4044 statuentes,
3049 3995 3268 4049 eamque
3284 3989 3465 4049 postea
3490 3979 3591 4031 Pa-

2027 4077 2106 4122 tre
2127 4077 2177 4123 et
2207 4067 2349 4122 Filio
2380 4083 2471 4134 per
2487 4068 2871 4138 generationem
2894 4069 3402 4130 circumscribentes,
3421 4069 3590 4134 ipsam

2026 4159 2389 4215 innascibilem
2423 4160 2779 4214 substantiam
2833 4176 2865 4213 a
2899 4161 3067 4226 seipsa
3099 4168 3278 4212 natam
3311 4175 3422 4211 esse
3450 4175 3592 4211 asse-

2023 4249 2162 4303 ritis.
2741 4293 2744 4295 .

2095 4341 2227 4405 Qua
2262 4339 2515 4410 superius
2546 4349 2672 4395 ante
2701 4340 2814 4392 haec
2847 4339 3074 4393 recitata
3101 4337 3259 4390 verba
3295 4335 3592 4389 Eunomins

344 4444 514 4512 μένα,
535 4443 616 4504 ώς
649 4443 810 4515 ψιλὴν
837 4444 1024 4515 ἔχοντα
1055 4447 1194 4499 κατά
1224 4425 1321 4499 τοῦ*
1343 4425 1662 4501 διδασκάλου
1694 4425 1919 4502 καὶ-πα-

2029 4429 2360 4495 eﬂ‘utiverat,
2401 4431 2673 4492 omittam,
2704 4429 2905 4500 quippe
2943 4429 3076 4482 nihil
3112 4425 3256 4480 aliud
3296 4426 3402 4480 nisi
3438 4441 3591 4481 suam

343 4535 484 4606 τρὺς
513 4533 672 4604 ἡμῶν
696 4535 1096 4605 ἀναισχυντίαν,
1131 4537 1223 4589 καὶ
1251 4537 1401 4589 οὐδὲν
1431 4537 1565 4605 πρὸς
1595 4537 1685 4590 τὸν
1717 4537 1928 4609 προκεί-

343 4643 518 4695 μενον
544 4625 897 4678 συντελοῦντα
924 4627 1143 4690 σκοπὸν,
1186 4626 1584 4698 ὑπερϐήσομαι.
1616 4628 1704 4680 Ἑν
1735 4629 1790 4681 δὲ
1817 4631 1927 4691 τοῖς

342 4716 688 4787 είρημένοις,
720 4716 906 4787 ἐπειδὴ
956 4717 1142 4780 δεινῶς
1185 4719 1316 4788 ἡμῖν
1361 4720 1484 4782 τοὺς
1517 4718 1791 4788 ἀμφήκεις
1817 4719 1929 4772 τού-

339 4824 478 4871 τους
507 4806 760 4875 ἐλέγχους
783 4806 990 4876 διχόθεν
1021 4807 1325 4875 στομώσας,
1353 4809 1440 4860 διὰ
1476 4808 1576 4876 τῆς
1606 4807 1713 4860 τῶν
1741 4809 1930 4879 διλημ-

345 4899 546 4966 μάτων
604 4896 847 4959 ἐπινοίας
889 4897 1230 4968 προτείνεται
1253 4939 1265 4957 ,
1294 4897 1505 4968 ἀνάγκη
1545 4898 1640 4952 καὶ
1671 4899 1816 4968 ἡμᾶς
1853 4899 1926 4968 μὴ

341 4990 535 5059 σιωπῇ
590 4988 846 5053 δέξασθαι
892 4987 983 5042 τὸν
1033 4989 1174 5042 κατὰ
1207 4989 1298 5043 τοῦ
1352 4989 1617 5060 δόγματος
1659 4990 1925 5060 πόλεμον,

337 5080 466 5131 ἀλλ’
492 5080 566 5142 ὡς
603 5077 799 5150 ἔχομεν
822 5077 1101 5147 δυνάμεως
1140 5079 1494 5151 συμμαχῆσαι
1526 5077 1604 5149 τῷ
1649 5079 1810 5150 λόγῳ,
1836 5079 1930 5131 καὶ

336 5169 521 5236 δεῖξαι
553 5171 656 5240 τὴν
683 5169 921 5242 φοϐερὰν
954 5168 1158 5239 ταύτην
1233 5172 1327 5224 καὶ
1362 5169 1702 5240 ἀμφίστομον
1733 5171 1929 5240 μάχαι-

341 5281 473 5332 ραν,
525 5263 595 5332 ῆν
635 5261 778 5316 κατὰ
831 5261 931 5330 τῆς
962 5260 1218 5332 ἀληθείας
1263 5260 1514 5332 ἐθήξατο,
1559 5259 1668 5313 τῶν
1705 5261 1762 5313 ὲν
1808 5263 1928 5324 ταῖς

337 5351 752 5422 σκιαγραφίαις
778 5350 1119 5421 φαινομένων
1152 5349 1567 5424 ἀδρανεστέραν.

407 5529 650 5593 Διπλαίς
675 5527 908 5592 ἐννοίαις
936 5526 1208 5580 διαϐάλλει
1230 5527 1286 5580 τὸ
1306 5527 1480 5580 κοινὸν
1494 5527 1593 5595 τῆς
1617 5524 1929 5588 οὐσίας,καί

335 5643 414 5694 φη
423 5639 518 5676 σιν
534 5662 549 5684 ,
568 5621 602 5690 ἤ
622 5620 718 5675 δύο
739 5619 1067 5690 ἁγεννήτους
1081 5617 1253 5688 ἀρχάς
1267 5617 1836 5689 ἀντιπαρεξαγομένας
1846 5616 1932 5670 ἀλ-

335 5714 562 5785 λήλαις,
592 5712 693 5783 τὴν
721 5712 822 5782 μὲν
850 5709 1084 5780 Πατέρα,
1107 5709 1203 5779 τὴν
1224 5709 1279 5763 δὲ
1295 5709 1419 5764 Υἰὺν
1449 5711 1592 5780 ἡμᾶς
1617 5708 1928 5777 ὀνομάζειν,

2032 4520 2422 4591 imprudentiam
2454 4528 2640 4573 contra
2667 4520 2945 4573 doctorem
2975 4525 3291 4586 patremque
3342 4524 3610 4598 nostrum.

2027 4609 2287 4664 Basilium
2339 4607 2778 4677 complcctentia,
2841 4613 2896 4661 et
2945 4606 3078 4660 nihil
3129 4606 3194 4658 ad
3253 4607 3592 4675 propositum

2030 4695 2304 4752 facientia.
2334 4699 2404 4749 At
2432 4697 2484 4749 in
2515 4695 2582 4750 iis
2613 4710 2735 4766 qua:
2779 4695 2894 4763 jam
2935 4695 3306 4759 recitavimus,
3350 4709 3473 4747 cum
3538 4695 3592 4747 in

2029 4806 2130 4846 nos
2158 4789 2396 4860 graviter
2428 4790 2700 4858 ancipites
2733 4789 2890 4856 quasi
2935 4788 3421 4858 reprehensionum
3478 4788 3593 4859 gla-

2028 4883 2150 4938 dios
2179 4883 2436 4951 ntrinque
2473 4889 2656 4946 acuat,
2699 4892 2753 4937 et
2784 4881 3154 4937 dilemmatum
3184 4882 3378 4937 robore
3417 4880 3590 4936 intor-

2029 4985 2213 5045 queat,
2246 4974 2490 5028 nonnihil
2520 4973 2954 5034 immorabimur,
3015 4988 3193 5042 neqne
3245 4973 3388 5027 enim
3439 4972 3593 5026 decet

2030 5074 2090 5120 ut
2122 5066 2323 5120 bellum
2352 5080 2495 5119 verae
2524 5063 2787 5119 doctrinae
2825 5065 3058 5130 illatum,
3108 5064 3334 5119 silentes
3355 5061 3594 5130 excipia-

2031 5171 2175 5218 mus,
2218 5153 2313 5209 sed
2355 5160 2592 5223 oportet,
2638 5161 2697 5206 ut
2730 5153 3068 5221 pr0'viribus
3102 5153 3318 5209 veritati
3352 5149 3595 5220 patroci-

2030 5260 2244 5316 nentur,
2280 5243 2738 5312 ostendamusque
2768 5245 3116 5299 metuendam
3165 5243 3323 5297 istam
3361 5245 3415 5292 et
3443 5237 3594 5289 anci-

2031 5339 2199 5408 pitem
2228 5335 2576 5400 machaeram,
2627 5351 2790 5404 quam
2821 5344 3011 5390 contra
3052 5335 3333 5389 veritatem
3357 5327 3594 5393 exacuit,

2033 5428 2418 5484 umbratilibus
2455 5426 2765 5481 simulacris
2803 5426 2960 5496 longe
3005 5421 3412 5478 imbecilliorem
3449 5434 3590 5476 esse.

2105 5517 2313 5587 Duplici
2349 5523 2670 5586 argumento
2695 5515 3059 5569 calumniatur
3095 5509 3592 5565 commmunionam

2034 5609 2316 5674 essentia,
2343 5615 2398 5662 et
2429 5607 2527 5670 ait,
2558 5615 2652 5658 ant
2705 5605 2812 5658 dno
2846 5611 2999 5656 ortus
3041 5601 3282 5671 expertia
3328 5601 3594 5670 principia

2038 5699 2140 5755 sibi
2172 5703 2364 5752 mutuo
2387 5695 2638 5764 opposita
2675 5707 2774 5746 nos
2810 5699 3068 5757 statuere,
3105 5693 3444 5760 alterumque
3492 5689 3594 5742 Pa-
