4064 6146
389 181 509 258 ἰοι

1614 221 1893 277 CONTRA:
1932 221 2320 286 EUNOMIUM,
2352 222 2479 277 LIB.
2518 224 2556 278 Ι.

3554 223 3658 283 402

415 319 698 385 φιστικῶς,
729 321 838 373 εἴτε
882 324 1022 377 κατά
1062 341 1182 380 τινα
1222 329 1451 400 δύναμιν
1491 331 1870 406 ἀποδεικτικὴν
1892 335 1981 406 τὴν

2094 351 2156 390 ex
2195 335 2282 398 iis,
2305 352 2425 405 qua:
2455 335 2830 397 concedimus.
2865 335 3069 406 aliquid
3102 335 3441 406 protulisset,
3471 350 3661 408 postea

415 408 666 478 τοιαύτην
708 415 1099 482 συκοφαντίαν·
1137 413 1279 489 εἶχεν
1330 420 1459 486 ἴσως
1501 425 1689 495 καιρὸν
1737 427 1830 478 ἐπὶ
1873 427 1988 480 δια-

415 495 542 564 ϐολῇ
581 497 674 549 τοῦ
699 498 964 568 δόγματος
995 504 1062 559 τά
1097 507 1320 561 τοιαῦτα
1349 513 1660 584 προφέρειν.
1688 515 1748 566 Εἰ
1781 514 1836 567 δὲ
1865 512 1988 567 οὕτε

415 589 580 652 ἐστὶν,
609 589 728 642 οὔτε
763 593 835 662 μὴ
875 595 1098 666 γένηται
1126 598 1280 667 λόγος
1311 602 1369 654 ὲν
1411 602 1702 674 Ἐκκλησία
1729 605 1987 672 τοιοῦτος,

415 678 538 732 οὕτε
559 683 588 734 6
609 682 775 736 εἰπὼν
800 685 1100 756 ἐλέγχεται,
1122 690 1244 744 οὑτε
1272 693 1300 744 6
1323 693 1573 763 ἀκηκοὼς
1599 696 1986 762 ἐπιδείκνυται,

415 770 538 824 οὔτε
568 773 778 846 ἀνάγκη
816 794 899 840 τις
928 780 1258 850 εὑρίσκεται,
1287 784 1375 838 διά
1409 803 1550 850 τινος
1581 786 1872 840 ἀκολούθου
1895 787 1992 860 τὴν

416 861 646 917 ἀτοπίαν
687 866 886 938 ταύτην
921 875 1419 938 κατασκευάζουσα.
1460 877 1513 928 τί
1551 876 1797 946 βούλεται
1846 878 1995 948 αὑτῷ

417 956 450 1023 ἡ
480 959 798 1028 σκιαμαχία,
820 962 880 1012 οὑ
914 963 1140 1034 συνορῶ.
1176 967 1382 1038 ’Ὠσπερ
1411 968 1475 1021 ἂν
1497 969 1651 1032 εἴτις
1682 970 1785 1022 ὑπὸ
1819 971 1996 1042 φρενί-

417 1046 557 1109 τιδος
592 1051 942 1119 παραπαίων,
985 1056 1396 1126 συμπεπλέχθαι
1420 1057 1628 1128 νομίζοι
1670 1060 1797 1123 τινὶ,
1834 1059 1995 1129 μηδε-

416 1138 504 1201 νὸς
535 1143 1012 1210 προσπαλαίοντος,
1035 1142 1152 1198 εἶτα
1187 1149 1326 1201 κατά
1350 1149 1581 1221 σπουδὴν
1611 1150 1796 1204 ἑαυτὸν
1821 1167 1986 1203 κατα-

419 1228 615 1294 ῦαλὼν,
645 1232 736 1283 τὸν
759 1237 1204 1307 προσμαχόμενον
1225 1240 1414 1292 οίοιτο·
1440 1241 1677 1295 τοιοῦτόν
1699 1259 1752 1294 τι
1788 1242 1985 1296 πέπον-

419 1320 508 1374 θεν
549 1324 576 1375 ὁ
617 1325 775 1393 σοφὸς
812 1326 1164 1400 λογογράφος,
1205 1333 1562 1387 ἀναπλάσσων
1608 1335 1878 1399 ὑπονοίας,
1917 1335 1983 1398 ἃς

419 1415 574 1482 ἡμεῖς
599 1416 659 1468 οὑ
691 1418 1049 1492 γινώσκομεν,
1081 1425 1172 1478 καὶ
1210 1429 1386 1492 σκιαῖς
1424 1428 1894 1500 προσμαχόμενος,
1917 1428 1984 1492 ἃς

418 1503 502 1556 διὰ
527 1507 632 1558 τῶν
661 1508 932 1580 λογισμῶν
967 1515 1110 1569 ἰδίων
1139 1517 1540 1574 ἁνετυπώσατο.

2095 443 2164 482 ex
2195 429 2316 492 hoc,
2355 430 2468 484 sive
2508 428 2826 497 sophistice,
2875 428 2991 484 sive
3020 428 3507 485 demonstrationis
3537 429 3660 485 elli-

2095 517 2325 572 cacitate
2361 518 2778 589 sycophantiam
2819 518 2943 572 inde
2978 519 3365 584 conclusisset,
3408 519 3661 574 fortassis

2093 609 2438 662 occasionem
2467 609 2749 664 habuisset
2781 609 2887 663 tale
2915 609 3040 678 quid
3087 608 3153 663 de
3191 608 3442 678 dogmate
3469 619 3660 665 nostro

2095 714 2191 768 per
2221 699 2546 752 calumniam
2576 698 2907 768 proferendi.
2948 697 3006 752 Si
3040 715 3170 752 vero
3200 716 3377 769 neque
3417 711 3522 765 est,
3561 718 3660 754 ne-

2089 806 2195 862 que
2229 807 2465 858 unquam
2508 792 2626 846 erit.
2659 792 2712 844 in
2741 789 2985 844 Ecclesia
3033 792 3161 847 talis
3203 791 3481 856 doctrina,
3515 801 3568 847 et
3613 793 3660 848 si

2090 898 2264 950 neque
2304 889 2496 936 auctor
2547 881 2987 950 reprehenditur,
3045 898 3223 952 neque
3259 883 3352 951 qui
3391 884 3496 938 tale
3531 885 3658 954 quid

2090 972 2379 1034 audiverit,
2422 973 2854 1034 demonstratur,
2888 987 3062 1040 neque
3091 973 3198 1026 ulla
3231 973 3392 1028 etiam
3424 977 3661 1030 necessi-

2088 1071 2174 1117 tas
2209 1069 2452 1132 apparet.
2511 1079 2628 1131 qua:
2672 1062 2986 1130 hujusmodi
3031 1064 3418 1120 absurditatem
3465 1081 3662 1122 conse-

2091 1155 2309 1209 cutione
2340 1153 2572 1222 quadam
2605 1153 2851 1209 evincat.
2903 1169 3010 1208 non
3057 1156 3214 1210 video
3241 1171 3503 1226 quorsum
3536 1174 3660 1212 cum

2092 1257 2190 1297 sua
2218 1242 2496 1296 umbratili
2535 1241 2924 1310 digladiatione
2951 1244 3139 1297 tendat
3167 1245 3658 1312 :quemadmodum

2091 1334 2135 1388 si
2182 1333 2306 1402 quis
2357 1334 2410 1386 in
2466 1333 2722 1402 phrenesi
2757 1334 3020 1398 delirans,
3060 1351 3142 1400 se,
3183 1337 3402 1390 nemine
3431 1350 3660 1406 congre-

2089 1425 2290 1489 diente,
2341 1441 2465 1480 cum
2513 1426 2698 1494 aliquo
2731 1441 3087 1496 congressum
3136 1428 3434 1492 existimet,
3465 1425 3661 1482 deinde

2090 1515 2150 1573 in
2180 1515 2419 1582 seipsum
2471 1515 2671 1568 acriter
2705 1514 2903 1584 impetu
2955 1516 3102 1584 dato,
3158 1519 3401 1587 seipsum
3443 1533 3659 1586 quoque

419 1596 788 1654 adversarium
816 1604 1090 1661 existimet
1123 1604 1281 1664 :tale
1307 1611 1438 1678 quid
1467 1613 1819 1668 declamatori
1853 1611 1979 1666 huic
2015 1605 2238 1669 accidit,
2275 1605 2502 1674 ﬁngenti
2579 1621 2762 1672 80053.
2812 1621 2931 1675 quae
2962 1622 3060 1662 "05
3128 1625 3232 1662 n0"
3287 1609 3656 1678 agnoscimus,

417 1701 469 1746 et
500 1711 622 1750 cum
661 1699 873 1756 umbris
899 1701 1210 1769 dimicanti,
1248 1721 1385 1774 quas
1413 1721 1477 1761 ex
1510 1709 1732 1777 preprio
1761 1707 1990 1763 cerebro
2027 1700 2356 1769 exsculpsit.

483 1787 704 1840 Είπάτω
733 1788 877 1856 γὰρ,
912 1790 994 1853 τίς
1027 1794 1058 1861 ἡ
1086 1794 1293 1864 ἀνάγκη
1335 1796 1424 1847 τὸν
1454 1797 1815 1866 ὁμολογοῦντα
1855 1797 1981 1850 Υίὺν

2157 1788 2312 1843 Dicat
2346 1791 2513 1855 enim,
2546 1804 2793 1859 quaenam
2819 1790 3122 1846 necessitas
3153 1805 3297 1854 eum,
3336 1790 3427 1860 qui
3461 1789 3658 1849 Filium

417 1877 479 1927 ὲκ
503 1878 709 1950 Πατρός
723 1881 1101 1950 γεγεννῆσθαι,
1132 1886 1211 1947 είς
1231 1885 1322 1937 δύο
1354 1887 1660 1958 ἀγεννήτων
1687 1887 1982 1959 ὑπολήψεις

415 1966 772 2038 ὲκφέρεσθαε;
803 1972 871 2024 Ἢ
895 1973 1048 2035 τίνος.
1067 1974 1266 2043 μᾶλλόν
1291 1979 1406 2029 ἐστι
1439 1977 1531 2030 δύο
1556 1979 1980 2044 κατασκευάζειν

413 2058 702 2130 ἀγέννητα,
733 2061 827 2114 τοῦ
859 2064 947 2116 τὸν
982 2064 1109 2118 Υίὸν
1140 2065 1505 2138 ψευδωνύμως
1533 2069 1781 2138 λέγεσθαι
1811 2088 1978 2124 κατα-

415 2148 768 2214 σκευάζοντας
790 2193 804 2216 ,
835 2153 868 2223 ἢ
900 2152 992 2205 τοῦ
1017 2153 1507 2226 διαϐεϐαιουμένου.
1533 2159 1599 2227 τῇ
1641 2159 1980 2229 προσηγορίᾳ

411 2238 508 2309 τὴν
537 2240 725 2311 κλῆσιν
753 2243 1217 2313 ἐπαληθεύεσθαι;
1261 2248 1316 2300 '0
1342 2247 1449 2318 γάρ
1469 2247 1566 2319 τὴν
1596 2248 1768 2319 ἀληθῆ
1794 2249 1980 2320 γέννη-

415 2345 497 2383 σιν
518 2330 610 2384 τοῦ
646 2331 777 2385 Υἱοῦ
812 2333 886 2403 μὴ
927 2334 1235 2405 δεξάμενος,
1272 2332 1409 2390 εἶναι
1431 2337 1488 2390 δὲ
1516 2338 1652 2400 ὅλως
1681 2338 1978 2408 ὁμολογῶν,

409 2420 736 2492 οἰκειότερον
761 2422 826 2475 ἂν
851 2423 1171 2495 ὑπονοηθείη
1195 2426 1484 2496 ἀγέννητον
1509 2427 1708 2496 λέγειν,
1737 2429 1828 2481 τὸν
1855 2429 1982 2482 ὄντα

415 2511 536 2580 μὲν,
567 2512 641 2584 μὴ
670 2513 758 2567 διὰ
801 2515 1105 2585 γεννήσεως
1136 2515 1193 2568 δὲ
1219 2516 1280 2569 τὸ
1325 2512 1464 2571 εἶναι
1503 2518 1710 2588 ἔχοντα.
1755 2521 1812 2572 ’0
1839 2520 1895 2572 δὲ
1921 2522 1982 2573 τὸ

412 2603 766 2674 γνωριστικὸν
809 2605 1058 2677 ὁμοίωμα
1104 2609 1202 2678 τῆς
1237 2607 1332 2661 τοῦ
1379 2610 1714 2677 Μονογενοῦς
1744 2611 1980 2665 ὑποστά-

413 2711 568 2757 σεως,
599 2695 732 2748 αὑτὸ
763 2697 822 2748 τὸ
851 2698 1123 2767 γεννητῶς
1170 2699 1333 2752 αὑτὸν
1374 2702 1438 2753 ἐκ
1470 2701 1561 2753 τοῦ
1594 2703 1805 2771 Πατρὸς
1845 2703 1978 2756 ὑπο-

393 2787 605 2855 εστῆναι
631 2787 1015 2858 διοριζόμενος,
1042 2789 1159 2853 πῶς
1189 2790 1254 2844 ἂν
1284 2793 1362 2854 είς
1399 2791 1458 2844 τὸ
1491 2793 1780 2863 ἀγέννητον
1821 2796 1980 2848 αὑτὸν

406 2877 616 2931 οἴεσθαι
647 2879 1039 2950 παρενεχθείη;
1075 2881 1248 2933 καίτοι
1286 2881 1404 2934 καθ’
1433 2882 1576 2952 ὑμᾶς
1603 2884 1729 2947 τοὺς
1761 2885 1976 2953 σοφοὺς,

409 2969 514 3033 ἕως
545 2968 610 3022 ἂν
657 2973 854 3041 κρατῇ,
891 2971 949 3023 τὸ
979 2970 1407 3043 μὴνγεννηθῆναι
1437 2973 1587 3044 παρά
1629 2973 1722 3027 τοῦ
1768 2977 1979 3046 Πατρὸς

408 3060 500 3113 τὸν
530 3061 677 3124 Υίον,
707 3060 789 3114 ἑνί
828 3079 939 3114 τινι.
958 3062 1140 3134 τρόπῳ
1168 3062 1274 3116 τῶν
1311 3063 1415 3116 ὑπὸ
1439 3063 1532 3116 τοῦ
1563 3065 1855 3134 ἀγεννήτου
1885 3083 1980 3136 ση-

2087 1895 2151 1934 ex
2191 1879 2353 1935 Patre
2403 1889 2592 1933 natum
2643 1879 2823 1945 docet,
2857 1880 2922 1935 ad
2962 1881 3070 1934 duo
3119 1880 3358 1950 ingenita
3393 1882 3659 1951 principia

2087 1973 2378 2028 statuenda
2436 1973 2660 2042 adigat?
2720 1973 2854 2037 Quis
2916 1974 3100 2042 potius
3152 1974 3261 2027 duo
3313 1973 3658 2028 innascibilia

2086 2065 2353 2134 principia
2404 2065 2705 2119 introducit
2739 2063 2965 2128 ?i|lene,
3015 2066 3108 2136 qui
3157 2067 3390 2136 probare
3440 2068 3656 2129 nititur,

2085 2154 2280 2208 Filium
2332 2155 2471 2210 falso
2495 2155 2617 2209 Filii
2666 2172 2859 2210 nomen
2893 2166 3100 2221 tenere,
3156 2173 3224 2212 an
3258 2159 3368 2221 ille,
3406 2159 3497 2228 qui
3533 2173 3656 2212 cum

2085 2245 2188 2298 hac
2240 2247 2601 2315 appellatione
2657 2255 2910 2302 naturam
2961 2264 3182 2319 quoque
3221 2249 3512 2304 concinere
3542 2248 3651 2301 ait?

2084 2352 2208 2392 nam
2257 2337 2348 2406 qui
2388 2353 2568 2392 veram
2615 2336 2738 2391 Filii
2783 2341 3192 2409 generationem
3247 2357 3353 2396 non
3394 2340 3655 2410 admittit,

2083 2427 2261 2497 ipsum
2299 2433 2478 2481 tamen
2529 2429 2800 2483 exsistere
2854 2429 3169 2494 confitetur,
3221 2431 3424 2497 iustius
3467 2431 3654 2485 existi-

2082 2529 2279 2585 matur,
2317 2521 2459 2590 quod
2493 2520 2690 2574 Filium
2719 2523 3097 2577 innascibilem
3136 2521 3321 2586 faciat,
3358 2538 3479 2574 cum
3511 2522 3656 2576 exsi-

2081 2617 2210 2672 stat,
2264 2625 2442 2678 neque
2493 2619 2671 2664 tamen
2723 2627 2817 2679 per
2850 2611 3254 2680 generationem
3327 2627 3448 2664 esse
3496 2626 3652 2664 suum

2080 2701 2292 2756 habeat.
2350 2700 2441 2756 llle
2494 2717 2624 2756 vero
2674 2703 2765 2772 qui
2815 2703 3056 2756 affirmat
3116 2704 3476 2772 hypostaseos
3523 2701 3656 2755 Uni-

2080 2793 2244 2862 geuiti
2285 2793 2660 2847 characterem
2709 2802 2762 2847 et
2797 2801 2983 2848 notam
3035 2809 3180 2855 esse,
3215 2809 3310 2864 per
3344 2794 3654 2862 generatio-

2082 2897 2205 2935 nem
2255 2897 2322 2934 ex
2385 2881 2544 2936 Patre
2592 2897 2736 2944 esse,
2778 2881 3050 2951 quomodo
3101 2881 3298 2936 Filium
3355 2881 3652 2951 ingenitum

2081 2971 2446 3039 pronuntiat?
2490 2970 2813 3042 Quanquam
2872 2989 2934 3026 ex
2986 2973 3185 3042 placito
3221 2983 3428 3037 vestro,
3481 2988 3513 3025 0
3561 2987 3649 3025 sa-

2083 3063 2318 3132 pientes,
2350 3063 2588 3132 quandiu
2621 3061 2819 3115 Filium
2861 3077 2890 3116 a
2919 3062 3081 3116 Patre
3116 3078 3210 3132 per
3242 3064 3649 3132 generationem

415 3153 775 3224 μαινομένων,
803 3154 896 3207 καὶ
922 3154 1083 3218 αὑτὸς
1108 3155 1401 3226 ἀγέννητος
1425 3157 1628 3228 κυρίως
1675 3156 1978 3228 ὀνομασθή-

2083 3169 2200 3208 esse
2229 3153 2468 3222 negatis,
2515 3169 2622 3206 una
2650 3151 2881 3222 quadam
2909 3152 3307 3222 significatione
3337 3168 3399 3206 ex
3433 3154 3498 3206 lis
3533 3168 3653 3219 quae

308 3296 316 3302 .
413 3263 582 3299 σεται.
626 3245 842 3316 Ἐπειδὴ
884 3245 992 3316 γάρ
1017 3246 1084 3300 τὰ
1122 3247 1220 3317 μὲν
1262 3247 1573 3318 τικτόμενα,
1601 3248 1669 3302 τά
1708 3248 1765 3302 δὲ
1809 3266 1980 3302 κατα-

413 3339 784 3408 σκευαζόμενα
814 3338 1042 3406 γίνεται.
1078 3339 1136 3392 τὸ
1168 3339 1243 3410 μὴ
1269 3339 1356 3392 διὰ
1379 3342 1680 3409 γεννήσεως
1710 3339 1978 3408 ὑφεστὼς,

411 3429 562 3483 οὐδὲν
591 3429 787 3483 κωλύει
820 3431 1131 3500 ἀγεννήτως
1158 3425 1451 3498 ὑφεστάναι
1493 3429 1691 3497 λέγειν,
1721 3430 1858 3483 κατά
1883 3431 1980 3500 μό-

413 3532 499 3568 νον
527 3516 587 3569 τὺ
616 3517 715 3586 τῆς
737 3517 1042 3586 γεννήσεως
1070 3515 1486 3586 σημαινόμενον.
1515 3516 1686 3569 Τοῦτο
1712 3516 1769 3569 δὲ
1797 3518 1825 3569 6
1848 3517 1981 3586 ὑμέ-

411 3624 566 3677 τερος
596 3607 722 3676 περὶ
754 3605 848 3659 τοῦ
873 3607 1074 3676 Κυρίου
1103 3605 1498 3670 κατασκευάζει
1525 3606 1698 3674 λόγος,
1727 3608 1754 3658 ὀ
1777 3607 1981 3676 κτίσμα

411 3693 545 3749 εἶναι
573 3696 956 3768 διοριζόμενος.
992 3695 1197 3749 Οὐκοῦν
1229 3696 1350 3749 καθ’
1383 3697 1548 3766 ὑμᾶς,
1580 3691 1624 3749 ὦ
1657 3697 1974 3764 σοφώτατοι,

411 3786 702 3858 ἀγέννητος
735 3789 763 3839 6
793 3786 1101 3858 Μονογενὴς
1135 3789 1199 3840 ὲκ
1231 3789 1329 3858 τῆς
1367 3788 1622 3859 τοιαύτης
1663 3789 1979 3854 ἀκολουθίας

411 3879 858 3950 ὀνομασθήσεται,
894 3880 954 3932 οὑ
987 3877 1207 3932 κατὰτὸ
1235 3879 1499 3950 ἡμέτερον
1532 3880 1732 3950 δόγμα’
1764 3882 1856 3935 καὶ
1886 3883 1977 3934 εὑ-

414 3971 659 4041 ρίσκεται
689 3971 814 4039 ὑμῖν
843 3970 876 4040 ή
901 3969 1046 4040 δίκη,
1073 3969 1264 4040 ήντινα
1307 3971 1400 4022 καὶ
1448 3969 1623 4038 λέγεις
1659 3971 1835 4042 δίκην,
1867 3974 1980 4036 τοῖς

413 4063 696 4134 ὑμετέροις
721 4060 840 4115 καθ’
871 4059 1028 4132 ἡμῶν
1053 4060 1471 4132 ὲπιψηφίζουσα.

480 4331 748 4402 Εὖκαιρον
781 4329 888 4401 γὰρ
922 4331 986 4382 ὲκ
1013 4327 1111 4384 τοῦ
1140 4328 1405 4400 βορϐόρου.
1430 4329 1536 4383 τῶν
1571 4331 1774 4384 ἐκεῖθεν
1807 4330 1980 4398 λόγων

413 4423 754 4497 προσπτύσαι
771 4424 863 4492 τῇ.⁴
889 4420 1135 4492 βδελυρίᾳ
1162 4421 1254 4474 τοῦ
1281 4421 1546 4492 δόγματος
1566 4440 1578 4453 ο
1614 4424 1705 4476 καὶ
1746 4425 1854 4492 γὰρ
1886 4424 1980 4477 καὶ

412 4517 473 4570 τὸ
496 4517 679 4586 ἕτερον
703 4513 863 4584 μέρος
883 4512 988 4565 τῶν
1016 4511 1158 4565 κατά
1182 4511 1241 4565 τὸ
1264 4512 1508 4584 δίλημμα
1531 4513 1789 4568 τεθέντων
1809 4513 1976 4586 αὑτῷ,

413 4608 507 4676 τῆς
544 4606 665 4675 ἴσης
711 4605 888 4674 ἔχεται
935 4602 1334 4674 παραπληξίας.
1386 4606 1462 4658 ’Ἡ
1479 4605 1646 4672 μίαν,
1685 4606 1834 4675 φησὶ,
1879 4606 1977 4660 καὶ

409 4699 602 4767 μόνην
638 4693 903 4762 ἄναρχον
943 4692 1375 4761 ὁμολογοῦντες
1413 4695 1630 4746 οὐσίαν
1651 4733 1666 4758 ,
1695 4691 1822 4748 εἶτα
1849 4695 1979 4750 ταύ-

414 4805 524 4855 την
556 4788 644 4851 εὶς
675 4783 928 4848 Πατέρα,
955 4781 1051 4858 καὶ
1089 4782 1226 4835 Υἱὸν
1282 4781 1356 4850 τῇ
1396 4783 1676 4850 γεννήσει
1709 4783 1979 4852 περιγρά-

413 4896 645 4947 φοντες,
675 4875 867 4943 αὐτὴν
896 4875 1030 4941 παρ’
1051 4873 1267 4941 ἑαυτῆς
1290 4871 1682 4944 γεγεννῆσθαι
1702 4875 1982 4945 τὴνάγέν-

2082 3243 2396 3299 innascibili
2434 3243 2829 3312 subjiciuntur,
2877 3242 2993 3310 ipse
3026 3243 3188 3296 etiam
3218 3240 3390 3295 Filius
3431 3242 3648 3310 proprie

2081 3337 2426 3392 innascibilis
2466 3333 2862 3389 nominabitur.
2897 3332 3031 3386 Cum
3069 3332 3214 3385 enim
3251 3331 3357 3383 alia
3403 3331 3650 3400 quaedam

2081 3435 2430 3498 generentur,
2464 3427 2569 3480 alia
2609 3425 2678 3479 ab
2707 3432 2824 3478 arte
2854 3421 3240 3485 conficiantur,
3284 3421 3416 3473 nihil
3447 3421 3648 3482 obstat,

2079 3519 2373 3588 quominus
2424 3516 2498 3582 id,
2550 3516 2696 3586 quod
2741 3530 2837 3584 per
2877 3513 3285 3584 generationem
3329 3527 3434 3565 non
3471 3511 3648 3564 subsio

2081 3611 2195 3671 stit,
2224 3608 2461 3678 ingenite
2494 3607 2798 3662 subsistere
2827 3605 3094 3666 dicamus,
3129 3604 3244 3658 sola
3283 3601 3652 3674 generationis

2081 3697 2482 3768 significatione
2509 3695 2876 3749 considerata.
2905 3691 3021 3747 lluc
3047 3706 3175 3748 vero
3203 3699 3380 3746 vestra
3405 3689 3649 3752 doctrina

2082 3789 2361 3852 collineat,
2395 3794 2585 3856 utpote
2619 3801 2740 3862 qua:
2767 3783 3059 3837 Dominum
3095 3781 3364 3836 creaturis
3387 3795 3650 3834 annume-

2081 3889 2183 3935 ret.
2225 3880 2395 3951 Igitur
2425 3877 2727 3939 secundum
2760 3891 2880 3937 vos.
2917 3890 2949 3929 ο
2979 3873 3401 3944 sapientissimi,
3443 3872 3649 3940 Unigc-

2081 3974 2229 4038 nitus
2263 3971 2547 4041 ingenitus
2584 3985 2651 4024 ex
2692 3967 2789 4021 tali
2827 3966 3216 4022 consecutione
3259 3965 3647 4025 nominabitur,

2081 4081 2188 4120 non
2237 4079 2305 4118 ex
2336 4063 2588 4134 dogmate
2631 4068 2822 4115 nostro
2857 4078 2870 4112 :
2902 4065 2956 4112 et
2997 4058 3075 4112 sic
3101 4056 3318 4126 justitia
3360 4069 3456 4108 seu
3521 4055 3647 4108 Dice

2084 4156 2186 4224 (sic
2217 4154 2362 4209 enim
2391 4150 2698 4222 appellatis)
2756 4156 2952 4203 contra
2988 4162 3090 4202 nos
3112 4162 3178 4202 ex
3205 4144 3404 4200 vestris
3439 4151 3652 4197 senten-

2084 4248 2212 4299 tiam
2246 4246 2472 4315 profert.

2150 4335 2521 4405 Opportunum
2551 4332 2660 4402 jam
2693 4337 2908 4402 tempus
2941 4337 3043 4393 est,
3063 4334 3123 4381 ut
3151 4341 3216 4381 ex
3244 4325 3498 4388 sordibus
3528 4339 3647 4378 ora-

2083 4428 2247 4482 tionis
2259 4420 3067 4491 eluctati,conspuamusipsum
3086 4419 3420 4473 exsecrabile
3432 4418 3645 4490 dogma:

2083 4534 2207 4572 nam
2238 4524 2292 4572 et
2322 4515 2492 4568 altera
2523 4529 2651 4584 pars
2704 4527 2914 4576 eorum,
2959 4525 3080 4580 quae
3112 4525 3209 4580 per
3237 4511 3491 4565 dilemma
3521 4524 3648 4578 pro-

2075 4607 2225 4672 tulit,
2251 4607 2417 4662 simili
2446 4605 2668 4661 vesania
2694 4610 2929 4658 tenetur.
2965 4603 3052 4655 Ait
3081 4603 3251 4667 enim,
3308 4602 3386 4664 vel
3416 4617 3575 4654 unam
3599 4610 3650 4654 et

2075 4698 2246 4753 solam
2320 4697 2568 4766 principii
2616 4703 2879 4765 expertem
2938 4692 3289 4748 substantiam
3341 4700 3646 4755 statuentes,

2075 4807 2288 4860 eamque
2301 4799 2477 4859 postea
2513 4788 2672 4842 Patre
2702 4795 2751 4842 et
2787 4785 2928 4839 Filio
2952 4783 3460 4848 circumscribentes,
3480 4785 3650 4853 ipsam

2076 4881 2439 4938 innascibilem
2470 4880 2822 4935 substantiam
2864 4895 2895 4931 (ι
2935 4879 3108 4948 seipsa
3161 4887 3344 4932 natam
3365 4895 3477 4932 esse
3501 4894 3648 4930 asse-

413 4987 596 5036 κητον
641 4968 858 5021 οὐσίαν
901 4962 1145 5032 φήσετε.
1195 4964 1288 5028 Τίς
1336 4963 1472 5032 αὕτη
1527 4965 1686 5018 πάλιν
1823 4964 1981 5034 καινὴ

2083 4973 2212 5027 ritis.
2251 4973 2380 5038 Quae
2406 4981 2490 5027 est
2517 4973 2619 5033 ista
2655 4973 2851 5027 iterum
2878 4971 3013 5027 adeo
3051 4986 3191 5026 nova
3213 4978 3267 5026 et
3301 4981 3648 5025 monstruosa

412 5056 794 5131 τερατολογία;
835 5053 948 5117 πῶς
996 5052 1154 5116 αὑτός
1202 5071 1286 5116 τις
1332 5053 1422 5121 ὑφ’
1462 5053 1650 5106 ἑαυτοῦ
1705 5057 1978 5123 γεννᾶται,

413 5151 599 5206 ἑαυτὸν
627 5147 847 5219 Πατέρα
882 5147 1041 5218 ἔχων,
1072 5147 1163 5199 καὶ
1194 5146 1318 5208 Υἱὸς
1347 5144 1536 5198 ἑαυτοῦ
1569 5146 1728 5200 πάλιν
1763 5149 1978 5219 γινόμε-

414 5259 536 5304 voc;
576 5241 670 5303 Τίς
723 5239 756 5308 ἡ
800 5239 1024 5301 ναυτία;
1059 5237 1155 5298 Τίς
1191 5237 1222 5305 ή
1275 5235 1600 5305 παραφορά;
1647 5236 1978 5307 Στρέφεσθαι

414 5333 624 5394 ἑαυτοῖς
653 5331 744 5382 ἐπὶ
767 5329 828 5382 τὸ
855 5329 1003 5382 κάτω
1029 5327 1117 5379 τὸν
1143 5327 1357 5396 ὄροφον,
1384 5328 1477 5380 καὶ
1504 5329 1642 5398 ὑπὲρ
1663 5329 1899 5397 κεφαλῆς
1919 5330 1980 5382 τὸ

415 5421 606 5490 ἔδαφος
634 5421 812 5490 ﬁxam;
849 5419 913 5471 Ὅ
946 5419 994 5470 οἱ
1026 5417 1128 5470 ὑπὸ
1159 5416 1326 5488 μέθης
1358 5417 1794 5488 καρηϐαροῦντες
1832 5420 1979 5490 νομίο

416 5509 598 5577 ζουσι,
627 5512 720 5564 καὶ
749 5508 936 5580 βοῶσι,
969 5509 1061 5562 καὶ
1085 5507 1596 5579 διατείνονται,μήτε
1625 5509 1722 5578 τὴν
1750 5510 1853 5579 γῆν
1882 5512 1972 5564 αὑ-

414 5607 525 5669 τοῖς
556 5603 890 5676 πεπηγέναι,
930 5600 1146 5670 φεύγειν
1175 5619 1228 5654 τε
1261 5603 1351 5657 καὶ
1381 5603 1502 5666 τοὺς
1533 5603 1772 5674 τοίλους,
1801 5606 1892 5657 καὶ
1921 5606 1976 5656 ἐν

2083 5065 2297 5120 oratio?
2339 5063 2621 5131 Quomodo
2672 5063 2870 5133 aliquis
2925 5079 2955 5118 a
3010 5065 3193 5136 seipse
3253 5067 3514 5127 nascitur,
3565 5063 3647 5115 sui

2084 5156 2260 5227 ipsius
2310 5153 2466 5211 Pater
2505 5154 2703 5219 factus,
2738 5167 2789 5210 et
2845 5172 3035 5212 rursus
3094 5157 3177 5211 sui
3239 5157 3410 5225 ipsius
3439 5151 3651 5207 Filius?

2086 5247 2219 5314 Quae
2250 5254 2333 5302 est
2370 5246 2484 5299 hare
2516 5245 2754 5300 nausea?
2785 5261 2906 5315 quae
2925 5245 3199 5300 amentia?
3239 5251 3437 5297 tectum
3473 5241 3648 5302 humi,

2077 5348 2131 5394 et
2160 5337 2527 5408 pavimentum
2558 5351 2726 5406 supra
2755 5344 2919 5406 caput
2977 5337 3267 5394 collocare,
3321 5331 3465 5401 quod
3507 5331 3646 5385 ebrii

2077 5429 2256 5498 capite
2283 5428 2492 5498 gravati
2518 5427 2621 5482 sibi
2650 5427 2932 5496 obtingere
2970 5429 3276 5484 autumant,
3303 5423 3395 5490 qui
3449 5423 3648 5478 vocife-

2077 5523 2266 5571 rantur
2303 5526 2356 5573 et
2411 5517 2758 5587 portendunt,
2814 5529 2989 5583 neque
3042 5520 3238 5565 terram
3283 5511 3383 5565 sibi
3437 5512 3646 5564 [inuam

2076 5607 2633 5679 consisteremarietes
2665 5606 2870 5678 fugere,
2910 5605 2960 5656 in
2992 5601 3178 5662 orbem
3196 5603 3379 5664 omnia
3407 5603 3645 5661 circum-
