  <div class='ocr_page' id='page_1' title='image "/cluster/home/n/w/nwhite01/storage/ocr_20150623/45/mdp.39015011921478/211.png"; bbox 0 0 4068 6148; ppageno 0'>
   <div class='ocr_carea' id='block_1_1' title="bbox 375 240 480 296">
    <p class='ocr_par' dir='ltr' id='par_1_1' title="bbox 375 240 480 296">
     <span class='ocr_line' id='line_1_1' title="bbox 375 240 480 296; baseline 0 -1"><span class='ocrx_word' id='word_1_1' title='bbox 375 240 480 296; x_wconf 75' lang='grc'><strong>403</strong></span> 
     </span>
    </p>
   </div>
   <div class='ocr_carea' id='block_1_2' title="bbox 1627 246 2387 305">
    <p class='ocr_par' dir='ltr' id='par_1_2' title="bbox 1627 246 2387 305">
     <span class='ocr_line' id='line_1_2' title="bbox 1627 246 2387 305; baseline -0.005 0"><span class='ocrx_word' id='word_1_2' title='bbox 1627 249 1685 305; x_wconf 87' lang='lat' dir='ltr'><strong>S.</strong></span> <span class='ocrx_word' id='word_1_3' title='bbox 1729 247 2055 303; x_wconf 70' lang='lat' dir='ltr'><strong>GliEGORlI</strong></span> <span class='ocrx_word' id='word_1_4' title='bbox 2094 246 2387 304; x_wconf 82' lang='lat' dir='ltr'><strong>NYSSENI</strong></span> 
     </span>
    </p>
   </div>
   <div class='ocr_carea' id='block_1_3' title="bbox 3519 246 3623 305">
    <p class='ocr_par' dir='ltr' id='par_1_3' title="bbox 3519 246 3623 305">
     <span class='ocr_line' id='line_1_3' title="bbox 3519 246 3623 305; baseline 0.029 -3"><span class='ocrx_word' id='word_1_5' title='bbox 3519 246 3623 305; x_wconf 67' lang='lat'><strong>40-5</strong></span> 
     </span>
    </p>
   </div>
   <div class='ocr_carea' id='block_1_4' title="bbox 376 357 1943 435">
    <p class='ocr_par' dir='ltr' id='par_1_4' title="bbox 376 357 1943 430">
     <span class='ocr_line' id='line_1_4' title="bbox 376 357 1943 430; baseline 0.008 -22"><span class='ocrx_word' id='word_1_6' title='bbox 376 357 485 427; x_wconf 84' lang='lat' dir='ltr'><strong>agi,</strong></span> <span class='ocrx_word' id='word_1_7' title='bbox 540 372 640 414; x_wconf 86' lang='lat' dir='ltr'><strong>nec</strong></span> <span class='ocrx_word' id='word_1_8' title='bbox 700 374 819 429; x_wconf 71' lang='lat' dir='ltr'><strong>qua:</strong></span> <span class='ocrx_word' id='word_1_9' title='bbox 854 368 1116 429; x_wconf 88' lang='lat' dir='ltr'><strong>apparent</strong></span> <span class='ocrx_word' id='word_1_10' title='bbox 1147 362 1330 430; x_wconf 87' lang='lat' dir='ltr'><strong>quiete</strong></span> <span class='ocrx_word' id='word_1_11' title='bbox 1365 362 1471 416; x_wconf 91' lang='lat' dir='ltr'><strong>ulla</strong></span> <span class='ocrx_word' id='word_1_12' title='bbox 1495 364 1747 419; x_wconf 76' lang='lat' dir='ltr'><strong>stabiliri.</strong></span> <span class='ocrx_word' id='word_1_13' title='bbox 1786 363 1943 420; x_wconf 85' lang='lat' dir='ltr'><strong>Forte</strong></span> 
     </span>
    </p>
   </div>
   <div class='ocr_carea' id='block_1_5' title="bbox 2046 357 3626 435">
    <p class='ocr_par' dir='ltr' id='par_1_5' title="bbox 2048 360 3626 435">
     <span class='ocr_line' id='line_1_5' title="bbox 2048 360 3626 435; baseline -0.002 -19"><span class='ocrx_word' id='word_1_14' title='bbox 2048 363 2230 434; x_wconf 86' lang='grc' dir='ltr'>κύκλῳ</span> <span class='ocrx_word' id='word_1_15' title='bbox 2274 364 2663 435; x_wconf 77' lang='grc' dir='ltr'><strong>περιδινεῖσθαι</strong></span> <span class='ocrx_word' id='word_1_16' title='bbox 2698 366 2765 416; x_wconf 75' lang='grc' dir='ltr'>τὰ</span> <span class='ocrx_word' id='word_1_17' title='bbox 2807 363 3003 424; x_wconf 84' lang='grc' dir='ltr'>πάντα,</span> <span class='ocrx_word' id='word_1_18' title='bbox 3054 363 3148 415; x_wconf 79' lang='grc' dir='ltr'><strong>καὶ</strong></span> <span class='ocrx_word' id='word_1_19' title='bbox 3183 362 3450 433; x_wconf 82' lang='grc' dir='ltr'>μηδεμίαν</span> <span class='ocrx_word' id='word_1_20' title='bbox 3482 360 3626 431; x_wconf 75' lang='grc' dir='ltr'>ἔχειν</span> 
     </span>
    </p>
   </div>
   <div class='ocr_carea' id='block_1_6' title="bbox 377 450 1945 529">
    <p class='ocr_par' dir='ltr' id='par_1_6' title="bbox 377 450 1945 529">
     <span class='ocr_line' id='line_1_6' title="bbox 377 450 1945 529; baseline 0.007 -28"><span class='ocrx_word' id='word_1_21' title='bbox 377 450 473 503; x_wconf 86' lang='lat' dir='ltr'><strong>tali</strong></span> <span class='ocrx_word' id='word_1_22' title='bbox 535 457 670 506; x_wconf 66' lang='lat' dir='ltr'><strong>astu</strong></span> <span class='ocrx_word' id='word_1_23' title='bbox 746 452 1051 507; x_wconf 88' lang='lat' dir='ltr'><strong>concitatus</strong></span> <span class='ocrx_word' id='word_1_24' title='bbox 1127 453 1346 523; x_wconf 76' lang='lat' dir='ltr'><strong>scripsit</strong></span> <span class='ocrx_word' id='word_1_25' title='bbox 1420 454 1752 511; x_wconf 75' lang='lat' dir='ltr'><strong>declamator</strong></span> <span class='ocrx_word' id='word_1_26' title='bbox 1825 473 1945 529; x_wconf 77' lang='lat' dir='ltr'><strong>quae</strong></span> 
     </span>
    </p>
   </div>
   <div class='ocr_carea' id='block_1_7' title="bbox 338 540 1945 617">
    <p class='ocr_par' dir='ltr' id='par_1_7' title="bbox 338 540 1945 617">
     <span class='ocr_line' id='line_1_7' title="bbox 338 540 1945 617; baseline 0.007 -23"><span class='ocrx_word' id='word_1_27' title='bbox 338 576 341 577; x_wconf 50' lang='grc' dir='ltr'><strong>ν</strong></span> <span class='ocrx_word' id='word_1_28' title='bbox 376 540 615 609; x_wconf 82' lang='lat' dir='ltr'><strong>scripsit,</strong></span> <span class='ocrx_word' id='word_1_29' title='bbox 651 540 744 611; x_wconf 87' lang='lat' dir='ltr'><strong>qui</strong></span> <span class='ocrx_word' id='word_1_30' title='bbox 776 540 1154 599; x_wconf 84' lang='lat' dir='ltr'><strong>misericordia</strong></span> <span class='ocrx_word' id='word_1_31' title='bbox 1180 549 1353 616; x_wconf 87' lang='lat' dir='ltr'><strong>magis</strong></span> <span class='ocrx_word' id='word_1_32' title='bbox 1394 562 1557 617; x_wconf 88' lang='lat' dir='ltr'><strong>quam</strong></span> <span class='ocrx_word' id='word_1_33' title='bbox 1588 548 1945 605; x_wconf 84' lang='lat' dir='ltr'><strong>detestatione</strong></span> 
     </span>
    </p>
   </div>
   <div class='ocr_carea' id='block_1_8' title="bbox 375 628 1943 710">
    <p class='ocr_par' dir='ltr' id='par_1_8' title="bbox 375 628 1943 710">
     <span class='ocr_line' id='line_1_8' title="bbox 375 628 1943 710; baseline 0.01 -30"><span class='ocrx_word' id='word_1_34' title='bbox 375 628 570 698; x_wconf 81' lang='lat' dir='ltr'><strong>dignus</strong></span> <span class='ocrx_word' id='word_1_35' title='bbox 597 640 700 685; x_wconf 90' lang='lat' dir='ltr'><strong>est.</strong></span> <span class='ocrx_word' id='word_1_36' title='bbox 720 628 853 697; x_wconf 87' lang='lat' dir='ltr'><strong>Quis</strong></span> <span class='ocrx_word' id='word_1_37' title='bbox 874 633 1018 688; x_wconf 91' lang='lat' dir='ltr'><strong>enim</strong></span> <span class='ocrx_word' id='word_1_38' title='bbox 1037 650 1209 706; x_wconf 90' lang='lat' dir='ltr'><strong>usque</strong></span> <span class='ocrx_word' id='word_1_39' title='bbox 1231 637 1365 691; x_wconf 89' lang='lat' dir='ltr'><strong>adeo</strong></span> <span class='ocrx_word' id='word_1_40' title='bbox 1392 636 1699 693; x_wconf 86' lang='lat' dir='ltr'><strong>divinorum</strong></span> <span class='ocrx_word' id='word_1_41' title='bbox 1722 640 1943 710; x_wconf 81' lang='lat' dir='ltr'><strong>dogma-</strong></span> 
     </span>
    </p>
   </div>
   <div class='ocr_carea' id='block_1_9' title="bbox 296 719 1942 798">
    <p class='ocr_par' dir='ltr' id='par_1_9' title="bbox 296 719 1942 798">
     <span class='ocr_line' id='line_1_9' title="bbox 296 719 1942 798; baseline 0.01 -28"><span class='ocrx_word' id='word_1_42' title='bbox 296 726 303 732; x_wconf 83' lang='lat'>&#39;</span> <span class='ocrx_word' id='word_1_43' title='bbox 374 726 487 772; x_wconf 89' lang='lat' dir='ltr'><strong>tum</strong></span> <span class='ocrx_word' id='word_1_44' title='bbox 506 719 657 776; x_wconf 89' lang='lat' dir='ltr'><strong>rudis</strong></span> <span class='ocrx_word' id='word_1_45' title='bbox 676 731 781 787; x_wconf 90' lang='lat' dir='ltr'><strong>est,</strong></span> <span class='ocrx_word' id='word_1_46' title='bbox 805 725 926 793; x_wconf 86' lang='lat' dir='ltr'><strong>quis</strong></span> <span class='ocrx_word' id='word_1_47' title='bbox 945 724 1013 780; x_wconf 88' lang='lat' dir='ltr'><strong>ab</strong></span> <span class='ocrx_word' id='word_1_48' title='bbox 1029 725 1283 782; x_wconf 67' lang='lat' dir='ltr'><strong>Ecclesiae</strong></span> <span class='ocrx_word' id='word_1_49' title='bbox 1310 726 1558 782; x_wconf 85' lang='lat' dir='ltr'><strong>doctrina</strong></span> <span class='ocrx_word' id='word_1_50' title='bbox 1583 740 1691 785; x_wconf 90' lang='lat' dir='ltr'><strong>tam</strong></span> <span class='ocrx_word' id='word_1_51' title='bbox 1709 730 1942 798; x_wconf 88' lang='lat' dir='ltr'><strong>alienus,</strong></span> 
     </span>
    </p>
   </div>
   <div class='ocr_carea' id='block_1_10' title="bbox 375 810 1941 882">
    <p class='ocr_par' dir='ltr' id='par_1_10' title="bbox 375 810 1941 882">
     <span class='ocr_line' id='line_1_10' title="bbox 375 810 1941 882; baseline 0.01 -21"><span class='ocrx_word' id='word_1_52' title='bbox 375 818 435 863; x_wconf 88' lang='lat' dir='ltr'><strong>ut</strong></span> <span class='ocrx_word' id='word_1_53' title='bbox 485 810 798 882; x_wconf 71' lang='lat' dir='ltr'><strong>huiusmodi</strong></span> <span class='ocrx_word' id='word_1_54' title='bbox 860 813 982 871; x_wconf 77' lang='lat' dir='ltr'><strong>ﬁdei</strong></span> <span class='ocrx_word' id='word_1_55' title='bbox 1046 817 1330 876; x_wconf 86' lang='lat' dir='ltr'><strong>adversam</strong></span> <span class='ocrx_word' id='word_1_56' title='bbox 1365 822 1825 878; x_wconf 84' lang='lat' dir='ltr'><strong>existimationem</strong></span> <span class='ocrx_word' id='word_1_57' title='bbox 1887 823 1941 877; x_wconf 92' lang='lat' dir='ltr'><strong>in</strong></span> 
     </span>
    </p>
   </div>
   <div class='ocr_carea' id='block_1_11' title="bbox 375 900 1940 984">
    <p class='ocr_par' dir='ltr' id='par_1_11' title="bbox 375 900 1940 984">
     <span class='ocr_line' id='line_1_11' title="bbox 375 900 1940 984; baseline 0.011 -30"><span class='ocrx_word' id='word_1_58' title='bbox 375 900 616 956; x_wconf 90' lang='lat' dir='ltr'><strong>animum</strong></span> <span class='ocrx_word' id='word_1_59' title='bbox 652 920 810 962; x_wconf 91' lang='lat' dir='ltr'><strong>suum</strong></span> <span class='ocrx_word' id='word_1_60' title='bbox 854 906 1134 964; x_wconf 79' lang='lat' dir='ltr'><strong>admittat?</strong></span> <span class='ocrx_word' id='word_1_61' title='bbox 1187 912 1295 968; x_wconf 90' lang='lat' dir='ltr'><strong>imo</strong></span> <span class='ocrx_word' id='word_1_62' title='bbox 1321 915 1504 984; x_wconf 84' lang='lat' dir='ltr'><strong>potius</strong></span> <span class='ocrx_word' id='word_1_63' title='bbox 1568 915 1709 971; x_wconf 83' lang='lat' dir='ltr'><strong>forte</strong></span> <span class='ocrx_word' id='word_1_64' title='bbox 1750 916 1940 971; x_wconf 91' lang='lat' dir='ltr'><strong>dicen-</strong></span> 
     </span>
    </p>
   </div>
   <div class='ocr_carea' id='block_1_12' title="bbox 374 991 1943 1070">
    <p class='ocr_par' dir='ltr' id='par_1_12' title="bbox 374 991 1943 1070">
     <span class='ocr_line' id='line_1_12' title="bbox 374 991 1943 1070; baseline 0.011 -25"><span class='ocrx_word' id='word_1_65' title='bbox 374 991 502 1045; x_wconf 88' lang='lat' dir='ltr'><strong>dum</strong></span> <span class='ocrx_word' id='word_1_66' title='bbox 526 993 650 1058; x_wconf 90' lang='lat' dir='ltr'><strong>erit,</strong></span> <span class='ocrx_word' id='word_1_67' title='bbox 686 997 956 1051; x_wconf 88' lang='lat' dir='ltr'><strong>neminem</strong></span> <span class='ocrx_word' id='word_1_68' title='bbox 998 1008 1269 1070; x_wconf 90' lang='lat' dir='ltr'><strong>repertum</strong></span> <span class='ocrx_word' id='word_1_69' title='bbox 1302 1005 1387 1069; x_wconf 91' lang='lat' dir='ltr'><strong>iri,</strong></span> <span class='ocrx_word' id='word_1_70' title='bbox 1415 1006 1502 1059; x_wconf 87' lang='lat' dir='ltr'><strong>cui</strong></span> <span class='ocrx_word' id='word_1_71' title='bbox 1538 1006 1621 1061; x_wconf 90' lang='lat' dir='ltr'><strong>vel</strong></span> <span class='ocrx_word' id='word_1_72' title='bbox 1680 1007 1813 1062; x_wconf 85' lang='lat' dir='ltr'><strong>levis</strong></span> <span class='ocrx_word' id='word_1_73' title='bbox 1852 1022 1943 1061; x_wconf 93' lang='lat' dir='ltr'><strong>su-</strong></span> 
     </span>
    </p>
   </div>
   <div class='ocr_carea' id='block_1_13' title="bbox 375 1082 1940 1168">
    <p class='ocr_par' dir='ltr' id='par_1_13' title="bbox 375 1082 1940 1168">
     <span class='ocr_line' id='line_1_13' title="bbox 375 1082 1940 1168; baseline 0.01 -31"><span class='ocrx_word' id='word_1_74' title='bbox 375 1082 549 1152; x_wconf 89' lang='lat' dir='ltr'><strong>spicio</strong></span> <span class='ocrx_word' id='word_1_75' title='bbox 577 1084 646 1141; x_wconf 90' lang='lat' dir='ltr'><strong>de</strong></span> <span class='ocrx_word' id='word_1_76' title='bbox 676 1086 771 1168; x_wconf 77' lang='lat' dir='ltr'><strong>tali</strong></span> <span class='ocrx_word' id='word_1_77' title='bbox 815 1088 1153 1147; x_wconf 84' lang='lat' dir='ltr'><strong>absurditate</strong></span> <span class='ocrx_word' id='word_1_78' title='bbox 1180 1094 1464 1151; x_wconf 88' lang='lat' dir='ltr'><strong>oboriatur</strong></span> <span class='ocrx_word' id='word_1_79' title='bbox 1493 1115 1506 1149; x_wconf 94' lang='lat'>:</span> <span class='ocrx_word' id='word_1_80' title='bbox 1571 1113 1697 1152; x_wconf 90' lang='lat' dir='ltr'><strong>nam</strong></span> <span class='ocrx_word' id='word_1_81' title='bbox 1735 1096 1859 1168; x_wconf 91' lang='lat' dir='ltr'><strong>quis</strong></span> <span class='ocrx_word' id='word_1_82' title='bbox 1886 1099 1940 1153; x_wconf 93' lang='lat' dir='ltr'><strong>in</strong></span> 
     </span>
    </p>
   </div>
   <div class='ocr_carea' id='block_1_14' title="bbox 373 1161 1940 1255">
    <p class='ocr_par' dir='ltr' id='par_1_14' title="bbox 373 1161 1940 1255">
     <span class='ocr_line' id='line_1_14' title="bbox 373 1161 1940 1255; baseline 0.012 -29"><span class='ocrx_word' id='word_1_83' title='bbox 373 1183 567 1228; x_wconf 88' lang='lat' dir='ltr'><strong>natura</strong></span> <span class='ocrx_word' id='word_1_84' title='bbox 598 1161 855 1245; x_wconf 68' lang='lat' dir='ltr'><strong>humana,</strong></span> <span class='ocrx_word' id='word_1_85' title='bbox 886 1182 969 1237; x_wconf 85' lang='lat' dir='ltr'><strong>vel</strong></span> <span class='ocrx_word' id='word_1_86' title='bbox 993 1183 1096 1237; x_wconf 87' lang='lat' dir='ltr'><strong>alia</strong></span> <span class='ocrx_word' id='word_1_87' title='bbox 1120 1186 1371 1255; x_wconf 88' lang='lat' dir='ltr'><strong>quapiam</strong></span> <span class='ocrx_word' id='word_1_88' title='bbox 1396 1203 1456 1242; x_wconf 91' lang='lat' dir='ltr'><strong>re</strong></span> <span class='ocrx_word' id='word_1_89' title='bbox 1492 1188 1649 1245; x_wconf 87' lang='lat' dir='ltr'><strong>nobis</strong></span> <span class='ocrx_word' id='word_1_90' title='bbox 1679 1205 1940 1245; x_wconf 88' lang='lat' dir='ltr'><strong>sensuum</strong></span> 
     </span>
    </p>
   </div>
   <div class='ocr_carea' id='block_1_15' title="bbox 374 1264 1939 1350">
    <p class='ocr_par' dir='ltr' id='par_1_15' title="bbox 374 1264 1939 1350">
     <span class='ocr_line' id='line_1_15' title="bbox 374 1264 1939 1350; baseline 0.011 -32"><span class='ocrx_word' id='word_1_91' title='bbox 374 1264 678 1322; x_wconf 87' lang='lat' dir='ltr'><strong>ministerio</strong></span> <span class='ocrx_word' id='word_1_92' title='bbox 709 1277 857 1335; x_wconf 87' lang='lat' dir='ltr'><strong>nota,</strong></span> <span class='ocrx_word' id='word_1_93' title='bbox 891 1288 1015 1328; x_wconf 84' lang='lat' dir='ltr'><strong>cum</strong></span> <span class='ocrx_word' id='word_1_94' title='bbox 1064 1284 1272 1331; x_wconf 84' lang='lat' dir='ltr'><strong>naturae</strong></span> <span class='ocrx_word' id='word_1_95' title='bbox 1301 1281 1738 1337; x_wconf 89' lang='lat' dir='ltr'><strong>communionem</strong></span> <span class='ocrx_word' id='word_1_96' title='bbox 1766 1281 1939 1350; x_wconf 87' lang='lat' dir='ltr'><strong>audit,</strong></span> 
     </span>
    </p>
   </div>
   <div class='ocr_carea' id='block_1_16' title="bbox 378 1357 1944 1442">
    <p class='ocr_par' dir='ltr' id='par_1_16' title="bbox 378 1357 1944 1442">
     <span class='ocr_line' id='line_1_16' title="bbox 378 1357 1944 1442; baseline 0.013 -34"><span class='ocrx_word' id='word_1_97' title='bbox 378 1357 631 1428; x_wconf 89' lang='lat' dir='ltr'><strong>principii</strong></span> <span class='ocrx_word' id='word_1_98' title='bbox 659 1362 900 1430; x_wconf 84' lang='lat' dir='ltr'><strong>expertia</strong></span> <span class='ocrx_word' id='word_1_99' title='bbox 925 1366 1107 1420; x_wconf 88' lang='lat' dir='ltr'><strong>omnia</strong></span> <span class='ocrx_word' id='word_1_100' title='bbox 1131 1367 1219 1421; x_wconf 88' lang='lat' dir='ltr'><strong>illa</strong></span> <span class='ocrx_word' id='word_1_101' title='bbox 1247 1369 1440 1437; x_wconf 84' lang='lat' dir='ltr'><strong>credit,</strong></span> <span class='ocrx_word' id='word_1_102' title='bbox 1481 1387 1602 1442; x_wconf 86' lang='lat' dir='ltr'><strong>quae</strong></span> <span class='ocrx_word' id='word_1_103' title='bbox 1624 1373 1944 1428; x_wconf 78' lang='lat' dir='ltr'><strong>substantiae</strong></span> 
     </span>
    </p>
   </div>
   <div class='ocr_carea' id='block_1_17' title="bbox 377 1447 1941 1533">
    <p class='ocr_par' dir='ltr' id='par_1_17' title="bbox 377 1447 1941 1533">
     <span class='ocr_line' id='line_1_17' title="bbox 377 1447 1941 1533; baseline 0.013 -32"><span class='ocrx_word' id='word_1_104' title='bbox 377 1447 586 1506; x_wconf 87' lang='lat' dir='ltr'><strong>ambitu</strong></span> <span class='ocrx_word' id='word_1_105' title='bbox 614 1454 977 1521; x_wconf 88' lang='lat' dir='ltr'><strong>continentur,</strong></span> <span class='ocrx_word' id='word_1_106' title='bbox 1033 1467 1125 1512; x_wconf 91' lang='lat' dir='ltr'><strong>aut</strong></span> <span class='ocrx_word' id='word_1_107' title='bbox 1160 1459 1361 1529; x_wconf 89' lang='lat' dir='ltr'><strong>aliquid</strong></span> <span class='ocrx_word' id='word_1_108' title='bbox 1394 1478 1457 1517; x_wconf 81' lang='lat' dir='ltr'><strong>ex</strong></span> <span class='ocrx_word' id='word_1_109' title='bbox 1522 1464 1703 1533; x_wconf 87' lang='lat' dir='ltr'><strong>seipso</strong></span> <span class='ocrx_word' id='word_1_110' title='bbox 1746 1466 1896 1520; x_wconf 86' lang='lat' dir='ltr'><strong>nasci</strong></span> <span class='ocrx_word' id='word_1_111' title='bbox 1926 1485 1941 1521; x_wconf 90' lang='lat'><strong>:</strong></span> 
     </span>
    </p>
   </div>
   <div class='ocr_carea' id='block_1_18' title="bbox 378 1544 1947 1626">
    <p class='ocr_par' dir='ltr' id='par_1_18' title="bbox 378 1544 1947 1626">
     <span class='ocr_line' id='line_1_18' title="bbox 378 1544 1947 1626; baseline 0.012 -33"><span class='ocrx_word' id='word_1_112' title='bbox 378 1548 431 1594; x_wconf 88' lang='lat' dir='ltr'><strong>et</strong></span> <span class='ocrx_word' id='word_1_113' title='bbox 458 1557 714 1609; x_wconf 81' lang='lat' dir='ltr'><strong>generare</strong></span> <span class='ocrx_word' id='word_1_114' title='bbox 740 1544 903 1600; x_wconf 86' lang='lat' dir='ltr'><strong>simul</strong></span> <span class='ocrx_word' id='word_1_115' title='bbox 935 1548 1193 1618; x_wconf 89' lang='lat' dir='ltr'><strong>seipsum,</strong></span> <span class='ocrx_word' id='word_1_116' title='bbox 1221 1559 1273 1605; x_wconf 92' lang='lat' dir='ltr'><strong>et</strong></span> <span class='ocrx_word' id='word_1_117' title='bbox 1307 1569 1335 1606; x_wconf 86' lang='lat' dir='ltr'><strong>a</strong></span> <span class='ocrx_word' id='word_1_118' title='bbox 1372 1554 1552 1623; x_wconf 62' lang='lat' dir='ltr'><strong>seipse</strong></span> <span class='ocrx_word' id='word_1_119' title='bbox 1576 1558 1822 1626; x_wconf 82' lang='lat' dir='ltr'><strong>generari</strong></span> <span class='ocrx_word' id='word_1_120' title='bbox 1864 1573 1947 1612; x_wconf 88' lang='lat' dir='ltr'><strong>as-</strong></span> 
     </span>
    </p>
   </div>
   <div class='ocr_carea' id='block_1_19' title="bbox 377 1634 548 1689">
    <p class='ocr_par' dir='ltr' id='par_1_19' title="bbox 377 1634 548 1689">
     <span class='ocr_line' id='line_1_19' title="bbox 377 1634 548 1689; baseline 0.006 -1"><span class='ocrx_word' id='word_1_121' title='bbox 377 1634 548 1689; x_wconf 90' lang='lat' dir='ltr'><strong>serit?</strong></span> 
     </span>
    </p>
   </div>
   <div class='ocr_carea' id='block_1_20' title="bbox 447 1726 1940 1808">
    <p class='ocr_par' dir='ltr' id='par_1_20' title="bbox 447 1726 1940 1808">
     <span class='ocr_line' id='line_1_20' title="bbox 447 1726 1940 1808; baseline 0.007 -28"><span class='ocrx_word' id='word_1_122' title='bbox 447 1726 668 1784; x_wconf 84' lang='lat' dir='ltr'><strong>Primus</strong></span> <span class='ocrx_word' id='word_1_123' title='bbox 713 1730 896 1794; x_wconf 84' lang='lat' dir='ltr'><strong>homo,</strong></span> <span class='ocrx_word' id='word_1_124' title='bbox 954 1740 1007 1786; x_wconf 90' lang='lat' dir='ltr'><strong>et</strong></span> <span class='ocrx_word' id='word_1_125' title='bbox 1037 1732 1129 1801; x_wconf 87' lang='lat' dir='ltr'><strong>qui</strong></span> <span class='ocrx_word' id='word_1_126' title='bbox 1166 1748 1230 1787; x_wconf 81' lang='lat' dir='ltr'><strong>ex</strong></span> <span class='ocrx_word' id='word_1_127' title='bbox 1268 1734 1360 1795; x_wconf 87' lang='lat' dir='ltr'><strong>illo</strong></span> <span class='ocrx_word' id='word_1_128' title='bbox 1385 1735 1601 1805; x_wconf 83' lang='lat' dir='ltr'><strong>genitus</strong></span> <span class='ocrx_word' id='word_1_129' title='bbox 1649 1745 1734 1792; x_wconf 89' lang='lat' dir='ltr'><strong>est</strong></span> <span class='ocrx_word' id='word_1_130' title='bbox 1765 1736 1940 1808; x_wconf 82' lang='lat' dir='ltr'><strong>(Abel)</strong></span> 
     </span>
    </p>
   </div>
   <div class='ocr_carea' id='block_1_21' title="bbox 377 1816 1943 1897">
    <p class='ocr_par' dir='ltr' id='par_1_21' title="bbox 377 1816 1943 1897">
     <span class='ocr_line' id='line_1_21' title="bbox 377 1816 1943 1897; baseline 0.009 -28"><span class='ocrx_word' id='word_1_131' title='bbox 377 1816 741 1875; x_wconf 85' lang='lat' dir='ltr'><strong>diversimode</strong></span> <span class='ocrx_word' id='word_1_132' title='bbox 776 1836 934 1876; x_wconf 91' lang='lat' dir='ltr'><strong>suum</strong></span> <span class='ocrx_word' id='word_1_133' title='bbox 983 1837 1107 1878; x_wconf 89' lang='lat' dir='ltr'><strong>esse</strong></span> <span class='ocrx_word' id='word_1_134' title='bbox 1144 1823 1322 1894; x_wconf 87' lang='lat' dir='ltr'><strong>adepti</strong></span> <span class='ocrx_word' id='word_1_135' title='bbox 1366 1834 1513 1889; x_wconf 88' lang='lat' dir='ltr'><strong>sunt,</strong></span> <span class='ocrx_word' id='word_1_136' title='bbox 1557 1827 1694 1881; x_wconf 83' lang='lat' dir='ltr'><strong>alter</strong></span> <span class='ocrx_word' id='word_1_137' title='bbox 1725 1828 1943 1897; x_wconf 84' lang='lat' dir='ltr'><strong>quidem</strong></span> 
     </span>
    </p>
   </div>
   <div class='ocr_carea' id='block_1_22' title="bbox 373 1909 1944 1995">
    <p class='ocr_par' dir='ltr' id='par_1_22' title="bbox 373 1909 1944 1995">
     <span class='ocr_line' id='line_1_22' title="bbox 373 1909 1944 1995; baseline 0.007 -35"><span class='ocrx_word' id='word_1_138' title='bbox 373 1921 441 1961; x_wconf 72' lang='lat' dir='ltr'><strong>ex</strong></span> <span class='ocrx_word' id='word_1_139' title='bbox 495 1909 879 1978; x_wconf 87' lang='lat' dir='ltr'><strong>conjunctione</strong></span> <span class='ocrx_word' id='word_1_140' title='bbox 900 1916 1378 1983; x_wconf 83' lang='lat' dir='ltr'><strong>parentum,altcr</strong></span> <span class='ocrx_word' id='word_1_141' title='bbox 1439 1931 1567 1971; x_wconf 86' lang='lat' dir='ltr'><strong>vero</strong></span> <span class='ocrx_word' id='word_1_142' title='bbox 1619 1932 1685 1995; x_wconf 76' lang='lat' dir='ltr'><strong>ex</strong></span> <span class='ocrx_word' id='word_1_143' title='bbox 1746 1917 1944 1973; x_wconf 78' lang='lat' dir='ltr'><strong>forma-</strong></span> 
     </span>
    </p>
   </div>
   <div class='ocr_carea' id='block_1_23' title="bbox 374 1996 1943 2077">
    <p class='ocr_par' dir='ltr' id='par_1_23' title="bbox 374 1996 1943 2077">
     <span class='ocr_line' id='line_1_23' title="bbox 374 1996 1943 2077; baseline 0.01 -30"><span class='ocrx_word' id='word_1_144' title='bbox 374 1996 524 2052; x_wconf 86' lang='lat' dir='ltr'><strong>tione</strong></span> <span class='ocrx_word' id='word_1_145' title='bbox 578 2005 756 2064; x_wconf 71' lang='lat' dir='ltr'><strong>terrze,</strong></span> <span class='ocrx_word' id='word_1_146' title='bbox 785 2007 838 2055; x_wconf 90' lang='lat' dir='ltr'><strong>et</strong></span> <span class='ocrx_word' id='word_1_147' title='bbox 895 2010 1074 2058; x_wconf 88' lang='lat' dir='ltr'><strong>tamen</strong></span> <span class='ocrx_word' id='word_1_148' title='bbox 1129 2003 1236 2059; x_wconf 92' lang='lat' dir='ltr'><strong>duo</strong></span> <span class='ocrx_word' id='word_1_149' title='bbox 1268 2021 1389 2061; x_wconf 89' lang='lat' dir='ltr'><strong>esse</strong></span> <span class='ocrx_word' id='word_1_150' title='bbox 1434 2016 1749 2077; x_wconf 89' lang='lat' dir='ltr'><strong>censentur,</strong></span> <span class='ocrx_word' id='word_1_151' title='bbox 1785 2023 1847 2062; x_wconf 90' lang='lat' dir='ltr'><strong>ac</strong></span> <span class='ocrx_word' id='word_1_152' title='bbox 1889 2011 1943 2063; x_wconf 92' lang='lat' dir='ltr'><strong>in</strong></span> 
     </span>
    </p>
   </div>
   <div class='ocr_carea' id='block_1_24' title="bbox 375 2090 1942 2171">
    <p class='ocr_par' dir='ltr' id='par_1_24' title="bbox 375 2090 1942 2171">
     <span class='ocr_line' id='line_1_24' title="bbox 375 2090 1942 2171; baseline 0.01 -31"><span class='ocrx_word' id='word_1_153' title='bbox 375 2090 588 2147; x_wconf 88' lang='lat' dir='ltr'><strong>ratione</strong></span> <span class='ocrx_word' id='word_1_154' title='bbox 619 2101 675 2147; x_wconf 90' lang='lat' dir='ltr'><strong>et</strong></span> <span class='ocrx_word' id='word_1_155' title='bbox 711 2092 933 2148; x_wconf 90' lang='lat' dir='ltr'><strong>notione</strong></span> <span class='ocrx_word' id='word_1_156' title='bbox 963 2096 1286 2152; x_wconf 82' lang='lat' dir='ltr'><strong>substantiae</strong></span> <span class='ocrx_word' id='word_1_157' title='bbox 1315 2106 1505 2153; x_wconf 91' lang='lat' dir='ltr'><strong>mutuo</strong></span> <span class='ocrx_word' id='word_1_158' title='bbox 1536 2114 1643 2155; x_wconf 91' lang='lat' dir='ltr'><strong>non</strong></span> <span class='ocrx_word' id='word_1_159' title='bbox 1680 2117 1942 2171; x_wconf 83' lang='lat' dir='ltr'><strong>separan-</strong></span> 
     </span>
    </p>
   </div>
   <div class='ocr_carea' id='block_1_25' title="bbox 375 2185 1943 2262">
    <p class='ocr_par' dir='ltr' id='par_1_25' title="bbox 375 2185 1943 2262">
     <span class='ocr_line' id='line_1_25' title="bbox 375 2185 1943 2262; baseline 0.01 -30"><span class='ocrx_word' id='word_1_160' title='bbox 375 2189 489 2249; x_wconf 90' lang='lat' dir='ltr'><strong>tur,</strong></span> <span class='ocrx_word' id='word_1_161' title='bbox 522 2197 697 2252; x_wconf 89' lang='lat' dir='ltr'><strong>neque</strong></span> <span class='ocrx_word' id='word_1_162' title='bbox 746 2185 884 2240; x_wconf 89' lang='lat' dir='ltr'><strong>duas</strong></span> <span class='ocrx_word' id='word_1_163' title='bbox 910 2187 1245 2243; x_wconf 82' lang='lat' dir='ltr'><strong>substantias</strong></span> <span class='ocrx_word' id='word_1_164' title='bbox 1278 2190 1531 2260; x_wconf 85' lang='lat' dir='ltr'><strong>principii</strong></span> <span class='ocrx_word' id='word_1_165' title='bbox 1560 2203 1810 2262; x_wconf 80' lang='lat' dir='ltr'><strong>expertes</strong></span> <span class='ocrx_word' id='word_1_166' title='bbox 1840 2194 1943 2249; x_wconf 89' lang='lat' dir='ltr'><strong>sibi</strong></span> 
     </span>
    </p>
   </div>
   <div class='ocr_carea' id='block_1_26' title="bbox 374 2273 1941 2357">
    <p class='ocr_par' dir='ltr' id='par_1_26' title="bbox 374 2273 1941 2357">
     <span class='ocr_line' id='line_1_26' title="bbox 374 2273 1941 2357; baseline 0.01 -32"><span class='ocrx_word' id='word_1_167' title='bbox 374 2273 622 2341; x_wconf 79' lang='lat' dir='ltr'><strong>Opposite</strong></span> <span class='ocrx_word' id='word_1_168' title='bbox 661 2275 952 2343; x_wconf 88' lang='lat' dir='ltr'><strong>productas</strong></span> <span class='ocrx_word' id='word_1_169' title='bbox 1015 2279 1377 2347; x_wconf 86' lang='lat' dir='ltr'><strong>appellamus,</strong></span> <span class='ocrx_word' id='word_1_170' title='bbox 1444 2298 1621 2351; x_wconf 86' lang='lat' dir='ltr'><strong>neque</strong></span> <span class='ocrx_word' id='word_1_171' title='bbox 1653 2283 1779 2341; x_wconf 81' lang='lat' dir='ltr'><strong>eum</strong></span> <span class='ocrx_word' id='word_1_172' title='bbox 1846 2287 1941 2357; x_wconf 91' lang='lat' dir='ltr'><strong>qui</strong></span> 
     </span>
    </p>
   </div>
   <div class='ocr_carea' id='block_1_27' title="bbox 374 2365 1945 2449">
    <p class='ocr_par' dir='ltr' id='par_1_27' title="bbox 374 2365 1945 2449">
     <span class='ocr_line' id='line_1_27' title="bbox 374 2365 1945 2449; baseline 0.01 -31"><span class='ocrx_word' id='word_1_173' title='bbox 374 2372 481 2428; x_wconf 89' lang='lat' dir='ltr'><strong>est,</strong></span> <span class='ocrx_word' id='word_1_174' title='bbox 538 2365 607 2421; x_wconf 90' lang='lat' dir='ltr'><strong>ab</strong></span> <span class='ocrx_word' id='word_1_175' title='bbox 666 2366 762 2422; x_wconf 93' lang='lat' dir='ltr'><strong>illo</strong></span> <span class='ocrx_word' id='word_1_176' title='bbox 816 2368 909 2438; x_wconf 92' lang='lat' dir='ltr'><strong>qui</strong></span> <span class='ocrx_word' id='word_1_177' title='bbox 966 2377 1085 2431; x_wconf 85' lang='lat' dir='ltr'><strong>est,</strong></span> <span class='ocrx_word' id='word_1_178' title='bbox 1147 2373 1391 2442; x_wconf 85' lang='lat' dir='ltr'><strong>generari</strong></span> <span class='ocrx_word' id='word_1_179' title='bbox 1450 2373 1706 2443; x_wconf 89' lang='lat' dir='ltr'><strong>dicimus,</strong></span> <span class='ocrx_word' id='word_1_180' title='bbox 1768 2393 1945 2449; x_wconf 91' lang='lat' dir='ltr'><strong>neque</strong></span> 
     </span>
    </p>
   </div>
   <div class='ocr_carea' id='block_1_28' title="bbox 375 2459 1944 2542">
    <p class='ocr_par' dir='ltr' id='par_1_28' title="bbox 375 2459 1944 2542">
     <span class='ocr_line' id='line_1_28' title="bbox 375 2459 1944 2542; baseline 0.01 -33"><span class='ocrx_word' id='word_1_181' title='bbox 375 2472 542 2512; x_wconf 91' lang='lat' dir='ltr'><strong>unum</strong></span> <span class='ocrx_word' id='word_1_182' title='bbox 595 2474 694 2529; x_wconf 89' lang='lat' dir='ltr'><strong>pro</strong></span> <span class='ocrx_word' id='word_1_183' title='bbox 729 2459 945 2518; x_wconf 92' lang='lat' dir='ltr'><strong>duobus</strong></span> <span class='ocrx_word' id='word_1_184' title='bbox 980 2462 1264 2531; x_wconf 83' lang='lat' dir='ltr'><strong>habemus,</strong></span> <span class='ocrx_word' id='word_1_185' title='bbox 1304 2467 1761 2536; x_wconf 88' lang='lat' dir='ltr'><strong>quemadmodum</strong></span> <span class='ocrx_word' id='word_1_186' title='bbox 1819 2487 1944 2542; x_wconf 88' lang='lat' dir='ltr'><strong>por-</strong></span> 
     </span>
    </p>
   </div>
   <div class='ocr_carea' id='block_1_29' title="bbox 376 2549 1943 2631">
    <p class='ocr_par' dir='ltr' id='par_1_29' title="bbox 376 2549 1943 2631">
     <span class='ocr_line' id='line_1_29' title="bbox 376 2549 1943 2631; baseline 0.01 -30"><span class='ocrx_word' id='word_1_187' title='bbox 376 2549 712 2621; x_wconf 87' lang='lat' dir='ltr'><strong>tentiloquus</strong></span> <span class='ocrx_word' id='word_1_188' title='bbox 753 2553 855 2609; x_wconf 89' lang='lat' dir='ltr'><strong>iste</strong></span> <span class='ocrx_word' id='word_1_189' title='bbox 917 2553 1068 2619; x_wconf 85' lang='lat' dir='ltr'><strong>facit,</strong></span> <span class='ocrx_word' id='word_1_190' title='bbox 1123 2564 1180 2610; x_wconf 91' lang='lat' dir='ltr'><strong>ut</strong></span> <span class='ocrx_word' id='word_1_191' title='bbox 1225 2557 1309 2612; x_wconf 92' lang='lat' dir='ltr'><strong>sui</strong></span> <span class='ocrx_word' id='word_1_192' title='bbox 1364 2560 1539 2628; x_wconf 91' lang='lat' dir='ltr'><strong>ipsius</strong></span> <span class='ocrx_word' id='word_1_193' title='bbox 1600 2568 1835 2631; x_wconf 62' lang='lat' dir='ltr'><strong>patrem,</strong></span> <span class='ocrx_word' id='word_1_194' title='bbox 1888 2572 1943 2618; x_wconf 88' lang='lat' dir='ltr'><strong>et</strong></span> 
     </span>
    </p>
   </div>
   <div class='ocr_carea' id='block_1_30' title="bbox 375 2644 1940 2720">
    <p class='ocr_par' dir='ltr' id='par_1_30' title="bbox 375 2644 1940 2720">
     <span class='ocr_line' id='line_1_30' title="bbox 375 2644 1940 2720; baseline 0.012 -28"><span class='ocrx_word' id='word_1_195' title='bbox 375 2656 567 2698; x_wconf 85' lang='lat' dir='ltr'><strong>rursus</strong></span> <span class='ocrx_word' id='word_1_196' title='bbox 625 2644 708 2698; x_wconf 87' lang='lat' dir='ltr'><strong>sui</strong></span> <span class='ocrx_word' id='word_1_197' title='bbox 744 2644 917 2713; x_wconf 88' lang='lat' dir='ltr'><strong>ipsius</strong></span> <span class='ocrx_word' id='word_1_198' title='bbox 978 2647 1149 2702; x_wconf 80' lang='lat' dir='ltr'><strong>tilium</strong></span> <span class='ocrx_word' id='word_1_199' title='bbox 1214 2656 1506 2720; x_wconf 90' lang='lat' dir='ltr'><strong>utrumque</strong></span> <span class='ocrx_word' id='word_1_200' title='bbox 1557 2652 1940 2710; x_wconf 80' lang='lat' dir='ltr'><strong>aestimemus:</strong></span> 
     </span>
    </p>
   </div>
   <div class='ocr_carea' id='block_1_31' title="bbox 381 2733 1943 2806">
    <p class='ocr_par' dir='ltr' id='par_1_31' title="bbox 381 2733 1943 2806">
     <span class='ocr_line' id='line_1_31' title="bbox 381 2733 1943 2806; baseline 0.01 -21"><span class='ocrx_word' id='word_1_201' title='bbox 381 2733 626 2788; x_wconf 86' lang='lat' dir='ltr'><strong>homines</strong></span> <span class='ocrx_word' id='word_1_202' title='bbox 657 2735 801 2789; x_wconf 87' lang='lat' dir='ltr'><strong>enim</strong></span> <span class='ocrx_word' id='word_1_203' title='bbox 830 2743 978 2802; x_wconf 90' lang='lat' dir='ltr'><strong>sunt,</strong></span> <span class='ocrx_word' id='word_1_204' title='bbox 1004 2746 1057 2791; x_wconf 91' lang='lat' dir='ltr'><strong>et</strong></span> <span class='ocrx_word' id='word_1_205' title='bbox 1078 2737 1185 2803; x_wconf 92' lang='lat' dir='ltr'><strong>hic,</strong></span> <span class='ocrx_word' id='word_1_206' title='bbox 1217 2746 1271 2795; x_wconf 86' lang='lat' dir='ltr'><strong>et</strong></span> <span class='ocrx_word' id='word_1_207' title='bbox 1302 2741 1411 2806; x_wconf 91' lang='lat' dir='ltr'><strong>ille,</strong></span> <span class='ocrx_word' id='word_1_208' title='bbox 1439 2748 1492 2796; x_wconf 92' lang='lat' dir='ltr'><strong>et</strong></span> <span class='ocrx_word' id='word_1_209' title='bbox 1520 2742 1659 2798; x_wconf 90' lang='lat' dir='ltr'><strong>ratio</strong></span> <span class='ocrx_word' id='word_1_210' title='bbox 1686 2743 1943 2800; x_wconf 86' lang='lat' dir='ltr'><strong>substan-</strong></span> 
     </span>
    </p>
   </div>
   <div class='ocr_carea' id='block_1_32' title="bbox 376 2823 1942 2905">
    <p class='ocr_par' dir='ltr' id='par_1_32' title="bbox 376 2823 1942 2905">
     <span class='ocr_line' id='line_1_32' title="bbox 376 2823 1942 2905; baseline 0.009 -28"><span class='ocrx_word' id='word_1_211' title='bbox 376 2824 465 2877; x_wconf 79' lang='lat' dir='ltr'><strong>tiae</strong></span> <span class='ocrx_word' id='word_1_212' title='bbox 503 2823 767 2879; x_wconf 91' lang='lat' dir='ltr'><strong>ambobus</strong></span> <span class='ocrx_word' id='word_1_213' title='bbox 796 2827 1103 2884; x_wconf 90' lang='lat' dir='ltr'><strong>communis</strong></span> <span class='ocrx_word' id='word_1_214' title='bbox 1135 2837 1239 2886; x_wconf 87' lang='lat' dir='ltr'><strong>est.</strong></span> <span class='ocrx_word' id='word_1_215' title='bbox 1277 2830 1521 2888; x_wconf 77' lang='lat' dir='ltr'><strong>Mortalis</strong></span> <span class='ocrx_word' id='word_1_216' title='bbox 1562 2842 1812 2905; x_wconf 87' lang='lat' dir='ltr'><strong>uterque,</strong></span> <span class='ocrx_word' id='word_1_217' title='bbox 1851 2851 1942 2891; x_wconf 88' lang='lat' dir='ltr'><strong>ra—</strong></span> 
     </span>
    </p>
   </div>
   <div class='ocr_carea' id='block_1_33' title="bbox 375 2915 1941 2997">
    <p class='ocr_par' dir='ltr' id='par_1_33' title="bbox 375 2915 1941 2997">
     <span class='ocr_line' id='line_1_33' title="bbox 375 2915 1941 2997; baseline 0.01 -31"><span class='ocrx_word' id='word_1_218' title='bbox 375 2915 520 2968; x_wconf 85' lang='lat' dir='ltr'><strong>tione</strong></span> <span class='ocrx_word' id='word_1_219' title='bbox 552 2916 811 2984; x_wconf 72' lang='lat' dir='ltr'><strong>prteditus</strong></span> <span class='ocrx_word' id='word_1_220' title='bbox 843 2917 1147 2988; x_wconf 65' lang='lat' dir='ltr'><strong>aequaliter,</strong></span> <span class='ocrx_word' id='word_1_221' title='bbox 1182 2923 1383 2978; x_wconf 88' lang='lat' dir='ltr'><strong>mentis</strong></span> <span class='ocrx_word' id='word_1_222' title='bbox 1416 2930 1471 2977; x_wconf 90' lang='lat' dir='ltr'><strong>et</strong></span> <span class='ocrx_word' id='word_1_223' title='bbox 1497 2924 1741 2980; x_wconf 65' lang='lat' dir='ltr'><strong>scientiae</strong></span> <span class='ocrx_word' id='word_1_224' title='bbox 1770 2941 1941 2997; x_wconf 84' lang='lat' dir='ltr'><strong>capax</strong></span> 
     </span>
    </p>
   </div>
   <div class='ocr_carea' id='block_1_34' title="bbox 2046 450 3626 526">
    <p class='ocr_par' dir='ltr' id='par_1_34' title="bbox 2046 450 3626 526">
     <span class='ocr_line' id='line_1_34' title="bbox 2046 450 3626 526; baseline -0.004 -19"><span class='ocrx_word' id='word_1_225' title='bbox 2046 454 2112 507; x_wconf 68' lang='grc' dir='ltr'><strong>τὰ</strong></span> <span class='ocrx_word' id='word_1_226' title='bbox 2143 455 2439 526; x_wconf 76' lang='grc' dir='ltr'><strong>φαινόμενα</strong></span> <span class='ocrx_word' id='word_1_227' title='bbox 2485 456 2692 509; x_wconf 86' lang='grc' dir='ltr'>στάσιν.</span> <span class='ocrx_word' id='word_1_228' title='bbox 2726 453 2877 525; x_wconf 81' lang='grc' dir='ltr'>Τάχα</span> <span class='ocrx_word' id='word_1_229' title='bbox 2911 454 3089 508; x_wconf 82' lang='grc' dir='ltr'>τοίνυν</span> <span class='ocrx_word' id='word_1_230' title='bbox 3125 455 3182 506; x_wconf 82' lang='grc' dir='ltr'>ὲν</span> <span class='ocrx_word' id='word_1_231' title='bbox 3207 452 3432 523; x_wconf 82' lang='grc' dir='ltr'>τοιούτῳ</span> <span class='ocrx_word' id='word_1_232' title='bbox 3477 450 3626 521; x_wconf 85' lang='grc' dir='ltr'>σάλῳ</span> 
     </span>
    </p>
   </div>
   <div class='ocr_carea' id='block_1_35' title="bbox 2044 543 3626 619">
    <p class='ocr_par' dir='ltr' id='par_1_35' title="bbox 2044 543 3626 619">
     <span class='ocr_line' id='line_1_35' title="bbox 2044 543 3626 619; baseline -0.002 -22"><span class='ocrx_word' id='word_1_233' title='bbox 2044 544 2142 619; x_wconf 77' lang='grc' dir='ltr'>τὴν</span> <span class='ocrx_word' id='word_1_234' title='bbox 2169 544 2345 617; x_wconf 76' lang='grc' dir='ltr'>ψυχήν</span> <span class='ocrx_word' id='word_1_235' title='bbox 2373 544 2509 617; x_wconf 76' lang='grc' dir='ltr'>ἔχων</span> <span class='ocrx_word' id='word_1_236' title='bbox 2530 546 2559 599; x_wconf 82' lang='lat'><strong>6</strong></span> <span class='ocrx_word' id='word_1_237' title='bbox 2585 545 2939 616; x_wconf 73' lang='grc' dir='ltr'>λογογράφος,</span> <span class='ocrx_word' id='word_1_238' title='bbox 2970 543 3272 615; x_wconf 82' lang='grc' dir='ltr'>συνέγραφε</span> <span class='ocrx_word' id='word_1_239' title='bbox 3291 560 3305 573; x_wconf 86' lang='grc'><strong>·</strong></span> <span class='ocrx_word' id='word_1_240' title='bbox 3340 544 3434 597; x_wconf 73' lang='grc' dir='ltr'><strong>καὶ</strong></span> <span class='ocrx_word' id='word_1_241' title='bbox 3455 543 3626 596; x_wconf 75' lang='grc' dir='ltr'>ἐλεεῖν</span> 
     </span>
    </p>
   </div>
   <div class='ocr_carea' id='block_1_36' title="bbox 2046 633 3625 707">
    <p class='ocr_par' dir='ltr' id='par_1_36' title="bbox 2046 633 3625 707">
     <span class='ocr_line' id='line_1_36' title="bbox 2046 633 3625 707; baseline -0.003 -18"><span class='ocrx_word' id='word_1_242' title='bbox 2046 637 2311 707; x_wconf 80' lang='grc' dir='ltr'>προσήκει</span> <span class='ocrx_word' id='word_1_243' title='bbox 2353 636 2551 707; x_wconf 80' lang='grc' dir='ltr'>μᾶλλον</span> <span class='ocrx_word' id='word_1_244' title='bbox 2605 637 2698 689; x_wconf 72' lang='grc' dir='ltr'>ἐπὶ</span> <span class='ocrx_word' id='word_1_245' title='bbox 2745 638 2857 699; x_wconf 86' lang='grc' dir='ltr'>τοῖς</span> <span class='ocrx_word' id='word_1_246' title='bbox 2899 635 3302 707; x_wconf 79' lang='grc' dir='ltr'><strong>γεγραμμένοις</strong></span> <span class='ocrx_word' id='word_1_247' title='bbox 3358 633 3553 698; x_wconf 81' lang='grc' dir='ltr'>αὐτὸν,</span> <span class='ocrx_word' id='word_1_248' title='bbox 3590 633 3625 702; x_wconf 79' lang='grc' dir='ltr'>ἦ</span> 
     </span>
    </p>
   </div>
   <div class='ocr_carea' id='block_1_37' title="bbox 2047 724 3624 798">
    <p class='ocr_par' dir='ltr' id='par_1_37' title="bbox 2047 724 3624 798">
     <span class='ocr_line' id='line_1_37' title="bbox 2047 724 3624 798; baseline -0.004 -18"><span class='ocrx_word' id='word_1_249' title='bbox 2047 728 2440 798; x_wconf 79' lang='grc' dir='ltr'>βδελύττεσθαι.</span> <span class='ocrx_word' id='word_1_250' title='bbox 2485 728 2581 791; x_wconf 85' lang='grc' dir='ltr'>Τίς</span> <span class='ocrx_word' id='word_1_251' title='bbox 2628 728 2734 798; x_wconf 79' lang='grc' dir='ltr'><strong>γὰρ</strong></span> <span class='ocrx_word' id='word_1_252' title='bbox 2783 724 2925 780; x_wconf 73' lang='grc' dir='ltr'>οὕτω</span> <span class='ocrx_word' id='word_1_253' title='bbox 2975 727 3083 781; x_wconf 86' lang='grc' dir='ltr'><strong>τῶν</strong></span> <span class='ocrx_word' id='word_1_254' title='bbox 3134 725 3295 779; x_wconf 85' lang='grc' dir='ltr'>θείων</span> <span class='ocrx_word' id='word_1_255' title='bbox 3337 724 3624 794; x_wconf 82' lang='grc' dir='ltr'>δογμάτων</span> 
     </span>
    </p>
   </div>
   <div class='ocr_carea' id='block_1_38' title="bbox 2051 814 3625 891">
    <p class='ocr_par' dir='ltr' id='par_1_38' title="bbox 2051 814 3625 891">
     <span class='ocr_line' id='line_1_38' title="bbox 2051 814 3625 891; baseline -0.006 -16"><span class='ocrx_word' id='word_1_256' title='bbox 2051 822 2316 891; x_wconf 87' lang='grc' dir='ltr'>ἀνήκοος;</span> <span class='ocrx_word' id='word_1_257' title='bbox 2351 821 2448 884; x_wconf 85' lang='grc' dir='ltr'>Τίς</span> <span class='ocrx_word' id='word_1_258' title='bbox 2478 819 2620 874; x_wconf 72' lang='grc' dir='ltr'>οὕτω</span> <span class='ocrx_word' id='word_1_259' title='bbox 2655 820 2841 890; x_wconf 74' lang='grc' dir='ltr'><strong>πὸρῤω</strong></span> <span class='ocrx_word' id='word_1_260' title='bbox 2867 819 2973 871; x_wconf 89' lang='grc' dir='ltr'><strong>τῶν</strong></span> <span class='ocrx_word' id='word_1_261' title='bbox 3001 819 3099 887; x_wconf 83' lang='grc' dir='ltr'>τῆς</span> <span class='ocrx_word' id='word_1_262' title='bbox 3152 814 3475 887; x_wconf 83' lang='grc' dir='ltr'>Ἐκκλησίας</span> <span class='ocrx_word' id='word_1_263' title='bbox 3519 831 3625 885; x_wconf 86' lang='grc' dir='ltr'>μυ-</span> 
     </span>
    </p>
   </div>
   <div class='ocr_carea' id='block_1_39' title="bbox 2054 903 3627 981">
    <p class='ocr_par' dir='ltr' id='par_1_39' title="bbox 2054 903 3627 981">
     <span class='ocr_line' id='line_1_39' title="bbox 2054 903 3627 981; baseline -0.004 -18"><span class='ocrx_word' id='word_1_264' title='bbox 2054 911 2289 981; x_wconf 87' lang='grc' dir='ltr'>στηρίων</span> <span class='ocrx_word' id='word_1_265' title='bbox 2334 911 2514 977; x_wconf 70' lang='grc' dir='ltr'>ἐστὶν,</span> <span class='ocrx_word' id='word_1_266' title='bbox 2547 910 2622 973; x_wconf 86' lang='grc' dir='ltr'>ὼς</span> <span class='ocrx_word' id='word_1_267' title='bbox 2653 910 2751 978; x_wconf 82' lang='grc' dir='ltr'>τὴν</span> <span class='ocrx_word' id='word_1_268' title='bbox 2794 908 3048 978; x_wconf 82' lang='grc' dir='ltr'>τοιαύτην</span> <span class='ocrx_word' id='word_1_269' title='bbox 3094 908 3299 961; x_wconf 77' lang='grc' dir='ltr'>ἔννοιαν</span> <span class='ocrx_word' id='word_1_270' title='bbox 3342 904 3484 958; x_wconf 86' lang='grc' dir='ltr'>κατὰ</span> <span class='ocrx_word' id='word_1_271' title='bbox 3524 903 3627 973; x_wconf 82' lang='grc' dir='ltr'>τῆς</span> 
     </span>
    </p>
   </div>
   <div class='ocr_carea' id='block_1_40' title="bbox 2050 992 3626 1069">
    <p class='ocr_par' dir='ltr' id='par_1_40' title="bbox 2050 992 3626 1069">
     <span class='ocr_line' id='line_1_40' title="bbox 2050 992 3626 1069; baseline -0.004 -17"><span class='ocrx_word' id='word_1_272' title='bbox 2050 1000 2284 1063; x_wconf 85' lang='grc' dir='ltr'>πίστεως</span> <span class='ocrx_word' id='word_1_273' title='bbox 2310 1000 2590 1069; x_wconf 79' lang='grc' dir='ltr'>δέξασθαι;</span> <span class='ocrx_word' id='word_1_274' title='bbox 2631 999 2847 1053; x_wconf 80' lang='grc' dir='ltr'>Μᾶλλον</span> <span class='ocrx_word' id='word_1_275' title='bbox 2878 998 2935 1053; x_wconf 78' lang='grc' dir='ltr'>δὲ</span> <span class='ocrx_word' id='word_1_276' title='bbox 2971 998 3161 1069; x_wconf 71' lang='grc' dir='ltr'>μικρὸν</span> <span class='ocrx_word' id='word_1_277' title='bbox 3195 998 3326 1059; x_wconf 74' lang='grc' dir='ltr'>ἴσως</span> <span class='ocrx_word' id='word_1_278' title='bbox 3358 995 3419 1049; x_wconf 69' lang='grc' dir='ltr'>τὸ</span> <span class='ocrx_word' id='word_1_279' title='bbox 3450 992 3626 1047; x_wconf 80' lang='grc' dir='ltr'>τοιοῦο</span> 
     </span>
    </p>
   </div>
   <div class='ocr_carea' id='block_1_41' title="bbox 2048 1086 3625 1162">
    <p class='ocr_par' dir='ltr' id='par_1_41' title="bbox 2048 1086 3625 1162">
     <span class='ocr_line' id='line_1_41' title="bbox 2048 1086 3625 1162; baseline -0.002 -20"><span class='ocrx_word' id='word_1_280' title='bbox 2048 1107 2140 1143; x_wconf 90' lang='grc' dir='ltr'><strong>τον</strong></span> <span class='ocrx_word' id='word_1_281' title='bbox 2166 1090 2362 1159; x_wconf 84' lang='grc' dir='ltr'>λέγειν,</span> <span class='ocrx_word' id='word_1_282' title='bbox 2393 1090 2454 1144; x_wconf 80' lang='grc' dir='ltr'>τὸ</span> <span class='ocrx_word' id='word_1_283' title='bbox 2487 1090 2687 1162; x_wconf 80' lang='grc' dir='ltr'><strong>μηδένα</strong></span> <span class='ocrx_word' id='word_1_284' title='bbox 2713 1089 2851 1143; x_wconf 83' lang='grc' dir='ltr'><strong>κατά</strong></span> <span class='ocrx_word' id='word_1_285' title='bbox 2874 1089 2974 1159; x_wconf 80' lang='grc' dir='ltr'><strong>τῆς</strong></span> <span class='ocrx_word' id='word_1_286' title='bbox 3007 1089 3240 1150; x_wconf 80' lang='grc' dir='ltr'>πίστεως</span> <span class='ocrx_word' id='word_1_287' title='bbox 3264 1086 3364 1157; x_wconf 83' lang='grc' dir='ltr'>τὴν</span> <span class='ocrx_word' id='word_1_288' title='bbox 3394 1086 3625 1139; x_wconf 80' lang='grc' dir='ltr'>ἀτοπίαν</span> 
     </span>
    </p>
   </div>
   <div class='ocr_carea' id='block_1_42' title="bbox 2048 1176 3624 1252">
    <p class='ocr_par' dir='ltr' id='par_1_42' title="bbox 2048 1176 3624 1252">
     <span class='ocr_line' id='line_1_42' title="bbox 2048 1176 3624 1252; baseline -0.004 -19"><span class='ocrx_word' id='word_1_289' title='bbox 2048 1180 2253 1252; x_wconf 82' lang='grc' dir='ltr'>ταύτην</span> <span class='ocrx_word' id='word_1_290' title='bbox 2296 1181 2630 1252; x_wconf 79' lang='grc' dir='ltr'>ὑπονοῆσαι·</span> <span class='ocrx_word' id='word_1_291' title='bbox 2681 1180 2815 1234; x_wconf 77' lang='grc' dir='ltr'>ἀλλὰ</span> <span class='ocrx_word' id='word_1_292' title='bbox 2861 1180 2942 1243; x_wconf 91' lang='grc' dir='ltr'><strong>τίς</strong></span> <span class='ocrx_word' id='word_1_293' title='bbox 2992 1180 3083 1233; x_wconf 70' lang='grc' dir='ltr'>ἐπὶ</span> <span class='ocrx_word' id='word_1_294' title='bbox 3129 1180 3227 1249; x_wconf 82' lang='grc' dir='ltr'><strong>τῆς</strong></span> <span class='ocrx_word' id='word_1_295' title='bbox 3277 1176 3624 1247; x_wconf 79' lang='grc' dir='ltr'>ἀνθρωπίνης</span> 
     </span>
    </p>
   </div>
   <div class='ocr_carea' id='block_1_43' title="bbox 2050 1266 3623 1343">
    <p class='ocr_par' dir='ltr' id='par_1_43' title="bbox 2050 1266 3623 1343">
     <span class='ocr_line' id='line_1_43' title="bbox 2050 1266 3623 1343; baseline -0.003 -21"><span class='ocrx_word' id='word_1_296' title='bbox 2050 1269 2284 1338; x_wconf 80' lang='grc' dir='ltr'>φύσεως,</span> <span class='ocrx_word' id='word_1_297' title='bbox 2317 1270 2351 1343; x_wconf 81' lang='grc' dir='ltr'>ἢ</span> <span class='ocrx_word' id='word_1_298' title='bbox 2384 1270 2543 1327; x_wconf 84' lang='grc' dir='ltr'>ἄλλου</span> <span class='ocrx_word' id='word_1_299' title='bbox 2574 1272 2716 1334; x_wconf 75' lang='grc' dir='ltr'>τινος</span> <span class='ocrx_word' id='word_1_300' title='bbox 2746 1270 2854 1323; x_wconf 89' lang='grc' dir='ltr'><strong>τῶν</strong></span> <span class='ocrx_word' id='word_1_301' title='bbox 2889 1270 2956 1322; x_wconf 89' lang='grc' dir='ltr'>δι’</span> <span class='ocrx_word' id='word_1_302' title='bbox 2990 1269 3293 1341; x_wconf 80' lang='grc' dir='ltr'>αἰσθήσεως</span> <span class='ocrx_word' id='word_1_303' title='bbox 3338 1266 3623 1337; x_wconf 84' lang='grc' dir='ltr'>καταλαμ-</span> 
     </span>
    </p>
   </div>
   <div class='ocr_carea' id='block_1_44' title="bbox 2050 1357 3622 1433">
    <p class='ocr_par' dir='ltr' id='par_1_44' title="bbox 2050 1357 3622 1433">
     <span class='ocr_line' id='line_1_44' title="bbox 2050 1357 3622 1433; baseline 0.001 -20"><span class='ocrx_word' id='word_1_304' title='bbox 2050 1362 2389 1432; x_wconf 76' lang='grc' dir='ltr'>ϐανομένων,</span> <span class='ocrx_word' id='word_1_305' title='bbox 2423 1363 2639 1421; x_wconf 76' lang='grc' dir='ltr'>ἐπειδὰν</span> <span class='ocrx_word' id='word_1_306' title='bbox 2665 1363 2729 1416; x_wconf 88' lang='grc' dir='ltr'><strong>τὸ</strong></span> <span class='ocrx_word' id='word_1_307' title='bbox 2756 1363 2930 1416; x_wconf 83' lang='grc' dir='ltr'>κοινὸν</span> <span class='ocrx_word' id='word_1_308' title='bbox 2964 1364 3060 1433; x_wconf 84' lang='grc' dir='ltr'>τῆς</span> <span class='ocrx_word' id='word_1_309' title='bbox 3098 1362 3285 1425; x_wconf 82' lang='grc' dir='ltr'>οὐσίας</span> <span class='ocrx_word' id='word_1_310' title='bbox 3316 1360 3553 1430; x_wconf 81' lang='grc' dir='ltr'>ἀκούσῃ,</span> <span class='ocrx_word' id='word_1_311' title='bbox 3586 1357 3622 1428; x_wconf 76' lang='grc' dir='ltr'>ἢ</span> 
     </span>
    </p>
   </div>
   <div class='ocr_carea' id='block_1_45' title="bbox 2049 1450 3624 1525">
    <p class='ocr_par' dir='ltr' id='par_1_45' title="bbox 2049 1450 3624 1525">
     <span class='ocr_line' id='line_1_45' title="bbox 2049 1450 3624 1525; baseline -0.003 -19"><span class='ocrx_word' id='word_1_312' title='bbox 2049 1452 2257 1523; x_wconf 83' lang='grc' dir='ltr'>ἄναρχα</span> <span class='ocrx_word' id='word_1_313' title='bbox 2282 1453 2496 1508; x_wconf 82' lang='grc' dir='ltr'>ὑπονοεῖ</span> <span class='ocrx_word' id='word_1_314' title='bbox 2521 1455 2695 1509; x_wconf 79' lang='grc' dir='ltr'>πάντα</span> <span class='ocrx_word' id='word_1_315' title='bbox 2721 1454 2820 1509; x_wconf 82' lang='grc' dir='ltr'>ὅσα</span> <span class='ocrx_word' id='word_1_316' title='bbox 2845 1454 2923 1525; x_wconf 79' lang='grc' dir='ltr'>τῷ</span> <span class='ocrx_word' id='word_1_317' title='bbox 2948 1454 3091 1524; x_wconf 85' lang='grc' dir='ltr'>λόγῳ</span> <span class='ocrx_word' id='word_1_318' title='bbox 3114 1454 3213 1523; x_wconf 80' lang='grc' dir='ltr'>τῆς</span> <span class='ocrx_word' id='word_1_319' title='bbox 3246 1454 3433 1514; x_wconf 80' lang='grc' dir='ltr'>οὐσίας</span> <span class='ocrx_word' id='word_1_320' title='bbox 3458 1450 3624 1522; x_wconf 82' lang='grc' dir='ltr'>ἀλλή-</span> 
     </span>
    </p>
   </div>
   <div class='ocr_carea' id='block_1_46' title="bbox 2050 1541 3620 1616">
    <p class='ocr_par' dir='ltr' id='par_1_46' title="bbox 2050 1541 3620 1616">
     <span class='ocr_line' id='line_1_46' title="bbox 2050 1541 3620 1616; baseline -0.002 -20"><span class='ocrx_word' id='word_1_321' title='bbox 2050 1543 2162 1606; x_wconf 87' lang='grc' dir='ltr'>λοις</span> <span class='ocrx_word' id='word_1_322' title='bbox 2198 1544 2552 1616; x_wconf 78' lang='grc' dir='ltr'>συμφέρεται,</span> <span class='ocrx_word' id='word_1_323' title='bbox 2581 1545 2613 1616; x_wconf 79' lang='grc' dir='ltr'>ἢ</span> <span class='ocrx_word' id='word_1_324' title='bbox 2642 1545 2770 1598; x_wconf 85' lang='grc' dir='ltr'>αὐτό</span> <span class='ocrx_word' id='word_1_325' title='bbox 2792 1563 2843 1598; x_wconf 89' lang='grc' dir='ltr'><strong>τι</strong></span> <span class='ocrx_word' id='word_1_326' title='bbox 2870 1546 2928 1613; x_wconf 82' lang='grc' dir='ltr'>ἐξ</span> <span class='ocrx_word' id='word_1_327' title='bbox 2956 1544 3149 1598; x_wconf 80' lang='grc' dir='ltr'>ἑαυτοῦ</span> <span class='ocrx_word' id='word_1_328' title='bbox 3179 1542 3423 1613; x_wconf 81' lang='grc' dir='ltr'>γίνεσθαι</span> <span class='ocrx_word' id='word_1_329' title='bbox 3450 1541 3620 1609; x_wconf 79' lang='grc' dir='ltr'>λέγει,</span> 
     </span>
    </p>
   </div>
   <div class='ocr_carea' id='block_1_47' title="bbox 1978 1633 3622 1730">
    <p class='ocr_par' dir='ltr' id='par_1_47' title="bbox 1978 1633 3622 1730">
     <span class='ocr_line' id='line_1_47' title="bbox 1978 1633 3622 1730; baseline -0.001 -43"><span class='ocrx_word' id='word_1_330' title='bbox 1978 1675 2022 1730; x_wconf 72' lang='grc' dir='ltr'>Β</span> <span class='ocrx_word' id='word_1_331' title='bbox 2052 1636 2142 1689; x_wconf 72' lang='grc' dir='ltr'><strong>καὶ</strong></span> <span class='ocrx_word' id='word_1_332' title='bbox 2187 1634 2389 1689; x_wconf 77' lang='grc' dir='ltr'>τίκτειν</span> <span class='ocrx_word' id='word_1_333' title='bbox 2420 1635 2534 1707; x_wconf 69' lang='grc' dir='ltr'><strong>ἅμα</strong></span> <span class='ocrx_word' id='word_1_334' title='bbox 2576 1636 2734 1691; x_wconf 79' lang='grc' dir='ltr'>ἑαυτὸ</span> <span class='ocrx_word' id='word_1_335' title='bbox 2784 1637 2877 1690; x_wconf 69' lang='grc' dir='ltr'><strong>καὶ</strong></span> <span class='ocrx_word' id='word_1_336' title='bbox 2925 1637 3013 1705; x_wconf 83' lang='grc' dir='ltr'>ὐφ’</span> <span class='ocrx_word' id='word_1_337' title='bbox 3046 1636 3247 1730; x_wconf 35' lang='grc' dir='ltr'><strong>ζἔοι-υτού</strong></span> <span class='ocrx_word' id='word_1_338' title='bbox 3291 1633 3622 1730; x_wconf 73' lang='grc' dir='ltr'>γεννᾶσθαις</span> 
     </span>
    </p>
   </div>
   <div class='ocr_carea' id='block_1_48' title="bbox 2132 1723 3621 1797">
    <p class='ocr_par' dir='ltr' id='par_1_48' title="bbox 2132 1723 3621 1797">
     <span class='ocr_line' id='line_1_48' title="bbox 2132 1723 3621 1797; baseline -0.001 -18"><span class='ocrx_word' id='word_1_339' title='bbox 2132 1726 2190 1779; x_wconf 84' lang='lat'><strong>&#39;0</strong></span> <span class='ocrx_word' id='word_1_340' title='bbox 2222 1726 2435 1797; x_wconf 85' lang='grc' dir='ltr'>πρῶτος</span> <span class='ocrx_word' id='word_1_341' title='bbox 2466 1726 2769 1797; x_wconf 85' lang='grc' dir='ltr'>ἄνθρωπος,</span> <span class='ocrx_word' id='word_1_342' title='bbox 2810 1729 2903 1781; x_wconf 81' lang='grc' dir='ltr'>καὶ</span> <span class='ocrx_word' id='word_1_343' title='bbox 2947 1730 2976 1781; x_wconf 92' lang='grc' dir='ltr'><strong>ό</strong></span> <span class='ocrx_word' id='word_1_344' title='bbox 3010 1726 3069 1794; x_wconf 75' lang='grc' dir='ltr'>ἐξ</span> <span class='ocrx_word' id='word_1_345' title='bbox 3110 1726 3318 1780; x_wconf 81' lang='grc' dir='ltr'>ἐκείνου</span> <span class='ocrx_word' id='word_1_346' title='bbox 3361 1723 3621 1794; x_wconf 88' lang='grc' dir='ltr'>γεγονὼς,</span> 
     </span>
    </p>
   </div>
   <div class='ocr_carea' id='block_1_49' title="bbox 2045 1813 3624 1888">
    <p class='ocr_par' dir='ltr' id='par_1_49' title="bbox 2045 1813 3624 1888">
     <span class='ocr_line' id='line_1_49' title="bbox 2045 1813 3624 1888; baseline 0 -22"><span class='ocrx_word' id='word_1_347' title='bbox 2045 1814 2314 1885; x_wconf 74' lang='grc' dir='ltr'>διαφόρως</span> <span class='ocrx_word' id='word_1_348' title='bbox 2360 1816 2608 1888; x_wconf 77' lang='grc' dir='ltr'>ἑκάτεροι</span> <span class='ocrx_word' id='word_1_349' title='bbox 2638 1817 2701 1869; x_wconf 81' lang='grc' dir='ltr'><strong>τὸ</strong></span> <span class='ocrx_word' id='word_1_350' title='bbox 2742 1813 2879 1870; x_wconf 84' lang='grc' dir='ltr'>εἷναι</span> <span class='ocrx_word' id='word_1_351' title='bbox 2923 1817 3154 1887; x_wconf 75' lang='grc' dir='ltr'>ἔχοντες,</span> <span class='ocrx_word' id='word_1_352' title='bbox 3186 1820 3214 1871; x_wconf 86' lang='lat'><strong>6</strong></span> <span class='ocrx_word' id='word_1_353' title='bbox 3246 1816 3342 1887; x_wconf 84' lang='grc' dir='ltr'>μὲν</span> <span class='ocrx_word' id='word_1_354' title='bbox 3383 1818 3447 1868; x_wconf 84' lang='grc' dir='ltr'>ὲκ</span> <span class='ocrx_word' id='word_1_355' title='bbox 3496 1831 3624 1867; x_wconf 81' lang='grc' dir='ltr'>συν-</span> 
     </span>
    </p>
   </div>
   <div class='ocr_carea' id='block_1_50' title="bbox 2044 1907 3623 1981">
    <p class='ocr_par' dir='ltr' id='par_1_50' title="bbox 2044 1907 3623 1981">
     <span class='ocr_line' id='line_1_50' title="bbox 2044 1907 3623 1981; baseline -0.001 -20"><span class='ocrx_word' id='word_1_356' title='bbox 2044 1907 2283 1981; x_wconf 85' lang='grc' dir='ltr'>δυασμοῦ</span> <span class='ocrx_word' id='word_1_357' title='bbox 2317 1908 2423 1962; x_wconf 89' lang='grc' dir='ltr'><strong>τῶν</strong></span> <span class='ocrx_word' id='word_1_358' title='bbox 2452 1911 2681 1977; x_wconf 84' lang='grc' dir='ltr'>γονέων,</span> <span class='ocrx_word' id='word_1_359' title='bbox 2719 1912 2747 1964; x_wconf 86' lang='grc' dir='ltr'>ὁ</span> <span class='ocrx_word' id='word_1_360' title='bbox 2772 1909 2828 1963; x_wconf 78' lang='grc' dir='ltr'>δὲ</span> <span class='ocrx_word' id='word_1_361' title='bbox 2871 1913 2935 1964; x_wconf 83' lang='grc' dir='ltr'>ἐκ</span> <span class='ocrx_word' id='word_1_362' title='bbox 2974 1910 3075 1980; x_wconf 77' lang='grc' dir='ltr'>τῆς</span> <span class='ocrx_word' id='word_1_363' title='bbox 3103 1909 3196 1962; x_wconf 77' lang='grc' dir='ltr'>τοῦ</span> <span class='ocrx_word' id='word_1_364' title='bbox 3226 1907 3461 1980; x_wconf 80' lang='grc' dir='ltr'>Χριστοῦ</span> <span class='ocrx_word' id='word_1_365' title='bbox 3490 1907 3623 1960; x_wconf 79' lang='grc' dir='ltr'>δια-</span> 
     </span>
    </p>
   </div>
   <div class='ocr_carea' id='block_1_51' title="bbox 2046 1995 3623 2070">
    <p class='ocr_par' dir='ltr' id='par_1_51' title="bbox 2046 1995 3623 2070">
     <span class='ocr_line' id='line_1_51' title="bbox 2046 1995 3623 2070; baseline 0 -21"><span class='ocrx_word' id='word_1_366' title='bbox 2046 1998 2313 2063; x_wconf 78' lang='grc' dir='ltr'>πλάσεως,</span> <span class='ocrx_word' id='word_1_367' title='bbox 2346 1999 2439 2051; x_wconf 76' lang='grc' dir='ltr'>καὶ</span> <span class='ocrx_word' id='word_1_368' title='bbox 2465 1998 2558 2053; x_wconf 89' lang='grc' dir='ltr'><strong>δύο</strong></span> <span class='ocrx_word' id='word_1_369' title='bbox 2577 1995 2715 2057; x_wconf 79' lang='grc' dir='ltr'>εἶναι</span> <span class='ocrx_word' id='word_1_370' title='bbox 2745 2000 3112 2065; x_wconf 73' lang='grc' dir='ltr'>πιστεύονται,</span> <span class='ocrx_word' id='word_1_371' title='bbox 3144 2000 3237 2053; x_wconf 69' lang='grc' dir='ltr'><strong>καὶ</strong></span> <span class='ocrx_word' id='word_1_372' title='bbox 3257 1998 3333 2070; x_wconf 82' lang='grc' dir='ltr'>τῷ</span> <span class='ocrx_word' id='word_1_373' title='bbox 3358 1998 3499 2069; x_wconf 82' lang='grc' dir='ltr'>λόγῳ</span> <span class='ocrx_word' id='word_1_374' title='bbox 3523 1997 3623 2065; x_wconf 74' lang='grc' dir='ltr'>τῆς</span> 
     </span>
    </p>
   </div>
   <div class='ocr_carea' id='block_1_52' title="bbox 2045 2088 3623 2162">
    <p class='ocr_par' dir='ltr' id='par_1_52' title="bbox 2045 2088 3623 2162">
     <span class='ocr_line' id='line_1_52' title="bbox 2045 2088 3623 2162; baseline 0.004 -22"><span class='ocrx_word' id='word_1_375' title='bbox 2045 2088 2231 2151; x_wconf 84' lang='grc' dir='ltr'>οὐσίας</span> <span class='ocrx_word' id='word_1_376' title='bbox 2251 2088 2345 2144; x_wconf 83' lang='grc' dir='ltr'>ἀπ’</span> <span class='ocrx_word' id='word_1_377' title='bbox 2367 2088 2615 2162; x_wconf 78' lang='grc' dir='ltr'>ἀλλήλων</span> <span class='ocrx_word' id='word_1_378' title='bbox 2630 2090 2691 2144; x_wconf 87' lang='grc' dir='ltr'><strong>οὐ</strong></span> <span class='ocrx_word' id='word_1_379' title='bbox 2717 2091 3106 2161; x_wconf 75' lang='grc' dir='ltr'>διασχίζονταιο</span> <span class='ocrx_word' id='word_1_380' title='bbox 3133 2092 3227 2144; x_wconf 75' lang='grc' dir='ltr'><strong>καὶ</strong></span> <span class='ocrx_word' id='word_1_381' title='bbox 3249 2090 3372 2145; x_wconf 72' lang='grc' dir='ltr'>οὔτε</span> <span class='ocrx_word' id='word_1_382' title='bbox 3396 2090 3623 2160; x_wconf 82' lang='grc' dir='ltr'>ἄναρχοι</span> 
     </span>
    </p>
   </div>
   <div class='ocr_carea' id='block_1_53' title="bbox 2044 2179 3623 2254">
    <p class='ocr_par' dir='ltr' id='par_1_53' title="bbox 2044 2179 3623 2254">
     <span class='ocr_line' id='line_1_53' title="bbox 2044 2179 3623 2254; baseline 0.001 -22"><span class='ocrx_word' id='word_1_383' title='bbox 2044 2179 2136 2233; x_wconf 70' lang='grc' dir='ltr'><strong>δύο</strong></span> <span class='ocrx_word' id='word_1_384' title='bbox 2162 2181 2339 2234; x_wconf 88' lang='grc' dir='ltr'>οὐσίαι</span> <span class='ocrx_word' id='word_1_385' title='bbox 2367 2181 2621 2254; x_wconf 82' lang='grc' dir='ltr'><strong>ἀλλήλαις</strong></span> <span class='ocrx_word' id='word_1_386' title='bbox 2646 2182 3172 2254; x_wconf 80' lang='grc' dir='ltr'>ἀντιπαρεξάγεσθαι</span> <span class='ocrx_word' id='word_1_387' title='bbox 3198 2182 3468 2249; x_wconf 85' lang='grc' dir='ltr'>λέγονται,</span> <span class='ocrx_word' id='word_1_388' title='bbox 3494 2180 3623 2233; x_wconf 77' lang='grc' dir='ltr'>οὐτε</span> 
     </span>
    </p>
   </div>
   <div class='ocr_carea' id='block_1_54' title="bbox 2046 2265 3625 2345">
    <p class='ocr_par' dir='ltr' id='par_1_54' title="bbox 2046 2265 3625 2345">
     <span class='ocr_line' id='line_1_54' title="bbox 2046 2265 3625 2345; baseline 0 -22"><span class='ocrx_word' id='word_1_389' title='bbox 2046 2265 2126 2333; x_wconf 74' lang='grc' dir='ltr'>εἷς</span> <span class='ocrx_word' id='word_1_390' title='bbox 2157 2273 2206 2326; x_wconf 73' lang='lat' dir='ltr'><strong>oi</strong></span> <span class='ocrx_word' id='word_1_391' title='bbox 2236 2271 2329 2327; x_wconf 85' lang='grc' dir='ltr'><strong>δύο</strong></span> <span class='ocrx_word' id='word_1_392' title='bbox 2359 2272 2487 2326; x_wconf 82' lang='grc' dir='ltr'>ποτὲ</span> <span class='ocrx_word' id='word_1_393' title='bbox 2511 2273 2809 2345; x_wconf 77' lang='grc' dir='ltr'>ἐνοήθησοιν</span> <span class='ocrx_word' id='word_1_394' title='bbox 2838 2276 2894 2332; x_wconf 77' lang='grc' dir='ltr'>ὲν</span> <span class='ocrx_word' id='word_1_395' title='bbox 2925 2277 2992 2345; x_wconf 77' lang='grc' dir='ltr'>τῇ</span> <span class='ocrx_word' id='word_1_396' title='bbox 3021 2273 3243 2343; x_wconf 81' lang='grc' dir='ltr'>τοιαύτῃ</span> <span class='ocrx_word' id='word_1_397' title='bbox 3267 2271 3625 2344; x_wconf 69' lang='grc' dir='ltr'>τερατολογίᾳ.</span> 
     </span>
    </p>
   </div>
   <div class='ocr_carea' id='block_1_55' title="bbox 2045 2363 3624 2434">
    <p class='ocr_par' dir='ltr' id='par_1_55' title="bbox 2045 2363 3624 2434">
     <span class='ocr_line' id='line_1_55' title="bbox 2045 2363 3624 2434; baseline 0.003 -18"><span class='ocrx_word' id='word_1_398' title='bbox 2045 2364 2136 2416; x_wconf 72' lang='grc' dir='ltr'>τοῦ</span> <span class='ocrx_word' id='word_1_399' title='bbox 2180 2363 2373 2432; x_wconf 87' lang='grc' dir='ltr'>λόγου,</span> <span class='ocrx_word' id='word_1_400' title='bbox 2421 2364 2495 2428; x_wconf 85' lang='grc' dir='ltr'>ὡς</span> <span class='ocrx_word' id='word_1_401' title='bbox 2539 2363 2730 2418; x_wconf 79' lang='grc' dir='ltr'>ἑαυτοῦ</span> <span class='ocrx_word' id='word_1_402' title='bbox 2801 2364 3013 2434; x_wconf 80' lang='grc' dir='ltr'>πατέρα</span> <span class='ocrx_word' id='word_1_403' title='bbox 3073 2365 3167 2423; x_wconf 79' lang='grc' dir='ltr'><strong>καὶ</strong></span> <span class='ocrx_word' id='word_1_404' title='bbox 3218 2364 3408 2423; x_wconf 76' lang='grc' dir='ltr'>ἑαυτοῦ</span> <span class='ocrx_word' id='word_1_405' title='bbox 3457 2366 3624 2420; x_wconf 74' lang='grc' dir='ltr'>πάλιν</span> 
     </span>
    </p>
   </div>
   <div class='ocr_carea' id='block_1_56' title="bbox 2045 2450 3625 2529">
    <p class='ocr_par' dir='ltr' id='par_1_56' title="bbox 2045 2450 3625 2529">
     <span class='ocr_line' id='line_1_56' title="bbox 2045 2450 3625 2529; baseline 0.001 -19"><span class='ocrx_word' id='word_1_406' title='bbox 2045 2457 2159 2510; x_wconf 75' lang='grc' dir='ltr'>υἱὸν</span> <span class='ocrx_word' id='word_1_407' title='bbox 2202 2455 2541 2525; x_wconf 78' lang='grc' dir='ltr'>ἀμφοτέρους</span> <span class='ocrx_word' id='word_1_408' title='bbox 2572 2453 2923 2527; x_wconf 84' lang='grc' dir='ltr'>νομίζεσθαι·</span> <span class='ocrx_word' id='word_1_409' title='bbox 2956 2455 3240 2528; x_wconf 78' lang='grc' dir='ltr'>ἄνθρωπος</span> <span class='ocrx_word' id='word_1_410' title='bbox 3268 2458 3376 2529; x_wconf 78' lang='grc' dir='ltr'>γὰρ</span> <span class='ocrx_word' id='word_1_411' title='bbox 3406 2457 3497 2511; x_wconf 68' lang='grc' dir='ltr'>καὶ</span> <span class='ocrx_word' id='word_1_412' title='bbox 3530 2450 3625 2512; x_wconf 68' lang='grc' dir='ltr'><strong>οὗ·</strong></span> 
     </span>
    </p>
   </div>
   <div class='ocr_carea' id='block_1_57' title="bbox 2044 2546 3626 2617">
    <p class='ocr_par' dir='ltr' id='par_1_57' title="bbox 2044 2546 3626 2617">
     <span class='ocr_line' id='line_1_57' title="bbox 2044 2546 3626 2617; baseline 0.003 -21"><span class='ocrx_word' id='word_1_413' title='bbox 2044 2561 2135 2607; x_wconf 90' lang='grc' dir='ltr'><strong>τος</strong></span> <span class='ocrx_word' id='word_1_414' title='bbox 2155 2547 2453 2607; x_wconf 54' lang='grc' dir='ltr'><strong>⁸’κάκεῖνα</strong></span> <span class='ocrx_word' id='word_1_415' title='bbox 2484 2547 2579 2599; x_wconf 78' lang='grc' dir='ltr'><strong>καὶ</strong></span> <span class='ocrx_word' id='word_1_416' title='bbox 2610 2546 2639 2599; x_wconf 90' lang='lat'><strong>6</strong></span> <span class='ocrx_word' id='word_1_417' title='bbox 2694 2546 2851 2615; x_wconf 82' lang='grc' dir='ltr'>λόγος</span> <span class='ocrx_word' id='word_1_418' title='bbox 2890 2548 2990 2617; x_wconf 85' lang='grc' dir='ltr'>τῆς</span> <span class='ocrx_word' id='word_1_419' title='bbox 3033 2548 3219 2611; x_wconf 79' lang='grc' dir='ltr'>οὐσίας</span> <span class='ocrx_word' id='word_1_420' title='bbox 3253 2550 3343 2601; x_wconf 71' lang='grc' dir='ltr'>ἐπὶ</span> <span class='ocrx_word' id='word_1_421' title='bbox 3389 2549 3496 2601; x_wconf 84' lang='grc' dir='ltr'><strong>τῶν</strong></span> <span class='ocrx_word' id='word_1_422' title='bbox 3527 2548 3626 2601; x_wconf 80' lang='grc' dir='ltr'><strong>δύο</strong></span> 
     </span>
    </p>
   </div>
   <div class='ocr_carea' id='block_1_58' title="bbox 2045 2637 3625 2709">
    <p class='ocr_par' dir='ltr' id='par_1_58' title="bbox 2045 2637 3625 2709">
     <span class='ocr_line' id='line_1_58' title="bbox 2045 2637 3625 2709; baseline 0.003 -22"><span class='ocrx_word' id='word_1_423' title='bbox 2045 2637 2248 2700; x_wconf 81' lang='grc' dir='ltr'>κοινὸς,</span> <span class='ocrx_word' id='word_1_424' title='bbox 2288 2637 2478 2707; x_wconf 74' lang='grc' dir='ltr'>θνητος</span> <span class='ocrx_word' id='word_1_425' title='bbox 2528 2638 2823 2709; x_wconf 81' lang='grc' dir='ltr'>ἑκάτερος,</span> <span class='ocrx_word' id='word_1_426' title='bbox 2855 2637 3070 2708; x_wconf 79' lang='grc' dir='ltr'>λογικὸς</span> <span class='ocrx_word' id='word_1_427' title='bbox 3111 2640 3343 2709; x_wconf 85' lang='grc' dir='ltr'>ὁμοίως,</span> <span class='ocrx_word' id='word_1_428' title='bbox 3392 2638 3482 2691; x_wconf 77' lang='grc' dir='ltr'>νοῦ</span> <span class='ocrx_word' id='word_1_429' title='bbox 3526 2640 3625 2692; x_wconf 73' lang='grc' dir='ltr'>καὶ</span> 
     </span>
    </p>
   </div>
   <div class='ocr_carea' id='block_1_59' title="bbox 2046 2727 3620 2801">
    <p class='ocr_par' dir='ltr' id='par_1_59' title="bbox 2046 2727 3620 2801">
     <span class='ocr_line' id='line_1_59' title="bbox 2046 2727 3620 2801; baseline 0.001 -19"><span class='ocrx_word' id='word_1_430' title='bbox 2046 2732 2354 2800; x_wconf 75' lang='grc' dir='ltr'>ἐπιστήμης</span> <span class='ocrx_word' id='word_1_431' title='bbox 2382 2729 2625 2793; x_wconf 84' lang='grc' dir='ltr'>δεκτικὸς</span> <span class='ocrx_word' id='word_1_432' title='bbox 2659 2730 2938 2794; x_wconf 85' lang='grc' dir='ltr'>ὡσαύτως.</span> <span class='ocrx_word' id='word_1_433' title='bbox 2977 2732 3039 2784; x_wconf 87' lang='lat' dir='ltr'><strong>Ei</strong></span> <span class='ocrx_word' id='word_1_434' title='bbox 3075 2727 3166 2784; x_wconf 76' lang='grc' dir='ltr'><strong>οὖν</strong></span> <span class='ocrx_word' id='word_1_435' title='bbox 3206 2732 3235 2784; x_wconf 90' lang='lat'><strong>6</strong></span> <span class='ocrx_word' id='word_1_436' title='bbox 3267 2733 3366 2801; x_wconf 81' lang='grc' dir='ltr'><strong>τῆς</strong></span> <span class='ocrx_word' id='word_1_437' title='bbox 3402 2730 3620 2801; x_wconf 88' lang='grc' dir='ltr'>ἀνθρω-</span> 
     </span>
    </p>
   </div>
   <div class='ocr_carea' id='block_1_60' title="bbox 2045 2818 3634 2891">
    <p class='ocr_par' dir='ltr' id='par_1_60' title="bbox 2045 2818 3634 2891">
     <span class='ocr_line' id='line_1_60' title="bbox 2045 2818 3634 2891; baseline 0.001 -20"><span class='ocrx_word' id='word_1_438' title='bbox 2045 2819 2275 2888; x_wconf 85' lang='grc' dir='ltr'>πότητος</span> <span class='ocrx_word' id='word_1_439' title='bbox 2323 2818 2478 2886; x_wconf 80' lang='grc' dir='ltr'>λόγος</span> <span class='ocrx_word' id='word_1_440' title='bbox 2525 2820 2616 2875; x_wconf 72' lang='grc' dir='ltr'><strong>ἐπὶ</strong></span> <span class='ocrx_word' id='word_1_441' title='bbox 2664 2820 2758 2874; x_wconf 78' lang='grc' dir='ltr'><strong>τοῦ</strong></span> <span class='ocrx_word' id='word_1_442' title='bbox 2814 2820 2983 2891; x_wconf 75' lang='grc' dir='ltr'>Ἀδὰμ</span> <span class='ocrx_word' id='word_1_443' title='bbox 3042 2822 3136 2876; x_wconf 76' lang='grc' dir='ltr'>καὶ</span> <span class='ocrx_word' id='word_1_444' title='bbox 3186 2821 3278 2875; x_wconf 76' lang='grc' dir='ltr'>τοῦ</span> <span class='ocrx_word' id='word_1_445' title='bbox 3324 2821 3488 2882; x_wconf 72' lang='grc' dir='ltr'>ῗΑόελ</span> <span class='ocrx_word' id='word_1_446' title='bbox 3538 2821 3634 2891; x_wconf 71' lang='grc' dir='ltr'><strong>τῷ</strong></span> 
     </span>
    </p>
   </div>
   <div class='ocr_carea' id='block_1_61' title="bbox 2050 2910 3625 2985">
    <p class='ocr_par' dir='ltr' id='par_1_61' title="bbox 2050 2910 3625 2985">
     <span class='ocr_line' id='line_1_61' title="bbox 2050 2910 3625 2985; baseline 0.002 -21"><span class='ocrx_word' id='word_1_447' title='bbox 2050 2910 2490 2982; x_wconf 80' lang='grc' dir='ltr'>παρηλλαγμένῳ</span> <span class='ocrx_word' id='word_1_448' title='bbox 2539 2912 2637 2982; x_wconf 78' lang='grc' dir='ltr'>τῆς</span> <span class='ocrx_word' id='word_1_449' title='bbox 2696 2914 3001 2983; x_wconf 87' lang='grc' dir='ltr'>γεννήσεως</span> <span class='ocrx_word' id='word_1_450' title='bbox 3056 2914 3154 2984; x_wconf 81' lang='grc' dir='ltr'>οὐχ</span> <span class='ocrx_word' id='word_1_451' title='bbox 3218 2913 3625 2985; x_wconf 67' lang='grc' dir='ltr'>ὐπαλλάσσεται</span> 
     </span>
    </p>
   </div>
   <div class='ocr_carea' id='block_1_62' title="bbox 375 3001 1943 3077">
    <p class='ocr_par' dir='ltr' id='par_1_62' title="bbox 375 3003 1943 3077">
     <span class='ocr_line' id='line_1_62' title="bbox 375 3003 1943 3077; baseline 0.011 -20"><span class='ocrx_word' id='word_1_452' title='bbox 375 3003 653 3061; x_wconf 66' lang='lat' dir='ltr'><strong>similiter.</strong></span> <span class='ocrx_word' id='word_1_453' title='bbox 681 3004 735 3058; x_wconf 86' lang='lat' dir='ltr'><strong>Si</strong></span> <span class='ocrx_word' id='word_1_454' title='bbox 769 3004 933 3077; x_wconf 80' lang='lat' dir='ltr'><strong>igitur</strong></span> <span class='ocrx_word' id='word_1_455' title='bbox 961 3010 1101 3063; x_wconf 87' lang='lat' dir='ltr'><strong>ratio</strong></span> <span class='ocrx_word' id='word_1_456' title='bbox 1130 3018 1339 3066; x_wconf 66' lang='lat' dir='ltr'><strong>natura:</strong></span> <span class='ocrx_word' id='word_1_457' title='bbox 1382 3012 1634 3071; x_wconf 76' lang='lat' dir='ltr'><strong>humanae</strong></span> <span class='ocrx_word' id='word_1_458' title='bbox 1659 3015 1713 3070; x_wconf 90' lang='lat' dir='ltr'><strong>in</strong></span> <span class='ocrx_word' id='word_1_459' title='bbox 1737 3016 1943 3073; x_wconf 85' lang='lat' dir='ltr'><strong>Adamo</strong></span> 
     </span>
    </p>
   </div>
   <div class='ocr_carea' id='block_1_63' title="bbox 2046 3001 3627 3077">
    <p class='ocr_par' dir='ltr' id='par_1_63' title="bbox 2049 3001 3627 3074">
     <span class='ocr_line' id='line_1_63' title="bbox 2049 3001 3627 3074; baseline 0.001 -20"><span class='ocrx_word' id='word_1_460' title='bbox 2049 3002 2321 3073; x_wconf 81' lang='grc' dir='ltr'>(οὐδεμίαν</span> <span class='ocrx_word' id='word_1_461' title='bbox 2367 3001 2489 3056; x_wconf 71' lang='grc' dir='ltr'>οὔτε</span> <span class='ocrx_word' id='word_1_462' title='bbox 2538 3004 2635 3073; x_wconf 77' lang='grc' dir='ltr'><strong>τῆς</strong></span> <span class='ocrx_word' id='word_1_463' title='bbox 2686 3004 2911 3070; x_wconf 78' lang='grc' dir='ltr'>τάξεως,</span> <span class='ocrx_word' id='word_1_464' title='bbox 2949 3004 3071 3058; x_wconf 72' lang='grc' dir='ltr'>οὔτε</span> <span class='ocrx_word' id='word_1_465' title='bbox 3123 3004 3214 3057; x_wconf 78' lang='grc' dir='ltr'>τοῦ</span> <span class='ocrx_word' id='word_1_466' title='bbox 3266 3005 3466 3074; x_wconf 83' lang='grc' dir='ltr'>τρόπου</span> <span class='ocrx_word' id='word_1_467' title='bbox 3522 3003 3627 3071; x_wconf 75' lang='grc' dir='ltr'>τῆς</span> 
     </span>
    </p>
   </div>
   <div class='ocr_carea' id='block_1_64' title="bbox 374 3090 1946 3169">
    <p class='ocr_par' dir='ltr' id='par_1_64' title="bbox 374 3090 1946 3169">
     <span class='ocr_line' id='line_1_64' title="bbox 374 3090 1946 3169; baseline 0.013 -28"><span class='ocrx_word' id='word_1_468' title='bbox 374 3096 428 3141; x_wconf 88' lang='lat' dir='ltr'><strong>et</strong></span> <span class='ocrx_word' id='word_1_469' title='bbox 461 3090 645 3153; x_wconf 86' lang='lat' dir='ltr'><strong>Abele,</strong></span> <span class='ocrx_word' id='word_1_470' title='bbox 678 3091 748 3148; x_wconf 88' lang='lat' dir='ltr'><strong>ob</strong></span> <span class='ocrx_word' id='word_1_471' title='bbox 782 3095 989 3149; x_wconf 86' lang='lat' dir='ltr'><strong>varium</strong></span> <span class='ocrx_word' id='word_1_472' title='bbox 1043 3100 1410 3167; x_wconf 82' lang='lat' dir='ltr'><strong>generationis</strong></span> <span class='ocrx_word' id='word_1_473' title='bbox 1441 3104 1684 3169; x_wconf 90' lang='lat' dir='ltr'><strong>modum,</strong></span> <span class='ocrx_word' id='word_1_474' title='bbox 1715 3120 1822 3160; x_wconf 78' lang='lat' dir='ltr'><strong>non</strong></span> <span class='ocrx_word' id='word_1_475' title='bbox 1852 3124 1946 3162; x_wconf 88' lang='lat' dir='ltr'><strong>va-</strong></span> 
     </span>
    </p>
   </div>
   <div class='ocr_carea' id='block_1_65' title="bbox 378 3181 1944 3261">
    <p class='ocr_par' dir='ltr' id='par_1_65' title="bbox 378 3181 1944 3261">
     <span class='ocr_line' id='line_1_65' title="bbox 378 3181 1944 3261; baseline 0.013 -28"><span class='ocrx_word' id='word_1_476' title='bbox 378 3181 569 3247; x_wconf 87' lang='lat' dir='ltr'><strong>riatur,</strong></span> <span class='ocrx_word' id='word_1_477' title='bbox 601 3183 802 3239; x_wconf 89' lang='lat' dir='ltr'><strong>nullam</strong></span> <span class='ocrx_word' id='word_1_478' title='bbox 819 3202 992 3256; x_wconf 83' lang='lat' dir='ltr'><strong>neque</strong></span> <span class='ocrx_word' id='word_1_479' title='bbox 1014 3187 1205 3245; x_wconf 90' lang='lat' dir='ltr'><strong>ordine</strong></span> <span class='ocrx_word' id='word_1_480' title='bbox 1228 3207 1404 3261; x_wconf 87' lang='lat' dir='ltr'><strong>neque</strong></span> <span class='ocrx_word' id='word_1_481' title='bbox 1429 3194 1588 3249; x_wconf 91' lang='lat' dir='ltr'><strong>modo</strong></span> <span class='ocrx_word' id='word_1_482' title='bbox 1610 3197 1944 3254; x_wconf 70' lang='lat' dir='ltr'><strong>cxsistentiae</strong></span> 
     </span>
    </p>
   </div>
   <div class='ocr_carea' id='block_1_66' title="bbox 373 3275 1946 3344">
    <p class='ocr_par' dir='ltr' id='par_1_66' title="bbox 373 3275 1946 3344">
     <span class='ocr_line' id='line_1_66' title="bbox 373 3275 1946 3344; baseline 0.011 -18"><span class='ocrx_word' id='word_1_483' title='bbox 373 3275 728 3331; x_wconf 88' lang='lat' dir='ltr'><strong>mutationem</strong></span> <span class='ocrx_word' id='word_1_484' title='bbox 759 3287 967 3332; x_wconf 63' lang='lat' dir='ltr'><strong>natura:</strong></span> <span class='ocrx_word' id='word_1_485' title='bbox 1017 3279 1315 3337; x_wconf 82' lang='lat' dir='ltr'><strong>inferente:</strong></span> <span class='ocrx_word' id='word_1_486' title='bbox 1344 3282 1437 3337; x_wconf 90' lang='lat' dir='ltr'><strong>sed</strong></span> <span class='ocrx_word' id='word_1_487' title='bbox 1473 3285 1727 3341; x_wconf 90' lang='lat' dir='ltr'><strong>similiter</strong></span> <span class='ocrx_word' id='word_1_488' title='bbox 1762 3288 1946 3344; x_wconf 87' lang='lat' dir='ltr'><strong>omnia</strong></span> 
     </span>
    </p>
   </div>
   <div class='ocr_carea' id='block_1_67' title="bbox 373 3366 1946 3447">
    <p class='ocr_par' dir='ltr' id='par_1_67' title="bbox 373 3366 1946 3447">
     <span class='ocr_line' id='line_1_67' title="bbox 373 3366 1946 3447; baseline 0.009 -27"><span class='ocrx_word' id='word_1_489' title='bbox 373 3380 495 3421; x_wconf 84' lang='lat' dir='ltr'><strong>sese</strong></span> <span class='ocrx_word' id='word_1_490' title='bbox 525 3366 747 3436; x_wconf 87' lang='lat' dir='ltr'><strong>habent,</strong></span> <span class='ocrx_word' id='word_1_491' title='bbox 783 3372 1063 3425; x_wconf 89' lang='lat' dir='ltr'><strong>communi</strong></span> <span class='ocrx_word' id='word_1_492' title='bbox 1118 3371 1363 3426; x_wconf 89' lang='lat' dir='ltr'><strong>omnium</strong></span> <span class='ocrx_word' id='word_1_493' title='bbox 1408 3388 1620 3443; x_wconf 87' lang='lat' dir='ltr'><strong>eorum,</strong></span> <span class='ocrx_word' id='word_1_494' title='bbox 1653 3378 1746 3447; x_wconf 91' lang='lat' dir='ltr'><strong>qui</strong></span> <span class='ocrx_word' id='word_1_495' title='bbox 1777 3379 1946 3435; x_wconf 91' lang='lat' dir='ltr'><strong>sobrii</strong></span> 
     </span>
    </p>
   </div>
   <div class='ocr_carea' id='block_1_68' title="bbox 372 3460 1945 3538">
    <p class='ocr_par' dir='ltr' id='par_1_68' title="bbox 372 3460 1945 3538">
     <span class='ocr_line' id='line_1_68' title="bbox 372 3460 1945 3538; baseline 0.008 -25"><span class='ocrx_word' id='word_1_496' title='bbox 372 3466 524 3520; x_wconf 89' lang='lat' dir='ltr'><strong>sunt,</strong></span> <span class='ocrx_word' id='word_1_497' title='bbox 565 3460 823 3531; x_wconf 79' lang='lat' dir='ltr'><strong>sulIragio</strong></span> <span class='ocrx_word' id='word_1_498' title='bbox 842 3470 895 3516; x_wconf 91' lang='lat' dir='ltr'><strong>et</strong></span> <span class='ocrx_word' id='word_1_499' title='bbox 930 3476 1157 3517; x_wconf 90' lang='lat' dir='ltr'><strong>assensu</strong></span> <span class='ocrx_word' id='word_1_500' title='bbox 1197 3481 1209 3516; x_wconf 91' lang='lat'><strong>:</strong></span> <span class='ocrx_word' id='word_1_501' title='bbox 1270 3479 1450 3532; x_wconf 90' lang='lat' dir='ltr'><strong>neque</strong></span> <span class='ocrx_word' id='word_1_502' title='bbox 1479 3466 1645 3531; x_wconf 85' lang='lat' dir='ltr'><strong>ullus,</strong></span> <span class='ocrx_word' id='word_1_503' title='bbox 1704 3469 1795 3538; x_wconf 92' lang='lat' dir='ltr'><strong>qui</strong></span> <span class='ocrx_word' id='word_1_504' title='bbox 1836 3486 1945 3527; x_wconf 91' lang='lat' dir='ltr'><strong>non</strong></span> 
     </span>
    </p>
   </div>
   <div class='ocr_carea' id='block_1_69' title="bbox 371 3548 1947 3627">
    <p class='ocr_par' dir='ltr' id='par_1_69' title="bbox 371 3548 1947 3627">
     <span class='ocr_line' id='line_1_69' title="bbox 371 3548 1947 3627; baseline 0.011 -26"><span class='ocrx_word' id='word_1_505' title='bbox 371 3548 722 3603; x_wconf 81' lang='lat' dir='ltr'><strong>vehementer</strong></span> <span class='ocrx_word' id='word_1_506' title='bbox 745 3549 1023 3604; x_wconf 86' lang='lat' dir='ltr'><strong>hellebore</strong></span> <span class='ocrx_word' id='word_1_507' title='bbox 1055 3560 1230 3623; x_wconf 83' lang='lat' dir='ltr'><strong>egeat,</strong></span> <span class='ocrx_word' id='word_1_508' title='bbox 1261 3563 1526 3625; x_wconf 73' lang='lat' dir='ltr'><strong>repugnet</strong></span> <span class='ocrx_word' id='word_1_509' title='bbox 1554 3573 1568 3613; x_wconf 88' lang='lat'><strong>:</strong></span> <span class='ocrx_word' id='word_1_510' title='bbox 1602 3574 1725 3627; x_wconf 78' lang='lat' dir='ltr'><strong>qua:</strong></span> <span class='ocrx_word' id='word_1_511' title='bbox 1756 3577 1947 3618; x_wconf 90' lang='lat' dir='ltr'><strong>neces-</strong></span> 
     </span>
    </p>
   </div>
   <div class='ocr_carea' id='block_1_70' title="bbox 373 3640 1944 3724">
    <p class='ocr_par' dir='ltr' id='par_1_70' title="bbox 373 3640 1944 3724">
     <span class='ocr_line' id='line_1_70' title="bbox 373 3640 1944 3724; baseline 0.01 -29"><span class='ocrx_word' id='word_1_512' title='bbox 373 3640 510 3695; x_wconf 88' lang='lat' dir='ltr'><strong>sitas</strong></span> <span class='ocrx_word' id='word_1_513' title='bbox 536 3641 673 3696; x_wconf 88' lang='lat' dir='ltr'><strong>istos</strong></span> <span class='ocrx_word' id='word_1_514' title='bbox 705 3642 869 3712; x_wconf 81' lang='lat' dir='ltr'><strong>cogit,</strong></span> <span class='ocrx_word' id='word_1_515' title='bbox 899 3650 959 3698; x_wconf 92' lang='lat' dir='ltr'><strong>ut</strong></span> <span class='ocrx_word' id='word_1_516' title='bbox 1005 3644 1061 3699; x_wconf 89' lang='lat' dir='ltr'><strong>in</strong></span> <span class='ocrx_word' id='word_1_517' title='bbox 1111 3656 1303 3702; x_wconf 90' lang='lat' dir='ltr'><strong>natura</strong></span> <span class='ocrx_word' id='word_1_518' title='bbox 1335 3647 1538 3719; x_wconf 87' lang='lat' dir='ltr'><strong>divina,</strong></span> <span class='ocrx_word' id='word_1_519' title='bbox 1572 3652 1944 3724; x_wconf 81' lang='lat' dir='ltr'><strong>prodigiosum</strong></span> 
     </span>
    </p>
   </div>
   <div class='ocr_carea' id='block_1_71' title="bbox 375 3732 1944 3803">
    <p class='ocr_par' dir='ltr' id='par_1_71' title="bbox 375 3732 1944 3803">
     <span class='ocr_line' id='line_1_71' title="bbox 375 3732 1944 3803; baseline 0.01 -17"><span class='ocrx_word' id='word_1_520' title='bbox 375 3732 518 3788; x_wconf 91' lang='lat' dir='ltr'><strong>istud</strong></span> <span class='ocrx_word' id='word_1_521' title='bbox 554 3744 918 3789; x_wconf 89' lang='lat' dir='ltr'><strong>commentum</strong></span> <span class='ocrx_word' id='word_1_522' title='bbox 946 3736 1409 3796; x_wconf 84' lang='lat' dir='ltr'><strong>architectentur?</strong></span> <span class='ocrx_word' id='word_1_523' title='bbox 1434 3740 1647 3798; x_wconf 89' lang='lat' dir='ltr'><strong>Patrem</strong></span> <span class='ocrx_word' id='word_1_524' title='bbox 1672 3755 1723 3800; x_wconf 91' lang='lat' dir='ltr'><strong>et</strong></span> <span class='ocrx_word' id='word_1_525' title='bbox 1748 3744 1944 3803; x_wconf 83' lang='lat' dir='ltr'><strong>Filium</strong></span> 
     </span>
    </p>
   </div>
   <div class='ocr_carea' id='block_1_72' title="bbox 373 3822 1946 3907">
    <p class='ocr_par' dir='ltr' id='par_1_72' title="bbox 373 3822 1946 3907">
     <span class='ocr_line' id='line_1_72' title="bbox 373 3822 1946 3907; baseline 0.012 -30"><span class='ocrx_word' id='word_1_526' title='bbox 373 3822 623 3879; x_wconf 83' lang='lat' dir='ltr'><strong>veritatis</strong></span> <span class='ocrx_word' id='word_1_527' title='bbox 661 3838 795 3883; x_wconf 84' lang='lat' dir='ltr'><strong>voce</strong></span> <span class='ocrx_word' id='word_1_528' title='bbox 844 3840 968 3881; x_wconf 91' lang='lat' dir='ltr'><strong>cum</strong></span> <span class='ocrx_word' id='word_1_529' title='bbox 1020 3828 1295 3894; x_wconf 90' lang='lat' dir='ltr'><strong>audimus,</strong></span> <span class='ocrx_word' id='word_1_530' title='bbox 1349 3831 1404 3885; x_wconf 92' lang='lat' dir='ltr'><strong>in</strong></span> <span class='ocrx_word' id='word_1_531' title='bbox 1434 3831 1647 3891; x_wconf 90' lang='lat' dir='ltr'><strong>duabus</strong></span> <span class='ocrx_word' id='word_1_532' title='bbox 1677 3837 1946 3907; x_wconf 85' lang='lat' dir='ltr'><strong>subjectis</strong></span> 
     </span>
    </p>
   </div>
   <div class='ocr_carea' id='block_1_73' title="bbox 375 3916 1940 3987">
    <p class='ocr_par' dir='ltr' id='par_1_73' title="bbox 375 3916 1940 3987">
     <span class='ocr_line' id='line_1_73' title="bbox 375 3916 1940 3987; baseline 0.01 -18"><span class='ocrx_word' id='word_1_533' title='bbox 375 3916 627 3984; x_wconf 87' lang='lat' dir='ltr'><strong>personis</strong></span> <span class='ocrx_word' id='word_1_534' title='bbox 656 3916 921 3972; x_wconf 89' lang='lat' dir='ltr'><strong>unitatem</strong></span> <span class='ocrx_word' id='word_1_535' title='bbox 952 3926 1160 3974; x_wconf 82' lang='lat' dir='ltr'><strong>naturae</strong></span> <span class='ocrx_word' id='word_1_536' title='bbox 1188 3922 1366 3977; x_wconf 87' lang='lat' dir='ltr'><strong>edocti</strong></span> <span class='ocrx_word' id='word_1_537' title='bbox 1396 3939 1610 3987; x_wconf 90' lang='lat' dir='ltr'><strong>sumus,</strong></span> <span class='ocrx_word' id='word_1_538' title='bbox 1647 3944 1676 3981; x_wconf 89' lang='lat' dir='ltr'><strong>a</strong></span> <span class='ocrx_word' id='word_1_539' title='bbox 1708 3929 1940 3984; x_wconf 85' lang='lat' dir='ltr'><strong>voeabu-</strong></span> 
     </span>
    </p>
   </div>
   <div class='ocr_carea' id='block_1_74' title="bbox 372 4006 1946 4088">
    <p class='ocr_par' dir='ltr' id='par_1_74' title="bbox 372 4006 1946 4088">
     <span class='ocr_line' id='line_1_74' title="bbox 372 4006 1946 4088; baseline 0.01 -28"><span class='ocrx_word' id='word_1_540' title='bbox 372 4006 442 4061; x_wconf 89' lang='lat' dir='ltr'><strong>lis</strong></span> <span class='ocrx_word' id='word_1_541' title='bbox 480 4008 802 4063; x_wconf 88' lang='lat' dir='ltr'><strong>naturaliter</strong></span> <span class='ocrx_word' id='word_1_542' title='bbox 858 4017 1078 4081; x_wconf 90' lang='lat' dir='ltr'><strong>propter</strong></span> <span class='ocrx_word' id='word_1_543' title='bbox 1127 4021 1375 4067; x_wconf 90' lang='lat' dir='ltr'><strong>mutuum</strong></span> <span class='ocrx_word' id='word_1_544' title='bbox 1406 4015 1475 4069; x_wconf 88' lang='lat' dir='ltr'><strong>ad</strong></span> <span class='ocrx_word' id='word_1_545' title='bbox 1506 4031 1567 4071; x_wconf 90' lang='lat' dir='ltr'><strong>se</strong></span> <span class='ocrx_word' id='word_1_546' title='bbox 1618 4029 1946 4088; x_wconf 89' lang='lat' dir='ltr'><strong>respectum,</strong></span> 
     </span>
    </p>
   </div>
   <div class='ocr_carea' id='block_1_75' title="bbox 2049 3093 3625 3167">
    <p class='ocr_par' dir='ltr' id='par_1_75' title="bbox 2049 3093 3625 3167">
     <span class='ocr_line' id='line_1_75' title="bbox 2049 3093 3625 3167; baseline -0.002 -17"><span class='ocrx_word' id='word_1_547' title='bbox 2049 3093 2335 3163; x_wconf 76' lang='grc' dir='ltr'>ὑπάρξεως</span> <span class='ocrx_word' id='word_1_548' title='bbox 2372 3097 2437 3165; x_wconf 77' lang='grc' dir='ltr'>τῇ</span> <span class='ocrx_word' id='word_1_549' title='bbox 2479 3093 2637 3163; x_wconf 87' lang='grc' dir='ltr'>φύσει</span> <span class='ocrx_word' id='word_1_550' title='bbox 2674 3095 2774 3165; x_wconf 85' lang='grc' dir='ltr'><strong>τὴν</strong></span> <span class='ocrx_word' id='word_1_551' title='bbox 2809 3095 3163 3167; x_wconf 81' lang='grc' dir='ltr'>παραλλαγὴν</span> <span class='ocrx_word' id='word_1_552' title='bbox 3202 3095 3625 3167; x_wconf 79' lang='grc' dir='ltr'>ἐμποιούντων),</span> 
     </span>
    </p>
   </div>
   <div class='ocr_carea' id='block_1_76' title="bbox 2046 3185 3625 3261">
    <p class='ocr_par' dir='ltr' id='par_1_76' title="bbox 2046 3185 3625 3261">
     <span class='ocr_line' id='line_1_76' title="bbox 2046 3185 3625 3261; baseline 0.001 -22"><span class='ocrx_word' id='word_1_553' title='bbox 2046 3185 2160 3239; x_wconf 84' lang='grc' dir='ltr'>ἀλλ’</span> <span class='ocrx_word' id='word_1_554' title='bbox 2196 3185 2455 3249; x_wconf 83' lang='grc' dir='ltr'>ὡσαύτως</span> <span class='ocrx_word' id='word_1_555' title='bbox 2488 3186 2629 3258; x_wconf 76' lang='grc' dir='ltr'>ἔχειν</span> <span class='ocrx_word' id='word_1_556' title='bbox 2666 3189 2731 3259; x_wconf 84' lang='grc' dir='ltr'>τῇ</span> <span class='ocrx_word' id='word_1_557' title='bbox 2769 3191 2920 3260; x_wconf 83' lang='grc' dir='ltr'>κοινῇ</span> <span class='ocrx_word' id='word_1_558' title='bbox 2952 3190 3060 3243; x_wconf 87' lang='grc' dir='ltr'><strong>τῶν</strong></span> <span class='ocrx_word' id='word_1_559' title='bbox 3094 3188 3372 3261; x_wconf 77' lang='grc' dir='ltr'>νηφόντων</span> <span class='ocrx_word' id='word_1_560' title='bbox 3412 3205 3625 3257; x_wconf 88' lang='grc' dir='ltr'>συγκα-</span> 
     </span>
    </p>
   </div>
   <div class='ocr_carea' id='block_1_77' title="bbox 2044 3278 3627 3354">
    <p class='ocr_par' dir='ltr' id='par_1_77' title="bbox 2044 3278 3627 3354">
     <span class='ocr_line' id='line_1_77' title="bbox 2044 3278 3627 3354; baseline 0.002 -24"><span class='ocrx_word' id='word_1_561' title='bbox 2044 3278 2259 3331; x_wconf 86' lang='grc' dir='ltr'>ταθέσει</span> <span class='ocrx_word' id='word_1_562' title='bbox 2289 3278 2681 3351; x_wconf 84' lang='grc' dir='ltr'>διωμολόγηται</span> <span class='ocrx_word' id='word_1_563' title='bbox 2716 3281 2842 3350; x_wconf 72' lang='grc' dir='ltr'>(καὶ</span> <span class='ocrx_word' id='word_1_564' title='bbox 2865 3282 3037 3345; x_wconf 74' lang='grc' dir='ltr'>οὐδεὶς</span> <span class='ocrx_word' id='word_1_565' title='bbox 3059 3282 3299 3334; x_wconf 83' lang='grc' dir='ltr'>ἀντείποι</span> <span class='ocrx_word' id='word_1_566' title='bbox 3318 3282 3511 3351; x_wconf 86' lang='grc' dir='ltr'>τούτῳ,</span> <span class='ocrx_word' id='word_1_567' title='bbox 3544 3283 3627 3354; x_wconf 78' lang='grc' dir='ltr'>μὴ</span> 
     </span>
    </p>
   </div>
   <div class='ocr_carea' id='block_1_78' title="bbox 2047 3369 3626 3444">
    <p class='ocr_par' dir='ltr' id='par_1_78' title="bbox 2047 3369 3626 3444">
     <span class='ocr_line' id='line_1_78' title="bbox 2047 3369 3626 3444; baseline 0.002 -20"><span class='ocrx_word' id='word_1_568' title='bbox 2047 3369 2252 3441; x_wconf 80' lang='grc' dir='ltr'>σφόδρα</span> <span class='ocrx_word' id='word_1_569' title='bbox 2282 3369 2373 3424; x_wconf 82' lang='grc' dir='ltr'>τοῦ</span> <span class='ocrx_word' id='word_1_570' title='bbox 2403 3369 2686 3443; x_wconf 76' lang='grc' dir='ltr'>ἐλλεδόρου</span> <span class='ocrx_word' id='word_1_571' title='bbox 2721 3370 3007 3443; x_wconf 85' lang='grc' dir='ltr'>δεόμενος)</span> <span class='ocrx_word' id='word_1_572' title='bbox 3028 3389 3043 3403; x_wconf 72' lang='grc' dir='ltr'><strong>ο</strong></span> <span class='ocrx_word' id='word_1_573' title='bbox 3067 3374 3149 3437; x_wconf 89' lang='grc' dir='ltr'><strong>τίς</strong></span> <span class='ocrx_word' id='word_1_574' title='bbox 3178 3374 3210 3444; x_wconf 86' lang='grc' dir='ltr'><strong>ή</strong></span> <span class='ocrx_word' id='word_1_575' title='bbox 3237 3374 3449 3443; x_wconf 76' lang='grc' dir='ltr'>ἀνάγκη</span> <span class='ocrx_word' id='word_1_576' title='bbox 3478 3374 3626 3429; x_wconf 66' lang='grc' dir='ltr'>κατὰ</span> 
     </span>
    </p>
   </div>
   <div class='ocr_carea' id='block_1_79' title="bbox 2044 3458 3626 3533">
    <p class='ocr_par' dir='ltr' id='par_1_79' title="bbox 2044 3458 3626 3533">
     <span class='ocr_line' id='line_1_79' title="bbox 2044 3458 3626 3533; baseline 0.003 -22"><span class='ocrx_word' id='word_1_577' title='bbox 2044 3459 2142 3529; x_wconf 85' lang='grc' dir='ltr'>τῆς</span> <span class='ocrx_word' id='word_1_578' title='bbox 2191 3458 2338 3523; x_wconf 88' lang='grc' dir='ltr'>θείας</span> <span class='ocrx_word' id='word_1_579' title='bbox 2378 3459 2591 3531; x_wconf 81' lang='grc' dir='ltr'>φύσεως</span> <span class='ocrx_word' id='word_1_580' title='bbox 2632 3460 2693 3514; x_wconf 81' lang='grc' dir='ltr'>τὸ</span> <span class='ocrx_word' id='word_1_581' title='bbox 2738 3462 3045 3533; x_wconf 82' lang='grc' dir='ltr'>παράλογον</span> <span class='ocrx_word' id='word_1_582' title='bbox 3097 3462 3255 3516; x_wconf 81' lang='grc' dir='ltr'>τοῦτο</span> <span class='ocrx_word' id='word_1_583' title='bbox 3282 3466 3379 3533; x_wconf 78' lang='grc' dir='ltr'>τῆς</span> <span class='ocrx_word' id='word_1_584' title='bbox 3414 3462 3626 3526; x_wconf 80' lang='grc' dir='ltr'>ἐννοίας</span> 
     </span>
    </p>
   </div>
   <div class='ocr_carea' id='block_1_80' title="bbox 2047 3551 3625 3626">
    <p class='ocr_par' dir='ltr' id='par_1_80' title="bbox 2047 3551 3625 3626">
     <span class='ocr_line' id='line_1_80' title="bbox 2047 3551 3625 3626; baseline 0.001 -23"><span class='ocrx_word' id='word_1_585' title='bbox 2047 3551 2579 3620; x_wconf 74' lang='grc' dir='ltr'>κατασκευάζεσθαις</span> <span class='ocrx_word' id='word_1_586' title='bbox 2641 3553 2861 3626; x_wconf 85' lang='grc' dir='ltr'>Πατέρα</span> <span class='ocrx_word' id='word_1_587' title='bbox 2942 3555 3035 3608; x_wconf 70' lang='grc' dir='ltr'><strong>καὶ</strong></span> <span class='ocrx_word' id='word_1_588' title='bbox 3094 3555 3239 3608; x_wconf 62' lang='grc' dir='ltr'>νΥίὸν</span> <span class='ocrx_word' id='word_1_589' title='bbox 3298 3553 3447 3624; x_wconf 85' lang='grc' dir='ltr'><strong>παρά</strong></span> <span class='ocrx_word' id='word_1_590' title='bbox 3518 3554 3625 3624; x_wconf 79' lang='grc' dir='ltr'><strong>τῆς</strong></span> 
     </span>
    </p>
   </div>
   <div class='ocr_carea' id='block_1_81' title="bbox 2045 3642 3625 3717">
    <p class='ocr_par' dir='ltr' id='par_1_81' title="bbox 2045 3642 3625 3717">
     <span class='ocr_line' id='line_1_81' title="bbox 2045 3642 3625 3717; baseline 0.001 -22"><span class='ocrx_word' id='word_1_591' title='bbox 2045 3642 2296 3713; x_wconf 83' lang='grc' dir='ltr'>ἀληθείας</span> <span class='ocrx_word' id='word_1_592' title='bbox 2328 3643 2655 3710; x_wconf 85' lang='grc' dir='ltr'>ἀκούσαντες</span> <span class='ocrx_word' id='word_1_593' title='bbox 2680 3684 2694 3709; x_wconf 95' lang='grc'><strong>,</strong></span> <span class='ocrx_word' id='word_1_594' title='bbox 2732 3647 2790 3698; x_wconf 85' lang='grc' dir='ltr'>ὲν</span> <span class='ocrx_word' id='word_1_595' title='bbox 2826 3645 2919 3700; x_wconf 91' lang='grc' dir='ltr'><strong>δύο</strong></span> <span class='ocrx_word' id='word_1_596' title='bbox 2950 3648 3061 3709; x_wconf 85' lang='grc' dir='ltr'>τοῖς</span> <span class='ocrx_word' id='word_1_597' title='bbox 3093 3646 3475 3717; x_wconf 83' lang='grc' dir='ltr'>ὑποκειμένοις</span> <span class='ocrx_word' id='word_1_598' title='bbox 3518 3646 3625 3715; x_wconf 83' lang='grc' dir='ltr'>τὴν</span> 
     </span>
    </p>
   </div>
   <div class='ocr_carea' id='block_1_82' title="bbox 2047 3737 3627 3809">
    <p class='ocr_par' dir='ltr' id='par_1_82' title="bbox 2047 3737 3627 3809">
     <span class='ocr_line' id='line_1_82' title="bbox 2047 3737 3627 3809; baseline 0.001 -18"><span class='ocrx_word' id='word_1_599' title='bbox 2047 3737 2269 3807; x_wconf 78' lang='grc' dir='ltr'>ἑνότητα</span> <span class='ocrx_word' id='word_1_600' title='bbox 2297 3737 2395 3807; x_wconf 80' lang='grc' dir='ltr'><strong>τῆς</strong></span> <span class='ocrx_word' id='word_1_601' title='bbox 2417 3737 2627 3806; x_wconf 84' lang='grc' dir='ltr'>φύσεως</span> <span class='ocrx_word' id='word_1_602' title='bbox 2660 3738 3033 3809; x_wconf 67' lang='grc' dir='ltr'>ἐδιδάχθημεν,</span> <span class='ocrx_word' id='word_1_603' title='bbox 3063 3739 3165 3793; x_wconf 84' lang='grc' dir='ltr'><strong>ὑπό</strong></span> <span class='ocrx_word' id='word_1_604' title='bbox 3194 3756 3255 3793; x_wconf 90' lang='grc' dir='ltr'><strong>τε</strong></span> <span class='ocrx_word' id='word_1_605' title='bbox 3284 3738 3393 3794; x_wconf 87' lang='grc' dir='ltr'><strong>τῶν</strong></span> <span class='ocrx_word' id='word_1_606' title='bbox 3421 3740 3627 3809; x_wconf 68' lang='grc' dir='ltr'>ὄνομά-ς</span> 
     </span>
    </p>
   </div>
   <div class='ocr_carea' id='block_1_83' title="bbox 2044 3827 3625 3901">
    <p class='ocr_par' dir='ltr' id='par_1_83' title="bbox 2044 3827 3625 3901">
     <span class='ocr_line' id='line_1_83' title="bbox 2044 3827 3625 3901; baseline 0.004 -23"><span class='ocrx_word' id='word_1_607' title='bbox 2044 3843 2151 3879; x_wconf 91' lang='grc' dir='ltr'><strong>των</strong></span> <span class='ocrx_word' id='word_1_608' title='bbox 2180 3827 2418 3896; x_wconf 79' lang='grc' dir='ltr'>φυσικῶς</span> <span class='ocrx_word' id='word_1_609' title='bbox 2441 3828 2528 3882; x_wconf 89' lang='grc' dir='ltr'><strong>διά</strong></span> <span class='ocrx_word' id='word_1_610' title='bbox 2558 3829 2655 3899; x_wconf 81' lang='grc' dir='ltr'>τῆς</span> <span class='ocrx_word' id='word_1_611' title='bbox 2690 3829 2827 3901; x_wconf 83' lang='grc' dir='ltr'>πρὸς</span> <span class='ocrx_word' id='word_1_612' title='bbox 2867 3830 3068 3899; x_wconf 85' lang='grc' dir='ltr'>ἄλληλα</span> <span class='ocrx_word' id='word_1_613' title='bbox 3098 3831 3332 3901; x_wconf 84' lang='grc' dir='ltr'>σχέσεως</span> <span class='ocrx_word' id='word_1_614' title='bbox 3356 3847 3625 3901; x_wconf 86' lang='grc' dir='ltr'>σημαινο-</span> 
     </span>
    </p>
   </div>
   <div class='ocr_carea' id='block_1_84' title="bbox 2050 3916 3624 3992">
    <p class='ocr_par' dir='ltr' id='par_1_84' title="bbox 2050 3916 3624 3992">
     <span class='ocr_line' id='line_1_84' title="bbox 2050 3916 3624 3992; baseline 0.004 -24"><span class='ocrx_word' id='word_1_615' title='bbox 2050 3916 2236 3992; x_wconf 86' lang='grc' dir='ltr'>μένης,</span> <span class='ocrx_word' id='word_1_616' title='bbox 2268 3919 2361 3971; x_wconf 70' lang='grc' dir='ltr'><strong>καὶ</strong></span> <span class='ocrx_word' id='word_1_617' title='bbox 2398 3922 2490 3972; x_wconf 79' lang='grc' dir='ltr'>ὐπ’</span> <span class='ocrx_word' id='word_1_618' title='bbox 2533 3920 2701 3990; x_wconf 79' lang='grc' dir='ltr'>αὐτῆς</span> <span class='ocrx_word' id='word_1_619' title='bbox 2734 3920 2892 3974; x_wconf 82' lang='grc' dir='ltr'>πάλιν</span> <span class='ocrx_word' id='word_1_620' title='bbox 2928 3922 3024 3991; x_wconf 81' lang='grc' dir='ltr'>τῆς</span> <span class='ocrx_word' id='word_1_621' title='bbox 3054 3920 3146 3973; x_wconf 82' lang='grc' dir='ltr'>τοῦ</span> <span class='ocrx_word' id='word_1_622' title='bbox 3178 3921 3383 3992; x_wconf 83' lang='grc' dir='ltr'>Κυρίου</span> <span class='ocrx_word' id='word_1_623' title='bbox 3414 3925 3624 3992; x_wconf 78' lang='grc' dir='ltr'>φωνῆς.</span> 
     </span>
    </p>
   </div>
   <div class='ocr_carea' id='block_1_85' title="bbox 2060 4005 3626 4078">
    <p class='ocr_par' dir='ltr' id='par_1_85' title="bbox 2060 4005 3626 4078">
     <span class='ocr_line' id='line_1_85' title="bbox 2060 4005 3626 4078; baseline 0.004 -21"><span class='ocrx_word' id='word_1_624' title='bbox 2060 4006 2116 4057; x_wconf 88' lang='lat'><strong>&#39;0</strong></span> <span class='ocrx_word' id='word_1_625' title='bbox 2141 4006 2249 4077; x_wconf 87' lang='grc' dir='ltr'>γὰρ</span> <span class='ocrx_word' id='word_1_626' title='bbox 2276 4005 2465 4070; x_wconf 84' lang='grc' dir='ltr'>εἰπὼν,</span> <span class='ocrx_word' id='word_1_627' title='bbox 2501 4006 2648 4076; x_wconf 79' lang='grc' dir='ltr'><strong>Ἐγὼ</strong></span> <span class='ocrx_word' id='word_1_628' title='bbox 2670 4006 2767 4060; x_wconf 77' lang='grc' dir='ltr'><strong>καί</strong></span> <span class='ocrx_word' id='word_1_629' title='bbox 2790 4011 2822 4061; x_wconf 80' lang='grc' dir='ltr'><em>ὁ</em></span> <span class='ocrx_word' id='word_1_630' title='bbox 2844 4008 3047 4076; x_wconf 81' lang='grc' dir='ltr'>Πατὴρ</span> <span class='ocrx_word' id='word_1_631' title='bbox 3074 4008 3144 4061; x_wconf 78' lang='grc' dir='ltr'><strong><em>ἓν</em></strong></span> <span class='ocrx_word' id='word_1_632' title='bbox 3165 4009 3370 4078; x_wconf 80' lang='grc' dir='ltr'>ἐσμεν,</span> <span class='ocrx_word' id='word_1_633' title='bbox 3388 4011 3439 4062; x_wconf 89' lang='grc' dir='ltr'><strong>τί</strong></span> <span class='ocrx_word' id='word_1_634' title='bbox 3470 4009 3626 4075; x_wconf 76' lang='grc' dir='ltr'>ἄλλο,</span> 
     </span>
    </p>
   </div>
   <div class='ocr_carea' id='block_1_86' title="bbox 374 4095 1943 4200">
    <p class='ocr_par' dir='ltr' id='par_1_86' title="bbox 374 4096 1943 4169">
     <span class='ocr_line' id='line_1_86' title="bbox 374 4096 1943 4169; baseline 0.007 -16"><span class='ocrx_word' id='word_1_635' title='bbox 374 4096 756 4167; x_wconf 83' lang='lat' dir='ltr'><strong>signiﬁcatam,</strong></span> <span class='ocrx_word' id='word_1_636' title='bbox 817 4107 871 4155; x_wconf 85' lang='lat' dir='ltr'><strong>et</strong></span> <span class='ocrx_word' id='word_1_637' title='bbox 923 4099 992 4154; x_wconf 87' lang='lat' dir='ltr'><strong>ab</strong></span> <span class='ocrx_word' id='word_1_638' title='bbox 1023 4100 1144 4169; x_wconf 91' lang='lat' dir='ltr'><strong>ipso</strong></span> <span class='ocrx_word' id='word_1_639' title='bbox 1171 4100 1385 4159; x_wconf 88' lang='lat' dir='ltr'><strong>Domini</strong></span> <span class='ocrx_word' id='word_1_640' title='bbox 1425 4106 1761 4162; x_wconf 91' lang='lat' dir='ltr'><strong>testimonio.</strong></span> <span class='ocrx_word' id='word_1_641' title='bbox 1814 4108 1943 4164; x_wconf 86' lang='lat' dir='ltr'><strong>Nam</strong></span> 
     </span>
    </p>
   </div>
   <div class='ocr_carea' id='block_1_87' title="bbox 2046 4095 3629 4200">
    <p class='ocr_par' dir='ltr' id='par_1_87' title="bbox 2047 4095 3629 4169">
     <span class='ocr_line' id='line_1_87' title="bbox 2047 4095 3629 4169; baseline -0.001 -22"><span class='ocrx_word' id='word_1_642' title='bbox 2047 4095 2079 4165; x_wconf 84' lang='grc' dir='ltr'>ἦ</span> <span class='ocrx_word' id='word_1_643' title='bbox 2112 4096 2171 4148; x_wconf 90' lang='grc' dir='ltr'><strong>τό</strong></span> <span class='ocrx_word' id='word_1_644' title='bbox 2200 4113 2260 4149; x_wconf 87' lang='grc' dir='ltr'><strong>τε</strong></span> <span class='ocrx_word' id='word_1_645' title='bbox 2295 4097 2370 4167; x_wconf 81' lang='grc' dir='ltr'>μὴ</span> <span class='ocrx_word' id='word_1_646' title='bbox 2401 4098 2633 4169; x_wconf 72' lang='grc' dir='ltr'>ἄναρχον</span> <span class='ocrx_word' id='word_1_647' title='bbox 2664 4095 2857 4149; x_wconf 78' lang='grc' dir='ltr'>ἑαυτοῦ</span> <span class='ocrx_word' id='word_1_648' title='bbox 2890 4096 2976 4153; x_wconf 84' lang='grc' dir='ltr'>διὰ</span> <span class='ocrx_word' id='word_1_649' title='bbox 3006 4098 3106 4167; x_wconf 79' lang='grc' dir='ltr'>τῆς</span> <span class='ocrx_word' id='word_1_650' title='bbox 3137 4098 3229 4150; x_wconf 81' lang='grc' dir='ltr'>τοῦ</span> <span class='ocrx_word' id='word_1_651' title='bbox 3260 4098 3471 4169; x_wconf 72' lang='grc' dir='ltr'>[ἰατρὸς</span> <span class='ocrx_word' id='word_1_652' title='bbox 3494 4098 3629 4167; x_wconf 85' lang='grc' dir='ltr'>ὀμο-</span> 
     </span>
    </p>
   </div>
   <div class='ocr_carea' id='block_1_88' title="bbox 371 4185 1943 4290">
    <p class='ocr_par' dir='ltr' id='par_1_88' title="bbox 371 4186 1943 4269">
     <span class='ocr_line' id='line_1_88' title="bbox 371 4186 1943 4269; baseline 0.01 -28"><span class='ocrx_word' id='word_1_653' title='bbox 371 4187 466 4257; x_wconf 88' lang='lat' dir='ltr'><strong>qui</strong></span> <span class='ocrx_word' id='word_1_654' title='bbox 497 4186 633 4243; x_wconf 77' lang='lat' dir='ltr'><strong>dixit</strong></span> <span class='ocrx_word' id='word_1_655' title='bbox 667 4206 679 4243; x_wconf 94' lang='lat'>:</span> <span class='ocrx_word' id='word_1_656' title='bbox 707 4186 817 4258; x_wconf 83' lang='lat' dir='ltr'><strong>Ego</strong></span> <span class='ocrx_word' id='word_1_657' title='bbox 855 4198 903 4244; x_wconf 87' lang='lat' dir='ltr'><strong>et</strong></span> <span class='ocrx_word' id='word_1_658' title='bbox 932 4189 1090 4245; x_wconf 86' lang='lat' dir='ltr'><strong>Pater</strong></span> <span class='ocrx_word' id='word_1_659' title='bbox 1127 4208 1289 4247; x_wconf 83' lang='lat' dir='ltr'><strong>unum</strong></span> <span class='ocrx_word' id='word_1_660' title='bbox 1311 4211 1496 4251; x_wconf 76' lang='lat' dir='ltr'><strong>sumus</strong></span> <span class='ocrx_word' id='word_1_661' title='bbox 1513 4196 1556 4231; x_wconf 81' lang='grc'><strong><em>³⁵</em></strong></span> <span class='ocrx_word' id='word_1_662' title='bbox 1579 4239 1592 4263; x_wconf 93' lang='grc'><strong>,</strong></span> <span class='ocrx_word' id='word_1_663' title='bbox 1632 4198 1763 4269; x_wconf 88' lang='lat' dir='ltr'><strong>quid</strong></span> <span class='ocrx_word' id='word_1_664' title='bbox 1802 4201 1943 4257; x_wconf 84' lang='lat' dir='ltr'><strong>aliud</strong></span> 
     </span>
    </p>
   </div>
   <div class='ocr_carea' id='block_1_89' title="bbox 2046 4185 3628 4290">
    <p class='ocr_par' dir='ltr' id='par_1_89' title="bbox 2046 4185 3628 4290">
     <span class='ocr_line' id='line_1_89' title="bbox 2046 4185 3628 4259; baseline 0 -18"><span class='ocrx_word' id='word_1_665' title='bbox 2046 4185 2232 4252; x_wconf 85' lang='grc' dir='ltr'>λογίας</span> <span class='ocrx_word' id='word_1_666' title='bbox 2253 4188 2608 4258; x_wconf 82' lang='grc' dir='ltr'>παρίστησιν,</span> <span class='ocrx_word' id='word_1_667' title='bbox 2635 4189 2729 4241; x_wconf 82' lang='grc' dir='ltr'><strong>καὶ</strong></span> <span class='ocrx_word' id='word_1_668' title='bbox 2753 4188 2814 4241; x_wconf 72' lang='grc' dir='ltr'><strong>τὸ</strong></span> <span class='ocrx_word' id='word_1_669' title='bbox 2844 4187 3017 4245; x_wconf 83' lang='grc' dir='ltr'>κοινὸν</span> <span class='ocrx_word' id='word_1_670' title='bbox 3044 4188 3143 4257; x_wconf 83' lang='grc' dir='ltr'><strong>τῆς</strong></span> <span class='ocrx_word' id='word_1_671' title='bbox 3173 4190 3385 4257; x_wconf 85' lang='grc' dir='ltr'>φύσεως</span> <span class='ocrx_word' id='word_1_672' title='bbox 3412 4188 3501 4241; x_wconf 72' lang='grc' dir='ltr'><strong>διὰ</strong></span> <span class='ocrx_word' id='word_1_673' title='bbox 3524 4190 3628 4259; x_wconf 82' lang='grc' dir='ltr'><strong>τῆς</strong></span> 
     </span>
     <span class='ocr_line' id='line_1_90' title="bbox 2126 4271 3596 4290; baseline 0 0"><span class='ocrx_word' id='word_1_674' title='bbox 2126 4276 2140 4290; x_wconf 77' lang='lat'><em>.</em></span> <span class='ocrx_word' id='word_1_675' title='bbox 2244 4277 2257 4290; x_wconf 82' lang='lat'><em>.</em></span> <span class='ocrx_word' id='word_1_676' title='bbox 2342 4278 2386 4290; x_wconf 74' lang='grc' dir='ltr'><strong>π</strong></span> <span class='ocrx_word' id='word_1_677' title='bbox 2470 4277 2482 4290; x_wconf 91' lang='grc'><strong><em>,</em></strong></span> <span class='ocrx_word' id='word_1_678' title='bbox 2601 4279 2613 4290; x_wconf 95' lang='grc'><strong>.</strong></span> <span class='ocrx_word' id='word_1_679' title='bbox 2667 4278 2679 4290; x_wconf 90' lang='grc'><strong>.</strong></span> <span class='ocrx_word' id='word_1_680' title='bbox 2918 4276 2930 4290; x_wconf 85' lang='grc'><strong>.</strong></span> <span class='ocrx_word' id='word_1_681' title='bbox 3012 4277 3032 4290; x_wconf 93' lang='lat'><strong>..</strong></span> <span class='ocrx_word' id='word_1_682' title='bbox 3121 4271 3145 4290; x_wconf 68' lang='grc' dir='ltr'><strong><em>ν</em></strong></span> <span class='ocrx_word' id='word_1_683' title='bbox 3290 4278 3313 4290; x_wconf 74' lang='lat'><strong>..</strong></span> <span class='ocrx_word' id='word_1_684' title='bbox 3350 4278 3359 4290; x_wconf 78' lang='lat'><strong>.</strong></span> <span class='ocrx_word' id='word_1_685' title='bbox 3439 4277 3463 4288; x_wconf 86' lang='lat'><strong>..</strong></span> <span class='ocrx_word' id='word_1_686' title='bbox 3584 4280 3596 4290; x_wconf 92' lang='lat'><em>.</em></span> 
     </span>
    </p>
   </div>
   <div class='ocr_carea' id='block_1_90' title="bbox 374 4276 1943 4379">
    <p class='ocr_par' dir='ltr' id='par_1_90' title="bbox 374 4276 1925 4359">
     <span class='ocr_line' id='line_1_91' title="bbox 374 4276 1925 4359; baseline 0.01 -30"><span class='ocrx_word' id='word_1_687' title='bbox 374 4276 598 4341; x_wconf 90' lang='lat' dir='ltr'><strong>iudicat,</strong></span> <span class='ocrx_word' id='word_1_688' title='bbox 629 4276 735 4331; x_wconf 91' lang='lat' dir='ltr'><strong>nisi</strong></span> <span class='ocrx_word' id='word_1_689' title='bbox 789 4292 848 4333; x_wconf 92' lang='lat' dir='ltr'><strong>se</strong></span> <span class='ocrx_word' id='word_1_690' title='bbox 881 4277 1059 4335; x_wconf 85' lang='lat' dir='ltr'><strong>Patris</strong></span> <span class='ocrx_word' id='word_1_691' title='bbox 1109 4281 1383 4336; x_wconf 90' lang='lat' dir='ltr'><strong>mentione</strong></span> <span class='ocrx_word' id='word_1_692' title='bbox 1437 4282 1601 4349; x_wconf 81' lang='lat' dir='ltr'><strong>facta,</strong></span> <span class='ocrx_word' id='word_1_693' title='bbox 1664 4288 1925 4359; x_wconf 89' lang='lat' dir='ltr'><strong>principii</strong></span> 
     </span>
    </p>
   </div>
   <div class='ocr_carea' id='block_1_91' title="bbox 2046 4276 3628 4379">
    <p class='ocr_par' dir='ltr' id='par_1_91' title="bbox 2048 4276 3628 4348">
     <span class='ocr_line' id='line_1_92' title="bbox 2048 4276 3628 4348; baseline 0 -17"><span class='ocrx_word' id='word_1_694' title='bbox 2048 4276 2182 4346; x_wconf 81' lang='grc' dir='ltr'>πρὸς</span> <span class='ocrx_word' id='word_1_695' title='bbox 2211 4277 2301 4329; x_wconf 82' lang='grc' dir='ltr'><strong>τὸν</strong></span> <span class='ocrx_word' id='word_1_696' title='bbox 2342 4277 2571 4346; x_wconf 83' lang='grc' dir='ltr'>Πατέρα</span> <span class='ocrx_word' id='word_1_697' title='bbox 2596 4278 2864 4348; x_wconf 76' lang='grc' dir='ltr'>ἑνότητος,</span> <span class='ocrx_word' id='word_1_698' title='bbox 2902 4276 2976 4340; x_wconf 86' lang='grc' dir='ltr'>ὡς</span> <span class='ocrx_word' id='word_1_699' title='bbox 3007 4277 3072 4331; x_wconf 80' lang='grc' dir='ltr'>ἂν</span> <span class='ocrx_word' id='word_1_700' title='bbox 3095 4276 3373 4347; x_wconf 67' lang='grc' dir='ltr'>οἷμαι,διὰ</span> <span class='ocrx_word' id='word_1_701' title='bbox 3397 4277 3505 4330; x_wconf 86' lang='grc' dir='ltr'><strong>τῶν</strong></span> <span class='ocrx_word' id='word_1_702' title='bbox 3546 4280 3628 4331; x_wconf 86' lang='grc' dir='ltr'><strong>εἱ-</strong></span> 
     </span>
    </p>
   </div>
   <div class='ocr_carea' id='block_1_92' title="bbox 370 4358 1943 4450">
    <p class='ocr_par' dir='ltr' id='par_1_92' title="bbox 370 4376 1943 4441">
     <span class='ocr_line' id='line_1_93' title="bbox 370 4376 1943 4441; baseline 0.007 -16"><span class='ocrx_word' id='word_1_703' title='bbox 370 4378 644 4437; x_wconf 74' lang='lat' dir='ltr'><strong>cxpertem</strong></span> <span class='ocrx_word' id='word_1_704' title='bbox 672 4384 779 4423; x_wconf 90' lang='lat' dir='ltr'><strong>non</strong></span> <span class='ocrx_word' id='word_1_705' title='bbox 820 4384 961 4436; x_wconf 87' lang='lat' dir='ltr'><strong>esse,</strong></span> <span class='ocrx_word' id='word_1_706' title='bbox 1013 4386 1180 4441; x_wconf 90' lang='lat' dir='ltr'><strong>seque</strong></span> <span class='ocrx_word' id='word_1_707' title='bbox 1218 4388 1340 4427; x_wconf 92' lang='lat' dir='ltr'><strong>cum</strong></span> <span class='ocrx_word' id='word_1_708' title='bbox 1379 4376 1569 4430; x_wconf 90' lang='lat' dir='ltr'><strong>eodem</strong></span> <span class='ocrx_word' id='word_1_709' title='bbox 1598 4394 1943 4436; x_wconf 88' lang='lat' dir='ltr'><strong>communem</strong></span> 
     </span>
    </p>
   </div>
   <div class='ocr_carea' id='block_1_93' title="bbox 2046 4358 3631 4450">
    <p class='ocr_par' dir='ltr' id='par_1_93' title="bbox 2053 4368 3631 4450">
     <span class='ocr_line' id='line_1_94' title="bbox 2053 4368 3631 4450; baseline 0.001 -29"><span class='ocrx_word' id='word_1_710' title='bbox 2053 4369 2299 4439; x_wconf 84' lang='grc' dir='ltr'>ρημένων</span> <span class='ocrx_word' id='word_1_711' title='bbox 2321 4368 2423 4439; x_wconf 85' lang='grc' dir='ltr'><strong>τῆς</strong></span> <span class='ocrx_word' id='word_1_712' title='bbox 2450 4370 2533 4441; x_wconf 79' lang='grc' dir='ltr'><strong>ἐφ’</strong></span> <span class='ocrx_word' id='word_1_713' title='bbox 2560 4370 2794 4440; x_wconf 55' lang='grc' dir='ltr'>ἑκατέρᾳ.</span> <span class='ocrx_word' id='word_1_714' title='bbox 2825 4370 2933 4428; x_wconf 88' lang='grc' dir='ltr'><strong>τῶν</strong></span> <span class='ocrx_word' id='word_1_715' title='bbox 2955 4368 3212 4441; x_wconf 87' lang='grc' dir='ltr'>αἱρέσεων</span> <span class='ocrx_word' id='word_1_716' title='bbox 3269 4369 3631 4450; x_wconf 71' lang='grc' dir='ltr'>παρατροπῆς</span> 
     </span>
    </p>
   </div>
   <div class='ocr_carea' id='block_1_94' title="bbox 370 4459 1948 4534">
    <p class='ocr_par' dir='ltr' id='par_1_94' title="bbox 370 4459 1948 4534">
     <span class='ocr_line' id='line_1_95' title="bbox 370 4459 1948 4534; baseline 0.01 -21"><span class='ocrx_word' id='word_1_717' title='bbox 370 4468 625 4515; x_wconf 90' lang='lat' dir='ltr'><strong>naturam</strong></span> <span class='ocrx_word' id='word_1_718' title='bbox 656 4459 878 4527; x_wconf 87' lang='lat' dir='ltr'><strong>habere,</strong></span> <span class='ocrx_word' id='word_1_719' title='bbox 922 4471 1147 4534; x_wconf 87' lang='lat' dir='ltr'><strong>propter</strong></span> <span class='ocrx_word' id='word_1_720' title='bbox 1180 4467 1434 4522; x_wconf 89' lang='lat' dir='ltr'><strong>unionem</strong></span> <span class='ocrx_word' id='word_1_721' title='bbox 1465 4483 1588 4523; x_wconf 89' lang='lat' dir='ltr'><strong>cum</strong></span> <span class='ocrx_word' id='word_1_722' title='bbox 1646 4470 1843 4527; x_wconf 85' lang='lat' dir='ltr'><strong>Patre?</strong></span> <span class='ocrx_word' id='word_1_723' title='bbox 1880 4471 1948 4529; x_wconf 88' lang='lat' dir='ltr'><strong>Ut</strong></span> 
     </span>
    </p>
   </div>
   <div class='ocr_carea' id='block_1_95' title="bbox 370 4552 1946 4624">
    <p class='ocr_par' dir='ltr' id='par_1_95' title="bbox 370 4552 1946 4624">
     <span class='ocr_line' id='line_1_96' title="bbox 370 4552 1946 4624; baseline 0.008 -18"><span class='ocrx_word' id='word_1_724' title='bbox 370 4552 676 4607; x_wconf 81' lang='lat' dir='ltr'><strong>existimem</strong></span> <span class='ocrx_word' id='word_1_725' title='bbox 698 4554 971 4624; x_wconf 69' lang='lat' dir='ltr'><strong>praedictis</strong></span> <span class='ocrx_word' id='word_1_726' title='bbox 997 4553 1196 4611; x_wconf 87' lang='lat' dir='ltr'><strong>Christi</strong></span> <span class='ocrx_word' id='word_1_727' title='bbox 1220 4558 1401 4614; x_wconf 81' lang='lat' dir='ltr'><strong>verbis</strong></span> <span class='ocrx_word' id='word_1_728' title='bbox 1420 4560 1487 4613; x_wconf 87' lang='lat' dir='ltr'><strong>ab</strong></span> <span class='ocrx_word' id='word_1_729' title='bbox 1509 4563 1852 4618; x_wconf 82' lang='lat' dir='ltr'><strong>exerratione</strong></span> <span class='ocrx_word' id='word_1_730' title='bbox 1880 4565 1946 4619; x_wconf 87' lang='lat' dir='ltr'><strong>ad</strong></span> 
     </span>
    </p>
   </div>
   <div class='ocr_carea' id='block_1_96' title="bbox 374 4648 1950 4725">
    <p class='ocr_par' dir='ltr' id='par_1_96' title="bbox 374 4648 1950 4725">
     <span class='ocr_line' id='line_1_97' title="bbox 374 4648 1950 4725; baseline 0.01 -31"><span class='ocrx_word' id='word_1_731' title='bbox 374 4649 666 4712; x_wconf 91' lang='lat' dir='ltr'><strong>utrumque</strong></span> <span class='ocrx_word' id='word_1_732' title='bbox 700 4650 1028 4710; x_wconf 82' lang='lat' dir='ltr'><strong>extremum,</strong></span> <span class='ocrx_word' id='word_1_733' title='bbox 1065 4662 1251 4701; x_wconf 91' lang='lat' dir='ltr'><strong>sanam</strong></span> <span class='ocrx_word' id='word_1_734' title='bbox 1298 4648 1602 4706; x_wconf 85' lang='lat' dir='ltr'><strong>doctrinam</strong></span> <span class='ocrx_word' id='word_1_735' title='bbox 1649 4652 1702 4707; x_wconf 92' lang='lat' dir='ltr'><strong>in</strong></span> <span class='ocrx_word' id='word_1_736' title='bbox 1732 4670 1831 4709; x_wconf 90' lang='lat' dir='ltr'><strong>sua</strong></span> <span class='ocrx_word' id='word_1_737' title='bbox 1858 4671 1950 4725; x_wconf 86' lang='lat' dir='ltr'><strong>pu-</strong></span> 
     </span>
    </p>
   </div>
   <div class='ocr_carea' id='block_1_97' title="bbox 371 4734 1945 4815">
    <p class='ocr_par' dir='ltr' id='par_1_97' title="bbox 371 4734 1945 4815">
     <span class='ocr_line' id='line_1_98' title="bbox 371 4734 1945 4815; baseline 0.01 -29"><span class='ocrx_word' id='word_1_738' title='bbox 371 4734 536 4787; x_wconf 79' lang='lat' dir='ltr'><strong>ritate</strong></span> <span class='ocrx_word' id='word_1_739' title='bbox 561 4737 897 4801; x_wconf 87' lang='lat' dir='ltr'><strong>conservari,</strong></span> <span class='ocrx_word' id='word_1_740' title='bbox 931 4745 990 4791; x_wconf 94' lang='lat' dir='ltr'><strong>ut</strong></span> <span class='ocrx_word' id='word_1_741' title='bbox 1010 4753 1185 4808; x_wconf 90' lang='lat' dir='ltr'><strong>neque</strong></span> <span class='ocrx_word' id='word_1_742' title='bbox 1212 4740 1433 4797; x_wconf 87' lang='lat' dir='ltr'><strong>Sabellii</strong></span> <span class='ocrx_word' id='word_1_743' title='bbox 1494 4759 1649 4798; x_wconf 91' lang='lat' dir='ltr'><strong>error</strong></span> <span class='ocrx_word' id='word_1_744' title='bbox 1681 4761 1945 4815; x_wconf 86' lang='lat' dir='ltr'><strong>persona-</strong></span> 
     </span>
    </p>
   </div>
   <div class='ocr_carea' id='block_1_98' title="bbox 372 4822 1945 4908">
    <p class='ocr_par' dir='ltr' id='par_1_98' title="bbox 372 4822 1945 4908">
     <span class='ocr_line' id='line_1_99' title="bbox 372 4822 1945 4908; baseline 0.012 -30"><span class='ocrx_word' id='word_1_745' title='bbox 372 4841 495 4880; x_wconf 89' lang='lat' dir='ltr'><strong>rum</strong></span> <span class='ocrx_word' id='word_1_746' title='bbox 530 4822 938 4885; x_wconf 87' lang='lat' dir='ltr'><strong>distinctionem</strong></span> <span class='ocrx_word' id='word_1_747' title='bbox 968 4837 1021 4885; x_wconf 91' lang='lat' dir='ltr'><strong>et</strong></span> <span class='ocrx_word' id='word_1_748' title='bbox 1052 4833 1434 4903; x_wconf 88' lang='lat' dir='ltr'><strong>proprietatem</strong></span> <span class='ocrx_word' id='word_1_749' title='bbox 1462 4852 1493 4892; x_wconf 89' lang='lat' dir='ltr'><strong>e</strong></span> <span class='ocrx_word' id='word_1_750' title='bbox 1527 4838 1705 4893; x_wconf 89' lang='lat' dir='ltr'><strong>medio</strong></span> <span class='ocrx_word' id='word_1_751' title='bbox 1726 4840 1945 4908; x_wconf 87' lang='lat' dir='ltr'><strong>tollens,</strong></span> 
     </span>
    </p>
   </div>
   <div class='ocr_carea' id='block_1_99' title="bbox 318 4917 1943 4997">
    <p class='ocr_par' dir='ltr' id='par_1_99' title="bbox 318 4917 1943 4997">
     <span class='ocr_line' id='line_1_100' title="bbox 318 4917 1943 4997; baseline 0.01 -23"><span class='ocrx_word' id='word_1_752' title='bbox 318 4986 321 4991; x_wconf 29' lang='grc' dir='ltr'><strong>η</strong></span> <span class='ocrx_word' id='word_1_753' title='bbox 370 4919 553 4974; x_wconf 89' lang='lat' dir='ltr'><strong>locum</strong></span> <span class='ocrx_word' id='word_1_754' title='bbox 596 4917 866 4997; x_wconf 85' lang='lat' dir='ltr'><strong>inveniat,</strong></span> <span class='ocrx_word' id='word_1_755' title='bbox 902 4936 1025 4977; x_wconf 91' lang='lat' dir='ltr'><strong>cum</strong></span> <span class='ocrx_word' id='word_1_756' title='bbox 1057 4923 1383 4995; x_wconf 81' lang='lat' dir='ltr'><strong>Unigenitus</strong></span> <span class='ocrx_word' id='word_1_757' title='bbox 1417 4940 1601 4997; x_wconf 89' lang='lat' dir='ltr'><strong>aperte</strong></span> <span class='ocrx_word' id='word_1_758' title='bbox 1627 4946 1749 4987; x_wconf 89' lang='lat' dir='ltr'><strong>sese</strong></span> <span class='ocrx_word' id='word_1_759' title='bbox 1777 4949 1808 4988; x_wconf 89' lang='lat' dir='ltr'><strong>a</strong></span> <span class='ocrx_word' id='word_1_760' title='bbox 1838 4933 1943 4989; x_wconf 87' lang='lat' dir='ltr'><strong>Pa-</strong></span> 
     </span>
    </p>
   </div>
   <div class='ocr_carea' id='block_1_100' title="bbox 371 4994 1945 5086">
    <p class='ocr_par' dir='ltr' id='par_1_100' title="bbox 371 4994 1945 5086">
     <span class='ocr_line' id='line_1_101' title="bbox 371 4994 1945 5086; baseline 0.011 -24"><span class='ocrx_word' id='word_1_761' title='bbox 371 5020 457 5066; x_wconf 92' lang='lat' dir='ltr'><strong>tre</strong></span> <span class='ocrx_word' id='word_1_762' title='bbox 486 4994 852 5073; x_wconf 73' lang='lat' dir='ltr'><strong>disériminet,</strong></span> <span class='ocrx_word' id='word_1_763' title='bbox 898 5011 1027 5066; x_wconf 90' lang='lat' dir='ltr'><strong>dum</strong></span> <span class='ocrx_word' id='word_1_764' title='bbox 1059 5014 1133 5069; x_wconf 88' lang='lat' dir='ltr'><strong>ait</strong></span> <span class='ocrx_word' id='word_1_765' title='bbox 1168 4994 1185 5068; x_wconf 65' lang='grc' dir='ltr'><em>ξ</em></span> <span class='ocrx_word' id='word_1_766' title='bbox 1204 5013 1312 5086; x_wconf 85' lang='lat' dir='ltr'><strong>Ego</strong></span> <span class='ocrx_word' id='word_1_767' title='bbox 1363 5026 1413 5071; x_wconf 85' lang='lat' dir='ltr'><strong>et</strong></span> <span class='ocrx_word' id='word_1_768' title='bbox 1448 4994 1611 5075; x_wconf 73' lang='lat' dir='ltr'><strong>Pater</strong></span> <span class='ocrx_word' id='word_1_769' title='bbox 1653 5038 1816 5077; x_wconf 79' lang='lat' dir='ltr'><strong>unum</strong></span> <span class='ocrx_word' id='word_1_770' title='bbox 1852 5042 1945 5079; x_wconf 78' lang='lat' dir='ltr'><strong>su-</strong></span> 
     </span>
    </p>
   </div>
   <div class='ocr_carea' id='block_1_101' title="bbox 371 5100 1947 5183">
    <p class='ocr_par' dir='ltr' id='par_1_101' title="bbox 371 5100 1947 5183">
     <span class='ocr_line' id='line_1_102' title="bbox 371 5100 1947 5183; baseline 0.012 -31"><span class='ocrx_word' id='word_1_771' title='bbox 371 5117 488 5154; x_wconf 76' lang='lat' dir='ltr'><strong>mus</strong></span> <span class='ocrx_word' id='word_1_772' title='bbox 524 5114 543 5154; x_wconf 90' lang='lat'><strong><em>:</em></strong></span> <span class='ocrx_word' id='word_1_773' title='bbox 579 5114 756 5169; x_wconf 76' lang='lat' dir='ltr'><strong>neque</strong></span> <span class='ocrx_word' id='word_1_774' title='bbox 783 5100 947 5156; x_wconf 85' lang='lat' dir='ltr'><strong>etiam</strong></span> <span class='ocrx_word' id='word_1_775' title='bbox 996 5103 1111 5156; x_wconf 84' lang='lat' dir='ltr'><strong>Arii</strong></span> <span class='ocrx_word' id='word_1_776' title='bbox 1158 5105 1403 5175; x_wconf 80' lang='lat' dir='ltr'><strong>perﬁdia,</strong></span> <span class='ocrx_word' id='word_1_777' title='bbox 1440 5109 1672 5165; x_wconf 91' lang='lat' dir='ltr'><strong>alienam</strong></span> <span class='ocrx_word' id='word_1_778' title='bbox 1708 5122 1761 5167; x_wconf 81' lang='lat' dir='ltr'><strong>et</strong></span> <span class='ocrx_word' id='word_1_779' title='bbox 1791 5129 1947 5183; x_wconf 84' lang='lat' dir='ltr'><strong>pcre-</strong></span> 
     </span>
    </p>
   </div>
   <div class='ocr_carea' id='block_1_102' title="bbox 371 5192 1943 5269">
    <p class='ocr_par' dir='ltr' id='par_1_102' title="bbox 371 5192 1943 5269">
     <span class='ocr_line' id='line_1_103' title="bbox 371 5192 1943 5269; baseline 0.008 -22"><span class='ocrx_word' id='word_1_780' title='bbox 371 5194 582 5262; x_wconf 80' lang='lat' dir='ltr'><strong>grinam</strong></span> <span class='ocrx_word' id='word_1_781' title='bbox 616 5203 867 5248; x_wconf 88' lang='lat' dir='ltr'><strong>naturam</strong></span> <span class='ocrx_word' id='word_1_782' title='bbox 919 5192 1285 5264; x_wconf 86' lang='lat' dir='ltr'><strong>introducens,</strong></span> <span class='ocrx_word' id='word_1_783' title='bbox 1326 5201 1769 5269; x_wconf 85' lang='lat' dir='ltr'><strong>approbationem</strong></span> <span class='ocrx_word' id='word_1_784' title='bbox 1831 5222 1943 5260; x_wconf 89' lang='lat' dir='ltr'><strong>me-</strong></span> 
     </span>
    </p>
   </div>
   <div class='ocr_carea' id='block_1_103' title="bbox 376 5284 1941 5362">
    <p class='ocr_par' dir='ltr' id='par_1_103' title="bbox 376 5284 1941 5362">
     <span class='ocr_line' id='line_1_104' title="bbox 376 5284 1941 5362; baseline 0.011 -29"><span class='ocrx_word' id='word_1_785' title='bbox 376 5296 576 5350; x_wconf 82' lang='lat' dir='ltr'><strong>reatur,</strong></span> <span class='ocrx_word' id='word_1_786' title='bbox 611 5284 1045 5355; x_wconf 90' lang='lat' dir='ltr'><strong>uniuscujusque</strong></span> <span class='ocrx_word' id='word_1_787' title='bbox 1094 5286 1305 5341; x_wconf 89' lang='lat' dir='ltr'><strong>unitate</strong></span> <span class='ocrx_word' id='word_1_788' title='bbox 1360 5290 1562 5344; x_wconf 89' lang='lat' dir='ltr'><strong>nullam</strong></span> <span class='ocrx_word' id='word_1_789' title='bbox 1629 5293 1846 5362; x_wconf 83' lang='lat' dir='ltr'><strong>penitus</strong></span> <span class='ocrx_word' id='word_1_790' title='bbox 1887 5296 1941 5349; x_wconf 93' lang='lat' dir='ltr'><strong>in</strong></span> 
     </span>
    </p>
   </div>
   <div class='ocr_carea' id='block_1_104' title="bbox 375 5377 1941 5443">
    <p class='ocr_par' dir='ltr' id='par_1_104' title="bbox 375 5377 1941 5443">
     <span class='ocr_line' id='line_1_105' title="bbox 375 5377 1941 5443; baseline 0.008 -14"><span class='ocrx_word' id='word_1_791' title='bbox 375 5385 567 5432; x_wconf 85' lang='lat' dir='ltr'><strong>natura</strong></span> <span class='ocrx_word' id='word_1_792' title='bbox 596 5377 921 5435; x_wconf 85' lang='lat' dir='ltr'><strong>divisionem</strong></span> <span class='ocrx_word' id='word_1_793' title='bbox 952 5378 1289 5435; x_wconf 87' lang='lat' dir='ltr'><strong>admittente.</strong></span> <span class='ocrx_word' id='word_1_794' title='bbox 1344 5380 1487 5436; x_wconf 85' lang='lat' dir='ltr'><strong>Nihil</strong></span> <span class='ocrx_word' id='word_1_795' title='bbox 1515 5384 1660 5438; x_wconf 91' lang='lat' dir='ltr'><strong>enim</strong></span> <span class='ocrx_word' id='word_1_796' title='bbox 1711 5384 1855 5441; x_wconf 87' lang='lat' dir='ltr'><strong>aliud</strong></span> <span class='ocrx_word' id='word_1_797' title='bbox 1888 5390 1941 5443; x_wconf 89' lang='lat' dir='ltr'><strong>in</strong></span> 
     </span>
    </p>
   </div>
   <div class='ocr_carea' id='block_1_105' title="bbox 374 5466 1941 5549">
    <p class='ocr_par' dir='ltr' id='par_1_105' title="bbox 374 5466 1941 5549">
     <span class='ocr_line' id='line_1_106' title="bbox 374 5466 1941 5549; baseline 0.008 -26"><span class='ocrx_word' id='word_1_798' title='bbox 374 5466 479 5523; x_wconf 81' lang='lat' dir='ltr'><strong>hac</strong></span> <span class='ocrx_word' id='word_1_799' title='bbox 502 5470 751 5527; x_wconf 89' lang='lat' dir='ltr'><strong>oratione</strong></span> <span class='ocrx_word' id='word_1_800' title='bbox 774 5487 870 5541; x_wconf 90' lang='lat' dir='ltr'><strong>per</strong></span> <span class='ocrx_word' id='word_1_801' title='bbox 899 5472 1161 5528; x_wconf 88' lang='lat' dir='ltr'><strong>unitatem</strong></span> <span class='ocrx_word' id='word_1_802' title='bbox 1193 5471 1371 5529; x_wconf 85' lang='lat' dir='ltr'><strong>Patris</strong></span> <span class='ocrx_word' id='word_1_803' title='bbox 1410 5484 1461 5531; x_wconf 88' lang='lat' dir='ltr'><strong>et</strong></span> <span class='ocrx_word' id='word_1_804' title='bbox 1494 5474 1615 5531; x_wconf 87' lang='lat' dir='ltr'><strong>Filii</strong></span> <span class='ocrx_word' id='word_1_805' title='bbox 1672 5477 1941 5549; x_wconf 82' lang='lat' dir='ltr'><strong>signiﬁca-</strong></span> 
     </span>
    </p>
   </div>
   <div class='ocr_carea' id='block_1_106' title="bbox 452 5638 867 5714">
    <p class='ocr_par' dir='ltr' id='par_1_106' title="bbox 452 5638 867 5714">
     <span class='ocr_line' id='line_1_107' title="bbox 452 5638 867 5714; baseline 0.005 -14"><span class='ocrx_word' id='word_1_806' title='bbox 452 5638 492 5668; x_wconf 75' lang='grc'><em>³⁵</em></span> <span class='ocrx_word' id='word_1_807' title='bbox 520 5641 673 5700; x_wconf 72' lang='lat' dir='ltr'><strong>Joan.</strong></span> <span class='ocrx_word' id='word_1_808' title='bbox 706 5662 759 5714; x_wconf 76' lang='grc' dir='ltr'><strong>κ,</strong></span> <span class='ocrx_word' id='word_1_809' title='bbox 799 5648 867 5702; x_wconf 78' lang='lat'><strong>30</strong></span> 
     </span>
    </p>
   </div>
   <div class='ocr_carea' id='block_1_107' title="bbox 2050 4459 3625 4533">
    <p class='ocr_par' dir='ltr' id='par_1_107' title="bbox 2050 4459 3625 4533">
     <span class='ocr_line' id='line_1_108' title="bbox 2050 4459 3625 4533; baseline 0.001 -21"><span class='ocrx_word' id='word_1_810' title='bbox 2050 4461 2078 4512; x_wconf 90' lang='lat'><strong>6</strong></span> <span class='ocrx_word' id='word_1_811' title='bbox 2107 4461 2205 4529; x_wconf 80' lang='grc' dir='ltr'>τῆς</span> <span class='ocrx_word' id='word_1_812' title='bbox 2233 4461 2466 4525; x_wconf 88' lang='grc' dir='ltr'>πίστεως</span> <span class='ocrx_word' id='word_1_813' title='bbox 2501 4460 2779 4532; x_wconf 83' lang='grc' dir='ltr'>καθαρεύῃ</span> <span class='ocrx_word' id='word_1_814' title='bbox 2812 4460 2987 4529; x_wconf 76' lang='grc' dir='ltr'>λόγος’</span> <span class='ocrx_word' id='word_1_815' title='bbox 3026 4462 3161 4533; x_wconf 89' lang='grc' dir='ltr'>μήτε</span> <span class='ocrx_word' id='word_1_816' title='bbox 3195 4460 3289 4513; x_wconf 78' lang='grc' dir='ltr'>τοῦ</span> <span class='ocrx_word' id='word_1_817' title='bbox 3331 4459 3625 4514; x_wconf 78' lang='grc' dir='ltr'>Σαϐελλίου</span> 
     </span>
    </p>
   </div>
   <div class='ocr_carea' id='block_1_108' title="bbox 2051 4549 3628 4623">
    <p class='ocr_par' dir='ltr' id='par_1_108' title="bbox 2051 4549 3628 4623">
     <span class='ocr_line' id='line_1_109' title="bbox 2051 4549 3628 4623; baseline 0.001 -20"><span class='ocrx_word' id='word_1_818' title='bbox 2051 4549 2234 4623; x_wconf 80' lang='grc' dir='ltr'>χώραν</span> <span class='ocrx_word' id='word_1_819' title='bbox 2255 4551 2465 4622; x_wconf 80' lang='grc' dir='ltr'>ἔχοντος</span> <span class='ocrx_word' id='word_1_820' title='bbox 2515 4556 2594 4617; x_wconf 88' lang='grc' dir='ltr'><strong>είς</strong></span> <span class='ocrx_word' id='word_1_821' title='bbox 2634 4553 2895 4623; x_wconf 87' lang='grc' dir='ltr'>σύγχυσιν</span> <span class='ocrx_word' id='word_1_822' title='bbox 2938 4553 3092 4621; x_wconf 76' lang='grc' dir='ltr'>ἄγειν</span> <span class='ocrx_word' id='word_1_823' title='bbox 3123 4551 3220 4623; x_wconf 81' lang='grc' dir='ltr'>τὴν</span> <span class='ocrx_word' id='word_1_824' title='bbox 3249 4551 3358 4604; x_wconf 89' lang='grc' dir='ltr'><strong>τῶν</strong></span> <span class='ocrx_word' id='word_1_825' title='bbox 3387 4551 3628 4604; x_wconf 80' lang='grc' dir='ltr'>ὑποστά-</span> 
     </span>
    </p>
   </div>
   <div class='ocr_carea' id='block_1_109' title="bbox 2052 4640 3627 4716">
    <p class='ocr_par' dir='ltr' id='par_1_109' title="bbox 2052 4640 3627 4716">
     <span class='ocr_line' id='line_1_110' title="bbox 2052 4640 3627 4716; baseline 0.003 -23"><span class='ocrx_word' id='word_1_826' title='bbox 2052 4657 2189 4696; x_wconf 87' lang='grc' dir='ltr'>σεων</span> <span class='ocrx_word' id='word_1_827' title='bbox 2224 4643 2456 4714; x_wconf 81' lang='grc' dir='ltr'>ἰδιότητα</span> <span class='ocrx_word' id='word_1_828' title='bbox 2475 4685 2490 4710; x_wconf 95' lang='grc'><strong>,</strong></span> <span class='ocrx_word' id='word_1_829' title='bbox 2533 4643 2779 4716; x_wconf 84' lang='grc' dir='ltr'>φανερῶς</span> <span class='ocrx_word' id='word_1_830' title='bbox 2809 4644 2902 4698; x_wconf 78' lang='grc' dir='ltr'><strong>τοῦ</strong></span> <span class='ocrx_word' id='word_1_831' title='bbox 2932 4640 3266 4712; x_wconf 80' lang='grc' dir='ltr'>Μονογενοῦς</span> <span class='ocrx_word' id='word_1_832' title='bbox 3297 4642 3487 4695; x_wconf 77' lang='grc' dir='ltr'>ἑαυτὸν</span> <span class='ocrx_word' id='word_1_833' title='bbox 3516 4644 3627 4697; x_wconf 79' lang='grc' dir='ltr'><strong>ἀπὸ</strong></span> 
     </span>
    </p>
   </div>
   <div class='ocr_carea' id='block_1_110' title="bbox 2048 4734 3627 4806">
    <p class='ocr_par' dir='ltr' id='par_1_110' title="bbox 2048 4734 3627 4806">
     <span class='ocr_line' id='line_1_111' title="bbox 2048 4734 3627 4806; baseline 0.002 -19"><span class='ocrx_word' id='word_1_834' title='bbox 2048 4734 2142 4787; x_wconf 76' lang='grc' dir='ltr'><strong>τοῦ</strong></span> <span class='ocrx_word' id='word_1_835' title='bbox 2171 4734 2380 4806; x_wconf 73' lang='grc' dir='ltr'>Πατρδς</span> <span class='ocrx_word' id='word_1_836' title='bbox 2404 4735 2793 4806; x_wconf 85' lang='grc' dir='ltr'>διακρίναντος,</span> <span class='ocrx_word' id='word_1_837' title='bbox 2834 4737 2892 4787; x_wconf 82' lang='grc' dir='ltr'>ὲν</span> <span class='ocrx_word' id='word_1_838' title='bbox 2924 4735 3000 4805; x_wconf 82' lang='grc' dir='ltr'>τῷ</span> <span class='ocrx_word' id='word_1_839' title='bbox 3032 4736 3205 4793; x_wconf 79' lang='grc' dir='ltr'>εἰπεῖν</span> <span class='ocrx_word' id='word_1_840' title='bbox 3225 4754 3238 4766; x_wconf 88' lang='grc'>·</span> <span class='ocrx_word' id='word_1_841' title='bbox 3283 4734 3430 4804; x_wconf 74' lang='grc' dir='ltr'><strong>Ἐγὼ</strong></span> <span class='ocrx_word' id='word_1_842' title='bbox 3457 4734 3556 4787; x_wconf 75' lang='grc' dir='ltr'><strong>καί</strong></span> <span class='ocrx_word' id='word_1_843' title='bbox 3591 4738 3627 4790; x_wconf 82' lang='grc' dir='ltr'><strong>ό</strong></span> 
     </span>
    </p>
   </div>
   <div class='ocr_carea' id='block_1_111' title="bbox 2051 4826 3629 4900">
    <p class='ocr_par' dir='ltr' id='par_1_111' title="bbox 2051 4826 3629 4900">
     <span class='ocr_line' id='line_1_112' title="bbox 2051 4826 3629 4900; baseline -0.002 -19"><span class='ocrx_word' id='word_1_844' title='bbox 2051 4828 2253 4896; x_wconf 83' lang='grc' dir='ltr'>Πατήρ</span> <span class='ocrx_word' id='word_1_845' title='bbox 2274 4844 2285 4857; x_wconf 87' lang='grc'><strong>·</strong></span> <span class='ocrx_word' id='word_1_846' title='bbox 2315 4829 2449 4900; x_wconf 82' lang='grc' dir='ltr'>μήτε</span> <span class='ocrx_word' id='word_1_847' title='bbox 2475 4828 2570 4883; x_wconf 78' lang='grc' dir='ltr'>τοῦ</span> <span class='ocrx_word' id='word_1_848' title='bbox 2615 4827 2822 4898; x_wconf 81' lang='grc' dir='ltr'>Ἀρείου</span> <span class='ocrx_word' id='word_1_849' title='bbox 2842 4830 2904 4881; x_wconf 85' lang='grc' dir='ltr'>τὸ</span> <span class='ocrx_word' id='word_1_850' title='bbox 2934 4826 3079 4891; x_wconf 72' lang='grc' dir='ltr'>ξένον</span> <span class='ocrx_word' id='word_1_851' title='bbox 3104 4827 3204 4897; x_wconf 82' lang='grc' dir='ltr'>τῆς</span> <span class='ocrx_word' id='word_1_852' title='bbox 3224 4827 3438 4896; x_wconf 82' lang='grc' dir='ltr'>φύσεως</span> <span class='ocrx_word' id='word_1_853' title='bbox 3465 4843 3629 4879; x_wconf 77' lang='grc' dir='ltr'>καταο</span> 
     </span>
    </p>
   </div>
   <div class='ocr_carea' id='block_1_112' title="bbox 2054 4916 3626 4990">
    <p class='ocr_par' dir='ltr' id='par_1_112' title="bbox 2054 4916 3626 4990">
     <span class='ocr_line' id='line_1_113' title="bbox 2054 4916 3626 4990; baseline -0.001 -19"><span class='ocrx_word' id='word_1_854' title='bbox 2054 4919 2341 4983; x_wconf 79' lang='grc' dir='ltr'>σκευάζειν</span> <span class='ocrx_word' id='word_1_855' title='bbox 2396 4918 2690 4990; x_wconf 77' lang='grc' dir='ltr'>ἰσχύοντος,</span> <span class='ocrx_word' id='word_1_856' title='bbox 2726 4919 2787 4974; x_wconf 90' lang='grc' dir='ltr'><strong>οὐ</strong></span> <span class='ocrx_word' id='word_1_857' title='bbox 2822 4917 3187 4990; x_wconf 84' lang='grc' dir='ltr'>προσιεμένης</span> <span class='ocrx_word' id='word_1_858' title='bbox 3215 4917 3315 4987; x_wconf 84' lang='grc' dir='ltr'><strong>τὴν</strong></span> <span class='ocrx_word' id='word_1_859' title='bbox 3344 4916 3485 4975; x_wconf 81' lang='grc' dir='ltr'><strong>κατά</strong></span> <span class='ocrx_word' id='word_1_860' title='bbox 3517 4917 3626 4985; x_wconf 86' lang='grc' dir='ltr'>φύ-</span> 
     </span>
    </p>
   </div>
   <div class='ocr_carea' id='block_1_113' title="bbox 2052 5007 3629 5083">
    <p class='ocr_par' dir='ltr' id='par_1_113' title="bbox 2052 5007 3629 5083">
     <span class='ocr_line' id='line_1_114' title="bbox 2052 5007 3629 5083; baseline -0.001 -22"><span class='ocrx_word' id='word_1_861' title='bbox 2052 5027 2135 5063; x_wconf 88' lang='grc' dir='ltr'><strong>σιν</strong></span> <span class='ocrx_word' id='word_1_862' title='bbox 2180 5009 2460 5083; x_wconf 86' lang='grc' dir='ltr'>διαίρεσιν.</span> <span class='ocrx_word' id='word_1_863' title='bbox 2501 5012 2664 5064; x_wconf 54' lang='lat' dir='ltr'><strong>mea;</strong></span> <span class='ocrx_word' id='word_1_864' title='bbox 2699 5010 2805 5081; x_wconf 78' lang='grc' dir='ltr'><strong>γὰρ</strong></span> <span class='ocrx_word' id='word_1_865' title='bbox 2834 5010 2958 5064; x_wconf 82' lang='grc' dir='ltr'>ἀλλο</span> <span class='ocrx_word' id='word_1_866' title='bbox 2990 5009 3043 5064; x_wconf 88' lang='grc' dir='ltr'><strong>τί</strong></span> <span class='ocrx_word' id='word_1_867' title='bbox 3073 5012 3219 5063; x_wconf 78' lang='grc' dir='ltr'>ἐστιν</span> <span class='ocrx_word' id='word_1_868' title='bbox 3260 5009 3318 5061; x_wconf 80' lang='grc' dir='ltr'>ὲν</span> <span class='ocrx_word' id='word_1_869' title='bbox 3361 5007 3439 5078; x_wconf 81' lang='grc' dir='ltr'><strong>τῷ</strong></span> <span class='ocrx_word' id='word_1_870' title='bbox 3480 5008 3629 5078; x_wconf 76' lang='grc' dir='ltr'>λόγῳ</span> 
     </span>
    </p>
   </div>
   <div class='ocr_carea' id='block_1_114' title="bbox 2050 5100 3628 5172">
    <p class='ocr_par' dir='ltr' id='par_1_114' title="bbox 2050 5100 3628 5172">
     <span class='ocr_line' id='line_1_115' title="bbox 2050 5100 3628 5172; baseline -0.002 -16"><span class='ocrx_word' id='word_1_871' title='bbox 2050 5103 2257 5172; x_wconf 84' lang='grc' dir='ltr'>τούτῳ,</span> <span class='ocrx_word' id='word_1_872' title='bbox 2288 5103 2348 5162; x_wconf 82' lang='grc' dir='ltr'><strong>τὸ</strong></span> <span class='ocrx_word' id='word_1_873' title='bbox 2392 5103 2479 5156; x_wconf 72' lang='grc' dir='ltr'><strong>διὰ</strong></span> <span class='ocrx_word' id='word_1_874' title='bbox 2527 5103 2625 5172; x_wconf 81' lang='grc' dir='ltr'>τῆς</span> <span class='ocrx_word' id='word_1_875' title='bbox 2669 5103 2916 5172; x_wconf 79' lang='grc' dir='ltr'>ἑνότητος</span> <span class='ocrx_word' id='word_1_876' title='bbox 2956 5103 3046 5163; x_wconf 78' lang='grc' dir='ltr'>ἐπὶ</span> <span class='ocrx_word' id='word_1_877' title='bbox 3093 5100 3307 5171; x_wconf 80' lang='grc' dir='ltr'>Πατρδς</span> <span class='ocrx_word' id='word_1_878' title='bbox 3355 5100 3449 5153; x_wconf 79' lang='grc' dir='ltr'><strong>καὶ</strong></span> <span class='ocrx_word' id='word_1_879' title='bbox 3494 5100 3628 5153; x_wconf 87' lang='grc' dir='ltr'><strong>Υίοῦ</strong></span> 
     </span>
    </p>
   </div>
   <div class='ocr_carea' id='block_1_115' title="bbox 2052 5189 3625 5265">
    <p class='ocr_par' dir='ltr' id='par_1_115' title="bbox 2052 5189 3625 5265">
     <span class='ocr_line' id='line_1_116' title="bbox 2052 5189 3625 5265; baseline -0.001 -20"><span class='ocrx_word' id='word_1_880' title='bbox 2052 5193 2464 5264; x_wconf 86' lang='grc' dir='ltr'>σημαινόμενον,</span> <span class='ocrx_word' id='word_1_881' title='bbox 2498 5194 2635 5265; x_wconf 78' lang='grc' dir='ltr'>πλὴν</span> <span class='ocrx_word' id='word_1_882' title='bbox 2668 5194 2810 5248; x_wconf 81' lang='grc' dir='ltr'>κατὰ</span> <span class='ocrx_word' id='word_1_883' title='bbox 2834 5194 2932 5265; x_wconf 79' lang='grc' dir='ltr'><strong>τὴν</strong></span> <span class='ocrx_word' id='word_1_884' title='bbox 2968 5193 3153 5246; x_wconf 78' lang='grc' dir='ltr'>οὐσίαν</span> <span class='ocrx_word' id='word_1_885' title='bbox 3178 5191 3348 5261; x_wconf 84' lang='grc' dir='ltr'>αὐτήν</span> <span class='ocrx_word' id='word_1_886' title='bbox 3367 5208 3381 5222; x_wconf 91' lang='grc'><strong>·</strong></span> <span class='ocrx_word' id='word_1_887' title='bbox 3411 5189 3480 5244; x_wconf 71' lang='grc' dir='ltr'>τὰ</span> <span class='ocrx_word' id='word_1_888' title='bbox 3516 5190 3625 5259; x_wconf 80' lang='grc' dir='ltr'>γὰρ</span> 
     </span>
    </p>
   </div>
   <div class='ocr_carea' id='block_1_116' title="bbox 2048 5281 3627 5357">
    <p class='ocr_par' dir='ltr' id='par_1_116' title="bbox 2048 5281 3627 5357">
     <span class='ocr_line' id='line_1_117' title="bbox 2048 5281 3627 5357; baseline -0.001 -21"><span class='ocrx_word' id='word_1_889' title='bbox 2048 5284 2209 5338; x_wconf 74' lang='grc' dir='ltr'>λοιπὰ</span> <span class='ocrx_word' id='word_1_890' title='bbox 2242 5285 2347 5340; x_wconf 89' lang='grc' dir='ltr'><strong>τῶν</strong></span> <span class='ocrx_word' id='word_1_891' title='bbox 2392 5287 2610 5354; x_wconf 85' lang='grc' dir='ltr'>ἀγαθῶν</span> <span class='ocrx_word' id='word_1_892' title='bbox 2644 5287 2745 5341; x_wconf 84' lang='grc' dir='ltr'>ὅσα</span> <span class='ocrx_word' id='word_1_893' title='bbox 2779 5287 3156 5357; x_wconf 77' lang='grc' dir='ltr'>ἐπιθεωρεῖται</span> <span class='ocrx_word' id='word_1_894' title='bbox 3184 5286 3250 5355; x_wconf 75' lang='grc' dir='ltr'><strong>τῇ</strong></span> <span class='ocrx_word' id='word_1_895' title='bbox 3280 5283 3440 5352; x_wconf 89' lang='grc' dir='ltr'>φύσει</span> <span class='ocrx_word' id='word_1_896' title='bbox 3471 5281 3627 5335; x_wconf 80' lang='grc' dir='ltr'>κοινὰ</span> 
     </span>
    </p>
   </div>
   <div class='ocr_carea' id='block_1_117' title="bbox 2050 5376 3626 5447">
    <p class='ocr_par' dir='ltr' id='par_1_117' title="bbox 2050 5376 3626 5447">
     <span class='ocr_line' id='line_1_118' title="bbox 2050 5376 3626 5447; baseline -0.004 -18"><span class='ocrx_word' id='word_1_897' title='bbox 2050 5379 2367 5447; x_wconf 85' lang='grc' dir='ltr'>προκεῖσθαι</span> <span class='ocrx_word' id='word_1_898' title='bbox 2399 5380 2562 5432; x_wconf 78' lang='grc' dir='ltr'>πᾶσιν</span> <span class='ocrx_word' id='word_1_899' title='bbox 2591 5379 2758 5433; x_wconf 83' lang='grc' dir='ltr'>εἰπών</span> <span class='ocrx_word' id='word_1_900' title='bbox 2782 5396 2884 5443; x_wconf 87' lang='grc' dir='ltr'>τις,</span> <span class='ocrx_word' id='word_1_901' title='bbox 2917 5379 3009 5432; x_wconf 76' lang='grc' dir='ltr'><strong>καὶ</strong></span> <span class='ocrx_word' id='word_1_902' title='bbox 3035 5380 3147 5442; x_wconf 82' lang='grc' dir='ltr'>τοῖς</span> <span class='ocrx_word' id='word_1_903' title='bbox 3170 5376 3255 5430; x_wconf 75' lang='grc' dir='ltr'>διὰ</span> <span class='ocrx_word' id='word_1_904' title='bbox 3281 5376 3512 5437; x_wconf 89' lang='grc' dir='ltr'>κτίσεως</span> <span class='ocrx_word' id='word_1_905' title='bbox 3539 5388 3626 5441; x_wconf 85' lang='grc' dir='ltr'>γε-</span> 
     </span>
    </p>
   </div>
   <div class='ocr_carea' id='block_1_118' title="bbox 2051 5468 3623 5549">
    <p class='ocr_par' dir='ltr' id='par_1_118' title="bbox 2051 5468 3623 5549">
     <span class='ocr_line' id='line_1_119' title="bbox 2051 5468 3623 5549; baseline -0.001 -22"><span class='ocrx_word' id='word_1_906' title='bbox 2051 5480 2386 5548; x_wconf 84' lang='grc' dir='ltr'>γενημένοις,</span> <span class='ocrx_word' id='word_1_907' title='bbox 2421 5480 2516 5548; x_wconf 72' lang='grc' dir='ltr'><strong>οὐχ</strong></span> <span class='ocrx_word' id='word_1_908' title='bbox 2558 5477 2950 5549; x_wconf 82' lang='grc' dir='ltr'>ἁμαρτήσεται.</span> <span class='ocrx_word' id='word_1_909' title='bbox 2999 5470 3123 5529; x_wconf 76' lang='grc' dir='ltr'>Οἷον</span> <span class='ocrx_word' id='word_1_910' title='bbox 3170 5474 3484 5543; x_wconf 72' lang='grc' dir='ltr'>οἰκτίρμων</span> <span class='ocrx_word' id='word_1_911' title='bbox 3521 5468 3623 5527; x_wconf 70' lang='grc' dir='ltr'><strong>καί</strong></span> 
     </span>
    </p>
   </div>
  </div>
