4068 6148
356 266 462 323 ωε

1479 274 1756 330 CONTRA
1793 273 2184 345 EUNOM-IUM,
2225 280 2351 335 LIB.
2388 280 2433 335 Ι.

3514 288 3623 345 4οἃ

360 386 632 476 ἐλεήμωιο
670 387 710 476 ,ἑ
762 386 963 457 Κύριος
1016 390 1167 462 παρὰ
1217 392 1311 444 τοῦ
1359 388 1641 464 Προφήτου
1694 395 1932 464 λέγεται.

2044 405 2152 452 ιιιιιι
2184 407 2288 465 est,
2321 400 2424 457 nisi
2455 402 2713 457 essentiae
2747 416 2842 457 seu
2876 410 3084 456 naturae
3116 410 3297 459 unitas
3335 424 3347 459 :
3380 403 3617 476 reliquas

356 477 541 530 Ταῦτα
585 474 831 545 βούλεται
868 478 1028 533 πάλιν
1060 481 1089 531 ὁ
1126 480 1330 548 Κύριος
1374 483 1469 537 καὶ
1497 486 1645 554 ἡμᾶς
1695 484 1973 554 γίνεσθαι“

356 560 462 620 καί
484 567 845 637 ὀνομάζεσθαι
870 584 883 597 ³
932 570 1187 625 Γίνεσθε
1232 574 1339 644 γὰρ
1380 576 1777 642 οἰκτίρμονες,
1819 577 1930 641 καὶ,

357 658 647 727 Μακάριοι
674 662 730 714 οἱ
764 660 1109 730 ἐλεήμονες,
1145 664 1239 717 καὶ
1270 666 1371 719 ὅσα
1397 666 1638 719 τοιαῦτα.
1665 662 1791 736 'Ap’
1820 663 1935 733 οῦν,

357 746 512 810 εἴτις
541 746 630 800 διὰ
666 748 941 818 προσοχῆς
982 750 1075 803 καὶ
1117 752 1428 822 ἐπιμελείας
1466 752 1544 824 τῷ
1584 754 1714 825 θείῳ
1746 754 1938 825 βουλή-

360 855 488 908 ματι
540 838 735 893 ἑαυτὸν
789 840 1102 910 ὁμοιώσας,
1151 843 1353 911 ἀγαθὸς
1404 844 1437 915 ἢ
1494 846 1793 916 οἰκτίρμων
1844 850 1937 903 καὶ

356 929 603 999 ἐλεήμων
633 928 876 997 ἐγένετο,
915 930 947 1000 ἢ
980 933 1152 1002 πρᾷος
1190 933 1283 987 καὶ
1323 934 1574 998 ταπεινὸς
1610 938 1675 1005 τῇ
1717 934 1933 1006 καρδία,

355 1019 535 1083 καθὼς
564 1020 1016 1092 μεμαρτύρηνται
1038 1023 1221 1077 πολλοὶ
1253 1024 1360 1077 τῶν
1388 1024 1557 1094 ἁγίων
1581 1026 1639 1076 ὲν
1666 1026 1777 1088 τοῖς
1804 1041 1936 1095 προ-

355 1113 627 1182 τερήμασι
651 1112 858 1174 τούτοις
885 1114 1182 1183 γενόμενοι·
1216 1114 1365 1187 παρὰ
1391 1116 1545 1170 τοῦτο
1571 1116 1630 1171 ἓν
1656 1118 1762 1169 εἰσι
1795 1116 1929 1186 πρὸς

356 1202 445 1255 τὸν
476 1201 629 1264 Θεὸν,
663 1201 695 1271 ἢ
742 1202 832 1255 διά
875 1220 1020 1266 τινος
1050 1204 1252 1259 τούτων
1299 1205 1433 1276 πρὸς
1466 1207 1625 1260 αὐτὸν
1666 1207 1939 1260 συναπτό-

364 1310 547 1363 μενοις
585 1295 699 1348 Οὐκ
734 1294 870 1349 ἐστι.
918 1296 992 1348 Τὸ
1032 1297 1139 1367 γὰρ
1194 1298 1271 1368 μὴ
1327 1299 1385 1351 ἐν
1435 1300 1568 1352 πᾶσι
1606 1298 1821 1364 ταύτὸν,
1877 1296 1935 1350 ἓν

362 1379 499 1438 εἶναι
521 1387 655 1455 πρὸς
674 1386 765 1439 τὸν
792 1389 858 1457 τῇ
891 1387 1048 1455 φύσει
1067 1387 1455 1458 διηλλαγμένον
1477 1390 1535 1442 ού
1563 1389 1804 1443 δύναται.
1837 1388 1937 1441 Διὰ

361 1476 517 1528 τοῦτο
547 1475 825 1547 ἄνθρωπος
866 1476 1002 1547 πρὸς
1029 1477 1311 1548 ἄνθρωπον
1343 1478 1400 1532 ἓν
1424 1479 1651 1548 γίνεται,
1683 1479 1811 1531 ὅταν
1845 1476 1938 1531 διὰ

363 1569 749 1639 προαιρέσεως,
778 1570 957 1635 καθὼς
979 1567 1129 1624 εἶπεν
1153 1572 1181 1623 ὁ
1204 1570 1409 1641 Κύριος
1425 1613 1438 1637 ,
1462 1570 1817 1624 τελειωθῶσιν
1850 1570 1930 1632 εἰς

359 1660 420 1711 τὸ
457 1659 534 1722 ἓν,
586 1661 682 1731 τῆς
710 1663 943 1735 φυσικῆς
977 1662 1267 1732 συναφείας
1302 1663 1403 1734 τὴν
1443 1663 1579 1715 κατὰ
1616 1660 1929 1731 προαίρεσιν

2040 491 2185 545 enim
2226 507 2419 548 omnes
2449 493 2782 556 aﬂ‘ectiones,
2816 509 2936 563 quae
2970 494 3023 547 in
3045 502 3244 549 natura
3278 496 3458 552 inesse
3483 513 3613 553 cer-

2040 592 2262 649 nuntur,
2289 584 2335 639 si
2362 586 2486 653 quis
2519 586 2681 639 etiam
2716 584 2878 639 rebus
2905 584 3105 640 creatis
3140 598 3460 642 communes
3495 601 3621 643 esse

2038 671 2204 739 dicat,
2240 689 2348 728 non
2378 675 2675 729 aberrahit.
2712 672 2875 730 Verbi
2907 675 3102 744 gratia,
3140 673 3405 732 Dominus
3432 676 3617 748 appel-

2039 762 2182 817 latur
2196 776 2227 817 a
2244 763 2568 835 Propheta"
2602 765 2879 818 miserator
2892 776 2942 819 et
2964 766 3282 821 misericors.
3307 768 3371 822 At
3397 767 3532 828 haec,
3560 777 3619 823 ut

2037 852 2357 922 elliciamur,
2388 864 2441 909 et
2473 856 2827 925 appellemur,
2888 855 3151 913 Dominus
3195 860 3472 929 praecepit.
3509 858 3616 914 Es-

2039 952 2164 1013 tote,
2189 947 2388 1017 inquit,
2404 944 2836 1009 misericordes",
2854 954 2933 1002 et:
2948 940 3102 997 Beati
3118 949 3547 1017 misericordes“,
3564 959 3619 1005 et

2039 1038 2089 1091 id
2115 1052 2287 1107 genus
2336 1038 2464 1092 alia.
2500 1038 2557 1092 Si
2610 1038 2775 1109 igitur
2815 1037 3021 1108 aliquis
3075 1040 3345 1096 industria
3399 1053 3452 1097 et
3487 1058 3618 1098 cura

2043 1144 2166 1184 cum
2197 1129 2384 1185 divina
2404 1130 2681 1186 voluntate
2708 1128 2769 1187 Se
2802 1131 3177 1198 conformans,
3204 1136 3381 1192 bonus
3405 1142 3498 1189 aut
3524 1136 3621 1189 mi-

2037 1227 2267 1286 serator,
2295 1229 2388 1276 aut
2420 1221 2739 1278 misericors
2768 1224 2962 1289 evasit,
3020 1233 3116 1278 aut
3173 1227 3344 1290 mitis,
3390 1236 3484 1280 aut
3518 1226 3622 1280 hu-

2035 1312 2182 1368 milis
2232 1313 2420 1379 corde,
2456 1322 2622 1383 prout
2649 1314 2805 1369 multi
2840 1330 2905 1370 ex
2948 1324 3265 1371 sanctorum
3303 1331 3535 1371 numero
3564 1317 3618 1371 in

2037 1405 2121 1461 his
2161 1407 2383 1462 dotibus
2417 1408 2748 1464 excellentes
2798 1417 3096 1476 testantur,
3122 1425 3251 1463 nu-m
3290 1409 3411 1465 ideo
3447 1426 3618 1465 unum

2040 1505 2312 1552 suntcum
2345 1496 2472 1563 Deo,
2498 1506 2591 1552 aut
2611 1514 2709 1569 per
2730 1500 2968 1571 aliquam
3000 1517 3063 1555 ex
3098 1500 3191 1555 his
3241 1500 3464 1559 dotibus
3493 1517 3617 1556 cum

2041 1589 2161 1659 ipso
2190 1588 2474 1659 copulati?
2527 1587 2699 1645 Secus
2728 1606 2788 1646 se
2826 1606 2912 1647 res
2942 1592 3122 1647 habet.
3156 1590 3291 1645 Nam
3330 1592 3475 1661 quod
3507 1606 3621 1646 non

2039 1682 2092 1735 in
2114 1678 2369 1735 omnibus
2400 1695 2567 1734 unum
2598 1690 2701 1745 est,
2738 1681 2882 1735 haud
2908 1688 3085 1751 potest
3110 1696 3277 1736 unum
3338 1696 3463 1736 esse
3492 1696 3618 1735 cum

360 1752 586 1823 ἑνότητα
614 1754 1049 1827 προσλαϐούσης.
1074 1757 1183 1809 Ka't
1211 1758 1242 1809 ό
1288 1753 1477 1824 Πατὴρ
1521 1752 1615 1805 καὶ
1650 1754 1678 1805 ὁ
1722 1752 1848 1815 Υίὸς
1876 1752 1934 1804 ἓν

2044 1771 2208 1825 altero
2240 1779 2438 1825 natura
2469 1786 2499 1824 a
2526 1786 2585 1827 se
2613 1772 2893 1828 distincto.
2908 1747 3274 1843 'QuaprOpter
3300 1771 3466 1827 homo
3490 1788 3620 1827 cum

360 1845 465 1897 εἰσι
489 1887 503 1908 ,
552 1849 652 1915 τῆς
688 1846 828 1900 κατὰ
863 1848 960 1919 τὴν
996 1847 1155 1916 φύσιν
1186 1847 1277 1899 καὶ
1321 1845 1417 1916 τὴν
1459 1844 1775 1915 προαίρεσιν
1821 1861 1933 1896 κοι-

360 1937 553 1999 νωνίας
584 1940 663 2001 εἰς
711 1938 770 1991 τὸ
801 1939 859 1992 ἒν
893 1940 1321 2012 συνδραμούσης.
1369 1943 1432 1995 Et
1461 1940 1517 1994 δὲ
1549 1940 1628 2011 τῷ
1673 1939 1936 2009 θελήματι

362 2028 509 2096 μόνῳ
551 2030 994 2099 συνηρμοσμένος
1032 2031 1172 2085 κατὰ
1204 2032 1303 2102 τὴν
1347 2032 1507 2099 φύσιν
1535 2031 1775 2107 διῄρητο,
1822 2028 1937 2092 πῶς

358 2118 659 2189 ἐμαρτύρει
702 2120 875 2189 ἑαυτῷ
908 2121 1003 2191 τὴν
1044 2123 1179 2191 πρὸς
1216 2124 1307 2176 τὸν
1352 2123 1572 2194 Πατέρα
1609 2122 1832 2190 ἑνότητα
1859 2118 1941 2190 τῷ

360 2211 680 2280 κυριωτάτῳ
709 2210 1117 2281 διεηισμένος;

2032 1860 2255 1915 homine
2287 1876 2456 1916 unum
2500 1860 2581 1927 iit,
2624 1861 2847 1932 quando
2880 1876 2974 1931 per
3023 1862 3380 1925 voluntatem,
3419 1872 3477 1916 ut
3509 1861 3619 1917 Do-

2032 1953 2215 2010 minus
2239 1956 2338 2020 ait,
2378 1954 2436 2007 in
2469 1969 2639 2007 unum
2673 1962 3150 2017 consummantur,
3190 1961 3244 2007 et
3278 1954 3615 2015 coalescunt,

2034 2045 2272 2099 naturali
2299 2041 2688 2112 conjunctione
2718 2044 3005 2107 unitatem,
3029 2057 3151 2112 qua:
3168 2057 3263 2112 per
3284 2043 3616 2097 voluntatem

2034 2145 2138 2195 est,
2168 2135 2546 2189 antecedente.
2569 2132 2637 2186 At
2666 2131 2835 2187 Pater
2852 2143 2904 2188 et
2930 2132 3099 2188 Filius
3131 2148 3303 2187 unum
3342 2142 3495 2195 sunt,
3530 2147 3617 2195 ea,

2040 2239 2162 2295 quae
2200 2222 2501 2279 secundum
2550 2230 2827 2289 naturam,
2854 2231 2909 2277 et
2943 2236 3009 2277 ea
3043 2237 3164 2292 quae
3194 2222 3495 2277 secundum
3524 2234 3619 2272 vo-

360 2306 624 2359 luntatcm
656 2314 738 2360 est
774 2306 1158 2361 communione
1188 2306 1241 2361 in
1269 2307 1411 2363 idem
1450 2324 1834 2371 concurrente.
1870 2314 1928 2370 Si
1968 2331 2099 2371 vero
2128 2317 2246 2373 sola
2278 2317 2556 2371 voluntate
2583 2316 2792 2379 unitus,
2826 2321 3024 2368 natura
3082 2330 3113 2368 a
3141 2312 3302 2368 Patre
3358 2311 3617 2366 diversus

358 2410 463 2465 est,
525 2403 801 2471 quomodo
834 2402 1083 2456 attribuit
1117 2403 1219 2459 sibi
1274 2404 1536 2461 unitatem
1591 2425 1713 2464 cum
1741 2411 1923 2478 Patre,
1965 2394 2249 2482 seiunctus
2281 2414 2339 2468 in
2369 2428 2435 2467 eo
2475 2412 2639 2481 .quod
2671 2412 2911 2465 maxime
2939 2411 3220 2480 prOprium
3243 2409 3370 2464 est?

442 2498 801 2561 Ἀκούσαντες
852 2497 1052 2564 τοίνυν,
1099 2499 1180 2550 ὅτι
1222 2499 1369 2567 Ἐγὼ
1418 2484 1591 2558 καλό
1636 2506 1840 2575 Πατὴρ
1865 2507 1936 2561 ἓν

360 2594 566 2660 ἐσμεν,
600 2590 661 2643 τό
694 2608 751 2643 τε
779 2589 838 2654 ἐξ
864 2590 1036 2665 αἰτίου
1083 2590 1174 2642 τὸν
1208 2591 1410 2660 Κύριον
1444 2594 1541 2647 καὶ
1581 2596 1643 2648 τὸ
1679 2599 1821 2651 κατὰ
1842 2599 1939 2668 τὴν

361 2685 519 2753 φύσιν
546 2683 963 2753 ἀπαράλλακτον
992 2683 1084 2735 τοῦ
1119 2682 1248 2735 Υίοῦ
1294 2684 1388 2736 καὶ
1417 2685 1511 2738 τοῦ
1548 2688 1758 2759 Πατρὸς
1787 2691 1941 2743 ἐπαι-

363 2776 627 2845 δεύθημεν
656 2779 721 2828 ἐκ
756 2775 856 2843 τῆς
888 2774 1097 2844 φωνῆς,
1129 2774 1227 2826 οὐκ
1251 2776 1329 2837 εἰς
1366 2774 1494 2841 μίαν
1528 2778 1822 2833 ὑπόστασιν
1841 2782 1940 2852 τὴν

372 2870 495 2937 περὶ
516 2868 688 2920 αὐτῶν
724 2868 930 2919 ἔννοιαν
960 2865 1383 2933 συναλείφοντες,
1414 2867 1549 2920 ἀλλὰ
1578 2869 1939 2936 φυλάσσοντες

374 2958 470 3027 μὲν
497 2957 827 3028 διῃρημένην
878 2957 978 3026 τὴν
1029 2956 1138 3007 τῶν
1191 2957 1544 3010 ὑποστάσεων
1581 2959 1838 3027 ἰδιότητα,
1879 2961 1938 3014 οὐ

368 3049 795 3123 συνδιαιροῦντες
826 3048 883 3100 δὲ
904 3051 1013 3111 τοῖς
1040 3047 1353 3119 προσώποις
1374 3048 1471 3118 τὴν
1491 3050 1587 3119 τῆς
1617 3051 1805 3114 οὐσίας
1826 3053 1939 3104 ἑνό-

360 3158 519 3211 τητα,
557 3141 633 3202 ὼς
653 3140 718 3192 ἂν
755 3138 829 3209 μὴ
858 3138 950 3191 δύο
995 3139 1279 3208 ἑτερογενῆ
1314 3140 1615 3209 πράγματα
1649 3142 1706 3192 ἐν
1733 3139 1812 3210 τῷ
1839 3142 1941 3211 τῆς

358 3235 534 3305 ἀρχῆς
565 3233 710 3302 λόγῳ
753 3231 1203 3300 ὑπολαμϐάνοιτο,
1244 3232 1337 3283 καὶ
1376 3230 1466 3283 διὰ
1502 3231 1659 3284 τοῦτο
1708 3232 1940 3304 πάροδον
1969 3216 2009 3274 C

358 3326 513 3379 λάϐοι
531 3324 642 3377 τῶν
682 3324 993 3393 Μανιχαίων
1021 3322 1081 3375 τὸ
1110 3323 1284 3392 δόγμα
1312 3341 1325 3354 ⁸
1354 3324 1414 3375 τὸ
1440 3322 1548 3394 γὰρ
1576 3325 1811 3391 κτιστὸν,
1847 3326 1942 3379 καὶ

358 3418 420 3472 τὸ
452 3418 730 3481 ἄκτιστον,
769 3417 833 3467 ὲκ
872 3414 1160 3485 διαμέτρου
1194 3415 1327 3486 πρὸς
1363 3415 1567 3485 ἄλληλα
1590 3416 1687 3487 τὴν
1716 3417 1857 3470 κατὰ
1884 3417 1943 3469 τὸ

360 3509 763 3581 σημαινόμενον
817 3506 1131 3559 ἐναντίωσιν
1181 3506 1314 3577 ἔχει.
1365 3508 1427 3559 Εἰ
1475 3503 1567 3561 οῦν
1612 3507 1789 3561 τάδύο
1826 3508 1943 3570 ταῖς

358 3603 557 3672 ἀρχαῖς
590 3597 834 3666 ταχθείη,
858 3596 998 3650 κατὰ
1022 3597 1080 3650 τὸ
1107 3597 1325 3665 λεληθὸς
1361 3598 1493 3666 ἡμῖν
1516 3600 1545 3650 ὁ
1570 3596 1943 3667 Μανιχαῖσμὸς

358 3694 441 3755 εἰς
471 3693 570 3761 τὴν
628 3688 954 3758 Ἐκκλησίαν
989 3686 1082 3740 τοῦ
1129 3687 1264 3739 Θεοῦ
1312 3687 1757 3758 εἰσφθαρήσεται.
1788 3687 1947 3754 Λέγω

357 3785 417 3837 δὲ
449 3780 651 3843 ταῦτα,
692 3778 840 3850 ζήλῳ
876 3777 983 3831 τῶν
1015 3777 1270 3831 ἐναντίων
1304 3777 1723 3847 περιεργότερον
1754 3772 1945 3837 κατεξ-

361 3875 574 3938 ετάςων
607 3872 699 3924 τὸν
740 3870 919 3938 λόγον.
948 3870 1058 3922 Καὶ
1108 3867 1281 3931 οὐδεὶς
1316 3867 1381 3920 ἂν
1421 3868 1549 3928 ἴσως
1571 3865 1832 3929 ἀντείποι,
1873 3864 1949 3934 μὴ

360 3968 531 4034 ἐγγὺς
561 3962 655 4016 τοῦ
676 3961 883 4023 εἰκότος
907 3961 1004 4029 τὴν
1030 3959 1260 4029 θεωρίαν
1291 3956 1628 4029 προάγεσθαι
1649 3974 1661 3987 ο
1690 3958 1772 4009 ὅτι
1798 3956 1948 4009 δυνα-

360 4057 461 4111 τοῦ
482 4057 636 4117 ὄντος
668 4052 761 4107 τοῦ
794 4051 1010 4105 κτιστοῦ
1033 4051 1172 4103 κατὰ
1191 4052 1252 4117 τὸ
1275 4046 1391 4102 ῐσον
1413 4049 1490 4119 τῷ
1511 4048 1771 4117 ἀκτίστῳ,
1799 4050 1949 4101 ἀντι-

366 4148 628 4221 στήσεται
654 4164 769 4209 πως
792 4146 852 4197 τὸ
879 4143 1263 4214 ὲτερογενὲςτῇ
1295 4141 1453 4211 φύσει
1479 4141 1557 4211 τῷ
1588 4140 1661 4211 μὴ
1690 4138 1950 4202 ὡσαύτως

363 4245 567 4315 ἔχοντι.
593 4240 702 4293 Καὶ
722 4239 827 4299 ἕως
858 4237 924 4291 ἂν
958 4236 1239 4307 μηθετέρῳ
1266 4234 1445 4287 αὐτῶν
1475 4234 1700 4305 ἐπιλίπῃ
1733 4232 1949 4304 ἡδύνα-

2109 2507 2245 2562 Cum
2280 2507 2443 2578 igitur
2484 2507 2739 2561 audimus
2784 2505 2949 2559 illud:
3002 2502 3117 2573 Ego
3163 2513 3211 2556 et
3245 2501 3411 2555 Pater
3458 2516 3618 2554 unum

2040 2614 2257 2655 sumus:
2319 2608 2371 2653 ct
2416 2598 2614 2652 Filium
2663 2612 2693 2650 ιι
2736 2596 3007 2666 principio
3053 2610 3197 2659 esse,
3254 2602 3308 2649 et
3348 2593 3526 2648 Patris
3565 2600 3621 2647 et

2041 2690 2163 2745 Filii
2194 2690 2573 2745 invariabilem
2612 2688 2668 2742 in
2696 2695 2892 2741 natura
2917 2687 3181 2740 unitatem
3207 2685 3617 2754 cognoscimus,

2042 2798 2151 2838 non
2181 2781 2327 2852 quod
2370 2783 2425 2834 in
2470 2794 2634 2833 unam
2676 2776 2998 2848 hypostasin
3028 2776 3151 2830 illos
3198 2774 3622 2835 contrahamus,

2047 2872 2143 2926 sed
2192 2871 2319 2942 quia
2360 2880 2574 2925 servata
2629 2868 2805 2923 divisa
2854 2879 3214 2937 personarum
3266 2864 3620 2936 proprietate,

2045 2978 2169 3015 cum
2223 2961 2475 3030 personis
2521 2959 2785 3015 unitatem
2835 2957 3091 3014 essentia
3140 2972 3249 3012 non
3303 2955 3621 3021 dividimus,

2046 3069 2114 3107 ne
2142 3052 2268 3121 quis
2295 3052 2495 3108 diversi
2525 3052 2742 3121 generis
2768 3050 2908 3105 duas
2938 3066 3027 3105 res
3067 3065 3165 3119 pro
3194 3048 3476 3119 principiis
3500 3062 3622 3101 con-

2046 3146 2261 3213 stituat,
2296 3153 2348 3201 et
2376 3147 2451 3199 ita
2496 3143 2922 3197 Manichaeorum
2957 3150 3120 3198 secta:
3168 3140 3463 3194 fenestram
3499 3154 3623 3209 ape-

2042 3237 2188 3291 riat:
2254 3251 2382 3290 nam
2419 3242 2661 3289 creatum
2710 3240 2764 3287 et
2793 3232 3096 3285 inereatum
3128 3245 3194 3284 ex
3233 3228 3505 3283 diametro
3534 3242 3623 3282 se-

2041 3328 2286 3383 cundum
2344 3325 2797 3397 signiﬁcationem
2855 3322 2959 3377 sibi
3008 3320 3242 3373 invicem
3297 3324 3621 3387 repugnant.

2042 3420 2100 3474 Si
2147 3420 2313 3490 igitur
2341 3417 2454 3471 duo
2490 3416 2543 3469 in
2576 3413 2862 3484 principiis
2912 3417 3289 3475 numerentur,
3334 3409 3537 3464 sensim
3568 3414 3625 3463 et

2041 3513 2207 3566 tacite
2239 3509 2687 3563 Manichaaismus
2716 3507 2770 3559 in
2796 3503 3096 3559 Ecclesiam
3124 3502 3342 3569 irrepet.
3381 3498 3491 3554 lsta
3527 3512 3626 3551 au-

2044 3612 2153 3656 tem
2202 3600 2349 3664 dico,
2388 3610 2443 3654 et
2496 3597 2812 3651 accuratius
2868 3592 3131 3646 doctrinae
3197 3585 3361 3660 hujus
3424 3602 3625 3641 arcana

2044 3692 2303 3756 discutio,
2358 3691 2509 3759 justo
2567 3690 2622 3742 in
2665 3686 3016 3741 adversarios
3067 3684 3185 3739 zelo
3235 3680 3529 3751 impulsus.
3559 3678 3627 3733 Et

2046 3784 2187 3839 forte
2224 3782 2350 3852 quis
2380 3780 2526 3834 haud
2561 3786 2784 3848 gravate
2812 3776 3074 3831 fatebitur
3122 3771 3625 3828 considerationem

2048 3883 2293 3929 nostram
2342 3869 2827 3926 verisimilitudine
2872 3865 3014 3919 haud
3046 3878 3268 3919 carere:
3326 3861 3473 3931 quia.
3498 3872 3625 3913 cum

2045 3973 2291 4022 creatum
2349 3963 2591 4032 potentia
2648 3960 2847 4023 valeat,
2904 3957 3078 4028 aequis
3124 3954 3336 4008 viribus
3385 3953 3627 4006 increato

2046 4054 2427 4117 reluctabitur,
2488 4060 2749 4120 tanquam
2796 4048 3075 4103 diversum
3106 4051 3326 4104 natura,
3376 4039 3448 4101 ei,
3480 4037 3625 4105 quod

2048 4162 2234 4203 secum
2260 4147 2317 4200 in
2346 4151 2541 4199 natura
2578 4157 2689 4196 non
2713 4139 2991 4200 convenit,
3012 4145 3065 4191 et
3089 4147 3378 4205 quousque
3408 4128 3628 4197 utrique

2048 4239 2266 4292 illorum
2295 4236 2441 4290 vires
2474 4239 2793 4303 suppetunt,
2836 4230 2888 4283 in
2933 4221 3389 4282 irreconciliahile
3421 4218 3625 4273 bellum

368 4312 489 4411 μις,
539 4338 620 4400 εἰς
668 4332 994 4403 ἀσύμφωνόν
1020 4348 1139 4383 τινα
1164 4330 1351 4384 στάσιν
1392 4330 1525 4399 πρὸς
1547 4327 1752 4398 ἄλληλα
1772 4326 1840 4379 τὰ
1860 4325 1944 4379 δύο

2051 4330 2161 4383 duo
2214 4328 2322 4381 ista
2360 4324 2625 4379 incident.
2677 4319 2999 4376 Necessario
3038 4317 3182 4370 enim
3225 4312 3502 4368 fatendum
3546 4319 3630 4366 est

364 4428 796 4499 διενεχθήσεται.
847 4424 1003 4477 Πᾶσα
1033 4422 1142 4491 γάρ
1172 4420 1383 4490 ἀνάγκη
1418 4419 1750 4488 κατάλληλον
1788 4413 1949 4480 εἶναι,

2053 4419 2389 4472 voluntatem
2447 4423 2871 4469 consentaneam
2922 4417 2977 4464 et
3022 4405 3359 4462 conformem
3416 4408 3631 4457 naturae

368 4526 467 4579 καὶ
495 4494 703 4575 dixe-(av
726 4516 1006 4588 ὁμολογεῖν
1037 4516 1103 4584 τῇ
1136 4513 1295 4582 φύσει
1336 4515 1431 4565 καὶ
1470 4512 1567 4582 τὴν
1601 4512 1944 4580 προαίρεσιν·

2054 4526 2204 4565 esse:
2241 4518 2295 4563 et
2320 4508 2367 4562 si
2395 4522 2516 4576 quae
2545 4506 2601 4559 in
2633 4512 2829 4557 natura
2854 4516 2962 4555 non
2987 4497 3333 4559 conveniant,
3362 4495 3418 4549 in
3443 4494 3631 4549 volun-

369 4618 468 4671 καὶ
506 4616 555 4667 εἰ
582 4610 853 4680 ἀνομοίως
869 4606 1039 4676 ἔχοιεν
1056 4604 1196 4658 κατὰ
1214 4605 1313 4674 τὴν
1327 4602 1508 4672 φύσιν,
1536 4602 1763 4671 ἀνόμοια
1807 4595 1949 4652 εἶναι

371 4710 466 4763 καὶ
486 4707 554 4760 τά
577 4704 861 4774 θελήματα
878 4720 889 4731 ·
914 4701 1013 4769 τῆς
1044 4699 1100 4752 δὲ
1123 4697 1402 4767 δυνάμεως
1430 4697 1512 4764 ἐφ’
1539 4695 1812 4763 ἑκατέρων
1831 4696 1950 4745 lxa-

372 4801 478 4862 νὼς
511 4796 767 4867 ἐχούσης,
814 4791 1094 4861 οὐδέτερον
1137 4790 1386 4857 ἀτονήσει
1437 4786 1572 4855 πρὸς
1616 4784 1714 4854 τὴν
1743 4785 1948 4853 ἐκπλή-

374 4910 542 4965 ρωσιν
572 4888 667 4942 τοῦ
693 4886 822 4941 ἰδίου
852 4885 1180 4953 θελήματος⁹
1223 4882 1316 4934 καὶ
1344 4881 1393 4932 εί
1417 4878 1663 4931 τοσοῦτον
1697 4877 1952 4946 ἑκάτερον

373 4984 587 5039 δύναιτο
620 4982 743 5033 ὅσον
769 4977 863 5030 καὶ
893 4974 1160 5044 βούλεται,
1192 4974 1271 5034 εἰς
1302 4972 1639 5040 ἀμφήριστον
1674 4967 1952 5037 ἑκατέροις

375 5074 410 5144 ἡ
437 5072 579 5143 ἀρχὴ
604 5068 1033 5135 καταστήσεται,
1056 5062 1134 5132 τῷ
1165 5061 1402 5114 ἀνενδεεῖ
1426 5059 1523 5127 τῆς
1551 5058 1834 5125 δυνάμεως
1870 5057 1950 5118 εἰς

376 5164 437 5218 τὸ
467 5163 759 5218 ἀντίπαλον
786 5155 1073 5228 προϊοῦσα.
1104 5153 1214 5206 Καὶ
1247 5151 1388 5204 οὕτω
1415 5150 1476 5202 τὸ
1504 5149 1609 5202 τῶν
1638 5149 1952 5218 Μανιχαίων

378 5256 551 5326 δόγμα
580 5249 1029 5324 παρεισδύσεται,
1072 5245 1163 5297 δύο
1204 5242 1365 5295 τινῶν
1412 5239 1665 5293 ἐναντίων
1708 5238 1952 5308 ἀλλήλοις

384 5348 440 5398 ὲν
468 5345 545 5415 τῷ
567 5345 711 5414 λόγῳ
727 5343 830 5411 τῆς
849 5338 1025 5408 ἀρχῆς
1048 5333 1462 5402 άντιφανέντων,
1484 5329 1561 5400 τῷ
1582 5328 1952 5382 διαλλάσσοντι

384 5438 479 5506 τῆς
500 5437 713 5507 φύσεως
749 5433 848 5485 καὶ
876 5430 973 5497 τῆς
996 5425 1363 5495 προαιρέσεως
1396 5422 1531 5492 πρὸς
1561 5421 1621 5474 τὸ
1640 5419 1951 5489 ἀντικείμε-

386 5549 467 5584 νον
514 5525 927 5599 διατμηθέντων
952 5538 963 5551 ·
997 5522 1089 5574 καὶ
1111 5519 1318 5587 γίνεται
1346 5516 1525 5578 αὐτοῖς
1550 5516 1582 5585 ἡ
1605 5513 1703 5583 τῆς
1723 5511 1953 5566 ἐλαττώ-

490 5706 534 5738 “
576 5704 724 5761 Psal.
750 5715 851 5766 cu,
880 5700 932 5755 8.
1012 5698 1054 5729 ³⁷
1080 5696 1208 5751 Luc.
1235 5709 1308 5760 vt,
1334 5693 1421 5748 36.
1501 5696 1544 5727 ³⁸
1585 5689 1775 5746 Matth.
1808 5704 1865 5756 ν,
1892 5687 1943 5740 7.

2057 4603 2257 4658 tatibus
2301 4599 2462 4654 etiam
2497 4598 2843 4664 discrepare:
2896 4606 3021 4646 cum
3058 4599 3236 4644 autem
3288 4588 3345 4641 in
3399 4595 3632 4655 utroque

2048 4710 2115 4748 ex
2150 4691 2270 4747 istis
2299 4697 2385 4746 sat
2434 4689 2505 4743 sit
2541 4685 2793 4758 potentiae
2830 4692 2885 4739 et
2918 4681 3219 4743 facultatis,
3267 4686 3522 4734 neutrum
3556 4676 3626 4729 ad

2052 4781 2284 4853 propria:
2314 4778 2615 4834 voluntatis
2643 4773 3051 4831 exsecutionem
3075 4767 3448 4833 cunctabitur,
3498 4772 3552 4820 et
3583 4766 3629 4819 si

2050 4871 2337 4942 quodlibet
2363 4877 2577 4923 tantum
2610 4874 2812 4937 potest,
2844 4871 3110 4934 quantum
3148 4861 3283 4923 vult,
3314 4860 3503 4927 utique
3527 4856 3627 4910 do-

2052 4963 2281 5019 minatio
2306 4976 2509 5030 anceps
2535 4961 2644 5026 liet,
2672 4968 2905 5027 utroque
2933 4955 3251 5009 inexhausta
3273 4949 3494 5005 virtutis
3517 4960 3632 5002 suae

2055 5057 2294 5126 potentia
2332 5056 2389 5108 in
2415 5051 2792 5107 adversarium
2812 5063 3028 5119 semper
3054 5048 3319 5101 irruente.
3358 5042 3436 5094 lta
3466 5037 3631 5093 Mani-

2056 5148 2329 5203 chaeorum
2361 5145 2554 5215 dogma
2588 5141 2978 5204 introducitur,
3006 5137 3098 5205 qui
3121 5137 3230 5191 duo
3259 5130 3500 5203 quaedam
3525 5126 3629 5181 sibi

2055 5238 2291 5294 invicem
2321 5236 2614 5299 contraria,
2640 5244 2693 5289 et
2718 5240 2830 5286 tam
2865 5238 3093 5295 naturae,
3130 5239 3293 5296 quam
3324 5219 3628 5275 voluntatis

2058 5328 2379 5385 diversitate
2404 5325 2473 5380 ad
2502 5324 2756 5397 opposita
2782 5319 3081 5391 vergentia,
3105 5310 3374 5385 principia
3396 5305 3628 5364 cudunt,

2058 5423 2228 5493 ﬁtque
2274 5422 2383 5476 illis
2418 5420 2510 5474 illa
2553 5414 2939 5487 inmqualitatis
2975 5418 3029 5465 et
3058 5399 3455 5462 imminutionis
3482 5412 3629 5453 asse-

2058 5489 2289 5580 veratio,
2328 5512 2654 5582 nrincipium
2717 5508 2784 5562 ad
2839 5499 3256 5558 Manichaeorum
3320 5489 3634 5564 prodigiosa
