4064 6146
387 287 490 342 4οἹ

1605 279 1662 336 S.
1703 278 2030 336 GREGORII
2069 276 2362 334 NY'SSENI

3524 271 3628 325 408

386 399 624 470 placita:
673 413 796 452 nam
843 396 1036 464 dogma
1072 393 1389 464 (Eunomii)
1425 402 1634 450 naturae
1665 397 1952 452 diversita-

2085 413 2194 458 ἐως
2241 392 2550 462 κατασκευὴ
2602 391 2708 443 τῶν
2759 388 3112 459 Μανιχαῖκῶν
3154 387 3440 457 δογμάτων
3467 389 3630 459 ἀρχή.

389 498 495 544 tem
527 490 580 543 in
614 489 723 542 duo
770 486 1030 556 principia
1060 487 1226 540 creati
1270 493 1326 540 et
1369 486 1597 540 increati
1651 487 1957 542 rationibus

389 581 648 636 distincta
676 578 887 646 dividit,
921 584 1084 649 prout
1110 577 1228 648 iam
1247 577 1682 633 demonstratum
1711 587 1816 634 est.

463 755 530 809 At
571 754 708 810 forte
738 754 894 809 multi
924 762 1105 820 erunt,
1143 754 1236 823 qui
1275 754 1440 824 hujus
1469 755 1734 811 doctrina:
1766 758 1960 823 absur-

393 845 614 900 ditatem
664 845 828 900 nimis
858 846 1124 901 violenter
1150 845 1279 900 hinc
1299 845 1581 900 collectam
1599 854 1653 900 et
1670 845 1959 900 deductam

394 943 714 1002 causentur,
746 942 1041 1005 optentque
1067 937 1183 990 hate
1213 936 1431 1006 penitus
1459 937 1514 990 in
1547 936 1759 995 litteras
1790 938 1962 992 relata

397 1043 505 1080 non
533 1042 673 1082 esse.
709 1025 777 1081 At
813 1027 885 1082 sit
915 1027 1010 1093 ita,
1042 1041 1218 1096 neque
1244 1043 1346 1082 nos
1375 1029 1836 1084 contradicimus:
1866 1044 1965 1084 ne-

397 1133 502 1185 que
521 1117 668 1172 enim
690 1119 910 1186 proprio
932 1117 1191 1186 impulsu,
1234 1117 1325 1171 sed
1349 1126 1569 1188 propter
1595 1119 1961 1184 adversarios,

399 1209 463 1260 ad
500 1208 638 1261 hanc
684 1208 1074 1276 digressionem
1115 1208 1507 1263 instituendam
1540 1210 1717 1264 adacti
1748 1226 1959 1267 sumus.

399 1299 552 1364 Quod
582 1299 626 1352 si
660 1298 774 1353 haec
796 1299 981 1353 dicere
1008 1314 1114 1354 non
1147 1307 1382 1369 oportet,
1415 1301 1586 1355 multo
1619 1303 1792 1371 magis
1817 1303 1967 1358 dece-

403 1393 514 1453 bat,
568 1397 628 1442 ut
673 1390 975 1444 adversarii
1007 1389 1256 1452 silerent,
1309 1391 1401 1460 qui
1435 1391 1532 1445 tali
1566 1393 1814 1447 oratione
1867 1408 1966 1448 sua

401 1480 712 1548 Itujusmodi
738 1480 1056 1535 refutationi
1091 1482 1433 1537 occasionem
1469 1485 1732 1551 praebent.
1784 1484 1969 1554 Neque

401 1571 546 1623 enim
575 1570 740 1624 aliter
772 1571 840 1636 is,
877 1572 970 1640 qui
1019 1572 1298 1641 improbos
1339 1571 1556 1637 refellit,
1591 1573 1830 1629 cohiberi
1877 1591 1972 1644 ρος

403 1670 532 1727 test,
593 1677 760 1730 quam
816 1663 860 1716 si
919 1665 1146 1716 materia
1194 1663 1541 1718 refutationis
1595 1664 1966 1720 subtrahatur.

2042 481 2131 539 ⁸Τὸ
2173 485 2280 555 γὰρ
2318 483 2418 552 τῆς
2472 482 2656 544 οὑσίας
2682 482 3004 552 ἀσύμφωνον
3042 484 3120 544 εἰς
3145 481 3238 532 δύο
3279 478 3451 548 ἀρχὰς
3480 496 3633 550 περι-

2061 576 2238 645 ίστησι
2266 575 2325 628 τὸ
2343 574 2516 643 δόγμα
2541 613 2556 636 ,
2587 572 2768 635 καθὼς
2792 575 2820 624 ὁ
2849 573 3002 642 λόγος
3032 569 3274 636 ὑπέδειξε
3295 613 3309 637 ,
3433 570 3637 640 κτιστῷ

2061 667 2155 721 καὶ
2183 665 2260 735 τῷ
2287 665 2524 735 ἀκτίστῳ
2552 665 2709 736 διῃρη
2719 664 2907 733 μένας.

2144 755 2302 808 Ἀλλά
2329 754 2502 808 ταῦτα
2530 755 2628 823 μὲν
2657 753 2785 817 ἴσως
2816 752 3176 823 βεϐιασμένην
3202 752 3393 822 ἔχοντα
3414 752 3511 824 τὴν
3543 754 3641 806 τοῦ

2061 847 2262 903 ἀτόπου
2307 845 2668 916 κατασκευὴν,
2703 848 2750 898 οἰ
2789 844 2972 898 πολλοὶ
3008 845 3366 910 αἰτιάσονται,
3400 846 3494 898 καὶ
3519 845 3642 898 οὑδὲ

2062 937 2368 1008 γεγράφθαι
2395 936 2457 989 τὸ
2480 937 2739 1007 παράπαν
2769 937 2906 1007 μετὰ
2936 937 3044 990 τῶν
3069 935 3269 989 λοιπῶν
3294 935 3639 1000 ἀξιώσουσιν.

2067 1031 2252 1084 Ἔστω
2312 1027 2517 1083 ταῦτα·
2559 1029 2677 1081 οὐδὲ
2720 1030 2880 1099 ἡμεῖς
2932 1027 3324 1098 ἀντιλέγομεν·
3370 1029 3489 1081 οὑδὲ
3533 1029 3642 1098 γὰρ

2063 1118 2186 1170 κατ’
2226 1118 2430 1170 οἰκείαν
2491 1117 2687 1190 ὁρμὴν,
2729 1117 2862 1170 ἀλλά
2902 1117 2990 1171 διὰ
3019 1118 3143 1180 τοὺς
3177 1119 3644 1188 ἀντιμαχομένους

2065 1208 2144 1272 εἰς
2181 1208 2282 1279 τὴν
2329 1207 2583 1277 τοιαύτην
2635 1209 2955 1279 περιεργίαν
2992 1207 3242 1261 ἐκϐαλεῖν
3275 1209 3366 1263 τὸν
3395 1210 3547 1275 λόγον
3579 1211 3642 1260 ὲν

2066 1299 2163 1368 τῆς
2185 1299 2498 1362 ἀκολουθίας
2545 1298 2919 1371 προήχθημεν.
2957 1300 3020 1351 Εἰ
3054 1301 3111 1352 δὲ
3144 1301 3205 1351 οὑ
3229 1300 3334 1370 χρὴ
3360 1300 3533 1353 ταῦτα
3557 1301 3642 1352 λέ-

2067 1407 2206 1459 γειν,
2255 1389 2387 1442 πολὺ
2427 1389 2690 1461 πρότερον
2716 1389 3021 1443 σιωπᾶσθαι
3068 1393 3336 1462 προσήκει
3364 1391 3472 1443 τῶν
3495 1394 3647 1445 ἐναν-

2067 1480 2197 1531 τίων
2225 1479 2313 1531 τὸν
2345 1479 2523 1547 λόγον,
2557 1478 2647 1531 τὸν
2689 1480 2788 1549 τῆς
2833 1481 3088 1552 τοιαύτης
3133 1468 3502 1553 ἀντιρρήσεως,
3546 1484 3646 1545 τὰς

2070 1569 2321 1638 ἀφορμὰς
2354 1569 2743 1640 παρεχόμενον.
2774 1571 2848 1623 Οὑ
2871 1571 2978 1642 γὰρ
3004 1571 3151 1625 ἔστιν
3179 1573 3378 1645 ἑτέρως
3405 1575 3649 1645 ἐπισχεῖν

2072 1661 2162 1712 τὸν
2193 1663 2304 1724 τοῖς
2342 1663 2597 1732 πονηροῖς
2638 1661 3007 1730 ἀντιλέγοντα,
3045 1664 3120 1732 μὴ
3157 1665 3256 1735 τὴν
3280 1664 3533 1718 ὑπόθεσιν
3565 1665 3648 1729 ἐξ-

405 1753 675 1808 Cmterum
704 1753 935 1808 libenter
969 1754 1067 1818 iis,--
1119 1755 1214 1824 qui
1262 1755 1336 1808 ita
1385 1755 1562 1810 allecti
1595 1765 1744 1818 sunt,
1779 1758 1976 1812 suade?

2085 1752 2260 1805 ελόντα
2285 1752 2383 1821 τῆς
2412 1754 2800 1826 ἀντιρρήσεως.
2843 1754 2988 1825 Πλὴν
3021 1754 3189 1825 ἡδέως
3219 1755 3284 1808 ἂν
3317 1757 3652 1826 συμϐουλεύ-

406 1858 543 1908 rem,
592 1853 652 1902 ut
700 1846 983 1914 paululum
1013 1854 1170 1900 extra
1212 1849 1582 1904 contentionis
1634 1849 1808 1903 aleam
1856 1864 1978 1906 sese

406 1935 753 2003 collocarent,
816 1952 992 2006 neque
1043 1936 1338 1996 admodum
1391 1939 1647 1995 ardenter
1696 1955 1796 2009 pro
1857 1940 1976 1995 suis

407 2028 645 2097 propriis
676 2027 1150 2097 persuasionibus,
1209 2029 1408 2098 quibus
1453 2030 1564 2100 jam
1615 2034 1976 2101 praeoccupati

409 2129 560 2184 sunt,
616 2121 1081 2190 digladiarentur:
1135 2136 1312 2191 neque
1347 2121 1713 2192 undequaque
1744 2126 1980 2179 admini-

415 2211 552 2265 culis
583 2212 906 2282 corrugatis,
959 2211 1013 2266 id
1061 2227 1232 2266 unum
1277 2213 1580 2276 studerent,
1638 2224 1698 2268 ut
1740 2216 1980 2284 potiores

411 2319 624 2372 semper
649 2309 831 2372 partes
857 2317 968 2372 prae
1005 2303 1122 2358 suis
1156 2303 1492 2358 adversariis
1523 2305 1804 2359 obtineant
1830 2323 1842 2357 :
1886 2307 1979 2361 sed

415 2401 491 2458 ut,
523 2394 678 2462 quasi
727 2407 827 2462 pro
861 2393 1041 2448 anima
1071 2409 1268 2449 cursus
1302 2395 1394 2457 sit,
1448 2395 1548 2450 soli
1603 2396 1680 2449 illi
1711 2398 1856 2466 quod
1886 2380 1981 2453 ex-

413 2485 580 2553 pedit,
614 2491 668 2539 et
696 2483 912 2539 veritati
943 2484 1229 2539 victoriam
1264 2485 1591 2539 concedant.
1636 2484 1693 2539 Si
1725 2489 1849 2556 quis
1882 2488 1980 2558 igi-

414 2586 504 2630 tur
533 2577 738 2634 omissa
771 2577 1066 2633 altercandi
1103 2577 1404 2648 prurigine,
1459 2579 1632 2648 ipsam
1664 2579 1979 2651 (Eunomii)

413 2671 717 2726 orationem
741 2671 966 2740 propius
988 2671 1210 2736 intueri,
1241 2679 1296 2726 et
1317 2673 1629 2726 accuratius
1651 2674 1982 2743 perpendere

413 2761 544 2816 velit
568 2801 583 2825 ,
614 2761 776 2817 facile
807 2761 1194 2817 absurditatem
1226 2777 1294 2825 ex
1353 2764 1453 2818 hac
1484 2761 1731 2825 doctrina
1778 2765 1983 2836 promi-

416 2856 631 2904 cantem
665 2848 1054 2919 deprehendet.

489 2942 876 3010 Supponamus
927 2941 1076 2996 enim
1138 2943 1613 3002 innascibiIi-tatem
1669 2963 1794 3004 esse
1850 2948 1981 3004 sub-

2080 1860 2236 1914 σαιμι
2277 1847 2388 1908 τοῖς
2419 1845 2560 1898 οὓτω
2591 1844 2950 1914 διακειμένοις
2983 1847 3176 1917 μικρόν
3203 1865 3253 1899 τι
3287 1848 3382 1918 τῆς
3421 1849 3650 1917 φιλονει-

2079 1934 2200 1997 κίας
2221 1935 2325 2001 ἔξω
2345 1937 2596 2003 γενέσθαι
2619 1978 2632 2000 ,
2673 1937 2767 1990 καὶ
2797 1936 2870 2007 μὴ
2894 1937 3012 1988 λίαν
3037 1937 3286 2006 ἐκθύμως
3307 1939 3414 1991 τῶν
3438 1941 3652 1992 οἰκείων

2080 2025 2415 2094 ὑπερμαχεῖν
2443 2025 2760 2094 ὑπολήψεων
2785 2066 2798 2089 ,
2835 2020 2922 2088 αἷς
2947 2027 3045 2098 ήδη
3083 2028 3504 2100 προειλημμένοι
3525 2047 3654 2097 τυγ-

2079 2114 2340 2182 χάνουσι’
2378 2115 2512 2184 μηδὲ
2568 2115 2903 2185 πανταχόθεν
2955 2116 3261 2187 ἀναζητεῖν,
3305 2120 3451 2182 ὅπως
3483 2120 3546 2172 ἂν
3593 2122 3655 2172 τὸ

2080 2204 2262 2256 πλεῖον
2303 2204 2473 2274 ἔχοιεν
2510 2205 2618 2258 τῶν
2673 2207 3144 2276 ἀντιτεταγμένων
3171 2225 3183 2237 ·
3219 2209 3333 2261 ἀλλ’
3377 2210 3452 2271 ὡς
3511 2211 3654 2280 ὑπὲρ

2079 2294 2257 2362 ψυχῆς
2290 2295 2439 2358 ὄντος
2492 2297 2583 2348 τοῦ
2629 2297 2851 2367 δρόμου,
2889 2298 3035 2367 μόνῳ
3077 2299 3157 2369 τῷ
3206 2301 3536 2372 συμφέροντι
3571 2303 3653 2354 τί-

2082 2389 2284 2452 θεσθαι,
2311 2390 2402 2442 καὶ
2441 2393 2505 2460 τῇ
2549 2391 2773 2460 ἀληθείᾳ
2798 2390 2995 2443 διδόναι
3025 2395 3347 2465 νικητήρια.
3385 2395 3447 2447 Εἰ
3474 2396 3659 2447 τοίνυν

2082 2481 2403 2549 φιλονεικεῖν
2435 2501 2517 2544 τις
2545 2483 2810 2547 ἀποστὰς,
2845 2485 3005 2555 αὑτὸν
3036 2485 3121 2553 ἐφ’
3156 2486 3346 2538 ἑαυτοῦ
3376 2487 3656 2540 διασκοποῖ

2080 2572 2170 2626 τὸν
2219 2573 2392 2640 λόγον,
2445 2574 2505 2624 ού
2558 2574 2808 2643 χαλεπῶς
2847 2577 3071 2647 εὑρήσει
3110 2577 3206 2648 τὴν
3257 2578 3659 2649 ἐμφαινομένην

2081 2664 2306 2717 ἀτοπίαν
2335 2665 2410 2734 τῷ
2431 2664 2692 2734 δόγματι.

2165 2937 2522 3009 ’Υποθώμεθα
2544 2938 2651 3011 γὰρ
2676 2940 3071 3010 συγχωρεῖσθαι
3093 2941 3233 2993 κατά
3253 2942 3340 2994 τὸν
3368 2941 3522 3007 λόγον
3552 2942 3661 2994 τῶν

417 3032 697 3097 stantiam,
747 3039 808 3087 ut
857 3032 1152 3088 adversarii
1203 3037 1428 3092 volunt:
1488 3045 1542 3092 et
1578 3053 1773 3093 rursus
1806 3039 1978 3109 ipsam

2085 3030 2437 3094 ὑπεναντίων,
2467 3031 2561 3084 καὶ
2597 3031 2921 3101 ἀγεννησίαν
2957 3031 3145 3085 οὐσίαν
3182 3029 3322 3086 εἶναι
3343 3050 3356 3062 °
3389 3034 3481 3086 καὶ
3501 3033 3662 3086 πάλιν

415 3139 634 3196 quoque
695 3128 1100 3197 generationem
1180 3128 1503 3185 substantiis
1577 3132 1979 3186 accensendam

413 3231 560 3273 esse.
611 3215 784 3288 Igitur
843 3219 892 3274 si
951 3219 1077 3289 quis
1135 3221 1448 3276 accuratius
1506 3237 1591 3285 ea,
1654 3238 1775 3292 qum
1837 3224 1982 3277 dicta

417 3315 573 3371 sunt,
626 3307 956 3376 perpendere
1008 3317 1063 3364 et
1122 3311 1311 3364 rimari
1337 3313 1488 3376 velit,
1557 3311 1981 3367 Manichaeorum

416 3398 616 3468 dogma
641 3415 734 3468 per
769 3415 866 3455 eos
898 3401 1000 3455 hac
1041 3401 1251 3456 ratione
1286 3403 1534 3457 renovari
1569 3403 1868 3474 intelliget:
1910 3405 1984 3458 si-

418 3489 638 3558 quidem
668 3488 952 3543 Manicbazi
981 3491 1181 3544 malum
1219 3490 1386 3555 bono,
1423 3492 1599 3545 lucem
1633 3493 1893 3555 tenebris,
1930 3502 1986 3548 et

420 3579 602 3632 omnia
634 3577 802 3645 hujus
834 3579 1050 3647 generis
1078 3579 1193 3648 ipsa
1227 3587 1435 3634 natura:
1461 3579 1849 3634 contrarietate
1881 3581 1985 3636 sibi

421 3674 613 3720 mutuo
633 3666 833 3734 cppnni
867 3665 1113 3719 tradunt.
1155 3665 1289 3731 Quae
1317 3681 1443 3723 vere
1475 3682 1505 3719 a
1527 3681 1615 3722 me
1644 3666 1775 3734 dici,
1808 3667 1985 3736 facile,

423 3768 484 3811 ut
518 3761 732 3824 opinor,
764 3765 990 3820 annuet,
1053 3759 1146 3826 qui
1205 3773 1314 3811 non
1375 3759 1614 3827 segniter
1682 3759 1986 3819 orationem

425 3848 844 3917 pratervolabit.
880 3847 958 3901 Ita
987 3863 1117 3902 vero
1147 3848 1587 3917 disquisitionem
1614 3850 1992 3906 instituamus:

424 3939 714 4005 Quodlith
737 3955 800 3994 ex
833 3940 1096 4008 subjectis
1129 3955 1227 3994 sua
1262 3941 1423 3994 habet
1453 3949 1684 4010 cognata
1728 3949 1782 3998 et
1825 3943 1990 3998 insita

425 4034 585 4102 signa
615 4039 669 4086 et
702 4040 863 4086 notas
894 4031 1096 4100 quibus
1129 4031 1420 4086 substrata
1447 4039 1657 4086 natura:
1686 4035 1990 4103 proprieta-

425 4131 509 4178 tes
537 4131 957 4192 cognoscantur,
986 4121 1101 4176 sive
1147 4120 1216 4175 ad
1268 4121 1546 4185 animalia,
1601 4123 1718 4177 sive
1753 4125 1818 4179 ad
1858 4126 1986 4184 alia,

423 4226 759 4282 quocunque
821 4211 1063 4264 animum
1113 4217 1168 4262 et
1219 4209 1610 4278 cogitationem
1663 4223 1986 4266 convertas:

423 4320 535 4359 non
566 4305 712 4359 enim
755 4302 949 4358 iisdem
987 4301 1136 4355 notis
1166 4309 1220 4356 et
1263 4301 1436 4370 signis
1499 4301 1873 4372 insigniuntur
1925 4303 1992 4356 li-

421 4412 591 4468 gnum
619 4405 675 4451 et
705 4395 927 4459 animal;
965 4408 1142 4464 neque
1191 4392 1524 4448 animalibus
1575 4393 1867 4463 participat
1899 4409 1995 4448 na-
2026 4390 2068 4444 D

424 4495 545 4541 tura
573 4487 804 4542 rationis
837 4500 1033 4555 expers
1073 4497 1136 4540 ea
1169 4484 1326 4555 signa
1353 4492 1410 4539 et
1467 4483 1692 4548 indicia,
1726 4500 1846 4554 quae
1896 4485 1993 4538 bo-

425 4579 592 4632 minis
626 4587 771 4633 sunt.
825 4576 1011 4647 Neque
1049 4591 1245 4631 rursus
1281 4575 1483 4630 eaedem
1522 4584 1666 4628 nota:
1698 4575 1994 4629 ostendunt

424 4670 592 4722 vitam
615 4678 669 4723 et
694 4679 945 4731 mortem,
986 4667 1083 4722 sed
1114 4668 1170 4721 in
1206 4665 1466 4721 omnibus
1499 4665 1840 4736 simpliciter,
1885 4666 1994 4721 sic-

426 4761 507 4815 uti
534 4760 671 4824 dixi,
719 4768 803 4815 est
838 4758 1201 4830 impermista,
1237 4767 1293 4812 et
1335 4757 1878 4813 incommunieabilis
1909 4772 1993 4813 re-

425 4863 550 4902 rum
586 4848 958 4916 subjectarum
992 4848 1296 4912 distinctio,
1332 4861 1511 4916 neque
1555 4847 1669 4902 ullo
1701 4847 1866 4902 modo
1898 4863 1995 4918 per

429 4941 712 5011 signorum
739 4947 793 4991 et
833 4947 1088 4994 notarum
1118 4939 1593 5010 participationem
1626 4941 1882 4997 confusa.
1911 4941 1994 4995 Ad

431 5035 574 5087 hanc
623 5031 800 5101 igitur
862 5044 1110 5083 normam
1171 5028 1510 5100 expendatur
1559 5030 1995 5086 adversariorum

430 5122 687 5181 assertio.
721 5118 1204 5176 lnnascibilitatem
1245 5118 1398 5172 aiunt
1435 5133 1560 5174 esse
1608 5118 1994 5180 substantiam,

430 5213 835 5285 generationem
866 5223 1086 5280 quoque
1117 5207 1186 5262 ad
1226 5208 1588 5264 substantiam
1632 5207 1898 5263 referunt.
1932 5210 2000 5263 At

429 5303 892 5378 quemadmodum
926 5299 1164 5355 hominis
1193 5307 1248 5355 et
1275 5299 1473 5369 lapidis
1495 5299 1601 5353 alia
1637 5307 1767 5354 sunt
1795 5300 1996 5354 indicia

433 5406 651 5471 (neque
709 5399 854 5454 enim
883 5394 1132 5452 eamdem
1187 5392 1559 5449 deﬁnitionem
1623 5390 1872 5446 attuleris
1899 5430 1912 5454 ,
1952 5389 1995 5444 si

435 5493 730 5547 animatum
785 5500 842 5548 et
872 5489 1230 5546 inanimatam
1270 5485 1584 5543 describere
1601 5484 1994 5556 aggrediaris).

438 5587 511 5640 ita
548 5601 656 5639 non
685 5595 906 5655 gravate
934 5582 1261 5646 concedant,
1296 5579 1620 5635 innascibilc
1672 5579 1794 5632 aliis
1825 5577 1998 5648 signis

438 5686 492 5736 ot
524 5677 668 5732 notis
695 5676 1056 5742 innotescere,
1104 5677 1223 5732 aliis
1253 5675 1413 5730 etiam
1447 5673 1498 5728 id
1531 5673 1672 5745 quod
1705 5680 1785 5728 est
1817 5673 1996 5727 nasci-

2083 3122 2345 3185 ὡσαύτως
2371 3123 2471 3194 τὴν
2500 3123 2751 3192 γέννησιν
2794 3123 2874 3184 εἰς
2922 3122 3106 3176 οὐσίαν
3167 3124 3658 3194 ἀναλαμϐάνεσθαι.

2084 3213 2292 3266 Οὐκοῦν
2312 3214 2466 3277 εἴτις
2491 3214 2732 3284 ἀκριϐῶς
2748 3217 2814 3284 τῇ
2835 3205 3043 3285 διανοίά
3068 3215 3177 3268 τῶν
3195 3217 3501 3286 λεγομένων
3535 3218 3662 3271 ἀκο-

2083 3304 2383 3370 λουθήσειε,
2419 3305 2480 3358 τὸ
2503 3307 2844 3377 Μανιχαῖκδν
2877 3307 3059 3369 αὑτοῖς
3084 3305 3260 3377 δόγμα
3293 3307 3387 3360 διὰ·
3419 3306 3517 3376 τῆς
3542 3305 3665 3359 ὁδοῦ

2084 3397 2288 3469 ταύτης
2329 3398 2824 3469 ἀναπλασθήσεται,
2851 3399 3009 3469 είπερ
3055 3398 3226 3452 κακοῦ
3260 3400 3394 3472 πρὸς
3439 3397 3663 3468 ἀγαθὸν,

2086 3488 2181 3541 καὶ
2209 3488 2386 3555 φωτὸς
2414 3489 2549 3560 πρὸς
2603 3489 2813 3553 σκότος,
2867 3489 2962 3544 καὶ
3022 3488 3240 3542 πάντων
3269 3489 3379 3543 τῶν
3402 3490 3665 3543 τοιούτων

2087 3578 2228 3632 κατά
2251 3580 2308 3632 τὸ
2330 3580 2566 3637 ἐναντίον
2597 3581 2700 3651 τῆς
2721 3580 2955 3650 φύσεως,
2976 3579 3074 3665 τέιν
3103 3579 3376 3634 ἀντίθεσιν
3405 3580 3666 3650 δογματίυ

2087 3669 2200 3732 ζειν
2221 3673 2332 3734 τοῖς
2355 3671 2674 3742 Μανιχαίοις
2695 3672 2856 3724 δοκεῖ.
2884 3672 2995 3724 Καὶ
3015 3671 3098 3724 ὅτι
3116 3670 3287 3725 ταῦτα
3308 3671 3484 3743 ἀληθῆ
3501 3671 3664 3740 λέγω,

2090 3762 2286 3835 ῥαδίως
2344 3759 2496 3832 οἶμαι
2563 3762 2922 3831 συνθήσεσθαι
2962 3762 3056 3815 τὸν
3089 3762 3163 3833 μὴ
3190 3761 3452 3833 ῥᾳθύμως
3483 3780 3666 3832 παρα.-

2087 3851 2362 3922 δραμόντα
2389 3852 2478 3904 τὸν
2507 3852 2692 3920 λόγονή
2729 3853 2927 3906 αὑτωαὶ
2954 3852 3009 3905 δὲ
3023 3852 3438 3923 διασκεψώμεθα
3463 3867 3477 3882 ⁸
3509 3854 3668 3908 Ἐκά-

2091 3959 2206 4012 στῳ
2227 3941 2336 3994 τῶν
2367 3940 2745 4010 ὑποκειμένων
2774 3941 3025 4011 προσφυῆ
3055 3957 3176 3994 τινα
3201 3941 3417 4002 πάντως
3435 3939 3667 3992 ἐπιθεω-

2095 4037 2266 4104 ρεῖται
2296 4033 2677 4104 γνωρίσματα,
2709 4032 2778 4086 δι’
2819 4027 2898 4086 ὧν
2922 4031 2982 4086 τὸ
3017 4030 3217 4096 ἰδιάζον
3244 4031 3345 4102 τῆς
3375 4033 3673 4101 ὑποκειμέοο

2091 4144 2188 4193 νης
2213 4124 2631 4194 ἐπιγινώσκεται
2681 4123 2896 4192 φύσεως
2916 4165 2930 4184 ,
2970 4123 3079 4180 είτε
3111 4123 3202 4179 ἐπὶ
3243 4122 3344 4192 τῆς
3373 4122 3481 4176 τῶν
3513 4122 3671 4187 ζώων

2092 4217 2349 4286 διαφορᾶς
2395 4213 2670 4279 ἐξετάζοις
2719 4214 2811 4266 τὸν
2843 4213 3020 4280 λόγον,
3063 4213 3173 4271 εἴτε
3213 4213 3306 4264 ἐπὶ
3347 4210 3454 4266 τῶν
3491 4211 3672 4264 ἄλλων

2095 4307 2368 4360 ἁπάντων.
2421 4307 2493 4358 Οὑ
2542 4304 2652 4376 γὰρ
2687 4306 2798 4367 τοῖς
2819 4305 3002 4367 αὐτοῖς
3039 4303 3100 4358 τὸ
3132 4301 3285 4367 ξύλον
3319 4302 3416 4355 καὶ
3443 4303 3503 4355 τὸ
3531 4299 3671 4364 ζῶον

2098 4398 2593 4471 χαρακτηρίζεται·
2614 4400 2753 4455 οὑδὲ⁶
2775 4399 2888 4460 τοῖς
2918 4395 3076 4461 ζώοις
3103 4397 3445 4458 ἐπικοινωνεῖ
3475 4394 3541 4448 τὰ
3573 4393 3670 4446 τοῦ

2099 4490 2384 4562 ἀνθρώπου
2409 4487 2741 4560 γνωριστικά
2768 4489 2966 4558 σημεῖα
2986 4487 3120 4558 πρὸς
3140 4487 3237 4558 τὴν
3264 4486 3456 4553 ἄλογον
3487 4485 3669 4554 φύσιν.

2100 4582 2220 4636 υὺδ’
2248 4577 2318 4644 αὖ
2344 4580 2505 4634 πάλιν
2532 4578 2602 4632 τὰ
2627 4579 2766 4632 αὑτά
2802 4578 3040 4632 δείκνυσι
3067 4580 3166 4648 τήν
3203 4595 3262 4632 τε
3291 4577 3433 4646 ζωὴν
3458 4577 3550 4628 καὶ
3579 4575 3672 4626 τὸν

2101 4674 2327 4727 θάνατον
2347 4687 2361 4700 ·
2393 4671 2508 4724 ἀλλ’
2546 4670 2638 4722 ἐπὶ
2673 4669 2889 4731 πάντων
2925 4667 3278 4732 ἁπαξαπλῶς,
3308 4666 3490 4730 καθὼς
3519 4668 3673 4737 εἴρη-

2099 4781 2210 4826 ται,
2243 4763 2472 4832 ἄμικτός
2513 4760 2596 4824 τίς
2635 4762 2748 4813 ἐστι
2790 4761 2882 4812 καὶ
2932 4759 3292 4829 ἀκοινώνητος
3323 4760 3359 4829 ἡ
3396 4758 3504 4810 τῶν
3535 4760 3669 4812 ὑπορ

2101 4854 2369 4923 κειμένων
2395 4853 2665 4922 διάκρισις
2687 4891 2701 4914 ,
2735 4851 2884 4904 οὐδὲν
2907 4853 3019 4912 τοῖς
3050 4849 3158 4902 τῶν
3186 4849 3670 4921 ἐπιθεωρουμένων

2101 4944 2442 5013 γνωρίσμασι
2478 4942 2566 4995 διά
2613 4959 2756 5005 τινος
2792 4941 3074 5003 κοινωνίας
3123 4941 3482 5011 συγχεομένη.
3515 4941 3673 4998 Κατά

2103 5038 2275 5090 τοίνυν
2303 5036 2402 5109 τὴν
2441 5034 2760 5088 ἀκολουθίαν
2797 5034 3000 5104 ταύτην
3035 5033 3376 5104 ὲξετασθήτω
3407 5033 3517 5085 τῶν
3569 5035 3673 5085 ὑπ-

2103 5129 2358 5181 εναντίων
2401 5129 2430 5179 ὁ
2477 5127 2653 5196 λόγος.
2708 5125 2817 5197 Τὴν
2869 5125 3214 5196 ἀγεννῃσίαν,
3274 5124 3461 5177 οὐσίαν
3502 5125 3666 5194 φασίο

2103 5219 2198 5273 καὶ
2249 5217 2346 5288 τὴν
2390 5219 2643 5287 γέννησιν
2680 5216 2939 5280 ὡσαύτως
2987 5217 3068 5278 εἰς
3117 5215 3307 5268 οὐσίαν
3355 5216 3666 5281 ἀνάγουσιν.

2115 5308 2253 5361 Ἀλλ’
2271 5307 2458 5379 ὥσπερ
2484 5307 2790 5378 ἀνθρώπου,
2848 5306 2942 5358 καὶ
2985 5305 3134 5357 λίθου
3181 5305 3361 5375 ἕτερα,
3395 5305 3489 5357 καὶ
3515 5303 3576 5354 οὑ
3601 5302 3669 5354 τὰ

2103 5400 2240 5455 αὑτά
2261 5400 2642 5470 γνωρίσματα·
2695 5399 2754 5450 οὑ
2797 5397 2903 5468 γάρ
2961 5397 3024 5450 ἂν
3054 5397 3145 5450 τὸν
3190 5395 3351 5449 αὑτὸν
3408 5393 3667 5465 ἑκατέρου

2105 5485 2358 5554 ἀποδοίης
2402 5483 2556 5550 λόγον
2608 5482 2844 5552 ἔμψυχόν
2875 5498 2934 5537 τε
2963 5481 3054 5535 καὶ
3085 5479 3309 5550 ἄψυχον,
3351 5479 3412 5532 τὸ
3440 5477 3494 5530 τί
3524 5479 3670 5529 ἐστιν

2104 5576 2415 5646 ὁριζόμενος
2439 5593 2451 5605 ·
2483 5574 2622 5626 οὑτω
2640 5575 2854 5636 πάντως
2885 5574 3062 5636 ἀλλοις
3088 5573 3184 5644 μὲν
3210 5569 3566 5641 γνωρίζεσθαι
3579 5567 3667 5620 τὸν

2109 5667 2396 5738 ἀγέννητον
2424 5665 2669 5736 σημείοις
2715 5665 2994 5731 δώσουσιν,
3031 5664 3235 5735 ἑτέροις
3263 5663 3318 5716 δὲ
3353 5661 3442 5714 τὸν
3473 5676 3665 5729 γεννη-
