4068 6148
331 259 433 314 600
1482 255 1758 314 CONTRA
1797 256 2184 325 EUNOMIUM,
2221 258 2348 313 LIB.
2383 260 2425 314 Ι.
3473 265 3574 319 MO

328 376 439 430 τήν.
474 368 680 425 Οὐκοῦν
712 370 1077 442 θεωρήσωμεν
1101 371 1168 426 τά
1200 373 1467 436 ἰδιάζοντα
1491 375 1586 427 τοῦ
1602 375 1896 445 ἀγεννήτου
1926 419 1934 434 ,

1967 425 1971 436 _
2000 375 2127 430 bile.
2161 375 2456 430 Videamus
2491 375 2655 444 igitur
2683 375 2932 445 preprias
2967 383 3125 431 notas
3199 385 3254 430 et
3302 378 3573 431 conditio-

329 467 484 526 Θεοῦ,
509 467 609 518 ὅσα
632 465 870 528 εὐσεϐῶς
892 465 1070 533 λέγειν
1089 483 1147 518 τε
1178 465 1268 519 καὶ
1293 468 1428 521 νοεῖν
1449 467 1598 538 παρά
1625 469 1724 537 τῆς
1745 470 1903 537 ἁγίας

2007 480 2104 520 nes
2136 467 2476 521 innascibilis
2502 466 2618 530 Dei,
2649 482 2787 536 quas
2818 467 2905 535 pie
2958 468 3024 522 de
3051 467 3160 522 Deo
3206 469 3310 523 diei
3346 479 3398 524 et
3433 471 3573 540 cogi-

329 558 551 628 l‘pazpﬁ;
580 557 706 626 περὶ
735 556 900 608 αὐτοῦ
933 557 1354 626 μεμαθήκαμεν.
1511 626 1523 633 δ

1511 626 1523 633 δ
2005 558 2108 611 tari
2131 573 2195 611 ex
2231 558 2406 612 sacris
2428 558 2630 613 litteris
2653 557 2962 611 didicimus.

399 649 530 700 Τίνα
563 645 655 701 οὖν
682 649 797 699 ἐστι
830 646 1258 709 ταῦτα;οὐδένα
1301 645 1453 717 οἶμαι
1497 649 1606 702 τῶν
1643 650 1904 719 Χριστια-

2074 643 2206 710 Quae
2246 656 2371 700 sunt
2418 647 2538 702 ista:
2580 646 2764 700 notas?
2801 646 3082 701 Neminem
3128 647 3569 705 Christianorum

329 740 433 792 νῶν
471 741 707 806 ἀγνοεῖν,
734 740 815 791 ὅτι
842 737 1062 806 ἀγαθὸς,
1097 739 1178 790 ὃτι
1207 739 1439 808 χρηστὸς
1458 780 1471 799 ,
1505 741 1586 792 ὅτι
1624 739 1797 807 ἀγιος,
1826 741 1903 793 δί-

2004 737 2259 807 ignorare
2302 739 2543 794 arbitror
2589 737 2905 806 bujusmodi
2940 747 3098 793 notas
3139 742 3347 794 censeri
3400 743 3569 796 istas:

331 830 479 892 καιός
499 847 559 882 τε
590 829 685 881 καὶ
710 830 874 891 ὅσιος,
903 828 1127 898 ἀόρατός
1157 846 1215 881 τε
1254 830 1345 881 καὶ
1374 829 1656 892 ἀθάνατος,
1698 832 1901 901 φθορᾶς

2004 825 2138 881 Esse
2161 827 2384 887 bonum,
2420 827 2617 891 lenem,
2651 834 2927 890 sanctum,
2952 828 3186 895 justum,
3219 831 3571 895 invisibilem,

328 939 386 973 τε
419 920 513 972 καὶ
539 919 749 989 τροπῆς
779 919 872 971 καὶ
902 917 1234 981 ἀλλοιώσεως
1263 920 1629 982 άνεπίδεκτος.
1657 921 1898 985 δυνατὸς,

2005 917 2393 981 immortalem,
2443 917 2852 986 corruptionis,
2912 919 3235 975 nmtationis
3283 932 3337 976 et
3377 923 3574 978 altera-

333 1011 510 1079 σοφὸς,
537 1009 853 1080 εὐεργέτης,
876 1009 1097 1079 Κύριος,
1118 1009 1329 1080 κριτὴς,
1359 1011 1534 1064 πάντα
1563 1012 1628 1063 τά
1655 1011 1896 1066 τοιαῦτα.

2002 1010 2167 1064 tionis
2196 1010 2532 1077 incapacem,
2567 1018 2861 1078 potentem,
2899 1012 3222 1080 sapientem,
3254 1014 3573 1070 benefacto-

331 1103 374 1154 Τ
380 1103 395 1154 ί
448 1100 557 1169 γὰρ
589 1101 670 1152 δεῖ
711 1098 1154 1169 ὁμολογουμένοις
1209 1100 1600 1170 ἐνδιατρίϐοντα
1644 1103 1901 1170 παρατεί-

2002 1116 2141 1162 rem,
2179 1100 2490 1164 Dominum,
2533 1101 2800 1168 judiccm,
2837 1111 2891 1155 et
2921 1104 3102 1156 omnia
3134 1104 3299 1173 hujus
3333 1109 3567 1175 generis.

333 1211 439 1246 νειν
468 1193 559 1245 τὸν
586 1192 781 1260 λόγον;
811 1193 873 1245 Εἰ
897 1188 989 1246 οὖν
1019 1191 1192 1245 ταῦτα
1229 1194 1287 1244 ὲν
1328 1195 1392 1260 τῇ
1425 1193 1702 1262 ἀγεννήτῳ
1741 1195 1899 1262 φύσει

2002 1191 2144 1258 Quid
2177 1192 2319 1245 enim
2355 1192 2521 1245 rebus
2553 1193 2732 1261 planis
2761 1202 2815 1247 et
2843 1195 3143 1263 exploratis
3166 1197 3569 1265 immorantem,

333 1281 846 1352 καταλαμϐάνομεν,
878 1281 938 1334 τὸ
963 1281 1020 1334 δὲ
1053 1281 1372 1351 γεννηθῆναι
1413 1279 1490 1348 τῷ
1530 1283 1602 1351 μὴ
1637 1283 1901 1352 γεννηθῆ-

1999 1279 2164 1332 verba
2192 1279 2556 1348 multiplicare
2582 1282 2812 1335 attinet?
2838 1294 2863 1321 ι
2881 1283 2936 1335 Si
2959 1284 3124 1351 igitur
3142 1284 3313 1338 istain
3336 1288 3573 1342 innasci-

335 1388 422 1425 ναι
449 1372 777 1433 ὑπεναντίως
801 1370 913 1440 ἔχει
942 1369 1081 1423 κατά
1106 1369 1203 1440 τὴν
1235 1369 1441 1422 ἔννοιαν
1463 1387 1476 1400 ο
1513 1371 1724 1441 ἀνάγκη
1749 1373 1898 1426 πᾶσα

2000 1366 2096 1420 bili
2135 1369 2316 1422 inesse
2349 1368 2834 1438 deprehendimus,
2875 1372 2926 1424 id
2961 1388 3090 1426 vero
3117 1376 3259 1442 quod
3309 1377 3572 1430 nascibile

338 1461 618 1514 συνθέσθαι
668 1463 792 1523 τοὺς
838 1461 934 1531 τὴν
978 1461 1298 1530 ἀγεννησίαν
1351 1463 1444 1513 καὶ
1501 1463 1598 1531 τὴν
1648 1461 1899 1533 γέννησιν

1999 1466 2103 1520 est,
2151 1459 2200 1512 ei
2247 1459 2391 1527 quod
2431 1470 2514 1514 est
2563 1461 2907 1526 innascibile,
2953 1464 3255 1518 secundum
3303 1469 3569 1522 rationem

333 1554 518 1606 οὐσίαν
546 1547 683 1605 εἶναι
717 1552 1063 1624 ὁριζομένους
1093 1553 1231 1606 κατά
1264 1552 1418 1620 λόγον
1469 1554 1567 1622 τῆς
1587 1552 1678 1605 τοῦ
1704 1570 1899 1623 γεννη-

1999 1550 2319 1618 opponitur,
2351 1553 2640 1621 perspicue
2669 1555 2919 1622 sequitur
2952 1570 3067 1615 eos,
3103 1557 3195 1625 qui
3242 1559 3573 1612 innascibili-

330 1644 422 1698 τοῦ
451 1645 585 1714 πρὸς
602 1644 662 1696 τὸ
683 1645 971 1713 ἀγέννητον
997 1643 1338 1706 ἀντιθέσεως·
1366 1645 1458 1696 καὶ
1476 1643 1546 1696 τά
1568 1644 1898 1714 γνωριστικά
1935 1704 1936 1708 η

1964 1705 1973 1715 _
2001 1649 2166 1695 tatem
2220 1649 2275 1695 et
2306 1643 2722 1697 nascibilitatein
2751 1647 2902 1700 aiunt
2928 1663 3047 1701 esse
3077 1649 3463 1715 substantiam,
3500 1650 3570 1702 fa-

332 1702 530 1803 σημεῖα
564 1702 665 1804 τῆς
704 1702 965 1804 γεπητῆς
995 1734 1180 1797 οὐσίας
1199 1774 1214 1799 ,
1250 1702 1591 1796 ὑπεναντίως,
1621 1702 1763 1803 ἔχειν
1789 1736 1898 1796 τοῖς
1935 1703 1938 1754 1

1961 1703 2101 1787 tteri
2135 1734 2349 1795 debere,
2383 1751 2480 1803 pro
2522 1737 2866 1804 oppositione
2910 1739 3252 1794 innascibilis
3284 1742 3348 1795 ad
3384 1744 3567 1797 nasci-

329 1825 813 1896 ὲπιθεωρουμένοις
839 1827 904 1894 τῇ
933 1825 1211 1894 ἀγεννήτῳ
1240 1823 1413 1892 φύσει.
1440 1824 1501 1876 Et
1534 1825 1643 1893 γάρ
1667 1823 1736 1876 τὰ
1760 1824 1898 1878 αὐτά

1997 1825 2126 1890 bile,
2163 1834 2320 1880 notas
2350 1841 2564 1894 quoque
2589 1836 2642 1880 ct
2667 1828 3009 1884 conditiones
3037 1831 3102 1884 ad
3125 1835 3565 1901 cognoscendum

331 1918 554 1984 λέγοιεν,
587 1917 771 1968 οὐκέτι
798 1916 859 1968 τὸ
888 1917 1119 1987 ἑτεροῖον
1144 1915 1243 1985 τῆς
1263 1915 1370 1967 τῶν
1401 1915 1770 1985 ὑποκειμένων
1795 1915 1897 1982 φύ-

1999 1927 2155 1988 aptas
2179 1919 2497 1974 substantiae
2517 1923 2798 1975 nascibilis
2823 1925 3125 1978 contrarias
3154 1941 3274 1979 esse
3306 1927 3431 1988 illis,
3450 1944 3569 1995 ιμιιε

330 2006 576 2068 σεως-διά
595 2006 691 2074 τῆς
711 2007 1032 2074 ταύτότητος
1059 2005 1166 2058 τῶν
1189 2004 1671 2074 ἐπιθεωρουμένων
1707 2007 1898 2075 συστή-

2001 2009 2055 2062 ἱη
2089 2017 2282 2064 natura
2338 2011 2644 2066 innascibili
2692 2023 2972 2082 apparent.
3014 2013 3068 2067 Si
3098 2017 3240 2068 enim
3281 2019 3567 2086 utrobique

329 2115 499 2152 σεται.
525 2097 645 2149 Τῶν
669 2097 774 2168 γὰρ
804 2097 1053 2166 ὲτεροίως
1077 2098 1326 2166 ἑχόντων,
1351 2098 1513 2166 ἔτερα
1548 2097 1652 2168 χρὴ
1682 2098 1897 2162 πάντως

1997 2101 2216 2154 easdem
2249 2108 2407 2155 notas
2441 2112 2664 2171 ponant,
2697 2104 2841 2158 haud
2879 2105 3112 2174 amplius
3153 2107 3440 2162 diversitas
3472 2125 3567 2160 na-

327 2186 464 2242 εἷναι
505 2190 599 2241 καὶ
636 2188 703 2240 τὰ
743 2189 1093 2258 γνωρίσματα
1132 2186 1355 2240 οἴεσθαι·
1404 2189 1503 2240 ὅσα
1541 2189 1596 2240 δὲ
1639 2188 1896 2248 ὡσαύτως

1999 2197 2132 2244 tune
2162 2205 2342 2244 rerum
2387 2193 2777 2258 subjectarum,
2829 2210 2922 2261 per
2953 2195 3170 2249 easdem
3218 2207 3375 2251 notas
3411 2200 3565 2252 nobis

326 2280 466 2332 κοιτά
502 2280 594 2331 τὸν
631 2279 785 2344 λόγον
808 2279 904 2347 τῆς
927 2279 1111 2340 οὐσίας
1145 2279 1288 2348 ἔχει,
1335 2280 1445 2340 τοῖς
1489 2280 1669 2341 αὐτοῖς
1700 2279 1895 2348 δηλαδὴ

1998 2282 2498 2349 repnescutabitnr.
2549 2282 2682 2336 Nam
2736 2300 2821 2346 ea,
2867 2301 2988 2353 qua:
3034 2287 3189 2340 aliter
3222 2296 3416 2342 natura
3448 2306 3567 2342 sese

327 2371 574 2441 σημείοις
608 2370 1088 2439 χαρακτηρίζεται.
1119 2371 1178 2422 Et
1205 2370 1301 2438 μὲν
1322 2364 1414 2422 οὖν
1437 2369 1506 2422 τά
1533 2371 1670 2423 αὐτά
1695 2371 1786 2423 καὶ
1820 2370 1896 2440 τῷ

1997 2371 2218 2435 habent,
2267 2373 2577 2426 necessario
2615 2374 2948 2428 comitantur
2974 2376 3079 2428 alia
3110 2377 3330 2441 ibidem,
3367 2381 3565 2447 quibus

326 2465 621 2530 Μονογενεῖ
652 2458 1179 2531 προσμαρτυροῦσιν,
1213 2460 1487 2530 οὐδεμίαν,
1527 2459 1707 2523 καθὼς
1745 2461 1895 2530 εἴρη-

1996 2469 2428 2528 cognoscantur,
2466 2461 2697 2514 indicia:
2752 2478 2870 2530 quae
2896 2475 3074 2519 autem
3115 2467 3411 2520 secundum
3440 2469 3566 2520 sub-

326 2571 432 2617 ται,
463 2554 593 2623 περ)¹
638 2553 700 2604 τὸ
736 2553 1090 2621 ὑποκείμενον
1121 2551 1382 2622 διαφορὰν
1422 2551 1709 2604 ἐννοοῦσιν.
1748 2553 1810 2605 Εἰ
1837 2553 1894 2604 δὲ

1997 2553 2214 2606 stantia;
2249 2553 2511 2608 rationem
2557 2555 2809 2609 similiter
2844 2572 2965 2610 sese
3005 2557 3224 2620 habent,
3262 2575 3321 2611 ea
3371 2561 3562 2613 iisdem

325 2648 435 2707 τοῖς
480 2640 819 2713 βλασφήμοις
848 2644 1149 2712 ἑπιμένοιεν
1175 2643 1369 2710 λόγοις,
1395 2643 1488 2695 καὶ
1525 2642 1585 2694 τὸ
1617 2641 1894 2711 παρηλλα-

2004 2646 2168 2698 etiam
2214 2645 2356 2699 notis
2399 2657 2452 2699 et
2487 2647 2750 2716 symbolis
2797 2648 3101 2718 signantur.
3150 2649 3202 2702 Si
3237 2652 3404 2716 igitur
3441 2655 3563 2705 uni-

327 2737 524 2804 γμένον
549 2736 642 2804 τῆς
673 2735 888 2802 φύσεως
915 2736 972 2786 ὲν
1012 2737 1076 2804 τῇ
1117 2734 1345 2804 διαφορᾷ
1373 2733 1483 2786 ’τοῦ
1519 2733 1777 2802 γεννητοῦ
1804 2735 1896 2787 καὶ

1997 2736 2181 2805 genito
2214 2733 2352 2788 Filio
2377 2737 2595 2791 easdem
2643 2753 2863 2808 quoque
2902 2749 3058 2794 notas
3105 2743 3406 2805 ascribunt,
3442 2747 3563 2796 nul-

335 2825 424 2878 τοῦ
444 2825 735 2894 ἀγεννήτου
767 2822 1238 2886 κατασκευάζοιέν,
1263 2821 1480 2875 εὔκολον
1507 2823 1732 2875 συνιδεῖν
1761 2823 1888 2875 πάνυ

1996 2829 2124 2891 lam,
2157 2836 2314 2896 prout
2335 2827 2470 2891 dixi,
2504 2829 2556 2881 in
2590 2829 2896 2884 substantia
2919 2831 3288 2886 diversitatem
3318 2845 3561 2889 statuere

337 2933 440 2978 τως
470 2917 526 2967 τὸ
551 2918 610 2968 ἐκ
636 2915 738 2985 τῆς
773 2914 1087 2978 ἀκολουθίας
1119 2916 1542 2984 ἀναφαινόμενον
1568 2925 1584 2942 ⁸
1623 2914 1704 2968 ὅτι
1757 2913 1895 2966 κατά

1996 2918 2077 2971 vel
2125 2932 2456 2986 cognoscere
2505 2927 2730 2987 queunt.
2791 2919 2849 2974 Si
2882 2937 3012 2975 vero
3050 2923 3102 2975 in
3136 2938 3232 2976 sua
3290 2926 3564 2993 impietate

332 3007 429 3076 τὴν
474 3006 577 3059 τῶν
618 3006 896 3075 ὀνομάτων
938 3004 1230 3067 ἀντίθεσιν,
1265 3005 1478 3072 καὶτῆς
1525 3002 1739 3070 φύσεως
1788 3002 1938 3095 τῶν⁴

1959 3046 1962 3091 λ
1998 3007 2314 3074 persistant,
2355 3014 2408 3060 et
2438 3006 2808 3062 diversitatem
2846 3019 3056 3065 natura:
3087 3028 3180 3080 per
3209 3015 3488 3068 nascibilis
3511 3024 3565 3070 et

327 3098 430 3152 ὑπὸ
467 3096 574 3149 τῶν
619 3097 896 3166 ὀνομάτων
944 3094 1356 3166 σημαινομένων
1395 3093 1725 3154 ὑπεναντίως
1753 3091 1895 3161 ἔχειν

1954 3091 1958 3092 ί
2001 3097 2341 3160 innascibilis
2371 3097 2727 3178 dill‘erenliam
2761 3100 3044 3164 fabricent,
3071 3103 3226 3157 facile
3248 3111 3330 3159 est
3361 3105 3560 3167 videre,

322 3189 459 3258 πῴς
489 3187 687 3258 ἑαυτὴν
718 3186 1064 3258 νομισθείσης
1089 3227 1104 3250 ,
1140 3187 1349 3256 ἀνάγκη
1380 3188 1530 3239 πᾶσα
1564 3186 1658 3239 καὶ
1689 3186 1757 3239 τὰ
1780 3189 1896 3238 ἐπι-

2000 3203 2245 3256 quzcuam
2279 3189 2406 3242 inde
2437 3190 2647 3243 oriatur
2673 3194 3023 3244 consecutio:
3073 3208 3268 3261 nempe
3292 3195 3336 3248 si
3369 3211 3564 3249 secun—

321 3279 673 3349 θεωρούμενα
701 3279 978 3348 ἑκατέροις
1020 3282 1155 3350 πρὸς
1183 3279 1242 3332 τδ
1275 3279 1512 3332 ἐναντίον
1538 3277 1893 3348 διενεχθῆναιο

1998 3279 2126 3348 dum
2175 3278 2458 3332 nominum
2510 3280 2906 3348 oppositionem
2959 3282 3088 3350 ipsae
3142 3285 3305 3337 etiam
3358 3293 3564 3340 natura;

320 3366 463 3419 ὥστε
496 3367 609 3420 τῶν
639 3370 731 3420 ἐπὶ
752 3367 846 3420 τοῦ
875 3369 1081 3441 Πατρὸς
1105 3368 1428 3438 λεγομένων,
1451 3369 1519 3421 τὰ
1545 3367 1896 3437 ἀντικείμενα

1997 3383 2208 3433 eorum,
2259 3368 2350 3436 qui
2412 3383 2510 3437 per
2561 3369 2779 3422 nomina
2830 3369 3226 3439 significantur,
3291 3375 3563 3428 contrarie

317 3456 398 3526 τῷ
435 3458 730 3526 Μονογενεῖ
774 3458 1176 3529 ὲφαρμόζεσθαι
1203 3497 1218 3522 ,
1261 3458 1531 3529 θεότητος,
1585 3458 1854 3528 ἀγιασμοῦ
1877 3497 1892 3522 ,

1998 3471 2119 3511 sese
2176 3455 2405 3509 invicem
2463 3455 2684 3519 habent,
2744 3456 3130 3512 iuevitabiliter
3177 3459 3444 3528 sequitur,
3499 3477 3560 3515 ea

317 3548 689 3620 ἁγαθότητος,
718 3549 1053 3618 ἀφθαρσίας,
1088 3549 1419 3619 ἀῖδιότητος,
1469 3550 1564 3602 καὶ
1597 3549 1731 3602 εἴτι
1767 3549 1896 3604 ἄλλο

1999 3547 2186 3610 etiam,
2235 3561 2356 3616 quae
2408 3546 2518 3602 illis
2572 3547 2754 3603 inesse
2801 3547 3240 3612 considerantur,
3290 3555 3563 3606 contrarie

318 3639 414 3696 τὸν
449 3639 541 3691 ἐπὶ
582 3639 797 3693 πάντων
823 3639 956 3693 Θεὸν
982 3639 1070 3694 διὰ
1111 3639 1217 3693 τῶν
1249 3638 1484 3693 εὐσεϐῶν
1528 3640 1657 3709 ἡμῖν
1688 3639 1894 3710 νοημά-

1998 3654 2118 3694 sese
2145 3638 2372 3692 habere:
2411 3646 2469 3691 ut
2496 3637 2722 3708 proinde
2749 3637 3036 3709 Unigenito
3059 3655 3288 3709 prorsus
3316 3639 3561 3710 opposita

318 3748 432 3787 των
485 3731 834 3801 παρίστησινο
863 3730 1003 3784 ὥστε
1056 3731 1235 3785 πάντα
1258 3730 1326 3784 τὰ
1346 3731 1773 3801 ἀπεμεραίνοντα,
1803 3731 1898 3784 καὶ

1998 3729 2088 3792 iis,
2121 3743 2243 3798 quae
2265 3729 2331 3783 de
2361 3727 2523 3782 Patre
2549 3729 2905 3791 aﬁirmantur,
2939 3732 3399 3786 accommodanda
3429 3735 3558 3796 sint,

320 3822 541 3893 ἑκάστῳ
560 3822 670 3876 τῶν
703 3822 837 3894 πρὸς
859 3823 920 3876 τὸ
947 3825 1189 3894 κρεῖττον
1219 3822 1638 3892 ὑπειλημμένων
1659 3823 1895 3876 ἀντιδια-

1997 3821 2271 3890 opposita,
2324 3819 2570 3888 inquam,
2611 3819 2904 3885 divinitati,
2953 3822 3257 3886 sanetitati,
3310 3821 3558 3883 bonitati,

321 3911 676 3981 στελλόμενα,
703 3912 799 3982 τῆς
824 3912 1086 3984 γενητῆς
1116 3912 1221 3966 ίδια
1240 3912 1478 3982 νομίζειν
1504 3912 1688 3974 οὐσίας
1728 3908 1888 3966 εἶναι.

1998 3910 2415 3980 incorruptioui,
2445 3912 2753 3975 aeternitati,
2807 3920 2861 3965 et
2917 3911 2971 3966 id
3016 3928 3188 3980 genus
3243 3914 3385 3975 aliis.
3443 3929 3563 3982 qua:

318 4001 494 4058 Deum
557 4001 934 4056 universorum
993 4018 1088 4072 per
1150 4002 1270 4071 pias
1326 4000 1685 4070 cogitationes
1739 4003 1899 4057 nobis
1941 4009 2351 4072 repraasentant.
2405 4000 2586 4067 Quare
2645 4010 2877 4072 oportet,
2927 4011 2986 4057 ut
3053 4020 3242 4059 omnes
3294 4014 3454 4068 notae,
3508 4015 3561 4060 ct

319 4093 511 4150 omnia
572 4101 780 4146 naturae
833 4092 1031 4147 indicia
1074 4092 1390 4148 melioribus
1436 4092 1546 4146 illis
1597 4093 1896 4156 contraria,
1931 4100 2140 4146 natura:
2171 4092 2364 4161 genitae
2385 4093 2600 4162 propria
2631 4094 2928 4148 existimari
2958 4095 3209 4149 debeant.

392 4187 696 4256 Σαφηνείας
711 4185 765 4237 δὲ
789 4185 967 4256 χάριν,
993 4184 1473 4256 προσδιατριπτέον
1496 4185 1611 4237 ἐστὶ
1632 4183 1708 4254 τῷ
1723 4185 1893 4254 τόπῳ.
1960 4206 1964 4210 ·

1960 4206 1964 4210 ·
2070 4186 2139 4236 At
2177 4184 2444 4238 claritatis
2477 4199 2643 4238 causa
2676 4185 2762 4238 isti
2823 4185 2940 4238 loco
2986 4186 3232 4239 nonnihil
3283 4187 3556 4241 immorari

317 4284 534 4351 Ὠσπερ
562 4279 640 4349 τῷ
664 4277 849 4349 θερμῷ
875 4277 967 4331 καὶ
993 4279 1068 4348 τῷ
1089 4278 1303 4349 ψυχρῷ,
1326 4279 1584 4338 ἐναντίοις
1613 4272 1730 4330 οὖσι
1758 4277 1896 4330 κατά

1951 4273 2166 4334 )1υ1›ει.
2214 4273 2682 4338 Quemadmodum
2740 4275 2974 4328 calidum
3025 4283 3080 4329 et
3147 4276 3398 4344 frigidum
3454 4279 3557 4332 sibi

312 4375 420 4444 τὴν
451 4367 972 4440 φύσιν’(ὑποκείσθω
998 4370 1054 4424 δὲ
1092 4371 1170 4441 τῷ
1215 4371 1356 4441 λόγῳ
1397 4371 1507 4440 πῦρ
1534 4389 1593 4423 τε
1637 4371 1728 4425 καὶ
1763 4372 1893 4440 κρέ’

1997 4371 2188 4419 mutuo
2249 4365 2668 4418 adversantibus
2716 4367 2927 4419 naturis
2978 4374 3237 4418 constant
3275 4367 3559 4435 (accipia-

317 4462 570 4524 σταλλος.
619 4462 823 4514 Ἐκεῖνο
851 4461 1103 4532 ἑκάτερον
1133 4460 1214 4525 ὃν,
1246 4464 1382 4534 ὅπερ
1409 4464 1508 4515 οὐκ
1540 4461 1652 4514 ἔστι
1680 4461 1740 4514 τὺ
1778 4462 1896 4514 ἓτε-

1995 4471 2120 4510 mus
2163 4455 2396 4524 exempli
2433 4456 2605 4521 gratia
2642 4455 2819 4524 ignem
2860 4464 2912 4509 ct
2969 4456 3219 4524 glaciem.
3269 4455 3559 4522 Quodlibet

319 4573 439 4626 ρον.
482 4555 594 4606 Καὶ
639 4554 706 4606 τά
736 4555 882 4615 ἰδίως
932 4553 1175 4624 ἐκατέρῳ
1213 4553 1415 4607 τούτων
1464 4554 1888 4624 ἐπιφαινόμενα,

1995 4552 2080 4599 est
2109 4543 2266 4606 illud,
2299 4543 2444 4610 quod
2479 4558 2588 4595 non
2646 4552 2730 4597 est
2782 4544 3035 4606 alterum,
3080 4553 3132 4598 et
3164 4560 3283 4612 quae
3339 4547 3557 4601 cuilibet

318 4641 790 4713 παρηλλαγμένως
817 4642 928 4712 ἔχει
959 4643 1175 4704 πάντως
1203 4643 1337 4713 πρὸς
1370 4642 1590 4712 ἄλληλα’
1629 4643 1757 4696 ῐδιον
1787 4643 1894 4713 γὰρ

1996 4631 2189 4685 horum
2223 4631 2440 4700 proprie
2467 4631 2822 4693 conveniunt,
2855 4647 3079 4700 prorsus
3107 4634 3248 4688 inter
3269 4651 3327 4690 se
3353 4635 3557 4690 discre-

318 4734 419 4787 τοῦ
454 4734 549 4802 μὲν
583 4733 916 4802 κρυστάλλου
948 4735 980 4803 ἡ
1015 4733 1192 4802 ψύξιςο
1225 4732 1319 4787 τοῦ
1363 4733 1420 4787 δὲ
1464 4732 1662 4802 πυρὸς,
1698 4733 1732 4802 ἡ
1767 4731 1891 4800 θερ-

1994 4729 2124 4792 pant
2152 4741 2163 4775 :
2195 4736 2319 4774 nam
2355 4721 2545 4790 glaciei
2577 4724 2855 4791 proprium
2886 4732 2970 4779 est
3016 4723 3354 4794 refrigerare.
3418 4729 3557 4798 ignis

324 4821 725 4896 pdtnc'Mi'rrw;
756 4823 910 4892 εἴπερ
937 4823 1076 4877 κατὰ
1100 4822 1196 4893 τὴν
1229 4825 1287 4875 ὲν
1321 4825 1431 4885 τοῖς
1461 4822 1716 4892 ὀνόμασιν
1745 4823 1895 4875 ἐναν-

1993 4811 2338 4880 calefacere),
2366 4812 2461 4874 ita,
2494 4812 2538 4866 si
2578 4820 2635 4864 ut
2657 4813 2876 4866 nomina
2903 4814 2956 4866 in
2978 4813 3280 4870 innascibili
3307 4825 3360 4870 et
3387 4820 3559 4873 nasci-

321 4917 510 4968 τίωσιν
549 4917 639 4967 ἐπὶ.
680 4915 775 4967 τοῦ
813 4914 1104 4982 ἀγεννήτου
1152 4913 1246 4965 καὶ
1289 4911 1566 4982 γεννητοῦ,
1619 4911 1712 4965 καὶ
1742 4913 1774 4982 ἡ
1808 4911 1894 4965 διὰ

1996 4902 2087 4956 bili
2117 4902 2220 4957 sibi
2255 4902 2532 4956 contraria
2566 4911 2716 4966 sunt,
2741 4904 2820 4958 sic
2858 4905 3018 4958 etiam
3079 4916 3270 4960 natura
3327 4911 3562 4963 nomini-

320 5010 425 5062 τῶν
450 5008 732 5079 ὀνομάτων
763 5006 1064 5076 δηλουμένη
1093 5005 1253 5073 φύσις
1287 5005 1422 5072 πρὸς
1446 5005 1507 5056 τὺ
1526 5003 1894 5074 ἀντικείμενον

1994 4997 2097 5049 bus
2125 4994 2430 5064 significata
2457 4996 2855 5065 oppositionem
2877 4997 3060 5063 habet,
3089 5001 3201 5055 fieri
3225 5018 3330 5056 non
3360 5012 3556 5072 potest,

321 5100 588 5170 διασταίη,
622 5101 722 5153 οὐκ
751 5098 1023 5168 ἐνδέχεται
1063 5096 1160 5159 τάς
1190 5095 1445 5165 δυνάμεις
1473 5094 1582 5147 τῶν
1624 5094 1763 5148 κατά
1798 5093 1896 5162 φύ-

1996 5094 2054 5139 υι
2080 5087 2334 5156 potentiaa
2367 5103 2554 5142 eorum
2581 5104 2702 5158 qum
2730 5089 3030 5144 secundum
3061 5100 3308 5147 naturam
3342 5105 3559 5146 contra-

325 5205 406 5242 σιν
434 5190 789 5252 ὑπεναντίων,
820 5187 1010 5257 ὁμοίας
1039 5185 1294 5254 ἀλλήλαις
1338 5178 1497 5237 εἶναι’
1527 5184 1602 5244 ὡς
1629 5183 1728 5238 οὐκ
1751 5184 1895 5236 ἐνδέ-

1996 5178 2076 5232 ria
2112 5187 2261 5244 sunt,
2301 5180 2410 5236 sint
2447 5180 2591 5233 inter
2618 5195 2678 5236 se
2708 5181 2937 5244 similes,
2970 5192 3130 5251 prout
3166 5185 3278 5238 fieri
3322 5199 3428 5235 non
3464 5197 3559 5249 po-

325 5296 493 5348 χεται,
525 5279 650 5333 οὔτε
698 5281 758 5331 ἐν
788 5277 922 5348 πυρὶ
947 5275 1046 5346 τὴν
1087 5274 1267 5345 ψύξιν,
1316 5273 1438 5327 οὔτε
1470 5277 1528 5327 ὲν
1579 5273 1931 5358 κρυστάλλῳί,

1954 5279 2120 5364 \test,
2176 5279 2232 5324 ut
2288 5271 2342 5324 in
2389 5271 2514 5340 igne
2568 5272 2875 5327 inveniatur
2932 5274 3138 5344 frigus,
3185 5281 3238 5326 et
3293 5275 3344 5324 in
3389 5273 3560 5340 glacie

324 5367 570 5436 γενέσθαι
600 5371 702 5442 ¹τὴν
731 5368 999 5440 πύρωσιν.
1033 5367 1097 5419 Et
1129 5362 1220 5420 οὖν
1255 5367 1311 5416 ὲν
1342 5367 1405 5434 τῇ
1439 5364 1720 5433 ἀγεννήτῳ
1744 5364 1905 5433 οὐσίᾳι

1978 5360 2166 5419 ἐειοικ
2223 5360 2280 5416 Si
2331 5363 2493 5432 igitur
2553 5363 2608 5417 in
2645 5372 2838 5419 natura
2881 5363 3191 5419 innascibili
3225 5363 3440 5416 bonitas
3483 5364 3558 5415 in-

324 5459 356 5527 ἡ
385 5459 657 5530 ἀγαθότης
677 5460 901 5520 νοεῖται,
923 5458 1171 5526 διέστηκε
1191 5456 1268 5521 δὲ,
1293 5454 1474 5518 καθὼς
1497 5453 1692 5507 ἐκεῖνοί
1713 5470 1893 5521 φασιν,

1997 5463 2102 5519 est,
2136 5455 2411 5524 discrepat
2451 5463 2654 5519 autem,
2710 5458 2851 5525 quod
2907 5456 2983 5509 illi
3029 5454 3316 5516 allirmant,
3375 5453 3429 5507 in
3478 5469 3557 5506 ra-

325 5551 382 5603 ὲν
413 5552 484 5621 τῷ
512 5552 658 5622 λόγῳ
684 5551 784 5621 τῆς
819 5549 1027 5618 φύσεως
1052 5549 1186 5618 πρὸς
1205 5547 1300 5618 τὴν
1327 5545 1586 5616 γεννητὴν
1612 5547 1644 5616 ἡ
1666 5545 1866 5615 ἁγέννη
1883 5576 1896 5585 -

2001 5547 2151 5612 tione
2187 5555 2394 5602 natura;
2425 5547 2769 5603 innascibilis
2804 5561 2833 5598 a
2871 5544 3139 5608 naseibili,
3178 5559 3403 5601 necesse
3451 5560 3565 5599 our

398 5697 425 5731 ι
461 5684 759 5754 liucusque
789 5681 987 5751 Apogr.
1027 5680 1168 5746 Liv.;
1197 5680 1479 5751 sequentia
1513 5695 1574 5734 ex
1615 5679 1734 5735 solo
1778 5677 1876 5734 cod
1929 5677 2056 5733 Bav.
