4068 6148
346 216 446 271 4H

1599 189 1657 244 S.
1684 183 2010 244 GREGORII
2065 181 2362 238 NYSSENI

3498 169 3619 224 412

349 329 480 383 nino
505 333 606 386 est,
644 331 701 375 ut
752 319 828 384 id,
883 315 1028 386 quod
1083 320 1168 367 est
1215 307 1498 381 proprium
1561 303 1963 366 innascibilis,.

2066 318 2140 364 ος,
2173 298 2613 368 συνδιαστήσ-εται
2659 295 2875 356 πάντως
2913 292 3005 346 καὶ
3034 288 3128 342 τοῦ
3169 284 3504 355 ἀγγεννήτου
3545 280 3608 335 τὸ

351 420 627 486 discrepet
653 426 868 483 quoque
902 409 971 462 ab
990 407 1105 469 illo,
1133 403 1280 474 quod
1305 409 1390 457 est
1411 398 1690 470 proprium
1743 393 1925 466 nasci-

355 509 500 564 bilis.
533 484 714 574 Itaque
740 501 786 556 si
812 501 867 553 in
903 500 994 552 illa
1033 505 1232 551 natura
1277 494 1420 547 inest
1448 490 1688 552 bonitas,
1746 486 1799 540 in
1824 484 1926 538 hac

356 599 430 655 id.
461 593 606 664 quod
655 593 797 646 bono
850 587 1170 659 opponitur,
1225 579 1648 651 concipiendum
1693 575 1816 630 erit.
1848 574 1926 626 Ita

355 700 519 755 opera
546 680 843 752 insignium
874 679 1104 734 istorum
1137 673 1588 744 dogmatistarum
1640 664 1930 720 reviviscet

359 777 544 830 Manes
591 773 720 828 mali
755 778 1008 826 naturam
1055 780 1340 837 opponens
1377 763 1542 824 bono,
1584 767 1640 814 et
1679 756 1933 812 substan-

357 868 556 919 tiarum
606 860 977 916 diversitatem
1034 856 1090 910 in
1149 855 1286 924 ipsis
1328 865 1547 922 quoque
1589 845 1852 918 potentiis
1879 852 1934 898 et

361 953 656 1010 virtutibus
699 961 976 1005 astruens.

433 1045 493 1099 Si
543 1051 727 1098 autem
766 1041 905 1095 nihil
939 1037 1161 1109 penitus
1201 1030 1661 1089 dissimulandum
1699 1034 1805 1094 est,
1840 1027 1935 1082 sed

363 1135 552 1190 omnia
595 1134 768 1188 libere
789 1127 1022 1186 dicenda
1051 1147 1063 1180 :
1099 1125 1285 1179 Manes
1309 1123 1504 1176 merito
1528 1119 1682 1174 venia
1723 1116 1938 1187 dignior

363 1225 670 1283 existimari
710 1229 911 1293 potest,
963 1232 1129 1290 quam
1161 1216 1249 1270 isti
1276 1229 1469 1284 :quem
1513 1212 1666 1266 aiunt
1702 1211 1938 1279 primum

368 1320 562 1383 fuisse,
611 1315 706 1386 qui
749 1312 1049 1367 Manicbaea
1097 1308 1351 1377 dogmata
1383 1305 1586 1360 cudere
1633 1302 1938 1372 ingressus,

369 1420 574 1466 sectam
620 1407 689 1460 de
730 1420 831 1460 suo
859 1402 1083 1457 nomine
1115 1396 1492 1468 appellaverit.
1531 1393 1655 1447 Haec
1686 1391 1940 1456 dixerim,

373 1504 533 1574 quasi
577 1503 624 1557 si
671 1500 796 1570 quis
833 1514 900 1553 ex
938 1498 1124 1566 vipera
1156 1502 1212 1548 et
1253 1493 1442 1562 aspide
1481 1488 1851 1558 benigniorem
1891 1493 1946 1539 et

373 1596 649 1651 mitiorem
693 1592 879 1661 eligat,
919 1602 1042 1643 cum
1089 1585 1254 1640 etiam
1311 1583 1452 1637 inter
1497 1582 1614 1650 ipsa
1650 1579 1810 1633 bruta
1836 1575 1947 1629 ani-

2033 395 2162 447 ίδιον
2195 392 2301 446 ἀπὸ
2329 389 2421 445 τοῦ
2469 391 2610 443 κατά
2651 388 2711 440 τὸ
2737 385 2990 456 γεννητὸν
3019 379 3329 446 ἱδιάζοντος.
3369 377 3532 429 Ὥστε
3558 375 3606 426 εί

2033 489 2089 540 ὲν
2120 486 2313 556 ἐκείνῳ
2339 485 2399 536 τὸ
2434 481 2659 551 ἀγαθὸν,
2684 481 2743 533 ὲν
2771 479 2945 545 τούτῳ
2977 472 3209 529 νοεῖσθαι
3228 470 3290 523 τὸ
3316 468 3392 538 τῷ
3420 464 3612 534 ἀγαθῷ

2033 576 2426 645 ἀντικείμενον.
2458 571 2570 626 Καὶ
2593 569 2764 633 οὕτως
2788 569 2918 638 ἡμῖν
2939 565 3029 620 διὰ
3056 564 3165 618 τῶν
3196 560 3374 630 σοφῶν
3406 556 3613 610 τούτων

2033 662 2429 735 δογματιστῶν,
2473 659 2635 715 πάλιν
2664 662 2693 712 ό
2731 657 2923 727 Μάνης
2971 650 3332 709 ἀναϐιώσεται
3372 647 3470 718 τὴν
3512 645 3614 714 τῆς

2037 755 2234 818 κακίας
2268 752 2427 822 φύσιν
2455 747 2903 820 ἀντιπαρεξάγων
2928 744 3006 815 τῷ
3038 741 3247 812 ἀγαθῷ,
3279 740 3373 793 καὶ
3411 739 3479 807 τῇ
3505 736 3616 788 τῶν

2038 847 2236 900 οὐσιῶν
2267 845 2542 914 ἑτερότητι
2580 837 2921 911 δογματίζων
2948 837 3011 890 τδ
3054 837 3111 889 ὲν
3159 834 3277 894 ταῖς
3321 828 3618 898 δυνάμεσιν

2041 938 2220 992 αὐτῶν
2250 934 2644 1003 ἀντικείμενον.
3005 957 3037 986 ,ι-

2114 1028 2178 1082 Εί
2206 1028 2264 1082 δὲ
2292 1025 2399 1097 χρὴ
2435 1024 2598 1096 μηδὲν
2631 1021 3087 1090 ὑποστειλάμενον
3129 1017 3266 1088 μετά
3305 1015 3622 1084 παρρησίας

2045 1123 2238 1184 εἰπεῖν,
2274 1116 2742 1186 συγγνωστότερος
2773 1114 2978 1167 τούτων
3012 1115 3046 1188 ’ὁ
3079 1109 3265 1178 Μάνης
3305 1107 3526 1167 εἰκότως
3555 1103 3626 1155 ἂν

2047 1209 2184 1266 εῖναι
2212 1209 2514 1281 νομίζοιτο·
2545 1208 2603 1261 ὃν
2630 1205 2842 1277 πρῶτόν
2876 1220 3008 1273 φασι
3044 1205 3158 1264 τοῖς
3185 1198 3417 1268 δόγμασι
3451 1194 3622 1252 Μανι-

2047 1303 2217 1374 χαίων
2261 1300 2716 1370 ὲπιτολμήσαντα,
2762 1296 2854 1365 ἀφ’
2892 1293 3086 1349 ἑαυτοῦ
3129 1289 3490 1359 κατονομάσαι
3523 1285 3640 1356 τὴν-

2049 1396 2278 1465 αἴρεσιν.
2330 1391 2488 1460 Λέγω
2529 1390 2587 1442 δὲ
2641 1387 2830 1452 ταῦτα,
2868 1387 2944 1450 ὠς
2987 1386 3054 1440 ἀν
3083 1384 3242 1445 εἴτις
3292 1379 3502 1451 ἐχίδνης
3531 1379 3631 1430 καὶ

2052 1487 2276 1548 ἀσπίδος
2321 1483 2418 1555 τὴν
2449 1479 2965 1552 φιλανθρωποτέραν
2992 1475 3267 1543 ἐκλέγοιτο
3288 1491 3302 1504 ·
3337 1471 3473 1543 πλὴν
3507 1469 3627 1523 ἀλλ’

2054 1578 2240 1647 ἐπειδή
2271 1579 2385 1629 ἐστι
2417 1573 2510 1628 καὶ
2543 1575 2600 1627 ὲν
2630 1572 2836 1642 θηρίοις
2875 1568 3073 1640 κρίσις,
3113 1566 3233 1634 οὐχὶ
3255 1563 3458 1616 τούτων
3484 1559 3634 1612 ἐκεί-

374 1689 580 1741 niantia
615 1686 686 1739 sit
733 1653 1030 1737 discrimen
1067 1674 1363 1746 quoddam.
1410 1672 1602 1727 Nonne
1649 1671 1771 1725 illos
1818 1667 1951 1739 (Ma-

2066 1687 2175 1732 νους
2205 1666 2589 1736 ἀνεκτοτέρους
2642 1659 2776 1717 εἶναι
2818 1660 3221 1731 δοκιμαζόμενα
3261 1656 3329 1709 τὰ
3383 1653 3635 1722 δόγματα

373 1776 638 1845 ηἰειιιεοε)
673 1759 764 1830 his
801 1769 1200 1844 (Eunomianis)
1257 1766 1655 1821 tolerabiliores
1695 1762 1948 1830 dogmata

374 1873 440 1927 ad
488 1884 718 1925 examen
758 1873 949 1920 vocata
997 1861 1340 1918 ostendunt?
1393 1858 1486 1912 Ille
1535 1857 1681 1911 enim
1717 1850 1949 1921 (Manes)

375 1966 642 2018 bonorum
667 1957 875 2014 auctori
908 1965 962 2011 ει
991 1954 1264 2027 principio
1300 1967 1360 2006 se
1393 1946 1722 2020 patrocinari
1754 1943 1950 2000 existi-

377 2055 579 2116 mabat,
612 2061 875 2120 tanquam
911 2048 1059 2102 nulla
1083 2046 1212 2100 mali
1259 2057 1426 2098 causa
1453 2039 1523 2093 ab
1561 2039 1652 2092 illo
1685 2037 1952 2106 originem

379 2144 541 2198 ducat
589 2160 603 2196 :
659 2149 949 2210 propterea
992 2137 1061 2191 ad
1109 2133 1259 2189 aliud
1309 2131 1635 2202 principium
1667 2127 1954 2198 proprium

379 2234 626 2288 omnium
647 2246 861 2293 eorum,
891 2244 1013 2298 qua:
1049 2229 1106 2282 in
1129 2225 1288 2280 malis
1321 2229 1703 2282 numerantur,
1733 2230 1955 2272 causam

382 2325 588 2389 retulit,
607 2321 764 2395 quasi
784 2337 880 2390 pro
898 2319 1007 2374 Deo
1026 2317 1406 2372 universorum
1426 2312 1749 2365 advocatum
1768 2322 1955 2377 agens:

382 2416 609 2487 perinde
661 2429 726 2469 ac
781 2414 828 2468 si
879 2410 1160 2482 piaculum
1203 2413 1350 2462 esset
1400 2405 1668 2458 bonorum
1713 2400 1957 2455 omnium

385 2507 610 2569 fontem,
662 2518 876 2565 eorum,
908 2517 1028 2570 qua:
1073 2505 1267 2568 praeter
1310 2494 1576 2549 rationem
1611 2489 1962 2546 committun-

385 2604 496 2658 tur,
535 2607 798 2647 aceusare
842 2609 855 2644 :
911 2605 1018 2643 non
1063 2585 1396 2655 intelligi-ns,
1434 2597 1544 2652 prae
1590 2580 1758 2634 animi
1791 2593 1963 2646 angu-

386 2684 530 2746 stiis,
575 2681 689 2736 fieri
741 2694 925 2749 posse,
960 2684 1017 2728 nt
1060 2689 1238 2744 neque
1293 2673 1436 2727 Deus
1480 2671 1746 2724 malorum
1773 2676 1965 2721 auctor

391 2774 675 2837 habeatur,
715 2785 890 2838 neque
925 2768 1030 2822 alia
1062 2766 1328 2836 quaepiam
1373 2778 1539 2818 causa
1585 2760 1838 2831 principii
1869 2774 1967 2813 ex-

391 2879 516 2934 pers
557 2862 963 2916 introducatur.
1027 2860 1100 2913 De
1148 2873 1258 2928 quo
1298 2857 1456 2926 longa
1505 2862 1592 2908 est
1640 2849 1964 2921 disputatio,

2048 1761 2353 1826 δείκνυσιν;
2391 1759 2449 1812 Ὁ
2485 1759 2582 1828 μὲν
2619 1756 2727 1825 γὰρ
2780 1750 3161 1822 συναγορεύειν
3206 1749 3342 1818 ᾤετο
3372 1743 3448 1814 τῷ
3477 1741 3638 1811 αὐτῷ

2055 1849 2274 1920 ἀγαθῶν
2314 1848 2472 1921 αἰτίῳ
2499 1865 2512 1878 ·
2551 1850 2626 1911 ὼς
2657 1846 2911 1916 οὐδεμιᾶς
2936 1842 3118 1896 κακῶν
3144 1839 3321 1902 αἰτίας
3359 1837 3452 1891 ἀπ’
3483 1833 3637 1887 ὲκεί-
3727 1863 3738 1871 -

2053 1961 2143 1998 νου
2178 1943 2275 2014 τὴν
2321 1941 2495 2012 ἀρχὴν
2540 1938 2824 2007 λαϐούσης.
2855 1935 2966 1989 Καὶ
3004 1933 3092 1988 διά
3127 1932 3284 1985 τοῦτο
3327 1931 3405 1991 εἰς
3457 1926 3654 1998 ἀρχὴν-

2055 2035 2247 2105 ὲτέραν
2312 2032 2636 2095 ἰδιάζουσαν,
2688 2029 2795 2083 τῶν
2847 2029 2984 2098 πρὸς
3029 2025 3090 2079 τὸ
3145 2026 3325 2094 χεῖρον
3372 2019 3643 2090 ἀριθμου-

2060 2126 2238 2196 μένων
2303 2127 2520 2178 πάντων
2584 2123 2681 2194 τὴν
2745 2121 2933 2174 αίτίαν.
2975 2118 3180 2188 ἀνῆψεν
3200 2133 3212 2146 ο
3279 2111 3401 2167 οἷον
3441 2111 3647 2165 ἀπολο-

2059 2217 2324 2287 γούμενος
2377 2217 2517 2285 ὑπὲρ
2561 2213 2656 2266 τοῦ
2687 2198 2822 2266 Θεοῦ
2856 2210 2966 2264 τῶν
3015 2209 3170 2273 ὅλων,
3204 2206 3279 2270 ὡς
3317 2206 3416 2258 οὐκ
3443 2202 3645 2269 εὐαγὲς

2059 2309 2138 2374 ὃν,
2181 2309 2278 2379 τὴν
2310 2307 2416 2362 τῶν
2475 2305 2694 2374 ἀγαθῶν
2749 2304 2933 2374 πηγὴν
2975 2303 3067 2355 καὶ
3111 2300 3224 2353 τῶν.
3281 2297 3430 2369 παρά
3480 2294 3664 2362 λόγον.

2063 2400 2565 2472 πλημμελουμένων
2617 2396 3003 2451 ὲπαιτιᾶσθαι’
3049 2394 3108 2448 οὐ
3156 2392 3357 2454 συνιεὶς
3408 2386 3511 2441 ὑπὸ
3552 2403 3651 2456 μι-

2063 2491 2382 2561 κροψυχίας,
2413 2490 2495 2542 ὅτι
2538 2487 2758 2542 δυνατὸν
2789 2482 2878 2558 ἦν,
2917 2485 3050 2556 μηδὲ
3088 2483 3272 2537 κακῶν
3315 2475 3670 2550 δημιουργὸν¹

2062 2580 2153 2634 τὸν
2191 2580 2322 2632 Θεὸν
2371 2578 2596 2641 οἴεσθαι,
2638 2578 2774 2647 μήτε
2808 2575 2937 2628 ἄλλο
2988 2591 3040 2626 τι
3080 2574 3312 2643 ἄναρχον
3357 2567 3504 2639 παρά
3549 2566 3676 2620 τὸν·

2066 2671 2198 2725 Θεδν
2227 2669 2618 2739 φαντασθῆναι.
2644 2669 2716 2720 [Ιε
2727 2667 2778 2736 pi.
2803 2659 2878 2720 ὧν
2901 2665 3064 2728 πολὺς
3090 2666 3118 2717 ό
3139 2663 3312 2731 λόγος,
3342 2662 3433 2714 καὶ
3460 2661 3518 2712 οὐ
3548 2657 3654 2711 τοῦ

2067 2764 2331 2833 παρόντος
2355 2760 2418 2814 ἂν
2448 2761 2529 2830 εἴη
2567 2758 2779 2831 καιροῦ.
2803 2757 2912 2811 Καὶ
2934 2752 2994 2810 οὐ
3017 2756 3174 2827 χάριν
3211 2754 3318 2808 τῶν
3342 2751 3682 2824 εἰρημένων

2070 2852 2450 2925 ὲμνήσθημενς
2469 2853 2592 2905 Ὅτι
2616 2853 2820 2914 ἐκεῖνος
2845 2848 2944 2917 μὲν
2971 2849 3200 2918 ἀφιστᾷν
3227 2845 3362 2917 ᾤετο
3387 2845 3494 2897 δεῖν
3518 2845 3660 2914 περὶ

339 2955 341 2957 ’
389 2973 567 3026 neque
621 2953 908 3025 praesentis
955 2950 1238 3020 temporis.
1292 2948 1492 3010 Causa,
1542 2960 1641 2998 cur
1689 2944 1794 2997 hoc
1848 2942 1963 2995 loco

2069 2945 2163 2998 τοῦ
2200 2942 2336 2998 Θεοῦ
2365 2942 2475 2996 τῶν
2504 2942 2640 2995 ὅλων
2684 2944 2784 3012 τῆς
2819 2940 3017 3002 κακίας
3055 2940 3259 3010 ἀρχήν·
3295 2929 3438 2990 οῦτοι
3463 2935 3519 2986 δὲ
3544 2936 3657 2988 κά-

394 3050 587 3102 borum
625 3045 958 3100 mentionem
1003 3042 1316 3106 fecerimus,
1349 3040 1450 3093 ista
1481 3045 1586 3102 est,
1617 3035 1745 3105 quia
1785 3032 1963 3087 Manes

2074 3039 2270 3090 κείνων
2325 3035 2708 3106 χαλεπωτέραν
2759 3031 3225 3095 κατασκευάζουσι
3275 3028 3373 3099 τὴν
3419 3029 3660 3081 ἔκτοπον

393 3139 767 3194 arbitrabatur
797 3151 826 3188 a
858 3135 968 3190 Deo
1000 3134 1382 3188 universorum
1413 3128 1566 3184 omni
1624 3117 1786 3181 modo
1821 3123 1963 3194 prin-

2069 3131 2272 3200 ταύτην
2303 3130 2441 3182 κατά
2470 3127 2560 3180 τοῦ
2583 3127 2715 3179 Θεοῦ
2738 3123 3104 3196 βλασφημίαν,
3135 3122 3255 3175 Τῶν
3281 3121 3378 3191 μὲν
3411 3120 3517 3188 γάρ
3547 3135 3660 3172 κα-

390 3232 593 3302 cipium
626 3229 750 3282 mali
788 3226 1058 3283 removeri
1091 3226 1310 3280 debere.
1359 3223 1429 3274 At
1476 3221 1565 3275 isti
1597 3215 1963 3288 (Eunomiani)

2073 3222 2190 3275 κῶν
2240 3223 2336 3292 τὴν
2378 3221 2537 3290 φύσιν
2567 3216 2961 3289 παραπλησίως
2991 3214 3218 3276 ἐκείνοις
3260 3213 3350 3266 διὰ
3379 3212 3476 3280 τῆς
3506 3211 3662 3264 κατὰ

393 3325 551 3394 longe
595 3321 904 3392 graviorem
941 3333 1104 3387 quam
1144 3317 1242 3377 illi,
1285 3324 1336 3367 et
1371 3311 1748 3366 absurdiorem
1777 3317 1963 3362 contra

2071 3310 2168 3378 τὴν
2195 3310 2382 3362 οὐσίαν
2417 3309 2786 3376 ἐναντιότητος
2833 3303 3272 3375 δογματίζουσιν’
3303 3305 3359 3354 ὲν
3389 3296 3433 3369 ᾧ
3456 3303 3511 3354 δὲ
3543 3302 3658 3355 πά-

393 3416 592 3469 Filium
617 3412 1010 3480 blasphemiam
1041 3407 1274 3461 cudunt.
1305 3404 1569 3456 Naturam
1605 3401 1875 3454 malorum
1907 3400 1978 3452 si-

396 3509 598 3562 militer
631 3513 691 3557 ut
736 3504 834 3568 illi,
866 3500 1213 3570 oppositione
1258 3496 1560 3550 secundum
1609 3493 1973 3548 substantiam

397 3589 720 3658 metiuntur,
776 3600 1051 3661 quatenus
1090 3601 1220 3642 vero
1275 3587 1330 3640 in
1383 3586 1487 3639 hoc
1537 3599 1640 3639 suo
1697 3584 1974 3653 figmento,

403 3687 779 3741 universorum
814 3683 978 3735 Deum
1012 3687 1253 3736 statuunt
1289 3678 1646 3739 conditorem,
1691 3690 1719 3727 a
1752 3689 1881 3744 quo.
1920 3683 1981 3726 ut

416 3778 574 3840 iiunt,
619 3774 968 3844 generatione
1001 3761 1314 3826 substantia
1347 3768 1612 3839 producta
1651 3766 1846 3818 alicnze
1883 3778 2009 3816 na--

404 3882 535 3921 ,ιιι-ιε
577 3867 648 3921 sit
690 3880 721 3918 a
773 3873 968 3918 natura
1010 3863 1096 3917 sui
1145 3861 1378 3930 opificis,
1416 3866 1644 3912 eatenus
1701 3856 1982 3923 impietate

403 3958 730 4012 Manichaeos
776 3957 934 4025 longe
983 3959 1246 4022 superant
1294 3969 1306 4004 :
1345 3949 1474 4019 quia
1531 3963 1638 4001 non
1686 3947 1864 4000 solum
1906 3945 1979 4008 ei,

400 4047 546 4115 quod
593 4043 896 4100 secundum
949 4055 1102 4094 suam
1147 4046 1402 4093 naturam
1455 4035 1600 4089 bono
1637 4035 1980 4096 adversatur,

403 4135 1010 4211 liypostasintribuunt,
1045 4133 1140 4188 sed
1166 4132 1293 4200 quia
1323 4131 1528 4184 bonum
1565 4127 1732 4182 Deum
1757 4125 1984 4180 alterius

404 4231 498 4285 Dei
548 4237 746 4284 natura
795 4242 1024 4298 prorsus
1061 4224 1266 4280 diversi
1308 4220 1713 4292 progenitorem
1752 4217 1983 4284 faciunt,

403 4333 613 4378 t:mtum
664 4337 772 4376 non
830 4319 1120 4374 manifeste
1182 4316 1286 4370 bac
1331 4329 1430 4368 sua
1475 4312 1726 4366 doctrina
1779 4311 1984 4365 vocife-

401 4425 609 4481 rantes,
645 4412 852 4483 aliquid
892 4425 1016 4466 esse
1051 4416 1260 4464 natura:
1293 4405 1418 4461 boni
1449 4404 1808 4468 contrarium,
1838 4401 1982 4471 quod

402 4508 472 4560 ab
498 4506 617 4575 ipso
641 4505 784 4558 bono
816 4500 1141 4573 bypostasin
1171 4497 1465 4566 acceperit.
1495 4493 1629 4547 Nam
1654 4509 1778 4547 cum
1801 4491 1984 4546 Patris

403 4597 712 4651 substantia
761 4596 904 4648 bona
951 4593 1022 4648 sit
1059 4590 1290 4654 credita,
1326 4587 1635 4643 substantia
1671 4600 1800 4640 vero
1833 4584 1979 4648 Filii,

404 4703 471 4740 eo
507 4688 657 4756 quod
687 4702 794 4738 non
831 4684 1022 4738 eodem
1071 4681 1231 4735 modo
1277 4695 1336 4734 se
1387 4678 1586 4731 habeat
1640 4690 1766 4729 cum
1822 4675 1982 4730 Patre

407 4775 710 4832 secundum
760 4785 966 4828 natura:
1033 4775 1325 4834 rationem,
1382 4778 1545 4837 prout
1596 4767 1980 4821 haereticorum

406 4877 492 4924 cst
528 4865 736 4934 opinio,
786 4865 838 4917 in
895 4863 1302 4918 contrariorum
1345 4860 1536 4914 ordine
1568 4875 1634 4913 ex
1668 4859 1977 4913 necessaria

407 4955 801 5013 consecutione
825 4955 1081 5010 collocari
1115 4953 1332 5014 debeat,
1359 4950 1487 5020 quid
1512 4951 1638 5004 hinc
1659 4949 1983 5004 conficitur?

408 5051 522 5105 lloc
575 5045 853 5110 nimirum,
889 5044 1190 5098 subsistere
1226 5041 1432 5111 aliquid
1467 5041 1611 5094 bono
1642 5041 1978 5109 oppositum,

2074 3402 2156 3454 λιν
2202 3400 2297 3453 τοῦ
2336 3401 2578 3453 τοιούτου
2630 3398 2945 3468 πλάσματος
2971 3397 3060 3448 τὸν
3091 3393 3222 3448 Θεὸν
3253 3395 3359 3446 τῶν
3393 3392 3526 3446 ὅλων
3557 3393 3662 3463 δη-

2080 3493 2336 3564 μιουργὸν
2373 3491 2780 3560 ἀποφαίνονται,
2841 3489 2970 3558 παρ’
3000 3480 3060 3540 οῦ
3092 3505 3224 3556 φασι
3268 3485 3364 3555 τὴν
3399 3488 3657 3555 γέννησιν

2078 3583 2438 3658 ἐργασθεϊσαν
2471 3582 2656 3634 οὐσίαν
2687 3580 2979 3650 ἀλλοτρίως
3011 3579 3152 3648 ἔχειν
3180 3579 3320 3632 κατά
3361 3578 3460 3648 τὴν
3495 3577 3662 3645 φύσιν

2078 3673 2215 3743 πρὸς
2242 3672 2331 3725 τὸν
2360 3673 2678 3741 ποιήσαντα,
2709 3671 2764 3722 ἐν
2793 3667 2965 3738 τούτῳ
2991 3667 3052 3720 τὸ
3087 3667 3267 3720 πλεῖον
3301 3669 3378 3730 είς
3403 3668 3674 3720 ἀσέϐειαν-

2081 3763 2232 3835 παρά
2259 3764 2384 3826 τοὺς
2438 3761 2908 3832 μνημονευθέντας
2964 3761 3210 3830 ἔχουσιν·
3264 3759 3445 3813 ὅτιού
3485 3755 3660 3830 ¹μόνον

2081 3855 2376 3908 ὑπόστασιν
2399 3854 2601 3906 διδόασι
2625 3853 2704 3923 τῷ
2725 3853 2980 3914 ἐναντίως
3013 3852 3148 3921 πρὸς
3190 3851 3251 3904 τὸ
3277 3851 3476 3920 ἀγαθὸν
3513 3853 3665 3905 κατά

2080 3947 2179 4018 τὴν
2224 3947 2384 4016 φύσιν
2442 3945 2638 4015 ἔχοντι,
2696 3944 2810 3998 ἀλλ’
2842 3946 2921 3998 ὃτι
2950 3944 3043 3998 τὸν
3078 3945 3280 4014 ἀγαθὸν
3309 3945 3460 4007 Θεὸν,
3496 3945 3667 3998 ἄλλου

2082 4039 2218 4092 Θεοῦ
2258 4037 2352 4092 τοῦ
2403 4039 2543 4092 κατὰ
2593 4039 2693 4108 τὴν
2745 4037 2905 4106 φύσιν
2959 4038 3352 4108 διηλλαγμένον
3409 4037 3690 4105 λέγουσιν-

2085 4135 2256 4186 αῖτιον
2320 4127 2492 4195 εἶναι,
2542 4130 2822 4200 μονονουχὶ
2878 4129 3128 4200 φανερῶς
3185 4130 3412 4199 βοῶντες
3476 4133 3534 4184 ὲν
3583 4132 3670 4203 τῷ

2084 4225 2312 4294 δόγματι
2330 4267 2344 4290 ,
2374 4225 2453 4277 ὅτι
2481 4223 2595 4276 ἔστι
2611 4240 2664 4276 τι
2686 4223 3002 4277 ὑπεναντίον
3029 4225 3096 4293 τῇ
3119 4221 3211 4275 τοῦ
3248 4222 3450 4289 ἀγαθοῦ
3479 4223 3669 4291 φύσει,

2089 4317 2218 4388 παρ’
2240 4315 2402 4369 αὐτοῦ
2425 4315 2544 4386 ἔχον
2566 4314 2660 4368 τοῦ
2691 4314 2894 4384 ἀγαθοῦ
2920 4315 3019 4388 τὴν
3053 4315 3368 4369 ὑπόστασιν.
3416 4316 3528 4385 Τῆς
3553 4316 3673 4386 γὰρ

2088 4407 2181 4461 τοῦ
2211 4407 2422 4478 Πατρδς
2444 4407 2630 4470 οὐσίας
2660 4407 2870 4477 ἀγαθῆς
2901 4404 3038 4462 εἶναι
3071 4406 3507 4477 πεπιστευμένης
3528 4447 3542 4468 ,
3564 4405 3672 4474 τῆς

2082 4499 2140 4552 δὲ
2168 4499 2260 4552 τοῦ
2286 4499 2415 4552 Υέοῦ
2435 4499 2523 4553 διὰ
2549 4499 2608 4553 τὸ
2635 4499 2708 4570 μὴ
2739 4499 2996 4562 ὡσαύτως
3019 4498 3162 4568 ἔχειν
3196 4495 3274 4568 τῷ
3305 4498 3498 4568 Πατρὶ,
3521 4497 3676 4549 κατά

2082 4590 2172 4643 τὸν
2199 4591 2296 4660 τῆς
2346 4589 2560 4659 φύσεως
2616 4591 2795 4658 λόγον,
2828 4588 3011 4653 καθὼς
3051 4589 3199 4642 δοκεῖ
3239 4591 3306 4659 τῇ
3342 4588 3574 4658 αἱρέσει,
3609 4590 3674 4640 ἐν

2081 4684 2191 4745 τοῖς
2227 4682 2485 4744 ἐναντίοις
2517 4681 2658 4735 κατά
2701 4683 2762 4735 τὸ
2806 4679 3098 4734 ἀκόλουθον
3144 4679 3562 4750 εὐρισκομένης,
3612 4681 3674 4732 τί

2084 4772 2173 4825 διά
2200 4772 2402 4826 τούτων
2455 4771 2962 4837 κατασκευάζεται;
3021 4771 3096 4824 Τὸ
3129 4773 3224 4826 καὶ
3272 4773 3571 4840 ὑφεστάναι
3609 4771 3677 4823 τὸ

2085 4860 2164 4930 τῷ
2211 4860 2400 4931 ἀγαθῷ
2457 4861 2849 4932 ἀντικείμενον,
2881 4864 2976 4916 καὶ
3021 4863 3080 4928 ἐξ
3118 4861 3282 4916 αὐτοῦ
3320 4862 3416 4914 τοῦ
3460 4861 3694 4930 ἀγαθοῦ¹

2088 4953 2279 5023 στῆναι
2304 4953 2365 5006 τὸ
2392 4955 2706 5008 ὑπεναντίον
2741 4957 2807 5025 τῇ
2833 4956 3010 5024 φύσει.
3040 4954 3211 5008 Τοῦτὸ
3255 4970 3399 5025 φημι
3433 4953 3528 5006 καὶ
3570 4953 3687 5022 τῆς,

2089 5043 2198 5097 τῶν
2224 5045 2537 5116 Μανιχαίων
2571 5047 2799 5108 ἀτοπίας
2821 5042 2960 5100 εἶναι
2986 5046 3238 5118 φρικτότε
3249 5062 3359 5117 ρον.

404 5155 459 5198 ει
504 5158 572 5197 ει
616 5140 736 5209 ipso
776 5137 919 5190 bono
958 5133 1035 5199 id,
1083 5134 1230 5202 quod
1284 5140 1478 5186 natura
1509 5131 1846 5186 contrarium
1879 5138 1982 5199 est,
2023 5135 2292 5206 originem
2332 5138 2549 5194 ducere.
2591 5137 2704 5193 Hoc
2736 5137 2861 5192 dico
2894 5139 3012 5210 ipsa
3075 5138 3499 5194 Manichaeorum
3570 5139 3680 5192 im-

411 5238 608 5306 pietate
650 5227 974 5285 horribilius
1017 5239 1158 5280 esse.

479 5329 540 5383 Si
579 5340 711 5381 vero
740 5321 921 5376 verbis
962 5317 1271 5372 inficientur
1299 5313 1719 5384 blasphemiam,
1755 5327 1875 5382 qua:
1913 5328 1976 5368 ex

411 5434 598 5472 eorum
643 5415 893 5470 doctrina
924 5409 1210 5482 perspicue
1243 5404 1477 5462 deducta
1532 5411 1636 5470 est,
1660 5403 1982 5472 dicantquc,

414 5508 765 5576 Unigenitum
811 5505 952 5558 bona
997 5500 1177 5556 Patris
1237 5496 1610 5562 hzereditassc,
1679 5510 1787 5549 non
1840 5493 1985 5564 quod

413 5617 543 5658 vere
578 5599 649 5655 sit
695 5595 884 5664 Filius,
939 5603 997 5651 ut
1027 5592 1181 5665 impii
1213 5589 1510 5660 opinantur
1542 5605 1555 5653 ;
1593 5587 1687 5644 scd
1722 5586 1848 5657 quia
1893 5601 1988 5656 per

2159 5295 2222 5347 ΕΞ
2245 5294 2302 5346 δὲ
2323 5295 2610 5366 ἀρνοῦνται
2625 5289 2715 5366 ’τῷ
2737 5294 2878 5364 λόγῳ
2897 5294 2958 5347 τὸ
2971 5295 3305 5366 βλάσφημον,
3320 5298 3455 5367 ὅπερ
3479 5299 3511 5366 ἡ
3539 5297 3673 5350 ἀκο-

2091 5388 2277 5442 λουθία
2294 5388 2390 5442 τοῦ
2427 5389 2694 5460 δόγματος
2729 5388 3000 5452 δείκνυσι,
3029 5391 3161 5456 φασὶ
3194 5390 3251 5442 δὲ
3293 5390 3404 5443 τῶν
3453 5389 3678 5458 ἀγαθῶν

2094 5482 2188 5537 τοῦ
2224 5481 2435 5553 Πατρός
2455 5481 2545 5534 τὸν
2572 5480 2849 5550 Μονογενῆ
2863 5480 3420 5552 κεκληρονομηκέναι,
3449 5481 3524 5551 μὴ
3553 5481 3676 5534 nev

2097 5575 2309 5648 ἀληθῶς
2333 5576 2482 5643 ὄντα,
2509 5575 2649 5629 κατά
2678 5574 2777 5641 τὴν
2815 5573 2925 5628 τῶν
2954 5574 3165 5628 ἀσεϐῶν
3194 5574 3350 5642 δόξαν
3377 5613 3390 5639 ,
3421 5573 3559 5630 am
3586 5572 3684 5628 διὰ
