4064 6146
337 244 438 299 MS

1497 240 1775 297 CONTRA
1806 240 2189 306 EUNOMIL‘M,
2230 240 2356 297 LIB.
2397 240 2439 294 1.

3478 253 3583 308 414

334 356 567 417 κτίσεως
616 353 716 424 τὴν
774 353 1067 406 ὑπόστασιν
1119 351 1339 421 ἔχοντα’
1396 355 1489 406 καὶ
1541 353 1700 407 τοῦτο
1752 353 1896 405 πάλιι

2014 353 2339 407 creationem
2371 354 2783 409 subsistentiam
2817 358 3088 426 acceperit
3118 379 3129 412 :
3164 359 3213 413 id
3247 359 3359 430 jam
3398 362 3583 419 discu—

334 446 805 515 κατεξετασωμεν,
848 446 896 498 εί
941 443 1165 498 δυνατόν
1206 446 1319 497 ὲστι
1366 444 1623 514 συστῆναι
1658 444 1797 498 κατὰ
1820 446 1907 497 τὸν

332 541 519 592 εἰκότα
569 538 725 605 λόγον
761 536 859 606 τὴν
909 535 1162 606 τοιαύτην
1195 536 1468 589 ὑπόνοιαν.
1520 535 1644 589 Ἐὰν
1682 538 1791 606 γὰρ
1820 537 1896 588 ὅση

333 631 452 699 θείη
480 626 623 680 κατὰ
648 628 741 679 τὸν
768 626 924 694 λόγον
952 625 1150 689 αὐτῶν,
1184 625 1258 696 μὴ
1285 625 1497 695 ἀληθῶς
1521 627 1646 678 Υἱὸν
1666 626 1792 678 ὁντα
1821 641 1911 677 κε-

334 716 801 789 κληρονομηκέναι
830 715 922 770 τὸν
954 716 1172 769 πάντων
1194 714 1415 785 Κύριον,
1441 714 1577 767 ἀλλὰ
1601 714 1907 778 κτισθέντα,

333 810 426 862 καὶ
456 807 748 877 ποιηθέντα
776 806 883 859 τῶν
910 806 1187 877 ὁμογενῶν
1224 806 1432 877 ἄρχειν,
1482 805 1599 869 πῶς
1626 807 1910 871 καταδέξε-

333 917 441 962 ται,
470 901 564 953 καὶ
592 899 653 951 οὑ
705 898 1057 952 συστασιάσει
1097 900 1132 967 ή
1177 898 1337 967 λοιπὴ
1373 899 1548 961 κτίσις
1570 900 1634 951 ὲκ
1660 898 1756 951 τοῦ
1778 900 1909 968 ὁμο-

336 989 499 1057 φύλου
527 990 661 1060 πρὸς
688 989 747 1042 τὸ
780 990 1088 1061 ὑποχείριον
1126 989 1460 1052 ἀπωσθεῖσα,
1491 993 1539 1043 εί
1567 990 1731 1061 μηδὲν
1769 990 1909 1043 κατὰ

332 1082 431 1151 τὴν
487 1082 650 1151 φύσιν
701 1082 922 1136 ἔλαττον
968 1081 1188 1152 (ἔχουσα
1223 1082 1413 1153 κτιστὴ
1460 1082 1568 1152 γὰρ
1607 1084 1699 1137 καὶ
1744 1083 1903 1152 αὕτη,

336 1173 521 1243 ὥσπερ
580 1174 896 1243 κάκεῖνος),
947 1172 1134 1226 ἔπειτα
1163 1173 1419 1244 ὁμοφύλῳ
1467 1174 1765 1239 δουλεύειν,
1814 1176 1905 1229 καὶ

337 1263 665 1319 ὑποκύπτειν
722 1263 1163 1331 καταδικάζοιτο;
1205 1265 1492 1335 Τυραννίδι
1557 1266 1666 1337 γὰρ
1723 1266 1904 1338 ὅμοιον

331 1357 392 1409 τὸ
418 1357 676 1420 τοιοῦτον,
704 1357 776 1428 μὴ
805 1359 872 1428 τῇ
902 1358 1001 1427 τῆς
1028 1358 1212 1422 οὐσίας
1243 1358 1480 1429 ὑπεροχῇ
1507 1358 1568 1411 τὸ
1592 1358 1787 1429 κράτος
1820 1360 1904 1413 νέ-

337 1466 476 1518 μειν,
527 1448 663 1501 ἀλλὰ
714 1448 980 1519 μενούσης
1016 1451 1074 1502 ἐν
1121 1448 1200 1520 τῷ
1254 1452 1500 1521 ὁμοτίμῳ
1535 1450 1635 1520 τῆς
1667 1451 1901 1520 φύσεως,

336 1539 657 1611 μερισθῆναι
686 1541 785 1610 τὴν
820 1541 996 1593 κτίσιν
1050 1542 1128 1603 εἰς
1158 1539 1401 1595 δουλείαν
1452 1541 1547 1594 καὶ
1574 1541 1867 1612 κυριότητα
1886 1557 1901 1571 ⁸

331 1628 467 1681 ὥστε
506 1631 562 1681 ὲν
592 1629 729 1699 αὐτῇ
768 1628 828 1681 τὸ
875 1627 975 1699 μέν
1022 1646 1069 1681 τι
1116 1629 1325 1700 ἄρχειν,
1380 1629 1441 1681 τὸ
1494 1628 1549 1681 δὲ
1597 1628 1903 1697 ὑποχείριον

2015 444 2230 508 tiamus,
2270 460 2396 496 num
2444 444 2741 499 secundum
2778 455 2981 501 rectam
3034 450 3300 504 rationem
3331 462 3582 511 constare

2011 544 2194 602 queat.
2239 535 2294 589 Si
2336 536 2479 589 cnim
2521 538 2876 601 concedatur,
2927 547 2987 593 ut
3038 540 3141 609 ipsi
3192 542 3399 605 volunt,
3454 561 3579 600 emn

2013 625 2363 683 haereditasse
2441 628 2823 683 universorum
2875 629 3185 697 Dominum,
3240 647 3362 687 cum
3422 651 3582 693 verus

2012 716 2184 775 Filius
2214 736 2323 775 non
2352 722 2445 787 sit,
2480 722 2576 776 sed
2604 729 2826 777 creatus
2857 721 3145 793 iactusque
3188 726 3443 781 omnibus
3481 727 3584 781 itu-

2012 823 2187 883 peret,
2223 815 2503 882 quomodo
2538 814 2744 882 reliqua
2769 822 3021 869 creatura
3050 831 3174 870 eum
3202 817 3448 887 recipiet,
3478 835 3581 875 nec

2011 901 2132 956 sine
2159 904 2391 956 tumultu
2417 912 2468 957 et
2494 902 2767 957 seditione
2792 903 3018 971 rejiciet,
3043 904 3110 957 ab
3134 919 3197 958 eo
3217 907 3308 974 qui
3336 906 3579 973 ejusdem

2012 992 2177 1046 sortis
2209 1000 2262 1047 et
2291 992 2489 1047 classis
2512 999 2618 1055 est,
2663 990 2716 1043 in
2747 992 3058 1047 servitutem
3090 993 3330 1057 redacta,
3364 995 3410 1049 si
3457 1011 3582 1064 spe-

2014 1090 2161 1137 ctata
2195 1092 2388 1137 natura
2422 1098 2529 1137 non
2561 1084 2765 1148 minus,
2797 1100 2958 1153 quam
2996 1086 3111 1154 ipse
3138 1086 3363 1140 haheat:
3393 1095 3577 1141 creata

2013 1172 2159 1226 enim
2196 1183 2301 1235 est,
2334 1172 2497 1227 sicuti
2542 1182 2596 1226 et
2624 1174 2716 1228 ille
2747 1193 2760 1228 :
2794 1184 2847 1229 et
2878 1182 3068 1244 postea
3106 1174 3396 1229 damnetur
3424 1186 3481 1230 ut
3507 1177 3579 1239 ei,

2011 1263 2102 1330 qui
2135 1262 2381 1331 ejusdem
2422 1264 2640 1333 generis
2670 1272 2725 1318 et
2770 1266 3112 1335 cognationis
3141 1273 3247 1330 est,
3284 1266 3484 1319 serviat
3524 1275 3578 1319 et

2011 1343 2601 1423 subjaceat?Speciem
2662 1356 2805 1411 enim
2849 1354 3155 1426 tyrannidis
3205 1371 3315 1424 pra:
3359 1371 3419 1411 se
3455 1354 3579 1421 fert,

2002 1460 2111 1500 non
2139 1445 2213 1511 ei,
2247 1446 2339 1516 qui
2359 1454 2554 1501 natura
2577 1448 2930 1516 praestantior
2953 1455 3058 1515 est,
3084 1448 3372 1517 imperium
3398 1448 3578 1502 defer-

2001 1551 2083 1599 re,
2122 1536 2219 1591 sed
2254 1548 2505 1591 manente
2535 1536 2762 1592 honoris
2792 1546 2845 1593 et
2882 1540 3211 1608 prtestantiaa
3241 1540 3573 1610 aequalitate,

2002 1635 2333 1691 creaturam,
2382 1628 2435 1680 in
2480 1643 2601 1682 eam
2655 1644 2779 1697 qua:
2822 1630 3013 1690 servit,
3057 1636 3109 1683 et
3166 1629 3221 1681 in
3275 1644 3417 1689 eam.
3457 1645 3579 1699 quae

329 1717 486 1782 εἶναι,
512 1721 762 1792 καθάπερ
802 1722 859 1785 ἐξ
879 1720 1318 1792 ἀποκληρώσεως
1342 1720 1436 1774 τοῦ
1458 1720 1621 1774 αὑτοῦ
1656 1719 1896 1789 ἀξιώμα-

2002 1718 2336 1782 dominatur,
2384 1718 2739 1781 distribuere,
2788 1726 2848 1772 ut
2884 1720 2940 1772 in
2976 1719 3091 1788 ipsa
3126 1719 3197 1775 sit
3252 1728 3359 1772 tam
3402 1721 3579 1773 domi-

327 1829 415 1874 τος
446 1811 779 1881 συντυχικῶς
839 1809 1275 1880 προσγενομένου
1304 1808 1384 1879 τῷ
1425 1809 1565 1878 μετὰ
1590 1808 1679 1860 τὸν
1704 1806 1905 1877 κλῆρον

325 1903 544 1955 λαϐόντι
590 1902 688 1973 τὴν
719 1901 828 1955 τῶν
872 1901 1073 1973 ὁμοίων
1113 1902 1463 1972 προτίμησιν.
1497 1899 1630 1952 Ούδὲ
1674 1898 1784 1970 γὰρ
1813 1899 1906 1952 ἄν·

327 1993 541 2062 θρωπος
568 1993 842 2064 ὁμοτίμως
897 1992 1040 2063 ἔχων
1080 1992 1216 2062 πρὸς
1244 1991 1342 2062 τὴν
1384 1989 1696 2061 ὑποχείριον
1720 1989 1902 2058 φύσιν,

324 2084 422 2153 τὴν
455 2084 595 2137 κατὰ
628 2084 735 2137 τῶν
757 2071 964 2151 ἀλόγων
992 2084 1165 2154 ἀρχὴν
1194 2079 1544 2151 ἐκληρώσατο
1567 2097 1581 2109 ο
1613 2079 1749 2133 ἀλλὰ
1772 2095 1904 2148 προ-

322 2177 559 2249 τερεύων
585 2176 663 2247 τῷ
724 2175 865 2247 λόγῳ
918 2174 1160 2246 κυριεύει
1199 2173 1307 2227 τῶν
1336 2173 1531 2236 ἄλλων,
1576 2171 1653 2241 τῷ
1685 2170 1819 2240 πρὸς
1842 2171 1903 2223 τὸ

324 2272 569 2341 κρεῖττον
603 2268 748 2339 αὑτῷ
773 2267 1153 2339 παρηλλάχθαι
1186 2265 1283 2337 τὴν
1320 2264 1501 2334 φύσιν,
1536 2263 1902 2333 προτεταγμέ-

323 2376 432 2422 νος.
470 2361 537 2411 Δί
567 2358 625 2413 δὲ
672 2359 1008 2430 ἀνθρώπιναι
1039 2358 1347 2411 δυναστεῖαι
1392 2358 1581 2409 τούτου
1613 2354 1770 2423 χάριν
1798 2352 1903 2420 ἀγ-

322 2454 643 2524 χιστρόφους
676 2452 856 2523 ἔχουσι
885 2451 983 2514 τὰς
1033 2448 1352 2521 μεταϐολὰς,
1384 2447 1466 2501 ὅτι
1507 2446 1567 2498 οὑ
1603 2445 1818 2515 δέχεται
1839 2442 1900 2496 τὸ

323 2544 464 2597 κατὰ
488 2545 587 2615 τὴν
605 2547 765 2613 φύσιν
785 2545 1065 2614 ὁμότιμον,
1106 2541 1180 2613 μὴ
1208 2540 1500 2610 ἰσομοιρεῖν
1530 2539 1588 2590 ὲν
1610 2536 1687 2607 τῷ
1719 2535 1901 2605 κρείτ-

321 2652 457 2689 τονι·
498 2636 633 2690 ἀλλά
665 2654 744 2699 τις
764 2636 1006 2705 ἔγκειται
1036 2632 1237 2704 φυσικὴ
1272 2633 1436 2685 πᾶσιν
1468 2627 1734 2698 ἐπιθυμία
1762 2627 1898 2699 πρὸς

317 2729 381 2783 τό
410 2728 741 2800 ἐπικρατοῦν
772 2727 1131 2792 ὲξισάζεσθαι,
1159 2726 1287 2778 ὅταν
1315 2722 1585 2794 ὁμόφυλον

322 2821 480 2874 alteri
517 2836 625 2873 non
657 2827 903 2889 aequetur
954 2834 969 2870 :

325 2927 511 2967 secum
551 2912 744 2966 classis
796 2924 955 2980 pares
995 2907 1320 2962 elliciantur.

2004 1810 2177 1872 natio,
2203 1825 2366 1878 quam
2409 1810 2697 1878 subjectio,
2735 1809 2962 1879 perinde
2979 1824 3042 1864 ac
3070 1810 3116 1864 si
3164 1819 3309 1864 sorte
3342 1810 3575 1878 quadam

2003 1899 2238 1970 dignitas
2295 1900 2412 1954 lucc
2462 1900 2691 1955 fortuito
2726 1900 3017 1956 accidisset
3046 1900 3145 1964 illi,
3175 1903 3267 1970 qui
3298 1910 3421 1971 post
3456 1917 3577 1957 sor-

2003 1990 2249 2046 titionem
2289 1992 2503 2047 czeteris
2565 1992 2914 2060 anteponitur
2953 2009 2966 2047 :
3013 2007 3187 2060 neque
3223 1993 3367 2046 enim
3414 1992 3576 2047 homo

2001 2084 2159 2154 quasi
2210 2084 2455 2153 ejusdem
2498 2083 2830 2153 praestantiae
2880 2098 3005 2137 cum
3054 2083 3157 2137 sibi
3195 2085 3441 2153 subjecta
3474 2099 3572 2139 na-

2002 2179 2123 2226 tura
2145 2172 2465 2243 ,imperium
2499 2175 2551 2228 in
2590 2176 2749 2229 bruta
2780 2174 3008 2245 adeptus
3046 2186 3149 2240 est,
3182 2176 3279 2231 sed
3332 2191 3455 2229 cum
3486 2192 3573 2229 ra-

2000 2263 2150 2318 tione
2199 2265 2456 2319 omnibus
2487 2266 2612 2320 aliis
2660 2266 3016 2335 praacelleret,
3053 2265 3246 2321 iisdem
3281 2266 3443 2321 etiam
3471 2267 3572 2321 do-

2002 2356 2263 2420 minatur,
2293 2357 2622 2426 prchositus
2647 2357 2770 2411 aliis
2802 2356 2872 2411 ob
2897 2363 3105 2410 natum
3140 2372 3254 2411 sua:
3285 2357 3339 2411 in
3380 2356 3576 2412 melius

2001 2444 2248 2499 formatae
2286 2446 2699 2501 sublimitatem.
2743 2444 2991 2500 Humana
3031 2462 3161 2501 vero
3205 2448 3432 2515 imperia
3455 2447 3575 2501 ideo

2004 2537 2321 2606 repentinas
2368 2539 2700 2593 mutationes
2722 2539 2980 2600 subeunt,
3012 2538 3142 2607 quia
3198 2553 3309 2592 non
3348 2538 3572 2607 patitur,

2003 2629 2097 2697 qui
2135 2628 2438 2683 secundum
2480 2637 2735 2682 naturam
2765 2627 3012 2696 ejusdem
3043 2626 3324 2695 dignitatis
3355 2634 3409 2681 et
3440 2643 3576 2696 prae-

2002 2721 2215 2774 stantia:
2240 2730 2340 2784 est,
2379 2729 2437 2774 ut
2473 2720 2527 2774 in
2556 2736 2643 2786 eo,
2668 2720 2814 2790 quod
2844 2719 3296 2775 honorificentius
3323 2729 3571 2789 apparet,

1013 2818 1107 2872 sed
1152 2818 1295 2871 inest
1342 2814 1596 2869 omnibus
1642 2810 1915 2866 naturalis
1990 2811 2241 2881 quaedam
2291 2811 2588 2881 cupiditas,
2644 2818 2703 2864 ut
2741 2812 2795 2864 in
2855 2809 3091 2880 imperio
3154 2809 3280 2864 aliis
3327 2809 3572 2879 ejusdem

394 3007 519 3069 Πῶς
548 3005 603 3057 δὲ
644 3004 837 3075 ἀληθὲς
865 3002 1015 3055 ἔσται
1064 3001 1124 3053 τὸ
1154 3000 1330 3053 πάντα
1374 2998 1439 3052 δι’
1468 2994 1631 3051 αὐτοῦ
1680 2992 1896 3063 γεγενῆ-

2071 2987 2243 3043 Porro
2285 3002 2392 3057 qua
2425 2988 2635 3043 ratione
2674 3002 2861 3043 verum
2895 2984 3022 3049 erit,
3051 2983 3232 3040 omnia
3266 2999 3361 3053 per
3394 2985 3572 3053 ipsum

327 3100 469 3163 σθαι,
506 3098 599 3151 ἐὰν
622 3096 819 3167 ἀληθὲς
921 3094 982 3147 τὸ
1026 3094 1119 3147 καὶ
1147 3092 1307 3146 αὑτὸν
1336 3091 1424 3144 τὸν
1439 3089 1565 3142 Υἱὸν
1600 3088 1659 3140 ἓν
1698 3103 1752 3139 τι
1788 3084 1899 3139 τῶν

326 3191 623 3259 γεγονότων
679 3184 853 3251 είναι;
899 3186 1015 3257 ἦτοι
1066 3185 1174 3255 γὰρ
1217 3183 1309 3236 καὶ
1358 3184 1549 3236 ἑαυτὸν
1586 3176 1899 3248 πεποιηκὼς

326 3284 498 3345 ἔσται,
528 3284 615 3337 ἵνα
648 3282 721 3354 μὴ
746 3280 940 3352 ψεῦδος
966 3279 1027 3332 τὸ
1059 3276 1442 3347 γεγραμμένον
1475 3270 1532 3346 ᾗ,
1568 3274 1650 3325 ὅτι
1696 3269 1899 3324 Πάντα

325 3376 399 3430 δι’
422 3375 605 3430 αὑτοῦ
642 3372 909 3443 ἐγένετοο
941 3370 1034 3424 καὶ
1065 3368 1206 3422 οὕτω
1241 3368 1360 3421 κατ’
1402 3365 1581 3420 αὑτῶν
1607 3363 1811 3433 ἰσχύσει
1838 3362 1897 3414 τὸ

325 3470 543 3531 ἄτοπον,
590 3468 617 3520 ὃ
658 3468 797 3521 κατὰ
846 3465 941 3518 τοῦ
973 3464 1236 3533 δόγματος
1268 3458 1424 3531 ήμῶν
1455 3457 1772 3525 ἐσοφίσαντο
1796 3496 1809 3519 ,
1836 3453 1897 3506 τὸ

321 3556 506 3611 αὑτὸν
552 3560 652 3628 ὑφ’
678 3557 893 3612 ἑαυτοῦ
941 3554 1215 3623 γενέσθαι
1247 3552 1424 3619 λέγειν
1444 3548 1511 3619 ’ἢ
1541 3547 1699 3617 εἴπερ
1739 3544 1896 3598 τοῦτο

327 3653 653 3723 παράλογον,
695 3650 791 3704 καὶ
824 3647 985 3718 φύσιν
1026 3647 1122 3699 οὑκ
1172 3645 1308 3715 ἔχον,
1342 3640 1642 3695 ἀσύστατον
1681 3637 1897 3697 πάντως

325 3745 499 3798 ἐκεῖνο
544 3741 908 3812 δειχθήσεται,
957 3738 1020 3791 τὸ
1062 3736 1161 3807 τὴν
1212 3733 1388 3787 κτίσιν
1434 3732 1613 3784 πᾶσαν
1640 3725 1895 3781 διἀύτοῦ

325 3834 645 3903 γεγενῆσθαι
679 3828 1125 3902 διισχυρίζεσθαι.
1184 3827 1247 3878 Ἠ
1281 3824 1391 3894 γὰρ
1422 3822 1513 3875 τοῦ
1538 3821 1654 3880 ἐνὸς
1679 3816 1896 3881 ὑπεξαί-

327 3943 494 3998 ρεσις,
520 3925 688 3994 ψευδῆ
714 3922 805 3976 τὸν
856 3920 985 3991 περὶ
1015 3918 1231 3971 πάντων
1273 3913 1671 3975 κατασκευάζει
1717 3909 1892 3977 λόγον.

325 4018 486 4070 ’Ὥστε
512 4018 577 4069 ὲκ
606 4016 703 4087 μὲν
747 4012 839 4066 τοῦ
890 4010 1105 4065 κτιστὸν
1125 4003 1262 4061 εἶναι
1289 4007 1379 4058 τὸν
1408 4002 1684 4071 Μονογενῆ
1728 3999 1895 4068 διορί-

324 4108 531 4173 ζεσθαι,
567 4106 660 4160 δύο
700 4103 951 4176 πονηρῶν
993 4105 1088 4155 καὶ
1129 4100 1344 4154 ἀτόπων
1422 4096 1484 4149 τὸ
1532 4094 1716 4165 ἕτερον
1760 4092 1895 4144 πάν-

325 4216 429 4261 τως
455 4196 661 4264 ὁλόγος
694 4196 755 4249 οὑ
800 4193 1178 4263 διαφεύξεται·
1216 4191 1248 4261 ἢ
1277 4190 1337 4243 τὸ
1381 4189 1455 4259 μὴ
1490 4182 1629 4240 εἶναι
1678 4185 1893 4237 πάντων

322 4288 483 4347 αὑτὸν
538 4287 647 4339 τῶν
690 4288 990 4356 γεγονότων
1049 4285 1236 4350 αἴτιον,
1286 4284 1441 4352 εἴπερ
1496 4279 1655 4341 αὑτὸς
1688 4279 1892 4339 ἐκεῖνος

326 4379 666 4451 ὑπεξαιροῖτο
713 4396 742 4432 τ

322 4468 501 4533 ζονται
519 4487 535 4500 ο
566 4467 681 4539 ἢτὸ
706 4469 798 4522 καὶ
826 4466 1019 4521 ἑαυτοῦ
1069 4466 1294 4536 ποιητὴν
1342 4461 1778 4523 ἀποδείκνυσθαι,
1811 4460 1888 4511 εί-

324 4579 426 4632 περ
452 4563 525 4632 μὴ
555 4560 810 4630 ψεύδεται
832 4562 860 4613 ὁ
890 4559 1053 4629 μηδὲν
1086 4557 1192 4611 τῶν
1220 4556 1516 4624 γεγονότων
1543 4553 1708 4623 χωρὶς
1747 4551 1891 4604 ἐκεί-

322 4668 411 4707 νου
446 4650 772 4722 γεγενῆσθαι
801 4648 1061 4721 κηρύξας.
1108 4647 1190 4701 Τὰ
1242 4646 1341 4718 μὲν
1379 4641 1471 4699 οὖν
1510 4645 1638 4714 παρ’
1665 4642 1888 4695 ἐκείνων

320 4760 558 4799 τοιαυτα.

388 4925 448 4977 Εἰ
472 4923 528 4977 δέ
561 4939 643 4985 τις
673 4920 987 4990 ὑγιαινούσῃ
1014 4918 1329 4987 διδασκαλίᾳ
1356 4914 1655 4985 προσέχων,
1691 4918 1757 4969 ἐκ
1786 4915 1888 4985 τῆς

317 5014 465 5078 θείας
519 5031 581 5068 τε
629 5015 723 5067 καὶ
778 5014 1055 5083 ἀκηράτου
1111 5010 1323 5079 φύσεως
1354 5010 1444 5063 τὸν
1476 5010 1603 5062 Υίὺν
1629 5006 1766 5061 εἶναι
1797 5026 1887 5062 πι-

318 5105 512 5169 στεύοι,
561 5104 739 5157 πάντα
788 5102 996 5171 συνῳδὰ
1036 5102 1114 5171 τῷ
1138 5101 1239 5170 τῆς
1275 5098 1556 5161 εὐσεϐείας
1606 5097 1885 5168 ἀναφανή-

316 5213 461 5249 σεται
492 5195 719 5265 δόγματι
745 5234 760 5259 ,
801 5195 861 5247 τὸ
917 5194 1144 5265 ποιητὴν
1200 5189 1339 5247 εἶναι
1394 5191 1501 5245 τῶν
1546 5192 1763 5244 πάντων
1792 5191 1882 5244 τὸν

313 5287 514 5358 Κύριον
534 5308 549 5320 ’
572 5286 634 5341 τὸ
677 5286 978 5357 βασιλεύειν
1002 5288 1109 5341 τῶν
1151 5286 1341 5351 ὄντων,
1375 5285 1434 5337 οὐ
1467 5283 1607 5336 κατὰ
1636 5283 1879 5355 ἀποκλήυ

315 5396 497 5449 ρωσιν,
522 5382 555 5452 ἢ
584 5381 725 5435 κατὰ
755 5381 1081 5452 τυραννικήν
1105 5397 1226 5434 τινα
1262 5377 1576 5431 δυναστείαν
1610 5377 1717 5428 τῶν
1753 5378 1882 5446 ὁμο-

310 5472 489 5543 φύλων
525 5472 1131 5544 προτεταγμένον,ἀλλὰ
1159 5475 1224 5544 τῇ
1252 5474 1348 5542 τῆς
1383 5471 1595 5538 φύσεως
1618 5470 1875 5540 ὑπεροχῇ,

307 5564 367 5618 τὸ
384 5564 526 5619 κατά
547 5568 766 5621 πάντων
791 5567 983 5637 ἔχοντα
1011 5566 1228 5635 κράτος.
1257 5567 1364 5618 Καὶ
1386 5564 1464 5617 ἔτι
1487 5564 1621 5635 πρὸς
1645 5561 1875 5625 τούτοις,

306 5656 366 5714 τὸ
397 5658 473 5730 μὴ
496 5660 575 5723 είς
602 5659 889 5731 διαφόρους
926 5658 1098 5729 ἀρχὰς
1131 5660 1195 5728 τῇ
1228 5658 1504 5729 ἑτερότητι
1532 5660 1629 5727 τῆς
1668 5657 1881 5727 φύσεως

2000 3078 2142 3133 facta
2190 3094 2334 3141 esse,
2386 3078 2433 3134 si
2487 3094 2674 3133 verum
2712 3088 2817 3143 est,
2871 3078 3052 3147 ipsum
3115 3093 3332 3148 quoque
3378 3076 3573 3132 Filium

1997 3187 2123 3227 esse
2185 3171 2390 3242 aliquid
2450 3186 2519 3225 ex
2568 3171 2654 3225 his
2714 3186 2835 3240 quae
2876 3170 3017 3225 facta
3070 3172 3237 3224 sunt?
3291 3178 3441 3225 certe
3489 3187 3574 3226 se—

1999 3260 2177 3329 ipsum
2206 3275 2426 3331 quoque
2454 3259 2653 3315 fecisse
2684 3273 2914 3314 necesse
2951 3258 3074 3318 erit,
3118 3258 3165 3314 si
3204 3259 3413 3313 veritati
3442 3274 3575 3312 con-

1997 3361 2175 3417 sonet,
2230 3353 2375 3424 quod
2432 3352 2699 3422 scriptum
2746 3360 2851 3417 est,
2887 3352 3066 3409 omnia
3094 3366 3185 3419 per
3221 3352 3391 3420 ipsum
3427 3352 3573 3421 facta

1996 3461 2108 3499 esse
2144 3460 2162 3498 :
2197 3460 2307 3515 quo
2347 3444 2403 3499 fit
2428 3454 2487 3499 ut
2525 3446 2577 3498 in
2629 3444 2756 3499 illos
2788 3443 2997 3499 recidat
3043 3442 3378 3510 absurditas,
3408 3459 3571 3514 quam

1997 3535 2263 3591 adversus
2290 3536 2594 3590 doctrinam
2627 3543 2866 3589 nostram
2893 3534 3187 3589 commenti
3228 3541 3356 3590 sunt
3388 3554 3399 3588 :
3426 3550 3573 3588 eum-

1997 3628 2116 3680 dem
2165 3644 2197 3679 a
2244 3628 2411 3695 seipso
2440 3628 2669 3696 genitum
2706 3641 2856 3690 esse;
2881 3632 2973 3678 aut
3015 3625 3060 3680 si
3111 3625 3217 3680 hoc
3260 3634 3344 3680 est
3380 3638 3574 3694 praater

1997 3718 2289 3779 rationem,
2318 3724 2373 3771 et
2397 3729 2607 3770 natura:
2640 3717 2856 3785 penitus
2894 3716 3208 3780 adversum,
3239 3717 3401 3771 etiam
3435 3719 3567 3773 illud

1996 3822 2105 3861 non
2151 3806 2348 3875 poterit
2407 3807 2729 3869 subsistere,
2763 3820 2959 3875 nempe
2999 3821 3216 3862 omnem
3259 3816 3564 3867 creaturam

1995 3914 2092 3970 per
2130 3900 2307 3967 ipsum
2363 3897 2557 3951 factam
2606 3912 2749 3951 esse.
2784 3895 2919 3950 Nam
2968 3898 3051 3952 vel
3102 3898 3267 3953 unius
3328 3904 3574 3968 exceptio

1994 3988 2430 4043 enuntiationem
2470 3987 2833 4041 universalem
2874 3986 2940 4042 de
2976 3987 3231 4043 omnibus
3276 3989 3467 4043 falsam
3497 3990 3571 4043 ef-

1995 4075 2128 4130 ficit.
2161 4073 2351 4145 Itaque
2382 4076 2429 4131 si
2458 4075 2583 4145 quis
2608 4073 2958 4145 Unigenitum
2981 4085 3227 4131 creatum
3253 4090 3377 4131 esse
3403 4078 3568 4144 dicat,

1995 4172 2226 4225 alterum
2269 4186 2333 4225 ex
2386 4169 2607 4224 duobus
2659 4167 2885 4223 nefariis
2927 4178 2983 4223 et
3045 4166 3298 4222 absurdis
3354 4184 3463 4223 non
3484 4168 3567 4222 ef-

1996 4260 2185 4330 fugiet,
2213 4268 2307 4313 aut
2333 4260 2483 4313 illum
2509 4274 2617 4313 non
2644 4274 2769 4314 esse
2798 4259 3066 4322 omnium,
3101 4274 3223 4328 qua:
3249 4268 3387 4312 tacta
3414 4270 3565 4324 sunt,

747 4378 821 4430 ὦν
850 4378 1089 4440 πάντων,
1122 4375 1180 4429 ὃν
1206 4374 1262 4427 ἓν
1291 4374 1398 4426 τῶν
1426 4372 1601 4443 ἔργων
1635 4369 1890 4439 διισχυρί-

1999 4366 2241 4417 causam,
2265 4351 2310 4405 si
2336 4351 2424 4407 ille
2446 4367 2513 4406 ex
2544 4351 2791 4405 omnium
2838 4364 3065 4403 numero
3085 4350 3377 4415 eximatur,
3405 4367 3566 4421 quem

1994 4441 2334 4498 contendunt
2375 4456 2547 4495 unum
2598 4455 2721 4495 esse
2765 4454 2832 4493 ex
2884 4439 3013 4502 illis,
3056 4455 3178 4508 quae
3223 4440 3365 4494 facta
3413 4448 3561 4497 sunt:

1992 4534 2076 4588 vel
2108 4534 2262 4587 illum
2305 4533 2390 4587 sui
2420 4531 2593 4601 ipsius
2624 4531 2937 4585 etl'ectorem
2986 4531 3290 4597 exstitisse,
3340 4534 3386 4587 si
3435 4550 3567 4589 vera

1990 4626 2254 4694 loquitur,
2308 4625 2399 4693 qui
2452 4623 2636 4677 omnia
2690 4639 2787 4692 per
2820 4624 2999 4692 ipsum
3038 4622 3181 4677 facta
3241 4640 3365 4680 esse
3408 4626 3562 4683 dicit.

1991 4717 2068 4772 Ea
2114 4718 2304 4789 igitur,
2345 4732 2468 4787 quae
2510 4717 2580 4772 ab
2622 4717 2759 4787 ipsis
2793 4717 3171 4789 (adversariis)
3199 4718 3565 4788 proﬁciscun~

1987 4820 2078 4865 tur
2116 4809 2249 4865 talia
2300 4817 2451 4865 sunt.

2058 4923 2113 4979 Si
2152 4925 2275 4994 quis
2301 4939 2431 4979 vero
2459 4939 2606 4979 sanae
2647 4922 2909 4978 doctrina:
2940 4922 3248 4987 attendens,
3278 4938 3339 4977 ex
3376 4923 3562 4978 divina

1982 5024 2037 5072 et
2066 5014 2273 5069 illibata
2304 5024 2494 5069 natura
2526 5013 2722 5068 Filium
2773 5028 2894 5069 esse
2922 5013 3129 5078 credat,
3159 5014 3340 5067 omnia
3388 5016 3561 5083 pieta-

1982 5108 2055 5163 tis
2084 5107 2361 5162 traditioni
2389 5116 2442 5161 et
2475 5105 3112 5162 institutioniconcinent
3137 5123 3151 5160 :
3179 5103 3430 5158 videlicet
3459 5103 3563 5156 Do-

1987 5198 2196 5253 minum
2239 5212 2362 5253 esse
2405 5211 2587 5251 rerum
2619 5196 2863 5252 omnium
2912 5195 3239 5259 cll'ectorem,
3291 5195 3561 5260 imperare

1985 5288 2170 5354 rebus,
2207 5306 2315 5344 non
2374 5305 2441 5344 ex
2491 5298 2637 5343 sorte
2685 5295 2781 5342 aut
2831 5287 3118 5357 tyrannide
3172 5282 3459 5350 imperium
3502 5283 3557 5337 in

1983 5383 2218 5451 aequales
2253 5382 2530 5451 adeptum,
2568 5380 2662 5436 sed
2717 5389 2927 5435 natura:
2968 5392 3081 5433 sua:
3126 5372 3467 5435 excellentia,
3500 5376 3554 5429 in

1983 5473 2167 5526 omnia
2190 5473 2618 5528 dominationem
2666 5471 2913 5526 obtinere
2946 5487 2959 5521 :
2993 5469 3216 5532 insuper
3252 5477 3359 5516 non
3395 5464 3447 5519 in
3476 5466 3560 5521 di—

1983 5578 2137 5618 versa
2171 5564 2421 5633 imperia,
2452 5572 2504 5617 ct
2529 5562 2898 5617 diversitatem
2930 5564 3155 5617 naturae,
3183 5555 3558 5611 monarcltiam

1987 5656 2132 5710 illam
2172 5655 2469 5727 dispertiri.
2506 5654 2598 5710 sed
2633 5667 2755 5709 esse
2787 5665 2949 5707 unam
2993 5645 3355 5714 divinitatem,
3390 5662 3556 5702 unum
