4068 6148
407 245 511 298 415

409 361 717 433 imperium,
743 365 795 410 et
833 367 994 408 unam
1033 346 1276 404 omnium
1314 350 1637 416 potestatem
1672 358 1683 392 :
1718 339 1792 390 ita
1825 342 1882 388 ut
1915 333 1969 385 in
2003 340 2043 391 Α

411 450 668 508 similium
724 443 1086 500 consensione
1138 439 1395 494 divinitas
1449 439 1742 504 spectetur,
1777 437 1829 481 et
1881 438 1976 493 per

412 543 588 598 simile
619 538 686 592 ad
721 536 898 591 simile
928 540 1164 587 mentem
1196 530 1360 583 ducat
1388 546 1400 580 :
1429 534 1488 579 ut
1521 522 1762 577 omnium
1797 529 1975 570 rerum

418 630 761 702 principium,
793 626 939 694 quod
979 629 1064 676 est
1103 620 1382 677 Dominus.
1419 631 1512 684 per
1541 611 1798 681 Spiritum
1849 621 1976 660 san-

415 732 562 776 etutn
591 719 788 772 animis
830 714 1038 770 nostris
1076 713 1332 766 illuceat:
1373 707 1487 761 ﬁeri
1515 706 1657 775 enim
1703 715 1810 754 non
1858 705 1984 766 pot-

418 823 522 876 est,
562 817 621 864 ut
646 807 770 878 quis
804 805 990 861 Jesum
1024 803 1274 871 aspiciat,
1312 798 1417 852 nisi
1453 797 1506 849 in
1530 794 1735 863 Spiritu
1770 796 1980 847 sancto,

423 910 582 973 prout
635 876 865 953 testatur
915 893 1252 964 Apostolus:
1300 904 1394 958 per
1441 885 1633 939 Filium
1680 895 1828 941 vero,
1891 876 1984 946 qui

423 969 505 1046 rst
565 987 889 1060 principium
949 983 1218 1044 omnium,
1285 978 1585 1046 reperimus
1649 973 1834 1035 illum,
1892 969 1984 1036 qui

419 1087 503 1134 cst
541 1091 706 1147 supra
757 1089 917 1129 omne
971 1071 1318 1141 principium,
1367 1080 1561 1135 nempe
1607 1063 1984 1116 universorum

426 1173 622 1226 Deum:
646 1182 821 1236 neque
848 1165 994 1218 enim
1014 1162 1127 1216 ﬁeri
1159 1166 1355 1230 potest,
1376 1167 1432 1210 ut
1451 1152 1825 1226 primigenium
1856 1147 1988 1201 illud

425 1265 629 1315 bonum
660 1259 1044 1324 cognoscatur,
1083 1252 1129 1305 si
1175 1265 1282 1304 non
1323 1249 1380 1301 in
1426 1246 1661 1315 imagine
1701 1238 1994 1295 invisibilis

430 1355 689 1408 relucent.
759 1347 992 1402 Perinde
1054 1360 1186 1399 vero
1230 1359 1292 1397 ac
1355 1345 1408 1395 in
1466 1341 1746 1408 reciproco
1805 1350 1990 1398 cursu,

433 1441 772 1495 reuertentes
820 1446 942 1507 post
973 1436 1170 1490 divinae
1200 1431 1527 1504 cognitionis
1575 1436 1758 1498 caput,
1795 1430 1992 1495 ipsum,

436 1535 677 1599 inquam,
708 1531 1082 1582 universorum
1125 1526 1317 1584 Deum,
1359 1533 1410 1578 et
1436 1539 1531 1592 per
1556 1537 1638 1585 ea,
1681 1519 1799 1588 quae
1830 1517 1996 1571 menti

438 1630 666 1689 ('Ogtlala
696 1631 745 1672 et
771 1616 1062 1669 familiaria
1089 1621 1238 1677 sunt,
1263 1614 1640 1674 decurrentes,
1666 1625 1693 1660 a
1722 1607 1883 1659 Patre
1907 1620 2000 1673 per

1593 219 1654 272 δ.
1691 208 2012 271 (iiii-.603“
2053 208 2091 260 Ν
2108 207 2340 260 YSSENI

3532 187 3589 238 Η
3603 185 3654 236 0-.

2073 327 2421 399 διῃρημένοις,
2443 324 2501 375 τὸ
2531 323 2627 390 τῆς
2651 317 2936 389 μοναρχίας
2965 313 3138 381 δόγμα
3155 302 3634 375 καταμερίζεσθαι,

2077 395 2210 472 ἀλλὰ
2240 395 2393 486 μίαν
2445 413 2692 479 θεότητα,
2728 406 2855 476 μίαν
2893 401 3084 474 ἀρχὴν,
3119 399 3244 469 μίαν
3271 395 3380 450 τῶν
3423 395 3639 447 πάντων

2079 510 2321 575 ἐξουσίαν
2364 502 2500 558 εἶναι
2525 500 2795 555 πιστεύειν
2821 515 2832 526 ·
2866 497 2922 550 ἐν
2951 497 3015 564 τῇ
3049 492 3156 544 τῶν
3179 489 3378 559 ὁμοίιον
3415 502 3641 555 συμφω-

2080 603 2167 672 νίᾳ
2193 601 2288 670 τῆς
2329 597 2576 666 θεότητος
2631 588 3008 659 θεωρουμένης
3031 626 3044 650 ,
3079 582 3172 636 καλ⁸
3207 581 3294 632 διὰ
3330 577 3424 630 τοῦ
3457 574 3644 645 ὁμοίου

2083 669 2217 763 πρὸς
2239 669 2300 742 τὸ
2323 691 2504 758 ὅμοιον
2527 685 2624 755 τὴν
2666 682 2900 736 διάνοιαν
2929 675 3186 744 ἀγούσης,
3209 672 3282 734 ὡς
3307 671 3404 738 τῆς
3427 669 3666 721 πάντωνς

2087 757 2185 855 μέν
2209 757 2402 852 ἀρχῆς,
2439 780 2558 848 ἡτις
2588 775 2732 829 ἐστὶν
2758 773 2787 824 ό
2813 769 3036 840 Κύριος,
3065 766 3154 820 διὰ
3171 763 3266 817 τοῦ
3303 763 3456 830 ἁγίου
3486 757 3650 811 Πνεύ-

2089 847 2433 944 ματοςωταῖς
2465 847 2676 936 ίψυχαῖς
2729 859 3126 931 ἐλλαμπούσης.
3189 853 3491 944 Ἀμήχανον
3540 847 3650 917 γάρ

2086 938 2297 1032 άληθῶς
2317 958 2657 1030 θεωρηθῆναι
2689 955 2744 1006 ἐν
2771 951 3048 1019 Πνεύματι
3074 945 3232 1014 ἁγίῳ,
3271 938 3453 1002 καθώς
3486 952 3650 1032 φησιν

2089 1059 2116 1108 ὁ
2150 1031 2488 1113 Ἀπόστολος,
2520 1048 2607 1100 διὰ
2634 1047 2690 1099 δέ
2715 1044 2805 1098 τοῦ
2845 1041 3071 1112 Κυρίου,
3099 1039 3156 1102 ὅς
3189 1038 3334 1088 ἐστιν
3371 1034 3408 1102 ἡ
3434 1031 3681 1083 πάντων.

2090 1148 2261 1220 ἀρχὴ,
2294 1147 2394 1214 τῆς
2431 1143 2686 1196 ἐπέκεινα
2730 1138 2910 1211 πάσης
2945 1133 3118 1202 ἀρχῆς
3162 1130 3291 1220 ἡμῖν
3333 1121 3659 1220 εὑρισκομέο

2091 1213 2358 1310 νὴξξὴτις
2395 1236 2541 1287 ἐστὶν
2568 1235 2596 1286 ό
2631 1230 2722 1283 ἐπὶ
2754 1229 2968 1282 πάντων
2994 1223 3126 1284 Θεός
3148 1236 3163 1249 “
3192 1218 3310 1272 οὑδέ
3349 1215 3455 1285 γὰρ
3479 1213 3658 1310 ⁸δὶδνα-

2092 1301 2348 1385 τόνέστιν
2382 1324 2573 1386 ἄλλως,
2595 1322 2654 1372 τὺ
2680 1317 2979 1392 ἀρχέτυπον
3001 1310 3202 1379 ἀγαθὸν
3234 1301 3658 1372 ἐπιγνωσθῆναι,

2100 1422 2172 1493 μὴ
2204 1423 2259 1472 ἐν
2279 1421 2343 1489 τῇ
2385 1415 2552 1468 εἰκόνι
2592 1411 2826 1481 ἀοράτου
2853 1399 3420 1475 φαινόμενον.”Ωσπερ
3451 1393 3506 1445 δέ
3537 1407 3677 1443 τινα.

2096 1481 2788 1575 δίάυλοννάνακάμπτοντες
2816 1495 2953 1567 μετὰ
2981 1495 3040 1546 τὸ
3065 1488 3354 1557 κεφάλαιον
3400 1483 3499 1552 τῆς
3537 1481 3663 1575 θεο-

2100 1604 2352 1673 γνωσίας,
2389 1599 2546 1652 αὑτὸν
2573 1596 2714 1662 λέγω
2761 1591 2850 1644 τὸν
2880 1589 2970 1640 ἐπὶ
3006 1584 3220 1637 πάντων
3261 1576 3513 1639 Θεὸν,διὰ
3550 1571 3682 1624 τῶν.

698 1663 745 1672 ν-
771 1663 1062 1669 -_--.---_-__
1089 1663 1238 1677 ____-,
1477 1663 1487 1664 ,
1626 1663 1639 1674 ,
1907 1663 1922 1673 _

443 1712 634 1764 Filium
690 1711 752 1762 ad
792 1709 1051 1778 Spiritum
1105 1713 1354 1762 sanctum
1396 1703 1750 1757 accedimus:
1781 1714 1902 1752 nam
1944 1697 1995 1750 in

2121 1694 2381 1768 τροσεχῶν
2405 1709 2463 1743 τε
2486 1690 2577 1742 καὶ
2593 1686 2804 1740 οἰκείων
2830 1684 2894 1752 τῇ
2917 1677 3122 1746 διανοίᾳ.
3151 1673 3450 1744 τρέχοντες,
3482 1667 3546 1716 ἐκ
3567 1663 3661 1715 τοῦ

437 1801 881 1854 consideratione
913 1797 1136 1868 ingeniti
1187 1795 1412 1850 luminis
1465 1793 1772 1856 constituti,
1819 1793 2000 1844 lumen

438 1895 591 1957 illud,
620 1891 764 1961 quod
803 1906 868 1946 ex
901 1891 1020 1959 ipso
1048 1887 1307 1942 continue
1350 1886 1595 1956 procedit
1623 1883 1999 1953 cognovimus,

438 1987 691 2039 videlicet
736 1992 995 2051 tanquam
1038 1980 1250 2034 radium
1282 1995 1405 2032 cum
1452 1981 1567 2032 sole
1613 1979 1818 2046 pariter
1871 1975 2006 2029 sub-

441 2075 926 2145 sistentem,cujus
973 2088 1097 2128 esse
1163 2087 1385 2126 causam
1436 2084 1465 2121 a
1513 2069 1628 2123 sole
1674 2068 1855 2128 habet,
1913 2065 2005 2119 sed

442 2165 761 2223 cxsistenlia
815 2164 977 2219 simul
1029 2169 1113 2216 est
1166 2176 1289 2214 cum
1347 2159 1484 2222 sole,
1537 2171 1645 2210 non
1703 2154 2012 2224 posteriore

444 2261 659 2312 demum
708 2266 967 2324 tempore,
1021 2251 1254 2321 adjecta,
1293 2263 1479 2304 verum
1512 2247 1671 2301 simul
1707 2260 1770 2298 ac
1799 2244 1880 2299 sol
1913 2258 2011 2311 ap-

446 2349 647 2419 paruit,
691 2347 808 2416 ipse
855 2347 1019 2400 etiam
1065 2342 1250 2397 radius
1284 2341 1412 2394 inde
1445 2336 1788 2408 resplenduit
1815 2373 1829 2388 .
1865 2332 2010 2400 Quin

447 2438 630 2506 potius
676 2436 805 2504 (non
844 2433 986 2488 enim
1031 2445 1254 2485 necesse
1287 2438 1390 2493 est,
1424 2436 1482 2481 ut
1508 2426 1603 2496 qui
1646 2423 1871 2494 imagini
1900 2439 2018 2479 ser-

449 2529 624 2591 viunt,
666 2523 1178 2585 calumniatoribus,
1219 2520 1368 2573 allati
1403 2516 1633 2585 exempli
1681 2516 1864 2570 minus
1894 2523 2017 2585 apta

450 2617 976 2679 accommodatione,
1022 2615 1152 2667 dent
1182 2607 1600 2666 contradicendi
1650 2604 2018 2675 occasionem)

454 2727 564 2763 non
600 2707 814 2762 radium
861 2721 926 2762 ex
973 2706 1110 2769 sole,
1171 2703 1265 2758 sed
1321 2717 1388 2756 ex
1422 2700 1669 2770 ingenito
1701 2701 1816 2753 sole
1855 2699 2021 2751 alium

454 2802 626 2854 solem
675 2805 858 2851 mente
901 2811 964 2850 ac
1007 2793 1340 2864 cogitatione
1393 2791 1882 2861 apprehendemus,
1929 2789 2022 2858 qui

457 2890 616 2945 simul
639 2903 762 2941 cum
781 2888 956 2957 primo
976 2901 1072 2957 per
1093 2891 1500 2955 generationem
1526 2881 1818 2944 exstiterit,
1837 2881 1890 2933 in
1912 2895 2023 2934 om-

457 2981 620 3035 nibus
648 2979 820 3049 primo
837 2977 1083 3047 aequalis,
1107 2975 1530 3046 pulchritudine,
1557 2973 1818 3044 potentia,
1847 2973 2022 3042 splen-

457 3074 608 3132 dore,
636 3069 1025 3139 magnitudine,
1051 3067 1289 3139 fulgore;
1313 3067 1573 3128 breviter,
1603 3064 1860 3118 omnibus
1881 3063 2026 3128 aliis,

460 3178 580 3230 qua:
602 3161 653 3214 in
686 3161 799 3214 sole
814 3161 1002 3213 insunt
1019 3174 1030 3209 :
1049 3165 1103 3213 et
1123 3172 1314 3212 rursus
1333 3154 1480 3208 aliud
1501 3155 1607 3208 tale
1624 3154 1806 3207 lumen
1825 3151 1888 3205 ad
1904 3167 2032 3220 pra:-

461 3254 665 3306 dictum
695 3251 912 3304 modum
935 3249 1356 3311 constituemus,
1381 3246 1531 3300 nullo
1553 3244 1839 3314 temporali
1873 3242 2034 3295 inter-

464 3343 604 3396 vallo
627 3357 653 3393 a
675 3341 877 3394 lmninc
897 3341 1080 3409 genito
1102 3339 1406 3392 abscissum
1428 3355 1438 3388 :
1457 3335 1552 3390 sed
1576 3349 1672 3404 per
1692 3335 1869 3402 ipsum
1889 3331 2034 3399 equi-

463 3432 585 3486 dem
607 3429 888 3498 eﬁ‘ulgens,
908 3427 1236 3496 principium
1249 3439 1378 3478 vero
1394 3437 1504 3477 suae
1519 3423 1871 3491 hypostaseos
1888 3433 1913 3469 τι
1930 3418 2036 3487 pri-

465 3537 634 3577 maevo
664 3521 867 3575 lumine
911 3518 1185 3585 accipiens
1242 3534 1255 3569 :
1300 3515 1480 3568 lumen
1505 3513 1722 3583 quidem
1775 3518 1828 3564 et
1856 3512 2031 3579 ipsum

467 3621 550 3665 est
585 3609 650 3662 ad
699 3607 1113 3663 similitudinem
1164 3603 1519 3675 prae-concepti
1579 3601 1800 3656 luminis
1847 3601 2034 3654 lucens

473 3710 524 3752 (ι
586 3699 917 3760 illuminans,
951 3705 1004 3751 et
1039 3697 1222 3750 omnia
1261 3697 1390 3758 alia,
1424 3709 1543 3764 quae
1581 3695 1688 3748 luci
1717 3699 2034 3762 competunt

475 3791 707 3844 .lliciens
750 3807 762 3842 :
810 3803 986 3857 neque
1037 3788 1180 3841 enim
1223 3787 1275 3840 in
1310 3786 1415 3840 hoc
1449 3787 1567 3855 ipso
1608 3795 1695 3839 est
1740 3784 1960 3837 luminis
2005 3797 2035 3834 a

479 3884 678 3936 Lumine
700 3880 879 3948 aliqua
897 3877 1175 3932 distinctio
1207 3893 1302 3931 seu
1331 3877 1581 3938 variatio,
1609 3874 1895 3944 quandoin
1921 3873 2038 3926 illu-

477 3968 717 4024 minandi
773 3968 944 4037 gratia
967 3977 1021 4020 et
1054 3967 1253 4018 virtute
1300 3965 1480 4018 nullus
1518 3965 1676 4032 plane
1705 3963 1858 4016 adest
1887 3960 2036 4015 defe-

477 4072 619 4124 ctus,
654 4067 840 4130 utpote
863 4059 1008 4112 omni
1037 4055 1367 4126 perfectione
1391 4071 1514 4109 cum
1549 4054 1707 4108 Patre
1727 4062 1778 4108 et
1810 4052 1948 4106 Filio
1969 4051 2036 4106 ad

477 4162 789 4220 supremum
836 4163 1008 4218 usque
1040 4159 1306 4209 evectum,
1344 4146 1597 4216 quodque
1641 4160 1762 4200 cum
1795 4143 1954 4199 Patre
1985 4151 2038 4199 et

477 4243 616 4298 Filio
647 4239 926 4295 numerari
955 4249 1005 4294 et
1032 4238 1321 4301 nominari,
1348 4246 1401 4291 et
1429 4253 1524 4306 per
1566 4237 1804 4306 seipsum
1848 4236 1915 4290 ad
1951 4237 2034 4290 lu-

479 4351 624 4398 men,
655 4333 796 4402 quod
836 4332 888 4383 in
919 4328 1078 4383 Patre
1105 4339 1158 4384 et
1192 4327 1328 4381 Filio
1361 4328 1541 4382 inesse
1575 4326 1907 4396 intelligitur,
1944 4328 2039 4380 ad-

2101 1754 2309 1854 nixa:pr
2334 1781 2419 1834 διὰ
2447 1778 2541 1830 τοῦ
2574 1774 2700 1828 Υίοῦ
2735 1771 2868 1840 πρὸς
2906 1770 2966 1820 τὸ
2994 1764 3214 1832 Πνεῦμα
3255 1754 3683 1827 ἁναχωροῦμεν.-

2111 1883 2202 1934 Ἐν
2235 1873 2476 1947 περινοίᾳ
2505 1869 2611 1939 γὰρ
2645 1865 2736 1918 τοῦ
2763 1861 3053 1930 άγεννὴτου
3076 1854 3247 1923 φωτὸς
3278 1847 3683 1905 καταστάντες,

2105 1971 2311 2025 ἐκεῖθεν
2350 1965 2508 2018 πάλιν
2537 1961 2598 2013 τὸ
2644 1957 2702 2023 ἐξ
2737 1951 2898 2010 αὑτοῦ
2933 1947 3068 2018 φῶς,
3101 1943 3238 1998 κατὰ
3293 1941 3353 1992 τὸ
3403 1935 3670 2006 προσεχὲς

2106 2064 2425 2133 ἐνοήσαμεν,
2454 2051 2563 2108 οἷον
2605 2047 2796 2103 ἀκτῖνά
2822 2060 2941 2098 τινα
2971 2039 3047 2110 τῷ
3089 2036 3224 2108 ἡλίῳ
3271 2025 3671 2098 συνυφισταμέ-

2918 2130 2932 2133 _
3267 2125 3291 2133 _
3343 2126 3381 2133 __
3407 2123 3418 2133 ,
3552 2118 3564 2133 ο
3619 2115 3667 2133 M

2108 2115 2243 2223 V't‘ﬂl'
2273 2149 2340 2222 ἦς
2366 2151 2399 2219 ἡ
2443 2148 2538 2216 μέν
2589 2141 2733 2196 αἰτία
2765 2136 2856 2190 τοῦ
2891 2130 3057 2198 εἶναι,
3089 2133 3152 2183 ἐκ
3201 2125 3295 2178 τοῦ
3332 2123 3511 2193 ἡλίου·
3543 2118 3576 2187 ἡ
3613 2115 3674 2168 δέ

2112 2241 2361 2313 ὓπαρξις,
2386 2236 2518 2308 ὁμοῦ
2553 2233 2628 2302 τῷ
2673 2231 2828 2301 ἡλίῳ,
2860 2227 2919 2279 οὐ
2948 2223 3155 2294 χρόνοις
3190 2217 3411 2284 ὕστερον
3437 2223 3674 2308 προσγεῖ

2111 2296 2308 2406 νομένη
2322 2296 2486 2384 ἰ,ἀλλ’
2514 2296 2647 2397 ὁμόῦ
2821 2319 3046 2388 ὀφθῆναι
3095 2313 3205 2406 τὸν.
3223 2308 3393 2406 ἥλιον,
3421 2302 3480 2367 ἐξ
3494 2296 3678 2406 uia-cog

2115 2385 2781 2488 άνιαιραινομένηδΜᾶλλόν
2825 2385 2881 2459 δέ
2929 2385 3010 2471 (οὐ
3048 2401 3156 2470 γὰρ
3183 2396 3394 2462 ἀνάγκη
3444 2390 3576 2488 πᾶσι
3606 2385 3694 2485 τῇ,

2116 2516 2282 2570 εἰκόνι
2315 2509 2658 2565 δουλεύοντας
2679 2499 2860 2554 δοῦναι
2883 2499 2992 2557 τοῖς
3029 2489 3387 2558 συκοφάνταις
3422 2479 3562 2534 κατὰ
3584 2475 3681 2529 τοῦ

2117 2607 2274 2674 λόγου
2311 2598 2479 2668 λαϐὴν
2516 2597 2571 2646 ὲν
2601 2596 2665 2663 τῇ
2718 2589 2810 2643 τοῦ
2871 2583 3263 2651 ὑποδείγματπ
3311 2571 3520 2644 ἀτονία)
3560 2570 3687 2674 oux!

2119 2700 2312 2753 ἀκτῖνα
2361 2691 2419 2755 ἐξ
2457 2690 2608 2761 ἡλίου
2648 2686 2930 2756 νοήσομεν,
2968 2678 3078 2730 ἀλλ’
3105 2674 3164 2739 ἐξ
3207 2671 3498 2740 ἀγεννήτου
3532 2665 3686 2735 ἡλίου

2120 2788 2274 2844 ἄλλον
2313 2785 2482 2855 ἥλιον,
2512 2778 2643 2849 ὁμοῦ
2677 2778 2742 2846 τῇ
2770 2773 2861 2826 τοῦ
2905 2770 3120 2840 πρώτου
3155 2763 3364 2832 ἐπινοίᾳ
3412 2755 3692 2828 γεννητῶς

2123 2877 2270 2947 αὑτῷ
2330 2871 2809 2940 συνεκλάμποντα,
2847 2864 2940 2915 καὶ
2994 2859 3136 2913 κατὰ
3193 2856 3370 2909 πάντα
3427 2849 3693 2908 ὡσαύτως

2127 2939 2546 3043 ἔχον-ταμάλλει,
2571 2939 2822 3028 δυνάμει,
2853 2951 3174 3024 λαμπηδόνι,
3201 2944 3436 3018 μεγέθει,
3469 2939 3700 3043 φαιδρό-

2127 3080 2270 3132 τητι,
2299 3059 2393 3112 xot‘t
2415 3058 2576 3109 πᾶσιν
2611 3049 2756 3113 ἅπαξ
2787 3049 2893 3109 τοῖς
2919 3044 3044 3114 περὶ
3082 3042 3172 3094 τὸν
3200 3039 3348 3109 ἡλιον
3386 3030 3697 3104 θεωρουμέ-

2130 3170 2260 3214 νοις.
2291 3149 2401 3201 Καὶ
2426 3147 2584 3199 πάλιν
2606 3143 2791 3212 ἕτερον
2825 3136 3059 3190 τοιοῦτον
3089 3131 3225 3200 φῶς,
3257 3127 3396 3182 κατὰ
3417 3126 3507 3178 τὸν
3532 3122 3698 3174 αὑτὸν

2129 3244 2350 3314 τρόπον,
2378 3240 2437 3291 οὗ
2498 3233 2728 3308 χρονικῷ
2765 3247 2868 3283 τινι
2914 3225 3240 3295 διαστήματι
3298 3217 3390 3271 τοῦ
3435 3211 3698 3283 γεννητοῦ

2133 3334 2308 3402 φωτὸς
2331 3326 2783 3396 ἀποτεμνόμενον,
2821 3318 2953 3374 ἀλλὰ
2977 3319 3040 3370 δι’
3074 3313 3237 3386 αὐτοῦ
3260 3311 3356 3380 μὲν
3396 3308 3696 3376 ἐκλάμπον·

2131 3427 2230 3494 τὴν
2249 3423 2305 3474 δέ
2335 3421 2434 3490 τῆς
2459 3417 2803 3475 ὑποστάσεως
2829 3410 3006 3464 αἰτίαν
3045 3406 3164 3476 ἔχον
3208 3405 3270 3456 ἐκ
3298 3400 3389 3453 τοῦ
3423 3395 3702 3468 πρωτοτό-

2135 3532 2234 3568 που
2263 3511 2470 3580 φωτός·
2510 3507 2622 3577 φῶς
2654 3505 2834 3576 μέντοι
2856 3501 2950 3554 καὶ
2981 3497 3112 3552 αὐτὸ
3137 3494 3257 3549 καθ’
3285 3491 3579 3561 ὁμοιότητα
3604 3485 3700 3539 τοῦ

2135 3599 2613 3675 προεπινοηθέντος
2643 3595 2874 3664 λάμπον,
2911 3589 3006 3642 καὶ
3037 3585 3286 3658 φωτίζον,
3329 3581 3423 3635 καὶ¹
3453 3581 3519 3632 τά
3565 3577 3704 3630 ἄλλα

2137 3670 2311 3749 πάντα
2350 3692 2419 3744 τά
2457 3689 2551 3742 τοῦ
2612 3686 2784 3754 φωτὸς
2833 3681 3215 3754 ἐργαζόμενον.
3252 3674 3385 3729 eos:
3423 3674 3531 3740 γάρ
3588 3670 3705 3722 ἐστι

2136 3784 2274 3853 φωτὶ
2304 3781 2438 3852 πρὸς
2467 3780 2647 3848 ἓτερον
2681 3776 2794 3843 φῶς
2829 3774 2948 3826 κατ’
2981 3770 3112 3824 αὐτὸ
3152 3766 3308 3822 τοῦτο
3347 3760 3701 3832 παραλλαγή·

2135 3877 2262 3929 ὅταν
2286 3875 2403 3927 κατ’
2423 3871 2572 3924 οὐδὲν
2592 3869 2688 3938 τῆς
2709 3866 3036 3935 φωτιστικῆς
3057 3862 3275 3933 χάριτος
3293 3853 3536 3922 ἐνδέον,ἣ
3557 3853 3711 3904 ὑστε-

2139 3967 2396 4037 ρούμενον
2435 3963 2730 4032 φαίνηται,
2755 3957 2892 4011 ἀλλὰ
2939 3956 3088 4024 πάσῃ
3134 3950 3428 4018 τελειότητι
3470 3945 3606 4014 πρὸς
3646 3943 3712 3995 τδ

2137 4034 2434 4126 άκρότατον
2471 4049 2806 4121 ἐπηρμένον,
2852 4046 2989 4117 μετὰ
3022 4043 3231 4114 Πατρὸς
3262 4041 3356 4093 καὶ
3393 4035 3520 4090 Υἰοῦ
3568 4034 3710 4126 θεωῖ

2140 4117 2297 4216 ρῆται
2325 4182 2339 4206 ,
2397 4141 2532 4212 μετὰ
2564 4117 2796 4208 -ΪΙ-ατέρα
2835 4137 2928 4189 καὶ
2973 4133 3098 4186 Υἱὸν
3135 4130 3467 4213 ἀριθμῆται,
3501 4122 3594 4176 καὶ
3640 4117 3710 4173 δι’

2139 4234 2330 4289 ἐαυτοῦ
2371 4231 2468 4302 τὴν
2515 4227 2878 4300 προσαγωγὴν
2907 4228 3041 4298 πρὸς
3080 4227 3140 4279 τὸ
3163 4225 3541 4294 ἐπινοούμενον
3570 4223 3710 4292 φῶς,

2144 4325 2204 4376 τὸ
2243 4326 2299 4374 ἐν
2347 4320 2521 4390 Πατρὶ
2554 4319 2646 4372 καὶ
2689 4317 2840 4387 Υἱῴ,
2875 4320 3007 4370 πᾶσι
3061 4319 3171 4378 τοῖς
3215 4317 3505 4385 μετασχεῖν
3551 4314 3710 4366 δυναο

482 4430 679 4482 ducere
715 4439 906 4479 onmes
955 4423 1046 4492 qui
1095 4422 1240 4475 illius
1285 4420 1575 4490 participes
1632 4419 1746 4472 ﬁeri
1793 4432 2020 4488 possunt

2152 4410 2330 4480 μένοις
2380 4409 2688 4478 χαρίζηται.
2727 4407 2886 4460 Ἀλλὰ
2917 4406 3088 4459 ταῦτα
3127 4405 3223 4475 μὲν
3250 4405 3329 4462 εἰς
3365 4403 3639 4457 τοσοῦτον.

486 4517 788 4573 consuevit.
832 4515 935 4568 Sed
973 4515 1087 4567 haec
1117 4514 1400 4566 hactenus.

558 4609 824 4662 Caeterum
865 4621 988 4659 cum
1036 4603 1383 4674 (Eunomius)
1415 4604 1620 4658 multus
1653 4602 1745 4668 sit,
1796 4609 1850 4656 et
1890 4603 2046 4671 quasi

492 4695 988 4764 dillluatjactandis
1031 4690 1295 4747 conviciis
1331 4703 1384 4747 et
1422 4709 1519 4762 pro
1546 4693 1694 4748 omni
1737 4693 2048 4761 disputandi

495 4785 715 4839 exordio
735 4784 1116 4837 contumeliam
1141 4783 1472 4848 substernat,
1495 4799 1702 4852 proque
1724 4785 1872 4837 omni
1903 4784 2044 4853 ejus,

496 4876 639 4945 quod
690 4875 747 4928 in
799 4875 1170 4928 controversia
1225 4880 1514 4938 versatur,
1566 4875 2056 4939 demonstratione,

498 4967 698 5040 probra
726 4973 777 5018 et
800 4965 1103 5019 calumnias
1141 4964 1353 5027 aﬂ‘erat,
1389 4966 1618 5034 agedum
1653 4967 1843 5034 paucis
1879 4967 2062 5021 videa-

504 5074 644 5123 mus,
669 5071 805 5126 quas
829 5055 895 5109 de
918 5055 1141 5123 ingeniti
1177 5071 1272 5109 seu
1309 5055 1650 5111 innascibilis
1689 5056 1955 5111 vocabulo
1982 5073 2065 5129 sy-

503 5150 824 5220 cophanttce
843 5145 898 5198 in
923 5145 1198 5199 doctorem
1224 5153 1468 5200 nostrum
1491 5145 1788 5216 (Basilium)
1813 5147 2064 5217 etinejus

503 5239 936 5296 (lissertationem
951 5234 1356 5290 criminationes
1372 5237 1959 5294 evomuerit.Recitavit
1977 5255 2066 5292 au-

503 5343 611 5386 tem
631 5331 744 5398 ipsa
764 5326 1006 5396 magistri
1025 5325 1198 5379 nostri
1219 5325 1399 5390 verba,
1424 5341 1544 5394 qua}
1559 5326 1633 5378 ita
1653 5341 1712 5380 se
1729 5327 2067 5398 habentztfgo

507 5437 623 5475 vero
660 5420 820 5472 etiam
849 5417 1085 5487 ingeniti.
1121 5416 1225 5480 sive
1268 5415 1597 5469 innascibilis
1641 5416 2066 5485 appellationem,

509 5511 742 5578 quamvis
766 5525 1087 5579 summopere
1117 5507 1519 5578 cogitationibus
1550 5507 1744 5560 nostris
1778 5519 2028 5577 congruat
2052 5525 2069 5560 :

512 5608 684 5654 tamen
702 5615 944 5666 eumnam
964 5600 1108 5653 nullo
1132 5599 1243 5654 loco
1258 5599 1308 5653 in
1329 5597 1599 5666 Scriptura
1616 5596 1778 5660 ipsam
1794 5597 2011 5662 inrenio,
2026 5611 2071 5651 ct

2232 4591 2381 4644 Ἐπεὶ
2401 4591 2456 4643 δὲ
2478 4589 2642 4652 πολύς
2679 4591 2825 4642 ἐστιν
2862 4587 3097 4658 εῦρροὦν
3134 4588 3252 4648 ταῖς
3285 4585 3594 4656 λοιδορίαις,
3621 4585 3722 4640 καὶ

2149 4687 2328 4755 πάσης
2359 4684 2456 4753 μὲν
2501 4682 2674 4752 ἀρχῆς
2717 4679 3056 4748 κατασκευὴν
3104 4678 3200 4748 τὴν
3249 4676 3404 4747 ὓϐριν
3457 4675 3720 4744 ποιούμε-

2150 4794 2258 4839 νος,
2277 4775 2397 4828 ἀντὶ
2440 4774 2496 4826 δέ
2541 4773 2720 4840 πάσης
2759 4771 3093 4834 ἀποδείξεως
3134 4772 3242 4824 τῶν
3278 4767 3725 4841 ἀμφισϐητουμέ-

2156 4885 2259 4920 νων
2312 4867 2409 4934 τὴν
2481 4864 2744 4933 λοιδορίαν
2800 4866 3018 4932 ἐπάγων
3053 4883 3066 4896 ·
3115 4863 3246 4933 φέρε
3307 4865 3400 4916 καὶ
3441 4866 3541 4917 ὅσα
3595 4865 3726 4935 περὶ

2157 4957 2254 5025 τῆς
2310 4955 2399 5007 τοῦ
2449 4954 2741 5024 ἀγεννὴτου
2791 4953 2974 5021 φωνῆς
3028 4952 3376 5021 συκοφαντῶν
3433 4950 3526 5004 τὸν
3579 4951 3730 5004 Bitia}.-

2161 5046 2354 5098 σκαλον
2397 5043 2590 5113 ἡμῶν,
2622 5042 2715 5096 καὶ
2769 5043 2847 5103 είς
2897 5041 3058 5092 αὐτὸν
3111 5043 3316 5094 ἐκεῖνον
3368 5041 3462 5093 καὶ
3503 5041 3584 5097 είς
3635 5039 3726 5091 τὸν

2159 5137 2312 5204 λόγον
2353 5134 2630 5205 ἐξύϐρισε,
2669 5133 2873 5202 βραχέα
2905 5131 3290 5202 διαλεχθῶμεν.
3330 5131 3606 5199 Παρέθετο
3633 5130 3728 5182 τοῦ

2161 5227 2480 5281 διδασκάλου
2515 5225 2638 5295 περὶ
2675 5224 2877 5276 τούτων
2904 5223 3043 5288 λέξιν
3083 5224 3310 5293 ἔχουσαν
3336 5222 3507 5286 οὕτως
3536 5237 3550 5251 °
3583 5221 3732 5291 Ἐγὼ

2162 5319 2231 5373 δὲ
2258 5318 2354 5372 καὶ
2389 5317 2501 5385 τὴν
2549 5316 2653 5369 τοῦ
2687 5315 3015 5384 ἀγεννήτου
3054 5314 3474 5384 προσηγορίαν,
3509 5311 3625 5366 κᾶν
3660 5311 3732 5364 τὰ

2160 5411 2425 5482 μάλιστα
2470 5408 2616 5476 δοκῇ
2665 5407 2792 5472 ταῖς
2826 5407 3083 5470 ἐννοίαις
3128 5405 3292 5472 ἡμῶν
3340 5405 3738 5465 συμϐαίνειν.

2167 5503 2302 5557 ἀλλ’
2331 5497 2444 5555 οὖν
2474 5501 2551 5564 ὠς
2594 5498 2854 5568 οὐδαμοῦ
2889 5497 2997 5565 τῆς
3026 5497 3269 5566 Γραφῆς
3295 5497 3596 5566 κειμένην,
3637 5496 3735 5550 καὶ

2172 5592 2403 5662 πρῶτον
2431 5591 2725 5658 στοιχεῖον
2749 5591 2942 5644 οὖσαν
2968 5589 3075 5659 τῆς
3099 5591 3494 5661 βλασφημίας
3519 5589 3743 5654 αὐτοῦ,
