4068 6148
360 287 472 346 ξιιτ

1510 290 1783 345 CONTR.\
1825 288 2206 352 EUNOMIUM,
2254 290 2381 344 LIB.
2425 292 2462 344 1.

3508 292 3607 343 118

371 407 708 465 σιωπᾶσθαι
738 408 813 461 ἂν
840 409 1077 475 δικαίως
1120 409 1298 473 ἀξίαν
1329 406 1481 463 εἶναι
1524 410 1775 479 φήσαιμι
1795 426 1808 439 ’
1839 406 1930 474 τῆς

2046 425 2292 477 quamam
2318 410 2546 475 primum
2569 420 2645 465 est
2673 413 2981 465 elementum
3011 408 3339 478 blasphemia:
3363 408 3605 468 istarum,

374 502 603 568 Πατρός
658 500 862 568 φωνῆς
916 502 1055 554 ἴσον
1117 502 1455 571 δυναμένης
1510 501 1589 567 τῷ
1644 500 1948 570 ἀγεννήτῳ

338 616 341 617 ν
373 591 547 664 ιπρὸς
579 590 658 655 τῷ
691 591 788 643 καὶ
815 590 926 657 τὴν
956 592 1087 658 περί
1115 593 1221 645 τοῦ
1264 592 1398 645 Υίοῦ
1436 594 1676 645 ἔννοιαν
1714 608 1945 661 συνημ-

369 682 560 751 μένως
592 681 778 749 ἑαυτῇ
820 682 914 734 διὰ
950 681 1056 751 τῆς
1098 682 1363 751 σχέσεως
1395 668 1796 753 ’συνεισάγειν
1883 682 1945 737 '0

375 773 481 840 γὰρ
527 772 713 838 ὅντως
759 773 979 840 Πατὴρ,
1024 774 1120 826 καὶ
1160 775 1364 842 μόνος,
1393 775 1461 837 ἐξ
1493 775 1738 839 οὐδενός
1779 775 1947 827 ἐστιν

374 862 575 928 ἐτέρου
595 878 608 890 ο
641 863 708 913 τὸ
738 862 806 912 δὲ
839 862 906 924 ἐξ
940 861 1215 928 οὐδενὸς,
1248 863 1465 915 ταύτόν
1497 864 1626 915 ἐστι
1664 863 1744 927 τῷ
1773 864 1945 930 ἀγεν-

373 951 546 1017 νήτῳ.
577 938 711 1003 Τίνα
736 946 827 1003 οὖν
856 951 1049 1018 ἐπάγει
1079 955 1189 1015 τοῖς
1216 952 1523 1022 εἰρημένοις
1554 953 1823 1017 ἀπόδειξιν
1851 953 1942 1004 τοῦ

376 1044 559 1105 κακῶς
591 1043 840 1113 εἰρῆσθαι
886 1044 976 1096 τὸν
1010 1043 1164 1110 λόγον
1198 1046 1403 1107 τοῦτον,
1444 1044 1787 1113 ἀκούσωμεν
1826 1047 1868 1095 Τ
1868 1043 1945 1110 ὴν

373 1132 484 1199 μὲν
514 1128 627 1185 οὖν
650 1133 997 1200 ἀνωμαλίαν
1017 1134 1134 1185 τῶν
1151 1138 1349 1203 λόγων
1369 1136 1436 1187 ἐκ
1461 1136 1812 1203 προπετείας
1832 1138 1942 1201 οὐχ

377 1219 553 1290 ἧττον
586 1223 620 1290 ἦ
660 1226 950 1291 πονηρίας
977 1225 1263 1289 ἁναιδοῦς
1295 1226 1417 1290 τοῖς
1448 1227 1663 1279 ἑαυτοῦ
1699 1227 1943 1293 καταμί-

380 1328 592 1383 γνυσιν
620 1313 1006 1382 ἐγχειρήμασι
1028 1356 1041 1377 ,
1067 1316 1144 1380 τῷ
1182 1316 1289 1381 τῆς
1322 1317 1553 1385 γνώμης
1584 1318 1940 1384 ἀστηρίκτῳ,

382 1398 476 1450 καὶ
520 1397 592 1464 τῇ
638 1397 755 1450 τῶν
795 1400 1090 1469 λογισμῶν
1142 1402 1418 1470 ἀσθενείᾳ
1463 1406 1938 1473 περιφερόμενος.

392 1489 576 1557 Ὀρᾶτε
622 1488 682 1539 τὸ
723 1488 972 1559 εὔστοχον
1016 1492 1115 1559 τῆς
1158 1492 1531 1562 ἀπαντήσεως,
1573 1494 1648 1556 ὡς
1683 1495 1943 1563 τεχνικῶς

370 1578 514 1632 κατά
560 1579 657 1647 τὴν
687 1580 906 1650 λογικὴν
939 1580 1103 1633 αὐτοῦ
1134 1582 1442 1652 ἐντρέχειαν
1471 1584 1705 1655 ἐκείνην,
1739 1584 1942 1637 διαλύει

378 1672 472 1738 μὲν
510 1670 619 1722 τῶν
646 1672 946 1741 εἰρημένων
980 1674 1077 1741 τὴν
1121 1672 1348 1743 δύναμιν
1369 1715 1383 1734 ,
1424 1675 1730 1743 ἀντεισάγει
1758 1676 1814 1727 δέ
1843 1676 1940 1746 τὴν

2046 498 2253 551 silentio
2278 499 2588 553 tradendam
2622 504 2805 555 merito
2850 503 3091 555 duxerim
3124 514 3144 554 .'
3170 502 3461 567 prtesertim
3490 516 3607 552 cum

2048 584 2228 639 Patris
2254 602 2350 639 vox
2377 598 2424 640 et
2447 589 2500 640 id
2527 592 2693 657 possit
2737 590 2872 659 quod
2901 591 3132 658 ingeniti,
3162 601 3207 642 et
3242 588 3308 640 ad
3336 589 3388 639 id
3423 591 3603 649 etiam,

2046 692 2252 749 propter
2276 682 2578 736 relationem
2603 684 2934 751 conjunctam
2979 684 3077 735 sibi
3114 681 3264 744 Filii,
3332 681 3608 748 cogitatio-

2046 788 2161 825 nem
2197 773 2429 827 adducat
2467 815 2479 827 .
2508 774 2612 840 Qui
2650 779 2785 828 enim
2816 792 2929 828 vere
2964 774 3123 826 Pater
3170 784 3215 825 et
3269 773 3410 825 solus
3447 768 3605 821 Pater

2044 872 2139 922 est,
2173 879 2203 913 α
2232 862 2374 916 nullo
2402 872 2479 917 est
2504 880 2521 915 :
2552 866 2640 932 qui
2671 874 2843 917 autem
2872 881 2903 916 a
2930 862 3071 915 nullo
3099 871 3194 919 est.
3216 861 3471 929 ingenitus
3502 867 3599 909 est.

2044 952 2341 1005 Audiamus
2369 968 2494 1022 ergo
2543 954 2811 1021 quomodo
2858 954 3189 1007 demonstret
3237 952 3348 1003 haec
3408 964 3598 1016 perpe-

2043 1056 2156 1093 ram
2188 1041 2330 1095 dicta
2370 1058 2510 1097 esse.
2554 1043 3051 1097 Dissimilitudinem
3107 1052 3156 1095 et
3192 1040 3600 1108 ina'qualitatem

2044 1147 2146 1183 non
2183 1132 2377 1195 minus,
2409 1149 2564 1202 quam
2598 1133 2946 1201 impudentem
3002 1133 3386 1201 improbitatem
3431 1145 3494 1182 ea:
3522 1138 3598 1179 te-

2043 1222 2282 1274 meritate
2333 1224 2447 1275 suis
2492 1224 2658 1276 verbis
2710 1224 2983 1288 admiscet,
3040 1222 3379 1275 instabilitate
3414 1219 3599 1270 mentis

2042 1321 2089 1365 et
2139 1314 2515 1384 cogitationum
2575 1315 2937 1369 imbecillitate
2999 1316 3369 1367 circumactus.
3412 1308 3600 1360 Videte

2042 1417 2203 1471 quam
2234 1404 2573 1459 considerate
2607 1406 2916 1459 adversario
2949 1411 3219 1459 occurrat.
3262 1401 3432 1466 Quam
3466 1399 3600 1451 arti-

2042 1492 2226 1548 ﬁciose
2256 1509 2320 1548 ex
2353 1494 2522 1563 logica
2556 1510 2651 1548 sua
2688 1495 2877 1563 peritia
2904 1494 3045 1547 vires
3069 1508 3254 1548 eorum
3282 1506 3400 1560 qme
3456 1490 3599 1542 dicta

2044 1589 2189 1647 sunt,
2232 1592 2474 1646 enervat,
2525 1584 2832 1637 introducta
2865 1585 3050 1653 pietati
3106 1584 3276 1652 magis
3304 1588 3596 1634 consenta-

2045 1688 2144 1726 nea
2181 1673 2602 1728 existimatione.
2646 1674 2929 1727 Dissimilis
2960 1682 3061 1739 est,
3102 1673 3298 1741 inquit,
3340 1685 3595 1730 sermone,

374 1734 1063 1833 sbsa6satépav‘bnélqduv
1102 1734 1343 1834 γνώμην.
1385 1734 1728 1834 Ἆνώμαλος,
1785 1734 1930 1837 φησί,

2040 1779 2145 1816 non
2174 1764 2348 1817 minus
2377 1780 2604 1832 pra’ceps
2638 1776 2681 1818 et
2716 1766 3022 1817 temerarius
3078 1779 3232 1833 quam
3260 1762 3555 1814 malitiosus
3581 1774 3597 1809 :

371 1850 477 1902 τὸν
515 1853 721 1919 λόγον,
755 1853 1055 1920 προπετὴς
1085 1856 1196 1923 οὐχ
1224 1850 1405 1924 ἧττον
1460 1856 1497 1923 ἢ
1543 1856 1801 1923 πονηρὸς
1827 1856 1939 1923 τὴν

372 1938 641 2007 γνώμην,
679 1941 1149 2011 ἀστήρικτος,τῇ
1178 1944 1296 1997 τῶν
1324 1946 1628 2015 ,λογισμῶν
1659 1948 1938 2013 ἀσθενείᾳ

374 2033 847 2099 περιφερόμενος.
892 2034 1059 2086 Πόθεν
1090 2032 1294 2098 ταῦτα,
1330 2038 1422 2089 καὶ
1459 2038 1523 2089 ἐκ
1566 2037 1720 2100 ποίας
1758 2038 1936 2100 αἰτίας

374 2118 727 2186 παροξυνθεὶς
765 2122 793 2172 ὁ
838 2123 934 2192 τὴν
974 2123 1197 2193 γνώμην
1231 2126 1650 2194 ἐστηριγμένος,
1693 2127 1786 2178 καὶ
1824 2129 1935 2187 τοῖς

371 2209 650 2280 λογισμοῖς
690 2213 941 2279 ὑγιαίνων
975 2216 1141 2285 φησί;
1183 2216 1335 2280 Τίνος
1368 2218 1599 2287 μάλιστα
1635 2220 1933 2287 καταγνοὺς

368 2300 474 2351 τῶν
507 2302 845 2371 εἰρημένων;
880 2303 1000 2356 Ὅτι
1038 2306 1135 2376 τὴν
1165 2305 1367 2359 ἔννοιαν
1402 2308 1611 2378 δέχεται
1638 2309 1729 2362 τοῦ
1762 2310 1931 2379 ἀγεν-

364 2392 574 2458 νήτου,
604 2392 703 2462 τὴν
734 2394 789 2446 δὲ
818 2395 1016 2471 φωνὴν,
1058 2396 1133 2460 ὼς
1176 2400 1362 2463 κακῶς
1392 2400 1747 2470 ἐκληφθεῖσαν
1781 2402 1930 2471 παρὰ

367 2482 471 2533 τῶν
500 2470 929 2552 διαστρεφόντων
950 2523 964 2547 ,
998 2487 1204 2556 σιωπῆς
1241 2488 1395 2553 ἀξίαν
1432 2490 1564 2559 φησί
1587 2500 1601 2547 ;
1628 2490 1681 2541 τί
1722 2490 1828 2560 γὰρ

365 2573 423 2624 ἐν
463 2575 669 2641 ῥήμασι
711 2574 804 2624 καὶ⁹
846 2576 1093 2645 προφορᾷ
1122 2576 1182 2627 τὸ
1226 2578 1462 2645 ἀσφαλὲς
1498 2578 1798 2631 κινδυνεύει
1830 2578 1930 2647 τῆς

367 2662 630 2726 πίστεως,
663 2663 761 2733 τῆς
801 2664 857 2716 δὲ
890 2666 1029 2717 κατά
1056 2666 1152 2735 τὴν
1186 2667 1418 2721 διάνοιαν
1455 2668 1737 2739 ἀκριϐείας
1773 2669 1929 2736 λόγος

370 2753 566 2816 οὺδείςς
600 2755 669 2806 Ἦ
698 2754 817 2824 οὐχὶ
832 2759 1263 2827 προηγουμένως
1290 2762 1354 2829 τῇ
1390 2760 1582 2829 καρδίᾳ
1610 2760 1928 2828 καθαρεύειν

364 2843 479 2894 ἀπὺ
510 2844 609 2897 τῶν
636 2846 889 2916 πονηρῶν
906 2848 1066 2917 »ἐννοη
1076 2850 1258 2917 μάτων
1284 2851 1311 2901 ὁ
1336 2850 1434 2917 τῆς
1464 2850 1718 2919 ἀληθείας
1747 2869 1926 2923 παρα-

368 2934 682 2999 σκευάζεται
718 2936 899 3005 λόγος·
938 2939 1143 3009 ῥήμασι
1181 2940 1237 2992 δὲ
1270 2940 1567 3009 κεχρῆσθαι
1598 2942 1732 3012 πρὸς
1759 2943 1927 3012 δήλω-

2039 1854 2214 1908 animo
2277 1854 2563 1917 instabilis,
2621 1855 2994 1923 cogitationum
3043 1870 3261 1906 suarum
3292 1852 3598 1919 inﬁrmitate

2039 1943 2415 1997 circumactus.
2463 1942 2636 2009 Unde,
2698 1953 2751 1998 et
2812 1960 2917 2014 qua
2972 1958 3135 1998 causa
3183 1942 3464 2010 impulsus,
3504 1940 3594 2007 qui

2042 2042 2221 2088 mente
2252 2035 2387 2088 adeo
2416 2036 2679 2089 solidatus
2705 2044 2807 2096 est,
2830 2045 2883 2089 et
2917 2035 3243 2105 cogitatione
3262 2034 3395 2086 adeo
3429 2047 3594 2086 sanus

2035 2132 2089 2175 et
2123 2124 2395 2189 sincerus,
2434 2126 2556 2177 talia
2592 2125 2767 2178 elTutit
2790 2126 2813 2176 ?
2835 2125 3101 2190 Quidnam
3134 2140 3198 2177 ex
3257 2123 3419 2177 dictis
3474 2136 3592 2174 ma-

2036 2218 2175 2270 xime
2208 2218 2476 2286 improbat
2498 2220 2641 2276 ?.An
2701 2220 2825 2287 quia
2864 2218 3171 2287 (Basilius)
3226 2230 3443 2271 sensum
3500 2213 3591 2281 qui

2032 2304 2294 2356 vocabulo
2343 2304 2669 2359 innascibilis
2710 2307 3029 2374 subjicitur,
3086 2306 3327 2375 recepit,
3401 2318 3587 2357 vocem

2034 2409 2160 2447 vero
2191 2396 2387 2464 ipsam,
2420 2403 2674 2464 tauquam
2704 2412 2732 2449 a
2778 2398 3223 2465 depravatoribus
3270 2396 3406 2448 male
3440 2409 3592 2447 accc-

2034 2493 2215 2553 ptam,
2259 2485 2479 2539 silentio
2533 2487 2879 2555 premendam
2909 2475 3174 2555 'judicat?
3210 2486 3347 2550 Quid
3405 2484 3592 2538 enim?

2029 2574 2111 2627 An
2145 2574 2200 2627 in
2237 2575 2418 2629 verbis
2450 2584 2503 2629 et
2533 2577 2836 2645 prolatione
2899 2578 3162 2632 securitas
3196 2584 3249 2629 et
3303 2576 3588 2629 sinceritas

2031 2665 2155 2720 ﬁdei
2208 2666 2592 2735 periclitatur?
2655 2666 2737 2719 An
2796 2667 2942 2721 nulla
2980 2668 3118 2721 ratio
3170 2667 3411 2720 habenda
3471 2665 3587 2733 ejus

2029 2772 2147 2825 quise
2175 2772 2243 2810 ex
2273 2772 2436 2812 sensu
2485 2766 2590 2821 est,
2634 2758 3046 2812 accurationis?
3101 2757 3296 2811 Annon
3332 2756 3588 2825 primario

2028 2854 2082 2901 et
2118 2854 2243 2902 ante
2268 2849 2449 2901 omnia
2481 2848 2533 2903 id
2566 2849 2811 2904 veritatis
2864 2849 3002 2901 ratio
3057 2848 3257 2909 studet,
3315 2859 3372 2899 ut
3402 2862 3495 2899 cor
3556 2860 3583 2896 a

2030 2939 2302 3007 perversis
2350 2939 2703 3008 opinionibus
2750 2948 3099 3009 expurgetur,
3141 2938 3319 2991 verbis
3361 2952 3487 2989 vero
3520 2937 3584 2988 ad

366 3041 450 3078 σιν
482 3026 587 3079 τῶν
612 3028 711 3097 τῆς
740 3028 919 3098 ψυχῆς
956 3030 1287 3099 κινημάτων,
1332 3031 1399 3082 δι’
1430 3025 1505 3085 ὧν
1543 3032 1607 3085 ἂν
1644 3028 1677 3106 ᾖ
1707 3033 1927 3085 δυνατὸν

2032 3030 2310 3082 notionum
2350 3030 2546 3083 anima:
2585 3030 3078 3085 manifestationem
3126 3038 3330 3092 utatur,
3387 3028 3585 3097 quibus

358 3117 695 3183 ἐνδείξασθαι
734 3118 830 3171 τοῦ
869 3120 959 3172 νοῦ
1012 3121 1072 3172 τὸ
1106 3122 1411 3192 ἀπόρρητον
1435 3161 1451 3187 ,
1485 3123 1633 3176 οὐδὲν
1672 3125 1796 3194 περί
1840 3126 1929 3178 τὸν

356 3210 561 3262 τοιόνδε
585 3211 686 3278 τῆς
716 3211 897 3280 φωνῆς
928 3208 1058 3281 ἦχον
1087 3212 1602 3283 μικρολογούμενον;
1635 3215 1707 3267 Οὐ
1741 3216 1846 3285 γὰρ
1871 3216 1930 3268 τὸ

348 3299 551 3362 οὕτως.
581 3300 614 3367 ἦ
636 3300 710 3362 ὡς
731 3302 929 3371 ἑτέρως
955 3303 1127 3354 είπεῖν
1149 3302 1318 3356 αἴτιον
1345 3304 1444 3373 τῆς
1462 3305 1519 3356 ἐν
1542 3305 1673 3374 ἡμῖν
1694 3304 1928 3369 διανοίας

353 3389 682 3444 καθίσταται
704 3407 718 3420 ’
740 3391 874 3444 ἀλλά
900 3392 960 3445 τὸ
982 3394 1218 3463 κρυπτὸν
1243 3394 1341 3462 τῆς
1368 3394 1591 3462 καρδίας
1620 3395 1793 3465 νόημα
1820 3395 1927 3449 τῶν

352 3480 578 3533 τοιῶνδε
622 3481 792 3549 λόγων
833 3483 931 3552 τὴν
972 3484 1150 3536 αἰτίαν
1186 3484 1456 3537 ἐνδίδωσιν
1478 3502 1490 3514 ·
1549 3485 1649 3538 Ἐκ
1681 3486 1788 3555 γὰρ
1822 3486 1927 3540 τοῦ

350 3573 856 3640 περισσεύματος,
877 3575 1027 3641 φησί,
1052 3572 1159 3640 τῆς
1183 3574 1425 3641 καρδίας
1436 3575 1502 3628 τὸ
1524 3577 1715 3644 στόμα
1731 3576 1923 3630 λαλεῖ.

418 3661 535 3715 Καὶ
566 3662 673 3714 τῶν
706 3663 1001 3732 νοηθέντων
1034 3665 1273 3735 ἑρμηνέα
1305 3667 1393 3718 τὸν
1422 3666 1577 3734 λόγον
1612 3666 1924 3736 ποιούμεθα,

349 3751 407 3803 οὐ
462 3749 524 3801 τὸ
568 3750 800 3819 ἔμπαλιν
855 3752 951 3822 τὴν
994 3753 1231 3806 διάνοιαν
1276 3754 1366 3822 ἀφ’
1411 3747 1485 3807 ὧν
1537 3754 1764 3824 λέγομεν
1808 3772 1928 3808 συν-

349 3840 671 3911 αγείρομεν,
691 3840 792 3894 κᾶν
812 3842 911 3911 μὲν
938 3843 1220 3914 ἀμφότερα
1244 3844 1535 3914 συμϐαίνῃ,
1558 3845 1651 3897 καὶ
1678 3848 1813 3897 νοεῖν
1844 3845 1927 3897 δε-

348 3932 508 3998 ξιῶις,
540 3933 631 3985 καὶ
663 3932 981 4003 ἑρμηνεύειν
1004 3973 1018 3996 ,
1048 3934 1228 4003 ἄρτιος
1252 3934 1317 3986 δι’
1344 3934 1617 4004 ἑκατέρων
1649 3937 1676 3987 ὁ
1717 3935 1924 4005 ἄνθρω-

352 4042 447 4088 πος
479 4042 491 4054 ·
522 4024 576 4076 εί
604 4024 659 4076 δὲ
685 4024 746 4077 τὸ
774 4025 959 4094 ἕτερον
982 4024 1145 4088 λίποι,
1175 4026 1327 4096 ὀλίγη
1354 4026 1429 4096 τῷ
1460 4024 1640 4098 ἰδιώτῃ
1669 4027 1809 4079 κατά
1836 4027 1926 4079 τὸν

354 4111 508 4180 λόγον
553 4110 815 4180 ὴζημία,
860 4114 959 4182 τῆς
999 4112 1137 4165 κατὰ
1166 4112 1340 4182 ψυχὴν
1388 4113 1638 4180 γνώσεως
1683 4113 1816 4183 πρὸς
1865 4114 1925 4167 τὸ

350 4200 563 4267 ἀγαθὸν
600 4198 1054 4268 κατηρτισμένης.
1097 4201 1160 4252 '0
1192 4201 1362 4265 λαός,
1388 4202 1568 4272 φησὶν,
1602 4197 1777 4267 οὗτος
1803 4201 1919 4267 τοῖς

354 4287 594 4355 χείλεσι
618 4304 695 4355 με
717 4287 872 4356 τιμᾷο
896 4290 934 4355 ἠ
957 4287 1026 4340 δὲ
1053 4290 1263 4357 καρδία
1282 4289 1477 4344 αὐτῶν
1501 4293 1695 4359 πόρρω
1717 4293 1924 4359 ἀπέχει

2030 3134 2228 3171 arcana
2277 3120 2475 3173 mentis
2506 3120 2782 3188 pateﬁant,
2843 3120 3078 3188 seposita
3129 3120 3195 3173 de
3244 3120 3393 3172 vocis
3451 3132 3586 3172 sono

2029 3209 2191 3261 anxia
2222 3208 2630 3263 sollicitudine?
2657 3209 2776 3263 Non
2805 3212 2948 3264 cnim
2971 3220 3150 3263 utrum
3190 3209 3291 3261 hoc
3320 3209 3400 3261 vel
3431 3208 3583 3272 illud,

2028 3300 2134 3354 isto
2171 3300 2254 3354 vel
2288 3301 2395 3353 isto
2424 3300 2586 3354 modo
2614 3288 2941 3370 proferatur,
2984 3308 3339 3368 conceptuum
3372 3311 3587 3352 nostro-

2028 3405 2147 3444 rum
2181 3405 2345 3444 causa
2380 3400 2485 3453 est,
2521 3392 2615 3445 sed
2667 3390 3018 3445 absconditus
3061 3389 3226 3442 animi
3270 3392 3463 3443 sensus
3502 3388 3586 3441 his

2028 3481 2111 3535 vel
2148 3480 2255 3536 illis
2274 3482 2455 3535 verbis
2483 3496 2703 3536 causam
2731 3481 3108 3535 subministrat
3136 3500 3148 3533 :
3180 3495 3301 3534 nam
3328 3496 3390 3533 ea:
3419 3479 3586 3532 abun-

2026 3572 2213 3626 dantia
2244 3572 2415 3626 cordis
2450 3589 2505 3625 os
2535 3572 2765 3641 loquitur
2795 3572 2862 3626 ”.
3606 3574 3613 3581 “

2097 3660 2162 3715 Ει
2188 3662 2455 3731 interpres
2503 3677 2691 3716 eorum
2722 3677 2842 3730 quae
2871 3670 3051 3716 mente
3082 3660 3436 3730 concipimus,
3469 3676 3584 3738 ser.-

2028 3767 2116 3805 mo
2147 3760 2270 3807 est:
2312 3767 2419 3805 non
2436 3768 2478 3807 γε
2509 3753 2784 3805 contrario
2820 3767 3040 3805 sensum
3085 3767 3152 3806 ex
3188 3751 3292 3815 iis,
3336 3767 3455 3820 qua:
3499 3750 3583 3803 di-

2026 3852 2255 3907 cuntur,
2281 3842 2588 3911 colligimus
2614 3861 2626 3895 :
2664 3842 2921 3910 quamvis
2953 3850 3241 3912 utrumque
3269 3844 3582 3911 contingere

2025 3940 2207 4000 queat,
2238 3942 2291 3987 et
2323 3932 2510 3987 dextre
2533 3932 2851 4002 intelligere,
2882 3939 2934 3985 et
2967 3932 3154 3986 dextre
3189 3933 3480 4001 explicare,
3513 3934 3578 3984 ad

2025 4030 2319 4092 utrumque
2354 4031 2534 4077 autem
2565 4023 2726 4076 homo
2756 4022 2992 4075 idoneus
3023 4035 3075 4076 et
3103 4023 3372 4090 perlectus
3401 4029 3504 4079 est,
3528 4031 3580 4073 ct

2027 4112 2074 4164 si
2103 4112 2337 4166 alterum
2402 4112 2565 4176 absit,
2611 4112 2802 4180 exigua
2845 4111 3022 4163 idiota:
3074 4119 3126 4164 et
3181 4111 3428 4179 imperito
3457 4094 3583 4161 huic

2025 4201 2519 4270 imminetjactura,
2554 4201 2751 4269 quippe
2780 4200 2937 4265 cujus
2964 4200 3201 4268 cognitio
3226 4199 3293 4251 ad
3328 4199 3401 4258 id.
3434 4200 3574 4266 quod

2026 4288 2225 4342 bonum
2268 4298 2371 4351 cst,
2409 4289 2734 4343 concinnata
2764 4298 2816 4342 ct
2854 4288 3155 4356 composita
3220 4288 3312 4340 sit.
3349 4286 3579 4354 Populus

351 4376 447 4429 ἀπ’
490 4375 676 4446 ἐμοῦ·
726 4377 779 4429 τί
823 4378 979 4428 τοῦτο
1024 4378 1339 4447 σημαίνων;
1388 4380 1509 4431 Ὅτι
1560 4381 1923 4451 προτιμοτέρα

2032 4379 2123 4431 iste
2162 4377 2313 4430 labiis
2366 4395 2445 4433 me
2495 4379 2739 4443 honorat,
2789 4379 2980 4446 inquit,
3040 4394 3131 4429 cor
3180 4388 3350 4429 autem
3405 4395 3579 4430 eorum

354 4467 498 4535 παρὰ
565 4466 682 4533 Θεῷ
738 4470 921 4537 κριτῇ,
978 4467 1055 4537 τῷ
1110 4469 1216 4521 τῶν
1269 4468 1547 4539 ἀλαλήτων
1605 4469 1923 4539 στεναγμῶν

354 4556 619 4618 ἐπαῖοντι,
643 4558 677 4627 ἡ
700 4557 797 4625 τῆς
824 4557 1001 4626 ψυχῆς
1030 4558 1165 4626 πρὸς
1191 4557 1287 4627 τὴν
1313 4557 1564 4627 ἀλήθειαν
1593 4560 1793 4628 σχέσις,
1822 4559 1923 4628 τῆς

354 4643 407 4694 ἐν
446 4647 693 4715 ῥήμασιν
725 4645 1054 4714 εὐπρεπείας
1087 4645 1178 4697 τοῦ
1217 4646 1397 4713 λόγου.
1429 4646 1648 4709 Τούτοις
1682 4646 1780 4716 μὲν
1814 4648 1921 4718 γὰρ

349 4732 592 4789 ἐστικαὶ
632 4735 767 4805 πρὸς
797 4738 857 4787 τὸ
894 4736 1132 4789 ἐναντίον
1178 4736 1619 4806 συγχρήσασθαι,
1657 4737 1794 4790 κατά
1822 4739 1921 4809 τὴν

357 4825 596 4889 ἐξουσίαν
633 4825 728 4879 τοῦ
766 4827 1155 4896 φθεγγομένου,
1194 4828 1329 4898 πρὸς
1369 4828 1431 4880 τὸ
1470 4828 1655 4880 δοκοῦν
1681 4820 1919 4894 εὐκόλως

358 4916 731 4987 ὑπηρετούσης
757 4917 853 4986 τῆς
881 4918 1126 4988 γλώσσης
1150 4934 1163 4946 ⁶
1194 4922 1226 4988 ἡ
1254 4919 1308 4971 δέ
1332 4920 1430 4987 τῆς
1458 4920 1634 4989 ψυχῆς
1664 4920 1917 4985 διάθεσις,

359 5006 499 5070 ὅπως
525 5010 592 5062 ἂν
632 5007 832 5077 ἔχουσα
862 5008 1044 5078 τύχοι,
1072 5007 1241 5071 οὕτως
1267 5011 1456 5078 ὁρᾶται
1486 5009 1563 5077 τῷ
1592 5010 1670 5071 εἰς
1694 5011 1762 5061 τά
1790 5010 1919 5079 κρύ-

362 5116 454 5165 φια
499 5102 771 5170 βλέποντι.
809 5102 959 5165 Τίνος
996 5097 1088 5154 οὖν
1125 5102 1280 5172 χάριν
1313 5101 1622 5170 ἀνώμαλος,
1657 5103 1750 5155 καὶ
1788 5120 1919 5171 προ-

362 5192 523 5261 πετὴς
547 5195 647 5262 οὐχ
679 5188 840 5263 ἦττον
868 5192 901 5261 ἢ
936 5193 1187 5263 πονηρὸς,
1218 5194 1247 5243 ὁ
1284 5192 1342 5244 τὸ
1374 5192 1470 5261 μὲν
1503 5190 1735 5253 εὐσεϐῶς
1774 5193 1921 5243 νοού-

363 5293 513 5343 μενον
548 5283 611 5333 ἐκ
638 5281 741 5349 τῆς
778 5280 872 5332 τοῦ
904 5281 1231 5350 ἀγεννήτου
1272 5280 1476 5349 φωνῆς,
1512 5282 1604 5333 καὶ
1640 5280 1794 5341 νοῶν,
1830 5282 1920 5333 καὶ

360 5366 657 5437 δεχόμενος,
687 5372 750 5424 τὸ
783 5371 839 5422 δὲ
876 5372 997 5424 ὅσον
1022 5372 1259 5425 συντελεῖ
1286 5371 1421 5442 πρὸς
1448 5369 1697 5424 ἀσέϐειαν
1720 5372 1829 5433 τοῖς
1855 5373 1920 5424 τὰ

359 5455 593 5521 δόγιιατα
618 5462 1012 5534 παρανομοῦσι,
1045 5462 1199 5516 τοῦτο
1234 5462 1531 5516 σιωπᾶσθαι
1565 5460 1827 5524 κελεύων;
1857 5461 1918 5514 Εἰ

430 5632 473 5664 ⁸³
503 5633 695 5689 Matth.
723 5652 821 5697 xu,
854 5637 942 5691 34.

1020 5638 1061 5669 "'°
1104 5639 1203 5692 lsa.
1233 5654 1377 5699 nu,
1418 5640 1510 5704 l5;

1549 5636 1735 5691 Matth.
1773 5651 1881 5701 va,
1919 5634 1970 5689 8.

2026 4468 2175 4537 longe
2202 4476 2278 4520 est
2302 4484 2333 4520 a
2357 4484 2436 4520 me
2459 4468 2526 4519 ⁸ο.
2553 4467 2692 4532 Quid
2721 4468 2825 4521 hoc
2858 4467 3004 4520 dicto
3037 4466 3343 4536 signiﬁcare
3369 4470 3581 4522 voluit?

2026 4556 2316 4623 Potiorem,
2357 4557 2499 4626 apud
2535 4556 2701 4610 Deum
2728 4555 2991 4624 judicem,
3034 4557 3271 4627 gemitus
3301 4571 3427 4611 voce
3470 4573 3576 4610 nou

2025 4664 2315 4719 expressos
2364 4648 2697 4714 audientem,
2756 4664 2879 4703 esse
2939 4650 3137 4703 mentis
3172 4648 3240 4701 ad
3298 4650 3578 4704 veritatem

2025 4739 2382 4804 aﬁectionem,
2410 4754 2572 4808 quam
2601 4740 2888 4794 verborum
2935 4746 3185 4792 ornatum
3226 4748 3281 4793 et
3322 4740 3581 4809 eloquen-

2027 4830 2177 4882 tiam.
2212 4828 2346 4881 Nam
2383 4829 2465 4883 bis
2490 4829 2648 4883 etiam
2684 4829 2736 4882 in
2774 4828 3106 4882 contrarium
3142 4829 3221 4881 uti
3278 4829 3422 4891 licet,
3484 4846 3581 4899 pro

2023 4917 2143 4985 ejus
2198 4918 2287 4986 qui
2321 4919 2558 4986 loquitur
2611 4917 2890 4982 facultate,
2923 4918 3105 4989 lingua
3144 4933 3252 4972 non
3297 4919 3581 4974 diﬁicultcr

2026 5006 2093 5060 ad
2123 5006 2175 5059 id
2206 5009 2349 5075 quod
2380 5009 2558 5061 visum
2594 5016 2677 5061 est
2732 5008 3125 5063 subserviente.
3162 5008 3231 5062 At
3288 5027 3415 5064 vero
3458 5012 3576 5063 ani~
3612 5064 3623 5067 -

2024 5113 2125 5151 mae
2152 5097 2389 5160 aliectio,
2427 5099 2824 5167 qualiscunque
2861 5113 2923 5151 ea
2947 5100 3037 5163 sit,
3073 5100 3197 5153 talis
3228 5100 3386 5153 etiam
3414 5114 3577 5166 appa-

2023 5198 2104 5243 ret
2132 5190 2181 5243 ei
2236 5190 2328 5257 qui
2358 5190 2570 5242 occulta
2611 5190 2872 5245 intuetur.
2922 5189 3099 5255 Quare
3150 5190 3312 5258 igitur
3349 5197 3575 5242 temera-

2022 5279 2138 5333 rius
2171 5287 2277 5345 est,
2309 5270 2371 5334 et
2401 5294 2510 5333 non
2544 5280 2727 5336 minus
2766 5282 3068 5350 improbus,
3116 5280 3208 5347 qui
3237 5276 3380 5344 quod
3423 5278 3575 5329 inna-

2020 5371 2220 5424 scibilis
2253 5386 2351 5425 seu
2378 5372 2596 5441 ingeniti
2630 5372 2893 5426 vocabulo
2947 5370 3033 5438 pie
3079 5366 3438 5435 signiﬁcatur,
3489 5382 3574 5443 rea

2023 5462 2155 5531 cipit
2186 5470 2239 5517 et
2273 5464 2558 5532 approbat,
2604 5464 2735 5516 illud
2786 5476 2914 5515 vero
2962 5458 3104 5530 quod
3165 5457 3346 5529 impiis
3387 5458 3575 5527 impie-
