4068 6148
319 320 421 376 ὂῖι

1471 317 1748 374 CONTRA
1789 316 2177 383 EUNOMIUM,
2214 317 2341 372 LIB.
2375 319 2414 373 l.

3461 293 3565 374 tea

327 436 420 488 atat
461 432 714 501 γλίσχρον
762 430 867 483 τῶν
913 429 1236 502 εἰρημένων,
1280 431 1478 500 τρόπον
1515 433 1633 485 τινά
1683 432 1893 486 συνδια-

2006 447 2128 502 quas
2158 431 2333 495 aﬂert,
2366 433 2548 502 aliquo
2584 430 2743 486 modo
2777 430 2877 501 ipsi
2925 433 3086 486 etiam
3122 431 3336 486 veritati
3389 427 3563 487 fraudi

316 525 462 596 ’ϐάλῃ
492 525 586 577 καὶ⁵
616 523 705 576 τὸν
735 522 1021 574 εὐθύνοντα
1047 521 1222 590 λόγον.
1257 522 1329 574 Τὸ
1355 522 1461 594 γάρ
1494 525 1795 594 μειρακίοις
1821 528 1900 588 εἰς

328 616 556 686 ᾶμιλλαν
637 612 1095 682 προκαλουμένοις
1173 613 1614 681 συμπλέκεσθαι,
1680 613 1901 666 πλείονα

326 705 487 775 ψόγον
516 706 580 757 ἐκ
605 703 700 756 τοῦ
731 704 1194 774 προσφιλονεικεῖν
1223 705 1334 766 τοῖς
1362 702 1643 766 τοιούτοις,
1668 705 1810 775 ἢπερ
1838 706 1900 758 ἐκ

326 794 418 848 τοῦ
453 793 795 865 νενικηκέναι
826 793 1001 847 δοκεῖν
1034 793 1186 864 φέρει
1213 796 1323 856 τοῖς
1355 794 1577 864 ἀνδράσι
1608 795 1700 848 τὸν
1746 795 1901 849 ἐπαι-

331 905 432 940 νον.
464 887 610 956 Πλὴν
641 886 774 938 ἀλλὰ
808 885 1014 939 τοιοῦτο
1055 885 1116 938 τὸ
1161 886 1448 956 εἰρημένον
1486 887 1619 940 ἐστί.
1668 887 1748 940 Τὰ
1793 887 1901 959 γὰρ

331 977 412 1045 ἐφ’
440 978 593 1048 ὕϐρει
639 976 892 1047 ρηθέντα,
931 977 1066 1047 μετὰ
1101 977 1200 1046 τῆς
1238 977 1498 1048 συνήθους
1537 978 1900 1047 καλλιφωνίας

331 1067 641 1137 ἐκείνης,ὼς
668 1067 816 1137 αὐτῷ
846 1085 903 1119 τε
932 1068 1110 1136 λέγειν
1141 1070 1502 1140 προσήκοντα,
1537 1071 1631 1123 καὶ
1660 1071 1788 1141 ἡμῖν
1820 1074 1900 1136 είς

332 1157 622 1227 γυμνάσιον
663 1158 1042 1228 μακροθυμίας
1091 1159 1456 1229 προκείμενα,
1519 1162 1725 1231 σιωπῆς
1774 1163 1899 1227 ἄξια

333 1250 423 1302 καὶ
465 1249 634 1318 λήθης
679 1249 997 1319 ποιούμεθα.
1041 1250 1116 1304 Οὐ
1161 1251 1269 1321 γὰρ
1311 1253 1582 1323 εὐπρεπὲς
1631 1250 1782 1324 οἶμαι
1830 1256 1897 1309 τὰ

331 1340 704 1407 καταγέλαστα
748 1340 857 1393 τῶν
887 1335 1188 1413 εἰρημένων
1229 1343 1378 1413 αὑτῷ
1417 1347 1527 1407 τοῖς
1566 1348 1694 1416 παρ’
1741 1347 1898 1418 ἡμῶν

338 1430 780 1501 σπουδαζομένοις
826 1432 1230 1504 ἐνσπείροντας,
1279 1435 1358 1497 εἰς
1400 1435 1674 1505 ἀκόσμους
1703 1454 1761 1489 τε
1805 1439 1897 1491 καὶ

332 1520 593 1590 δημώδεις
629 1521 872 1589 γέλωτας
920 1522 1016 1592 τὴν
1059 1522 1200 1594 ὑπὲρ
1237 1524 1336 1594 τῆς
1372 1524 1628 1594 ἀληθείας
1661 1527 1896 1580 διαλύειν

321 1610 579 1682 σπουδήν.
609 1612 742 1664 Οὐδὲ
770 1612 878 1683 γὰρ
909 1612 1054 1666 ἔστιν
1081 1613 1140 1665 ὲν
1166 1615 1229 1684 τῇ
1259 1615 1518 1684 ἀκροάσει
1550 1616 1752 1669 τούτων
1783 1617 1896 1670 δια-

315 1704 506 1773 μεῖναι
555 1703 889 1770 ἀγέλαστον,
928 1703 1022 1756 ἐὰν
1057 1704 1375 1775 ἀκούσωμεν
1417 1706 1662 1776 λέγοντος
1703 1707 1765 1760 ἐκ
1796 1709 1894 1780 τῆς

2004 524 2070 577 sit
2103 531 2157 576 ct
2186 523 2510 578 calumniam
2543 523 2739 593 pariat.
2774 522 2907 576 Nam
2939 538 3061 577 cum
3092 525 3280 593 pueris
3331 525 3398 578 ad
3457 542 3569 596 pu—

2001 627 2160 682 gnam
2204 613 2626 682 provocantibus
2686 627 2882 667 manus
2933 627 3245 680 conserere,
3307 615 3566 684 majorem

2003 703 2454 772 vituperationem
2478 719 2543 759 ex
2575 718 2873 772 congressu
2930 719 3054 758 cum
3109 705 3334 768 talibus,
3403 722 3564 776 quam

2001 806 2063 844 ex
2089 792 2327 846 victoriae
2361 792 2616 862 opinione
2672 792 2886 846 laudem
2939 791 3112 846 affert.
3151 794 3416 848 Caeterum
3451 796 3564 848 hate

2001 882 2079 936 sic
2109 881 2249 935 dicta
2289 890 2488 948 sunto;
2526 897 2649 935 nam
2707 897 2827 952 quze
2849 887 3243 940 contumeliose
3293 894 3554 942 consueta

2001 974 2101 1026 sibi
2132 974 2278 1026 vocis
2311 974 2680 1027 concinnitate
2709 972 2962 1037 effutivit,
2987 991 3072 1039 ea,
3101 984 3158 1028 ut
3182 977 3250 1031 ab
3280 978 3397 1046 ipso
3443 993 3560 1046 pro-

2001 1062 2126 1116 ferri
2157 1062 2337 1133 digna,
2378 1064 2538 1118 nobis
2565 1079 2716 1129 vero,
2758 1078 2856 1119 ceu
2889 1065 2955 1118 ad
2986 1067 3432 1122 exercitationem
3470 1083 3560 1138 pa-

2000 1153 2203 1207 tientiae
2241 1155 2539 1224 proposita,
2571 1154 2794 1210 silentio
2832 1163 2885 1209 et
2927 1156 3186 1210 oblivioni
3221 1161 3561 1214 transmittc-
3640 1207 3650 1216 .

1999 1259 2141 1298 mus.
2185 1243 2302 1299 Non
2341 1246 2484 1300 enim
2515 1247 2714 1302 decere
2746 1247 3004 1312 arbitror,
3062 1257 3121 1301 ut
3167 1250 3396 1303 ridicula
3449 1251 3557 1316 illa,

1998 1351 2118 1406 quae
2150 1339 2438 1405 eruetavit,
2479 1339 2640 1394 seriis
2698 1340 2901 1395 nostris
2961 1340 3423 1410 disputationibus
3481 1344 3561 1395 in-

1997 1445 2336 1499 spergamus,
2363 1439 2416 1486 et
2449 1433 2696 1487 veritatis
2732 1425 3224 1504 prepugnationem
3277 1434 3330 1488 in
3375 1434 3562 1487 incon-

1997 1520 2139 1575 ditos
2173 1537 2233 1575 ac
2265 1523 2502 1591 plebeios
2531 1525 2679 1579 risus
2708 1525 2960 1579 desinere
3009 1524 3274 1580 faciamus
3308 1543 3321 1579 :
3387 1541 3559 1594 neque

1996 1613 2138 1666 enim
2170 1612 2282 1667 fieri
2316 1622 2494 1683 potest
2521 1616 2725 1684 tttquis
2769 1616 2972 1671 talibus
3003 1617 3206 1671 auditis
3253 1617 3422 1672 risum
3482 1626 3564 1670 te-

1996 1711 2142 1760 neat.
2161 1706 2461 1773 praesertim
2491 1706 2535 1760 si
2563 1707 2710 1760 illum
2742 1724 2805 1762 ex
2844 1709 3060 1762 sublimi
3081 1709 3169 1762 illa
3201 1716 3254 1763 et
3278 1709 3561 1778 magniﬁca

323 1794 535 1865 ὑψηλῆς
566 1794 780 1865 ἐκείνης
838 1797 932 1849 καὶ
974 1795 1347 1866 μεγαλοφυΟὖς
1393 1798 1739 1866 εὐγλωττίας.
1796 1794 1894 1852 Ὧν

1998 1794 2302 1863 eloquentia
2360 1805 2702 1864 perorantem
2771 1800 3075 1853 audiamus.
3134 1797 3266 1853 Nam
3328 1815 3558 1868 quormn

326 1885 431 1955 γὰρ
476 1887 511 1955 ἠ
564 1884 847 1958 προσθήκη
898 1885 1006 1938 τῶν
1051 1886 1224 1953 λόγων
1269 1889 1347 1951 είς
1387 1888 1703 1958 προσθήκην
1753 1888 1898 1941 τελεῖ

327 1975 694 2045 βλασφημίας,
723 1974 925 2027 τούτων
952 1975 1012 2027 τὸ
1037 1977 1191 2046 σιγᾷν
1215 1977 1403 2046 ἡμίσει
1432 1977 1584 2048 μέρει
1603 1977 1694 2030 τοῦ
1718 1978 1895 2032 λαλεῖν

325 2068 444 2120 ἐστι
498 2067 844 2138 κουφότερον.
907 2067 1065 2120 Ἀλλά
1105 2069 1278 2123 ταῦτα
1327 2070 1426 2139 μὲν
1453 2069 1699 2137 γελάσθω
1748 2071 1896 2142 παρὰ

320 2161 427 2211 τῶν
465 2158 865 2228 ἐπισταμένων,
898 2160 926 2212 ὅ
966 2178 1017 2212 τι
1061 2160 1158 2230 μὲν
1216 2161 1486 2231 ἀποδοχῆς
1531 2162 1677 2215 ἐστιν
1724 2163 1892 2227 ἄξιον,

319 2251 349 2302 ὃ
379 2267 433 2302 τι
491 2249 550 2302 δέ
601 2248 855 2317 γέλωτος.
894 2250 1081 2320 Ἡμεῖς
1126 2250 1182 2303 δὲ
1237 2252 1297 2304 τὸ
1343 2252 1506 2322 δριμὺ
1560 2252 1666 2304 τῶν
1710 2254 1894 2306 συλλο-

319 2341 561 2412 γισμῶν,
584 2336 668 2404 οἷς
690 2341 780 2394 τὸν
807 2341 1072 2412 ἡμέτερον
1101 2342 1381 2412 περισύρει
1409 2341 1582 2410 λόγον,
1615 2344 1897 2413 σκοπήσω-

323 2451 439 2502 μεν.

380 2525 448 2576 Εί
473 2523 588 2594 γὰρ
609 2526 643 2578 ὀ
663 2525 883 2592 Πατὴρ,
902 2525 1035 2595 φησὶ
1050 2565 1063 2588 ,
1086 2523 1166 2590 τῷ
1186 2523 1489 2594 ἁγεννήτῳ
1502 2523 1720 2578 ταύτὸν
1746 2525 1896 2578 κατὰ

318 2615 434 2684 τὴν
470 2616 751 2686 δύναμιν,
782 2615 855 2668 τὰ
892 2615 960 2668 δὲ
991 2617 1104 2684 τὴν
1147 2614 1339 2682 αὐτὴν
1379 2615 1596 2683 ἔχοντα
1641 2614 1897 2684 δύναμιν

322 2705 438 2760 τῶν
487 2707 831 2776 ὀνομάτων,
880 2708 1103 2760 ταύτὸν
1147 2706 1384 2772 πάντως
1435 2708 1532 2761 καὶ
1577 2709 1898 2778 σημαίνειν

327 2798 584 2866 πέφυκε·
625 2799 902 2868 σημαίνει
936 2797 1004 2851 δὲ
1041 2797 1107 2852 τὸ
1149 2797 1483 2867 ἀγέννητον
1511 2801 1636 2852 κατ’
1674 2799 1897 2865 αὐτοὺς

331 2886 398 2938 τὸ
418 2886 486 2950 ἐξ
518 2887 759 2953 οὐδενὸς
781 2883 932 2941 εἶναι
969 2887 1076 2940 τὸν
1103 2887 1250 2940 Θεόν
1269 2904 1282 2916 ο
1314 2886 1382 2950 ἐξ
1408 2887 1674 2954 ἀνάγκης
1705 2887 1803 2941 καί
1832 2889 1895 2942 τὸ

327 2977 532 3046 Πατὴρ
566 2979 843 3048 σημαίνει
878 2979 944 3033 τὸ
979 2978 1049 3042 ἐξ
1095 2977 1343 3044 οὐδενὸς
1379 2978 1530 3031 εἷναι
1569 2978 1675 3032 τὸν
1716 2979 1894 3032 Θεόν⁸

323 3071 460 3138 οὐχὶ
488 3069 556 3122 δὲ
574 3069 640 3122 τὸ
663 3069 1081 3139 γεγεννηκέναι
1107 3068 1212 3122 τὸν
1236 3070 1389 3122 Υίόν.
1410 3069 1506 3122 Διὰ
1532 3073 1628 3140 τῆς
1660 3070 1751 3123 τοῦ
1782 3074 1897 3123 Πα-

309 3161 456 3229 τρός
494 3163 677 3232 φωνῆς
713 3161 895 3214 οὐκέτι
931 3161 1284 3231 σημαίνεται,
1331 3161 1425 3214 ἐὰν
1473 3162 1506 3232 ἡ
1551 3162 1687 3234 αὐτὴ
1731 3180 1897 3233 προσ-

316 3251 517 3322 ηγορία
563 3251 658 3304 καὶ
693 3251 755 3304 τὸ
783 3252 1012 3323 ἄναρχον
1050 3253 1181 3321 ημῖν
1209 3249 1301 3303 τοῦ
1346 3253 1556 3323 Πατρὸς
1603 3252 1667 3305 δι’
1699 3255 1895 3324 ἑαυτῆς

318 3343 672 3416 παραστήσῃ.
716 3343 781 3396 Ei
819 3342 917 3413 μὲν
957 3342 1064 3413 γὰρ
1096 3343 1437 3415 ἀναιρετικὸν
1473 3340 1538 3415 ἦν
1576 3343 1668 3396 τοῦ
1708 3344 1892 3415 ἐτέρου

306 3434 379 3488 -τὺ
411 3434 624 3504 ἕτερον,
660 3433 800 3486 κατὰ
828 3432 928 3503 τὴν
953 3431 1060 3485 τῶν
1096 3433 1481 3503 ἀντικειμένων
1523 3434 1700 3502 φύσιν,
1729 3435 1895 3502 ἀναγ-

310 3526 489 3588 καίως
536 3527 571 3594 ἡ
613 3523 706 3577 τοῦ
755 3524 871 3586 ἐνὸς
908 3523 1054 3587 θέσις
1107 3523 1201 3594 τὴν
1251 3526 1526 3596 ἀναίρεσιν
1567 3527 1658 3578 τοῦ
1707 3527 1893 3580 λοιποῦ

311 3613 747 3679 κατεσκεύαζεν.
784 3615 847 3667 Εἰ
877 3615 932 3668 δὲ
966 3614 1026 3668 τὸ
1064 3615 1266 3670 κωλύον
1304 3617 1450 3669 ἐστὶν
1487 3618 1635 3670 οὐδὲν
1666 3618 1756 3670 τὸν
1800 3620 1896 3672 αὐ-

319 3707 412 3759 τὸν
452 3707 546 3759 καὶ
593 3705 813 3775 Πατέρα
865 3700 1000 3759 εἶναι
1041 3707 1134 3760 καὶ
1177 3708 1488 3777 ἀγέννητον,
1524 3710 1618 3763 ἐὰν
1659 3710 1744 3764 διὰ
1795 3711 1894 3780 τῆς

323 3796 414 3850 τοῦ
460 3796 692 3866 Πατρὸς
747 3796 1009 3868 κλήσεως,
1052 3799 1194 3852 κατά
1237 3817 1355 3852 τινα
1401 3800 1665 3865 διάνοιαν,
1700 3802 1792 3855 καὶ
1834 3803 1895 3854 τὸ

311 3889 615 3956 ἀγέννητον
663 3889 1024 3958 ἐννοήσωμεν,
1062 3891 1144 3954 τίς
1183 3892 1217 3960 ἡ
1249 3891 1460 3962 ἀνάγκη
1500 3893 1597 3963 τὴν
1628 3895 1764 3964 πρὸς
1806 3895 1895 3948 τὸν

319 3979 448 4032 Υίὸν
480 3979 668 4047 σχέσιν
695 3978 783 4031 διὰ
810 3977 910 4048 τῆς
941 3978 1028 4030 τοῦ
1062 3980 1288 4048 Πατρός
1319 3983 1500 4051 φωνῆς
1527 3983 1721 4053 μηκέτι
1755 3973 1894 4052 γνωῖ

312 4069 606 4139 ¹ρίζ,“εσθαι;
649 4069 784 4121 Οὐδὲ
830 4070 940 4141 γὰρ
986 4069 1056 4122 τὰ
1101 4071 1263 4125 λοιπά
1307 4072 1413 4125 τῶν
1457 4073 1753 4144 ὀνομάτων,
1796 4077 1893 4129 ὅσα

317 4163 418 4232 τὴν
442 4159 584 4231 πρὸς
609 4158 812 4230 ἄλληλα
838 4161 1116 4215 κοινωνίαν
1145 4162 1280 4232 ἔχει,
1307 4165 1400 4217 καὶ
1428 4164 1517 4218 διὰ
1538 4167 1752 4220 πάντων
1777 4170 1895 4231 ταῖς

317 4250 555 4314 ἐννοίαις
601 4249 970 4322 συμφέρεται’
1041 4252 1164 4306 ἐπεὶ
1232 4255 1324 4308 καὶ
1379 4257 1754 4328 αὐτοκράτορα
1805 4259 1895 4311 καὶ

314 4341 616 4395 ἀδέσποτον
666 4343 756 4395 τὸν
808 4342 1030 4414 βασιλέα
1077 4345 1378 4417 καλοῦμεν,
1431 4349 1526 4402 καὶ
1585 4349 1676 4402 τὸν
1733 4349 1895 4404 αὐτὸν

313 4432 427 4486 τῶν
466 4433 810 4505 ὑποχειρίων
837 4434 1169 4505 ἡγούμενον·
1218 4437 1312 4491 καὶ
1362 4437 1486 4492 οὔτε
1532 4439 1724 4510 ψεῦδός
1777 4443 1894 4496 ἐστι

2000 4441 2105 4487 tem
2138 4430 2486 4484 nominamus
2529 4447 2543 4484 :

316 4525 449 4595 περὶ
489 4524 658 4577 αὐτοῦ
701 4525 877 4594 λέγειν
904 4565 918 4589 ,
961 4527 1042 4581 ὅτι
1089 4529 1122 4597 ἡ
1168 4527 1261 4581 τοῦ
1297 4528 1556 4598 βασιλέως
1598 4532 1746 4604 φωνὴ
1801 4551 1895 4605 ση-

314 4617 505 4687 μαίνει
544 4618 639 4670 καὶ
671 4616 731 4668 τὸ
757 4617 1046 4672 ἀδέσποτον
1066 4635 1081 4649 ο
1107 4616 1229 4671 οὔτε
1275 4619 1579 4688 ἐπάναγκες
1612 4617 1748 4673 εἷναί
1790 4639 1895 4690 φα-

319 4724 446 4777 μεν,
490 4710 540 4762 εί
581 4708 644 4761 τὸ
693 4707 1024 4778 αὐτοκρατές
1057 4726 1115 4762 τε
1153 4711 1246 4764 καὶ
1289 4711 1520 4780 ἄναρχον
1568 4711 1654 4764 διὰ
1695 4711 1895 4782 ταύτης

319 4804 420 4874 τῆς
448 4802 636 4871 φωνῆς
671 4800 973 4871 σημανθείη
991 4841 1006 4863 ,
1034 4801 1229 4871 μηκέτι
1252 4803 1312 4854 τὸ
1337 4801 1480 4855 κατά
1505 4801 1612 4856 τῶν
1645 4803 1897 4874 ὑπηκόων

319 4893 522 4963 κράτος
565 4891 655 4945 διὰ
694 4893 792 4961 τῆς
827 4889 1102 4959 βασιλείας
1153 4890 1541 4960 σημαίνεσθαι⁹
1590 4891 1751 4963 μέσον
1789 4891 1894 4964 γὰρ

318 4983 600 5054 ἑκατέρων
623 4981 732 5034 τῶν
769 4979 1087 5051 ὑπολήψεων
1112 4981 1170 5033 ὃν
1197 4981 1294 5050 τῆς
1330 4979 1603 5049 βασιλείας
1624 4981 1684 5034 τὸ
1705 4981 1894 5052 ὄνομα,

317 5075 399 5142 πῆ
428 5073 527 5143 μὲν
552 5073 614 5124 τὸ
649 5070 962 5134 ἀδέσποτον,
999 5069 1074 5138 πῆ
1113 5069 1170 5122 δὲ
1200 5069 1259 5121 τὸ
1302 5069 1525 5139 ἀρχικὸν
1551 5069 1659 5122 τῶν
1699 5072 1893 5123 ὑποτει-

316 5164 609 5232 ταγμένων
653 5159 1003 5214 ἐνδείκνυται.
1053 5160 1162 5212 Καὶ
1205 5159 1437 5212 ἐνταῦθα
1472 5159 1670 5225 τοίνυν,
1715 5163 1764 5213 εί
1800 5162 1895 5231 μέν

317 5254 435 5308 ἔστι
466 5272 552 5318 τις
577 5252 674 5306 τοῦ
709 5253 920 5324 Πατρὸς
953 5251 1048 5305 τοῦ
1095 5249 1294 5324 Κυρίου
1330 5250 1519 5322 Πατὴρ
1549 5254 1898 5322 προεπινοού-

321 5361 482 5414 μενος
514 5345 723 5415 ἕτερος,
762 5343 1090 5408 δειξάτωσαν
1123 5343 1172 5396 ot
1203 5342 1301 5414 τὴν
1334 5342 1642 5414 ἀπόρρητον
1670 5343 1898 5412 αὐχοῦν-

317 5454 408 5501 τες
448 5435 671 5504 σοφίαν·
714 5435 809 5488 καὶ
834 5434 954 5488 τότε
983 5432 1374 5504 συνθησόμεθα,
1409 5433 1484 5504 μὴ
1516 5432 1773 5486 δύνασθαι
1803 5432 1894 5486 τοῦ

318 5525 655 5594 ἁγεννήτου
683 5524 785 5595 τὴν
827 5524 1033 5578 ἔννοιαν
1093 5524 1196 5578 ὑπὸ
1227 5525 1323 5594 τῆς
1361 5523 1452 5577 τοῦ
1481 5524 1710 5591 Πατρὸς
1731 5541 1896 5594 προσ-

317 5617 548 5688 ηγορίας
581 5615 969 5688 παρίστασθαι.
1002 5616 1064 5668 Εἰ
1093 5615 1149 5668 δὲ
1173 5617 1201 5667 ὁ
1231 5615 1441 5685 πρῶτος
1473 5614 1660 5687 Πατὴρ
1718 5604 1897 5669 αἰτίαν

320 5705 418 5779 τῆς
448 5707 618 5762 αὐτοῦ
657 5707 963 5769 συστάσεως
991 5705 1389 5778 ὑπερκειμένην
1425 5707 1525 5759 οὐκ
1559 5707 1669 5777 ἔχει
1691 5725 1702 5736 ·
1732 5705 1810 5777 τῷ
1840 5707 1894 5758 δὲ

1995 1886 2284 1940 verborum
2318 1887 2566 1941 recitatio
2593 1889 2657 1942 ad
2693 1890 3043 1959 blasphemiae
3070 1899 3414 1960 augmentum
3439 1905 3562 1943 con-

1997 1974 2118 2041 fert,
2155 1991 2215 2031 ea
2244 1975 2405 2032 silere
2443 1979 2667 2033 dimidia
2728 1995 2790 2033 ex
2853 1989 3004 2050 parte
3041 1981 3255 2034 facilius
3286 1988 3368 2034 est
3397 1993 3557 2048 quam

1995 2065 2194 2134 eloqui.
2241 2066 2437 2120 Verum
2481 2067 2597 2122 haec
2626 2070 2905 2123 rideantur
2935 2072 3000 2123 ab
3037 2071 3164 2133 illis,
3212 2071 3302 2140 qui
3339 2077 3560 2128 norunt,

1996 2170 2243 2222 quamam
2314 2157 2423 2211 sint
2482 2159 2872 2227 appr‘obanda,
2936 2176 3054 2229 quae
3121 2176 3248 2214 vero
3316 2159 3561 2216 ridenda.

1995 2244 2103 2300 Nos
2168 2263 2294 2302 vero
2371 2248 2745 2304 formidabiles
2812 2250 2934 2306 illos
3011 2251 3387 2321 syllogismos,
3443 2252 3565 2320 qui-

1997 2338 2099 2392 bus
2131 2348 2377 2395 nostrum
2416 2342 2656 2396 traducit
2688 2357 2990 2398 sermonem
3017 2383 3030 2405 ,
3067 2343 3174 2412 jam
3230 2344 3561 2412 contemple-

1997 2447 2139 2485 mur.

2066 2521 2127 2576 Si
2161 2519 2340 2588 Pater,
2368 2525 2568 2593 inquit.
2594 2535 2642 2578 el
2666 2524 2996 2578 innascibilis
3032 2526 3220 2578 virtute
3253 2525 3388 2578 idem
3417 2535 3560 2586 sunt,

1996 2629 2058 2667 ea
2085 2630 2205 2667 vero
2236 2617 2470 2676 nomina,
2503 2632 2619 2685 qua:
2643 2615 2824 2670 eadem
2854 2618 2902 2670 vi
2936 2616 3152 2685 pollent,
3193 2616 3327 2670 idem
3365 2633 3564 2686 quoque

1996 2705 2208 2758 omnino
2241 2707 2540 2774 signiﬁcant
2565 2723 2582 2760 :
2609 2723 2674 2760 ex
2697 2709 2930 2774 ipsorum
2965 2717 3138 2760 autem
3177 2707 3433 2760 sententia
3483 2707 3564 2758 in-

1996 2795 2250 2850 nascibile
2274 2796 2411 2850 idem
2447 2807 2546 2859 est,
2594 2798 2733 2866 quod
2769 2798 2932 2852 Deum
2993 2813 3056 2851 ea:
3117 2798 3262 2852 nullo
3304 2799 3561 2867 principio

1996 2902 2144 2940 esse:
2184 2889 2479 2942 necessario
2509 2890 2670 2942 etiam
2712 2889 3024 2943 vocabulum
3060 2888 3239 2942 Patris
3272 2889 3559 2958 signiﬁcat,

1999 2976 2166 3030 Deum
2186 2993 2250 3032 ea:
2284 2979 2430 3032 nullo
2463 2981 2722 3050 principio
2753 2997 2885 3040 esse,
2912 2997 3012 3034 non
3049 2989 3245 3041 autent,
3287 2979 3424 3048 quod
3466 2978 3562 3032 Fi-

2001 3067 2129 3120 lium
2148 3071 2403 3139 genuerit.
2437 3070 2552 3138 Qua
2575 3072 2898 3127 necessitate
2922 3073 3236 3140 compulsus
3255 3073 3348 3133 ait,
3383 3072 3564 3125 Patris

2000 3160 2264 3214 vocabulo
2292 3175 2398 3215 non
2427 3160 2741 3231 significari,
2779 3161 2922 3230 quod
2972 3160 3168 3214 Filium
3216 3161 3484 3232 genuerit,
3517 3163 3562 3215 si

1996 3247 2100 3301 ista
2132 3249 2247 3317 ipsa
2281 3250 2571 3319 appellatio
2599 3251 2754 3306 nobis
2781 3265 2999 3320 quoque
3039 3250 3254 3304 Patrem
3296 3251 3562 3321 principio

2000 3354 2188 3395 carere
2217 3343 2652 3395 commonstrat?
2687 3340 2742 3395 Si
2781 3343 2923 3395 enim
2977 3343 3208 3396 alterum
3278 3343 3562 3397 tolleretur

1996 3432 2064 3486 ab
2096 3431 2290 3492 altero,
2332 3441 2494 3503 prout
2527 3433 2629 3488 fert
2655 3440 2850 3487 natura
2878 3437 3279 3503 appositorum,
3315 3449 3565 3489 necessa-

1997 3523 2078 3576 rio
2109 3525 2306 3592 positio
2343 3525 2506 3580 unius
2550 3534 2695 3581 esset
2731 3526 3080 3595 iuteremptio
3129 3525 3376 3580 alterius.
3418 3525 3484 3578 At
3517 3527 3560 3578 si

1996 3617 2129 3669 nihil
2159 3619 2377 3686 penitus
2411 3617 2611 3682 obstat,
2647 3616 2896 3672 eumdem
2926 3624 2981 3670 et
3009 3615 3226 3670 Patrem
3260 3624 3312 3670 et
3357 3616 3565 3685 ingeni-

1997 3716 2108 3761 tum
2139 3722 2282 3768 esse,
2316 3707 2361 3760 si
2385 3705 2565 3760 Patris
2592 3707 2976 3777 appellatione,
3001 3705 3300 3760 secundum
3325 3706 3561 3775 aliquam

1996 3795 2657 3866 signiticationem,etiam
2684 3795 2983 3863 ingenitum
3016 3795 3412 3864 concipiamus,
3445 3811 3565 3864 qua:

1995 3888 2302 3942 necessitas
2353 3885 2532 3946 efﬁcit,
2566 3896 2623 3940 ut
2672 3885 2934 3940 habitudo
2962 3894 3016 3940 et
3046 3887 3238 3940 relatio
3269 3886 3336 3940 ad
3371 3884 3560 3939 Filium

1994 3993 2092 4046 per
2147 3977 2330 4032 Patris
2380 3976 2706 4031 vocabulum
2771 3975 3006 4046 amplius
3059 3992 3164 4030 non
3209 3973 3563 4030 innotescat?

1995 4068 2180 4137 Neque
2205 4068 2348 4124 enim
2375 4067 2478 4122 alia
2509 4067 2750 4127 nomina,
2782 4082 2903 4136 quae
2937 4075 3178 4120 mutuam
3222 4066 3564 4121 communio—

1997 4176 2120 4215 nem
2182 4160 2412 4222 habent,
2447 4175 2543 4228 per
2575 4159 2756 4213 omnia
2816 4158 3132 4213 notionibus
3193 4158 3558 4214 conveniunt:

1997 4267 2120 4305 nam
2159 4258 2211 4305 et
2247 4251 2627 4320 imperatorem
2677 4249 2763 4304 sui
2799 4249 2975 4317 ipsius
3022 4247 3324 4309 dominum,
3357 4256 3410 4302 ct
3470 4249 3565 4304 do-

1998 4342 2128 4396 mini
2168 4350 2462 4409 expertem,
2490 4347 2544 4394 et
2572 4338 2732 4394 simul
2777 4339 2940 4392 etiam
2992 4338 3226 4392 subditis
3267 4339 3563 4406 prtesiden-

2594 4445 2769 4499 neque
2803 4429 2998 4483 falsum
3034 4437 3116 4482 cst
3155 4428 3355 4492 dicere,
3407 4447 3566 4485 voca-

1996 4523 2127 4578 bulo
2156 4519 2502 4589 imperatoris
2545 4519 2842 4589 significari
2892 4518 2945 4572 id
3009 4517 3151 4588 quod
3204 4529 3288 4573 est
3344 4519 3566 4576 domino

1996 4626 2206 4675 carere,
2243 4623 2418 4679 neque
2450 4607 2819 4662 necessarium
2852 4607 3198 4670 arbitramur,
3229 4609 3272 4662 si
3309 4609 3413 4662 isto
3445 4609 3566 4680 ipso

1997 4703 2262 4759 vocabulo
2309 4699 2648 4770 significatur
2701 4698 2752 4753 id
2792 4699 2934 4768 quod
2979 4705 3083 4759 est,
3125 4701 3206 4753 sui
3245 4698 3417 4768 ipsius
3463 4700 3566 4755 do-

1997 4794 2204 4848 minum
2236 4807 2377 4855 esse,
2406 4798 2460 4846 et
2494 4789 2696 4844 nullius
2752 4789 2982 4858 imperio
3020 4788 3236 4857 subjici,
3289 4805 3396 4844 non
3450 4805 3566 4844 am-

1999 4885 2145 4956 plius
2184 4899 2281 4954 per
2310 4883 2522 4953 imperii
2554 4880 2880 4935 vocabulum
2938 4879 3278 4950 significetur
3322 4889 3564 4951 potestas

2001 4982 2055 5030 et
2084 4973 2385 5028 dominium
2425 4973 2480 5026 in
2515 4971 2802 5026 subditos:
2836 4985 2959 5024 cum
3019 4971 3166 5025 enim
3219 4971 3428 5043 imperii
3463 4989 3565 5026 nn-

2011 5083 2132 5120 men
2155 5066 2297 5119 inter
2325 5073 2612 5132 utramque
2654 5061 2928 5116 notionem
2981 5061 3220 5116 medium
3277 5064 3562 5124 consistat,

2001 5156 2195 5227 partim
2231 5154 2306 5219 id,
2335 5153 2477 5224 quod
2506 5161 2588 5207 est
2611 5152 2832 5206 domino
2865 5167 3071 5216 carere,
3101 5154 3298 5222 partim
3322 5152 3564 5206 domina—

1999 5249 2203 5302 tionem
2235 5245 2288 5300 in
2320 5245 2568 5301 subditos
2606 5243 2804 5298 innuit.
2850 5243 2915 5297 Et
2972 5243 3060 5297 bic
3107 5244 3325 5313 quidem
3380 5252 3564 5295 osten-

1999 5338 2154 5401 dant,
2190 5336 2282 5406 qui
2311 5335 2608 5391 recondita:
2635 5335 2917 5405 sapientiae
2942 5335 3098 5387 titulo
3125 5331 3418 5386 insolenter
3445 5345 3566 5384 sese

2000 5427 2256 5492 eﬂ‘eruut,
2284 5442 2412 5481 num
2446 5427 2518 5481 sit
2546 5426 2691 5480 alius
2724 5426 2885 5478 Pater
2919 5423 3067 5492 prior
3098 5421 3256 5474 Patre
3297 5429 3482 5474 nostro
3510 5429 3565 5475 et

2003 5521 2253 5588 Domino,
2287 5527 2341 5576 et
2377 5528 2507 5574 tune
2545 5517 2838 5574 fatebimur
2889 5513 3162 5567 notionem
3199 5510 3423 5582 ingeniti
3457 5528 3562 5565 non

2002 5627 2164 5682 posse
2194 5626 2222 5666 a
2256 5610 2438 5666 Patris
2480 5607 2843 5678 appellatione
2872 5603 3276 5672 repraesentari.
3316 5601 3374 5656 Si
3437 5619 3566 5657 vero

2008 5703 2216 5773 primus
2263 5701 2352 5756 illc
2402 5700 2559 5754 Pater
2590 5712 2700 5752 suae
2733 5693 3100 5750 subsistentia:
3139 5708 3359 5751 causam
3404 5707 3567 5763 supe-
