4064 6146
508 266 611 326 423

1731 270 1785 324 S.
1828 271 2152 327 GREGORII
2191 272 2480 327 NYSSENI

3628 275 3733 331 424

508 388 701 442 riorem
734 401 838 439 non
868 384 1048 448 habet,
1077 400 1201 439 cum
1259 386 1419 439 Patre
1458 402 1583 440 vero
1618 385 1890 455 Unigeniti
1930 402 2056 456 quo-

2169 387 2341 456 Πατρὶ
2398 378 2823 439 συνυπακούεται
2873 389 3086 449 πάντως
3139 385 3360 438 καὶτοῦ
3403 387 3735 455 Μονογενοῦς

509 493 614 546 que
645 476 955 546 hypostasis
985 490 1213 544 prorsus
1254 490 1500 530 connexa
1555 477 1893 545 intelligitur,
1938 478 2065 546 quid

509 583 605 620 nos
639 565 949 619 artiﬁciosis
1002 566 1123 619 istis
1172 568 1568 635 sophismalum
1637 567 2070 622 connexionibus

509 665 713 709 terre‘re
745 664 1033 721 conantur,
1067 656 1399 724 persuadere
1452 659 1534 710 vel
1588 659 1768 725 potius
1818 657 2067 726 decipere

507 748 774 808 volentes,
803 749 849 800 si
882 749 1360 802 innascibilitatem
1411 748 1504 801 Dei
1546 749 1921 801 universorum
1968 764 2065 801 vo-

506 838 701 891 cabulo
731 837 907 893 Patris
943 839 1237 908 signiﬁcari
1268 839 1651 901 concedamus,
1686 839 1856 893 Patris
1884 838 1947 891 ad
1976 838 2065 891 Fi-

506 930 634 980 lium
665 928 1035 982 habitudinem
1071 929 1331 981 abolitum
1362 928 1424 980 iri
1451 928 1473 979 ’ἒ

576 1020 679 1073 Sed
708 1020 902 1089 puerili
935 1020 1036 1071 hac
1074 1027 1125 1072 et
1163 1018 1303 1071 futili
1339 1018 1569 1071 istorum
1603 1019 1909 1086 objectione
1934 1033 2066 1070 con-

504 1118 729 1179 tempta,
761 1109 902 1179 quod
930 1109 1055 1177 ipsi,
1087 1124 1186 1163 ceu
1223 1109 1582 1163 absurditatis
1607 1110 1847 1178 plenum,
1882 1109 2064 1177 profe-

503 1208 652 1263 runt,
683 1200 785 1251 hoc
818 1213 915 1252 nos
936 1197 1212 1266 intrepide
1241 1196 1583 1266 proﬁtemur,
1607 1197 1862 1250 nimirum
1888 1196 2072 1250 Patris

502 1300 556 1344 et
588 1288 922 1343 innascibilis
965 1290 1186 1341 nomine
1219 1286 1359 1341 idem
1390 1287 1712 1355 signiﬁcari,
1747 1296 1801 1340 et
1833 1286 2063 1339 innasci-

503 1382 605 1435 bile
638 1382 849 1434 Patrem
878 1395 945 1433 ex
980 1379 1131 1432 nullo
1162 1378 1434 1446 principio
1466 1393 1586 1432 esse
1618 1378 1921 1440 declarare,
1956 1377 2060 1429 Pa-

503 1483 748 1543 tremque
802 1470 1079 1523 notionem
1122 1467 1401 1537 Unigeniti
1460 1467 1796 1535 conjunctim
1843 1476 2063 1537 propter

501 1562 877 1615 habitudinem
943 1558 1011 1612 ad
1083 1558 1236 1611 illum
1304 1557 1657 1611 audientibus
1719 1562 2056 1626 ingenerare.

508 1652 712 1707 Etenim
743 1667 864 1706 eum
899 1652 1004 1703 hoc
1037 1650 1215 1717 ipsum
1248 1649 1510 1718 magister
1554 1657 1741 1703 noster
1780 1647 2057 1716 (Basilius)

2172 480 2204 545 ή
2236 477 2548 538 ὑπόστασις,
2572 476 2623 526 τί
2656 476 3106 545 μορμολυττονται
3140 477 3285 544 ἡμᾶς
3314 478 3431 537 ταῖς
3460 480 3736 546 τεχνικαίς

2169 568 2390 629 ταύταις
2423 566 2529 618 τῶν
2560 568 2906 635 σοφισμάτων
2928 566 3242 629 διαπλοκαῖς
3277 567 3501 629 πείθειν,
3534 568 3735 637 μᾶλλον

2167 657 2222 708 δέ
2266 656 2571 724 φενακίζειν
2611 656 2939 725 βουλόμενοι,
2985 658 3031 708 εί
3078 656 3138 708 τὸ
3190 657 3479 723 ἀγέννητον
3511 658 3603 710 τοῦ
3642 658 3735 709 ἐπὶ

2169 747 2381 799 πάντων
2410 747 2542 799 Θεοῦ
2574 747 2661 799 διὰ
2699 747 2795 815 τῆς
2825 748 3051 815 Πατρὸς
3084 748 3448 817 προσηγορίας
3468 750 3733 818 ὁμολογη-

2169 836 2306 906 θείη,
2342 839 2439 906 τῆς
2467 838 2601 907 πρὸς
2629 837 2719 889 τὸν
2748 837 2867 889 Υἰὸν
2894 839 3125 905 σχέσεως
3156 837 3247 889 τοῦ
3277 840 3486 908 Πατρὸς
3515 840 3735 907 ἀποσχί-

2167 925 2278 988 ζειν
2311 927 2406 995 τὴν
2436 929 2638 979 ἔννοιαν
2658 944 2671 989 ;
3144 954 3155 979 r

2250 1018 2405 1070 Ἀλλά
2472 1018 2860 1080 διαπτύσαντες
2912 1017 3012 1088 τὴν
3065 1018 3321 1089 παιδιώδη
3369 1020 3573 1089 ταύτην
3640 1023 3734 1073 καὶ

2166 1110 2476 1162 ἐπιπόλαιον
2515 1110 2691 1162 αὐτῶν
2718 1108 3085 1177 ἐπιχείρησιν,
3140 1109 3199 1161 τὸ
3239 1110 3313 1170 ὡς
3359 1110 3555 1163 ἄτοπον
3601 1112 3730 1182 παρ’

2166 1202 2391 1252 ἐκείνων
2431 1201 2832 1270 προφερόμενον
2872 1199 3136 1269 ἀνδρικῶς
3183 1200 3611 1270 ὁμολογήσομεν·
3648 1204 3731 1254 ὅτι

2164 1290 2258 1342 καὶ
2286 1289 2475 1342 ταύτὸν
2510 1289 2758 1357 σημαίνει
2811 1287 2886 1356 τῷ
2933 1285 3236 1353 άγεννήτῳ
3281 1286 3340 1338 τὸ
3380 1287 3471 1338 τοῦ
3502 1286 3729 1355 Πατρός

2163 1380 2363 1448 ὄνομα,
2401 1380 2492 1432 καὶ
2535 1378 2595 1430 τὸ
2639 1379 2965 1446 ἀγέννητον
3004 1378 3063 1429 τὸ
3107 1377 3164 1431 ἐξ
3196 1377 3402 1439 οὐδενὸς
3453 1373 3591 1429 εἶναι
3638 1380 3729 1430 τὸν

2166 1472 2383 1539 Πατέρα
2432 1469 2756 1540 παρίστησι’
2790 1469 2883 1521 καὶ
2913 1470 2941 1521 ὁ
2974 1470 3163 1537 Πατήρ
3205 1475 3306 1537 τὴν
3336 1469 3461 1538 περὶ
3488 1470 3580 1521 τοῦ
3615 1471 3731 1522 Μο-

2162 1561 2407 1628 νογενοῦς
2439 1560 2644 1612 ἔννοιαν
2679 1558 3035 1627 συνημμένως
3072 1558 3159 1611 διὰ
3205 1559 3303 1628 τῆς
3340 1559 3572 1627 σχέσεως
3608 1559 3728 1628 μεθ’

2162 1650 2352 1705 ἐαυτοῦ
2381 1651 2705 1717 συνεισάγει.
2733 1649 2843 1701 Καὶ
2860 1648 2968 1718 γὰρ
2992 1650 3084 1701 καὶ
3101 1648 3302 1719 ταύτην
3326 1650 3729 1719 προσκειμένην

501 1758 599 1797 sua
637 1744 690 1794 in
739 1740 1101 1809 dispositione
1134 1753 1393 1808 expresse
1428 1740 1725 1808 posuisset,
1764 1752 2056 1807 generosus

2163 1740 2238 1809 τῷ
2269 1739 2411 1809 λόγῳ
2440 1738 2533 1791 τοῦ
2564 1738 2880 1791 διδασκάλου
2915 1737 3011 1808 τὴν
3052 1739 3207 1807 ῥῆσιν
3229 1778 3242 1800 ,
3272 1739 3299 1789 ὁ
3325 1738 3491 1801 δεινός
3528 1756 3586 1790 τε
3633 1739 3730 1792 καὶ

500 1836 601 1887 iste
633 1840 685 1887 et
716 1832 951 1885 invictus
975 1831 1230 1894 bellator,
1259 1829 1448 1882 furtim
1472 1829 1757 1898 expunxit,
1788 1829 2063 1882 ablatione

496 1937 707 1984 eorum,
737 1936 856 1990 qua:
882 1934 1009 1975 vere
1041 1919 1187 1973 dicta
1219 1925 1397 1984 erant,
1442 1918 1745 1973 faciliorem
1785 1919 1887 1973 sibi
1914 1919 2060 1971 viam

498 2013 563 2065 ad
618 2010 1005 2065 refutationem
1058 2009 1335 2064 muniens.
1384 2007 1520 2061 Nam
1574 2010 1739 2063 verba
1816 2008 2060 2063 doctoris

498 2102 669 2155 nostri
702 2102 775 2153 ita
806 2100 1068 2153 verbalim
1120 2099 1322 2153 habent
1362 2116 1375 2151 :
1420 2096 1528 2167 Ego
1574 2108 1749 2152 autem
1779 2099 1940 2152 etiam
1978 2100 2060 2152 in-

495 2192 653 2260 geniti
679 2206 769 2242 seu
802 2189 1134 2242 innascibilis
1183 2188 1610 2255 appellationem,
1644 2188 1880 2257 quamvis
1922 2205 2060 2241 sum-

500 2296 703 2348 mopere
732 2278 1135 2349 cogitationibus
1191 2279 1383 2331 nostris
1425 2289 1697 2347 congruat,
1735 2288 1908 2332 tamen
1937 2296 2059 2348 quo-

499 2374 640 2423 niam
665 2372 810 2423 nullo
848 2370 958 2423 loco
978 2370 1029 2421 in
1064 2368 1343 2435 Scriptura
1384 2369 1553 2435 ipsam
1593 2369 1820 2431 invenio,
1860 2379 1908 2423 et
1928 2388 2057 2440 quo-

499 2465 641 2516 niam
680 2466 905 2530 primum
960 2471 1035 2513 est
1087 2462 1398 2513 elementum
1430 2460 1764 2527 blasphemia:
1806 2463 2053 2529 istarum,

497 2556 703 2609 silrntio
728 2553 1040 2607 tradendam
1068 2553 1251 2605 merito
1293 2551 1555 2615 duxerim,
1604 2553 1896 2620 prwsertim
1939 2570 2056 2607 cum

503 2647 679 2699 Patris
706 2660 802 2697 vos:
824 2654 870 2696 et
902 2643 955 2695 id
976 2644 1164 2709 possit,
1199 2646 1335 2711 quod
1368 2644 1607 2712 ingeniti,
1635 2653 1682 2696 et
1705 2642 1771 2695 ad
1796 2643 1848 2694 id
1872 2646 2053 2708 etiam,

496 2745 700 2801 propter
734 2734 1058 2796 relationem,
1096 2736 1428 2800 conjunctam
1463 2732 1565 2786 sibi
1598 2730 1736 2785 Filii
1780 2736 2056 2804 cogitatio-

498 2844 610 2879 nem
636 2824 885 2877 adducat.
946 2823 1202 2892 Egregius
1250 2837 1378 2877 vero
1412 2823 1513 2877 iste
1553 2824 1798 2878 veritatis
1846 2840 2053 2894 propu-

496 2925 710 2987 gnator,
763 2914 813 2967 id
858 2914 997 2983 quod
1045 2915 1272 2969 cautela:
1323 2930 1491 2969 causa
1546 2915 1816 2984 adjectum
1878 2915 2055 2970 fuerat

498 3007 651 3070 (illud
685 3008 926 3076 inquam,
950 3008 1239 3076 prasertim
1273 3024 1390 3061 cum
1416 3005 1597 3061 Patris
1633 3024 1731 3061 v0.1:
1766 3010 1902 3063 idem
1934 3025 2053 3077 pos-

496 3099 585 3161 sit,
614 3096 750 3167 quod
784 3098 1019 3166 ingeniti,
1049 3107 1095 3150 et
1128 3096 1195 3149 ad
1222 3098 1275 3149 id
1313 3098 1498 3160 etiam,
1534 3107 1746 3165 propter
1786 3097 1884 3148 sibi
1930 3113 2055 3149 con-

490 3190 725 3259 junctam
759 3189 1222 3257 relationem,l"ilii
1243 3191 1609 3259 cogitationem
1628 3191 1732 3242 sive
1760 3188 2058 3256 intelligen-

496 3285 622 3335 tiam
640 3282 911 3349 adducat),
934 3281 1095 3333 insita
1125 3280 1229 3334 sibi
1259 3280 1513 3333 audentia
1537 3278 1828 3337 subtraxit,
1860 3286 1912 3329 et
1937 3292 2060 3345 per—

495 3384 675 3443 specta
694 3387 905 3435 eorum,
924 3386 1043 3439 qua:
1061 3370 1204 3423 dicta
1219 3376 1399 3431 erant,
1420 3368 1656 3431 ratione,
1676 3382 1800 3419 cum
1826 3366 2056 3433 reliquis

494 3465 842 3533 digladiatur,
863 3470 916 3515 et
946 3461 1195 3513 mutilata
1231 3458 1477 3525 corporis
1502 3457 1664 3517 serie,
1700 3465 1866 3524 utque
1902 3455 2053 3508 arbi-

494 3563 689 3616 tratur,
712 3552 777 3605 ad
792 3550 1175 3605 refutationem
1208 3548 1413 3616 aptiore
1430 3555 1483 3599 et
1505 3547 1831 3615 procliviore
1849 3546 1932 3598 via
1953 3545 2056 3599 sibi

497 3640 785 3709 patefacta,
832 3637 1034 3707 frigido
1059 3645 1112 3689 et
1133 3636 1358 3689 inﬁrmo
1396 3637 1731 3706 sophismate
1761 3643 2057 3690 sectatores

496 3746 626 3784 suos
656 3728 1038 3789 circumvenit,
1063 3726 1445 3780 demonstrare
1470 3726 1680 3789 volens,
1716 3725 1870 3788 illud,
1912 3724 2055 3793 quod

496 3819 794 3875 secundum
813 3817 1013 3887 aliquid
1027 3817 1465 3871 communionem
1494 3816 1675 3882 habet,
1690 3816 1852 3870 etiam
1888 3816 2056 3869 totius

496 3911 787 3983 signiﬁcati
819 3910 1256 3964 communionem
1285 3908 1505 3971 habere,
1552 3909 1631 3963 sic
1661 3909 1808 3961 leves
1831 3922 2054 3962 suorum

496 4019 657 4057 aures
690 4002 793 4057 sibi
823 4000 1144 4055 concilians.
1183 3999 1316 4052 Cum
1370 3999 1515 4051 enim
1562 4012 1665 4051 nos
1700 3998 2053 4060 dixissemus,

496 4094 798 4148 secundum
823 4090 1043 4160 aliquod
1063 4089 1458 4160 signiﬁcatum,
1483 4088 1662 4144 Patris
1686 4104 1872 4143 vocem
1893 4091 2054 4141 etiam

497 4185 721 4255 ingeniti
750 4183 1206 4253 signiﬁcationem
1249 4180 1471 4246 habere,
1499 4179 1603 4234 iste
1627 4178 1924 4249 perfectam
1979 4178 2055 4231 si-

494 4277 730 4345 gniﬁcati
758 4274 1227 4343 participationem
1248 4286 1275 4324 a
1300 4278 1563 4327 consueta
1590 4271 1867 4323 nominum
1893 4285 2056 4323 usur-

2163 1831 2371 1900 ἄμαχος
2390 1824 2540 1893 οὗτος
2564 1827 2866 1897 ἀγωνιστὴς
2886 1827 2993 1879 τῶν
3019 1828 3416 1897 γεγραμμένων
3446 1829 3726 1898 ἐξέκλεψε,

2161 1926 2225 1992 τῇ
2263 1922 2543 1991 ἀφαιρέσει
2572 1920 2679 1972 τῶν
2711 1920 2965 1989 ἀσφαλῶς
3007 1919 3308 1989 εἰρημένων
3352 1918 3727 1989 ἐξευμαρίζων

2162 2011 2336 2080 ἐαυτῷ
2373 2012 2471 2080 τὴν
2516 2010 2848 2081 ἀντίρρησιν.
2907 2011 2964 2063 '0
2998 2010 3094 2079 μὲν
3122 2009 3228 2079 γὰρ
3272 2009 3421 2079 παρὰ
3456 2009 3548 2061 τοῦ
3580 2011 3726 2062 διδα-

2162 2101 2357 2155 σκάλου
2401 2101 2585 2172 ῥηθεὶς
2618 2101 2790 2168 λόγος,
2842 2099 3039 2152 οὑτωσὶ
3077 2099 3216 2153 κατά
3256 2098 3351 2169 τὴν
3389 2099 3531 2166 λέξιν
3576 2102 3719 2170 ἔχει·

2329 2192 2396 2244 δὲ
2416 2191 2513 2244 καί
2544 2191 2658 2258 τὴν
2681 2190 2785 2244 τοῦ
2807 2190 3137 2259 ἀγεννήτου
3162 2194 3584 2260 προσηγορίαν,
3609 2192 3727 2245 κᾶν

2160 2283 2229 2337 τὰ
2251 2283 2513 2353 μάλιστα
2550 2279 2701 2348 δοκῇ
2720 2279 2847 2345 ταῖς
2866 2281 3125 2346 ἐννοίαις
3154 2279 3321 2349 ἡμῶν
3347 2283 3722 2349 συμϐαίνειν,

2158 2374 2296 2428 ἀλλ’
2322 2370 2434 2427 οὖν
2469 2373 2549 2437 ὡς
2570 2371 2832 2439 οὐδαμοῦ
2862 2370 2970 2439 τῆς
2998 2375 3047 2424 Γ
3044 2370 3244 2440 ραφῆς
3275 2374 3583 2439 κειμένην,
3624 2373 3726 2425 καὶ

2158 2464 2390 2532 πρῶτον
2413 2470 2713 2532 στοιχεῖον
2741 2459 2937 2517 οὖσαν
2961 2461 3068 2530 τῆς
3087 2464 3483 2533 ,ϐλασφημίας
3502 2464 3723 2529 αὐτῶν,

2158 2555 2492 2611 σιωπᾶσθαι
2531 2555 2606 2608 ἂν
2650 2554 2888 2621 δικαίως
2926 2556 3104 2619 ἀξίαν
3132 2556 3281 2609 εἶναι
3313 2558 3584 2624 φήσαιμι,
3616 2557 3725 2625 τῆς

2156 2645 2388 2715 Πατρός
2428 2644 2633 2713 φωνῆς
2676 2639 2813 2697 ἴσον
2862 2644 3201 2713 δυναμένης
3258 2644 3335 2709 τῷ
3385 2647 3721 2715 ἀγεννήτῳ,

2157 2737 2304 2804 πρὸς
2346 2735 2424 2800 τῷ
2462 2736 2555 2788 καὶ
2594 2733 2705 2801 τὴν
2742 2734 2872 2801 περὶ
2905 2733 3010 2788 τοῦ
3046 2736 3179 2788 Υἱοῦ
3209 2736 3450 2790 ἔννοιαν
3493 2756 3725 2808 συνημ-

2151 2825 2345 2893 μένως
2394 2823 2577 2890 ἑαυτῇ
2626 2822 2723 2875 διὰ
2761 2823 2869 2890 τῆς
2907 2825 3175 2892 σχέσεως
3219 2828 3621 2897 συνεισάγειν.
3664 2832 3724 2883 ’0

2154 2912 2210 2964 δὲ
2245 2915 2486 2980 γενναῖος
2516 2907 2667 2972 οὗτος
2707 2911 2803 2980 τῆς
2848 2912 3101 2982 ἀληθείας
3135 2920 3623 2989 πρωταγωνιστὴς,
3664 2922 3725 2971 τὸ

2162 3003 2257 3071 μὲν
2277 3001 2567 3070 ἀσφαλείας
2594 3002 2775 3054 ἕνεκεν
2800 3002 2874 3071 τῷ
2896 3003 3037 3072 λόγῳ
3060 3005 3444 3075 προσκείμενον
3468 3008 3641 3077 (λέγω
3666 3011 3723 3061 δὲ

2159 3096 2249 3157 τὸ,
2284 3095 2387 3148 Καὶ
2436 3094 2549 3159 τὴν
2586 3094 2715 3161 περὶ
2758 3096 2862 3147 τοῦ
2901 3096 3031 3149 Υίοῦ
3061 3097 3301 3151 ἔννοιαν
3330 3103 3723 3170 συνημμένως

2159 3184 2342 3252 ἑαυτῇ
2371 3186 2465 3239 διὰ
2495 3185 2601 3252 τῆς
2634 3185 2899 3253 σχέσεως
2931 3187 3369 3259 συνεισάγειν),
3401 3192 3587 3245 τοῦτον
3623 3195 3723 3263 μὲν

2161 3274 2263 3324 ὑπὸ
2285 3275 2378 3342 τῆς
2414 3275 2703 3341 συγγενοῦς
2739 3275 3047 3345 ἐλευθερίας
3084 3279 3347 3344 ὑφείλετο.
3380 3282 3487 3334 Καὶ
3511 3283 3721 3335 διασκέ-

2158 3364 2264 3431 ψας
2300 3365 2410 3416 τῶν
2466 3367 2861 3435 γεγραμμένων
2906 3367 2995 3419 τὸν
3025 3369 3206 3436 λόγον,
3259 3374 3371 3434 τοῖς
3414 3372 3723 3437 ὑπολοίποις

2159 3455 2557 3523 συμπλέκεται·
2622 3458 2714 3509 καὶ
2768 3459 3185 3528 ἀκρωτηριάσας
3245 3462 3333 3513 τὸν
3382 3464 3567 3534 εἱρμὸν
3624 3465 3721 3517 τοῦ

2110 3544 2406 3613 ’σώματος
2427 3585 2440 3607 ,
2472 3548 2562 3599 καὶ
2593 3548 2667 3610 ὡς
2697 3547 2832 3617 ᾤετο
2866 3549 3185 3620 σαθρότερον
3214 3552 3388 3623 ἐαυτῴ
3409 3593 3422 3616 ,
3460 3557 3551 3607 καὶ
3586 3558 3721 3625 πρὸς

2156 3636 2252 3705 τὴν
2286 3638 2600 3707 ἀντίρρησιν
2633 3638 2947 3691 εὐεπίϐατον
2977 3643 3345 3711 καταστήσας,
3380 3644 3566 3716 ψυχρῷ
3625 3649 3717 3699 καὶ

2157 3727 2375 3797 ἀδρανεῖ
2439 3728 2516 3796 τῷ
2577 3729 2867 3797 σοφίσματι
2934 3731 3058 3792 τοὺς
3122 3731 3240 3782 καθ’
3298 3734 3483 3785 ἐαυτὸν
3539 3752 3718 3804 παρσ-

2156 3817 2436 3884 κρούεται,
2466 3818 2527 3870 τὸ
2556 3818 2694 3871 κατά
2722 3835 2772 3870 τι
2803 3818 3107 3880 κοινωνοῦν,
3142 3821 3231 3872 καὶ
3260 3820 3344 3873 διά
3375 3822 3586 3875 πάντων
3621 3823 3722 3893 τὴν

2157 3907 2291 3960 κατά
2310 3909 2369 3959 τὸ
2392 3909 2781 3977 σημαινόμενον
2801 3912 3081 3964 κοινωνίαν
3099 3912 3242 3980 ἔχειν
3270 3915 3716 3982 κατασκευάζων,

2154 3998 2248 4049 καὶ
2306 3995 2507 4050 τούτων
2574 3996 2670 4067 τὴν
2734 3999 3042 4052 ἐπιπόλαιον
3105 4002 3269 4071 ἀκοὴν
3338 4006 3715 4073 συναρπάζων.

2167 4088 2350 4157 Ἥμῶν
2384 4090 2490 4158 γὰρ
2525 4089 2664 4142 κατά
2711 4107 2762 4140 τι
2806 4091 3197 4160 σημαινόμενον
3240 4095 3336 4165 τὴν
3376 4096 3467 4147 τοῦ
3507 4098 3721 4165 Πατρὸς

2156 4178 2451 4248 εἰρηκότων
2484 4178 2694 4249 φωνὴν,
2736 4180 2829 4232 καὶ
2857 4181 2954 4251 τὴν
2995 4182 3085 4235 τοῦ
3118 4184 3407 4255 ἀγεννήτου
3442 4190 3719 4256 σημασίαν

2155 4269 2517 4338 παρέχεσθαι,
2554 4264 2705 4331 οὗτος
2752 4270 2849 4340 τὴν
2904 4272 3133 4341 παντελῆ
3174 4274 3267 4326 τοῦ
3318 4279 3715 4347 σημαινομένου

499 4370 714 4436 patione
773 4366 1087 4429 instituens,
1114 4363 1472 4417 assertionem
1513 4370 1754 4415 nostram
1801 4361 2052 4414 absurdi-

2159 4358 2456 4428 μετάληψιν
2485 4361 2590 4411 ἀπὸ
2622 4360 2716 4430 τῆς
2761 4359 3022 4429 συνήθους
3074 4362 3182 4413 τῶν
3229 4364 3502 4433 ὀνομάτων
3541 4368 3718 4434 ἐμφά-

494 4460 620 4511 tatis
654 4458 863 4511 scilicet
899 4456 1100 4523 arguit,
1148 4454 1305 4521 quasi
1345 4467 1451 4505 non
1502 4451 1738 4519 amplius
1764 4448 1945 4503 Patris
1985 4448 2049 4501 ad

496 4548 688 4601 Filium
727 4545 985 4599 habitudo
1020 4544 1120 4596 hac
1164 4543 1523 4611 appellatione
1568 4540 1862 4602 indicetur,
1906 4541 1950 4592 si
1978 4526 2101 4591 in-"

495 4637 657 4703 geniti
690 4636 839 4686 notio
872 4650 964 4702 per
992 4649 1113 4687 eum
1150 4648 1270 4685 Sesc
1312 4634 1470 4686 nobis
1503 4631 1778 4685 exhibeat.
1819 4630 2053 4683 Perinde

495 4741 557 4775 ac
582 4727 625 4776 si
657 4725 800 4792 quis,
830 4724 895 4777 de
925 4739 1062 4792 pane
1084 4724 1219 4775 duas
1262 4723 1503 4775 rationes
1535 4722 1782 4782 edoctus,
1823 4721 2048 4781 diceret,

496 4816 648 4867 illurn
678 4831 739 4865 ex
774 4815 1043 4867 frumento
1094 4821 1372 4875 constare,
1422 4820 1475 4864 et
1501 4812 1805 4865 comedenti
1858 4812 2052 4864 alimo-

496 4905 637 4957 niam
670 4905 948 4971 prrebere;
984 4906 1121 4958 alius
1154 4912 1333 4957 autem
1365 4911 1553 4955 contra
1599 4904 1854 4958 obnitens
1881 4918 2048 4972 ogge-

497 5000 657 5054 rcrct,
708 4991 955 5044 eumdem
989 5007 1211 5059 prorsus
1246 4991 1642 5059 SOphisutatum
1678 4992 1895 5043 modum
1954 4991 2051 5043 ad-

496 5084 711 5145 hibens,
768 5080 925 5132 aliam
967 5096 1086 5134 esse
1124 5082 1388 5135 rationem
1439 5082 1578 5149 ejus,
1622 5082 1765 5150 quod
1826 5097 1888 5134 ex
1938 5081 2049 5133 fru-

494 5183 675 5229 mento
712 5172 1068 5225 constitutum
1093 5180 1195 5236 est,
1220 5179 1273 5224 et
1298 5171 1457 5223 aliam
1486 5172 1825 5226 nutritueuti.
1856 5170 1910 5221 Si
1950 5171 2050 5239 igi-

490 5277 579 5317 tur
609 5266 801 5319 demus
855 5276 1046 5330 panem
1100 5276 1166 5313 ex
1219 5259 1492 5312 frumento
1544 5260 1851 5311 confectum
1902 5275 2045 5322 esse,

492 5373 595 5409 non
636 5354 832 5424 poterit
872 5352 1107 5420 amplius
1140 5351 1460 5403 alimentum
1496 5350 1788 5401 nominari.
1835 5349 2044 5401 Similis

492 5462 710 5516 prorsus
742 5454 822 5498 est
845 5458 1039 5499 sensus
1062 5441 1381 5494 Eunomiani
1405 5439 1725 5509 syllogismi.
1761 5439 2042 5491 Aitenim:

496 5538 546 5592 Si
584 5538 859 5601 ingenitum
893 5552 978 5587 seu
1015 5532 1324 5587 innascibile
1380 5530 1627 5583 vocabulo
1653 5529 1834 5581 Patris
1876 5529 2045 5597 signi-

491 5636 697 5689 ficatur,
728 5644 825 5677 non
874 5630 1057 5693 poterit
1090 5624 1311 5692 amplius
1346 5622 1407 5675 ab
1448 5621 1621 5675 eodem
1672 5621 1923 5673 vocabulo
1965 5620 2041 5671 si-

2157 4467 2290 4511 σεως
2316 4451 2700 4518 ποιησάμενος,
2728 4451 2805 4511 εἰς
2835 4451 3031 4502 ἄτοπον
3058 4452 3213 4520 δῆθεν
3243 4454 3486 4508 ἐκϐάλλει
3516 4457 3602 4507 τὸν
3630 4456 3718 4508 λό-

2153 4540 2354 4606 70mm;
2370 4541 2550 4591 οὐκέτι
2576 4539 2672 4608 τὴν
2700 4539 2832 4607 πρὸς
2859 4540 2947 4592 τὸν
2969 4540 3093 4591 Υίὸν
3124 4543 3301 4609 σχέσιν
3317 4545 3412 4612 τῆς
3444 4560 3717 4613 προσηγο-

2159 4632 2274 4700 ρίας
2302 4630 2501 4698 ταύτης
2531 4630 3018 4699 ἐνδεικνυμένης,εἱ
3052 4633 3143 4683 καῖ
3177 4632 3235 4682 τὸ
3266 4632 3356 4684 τοῦ
3386 4634 3717 4699 ἁγεννήτου

2154 4718 2326 4787 νόημα
2351 4719 2436 4770 διὰ
2465 4718 2649 4771 τούτου
2694 4718 3031 4787 ἐσημαίνετο.
3072 4720 3283 4790 Ὥσπερ
3318 4722 3382 4773 ἂν
3410 4722 3464 4773 εί
3496 4740 3575 4784 τις
3620 4725 3719 4777 δύο

2155 4809 2361 4870 ἐννοίας
2384 4808 2621 4876 περὶτοῦ
2648 4808 2809 4876 ἄρτου
2847 4807 3053 4876 μαθὼν,
3084 4810 3163 4861 ὃτι
3194 4827 3250 4861 τε
3276 4811 3380 4863 ἀπὸ
3407 4812 3550 4863 σίτου
3591 4830 3718 4864 συν-

2153 4898 2369 4969 έστηκε,
2410 4899 2501 4950 καὶ
2527 4899 2606 4949 ὅτι
2641 4899 2812 4967 τροφὴ
2833 4898 2909 4967 τῷ
2934 4900 3197 4969 χρωμένῳ
3225 4901 3451 4966 γίνεται,
3490 4902 3717 4971 μάχοιτο

2152 4989 2287 5058 πρὸς
2316 4988 2404 5039 τὸν
2436 4987 2679 5055 λέγοντα,
2714 4988 2790 5057 τῷ
2819 4989 2987 5058 ὁμοίῳ
3018 4992 3200 5059 τρόπῳ
3229 4991 3334 5041 τῶν
3368 4996 3717 5062 σοφισμάτων

2154 5082 2271 5133 κατ’
2318 5080 2479 5132 αὐτοῦ
2527 5080 2801 5150 χρώμενος
2824 5121 2837 5142 ,
2871 5082 2953 5132 ὃτι
3000 5081 3154 5143 ἄλλος
3185 5082 3339 5149 λόγος
3368 5085 3482 5135 ἐστὶ
3525 5086 3621 5153 τῆς
3653 5089 3716 5138 ἐκ

2151 5170 2241 5222 τοῦ
2272 5169 2415 5221 σίτου
2440 5169 2764 5232 συστάσεως,
2799 5171 2889 5222 καὶ
2913 5172 2939 5222 ό
2964 5171 3060 5238 τῆς
3084 5172 3289 5240 τροφῆς
3319 5173 3478 5225 πάλιν
3507 5174 3712 5243 ἕτερος.

2152 5260 2213 5312 Εἰ
2244 5255 2333 5311 οὖν
2366 5259 2542 5327 δοθείη
2563 5298 2576 5321 ,
2609 5259 2669 5311 τὸ
2699 5262 2761 5311 ὲκ
2801 5258 2891 5311 τοῦ
2935 5261 3079 5311 σίτου
3112 5256 3249 5313 εἶναι
3283 5263 3374 5313 τὸν
3407 5265 3587 5331 ἄρτον,
3622 5266 3712 5315 οὐ·

2152 5351 2265 5402 κέτι
2300 5351 2427 5403 αὐτὸ
2470 5350 2625 5401 τοῦτο
2673 5351 2765 5402 καὶ
2797 5349 2966 5419 τροφὴ
3018 5350 3215 5419 κυρίως
3263 5352 3707 5421 όνομασθήσεται.

2150 5441 2384 5508 Τοιαύτη
2416 5440 2507 5491 τοῦ
2542 5440 2898 5509 συλλογισμοῦ
2924 5443 2955 5510 ἡ
2988 5441 3209 5493 διάνοια.
3242 5444 3307 5493 Ei
3329 5442 3435 5511 γὰρ
3459 5443 3522 5493 τὸ
3543 5444 3709 5511 ἀγέν-

2150 5545 2352 5594 νητον,
2388 5528 2579 5596 φησὶν,
2623 5529 2737 5580 ὑπὸ
2775 5528 2883 5594 τῆς
2910 5529 3015 5581 τοῦ
3048 5530 3275 5595 Πατρός
3313 5532 3701 5597 προσηςγψίας

2150 5618 2529 5687 σημαίνεται,
2560 5618 2757 5672 οὐκέτι
2798 5619 2863 5671 τὸ
2903 5620 3317 5689 γεγεννηκέναι
3360 5620 3464 5675 τὸν
3509 5622 3643 5674 Υιὸν
3668 5620 3701 5687 ι)
