  <div class='ocr_page' id='page_1' title='image "/cluster/home/n/w/nwhite01/storage/ocr_20150623/45/mdp.39015011921478/222.png"; bbox 0 0 4064 6146; ppageno 0'>
   <div class='ocr_carea' id='block_1_1' title="bbox 323 278 430 334">
    <p class='ocr_par' dir='ltr' id='par_1_1' title="bbox 323 278 430 334">
     <span class='ocr_line' id='line_1_1' title="bbox 323 278 430 334; baseline 0.019 -2"><span class='ocrx_word' id='word_1_1' title='bbox 323 278 430 334; x_wconf 72' lang='grc' dir='ltr'><strong>4Ξῦ</strong></span> 
     </span>
    </p>
   </div>
   <div class='ocr_carea' id='block_1_2' title="bbox 1472 293 2419 363">
    <p class='ocr_par' dir='ltr' id='par_1_2' title="bbox 1472 293 2419 363">
     <span class='ocr_line' id='line_1_2' title="bbox 1472 293 2419 363; baseline 0.002 -13"><span class='ocrx_word' id='word_1_2' title='bbox 1472 293 1743 350; x_wconf 61' lang='lat' dir='ltr'><strong>CONTRA</strong></span> <span class='ocrx_word' id='word_1_3' title='bbox 1785 296 2172 363; x_wconf 71' lang='lat' dir='ltr'><strong>EUNOMIUM,</strong></span> <span class='ocrx_word' id='word_1_4' title='bbox 2213 297 2339 353; x_wconf 80' lang='lat' dir='ltr'><strong>LIB.</strong></span> <span class='ocrx_word' id='word_1_5' title='bbox 2377 298 2419 353; x_wconf 80' lang='grc'><strong>1.</strong></span> 
     </span>
    </p>
   </div>
   <div class='ocr_carea' id='block_1_3' title="bbox 3449 294 3557 349">
    <p class='ocr_par' dir='ltr' id='par_1_3' title="bbox 3449 294 3557 349">
     <span class='ocr_line' id='line_1_3' title="bbox 3449 294 3557 349; baseline 0.019 -2"><span class='ocrx_word' id='word_1_6' title='bbox 3449 294 3557 349; x_wconf 64' lang='lat'><strong>4‘26</strong></span> 
     </span>
    </p>
   </div>
   <div class='ocr_carea' id='block_1_4' title="bbox 317 402 1877 485">
    <p class='ocr_par' dir='ltr' id='par_1_4' title="bbox 317 402 1877 483">
     <span class='ocr_line' id='line_1_4' title="bbox 317 402 1877 483; baseline 0.006 -29"><span class='ocrx_word' id='word_1_7' title='bbox 317 403 488 471; x_wconf 71' lang='grc' dir='ltr'><strong>φωνὴ</strong></span> <span class='ocrx_word' id='word_1_8' title='bbox 520 402 673 472; x_wconf 80' lang='grc' dir='ltr'>αὕτη</span> <span class='ocrx_word' id='word_1_9' title='bbox 712 407 1096 476; x_wconf 73' lang='grc' dir='ltr'>παρίστησιν.</span> <span class='ocrx_word' id='word_1_10' title='bbox 1146 411 1282 463; x_wconf 74' lang='grc' dir='ltr'>Ἀλλ’</span> <span class='ocrx_word' id='word_1_11' title='bbox 1332 411 1587 483; x_wconf 76' lang='grc' dir='ltr'>εὔκαιρον</span> <span class='ocrx_word' id='word_1_12' title='bbox 1618 414 1746 476; x_wconf 73' lang='grc' dir='ltr'>ἴσως</span> <span class='ocrx_word' id='word_1_13' title='bbox 1792 411 1877 482; x_wconf 64' lang='grc' dir='ltr'><strong>τὴι</strong></span> 
     </span>
    </p>
   </div>
   <div class='ocr_carea' id='block_1_5' title="bbox 1979 402 3563 485">
    <p class='ocr_par' dir='ltr' id='par_1_5' title="bbox 1994 413 3563 485">
     <span class='ocr_line' id='line_1_5' title="bbox 1994 413 3563 485; baseline 0.009 -20"><span class='ocrx_word' id='word_1_14' title='bbox 1994 413 2256 482; x_wconf 79' lang='lat' dir='ltr'><strong>gniﬁcari,</strong></span> <span class='ocrx_word' id='word_1_15' title='bbox 2289 414 2428 485; x_wconf 84' lang='lat' dir='ltr'><strong>quod</strong></span> <span class='ocrx_word' id='word_1_16' title='bbox 2467 414 2627 468; x_wconf 82' lang='lat' dir='ltr'><strong>Pater</strong></span> <span class='ocrx_word' id='word_1_17' title='bbox 2666 415 2903 484; x_wconf 74' lang='lat' dir='ltr'><strong>genuerit</strong></span> <span class='ocrx_word' id='word_1_18' title='bbox 2940 414 3158 469; x_wconf 81' lang='lat' dir='ltr'><strong>Filium.</strong></span> <span class='ocrx_word' id='word_1_19' title='bbox 3212 416 3317 473; x_wconf 85' lang='lat' dir='ltr'><strong>Sed</strong></span> <span class='ocrx_word' id='word_1_20' title='bbox 3361 420 3563 479; x_wconf 80' lang='lat' dir='ltr'><strong>fortas-</strong></span> 
     </span>
    </p>
   </div>
   <div class='ocr_carea' id='block_1_6' title="bbox 322 492 1892 576">
    <p class='ocr_par' dir='ltr' id='par_1_6' title="bbox 322 492 1892 576">
     <span class='ocr_line' id='line_1_6' title="bbox 322 492 1892 576; baseline 0.006 -31"><span class='ocrx_word' id='word_1_21' title='bbox 322 492 525 564; x_wconf 79' lang='grc' dir='ltr'>σεμνὴν</span> <span class='ocrx_word' id='word_1_22' title='bbox 568 496 783 567; x_wconf 81' lang='grc' dir='ltr'>ἐκείνην</span> <span class='ocrx_word' id='word_1_23' title='bbox 828 498 921 552; x_wconf 77' lang='grc' dir='ltr'>τοῦ</span> <span class='ocrx_word' id='word_1_24' title='bbox 950 500 1121 553; x_wconf 83' lang='grc' dir='ltr'>κώλου</span> <span class='ocrx_word' id='word_1_25' title='bbox 1154 502 1397 576; x_wconf 81' lang='grc' dir='ltr'><strong>περίοδον</strong></span> <span class='ocrx_word' id='word_1_26' title='bbox 1442 505 1535 556; x_wconf 76' lang='grc' dir='ltr'><strong>καὶ</strong></span> <span class='ocrx_word' id='word_1_27' title='bbox 1580 503 1707 575; x_wconf 86' lang='grc' dir='ltr'>παρ’</span> <span class='ocrx_word' id='word_1_28' title='bbox 1737 503 1892 573; x_wconf 82' lang='grc' dir='ltr'>ἡμῶν</span> 
     </span>
    </p>
   </div>
   <div class='ocr_carea' id='block_1_7' title="bbox 320 584 1892 669">
    <p class='ocr_par' dir='ltr' id='par_1_7' title="bbox 320 584 1892 669">
     <span class='ocr_line' id='line_1_7' title="bbox 320 584 1892 669; baseline 0.008 -33"><span class='ocrx_word' id='word_1_29' title='bbox 320 584 624 656; x_wconf 75' lang='grc' dir='ltr'><strong>ἐπαχθῆναι</strong></span> <span class='ocrx_word' id='word_1_30' title='bbox 668 590 743 660; x_wconf 78' lang='grc' dir='ltr'><strong>τῷ</strong></span> <span class='ocrx_word' id='word_1_31' title='bbox 773 591 1068 665; x_wconf 84' lang='grc' dir='ltr'>λεγομένῳ.</span> <span class='ocrx_word' id='word_1_32' title='bbox 1116 596 1321 669; x_wconf 82' lang='grc' dir='ltr'><strong>Πρέπει</strong></span> <span class='ocrx_word' id='word_1_33' title='bbox 1356 595 1463 665; x_wconf 80' lang='grc' dir='ltr'><strong>γὰρ</strong></span> <span class='ocrx_word' id='word_1_34' title='bbox 1494 598 1604 660; x_wconf 81' lang='grc' dir='ltr'>τοῖς</span> <span class='ocrx_word' id='word_1_35' title='bbox 1632 594 1892 659; x_wconf 76' lang='grc' dir='ltr'><strong>τοιούτοις</strong></span> 
     </span>
    </p>
   </div>
   <div class='ocr_carea' id='block_1_8' title="bbox 320 677 1891 758">
    <p class='ocr_par' dir='ltr' id='par_1_8' title="bbox 320 677 1891 758">
     <span class='ocr_line' id='line_1_8' title="bbox 320 677 1891 758; baseline 0.008 -30"><span class='ocrx_word' id='word_1_36' title='bbox 320 677 535 741; x_wconf 83' lang='grc' dir='ltr'>πάντως</span> <span class='ocrx_word' id='word_1_37' title='bbox 569 681 792 736; x_wconf 71' lang='grc' dir='ltr'>τοιαῦτα</span> <span class='ocrx_word' id='word_1_38' title='bbox 816 697 831 712; x_wconf 83' lang='grc'><strong><em>⁸</em></strong></span> <span class='ocrx_word' id='word_1_39' title='bbox 870 684 950 738; x_wconf 86' lang='grc' dir='ltr'>ὅτι</span> <span class='ocrx_word' id='word_1_40' title='bbox 988 686 1147 740; x_wconf 85' lang='grc' dir='ltr'>πλέον</span> <span class='ocrx_word' id='word_1_41' title='bbox 1179 687 1243 741; x_wconf 84' lang='grc' dir='ltr'>ἂν</span> <span class='ocrx_word' id='word_1_42' title='bbox 1271 686 1429 758; x_wconf 83' lang='grc' dir='ltr'>ἔσχεν</span> <span class='ocrx_word' id='word_1_43' title='bbox 1464 686 1598 756; x_wconf 84' lang='grc' dir='ltr'>πρὸς</span> <span class='ocrx_word' id='word_1_44' title='bbox 1626 686 1683 739; x_wconf 83' lang='grc' dir='ltr'>τὸ</span> <span class='ocrx_word' id='word_1_45' title='bbox 1717 686 1891 741; x_wconf 83' lang='grc' dir='ltr'>δοκεῖν</span> 
     </span>
    </p>
   </div>
   <div class='ocr_carea' id='block_1_9' title="bbox 321 773 1891 848">
    <p class='ocr_par' dir='ltr' id='par_1_9' title="bbox 321 773 1891 848">
     <span class='ocr_line' id='line_1_9' title="bbox 321 773 1891 848; baseline 0.003 -26"><span class='ocrx_word' id='word_1_46' title='bbox 321 773 649 838; x_wconf 75' lang='grc' dir='ltr'>σωφρονεῖν,</span> <span class='ocrx_word' id='word_1_47' title='bbox 702 774 749 825; x_wconf 87' lang='grc' dir='ltr'><strong>εί</strong></span> <span class='ocrx_word' id='word_1_48' title='bbox 807 776 1061 829; x_wconf 79' lang='grc' dir='ltr'>παντελεῖ</span> <span class='ocrx_word' id='word_1_49' title='bbox 1110 781 1285 848; x_wconf 77' lang='grc' dir='ltr'>σιωπῇ</span> <span class='ocrx_word' id='word_1_50' title='bbox 1337 778 1536 847; x_wconf 78' lang='grc' dir='ltr'>ταύτην</span> <span class='ocrx_word' id='word_1_51' title='bbox 1588 776 1750 847; x_wconf 81' lang='grc' dir='ltr'>ὥρισε</span> <span class='ocrx_word' id='word_1_52' title='bbox 1795 776 1891 845; x_wconf 84' lang='grc' dir='ltr'>τὴν</span> 
     </span>
    </p>
   </div>
   <div class='ocr_carea' id='block_1_10' title="bbox 318 857 1892 939">
    <p class='ocr_par' dir='ltr' id='par_1_10' title="bbox 318 857 1892 939">
     <span class='ocr_line' id='line_1_10' title="bbox 318 857 1892 939; baseline -0.006 -12"><span class='ocrx_word' id='word_1_53' title='bbox 318 858 633 926; x_wconf 69' lang='grc' dir='ltr'>ἀσφάλειαν·</span> <span class='ocrx_word' id='word_1_54' title='bbox 660 857 730 935; x_wconf 79' lang='grc' dir='ltr'>ᾮ</span> <span class='ocrx_word' id='word_1_55' title='bbox 756 864 861 937; x_wconf 73' lang='grc' dir='ltr'><strong>γὰρ</strong></span> <span class='ocrx_word' id='word_1_56' title='bbox 896 868 928 935; x_wconf 88' lang='grc' dir='ltr'><strong>ή</strong></span> <span class='ocrx_word' id='word_1_57' title='bbox 965 867 1247 939; x_wconf 78' lang='grc' dir='ltr'><strong>προσθήκη</strong></span> <span class='ocrx_word' id='word_1_58' title='bbox 1273 868 1379 921; x_wconf 90' lang='grc' dir='ltr'><strong>τῶν</strong></span> <span class='ocrx_word' id='word_1_59' title='bbox 1409 868 1580 936; x_wconf 83' lang='grc' dir='ltr'>λόγων</span> <span class='ocrx_word' id='word_1_60' title='bbox 1611 868 1690 931; x_wconf 83' lang='grc' dir='ltr'><strong>είς</strong></span> <span class='ocrx_word' id='word_1_61' title='bbox 1726 884 1892 937; x_wconf 81' lang='grc' dir='ltr'>προσ-</span> 
     </span>
    </p>
   </div>
   <div class='ocr_carea' id='block_1_11' title="bbox 319 947 1890 1029">
    <p class='ocr_par' dir='ltr' id='par_1_11' title="bbox 319 947 1890 1029">
     <span class='ocr_line' id='line_1_11' title="bbox 319 947 1890 1029; baseline 0.007 -29"><span class='ocrx_word' id='word_1_62' title='bbox 319 947 493 1019; x_wconf 84' lang='grc' dir='ltr'>θήκην</span> <span class='ocrx_word' id='word_1_63' title='bbox 538 952 683 1004; x_wconf 88' lang='grc' dir='ltr'><strong>τελεῖ</strong></span> <span class='ocrx_word' id='word_1_64' title='bbox 733 953 1113 1027; x_wconf 66' lang='grc' dir='ltr'>βλασφημίας,</span> <span class='ocrx_word' id='word_1_65' title='bbox 1166 959 1363 1029; x_wconf 81' lang='grc' dir='ltr'>μᾶλλον</span> <span class='ocrx_word' id='word_1_66' title='bbox 1404 958 1460 1012; x_wconf 82' lang='grc' dir='ltr'>δὲ</span> <span class='ocrx_word' id='word_1_67' title='bbox 1498 958 1600 1028; x_wconf 85' lang='grc' dir='ltr'><strong>τῆς</strong></span> <span class='ocrx_word' id='word_1_68' title='bbox 1658 959 1890 1027; x_wconf 77' lang='grc' dir='ltr'><strong>ἐσχάτης</strong></span> 
     </span>
    </p>
   </div>
   <div class='ocr_carea' id='block_1_12' title="bbox 318 1039 1891 1121">
    <p class='ocr_par' dir='ltr' id='par_1_12' title="bbox 318 1039 1891 1121">
     <span class='ocr_line' id='line_1_12' title="bbox 318 1039 1891 1121; baseline 0.006 -30"><span class='ocrx_word' id='word_1_69' title='bbox 318 1039 499 1103; x_wconf 82' lang='grc' dir='ltr'>ἀνοίας</span> <span class='ocrx_word' id='word_1_70' title='bbox 518 1083 531 1105; x_wconf 92' lang='grc'><strong>,</strong></span> <span class='ocrx_word' id='word_1_71' title='bbox 576 1042 751 1114; x_wconf 71' lang='grc' dir='ltr'>τούτῳ</span> <span class='ocrx_word' id='word_1_72' title='bbox 798 1045 857 1098; x_wconf 85' lang='grc' dir='ltr'>τὸ</span> <span class='ocrx_word' id='word_1_73' title='bbox 886 1050 1061 1118; x_wconf 80' lang='grc' dir='ltr'>σιγᾷν,</span> <span class='ocrx_word' id='word_1_74' title='bbox 1088 1050 1184 1119; x_wconf 76' lang='grc' dir='ltr'><strong>οὐχ</strong></span> <span class='ocrx_word' id='word_1_75' title='bbox 1211 1050 1397 1119; x_wconf 80' lang='grc' dir='ltr'>ἡμίσει</span> <span class='ocrx_word' id='word_1_76' title='bbox 1432 1049 1619 1121; x_wconf 86' lang='grc' dir='ltr'>μέρει,</span> <span class='ocrx_word' id='word_1_77' title='bbox 1650 1048 1785 1104; x_wconf 78' lang='grc' dir='ltr'>ἀλλὰ</span> <span class='ocrx_word' id='word_1_78' title='bbox 1812 1047 1891 1118; x_wconf 85' lang='grc' dir='ltr'>τῷ</span> 
     </span>
    </p>
   </div>
   <div class='ocr_carea' id='block_1_13' title="bbox 319 1130 1326 1208">
    <p class='ocr_par' dir='ltr' id='par_1_13' title="bbox 319 1130 1326 1208">
     <span class='ocr_line' id='line_1_13' title="bbox 319 1130 1326 1208; baseline 0.01 -26"><span class='ocrx_word' id='word_1_79' title='bbox 319 1130 478 1183; x_wconf 68' lang='grc' dir='ltr'>παντὶ</span> <span class='ocrx_word' id='word_1_80' title='bbox 507 1131 599 1184; x_wconf 76' lang='grc' dir='ltr'>τοῦ</span> <span class='ocrx_word' id='word_1_81' title='bbox 633 1132 811 1187; x_wconf 82' lang='grc' dir='ltr'>λαλεῖν</span> <span class='ocrx_word' id='word_1_82' title='bbox 840 1136 954 1189; x_wconf 80' lang='grc' dir='ltr'>ἐστι</span> <span class='ocrx_word' id='word_1_83' title='bbox 983 1139 1326 1208; x_wconf 73' lang='grc' dir='ltr'>κουφότερον.</span> 
     </span>
    </p>
   </div>
   <div class='ocr_carea' id='block_1_14' title="bbox 385 1306 1890 1385">
    <p class='ocr_par' dir='ltr' id='par_1_14' title="bbox 385 1306 1890 1385">
     <span class='ocr_line' id='line_1_14' title="bbox 385 1306 1890 1385; baseline 0.007 -28"><span class='ocrx_word' id='word_1_84' title='bbox 385 1306 535 1375; x_wconf 81' lang='grc' dir='ltr'>Τάχα</span> <span class='ocrx_word' id='word_1_85' title='bbox 558 1306 621 1360; x_wconf 76' lang='grc' dir='ltr'>ἄν</span> <span class='ocrx_word' id='word_1_86' title='bbox 646 1324 729 1371; x_wconf 88' lang='grc' dir='ltr'><strong>τις</strong></span> <span class='ocrx_word' id='word_1_87' title='bbox 757 1309 953 1379; x_wconf 78' lang='grc' dir='ltr'>μᾶλλον</span> <span class='ocrx_word' id='word_1_88' title='bbox 987 1312 1050 1365; x_wconf 82' lang='grc' dir='ltr'>ὲκ</span> <span class='ocrx_word' id='word_1_89' title='bbox 1072 1312 1177 1367; x_wconf 87' lang='grc' dir='ltr'><strong>τῶν</strong></span> <span class='ocrx_word' id='word_1_90' title='bbox 1202 1314 1322 1367; x_wconf 87' lang='grc' dir='ltr'>καθ’</span> <span class='ocrx_word' id='word_1_91' title='bbox 1347 1315 1537 1368; x_wconf 72' lang='grc' dir='ltr'>ἑαυτὸν</span> <span class='ocrx_word' id='word_1_92' title='bbox 1563 1314 1890 1385; x_wconf 80' lang='grc' dir='ltr'>προσάγοιτο</span> 
     </span>
    </p>
   </div>
   <div class='ocr_carea' id='block_1_15' title="bbox 320 1394 1887 1477">
    <p class='ocr_par' dir='ltr' id='par_1_15' title="bbox 320 1394 1887 1477">
     <span class='ocr_line' id='line_1_15' title="bbox 320 1394 1887 1477; baseline 0.007 -30"><span class='ocrx_word' id='word_1_93' title='bbox 320 1397 450 1467; x_wconf 73' lang='grc' dir='ltr'>πρὸς</span> <span class='ocrx_word' id='word_1_94' title='bbox 481 1398 579 1467; x_wconf 82' lang='grc' dir='ltr'>τὴν</span> <span class='ocrx_word' id='word_1_95' title='bbox 608 1397 715 1451; x_wconf 89' lang='grc' dir='ltr'><strong>τῶν</strong></span> <span class='ocrx_word' id='word_1_96' title='bbox 759 1400 1063 1472; x_wconf 86' lang='grc' dir='ltr'>λεγομένων</span> <span class='ocrx_word' id='word_1_97' title='bbox 1097 1404 1373 1475; x_wconf 82' lang='grc' dir='ltr'>ἀλήθειαν.</span> <span class='ocrx_word' id='word_1_98' title='bbox 1420 1405 1528 1459; x_wconf 72' lang='grc' dir='ltr'>Καὶ</span> <span class='ocrx_word' id='word_1_99' title='bbox 1561 1394 1635 1477; x_wconf 64' lang='grc' dir='ltr'><strong>δη</strong></span> <span class='ocrx_word' id='word_1_100' title='bbox 1666 1406 1887 1459; x_wconf 86' lang='grc' dir='ltr'>καταλι-</span> 
     </span>
    </p>
   </div>
   <div class='ocr_carea' id='block_1_16' title="bbox 323 1487 1886 1566">
    <p class='ocr_par' dir='ltr' id='par_1_16' title="bbox 323 1487 1886 1566">
     <span class='ocr_line' id='line_1_16' title="bbox 323 1487 1886 1566; baseline 0.008 -28"><span class='ocrx_word' id='word_1_101' title='bbox 323 1488 507 1551; x_wconf 68' lang='grc' dir='ltr'>πλντες</span> <span class='ocrx_word' id='word_1_102' title='bbox 550 1487 611 1541; x_wconf 82' lang='grc' dir='ltr'>τὸ</span> <span class='ocrx_word' id='word_1_103' title='bbox 668 1493 1157 1564; x_wconf 88' lang='grc' dir='ltr'>κατηγκυλωμένον</span> <span class='ocrx_word' id='word_1_104' title='bbox 1215 1495 1311 1566; x_wconf 81' lang='grc' dir='ltr'><strong>τῆς</strong></span> <span class='ocrx_word' id='word_1_105' title='bbox 1369 1497 1475 1551; x_wconf 87' lang='grc' dir='ltr'><strong>τῶν</strong></span> <span class='ocrx_word' id='word_1_106' title='bbox 1537 1496 1886 1566; x_wconf 77' lang='grc' dir='ltr'>σοφισμάτων</span> 
     </span>
    </p>
   </div>
   <div class='ocr_carea' id='block_1_17' title="bbox 324 1580 1884 1659">
    <p class='ocr_par' dir='ltr' id='par_1_17' title="bbox 324 1580 1884 1659">
     <span class='ocr_line' id='line_1_17' title="bbox 324 1580 1884 1659; baseline 0.004 -26"><span class='ocrx_word' id='word_1_107' title='bbox 324 1580 551 1652; x_wconf 82' lang='grc' dir='ltr'>πλοκῆς,</span> <span class='ocrx_word' id='word_1_108' title='bbox 610 1583 1015 1655; x_wconf 74' lang='grc' dir='ltr'>ἰδιωτικώτερον</span> <span class='ocrx_word' id='word_1_109' title='bbox 1056 1604 1114 1639; x_wconf 91' lang='grc' dir='ltr'><strong>τε</strong></span> <span class='ocrx_word' id='word_1_110' title='bbox 1161 1589 1255 1640; x_wconf 79' lang='grc' dir='ltr'>καὶ</span> <span class='ocrx_word' id='word_1_111' title='bbox 1284 1588 1586 1659; x_wconf 81' lang='grc' dir='ltr'>κοινότερον</span> <span class='ocrx_word' id='word_1_112' title='bbox 1636 1589 1763 1659; x_wconf 79' lang='grc' dir='ltr'>περὶ</span> <span class='ocrx_word' id='word_1_113' title='bbox 1791 1588 1884 1642; x_wconf 85' lang='grc' dir='ltr'><strong>τοῦ</strong></span> 
     </span>
    </p>
   </div>
   <div class='ocr_carea' id='block_1_18' title="bbox 318 1674 1883 1752">
    <p class='ocr_par' dir='ltr' id='par_1_18' title="bbox 318 1674 1883 1752">
     <span class='ocr_line' id='line_1_18' title="bbox 318 1674 1883 1752; baseline 0.005 -27"><span class='ocrx_word' id='word_1_114' title='bbox 318 1675 673 1745; x_wconf 82' lang='grc' dir='ltr'>προκειμένου</span> <span class='ocrx_word' id='word_1_115' title='bbox 722 1676 1110 1747; x_wconf 80' lang='grc' dir='ltr'>διαλεξώμεθα.</span> <span class='ocrx_word' id='word_1_116' title='bbox 1168 1678 1225 1732; x_wconf 85' lang='lat'><strong>&#39;0</strong></span> <span class='ocrx_word' id='word_1_117' title='bbox 1289 1679 1377 1742; x_wconf 82' lang='grc' dir='ltr'><strong>σὸς</strong></span> <span class='ocrx_word' id='word_1_118' title='bbox 1420 1679 1639 1752; x_wconf 76' lang='grc' dir='ltr'>Πατὴρ,</span> <span class='ocrx_word' id='word_1_119' title='bbox 1674 1674 1718 1732; x_wconf 83' lang='grc' dir='ltr'>ὧ</span> <span class='ocrx_word' id='word_1_120' title='bbox 1776 1678 1883 1733; x_wconf 83' lang='grc' dir='ltr'><strong>Εὐ-</strong></span> 
     </span>
    </p>
   </div>
   <div class='ocr_carea' id='block_1_19' title="bbox 1997 497 3561 573">
    <p class='ocr_par' dir='ltr' id='par_1_19' title="bbox 1997 497 3561 573">
     <span class='ocr_line' id='line_1_19' title="bbox 1997 497 3561 573; baseline 0.01 -21"><span class='ocrx_word' id='word_1_121' title='bbox 1997 497 2075 552; x_wconf 89' lang='lat' dir='ltr'><strong>sis</strong></span> <span class='ocrx_word' id='word_1_122' title='bbox 2106 498 2246 552; x_wconf 84' lang='lat' dir='ltr'><strong>haud</strong></span> <span class='ocrx_word' id='word_1_123' title='bbox 2277 500 2713 569; x_wconf 86' lang='lat' dir='ltr'><strong>intempestivum</strong></span> <span class='ocrx_word' id='word_1_124' title='bbox 2754 502 2936 568; x_wconf 82' lang='lat' dir='ltr'><strong>fuerit,</strong></span> <span class='ocrx_word' id='word_1_125' title='bbox 2997 519 3218 573; x_wconf 76' lang='lat' dir='ltr'><strong>gravem</strong></span> <span class='ocrx_word' id='word_1_126' title='bbox 3255 507 3403 561; x_wconf 84' lang='lat' dir='ltr'><strong>illam</strong></span> <span class='ocrx_word' id='word_1_127' title='bbox 3455 515 3561 568; x_wconf 89' lang='lat' dir='ltr'><strong>coli</strong></span> 
     </span>
    </p>
   </div>
   <div class='ocr_carea' id='block_1_20' title="bbox 1994 590 3564 662">
    <p class='ocr_par' dir='ltr' id='par_1_20' title="bbox 1994 590 3564 662">
     <span class='ocr_line' id='line_1_20' title="bbox 1994 590 3564 662; baseline 0.007 -19"><span class='ocrx_word' id='word_1_128' title='bbox 1994 590 2273 657; x_wconf 87' lang='lat' dir='ltr'><strong>periodum</strong></span> <span class='ocrx_word' id='word_1_129' title='bbox 2330 591 2382 644; x_wconf 93' lang='lat' dir='ltr'><strong>in</strong></span> <span class='ocrx_word' id='word_1_130' title='bbox 2429 592 2606 661; x_wconf 88' lang='lat' dir='ltr'><strong>ipsius</strong></span> <span class='ocrx_word' id='word_1_131' title='bbox 2646 593 2891 648; x_wconf 90' lang='lat' dir='ltr'><strong>auctoris</strong></span> <span class='ocrx_word' id='word_1_132' title='bbox 2923 604 3086 662; x_wconf 85' lang='lat' dir='ltr'><strong>caput</strong></span> <span class='ocrx_word' id='word_1_133' title='bbox 3120 610 3148 648; x_wconf 90' lang='lat' dir='ltr'><strong>a</strong></span> <span class='ocrx_word' id='word_1_134' title='bbox 3181 596 3344 651; x_wconf 89' lang='lat' dir='ltr'><strong>nobis</strong></span> <span class='ocrx_word' id='word_1_135' title='bbox 3387 609 3564 656; x_wconf 90' lang='lat' dir='ltr'><strong>retor-</strong></span> 
     </span>
    </p>
   </div>
   <div class='ocr_carea' id='block_1_21' title="bbox 1991 680 3563 761">
    <p class='ocr_par' dir='ltr' id='par_1_21' title="bbox 1991 680 3563 761">
     <span class='ocr_line' id='line_1_21' title="bbox 1991 680 3563 761; baseline 0.009 -27"><span class='ocrx_word' id='word_1_136' title='bbox 1991 681 2166 749; x_wconf 85' lang='lat' dir='ltr'><strong>queri.</strong></span> <span class='ocrx_word' id='word_1_137' title='bbox 2196 680 2347 735; x_wconf 82' lang='lat' dir='ltr'><strong>Talia</strong></span> <span class='ocrx_word' id='word_1_138' title='bbox 2394 684 2540 736; x_wconf 88' lang='lat' dir='ltr'><strong>enim</strong></span> <span class='ocrx_word' id='word_1_139' title='bbox 2573 684 2710 739; x_wconf 90' lang='lat' dir='ltr'><strong>tales</strong></span> <span class='ocrx_word' id='word_1_140' title='bbox 2749 684 2974 739; x_wconf 88' lang='lat' dir='ltr'><strong>omnino</strong></span> <span class='ocrx_word' id='word_1_141' title='bbox 3006 686 3219 749; x_wconf 89' lang='lat' dir='ltr'><strong>decent,</strong></span> <span class='ocrx_word' id='word_1_142' title='bbox 3272 691 3398 758; x_wconf 87' lang='lat' dir='ltr'><strong>quia</strong></span> <span class='ocrx_word' id='word_1_143' title='bbox 3439 693 3563 761; x_wconf 84' lang='lat' dir='ltr'><strong>plus</strong></span> 
     </span>
    </p>
   </div>
   <div class='ocr_carea' id='block_1_22' title="bbox 1992 770 3562 839">
    <p class='ocr_par' dir='ltr' id='par_1_22' title="bbox 1992 770 3562 839">
     <span class='ocr_line' id='line_1_22' title="bbox 1992 770 3562 839; baseline 0.008 -17"><span class='ocrx_word' id='word_1_144' title='bbox 1992 770 2293 839; x_wconf 88' lang='lat' dir='ltr'><strong>adjumenti</strong></span> <span class='ocrx_word' id='word_1_145' title='bbox 2324 773 2391 826; x_wconf 85' lang='lat' dir='ltr'><strong>ad</strong></span> <span class='ocrx_word' id='word_1_146' title='bbox 2426 774 2596 828; x_wconf 82' lang='lat' dir='ltr'><strong>sobrii</strong></span> <span class='ocrx_word' id='word_1_147' title='bbox 2630 774 2870 830; x_wconf 81' lang='lat' dir='ltr'><strong>hominis</strong></span> <span class='ocrx_word' id='word_1_148' title='bbox 2917 776 3380 833; x_wconf 74' lang='lat' dir='ltr'><strong>existimationem</strong></span> <span class='ocrx_word' id='word_1_149' title='bbox 3417 796 3562 835; x_wconf 84' lang='lat' dir='ltr'><strong>com-</strong></span> 
     </span>
    </p>
   </div>
   <div class='ocr_carea' id='block_1_23' title="bbox 1992 863 3559 934">
    <p class='ocr_par' dir='ltr' id='par_1_23' title="bbox 1992 863 3559 934">
     <span class='ocr_line' id='line_1_23' title="bbox 1992 863 3559 934; baseline 0.009 -20"><span class='ocrx_word' id='word_1_150' title='bbox 1992 863 2292 931; x_wconf 82' lang='lat' dir='ltr'><strong>parandam</strong></span> <span class='ocrx_word' id='word_1_151' title='bbox 2322 864 2627 928; x_wconf 80' lang='lat' dir='ltr'><strong>habuisset,</strong></span> <span class='ocrx_word' id='word_1_152' title='bbox 2660 866 2706 921; x_wconf 92' lang='lat' dir='ltr'><strong>si</strong></span> <span class='ocrx_word' id='word_1_153' title='bbox 2747 867 2908 934; x_wconf 92' lang='lat' dir='ltr'><strong>pleno</strong></span> <span class='ocrx_word' id='word_1_154' title='bbox 2926 867 3146 923; x_wconf 90' lang='lat' dir='ltr'><strong>silentio</strong></span> <span class='ocrx_word' id='word_1_155' title='bbox 3184 870 3290 924; x_wconf 88' lang='lat' dir='ltr'><strong>sibi</strong></span> <span class='ocrx_word' id='word_1_156' title='bbox 3336 874 3559 928; x_wconf 86' lang='lat' dir='ltr'><strong>consul-</strong></span> 
     </span>
    </p>
   </div>
   <div class='ocr_carea' id='block_1_24' title="bbox 1991 953 3556 1018">
    <p class='ocr_par' dir='ltr' id='par_1_24' title="bbox 1991 953 3556 1018">
     <span class='ocr_line' id='line_1_24' title="bbox 1991 953 3556 1018; baseline 0.01 -14"><span class='ocrx_word' id='word_1_157' title='bbox 1991 960 2107 1005; x_wconf 90' lang='lat' dir='ltr'><strong>tum</strong></span> <span class='ocrx_word' id='word_1_158' title='bbox 2134 953 2339 1009; x_wconf 89' lang='lat' dir='ltr'><strong>ivisset.</strong></span> <span class='ocrx_word' id='word_1_159' title='bbox 2367 955 2468 1009; x_wconf 91' lang='lat' dir='ltr'><strong>Cui</strong></span> <span class='ocrx_word' id='word_1_160' title='bbox 2522 957 2665 1010; x_wconf 90' lang='lat' dir='ltr'><strong>enim</strong></span> <span class='ocrx_word' id='word_1_161' title='bbox 2690 958 2981 1013; x_wconf 82' lang='lat' dir='ltr'><strong>verborum</strong></span> <span class='ocrx_word' id='word_1_162' title='bbox 3014 959 3219 1015; x_wconf 91' lang='lat' dir='ltr'><strong>additio</strong></span> <span class='ocrx_word' id='word_1_163' title='bbox 3252 962 3465 1018; x_wconf 83' lang='lat' dir='ltr'><strong>conlert</strong></span> <span class='ocrx_word' id='word_1_164' title='bbox 3489 965 3556 1018; x_wconf 88' lang='lat' dir='ltr'><strong>ad</strong></span> 
     </span>
    </p>
   </div>
   <div class='ocr_carea' id='block_1_25' title="bbox 1990 1041 3552 1116">
    <p class='ocr_par' dir='ltr' id='par_1_25' title="bbox 1990 1041 3552 1116">
     <span class='ocr_line' id='line_1_25' title="bbox 1990 1041 3552 1116; baseline 0.009 -21"><span class='ocrx_word' id='word_1_165' title='bbox 1990 1041 2363 1112; x_wconf 62' lang='lat' dir='ltr'><strong>blasphemus,</strong></span> <span class='ocrx_word' id='word_1_166' title='bbox 2380 1046 2461 1099; x_wconf 92' lang='lat' dir='ltr'><strong>vel</strong></span> <span class='ocrx_word' id='word_1_167' title='bbox 2506 1047 2687 1116; x_wconf 85' lang='lat' dir='ltr'><strong>potius</strong></span> <span class='ocrx_word' id='word_1_168' title='bbox 2720 1049 2787 1103; x_wconf 89' lang='lat' dir='ltr'><strong>ad</strong></span> <span class='ocrx_word' id='word_1_169' title='bbox 2826 1057 3087 1105; x_wconf 63' lang='lat' dir='ltr'><strong>extrema:</strong></span> <span class='ocrx_word' id='word_1_170' title='bbox 3130 1051 3424 1109; x_wconf 67' lang='lat' dir='ltr'><strong>dememiai</strong></span> <span class='ocrx_word' id='word_1_171' title='bbox 3453 1056 3552 1108; x_wconf 87' lang='lat' dir='ltr'><strong>ad-</strong></span> 
     </span>
    </p>
   </div>
   <div class='ocr_carea' id='block_1_26' title="bbox 1990 1134 3551 1206">
    <p class='ocr_par' dir='ltr' id='par_1_26' title="bbox 1990 1134 3551 1206">
     <span class='ocr_line' id='line_1_26' title="bbox 1990 1134 3551 1206; baseline 0.008 -19"><span class='ocrx_word' id='word_1_172' title='bbox 1990 1134 2271 1199; x_wconf 86' lang='lat' dir='ltr'><strong>ditionem,</strong></span> <span class='ocrx_word' id='word_1_173' title='bbox 2300 1135 2425 1191; x_wconf 84' lang='lat' dir='ltr'><strong>huic</strong></span> <span class='ocrx_word' id='word_1_174' title='bbox 2465 1151 2574 1192; x_wconf 87' lang='lat' dir='ltr'><strong>non</strong></span> <span class='ocrx_word' id='word_1_175' title='bbox 2603 1139 2777 1193; x_wconf 88' lang='lat' dir='ltr'><strong>solum</strong></span> <span class='ocrx_word' id='word_1_176' title='bbox 2820 1140 2987 1196; x_wconf 86' lang='lat' dir='ltr'><strong>silere</strong></span> <span class='ocrx_word' id='word_1_177' title='bbox 3019 1142 3218 1206; x_wconf 90' lang='lat' dir='ltr'><strong>media,</strong></span> <span class='ocrx_word' id='word_1_178' title='bbox 3275 1146 3370 1200; x_wconf 88' lang='lat' dir='ltr'><strong>sed</strong></span> <span class='ocrx_word' id='word_1_179' title='bbox 3401 1149 3551 1200; x_wconf 91' lang='lat' dir='ltr'><strong>omni</strong></span> 
     </span>
    </p>
   </div>
   <div class='ocr_carea' id='block_1_27' title="bbox 1989 1222 3026 1297">
    <p class='ocr_par' dir='ltr' id='par_1_27' title="bbox 1989 1222 3026 1297">
     <span class='ocr_line' id='line_1_27' title="bbox 1989 1222 3026 1297; baseline 0.006 -20"><span class='ocrx_word' id='word_1_180' title='bbox 1989 1236 2053 1277; x_wconf 80' lang='lat' dir='ltr'><strong>ex</strong></span> <span class='ocrx_word' id='word_1_181' title='bbox 2090 1232 2243 1289; x_wconf 88' lang='lat' dir='ltr'><strong>parte</strong></span> <span class='ocrx_word' id='word_1_182' title='bbox 2267 1232 2352 1277; x_wconf 88' lang='lat' dir='ltr'><strong>est</strong></span> <span class='ocrx_word' id='word_1_183' title='bbox 2385 1222 2622 1289; x_wconf 80' lang='lat' dir='ltr'><strong>facilius,</strong></span> <span class='ocrx_word' id='word_1_184' title='bbox 2655 1243 2820 1297; x_wconf 89' lang='lat' dir='ltr'><strong>quam</strong></span> <span class='ocrx_word' id='word_1_185' title='bbox 2854 1230 3026 1297; x_wconf 90' lang='lat' dir='ltr'><strong>loqui.</strong></span> 
     </span>
    </p>
   </div>
   <div class='ocr_carea' id='block_1_28' title="bbox 2058 1311 3559 1389">
    <p class='ocr_par' dir='ltr' id='par_1_28' title="bbox 2058 1311 3559 1389">
     <span class='ocr_line' id='line_1_28' title="bbox 2058 1311 3559 1389; baseline 0.009 -24"><span class='ocrx_word' id='word_1_186' title='bbox 2058 1311 2223 1367; x_wconf 88' lang='lat' dir='ltr'><strong>Forte</strong></span> <span class='ocrx_word' id='word_1_187' title='bbox 2255 1314 2529 1384; x_wconf 86' lang='lat' dir='ltr'><strong>quispiam</strong></span> <span class='ocrx_word' id='word_1_188' title='bbox 2565 1318 2741 1387; x_wconf 73' lang='lat' dir='ltr'><strong>magis</strong></span> <span class='ocrx_word' id='word_1_189' title='bbox 2770 1319 2838 1372; x_wconf 87' lang='lat' dir='ltr'><strong>ab</strong></span> <span class='ocrx_word' id='word_1_190' title='bbox 2870 1319 2989 1389; x_wconf 87' lang='lat' dir='ltr'><strong>ipso</strong></span> <span class='ocrx_word' id='word_1_191' title='bbox 3037 1319 3303 1377; x_wconf 85' lang='lat' dir='ltr'><strong>Eunomio</strong></span> <span class='ocrx_word' id='word_1_192' title='bbox 3343 1323 3559 1379; x_wconf 84' lang='lat' dir='ltr'><strong>desum-</strong></span> 
     </span>
    </p>
   </div>
   <div class='ocr_carea' id='block_1_29' title="bbox 1987 1405 3557 1483">
    <p class='ocr_par' dir='ltr' id='par_1_29' title="bbox 1987 1405 3557 1483">
     <span class='ocr_line' id='line_1_29' title="bbox 1987 1405 3557 1483; baseline 0.01 -27"><span class='ocrx_word' id='word_1_193' title='bbox 1987 1405 2095 1472; x_wconf 87' lang='lat' dir='ltr'><strong>ptis</strong></span> <span class='ocrx_word' id='word_1_194' title='bbox 2117 1406 2382 1474; x_wconf 77' lang='lat' dir='ltr'><strong>exemplis</strong></span> <span class='ocrx_word' id='word_1_195' title='bbox 2414 1406 2483 1461; x_wconf 87' lang='lat' dir='ltr'><strong>ad</strong></span> <span class='ocrx_word' id='word_1_196' title='bbox 2514 1408 2799 1464; x_wconf 86' lang='lat' dir='ltr'><strong>veritatem</strong></span> <span class='ocrx_word' id='word_1_197' title='bbox 2843 1411 3277 1479; x_wconf 88' lang='lat' dir='ltr'><strong>amplectendam</strong></span> <span class='ocrx_word' id='word_1_198' title='bbox 3335 1430 3557 1483; x_wconf 73' lang='lat' dir='ltr'><strong>promo~</strong></span> 
     </span>
    </p>
   </div>
   <div class='ocr_carea' id='block_1_30' title="bbox 1987 1496 3553 1577">
    <p class='ocr_par' dir='ltr' id='par_1_30' title="bbox 1987 1496 3553 1577">
     <span class='ocr_line' id='line_1_30' title="bbox 1987 1496 3553 1577; baseline 0.007 -28"><span class='ocrx_word' id='word_1_199' title='bbox 1987 1496 2219 1551; x_wconf 87' lang='lat' dir='ltr'><strong>vehitur.</strong></span> <span class='ocrx_word' id='word_1_200' title='bbox 2251 1497 2437 1569; x_wconf 82' lang='lat' dir='ltr'><strong>Itaque</strong></span> <span class='ocrx_word' id='word_1_201' title='bbox 2471 1500 2676 1556; x_wconf 86' lang='lat' dir='ltr'><strong>relictis</strong></span> <span class='ocrx_word' id='word_1_202' title='bbox 2712 1502 2945 1557; x_wconf 85' lang='lat' dir='ltr'><strong>tumidis</strong></span> <span class='ocrx_word' id='word_1_203' title='bbox 2995 1510 3049 1558; x_wconf 88' lang='lat' dir='ltr'><strong>et</strong></span> <span class='ocrx_word' id='word_1_204' title='bbox 3084 1507 3349 1561; x_wconf 79' lang='lat' dir='ltr'><strong>tortuosis</strong></span> <span class='ocrx_word' id='word_1_205' title='bbox 3381 1506 3553 1577; x_wconf 82' lang='lat' dir='ltr'><strong>syllo-</strong></span> 
     </span>
    </p>
   </div>
   <div class='ocr_carea' id='block_1_31' title="bbox 1986 1588 3552 1664">
    <p class='ocr_par' dir='ltr' id='par_1_31' title="bbox 1986 1588 3552 1664">
     <span class='ocr_line' id='line_1_31' title="bbox 1986 1588 3552 1664; baseline 0.008 -25"><span class='ocrx_word' id='word_1_206' title='bbox 1986 1588 2280 1656; x_wconf 78' lang='lat' dir='ltr'><strong>gismorum</strong></span> <span class='ocrx_word' id='word_1_207' title='bbox 2312 1592 2562 1656; x_wconf 82' lang='lat' dir='ltr'><strong>nexibus,</strong></span> <span class='ocrx_word' id='word_1_208' title='bbox 2594 1593 2867 1664; x_wconf 76' lang='lat' dir='ltr'><strong>pinguiori</strong></span> <span class='ocrx_word' id='word_1_209' title='bbox 2892 1594 3156 1661; x_wconf 82' lang='lat' dir='ltr'><strong>Minerva,</strong></span> <span class='ocrx_word' id='word_1_210' title='bbox 3186 1612 3253 1651; x_wconf 78' lang='lat' dir='ltr'><strong>ex</strong></span> <span class='ocrx_word' id='word_1_211' title='bbox 3273 1600 3552 1653; x_wconf 90' lang='lat' dir='ltr'><strong>communi</strong></span> 
     </span>
    </p>
   </div>
   <div class='ocr_carea' id='block_1_32' title="bbox 1988 1679 3553 1753">
    <p class='ocr_par' dir='ltr' id='par_1_32' title="bbox 1988 1679 3553 1753">
     <span class='ocr_line' id='line_1_32' title="bbox 1988 1679 3553 1753; baseline 0.005 -21"><span class='ocrx_word' id='word_1_212' title='bbox 1988 1693 2175 1741; x_wconf 88' lang='lat' dir='ltr'><strong>sensu,</strong></span> <span class='ocrx_word' id='word_1_213' title='bbox 2204 1679 2271 1735; x_wconf 89' lang='lat' dir='ltr'><strong>de</strong></span> <span class='ocrx_word' id='word_1_214' title='bbox 2308 1683 2592 1751; x_wconf 88' lang='lat' dir='ltr'><strong>proposito</strong></span> <span class='ocrx_word' id='word_1_215' title='bbox 2624 1692 2947 1753; x_wconf 76' lang='lat' dir='ltr'><strong>argumento</strong></span> <span class='ocrx_word' id='word_1_216' title='bbox 2981 1686 3343 1742; x_wconf 84' lang='lat' dir='ltr'><strong>disseramus.</strong></span> <span class='ocrx_word' id='word_1_217' title='bbox 3391 1686 3553 1743; x_wconf 87' lang='lat' dir='ltr'><strong>Pater</strong></span> 
     </span>
    </p>
   </div>
   <div class='ocr_carea' id='block_1_33' title="bbox 318 1763 1877 1849">
    <p class='ocr_par' dir='ltr' id='par_1_33' title="bbox 318 1763 1877 1839">
     <span class='ocr_line' id='line_1_33' title="bbox 318 1763 1877 1839; baseline 0.005 -24"><span class='ocrx_word' id='word_1_218' title='bbox 318 1766 486 1834; x_wconf 77' lang='grc' dir='ltr'>νόμιε,</span> <span class='ocrx_word' id='word_1_219' title='bbox 525 1765 738 1829; x_wconf 85' lang='grc' dir='ltr'>πάντως</span> <span class='ocrx_word' id='word_1_220' title='bbox 766 1766 1049 1839; x_wconf 84' lang='grc' dir='ltr'>ἄνθρωπος</span> <span class='ocrx_word' id='word_1_221' title='bbox 1070 1764 1136 1839; x_wconf 78' lang='grc' dir='ltr'>ἦν</span> <span class='ocrx_word' id='word_1_222' title='bbox 1157 1786 1171 1799; x_wconf 87' lang='grc'><strong>·</strong></span> <span class='ocrx_word' id='word_1_223' title='bbox 1204 1769 1318 1824; x_wconf 83' lang='grc' dir='ltr'>ἀλλ’</span> <span class='ocrx_word' id='word_1_224' title='bbox 1358 1772 1385 1822; x_wconf 99' lang='lat'><strong>6</strong></span> <span class='ocrx_word' id='word_1_225' title='bbox 1417 1769 1579 1832; x_wconf 75' lang='grc' dir='ltr'>αὐτὸς</span> <span class='ocrx_word' id='word_1_226' title='bbox 1607 1763 1759 1833; x_wconf 73' lang='grc' dir='ltr'>οὗτος</span> <span class='ocrx_word' id='word_1_227' title='bbox 1792 1770 1877 1823; x_wconf 68' lang='grc' dir='ltr'>καὶ</span> 
     </span>
    </p>
   </div>
   <div class='ocr_carea' id='block_1_34' title="bbox 1979 1763 3552 1849">
    <p class='ocr_par' dir='ltr' id='par_1_34' title="bbox 1986 1769 3552 1849">
     <span class='ocr_line' id='line_1_34' title="bbox 1986 1769 3552 1849; baseline 0.006 -26"><span class='ocrx_word' id='word_1_228' title='bbox 1986 1778 2135 1837; x_wconf 91' lang='lat' dir='ltr'><strong>tuus,</strong></span> <span class='ocrx_word' id='word_1_229' title='bbox 2169 1769 2422 1836; x_wconf 83' lang='lat' dir='ltr'><strong>Eunomi,</strong></span> <span class='ocrx_word' id='word_1_230' title='bbox 2450 1774 2676 1829; x_wconf 90' lang='lat' dir='ltr'><strong>omnino</strong></span> <span class='ocrx_word' id='word_1_231' title='bbox 2704 1774 2869 1831; x_wconf 89' lang='lat' dir='ltr'><strong>homo</strong></span> <span class='ocrx_word' id='word_1_232' title='bbox 2894 1784 3014 1831; x_wconf 85' lang='lat' dir='ltr'><strong>erat</strong></span> <span class='ocrx_word' id='word_1_233' title='bbox 3039 1794 3053 1844; x_wconf 91' lang='lat'><strong>;</strong></span> <span class='ocrx_word' id='word_1_234' title='bbox 3085 1785 3139 1831; x_wconf 91' lang='lat' dir='ltr'><strong>at</strong></span> <span class='ocrx_word' id='word_1_235' title='bbox 3168 1779 3259 1833; x_wconf 91' lang='lat' dir='ltr'><strong>ille</strong></span> <span class='ocrx_word' id='word_1_236' title='bbox 3299 1779 3421 1849; x_wconf 90' lang='lat' dir='ltr'><strong>ipse</strong></span> <span class='ocrx_word' id='word_1_237' title='bbox 3449 1780 3552 1834; x_wconf 88' lang='lat' dir='ltr'><strong>tibi</strong></span> 
     </span>
    </p>
   </div>
   <div class='ocr_carea' id='block_1_35' title="bbox 317 1852 1877 1931">
    <p class='ocr_par' dir='ltr' id='par_1_35' title="bbox 317 1852 1877 1931">
     <span class='ocr_line' id='line_1_35' title="bbox 317 1852 1877 1931; baseline 0.005 -25"><span class='ocrx_word' id='word_1_238' title='bbox 317 1858 395 1906; x_wconf 80' lang='grc' dir='ltr'>σοὶ</span> <span class='ocrx_word' id='word_1_239' title='bbox 431 1854 524 1907; x_wconf 82' lang='grc' dir='ltr'>τοῦ</span> <span class='ocrx_word' id='word_1_240' title='bbox 576 1852 715 1909; x_wconf 75' lang='grc' dir='ltr'>εἶναι</span> <span class='ocrx_word' id='word_1_241' title='bbox 761 1858 984 1925; x_wconf 88' lang='grc' dir='ltr'>γέγονεν</span> <span class='ocrx_word' id='word_1_242' title='bbox 1021 1859 1212 1923; x_wconf 79' lang='grc' dir='ltr'>αἴτιος.</span> <span class='ocrx_word' id='word_1_243' title='bbox 1264 1855 1389 1930; x_wconf 71' lang='lat' dir='ltr'><strong>&#39;Ap’</strong></span> <span class='ocrx_word' id='word_1_244' title='bbox 1423 1855 1515 1912; x_wconf 78' lang='grc' dir='ltr'><strong>οὖν</strong></span> <span class='ocrx_word' id='word_1_245' title='bbox 1559 1860 1775 1931; x_wconf 76' lang='grc' dir='ltr'>ἐχρήσω</span> <span class='ocrx_word' id='word_1_246' title='bbox 1806 1859 1877 1929; x_wconf 76' lang='grc' dir='ltr'>τῷ</span> 
     </span>
    </p>
   </div>
   <div class='ocr_carea' id='block_1_36' title="bbox 1979 1852 3554 1931">
    <p class='ocr_par' dir='ltr' id='par_1_36' title="bbox 1986 1865 3554 1930">
     <span class='ocr_line' id='line_1_36' title="bbox 1986 1865 3554 1930; baseline 0.008 -16"><span class='ocrx_word' id='word_1_247' title='bbox 1986 1870 2046 1915; x_wconf 91' lang='lat' dir='ltr'><strong>ut</strong></span> <span class='ocrx_word' id='word_1_248' title='bbox 2076 1878 2249 1930; x_wconf 86' lang='lat' dir='ltr'><strong>esses,</strong></span> <span class='ocrx_word' id='word_1_249' title='bbox 2276 1879 2443 1920; x_wconf 88' lang='lat' dir='ltr'><strong>causa</strong></span> <span class='ocrx_word' id='word_1_250' title='bbox 2469 1867 2702 1922; x_wconf 80' lang='lat' dir='ltr'><strong>exstitit.</strong></span> <span class='ocrx_word' id='word_1_251' title='bbox 2728 1865 2869 1922; x_wconf 86' lang='lat' dir='ltr'><strong>Num</strong></span> <span class='ocrx_word' id='word_1_252' title='bbox 2911 1876 2967 1924; x_wconf 87' lang='lat' dir='ltr'><strong>et</strong></span> <span class='ocrx_word' id='word_1_253' title='bbox 2997 1868 3065 1925; x_wconf 93' lang='lat' dir='ltr'><strong>de</strong></span> <span class='ocrx_word' id='word_1_254' title='bbox 3108 1870 3203 1926; x_wconf 92' lang='lat' dir='ltr'><strong>illo</strong></span> <span class='ocrx_word' id='word_1_255' title='bbox 3239 1880 3460 1927; x_wconf 88' lang='lat' dir='ltr'><strong>acutum</strong></span> <span class='ocrx_word' id='word_1_256' title='bbox 3490 1873 3554 1926; x_wconf 85' lang='lat' dir='ltr'><strong>il—</strong></span> 
     </span>
    </p>
   </div>
   <div class='ocr_carea' id='block_1_37' title="bbox 318 1946 1884 2019">
    <p class='ocr_par' dir='ltr' id='par_1_37' title="bbox 318 1946 1884 2019">
     <span class='ocr_line' id='line_1_37' title="bbox 318 1946 1884 2019; baseline 0.003 -22"><span class='ocrx_word' id='word_1_257' title='bbox 318 1946 461 2015; x_wconf 65' lang='grc' dir='ltr'>σοφῷ</span> <span class='ocrx_word' id='word_1_258' title='bbox 492 1946 697 2016; x_wconf 82' lang='grc' dir='ltr'>τούτῳ,</span> <span class='ocrx_word' id='word_1_259' title='bbox 744 1950 839 2002; x_wconf 78' lang='grc' dir='ltr'>καὶ</span> <span class='ocrx_word' id='word_1_260' title='bbox 878 1949 964 2001; x_wconf 75' lang='grc' dir='ltr'><strong>ἐπ’</strong></span> <span class='ocrx_word' id='word_1_261' title='bbox 998 1948 1225 2017; x_wconf 79' lang='grc' dir='ltr'>ἐκείνου,</span> <span class='ocrx_word' id='word_1_262' title='bbox 1257 1948 1395 2003; x_wconf 85' lang='grc' dir='ltr'>ὥστε</span> <span class='ocrx_word' id='word_1_263' title='bbox 1428 1949 1520 2002; x_wconf 83' lang='grc' dir='ltr'><strong>τὸν</strong></span> <span class='ocrx_word' id='word_1_264' title='bbox 1549 1949 1760 2019; x_wconf 82' lang='grc' dir='ltr'>πατέρα</span> <span class='ocrx_word' id='word_1_265' title='bbox 1790 1949 1884 2002; x_wconf 83' lang='grc' dir='ltr'><strong>τὸν</strong></span> 
     </span>
    </p>
   </div>
   <div class='ocr_carea' id='block_1_38' title="bbox 317 2039 1883 2115">
    <p class='ocr_par' dir='ltr' id='par_1_38' title="bbox 317 2039 1883 2115">
     <span class='ocr_line' id='line_1_38' title="bbox 317 2039 1883 2115; baseline 0.005 -26"><span class='ocrx_word' id='word_1_266' title='bbox 317 2039 433 2103; x_wconf 75' lang='grc' dir='ltr'>σὺν,</span> <span class='ocrx_word' id='word_1_267' title='bbox 466 2041 512 2093; x_wconf 88' lang='grc' dir='ltr'><strong>εί</strong></span> <span class='ocrx_word' id='word_1_268' title='bbox 550 2041 639 2095; x_wconf 85' lang='grc' dir='ltr'><strong>τὸν</strong></span> <span class='ocrx_word' id='word_1_269' title='bbox 671 2042 767 2113; x_wconf 84' lang='grc' dir='ltr'><strong>τῆς</strong></span> <span class='ocrx_word' id='word_1_270' title='bbox 806 2042 1021 2113; x_wconf 78' lang='grc' dir='ltr'>φύσεως</span> <span class='ocrx_word' id='word_1_271' title='bbox 1051 2045 1276 2115; x_wconf 74' lang='grc' dir='ltr'>ὁρισμὸν</span> <span class='ocrx_word' id='word_1_272' title='bbox 1306 2045 1542 2113; x_wconf 77' lang='grc' dir='ltr'>δέχοιτο,</span> <span class='ocrx_word' id='word_1_273' title='bbox 1580 2043 1668 2098; x_wconf 80' lang='grc' dir='ltr'>διὰ</span> <span class='ocrx_word' id='word_1_274' title='bbox 1693 2043 1754 2097; x_wconf 78' lang='grc' dir='ltr'>τὸ</span> <span class='ocrx_word' id='word_1_275' title='bbox 1788 2044 1883 2097; x_wconf 82' lang='grc' dir='ltr'><strong>ἄν-</strong></span> 
     </span>
    </p>
   </div>
   <div class='ocr_carea' id='block_1_39' title="bbox 314 2129 1882 2207">
    <p class='ocr_par' dir='ltr' id='par_1_39' title="bbox 314 2129 1882 2207">
     <span class='ocr_line' id='line_1_39' title="bbox 314 2129 1882 2207; baseline 0.005 -26"><span class='ocrx_word' id='word_1_276' title='bbox 314 2131 526 2201; x_wconf 86' lang='grc' dir='ltr'>θρωπος</span> <span class='ocrx_word' id='word_1_277' title='bbox 552 2129 719 2200; x_wconf 76' lang='grc' dir='ltr'>εἶναι,</span> <span class='ocrx_word' id='word_1_278' title='bbox 760 2136 956 2206; x_wconf 82' lang='grc' dir='ltr'>μηκέτι</span> <span class='ocrx_word' id='word_1_279' title='bbox 1004 2136 1260 2191; x_wconf 77' lang='grc' dir='ltr'>δύνασθαι</span> <span class='ocrx_word' id='word_1_280' title='bbox 1294 2137 1393 2207; x_wconf 85' lang='grc' dir='ltr'>τὴν</span> <span class='ocrx_word' id='word_1_281' title='bbox 1439 2137 1573 2207; x_wconf 86' lang='grc' dir='ltr'>πρὸς</span> <span class='ocrx_word' id='word_1_282' title='bbox 1607 2136 1667 2187; x_wconf 84' lang='grc' dir='ltr'>σὲ</span> <span class='ocrx_word' id='word_1_283' title='bbox 1699 2135 1882 2206; x_wconf 83' lang='grc' dir='ltr'>σχέσιν</span> 
     </span>
    </p>
   </div>
   <div class='ocr_carea' id='block_1_40' title="bbox 311 2225 1879 2300">
    <p class='ocr_par' dir='ltr' id='par_1_40' title="bbox 311 2225 1879 2300">
     <span class='ocr_line' id='line_1_40' title="bbox 311 2225 1879 2300; baseline 0.002 -24"><span class='ocrx_word' id='word_1_284' title='bbox 311 2225 706 2295; x_wconf 78' lang='grc' dir='ltr'>ἀποσημαίνειν</span> <span class='ocrx_word' id='word_1_285' title='bbox 727 2244 740 2291; x_wconf 90' lang='grc'>;</span> <span class='ocrx_word' id='word_1_286' title='bbox 762 2230 972 2299; x_wconf 83' lang='grc' dir='ltr'>Χρῆναι</span> <span class='ocrx_word' id='word_1_287' title='bbox 995 2228 1102 2299; x_wconf 85' lang='grc' dir='ltr'>γὰρ</span> <span class='ocrx_word' id='word_1_288' title='bbox 1123 2230 1340 2292; x_wconf 88' lang='grc' dir='ltr'>πάντως</span> <span class='ocrx_word' id='word_1_289' title='bbox 1355 2229 1465 2282; x_wconf 89' lang='grc' dir='ltr'><strong>τῶν</strong></span> <span class='ocrx_word' id='word_1_290' title='bbox 1483 2229 1577 2283; x_wconf 83' lang='grc' dir='ltr'>δύο</span> <span class='ocrx_word' id='word_1_291' title='bbox 1596 2230 1656 2282; x_wconf 83' lang='grc' dir='ltr'>τὸ</span> <span class='ocrx_word' id='word_1_292' title='bbox 1672 2229 1879 2300; x_wconf 70' lang='grc' dir='ltr'>ἕτερον,</span> 
     </span>
    </p>
   </div>
   <div class='ocr_carea' id='block_1_41' title="bbox 310 2314 1880 2392">
    <p class='ocr_par' dir='ltr' id='par_1_41' title="bbox 310 2314 1880 2392">
     <span class='ocr_line' id='line_1_41' title="bbox 310 2314 1880 2392; baseline 0.003 -25"><span class='ocrx_word' id='word_1_293' title='bbox 310 2314 342 2385; x_wconf 75' lang='grc' dir='ltr'><strong>ἢ</strong></span> <span class='ocrx_word' id='word_1_294' title='bbox 372 2314 655 2387; x_wconf 80' lang='grc' dir='ltr'>ἄνθρωπον</span> <span class='ocrx_word' id='word_1_295' title='bbox 680 2314 836 2384; x_wconf 76' lang='grc' dir='ltr'>εἶναι,</span> <span class='ocrx_word' id='word_1_296' title='bbox 877 2319 910 2391; x_wconf 79' lang='grc' dir='ltr'>ἢ</span> <span class='ocrx_word' id='word_1_297' title='bbox 946 2320 1207 2391; x_wconf 79' lang='grc' dir='ltr'>Εὑνομίου</span> <span class='ocrx_word' id='word_1_298' title='bbox 1234 2321 1465 2392; x_wconf 85' lang='grc' dir='ltr'>πατέρα.</span> <span class='ocrx_word' id='word_1_299' title='bbox 1499 2316 1630 2373; x_wconf 87' lang='grc' dir='ltr'>Εἶτα</span> <span class='ocrx_word' id='word_1_300' title='bbox 1669 2320 1751 2372; x_wconf 75' lang='grc' dir='ltr'>σοὶ</span> <span class='ocrx_word' id='word_1_301' title='bbox 1783 2319 1880 2389; x_wconf 79' lang='grc' dir='ltr'>μὲν</span> 
     </span>
    </p>
   </div>
   <div class='ocr_carea' id='block_1_42' title="bbox 310 2408 1881 2483">
    <p class='ocr_par' dir='ltr' id='par_1_42' title="bbox 310 2408 1881 2483">
     <span class='ocr_line' id='line_1_42' title="bbox 310 2408 1881 2483; baseline 0.002 -23"><span class='ocrx_word' id='word_1_302' title='bbox 310 2408 407 2461; x_wconf 74' lang='grc' dir='ltr'><strong>οὐκ</strong></span> <span class='ocrx_word' id='word_1_303' title='bbox 433 2409 607 2473; x_wconf 77' lang='grc' dir='ltr'>ἔξεστι</span> <span class='ocrx_word' id='word_1_304' title='bbox 644 2410 718 2483; x_wconf 80' lang='grc' dir='ltr'>μὴ</span> <span class='ocrx_word' id='word_1_305' title='bbox 755 2412 894 2465; x_wconf 84' lang='grc' dir='ltr'>κατὰ.</span> <span class='ocrx_word' id='word_1_306' title='bbox 937 2412 997 2465; x_wconf 80' lang='grc' dir='ltr'><strong>τὸ</strong></span> <span class='ocrx_word' id='word_1_307' title='bbox 1042 2415 1238 2466; x_wconf 87' lang='grc' dir='ltr'>οίκεῖον</span> <span class='ocrx_word' id='word_1_308' title='bbox 1269 2412 1365 2483; x_wconf 79' lang='grc' dir='ltr'><strong>τῆς</strong></span> <span class='ocrx_word' id='word_1_309' title='bbox 1406 2410 1679 2482; x_wconf 83' lang='grc' dir='ltr'>σημασίας</span> <span class='ocrx_word' id='word_1_310' title='bbox 1714 2427 1881 2481; x_wconf 79' lang='grc' dir='ltr'>προσ-</span> 
     </span>
    </p>
   </div>
   <div class='ocr_carea' id='block_1_43' title="bbox 312 2499 1879 2572">
    <p class='ocr_par' dir='ltr' id='par_1_43' title="bbox 312 2499 1879 2572">
     <span class='ocr_line' id='line_1_43' title="bbox 312 2499 1879 2572; baseline 0 -21"><span class='ocrx_word' id='word_1_311' title='bbox 312 2499 567 2570; x_wconf 80' lang='grc' dir='ltr'>φέρεσθαι</span> <span class='ocrx_word' id='word_1_312' title='bbox 600 2500 666 2553; x_wconf 86' lang='grc' dir='ltr'>τὰ</span> <span class='ocrx_word' id='word_1_313' title='bbox 689 2500 796 2555; x_wconf 86' lang='grc' dir='ltr'><strong>τῶν</strong></span> <span class='ocrx_word' id='word_1_314' title='bbox 821 2501 1034 2555; x_wconf 76' lang='grc' dir='ltr'>οἰκείων</span> <span class='ocrx_word' id='word_1_315' title='bbox 1060 2502 1318 2572; x_wconf 85' lang='grc' dir='ltr'>ὀνόματα.</span> <span class='ocrx_word' id='word_1_316' title='bbox 1356 2501 1515 2554; x_wconf 80' lang='grc' dir='ltr'>Ἀλλά</span> <span class='ocrx_word' id='word_1_317' title='bbox 1542 2500 1646 2554; x_wconf 76' lang='grc' dir='ltr'>κᾶν</span> <span class='ocrx_word' id='word_1_318' title='bbox 1670 2499 1879 2570; x_wconf 75' lang='grc' dir='ltr'>ὕϐρεως</span> 
     </span>
    </p>
   </div>
   <div class='ocr_carea' id='block_1_44' title="bbox 308 2590 1879 2663">
    <p class='ocr_par' dir='ltr' id='par_1_44' title="bbox 308 2590 1879 2663">
     <span class='ocr_line' id='line_1_44' title="bbox 308 2590 1879 2663; baseline 0 -20"><span class='ocrx_word' id='word_1_319' title='bbox 308 2590 543 2660; x_wconf 71' lang='grc' dir='ltr'>γράψαιὸ</span> <span class='ocrx_word' id='word_1_320' title='bbox 592 2609 711 2645; x_wconf 89' lang='grc' dir='ltr'>τινα</span> <span class='ocrx_word' id='word_1_321' title='bbox 748 2593 836 2645; x_wconf 77' lang='grc' dir='ltr'><strong>τὸν</strong></span> <span class='ocrx_word' id='word_1_322' title='bbox 878 2593 1241 2663; x_wconf 87' lang='grc' dir='ltr'>χλευαστικῶς</span> <span class='ocrx_word' id='word_1_323' title='bbox 1275 2595 1353 2657; x_wconf 73' lang='grc' dir='ltr'>εἰς</span> <span class='ocrx_word' id='word_1_324' title='bbox 1399 2593 1489 2657; x_wconf 87' lang='grc' dir='ltr'><strong>σὲ,</strong></span> <span class='ocrx_word' id='word_1_325' title='bbox 1520 2593 1607 2645; x_wconf 85' lang='grc' dir='ltr'>διὰ</span> <span class='ocrx_word' id='word_1_326' title='bbox 1639 2591 1738 2661; x_wconf 82' lang='grc' dir='ltr'><strong>τῆς</strong></span> <span class='ocrx_word' id='word_1_327' title='bbox 1769 2590 1879 2644; x_wconf 91' lang='grc' dir='ltr'><strong>τῶν</strong></span> 
     </span>
    </p>
   </div>
   <div class='ocr_carea' id='block_1_45' title="bbox 308 2683 1879 2754">
    <p class='ocr_par' dir='ltr' id='par_1_45' title="bbox 308 2683 1879 2754">
     <span class='ocr_line' id='line_1_45' title="bbox 308 2683 1879 2754; baseline 0 -20"><span class='ocrx_word' id='word_1_328' title='bbox 308 2683 583 2753; x_wconf 76' lang='grc' dir='ltr'>ὀνομάτων</span> <span class='ocrx_word' id='word_1_329' title='bbox 616 2684 951 2754; x_wconf 77' lang='grc' dir='ltr'>ὑπαλλαγῆς,</span> <span class='ocrx_word' id='word_1_330' title='bbox 987 2685 1355 2749; x_wconf 79' lang='grc' dir='ltr'>διαπαίζοντα,</span> <span class='ocrx_word' id='word_1_331' title='bbox 1384 2685 1443 2737; x_wconf 86' lang='grc' dir='ltr'>οὑ</span> <span class='ocrx_word' id='word_1_332' title='bbox 1490 2685 1750 2754; x_wconf 73' lang='grc' dir='ltr'>φρίττειςο</span> <span class='ocrx_word' id='word_1_333' title='bbox 1783 2684 1879 2737; x_wconf 80' lang='grc' dir='ltr'>καὶ</span> 
     </span>
    </p>
   </div>
   <div class='ocr_carea' id='block_1_46' title="bbox 308 2775 1879 2847">
    <p class='ocr_par' dir='ltr' id='par_1_46' title="bbox 308 2775 1879 2847">
     <span class='ocr_line' id='line_1_46' title="bbox 308 2775 1879 2847; baseline 0.001 -20"><span class='ocrx_word' id='word_1_334' title='bbox 308 2775 567 2843; x_wconf 81' lang='grc' dir='ltr'>διαγελῶν</span> <span class='ocrx_word' id='word_1_335' title='bbox 599 2776 667 2828; x_wconf 70' lang='grc' dir='ltr'>τὰ</span> <span class='ocrx_word' id='word_1_336' title='bbox 696 2776 935 2847; x_wconf 71' lang='grc' dir='ltr'>δόγματα</span> <span class='ocrx_word' id='word_1_337' title='bbox 966 2776 1075 2829; x_wconf 86' lang='grc' dir='ltr'><strong>τῶν</strong></span> <span class='ocrx_word' id='word_1_338' title='bbox 1101 2777 1432 2847; x_wconf 78' lang='grc' dir='ltr'>μυστηρίων,</span> <span class='ocrx_word' id='word_1_339' title='bbox 1463 2775 1758 2837; x_wconf 77' lang='grc' dir='ltr'>ἀκινδύνως</span> <span class='ocrx_word' id='word_1_340' title='bbox 1786 2793 1879 2843; x_wconf 87' lang='grc' dir='ltr'>γε·</span> 
     </span>
    </p>
   </div>
   <div class='ocr_carea' id='block_1_47' title="bbox 305 2860 1876 2935">
    <p class='ocr_par' dir='ltr' id='par_1_47' title="bbox 305 2860 1876 2935">
     <span class='ocr_line' id='line_1_47' title="bbox 305 2860 1876 2935; baseline 0.003 -22"><span class='ocrx_word' id='word_1_341' title='bbox 305 2860 400 2930; x_wconf 83' lang='grc' dir='ltr'>λᾷς</span> <span class='ocrx_word' id='word_1_342' title='bbox 423 2878 438 2924; x_wconf 91' lang='grc'>;</span> <span class='ocrx_word' id='word_1_343' title='bbox 487 2861 573 2924; x_wconf 86' lang='grc' dir='ltr'>Ὠς</span> <span class='ocrx_word' id='word_1_344' title='bbox 596 2863 701 2932; x_wconf 79' lang='grc' dir='ltr'><strong>γὰρ</strong></span> <span class='ocrx_word' id='word_1_345' title='bbox 724 2865 750 2915; x_wconf 93' lang='lat'><strong>6</strong></span> <span class='ocrx_word' id='word_1_346' title='bbox 775 2862 862 2926; x_wconf 70' lang='grc' dir='ltr'>σὸς</span> <span class='ocrx_word' id='word_1_347' title='bbox 885 2864 1094 2934; x_wconf 79' lang='grc' dir='ltr'>πατὴρ,</span> <span class='ocrx_word' id='word_1_348' title='bbox 1120 2864 1213 2916; x_wconf 74' lang='grc' dir='ltr'>καὶ</span> <span class='ocrx_word' id='word_1_349' title='bbox 1248 2865 1346 2935; x_wconf 80' lang='grc' dir='ltr'>τὴν</span> <span class='ocrx_word' id='word_1_350' title='bbox 1364 2864 1496 2935; x_wconf 81' lang='grc' dir='ltr'>πρὸς</span> <span class='ocrx_word' id='word_1_351' title='bbox 1522 2864 1580 2916; x_wconf 77' lang='grc' dir='ltr'><strong>σὲ</strong></span> <span class='ocrx_word' id='word_1_352' title='bbox 1608 2864 1876 2919; x_wconf 88' lang='grc' dir='ltr'>δείκνυσιν</span> 
     </span>
    </p>
   </div>
   <div class='ocr_carea' id='block_1_48' title="bbox 306 2950 1877 3022">
    <p class='ocr_par' dir='ltr' id='par_1_48' title="bbox 306 2950 1877 3022">
     <span class='ocr_line' id='line_1_48' title="bbox 306 2950 1877 3022; baseline 0.006 -21"><span class='ocrx_word' id='word_1_353' title='bbox 306 2950 630 3020; x_wconf 80' lang='grc' dir='ltr'>οἰκειότητα,</span> <span class='ocrx_word' id='word_1_354' title='bbox 661 2952 753 3004; x_wconf 69' lang='grc' dir='ltr'><strong>καὶ</strong></span> <span class='ocrx_word' id='word_1_355' title='bbox 790 2952 850 3004; x_wconf 79' lang='grc' dir='ltr'><strong>τὸ</strong></span> <span class='ocrx_word' id='word_1_356' title='bbox 886 2952 1166 3022; x_wconf 83' lang='grc' dir='ltr'>ἄνθρωπος</span> <span class='ocrx_word' id='word_1_357' title='bbox 1205 2950 1343 3007; x_wconf 77' lang='grc' dir='ltr'>εἶναι</span> <span class='ocrx_word' id='word_1_358' title='bbox 1376 2954 1526 3007; x_wconf 77' lang='grc' dir='ltr'>οὐδὲν</span> <span class='ocrx_word' id='word_1_359' title='bbox 1569 2954 1656 3008; x_wconf 77' lang='grc' dir='ltr'>διὰ</span> <span class='ocrx_word' id='word_1_360' title='bbox 1686 2954 1877 3010; x_wconf 77' lang='grc' dir='ltr'>τούτου</span> 
     </span>
    </p>
   </div>
   <div class='ocr_carea' id='block_1_49' title="bbox 308 3037 1875 3112">
    <p class='ocr_par' dir='ltr' id='par_1_49' title="bbox 308 3037 1875 3112">
     <span class='ocr_line' id='line_1_49' title="bbox 308 3037 1875 3112; baseline 0.005 -23"><span class='ocrx_word' id='word_1_361' title='bbox 308 3037 609 3090; x_wconf 79' lang='grc' dir='ltr'>κωλύεται·</span> <span class='ocrx_word' id='word_1_362' title='bbox 659 3039 748 3091; x_wconf 73' lang='grc' dir='ltr'>καὶ</span> <span class='ocrx_word' id='word_1_363' title='bbox 798 3040 896 3092; x_wconf 78' lang='grc' dir='ltr'><strong>οὐκ</strong></span> <span class='ocrx_word' id='word_1_364' title='bbox 942 3039 1006 3093; x_wconf 84' lang='grc' dir='ltr'>ἄν</span> <span class='ocrx_word' id='word_1_365' title='bbox 1045 3058 1127 3105; x_wconf 88' lang='grc' dir='ltr'><strong>τις</strong></span> <span class='ocrx_word' id='word_1_366' title='bbox 1162 3042 1606 3112; x_wconf 58' lang='grc' dir='ltr'>σωφρονούντων,</span> <span class='ocrx_word' id='word_1_367' title='bbox 1634 3043 1753 3097; x_wconf 76' lang='grc' dir='ltr'>ἀντὶ</span> <span class='ocrx_word' id='word_1_368' title='bbox 1780 3043 1875 3097; x_wconf 79' lang='grc' dir='ltr'>τοῦ</span> 
     </span>
    </p>
   </div>
   <div class='ocr_carea' id='block_1_50' title="bbox 310 3129 1874 3204">
    <p class='ocr_par' dir='ltr' id='par_1_50' title="bbox 310 3129 1874 3204">
     <span class='ocr_line' id='line_1_50' title="bbox 310 3129 1874 3204; baseline 0.005 -24"><span class='ocrx_word' id='word_1_369' title='bbox 310 3129 519 3201; x_wconf 83' lang='grc' dir='ltr'>πατέρα</span> <span class='ocrx_word' id='word_1_370' title='bbox 549 3146 640 3181; x_wconf 92' lang='grc' dir='ltr'><strong>σου</strong></span> <span class='ocrx_word' id='word_1_371' title='bbox 671 3133 985 3200; x_wconf 80' lang='grc' dir='ltr'>προσειπεῖν</span> <span class='ocrx_word' id='word_1_372' title='bbox 1014 3132 1105 3185; x_wconf 81' lang='grc' dir='ltr'><strong>τὸν</strong></span> <span class='ocrx_word' id='word_1_373' title='bbox 1131 3135 1486 3204; x_wconf 81' lang='grc' dir='ltr'>γεννήσαντα,</span> <span class='ocrx_word' id='word_1_374' title='bbox 1518 3136 1545 3186; x_wconf 94' lang='lat'><strong>6</strong></span> <span class='ocrx_word' id='word_1_375' title='bbox 1576 3134 1631 3186; x_wconf 82' lang='grc' dir='ltr'>δὲ</span> <span class='ocrx_word' id='word_1_376' title='bbox 1660 3134 1753 3188; x_wconf 79' lang='grc' dir='ltr'>τοῦ</span> <span class='ocrx_word' id='word_1_377' title='bbox 1780 3135 1874 3188; x_wconf 85' lang='grc' dir='ltr'><strong>ἀν-</strong></span> 
     </span>
    </p>
   </div>
   <div class='ocr_carea' id='block_1_51' title="bbox 308 3218 1874 3295">
    <p class='ocr_par' dir='ltr' id='par_1_51' title="bbox 308 3218 1874 3295">
     <span class='ocr_line' id='line_1_51' title="bbox 308 3218 1874 3295; baseline 0.004 -26"><span class='ocrx_word' id='word_1_378' title='bbox 308 3218 522 3289; x_wconf 84' lang='grc' dir='ltr'>θρώπου</span> <span class='ocrx_word' id='word_1_379' title='bbox 571 3220 662 3273; x_wconf 81' lang='grc' dir='ltr'><strong>τὸν</strong></span> <span class='ocrx_word' id='word_1_380' title='bbox 709 3221 933 3292; x_wconf 81' lang='grc' dir='ltr'>ὁρισμὸν</span> <span class='ocrx_word' id='word_1_381' title='bbox 984 3223 1203 3294; x_wconf 82' lang='grc' dir='ltr'>ἀποδοίη</span> <span class='ocrx_word' id='word_1_382' title='bbox 1232 3243 1245 3255; x_wconf 90' lang='grc'><strong>·</strong></span> <span class='ocrx_word' id='word_1_383' title='bbox 1311 3225 1344 3295; x_wconf 81' lang='grc' dir='ltr'>ἢ</span> <span class='ocrx_word' id='word_1_384' title='bbox 1398 3224 1558 3277; x_wconf 80' lang='grc' dir='ltr'>πάλιν</span> <span class='ocrx_word' id='word_1_385' title='bbox 1607 3225 1733 3295; x_wconf 76' lang='grc' dir='ltr'>περὶ</span> <span class='ocrx_word' id='word_1_386' title='bbox 1780 3223 1874 3278; x_wconf 78' lang='grc' dir='ltr'><strong>τοῦ</strong></span> 
     </span>
    </p>
   </div>
   <div class='ocr_carea' id='block_1_52' title="bbox 308 3308 1871 3389">
    <p class='ocr_par' dir='ltr' id='par_1_52' title="bbox 308 3308 1871 3389">
     <span class='ocr_line' id='line_1_52' title="bbox 308 3308 1871 3389; baseline 0.006 -28"><span class='ocrx_word' id='word_1_387' title='bbox 308 3308 494 3375; x_wconf 83' lang='grc' dir='ltr'>γένους</span> <span class='ocrx_word' id='word_1_388' title='bbox 543 3310 854 3383; x_wconf 68' lang='grc' dir='ltr'>ἐρωτηθεὶς,</span> <span class='ocrx_word' id='word_1_389' title='bbox 900 3313 992 3367; x_wconf 72' lang='grc' dir='ltr'><strong>καὶ</strong></span> <span class='ocrx_word' id='word_1_390' title='bbox 1021 3316 1353 3386; x_wconf 77' lang='grc' dir='ltr'>ὁμολογήσας</span> <span class='ocrx_word' id='word_1_391' title='bbox 1388 3318 1447 3370; x_wconf 81' lang='grc' dir='ltr'><strong>τὸ</strong></span> <span class='ocrx_word' id='word_1_392' title='bbox 1481 3314 1621 3371; x_wconf 80' lang='grc' dir='ltr'>εἶναι</span> <span class='ocrx_word' id='word_1_393' title='bbox 1664 3317 1871 3389; x_wconf 82' lang='grc' dir='ltr'>ἄνθρω-</span> 
     </span>
    </p>
   </div>
   <div class='ocr_carea' id='block_1_53' title="bbox 308 3401 1876 3478">
    <p class='ocr_par' dir='ltr' id='par_1_53' title="bbox 308 3401 1876 3478">
     <span class='ocr_line' id='line_1_53' title="bbox 308 3401 1876 3478; baseline 0.006 -26"><span class='ocrx_word' id='word_1_394' title='bbox 308 3418 423 3464; x_wconf 87' lang='grc' dir='ltr'>πον,</span> <span class='ocrx_word' id='word_1_395' title='bbox 458 3401 761 3455; x_wconf 77' lang='grc' dir='ltr'>κωλύεσθαι</span> <span class='ocrx_word' id='word_1_396' title='bbox 801 3403 965 3471; x_wconf 84' lang='grc' dir='ltr'>λέγοι,</span> <span class='ocrx_word' id='word_1_397' title='bbox 994 3404 1080 3458; x_wconf 78' lang='grc' dir='ltr'><strong>διὰ</strong></span> <span class='ocrx_word' id='word_1_398' title='bbox 1108 3406 1208 3475; x_wconf 83' lang='grc' dir='ltr'><strong>τῆς</strong></span> <span class='ocrx_word' id='word_1_399' title='bbox 1241 3408 1527 3477; x_wconf 81' lang='grc' dir='ltr'>ὁμολογίας</span> <span class='ocrx_word' id='word_1_400' title='bbox 1566 3408 1786 3478; x_wconf 78' lang='grc' dir='ltr'>ταύτης,</span> <span class='ocrx_word' id='word_1_401' title='bbox 1816 3410 1876 3461; x_wconf 80' lang='grc' dir='ltr'><strong>τὸ</strong></span> 
     </span>
    </p>
   </div>
   <div class='ocr_carea' id='block_1_54' title="bbox 308 3492 1875 3569">
    <p class='ocr_par' dir='ltr' id='par_1_54' title="bbox 308 3492 1875 3569">
     <span class='ocr_line' id='line_1_54' title="bbox 308 3492 1875 3569; baseline 0.005 -24"><span class='ocrx_word' id='word_1_402' title='bbox 308 3493 398 3546; x_wconf 68' lang='grc' dir='ltr'><strong>καὶ</strong></span> <span class='ocrx_word' id='word_1_403' title='bbox 430 3494 522 3547; x_wconf 79' lang='grc' dir='ltr'>σοῦ</span> <span class='ocrx_word' id='word_1_404' title='bbox 551 3495 709 3549; x_wconf 77' lang='grc' dir='ltr'>αὐτὸν</span> <span class='ocrx_word' id='word_1_405' title='bbox 731 3492 869 3551; x_wconf 80' lang='grc' dir='ltr'>εἶναι</span> <span class='ocrx_word' id='word_1_406' title='bbox 897 3498 1107 3569; x_wconf 86' lang='grc' dir='ltr'>πατέρα</span> <span class='ocrx_word' id='word_1_407' title='bbox 1125 3513 1137 3526; x_wconf 76' lang='grc'><strong><em>⁸</em></strong></span> <span class='ocrx_word' id='word_1_408' title='bbox 1169 3498 1341 3562; x_wconf 69' lang='grc' dir='ltr'>οὕτως</span> <span class='ocrx_word' id='word_1_409' title='bbox 1360 3500 1454 3552; x_wconf 74' lang='grc' dir='ltr'>ἐπὶ</span> <span class='ocrx_word' id='word_1_410' title='bbox 1490 3499 1581 3551; x_wconf 75' lang='grc' dir='ltr'>τοῦ</span> <span class='ocrx_word' id='word_1_411' title='bbox 1608 3500 1741 3553; x_wconf 75' lang='grc' dir='ltr'>Θεοῦ</span> <span class='ocrx_word' id='word_1_412' title='bbox 1767 3499 1875 3553; x_wconf 87' lang='grc' dir='ltr'><strong>τῶν</strong></span> 
     </span>
    </p>
   </div>
   <div class='ocr_carea' id='block_1_55' title="bbox 307 3586 1875 3661">
    <p class='ocr_par' dir='ltr' id='par_1_55' title="bbox 307 3586 1875 3661">
     <span class='ocr_line' id='line_1_55' title="bbox 307 3586 1875 3661; baseline 0.003 -22"><span class='ocrx_word' id='word_1_413' title='bbox 307 3586 469 3654; x_wconf 80' lang='grc' dir='ltr'>ὅλων,</span> <span class='ocrx_word' id='word_1_414' title='bbox 508 3590 536 3641; x_wconf 93' lang='lat'><strong>6</strong></span> <span class='ocrx_word' id='word_1_415' title='bbox 569 3589 669 3659; x_wconf 82' lang='grc' dir='ltr'><strong>μὲν</strong></span> <span class='ocrx_word' id='word_1_416' title='bbox 708 3589 957 3661; x_wconf 79' lang='grc' dir='ltr'>εὐσεϐὴς,</span> <span class='ocrx_word' id='word_1_417' title='bbox 996 3591 1173 3642; x_wconf 78' lang='grc' dir='ltr'>καὶτὸ</span> <span class='ocrx_word' id='word_1_418' title='bbox 1209 3591 1518 3661; x_wconf 81' lang='grc' dir='ltr'>ἀγεννήτως</span> <span class='ocrx_word' id='word_1_419' title='bbox 1546 3591 1706 3643; x_wconf 80' lang='grc' dir='ltr'>αὑτὸν</span> <span class='ocrx_word' id='word_1_420' title='bbox 1737 3586 1875 3643; x_wconf 77' lang='grc' dir='ltr'>εἶναι</span> 
     </span>
    </p>
   </div>
   <div class='ocr_carea' id='block_1_56' title="bbox 310 3679 1877 3752">
    <p class='ocr_par' dir='ltr' id='par_1_56' title="bbox 310 3679 1877 3752">
     <span class='ocr_line' id='line_1_56' title="bbox 310 3679 1877 3752; baseline 0.002 -21"><span class='ocrx_word' id='word_1_421' title='bbox 310 3679 684 3749; x_wconf 81' lang='grc' dir='ltr'>σημαίνεσθαι,</span> <span class='ocrx_word' id='word_1_422' title='bbox 725 3680 812 3733; x_wconf 79' lang='grc' dir='ltr'>διὰ</span> <span class='ocrx_word' id='word_1_423' title='bbox 856 3681 953 3749; x_wconf 85' lang='grc' dir='ltr'><strong>τῆς</strong></span> <span class='ocrx_word' id='word_1_424' title='bbox 987 3681 1358 3752; x_wconf 79' lang='grc' dir='ltr'>προσηγορίας</span> <span class='ocrx_word' id='word_1_425' title='bbox 1384 3681 1478 3734; x_wconf 79' lang='grc' dir='ltr'>τοῦ</span> <span class='ocrx_word' id='word_1_426' title='bbox 1517 3681 1730 3751; x_wconf 81' lang='grc' dir='ltr'>Πατρδς</span> <span class='ocrx_word' id='word_1_427' title='bbox 1777 3682 1877 3734; x_wconf 79' lang='grc' dir='ltr'>οὐκ</span> 
     </span>
    </p>
   </div>
   <div class='ocr_carea' id='block_1_57' title="bbox 308 3772 1875 3843">
    <p class='ocr_par' dir='ltr' id='par_1_57' title="bbox 308 3772 1875 3843">
     <span class='ocr_line' id='line_1_57' title="bbox 308 3772 1875 3843; baseline 0.001 -21"><span class='ocrx_word' id='word_1_428' title='bbox 308 3772 632 3842; x_wconf 82' lang='grc' dir='ltr'>ἀρνήσεται,</span> <span class='ocrx_word' id='word_1_429' title='bbox 664 3773 758 3825; x_wconf 74' lang='grc' dir='ltr'>καὶ</span> <span class='ocrx_word' id='word_1_430' title='bbox 800 3772 896 3843; x_wconf 77' lang='grc' dir='ltr'>τὴν</span> <span class='ocrx_word' id='word_1_431' title='bbox 942 3772 1078 3843; x_wconf 83' lang='grc' dir='ltr'>πρὸς</span> <span class='ocrx_word' id='word_1_432' title='bbox 1114 3772 1205 3824; x_wconf 76' lang='grc' dir='ltr'>τὸν</span> <span class='ocrx_word' id='word_1_433' title='bbox 1240 3772 1364 3825; x_wconf 83' lang='grc' dir='ltr'>Υίὸν</span> <span class='ocrx_word' id='word_1_434' title='bbox 1410 3774 1714 3842; x_wconf 78' lang='grc' dir='ltr'>οἰκειότητα</span> <span class='ocrx_word' id='word_1_435' title='bbox 1754 3773 1875 3826; x_wconf 80' lang='grc' dir='ltr'>καθ’</span> 
     </span>
    </p>
   </div>
   <div class='ocr_carea' id='block_1_58' title="bbox 308 3863 1874 3935">
    <p class='ocr_par' dir='ltr' id='par_1_58' title="bbox 308 3863 1874 3935">
     <span class='ocr_line' id='line_1_58' title="bbox 308 3863 1874 3935; baseline -0.001 -17"><span class='ocrx_word' id='word_1_436' title='bbox 308 3865 489 3935; x_wconf 82' lang='grc' dir='ltr'>ῐτερον</span> <span class='ocrx_word' id='word_1_437' title='bbox 517 3865 879 3920; x_wconf 76' lang='grc' dir='ltr'>ἐνδείκνυσθαι</span> <span class='ocrx_word' id='word_1_438' title='bbox 921 3865 1335 3934; x_wconf 85' lang='grc' dir='ltr'>σημαινόμενον.</span> <span class='ocrx_word' id='word_1_439' title='bbox 1378 3866 1437 3918; x_wconf 88' lang='lat'><strong>&#39;0</strong></span> <span class='ocrx_word' id='word_1_440' title='bbox 1474 3865 1529 3918; x_wconf 75' lang='grc' dir='ltr'>δὲ</span> <span class='ocrx_word' id='word_1_441' title='bbox 1560 3863 1874 3932; x_wconf 84' lang='grc' dir='ltr'>καταγελῶν</span> 
     </span>
    </p>
   </div>
   <div class='ocr_carea' id='block_1_59' title="bbox 307 3957 1875 4027">
    <p class='ocr_par' dir='ltr' id='par_1_59' title="bbox 307 3957 1875 4027">
     <span class='ocr_line' id='line_1_59' title="bbox 307 3957 1875 4027; baseline -0.001 -18"><span class='ocrx_word' id='word_1_442' title='bbox 307 3957 403 4027; x_wconf 83' lang='grc' dir='ltr'><strong>τῆς</strong></span> <span class='ocrx_word' id='word_1_443' title='bbox 443 3957 727 4027; x_wconf 83' lang='grc' dir='ltr'>ἀληθείας,</span> <span class='ocrx_word' id='word_1_444' title='bbox 752 3958 933 4011; x_wconf 78' lang='grc' dir='ltr'>οὐκέτι</span> <span class='ocrx_word' id='word_1_445' title='bbox 966 3957 1026 4010; x_wconf 80' lang='grc' dir='ltr'>τὸ</span> <span class='ocrx_word' id='word_1_446' title='bbox 1071 3958 1455 4027; x_wconf 86' lang='grc' dir='ltr'>γεγεννηκέναι</span> <span class='ocrx_word' id='word_1_447' title='bbox 1488 3958 1577 4010; x_wconf 80' lang='grc' dir='ltr'><strong>τὸν</strong></span> <span class='ocrx_word' id='word_1_448' title='bbox 1618 3957 1743 4011; x_wconf 75' lang='grc' dir='ltr'>Υίδν</span> <span class='ocrx_word' id='word_1_449' title='bbox 1776 3958 1875 4027; x_wconf 85' lang='grc' dir='ltr'>τὴν</span> 
     </span>
    </p>
   </div>
   <div class='ocr_carea' id='block_1_60' title="bbox 308 4048 1875 4121">
    <p class='ocr_par' dir='ltr' id='par_1_60' title="bbox 308 4048 1875 4121">
     <span class='ocr_line' id='line_1_60' title="bbox 308 4048 1875 4121; baseline 0.001 -20"><span class='ocrx_word' id='word_1_450' title='bbox 308 4048 397 4101; x_wconf 81' lang='grc' dir='ltr'><strong>τοῦ</strong></span> <span class='ocrx_word' id='word_1_451' title='bbox 426 4050 635 4119; x_wconf 76' lang='grc' dir='ltr'>Πατρὸς</span> <span class='ocrx_word' id='word_1_452' title='bbox 668 4049 1037 4121; x_wconf 85' lang='grc' dir='ltr'>προσηγορίαν</span> <span class='ocrx_word' id='word_1_453' title='bbox 1063 4049 1208 4117; x_wconf 89' lang='grc' dir='ltr'>λέγει</span> <span class='ocrx_word' id='word_1_454' title='bbox 1235 4050 1539 4121; x_wconf 85' lang='grc' dir='ltr'>σημαίνειν,</span> <span class='ocrx_word' id='word_1_455' title='bbox 1568 4050 1661 4103; x_wconf 77' lang='grc' dir='ltr'>ἐὰν</span> <span class='ocrx_word' id='word_1_456' title='bbox 1686 4050 1779 4103; x_wconf 82' lang='grc' dir='ltr'><strong>καὶ</strong></span> <span class='ocrx_word' id='word_1_457' title='bbox 1815 4049 1875 4102; x_wconf 76' lang='grc' dir='ltr'>τὸ</span> 
     </span>
    </p>
   </div>
   <div class='ocr_carea' id='block_1_61' title="bbox 304 4131 1798 4209">
    <p class='ocr_par' dir='ltr' id='par_1_61' title="bbox 304 4131 1798 4209">
     <span class='ocr_line' id='line_1_61' title="bbox 304 4131 1798 4209; baseline 0.003 -22"><span class='ocrx_word' id='word_1_458' title='bbox 304 4134 594 4207; x_wconf 81' lang='grc' dir='ltr'>ἀγέννητον</span> <span class='ocrx_word' id='word_1_459' title='bbox 633 4131 770 4189; x_wconf 81' lang='grc' dir='ltr'>εἶναι</span> <span class='ocrx_word' id='word_1_460' title='bbox 798 4136 884 4190; x_wconf 71' lang='grc' dir='ltr'>διὰ</span> <span class='ocrx_word' id='word_1_461' title='bbox 908 4136 1005 4207; x_wconf 79' lang='grc' dir='ltr'><strong>τῆς</strong></span> <span class='ocrx_word' id='word_1_462' title='bbox 1024 4137 1191 4208; x_wconf 81' lang='grc' dir='ltr'>αὐτῆς</span> <span class='ocrx_word' id='word_1_463' title='bbox 1220 4138 1403 4207; x_wconf 77' lang='grc' dir='ltr'>φωνῆς</span> <span class='ocrx_word' id='word_1_464' title='bbox 1422 4137 1798 4209; x_wconf 74' lang='grc' dir='ltr'>διδασκόμεθα.</span> 
     </span>
    </p>
   </div>
   <div class='ocr_carea' id='block_1_62' title="bbox 1903 3100 1943 3157">
    <p class='ocr_par' dir='ltr' id='par_1_62' title="bbox 1903 3100 1943 3157">
     <span class='ocr_line' id='line_1_62' title="bbox 1903 3100 1943 3157; baseline 0 0"><span class='ocrx_word' id='word_1_465' title='bbox 1903 3100 1943 3157; x_wconf 90' lang='lat' dir='ltr'><strong>C</strong></span> 
     </span>
    </p>
   </div>
   <div class='ocr_carea' id='block_1_63' title="bbox 1984 1951 3555 2030">
    <p class='ocr_par' dir='ltr' id='par_1_63' title="bbox 1984 1951 3555 2030">
     <span class='ocr_line' id='line_1_63' title="bbox 1984 1951 3555 2030; baseline 0.006 -25"><span class='ocrx_word' id='word_1_466' title='bbox 1984 1951 2075 2006; x_wconf 70' lang='lat' dir='ltr'><strong>lusl</strong></span> <span class='ocrx_word' id='word_1_467' title='bbox 2114 1960 2268 2007; x_wconf 89' lang='lat' dir='ltr'><strong>tuum</strong></span> <span class='ocrx_word' id='word_1_468' title='bbox 2334 1955 2619 2011; x_wconf 81' lang='lat' dir='ltr'><strong>inventum</strong></span> <span class='ocrx_word' id='word_1_469' title='bbox 2671 1959 2995 2028; x_wconf 77' lang='lat' dir='ltr'><strong>usurpasti?</strong></span> <span class='ocrx_word' id='word_1_470' title='bbox 3039 1968 3250 2030; x_wconf 85' lang='lat' dir='ltr'><strong>patrem</strong></span> <span class='ocrx_word' id='word_1_471' title='bbox 3298 1961 3555 2017; x_wconf 83' lang='lat' dir='ltr'><strong>videlicet</strong></span> 
     </span>
    </p>
   </div>
   <div class='ocr_carea' id='block_1_64' title="bbox 1983 2045 3617 2118">
    <p class='ocr_par' dir='ltr' id='par_1_64' title="bbox 1983 2045 3617 2118">
     <span class='ocr_line' id='line_1_64' title="bbox 1983 2045 3617 2118; baseline 0.008 -22"><span class='ocrx_word' id='word_1_472' title='bbox 1983 2052 2158 2107; x_wconf 91' lang='lat' dir='ltr'><strong>tuum,</strong></span> <span class='ocrx_word' id='word_1_473' title='bbox 2209 2045 2253 2100; x_wconf 85' lang='lat' dir='ltr'><strong>si</strong></span> <span class='ocrx_word' id='word_1_474' title='bbox 2286 2062 2383 2115; x_wconf 90' lang='lat' dir='ltr'><strong>per</strong></span> <span class='ocrx_word' id='word_1_475' title='bbox 2408 2047 2533 2110; x_wconf 89' lang='lat' dir='ltr'><strong>hoc,</strong></span> <span class='ocrx_word' id='word_1_476' title='bbox 2579 2048 2727 2118; x_wconf 87' lang='lat' dir='ltr'><strong>quod</strong></span> <span class='ocrx_word' id='word_1_477' title='bbox 2764 2050 2931 2105; x_wconf 91' lang='lat' dir='ltr'><strong>homo</strong></span> <span class='ocrx_word' id='word_1_478' title='bbox 2960 2058 3064 2117; x_wconf 91' lang='lat' dir='ltr'><strong>est,</strong></span> <span class='ocrx_word' id='word_1_479' title='bbox 3126 2066 3156 2105; x_wconf 85' lang='lat' dir='ltr'><strong>a</strong></span> <span class='ocrx_word' id='word_1_480' title='bbox 3188 2058 3384 2106; x_wconf 89' lang='lat' dir='ltr'><strong>natura</strong></span> <span class='ocrx_word' id='word_1_481' title='bbox 3435 2055 3552 2108; x_wconf 90' lang='lat' dir='ltr'><strong>suis</strong></span> <span class='ocrx_word' id='word_1_482' title='bbox 3612 2102 3617 2109; x_wconf 89' lang='lat'><strong>.</strong></span> 
     </span>
    </p>
   </div>
   <div class='ocr_carea' id='block_1_65' title="bbox 1982 2134 3546 2212">
    <p class='ocr_par' dir='ltr' id='par_1_65' title="bbox 1982 2134 3546 2212">
     <span class='ocr_line' id='line_1_65' title="bbox 1982 2134 3546 2212; baseline 0.007 -25"><span class='ocrx_word' id='word_1_483' title='bbox 1982 2134 2140 2201; x_wconf 89' lang='lat' dir='ltr'><strong>quasi</strong></span> <span class='ocrx_word' id='word_1_484' title='bbox 2160 2134 2425 2193; x_wconf 87' lang='lat' dir='ltr'><strong>limitibus</strong></span> <span class='ocrx_word' id='word_1_485' title='bbox 2456 2140 2952 2205; x_wconf 88' lang='lat' dir='ltr'><strong>circumscribitur,</strong></span> <span class='ocrx_word' id='word_1_486' title='bbox 2987 2156 3095 2196; x_wconf 89' lang='lat' dir='ltr'><strong>non</strong></span> <span class='ocrx_word' id='word_1_487' title='bbox 3119 2156 3284 2211; x_wconf 87' lang='lat' dir='ltr'><strong>posse</strong></span> <span class='ocrx_word' id='word_1_488' title='bbox 3314 2144 3546 2212; x_wconf 87' lang='lat' dir='ltr'><strong>amplius</strong></span> 
     </span>
    </p>
   </div>
   <div class='ocr_carea' id='block_1_66' title="bbox 1981 2224 3551 2299">
    <p class='ocr_par' dir='ltr' id='par_1_66' title="bbox 1981 2224 3551 2299">
     <span class='ocr_line' id='line_1_66' title="bbox 1981 2224 3551 2299; baseline 0.008 -22"><span class='ocrx_word' id='word_1_489' title='bbox 1981 2224 2356 2281; x_wconf 85' lang='lat' dir='ltr'><strong>habitudinem</strong></span> <span class='ocrx_word' id='word_1_490' title='bbox 2408 2227 2472 2282; x_wconf 89' lang='lat' dir='ltr'><strong>ad</strong></span> <span class='ocrx_word' id='word_1_491' title='bbox 2519 2236 2572 2284; x_wconf 90' lang='lat' dir='ltr'><strong>te</strong></span> <span class='ocrx_word' id='word_1_492' title='bbox 2605 2229 2954 2299; x_wconf 74' lang='lat' dir='ltr'><strong>signiﬁcare?</strong></span> <span class='ocrx_word' id='word_1_493' title='bbox 3010 2232 3255 2287; x_wconf 86' lang='lat' dir='ltr'><strong>Alterum</strong></span> <span class='ocrx_word' id='word_1_494' title='bbox 3299 2235 3441 2288; x_wconf 88' lang='lat' dir='ltr'><strong>enim</strong></span> <span class='ocrx_word' id='word_1_495' title='bbox 3480 2250 3551 2289; x_wconf 82' lang='lat' dir='ltr'><strong>ex</strong></span> 
     </span>
    </p>
   </div>
   <div class='ocr_carea' id='block_1_67' title="bbox 1981 2315 3544 2391">
    <p class='ocr_par' dir='ltr' id='par_1_67' title="bbox 1981 2315 3544 2391">
     <span class='ocr_line' id='line_1_67' title="bbox 1981 2315 3544 2391; baseline 0.008 -22"><span class='ocrx_word' id='word_1_496' title='bbox 1981 2315 2194 2371; x_wconf 90' lang='lat' dir='ltr'><strong>duobus</strong></span> <span class='ocrx_word' id='word_1_497' title='bbox 2222 2319 2380 2387; x_wconf 88' lang='lat' dir='ltr'><strong>plane</strong></span> <span class='ocrx_word' id='word_1_498' title='bbox 2411 2327 2495 2374; x_wconf 77' lang='lat' dir='ltr'><strong>est</strong></span> <span class='ocrx_word' id='word_1_499' title='bbox 2526 2321 2934 2387; x_wconf 89' lang='lat' dir='ltr'><strong>necessarium,</strong></span> <span class='ocrx_word' id='word_1_500' title='bbox 2966 2332 3060 2377; x_wconf 86' lang='lat' dir='ltr'><strong>aut</strong></span> <span class='ocrx_word' id='word_1_501' title='bbox 3095 2324 3373 2380; x_wconf 90' lang='lat' dir='ltr'><strong>hominem</strong></span> <span class='ocrx_word' id='word_1_502' title='bbox 3400 2342 3544 2391; x_wconf 89' lang='lat' dir='ltr'><strong>esse,</strong></span> 
     </span>
    </p>
   </div>
   <div class='ocr_carea' id='block_1_68' title="bbox 1980 2409 3549 2488">
    <p class='ocr_par' dir='ltr' id='par_1_68' title="bbox 1980 2409 3549 2488">
     <span class='ocr_line' id='line_1_68' title="bbox 1980 2409 3549 2488; baseline 0.009 -28"><span class='ocrx_word' id='word_1_503' title='bbox 1980 2416 2074 2463; x_wconf 88' lang='lat' dir='ltr'><strong>aut</strong></span> <span class='ocrx_word' id='word_1_504' title='bbox 2101 2409 2353 2465; x_wconf 87' lang='lat' dir='ltr'><strong>Eunomii</strong></span> <span class='ocrx_word' id='word_1_505' title='bbox 2386 2420 2618 2481; x_wconf 89' lang='lat' dir='ltr'><strong>patrem.</strong></span> <span class='ocrx_word' id='word_1_506' title='bbox 2649 2412 2836 2484; x_wconf 89' lang='lat' dir='ltr'><strong>Neque</strong></span> <span class='ocrx_word' id='word_1_507' title='bbox 2866 2416 2965 2471; x_wconf 90' lang='lat' dir='ltr'><strong>tibi</strong></span> <span class='ocrx_word' id='word_1_508' title='bbox 2998 2415 3081 2472; x_wconf 89' lang='lat' dir='ltr'><strong>l&#39;as</strong></span> <span class='ocrx_word' id='word_1_509' title='bbox 3110 2425 3215 2481; x_wconf 83' lang='lat' dir='ltr'><strong>est,</strong></span> <span class='ocrx_word' id='word_1_510' title='bbox 3239 2426 3299 2472; x_wconf 92' lang='lat' dir='ltr'><strong>ut</strong></span> <span class='ocrx_word' id='word_1_511' title='bbox 3327 2419 3549 2488; x_wconf 89' lang='lat' dir='ltr'><strong>proprio</strong></span> 
     </span>
    </p>
   </div>
   <div class='ocr_carea' id='block_1_69' title="bbox 1981 2500 3547 2581">
    <p class='ocr_par' dir='ltr' id='par_1_69' title="bbox 1981 2500 3547 2581">
     <span class='ocr_line' id='line_1_69' title="bbox 1981 2500 3547 2581; baseline 0.006 -26"><span class='ocrx_word' id='word_1_512' title='bbox 1981 2500 2290 2570; x_wconf 81' lang='lat' dir='ltr'><strong>signiﬁcatu</strong></span> <span class='ocrx_word' id='word_1_513' title='bbox 2323 2519 2432 2558; x_wconf 90' lang='lat' dir='ltr'><strong>non</strong></span> <span class='ocrx_word' id='word_1_514' title='bbox 2460 2503 2707 2574; x_wconf 85' lang='lat' dir='ltr'><strong>proferas</strong></span> <span class='ocrx_word' id='word_1_515' title='bbox 2740 2522 2805 2561; x_wconf 84' lang='lat' dir='ltr'><strong>ea</strong></span> <span class='ocrx_word' id='word_1_516' title='bbox 2828 2509 3053 2563; x_wconf 88' lang='lat' dir='ltr'><strong>nomina</strong></span> <span class='ocrx_word' id='word_1_517' title='bbox 3095 2525 3218 2579; x_wconf 69' lang='lat' dir='ltr'><strong>quae</strong></span> <span class='ocrx_word' id='word_1_518' title='bbox 3264 2512 3547 2581; x_wconf 88' lang='lat' dir='ltr'><strong>proprium</strong></span> 
     </span>
    </p>
   </div>
   <div class='ocr_carea' id='block_1_70' title="bbox 1981 2593 3549 2671">
    <p class='ocr_par' dir='ltr' id='par_1_70' title="bbox 1981 2593 3549 2671">
     <span class='ocr_line' id='line_1_70' title="bbox 1981 2593 3549 2671; baseline 0.006 -23"><span class='ocrx_word' id='word_1_519' title='bbox 1981 2593 2350 2664; x_wconf 80' lang='lat' dir='ltr'><strong>signiﬁcatum</strong></span> <span class='ocrx_word' id='word_1_520' title='bbox 2378 2596 2602 2653; x_wconf 85' lang='lat' dir='ltr'><strong>habent.</strong></span> <span class='ocrx_word' id='word_1_521' title='bbox 2642 2597 2841 2653; x_wconf 84' lang='lat' dir='ltr'><strong>Verum</strong></span> <span class='ocrx_word' id='word_1_522' title='bbox 2880 2602 3004 2656; x_wconf 89' lang='lat' dir='ltr'><strong>licet</strong></span> <span class='ocrx_word' id='word_1_523' title='bbox 3031 2602 3247 2671; x_wconf 75' lang='lat' dir='ltr'><strong>injuriae</strong></span> <span class='ocrx_word' id='word_1_524' title='bbox 3272 2604 3549 2657; x_wconf 87' lang='lat' dir='ltr'><strong>actionem</strong></span> 
     </span>
    </p>
   </div>
   <div class='ocr_carea' id='block_1_71' title="bbox 1979 2685 3616 2760">
    <p class='ocr_par' dir='ltr' id='par_1_71' title="bbox 1979 2685 3616 2760">
     <span class='ocr_line' id='line_1_71' title="bbox 1979 2685 3616 2760; baseline 0.008 -21"><span class='ocrx_word' id='word_1_525' title='bbox 1979 2685 2230 2742; x_wconf 86' lang='lat' dir='ltr'><strong>intendas</strong></span> <span class='ocrx_word' id='word_1_526' title='bbox 2276 2688 2407 2750; x_wconf 88' lang='lat' dir='ltr'><strong>illis,</strong></span> <span class='ocrx_word' id='word_1_527' title='bbox 2468 2690 2559 2759; x_wconf 86' lang='lat' dir='ltr'><strong>qui</strong></span> <span class='ocrx_word' id='word_1_528' title='bbox 2605 2699 2828 2760; x_wconf 87' lang='lat' dir='ltr'><strong>propter</strong></span> <span class='ocrx_word' id='word_1_529' title='bbox 2857 2692 3143 2746; x_wconf 90' lang='lat' dir='ltr'><strong>nominum</strong></span> <span class='ocrx_word' id='word_1_530' title='bbox 3189 2695 3549 2748; x_wconf 89' lang='lat' dir='ltr'><strong>mulationem</strong></span> <span class='ocrx_word' id='word_1_531' title='bbox 3606 2742 3616 2753; x_wconf 90' lang='lat'><strong>.</strong></span> 
     </span>
    </p>
   </div>
   <div class='ocr_carea' id='block_1_72' title="bbox 1978 2778 3547 2848">
    <p class='ocr_par' dir='ltr' id='par_1_72' title="bbox 1978 2778 3547 2848">
     <span class='ocr_line' id='line_1_72' title="bbox 1978 2778 3547 2848; baseline 0.006 -17"><span class='ocrx_word' id='word_1_532' title='bbox 1978 2778 2077 2833; x_wconf 84' lang='lat' dir='ltr'><strong>tibi</strong></span> <span class='ocrx_word' id='word_1_533' title='bbox 2107 2778 2502 2835; x_wconf 88' lang='lat' dir='ltr'><strong>subsannando</strong></span> <span class='ocrx_word' id='word_1_534' title='bbox 2533 2781 2789 2846; x_wconf 85' lang='lat' dir='ltr'><strong>illudunt,</strong></span> <span class='ocrx_word' id='word_1_535' title='bbox 2832 2797 2939 2836; x_wconf 86' lang='lat' dir='ltr'><strong>non</strong></span> <span class='ocrx_word' id='word_1_536' title='bbox 2971 2784 3334 2848; x_wconf 82' lang='lat' dir='ltr'><strong>cohorrescis,</strong></span> <span class='ocrx_word' id='word_1_537' title='bbox 3378 2793 3433 2839; x_wconf 87' lang='lat' dir='ltr'><strong>et</strong></span> <span class='ocrx_word' id='word_1_538' title='bbox 3460 2785 3547 2840; x_wconf 79' lang='lat' dir='ltr'><strong>di-</strong></span> 
     </span>
    </p>
   </div>
   <div class='ocr_carea' id='block_1_73' title="bbox 1978 2866 3547 2943">
    <p class='ocr_par' dir='ltr' id='par_1_73' title="bbox 1978 2866 3547 2943">
     <span class='ocr_line' id='line_1_73' title="bbox 1978 2866 3547 2943; baseline 0.004 -24"><span class='ocrx_word' id='word_1_539' title='bbox 1978 2866 2223 2921; x_wconf 87' lang='lat' dir='ltr'><strong>vinorum</strong></span> <span class='ocrx_word' id='word_1_540' title='bbox 2259 2866 2569 2937; x_wconf 75' lang='lat' dir='ltr'><strong>dogmatum</strong></span> <span class='ocrx_word' id='word_1_541' title='bbox 2617 2870 2879 2940; x_wconf 86' lang='lat' dir='ltr'><strong>mysteria</strong></span> <span class='ocrx_word' id='word_1_542' title='bbox 2919 2870 3179 2933; x_wconf 87' lang='lat' dir='ltr'><strong>irridens,</strong></span> <span class='ocrx_word' id='word_1_543' title='bbox 3210 2873 3432 2943; x_wconf 88' lang='lat' dir='ltr'><strong>impune</strong></span> <span class='ocrx_word' id='word_1_544' title='bbox 3470 2874 3547 2926; x_wconf 90' lang='lat' dir='ltr'><strong>ri-</strong></span> 
     </span>
    </p>
   </div>
   <div class='ocr_carea' id='block_1_74' title="bbox 1978 2953 3548 3033">
    <p class='ocr_par' dir='ltr' id='par_1_74' title="bbox 1978 2953 3548 3033">
     <span class='ocr_line' id='line_1_74' title="bbox 1978 2953 3548 3033; baseline 0.006 -25"><span class='ocrx_word' id='word_1_545' title='bbox 1978 2953 2115 3009; x_wconf 85' lang='lat' dir='ltr'><strong>des?</strong></span> <span class='ocrx_word' id='word_1_546' title='bbox 2155 2955 2627 3021; x_wconf 80' lang='lat' dir='ltr'><strong>Quemadmodum</strong></span> <span class='ocrx_word' id='word_1_547' title='bbox 2674 2959 2819 3013; x_wconf 90' lang='lat' dir='ltr'><strong>enim</strong></span> <span class='ocrx_word' id='word_1_548' title='bbox 2882 2968 3008 3015; x_wconf 91' lang='lat' dir='ltr'><strong>tuus</strong></span> <span class='ocrx_word' id='word_1_549' title='bbox 3052 2971 3207 3031; x_wconf 88' lang='lat' dir='ltr'><strong>pater</strong></span> <span class='ocrx_word' id='word_1_550' title='bbox 3264 2964 3548 3033; x_wconf 78' lang='lat' dir='ltr'><strong>cognatio-</strong></span> 
     </span>
    </p>
   </div>
   <div class='ocr_carea' id='block_1_75' title="bbox 1978 3049 3545 3123">
    <p class='ocr_par' dir='ltr' id='par_1_75' title="bbox 1978 3049 3545 3123">
     <span class='ocr_line' id='line_1_75' title="bbox 1978 3049 3545 3123; baseline 0.007 -24"><span class='ocrx_word' id='word_1_551' title='bbox 1978 3061 2122 3111; x_wconf 89' lang='lat' dir='ltr'><strong>nem,</strong></span> <span class='ocrx_word' id='word_1_552' title='bbox 2156 3061 2320 3111; x_wconf 81' lang='lat' dir='ltr'><strong>quam</strong></span> <span class='ocrx_word' id='word_1_553' title='bbox 2372 3054 2550 3101; x_wconf 89' lang='lat' dir='ltr'><strong>tecum</strong></span> <span class='ocrx_word' id='word_1_554' title='bbox 2584 3049 2766 3113; x_wconf 86' lang='lat' dir='ltr'><strong>habet,</strong></span> <span class='ocrx_word' id='word_1_555' title='bbox 2822 3051 3085 3115; x_wconf 87' lang='lat' dir='ltr'><strong>ostendit,</strong></span> <span class='ocrx_word' id='word_1_556' title='bbox 3143 3062 3196 3107; x_wconf 92' lang='lat' dir='ltr'><strong>et</strong></span> <span class='ocrx_word' id='word_1_557' title='bbox 3251 3054 3545 3123; x_wconf 89' lang='lat' dir='ltr'><strong>quominus</strong></span> 
     </span>
    </p>
   </div>
   <div class='ocr_carea' id='block_1_76' title="bbox 1979 3134 3536 3209">
    <p class='ocr_par' dir='ltr' id='par_1_76' title="bbox 1979 3134 3536 3209">
     <span class='ocr_line' id='line_1_76' title="bbox 1979 3134 3536 3209; baseline 0.006 -22"><span class='ocrx_word' id='word_1_558' title='bbox 1979 3134 2142 3188; x_wconf 92' lang='lat' dir='ltr'><strong>homo</strong></span> <span class='ocrx_word' id='word_1_559' title='bbox 2177 3136 2268 3202; x_wconf 90' lang='lat' dir='ltr'><strong>sit,</strong></span> <span class='ocrx_word' id='word_1_560' title='bbox 2297 3152 2392 3205; x_wconf 88' lang='lat' dir='ltr'><strong>per</strong></span> <span class='ocrx_word' id='word_1_561' title='bbox 2416 3137 2517 3191; x_wconf 87' lang='lat' dir='ltr'><strong>hoc</strong></span> <span class='ocrx_word' id='word_1_562' title='bbox 2544 3138 2678 3191; x_wconf 90' lang='lat' dir='ltr'><strong>nihil</strong></span> <span class='ocrx_word' id='word_1_563' title='bbox 2704 3140 2923 3206; x_wconf 83' lang='lat' dir='ltr'><strong>penitus</strong></span> <span class='ocrx_word' id='word_1_564' title='bbox 2953 3139 3269 3209; x_wconf 89' lang='lat' dir='ltr'><strong>impeditur,</strong></span> <span class='ocrx_word' id='word_1_565' title='bbox 3318 3143 3536 3197; x_wconf 89' lang='lat' dir='ltr'><strong>nullus-</strong></span> 
     </span>
    </p>
   </div>
   <div class='ocr_carea' id='block_1_77' title="bbox 1977 3226 3548 3300">
    <p class='ocr_par' dir='ltr' id='par_1_77' title="bbox 1977 3226 3548 3300">
     <span class='ocr_line' id='line_1_77' title="bbox 1977 3226 3548 3300; baseline 0.005 -22"><span class='ocrx_word' id='word_1_566' title='bbox 1977 3240 2084 3295; x_wconf 90' lang='lat' dir='ltr'><strong>que</strong></span> <span class='ocrx_word' id='word_1_567' title='bbox 2117 3226 2237 3279; x_wconf 90' lang='lat' dir='ltr'><strong>sani</strong></span> <span class='ocrx_word' id='word_1_568' title='bbox 2280 3228 2496 3296; x_wconf 80' lang='lat' dir='ltr'><strong>capitis,</strong></span> <span class='ocrx_word' id='word_1_569' title='bbox 2547 3229 2595 3283; x_wconf 89' lang='lat' dir='ltr'><strong>si</strong></span> <span class='ocrx_word' id='word_1_570' title='bbox 2650 3228 2775 3297; x_wconf 91' lang='lat' dir='ltr'><strong>quis</strong></span> <span class='ocrx_word' id='word_1_571' title='bbox 2826 3228 3084 3298; x_wconf 87' lang='lat' dir='ltr'><strong>jubeatur</strong></span> <span class='ocrx_word' id='word_1_572' title='bbox 3118 3232 3405 3286; x_wconf 86' lang='lat' dir='ltr'><strong>nominare</strong></span> <span class='ocrx_word' id='word_1_573' title='bbox 3453 3248 3548 3300; x_wconf 85' lang='lat' dir='ltr'><strong>pa-</strong></span> 
     </span>
    </p>
   </div>
   <div class='ocr_carea' id='block_1_78' title="bbox 1977 3315 3547 3385">
    <p class='ocr_par' dir='ltr' id='par_1_78' title="bbox 1977 3315 3547 3385">
     <span class='ocr_line' id='line_1_78' title="bbox 1977 3315 3547 3385; baseline 0.004 -18"><span class='ocrx_word' id='word_1_574' title='bbox 1977 3321 2137 3379; x_wconf 86' lang='lat' dir='ltr'><strong>trem,</strong></span> <span class='ocrx_word' id='word_1_575' title='bbox 2162 3315 2258 3384; x_wconf 86' lang='lat' dir='ltr'><strong>qui</strong></span> <span class='ocrx_word' id='word_1_576' title='bbox 2285 3323 2335 3369; x_wconf 90' lang='lat' dir='ltr'><strong>te</strong></span> <span class='ocrx_word' id='word_1_577' title='bbox 2356 3316 2563 3385; x_wconf 83' lang='lat' dir='ltr'><strong>genuit.</strong></span> <span class='ocrx_word' id='word_1_578' title='bbox 2598 3317 2690 3370; x_wconf 89' lang='lat' dir='ltr'><strong>ille</strong></span> <span class='ocrx_word' id='word_1_579' title='bbox 2718 3331 2851 3371; x_wconf 87' lang='lat' dir='ltr'><strong>vero</strong></span> <span class='ocrx_word' id='word_1_580' title='bbox 2877 3316 3251 3372; x_wconf 90' lang='lat' dir='ltr'><strong>deﬁnitionem</strong></span> <span class='ocrx_word' id='word_1_581' title='bbox 3305 3317 3547 3373; x_wconf 86' lang='lat' dir='ltr'><strong>hominis</strong></span> 
     </span>
    </p>
   </div>
   <div class='ocr_carea' id='block_1_79' title="bbox 1978 3404 3540 3477">
    <p class='ocr_par' dir='ltr' id='par_1_79' title="bbox 1978 3404 3540 3477">
     <span class='ocr_line' id='line_1_79' title="bbox 1978 3404 3540 3477; baseline 0.003 -20"><span class='ocrx_word' id='word_1_582' title='bbox 1978 3404 2238 3475; x_wconf 84' lang='lat' dir='ltr'><strong>assignet,</strong></span> <span class='ocrx_word' id='word_1_583' title='bbox 2268 3406 2351 3459; x_wconf 87' lang='lat' dir='ltr'><strong>vel</strong></span> <span class='ocrx_word' id='word_1_584' title='bbox 2400 3407 2768 3476; x_wconf 77' lang='lat' dir='ltr'><strong>interrogatus</strong></span> <span class='ocrx_word' id='word_1_585' title='bbox 2818 3407 2885 3461; x_wconf 88' lang='lat' dir='ltr'><strong>de</strong></span> <span class='ocrx_word' id='word_1_586' title='bbox 2929 3422 3149 3477; x_wconf 79' lang='lat' dir='ltr'><strong>genere,</strong></span> <span class='ocrx_word' id='word_1_587' title='bbox 3210 3410 3540 3477; x_wconf 85' lang='lat' dir='ltr'><strong>respondeat</strong></span> 
     </span>
    </p>
   </div>
   <div class='ocr_carea' id='block_1_80' title="bbox 1977 3495 3535 3567">
    <p class='ocr_par' dir='ltr' id='par_1_80' title="bbox 1977 3495 3535 3567">
     <span class='ocr_line' id='line_1_80' title="bbox 1977 3495 3535 3567; baseline 0.001 -18"><span class='ocrx_word' id='word_1_588' title='bbox 1977 3510 2101 3549; x_wconf 89' lang='lat' dir='ltr'><strong>esse</strong></span> <span class='ocrx_word' id='word_1_589' title='bbox 2150 3495 2447 3560; x_wconf 90' lang='lat' dir='ltr'><strong>hominem,</strong></span> <span class='ocrx_word' id='word_1_590' title='bbox 2486 3497 2685 3551; x_wconf 80' lang='lat' dir='ltr'><strong>dixerit</strong></span> <span class='ocrx_word' id='word_1_591' title='bbox 2749 3496 3061 3565; x_wconf 82' lang='lat' dir='ltr'><strong>hujusmodi</strong></span> <span class='ocrx_word' id='word_1_592' title='bbox 3120 3499 3535 3567; x_wconf 71' lang='lat' dir='ltr'><strong>responsionum</strong></span> 
     </span>
    </p>
   </div>
   <div class='ocr_carea' id='block_1_81' title="bbox 1978 3585 3545 3659">
    <p class='ocr_par' dir='ltr' id='par_1_81' title="bbox 1978 3585 3545 3659">
     <span class='ocr_line' id='line_1_81' title="bbox 1978 3585 3545 3659; baseline 0.004 -21"><span class='ocrx_word' id='word_1_593' title='bbox 1978 3585 2219 3650; x_wconf 88' lang='lat' dir='ltr'><strong>obstare,</strong></span> <span class='ocrx_word' id='word_1_594' title='bbox 2260 3588 2553 3656; x_wconf 88' lang='lat' dir='ltr'><strong>quominus</strong></span> <span class='ocrx_word' id='word_1_595' title='bbox 2589 3596 2743 3657; x_wconf 89' lang='lat' dir='ltr'><strong>pater</strong></span> <span class='ocrx_word' id='word_1_596' title='bbox 2783 3596 2910 3645; x_wconf 87' lang='lat' dir='ltr'><strong>tuus</strong></span> <span class='ocrx_word' id='word_1_597' title='bbox 2940 3590 3011 3643; x_wconf 88' lang='lat' dir='ltr'><strong>sit</strong></span> <span class='ocrx_word' id='word_1_598' title='bbox 3040 3605 3055 3643; x_wconf 89' lang='lat'>:</span> <span class='ocrx_word' id='word_1_599' title='bbox 3082 3588 3155 3642; x_wconf 86' lang='lat' dir='ltr'><strong>ita</strong></span> <span class='ocrx_word' id='word_1_600' title='bbox 3184 3604 3399 3659; x_wconf 80' lang='lat' dir='ltr'><strong>quoque</strong></span> <span class='ocrx_word' id='word_1_601' title='bbox 3424 3605 3545 3645; x_wconf 85' lang='lat' dir='ltr'><strong>sese</strong></span> 
     </span>
    </p>
   </div>
   <div class='ocr_carea' id='block_1_82' title="bbox 1979 3678 3545 3751">
    <p class='ocr_par' dir='ltr' id='par_1_82' title="bbox 1979 3678 3545 3751">
     <span class='ocr_line' id='line_1_82' title="bbox 1979 3678 3545 3751; baseline 0.003 -20"><span class='ocrx_word' id='word_1_602' title='bbox 1979 3694 2069 3732; x_wconf 86' lang='lat' dir='ltr'><strong>res</strong></span> <span class='ocrx_word' id='word_1_603' title='bbox 2128 3678 2289 3732; x_wconf 86' lang='lat' dir='ltr'><strong>habet</strong></span> <span class='ocrx_word' id='word_1_604' title='bbox 2334 3695 2459 3734; x_wconf 92' lang='lat' dir='ltr'><strong>cum</strong></span> <span class='ocrx_word' id='word_1_605' title='bbox 2509 3681 2890 3735; x_wconf 86' lang='lat' dir='ltr'><strong>universorum</strong></span> <span class='ocrx_word' id='word_1_606' title='bbox 2939 3680 3068 3745; x_wconf 84' lang='lat' dir='ltr'><strong>Deo,</strong></span> <span class='ocrx_word' id='word_1_607' title='bbox 3111 3696 3271 3750; x_wconf 86' lang='lat' dir='ltr'><strong>quem</strong></span> <span class='ocrx_word' id='word_1_608' title='bbox 3324 3682 3545 3751; x_wconf 83' lang='lat' dir='ltr'><strong>pietatis</strong></span> 
     </span>
    </p>
   </div>
   <div class='ocr_carea' id='block_1_83' title="bbox 1980 3768 3546 3841">
    <p class='ocr_par' dir='ltr' id='par_1_83' title="bbox 1980 3768 3546 3841">
     <span class='ocr_line' id='line_1_83' title="bbox 1980 3768 3546 3841; baseline 0.003 -20"><span class='ocrx_word' id='word_1_609' title='bbox 1980 3768 2165 3821; x_wconf 88' lang='lat' dir='ltr'><strong>cultor</strong></span> <span class='ocrx_word' id='word_1_610' title='bbox 2218 3769 2518 3840; x_wconf 78' lang='lat' dir='ltr'><strong>ingenitum</strong></span> <span class='ocrx_word' id='word_1_611' title='bbox 2572 3785 2715 3835; x_wconf 88' lang='lat' dir='ltr'><strong>esse,</strong></span> <span class='ocrx_word' id='word_1_612' title='bbox 2750 3771 2912 3840; x_wconf 78' lang='lat' dir='ltr'><strong>idque</strong></span> <span class='ocrx_word' id='word_1_613' title='bbox 2954 3771 3130 3827; x_wconf 84' lang='lat' dir='ltr'><strong>Patris</strong></span> <span class='ocrx_word' id='word_1_614' title='bbox 3187 3774 3546 3841; x_wconf 78' lang='lat' dir='ltr'><strong>appellatione</strong></span> 
     </span>
    </p>
   </div>
   <div class='ocr_carea' id='block_1_84' title="bbox 1936 3861 3545 3933">
    <p class='ocr_par' dir='ltr' id='par_1_84' title="bbox 1936 3861 3545 3933">
     <span class='ocr_line' id='line_1_84' title="bbox 1936 3861 3545 3933; baseline 0.001 -17"><span class='ocrx_word' id='word_1_615' title='bbox 1936 3892 1941 3897; x_wconf 90' lang='lat'><strong>-</strong></span> <span class='ocrx_word' id='word_1_616' title='bbox 1976 3861 2299 3932; x_wconf 78' lang='lat' dir='ltr'><strong>signiﬁcari,</strong></span> <span class='ocrx_word' id='word_1_617' title='bbox 2340 3869 2394 3916; x_wconf 90' lang='lat' dir='ltr'><strong>et</strong></span> <span class='ocrx_word' id='word_1_618' title='bbox 2448 3869 2683 3931; x_wconf 87' lang='lat' dir='ltr'><strong>utroque</strong></span> <span class='ocrx_word' id='word_1_619' title='bbox 2732 3864 3045 3933; x_wconf 80' lang='lat' dir='ltr'><strong>signiﬁcatu</strong></span> <span class='ocrx_word' id='word_1_620' title='bbox 3080 3865 3455 3921; x_wconf 79' lang='lat' dir='ltr'><strong>habitudinem</strong></span> <span class='ocrx_word' id='word_1_621' title='bbox 3488 3874 3545 3919; x_wconf 86' lang='lat' dir='ltr'><strong>et</strong></span> 
     </span>
    </p>
   </div>
   <div class='ocr_carea' id='block_1_85' title="bbox 1975 3950 3540 4022">
    <p class='ocr_par' dir='ltr' id='par_1_85' title="bbox 1975 3950 3540 4022">
     <span class='ocr_line' id='line_1_85' title="bbox 1975 3950 3540 4022; baseline 0 -15"><span class='ocrx_word' id='word_1_622' title='bbox 1975 3953 2353 4022; x_wconf 80' lang='lat' dir='ltr'><strong>cognationem</strong></span> <span class='ocrx_word' id='word_1_623' title='bbox 2388 3952 2454 4006; x_wconf 89' lang='lat' dir='ltr'><strong>ad</strong></span> <span class='ocrx_word' id='word_1_624' title='bbox 2486 3950 2685 4006; x_wconf 83' lang='lat' dir='ltr'><strong>Filium</strong></span> <span class='ocrx_word' id='word_1_625' title='bbox 2711 3952 2983 4008; x_wconf 85' lang='lat' dir='ltr'><strong>declarari</strong></span> <span class='ocrx_word' id='word_1_626' title='bbox 3032 3954 3265 4008; x_wconf 88' lang='lat' dir='ltr'><strong>libenter</strong></span> <span class='ocrx_word' id='word_1_627' title='bbox 3307 3954 3540 4008; x_wconf 83' lang='lat' dir='ltr'><strong>conﬁte-</strong></span> 
     </span>
    </p>
   </div>
   <div class='ocr_carea' id='block_1_86' title="bbox 1976 4042 3543 4112">
    <p class='ocr_par' dir='ltr' id='par_1_86' title="bbox 1976 4042 3543 4112">
     <span class='ocr_line' id='line_1_86' title="bbox 1976 4042 3543 4112; baseline -0.001 -16"><span class='ocrx_word' id='word_1_628' title='bbox 1976 4051 2086 4096; x_wconf 89' lang='lat' dir='ltr'><strong>tur.</strong></span> <span class='ocrx_word' id='word_1_629' title='bbox 2121 4044 2190 4097; x_wconf 84' lang='lat' dir='ltr'><strong>At</strong></span> <span class='ocrx_word' id='word_1_630' title='bbox 2211 4043 2457 4098; x_wconf 86' lang='lat' dir='ltr'><strong>veritatis</strong></span> <span class='ocrx_word' id='word_1_631' title='bbox 2512 4043 2710 4098; x_wconf 86' lang='lat' dir='ltr'><strong>irrisor</strong></span> <span class='ocrx_word' id='word_1_632' title='bbox 2754 4044 3036 4098; x_wconf 85' lang='lat' dir='ltr'><strong>contendit</strong></span> <span class='ocrx_word' id='word_1_633' title='bbox 3081 4042 3261 4097; x_wconf 87' lang='lat' dir='ltr'><strong>Patris</strong></span> <span class='ocrx_word' id='word_1_634' title='bbox 3300 4044 3543 4112; x_wconf 83' lang='lat' dir='ltr'><strong>appella-</strong></span> 
     </span>
    </p>
   </div>
   <div class='ocr_carea' id='block_1_87' title="bbox 1975 4132 3545 4206">
    <p class='ocr_par' dir='ltr' id='par_1_87' title="bbox 1975 4132 3545 4206">
     <span class='ocr_line' id='line_1_87' title="bbox 1975 4132 3545 4206; baseline -0.001 -19"><span class='ocrx_word' id='word_1_635' title='bbox 1975 4132 2121 4188; x_wconf 86' lang='lat' dir='ltr'><strong>tione</strong></span> <span class='ocrx_word' id='word_1_636' title='bbox 2152 4148 2259 4187; x_wconf 92' lang='lat' dir='ltr'><strong>non</strong></span> <span class='ocrx_word' id='word_1_637' title='bbox 2280 4135 2514 4203; x_wconf 86' lang='lat' dir='ltr'><strong>amplius</strong></span> <span class='ocrx_word' id='word_1_638' title='bbox 2547 4134 2868 4206; x_wconf 83' lang='lat' dir='ltr'><strong>signiﬁcari,</strong></span> <span class='ocrx_word' id='word_1_639' title='bbox 2898 4135 3044 4204; x_wconf 87' lang='lat' dir='ltr'><strong>quod</strong></span> <span class='ocrx_word' id='word_1_640' title='bbox 3081 4133 3253 4188; x_wconf 84' lang='lat' dir='ltr'><strong>Filius</strong></span> <span class='ocrx_word' id='word_1_641' title='bbox 3282 4149 3349 4189; x_wconf 77' lang='lat' dir='ltr'><strong>ex</strong></span> <span class='ocrx_word' id='word_1_642' title='bbox 3381 4149 3447 4189; x_wconf 89' lang='lat' dir='ltr'><strong>eo</strong></span> <span class='ocrx_word' id='word_1_643' title='bbox 3471 4135 3545 4187; x_wconf 87' lang='lat' dir='ltr'><strong>sit</strong></span> 
     </span>
    </p>
   </div>
   <div class='ocr_carea' id='block_1_88' title="bbox 1972 4225 3538 4296">
    <p class='ocr_par' dir='ltr' id='par_1_88' title="bbox 1972 4225 3538 4296">
     <span class='ocr_line' id='line_1_88' title="bbox 1972 4225 3538 4296; baseline -0.001 -19"><span class='ocrx_word' id='word_1_644' title='bbox 1972 4226 2207 4293; x_wconf 76' lang='lat' dir='ltr'><strong>genitus,</strong></span> <span class='ocrx_word' id='word_1_645' title='bbox 2244 4225 2290 4279; x_wconf 93' lang='lat' dir='ltr'><strong>si</strong></span> <span class='ocrx_word' id='word_1_646' title='bbox 2323 4225 2513 4280; x_wconf 87' lang='lat' dir='ltr'><strong>eadem</strong></span> <span class='ocrx_word' id='word_1_647' title='bbox 2542 4225 2906 4294; x_wconf 87' lang='lat' dir='ltr'><strong>appellatione</strong></span> <span class='ocrx_word' id='word_1_648' title='bbox 2935 4226 3160 4296; x_wconf 79' lang='lat' dir='ltr'><strong>ingeniti</strong></span> <span class='ocrx_word' id='word_1_649' title='bbox 3181 4238 3401 4293; x_wconf 88' lang='lat' dir='ltr'><strong>quoque</strong></span> <span class='ocrx_word' id='word_1_650' title='bbox 3437 4239 3538 4277; x_wconf 81' lang='lat' dir='ltr'><strong>no-</strong></span> 
     </span>
    </p>
   </div>
   <div class='ocr_carea' id='block_1_89' title="bbox 1973 4312 2755 4383">
    <p class='ocr_par' dir='ltr' id='par_1_89' title="bbox 1973 4312 2755 4383">
     <span class='ocr_line' id='line_1_89' title="bbox 1973 4312 2755 4383; baseline 0.005 -20"><span class='ocrx_word' id='word_1_651' title='bbox 1973 4312 2051 4366; x_wconf 90' lang='lat' dir='ltr'><strong>tio</strong></span> <span class='ocrx_word' id='word_1_652' title='bbox 2076 4315 2348 4368; x_wconf 87' lang='lat' dir='ltr'><strong>mentibus</strong></span> <span class='ocrx_word' id='word_1_653' title='bbox 2374 4314 2755 4383; x_wconf 81' lang='lat' dir='ltr'><strong>ingeneretur.</strong></span> 
     </span>
    </p>
   </div>
   <div class='ocr_carea' id='block_1_90' title="bbox 375 4398 1877 4491">
    <p class='ocr_par' dir='ltr' id='par_1_90' title="bbox 375 4398 1871 4473">
     <span class='ocr_line' id='line_1_90' title="bbox 375 4398 1871 4473; baseline 0.003 -22"><span class='ocrx_word' id='word_1_654' title='bbox 375 4400 495 4451; x_wconf 81' lang='grc' dir='ltr'><strong>Ἔτι</strong></span> <span class='ocrx_word' id='word_1_655' title='bbox 523 4398 576 4452; x_wconf 76' lang='grc' dir='ltr'>δὲ</span> <span class='ocrx_word' id='word_1_656' title='bbox 611 4400 703 4453; x_wconf 84' lang='grc' dir='ltr'><strong>καὶ</strong></span> <span class='ocrx_word' id='word_1_657' title='bbox 727 4400 883 4453; x_wconf 77' lang='grc' dir='ltr'>τοῦτο</span> <span class='ocrx_word' id='word_1_658' title='bbox 906 4400 1040 4468; x_wconf 72' lang='grc' dir='ltr'>πρὸς</span> <span class='ocrx_word' id='word_1_659' title='bbox 1084 4401 1302 4471; x_wconf 83' lang='grc' dir='ltr'>ἔλεγχον</span> <span class='ocrx_word' id='word_1_660' title='bbox 1335 4402 1431 4471; x_wconf 84' lang='grc' dir='ltr'><strong>τῆς</strong></span> <span class='ocrx_word' id='word_1_661' title='bbox 1457 4402 1566 4455; x_wconf 87' lang='grc' dir='ltr'><strong>τῶν</strong></span> <span class='ocrx_word' id='word_1_662' title='bbox 1596 4401 1871 4473; x_wconf 80' lang='grc' dir='ltr'>ῥηθέντων</span> 
     </span>
    </p>
   </div>
   <div class='ocr_carea' id='block_1_91' title="bbox 1979 4398 3545 4491">
    <p class='ocr_par' dir='ltr' id='par_1_91' title="bbox 2044 4401 3545 4461">
     <span class='ocr_line' id='line_1_91' title="bbox 2044 4401 3545 4461; baseline 0.004 -6"><span class='ocrx_word' id='word_1_663' title='bbox 2044 4401 2312 4459; x_wconf 68' lang='lat' dir='ltr'><strong>Praeterea</strong></span> <span class='ocrx_word' id='word_1_664' title='bbox 2341 4404 2407 4458; x_wconf 90' lang='lat' dir='ltr'><strong>ad</strong></span> <span class='ocrx_word' id='word_1_665' title='bbox 2434 4404 2790 4459; x_wconf 88' lang='lat' dir='ltr'><strong>absurditatis</strong></span> <span class='ocrx_word' id='word_1_666' title='bbox 2828 4405 3211 4459; x_wconf 82' lang='lat' dir='ltr'><strong>refutationem</strong></span> <span class='ocrx_word' id='word_1_667' title='bbox 3250 4405 3417 4459; x_wconf 90' lang='lat' dir='ltr'><strong>etiam</strong></span> <span class='ocrx_word' id='word_1_668' title='bbox 3442 4408 3545 4461; x_wconf 89' lang='lat' dir='ltr'><strong>hoc</strong></span> 
     </span>
    </p>
   </div>
   <div class='ocr_carea' id='block_1_92' title="bbox 304 4492 1868 4564">
    <p class='ocr_par' dir='ltr' id='par_1_92' title="bbox 304 4492 1868 4564">
     <span class='ocr_line' id='line_1_92' title="bbox 304 4492 1868 4564; baseline 0.001 -21"><span class='ocrx_word' id='word_1_669' title='bbox 304 4492 527 4554; x_wconf 79' lang='grc' dir='ltr'>ἀτοπίας</span> <span class='ocrx_word' id='word_1_670' title='bbox 565 4492 1077 4563; x_wconf 78' lang='grc' dir='ltr'>συμπαραλάϐωμεν</span> <span class='ocrx_word' id='word_1_671' title='bbox 1104 4510 1115 4522; x_wconf 90' lang='grc'><strong>·</strong></span> <span class='ocrx_word' id='word_1_672' title='bbox 1148 4494 1282 4564; x_wconf 85' lang='grc' dir='ltr'>ὅπερ</span> <span class='ocrx_word' id='word_1_673' title='bbox 1316 4492 1506 4546; x_wconf 72' lang='grc' dir='ltr'>οὐδένα</span> <span class='ocrx_word' id='word_1_674' title='bbox 1537 4492 1678 4563; x_wconf 69' lang='grc' dir='ltr'>φημὶ</span> <span class='ocrx_word' id='word_1_675' title='bbox 1704 4532 1718 4554; x_wconf 89' lang='grc'><strong>,</strong></span> <span class='ocrx_word' id='word_1_676' title='bbox 1748 4492 1868 4545; x_wconf 76' lang='grc' dir='ltr'>οὐδὲ</span> 
     </span>
    </p>
   </div>
   <div class='ocr_carea' id='block_1_93' title="bbox 303 4581 1869 4656">
    <p class='ocr_par' dir='ltr' id='par_1_93' title="bbox 303 4581 1869 4656">
     <span class='ocr_line' id='line_1_93' title="bbox 303 4581 1869 4656; baseline -0.001 -22"><span class='ocrx_word' id='word_1_677' title='bbox 303 4581 408 4634; x_wconf 89' lang='grc' dir='ltr'><strong>τῶν</strong></span> <span class='ocrx_word' id='word_1_678' title='bbox 441 4583 635 4654; x_wconf 83' lang='grc' dir='ltr'>κομιδῇ</span> <span class='ocrx_word' id='word_1_679' title='bbox 662 4584 868 4652; x_wconf 88' lang='grc' dir='ltr'>νηπίων</span> <span class='ocrx_word' id='word_1_680' title='bbox 892 4584 996 4637; x_wconf 78' lang='grc' dir='ltr'>ὑπὸ</span> <span class='ocrx_word' id='word_1_681' title='bbox 1016 4586 1402 4656; x_wconf 80' lang='grc' dir='ltr'>γραμματιστῇ</span> <span class='ocrx_word' id='word_1_682' title='bbox 1422 4586 1515 4637; x_wconf 73' lang='grc' dir='ltr'><strong>καὶ</strong></span> <span class='ocrx_word' id='word_1_683' title='bbox 1537 4583 1869 4653; x_wconf 80' lang='grc' dir='ltr'>παιδαγωγῷ</span> 
     </span>
    </p>
   </div>
   <div class='ocr_carea' id='block_1_94' title="bbox 305 4672 1865 4745">
    <p class='ocr_par' dir='ltr' id='par_1_94' title="bbox 305 4672 1865 4745">
     <span class='ocr_line' id='line_1_94' title="bbox 305 4672 1865 4745; baseline 0.003 -22"><span class='ocrx_word' id='word_1_684' title='bbox 305 4672 436 4741; x_wconf 69' lang='grc' dir='ltr'>πρὸς</span> <span class='ocrx_word' id='word_1_685' title='bbox 509 4673 607 4744; x_wconf 85' lang='grc' dir='ltr'>τὴν</span> <span class='ocrx_word' id='word_1_686' title='bbox 675 4673 1035 4744; x_wconf 78' lang='grc' dir='ltr'>ὀνομαστικὴν</span> <span class='ocrx_word' id='word_1_687' title='bbox 1096 4673 1439 4745; x_wconf 85' lang='grc' dir='ltr'>τεχνολογίαν</span> <span class='ocrx_word' id='word_1_688' title='bbox 1508 4674 1865 4743; x_wconf 79' lang='grc' dir='ltr'>ὲναγόμενον.</span> 
     </span>
    </p>
   </div>
   <div class='ocr_carea' id='block_1_95' title="bbox 304 4761 1867 4835">
    <p class='ocr_par' dir='ltr' id='par_1_95' title="bbox 304 4761 1867 4835">
     <span class='ocr_line' id='line_1_95' title="bbox 304 4761 1867 4835; baseline 0.002 -20"><span class='ocrx_word' id='word_1_689' title='bbox 304 4764 533 4830; x_wconf 80' lang='grc' dir='ltr'>ἀγνοεῖν.</span> <span class='ocrx_word' id='word_1_690' title='bbox 578 4764 672 4827; x_wconf 86' lang='grc' dir='ltr'>Τίς</span> <span class='ocrx_word' id='word_1_691' title='bbox 702 4764 809 4835; x_wconf 77' lang='grc' dir='ltr'>γὰρ</span> <span class='ocrx_word' id='word_1_692' title='bbox 833 4765 931 4818; x_wconf 80' lang='grc' dir='ltr'><strong>οὐκ</strong></span> <span class='ocrx_word' id='word_1_693' title='bbox 953 4761 1091 4818; x_wconf 80' lang='grc' dir='ltr'>οἶδεν</span> <span class='ocrx_word' id='word_1_694' title='bbox 1121 4766 1202 4818; x_wconf 82' lang='grc' dir='ltr'><strong>ὅτι</strong></span> <span class='ocrx_word' id='word_1_695' title='bbox 1231 4764 1337 4818; x_wconf 87' lang='grc' dir='ltr'><strong>τῶν</strong></span> <span class='ocrx_word' id='word_1_696' title='bbox 1356 4766 1637 4835; x_wconf 83' lang='grc' dir='ltr'>ὀνομάτων</span> <span class='ocrx_word' id='word_1_697' title='bbox 1669 4766 1737 4819; x_wconf 83' lang='grc' dir='ltr'>τὰ</span> <span class='ocrx_word' id='word_1_698' title='bbox 1769 4765 1867 4834; x_wconf 76' lang='grc' dir='ltr'>μὲν</span> 
     </span>
    </p>
   </div>
   <div class='ocr_carea' id='block_1_96' title="bbox 305 4854 1868 4925">
    <p class='ocr_par' dir='ltr' id='par_1_96' title="bbox 305 4854 1868 4925">
     <span class='ocr_line' id='line_1_96' title="bbox 305 4854 1868 4925; baseline -0.001 -19"><span class='ocrx_word' id='word_1_699' title='bbox 305 4854 543 4908; x_wconf 84' lang='grc' dir='ltr'>ὰπόλυτά</span> <span class='ocrx_word' id='word_1_700' title='bbox 565 4872 623 4906; x_wconf 90' lang='grc' dir='ltr'><strong>τε</strong></span> <span class='ocrx_word' id='word_1_701' title='bbox 649 4855 741 4907; x_wconf 75' lang='grc' dir='ltr'>καὶ</span> <span class='ocrx_word' id='word_1_702' title='bbox 773 4854 1005 4924; x_wconf 81' lang='grc' dir='ltr'>ἄσχετα,</span> <span class='ocrx_word' id='word_1_703' title='bbox 1038 4854 1107 4907; x_wconf 77' lang='grc' dir='ltr'><strong>τά</strong></span> <span class='ocrx_word' id='word_1_704' title='bbox 1133 4855 1189 4907; x_wconf 82' lang='grc' dir='ltr'>δὲ</span> <span class='ocrx_word' id='word_1_705' title='bbox 1216 4854 1351 4925; x_wconf 76' lang='grc' dir='ltr'>πρός</span> <span class='ocrx_word' id='word_1_706' title='bbox 1375 4871 1496 4907; x_wconf 81' lang='grc' dir='ltr'>τινα</span> <span class='ocrx_word' id='word_1_707' title='bbox 1525 4854 1709 4923; x_wconf 84' lang='grc' dir='ltr'>σχέσιν</span> <span class='ocrx_word' id='word_1_708' title='bbox 1740 4855 1868 4907; x_wconf 84' lang='grc' dir='ltr'>ὠνο-</span> 
     </span>
    </p>
   </div>
   <div class='ocr_carea' id='block_1_97' title="bbox 307 4944 1869 5013">
    <p class='ocr_par' dir='ltr' id='par_1_97' title="bbox 307 4944 1869 5013">
     <span class='ocr_line' id='line_1_97' title="bbox 307 4944 1869 5013; baseline 0.001 -17"><span class='ocrx_word' id='word_1_709' title='bbox 307 4945 551 5013; x_wconf 87' lang='grc' dir='ltr'>μασμένα</span> <span class='ocrx_word' id='word_1_710' title='bbox 574 4944 751 5011; x_wconf 78' lang='grc' dir='ltr'>ἐστίν;</span> <span class='ocrx_word' id='word_1_711' title='bbox 784 4944 971 4997; x_wconf 77' lang='grc' dir='ltr'>Αὐτῶν</span> <span class='ocrx_word' id='word_1_712' title='bbox 991 4944 1046 4997; x_wconf 84' lang='grc' dir='ltr'>δὲ</span> <span class='ocrx_word' id='word_1_713' title='bbox 1075 4944 1274 4997; x_wconf 83' lang='grc' dir='ltr'>τούτων</span> <span class='ocrx_word' id='word_1_714' title='bbox 1306 4944 1467 4997; x_wconf 81' lang='grc' dir='ltr'>πάλιν</span> <span class='ocrx_word' id='word_1_715' title='bbox 1488 4944 1636 4997; x_wconf 82' lang='grc' dir='ltr'>ἔστιν</span> <span class='ocrx_word' id='word_1_716' title='bbox 1663 4945 1697 4997; x_wconf 78' lang='grc' dir='ltr'><strong>ἆ</strong></span> <span class='ocrx_word' id='word_1_717' title='bbox 1728 4945 1869 4997; x_wconf 78' lang='grc' dir='ltr'>κατὰ</span> 
     </span>
    </p>
   </div>
   <div class='ocr_carea' id='block_1_98' title="bbox 303 5036 1866 5108">
    <p class='ocr_par' dir='ltr' id='par_1_98' title="bbox 303 5036 1866 5108">
     <span class='ocr_line' id='line_1_98' title="bbox 303 5036 1866 5108; baseline 0 -19"><span class='ocrx_word' id='word_1_718' title='bbox 303 5038 395 5108; x_wconf 78' lang='grc' dir='ltr'>τὴν</span> <span class='ocrx_word' id='word_1_719' title='bbox 426 5038 533 5091; x_wconf 84' lang='grc' dir='ltr'><strong>τῶν</strong></span> <span class='ocrx_word' id='word_1_720' title='bbox 566 5038 859 5108; x_wconf 82' lang='grc' dir='ltr'>χρωμένωί</span> <span class='ocrx_word' id='word_1_721' title='bbox 887 5036 1139 5107; x_wconf 80' lang='grc' dir='ltr'>βούλησιν</span> <span class='ocrx_word' id='word_1_722' title='bbox 1168 5036 1481 5106; x_wconf 77' lang='grc' dir='ltr'>ὲπιρῤεπῶς</span> <span class='ocrx_word' id='word_1_723' title='bbox 1513 5037 1648 5105; x_wconf 76' lang='grc' dir='ltr'>πρὸς</span> <span class='ocrx_word' id='word_1_724' title='bbox 1678 5037 1866 5090; x_wconf 81' lang='grc' dir='ltr'>ἑκάτε-</span> 
     </span>
    </p>
   </div>
   <div class='ocr_carea' id='block_1_99' title="bbox 305 5130 1866 5201">
    <p class='ocr_par' dir='ltr' id='par_1_99' title="bbox 305 5130 1866 5201">
     <span class='ocr_line' id='line_1_99' title="bbox 305 5130 1866 5201; baseline 0.001 -18"><span class='ocrx_word' id='word_1_725' title='bbox 305 5149 395 5201; x_wconf 89' lang='grc' dir='ltr'><strong>ρον</strong></span> <span class='ocrx_word' id='word_1_726' title='bbox 436 5133 586 5200; x_wconf 72' lang='grc' dir='ltr'>ἔχει’</span> <span class='ocrx_word' id='word_1_727' title='bbox 632 5131 668 5184; x_wconf 77' lang='grc' dir='ltr'><strong>ἃ.</strong></span> <span class='ocrx_word' id='word_1_728' title='bbox 716 5133 800 5199; x_wconf 82' lang='grc' dir='ltr'><strong>ἐφ’</strong></span> <span class='ocrx_word' id='word_1_729' title='bbox 853 5131 1060 5184; x_wconf 78' lang='grc' dir='ltr'>ἑαυτῶν</span> <span class='ocrx_word' id='word_1_730' title='bbox 1106 5131 1204 5200; x_wconf 80' lang='grc' dir='ltr'><strong>μὲν</strong></span> <span class='ocrx_word' id='word_1_731' title='bbox 1242 5130 1506 5199; x_wconf 81' lang='grc' dir='ltr'>λεγόμενα</span> <span class='ocrx_word' id='word_1_732' title='bbox 1537 5130 1635 5199; x_wconf 78' lang='grc' dir='ltr'><strong>τὴν</strong></span> <span class='ocrx_word' id='word_1_733' title='bbox 1690 5130 1866 5200; x_wconf 87' lang='grc' dir='ltr'>ἁπλῆν</span> 
     </span>
    </p>
   </div>
   <div class='ocr_carea' id='block_1_100' title="bbox 303 5222 1866 5293">
    <p class='ocr_par' dir='ltr' id='par_1_100' title="bbox 303 5222 1866 5293">
     <span class='ocr_line' id='line_1_100' title="bbox 303 5222 1866 5293; baseline 0.001 -19"><span class='ocrx_word' id='word_1_734' title='bbox 303 5224 631 5277; x_wconf 76' lang='grc' dir='ltr'>ἐνδείκνυται</span> <span class='ocrx_word' id='word_1_735' title='bbox 662 5222 910 5293; x_wconf 78' lang='grc' dir='ltr'>δύναμιν,</span> <span class='ocrx_word' id='word_1_736' title='bbox 956 5222 1347 5293; x_wconf 80' lang='grc' dir='ltr'>μετατιθέμενα</span> <span class='ocrx_word' id='word_1_737' title='bbox 1381 5223 1437 5276; x_wconf 86' lang='grc' dir='ltr'>δὲ</span> <span class='ocrx_word' id='word_1_738' title='bbox 1474 5222 1729 5286; x_wconf 82' lang='grc' dir='ltr'>πολλάκις</span> <span class='ocrx_word' id='word_1_739' title='bbox 1759 5224 1866 5275; x_wconf 85' lang='grc' dir='ltr'><strong>τῶν</strong></span> 
     </span>
    </p>
   </div>
   <div class='ocr_carea' id='block_1_101' title="bbox 304 5312 1868 5385">
    <p class='ocr_par' dir='ltr' id='par_1_101' title="bbox 304 5312 1868 5385">
     <span class='ocr_line' id='line_1_101' title="bbox 304 5312 1868 5385; baseline 0.002 -21"><span class='ocrx_word' id='word_1_740' title='bbox 304 5313 437 5382; x_wconf 81' lang='grc' dir='ltr'>πρός</span> <span class='ocrx_word' id='word_1_741' title='bbox 470 5331 522 5366; x_wconf 91' lang='grc' dir='ltr'><strong>τι</strong></span> <span class='ocrx_word' id='word_1_742' title='bbox 557 5313 784 5381; x_wconf 85' lang='grc' dir='ltr'>γίνεται.</span> <span class='ocrx_word' id='word_1_743' title='bbox 818 5315 925 5367; x_wconf 78' lang='grc' dir='ltr'>Καὶ</span> <span class='ocrx_word' id='word_1_744' title='bbox 957 5314 1042 5366; x_wconf 84' lang='grc' dir='ltr'>ἵνα</span> <span class='ocrx_word' id='word_1_745' title='bbox 1066 5314 1219 5385; x_wconf 84' lang='grc' dir='ltr'>μήτι</span> <span class='ocrx_word' id='word_1_746' title='bbox 1281 5314 1469 5384; x_wconf 71' lang='grc' dir='ltr'>πόρρω</span> <span class='ocrx_word' id='word_1_747' title='bbox 1503 5312 1611 5365; x_wconf 88' lang='grc' dir='ltr'><strong>τῶν</strong></span> <span class='ocrx_word' id='word_1_748' title='bbox 1649 5330 1868 5384; x_wconf 86' lang='grc' dir='ltr'>προκει-</span> 
     </span>
    </p>
   </div>
   <div class='ocr_carea' id='block_1_102' title="bbox 306 5403 1862 5476">
    <p class='ocr_par' dir='ltr' id='par_1_102' title="bbox 306 5403 1862 5476">
     <span class='ocr_line' id='line_1_102' title="bbox 306 5403 1862 5476; baseline 0.001 -21"><span class='ocrx_word' id='word_1_749' title='bbox 306 5403 477 5472; x_wconf 85' lang='grc' dir='ltr'>μένων</span> <span class='ocrx_word' id='word_1_750' title='bbox 508 5405 865 5475; x_wconf 79' lang='grc' dir='ltr'>ὑποδείγμασι</span> <span class='ocrx_word' id='word_1_751' title='bbox 893 5406 1173 5475; x_wconf 84' lang='grc' dir='ltr'>χρώμενος</span> <span class='ocrx_word' id='word_1_752' title='bbox 1211 5406 1536 5476; x_wconf 78' lang='grc' dir='ltr'>ὲπιμηκύνω</span> <span class='ocrx_word' id='word_1_753' title='bbox 1566 5405 1656 5457; x_wconf 75' lang='grc' dir='ltr'><strong>τὸν</strong></span> <span class='ocrx_word' id='word_1_754' title='bbox 1686 5406 1862 5472; x_wconf 81' lang='grc' dir='ltr'>λόγον,</span> 
     </span>
    </p>
   </div>
   <div class='ocr_carea' id='block_1_103' title="bbox 304 5489 1860 5566">
    <p class='ocr_par' dir='ltr' id='par_1_103' title="bbox 304 5489 1860 5566">
     <span class='ocr_line' id='line_1_103' title="bbox 304 5489 1860 5566; baseline 0 -19"><span class='ocrx_word' id='word_1_755' title='bbox 304 5489 361 5559; x_wconf 71' lang='grc' dir='ltr'><strong>ἐξ</strong></span> <span class='ocrx_word' id='word_1_756' title='bbox 402 5494 582 5547; x_wconf 86' lang='grc' dir='ltr'>αὐτῶν</span> <span class='ocrx_word' id='word_1_757' title='bbox 615 5493 720 5547; x_wconf 84' lang='grc' dir='ltr'><strong>τῶν</strong></span> <span class='ocrx_word' id='word_1_758' title='bbox 752 5494 1054 5563; x_wconf 84' lang='grc' dir='ltr'>δογμάτων,</span> <span class='ocrx_word' id='word_1_759' title='bbox 1104 5493 1133 5546; x_wconf 85' lang='grc' dir='ltr'><strong>ὃ</strong></span> <span class='ocrx_word' id='word_1_760' title='bbox 1166 5494 1328 5562; x_wconf 84' lang='grc' dir='ltr'>λέγω,</span> <span class='ocrx_word' id='word_1_761' title='bbox 1380 5494 1860 5566; x_wconf 81' lang='grc' dir='ltr'>σαφηνισθήσεται.</span> 
     </span>
    </p>
   </div>
   <div class='ocr_carea' id='block_1_104' title="bbox 386 5674 1864 5747">
    <p class='ocr_par' dir='ltr' id='par_1_104' title="bbox 386 5674 1864 5747">
     <span class='ocr_line' id='line_1_104' title="bbox 386 5674 1864 5747; baseline 0 -18"><span class='ocrx_word' id='word_1_762' title='bbox 386 5674 446 5729; x_wconf 85' lang='grc' dir='ltr'>ὐ</span> <span class='ocrx_word' id='word_1_763' title='bbox 478 5674 630 5738; x_wconf 77' lang='grc' dir='ltr'>Θεδς,</span> <span class='ocrx_word' id='word_1_764' title='bbox 662 5674 763 5743; x_wconf 68' lang='grc' dir='ltr'><strong>καὶ⁸</strong></span> <span class='ocrx_word' id='word_1_765' title='bbox 798 5674 988 5745; x_wconf 83' lang='grc' dir='ltr'>Πατὴρ</span> <span class='ocrx_word' id='word_1_766' title='bbox 1009 5713 1023 5736; x_wconf 97' lang='grc'><strong>,</strong></span> <span class='ocrx_word' id='word_1_767' title='bbox 1069 5676 1161 5727; x_wconf 74' lang='grc' dir='ltr'><strong>καὶ</strong></span> <span class='ocrx_word' id='word_1_768' title='bbox 1205 5676 1450 5745; x_wconf 70' lang='grc' dir='ltr'>βασιλεὺς</span> <span class='ocrx_word' id='word_1_769' title='bbox 1476 5677 1689 5747; x_wconf 86' lang='grc' dir='ltr'>λέγεται</span> <span class='ocrx_word' id='word_1_770' title='bbox 1715 5717 1728 5743; x_wconf 90' lang='grc'><strong>,</strong></span> <span class='ocrx_word' id='word_1_771' title='bbox 1771 5678 1864 5730; x_wconf 72' lang='grc' dir='ltr'><strong>καὶ</strong></span> 
     </span>
    </p>
   </div>
   <div class='ocr_carea' id='block_1_105' title="bbox 509 5769 1164 5833">
    <p class='ocr_par' dir='ltr' id='par_1_105' title="bbox 509 5769 1164 5833">
     <span class='ocr_line' id='line_1_105' title="bbox 509 5769 1164 5833; baseline -0.003 0"><span class='ocrx_word' id='word_1_772' title='bbox 509 5771 783 5833; x_wconf 65' lang='lat' dir='ltr'><strong>Parant.</strong></span> <span class='ocrx_word' id='word_1_773' title='bbox 832 5770 946 5828; x_wconf 80' lang='lat' dir='ltr'><strong>Gn.</strong></span> <span class='ocrx_word' id='word_1_774' title='bbox 988 5769 1164 5831; x_wconf 80' lang='lat' dir='ltr'><strong>XLV.</strong></span> 
     </span>
    </p>
   </div>
   <div class='ocr_carea' id='block_1_106' title="bbox 1974 4490 3542 4561">
    <p class='ocr_par' dir='ltr' id='par_1_106' title="bbox 1974 4490 3542 4561">
     <span class='ocr_line' id='line_1_106' title="bbox 1974 4490 3542 4561; baseline 0.001 -17"><span class='ocrx_word' id='word_1_775' title='bbox 1974 4492 2376 4557; x_wconf 88' lang='lat' dir='ltr'><strong>adsciscamus,</strong></span> <span class='ocrx_word' id='word_1_776' title='bbox 2408 4492 2552 4561; x_wconf 89' lang='lat' dir='ltr'><strong>quod</strong></span> <span class='ocrx_word' id='word_1_777' title='bbox 2592 4492 2888 4557; x_wconf 88' lang='lat' dir='ltr'><strong>neminem,</strong></span> <span class='ocrx_word' id='word_1_778' title='bbox 2917 4506 2984 4545; x_wconf 88' lang='lat' dir='ltr'><strong>ne</strong></span> <span class='ocrx_word' id='word_1_779' title='bbox 3013 4490 3170 4545; x_wconf 88' lang='lat' dir='ltr'><strong>valde</strong></span> <span class='ocrx_word' id='word_1_780' title='bbox 3207 4490 3428 4561; x_wconf 85' lang='lat' dir='ltr'><strong>quidem</strong></span> <span class='ocrx_word' id='word_1_781' title='bbox 3463 4490 3542 4547; x_wconf 85' lang='lat' dir='ltr'><strong>in-</strong></span> 
     </span>
    </p>
   </div>
   <div class='ocr_carea' id='block_1_107' title="bbox 1969 4582 3540 4654">
    <p class='ocr_par' dir='ltr' id='par_1_107' title="bbox 1969 4582 3540 4654">
     <span class='ocr_line' id='line_1_107' title="bbox 1969 4582 3540 4654; baseline 0.001 -19"><span class='ocrx_word' id='word_1_782' title='bbox 1969 4582 2197 4650; x_wconf 81' lang='lat' dir='ltr'><strong>fantem,</strong></span> <span class='ocrx_word' id='word_1_783' title='bbox 2225 4584 2317 4654; x_wconf 88' lang='lat' dir='ltr'><strong>qui</strong></span> <span class='ocrx_word' id='word_1_784' title='bbox 2348 4583 2525 4637; x_wconf 90' lang='lat' dir='ltr'><strong>adhuc</strong></span> <span class='ocrx_word' id='word_1_785' title='bbox 2553 4598 2583 4637; x_wconf 90' lang='lat' dir='ltr'><strong>a</strong></span> <span class='ocrx_word' id='word_1_786' title='bbox 2624 4583 2997 4653; x_wconf 76' lang='lat' dir='ltr'><strong>grammaticis</strong></span> <span class='ocrx_word' id='word_1_787' title='bbox 3042 4594 3097 4637; x_wconf 91' lang='lat' dir='ltr'><strong>et</strong></span> <span class='ocrx_word' id='word_1_788' title='bbox 3134 4583 3447 4654; x_wconf 76' lang='lat' dir='ltr'><strong>paedagogis</strong></span> <span class='ocrx_word' id='word_1_789' title='bbox 3484 4584 3540 4637; x_wconf 88' lang='lat' dir='ltr'><strong>in</strong></span> 
     </span>
    </p>
   </div>
   <div class='ocr_carea' id='block_1_108' title="bbox 1973 4673 3543 4743">
    <p class='ocr_par' dir='ltr' id='par_1_108' title="bbox 1973 4673 3543 4743">
     <span class='ocr_line' id='line_1_108' title="bbox 1973 4673 3543 4743; baseline -0.001 -15"><span class='ocrx_word' id='word_1_790' title='bbox 1973 4673 2255 4728; x_wconf 89' lang='lat' dir='ltr'><strong>nominum</strong></span> <span class='ocrx_word' id='word_1_791' title='bbox 2310 4673 2702 4729; x_wconf 86' lang='lat' dir='ltr'><strong>discendorum</strong></span> <span class='ocrx_word' id='word_1_792' title='bbox 2756 4681 2873 4727; x_wconf 90' lang='lat' dir='ltr'><strong>arte</strong></span> <span class='ocrx_word' id='word_1_793' title='bbox 2926 4681 3243 4739; x_wconf 85' lang='lat' dir='ltr'><strong>exercetur,</strong></span> <span class='ocrx_word' id='word_1_794' title='bbox 3285 4674 3543 4743; x_wconf 83' lang='lat' dir='ltr'><strong>ignorare</strong></span> 
     </span>
    </p>
   </div>
   <div class='ocr_carea' id='block_1_109' title="bbox 1970 4760 3542 4832">
    <p class='ocr_par' dir='ltr' id='par_1_109' title="bbox 1970 4760 3542 4832">
     <span class='ocr_line' id='line_1_109' title="bbox 1970 4760 3542 4832; baseline -0.001 -14"><span class='ocrx_word' id='word_1_795' title='bbox 1970 4762 2241 4818; x_wconf 79' lang='lat' dir='ltr'><strong>existimo.</strong></span> <span class='ocrx_word' id='word_1_796' title='bbox 2265 4760 2400 4830; x_wconf 87' lang='lat' dir='ltr'><strong>Quis</strong></span> <span class='ocrx_word' id='word_1_797' title='bbox 2423 4764 2568 4817; x_wconf 90' lang='lat' dir='ltr'><strong>enim</strong></span> <span class='ocrx_word' id='word_1_798' title='bbox 2600 4762 2778 4817; x_wconf 88' lang='lat' dir='ltr'><strong>nescit</strong></span> <span class='ocrx_word' id='word_1_799' title='bbox 2812 4762 3092 4816; x_wconf 91' lang='lat' dir='ltr'><strong>nominum</strong></span> <span class='ocrx_word' id='word_1_800' title='bbox 3133 4762 3384 4832; x_wconf 56' lang='lat' dir='ltr'><strong>quaedam</strong></span> <span class='ocrx_word' id='word_1_801' title='bbox 3419 4778 3542 4817; x_wconf 89' lang='lat' dir='ltr'><strong>esse</strong></span> 
     </span>
    </p>
   </div>
   <div class='ocr_carea' id='block_1_110' title="bbox 1977 4853 3541 4923">
    <p class='ocr_par' dir='ltr' id='par_1_110' title="bbox 1977 4853 3541 4923">
     <span class='ocr_line' id='line_1_110' title="bbox 1977 4853 3541 4923; baseline -0.002 -16"><span class='ocrx_word' id='word_1_802' title='bbox 1977 4854 2250 4920; x_wconf 79' lang='lat' dir='ltr'><strong>absoluta,</strong></span> <span class='ocrx_word' id='word_1_803' title='bbox 2299 4860 2354 4908; x_wconf 90' lang='lat' dir='ltr'><strong>et</strong></span> <span class='ocrx_word' id='word_1_804' title='bbox 2407 4853 2587 4908; x_wconf 89' lang='lat' dir='ltr'><strong>omnis</strong></span> <span class='ocrx_word' id='word_1_805' title='bbox 2654 4860 2940 4923; x_wconf 88' lang='lat' dir='ltr'><strong>respectus</strong></span> <span class='ocrx_word' id='word_1_806' title='bbox 2981 4853 3250 4922; x_wconf 82' lang='lat' dir='ltr'><strong>expertia,</strong></span> <span class='ocrx_word' id='word_1_807' title='bbox 3290 4853 3541 4923; x_wconf 60' lang='lat' dir='ltr'><strong>quaedam</strong></span> 
     </span>
    </p>
   </div>
   <div class='ocr_carea' id='block_1_111' title="bbox 1976 4943 3541 5015">
    <p class='ocr_par' dir='ltr' id='par_1_111' title="bbox 1976 4943 3541 5015">
     <span class='ocr_line' id='line_1_111' title="bbox 1976 4943 3541 5015; baseline -0.001 -16"><span class='ocrx_word' id='word_1_808' title='bbox 1976 4960 2109 5000; x_wconf 85' lang='lat' dir='ltr'><strong>vero</strong></span> <span class='ocrx_word' id='word_1_809' title='bbox 2134 4944 2201 4997; x_wconf 90' lang='lat' dir='ltr'><strong>ad</strong></span> <span class='ocrx_word' id='word_1_810' title='bbox 2229 4944 2376 4999; x_wconf 92' lang='lat' dir='ltr'><strong>aliud</strong></span> <span class='ocrx_word' id='word_1_811' title='bbox 2411 4944 2690 5015; x_wconf 87' lang='lat' dir='ltr'><strong>quidpiam</strong></span> <span class='ocrx_word' id='word_1_812' title='bbox 2724 4953 3035 5013; x_wconf 84' lang='lat' dir='ltr'><strong>respectum</strong></span> <span class='ocrx_word' id='word_1_813' title='bbox 3068 4944 3307 5000; x_wconf 82' lang='lat' dir='ltr'><strong>habere?</strong></span> <span class='ocrx_word' id='word_1_814' title='bbox 3345 4943 3421 4999; x_wconf 77' lang='lat' dir='ltr'><strong>Ex</strong></span> <span class='ocrx_word' id='word_1_815' title='bbox 3452 4944 3541 4998; x_wconf 86' lang='lat' dir='ltr'><strong>his</strong></span> 
     </span>
    </p>
   </div>
   <div class='ocr_carea' id='block_1_112' title="bbox 1975 5036 3543 5106">
    <p class='ocr_par' dir='ltr' id='par_1_112' title="bbox 1975 5036 3543 5106">
     <span class='ocr_line' id='line_1_112' title="bbox 1975 5036 3543 5106; baseline -0.002 -15"><span class='ocrx_word' id='word_1_816' title='bbox 1975 5053 2171 5091; x_wconf 85' lang='lat' dir='ltr'><strong>rursus</strong></span> <span class='ocrx_word' id='word_1_817' title='bbox 2206 5036 2468 5091; x_wconf 87' lang='lat' dir='ltr'><strong>nonnulla</strong></span> <span class='ocrx_word' id='word_1_818' title='bbox 2498 5038 2872 5104; x_wconf 86' lang='lat' dir='ltr'><strong>inveniuntur,</strong></span> <span class='ocrx_word' id='word_1_819' title='bbox 2901 5051 3023 5106; x_wconf 64' lang='lat' dir='ltr'><strong>qum</strong></span> <span class='ocrx_word' id='word_1_820' title='bbox 3054 5052 3120 5092; x_wconf 79' lang='lat' dir='ltr'><strong>ex</strong></span> <span class='ocrx_word' id='word_1_821' title='bbox 3148 5037 3416 5092; x_wconf 88' lang='lat' dir='ltr'><strong>utentium</strong></span> <span class='ocrx_word' id='word_1_822' title='bbox 3451 5050 3543 5088; x_wconf 82' lang='lat' dir='ltr'><strong>ar-</strong></span> 
     </span>
    </p>
   </div>
   <div class='ocr_carea' id='block_1_113' title="bbox 1975 5127 3544 5200">
    <p class='ocr_par' dir='ltr' id='par_1_113' title="bbox 1975 5127 3544 5200">
     <span class='ocr_line' id='line_1_113' title="bbox 1975 5127 3544 5200; baseline -0.002 -18"><span class='ocrx_word' id='word_1_823' title='bbox 1975 5128 2145 5183; x_wconf 85' lang='lat' dir='ltr'><strong>bitrio</strong></span> <span class='ocrx_word' id='word_1_824' title='bbox 2197 5129 2265 5183; x_wconf 87' lang='lat' dir='ltr'><strong>ad</strong></span> <span class='ocrx_word' id='word_1_825' title='bbox 2319 5129 2638 5183; x_wconf 88' lang='lat' dir='ltr'><strong>utrumlibet</strong></span> <span class='ocrx_word' id='word_1_826' title='bbox 2682 5136 2807 5199; x_wconf 84' lang='lat' dir='ltr'><strong>apta</strong></span> <span class='ocrx_word' id='word_1_827' title='bbox 2849 5138 2999 5193; x_wconf 92' lang='lat' dir='ltr'><strong>sunt,</strong></span> <span class='ocrx_word' id='word_1_828' title='bbox 3052 5146 3174 5200; x_wconf 67' lang='lat' dir='ltr'><strong>qua:</strong></span> <span class='ocrx_word' id='word_1_829' title='bbox 3214 5127 3544 5198; x_wconf 89' lang='lat' dir='ltr'><strong>simpliciter</strong></span> 
     </span>
    </p>
   </div>
   <div class='ocr_carea' id='block_1_114' title="bbox 1974 5216 3541 5291">
    <p class='ocr_par' dir='ltr' id='par_1_114' title="bbox 1974 5216 3541 5291">
     <span class='ocr_line' id='line_1_114' title="bbox 1974 5216 3541 5291; baseline -0.004 -18"><span class='ocrx_word' id='word_1_830' title='bbox 1974 5221 2182 5288; x_wconf 88' lang='lat' dir='ltr'><strong>prolata</strong></span> <span class='ocrx_word' id='word_1_831' title='bbox 2225 5220 2277 5274; x_wconf 86' lang='lat' dir='ltr'><strong>vi</strong></span> <span class='ocrx_word' id='word_1_832' title='bbox 2317 5236 2539 5290; x_wconf 89' lang='lat' dir='ltr'><strong>quoque</strong></span> <span class='ocrx_word' id='word_1_833' title='bbox 2585 5220 2826 5291; x_wconf 90' lang='lat' dir='ltr'><strong>simplici</strong></span> <span class='ocrx_word' id='word_1_834' title='bbox 2862 5230 3155 5282; x_wconf 87' lang='lat' dir='ltr'><strong>constant,.</strong></span> <span class='ocrx_word' id='word_1_835' title='bbox 3197 5216 3541 5285; x_wconf 82' lang='lat' dir='ltr'><strong>transposita</strong></span> 
     </span>
    </p>
   </div>
   <div class='ocr_carea' id='block_1_115' title="bbox 1973 5305 3541 5380">
    <p class='ocr_par' dir='ltr' id='par_1_115' title="bbox 1973 5305 3541 5380">
     <span class='ocr_line' id='line_1_115' title="bbox 1973 5305 3541 5380; baseline -0.004 -17"><span class='ocrx_word' id='word_1_836' title='bbox 1973 5324 2104 5365; x_wconf 85' lang='lat' dir='ltr'><strong>vero</strong></span> <span class='ocrx_word' id='word_1_837' title='bbox 2134 5310 2333 5380; x_wconf 67' lang='lat' dir='ltr'><strong>sazpius</strong></span> <span class='ocrx_word' id='word_1_838' title='bbox 2364 5310 2590 5365; x_wconf 88' lang='lat' dir='ltr'><strong>relativa</strong></span> <span class='ocrx_word' id='word_1_839' title='bbox 2632 5310 2789 5366; x_wconf 90' lang='lat' dir='ltr'><strong>ﬁunt.</strong></span> <span class='ocrx_word' id='word_1_840' title='bbox 2844 5311 2908 5364; x_wconf 89' lang='lat' dir='ltr'><strong>Et</strong></span> <span class='ocrx_word' id='word_1_841' title='bbox 2949 5326 3017 5366; x_wconf 91' lang='lat' dir='ltr'><strong>ne</strong></span> <span class='ocrx_word' id='word_1_842' title='bbox 3048 5306 3291 5369; x_wconf 89' lang='lat' dir='ltr'><strong>aliunde,</strong></span> <span class='ocrx_word' id='word_1_843' title='bbox 3346 5305 3541 5372; x_wconf 85' lang='lat' dir='ltr'><strong>procul</strong></span> 
     </span>
    </p>
   </div>
   <div class='ocr_carea' id='block_1_116' title="bbox 1971 5396 3539 5472">
    <p class='ocr_par' dir='ltr' id='par_1_116' title="bbox 1971 5396 3539 5472">
     <span class='ocr_line' id='line_1_116' title="bbox 1971 5396 3539 5472; baseline -0.003 -18"><span class='ocrx_word' id='word_1_844' title='bbox 1971 5401 2040 5454; x_wconf 89' lang='lat' dir='ltr'><strong>ab</strong></span> <span class='ocrx_word' id='word_1_845' title='bbox 2072 5402 2325 5456; x_wconf 89' lang='lat' dir='ltr'><strong>instituto</strong></span> <span class='ocrx_word' id='word_1_846' title='bbox 2356 5409 2567 5465; x_wconf 90' lang='lat' dir='ltr'><strong>nostro,</strong></span> <span class='ocrx_word' id='word_1_847' title='bbox 2612 5404 2877 5472; x_wconf 78' lang='lat' dir='ltr'><strong>exemplis</strong></span> <span class='ocrx_word' id='word_1_848' title='bbox 2908 5399 3191 5455; x_wconf 90' lang='lat' dir='ltr'><strong>accersitis</strong></span> <span class='ocrx_word' id='word_1_849' title='bbox 3216 5396 3393 5450; x_wconf 89' lang='lat' dir='ltr'><strong>oratio</strong></span> <span class='ocrx_word' id='word_1_850' title='bbox 3417 5396 3539 5449; x_wconf 87' lang='lat' dir='ltr'><strong>Ion-</strong></span> 
     </span>
    </p>
   </div>
   <div class='ocr_carea' id='block_1_117' title="bbox 1971 5486 3538 5565">
    <p class='ocr_par' dir='ltr' id='par_1_117' title="bbox 1971 5486 3538 5565">
     <span class='ocr_line' id='line_1_117' title="bbox 1971 5486 3538 5565; baseline -0.003 -20"><span class='ocrx_word' id='word_1_851' title='bbox 1971 5492 2090 5560; x_wconf 76' lang='lat' dir='ltr'><strong>gior</strong></span> <span class='ocrx_word' id='word_1_852' title='bbox 2117 5492 2336 5557; x_wconf 83' lang='lat' dir='ltr'><strong>evadat,</strong></span> <span class='ocrx_word' id='word_1_853' title='bbox 2370 5508 2434 5547; x_wconf 80' lang='lat' dir='ltr'><strong>ex</strong></span> <span class='ocrx_word' id='word_1_854' title='bbox 2464 5493 2596 5565; x_wconf 91' lang='lat' dir='ltr'><strong>ipsis</strong></span> <span class='ocrx_word' id='word_1_855' title='bbox 2628 5493 2996 5564; x_wconf 79' lang='lat' dir='ltr'><strong>dogmatibus,</strong></span> <span class='ocrx_word' id='word_1_856' title='bbox 3020 5489 3087 5543; x_wconf 90' lang='lat' dir='ltr'><strong>de</strong></span> <span class='ocrx_word' id='word_1_857' title='bbox 3116 5488 3315 5557; x_wconf 88' lang='lat' dir='ltr'><strong>quibus</strong></span> <span class='ocrx_word' id='word_1_858' title='bbox 3345 5486 3538 5558; x_wconf 85' lang='lat' dir='ltr'><strong>dispu-</strong></span> 
     </span>
    </p>
   </div>
   <div class='ocr_carea' id='block_1_118' title="bbox 1974 5576 3540 5654">
    <p class='ocr_par' dir='ltr' id='par_1_118' title="bbox 1974 5576 3540 5654">
     <span class='ocr_line' id='line_1_118' title="bbox 1974 5576 3540 5654; baseline -0.004 -16"><span class='ocrx_word' id='word_1_859' title='bbox 1974 5585 2105 5638; x_wconf 88' lang='lat' dir='ltr'><strong>tatio</strong></span> <span class='ocrx_word' id='word_1_860' title='bbox 2132 5594 2387 5654; x_wconf 86' lang='lat' dir='ltr'><strong>suscepta</strong></span> <span class='ocrx_word' id='word_1_861' title='bbox 2417 5593 2521 5649; x_wconf 90' lang='lat' dir='ltr'><strong>est,</strong></span> <span class='ocrx_word' id='word_1_862' title='bbox 2555 5585 2605 5638; x_wconf 92' lang='lat' dir='ltr'><strong>id</strong></span> <span class='ocrx_word' id='word_1_863' title='bbox 2646 5583 2790 5654; x_wconf 92' lang='lat' dir='ltr'><strong>quod</strong></span> <span class='ocrx_word' id='word_1_864' title='bbox 2818 5576 3026 5644; x_wconf 87' lang='lat' dir='ltr'><strong>assero,</strong></span> <span class='ocrx_word' id='word_1_865' title='bbox 3053 5580 3273 5650; x_wconf 90' lang='lat' dir='ltr'><strong>planum</strong></span> <span class='ocrx_word' id='word_1_866' title='bbox 3318 5578 3540 5636; x_wconf 79' lang='lat' dir='ltr'><strong>faciam.</strong></span> 
     </span>
    </p>
   </div>
   <div class='ocr_carea' id='block_1_119' title="bbox 2046 5672 3542 5745">
    <p class='ocr_par' dir='ltr' id='par_1_119' title="bbox 2046 5672 3542 5745">
     <span class='ocr_line' id='line_1_119' title="bbox 2046 5672 3542 5745; baseline -0.004 -13"><span class='ocrx_word' id='word_1_867' title='bbox 2046 5678 2190 5734; x_wconf 87' lang='lat' dir='ltr'><strong>Deus</strong></span> <span class='ocrx_word' id='word_1_868' title='bbox 2226 5684 2334 5731; x_wconf 89' lang='lat' dir='ltr'><strong>tam</strong></span> <span class='ocrx_word' id='word_1_869' title='bbox 2367 5675 2525 5732; x_wconf 86' lang='lat' dir='ltr'><strong>Pater</strong></span> <span class='ocrx_word' id='word_1_870' title='bbox 2554 5689 2716 5745; x_wconf 90' lang='lat' dir='ltr'><strong>quam</strong></span> <span class='ocrx_word' id='word_1_871' title='bbox 2750 5689 2844 5729; x_wconf 78' lang='lat' dir='ltr'><strong>rex</strong></span> <span class='ocrx_word' id='word_1_872' title='bbox 2874 5672 3200 5743; x_wconf 85' lang='lat' dir='ltr'><strong>appellatur,</strong></span> <span class='ocrx_word' id='word_1_873' title='bbox 3230 5682 3284 5729; x_wconf 90' lang='lat' dir='ltr'><strong>et</strong></span> <span class='ocrx_word' id='word_1_874' title='bbox 3312 5686 3542 5731; x_wconf 76' lang='lat' dir='ltr'><strong>sexcen-</strong></span> 
     </span>
    </p>
   </div>
   <div class='ocr_carea' id='block_1_120' title="bbox 3060 5766 3134 5828">
    <p class='ocr_par' dir='ltr' id='par_1_120' title="bbox 3060 5766 3134 5828">
     <span class='ocr_line' id='line_1_120' title="bbox 3060 5766 3134 5828; baseline 0 0"><span class='ocrx_word' id='word_1_875' title='bbox 3060 5766 3134 5828; x_wconf 77' lang='grc'><strong>14</strong></span> 
     </span>
    </p>
   </div>
  </div>
