4068 6148
390 255 494 312 ὒῖῗ

1653 264 1709 317 S.
1737 263 2058 320 GREGORH
2089 261 2383 321 NYSSENI

3531 261 3635 320 ΩΒ

396 376 463 431 tis
502 381 624 435 aliis
660 381 974 436 nominibus
1003 394 1031 434 a
1072 396 1229 436 saera
1265 381 1548 451 Scriptura
1580 384 1832 439 aﬁicitur.
1884 384 1959 438 Ex

2094 386 2279 456 ιυρίοις
2308 385 2563 455 ὀνόμασιν
2591 384 2767 446 ἄλλοις
2799 381 2943 454 παρά
2980 380 3079 451 τῆς
3105 381 3264 451 άγῖας
3280 379 3503 452 Γραφῆς
3530 380 3643 434 ὀνο.

396 472 481 527 his
512 472 675 543 igitur
697 472 1031 536 nominibus,
1061 474 1310 543 quaedam
1338 474 1587 530 absolute
1618 484 1671 529 et
1697 477 1818 531 sine
1845 477 1960 530 ullo

399 564 465 618 ad
507 565 655 618 aliud
686 572 959 633 respectu,
986 565 1236 625 solitarie
1283 574 1338 621 et
1382 582 1477 637 per
1498 582 1561 621 se
1598 582 1863 636 usurpare
1896 567 1965 621 li-

398 655 701 724 cet,qualia
733 665 861 710 sunt
879 656 1291 723 incorruptibilis
1317 656 1381 723 “,
1402 668 1627 711 wternus
1648 658 1714 723 ³⁵⁸,
1743 660 1963 711 immor-

402 744 608 809 talis“,
659 753 709 800 et
749 746 793 801 si
843 762 964 815 qua:
1011 748 1116 800 alia
1164 757 1293 802 sunt
1352 748 1518 817 hujus
1572 750 1767 804 classis
1806 770 1818 804 :
1852 751 1967 804 haec

400 837 568 900 enim,
600 836 725 891 licet
750 838 887 891 nihil
922 838 1069 891 aliud
1120 840 1501 907 subaudiatur,
1544 842 1845 909 perfectum
1901 842 1969 896 de

403 926 513 982 Deo
546 936 871 998 conceptum
905 929 1252 998 ingenerant.
1308 931 1428 985 Alia
1475 948 1607 985 vero
1638 932 1859 986 nomina
1915 932 1969 985 id

404 1019 602 1083 solum,
635 1019 781 1088 quod
813 1019 881 1073 ad
929 1021 1138 1089 aliquid
1192 1022 1326 1075 utile
1359 1032 1464 1089 est,
1516 1023 1848 1092 signiﬁcant,
1910 1031 1967 1077 ut

404 1116 490 1164 est
540 1110 757 1173 adiutor
775 1110 841 1175 ⁵⁷,
894 1121 1253 1179 propugnator
1274 1112 1338 1176 ⁸⁸,
1381 1114 1736 1181 susceptor“,
1789 1121 1841 1167 et
1871 1128 1973 1167 cae-

404 1206 522 1249 tera
548 1196 713 1266 hujus
760 1200 996 1268 generis.
1050 1198 1202 1254 Tolle
1245 1201 1387 1256 enim
1421 1217 1567 1266 eum,
1620 1202 1712 1271 qui
1769 1202 1974 1257 auxilio

409 1296 601 1355 egeat,
651 1289 763 1358 jam
806 1291 982 1345 otiosa
1028 1291 1135 1345 erit
1189 1291 1274 1346 his
1333 1293 1614 1348 vocabulis
1673 1294 1975 1363 signiﬁcata

415 1378 611 1431 virtus.
641 1379 781 1432 Sunt
819 1388 1001 1435 autem
1051 1382 1296 1450 quaedam
1349 1383 1648 1446 vocabula,
1708 1391 1765 1437 ut
1816 1391 1977 1439 antea

415 1467 624 1530 dixi,et
664 1468 910 1524 absolute
935 1477 989 1525 et
1025 1471 1197 1526 relate
1243 1472 1497 1540 usurpari
1559 1474 1743 1538 solita,
1796 1484 1854 1529 ut
1895 1482 1977 1529 est

414 1557 577 1621 Deus,
613 1557 775 1611 bonus
793 1558 861 1622 5°,
918 1566 973 1613 et
998 1559 1233 1624 similia;
1266 1576 1371 1615 non
1402 1562 1548 1615 enim
1581 1578 1797 1632 semper
1837 1573 1891 1617 et
1920 1564 1977 1616 in

413 1648 669 1701 omnibus
702 1664 862 1703 meus
899 1650 952 1703 in
991 1650 1243 1706 absoluto
1272 1659 1458 1706 manet
1502 1671 1515 1705 ε
1552 1669 1676 1708 nam
1723 1655 1815 1724 qui
1860 1656 1980 1708 uni-

2069 479 2315 550 μάζεται.
2358 478 2512 530 Ἔστι
2555 477 2732 530 τοίνυν
2765 478 2827 529 ἐκ
2856 476 2963 530 τῶν
2997 475 3276 545 ὀνομάτων
3314 475 3541 539 τούτων,
3577 473 3641 527 τὸ

2068 569 2165 639 μὲν
2192 566 2377 630 ἁπλῶς
2409 567 2579 629 οὕτως
2619 567 2702 635 ἐφ’
2728 564 2919 619 ἑαυτοῦ
2954 565 3322 636 μεμνημένον,
3354 563 3645 626 ἀπολύτως

2066 661 2253 725 εἰπεῖν,
2299 656 2429 721 οἷον,
2467 658 2785 727 ἄφθαρτος,
2820 656 3075 722 αἰώνιος,
3110 656 3429 722 ἀθάνατος,
3467 654 3563 708 καὶ
3594 654 3650 708 εῐ

2067 769 2116 804 τι
2143 752 2270 804 ἄλλο
2298 750 2553 803 τοιοῦτον.
2590 748 2770 802 Ταῦτα
2796 748 2905 820 γὰρ
2930 790 2943 813 ,
2977 746 3079 802 κᾶν
3108 748 3270 819 μηδὲν
3301 747 3484 818 ἕτερον
3519 764 3647 799 συν-

2070 843 2406 911 υπακούηται
2453 843 2669 912 νόημα,
2726 840 3143 911 ἀπηρτισμένην
3186 839 3306 893 τινά
3348 839 3477 909 περί
3509 837 3683 909 Θεοῦ,

2069 932 2166 1001 τὴν
2198 931 2433 983 διάνοιαν
2464 932 2521 984 έν
2551 932 2761 994 ἑαυτοῖς
2809 931 3160 1001 περιγράφει.
3191 930 3397 999 Ἕτερα
3445 928 3500 981 δὲ
3533 928 3647 981 τῶν

2071 1022 2346 1093 ὀνομάτων
2389 1023 2449 1075 τὸ
2495 1023 2633 1093 πρὸς
2665 1040 2717 1074 τι
2750 1023 3018 1093 χρήσιμον
3050 1020 3419 1090 ἀποσημαίνει
3464 1019 3649 1088 μόνον,

2072 1110 2147 1172 ὡς
2171 1110 2421 1177 βοηθὸς,
2460 1112 2552 1163 καὶ
2590 1108 3066 1177 ὑπερασπιστὴς,
3112 1110 3203 1162 καὶ
3247 1107 3649 1176 ἀντιλήπτωρ,

2075 1200 2168 1252 καὶ
2196 1201 2293 1252 ὅσα
2323 1200 2419 1269 τῆς
2467 1199 2720 1267 τοιαύτης
2749 1198 3023 1268 σημασίας
3067 1198 3378 1267 εὑρίσκεται
3405 1211 3417 1226 ⁸
3450 1190 3527 1251 ὧν
3555 1197 3653 1249 ὲάν

2077 1292 2279 1363 ὑφέλῃς
2304 1291 2364 1366 to
2394 1293 2491 1360 τῆς
2524 1289 2771 1360 βοηθείας
2803 1290 3072 1360 δεόμενον,
3104 1289 3345 1359 ἦργησεν
3372 1289 3405 1359 ἡ
3437 1289 3647 1359 ἐμφαι-

2078 1383 2276 1454 νομένη
2310 1381 2388 1452 τῷ
2434 1382 2655 1449 ὀνόματι
2703 1379 2951 1449 δύναμις.
2983 1381 3139 1433 Ἔστι
3183 1379 3239 1431 δέ
3271 1394 3393 1431 τινα
3420 1420 3435 1446 ,
3466 1376 3655 1441 καθὼς

2079 1474 2436 1546 προείρηται,
2468 1473 2560 1524 καὶ
2590 1472 2675 1539 ἐφ’
2703 1471 2910 1523 ἑαυτῶν
2951 1471 3043 1523 καὶ
3088 1468 3226 1540 μετά
3271 1468 3380 1523 τῶν
3418 1469 3556 1539 πρός
3599 1487 3657 1521 τι

2079 1560 2364 1628 λεγόμενα,
2408 1553 2518 1612 οἷον
2551 1558 2630 1621 τὸ,
2680 1557 2825 1622 Θεὸς
2846 1599 2859 1621 ,
2894 1559 2987 1610 καὶ
3018 1557 3111 1623 τὸ,
3142 1558 3382 1626 ἀγαθὸς,
3413 1560 3505 1611 καὶ
3553 1559 3659 1612 ὅσα

2082 1650 2319 1702 τοιαῦτα.
2351 1649 2425 1701 Oi)
2452 1649 2561 1720 γὰρ
2594 1647 2752 1719 μέχρι
2779 1648 2977 1711 παντὸς
2996 1649 3053 1701 ὲν
3075 1647 3154 1717 τῷ
3179 1647 3429 1717 ἀπολύτῳ
3451 1647 3660 1701 τούτων

415 1752 697 1792 versorum
727 1738 868 1795 Deus
897 1748 1001 1804 est,
1040 1756 1183 1810 saepe
1222 1744 1476 1812 preprius
1515 1743 1658 1812 ejus,
1698 1744 1790 1813 qui
1831 1747 1979 1799 invo-

2094 1740 2326 1809 διαμένει
2376 1741 2410 1809 ἡ
2459 1738 2655 1792 ἔννοια.
2707 1739 2764 1791 'O
2797 1738 2904 1807 γὰρ
2940 1739 3168 1791 καθόλου
3201 1737 3368 1806 Θεὸς,
3403 1739 3531 1803 ἴδιος
3561 1739 3659 1792 τοῦ

414 1838 523 1891 cat,
548 1827 977 1898 eﬁicitur,prout
1008 1833 1185 1886 sancti
1214 1848 1315 1887 nos
1349 1833 1567 1896 docent,
1596 1835 1689 1903 qui
1726 1846 1979 1889 naturam

414 1918 620 1972 nullius
666 1919 908 1973 dominio
960 1920 1259 1990 subjectam
1296 1924 1493 1977 crebro
1550 1924 1654 1978 sibi
1694 1927 1976 1994 propriam

417 2008 929 2065 faciant:Sanctus
983 2010 1240 2066 Dominus
1298 2013 1455 2068 Deus.
1510 2014 1633 2068 Haec
1698 2017 1984 2085 hucusque

418 2101 671 2155 absoluta
699 2110 862 2167 sunt;
899 2103 995 2157 sed
1018 2105 1111 2173 qui
1143 2104 1413 2175 adjungit,
1448 2116 1643 2171 noster,
1682 2107 1771 2160 ille
1817 2084 1984 2161 causa

418 2202 522 2260 est,
574 2208 674 2248 cur
720 2194 824 2248 hoc
868 2208 1068 2248 nomen
1100 2209 1209 2247 non
1255 2197 1431 2264 possit
1466 2196 1701 2265 amplius
1737 2196 1987 2250 absolute

419 2294 475 2339 et
524 2286 643 2340 sine
683 2285 952 2339 relatione
994 2285 1201 2355 accipi;
1257 2286 1384 2355 quia
1440 2286 1763 2341 habitudine
1812 2285 1879 2339 ad
1928 2302 1989 2341 se

421 2380 786 2449 signiﬁcatum
824 2380 927 2435 sibi
961 2382 1240 2450 proprium
1271 2381 1529 2434 reddidit.
1579 2380 1783 2434 lterum
1824 2378 1991 2448 Spiri-

422 2476 563 2529 ritus
594 2474 795 2527 clamat
828 2491 841 2526 :
873 2471 1023 2525 Abba
1047 2469 1203 2527 Pater
1224 2475 1294 2528 ⁸¹.
1346 2472 1470 2527 Haec
1503 2488 1603 2527 vox
1638 2471 1821 2525 Patris
1865 2486 1991 2542 par-

420 2565 639 2621 ticulari
678 2565 861 2635 aliqua
893 2563 1215 2621 habitudine
1246 2574 1415 2619 caret.
1444 2563 1550 2619 Sed
1584 2579 1706 2618 cum
1746 2573 1987 2617 nostrum

380 2720 381 2723 η
422 2659 516 2727 qui
550 2665 635 2713 est
683 2657 738 2710 in
791 2656 970 2721 caelis,
1018 2657 1349 2725 compellare
1380 2656 1726 2724 jubemur“,
1788 2670 1985 2710 rursus

424 2746 757 2817 signiﬁcatio
824 2745 1203 2800 habitudinem
1261 2746 1460 2804 induit.
1513 2746 1989 2812 Quemadmodum

426 2839 614 2909 igitur,
644 2838 738 2908 qui
772 2837 1158 2891 universorum
1200 2836 1369 2891 Deum
1415 2838 1519 2893 sihi
1560 2839 1839 2908 proprium
1879 2838 1993 2893 elli-

424 2933 524 2996 cil,
574 2920 715 2984 nihil
754 2930 973 2999 penitus
1007 2929 1077 2983 de
1118 2928 1238 2997 ejus
1282 2930 1334 2982 in
1372 2945 1458 2985 res
1504 2945 1694 2985 omnes
1724 2937 1995 3000 potestate

427 3019 663 3076 detrahit
698 3038 711 3073 :
745 3021 825 3075 sic
860 3020 995 3073 nihil
1038 3019 1244 3082 obstat,
1275 3020 1511 3084 Patrem,
1537 3030 1590 3075 et
1621 3037 1744 3076 cum
1782 3023 1875 3092 qui
1909 3030 1991 3076 est

427 3130 493 3168 ex
523 3115 666 3183 ipso,
693 3112 876 3168 omnis
904 3112 1166 3165 nimirum
1212 3121 1482 3167 creatura:
1546 3112 1989 3183 primogenitum,

428 3213 820 3276 reprarsentare
859 3203 1038 3258 Patris
1082 3203 1471 3273 appellatione,
1528 3204 1692 3256 etiam
1751 3201 1870 3255 Filii
1927 3218 1994 3256 ex

428 3301 549 3368 ipso
582 3296 992 3369 generationem
1051 3294 1416 3365 signiﬁcante,
1475 3300 1530 3346 et
1576 3291 1710 3346 illud
1772 3292 1998 3361 insuper

428 3389 620 3443 eadem
662 3402 796 3441 voce
819 3385 1112 3449 declarari,
1170 3382 1393 3437 Patrem
1426 3397 1455 3434 a
1511 3382 1659 3434 nulla
1710 3382 1999 3451 superiore

430 3493 597 3533 causa
626 3493 773 3531 esse.
834 3474 971 3529 Nam
1006 3474 1100 3543 qui
1135 3473 1369 3541 primum
1410 3470 1626 3526 Patrem
1650 3475 1917 3537 nominat,
1954 3473 1999 3528 is

430 3583 555 3623 eum
590 3570 684 3636 qui
716 3573 844 3619 ante
880 3565 1069 3619 omnia
1100 3565 1374 3632 cogitatur
1413 3572 1467 3617 et
1503 3562 1848 3634 intelligitur,
1895 3580 1997 3619 no~

434 3658 627 3722 minat,
658 3657 798 3709 ultra
830 3670 989 3724 quem
1020 3653 1164 3724 quod
1197 3663 1298 3717 est,
1329 3654 1421 3708 ille
1456 3654 1573 3724 ipse
1606 3663 1711 3718 cst,
1758 3670 1865 3710 non
1902 3657 2000 3711 ha-

441 3753 573 3804 liens
605 3749 751 3819 quod
792 3758 920 3804 ante
952 3763 1011 3803 se
1051 3746 1254 3811 videat,
1300 3747 1390 3801 cui
1430 3748 1617 3803 nullus
1650 3756 1774 3819 post
1803 3731 1861 3804 se
1886 3758 1999 3805 ter-

440 3842 642 3904 minus,
668 3842 721 3894 in
755 3855 913 3909 quem
943 3840 1179 3903 desinat,
1211 3840 1306 3893 sed
1327 3840 1688 3911 undequaquc
1719 3842 2002 3911 aequaliter

2082 1831 2511 1901 ἐπικαλουμένου
2552 1813 2813 1892 πολλάκις
2861 1829 3114 1897 γίνεται,
3162 1831 3348 1896 καθὼς
3389 1830 3504 1885 ἔστι
3547 1831 3663 1884 τῶν

2082 1923 2251 1991 ἁγίων
2282 1921 2519 1986 ἀκούειν,
2558 1923 2807 1975 ἰδιοποιου
2817 1923 2992 1993 μένων
3012 1922 3110 1994 τὴν
3136 1922 3433 1977 ἀδέσποτον
3458 1922 3620 1993 φύσιν
3642 1939 3657 1952 ο

2086 2013 2287 2081 ’Ἄγιος
2316 2012 2530 2080 Κύριος
2576 2016 2608 2066 ό
2655 2013 2819 2079 Θεός.
2856 2014 2998 2075 Ἕως
3024 2014 3212 2067 τούτου
3243 2013 3470 2084 ἄσχετον
3495 2028 3507 2042 ⁸
3545 2014 3664 2066 ἀλλ’

2083 2106 2112 2157 ὁ
2161 2104 2416 2174 προσθεὶς
2469 2105 2547 2167 τὸ,
2589 2105 2777 2175 ἡμῶν,
2827 2105 3009 2159 οὐκέτι
3063 2105 3262 2159 ἔδωκεν
3318 2106 3403 2175 ἐφ’
3461 2105 3662 2158 ἑαυτοῦ

2086 2195 2318 2249 νοεῖσθαι
2351 2196 2410 2248 τὸ
2437 2195 2626 2267 ὄνομα,
2662 2199 2725 2267 τῇ
2768 2197 2904 2267 πρὸς
2935 2198 3125 2250 ἑαυτὸν
3156 2198 3337 2267 σχέσει
3376 2196 3435 2249 τὸ
3464 2214 3667 2267 σημαι-

2087 2286 2307 2355 νόμενον
2337 2286 2617 2349 οἰκειώσας
2637 2305 2648 2316 ·
2671 2287 2849 2353 πάλιν,
2868 2286 3041 2341 Ἀϐϐἆ
3065 2290 3096 2341 ὁ
3118 2288 3341 2356 Πατὴρ,
3356 2287 3417 2340 τὸ
3437 2286 3668 2357 Πνεῦμα

2091 2377 2223 2447 βοᾷ·
2278 2377 2415 2448 αῦτη
2467 2379 2500 2448 ὴ
2550 2378 2651 2447 τῆς
2707 2381 2937 2449 μερικῆς
2984 2380 3221 2448 σχέσεως
3271 2378 3659 2447 ἀπολελυμένη

2091 2471 2262 2540 φωνή.
2308 2470 2467 2522 Ἀλλά
2496 2470 2590 2521 καὶ
2619 2470 2837 2542 Πατέρα
2866 2469 3035 2539 ἡμῶν
3071 2470 3160 2523 τὸν
3205 2469 3424 2541 Πατέρα
3465 2469 3554 2522 τὸν
3604 2470 3669 2521 ὲν

2088 2564 2201 2624 τοῖς
2228 2562 2475 2631 οὐρανοῖς
2514 2561 2696 2613 καλεῖν
2754 2561 3200 2632 προσετάχθημεν
3222 2579 3234 2593 ο
3264 2562 3400 2631 αὕτη
3438 2561 3598 2616 πάλιν
3631 2565 3668 2633 ἡ

2093 2650 2311 2721 σχετικὴ
2348 2651 2606 2721 σημασία.
2665 2650 2875 2719 Ὥσπερ
2914 2651 3091 2704 τοίνυν
3124 2650 3213 2703 τὸν
3258 2651 3486 2703 καθόλου
3529 2650 3671 2704 Θεὸν

2091 2745 2282 2800 ἑαυτοῦ
2306 2762 2388 2809 τις
2421 2745 2804 2816 ποιησάμενος,
2830 2745 2982 2799 οὐδὲν
3005 2745 3103 2815 τὴν
3136 2745 3226 2798 ἐπὶ
3255 2744 3471 2798 πάντων
3501 2744 3669 2809 ἀξίαν

2092 2840 2449 2913 ἠμαύρωσεν*
2479 2839 2649 2904 οὕτως
2674 2839 2823 2893 οὐδέν
2857 2840 2976 2892 ἐστι
3010 2838 3259 2908 κώλυμα,
3294 2839 3384 2892 τὸν
3418 2837 3667 2908 Πατέρα,

2092 2933 2185 2987 καὶ
2226 2933 2316 2986 τὸν
2345 2933 2405 2996 ἐξ
2449 2931 2633 2997 αὐτοῦ,
2694 2932 2783 2985 τὸν
2822 2931 3003 3002 πάσης
3051 2931 3282 2994 κτίσεως
3323 2929 3673 3000 πρωτότοκον

2099 3025 2472 3091 ἀναδείξαντα,
2508 3024 2643 3096 ὁμοῦ
2669 3023 2747 3095 τῷ
2779 3024 3160 3094 γεγεννηκέναι
3180 3023 3269 3075 τὸν
3306 3022 3433 3076 Υἱὸν
3456 3021 3547 3075 διὰ
3573 3021 3672 3091 τῆς

2098 3116 2189 3170 τοῦ
2228 3117 2440 3187 Πατρδς
2498 3116 2865 3187 προσηγορίας
2920 3115 3223 3184 σημαίνειν,
3266 3113 3360 3167 καὶ
3406 3112 3466 3165 τὸ
3504 3111 3579 3183 μὴ
3613 3112 3676 3176 ἐξ

2100 3211 2275 3272 αἰτίας
2305 3209 2701 3281 ὑπερκειμένης
2724 3205 2861 3261 εἶναι
2894 3208 2981 3262 διὰ
3020 3208 3119 3278 τῆς
3147 3206 3319 3277 αὐτῆς
3346 3203 3676 3277 ἑρμηνεύειν

2101 3301 2303 3371 φωνῆς.
2351 3301 2407 3352 '0
2451 3299 2558 3370 γάρ
2588 3300 2678 3353 τὸν
2721 3301 2935 3370 πρῶτον
2967 3299 3187 3369 Πατέρα
3228 3296 3418 3361 εἰπὼν,
3460 3297 3550 3350 τὸν
3576 3294 3673 3348 τοῦ

2104 3393 2301 3455 παντὸς
2339 3392 2820 3463 προεπινοούμενον
2851 3391 3166 3456 ἐνεδείξατο.
3202 3384 3368 3451 Οὗτος
3396 3387 3675 3450 ἐπέκεινα,

2104 3476 2256 3547 οὗτος
2289 3484 2490 3547 ἐκεῖνός
2536 3487 2701 3549 ἐστιν,
2737 3484 2836 3537 ούκ
2873 3483 3009 3553 ἔχων
3042 3483 3069 3535 ὅ
3100 3499 3151 3534 τι
3185 3479 3290 3550 πρὸ
3336 3478 3525 3533 ἑαυτοῦ
3564 3480 3674 3549 ἴδῃ,

2105 3573 2226 3625 οὐδὲ
2279 3575 2358 3636 εἰς
2397 3575 2425 3627 ὅ
2462 3592 2514 3627 τι
2564 3574 2737 3645 πέρας
2784 3574 2901 3643 μεθ’
2938 3574 3126 3626 ἑαυτὸν
3170 3572 3481 3643 καταλήξῃ·
3539 3569 3677 3622 ἀλλά

2109 3665 2447 3735 πανταχόθεν
2474 3665 2669 3735 ἐπίσης
2694 3665 2780 3718 ἀεὶ
2806 3664 2903 3725 ὢν,
2949 3666 3044 3718 καί
3068 3664 3255 3727 τέλους
3276 3664 3421 3734 ὅρον,
3446 3661 3540 3715 καί
3573 3662 3675 3730 ἁρ-

2107 3755 2207 3825 χῆς
2256 3754 2462 3809 ἔννοιαν
2492 3757 2557 3824 τῇ
2593 3754 2815 3825 ἀπειρίᾳ
2845 3756 2943 3825 τῆς
2976 3754 3120 3823 ζωῆς
3164 3753 3475 3814 διαϐαίνων,
3524 3750 3679 3819 πάσῃ

2109 3847 2445 3919 προσηγορίᾳ
2474 3846 2972 3918 συνυπακουόμενον
2998 3846 3108 3916 ἔχει
3131 3845 3223 3899 καὶ
3247 3844 3305 3898 τὸ
3329 3844 3513 3898 ἀΐδιον.

437 3950 652 4006 semper
675 3944 778 4000 est,
815 3950 1028 3990 omnem
1064 3934 1186 3990 ﬁnis
1215 3942 1414 3988 metam
1448 3941 1503 3989 et
1530 3935 1669 3988 initii
1708 3937 2090 4005 cogitationem
2125 3940 2397 3998 inﬁnitate
2430 3956 2531 3998 sua
2570 3941 2989 4006 transcendens,
3014 3948 3199 4010 utpote
3226 3940 3320 4010 qui
3351 3950 3681 4009 quocunque

438 4033 662 4089 nomine
692 4031 1021 4103 appelletur,
1054 4045 1269 4101 semper
1296 4030 1657 4085 aeternitatem
1689 4032 1854 4087 tacite
1881 4034 2143 4091 includat.

509 4124 616 4180 Sed
650 4123 793 4178 hanc
836 4123 1107 4192 vulgatam
1136 4121 1443 4175 doctrinam
1487 4136 1597 4176 non
1629 4122 1775 4192 capit
1820 4122 2006 4177 Euno-

440 4217 604 4280 mius,
662 4216 755 4286 qui
786 4231 844 4271 se
874 4214 1103 4269 multum
1149 4211 1784 4283 incomprehensibilium
1822 4230 2006 4269 rerum

436 4310 900 4382 contemplatione
920 4316 1174 4379 occupat,
1237 4322 1339 4363 nec
1394 4305 1679 4377 cognoscit
1733 4305 2005 4375 geminam

440 4408 496 4459 in
548 4403 729 4459 Patris
801 4401 1170 4473 appellatione
1222 4398 1705 4471 significationem,
1773 4410 2004 4466 quarum

442 4497 611 4551 altera
644 4504 748 4559 est,
768 4494 951 4549 omnia
979 4508 1042 4548 ex
1077 4493 1196 4562 ipso
1226 4506 1373 4555 esse,
1435 4500 1487 4545 et
1538 4497 1665 4543 ante
1699 4488 1883 4542 omnia
1919 4485 2009 4539 Fi-

442 4590 573 4642 lium
604 4589 963 4658 unigenitum,
1002 4600 1099 4654 per
1128 4600 1288 4654 quem
1334 4582 1477 4637 facta
1514 4589 1643 4637 sunt
1684 4582 1901 4644 omnia;
1934 4579 2011 4631 al-

446 4691 565 4733 tera
586 4686 690 4742 est,
744 4678 962 4733 Patrem
1006 4676 1215 4729 nullam
1276 4690 1335 4730 se
1383 4675 1724 4743 superiorem
1782 4684 2009 4724 causam

446 4769 667 4824 habere.
703 4770 769 4820 At
808 4768 936 4823 licet
990 4767 1107 4836 ipse
1156 4767 1300 4820 hanc
1349 4766 1657 4819 doctrinam
1714 4769 2008 4831 conspuat,

450 4872 571 4920 nos,
602 4863 915 4925 contempto
944 4855 1063 4924 ejus
1093 4856 1208 4909 risu
1243 4854 1555 4924 spretisque
1595 4851 1851 4906 omnibus
1887 4866 2015 4905 san-

450 4949 556 5011 uis,
592 4944 819 5000 ﬁdenter
847 4946 921 5008 id,
964 4946 1106 5013 quod
1134 4944 1245 5012 jam
1279 4959 1307 4997 a
1346 4944 1503 4999 nobis
1535 4942 1742 4996 dictum
1769 4951 1873 5006 est,
1916 4959 2002 4997 re-

450 5037 784 5110 spondemus
821 5054 832 5090 :
870 5050 1081 5099 nempe,
1149 5035 1364 5091 Patrem
1439 5045 1492 5090 et
1531 5037 1826 5105 ingenitum
1872 5034 2015 5089 idem

452 5148 595 5199 esse,
628 5139 683 5185 et
730 5128 872 5199 quod
905 5125 1102 5179 Filium
1137 5129 1407 5197 genuerit,
1466 5126 1722 5195 quodque
1752 5141 1816 5180 ex
1864 5125 2014 5178 nullo

452 5227 525 5281 sit
554 5223 886 5295 signiﬁcare.
1228 5205 1270 5229 κ

522 5317 720 5373 Verum
780 5312 892 5375 ille,
945 5310 1243 5365 certamine
1297 5311 1523 5377 repetito
1564 5316 1616 5362 et
1669 5307 1916 5361 oratione
1964 5307 2016 5361 in

380 5449 384 5452 .
451 5409 783 5461 contrarium
823 5417 1107 5467 conversa,
1144 5401 1217 5454 ita
1244 5399 1394 5453 inﬁt:
1423 5399 1481 5453 Si
1508 5398 1666 5463 Deus,
1703 5399 1789 5469 qui
1822 5397 2019 5451 Filium

454 5498 664 5563 genuit,
712 5495 862 5550 Pater
922 5504 1027 5567 est,
1073 5502 1122 5546 et
1167 5507 1231 5546 ex
1287 5489 1463 5545 eodem
1511 5490 1670 5543 etiam
1722 5488 2019 5558 signiﬁcato

526 5612 571 5640 “
612 5608 765 5663 Rom.
814 5625 857 5667 ι,
893 5608 983 5665 25.
1062 5608 1109 5639 ⁵⁵
1148 5607 1305 5661 Rom.
1362 5622 1447 5657 nt
1477 5648 1491 5673 ,
1527 5603 1618 5658 ‘26.
1652 5604 1695 5635 ’⁵⁸
1734 5605 1753 5656 l
1794 5604 1930 5656 Tim.

2102 5603 2235 5673 Lf"
2279 5600 2419 5673 Psal.
2468 5616 2541 5673 ut,
2572 5598 2661 5655 ΞΟ.
2740 5596 2907 5655 "lsa.
2955 5610 3108 5665 unt,
3148 5596 3199 5650 ι.

2196 4128 2331 4181 Ἀλλ’
2358 4128 2418 4181 οὐ
2448 4128 2661 4197 δέχεται
2694 4128 2785 4182 τὸν
2821 4127 3125 4197 ἰδιωτισμόν
3154 4126 3339 4180 τοῦτον
3363 4127 3391 4178 ὁ
3421 4123 3587 4187 πολὺς
3621 4124 3680 4176 ἐν

2111 4221 2229 4282 ταῖς
2260 4220 2367 4272 τῶν
2400 4220 2658 4289 ἀλήπτων
2689 4218 2942 4290 θεωρίαις
2984 4219 3276 4288 Εὐνόμιος·
3309 4217 3428 4270 οὐδὲ
3457 4213 3681 4268 διπλοῦν

2113 4314 2204 4367 ἐπὶ
2236 4312 2330 4366 τοῦ
2374 4312 2585 4383 Πατρὸς
2615 4308 2753 4365 εῖναι
2796 4312 2856 4363 τὸ
2905 4310 3302 4381 σημαινόμενον
3341 4307 3545 4361 τίθεται
3573 4322 3589 4339 ο
3622 4305 3684 4357 ἒν

2118 4405 2213 4474 μὲν
2245 4403 2304 4455 τὸ
2326 4443 2340 4467 ,
2373 4402 2431 4469 ἐξ
2463 4402 2673 4465 ἐκείνου
2702 4400 2770 4453 τὰ
2814 4400 2992 4453 πάντα
3016 4440 3029 4462 ,
3071 4398 3165 4451 καὶ
3191 4397 3296 4467 πρὸ
3346 4397 3561 4449 πάντων
3590 4394 3683 4447 τὸν

2117 4494 2241 4547 Υίὸν
2287 4491 2584 4563 μονογενῆ,
2613 4492 2678 4545 δι’
2718 4484 2779 4543 οὗ
2812 4490 2880 4543 τά
2915 4489 3112 4553 πάντα,
3151 4485 3535 4557 σημαίνεσθαι·
3566 4483 3686 4535 ἓτε-

2119 4603 2208 4653 ρον
2235 4569 2297 4638 ’δὲ
2322 4585 2382 4638 τὸ
2414 4583 2678 4656 μηδεμίαν
2704 4583 2863 4635 αὑτὸν
2886 4579 3283 4651 ὑπερκειμένην
3311 4577 3489 4631 αἰτίαν
3516 4575 3683 4644 ἔχειν.

2128 4677 2287 4730 ’Λλλὰ
2326 4676 2426 4730 κᾶν
2473 4679 2674 4739 ἐκεῖνος
2719 4674 2962 4727 διαπτύει
3005 4672 3096 4724 τὸν
3140 4670 3315 4738 λόγον,
3354 4670 3508 4738 ἡμεῖς
3549 4666 3685 4735 παρ’

2117 4769 2265 4823 οὐδὲν
2303 4769 2392 4821 τὸν
2419 4768 2628 4836 γέλωτα
2658 4766 2746 4818 τὸν
2773 4762 3121 4835 χλευαστικὸν
3153 4760 3527 4830 ποιησάμενοι,
3552 4756 3690 4827 θαρ-

2121 4861 2336 4931 ροῦντες
2366 4856 2821 4930 ἀποκρινούμεθα,
2842 4855 2976 4924 ὅπερ
3011 4853 3311 4924 εἰρήκαμεν
3336 4850 3457 4920 ἤδη,
3487 4849 3569 4900 ὅτι
3593 4848 3690 4900 καὶ

2118 4950 2310 5003 ταύτόν
2365 4950 2509 5000 ἐστιν
2541 4951 2568 5000 ὁ
2597 4947 2782 5017 Πατὴρ
2825 4945 2902 5015 τῷ
2939 4945 3238 5013 ἀγεννήτῳ,
3278 4942 3371 4993 καὶ
3402 4939 3461 4991 τὸ
3495 4956 3691 5007 γεγεν-

2119 5042 2340 5111 νηκέναι
2391 5041 2481 5093 τὸν
2520 5041 2641 5094 Υἱὸν
2690 5038 2963 5109 σημαίνει,
2994 5036 3088 5089 καὶ
3118 5036 3178 5088 τὸ
3211 5033 3271 5098 ἐξ
3299 5031 3510 5095 οὐδενὸς
3550 5028 3691 5085 εἷναι

2123 5134 2469 5204 παρίστησιν.

2206 5307 2265 5357 '0
2289 5304 2344 5356 δὲ
2373 5305 2463 5357 καὶ
2488 5299 2877 5370 ἐπαγωνίζεται
2906 5301 3015 5362 τοῖς
3042 5298 3373 5369 εἰρημένοις,
3416 5297 3510 5349 καί
3535 5312 3691 5367 φησι,

2128 5398 2219 5451 καὶ
2256 5397 2432 5466 μέντοι
2468 5395 2559 5448 καὶ
2590 5394 2724 5463 πρὸς
2757 5390 3061 5445 τούναντίον
3091 5388 3430 5459 ἀντιστρέφει
3466 5386 3626 5440 πάλιν
3666 5388 3698 5440 ὁ

2128 5486 2281 5553 λόγος
2298 5502 2309 5513 ·
2336 5486 2402 5535 El
2426 5482 2530 5551 γὰρ
2552 5480 2650 5535 διὰ
2672 5480 2734 5535 τὸ
2766 5478 3182 5550 γεγεννηκέναι
3209 5478 3315 5532 τὸν
3344 5475 3475 5529 Υἰὸν
3500 5478 3532 5527 ὀ
3551 5476 3698 5537 Bede

3275 5594 3319 5626 "
3360 5593 3501 5649 Psal.
3532 5608 3613 5657 Ill,
3638 5590 3699 5647 lo.

456 5678 714 5733 “Matth.
756 5694 867 5742 xix,
912 5679 1011 5744 lli;
1054 5676 1187 5735 Mar.
1228 5677 1311 5746 ιο,
1354 5676 1441 5735 15.
1478 5669 1559 5709 ’⁵¹
1590 5674 1747 5732 Rom.
1780 5688 1897 5745 mi,
1932 5673 1990 5731 l5

2094 5675 2123 5703 "
2160 5669 2348 5727 Matth.
2383 5685 2455 5738 \‘l,
2491 5671 2543 5724 9.
