4064 6146
333 309 461 367 .429

1503 319 1783 377 CONTRA
1823 321 2210 390 EUNOMIUM,
2253 320 2380 378 LIB.
2421 325 2460 381 I.

3503 327 3608 385 450

352 427 483 483 ἐστι
511 430 735 500 Πατὴρ,
768 428 868 486 καὶ
906 433 1124 488 ταύτὸν
1149 433 1218 488 δὲ
1253 439 1700 509 σημαινόμενον
1727 441 1926 511 Πατήρ

2039 441 2193 496 Pater
2239 444 2498 515 ingenitus
2532 451 2630 506 est,
2686 445 2916 515 sequitur
2949 444 3113 499 Deum
3145 459 3254 498 esse
3297 444 3607 515 ingenitum,

355 521 526 574 ἐστιν
563 521 662 575 καί
712 522 1059 593 ἀγέννητος,
1109 525 1208 580 διὰ
1243 529 1310 581 τὸ
1361 532 1781 599 γεγεννηκέναι
1825 533 1932 587 τὸν

354 611 506 677 Υίὸν,
548 615 582 666 ὁ
618 614 763 680 Θεός
791 614 961 669 ἐστιν
991 617 1340 686 ἀγέννητος.
1371 621 1597 692 Ἰδωμεν
1626 622 1804 677 τοίνυν
1835 624 1932 678 καί⁹

355 697 445 750 τὸν
470 698 571 768 τῆς
602 700 945 772 ἀναστροφῆς
975 703 1141 756 αὑτοῦ
1175 705 1352 774 λόγον,
1394 707 1509 770 πῶς
1542 708 1679 780 πρὸς
1712 711 1932 763 τούναν-

356 789 466 843 τίον
486 790 736 845 ἀναλύων
764 794 863 865 τὴν
887 793 982 846 τοῦ
1013 797 1276 868 προτέρου
1301 799 1633 870 σοφίσματος
1661 801 1928 868 σύνθεσιν,

357 881 517 934 πάλιν
552 885 700 954 ἡμᾶς
729 886 821 938 καὶ
859 885 948 939 διὰ
990 888 1183 944 τούτου
1213 894 1333 955 ταῖς
1371 893 1634 961 ἀφύκτοις
1664 897 1932 964 ἀνάγκαις

359 973 840 1043 περιστοιχίζεται.
881 976 939 1028 '0
965 978 1225 1049 πρότερος
1252 975 1362 1050 εἶχε
1391 983 1745 1056 συλλογισμὸς
1777 987 1934 1040 τοῦτο

359 1062 418 1115 τὸ
450 1063 651 1116 ἄτοπον
673 1080 688 1093 ·
723 1068 794 1119 El
831 1069 864 1120 ό
905 1069 1111 1137 Πατὴρ
1142 1073 1422 1140 σημαίνει
1469 1075 1537 1128 τὸ
1581 1076 1653 1139 ἐξ
1685 1077 1934 1142 οὐδενὸς

358 1150 508 1208 εἶναι
539 1155 647 1208 τὸν
672 1157 838 1221 Θεὸν,
881 1158 950 1224 ἐξ
989 1160 1252 1230 ἀνάγκης
1280 1165 1344 1217 τὸ
1389 1166 1802 1235 γεγεννηκέναι
1827 1169 1934 1222 τὸν

360 1246 493 1298 Υίόν
519 1245 716 1299 οὐκέτι
757 1248 1099 1315 ἐνδείξεται.
1131 1246 1332 1318 Οὗτος,
1372 1256 1460 1309 διὰ
1488 1256 1586 1326 τῆς
1609 1257 1744 1327 πρὸς
1781 1259 1934 1311 τούν-

363 1336 535 1388 αντίον
575 1338 924 1411 ἀναστροφῆς
944 1381 958 1406 ,
989 1343 1182 1414 ἑτέραν
1213 1347 1342 1416 ἡμῖν
1373 1347 1603 1400 ἀτοπίαν
1650 1349 1792 1402 κατά
1837 1349 1930 1403 τοῦ

370 1430 634 1500 ἡμετέρου
657 1430 926 1502 δόγματος
951 1437 1361 1505 ἐπαγγέλλεται.
1405 1439 1500 1503 Τίς
1528 1435 1619 1493 οὖν
1643 1441 1674 1510 ἠ
1703 1440 1795 1493 τοῦ
1820 1443 1936 1495 ἐκεῖ

366 1519 657 1589 δειχθέντος
689 1524 973 1591 ἀνάλυσις;
1002 1528 1068 1581 El
1096 1527 1192 1582 διὰ
1212 1529 1278 1582 τὸ
1303 1531 1743 1599 γεγεννηκέναι,
1776 1535 1930 1604 φησί,

365 1612 466 1663 τὸν
495 1614 647 1678 Υἱὸν,
671 1616 703 1666 ὁ
729 1617 871 1682 Θεός
893 1616 1021 1670 ἐστι
1045 1618 1260 1687 Πατήρ.
1285 1620 1454 1674 Τοῦτο
1480 1623 1601 1692 ἡμῖν
1623 1624 1651 1674 ὁ
1677 1624 1936 1694 πρότερος

365 1702 716 1774 συλλογισμὸς
743 1707 802 1758 οὐ
833 1708 1195 1780 παρέστησεν,
1231 1710 1366 1766 ἀλλά
1400 1714 1478 1783 τῷ
1510 1713 1626 1783 μὲν,
1653 1713 1932 1778 δύνασθαι,

2031 535 2156 604 quia
2203 532 2404 588 Filium
2437 535 2612 606 genuit
2647 552 2668 589 .'
2705 537 2852 604 prius
2890 536 3073 606 igitur,
3099 552 3258 605 quam
3291 533 3494 589 Filium
3526 554 3612 608 ge-

2033 633 2261 688 neraret,
2297 642 2399 680 non
2425 636 2540 680 erat
2571 627 2853 698 ingenitus.
2882 625 3258 683 Discutiamus
3283 628 3448 698 igitur
3471 629 3613 683 hanc

2033 717 2153 786 ejus
2193 715 2249 770 in
2283 717 2617 771 contrarium
2646 719 3085 782 conversionem,
3126 728 3179 773 et
3210 719 3483 788 quomodo
3519 735 3614 790 per

2033 808 2233 878 prioris
2263 808 2565 880 syllogismi
2601 809 2994 864 resolutionem
3048 811 3489 868 ineluctabilibus
3520 827 3611 866 no-

2032 899 2117 953 dis
2146 914 2245 954 nos
2275 901 2639 969 constringat,
2670 900 3048 969 dispiciamus.
3079 899 3238 954 Prior
3261 902 3611 972 syllogismus

2033 990 2176 1044 hanc
2212 991 2372 1046 nobis
2401 990 2794 1046 absurditatem
2831 993 3161 1061 objiciebat:
3198 991 3257 1047 Si
3297 993 3610 1047 vocabulum

2033 1079 2218 1136 Patris
2270 1082 2555 1151 signiﬁcat,
2611 1081 2778 1136 Deum
2822 1099 2886 1137 ea:
2919 1083 3068 1138 nulla
3115 1085 3223 1138 alia
3252 1101 3417 1139 causa
3469 1101 3606 1146 esse,

2033 1174 2326 1226 necessario
2355 1173 2609 1242 sequitur,
2645 1174 2737 1228 illo
2763 1173 3016 1228 vocabulo
3049 1193 3152 1229 non
3181 1176 3411 1244 amplius
3448 1176 3610 1246 signi-

2033 1261 2206 1328 ﬁcari,
2242 1262 2379 1332 quod
2426 1260 2630 1316 Filium
2671 1266 2926 1332 genuerit.
2973 1265 3041 1318 At
3088 1266 3192 1321 iste
3240 1267 3608 1336 syllogismus,

2034 1351 2120 1403 via
2164 1351 2219 1404 in
2274 1354 2615 1406 contrarium
2652 1369 2830 1419 versa,
2883 1355 3044 1408 aliam
3095 1356 3360 1409 doctrinae
3411 1363 3612 1409 nostra:

2034 1442 2427 1498 absurditatem
2476 1445 2722 1514 imponit.
2764 1445 2896 1512 Qum
2942 1446 3109 1518 igitur
3144 1453 3228 1501 est
3276 1446 3377 1501 ista
3413 1446 3611 1516 prioris

2036 1535 2338 1604 syllogismi
2373 1537 2686 1591 resolutio?
2736 1537 2817 1601 Si,
2876 1538 3072 1610 inquit,
3113 1537 3252 1591 Deus
3303 1551 3380 1592 est
3423 1537 3608 1598 Pater.

2036 1628 2160 1695 quia
2198 1625 2246 1678 F
2250 1628 2398 1680 ilium
2431 1629 2628 1698 genuit.
2651 1627 2764 1683 lloc
2789 1630 2938 1699 prior
2967 1631 3320 1702 syllogismus
3347 1646 3451 1683 non
3481 1645 3611 1684 con-

2040 1717 2267 1780 tinebat,
2291 1717 2385 1771 sed
2419 1717 2567 1772 istud
2614 1718 2730 1772 ﬁeri
2758 1734 2867 1772 non
2899 1734 3080 1788 posse,
3108 1729 3167 1774 ut
3209 1720 3254 1773 si
3283 1719 3609 1773 vocabulum

363 1794 409 1844 εἰ
437 1794 494 1846 τὸ
516 1795 805 1866 ἀγέννητον
833 1798 926 1851 τοῦ
950 1799 1160 1870 Πατρὸς
1190 1817 1254 1872 ση
1265 1782 1519 1874 μανθείη,
1547 1805 1639 1857 καὶ
1671 1805 1766 1875 τὴν
1795 1807 1930 1877 πρὸς

2039 1807 2219 1860 Patris
2281 1806 2551 1874 signiticet
2603 1806 2816 1862 Patrem
2884 1808 3186 1877 ingenitum
3245 1823 3400 1870 esse,
3448 1808 3609 1862 simul

364 1887 450 1938 τὸν
490 1886 614 1940 Υίὸν
664 1889 845 1957 σχέσιν
885 1892 1170 1961 σημαίνειν
1215 1895 1246 1964 ἡ
1281 1894 1570 1948 ἀκολουθία
1619 1896 1710 1949 τοῦ
1746 1898 1930 1951 συλλο-

362 1976 558 2046 γισμοῦ
605 1977 764 2046 δῆθεν
797 1980 1088 2037 ἐδείκνυεν.
1137 1983 1210 2035 Τὸ
1242 1985 1298 2036 δὲ
1342 1983 1432 2037 διὰ
1478 1985 1635 2038 τοῦτο
1668 1987 1757 2040 τὸν
1799 1970 1931 2042 Θεὸν

362 2063 497 2120 εἶναι
529 2068 766 2140 Πατέρα,
796 2071 929 2125 διότι
954 2074 1248 2144 γεγέννηκε
1289 2075 1378 2129 τὸν
1416 2077 1562 2142 Υίὸν,
1595 2078 1746 2131 οὐδὲν
1776 2082 1808 2150 ἡ
1838 2080 1931 2133 τοῦ

362 2160 624 2231 προτέρου
661 2163 988 2233 σοφίσματος
1037 2168 1348 2238 κατασκευὴ
1389 2169 1699 2240 διωρίσατο.
1734 2164 1798 2224 Τί
1839 2169 1932 2225 οὖν

363 2253 476 2306 ἐστι
509 2254 567 2306 τὸ
594 2255 1060 2326 ἀναστρεφόμενον
1096 2258 1202 2311 ὑπὸ
1235 2259 1336 2329 τῆς
1378 2260 1718 2332 διαλεκτικῆς
1756 2279 1815 2315 τε
1842 2263 1934 2316 καὶ

362 2343 612 2414 τεχνικῆς
636 2346 928 2415 ἀγχινοίας,
953 2346 1105 2400 οὔπω
1139 2349 1380 2420 συνίημι.

429 2435 574 2507 Πλὴν
599 2436 735 2491 ἀλλά
775 2441 1143 2516 σκοπήσωμεν
1186 2441 1285 2512 τὴν
1319 2442 1428 2495 τῶν
1477 2442 1784 2512 εἰρημένων
1814 2444 1932 2499 διά-

361 2543 540 2580 νοιαν·
577 2529 644 2581 Εί
679 2528 776 2583 διὰ
817 2531 884 2584 τὸ
919 2533 1342 2602 γεγεννηκέναι
1384 2533 1491 2587 τὸν
1535 2535 1672 2589 Υίὸν
1716 2539 1750 2590 ὀ
1793 2539 1936 2605 Θεός

358 2620 528 2675 ἐστιν
558 2622 904 2691 ἀγέννητος,
939 2625 1082 2692 πρὶν
1127 2625 1415 2696 γεννῆσαι
1449 2627 1682 2693 τοῦτον,
1724 2631 1834 2683 οὐκ
1859 2627 1938 2700 ἦν

359 2713 705 2782 ἀγέννητος.
755 2715 923 2769 Πάλιν
964 2717 1180 2787 ἕτοιμος
1223 2719 1360 2788 πρὸς
1398 2719 1458 2772 τὸ
1497 2720 1805 2791 εἰρημένον,
1840 2723 1936 2776 καὶ

357 2803 563 2867 ἁπλοῦς
598 2804 696 2872 τῆς
727 2799 982 2876 ἀληθείας
1009 2809 1038 2859 ὁ
1073 2807 1248 2875 λόγος·
1283 2810 1366 2862 ὅτι
1405 2809 1497 2862 καὶ
1523 2809 1582 2862 τὸ
1609 2811 1939 2882 γεγεννηκέ-

357 2910 450 2947 ναι
478 2894 570 2946 τὸν
603 2894 732 2948 Υἰὺν
763 2897 795 2965 ή
837 2894 930 2948 τοῦ
965 2896 1177 2967 Πατρὺς
1219 2897 1548 2952 ἐνδείκνυται
1581 2899 1808 2971 κλῆσις,
1841 2919 1939 2955 κα-

360 2982 468 3048 θὼς
491 2984 628 3054 ἡμῖν
653 2984 710 3036 ὲν
738 2985 849 3047 τοῖς
879 2985 1286 3057 προειρημένοις
1311 2988 1812 3058 προαποδέδεικται,
1843 2995 1939 3046 καὶ

360 3073 419 3126 τὸ
447 3073 522 3143 μὴ
544 3073 603 3139 ἐξ
637 3074 815 3137 αἰτίας
843 3075 1083 3128 νοεῖσθαι
1123 3093 1271 3139 τινος
1311 3077 1402 3131 τὸν
1444 3081 1803 3149 γεννήσαντα·
1844 3083 1938 3137 ἐὰν

364 3163 462 3232 μὲν
487 3163 596 3234 γὰρ
624 3164 758 3236 πρὸς
786 3165 847 3218 τὸ
873 3165 932 3232 ἐξ
958 3166 1122 3220 αὑτοῦ
1157 3167 1380 3240 βλέπῃς,
1413 3170 1448 3239 ή
1481 3169 1572 3223 τοῦ
1603 3172 1940 3241 Μονογενοῦς

364 3256 655 3320 ὑπόστασις
686 3257 774 3312 διὰ
819 3259 918 3330 τῆς
949 3257 1044 3311 τοῦ
1077 3259 1289 3331 Πατρὸς
1334 3262 1705 3334 προσηγορίας
1743 3266 1940 3337 γνωρί-

364 3349 530 3412 ζεται.
581 3349 705 3402 Ἐὰν
727 3348 782 3402 δὲ
805 3350 864 3403 τὺ
892 3349 997 3420 πρὸ
1030 3350 1194 3403 αὐτοῦ
1219 3351 1502 3424 ἐξετάζῃς,
1535 3357 1568 3424 ἡ
1602 3355 1696 3408 τοῦ
1721 3356 1936 3427 Πατρδς

365 3439 552 3510 κλῆσις
593 3440 652 3492 τὸ
688 3439 917 3511 ἄναρχον
951 3439 1042 3494 τοῦ
1077 3441 1167 3494 τὸν
1201 3442 1329 3496 Υἱδν
1351 3445 1741 3514 γεγεννηκότος
1774 3447 1940 3502 ἐνδεί-

365 3546 572 3582 κνυται·
623 3529 685 3582 τὸ
733 3530 790 3583 δὲ
841 3530 1040 3598 λέγειν,
1089 3532 1172 3585 ὅτι
1216 3534 1345 3604 πρὶν
1373 3534 1633 3605 γεννῆσαι
1677 3536 1768 3590 τὸν
1813 3537 1941 3590 Υἰὸν

365 3620 464 3674 οὐκ
490 3615 557 3692 ἦν
592 3621 878 3693 ἀγέννητος
908 3625 936 3676 ὁ
967 3622 1118 3688 Θεὸς,
1158 3624 1348 3695 διπλῆν
1379 3626 1534 3696 φέρει
1577 3625 1675 3696 τὴν
1705 3643 1940 3696 κατηγο-

371 3713 489 3784 ρίαν
513 3713 590 3784 τῷ
613 3713 934 3786 λογογράφῳ
959 3731 972 3746 °
1007 3716 1106 3786 τῆς
1133 3733 1191 3768 τε
1217 3716 1339 3770 καθ’
1360 3716 1520 3787 ἡμῶν
1555 3719 1938 3785 συκοφαντίας,

370 3803 460 3856 καὶ
489 3805 587 3873 τῆς
621 3803 762 3858 κατὰ
792 3807 884 3857 τοῦ
913 3806 1176 3876 δόγματος
1206 3805 1436 3876 ὕϐρεως·
1473 3806 1535 3859 τό
1572 3824 1630 3859 τε
1663 3807 1772 3877 γὰρ
1805 3809 1940 3878 μήτε

373 3892 519 3963 παρὰ
542 3893 634 3946 τοῦ
663 3893 980 3947 διδασκάλου
1003 3894 1187 3965 ρηθξι,
1219 3897 1356 3965 μήτε
1384 3895 1480 3948 νῦν
1512 3897 1639 3967 παρ’
1666 3895 1841 3966 ἡμῶν,
1865 3895 1940 3959 ὡς

370 3984 790 4056 ὁμολογούμενον
823 3984 1087 4056 διασύρει·
1123 3987 1216 4039 καὶ
1243 3987 1333 4040 τὸν
1362 3986 1492 4040 Θεόν
1520 4004 1684 4058 φησιν
1714 3987 1939 4059 ὕστερόν

376 4091 504 4128 ποτε
553 4076 888 4146 γεγενῆσθαι
931 4076 1174 4148 Πατέρα,
1219 4077 1346 4130 ἄλλο
1392 4095 1444 4130 τι
1488 4077 1614 4132 ὄντα
1654 4079 1938 4149 πρότερον,

376 4166 468 4218 καὶ
495 4166 557 4219 οὐ
594 4166 828 4237 Πατέρα.
873 4167 948 4219 Δι’
993 4161 1066 4221 ὧν
1096 4167 1204 4238 γὰρ
1234 4167 1292 4220 τὸ
1321 4168 1520 4222 ἄτοπον
1549 4167 1641 4221 τοῦ
1677 4170 1939 4240 ἡμετέρου

372 4257 528 4326 λόγου
573 4260 988 4331 καταχλευάζει,
1021 4261 1118 4332 τὴν
1153 4263 1342 4316 ἑαυτοῦ
1373 4265 1500 4336 περὶ
1531 4265 1592 4318 τὸ
1623 4265 1798 4336 δόγμα
1837 4282 1942 4320 πα-

377 4351 634 4420 ρανομίαν
669 4350 785 4422 βοᾷ.
829 4353 912 4416 Ὠς
935 4353 1043 4423 γὰρ
1061 4353 1485 4425 ὁμολογούμενον
1512 4355 1669 4430 ἔχων,
1701 4357 1781 4410 ὅτι
1812 4357 1940 4426 πρό-

2032 1897 2195 1951 etiam
2235 1895 2414 1952 Patris
2456 1897 2524 1951 ad
2569 1897 2766 1952 Filium
2817 1899 3139 1954 relationem
3177 1899 3469 1970 signiticet,
3505 1900 3610 1953 hoc

2034 1987 2611 2058 scilicetsyllogismus
2639 1988 2729 2042 ille
2762 1987 3195 2042 demonstrabat.
3237 1991 3306 2042 At
3339 1990 3391 2042 in
3424 1989 3610 2058 priore

2035 2081 2370 2151 30phismate
2412 2095 2524 2133 non
2565 2080 2914 2135 asserebatur
2960 2080 3125 2134 Deum
3169 2080 3290 2135 ideo
3344 2096 3466 2135 esse
3505 2081 3610 2134 Pa-

2034 2180 2193 2238 trem,
2240 2172 2385 2241 qnod
2425 2170 2622 2225 Filium
2661 2172 2928 2240 genuerit.
2967 2170 3230 2236 Quianam
3278 2173 3444 2241 igitur
3497 2171 3612 2226 haec

2035 2248 2107 2315 Sit
2147 2259 2430 2328 reciproca
2478 2257 2768 2312 conversio
2794 2272 2861 2312 ex
2899 2257 3181 2313 dialectica
3219 2265 3274 2314 et
3311 2255 3612 2314 artiﬁciosa

2036 2348 2259 2404 solertia
2303 2347 2568 2417 profecta,
2617 2362 2715 2417 ego
2755 2363 2864 2401 non
2915 2348 3092 2402 video.

2105 2438 2470 2493 Nihilominus
2506 2427 2879 2507 expendamus
2926 2453 2989 2492 ea
3055 2454 3176 2507 qua:
3219 2439 3375 2493 dicit:
3401 2437 3461 2494 Si
3489 2455 3614 2508 pro—

2037 2537 2215 2598 pterea
2249 2527 2388 2581 Deus
2429 2536 2504 2580 est
2536 2526 2821 2596 ingenitus,
2872 2527 2996 2595 quia
3023 2524 3227 2580 Filium
3260 2528 3458 2597 genuit,
3486 2544 3610 2597 ergo

2037 2621 2350 2690 priusquam
2399 2625 2691 2688 generaret,
2747 2618 3008 2687 ingenitus
3052 2635 3156 2672 non
3204 2627 3338 2672 erat.
3398 2617 3612 2674 Rursus

2040 2710 2221 2766 facilis
2271 2718 2324 2765 et
2355 2709 2608 2779 expedita
2639 2709 2858 2764 veritati
2910 2710 3197 2779 responsio
3227 2715 3485 2779 suppetit.
3527 2711 3614 2763 ui-

2039 2804 2235 2858 mirum
2261 2801 2440 2856 Patris
2467 2801 2826 2872 appellatione
2847 2802 3162 2872 signiticari,
3201 2817 3325 2856 eum
3357 2801 3615 2872 genuisse

2041 2893 2260 2957 Filium,
2286 2901 2448 2963 prout
2476 2900 2634 2946 antea
2665 2894 3102 2949 demonstratum
3129 2901 3236 2954 est,
3287 2907 3520 2962 eumque
3544 2908 3613 2946 ex

2042 2983 2190 3037 nulla
2213 2983 2318 3036 alia
2340 2997 2506 3037 causa
2529 2997 2690 3038 esse:
2721 2997 2846 3036 nam
2880 2983 2926 3037 si
2963 2981 3228 3052 respicias
3275 2982 3343 3036 ad
3375 2983 3428 3037 id
3465 2984 3613 3054 quod

2042 3080 2126 3128 est
2159 3089 2223 3128 ex
2260 3073 2400 3142 ipso,
2437 3073 2706 3143 Unigcniti
2736 3073 3049 3143 hypostasis
3079 3087 3172 3142 per
3197 3072 3376 3128 Patris
3410 3090 3611 3130 nomen

2043 3164 2356 3219 innotescit.
2414 3162 2471 3217 Si
2509 3177 2640 3218 vero
2684 3163 2813 3234 quid
2855 3167 3008 3233 prius
3058 3165 3176 3233 ipso
3227 3167 3318 3228 sit,
3367 3165 3614 3234 iudages,

2040 3252 2221 3309 Patris
2268 3254 2682 3309 nomenclatura
2723 3271 2752 3307 a
2796 3253 2956 3309 Patre
2990 3255 3245 3324 principii
3273 3263 3494 3325 experte
3523 3253 3617 3309 Fit-

2041 3345 2172 3400 lium
2194 3346 2435 3412 genitum
2463 3359 2587 3400 esse
2616 3345 2874 3400 ostendit.
2909 3344 3180 3400 Caeterum
3237 3346 3419 3400 dicere
3444 3345 3615 3400 Deum

2042 3437 2196 3506 prius
2239 3443 2348 3490 nOn
2397 3435 2569 3491 fuisse
2617 3435 2943 3506 ingenitum,
2985 3451 3146 3505 quam
3195 3433 3388 3490 Filium
3449 3451 3616 3507 gene-

2043 3532 2209 3589 raret,
2249 3526 2454 3595 duplici
2485 3525 2911 3596 reprehensione
2933 3526 3357 3581 declamatorem
3391 3527 3616 3597 dignum

2041 3631 2165 3673 esse
2203 3619 2382 3688 arguit
2419 3636 2431 3671 :
2471 3626 2586 3671 tum
2633 3618 2703 3673 ob
2745 3619 3162 3690 sycophantiam
3213 3618 3475 3673 adversus
3514 3634 3616 3673 nos

2043 3715 2332 3771 structam,
2376 3715 2489 3761 tum
2524 3709 2595 3763 ob
2624 3709 3010 3764 contumeliam
3059 3709 3159 3778 ipsi
3208 3709 3619 3764 doctrinaeiila-

2043 3806 2175 3854 tam.
2221 3795 2356 3851 Nam
2405 3798 2552 3870 quod
2599 3796 2776 3869 neque
2814 3814 2844 3853 a
2887 3803 3151 3870 magistro
3212 3809 3405 3858 nostro
3438 3816 3619 3872 neque

2044 3902 2074 3940 a
2118 3888 2279 3944 nobis
2308 3887 2516 3943 dictum
2547 3897 2652 3956 est,
2688 3888 2822 3944 illud
2851 3897 3111 3960 tanquam
3151 3905 3476 3947 concessum
3502 3899 3619 3945 tra-

2041 3979 2214 4047 ducit,
2256 3980 2440 4051 aitque
2487 3981 2654 4035 Deum
2711 3982 2949 4051 posteris
2996 3982 3216 4038 tandem
3277 3982 3618 4052 temporibus

2043 4067 2246 4124 factum
2291 4085 2415 4126 esse
2474 4069 2713 4136 Patrem,
2760 4087 2885 4126 cum
2938 4073 3092 4141 prius
3151 4071 3300 4126 aliud
3353 4071 3616 4142 quiddam

2041 4170 2204 4226 esset,
2234 4169 2288 4216 et
2313 4178 2422 4217 non
2457 4161 2638 4218 Pater.
2681 4161 2815 4217 Nam
2851 4164 3043 4218 iisdem
3086 4165 3446 4234 argumentis,
3490 4165 3618 4234 qui-

2042 4253 2145 4307 bus
2177 4253 2372 4322 dogma
2398 4261 2646 4309 nostrum
2673 4262 2933 4324 tanquam
2964 4256 3260 4310 absurdum
3289 4255 3616 4319 sulnsannat,

2045 4345 2450 4413 improbitatem
2505 4361 2661 4401 suam
2702 4347 2849 4400 circa
2898 4346 3030 4401 illud
3073 4348 3249 4416 ipsum
3292 4347 3486 4418 dogma
3521 4362 3617 4417 pa-

371 4456 524 4510 τερον
551 4441 680 4494 ἄλλο
700 4459 751 4494 τι
773 4441 868 4506 ὢν,
901 4445 1036 4513 μετὰ
1059 4444 1230 4497 ταῦτα
1253 4444 1392 4498 κατά
1415 4447 1697 4518 προκοπὴν
1725 4449 1937 4516 ἐγένετό

2046 4435 2248 4490 tel'acit.
2279 4434 2458 4489 Sumit
2485 4437 2628 4490 enim
2653 4437 2796 4490 velut
2817 4436 2928 4505 jam
2960 4437 3248 4506 probatum
3303 4446 3356 4492 et
3389 4452 3617 4492 conces-

372 4547 429 4584 τε
455 4532 548 4584 καὶ
574 4532 860 4605 ὠνομάσθη
889 4536 1094 4606 Πατήρ·
1123 4536 1280 4589 τοῦτό
1305 4555 1466 4608 φησιν
1487 4577 1500 4603 ,
1527 4540 1606 4591 ὅτι
1637 4539 1782 4607 Πρὶν
1813 4559 1944 4609 γεν-

373 4622 556 4691 νῆσαι
598 4625 702 4677 τὸν
739 4626 895 4689 Υἰὸν,
928 4627 1022 4679 καὶ
1057 4626 1152 4682 διὰ
1180 4629 1354 4682 τοῦτο
1392 4628 1685 4698 κληθῆναι
1715 4631 1940 4699 Πατὴρ,

375 4712 511 4765 οὐδὲ
533 4712 858 4783 ἁγέννητος
877 4711 972 4785 ἦν,
1003 4717 1166 4785 εἴπερ
1196 4719 1233 4786 ἡ
1255 4719 1586 4787 ἀγεννησιά
1607 4721 1681 4789 τῇ
1697 4722 1802 4775 τοῦ
1825 4725 1941 4774 Πα-

374 4803 508 4869 τρὸς
526 4803 732 4872 ἐννοίᾳ
752 4806 1101 4876 γνωρίζεται.
1131 4809 1299 4862 Τοῦτο
1323 4811 1452 4880 ὅσην
1475 4811 1587 4881 ἔχει
1607 4812 1705 4878 τὴν
1735 4813 1938 4876 ἄνοιαν,

375 4895 518 4949 οὐδὲν
547 4892 698 4966 οἶμαι
734 4898 845 4950 δεῖν
878 4898 970 4951 τοῦ
1011 4899 1337 4970 ἐλέγχοντος·
1377 4902 1574 4966 ἱκανῶς
1613 4903 1721 4974 γὰρ
1751 4905 1843 4957 καὶ
1873 4903 1940 4957 δι’

376 4983 563 5039 ἑαυτοῦ
598 4988 891 5058 παρίστησι
918 4991 1028 5052 τοῖς
1063 5007 1124 5057 γε
1159 4990 1283 5043 νοῦν
1314 4976 1545 5061 ἔχουσιν.
1581 4993 1641 5046 Εἰ
1675 4995 1781 5065 γὰρ
1817 4995 1942 5049 ἄλλο

375 5091 425 5126 τι
451 5070 519 5146 ἦν
548 5077 578 5129 ὁ
601 5077 731 5140 Θεὸς
782 5079 886 5147 πρὸ
910 5077 1005 5130 τοῦ
1033 5078 1283 5145 γενέσθαι
1332 5081 1538 5150 Πατὴρ,
1570 5081 1621 5132 τί
1651 5082 1866 5152 ἐροῦσιν
1891 5085 1941 5138 oi

375 5166 672 5235 προστάται
711 5167 800 5220 τοῦ
838 5167 1139 5237 δόγματος;
1187 5167 1274 5220 Ἐν
1299 5168 1426 5238 ποίᾳ
1450 5172 1779 5224 καταστάσει
1810 5171 1942 5226 θεω-

377 5255 580 5327 ρεῖσθαι
610 5257 876 5326 φήσουσι;
919 5256 984 5309 Τί
1015 5255 1183 5326 ὄνομα
1219 5259 1283 5326 τῇ
1330 5257 1448 5309 τότε
1477 5257 1719 5330 διαγωγῇ
1748 5298 1761 5322 ,
1795 5263 1940 5325 παῖς,

374 5348 584 5417 νήπιον,
637 5346 850 5417 βρέφος,
894 5347 1207 5418 μειράκιον;
1252 5349 1321 5400 Ἢ
1347 5347 1550 5401 τούτων
1595 5347 1693 5418 μὲν
1728 5348 1945 5419 ἐροῦσιν

373 5439 540 5505 οὐδὲν,
568 5439 630 5491 τὸ
669 5440 963 5510 περιφανὲς
1006 5438 1134 5500 ἴσως
1157 5439 1257 5508 τῆς
1289 5439 1517 5502 ἀτοπίας
1547 5438 1902 5510 ὲρυθριῶντες
1925 5480 1939 5504 ,

372 5529 570 5583 τέλειον
616 5529 672 5583 δὲ
704 5530 864 5582 αὐτὸν
906 5528 966 5593 ἐξ
996 5529 1166 5600 ἀρχῆς
1195 5527 1329 5582 εἶναι
1367 5531 1465 5582 οὐκ
1505 5531 1941 5599 ἀπαρνήσονται;

371 5613 488 5673 εἷτα
521 5618 637 5682 πῶς
665 5618 866 5680 τέλειος
902 5619 1066 5686 μήπω
1095 5619 1273 5688 πατὴρ
1306 5615 1442 5672 εἶναι
1468 5619 1793 5690 δυνάμενος;
1829 5613 1944 5688 ἧτὸ

379 5709 476 5781 μιν
509 5710 712 5782 ἰσχύειν
755 5711 855 5763 οὐκ
893 5709 1304 5779 ἀφαιρήσονται·
1339 5712 1566 5780 φήσουσι
1599 5711 1654 5763 δὲ
1695 5709 1767 5780 μὴ
1811 5713 1942 5781 πρέ-

2042 4541 2184 4592 sum,
2225 4525 2392 4582 Deum
2441 4527 2594 4596 prius
2650 4527 2856 4596 aliquid
2907 4528 3054 4582 aliud
3107 4527 3300 4594 fuisse,
3343 4538 3396 4585 et
3425 4538 3615 4600 postea

2042 4631 2136 4685 per
2176 4617 2501 4686 profectum,
2534 4617 2748 4673 Patrem
2781 4618 2982 4674 factum
3011 4628 3065 4675 et
3098 4622 3424 4691 appelatum
3453 4638 3610 4678 esse:

2042 4707 2163 4761 ideo
2193 4709 2288 4772 ait,
2319 4710 2624 4778 priusquam
2653 4721 2920 4780 generaret
2950 4709 3167 4776 Filium,
3197 4723 3245 4766 et
3272 4713 3392 4769 inde
3425 4713 3609 4770 Patris

2043 4815 2228 4853 nomen
2280 4801 2554 4870 acciperet,
2615 4819 2677 4855 ne
2728 4803 3011 4873 ingenitum
3072 4806 3284 4874 quidem
3328 4806 3514 4874 fuisse,
3564 4809 3615 4861 si

2042 4887 2432 4942 innascibititas
2483 4889 2662 4944 Patris
2713 4891 3192 4947 notioniadhwret.
3224 4892 3613 4950 Demonstrare

2042 4987 2305 5050 quantum
2358 4981 2474 5035 haec
2521 4981 2766 5036 stultitiae
2817 4983 3272 5052 complectantur,
3310 5001 3420 5040 non
3467 4984 3612 5038 arbi-

2045 5083 2160 5126 tror
2193 5073 2304 5127 ullo
2351 5073 2538 5128 labore
2578 5089 2717 5143 opus
2752 5088 2894 5129 esse.
2930 5073 3075 5131 Satis
3118 5076 3264 5131 enim
3299 5092 3396 5146 per
3427 5075 3609 5142 seipsa

2045 5166 2338 5219 amentiam
2387 5179 2542 5220 suam
2619 5165 2857 5236 produnt
2911 5169 3050 5238 apud
3108 5169 3232 5223 illos
3280 5168 3373 5237 qui
3429 5172 3611 5218 mente

2045 5271 2153 5310 non
2207 5267 2412 5312 carent.
2462 5259 2597 5311 Nam
2671 5260 2717 5312 si
2781 5259 2928 5314 aliud
2981 5261 3238 5329 quiddam
3291 5265 3409 5310 erat
3467 5254 3610 5312 Deus

2043 5350 2361 5419 priusquam
2411 5348 2608 5404 Filium
2659 5359 2962 5422 generaret,
3005 5349 3137 5419 quid
3189 5348 3373 5400 dicent
3419 5345 3612 5415 impie-

2045 5441 2172 5496 tatis
2205 5440 2367 5508 hujus
2405 5441 2781 5510 antesignani?
2821 5440 2876 5493 ln
2915 5453 3025 5507 quo
3069 5443 3213 5491 statu
3248 5449 3370 5488 eum
3401 5436 3612 5489 consti-

2046 5532 2234 5586 luent?
2273 5531 2555 5597 Quodnam
2597 5547 2792 5586 nomen
2834 5531 2882 5584 ei
2924 5529 2978 5582 in
3027 5527 3120 5579 tali
3154 5525 3367 5579 vivendi
3403 5527 3614 5580 ratione

2045 5624 2345 5678 constituto
2399 5622 2714 5692 imponent?
2761 5620 2899 5674 Num
2967 5617 3314 5688 appellabunt
3347 5615 3614 5688 puerum?

2046 5712 2183 5768 Num
2239 5713 2494 5769 infantem
2536 5713 2830 5767 tcnellum?
2865 5715 2947 5767 An
2978 5711 3116 5765 nihil
3168 5709 3362 5765 horum
3410 5709 3615 5770 dicent,
