4068 6148
457 297 553 352 4151

1695 304 1751 359 S.
1780 304 2105 362 GRECORII
2138 308 2431 367 NYSSENI

3597 320 3701 376 Δδὲ

456 411 797 466 manifestam
830 412 1219 468 ahsurditatem
1257 417 1492 480 reveriti,
1525 412 1935 493 perfectumque
1959 424 2025 477 ab

2130 443 2247 479 πειν
2276 427 2409 496 ὁμοῦ
2443 427 2518 497 τῷ
2544 424 2678 481 εἶναι
2710 429 2872 483 αὐτὸν
2919 431 3011 484 καὶ
3057 431 3272 503 Πατέρα
3314 426 3493 497 εἷναις
3526 434 3621 487 καὶ
3656 434 3707 489 εί

455 506 609 558 initio
650 506 924 560 exstitisse
960 522 1065 559 non
1110 508 1536 565 iutieiahuntur‘!
1586 512 1691 567 Sed
1747 517 2021 584 quomodo

456 594 747 664 perfectus,
808 598 898 668 qui
952 598 1180 652 necdum
1236 606 1388 669 pater
1435 616 1555 657 esse
1616 606 1895 673 potuerit?
1939 607 2019 660 An

455 688 699 756 potuisse
744 704 849 741 non
889 690 1189 761 negabunt,
1242 693 1336 748 sed
1376 710 1488 750 non
1522 696 1772 751 decuisse
1814 697 2019 761 dicent.

454 786 511 832 ut
555 778 787 832 simulac
815 789 981 843 esset,
1026 781 1189 835 etiam
1224 793 1379 851 pater
1426 785 1605 839 esset?
1649 784 1715 837 At
1765 787 1809 840 si
1846 802 2021 855 neque

452 869 760 937 pulchrum,
811 887 986 941 neque
1033 872 1290 926 decorum
1344 874 1393 928 ei
1443 882 1526 929 est
1569 876 1635 930 ab
1671 876 1825 929 initio
1852 876 2020 933 fuisse

454 960 664 1014 Patrem
710 963 835 1016 talis
868 961 1010 1028 Filii,
1054 963 1328 1033 quomodo
1363 981 1621 1020 successu
1652 968 1935 1037 temporis.
1968 969 2016 1022 id

452 1050 593 1115 ιμιικΙ
641 1050 929 1118 pulchrum
974 1060 1247 1116 nouerat,
1293 1053 1616 1122 acquisivit?
1650 1056 1717 1108 At
1760 1072 1907 1110 nunc
1939 1066 2021 1112 cst

454 1142 742 1211 pulchrum
774 1152 825 1198 et
861 1144 1281 1214 magnificentia:
1321 1146 1517 1200 diviuze
1548 1162 1851 1219 congruum
1897 1151 2019 1207 talis

454 1233 572 1286 Filii
633 1235 749 1288 ﬁeri
795 1244 1092 1305 parentem.
1147 1236 1314 1307 Igitur
1360 1238 1526 1292 Deum
1574 1238 1643 1291 ab
1686 1238 1842 1292 initio
1901 1240 2019 1307 ejus

454 1324 599 1392 quod
651 1326 938 1393 pulchrum
998 1337 1101 1394 est,
1156 1336 1425 1382 exsortem
1499 1328 1667 1383 fuisse
1703 1330 1854 1382 aiunt
1900 1346 1913 1381 :
1972 1342 2023 1384 et

2133 517 2208 588 μὴ
2259 518 2438 581 καλὸν,
2489 520 2623 588 μήτε
2680 521 2887 591 πρέπον
2930 522 3110 593 αὐτῷ,
3157 524 3216 575 τὸ
3254 523 3311 589 ἐξ
3356 525 3530 595 ἀρχῆς
3564 521 3706 580 εἶναι

2130 610 2349 681 Πατέρα
2391 610 2631 664 τοιούτου
2665 613 2891 677 Παιδὸς,
2923 614 3040 677 πῶς
3076 614 3279 686 προῖὼν
3321 615 3383 669 τὸ
3432 619 3507 688 μὴ
3541 618 3706 671 καλὸν

2129 699 2503 769 ἐπεκτήσατο;
2547 700 2701 754 Ἀλλά
2727 702 2887 754 καλόν
2921 705 3034 756 ἐστι
3056 704 3171 769 νῦν,
3199 707 3291 759 καὶ
3323 710 3389 778 τῇ
3424 708 3709 779 μεγαλειό-

2127 808 2246 860 τητι
2276 791 2368 844 τοῦ
2394 791 2524 845 Θεοῦ
2560 793 2765 862 πρέπον
2795 793 2854 846 τὸ
2882 796 3121 847 τοιούτου
3164 796 3417 863 γενέσθαι
3464 798 3703 866 Πατέρα.

2129 880 2333 933 Οὐκοῦν
2360 882 2623 952 ἀμέτοχον
2650 883 2811 938 αὑτὸν
2844 884 2936 937 τοῦ
2970 886 3133 938 καλοῦ
3163 887 3222 939 τὸ
3254 888 3537 957 καταρχὰς
3563 884 3705 940 εἶναι

2127 973 2617 1037 κατασκευάζουσι·
2651 976 2743 1028 καὶ
2784 976 2889 1039 ἕως
2922 978 3020 1031 οὐκ
3058 974 3168 1048 εἶχε
3204 978 3293 1030 τὸν
3336 980 3463 1031 Υίὸν
3507 984 3535 1032 ὁ
3574 980 3708 1043 Θεὸς

2127 1062 2309 1129 (ἵλεως
2350 1063 2406 1115 δὲ
2451 1064 2534 1135 εἴη
2570 1065 2647 1137 τῷ
2678 1066 2819 1137 λόγῳ
2848 1069 2876 1119 ὁ
2923 1068 3105 1137 Θεὸς),
3144 1070 3278 1139 μήτε
3326 1070 3515 1138 σοφίαν
3562 1070 3707 1140 ἔχειν

2124 1152 2284 1206 αὑτὸν
2307 1154 2508 1224 ἐροῦσι,
2540 1158 2674 1227 μήτε
2704 1158 2952 1229 δύναμιν,
2987 1162 3121 1231 μήτε
3151 1161 3427 1228 ἀλήθειαν,
3467 1164 3601 1233 μήτε
3633 1162 3707 1215 τὰ

2125 1242 2258 1296 ἀλλα
2290 1244 2481 1310 πάντα,
2518 1247 2616 1300 ὃσα
2656 1247 2798 1301 κατά
2824 1249 3109 1320 διαφόρους
3144 1252 3385 1314 ἐπινοίας
3412 1252 3439 1303 ὁ
3481 1270 3707 1322 μονογε-

2129 1332 2225 1403 νὴς
2249 1335 2372 1398 Υίὸς
2406 1336 2520 1389 ἐστι
2543 1354 2601 1389 τε
2634 1338 2724 1390 καὶ
2753 1339 3094 1410 ὀνομάζεται.

456 1422 699 1490 quandiu
745 1420 887 1476 Deus
924 1420 1119 1475 Filium
1154 1438 1260 1476 non
1302 1424 1532 1477 habebat
1589 1425 1876 1494 (ignoscat
1917 1425 2058 1481 Deus
2097 1430 2331 1484 orationi
2379 1433 2577 1502 mete),
2620 1450 2799 1503 neque
2853 1437 3175 1506 sapientiam
3225 1439 3377 1493 illum
3445 1439 3709 1495 habuisse

456 1514 661 1577 dicent,
702 1530 879 1584 neque
926 1515 1246 1584 potentiam,
1294 1532 1469 1585 neque
1517 1518 1796 1581 virtutem,
1842 1534 2019 1588 neque
2054 1523 2157 1577 alia
2213 1526 2565 1596 omnia,quze
2603 1530 2905 1583 secundum
2947 1529 3195 1584 diversas
3263 1533 3503 1586 rationes
3574 1534 3706 1587 uni-

455 1606 670 1676 genitus
693 1602 864 1658 Filius
908 1613 961 1659 et
990 1617 1071 1660 est
1093 1614 1146 1660 ct
1167 1606 1485 1675 appellatur.

528 1696 723 1751 Verum
781 1696 895 1750 hazc
942 1697 996 1750 in
1047 1697 1223 1765 capita
1283 1705 1563 1751 auctorum
1616 1704 2024 1753 convertantur.
2060 1689 2102 1743 Β

454 1786 623 1842 Nobis
669 1787 861 1841 iterum
897 1787 1308 1857 regrediendum
1339 1796 1443 1852 cst,
1477 1787 1617 1842 unde
1661 1788 1895 1857 digressi
1926 1804 2018 1842 su—

456 1894 595 1933 mus.
624 1876 702 1940 Si,
740 1878 936 1947 inquit,
963 1877 1099 1931 Deus
1122 1888 1198 1932 est
1223 1876 1407 1941 Pater,
1443 1879 1567 1948 quia
1591 1881 1763 1948 genuit
1790 1878 2019 1944 Filium,

456 1968 638 2023 Patris
696 1985 813 2022 vero
864 1968 1171 2023 vocabulum
1211 1969 1497 2039 ingenitum
1544 1972 1835 2040 signiﬁcat,
1878 1980 2024 2026 ante-

454 2076 612 2128 quam
671 2061 829 2112 istum
892 2068 1162 2130 generaret
1232 2077 1333 2114 non
1390 2071 1504 2114 erat
1560 2063 1838 2131 ingenitus.
1900 2062 2024 2117 llmc

458 2148 599 2202 forte
628 2149 847 2203 tolerari
880 2159 1123 2219 possent,
1157 2150 1203 2205 si
1239 2150 1306 2205 de
1353 2166 1441 2217 eo,
1469 2152 1615 2221 quod
1655 2151 1797 2223 apud
1846 2152 2023 2205 homi-

457 2256 555 2295 nes
575 2240 887 2310 coutingere
910 2242 1067 2307 solet,
1110 2250 1510 2303 asserercntur,
1549 2243 1691 2311 apud
1727 2256 1866 2311 quos
1909 2242 2023 2297 lieni

461 2327 685 2396 nequit,
741 2335 799 2381 ut
870 2328 1209 2387 diversorum
1265 2329 1575 2385 studiorum
1637 2329 1855 2385 habitus
1910 2330 2027 2385 sine

458 2418 719 2486 letnporis
764 2418 1121 2474 successione
1168 2419 1577 2488 ingenerentur,
1626 2419 1754 2473 dum
1803 2421 2027 2489 quilibet

432 2519 579 2577 post
606 2508 771 2561 alium
801 2508 1125 2577 acquiritur.
1158 2508 1212 2563 Si
1242 2509 1358 2578 pari
1387 2509 1547 2563 modo
1573 2510 1640 2563 de
1672 2510 1777 2564 Deo
1806 2512 2026 2565 ratioci-

455 2594 696 2649 nandum
728 2605 892 2659 esset,
912 2596 1071 2665 quasi
1120 2612 1264 2650 nunc
1289 2596 1505 2666 quidem
1545 2598 2025 2653 innascibilitatem

457 2686 726 2748 habuerit,
752 2693 937 2754 postea
968 2701 1097 2739 vero
1125 2685 1354 2755 adeptus
1384 2690 1452 2742 sit
1476 2690 1796 2756 potentiam,
1835 2690 2028 2744 deinde

452 2775 949 2844 incorruptionem,
979 2784 1100 2844 post
1136 2775 1249 2830 hac
1282 2779 1649 2845 prudentiam,
1678 2791 1728 2835 et
1767 2783 2029 2851 temporis

456 2880 717 2921 successu
762 2869 1181 2936 pateruitatem,
1228 2868 1425 2924 deinde
1466 2871 1759 2940 justitiam,
1809 2873 2025 2926 tandem

454 2958 836 3021 aetmnitatcm,
873 2967 1041 3028 utque
1103 2960 1231 3025 alia,
1269 2977 1391 3030 qua:
1433 2962 1539 3017 Deo
1589 2964 1794 3029 insunt,
1836 2965 2030 3020 ordine

2213 1679 2371 1733 Ἀλλά
2393 1681 2564 1735 ταῦτα
2592 1683 2800 1761 μὲνείς
2825 1682 3061 1754 κεφαλὴν
3090 1684 3196 1738 τῶν
3221 1686 3410 1738 αἰτίων
3434 1688 3701 1759 τραπείη.

2134 1768 2291 1838 Ἡμῖν
2324 1769 2379 1821 δὲ
2410 1770 2569 1823 πάλιν
2599 1771 2897 1838 ἐπανιτέον,
2926 1773 3365 1845 ὃθενέξέϐημεν.
3400 1779 3468 1829 El
3504 1776 3601 1831 διὰ
3639 1779 3709 1832 τὸ

2125 1861 2560 1929 γεγεννηκέναι,
2587 1865 2770 1933 φησιν,
2804 1866 2836 1918 ὁ
2866 1866 3007 1932 Θεός
3033 1866 3163 1921 ἐστι
3186 1868 3407 1938 Πατήρ·
3441 1872 3473 1922 ὀ
3495 1868 3561 1922 δὲ
3589 1874 3712 1924 Πα-

2122 1950 2232 2018 τὴρ
2287 1951 2353 2003 τὸ
2416 1952 2745 2022 ἀγέννητον
2810 1957 3124 2025 σημαίνει,
3200 1961 3342 2026 πρὶν
3403 1959 3705 2029 γεννῆσαι

2127 2041 2359 2106 τοῦτον,
2410 2044 2521 2097 οὐκ
2564 2041 2643 2114 ἦν
2674 2044 3023 2115 (irent-qtae.
3084 2047 3267 2102 Ταῦτα
3307 2051 3356 2102 εἰ
3408 2049 3505 2119 μὲν
3563 2050 3713 2103 κατὰ

2124 2131 2221 2202 τὴν
2271 2135 2356 2187 ἐπ’
2410 2135 2712 2206 ἀνθρώπων
2749 2138 2895 2207 λέγοι
2950 2138 3259 2210 συνήθειαν,
3306 2142 3389 2211 ἐφ’
3443 2134 3518 2195 ὧν
3564 2142 3714 2212 ἀμή-

2126 2223 2288 2293 χανόν
2328 2225 2443 2277 ἐστι
2475 2226 2733 2280 πλειόνων
2761 2229 3209 2300 ἐπιτηδευμάτων
3236 2231 3349 2296 ἕξιν
3393 2232 3532 2286 κατά
3574 2233 3717 2286 ταῦ-

2124 2315 2214 2366 τὸν
2248 2316 2549 2385 κτήσασθαί
2577 2335 2715 2383 τινα,
2754 2320 2827 2390 μὴ
2858 2322 2997 2377 κατά
3034 2340 3153 2376 τινα
3188 2324 3379 2394 χρόνου
3426 2324 3581 2391 τάξιν
3611 2325 3717 2379 καὶ

2126 2405 2443 2460 ἀκολουθίαν
2481 2407 2709 2462 ἕκαστον
2760 2411 2868 2464 τῶν
2912 2414 3359 2485 σπουδαζομένων
3390 2415 3715 2486 ἀναλαμϐάο

2126 2514 2302 2551 νοντα.
2338 2500 2400 2552 Ei
2444 2499 2586 2555 οὕτω
2618 2499 2710 2553 καὶ
2748 2502 2839 2557 ἐπὶ
2879 2504 2973 2556 τοῦ
3006 2505 3140 2558 Θεοῦ
3174 2505 3280 2559 τῶν
3310 2507 3446 2559 ὅλων
3475 2507 3580 2559 ἔδει
3619 2507 3717 2560 λο-

2126 2588 2393 2658 γίζεσθαι,
2445 2591 2517 2655 ὡς
2551 2591 2645 2645 νῦν
2688 2580 2785 2662 μὲν
2833 2594 2931 2666 τὴν
2972 2598 3299 2667 ἁγεννησίαν
3348 2598 3510 2667 ἔχειν,
3565 2599 3717 2669 μετὰ

2125 2686 2299 2739 ταῦτα
2355 2686 2410 2740 δέ
2462 2688 2897 2758 προσλαμϐάνειν
2967 2691 3062 2760 τὴν
3121 2690 3372 2759 δύναμιν,
3428 2686 3544 2742 εἶτα
3600 2690 3716 2760 τὴν

2127 2777 2457 2849 ἀφθαρσίαν,
2487 2776 2603 2833 εἶτα
2630 2782 2727 2851 τὴν
2760 2783 3037 2853 φρόνησιν,
3063 2783 3157 2836 καὶ
3190 2782 3447 2853 προϊόντα
3483 2782 3716 2850 Πατέρα

2127 2869 2393 2937 γίνεσθαι,
2424 2870 2517 2922 καὶ
2559 2870 2718 2923 πάλιν
2752 2871 2979 2931 δίκαιον,
3018 2871 3112 2924 καὶ
3154 2870 3350 2940 ἐφεξῆς
3378 2871 3569 2934 ἀΐδιον,
3615 2873 3716 2924 xa‘t

2083 2952 2089 2959 ’
2131 2961 2303 3014 πάντα
2329 2962 2426 3015 ὅσα
2458 2963 2582 3033 περὶ
2607 2963 2765 3016 αὐτὸν
2796 2963 3077 3031 θεωρεῖται
3100 2964 3189 3017 διά
3212 2982 3352 3026 τινος
3382 2963 3715 3027 ἀκολουθίας

456 3048 690 3117 quodam
726 3064 789 3102 ac
834 3053 976 3105 serie
1027 3052 1390 3123 acquisierit:
1433 3054 1681 3110 fortassis
1726 3057 2023 3110 absurdum

2130 3056 2517 3127 προσκτᾶσθαι·
2558 3057 2617 3109 οὑ
2657 3056 2856 3126 σφόδρα
2897 3052 2963 3127 ἦν
3002 3057 3197 3111 ἄτοπον
3233 3057 3362 3119 ἴσως
3394 3057 3581 3127 ἓτερον
3611 3053 3708 3107 τοῦ

455 3156 567 3194 non
598 3150 743 3196 esset
775 3143 1113 3208 existimare,
1152 3146 1460 3210 nominum,
1489 3163 1609 3217 qua:
1642 3148 1706 3202 de
1738 3148 1846 3205 Deo
1891 3164 2026 3217 prm-

455 3234 734 3295 dicantur,
777 3235 949 3289 altera
994 3237 1183 3293 alteris
1231 3240 1415 3308 priora
1461 3256 1605 3305 esse,
1635 3248 1688 3295 et
1724 3241 1874 3309 prius
1901 3242 2025 3309 qui-

455 3324 577 3380 dem
624 3341 747 3381 esse
795 3326 1119 3396 ingenitum,
1148 3339 1338 3401 postea
1386 3331 1602 3387 Patrem
1646 3332 1909 3387 evasisse.
1958 3333 2028 3386 At

456 3432 584 3472 vero
610 3419 735 3487 quis
759 3419 903 3473 'adeo
942 3421 1169 3491 abiectae
1202 3421 1399 3475 mentis
1432 3430 1536 3486 est,
1586 3429 1641 3476 et
1673 3422 1872 3476 divinae
1916 3438 2029 3476 ma-

455 3509 675 3578 iestatis
705 3509 839 3562 adeo
870 3511 1179 3578 imperitus,
1199 3512 1291 3581 qui
1321 3526 1541 3566 causam
1574 3514 1816 3566 omnium
1848 3529 2026 3568 rerum

454 3605 636 3651 mente
667 3599 1004 3667 concipiens,
1034 3615 1138 3654 non
1170 3601 1353 3655 omnia
1387 3618 1508 3672 quae
1537 3601 1604 3657 de
1636 3601 1744 3656 Deo
1768 3604 1853 3673 pie
1888 3603 2029 3657 allir-

461 3698 704 3754 mantur,
744 3690 902 3745 simul
950 3702 1002 3746 et
1057 3693 1213 3761 quasi
1267 3708 1377 3749 uno
1421 3694 1729 3763 complexu,
1764 3695 1945 3748 animo
1975 3702 2030 3749 et

457 3782 789 3850 cogitatione
808 3782 1195 3852 apprehendat,
1216 3785 1309 3839 sed
1326 3785 1475 3839 aliud
1496 3786 1712 3857 quidem
1732 3785 2024 3855 posterius,

461 3868 606 3923 aliud
638 3870 707 3923 ah
733 3868 905 3933 initio,
935 3872 1082 3927 aliud
1128 3873 1183 3925 in
1223 3874 1404 3929 medio
1443 3876 1598 3943 quasi
1633 3888 1728 3944 per
1759 3890 2028 3929 consecu-

460 3963 626 4017 tionis
673 3963 919 4016 ordinem
965 3963 1073 4018 Deo
1118 3964 1405 4021 advenisse
1468 3966 1662 4036 putet?
1711 3965 1828 4020 Non
1881 3967 2026 4049 enim

456 4054 574 4109 ﬁeri
608 4062 807 4124 potest,
836 4063 895 4109 ut
923 4055 991 4119 is,
1026 4056 1140 4125 qui,
1168 4072 1290 4126 qua:
1317 4057 1383 4111 de
1414 4056 1523 4111 Deo
1551 4058 1637 4126 pie
1663 4057 2024 4121 aﬂirmantur,

456 4144 573 4198 obit
603 4151 655 4197 et
690 4143 1005 4213 perlustrat,
1041 4144 1246 4199 incidat
1280 4146 1334 4199 in
1365 4146 1525 4198 aliam
1562 4145 1644 4201 vel
1675 4161 1785 4200 rem
1818 4147 1900 4200 vel
1930 4162 2029 4199 no-

462 4235 684 4298 tionem,
737 4250 857 4303 quae
904 4235 1291 4305 antiquitatem
1342 4237 1472 4290 dicti
1522 4234 1616 4291 Dei
1657 4237 2025 4300 transcendat,

458 4324 552 4380 sed
585 4341 745 4379 omne
785 4340 979 4381 nomen
1022 4326 1211 4396 pietati
1263 4334 1715 4393 consentaneum,
1758 4334 1811 4383 et
1849 4330 2027 4384 omnis

2129 3149 2313 3218 ἐτέρου
2363 3148 2708 3219 προτερεύειν
2768 3148 2875 3203 τῶν
2928 3148 3055 3218 περὶ¹
3109 3148 3200 3201 τὸν
3245 3147 3377 3201 Θεὸν
3423 3148 3711 3217 ὀνομάτων

2128 3238 2332 3291 οἴεσθαι
2364 3277 2376 3298 ,
2408 3238 2501 3290 καὶ
2528 3238 2787 3308 πρότερον
2822 3236 2919 3307 μὲν
2945 3237 3255 3306 ἀγέννητον,
3285 3236 3421 3307 μετὰ
3450 3236 3505 3289 δὲ
3531 3236 3712 3289 ταῦτα

2130 3328 2348 3399 Πατέρα
2395 3329 2717 3399 γεγενῆσθαι
2759 3328 2954 3396 λέγειν.
2985 3330 3121 3380 Νυνὶ
3150 3328 3206 3381 δὲ
3241 3328 3324 3389 τίς
3350 3328 3491 3380 οὕτω
3515 3344 3715 3380 ταπει-

2129 3420 2215 3482 νὸς
2247 3419 2341 3489 τὴν
2366 3420 2620 3483 διάνοιαν,
2652 3420 2744 3472 καὶ
2774 3419 2872 3489 τῆς
2898 3417 3004 3471 τῶν
3036 3418 3194 3471 θείων
3222 3419 3505 3488 δογμάτων
3535 3436 3716 3489 μέγα·

2128 3512 2349 3579 λοφυῖας
2396 3511 2673 3582 ἀμύητος,
2723 3509 2861 3563 ὥστε
2903 3509 3000 3579 τὴν
3050 3510 3228 3563 αἰτίαν
3263 3509 3369 3561 τῶν
3401 3509 3571 3561 ὄντων
3626 3512 3715 3573 εἰς

2130 3602 2251 3655 νοῦν
2276 3601 2475 3669 λαϐὼν,
2524 3602 2597 3672 μὴ
2661 3601 2874 3654 πάντων
2926 3601 3066 3654 κατά
3109 3599 3301 3652 ταύτὸν
3350 3600 3552 3669 ἀθρόαν
3613 3604 3715 3653 καὶ

2131 3695 2640 3765 συγκεκροτημένην
2678 3692 2786 3744 τῶν
2820 3692 2945 3763 περὶ
2983 3692 3072 3745 τὸν
3104 3692 3235 3744 Θεὸν
3272 3690 3508 3753 εὐσεϐῶς
3553 3708 3713 3743 νοου-

2135 3787 2307 3857 μένων
2336 3785 2621 3838 ἀναλαϐεῖν
2650 3784 2746 3855 τὴν
2779 3783 3034 3838 διάνοιαν·
3066 3783 3201 3836 ἀλλά
3224 3783 3284 3836 τὸ
3320 3783 3416 3853 μὲν
3451 3781 3712 3851 ὕστερον,

2128 3878 2189 3931 τὸ
2225 3878 2282 3930 δὲ
2312 3878 2431 3930 κατ’
2460 3876 2654 3947 ἀρχάς,
2686 3876 2869 3946 ἕτερον
2902 3874 2956 3926 δέ
2988 3891 3041 3928 τι
3083 3874 3169 3927 διὰ
3219 3874 3381 3943 μέσου
3412 3873 3551 3926 κατά
3583 3889 3716 3925 τινα.

2128 3968 2332 4035 τάξεως
2386 3968 2704 4022 ἀκολουθίαν
2776 3965 3242 4038 προσγεγενῆσθαι
3311 3963 3579 4034 νομίξειν;
3639 3965 3711 4017 οὐ

2128 4058 2237 4128 γὰρ
2269 4057 2435 4122 ἔστιν,
2468 4057 2526 4110 ἓν
2561 4074 2611 4109 τι
2650 4056 2728 4125 τῷ
2760 4054 3004 4126 λογισμῴ
3035 4053 3292 4109 διαϐάντα
3322 4053 3430 4107 τῶν
3454 4053 3579 4123 περὶ
3612 4054 3715 4106 τὸν

2130 4149 2260 4202 Θεὸν
2306 4147 2543 4211 εὐσεϐῶς
2570 4147 2896 4217 λεγομένων,
2937 4150 3175 4215 ἐντυχεῖν
3203 4146 3373 4216 ἑτέρῳ
3416 4145 3719 4215 πράγματι

2129 4237 2162 4308 ἧ
2192 4238 2420 4308 νοήματι
2452 4236 2479 4288 ὃ
2510 4237 2607 4307 τῆς
2636 4237 2728 4289 τοῦ
2777 4236 3032 4307 ῥηθέντος
3073 4236 3427 4306 ἀρχαιότητος
3459 4236 3713 4303 ὑπεραρ-

2131 4325 2289 4395 θῆναι
2340 4325 2645 4396 δυνήσεται.
2706 4325 2862 4377 Ἀλλά
2908 4325 3015 4379 πᾶν
3061 4324 3231 4393 ὄνομα
3264 4324 3424 4386 θεῖον,
3467 4322 3558 4375 καὶ
3593 4324 3712 4375 πᾶν

459 4415 569 4471 Deo
600 4427 914 4490 competens
956 4419 1240 4489 cogitatio,
1270 4419 1561 4490 omnisque
1602 4419 1787 4489 lingua
1824 4426 1877 4474 et
1913 4419 2026 4474 exi-

2136 4415 2543 4486 μεγαλοπρεπὲς
2568 4417 2744 4487 νόημα
2767 4455 2782 4479 ,
2813 4416 2904 4469 καὶ¹
2938 4417 3085 4469 πᾶσα
3113 4414 3349 4482 γλῶσσα,
3378 4414 3471 4467 καὶ
3501 4412 3712 4481 ὑπόλη-

458 4510 721 4575 stimatio,
768 4526 889 4579 quae
929 4513 1247 4567 notionibus
1287 4513 1352 4567 de
1406 4512 1514 4567 Deo
1568 4513 1845 4575 convenit,
1896 4526 2027 4566 con-

459 4614 595 4654 nexa
638 4609 691 4654 et
728 4601 880 4654 unita
915 4609 999 4655 est
1042 4617 1163 4656 eum
1207 4600 1396 4663 altera,
1442 4617 1740 4671 omnesque
1768 4601 2023 4670 junctim,

459 4692 666 4759 absque
718 4691 1147 4759 interruptione,
1193 4700 1244 4746 ct
1302 4694 1457 4762 quasi
1510 4693 1565 4746 in
1612 4708 1777 4747 unum
1838 4700 2027 4745 mutuo

458 4768 752 4849 congestze,
806 4783 861 4835 in
915 4782 1023 4838 Deo
1078 4783 1484 4851 concipiuntur,
1531 4791 1589 4836 ut
1640 4782 2022 4847 mansuetudo,

462 4872 881 4936 innascibilitas,
911 4873 1171 4941 potentia,
1204 4872 1561 4943 incorruptio,
1598 4873 1839 4941 bonitas,
1874 4882 2027 4943 pulc-

459 4974 595 5025 stas,
622 4970 676 5015 et
702 4963 882 5014 omnia
918 4963 1044 5015 alia.
1078 4962 1199 5018 Non
1239 4964 1384 5019 enim
1411 4963 1632 5034 aliquod
1660 4978 1725 5019 ex
1753 4964 1837 5020 his
1870 4966 2025 5018 attri-

463 5054 609 5108 butis
664 5051 777 5117 Dei,
844 5053 1062 5107 divisim
1116 5054 1274 5123 quasi
1327 5057 1395 5109 ah
1454 5056 1574 5125 aliis
1629 5066 1923 5119 resectmn,
1975 5066 2028 5112 et

459 5145 712 5209 seorsim,
747 5143 1044 5199 secundum
1079 5146 1371 5215 temporale
1399 5147 1615 5214 aliquod
1656 5146 2023 5211 intervallum,

459 5253 717 5311 tanquam
769 5241 941 5293 altero
976 5238 1129 5308 prius
1179 5238 1259 5293 vel
1292 5239 1565 5308 posterius
1605 5246 1904 5308 spectatur,
1931 5240 2024 5293 sed

458 5332 842 5401 quodcumque
872 5345 1069 5385 nomen
1093 5330 1293 5385 divina:
1320 5329 1733 5399 magniﬁcentia:
1760 5338 1813 5385 et
1842 5331 2024 5397 pietati

456 5437 767 5493 congruens
819 5423 1111 5494 repereris,
1161 5421 1292 5477 illud
1343 5420 1756 5476 mternitatiDci
1800 5437 2028 5491 reSpon-

458 5510 574 5563 det.
611 5511 1078 5575 Quemadmodum
1111 5511 1277 5583 igitur
1304 5525 1583 5581 nunquam
1608 5509 1874 5566 aﬂirmare
1900 5512 2027 5565 licet

460 5599 630 5652 Deum
665 5615 775 5655 non
801 5618 923 5659 esse
950 5604 1174 5669 bonum,
1202 5620 1311 5660 non
1336 5603 1576 5674 potentia
1604 5601 1917 5673 praeditum,
1944 5602 2026 5657 vel

456 5688 864 5758 incorruptum,
918 5694 1001 5747 vel
1049 5695 1458 5752 immortalem:
1484 5694 1599 5765 pari
1652 5692 1812 5749 modo
1855 5693 2025 5763 pietas

2132 4510 2243 4579 ψις,
2268 4512 2387 4572 ταῖς
2414 4510 2539 4577 περὶ
2571 4508 2703 4561 Θεοῦ
2737 4509 2963 4571 ἐννοίαις
3004 4507 3336 4577 ἁρμόζουσα,
3373 4506 3710 4575 συνήρτηται

2134 4601 2268 4671 πρὸς
2312 4601 2408 4671 τὴν
2440 4602 2627 4671 ἑτέραν
2652 4602 2743 4654 καὶ
2768 4601 2988 4669 ἥνωται·
3020 4601 3113 4653 καὶ
3140 4600 3308 4653 πᾶσαι
3338 4597 3478 4651 κατά
3503 4597 3561 4649 τὸ
3585 4614 3713 4649 συν-

2133 4693 2250 4762 εχὲς
2306 4692 2499 4763 ἀθρόαι
2542 4692 2634 4745 καὶ
2672 4690 3175 4762 συγκεκροτημέναι
3223 4692 3340 4759 μετ’
3372 4686 3616 4757 ἀλλήλων
3646 4689 3707 4740 αἱ

2133 4784 2260 4853 περὶ
2282 4782 2375 4836 τοῦ
2409 4782 2543 4835 Θεοῦ
2579 4783 2870 4853 ὑπολήψεις
2900 4780 3426 4851 καταλαμϐάνονται,
3446 4781 3478 4847 ἡ
3504 4778 3711 4847 πατρὸ-

2131 4892 2251 4945 της,
2285 4877 2316 4945 ἡ
2352 4874 2661 4944 ἀγεννησία,
2713 4876 2746 4943 ἡ
2778 4874 3036 4943 δύναμις,
3082 4875 3114 4943 ἡ
3144 4871 3421 4943 ἀφθαρσία
3442 4912 3456 4933 ,
3486 4872 3519 4939 ἡ
3559 4869 3708 4937 ἀγα-

2133 4967 2325 5036 θύτης,
2353 4967 2386 5035 ἡ
2424 4962 2676 5032 ἐξουσία,
2718 4964 2785 5017 τά
2811 4964 2942 5019 ἄλλα
2971 4965 3164 5018 πάντα·
3197 4964 3257 5017 οὐ
3302 4963 3411 5033 γὰρ
3442 4962 3710 5035 διῃρημέ-

2135 5072 2237 5117 νως
2260 5054 2461 5109 τούτων
2495 5054 2741 5119 ἕκαστον,
2768 5054 2876 5108 τῶν
2904 5054 3103 5109 λοιπῶν
3136 5054 3587 5124 ἀποτετμημένον
3616 5056 3705 5122 ἐφ’

2134 5144 2325 5198 ἑαυτοῦ
2355 5146 2493 5199 κατά
2519 5163 2570 5198 τι
2593 5148 2839 5217 χρονικὸν
2860 5146 3131 5218 διάστημα
3156 5150 3356 5200 νοεῖται
3378 5186 3392 5207 ,
3418 5147 3494 5210 ὡς
3516 5163 3705 5216 προτε-

2136 5236 2290 5306 ρεῦον
2332 5236 2538 5307 ἐτέρου,
2574 5238 2607 5306 ἢ
2643 5238 2994 5308 ὲφεπόμενον·
3042 5238 3153 5305 ἀλλ’
3205 5239 3341 5308 ὅπερ
3382 5237 3448 5292 ἂν
3502 5237 3700 5307 εὑρεθῇ

2136 5327 2547 5399 μεγαλοπρεπές
2588 5346 2647 5381 τε
2690 5329 2785 5383 καὶ
2816 5330 3037 5393 εὐσεϐὲς
3077 5331 3268 5400 ὄνομα,
3320 5333 3386 5401 τῇ
3441 5329 3699 5398 ἀῖδιότητι

2131 5420 2223 5472 τοῦ
2268 5420 2402 5473 Θεοῦ
2438 5422 2878 5492 συνεμφαίνεται.
2931 5424 3018 5487 Ὠς
3050 5420 3139 5479 οὖν
3168 5426 3267 5478 οὐκ
3314 5424 3459 5477 εστιν
3502 5424 3698 5481 είπεῖν,

2135 5510 2208 5580 μὴ
2242 5507 2379 5564 εἶναί
2409 5529 2535 5565 ποτε
2564 5512 2654 5566 τὸν
2685 5513 2819 5567 Θεὸν
2844 5514 3063 5583 ἀγαθὸν,
3091 5516 3123 5586 ἢ
3152 5515 3395 5581 δυνατὸν,
3423 5515 3455 5586 ἢ
3490 5512 3704 5584 ἀφθαρε-

2130 5618 2240 5667 τον,
2267 5602 2300 5671 ἦ
2337 5602 2619 5657 ἀθάνατον·
2664 5606 2803 5659 κατά
2835 5606 2926 5659 τὸν
2953 5607 3113 5660 αὐτὸν
3140 5608 3338 5679 τρόπον
3367 5604 3557 5666 ἀσεϐές
3580 5603 3701 5654 ἐστι

2135 5692 2209 5762 μὴ
2258 5694 2344 5746 ἀεὶ
2381 5695 2525 5765 αὑτῷ
2566 5701 3003 5771 προσμαρτυρεῖν
3052 5700 3150 5769 τὴν
3200 5697 3527 5769 πατρότητα·
3577 5691 3699 5747 ἀλλ’
