4064 6146
388 252 494 306 455

1535 258 1813 313 CONTRA
1855 259 2248 326 EUNOMIUM,
2286 263 2410 319 LIB.
2454 265 2493 319 l.

3537 277 3640 332 ‘33

390 369 616 438 ὕστερον
647 372 1111 441 προογεγενῆσθαι
1143 371 1340 440 λέγειν.
1384 374 1441 426 'U
1469 376 1576 445 γὰρ
1614 377 1826 445 ἀληθῶς
1853 380 1947 431 Πα-

2065 380 2255 449 exigit,
2306 389 2363 435 ut
2416 381 2526 436 Deo
2581 398 2796 453 semper
2852 387 3231 455 paternitatcm
3279 387 3640 453 ascribamus,

388 463 511 529 τὴρ,
545 459 629 510 ἀεὶ
650 460 859 529 Πατήρ
886 462 935 511 εί
954 460 1011 511 δὲ
1044 460 1117 531 μὴ
1144 461 1367 533 προσείη
1396 463 1455 514 τὸ
1478 463 1563 514 ἀεὶ
1589 466 1655 534 τῇ
1684 465 1959 536 ὁμολογίᾳ,

387 550 525 604 ἀλλά
574 566 657 612 τις
698 549 876 602 ἔννοια
932 550 1073 604 κατὰ
1119 552 1179 603 τὸ
1229 553 1454 622 μάταιον
1501 557 1960 628 προεπινοουμένη

388 642 671 712 ἀποτέμοι,
697 643 791 695 καὶ
815 641 1165 696 κολοὸώσειεν
1188 646 1279 695 ἐπὶ
1302 645 1361 698 τὸ
1382 645 1493 699 ἅνω
1511 648 1609 717 τὴν
1631 646 1723 699 τοῦ
1748 648 1961 717 Πατρὸς

387 736 618 793 ἔννοιαν,
645 734 826 786 οὐκέτι
863 733 923 785 τὸ
963 734 1176 804 ἀληθῶς
1215 736 1405 805 Πατὴρ
1435 731 1573 789 εἶναι
1604 737 1804 806 κυρίως
1834 739 1962 806 ὁμο-

387 824 769 894 λογηθήσεται,
815 823 914 893 τῆς
944 824 1151 886 ἐννοίας
1175 825 1385 895 ἐκείνης
1412 829 1510 896 τῆς
1538 827 1629 879 τοῦ
1662 827 1790 879 Υίοῦ
1829 845 1963 897 προ-

386 932 600 968 επινοου
608 913 796 985 μένης,
817 916 1316 986 παραγραφομένης
1344 917 1402 968 τὸ
1424 917 1589 969 ἀΐδιον
1611 918 1702 969 καὶ
1718 917 1962 988 διηνεκὲς

384 1014 483 1081 τῆς
513 1010 867 1080 πατρότήτος.
914 1009 1037 1073 Πῶς
1086 1010 1194 1080 γὰρ
1234 1010 1458 1062 δυνατὸν
1504 1010 1563 1063 τὸ
1610 1012 1746 1080 μετὰ
1790 1012 1961 1066 ταῦτά

388 1118 516 1152 ποτε
544 1100 830 1170 γενόμενον
857 1100 1091 1153 νοεῖσθαι
1124 1100 1151 1152 ὃ
1182 1099 1273 1153 νῦν
1304 1099 1553 1168 λέγεται;
1586 1102 1648 1153 Εἰ
1676 1097 1768 1155 οὖν
1810 1103 1959 1173 πρῶ-

385 1210 474 1245 τον
503 1194 793 1262 ἁγέννητος
826 1193 899 1246 ὢν
929 1194 1066 1263 μετὰ
1089 1194 1258 1247 ταῦτα
1285 1195 1519 1263 ἐγένετο,
1553 1196 1641 1248 καὶ
1667 1196 1957 1267 ὠνομάσθη

387 1285 596 1355 Πατὴρ,
625 1285 728 1337 οὐκ
769 1286 854 1337 ἀεὶ
894 1282 962 1355 ἦν
1011 1288 1224 1348 πάντως
1259 1287 1287 1340 ὃ
1334 1288 1426 1342 νῦν
1456 1291 1799 1359 ὀνομάζεται·
1835 1293 1863 1343 6
1900 1291 1957 1345 δὲ

386 1376 515 1439 Θεὸς
540 1376 567 1428 ὃ
590 1375 683 1429 νῦν
706 1379 841 1439 ἐστι,
874 1378 965 1430 καὶ
988 1376 1072 1430 ἀεί
1104 1378 1271 1441 ἐστιν,
1306 1377 1428 1432 οὔτε
1454 1379 1673 1450 χείρων,
1696 1380 1818 1432 οὔτε
1846 1380 1955 1449 βελ.

385 1468 513 1518 τίων
548 1468 611 1518 ὲκ
650 1467 963 1537 προσθήκης
992 1469 1299 1539 γενόμενος,
1333 1469 1455 1523 οὔτε
1484 1490 1533 1525 τι
1562 1473 1689 1527 ἄλλο
1714 1473 1772 1540 ἐξ
1794 1474 1954 1527 ἄλλου

387 1558 810 1627 μεταλαμϐάνων
840 1560 931 1612 καὶ
962 1560 1371 1632 ἁλλοιούμενος,
1402 1565 1516 1618 ἀλλ’
1546 1567 1574 1617 6
1612 1567 1772 1629 αὐτός
1810 1568 1955 1620 ἐστιν

328 1655 339 1665 ’
382 1650 556 1719 ἑαυτῷ
589 1651 695 1703 ἀεί.
730 1651 790 1703 Εἰ
820 1652 915 1721 μὲν
940 1648 1031 1706 οὖν
1066 1655 1166 1706 οὐκ
1195 1651 1261 1725 ἦν
1288 1655 1347 1720 ἐξ
1379 1658 1551 1728 ἀρχῆς
1583 1660 1804 1730 Πατὴρ,
1831 1658 1953 1711 οὔτε

2069 486 2245 540 neque
2276 488 2395 527 eam
2426 475 2699 543 posterius
2731 478 2947 531 tandem
2984 478 3158 533 eidem
3189 479 3480 535 advenisse
3514 495 3641 535 scn—

2068 562 2292 619 tiamus.
2324 566 2456 619 Nam
2485 567 2576 636 qui
2601 583 2726 622 vere
2756 566 2917 623 Pater
2942 579 3047 633 est,
3077 586 3291 640 semper
3322 569 3484 626 Pater
3507 580 3593 627 est
3620 590 3636 629 :

2068 660 2121 706 et
2152 652 2256 707 nisi
2306 654 2450 709 istud
2499 672 2698 725 semper
2739 656 2805 710 ad
2846 657 3245 713 confessionem
3290 658 3635 730 adiungatur,

2068 742 2163 796 sed
2184 758 2320 797 vana
2342 746 2586 815 qumdam
2615 747 2872 815 cogitatio
2904 749 3177 803 notionem
3201 750 3378 817 Patris
3405 767 3639 821 superne

2068 836 2223 902 quasi
2249 844 2491 906 amputet
2520 847 2574 891 et
2614 840 2846 905 mutilet,
2890 854 2997 893 non
3030 842 3229 909 poterit
3258 843 3492 911 amplius
3519 859 3639 913 pro-

2068 928 2181 996 prie
2206 926 2369 981 Pater
2394 930 2599 995 vocari,
2633 932 2990 1001 conceptione
3015 921 3125 994 illa,
3151 948 3271 1002 qum
3304 936 3454 1004 prius
3474 951 3636 1005 quam

2067 1016 2236 1072 Filius
2273 1020 2509 1082 exsistit,
2546 1021 2780 1087 elicitur,
2816 1022 3302 1079 circumscribente
3336 1027 3634 1094 paternita-

2067 1108 2137 1163 tis
2212 1110 2567 1166 aeternitatem
2616 1119 2670 1166 et
2718 1126 2985 1182 nusquam
3039 1115 3348 1169 intercisum
3393 1116 3635 1172 duratio-

2064 1214 2207 1254 nem.
2243 1199 2529 1265 Quomodo
2571 1203 2715 1256 enim
2769 1201 2881 1257 ﬁeri
2923 1211 3120 1271 potest,
3160 1214 3218 1259 ut
3256 1206 3404 1275 quod
3448 1217 3632 1274 postea

2063 1292 2263 1346 factum
2297 1299 2405 1357 est,
2453 1291 2506 1345 id
2540 1292 2693 1361 prius
2738 1308 2860 1348 esse
2901 1293 3254 1363 intelligatur,
3299 1295 3444 1363 quod
3489 1311 3634 1350 nunc

2060 1383 2303 1437 dicitur?
2328 1383 2383 1436 Si
2415 1383 2581 1454 igitur
2605 1384 2779 1454 primo
2802 1398 2925 1438 cum
2956 1393 3101 1440 esset
3126 1386 3422 1455 ingenitus,
3448 1395 3632 1456 postea

2063 1474 2237 1529 factus
2272 1482 2326 1529 et
2355 1475 2659 1545 appellatus
2691 1482 2775 1530 est
2807 1474 2990 1541 Pater,
3022 1478 3245 1531 omnino
3275 1492 3381 1530 non
3420 1490 3633 1547 semper

2060 1574 2178 1622 erat
2212 1567 2295 1632 id,
2320 1567 2464 1637 quod
2496 1583 2640 1622 nunc
2668 1568 2980 1622 nominatur
3014 1587 3027 1622 :
3057 1576 3111 1621 at
3143 1568 3315 1631 Deus,
3347 1570 3489 1639 quod
3523 1568 3629 1636 iam

2061 1665 2166 1721 est,
2208 1673 2425 1728 semper
2454 1669 2560 1725 est,
2601 1664 2655 1713 et
2696 1675 2872 1728 neque
2916 1660 3175 1726 deterior,
3216 1675 3394 1730 neque
3438 1658 3630 1716 melior

383 1739 520 1809 μετὰ
545 1740 719 1793 ταῦτα
749 1742 981 1807 ἐγένετο.
1014 1744 1077 1795 Εἰ
1111 1744 1166 1796 δὲ
1192 1746 1533 1814 ὁμολογεῖται
1562 1746 1700 1799 εἶναι
1730 1749 1947 1819 Πατήρ⁶

2055 1750 2161 1803 ulla
2189 1749 2466 1804 additione
2488 1752 2682 1816 evasit,
2717 1766 2892 1821 neque
2922 1751 3069 1805 aliud
3101 1752 3170 1806 ab
3191 1752 3298 1805 alio
3329 1752 3626 1821 accipiens,

380 1833 540 1884 πάλιν
568 1833 658 1884 τὸν
690 1833 849 1885 αὑτὸν
875 1833 1029 1900 λόγον
1052 1836 1484 1908 ἐπαναλήψομαι·
1516 1839 1596 1890 ὃτι
1622 1839 1670 1890 εί
1695 1838 1788 1892 νῦν
1814 1840 1947 1904 ἐστι,

381 1926 475 1975 καὶ
504 1924 587 1976 ἀεὶ
613 1920 679 1993 ἦν
701 1943 712 1954 ·
748 1925 839 1977 καὶ
869 1927 917 1978 εί
946 1926 1033 1978 ἀεὶ
1065 1923 1152 1997 ἦν,
1202 1928 1294 1981 καὶ
1326 1929 1494 1982 εἰσαεὶ
1528 1930 1701 1982 ἔσται.
1744 1930 1950 1983 Οὐκοῦν

377 2016 469 2069 ἀεὶ
506 2016 692 2084 Πατὴρ
736 2019 763 2068 6
796 2016 1004 2087 Πατὴρ,
1046 2018 1122 2087 τῷ
1153 2018 1207 2070 δὲ
1247 2020 1422 2090 Πατρὶ
1469 2021 1948 2090 συνεπινοουμένου

378 2108 594 2171 πάντως
618 2109 711 2161 καὶ
735 2109 827 2161 τοῦ
856 2110 1004 2162 Υἱοῦ’
1037 2110 1156 2163 οὐδὲ
1174 2112 1280 2181 γάρ
1308 2113 1422 2164 ἐστι
1460 2112 1682 2165 δυνατὸν
1721 2112 1948 2182 βεϐαιω-

376 2198 532 2268 θῆναι
578 2198 672 2251 τοῦ
722 2199 932 2269 Πατρὸς
973 2200 1071 2269 τὴν
1121 2201 1333 2270 κλῆσιν,
1376 2203 1449 2271 μὴ
1486 2200 1614 2255 Υίοῦ
1659 2201 1755 2272 τὴν
1785 2219 1971 2285 προσ-Ι

375 2285 599 2355 ηγορίαν
620 2286 1064 2356 ὲπαληθεύοντος,
1090 2288 1182 2342 καὶ
1209 2289 1275 2340 τὰ
1305 2289 1382 2358 τῷ
1408 2290 1584 2359 "arpi
1605 2289 1948 2361 θεωρούμενα

374 2380 549 2429 πάντα
565 2380 657 2430 καὶ
677 2380 768 2430 ἐπὶ
783 2378 874 2432 τοῦ
900 2380 1029 2432 Υίοῦ
1053 2380 1368 2450 καθορᾶται.
1390 2381 1573 2459 Πὸιντα
1596 2383 1704 2451 γὰρ
1723 2383 1821 2434 ὅσα
1836 2382 1946 2451 ἔχει

372 2470 400 2520 6
417 2469 621 2538 Πατὴρ,
643 2469 736 2521 τοῦ
760 2470 887 2522 Υἱοῦ
919 2473 1052 2523 ἐστι·
1087 2471 1180 2523 καὶ
1200 2472 1266 2523 τὰ
1295 2470 1388 2523 τοῦ
1419 2472 1549 2524 Υίοῦ
1582 2473 1759 2525 πάντα
1781 2474 1809 2524 6
1835 2474 1946 2525 Πα-

371 2564 473 2631 τὴρ
518 2563 649 2632 ἔχει.
693 2564 751 2616 '0
802 2562 990 2635 Πατὴρ
1033 2559 1173 2629 εἷπε,
1222 2565 1291 2618 τὰ
1336 2564 1428 2618 τοῦ
1477 2564 1627 2630 Υἰοῦ,
1668 2566 1742 2629 ὡς
1774 2565 1839 2618 ἂν
1872 2563 1945 2637 μὴ

370 2654 514 2724 ἐξείη
562 2654 637 2726 τῷ
686 2656 997 2728 συκοφάντῃ
1038 2657 1576 2729 συμπεριλαμϐάνειν
1619 2658 1945 2727 ἐπηρεαστι-

369 2747 480 2809 κῶς
512 2763 626 2810 πως
668 2749 823 2809 πᾶσι,
854 2749 947 2800 καὶ
980 2749 1039 2800 τὸ
1086 2750 1159 2818 μὴ
1198 2749 1554 2819 γεγεννῆσθαι
1584 2747 1675 2800 τὸν
1708 2747 1855 2812 Υἱὺν,
1886 2749 1944 2800 ὲν

365 2837 444 2906 τῷ
481 2837 681 2905 λέγειν,
713 2838 915 2892 Πάντα
952 2838 1022 2891 τὰ
1072 2840 1165 2891 τοῦ
1189 2839 1398 2909 Πατρὸς
1422 2840 1512 2892 τὸν
1557 2840 1683 2892 Υίὸν
1715 2839 1876 2909 ἔχειν,
1908 2839 1941 2908 ἢ

366 2928 532 2981 πάλιν
558 2928 650 2980 τὸν
687 2929 942 2998 γεννητὸν
984 2925 1122 2980 εἷναι
1152 2930 1245 2981 καὶ
1284 2930 1374 2982 τὸν
1404 2930 1643 3001 Πατέρα.
1675 2933 1732 2983 ὲν
1760 2930 1836 2999 τῷ
1875 2930 1943 2983 τὰ

364 3018 460 3071 τοῦ
494 3019 622 3072 Υὶοῦ
655 3020 832 3075 πάντα
861 3023 918 3073 ὲν
950 3019 1027 3089 τῷ
1050 3021 1223 3090 Πατρὶ
1254 3019 1603 3090 καθορᾶσθαι.
1632 3021 1815 3075 Πάντα
1834 3019 1942 3090 γὰρ

2052 1856 2229 1911 neque
2270 1843 2626 1896 mutationem
2663 1844 2909 1909 subiens,
2937 1857 3151 1912 semper
3183 1843 3323 1897 idem
3362 1843 3467 1898 sibi
3514 1844 3629 1913 ipse

2051 1941 2155 1987 est.
2191 1931 2248 1985 Si
2280 1933 2447 2003 igitur
2477 1948 2584 1986 non
2612 1941 2729 1987 erat
2758 1935 2826 1989 ab
2850 1934 3006 1989 initio
3035 1934 3220 1999 Pater,
3243 1950 3419 2004 neque
3443 1942 3627 2004 postea

2050 2020 2211 2076 Pater
2258 2022 2434 2076 iactus
2471 2030 2573 2077 est.
2623 2022 2681 2077 Si
2731 2031 2910 2077 autem
2960 2024 3015 2077 in
3051 2022 3307 2078 confesso
3350 2028 3454 2091 est,
3501 2038 3626 2078 eum

2050 2124 2196 2164 nunc
2245 2123 2369 2165 esse
2413 2108 2627 2164 Patrem
2662 2128 2675 2163 :
2714 2110 2856 2165 idem
2901 2126 3167 2180 namque,
3201 2111 3345 2181 quod
3379 2122 3504 2165 ante
3545 2112 3628 2166 di-

2053 2210 2201 2254 ctum
2225 2208 2330 2263 est,
2357 2207 2597 2269 repetam
2628 2218 2640 2252 :
2671 2200 2918 2269 sequitur
2950 2213 3163 2270 semper
3189 2201 3358 2256 fuisse
3388 2200 3625 2267 Patrem,

2047 2299 2103 2343 et
2148 2289 2193 2344 si
2236 2304 2448 2359 semper
2502 2287 2667 2343 Pater
2723 2299 2862 2354 erat,
2909 2304 3126 2359 semper
3167 2291 3333 2347 etiam
3388 2293 3625 2361 posteris

2048 2382 2265 2437 saeculis
2298 2382 2421 2436 erit.
2458 2380 2687 2451 Semper
2712 2383 2874 2453 igitur
2903 2382 3065 2438 Pater
3089 2392 3194 2449 est,
3229 2393 3283 2439 et
3312 2385 3412 2438 fuit
3440 2384 3622 2449 Pater,

1998 2480 1999 2483 “
2048 2488 2377 2543 semperque
2426 2489 2549 2528 cum
2585 2472 2747 2529 Patre
2793 2472 2968 2529 Filius
3003 2475 3320 2531 indivisibili
3358 2491 3501 2531 nexu
3541 2492 3626 2530 co-

2048 2564 2269 2633 pulatus
2333 2569 2450 2618 erat
2481 2582 2493 2617 :
2527 2579 2703 2633 neque
2748 2563 2892 2617 enim
2935 2564 3117 2620 Patris
3157 2565 3450 2635 appellatio
3487 2580 3623 2620 con-

2047 2654 2277 2708 stabiliri
2329 2661 2530 2723 potest,
2578 2655 2685 2710 nisi
2729 2652 2899 2710 Filius
2932 2670 3052 2709 eam
3092 2666 3276 2711 verum
3326 2655 3513 2712 faciat.
3562 2657 3625 2711 Et

2045 2744 2247 2807 omnia,
2286 2758 2405 2814 qua:
2431 2744 2578 2799 Patri
2614 2746 2825 2812 insunt,
2858 2747 3022 2802 etiam
3054 2746 3194 2801 Filio
3231 2749 3417 2804 insunt
3455 2767 3467 2803 :
3508 2765 3624 2803 om-

2045 2836 2133 2888 nia
2171 2836 2319 2889 enim
2361 2850 2483 2904 quae
2517 2836 2677 2891 Pater
2722 2837 2903 2903 habet,
2936 2836 3057 2892 Filii
3100 2844 3230 2894 sunt
3264 2856 3277 2891 :
3310 2846 3364 2893 et
3415 2840 3620 2905 omnia,

2043 2939 2165 2993 quae
2194 2934 2324 2979 sunt
2362 2922 2508 2990 Filii,
2540 2924 2705 2981 Pater
2736 2928 2916 2983 habet.
2948 2927 3162 2995 Omnia,
3194 2929 3332 2984 dixit
3364 2929 3620 2994 Filius",

2045 3032 2112 3070 ne
2161 3018 2288 3085 quis
2345 3017 2714 3072 calumniator
2768 3021 3024 3076 omnibus
3082 3020 3320 3076 illudens
3377 3033 3620 3093 oggerat.

368 3110 435 3161 τὰ
460 3107 553 3160 τοῦ
588 3072 801 3179 Πατρὸς
829 3108 941 3177 ἔχει
979 3072 1010 3161 6
1039 3072 1185 3172 Υἱὸς,
1210 3072 1542 3179 οὐχὶΠατήρ
1576 3072 1734 3175 sort,
1762 3072 1857 3162 ita}:
1885 3072 1945 3162 1.6

2179 3072 2194 3085 _
2780 3072 2789 3073 κ
2864 3072 2869 3073 κ
2922 3072 3018 3076 οη
3382 3072 3619 3093 τοτε-τ.

2053 3107 2216 3162 ctiam
2275 3109 2563 3177 ingenitum
2613 3124 2736 3164 esse
2784 3121 3095 3178 competere
3147 3111 3320 3179 Filio,
3369 3130 3435 3169 eo
3474 3117 3619 3184 quod

367 3199 622 3266 ἔμπαλιν,
652 3199 720 3251 τὰ
749 3200 843 3252 τοῦ
876 3199 1003 3252 Υἱοῦ
1030 3200 1209 3253 πάντα
1240 3202 1296 3253 ὲν
1323 3199 1400 3271 τῷ
1427 3202 1603 3273 lla.th
1640 3201 1941 3275 θεωρεῖται,

367 3291 487 3360 οὐχὶ
524 3292 649 3353 Υἱός
679 3292 824 3343 ἐστιν
852 3314 866 3361 ;

2049 3199 2267 3261 dixerit,
2299 3199 2477 3252 ontm’a
2504 3198 2680 3254 Patris
2706 3200 2905 3254 habere
2936 3198 3151 3267 Filium,
3189 3204 3276 3257 vel
3318 3219 3350 3258 e
3393 3214 3625 3259 contra~

2045 3290 2130 3344 rio
2184 3290 2415 3358 genitum
2469 3305 2591 3345 esse
2638 3290 2935 3345 convenire
2982 3290 3153 3358 Patri,
3205 3296 3351 3364 quod
3417 3297 3620 3350 dixerit

364 3384 545 3436 (ιιιιιιίςι
576 3382 696 3437 Filii
744 3385 798 3437 in
836 3383 995 3437 Patre
1043 3384 1266 3438 inesse:
1298 3400 1424 3440 nam
1471 3385 1518 3440 si
1565 3385 1749 3439 omnia
1791 3399 1911 3454 qum
1947 3381 2121 3436 Patris
2169 3389 2330 3446 sunt,
2372 3380 2544 3437 Filius
2576 3380 2761 3446 habet,
2808 3394 2991 3437 nonne
3022 3380 3187 3439 Pater
3224 3384 3368 3440 erit?
3438 3388 3501 3442 Et
3570 3390 3620 3445 si

365 3480 545 3532 omnia
577 3494 697 3548 quae
723 3491 851 3534 sunt
885 3478 1026 3545 Filii,
1069 3481 1121 3533 in
1160 3480 1322 3534 Patre
1359 3482 1733 3544 inveniuntur,
1765 3494 1948 3533 nonne
1988 3476 2160 3531 Filius
2187 3476 2324 3530 erit?

437 3573 497 3624 Εἰ
522 3567 612 3624 οὖν
639 3574 693 3624 ὲν
715 3570 792 3641 τῷ
814 3573 1103 3639 Μονογενεῖ
1119 3572 1187 3623 τὰ
1206 3572 1297 3623 τοῦ
1331 3572 1538 3643 [ἰατρὸς
1565 3574 1760 3635 πάντα,
1789 3565 1940 3632 οὗτος

363 3665 419 3716 δὲ
454 3666 510 3715 ἐν
548 3663 623 3733 τῷ
659 3663 852 3733 Πατρὶ,
896 3665 928 3732 ἡ
968 3664 1025 3715 δὲ
1067 3663 1340 3734 πατρότης
1380 3664 1476 3734 τῆς
1510 3662 1828 3732 ἀγεννησίας
1876 3662 1937 3714 οὐ

365 3748 743 3825 διατέτμήται,
797 3755 847 3807 τί
899 3754 1005 3825 πρὸ
1043 3757 1140 3824 τῆς
1170 3754 1262 3806 τοῦ
1298 3754 1425 3809 Υίοῦ
1466 3756 1670 3817 ἐννοίας
1705 3770 1936 3823 κεχωρι-

368 3846 575 3914 σμένως
605 3848 688 3914 ἐφ’
713 3844 904 3898 ἑαυτοῦ
926 3845 1067 3898 κατά
1088 3862 1140 3897 τι
1170 3845 1440 3915 διάστημα
1463 3846 1589 3915 περὶ
1612 3844 1701 3899 τὸν
1725 3845 1939 3915 Πατέρα

365 3939 599 3993 νοεῖσθαι
632 3937 883 4001 δύναται,
916 3936 1026 4005 ἐγὼ
1070 3937 1168 4007 μὲν
1199 3938 1259 3989 οὐ
1302 3937 1531 4007 συνορῶ.
1571 3937 1778 3991 Οὐκοῦν
1805 3938 1938 4007 ἁφό-

366 4032 473 4093 6ως
518 4028 665 4083 ἔστιν
709 4028 1182 4099 ὲπιθαρσήσαντας
1227 4031 1337 4092 τοῖς
1382 4031 1809 4100 προφερομένοις
1850 4029 1938 4084 διὰ

365 4119 459 4170 τοῦ
511 4118 839 4188 σοφίσματος
887 4120 1019 4187 ἡμῖν
1089 4118 1253 4188 ὁμόσε
1298 4121 1578 4190 χωρῆσαι,
1633 4120 1726 4173 καὶ
1775 4119 1938 4189 μηδὲν

366 4209 695 4277 πτοηθέντας
733 4210 827 4261 τοῦ
871 4209 1224 4279 συλλογισμοῦ
1277 4210 1376 4279 τὴν
1421 4210 1656 4281 γοργόνα
1702 4210 1800 4279 τὴν
1845 4211 1939 4263 ἐπὶ

2116 3566 2174 3619 Si
2217 3566 2384 3636 igitur
2432 3567 2615 3620 omnia
2665 3560 2844 3619 Patris
2887 3571 3016 3619 sunt
3067 3565 3120 3619 in
3165 3564 3480 3638 Unigenito,
3531 3572 3619 3627 hie

2046 3671 2175 3711 vero
2204 3669 2288 3712 est
2328 3658 2383 3710 in
2433 3656 2616 3719 Patre,
2648 3657 2954 3727 paternitas
2982 3671 3114 3713 vero
3161 3658 3230 3711 ab
3275 3660 3617 3716 innascibili-

2044 3756 2153 3803 tate
2190 3764 2296 3803 non
2337 3750 2665 3819 seiungitur,
2701 3748 2959 3817 quidnam
2998 3758 3124 3804 ante
3150 3748 3273 3803 Filii
3316 3754 3613 3817 notionem,

2045 3838 2361 3907 separatim,
2389 3853 2488 3906 per
2516 3852 2599 3902 se,
2634 3847 2687 3892 et
2717 3837 3019 3892 secundum
3044 3837 3317 3907 quoddam
3353 3842 3615 3895 interval-

2044 3929 2178 3992 lum,
2211 3928 2505 3996 concipere
2537 3927 2664 3996 quis
2701 3927 2896 3997 possit,
2926 3940 3026 3996 ego
3057 3941 3165 3981 non
3201 3927 3469 3999 intelligo.
3510 3930 3616 4001 lgi-

2040 4030 2132 4074 tur
2160 4020 2435 4089 intrepide
2469 4028 2523 4074 et
2551 4020 2778 4073 ﬁdenter
2804 4032 2867 4073 ea
2892 4033 3012 4088 quae
3044 4017 3097 4072 in‘
3127 4019 3466 4089 sepliismate
3508 4025 3613 4076 isto

2039 4111 2203 4166 nobis
2251 4112 2610 4180 objiciuntur,
2655 4111 3058 4181 aggredleutes,
3110 4110 3359 4179 nihilque
3390 4114 3613 4182 Syllogi-

2040 4201 2142 4255 smi
2180 4202 2343 4270 hujus
2371 4203 2826 4256 terriculamento
2868 4202 3055 4271 pueris
3087 4200 3609 4271 perterrefaciendis

366 4300 695 4372 καταπλήξει
723 4300 829 4353 τῶν
866 4300 1066 4354 παίδων
1099 4301 1513 4371 σεσοφισμένην,
1557 4304 1757 4366 εἰπεῖν,
1788 4302 1869 4354 ὅτι
1912 4303 1940 4354 6

2050 4292 2372 4360 excogitato,
2418 4291 2708 4353 retardati,
2765 4289 3117 4352 aﬂlrmamus,
3165 4288 3332 4344 Deum
3383 4298 3439 4344 et
3484 4306 3610 4345 san-

364 4394 513 4459 Θεὸς,
542 4394 641 4446 καὶ
664 4392 815 4461 ἆγιος
838 4431 852 4456 ,
881 4392 972 4445 καὶ
998 4392 1279 4455 ἀθάνατος,
1306 4394 1400 4445 καὶ
1434 4392 1641 4464 Πατὴρ,
1675 4395 1766 4446 καὶ
1782 4393 1937 4460 ἀγέν-

2050 4388 2213 4445 ctum,
2240 4390 2295 4434 et
2333 4380 2716 4444 immortalem,
2747 4388 2803 4433 et
2831 4378 3071 4443 Patrem,
3106 4387 3160 4432 et
3201 4379 3521 4450 ingenitum,
3555 4387 3611 4435 et

365 4502 541 4554 νητος,
567 4484 661 4537 καὶ
681 4484 868 4549 ἀΐδιος,
904 4483 996 4537 καὶ
1018 4482 1152 4554 ὁμοῦ
1184 4482 1252 4535 τὰ
1285 4480 1461 4536 πάντα
1487 4483 1620 4535 ἐστί·
1655 4481 1756 4535 κᾶν
1793 4482 1852 4534 ἒν
1883 4498 1934 4534 τι

2050 4479 2328 4538 eternum,
2361 4481 2415 4527 et
2441 4472 2605 4526 simul
2633 4471 2817 4526 omnia
2856 4486 2980 4525 esse
3014 4488 3027 4524 :
3061 4482 3114 4525 ct
3144 4471 3189 4526 si
3224 4471 3402 4540 posita
3433 4471 3608 4541 hypo-

365 4576 469 4628 τῶν
500 4574 738 4637 εὐσεϐῶς
784 4575 911 4645 περὶ
956 4572 1121 4627 αὐτοῦ
1162 4573 1466 4643 λεγομένων
1510 4572 1631 4626 καθ’
1677 4572 1937 4625 ὑπόθεσιν

2050 4564 2415 4633 .hesi,aliquid
2447 4578 2662 4628 eorum,
2693 4577 2815 4633 quae
2839 4563 2906 4617 de
2942 4559 3052 4616 Deo
3073 4562 3379 4617 orthodoxe
3412 4562 3609 4616 dicun-

368 4666 439 4735 μὴ
462 4661 603 4717 εἶναι
626 4664 751 4734 δῷς,
778 4664 846 4718 τὰ
872 4666 1047 4717 πάντα
1068 4664 1146 4735 τῷ
1186 4664 1266 4716 ἐνὶ
1299 4662 1685 4734 συνανῄρηται.
1713 4664 1786 4717 Οὐ
1825 4664 1934 4734 γάρ

2050 4671 2148 4719 .ur,
2178 4655 2496 4721 sustuleris,
2534 4653 2718 4708 omnia
2744 4652 2851 4706 alia
2884 4652 3045 4707 simul
3090 4668 3215 4707 cum
3258 4653 3365 4708 isto
3397 4653 3612 4708 sublata

365 4761 476 4811 ἐστι
497 4758 742 4822 δυνατὸν,
768 4757 860 4810 ἐὰν
896 4755 969 4828 μὴ
995 4756 1258 4818 ἀθάνατος
1288 4750 1345 4829 ᾖ,
1387 4754 1454 4807 τὰ
1474 4755 1635 4808 λοιπὰ
1671 4750 1829 4809 εἶναι.
1868 4755 1935 4809 Ὃ

2050 4756 2180 4803 sunt.
2216 4745 2333 4801 Non
2372 4747 2517 4802 enim
2552 4744 2665 4799 ﬁeri
2700 4753 2931 4815 poterat,
2970 4751 3030 4798 ut
3059 4744 3104 4800 si
3144 4744 3468 4799 immortalis
3498 4759 3608 4799 non

368 4849 422 4901 δὲ
448 4847 541 4902 ἐπὶ
561 4847 758 4919 μέρους
780 4846 1013 4918 εἴρηται,
1033 4844 1258 4898 καθόλου
1289 4844 1531 4897 νοείσθω.
1555 4843 1761 4899 Οὐκοῦν
1783 4843 1933 4896 οὐδὲν

2050 4849 2201 4905 esset,
2242 4839 2450 4909 reliqua
2477 4845 2644 4893 esset.
2692 4837 2757 4892 Et
2785 4837 2929 4907 quod
2965 4836 3032 4891 de
3066 4852 3175 4890 uno
3207 4836 3260 4890 in
3292 4836 3611 4905 particulari

366 4941 490 5010 περὶ
537 4940 697 4994 αὑτὸν
742 4939 867 4992 οὔτε
916 4940 1358 5009 προγενέστερον,
1410 4936 1532 4990 οὔτε
1576 4936 1859 5007 νεώτερον,
1898 4934 1931 5005 ἢ

2050 4930 2240 4984 iictum
2268 4937 2373 4992 est,
2406 4928 2473 4982 de
2495 4926 2751 4982 omnibus
2780 4926 3077 4982 universim
3120 4926 3471 4996 intelligatur.
3504 4925 3611 4980 ita-

362 5030 529 5094 οὕτως
569 5029 635 5083 ἂν
663 5028 1015 5100 εὑρεθήσεται
1037 5026 1405 5099 πρεσϐύτερος
1433 5024 1595 5088 αὐτὸς
1621 5024 1814 5078 ἑαυτοῦ
1842 5025 1937 5078 καὶ

2050 5037 2142 5092 quo
2177 5020 2311 5074 nihil
2345 5021 2398 5073 in
2433 5020 2526 5073 illo
2567 5017 2871 5088 antiquius,
2906 5018 3042 5073 nihil
3085 5020 3359 5075 recentius
3384 5026 3490 5082 est,
3524 5018 3609 5072 ni-

362 5121 641 5191 νεώτερος.
678 5122 738 5174 Ei
762 5120 868 5192 γὰρ
915 5121 988 5191 μὴ
1029 5119 1258 5172 πάντοτε
1298 5117 1473 5170 πάντα
1512 5116 1655 5168 ἐστὶν
1699 5118 1727 5168 6
1767 5114 1932 5179 Θεὸς,

359 5212 493 5266 ἀλλὰ
526 5212 665 5265 κατά
685 5227 807 5264 τινα
829 5211 980 5275 τάξιν
1016 5211 1109 5263 καὶ
1136 5207 1475 5271 ἀκολουθίαν,
1505 5206 1564 5259 τὸ
1596 5207 1693 5276 μέν
1722 5220 1771 5259 τι
1796 5208 1934 5271 ἔστι,

358 5302 419 5355 τὸ
451 5303 507 5355 δὲ
540 5302 746 5371 γίνεται
766 5340 780 5366 ,
821 5301 1063 5363 σύνθεσις
1091 5300 1148 5353 δὲ
1189 5300 1319 5369 περὶ
1343 5297 1505 5351 αὐτὸν
1540 5296 1778 5365 οὐδεμία·
1815 5295 1929 5349 ἀλλ’

360 5396 502 5466 ἅπερ
532 5395 600 5448 ἂν
625 5391 691 5467 ᾖ,
724 5393 842 5455 ὅλος
865 5393 1013 5446 ἐστί’
1046 5391 1183 5446 κατὰ
1210 5391 1265 5444 δὲ
1306 5390 1398 5443 τὸν
1428 5391 1523 5459 τῆς
1556 5388 1817 5458 αἱρέσεως
1846 5387 1930 5440 λό-

360 5503 474 5555 γον,
513 5487 774 5558 πρότερον
796 5485 1083 5555 ὰγέννητος
1108 5482 1181 5536 ὢν
1216 5483 1350 5555 μετὰ
1373 5481 1542 5537 ταῦτα
1578 5481 1783 5550 γίνεται
1816 5481 1928 5535 Πα-

428 5668 473 5698 ⁸⁵
497 5664 659 5721 Joan.
690 5680 824 5729 xvn,
861 5662 943 5718 10.

2039 5115 2115 5168 hil
2150 5113 2301 5182 prius
2332 5118 2422 5165 aut
2454 5110 2748 5181 posterius,
2785 5119 2844 5164 ut
2868 5126 2935 5166 ne
2965 5109 3047 5165 sic
3074 5111 3293 5181 quidem
3321 5111 3502 5178 seipso
3536 5109 3609 5163 sit

2036 5206 2222 5261 senior
2263 5210 2314 5259 et
2354 5202 2561 5272 junior.
2625 5202 2682 5257 Si
2724 5202 2870 5256 enim
2922 5202 3065 5259 Deus
3114 5218 3222 5257 non
3268 5216 3482 5270 semper
3523 5209 3609 5255 est

2035 5298 2254 5359 omnia,
2299 5296 2394 5350 sed
2441 5294 2635 5349 ordine
2687 5296 2923 5364 quodam
2970 5304 3025 5349 et
3080 5292 3452 5354 successione,
3503 5290 3608 5343 hoc

2035 5388 2254 5459 quidem
2278 5394 2386 5450 est,
2414 5383 2548 5439 illud
2584 5384 2663 5451 lit,
2693 5385 2748 5438 in
2774 5385 2869 5440 illo
2887 5392 3069 5439 autem
3107 5383 3251 5439 nulla
3280 5378 3607 5449 compositio

2040 5482 2219 5536 locum
2252 5480 2433 5543 habet,
2466 5477 2557 5534 sed
2587 5490 2944 5547 quaecumque
2972 5482 3077 5540 est,
3115 5490 3179 5530 ea
3213 5480 3360 5528 totus
3394 5479 3500 5537 est,
3550 5481 3605 5524 ut
