4064 6146
377 243 483 298 455

1595 239 1653 293 S.
1677 238 2005 296 GREGORII
2034 241 2326 297 NYSSENI

3522 241 3625 298 456

391 366 517 406 vero
543 350 794 405 haeretica
831 350 1075 405 doctrina
1109 351 1290 415 habet,
1323 354 1473 424 prius
1512 353 1610 409 fuit
1652 356 1942 426 ingenitus.

2072 361 2174 431 τηρ,
2223 359 2475 429 οὐδεμιᾶς
2526 360 2755 430 σωρείας
2800 359 3246 429 ἐπιτηδευμάτων
3296 359 3422 427 περὶ
3470 359 3633 414 αὑτὸν

389 446 579 508 postea
609 439 784 501 Pater,
818 440 968 493 nulla
1005 441 1388 496 attributorum
1415 444 1736 500 collectione
1759 447 1812 499 in
1837 448 1954 517 ipso

389 538 634 600 spectata
681 549 693 583 :
727 530 858 583 nihil
894 530 1039 585 aliud
1074 533 1342 601 sequitur,
1374 548 1537 603 quam
1579 537 1755 606 ipsum
1786 544 1957 591 totum

390 622 576 689 seipso
633 627 748 672 toto
797 620 1032 687 priorem
1077 627 1131 675 et
1163 622 1521 691 posteriorem
1558 638 1701 690 esse,
1756 632 1810 680 et
1839 625 1963 694 qui-

388 711 511 763 dem
542 711 843 764 secundum
874 711 1353 766 innascibilitatcm
1389 714 1570 783 seipso
1602 715 1863 783 priorem,
1907 724 1963 770 at

390 800 691 855 secundum
719 800 897 856 Patris
930 801 1203 855 notionem
1230 803 1409 871 seipso
1430 805 1784 871 posteriorem
1816 820 1958 861 esse.

390 890 657 947 Caeterum
689 892 759 956 si,
793 903 852 946 ut
876 891 1147 962 Propheta
1173 892 1328 959 dicit,
1361 893 1496 947 idem
1521 896 1629 963 ipse
1662 904 1761 959 est,
1790 909 1962 950 vanus

390 992 492 1050 est,
547 984 800 1053 quisquis
844 984 1060 1050 asserit,
1103 999 1251 1049 eum,
1299 986 1619 1056 priusquam
1669 987 1961 1056 generarit,

390 1089 500 1128 non
552 1075 722 1131 fuisse
767 1076 1090 1146 ingenitum,
1124 1077 1252 1146 quia
1297 1086 1553 1132 neutrum
1597 1078 1794 1133 horum
1845 1080 1964 1135 sine

392 1169 566 1223 altero
598 1168 893 1237 reperitur,
930 1182 1105 1238 neque
1141 1166 1321 1222 Patris
1346 1184 1564 1232 nomen,
1608 1185 1783 1239 neque
1809 1170 1962 1241 inge-

394 1261 514 1324 niti,
551 1260 647 1316 sed
694 1260 856 1315 simul
896 1261 998 1314 ista
1050 1260 1158 1314 duo
1193 1267 1247 1315 et
1299 1260 1639 1329 coniunctim
1686 1263 1962 1317 mentibus

393 1357 543 1405 recte
569 1348 635 1405 de
664 1348 775 1404 Deo
806 1349 1155 1405 sentientium
1194 1350 1581 1419 ingenerantur
1612 1369 1623 1403 :
1659 1365 1783 1404 nam
1815 1358 1867 1404 et
1897 1350 1964 1405 ab

394 1446 602 1493 aeterno
630 1438 773 1495 Deus
809 1450 894 1495 est
919 1439 1099 1506 Pater,
1138 1450 1191 1496 et
1219 1440 1382 1495 Pater
1412 1449 1671 1505 aeternus,
1700 1450 1753 1496 ct
1780 1445 1962 1496 omnia

396 1529 525 1590 alia,
562 1545 683 1601 quae
713 1530 964 1599 religiose
990 1531 1058 1586 de
1081 1530 1191 1586 Deo
1219 1532 1608 1601 praedicantur,
1639 1531 1799 1586 simul
1830 1548 1965 1602 prae-

396 1620 673 1685 dicantur,
707 1621 948 1685 secluso,
975 1628 1036 1675 ut
1064 1620 1323 1687 diximus,
1354 1622 1504 1676 omni
1538 1622 1801 1691 temporis
1839 1640 1964 1691 spa-

397 1712 475 1765 tio
500 1711 568 1766 ab
590 1711 682 1765 illa
722 1720 939 1776 natura,
982 1727 1103 1782 quae
1128 1713 1309 1767 omnia
1343 1712 1542 1768 saecula
1573 1713 1865 1767 antecedit.

471 1799 760 1857 Videamus
813 1809 867 1857 et
914 1801 1123 1871 reliqua
1173 1800 1487 1857 dialectices
1544 1802 1797 1855 acumina
1849 1814 1969 1870 quae

396 1895 513 1962 ipse
548 1891 778 1947 ridicula
807 1904 856 1948 et
897 1893 1195 1947 miseranda
1230 1907 1352 1948 esse
1379 1894 1474 1948 ait.
1514 1892 1654 1949 Vere
1696 1892 1966 1963 profecto.

396 1984 605 2041 llevera
650 1985 797 2041 enim
840 2000 903 2041 ea
961 2001 1081 2056 qua:
1131 1986 1236 2041 iste
1286 1987 1517 2051 asserit,
1557 1987 1834 2055 copiosam
1898 1984 1973 2037 ri-

395 2077 560 2132 dendi
594 2079 878 2133 materiam
916 2080 1234 2143 continent,
1266 2080 1352 2134 vel
1392 2079 1575 2148 potius
1621 2094 1843 2134 causam
1888 2081 1973 2133 lu-

396 2168 557 2237 gendi
581 2207 596 2232 ,
625 2168 696 2222 ob
732 2169 957 2238 impium
993 2186 1235 2225 errorem
1256 2210 1270 2235 ,
1300 2171 1391 2240 qui
1429 2172 1642 2225 animos
1678 2171 1884 2225 detinet
1916 2177 1973 2225 et

398 2268 649 2329 occupat.
681 2259 818 2315 Cum
848 2262 995 2316 enim
1029 2262 1214 2325 Pater,
1249 2261 1552 2316 secundum
1581 2262 1857 2332 quoddam
1897 2262 1973 2317 si-

398 2348 717 2419 gniﬁcatum
739 2392 753 2417 ,
784 2351 947 2406 etiam
984 2351 1211 2421 ingeniti
1243 2350 1523 2405 notionem
1555 2352 1973 2420 complectatur,

396 2448 456 2493 ut
477 2450 664 2496 nostra
692 2438 795 2496 lert
821 2442 1123 2507 sententia,
1149 2441 1275 2504 iste,
1303 2448 1521 2511 arrepta
1548 2441 1766 2510 propria
1794 2439 1971 2493 Patris

397 2530 828 2602 signiﬁcatione,
870 2530 944 2587 ita
996 2541 1189 2587 contra
1243 2533 1532 2601 ingenitum
1580 2532 1872 2601 disputat:
1911 2530 1974 2587 Si

396 2625 536 2676 enim
570 2624 706 2678 idem
737 2633 814 2678 est
844 2625 1106 2694 ingenitus
1140 2634 1189 2678 et
1220 2623 1411 2694 Pater,
1447 2622 1622 2677 licebit
1671 2624 1819 2677 nobis
1841 2663 1855 2687 ,
1892 2640 1974 2677 re-

397 2713 521 2767 licto
555 2711 736 2767 Patris
769 2712 1021 2766 vocabulo
1041 2751 1055 2776 ,
1090 2721 1139 2766 et
1170 2722 1442 2781 assumpto
1472 2714 1691 2783 ingeniti
1728 2714 1935 2768 nomine
1955 2753 1971 2778 ,

394 2801 609 2854 dicere:
646 2800 919 2871 Ingenitus
955 2800 1086 2855 Filii
1115 2810 1193 2856 est
1226 2804 1507 2871 ingenitus.
1548 2802 1695 2855 Sicut
1726 2803 1864 2856 enim
1900 2803 1975 2856 in-

396 2893 602 2962 genitus
634 2903 711 2947 est
744 2892 879 2949 Filii
910 2893 1098 2960 Pater,
1131 2895 1208 2948 ita
1250 2896 1479 2949 vicissim
1522 2894 1656 2949 Filii
1704 2896 1971 2966 ingenitus

397 2994 475 3038 est
510 2983 689 3041 Pater.
716 2984 877 3040 Subit
906 2985 1163 3040 admirari
1197 2985 1525 3040 Eunnmium
1557 2986 1626 3040 ob
1657 2987 1933 3041 solertiam
1958 3029 1973 3053 ,

2061 451 2373 520 νοουμένης,
2401 449 2551 503 οὐδὲν
2580 450 2724 512 ἀλλο,
2753 451 2784 517 ἢ
2807 451 2925 513 ὅλος
2951 450 3112 512 αὐτὸς
3140 449 3331 503 ἑαυτοῦ
3356 449 3477 503 ὅλσ.)
3504 468 3639 520 πρε-

2062 542 2321 614 σῦύτερός
2340 560 2399 594 τε
2430 542 2521 595 καὶ
2549 542 3001 611 μεταγενέστερος
3022 541 3246 609 γίνεται·
3277 542 3418 594 κατά
3454 543 3552 611 μὲν
3577 543 3638 596 re

2062 634 2374 704 ἀγέννητον,
2401 632 2592 685 ἑαυτοῦ
2623 631 2985 703 προτερεύων,
3016 634 3155 687 κατά
3186 632 3243 684 δὲ
3268 633 3366 702 τὴν
3392 632 3483 684 τοῦ
3520 634 3635 685 Πα-

2062 725 2191 793 τρδς
2219 724 2445 787 ἔννοιαν,
2470 723 2663 777 ἑαυτοῦ
2688 725 2975 793 γενόμενος
3005 722 3272 794 δεύτερος·
3302 726 3349 775 εί
3380 724 3435 776 δὲ
3456 724 3639 788 καθώς

2063 831 2195 884 φησι
2224 816 2352 885 περὶ
2383 814 2476 866 τοῦ
2506 815 2640 867 Θεοῦ
2668 818 2694 867 6
2724 814 3032 886 Προφήτης,
3063 816 3144 868 ὅτι
3182 815 3234 865 '0
3268 817 3449 879 αὑτός
3476 816 3633 869 ἐστι’

2067 908 2289 977 μάταιος
2320 908 2347 958 ὁ
2372 906 2563 975 λέγων,
2586 908 2665 960 ὅτι
2697 908 2823 977 πρὶν
2849 908 3127 976 γεννῆσαι,
3166 908 3264 960 οὐκ
3302 903 3370 979 ἧν
3407 909 3641 980 ἀγέννη-

2062 1015 2171 1061 τος·
2203 1000 2282 1051 ὅτι
2315 998 2591 1068 οὐδέτερον
2620 998 2822 1051 τούτων
2864 1000 3031 1070 χωρὶς
3056 998 3147 1051 τοῦ
3179 998 3364 1069 ἐτέρου
3391 1000 3641 1070 εὑρίσκε-

2062 1107 2174 1153 ται,
2203 1088 2322 1142 οὔτε
2349 1088 2441 1142 τοῦ
2481 1091 2692 1161 Πατρὸς
2725 1090 2785 1142 τὸ
2810 1089 2980 1160 ὄνομα
3002 1130 3017 1152 ,
3049 1089 3170 1142 οὔτε
3204 1090 3296 1142 τοῦ
3322 1092 3636 1159 ἀγεννήτου.

2077 1182 2215 1234 Ἀλλ’
2238 1182 2371 1253 ὁμοῦ
2404 1181 2471 1234 τά
2513 1181 2625 1245 δύο,
2669 1182 2760 1235 καὶ
2799 1184 2913 1252 μετ’
2957 1182 3198 1251 ἀλλήλων
3230 1184 3349 1243 ταῖς
3380 1181 3637 1245 διανοίαις

2064 1272 2170 1325 τῶν
2200 1272 2438 1335 εὐσεϐῶς
2463 1272 2829 1343 λογιζομένων
2853 1272 3125 1340 ἐγγίνεται
3147 1273 3217 1325 τά
3244 1274 3505 1343 νοήματα.
3531 1274 3640 1325 Καὶ

2064 1361 2172 1433 γὰρ
2198 1362 2255 1429 ἐξ
2288 1363 2457 1415 ἀϊδίου
2503 1362 2693 1433 Πατὴρ
2739 1364 2767 1414 6
2800 1361 2959 1424 Θεὸς,
2982 1362 3074 1415 καὶ
3111 1362 3298 1432 Πατὴρ
3324 1363 3511 1427 ἀΐδιος,
3544 1362 3641 1415 καὶ

2065 1456 2241 1507 πάντα
2268 1455 2365 1507 ὅσα
2386 1454 2621 1517 εὐσεϐῶς
2641 1454 2876 1521 λέγεται,
2903 1454 3045 1507 κατὰ
3072 1454 3267 1507 ταύτὸν
3292 1454 3640 1523 ὀνομάζεται,

2065 1547 2162 1617 τῆς
2192 1548 2445 1617 χρονικῆς
2473 1546 2697 1618 ταύτης,
2731 1547 2912 1610 καθὼς
2940 1546 3168 1617 ἔφαμεν,
3193 1546 3511 1609 ἀκολουθίας
3549 1546 3644 1600 καὶ

2066 1636 2269 1702 τάξεως
2295 1637 2385 1688 ἐπὶ
2414 1635 2513 1707 τῆς
2550 1636 2873 1707 προαιωνίου
2898 1636 3109 1705 φύσεως
3136 1637 3431 1708 ἀργούσης.

2146 1796 2369 1865 ’Ἱδωμεν
2396 1795 2451 1849 δὲ
2482 1795 2575 1849 καὶ
2606 1795 2675 1848 τά
2708 1795 2868 1848 λοιπὰ
2898 1795 2995 1867 τῆς
3037 1795 3379 1865 διαλεκτικῆς
3424 1795 3648 1865 εὐστρο-

2073 1889 2221 1958 φίας,
2263 1888 2301 1943 ὃ.
2357 1890 2451 1942 καὶ
2495 1890 2653 1954 αὐτὸς
2710 1889 2908 1959 γελοῖά
2950 1906 3013 1943 τε
3056 1889 3212 1958 ἅμα,
3262 1890 3359 1941 καί
3411 1884 3647 1942 ἐλεεινά

2073 1997 2236 2050 φησιν
2282 1978 2437 2036 εἶναι.
2484 1980 2681 2046 Καλῶς
2728 1983 2884 2035 τοῦτο
2932 1981 3125 2050 λέγων.
3175 1979 3389 2044 Πλατὺς
3433 1981 3541 2052 γὰρ
3570 1981 3647 2044 ib;

2073 2071 2288 2141 ἀληθῶς
2312 2073 2370 2124 ὲν
2396 2074 2505 2136 τοῖς
2530 2073 2839 2144 εἰρημένοις
2866 2076 2893 2127 6
2921 2073 3115 2141 γέλως,
3161 2073 3359 2143 μᾶλλον
3384 2073 3440 2126 δὲ
3482 2073 3649 2136 πολὺς

2072 2164 2100 2215 ὁ
2132 2163 2325 2235 θρῆνος
2350 2165 2441 2217 ἐπὶ
2468 2167 2531 2235 τῇ
2563 2164 2862 2237 κατεχούσῃ
2885 2166 2982 2237 τὴν
3012 2166 3185 2236 ψυχὴν
3211 2166 3393 2239 ἀπάτῃ
3412 2182 3425 2195 ο
3459 2164 3649 2235 ἐπειδὴ

2073 2255 2183 2324 γάρ
2232 2256 2373 2309 κατά
2424 2272 2475 2308 τι
2530 2256 2927 2327 σημαινόμενον
2969 2258 2997 2310 6
3050 2256 3238 2326 Πατὴρ
3278 2255 3373 2308 καὶ
3417 2255 3514 2325 τὴν
3551 2254 3650 2307 τοῦ

2075 2348 2367 2417 ἀγεννήτου
2394 2348 2742 2418 περιείληφεν
2772 2349 2998 2411 ἔννοιαν,
3022 2348 3096 2411 ὡς
3125 2350 3153 2401 ὁ
3179 2348 3447 2418 ἡμέτερος
3469 2347 3648 2415 λόγος,

2078 2438 2394 2509 μεταϐαλὼν
2419 2440 2517 2508 τὴν
2546 2440 2743 2506 κυρίαν
2785 2439 2879 2491 τοῦ
2923 2439 3147 2507 Πατρός
3180 2440 3453 2509 σημασίαν
3479 2440 3557 2501 είς
3587 2439 3652 2490 τὸ

2074 2531 2421 2601 ἀγέννητον,
2456 2532 2579 2585 τάδε
2624 2532 2818 2602 φησίνο
2860 2536 2929 2586 El
2975 2533 3084 2602 γὰρ
3112 2533 3331 2586 ταύτόν
3374 2532 3543 2585 ἐστιν
3571 2533 3653 2585 ει-

2075 2626 2230 2690 πεῖν,
2282 2625 2629 2695 ἀγέννητος,
2676 2626 2713 2693 ἢ
2748 2625 2973 2694 Πατὴρ,
3011 2626 3247 2689 ἐξέσται
3298 2624 3442 2693 ἡμῖν
3472 2641 3653 2677 κατα-

2074 2714 2323 2769 λιποῦσι
2356 2715 2469 2783 τὴν
2500 2715 2604 2769 τοῦ
2630 2715 2857 2783 Πατρός
2875 2714 3103 2783 φωνὴν,
3135 2711 3537 2782 μεταλαϐοῦσι
3581 2710 3654 2764 δὲ

2075 2809 2141 2862 τὸ
2178 2808 2525 2876 ἀγέννητον,
2555 2808 2769 2861 εἰπεῖν·
2811 2809 2864 2859 '0
2912 2806 3235 2876 ἁγέννητος
3308 2805 3443 2859 Υίοῦ
3483 2805 3656 2857 ἐστιν

2077 2901 2424 2971 ἀγέννητος.
2462 2902 2691 2967 ’Ὠσπερ
2725 2901 2836 2969 γὰρ
2877 2900 3205 2969 ἀγέννητες
3245 2897 3382 2951 Υίοῦ
3425 2896 3649 2963 Πατὴρ,

2079 2993 2265 3059 οὕτως
2294 2992 2553 3061 ἔμπαλιν
2592 2991 2724 3046 Υἱοῦ
2757 2990 3083 3061 ἀγέννητος
3111 2994 3143 3044 ό
3170 2988 3388 3056 Πατήρ.
3435 2986 3655 3040 Ἐπεισί

400 3076 558 3144 cujus
593 3076 808 3147 capiam
840 3084 893 3131 et
923 3077 1239 3132 varietatem
1274 3078 1423 3132 circa
1468 3077 1780 3148 dogmatum
1829 3078 1969 3147 peri-

2082 3104 2171 3156 μοι
2200 3087 2382 3139 λοιπὸν
2409 3083 2710 3155 θαυμάζειν
2738 3083 2827 3137 τὸν
2859 3084 3027 3154 ἄνδρα
3055 3083 3152 3150 τῆς
3184 3082 3539 3151 εὐμηχανίας,
3559 3081 3656 3133 καὶ

400 3168 555 3234 tiam,
592 3168 885 3221 multorum
918 3169 1235 3223 facultatem
1270 3185 1532 3239 superare
1577 3170 1836 3225 arbitror.
1867 3169 1978 3223 illa-

401 3258 573 3327 gister
620 3268 808 3313 noster
850 3259 1040 3328 paucis
1083 3259 1323 3314 verbulis
1363 3260 1603 3314 breviter
1647 3260 1805 3326 dixit,
1859 3259 1976 3314 ﬁeri

399 3364 596 3419 posse,
630 3357 690 3404 ut
719 3348 881 3404 etiam
916 3365 1013 3419 per
1056 3349 1235 3405 Patris
1274 3351 1697 3418 appellationem
1738 3352 1977 3405 innasci-

401 3440 581 3494 bilitas
614 3440 1131 3509 signiﬁceturziste
1180 3447 1259 3492 tot
1311 3448 1365 3493 et
1416 3448 1565 3494 tanta
1619 3444 1862 3511 oggerit,
1916 3451 1974 3496 ut

400 3531 693 3585 multitudo
710 3531 822 3600 jam
846 3545 953 3584 non
984 3530 1056 3583 sit
1079 3530 1314 3599 amplius
1344 3530 1398 3584 in
1420 3546 1683 3586 sensuum
1710 3530 1968 3588 dilicren-

399 3623 507 3686 tia,
536 3620 630 3676 sed
655 3621 709 3675 in
739 3621 972 3674 circuitu
1001 3630 1056 3675 et
1083 3622 1407 3690 repetitione
1432 3623 1746 3677 eorumdem
1773 3626 1970 3680 verbo-

400 3728 544 3766 rum.
595 3712 1065 3777 Quemadmodum
1101 3713 1245 3768 enim
1283 3714 1357 3766 illi
1397 3715 1492 3784 qui
1542 3716 1739 3771 velatis
1792 3719 1969 3774 oculis

402 3803 550 3857 circa
592 3802 789 3856 molam
826 3802 1171 3871 discursant,
1210 3804 1382 3873 multo
1427 3805 1611 3861 labore
1655 3810 1967 3873 exantlatu,

400 3896 459 3946 in
505 3892 695 3948 eodem
737 3893 858 3949 loco
906 3904 1127 3949 manent
1159 3914 1172 3949 :
1216 3894 1291 3949 ita
1319 3894 1423 3949 iste
1457 3911 1672 3966 semper
1701 3898 1850 3952 circa
1879 3914 1970 3954 ea-

402 3982 525 4037 dem
559 3982 807 4045 vertitur,
839 3990 893 4038 et
928 3985 998 4039 ab
1029 3984 1224 4040 iisdem
1255 4000 1363 4038 non
1390 3985 1630 4040 absistit.

2080 3177 2413 3247 πολύτροπον
2445 3175 2629 3238 αὑτοῦ,
2661 3175 2754 3229 καὶ
2793 3175 3032 3228 ποικίλον
3068 3174 3167 3242 τῆς
3197 3176 3274 3236 είς
3306 3174 3374 3225 τὰ
3407 3173 3653 3242 δόγματα

2081 3270 2346 3336 παιδείας,
2396 3270 2535 3339 ὑπὲρ
2573 3267 2669 3338 τὴν
2707 3266 2814 3321 τῶν
2844 3266 3054 3318 πολλῶν
3087 3261 3224 3317 εἶναι
3265 3265 3491 3334 δύναμιν
3539 3263 3651 3315 οἴε-

2081 3363 2223 3415 σθαι.
2259 3362 2332 3413 Τὸ
2368 3360 2463 3431 μὲν
2489 3359 2775 3431 εἰρημένον
2807 3358 2956 3430 παρὰ
2999 3358 3091 3410 τοῦ
3124 3357 3441 3410 διδασκάλου
3472 3356 3649 3425 ἡμῶν,

2080 3447 2161 3514 εἷς
2190 3450 2344 3518 λόγος
2372 3452 2428 3502 ὲν
2464 3448 2654 3521 βραχεῖ
2681 3449 2777 3520 τὴν
2824 3449 3168 3521 περιγραφὴν
3204 3448 3340 3519 ἔχων
3361 3489 3373 3513 ,
3405 3448 3464 3501 τὸ
3501 3448 3655 3501 δυναο

2075 3542 2166 3594 τὸν
2207 3537 2345 3594 εἶναι
2379 3542 2473 3594 καὶ
2498 3543 2584 3595 διὰ
2614 3543 2712 3612 τῆς
2752 3542 2845 3595 τοῦ
2875 3541 3103 3608 Πατρός
3143 3541 3510 3611 προσηγορίας
3554 3540 3653 3611 τὴν

2075 3632 2448 3701 ἀγεννησίαν
2495 3630 2853 3701 σημαίνεσθαι
2882 3648 2895 3659 ·
2952 3631 3020 3683 τά
3068 3630 3125 3683 δὲ
3161 3631 3310 3701 παρὰ
3340 3630 3527 3683 τούτου
3560 3648 3655 3684 το-

2076 3724 2267 3789 σαῦτα,
2296 3716 2370 3777 ὧν
2393 3722 2454 3775 τὸ
2480 3722 2677 3793 πλῆθος
2700 3722 2798 3775 οὐκ
2825 3724 2881 3774 ὲν
2912 3724 2976 3792 τῇ
3007 3722 3239 3792 διαφορᾷ
3265 3720 3370 3773 τῶν
3396 3738 3545 3792 νενοη
3557 3720 3655 3790 μέ-

2076 3831 2179 3866 νων
2212 3813 2376 3875 ἐστὶν,
2428 3812 2538 3865 ἀλλ’
2570 3813 2625 3864 ὲν
2662 3814 2727 3881 τῇ
2763 3811 2987 3881 περιόδῳ
3051 3813 3141 3863 καὶ
3194 3812 3505 3880 ἀναστροφῇ
3546 3809 3656 3862 τῶν

2075 3901 2272 3970 ὁμοίων
2304 3899 2583 3971 ῥημάτων.
2621 3899 2886 3969 Καθάπερ
2916 3899 3024 3969 γὰρ
3052 3900 3101 3951 οἱ
3134 3899 3231 3968 τὴν
3280 3898 3451 3969 μύλην
3488 3916 3655 3952 κεκαο

2076 3992 2368 4061 λυμμένοις
2397 3994 2506 4054 τοῖς
2550 3988 2846 4060 ὀφθαλμοῖς
2880 3990 3244 4061 περιθέοντες,
3280 3991 3337 4041 ὲν
3380 3990 3548 4060 πολλῇ
3584 3992 3651 4060 τῇ

399 4075 672 4147 ὁδοιπορίᾳ
714 4073 854 4128 κατά
881 4073 970 4127 τὸν
998 4073 1159 4127 αὑτὸν
1192 4072 1411 4145 μένουσι
1449 4075 1640 4128 τόπον·
1715 4076 1887 4143 οὕτως
1954 4081 2042 4134 ἀεὶ
2081 4082 2206 4151 περὶ
2235 4081 2299 4135 τά
2348 4079 2488 4134 αὐτὰ
2536 4080 2842 4150 στρέφεται,
2904 4080 2995 4133 καὶ
3037 4079 3145 4132 τῶν
3187 4079 3362 4134 αὐτῶν
3404 4080 3503 4133 οὐκ
3550 4082 3657 4149 ἀφ-

403 4167 632 4222 ίσταται.

471 4260 689 4315 Dixerat
722 4260 889 4315 semel
928 4260 1276 4315 subsannans
1307 4275 1406 4316 nos
1429 4302 1444 4325 ,
1482 4260 1697 4316 Patrem
1742 4279 1844 4318 non
1889 4265 1965 4319 si-

2146 4259 2312 4317 Εἶπεν
2334 4262 2478 4327 ἅπαξ
2502 4261 2887 4331 ἐπιχλευάζων,
2907 4262 2986 4315 ὅτι
3012 4263 3095 4315 Οὐ
3123 4261 3189 4315 τὸ
3218 4260 3504 4330 γεννῆσαι
3536 4277 3650 4330 ση-

400 4356 652 4425 gniﬁcare
682 4354 736 4408 id
764 4353 902 4424 quod
932 4363 1007 4408 est
1040 4370 1320 4424 generare,
1350 4353 1439 4408 sed
1491 4354 1545 4407 id
1589 4354 1727 4424 quod
1780 4365 1858 4411 est
1906 4373 1969 4411 ea:

2072 4356 2267 4427 μαίνει
2310 4357 2342 4408 ὀ
2372 4353 2591 4420 Πατὴρ,
2616 4353 2774 4407 ἀλλὰ
2800 4352 2865 4405 τὸ
2896 4353 2965 4416 ἐξ
2996 4352 3245 4418 οὐδενὸς
3276 4350 3450 4407 εἶναι.
3482 4355 3651 4408 Πάλιν

400 4446 548 4500 nullo
576 4461 725 4510 esse;
759 4460 882 4499 mox
914 4445 1101 4500 eadem
1132 4445 1403 4501 cantilena
1435 4446 1656 4509 iterata,
1699 4447 1758 4501 Si
1792 4447 1974 4511 Pater,

400 4541 596 4611 inquit,
618 4539 879 4610 signiﬁcat
912 4538 1218 4607 ingenitum,
1239 4546 1522 4607 antequam
1556 4546 1848 4607 generaret,
1874 4555 1977 4592 non

398 4643 511 4687 erat
546 4632 831 4702 ingenitus.
862 4628 1067 4684 Deinde
1096 4630 1258 4683 tertio
1309 4629 1375 4682 ad
1430 4629 1618 4683 eadem
1651 4644 1974 4696 recurrens,

399 4723 635 4785 Licebit,
682 4721 893 4790 inquit,
943 4730 1153 4788 accepto
1198 4720 1429 4790 ingenito
1479 4720 1670 4784 dicere,
1703 4718 1976 4790 Ingenitus

401 4818 537 4871 Filii
560 4826 635 4869 est
661 4817 919 4884 ingenitus
948 4831 964 4868 :
994 4822 1047 4869 et
1075 4830 1103 4870 e
1131 4814 1365 4882 vestigio
1395 4813 1627 4882 repetit,
1656 4813 1802 4882 quod
1833 4830 1977 4884 sa'pe

396 4911 511 4979 jam
546 4914 900 4963 evomuerat:
941 4905 1147 4967 Sicuti,
1182 4907 1390 4974 inquit,
1427 4905 1693 4974 ingenitus
1728 4916 1807 4959 est
1845 4906 1976 4961 Filii

401 5000 585 5065 Pater,
612 4998 687 5052 sic
719 4996 826 5049 vice
854 5012 1002 5050 tersa
1040 4995 1169 5050 Filii
1200 4996 1460 5065 ingenitus
1491 5005 1568 5050 est
1613 4995 1790 5051 Pater.
1823 4996 1974 5064 Quo-

400 5094 505 5147 ties
532 5090 595 5145 ad
626 5087 880 5145 eumdem
907 5089 1170 5141 vomitum
1201 5089 1503 5142 relabitur?
1529 5088 1757 5155 Quoties
1785 5090 1972 5144 eadem

401 5184 644 5255 repetit?
686 5181 913 5247 Quoties
956 5179 1143 5233 eadem
1190 5181 1455 5234 eructat?
1490 5183 1571 5234 An
1627 5196 1734 5235 non
1776 5191 1829 5234 et
1872 5195 1973 5235 nos

401 5277 619 5333 molesti
654 5273 929 5345 plerisque
958 5271 1168 5326 erimus
1190 5311 1202 5333 ,
1240 5272 1285 5325 si
1320 5281 1509 5326 nostra
1542 5273 1791 5327 oratione
1822 5272 1974 5326 vani-

400 5378 569 5423 tatem
609 5380 800 5423 eorum
851 5378 973 5434 qua:
1003 5362 1106 5418 iste
1139 5361 1394 5426 adducit,
1423 5362 1701 5418 discutere
1726 5372 1777 5417 et
1814 5361 1973 5416 refel-

402 5459 517 5514 lere
547 5456 815 5512 velimus?
842 5455 907 5509 Et
934 5454 1073 5510 forte
1102 5452 1168 5508 ad
1199 5454 1303 5509 ista
1337 5452 1499 5509 silere
1534 5453 1819 5509 decentius
1856 5452 1972 5509 l‘uc-

402 5552 497 5604 rit.
526 5548 592 5601 At
622 5564 687 5603 nc
710 5550 833 5618 quis
865 5547 917 5602 id
946 5564 1012 5603 ex
1042 5547 1395 5603 imbecilitate
1423 5547 1691 5602 orationis
1719 5560 1770 5602 ct
1797 5562 1970 5616 penu-

402 5641 482 5697 ria
513 5647 951 5709 argumentorum
972 5638 1218 5698 accidere
1244 5639 1555 5707 arbitretur,
1586 5639 1682 5695 ista
1708 5653 1971 5709 responsa

2079 4448 2139 4501 τὸ
2165 4448 2346 4518 ὅμοιον
2375 4444 2590 4509 ἔπλεξεν
2613 4460 2625 4471 ⁵
2663 4447 2731 4498 El
2757 4444 2955 4512 Πατὴρ
2979 4444 3044 4497 τὸ
3070 4445 3400 4513 ἀγέννητον
3432 4447 3651 4515 σημαί-

2077 4556 2187 4603 νει,
2216 4539 2358 4607 πρὶν
2391 4535 2681 4606 γεννῆσαι
2728 4538 2838 4590 οὐκ
2882 4532 2959 4603 ἦν
3004 4535 3352 4604 ἀγέννητος.
3405 4531 3537 4589 Εἶτα
3586 4539 3651 4590 ὲκ

2078 4629 2258 4701 τρίτου
2305 4629 2397 4681 ἐπὶ
2447 4627 2516 4681 τὰ
2571 4626 2708 4679 αύτά
2763 4626 3142 4695 ἐπανέρχεται.
3213 4627 3455 4691 Ἔξεστι
3518 4627 3647 4698 γάρ,

2078 4721 2229 4791 φησὶ,
2259 4718 2657 4789 μεταλαϐοῦσι
2688 4718 2752 4771 τὸ
2785 4716 3116 4787 ἀγέννητον
3146 4718 3365 4771 εἰπεῖν·
3403 4719 3456 4771 Ὀ
3477 4720 3653 4787 ἀγέν-

2076 4830 2255 4879 νητος
2309 4809 2446 4864 Υἱοῦ
2471 4811 2639 4863 ἐστιν
2674 4809 3002 4879 ἀγέννητος
3022 4826 3035 4838 ·
3075 4809 3166 4862 καὶ
3198 4809 3359 4873 εὐθὺς
3384 4811 3652 4864 ἐπανέλα-

2076 4902 2168 4954 6εν
2211 4902 2239 4955 ὃ
2269 4901 2526 4964 πολλάκις
2554 4900 2807 4972 ὲξήμεσε,
2835 4901 2927 4954 καί
2973 4917 3135 4970 φησιν
3159 4916 3172 4931 '
3206 4902 3434 4969 Ὥσπερ
3469 4904 3578 4973 γὰρ
3620 4907 3652 4958 ό

2075 4994 2400 5063 ἀγέννητος
2454 4994 2586 5048 Υἱοῦ
2649 4992 2867 5060 Πατὴρ,
2938 4992 3127 5058 οὕτως
3195 4992 3453 5062 ἔμπαλιν
3513 4996 3652 5049 Υὶοῦ

2074 5085 2399 5155 ἀγέννητος
2430 5089 2463 5139 ό
2507 5084 2727 5153 Πατήρ.
2785 5086 2849 5136 Ὢ
2893 5084 3122 5147 ποσάκις
3175 5085 3265 5138 ἐπὶ
3314 5085 3404 5138 τὸν
3456 5087 3650 5140 ἑαυτοῦ

2075 5178 2266 5246 ἔμετον
2313 5176 2684 5248 ὲπανέδραμεί
2733 5176 2959 5240 ποσάκις
3016 5176 3352 5229 ὲπανέλαϐεί
3420 5180 3651 5243 ποσάκις

2075 5266 2393 5331 ὲξέδλυσενί
2434 5262 2558 5336 ’Ἆρ’
2610 5262 2702 5319 οὖν
2729 5266 2828 5318 οὐκ
2871 5265 3126 5334 ἐπαχθεῖς
3190 5266 3280 5319 καὶ
3332 5267 3491 5335 ἡμεῖς
3540 5272 3648 5331 τοῖς

2076 5359 2286 5423 πολλοῖς
2315 5358 2677 5429 γενησόμεθα,
2706 5360 2773 5427 τῇ
2817 5357 3135 5427 ματαιότητι
3163 5357 3272 5410 τῶν
3304 5361 3432 5429 παρ’
3483 5360 3645 5413 αὐτοῦ

2074 5450 2532 5522 προφερομένων,·
2562 5450 2655 5503 καὶ
2701 5449 2791 5503 τὸν
2824 5450 3092 5520 ἡμέτερον
3125 5450 3281 5518 λόγον
3314 5457 3649 5523 συμπερισύ-

2077 5558 2291 5614 ροντες;
2325 5543 2431 5594 Καὶ
2468 5542 2596 5603 ἴσως
2624 5540 2684 5593 τὸ
2720 5543 2928 5611 σιωπᾷν
2959 5543 3016 5594 ὲν
3046 5544 3156 5604 τοῖς
3187 5541 3446 5605 τοιούτοις
3480 5544 3646 5614 ἁρμο-

2072 5636 2343 5709 διώτερον.
2391 5633 2529 5690 Ἀλλ’
2557 5636 2641 5689 ἵνα
2672 5636 2744 5707 μή
2782 5653 2861 5700 τις
2890 5637 2953 5707 τῇ
3000 5635 3123 5707 περὶ
3158 5634 3249 5689 τοῦ
3277 5632 3456 5704 λέγειν
3485 5637 3640 5691 ἀσθε-
