4064 6146
346 266 455 322 457

1496 276 1775 334 CONTRA
1814 278 1921 333 EUI

2022 276 2124 333 illi}
2138 276 2207 342 Μ,
2241 274 2369 329 LIB.
2410 275 2449 329 1.
3494 264 3595 313 438

351 383 471 453 νείᾳ
501 382 820 454 καθυφιέναι
860 371 1054 464 νομίσῃ
1085 392 1172 445 τὸν
1206 394 1380 461 λόγον,
1418 372 1586 450 ταῦτα
1634 402 1746 461 τοῖς
1773 399 1921 469 εἰρη-

2025 397 2261 451 damus:
2296 393 2415 449 Non
2458 393 2585 447 licet
2617 392 2715 447 tibi
2750 393 2931 447 dicere
2970 389 3091 445 Filii
3137 389 3433 460 ingenitum
3479 402 3598 442 esse

353 473 540 543 μένοις
578 477 1051 551 άποκρινούμεθα”
1085 484 1197 537 Οὐκ
1239 485 1413 553 ἒξεστί
1454 505 1533 541 σοι
1569 489 1764 558 λέγειν,
1795 489 1922 541 Υἰοῦ

348 564 646 636 ἀγέννητον
672 569 764 621 τὸν
794 572 1034 644 Πατέρα,
1069 574 1170 629 κᾶν
1204 578 1237 648 ἡ
1264 577 1357 630 τοῦ
1386 580 1597 650 Πατρὸς
1623 581 1833 649 κλῆσις,
1864 581 1925 633 τὸ

353 657 427 726 μὴ
462 655 522 719 ἐξ
548 658 726 723 αἰτίας
751 657 888 715 εἶναι
918 664 1007 717 τὸν
1029 669 1394 739 γεγεννηκότα
1428 672 1688 744 σημαίνῃ.
1715 673 1923 743 Ὠσπερ

350 747 458 818 γὰρ
491 750 631 802 κατὰ
670 751 728 804 τὸ
771 754 933 824 ῥηθὲν
979 758 1111 826 ἡμῖν
1153 758 1477 831 ὑπόδειγμα,
1504 763 1602 832 τὴν
1633 762 1726 815 τοῦ
1770 763 1925 831 βασι-

349 840 481 903 λέως
520 841 679 906 ἀξίαν
711 845 1060 915 ἀκούσαντες,
1115 850 1207 903 δύο
1240 853 1304 905 ἐκ
1342 852 1436 906 τοῦ
1471 853 1731 923 ὀνόματος
1770 854 1924 923 ἐνοή-

350 948 523 1002 σαμεν
544 975 559 999 ,
593 934 655 986 τό
684 952 743 988 τε
784 936 1143 1011 ὑποτετάχθαι
1188 944 1374 1014 μηδενὶ
1402 944 1493 996 τὸν
1526 945 1645 998 κατ’
1677 944 1923 1009 ἐξουσίαν

348 1022 685 1094 προέχοντα.
727 1028 822 1081 καὶ
865 1028 926 1082 τὸ
972 1031 1080 1084 τῶν
1127 1033 1452 1105 ὑποχειρίων
1494 1039 1748 1105 κρατεῖν·
1781 1035 1922 1090 οὕτω

350 1115 442 1167 καὶ
487 1117 534 1186 ὴ·
556 1117 650 1170 τοῦ
693 1119 906 1190 Πατρὸς
935 1127 1275 1197 προσηγορία
1326 1127 1517 1198 διπλῆν
1545 1129 1676 1199 ἡμῖν
1706 1130 1799 1182 ἐπὶ
1828 1128 1919 1182 τοῦ

347 1204 483 1258 Θεοῦ
526 1206 625 1277 τὴν
683 1212 957 1279 σημασίαν
1010 1216 1340 1287 παρέχεταν
1395 1219 1495 1289 τήν
1542 1236 1601 1271 τε
1648 1219 1784 1290 πρὸς
1827 1218 1923 1271 τὸν

351 1296 476 1350 Υἱὸν
526 1300 851 1372 νοουμένην,
906 1304 998 1357 καὶ
1043 1306 1104 1359 τὸ
1158 1308 1428 1378 μηδεμιᾶς
1481 1309 1641 1362 αὐτὸν
1688 1308 1921 1379 ἐξῆφθαι

351 1391 842 1465 προεπινοουμένης
875 1396 1074 1460 αἰτίας.
1126 1398 1338 1470 Ὥσπερ
1380 1396 1473 1455 οὖν
1511 1400 1610 1454 οὐκ
1650 1400 1795 1453 ἐστιν
1828 1401 1921 1453 ἐπὶ

350 1478 444 1533 τοῦ
488 1478 749 1549 βασιλέως
780 1486 974 1551 εἰπεῖν,
1023 1488 1103 1544 ὅτι
1156 1490 1205 1543 εί
1242 1491 1309 1544 τὰ
1344 1490 1437 1545 δύο
1475 1492 1563 1547 διὰ
1602 1491 1703 1561 τῆς
1748 1492 1920 1562 αὐτῆς

350 1574 719 1644 προσηγορίας
747 1577 1088 1647 σημαίνεται,
1119 1581 1179 1633 τό
1214 1597 1274 1633 τε
1307 1584 1528 1653 κρατεῖν
1557 1582 1665 1636 τῶν
1696 1584 1918 1653 ὑποχει-

350 1658 498 1730 ρίων,
524 1664 617 1718 καὶ
643 1664 703 1718 τὸ
738 1667 812 1737 μὴ
855 1666 998 1739 ἔχειν
1029 1671 1119 1725 τὸν
1150 1673 1581 1745 προηγούμενον,
1616 1675 1791 1742 ἔξεστι
1843 1674 1920 1745 μὴ

347 1749 585 1821 ἄρχοντα
629 1754 724 1808 τοῦ
758 1755 962 1824 ἔθνους,
1012 1760 1127 1814 ἀλλ’
1179 1762 1529 1818 ἀϐασίλευτον
1573 1763 1682 1818 τῶν
1731 1766 1924 1818 ὑποτε-

346 1842 633 1912 ταγμένων
713 1849 1167 1920 προσαγορεύειν·
1245 1854 1368 1908 οὐδὲ
1432 1856 1783 1920 συντιθέντας
1855 1856 1917 1911 τὸ

345 1934 552 1987 τοιοῦτο
578 1935 789 2005 λέγειν·
821 1939 903 1992 ὅτι
945 1941 1132 2015 ὥσπερ
1166 1945 1418 2015 βασιλεὺς
1449 1948 1633 2010 ἔθνους
1680 1948 1914 2017 λέγεται,

348 2024 489 2080 οὕτω
520 2031 612 2082 καὶ
640 2031 985 2099 ἀϐασίλευτος
1022 2036 1115 2090 τοῦ
1140 2038 1324 2103 ἔθνους
1348 2040 1797 2112 ὀνομασθήσεται,
1830 2043 1919 2096 τὸν

347 2117 509 2171 αὐτὸν
557 2121 756 2191 τρόπον
791 2126 883 2179 καὶ
929 2126 1029 2197 τῆς
1069 2129 1164 2180 τοῦ
1214 2129 1427 2201 Πατρὺς
1470 2132 1675 2202 φωνῆς,
1727 2132 1818 2186 τόν
1858 2149 1917 2185 τε

348 2206 476 2261 Υἱδν
507 2209 937 2285 ἐνδεικνυμένης,
982 2215 1077 2270 καὶ
1116 2216 1213 2289 τὴν
1245 2218 1338 2271 τοῦ
1383 2220 1678 2291 ἀγεννήτου
1712 2220 1918 2274 ἔννοιαν

346 2300 719 2373 παριστώσης,
747 2307 847 2359 οὐκ
875 2306 1050 2373 ἔξεστι
1102 2310 1493 2380 μετατιθέντας
1526 2312 1676 2382 παρά
1708 2313 1768 2365 τὸ
1801 2314 1918 2367 δέον

344 2391 442 2461 τὴν
470 2395 765 2463 σημασίαν,
795 2399 860 2468 τῇ
894 2398 1027 2469 πρὸς
1055 2398 1143 2453 τὸν
1188 2400 1313 2455 Υίὸν
1363 2402 1655 2473 οἰκειότητι
1696 2404 1919 2472 γελοίως

344 2485 679 2557 προσκολλᾷν
701 2488 795 2542 τοῦ
817 2490 1112 2563 ἀγεννητου
1140 2494 1239 2565 τὴν
1267 2493 1495 2561 ἔννοιαν,
1524 2498 1581 2549 ὲν
1612 2496 1690 2568 τῷ
1716 2496 1913 2565 λέγειν’

346 2575 474 2629 Υίοῦ
508 2579 819 2650 ἀγέννητος.

426 2667 548 2722 Ἐπὶ
594 2670 856 2736 τοιούτοις
880 2673 937 2726 δὲ
970 2676 1082 2738 τοῖς
1120 2676 1449 2748 εἰρημένοις,
1482 2678 1558 2742 ὡς
1585 2678 1780 2743 ἐπιϐὰς
1819 2680 1918 2751 τῆς

344 2756 622 2828 ἀληθείας,
656 2761 750 2813 καὶ
779 2761 1051 2831 διελέγξας
1072 2765 1179 2818 τῶν
1208 2767 1674 2839 ἀντιτεταγμένων
1703 2769 1762 2822 τὸ
1798 2770 1919 2825 ἄτο-

345 2867 467 2915 πον,
499 2845 589 2904 οἷα
621 2851 1125 2925 μεγαλαυχούμενος
1164 2856 1490 2926 φθέγγεται⁹
1535 2859 1647 2914 Καὶ
1690 2862 1782 2926 τίς
1810 2861 1920 2913 πώ·

342 2953 488 2994 ποτε
511 2941 839 3011 σωφρονῶν
857 2944 1195 3001 σιωπᾶσθαι
1232 2947 1345 3015 τὴν
1378 2948 1650 3018 φυσικὴν
1677 2952 1919 3005 ἔννοιαν

342 3032 677 3101 ἐδικαίωσε,
708 3034 822 3104 τὴν
864 3036 934 3089 δὲ
961 3036 1294 3105 παράνοιαν
1332 3040 1653 3110 ἐτίμησεν;
1708 3043 1915 3107 Οὐδεὶς,

344 3110 391 3168 ὦ
427 3115 725 3183 σοφώτατε,
759 3118 954 3173 οὐκοῦν
982 3120 1101 3173 οὐδὲ
1128 3122 1156 3173 ὁ
1187 3123 1450 3193 ἡμέτερος
1488 3124 1660 3193 λόγος,
1696 3128 1723 3178 ὁ
1754 3110 1919 3179 εἰπὼν

344 3194 440 3268 τὴν
487 3198 577 3252 τοῦ
611 3201 901 3272 ἀγεννήτου
950 3206 1315 3276 προσηγορίαν
1349 3211 1469 3272 ταῖς
1503 3210 1733 3274 ἐννοίαις
1781 3227 1918 3280 συμ-

348 3290 567 3357 ϐαίνειν,
620 3294 712 3346 καὶ
763 3294 871 3347 δεῖν
921 3296 1121 3367 ταύτην
1187 3298 1328 3368 ἔχειν
1390 3302 1445 3353 ἐν
1500 3304 1621 3365 ταῖς
1671 3302 1921 3373 καρδίαις

349 3381 635 3452 ἀκίνητον·
688 3385 808 3438 ἀντί
859 3385 914 3439 δὲ
962 3387 1063 3458 τῆς
1108 3389 1530 3462 διαστραφείσης
1578 3396 1706 3464 παρ’
1766 3394 1920 3464 ἡμῶν

348 3473 527 3543 φωνῆς
573 3474 670 3546 τὴν
720 3476 814 3529 τοῦ
856 3481 1084 3547 Πατρὶς
1116 3484 1487 3554 προσηγορίαν
1533 3484 1719 3555 ἱκανὴν
1761 3483 1918 3550 εἶναι,

348 3564 439 3615 καὶ
470 3565 607 3635 πρὸς
637 3567 854 3639 ἐκείνην
901 3568 1053 3638 ἄγειν
1097 3571 1194 3642 τὴν
1227 3573 1453 3627 ἔννοιαν.
1499 3576 1784 3647 Μνὴσθητι
1816 3578 1923 3647 γὰρ

346 3648 420 3708 ὧν
475 3656 633 3721 αὐτὸς
684 3659 924 3731 παρέθου
980 3664 1270 3733 ῥημάτων,
1308 3666 1389 3718 ὅτι
1443 3666 1564 3736 οὐχὶ
1614 3668 1922 3722 σιωπᾶσθαι

344 3747 443 3817 τὴν
495 3749 729 3820 φυσικὴν
764 3750 971 3806 ἔννοιαν
999 3753 1279 3807 ἐδικαίωσε
1299 3795 1313 3820 ,
1356 3755 1450 3827 τὴν
1483 3756 1538 3809 δὲ
1564 3758 1920 3828 παράνοιαν,

346 3836 420 3901 ὡς
438 3839 599 3903 αὐτὸς
630 3842 932 3912 ὀνομάζεις,
953 3845 1211 3916 ἐτίμησεν
1230 3862 1244 3877 ο
1263 3846 1398 3900 ἀλλὰ
1424 3847 1522 3918 τὴν
1554 3851 1924 3922 προσηγορίαν

351 3932 517 4003 μόνην
547 3932 640 3985 τοῦ
672 3934 1024 4005 ἀγεννήτου,
1054 3938 1196 3992 τοῦτ’
1212 3938 1345 4004 ἐστι,
1377 3941 1474 4011 τὴν
1504 3941 1562 3996 ἐν
1591 3944 1709 4005 ταῖς
1734 3944 1924 3997 συλλα-

349 4023 471 4088 ϐαῖς
508 4026 812 4097 προφορὰν,
844 4027 919 4092 ὡς
962 4031 1148 4095 κακῶς
1192 4031 1609 4105 ἐξειλημμένην,
1664 4036 1757 4088 καὶ
1810 4035 1925 4106 ἅμα

350 4114 488 4184 μήτε
510 4116 662 4185 παρὰ
681 4119 779 4188 τῆς
807 4119 1028 4191 Γραφῆς
1060 4122 1357 4193 εἰρημένην
1385 4123 1684 4188 ἀκινδύνως
1718 4127 1926 4195 σιωπᾷν

349 4206 739 4274 συμϐουλεύειο
772 4209 833 4263 τὸ
868 4210 925 4264 δὲ
966 4214 1383 4284 σημαινόμενον,
1416 4216 1511 4269 καὶ
1547 4216 1779 4286 μάλιστα
1807 4219 1926 4281 ταῖς

348 4298 578 4363 ἐννοίαις
604 4300 762 4372 ἡμῶν
797 4303 1114 4373 συμϐαίνειν
1144 4306 1328 4377 φησίν.

429 4479 589 4534 Ἀλλά
618 4480 688 4533 τὰ
716 4481 814 4551 μὲν
859 4484 990 4554 παρ’
1028 4484 1059 4554 ἡ
1071 4483 1186 4553 μῶν
1234 4484 1457 4538 τοιαῦτα
1476 4502 1490 4516 ⁸
1521 4487 1548 4539 ὁ
1574 4485 1629 4537 δὲ
1656 4485 1778 4548 τοὺς
1820 4487 1927 4538 Σο-

349 4571 567 4640 φιστὰς
610 4572 930 4639 διαϐάλλων,
968 4576 1063 4628 καὶ
1102 4578 1169 4647 τῇ
1205 4576 1433 4647 ἀληθείᾳ
1466 4576 1808 4640 καθοπλίζων
1834 4576 1926 4630 τὸν

349 4661 523 4732 λόγον,
568 4664 665 4717 καὶ
708 4663 816 4717 τῶν
844 4667 1129 4737 ἡμετέρων
1162 4667 1650 4739 πλημμελημάτων
1692 4685 1927 4739 κατηγο-

353 4752 479 4823 ρῶν,
513 4754 613 4808 οὐκ
642 4755 872 4827 ἐρυθριᾷ
901 4758 957 4809 ἐν
1005 4761 1117 4821 τοῖς
1145 4761 1273 4831 περὶ
1300 4758 1409 4813 τῶν
1441 4759 1727 4829 δογμάτων
1747 4761 1925 4828 λόγοις

348 4844 433 4900 διὰ
464 4847 815 4918 σοφισμάτων
855 4849 1255 4920 ἀστεῖζόμενος,
1288 4853 1384 4905 καὶ
1433 4851 1765 4921 μιμούμενος
1801 4853 1926 4915 τοὺς

348 4937 405 4991 ἐν
446 4939 769 5009 συμποσίοις
804 4939 893 4993 διὰ
952 4940 1355 5012 κομψευμὰτων
1405 4942 1567 4995 τινῶν
1622 4941 1921 5012 ἐφελκομέ-

348 5047 470 5095 νους
500 5032 593 5086 τὸν
631 5033 862 5100 γέλωτα.
898 5035 1102 5089 Θεᾶσθε
1134 5034 1243 5105 γάρ
1286 5036 1347 5089 τὸ
1393 5036 1650 5107 ἐμϐριθὲς
1705 5039 1801 5091 καὶ
1834 5038 1924 5089 λε-

346 5120 664 5193 λογισμένον
694 5126 793 5192 τῆς
818 5125 912 5179 τοῦ
947 5126 1305 5197 συλλογισμοῦ
1338 5126 1543 5197 πλοκῆς
1563 5143 1577 5158 ο
1606 5128 1716 5181 τῶν
1744 5129 1924 5183 αὐτῶν

344 5214 451 5285 γάρ
486 5215 646 5269 πάλιν
691 5218 1186 5290 ἐπιμνησθήσομαι.
1220 5220 1289 5272 El
1341 5219 1446 5287 γὰρ
1490 5220 1713 5273 ταύτόν
1751 5220 1922 5273 ἐστιν

343 5307 533 5361 εἰπεῖν
578 5307 941 5376 Ἆγέννητος,
970 5311 1009 5379 ἢ
1040 5310 1261 5379 Πατὴρ,
1299 5310 1540 5375 ἐξέσται
1572 5310 1716 5380 ἡμῖν
1745 5328 1920 5365 κατα-

342 5399 594 5454 λιποῦσι
622 5400 739 5469 τὴν
766 5402 871 5455 τοῦ
905 5405 1134 5470 Πατρός
1162 5402 1390 5472 φωνὴν,
1416 5403 1822 5471 μεταλαϐοῦσι
1853 5403 1922 5456 δὲ

341 5491 406 5545 τὸ
436 5491 772 5561 ἀγέννητον
815 5493 1033 5547 εἰπεῖν’
1065 5495 1128 5547 '0
1178 5493 1504 5563 ἀγέννητος
1562 5495 1699 5549 Υιοῦ
1755 5495 1923 5551 ἐστιν

342 5581 691 5652 ἁτέννητος.
728 5584 956 5653 Ὠσπερ
980 5586 1087 5653 γὰρ
1112 5588 1143 5640 ό
1170 5586 1496 5655 ἀγέννητος
1529 5586 1663 5640 Υἱοῦ
1696 5587 1917 5655 Πατὴρ,

343 5675 527 5746 οὕτως
559 5678 821 5748 ἔμπαλιν
856 5678 991 5734 Υἱοῦ
1023 5678 1346 5748 ἀγέννητος
1375 5681 1407 5733 o’
1447 5679 1667 5748 Πατήρ.
1721 5681 1920 5751 Παρα-

2026 488 2257 548 Patrem,
2287 484 2502 540 etiamsi
2528 483 2710 539 Patris
2738 483 3029 554 appellatio
3060 480 3331 550 signiﬁcet
3354 493 3477 532 cum
3506 479 3599 547 qui

2025 578 2243 649 genuit,
2276 592 2339 632 ex
2373 566 2527 630 nulla
2551 590 2717 631 causa
2757 589 2901 629 esse.
2934 571 3105 627 Sicuti
3147 572 3291 624 enim
3316 569 3470 638 juxta
3504 571 3598 620 ad-

2024 669 2253 723 ductum
2283 681 2313 721 a
2345 667 2505 722 nobis
2546 665 2887 735 exemplum,
2934 661 3283 731 imperatoris
3332 659 3600 728 dignitate

2024 759 2208 814 audita
2230 800 2243 825 ,
2272 759 2383 814 duo
2409 758 2518 813 isto
2546 757 2766 811 nomine
2794 755 3162 823 concipimus,
3192 765 3390 820 nempe
3438 764 3565 803 eum
3584 787 3599 811 ,

2023 853 2118 921 qui
2174 857 2447 921 potestate
2492 849 2752 904 omnibus
2801 844 3148 916 prateminet,
3187 843 3324 896 nulli
3374 840 3600 896 subesse

2022 950 2077 995 et
2124 938 2362 995 subditis
2404 937 2717 1007 imperare:
2752 936 2827 989 ita
2860 943 2915 989 et
2946 932 3129 987 Patris
3163 930 3459 1002 appellatio
3495 929 3602 982 du-

2020 1031 2218 1101 plicem
2262 1030 2424 1085 nobis
2471 1030 2539 1084 de
2584 1027 2697 1084 Deo
2742 1026 3203 1098 signiﬁcationem
3247 1021 3597 1091 suppeditat:

2023 1123 2249 1176 alteram
2277 1160 2291 1186 ,
2327 1136 2448 1190 quae
2491 1129 2575 1177 est
2616 1134 2742 1175 cum
2789 1124 3044 1189 respectu
3086 1124 3143 1172 et
3181 1112 3503 1168 habitudine
3534 1110 3603 1164 ad

2021 1212 2221 1268 Filium
2246 1254 2261 1279 ,
2292 1213 2556 1275 alteram,
2591 1211 2738 1281 quod
2770 1225 2799 1264 a
2834 1210 2985 1264 nulla
3016 1208 3201 1278 priore
3228 1214 3283 1262 et
3312 1204 3604 1274 superiore

2021 1318 2189 1359 causa
2218 1304 2543 1373 dependeat.
2580 1299 3054 1368 Quemadmodum
3087 1312 3218 1366 ergo
3249 1296 3318 1350 de
3364 1295 3602 1362 impera-

2022 1404 2138 1450 tore
2163 1410 2271 1450 non
2300 1395 2429 1449 licet
2454 1395 2659 1458 dicere,
2706 1394 2752 1448 si
2799 1392 2907 1447 duo
2934 1389 3195 1461 praedicta
3222 1402 3322 1458 per
3350 1385 3598 1440 eamdem

2022 1482 2444 1553 appellationem
2475 1481 2877 1553 signiﬁcentur,
2927 1479 3225 1541 nimirum,
3273 1475 3421 1546 quod
3467 1475 3601 1529 sul;-

2022 1573 2154 1629 ditis
2187 1574 2452 1643 imperet,
2501 1589 2679 1644 neque
2725 1574 2892 1627 alium
2940 1587 3000 1627 se
3046 1568 3389 1640 superiorem
3429 1580 3600 1635 agno-

2022 1670 2175 1729 scat,
2208 1663 2293 1719 fas
2324 1661 2474 1728 fore,
2518 1678 2630 1718 non
2674 1678 2858 1733 regem
2902 1660 3124 1732 populi,
3173 1658 3269 1715 sed
3304 1657 3459 1727 regni
3502 1672 3597 1709 cx-

1955 1755 1995 1809 B
2023 1760 2269 1823 pertem,
2319 1754 2521 1808 intuitu
2559 1753 2906 1808 subditorum
2927 1794 2943 1819 ,
2979 1750 3291 1821 appellare:
3339 1762 3516 1817 neque
3548 1746 3595 1802 si

2028 1843 2132 1899 hoc
2178 1846 2583 1911 concedamus,
2622 1843 3061 1914 ideo.integrum
3106 1841 3229 1896 erit
3256 1852 3593 1901 asseverare,

2027 1944 2087 1990 ut
2124 1952 2218 1992 rex
2253 1938 2435 2008 populi
2479 1953 2572 1992 rex
2618 1944 2984 2007 nuncupatur,
3018 1934 3098 1989 sic
3130 1934 3294 1987 etiam
3328 1930 3480 2001 regni
3510 1944 3598 1982 ex-

2027 2039 2230 2097 pertem
2256 2071 2271 2095 ,
2304 2037 2557 2099 respectu
2607 2029 2827 2100 populi,
2866 2027 2971 2081 dici
3020 2040 3223 2096 posse:
3263 2022 3379 2092 pari
3435 2018 3597 2075 modo

2025 2133 2151 2172 cum
2182 2117 2365 2173 Patris
2393 2120 2717 2174 vocabulum
2768 2125 2823 2175 et
2852 2116 3049 2170 Filium
3096 2118 3365 2170 monstret
3410 2119 3464 2165 et
3511 2111 3596 2163 in-

2024 2210 2196 2281 geniti
2232 2209 2512 2264 notionem
2550 2214 2907 2279 repraesentet
2935 2246 2952 2271 ,
2983 2221 3095 2260 non
3133 2205 3258 2260 licet
3292 2201 3559 2258 translata
3581 2240 3596 2264 ,

2024 2309 2220 2371 praeter
2262 2302 2668 2366 necessitatem,
2704 2300 3128 2372 signiﬁcatione,
3182 2294 3493 2351 habitudini
3529 2293 3597 2348 ad

2024 2390 2223 2447 Filium
2261 2391 2491 2446 ridicule
2521 2389 2779 2460 amngere
2808 2398 2862 2444 et
2897 2390 3180 2461 imponere
3228 2386 3456 2458 ingeniti
3494 2400 3598 2439 no-

2023 2482 2251 2545 tionem,
2288 2481 2523 2536 diccndo
2558 2496 2682 2536 eum
2730 2480 2827 2552 qui
2881 2488 2966 2536 est
3001 2478 3312 2552 ingenitus,
3349 2476 3475 2531 Filii
3507 2477 3593 2531 in-

2025 2571 2264 2642 genitum
2293 2585 2436 2627 esse.
3436 2574 3439 2575 ⁷

2098 2662 2193 2719 [iis
2223 2662 2367 2718 hunc
2398 2663 2452 2718 in
2500 2663 2719 2719 modum
2750 2663 3099 2735 pertractatis
3124 2704 3138 2730 ,
3196 2662 3353 2732 quasi
3388 2661 3596 2717 verita-

2024 2761 2133 2810 tem
2172 2769 2274 2810 acu
2311 2756 2577 2826 tetigisset
2609 2763 2664 2810 et
2693 2755 3137 2811 adversariorum
3202 2754 3602 2810 absurditatem

2025 2842 2269 2895 omnium
2309 2843 2485 2897 oculis
2527 2842 2899 2912 exposuisset,
2958 2843 3013 2897 in
3063 2842 3176 2897 haec
3234 2840 3603 2910 jactabundus

2023 2935 2265 3004 erumpit
2296 2935 2477 2990 'verba
2518 2953 2532 2989 :
2574 2934 2641 2987 Et
2683 2935 2802 3004 quis
2857 2951 3087 3004 unquam
3139 2934 3327 2989 sobria:
3366 2943 3414 2987 et
3460 2948 3605 2987 sana:

2028 3027 2238 3088 mentis,
2267 3036 2324 3078 ut
2349 3026 2617 3079 naturalis
2645 3026 2994 3096 intelligentia
3023 3027 3233 3080 silentio
3257 3035 3601 3094 premeretur,

1948 3114 1989 3172 C
2024 3126 2202 3169 ratum
2256 3115 2461 3183 habuit,
2511 3126 2557 3169 et
2611 3117 2877 3169 vesaniam
2926 3117 3249 3171 honoravit?
3303 3115 3511 3181 Nullus,
3571 3131 3605 3170 θ

2028 3207 2458 3276 sapientissime,
2501 3222 2678 3277 neque
2710 3221 2811 3261 nos
2859 3208 3047 3278 igitur,
3089 3209 3183 3278 qui
3219 3208 3461 3262 diximus
3518 3209 3604 3260 in-

2022 3300 2188 3370 geniti
2221 3299 2634 3369 appellationem
2661 3298 2979 3355 notionibus
3025 3311 3352 3369 competere,
3377 3316 3607 3370 eamque

2024 3394 2078 3447 in
2118 3392 2375 3447 cordibus
2404 3391 2761 3444 immobiliter
2796 3391 3023 3445 retineri
3064 3392 3265 3447 debere
3298 3410 3310 3446 :
3351 3393 3472 3446 loco
3499 3408 3598 3446 au-

2025 3490 2130 3535 tem
2174 3481 2426 3535 vocabuli
2460 3494 2489 3532 a
2529 3480 2691 3535 nobis
2723 3480 3004 3550 depravati
3045 3491 3099 3537 et
3137 3482 3379 3548 distorti,
3418 3482 3605 3538 Patris

2025 3572 2444 3642 appellationem
2479 3586 2643 3641 posse
2675 3571 2741 3626 ad
2773 3571 3019 3627 eamdem
3068 3575 3344 3629 notionem
3382 3576 3604 3646 ingene-

2026 3662 2253 3715 randam
2308 3661 2575 3716 suﬁicere.
2624 3660 2939 3717 Memineris
2982 3663 3126 3717 enim
3168 3664 3457 3718 verborum
3484 3678 3606 3733 quae

2027 3755 2143 3824 ipse
2190 3754 2490 3824 protulisti,
2527 3752 2673 3823 quod
2724 3768 2903 3823 neque
2961 3755 3265 3809 naturalem
3304 3756 3607 3825 intelligen-

2028 3848 2157 3902 tiam
2176 3848 2393 3902 sileutio
2415 3846 2745 3901 dissimulari
2762 3847 3094 3915 probaverit,
3112 3864 3290 3919 neque
3310 3850 3600 3915 vesaniam,

2028 3950 2087 3995 ut
2121 3950 2177 3994 tu
2228 3938 2503 4003 nominas,
2556 3939 2932 4003 honoraverit,
2996 3939 3091 3995 sed
3150 3941 3323 3996 solam
3387 3942 3602 4013 ξηραιιὶιὶ

2028 4032 2468 4102 appellationem,
2530 4029 2633 4084 hoc
2685 4037 2791 4094 est,
2844 4029 3205 4099 prolationem
3272 4031 3326 4084 in
3381 4031 3606 4102 syllabis

2028 4123 2213 4187 sitam,
2237 4136 2337 4175 ceu
2379 4120 2525 4175 male
2557 4127 2837 4189 acceptam
2862 4128 2918 4175 et
2943 4120 3299 4183 intellectam,
3332 4122 3607 4190 simulque

2029 4227 2059 4266 ιι
2096 4211 2402 4281 Scripturis
2444 4225 2557 4265 non
2596 4210 2879 4277 traditam,
2930 4210 3080 4265 sileri
3124 4227 3287 4281 posse
3325 4214 3603 4268 suaserit:

2028 4311 2083 4357 at
2110 4318 2223 4357 rem
2252 4304 2617 4373 signiﬁcatam
2660 4302 3091 4373 cogitationibus
3133 4305 3339 4359 nostris
3373 4306 3608 4360 maxime

1953 4402 1997 4458 D
2027 4409 2328 4465 congruere
2357 4394 2453 4452 ait.

2100 4484 2207 4541 Sed
2257 4485 2371 4540 haec
2412 4485 2631 4556 quidem
2655 4501 2685 4540 a
2723 4486 2883 4541 nobis
2913 4486 3198 4541 hactenus.
3246 4488 3313 4540 At
3371 4487 3474 4541 iste
3509 4490 3602 4558 qui

2026 4592 2130 4632 nos
2177 4575 2452 4645 Sophistas
2501 4589 2625 4631 esse
2678 4575 3063 4641 calumniatur,
3118 4590 3385 4646 suamque
3418 4575 3606 4645 dispu-

2028 4670 2289 4725 tationem
2371 4668 2603 4724 veritale
2678 4668 2981 4732 instruens,
3037 4675 3225 4723 nostra
3277 4677 3458 4723 errata
3517 4684 3604 4723 re-

2027 4758 2335 4831 prehendit,
2410 4773 2520 4813 non
2573 4757 2850 4813 erubescit
2907 4758 3289 4813 tractationem
3355 4759 3423 4816 de
3477 4759 3604 4814 ﬁdei

2025 4851 2320 4921 capitibus,
2367 4849 2718 4921 sephismatis
2761 4849 2937 4920 lepide
2967 4864 3257 4917 exornare,
3294 4852 3419 4907 illos
3476 4852 3603 4906 imi.

2025 4952 2192 5007 tatus,
2246 4947 2340 5013 qui
2390 4943 2446 4997 in
2491 4942 2788 5014 symposiis
2823 4940 3068 5011 jucunde
3118 4951 3173 4998 et
3212 4942 3404 4999 festive
3440 4944 3601 4999 dictis

2025 5036 2198 5091 risum
2241 5035 2389 5090 ciere
2438 5036 2637 5090 solent.
2681 5034 2871 5091 Videte
2920 5036 3064 5090 enim
3142 5052 3305 5105 quam
3343 5036 3604 5091 formidu-

2025 5128 2150 5182 bilis
2195 5136 2249 5182 et
2295 5127 2574 5181 elaborata
2631 5127 2704 5181 sit
2748 5127 2863 5181 hare
2900 5128 3204 5198 syllogismi
3254 5127 3597 5196 complexio:

2023 5218 2210 5273 eadem
2246 5218 2391 5271 enim
2441 5217 2621 5271 denuo
2656 5232 2936 5286 reponam.
3007 5216 3065 5271 Si
3110 5218 3247 5270 idem
3277 5228 3353 5269 est
3404 5216 3602 5282 ingeni-

2026 5320 2108 5365 tus
2144 5320 2192 5363 et
2237 5308 2416 5374 Pater,
2467 5308 2638 5362 licebit
2678 5308 2848 5371 nobis,
2879 5310 3073 5362 omisso
3112 5308 3291 5360 Patris
3324 5304 3595 5369 vocabulo,

2024 5412 2233 5471 accepto
2295 5411 2469 5455 autem
2524 5402 2741 5471 ingeniti
2787 5404 3014 5465 nomine,
3066 5399 3238 5450 dicere
3309 5398 3598 5465 ingenitum

2025 5492 2155 5546 Filii
2197 5509 2309 5547 esse
2335 5492 2646 5562 ingenitum.
2714 5490 2861 5545 Sicut
2901 5490 3041 5541 enim
3079 5486 3339 5554 ingenitus
3358 5495 3437 5539 est
3468 5485 3599 5540 Filii

2023 5586 2207 5649 Pater,
2246 5586 2322 5638 sic
2358 5587 2462 5638 vice
2491 5601 2661 5647 versa,
2702 5582 2831 5635 Filii
2858 5579 3118 5648 ingenitus
3151 5586 3227 5631 est
3259 5576 3440 5633 Pater.
3491 5581 3596 5633 As-

2025 5678 2202 5735 similc
2253 5693 2480 5748 prorsus
2525 5678 2626 5730 hoc
2684 5675 2831 5741 huic,
2891 5670 2936 5725 si
2988 5670 3109 5742 quis
3151 5671 3297 5726 bono
3357 5679 3408 5727 ct
3461 5686 3594 5728 sano
3690 5720 3695 5725 .
