4064 6146
456 253 563 312 439
1694 254 1748 308 S.
1783 251 2042 309 GREGOI

2145 252 2421 311 NYSSEN!
3580 247 3685 309 ΗΟ

445 371 723 429 intellectu
742 372 970 436 diceret,
995 370 1127 425 nihil
1155 372 1443 438 interesse,
1468 372 1581 427 sive
1602 372 1725 442 quis
1748 372 2013 427 Adamum

2145 374 2348 444 ιλήσιον
2377 375 2483 445 γὰρ
2508 373 2665 427 τοῦτο
2711 374 2932 444 ἐκείνῳ·
2984 372 3174 441 ὥσπερ
3216 368 3323 440 γὰρ
3369 365 3422 419 ei
3467 382 3553 428 τις
3599 365 3692 419 τὸν

443 468 652 530 patrem
706 460 985 525 omnium,
1033 463 1150 517 sive
1199 462 1433 533 primum
1484 478 1513 515 a
1562 460 1671 515 Deo
1716 460 2010 515 formatum

2145 465 2295 535 Λδὰμ
2340 465 2483 535 ὀρθῷ
2534 465 2627 519 καὶ
2681 464 2970 531 ὑγιαίνοντι
3002 462 3145 531 λόγῳ
3194 459 3267 530 μὴ
3307 457 3582 524 διαφέρειν
3604 454 3697 508 λέ-

446 547 722 601 hominem
770 547 1036 616 nominet,
1089 549 1230 605 idem
1275 550 1421 605 enim
1472 557 1703 620 utroque
1745 550 2014 605 vocabulo

2145 572 2200 608 ὀι
2223 595 2237 620 ,
2288 555 2322 626 ἢ
2382 554 2592 624 πατέρα
2636 554 2851 607 πάντων
2899 551 3233 621 ἀνθρώπων,
3277 546 3309 617 ἢ
3359 546 3573 617 πρῶτον
3602 547 3696 598 ἀν-

447 636 773 705 signiﬁcari;
799 638 994 695 deinde
1015 641 1221 712 aliquis
1245 658 1311 699 ex
1338 642 1690 698 Eunomianze
1719 642 2016 698 dialectica:

2145 645 2349 715 *ptbrtwv
2436 645 2540 698 ὑπὸ
2589 643 2683 697 τοῦ
2731 644 2865 697 Θεοῦ
2914 640 3219 697 πεπλάσθαι
3267 638 3480 705 λέγειν·
3559 637 3696 689 ταύ-

447 730 636 784 schola
673 731 986 800 prosiliens,
1028 732 1258 804 ejusque
1297 741 1503 789 textum
1534 741 1587 789 et
1620 748 1819 789 nexum
1851 749 2015 804 argu-

2145 739 2204 791 ὺν
2249 737 2357 808 γὰρ
2401 737 2468 789 δι’
2519 736 2792 808 ἑκατέρων
2824 733 3216 806 σημαίνεσθαιο
3278 726 3401 784 εἶτά
3452 745 3532 792 τις
3583 728 3697 780 τῶν

446 820 729 874 mentandi
775 821 996 877 imitans
1025 823 1330 878 occlamet:
1366 823 1423 877 Si
1464 822 1607 879 idem
1641 830 1726 879 est
1760 823 2010 878 eumdem

2145 829 2241 880 ιατ’
2285 827 2445 881 αὐτὸν
2484 825 2832 880 διαλεκτικῶν
2889 814 3248 894 ὲφαλλόμενος
3298 822 3412 883 τοῖς
3465 818 3694 889 εἰρημέ-

449 924 481 963 a
519 908 629 965 Deo
669 910 908 980 primum
944 920 1186 968 creatum
1234 928 1376 979 esse,
1423 922 1479 968 et
1525 920 1734 983 patrem
1769 912 2010 967 omnium

449 1008 796 1069 posterorum
848 1017 991 1066 esse,
1032 1002 1250 1068 licebit,
1300 1004 1493 1059 relicto
1532 1002 1705 1073 patris
1748 1002 2017 1056 vocabulo

449 1100 503 1146 et
529 1102 751 1161 accepto
786 1094 1102 1162 protoplasti
1134 1095 1375 1160 nomine,
1416 1094 1598 1150 dicere
1623 1092 1890 1148 :Adamus
1915 1108 2019 1145 non

450 1192 528 1237 est
567 1183 743 1237 Abelis
798 1193 975 1253 pater,
1017 1184 1105 1239 sed
1141 1186 1541 1253 protoplastus:
1566 1183 2021 1255 quemadmodum

452 1276 822 1345 protoplastus
888 1286 972 1331 est
1041 1276 1135 1330 lilii
1177 1284 1361 1347 pater,
1406 1276 1483 1330 ita
1541 1278 1658 1331 vice
1710 1289 1869 1330 versa
1924 1272 2020 1327 ﬁlii

455 1365 824 1436 protoplastus
866 1376 951 1420 est
996 1373 1166 1436 pater.
1215 1365 1273 1421 Si
1321 1366 1450 1422 talia
1496 1367 1552 1421 in
1600 1379 1850 1436 caupona
1900 1376 2023 1433 per—

456 1463 833 1520 censerentur,
884 1463 1151 1526 quantum
1199 1458 1428 1527 plausus
1471 1466 1524 1513 et
1562 1457 1708 1513 risus
1738 1471 1767 1509 a
1799 1468 2022 1524 compo-

457 1546 672 1603 toribus
716 1553 1080 1616 reportarem,
1134 1554 1243 1600 tam
1300 1546 1497 1602 festive
1538 1546 1773 1600 inventis
1802 1544 2025 1598 admur-

2119 936 2228 982 νοις
2280 921 2495 989 μιμοῖτο
2541 919 2640 988 τὴν
2695 916 2947 987 τοιαύτην
2984 915 3210 985 πλοκὴν,
3270 913 3349 965 ὅτι
3396 912 3446 963 εἰ
3498 907 3697 961 ταύτόν

2119 1013 2285 1075 ἐστιν,
2338 1010 2373 1079 ἢ
2434 1008 2646 1081 πρῶτον
2692 1007 2852 1061 αὑτὸν
2895 1005 2998 1059 ὑπὸ
3063 1002 3156 1057 τοῦ
3203 1000 3336 1055 Θεοῦ
3385 998 3698 1053 πεπλάσθαι

2117 1103 2314 1171 λέγειν,
2369 1102 2403 1171 ἢ
2459 1102 2667 1171 πατέρα
2711 1099 2819 1152 τῶν
2884 1096 3021 1168 μετὰ
3079 1094 3270 1157 ταῦτα,
3319 1092 3530 1157 ἐξέσται
3588 1107 3694 1143 κα·-

2118 1188 2400 1246 ταλιποῦσι
2437 1188 2534 1259 τὴν
2570 1189 2662 1241 τοῦ
2716 1185 2928 1256 Πατρὸς
2975 1184 3177 1253 φωνὴν,
3236 1180 3593 1252 μεταλαϐοῦσι
3639 1177 3698 1231 δὲ

2119 1281 2181 1335 τὸ
2231 1279 2647 1352 πρωτόπλαστον
2723 1279 2916 1331 εἰπεῖν·
2978 1275 3040 1327 '0
3113 1273 3293 1341 Ἀδὰμ
3364 1271 3469 1325 τοῦ
3519 1270 3699 1323 ’Ἅϐελ

2122 1372 2257 1441 οὐχὶ
2310 1369 2505 1440 πατήρ
2545 1371 2735 1434 ἐστιν,
2764 1366 2926 1423 ἀλλὰ
2968 1365 3453 1435 πρωτόπλαστος.
3487 1361 3701 1431 Ὠσπερ

2122 1464 2231 1533 γὰρ
2279 1464 2307 1515 6
2358 1461 2775 1531 πρωτόπλαστος
2832 1458 2949 1512 υἱοῦ
3016 1456 3229 1526 πατήρο
3293 1452 3433 1507 οὕτω
3496 1452 3556 1505 τὸ
3603 1451 3703 1521 ἔμ-

2124 1554 2287 1607 παλιν
2331 1551 2447 1605 υἱοῦ
2501 1550 2922 1619 πρωτόπλαστος
2967 1548 2997 1600 6
3049 1547 3251 1615 πατήρ.
3305 1544 3367 1597 El
3413 1541 3583 1596 ταῦτα
3640 1541 3703 1593 ὲν

459 1637 807 1695 murantibus
838 1644 892 1692 et
924 1636 1398 1707 adstrepentibusl
1432 1635 1658 1692 Talibus
1692 1632 2023 1706 argumentis

2145 1643 2412 1715 καπηλείῳ
2444 1642 2672 1709 λέγοιτο,
2714 1641 2878 1694 πόσον
2921 1638 2986 1693 ἂν
3028 1639 3111 1707 είη
3144 1636 3334 1706 κρότον
3362 1633 3455 1687 καὶ
3487 1630 3702 1700 γέλωτα

456 1739 738 1801 oppugnat
785 1736 970 1786 nostra
1034 1730 1209 1787 solers
1266 1730 1373 1785 iste
1420 1730 1728 1799 theologus,
1776 1726 2026 1795 indigens

2145 1711 2281 1807 ταρόι
2332 1711 2438 1789 τῶν
2490 1731 3033 1801 διακωθωνιζομένων
3093 1728 3346 1801 ῥαγῆναι,
3393 1728 3701 1793 ὲπικαγχα-

459 1821 757 1893 paedagogo
795 1822 880 1876 vel
912 1821 1093 1891 potius
1127 1821 1323 1875 baculo
1362 1829 1423 1874 ut
1452 1819 1648 1885 discat,
1684 1832 1792 1872 non
1840 1815 2024 1870 omnia

462 1925 580 1981 qua
619 1910 686 1965 de
720 1911 902 1981 aliquo
942 1910 1334 1981 praedicantur,
1379 1908 1447 1964 ad
1499 1908 1640 1962 idem
1690 1905 1913 1961 omnino
1952 1903 2029 1958 si-

462 2003 775 2073 gniﬁcatum
798 2003 1095 2073 respicere,
1118 1999 1579 2073 quemadmodum
1602 2014 1699 2069 per
1720 1995 2026 2065 exemplum

461 2094 532 2149 de
593 2093 799 2149 Adamo
844 2101 899 2148 et
943 2093 1113 2148 Abele
1163 2094 1388 2147 allatum
1426 2089 1863 2144 demonstratum
1924 2093 2026 2140 est.

465 2182 600 2237 Nam
655 2182 921 2237 Adamum
955 2182 1204 2238 eumdem
1248 2188 1303 2236 et
1361 2187 1573 2251 patrem
1601 2178 1789 2233 Abelis
1815 2184 1869 2232 et
1894 2191 2032 2247 opus

466 2273 562 2326 Dei
603 2287 726 2328 esse
749 2287 936 2327 verum
963 2280 1070 2328 εει.
1098 2271 1217 2325 Νοιι
1240 2271 1406 2340 igitur
1437 2284 1562 2325 cum
1596 2270 1711 2339 ipse
1741 2278 2035 2338 utrumque

467 2364 561 2428 sit,
589 2364 757 2418 etiam
797 2363 852 2417 in
887 2362 1053 2418 Abele
1091 2369 1387 2432 utrumque
1418 2367 1522 2415 est.
1566 2359 1659 2414 Sic
1694 2360 1749 2414 in
1785 2360 1891 2414 Deo
1934 2358 2036 2413 Pa-

468 2456 570 2511 tris
600 2456 887 2526 appellatio
914 2454 1225 2511 manifestat
1250 2452 1467 2525 quidem
1490 2453 1543 2507 id
1560 2452 1705 2523 quod
1726 2451 1944 2522 praprie
1969 2451 2037 2505 ab

470 2547 573 2602 hoc
595 2547 859 2602 vocabulo
887 2546 1247 2618 signiﬁcatur,
1278 2560 1471 2614 nempe
1493 2558 1785 2614 generasse
1816 2541 2037 2605 Filium,

469 2640 676 2695 indicat
712 2654 843 2695 vero
879 2648 932 2695 et
957 2640 1106 2695 istud
1149 2640 1353 2693 nullam
1394 2652 1617 2693 causam
1654 2626 2038 2701 antecessisse,

470 2732 635 2787 istum
656 2745 783 2786 vere
804 2731 1133 2800 appellatum
1160 2729 1398 2785 Patrem.
1432 2730 1553 2784 Non
1588 2730 1757 2800 igitur
1775 2742 2033 2783 necessa-

471 2821 611 2875 rium
627 2829 711 2876 est
732 2831 811 2883 ut,
823 2820 1041 2890 quando
1058 2819 1178 2875 Filii
1197 2822 1528 2877 mentionem
1551 2820 1805 2883 facimus,
1823 2833 1930 2873 non
1944 2816 2047 2871 Pa-

473 2918 632 2976 trem,
657 2912 752 2967 sed
774 2912 1058 2981 ingenitum
1086 2910 1221 2967 Filii
1248 2912 1593 2967 nominemus
1618 2926 1829 2981 :neque
1854 2925 2047 2965 rursus

2129 1826 2327 1890 ζόντων
2365 1829 2429 1896 τῇ
2469 1824 2707 1895 κομψεία
2739 1821 2831 1877 τοῦ
2871 1819 3323 1892 παρευρέματοςῖ
3365 1816 3637 1877 Τοιούτοις
3676 1816 3707 1868 6

2132 1916 2292 1984 σοφὸς
2334 1915 2577 1982 θεολόγος
2628 1913 2958 1985 ἰσχυρίζεται
3008 1912 3128 1966 καθ’
3158 1910 3313 1981 ἡμῶν
3359 1911 3466 1971 τοῖς
3506 1907 3705 1975 λόγοις,

2134 2010 2228 2063 καὶ
2256 2009 2578 2080 κατατρέχει
2615 2006 2708 2063 τοῦ
2735 2007 3002 2076 δόγματος
3020 2042 3034 2068 ,
3070 1998 3413 2069 παιδαγωγοῦ
3444 2014 3585 2060 τινος
3614 1997 3709 2050 δν-

2133 2116 2241 2164 τως
2292 2100 2385 2152 καὶ
2424 2097 2723 2169 βακτηρίας
2768 2096 3055 2165 δεόμενος,
3102 2092 3177 2155 ὡς
3208 2090 3273 2144 ἂν
3316 2087 3585 2159 διδαχθείη
3624 2087 3709 2139 ὅτι

2135 2192 2197 2243 οὐ
2244 2191 2423 2244 πάντα
2464 2190 2564 2242 ὅσα
2618 2186 2761 2241 κατά
2807 2202 2951 2248 τινος
3003 2182 3404 2252 κατηγορεῖται,
3462 2177 3597 2248 πρὸς
3649 2174 3709 2229 ἓν

2138 2281 2355 2344 πάντως
2381 2280 2443 2333 τὸ
2471 2278 2866 2349 σημαινόμενον
2903 2276 3118 2345 βλέπει⁹
3157 2274 3232 2335 ὡς
3259 2271 3345 2324 διὰ
3378 2267 3471 2323 τοῦ
3508 2267 3707 2338 ρηθέν-

2137 2388 2230 2434 τος
2256 2372 2387 2441 ἡμῖν
2414 2368 2554 2424 κατὰ
2580 2368 2670 2421 τὸν
2704 2366 2871 2419 Ἀϐελ
2900 2365 2995 2418 καὶ
3043 2364 3135 2417 τὸν
3178 2361 3349 2430 Ἀδὰμ
3388 2359 3715 2429 ὑποδείγμα-

2140 2478 2232 2523 τος
2278 2448 2569 2514 δείκνυται.
2622 2458 2725 2512 Τδν
2758 2458 2865 2529 γὰρ
2910 2456 3099 2523 Ἀδὰμ,
3138 2455 3228 2506 τὸν
3271 2452 3432 2507 αὐτὸν
3466 2451 3560 2504 καὶ
3607 2466 3715 2502 πα-

2142 2552 2276 2621 τέρα
2305 2549 2396 2603 τοῦ
2439 2550 2623 2614 Ἀϐελ,
2672 2550 2763 2602 καὶ
2796 2548 2954 2619 ἔργον
2986 2546 3079 2599 τοῦ
3115 2544 3248 2597 Θεοῦ
3277 2543 3473 2612 λέγειν,
3516 2539 3717 2608 ἀληθές

2147 2645 2293 2696 ἐστιν
2314 2658 2327 2671 °
2359 2642 2419 2694 ού
2457 2642 2562 2712 μὴν
2591 2640 2774 2710 ἐπειδὴ
2807 2639 2967 2701 αὐτὸς
2995 2636 3274 2708 ἀμφότερα
3302 2634 3396 2686 ἐπὶ
3431 2633 3522 2686 τοῦ
3550 2629 3721 2683 ’Ἅϐελ

2148 2733 2215 2787 τὰ
2239 2733 2330 2786 δύο
2349 2749 2362 2763 ο
2398 2732 2540 2786 οὕτω
2567 2732 2659 2785 καὶ
2687 2734 2778 2784 ἐπὶ
2806 2730 2897 2783 τοῦ
2925 2728 3059 2783 Θεοῦ
3099 2728 3203 2781 τῶν
3241 2727 3381 2780 ὅλων
3404 2728 3434 2795 ἠ
3479 2723 3570 2776 τοῦ
3601 2723 3722 2775 Πα-

2150 2824 2274 2894 τρὸς
2306 2821 2643 2894 προσηγορία
2695 2820 2846 2890 δηλοῖ
2877 2819 2975 2888 μὲν
3006 2818 3100 2871 καὶ
3136 2816 3197 2869 τὸ
3235 2815 3379 2877 ἰδίως
3408 2814 3513 2866 ὑπὸ
3534 2811 3725 2864 τοιαύ-

2151 2931 2250 2985 της
2278 2914 2458 2983 φωνῆς
2487 2911 2880 2982 σημαινόμενον
2910 2909 2970 2960 τι
3011 2904 3396 2975 γεγεννηκέναι
3424 2903 3515 2954 τὸν
3558 2900 3684 2953 Υῑόν
3702 2916 3721 2931 ο

474 3017 702 3061 necesse
743 3014 828 3061 est
866 3015 959 3071 ut,
1005 3007 1050 3062 si
1107 3005 1176 3061 ad
1218 3005 1344 3060 Filii
1382 3005 1758 3063 habitudinem
1799 3004 1854 3058 id
1900 3003 2042 3074 quod

2157 3005 2482 3057 ἐνδείκνυται
2515 3002 2571 3054 δὲ
2617 3001 2711 3053 καὶ
2742 2999 2803 3052 τὸ
2856 2997 3125 3069 μηδεμίαν
3169 2994 3347 3048 αἰτίαν
3387 2991 3726 3062 προεπινοεῖ-

472 3105 557 3151 εει
601 3097 857 3167 principii
912 3113 1129 3168 expers,
1178 3098 1494 3161 reticeatur,
1540 3112 1609 3151 ex
1644 3104 1822 3152 mente
1850 3104 2039 3150 nostra

2154 3095 2277 3149 σθαι
2329 3094 2421 3147 τοῦ
2471 3093 2686 3163 ἀληθῶς
2730 3063 2971 3162 Πατρός·
2998 3063 3063 3141 οὐ
3098 3086 3201 3157 μὴν
3243 3085 3549 3152 ἐπάναγκες
3592 3084 3724 3136 ὅταν

474 3182 781 3254 ingenitum,
810 3183 961 3238 Patri
995 3194 1334 3256 competens,
1368 3184 1674 3253 ejiciamus.
1709 3183 1816 3239 Sed
1844 3184 2040 3253 hujus—

479 3273 621 3327 modi
666 3275 947 3328 nominum
978 3290 1137 3330 usum
1166 3274 1416 3345 repudiat
1443 3274 1566 3337 iste,
1591 3281 1645 3329 et
1684 3289 1833 3329 more
1854 3290 2043 3328 eorum

475 3363 570 3432 qui
609 3365 756 3421 risus
797 3366 1113 3421 concitandi
1147 3366 1390 3420 artiﬁces
1426 3374 1575 3428 sunt,
1614 3366 1915 3419 subsannat
1954 3381 2043 3421 re-

476 3456 805 3522 sponsiones
844 3465 1088 3518 nostras,
1147 3455 1543 3524 sophismatum
1579 3454 1913 3509 absurditate
1948 3470 2044 3510 ca-

478 3541 710 3596 chinnos
755 3543 1022 3598 excitans.

2146 3186 2241 3239 τοῦ
2280 3185 2406 3238 Υῐοῦ
2446 3183 2790 3254 μνησθῶμεν,
2825 3182 2899 3251 μὴ
2928 3179 3144 3249 Πατέρα
3173 3178 3369 3246 λέγειν,
3402 3175 3513 3229 ἀλλ’
3558 3172 3728 3239 ἀγέν-

2153 3293 2339 3342 νητον
2381 3274 2514 3327 Υἱοῦ
2554 3272 3010 3343 προσαγορεύειν·
3062 3270 3170 3323 οὐδ’
3206 3263 3273 3321 αὖ
3303 3267 3464 3321 πάλιν
3508 3266 3555 3317 εί
3583 3262 3729 3333 πρὸς

2147 3367 2247 3437 τὴν
2283 3365 2377 3419 τοῦ
2411 3363 2539 3417 Υἱοῦ
2588 3365 2776 3435 σχέσιν
2807 3363 2867 3416 τὸ
2896 3363 3128 3432 ἄναρχον
3175 3358 3494 3428 σιωπηθείη,
3528 3354 3728 3408 ἐκϐάλ-

2149 3457 2260 3510 λειν
2304 3456 2401 3525 τῆς
2437 3455 2672 3517 διανοίας
2713 3452 2869 3524 ἡμῶν
2917 3452 3024 3504 ἀπὸ
3074 3449 3168 3503 τοῦ
3217 3448 3350 3502 Θεοῦ
3390 3447 3449 3499 τὸ
3482 3443 3732 3515 ἀγέννηο

2143 3566 2268 3601 τον.
2322 3547 2457 3599 Ἀλλ’
2493 3544 2792 3600 ἀπωθεῖται
2835 3543 2931 3611 τὴν
2979 3540 3232 3608 τοιαύτην
3282 3541 3475 3608 χρῆσιν
3524 3534 3729 3604 ὀνομά-

478 3650 607 3694 των,
636 3632 894 3685 καὶκατὰ
921 3634 1045 3696 τοὺς
1073 3632 1273 3703 μίμους
1305 3633 1413 3685 τῶν
1476 3634 1719 3701 γελοίων,
1782 3636 2122 3708 διαχλευάζει
2161 3642 2251 3693 τὸν
2298 3639 2455 3706 λόγον
2508 3636 2587 3707 τῷ
2637 3635 2906 3705 ἀλλοκότῳ
2948 3633 3053 3687 τῶν
3105 3631 3453 3702 σοφισμάτων
3499 3629 3732 3697 γελωτο-

479 3725 649 3780 ποιῶν
678 3727 735 3778 ὲν
763 3727 875 3789 τοῖς
896 3725 1145 3796 δόγμασι.

550 3823 762 3878 Rursus
801 3823 943 3877 enim
976 3838 1039 3879 ea
1081 3839 1200 3893 qure
1228 3822 1462 3879 eﬁ‘utivit
1487 3838 1762 3879 resumam
1788 3845 1798 3878 :
1826 3823 1885 3880 Si
1913 3824 2050 3879 idem

480 3912 748 3968 estdicere
789 3914 1045 3983 ingenitus
1092 3916 1167 3969 vel
1201 3915 1386 3979 Pater,
1426 3914 1601 3969 licebit
1642 3916 1814 3981 nobis,
1844 3916 2052 3971 deserto

470 4005 667 4062 .I’atris
743 4005 991 4060 vocabulo
1055 4016 1105 4060 et
1166 4017 1438 4076 assumpto
1493 4008 1751 4077 ingenito,
1812 4007 2047 4062 dicere:

482 4098 753 4167 lngenilus
785 4095 918 4151 Filii
958 4107 1034 4152 est
1078 4099 1359 4168 ingenitus.
1400 4096 1568 4152 Siculi
1612 4099 1750 4152 enim
1788 4099 2047 4170 ingenitus

480 4200 559 4243 est
587 4188 718 4243 Filii
746 4189 929 4253 Pater,
953 4189 1031 4243 ita
1051 4190 1281 4244 vicissim
1306 4187 1438 4243 Filii
1461 4190 1722 4261 ingenitus
1756 4201 1833 4245 est
1866 4190 2047 4246 Pater.

484 4281 707 4348 Verum,
746 4290 805 4337 ut
859 4292 915 4336 et
961 4296 1061 4336 nos
1113 4280 1328 4335 ridendi
1388 4283 1671 4336 materiam
1725 4282 2046 4347 habeamus,

2230 3819 2400 3875 Πάλιν
2429 3816 2538 3887 γὰρ
2562 3814 2671 3868 τῶν
2715 3813 2845 3883 παρ’
2886 3809 3049 3865 αὐτοῦ
3081 3809 3351 3881 ῥηθέντων
3393 3805 3734 3877 ἐπιμνησθή-

2158 3926 2351 3981 σομαιο
2384 3910 2453 3962 El
2479 3905 2696 3961 ταύτόν
2726 3903 2897 3956 ἐστιν
2938 3900 3511 3967 εἰπεῖν-,Ἀγυέννητος
3544 3898 3581 3965 ἢ
3619 3901 3735 3950 Πα-

2156 4000 2288 4069 τὴρ,
2317 3997 2559 4062 ἐξέσται
2590 3993 2736 4062 ἡμῖν
2767 3990 3167 4046 καταλιποῦσι
3200 3990 3315 4056 τὴν
3348 3987 3452 4042 τοῦ
3492 3987 3735 4055 Πατρὸς

2155 4090 2387 4161 φωνὴν,
2412 4084 2817 4157 μεταλαϐοῦσι
2849 4081 2917 4135 δὲ
2944 4082 3011 4135 τὸ
3048 4080 3393 4150 ἀγέννητον,
3422 4077 3640 4131 εἰπεῖν·
3676 4080 3733 4131 '0

2155 4182 2500 4253 ἀγέννητος,
2547 4178 2684 4231 Υιοῦ
2721 4176 2893 4229 ἐστιν
2923 4174 3267 4243 ἀγέννητος.
3303 4172 3532 4237 Ὠσπερ
3564 4171 3673 4238 γὰρ
3696 4173 3736 4223 ὁ

2156 4274 2483 4343 ἁγένιιητος
2548 4267 2685 4322 Υίοῦ
2740 4265 2975 4335 Πατὴρ,
3022 4264 3211 4330 οὕτως
3257 4263 3518 4331 ἔμπαλιν
3592 4259 3735 4313 Υὶοῦ

484 4379 529 4432 si
566 4377 806 4439 videtur,
849 4376 903 4430 in
934 4374 1274 4429 contrarium
1305 4373 1581 4443 sophisma
1610 4380 2042 4441 retorqueamus.

2157 4339 2486 4435 ἀγέννητος
2519 4363 2551 4414 ὁ
2584 4358 2806 4426 Πατήρ.
2838 4356 2975 4409 Ἀλλ’
3001 4354 3454 4424 ἀντιγελάσωμεν,
3488 4353 3536 4405 εί
3563 4351 3731 4416 δοκεῖ,

486 4468 546 4521 Si
595 4482 701 4523 non
730 4466 976 4523 estidem
1016 4465 1178 4520 Pater
1215 4479 1339 4520 cum
1375 4465 1638 4535 ingenito,
1676 4463 1855 4519 Patris
1882 4463 2053 4519 Filius

486 4573 592 4614 non
632 4559 737 4614 erit
773 4558 999 4629 ingeniti
1048 4556 1221 4611 Filius
1253 4576 1266 4612 :
1312 4570 1435 4611 nam
1472 4571 1597 4611 cum
1649 4553 1718 4609 ad
1750 4555 1926 4608 solum
1960 4555 2054 4607 Pa-

486 4656 624 4702 trem
675 4647 1047 4703 habitudinem
1101 4647 1314 4711 haheat,
1360 4656 1653 4701 extraneus
1686 4642 1913 4697 omnino
1950 4644 2056 4696 erit

489 4745 684 4791 natura
717 4751 817 4792 sua
848 4736 918 4791 ab
943 4737 1038 4791 illo
1074 4738 1167 4807 qui
1208 4736 1355 4791 aliud
1379 4735 1642 4805 quiddam
1664 4741 1770 4799 est,
1798 4741 1852 4789 et
1876 4732 2056 4789 Patris

493 4826 699 4880 notioni
726 4842 1070 4897 nequaquam
1095 4826 1397 4882 conforme.
1427 4825 1614 4894 Itaque
1652 4824 1697 4879 si
1725 4824 1871 4879 aliud
1899 4823 2058 4894 quid-

448 4960 463 4981 ,
490 4917 615 4969 dam
649 4924 733 4970 εει
770 4915 931 4971 Pater
954 4918 1023 4971 ab
1050 4918 1313 4988 ingenito,
1350 4930 1527 4986 neque
1550 4914 1729 4969 Patris
1767 4916 2058 4986 appellatio

493 5007 723 5077 ingeniti
750 5007 1119 5077 signiﬁcatum
1157 5009 1557 5078 complectitur,
1594 5024 1704 5062 non
1736 5007 1933 5077 poterit
1965 5008 2059 5078 qui

489 5110 580 5157 est
613 5101 840 5164 unus,in
870 5099 1009 5155 duas
1050 5116 1233 5156 rerum
1265 5100 1617 5156 habitudines
1663 5100 1855 5165 dividi,
1888 5100 2063 5154 idem-

501 5209 608 5264 que
649 5208 771 5250 esse
799 5200 854 5249 et
879 5189 1061 5246 Patris
1089 5199 1143 5245 et
1172 5192 1400 5261 ingeniti
1429 5191 1617 5247 Filius.
1674 5191 1741 5246 Et
1774 5199 1832 5245 ut
1868 5192 2064 5247 absur-

499 5289 631 5343 dum.
679 5294 940 5343 censetur
972 5283 1275 5354 ingenitum
1303 5282 1469 5337 Deum
1500 5284 1703 5346 dicere,
1735 5285 1807 5337 ita
1839 5282 2067 5337 omnino

500 5380 555 5434 in
616 5377 969 5434 conversione
1014 5389 1112 5441 par
1150 5374 1464 5430 absurditas
1509 5375 1837 5437 invenietur,
1887 5374 2067 5429 nomi-

501 5471 681 5527 nando
710 5468 1060 5540 Unigenitum
1091 5467 1287 5522 Filium
1327 5466 1549 5537 ingeniti
1593 5476 1702 5540 :ut
1742 5482 1809 5521 ex
1852 5468 2067 5521 duobus

504 5560 732 5616 alterum
764 5558 955 5615 conﬁci
1002 5564 1268 5627 oporteat,
1294 5558 1377 5611 vel
1420 5557 1561 5612 idem
1594 5570 1717 5611 esse
1765 5554 2066 5625 ingenitum

510 5657 564 5709 et
600 5646 833 5717 Patrem,
874 5659 932 5704 ut
976 5648 1159 5705 Patris
1205 5646 1375 5705 Filius
1426 5649 1587 5704 etiam
1633 5645 1859 5716 ingeniti
1898 5644 2068 5701 Filius

2160 4457 2255 4509 καὶ
2302 4456 2483 4524 ἡμεῖς,
2522 4452 2601 4514 εἰς
2645 4447 2952 4504 τούναντίον
2999 4445 3147 4515 αὐτῷ
3196 4443 3623 4515 περιαγαγόντες
3669 4442 3736 4495 τὸ

2152 4548 2390 4615 σόφισμα
2409 4560 2422 4573 ·
2453 4543 2514 4596 Ei
2554 4541 2655 4593 οὐκ
2684 4539 2799 4593 ἔστι
2825 4538 3020 4593 ταύτὸν
3049 4539 3077 4589 6
3104 4536 3292 4606 Πατὴρ
3316 4535 3395 4606 τῷ
3428 4535 3734 4605 ἁγεννήτῳ,

2149 4640 2176 4689 ὁ
2207 4635 2299 4689 τοῦ
2340 4634 2551 4706 Πατρὸς
2590 4631 2717 4694 Υἱὸς
2745 4631 2845 4683 οὐκ
2884 4629 3035 4682 ἔσται
3076 4627 3169 4680 τοῦ
3221 4626 3513 4697 ἀγεννήτου
3564 4624 3732 4689 Υίός’

2153 4728 2288 4796 πρὸς
2320 4726 2427 4795 γὰρ
2471 4724 2558 4777 τὸν
2594 4720 2813 4791 Πατέρα
2853 4720 3009 4790 μόνον
3037 4718 3135 4789 τὴν
3170 4717 3355 4787 σχέσιν
3384 4715 3540 4785 ἔχων,
3574 4716 3735 4769 ἀλλο-

2155 4818 2317 4888 τρίως
2350 4817 2564 4876 πάντως
2589 4813 2699 4879 ἕξει
2728 4810 2873 4866 κατὰ
2897 4810 2996 4877 τὴν
3038 4809 3199 4877 φύσιν
3237 4807 3371 4878 πρὸς
3400 4806 3490 4859 τὸν
3516 4806 3644 4859 ἄλλο
3674 4824 3730 4860 τι

2158 4908 2287 4962 ὅντα
2334 4908 2426 4961 καὶ
2468 4908 2533 4975 τῇ
2586 4904 2766 4974 ἐννοίᾳ
2811 4900 2905 4955 τοῦ
2961 4900 3172 4971 Πατρὸς
3211 4898 3283 4971 μὴ
3329 4898 3733 4969 συμϐαίνονταο

2159 5002 2295 5055 ὥστε
2325 5000 2373 5051 εί
2405 4996 2532 5052 ἄλλο
2557 5013 2610 5048 τι
2644 4994 2791 5063 παρὰ
2832 4993 2923 5046 τὸν
2953 4991 3243 5062 ὰγέννητόν
3274 4993 3420 5044 ἐστιν
3461 4990 3490 5041 6
3524 4989 3733 5059 Πατὴρ,

2161 5088 2255 5143 καὶ
2285 5088 2345 5141 οὐ
2376 5083 2770 5157 περιλαμϐάνει
2796 5080 2890 5134 τοῦ
2925 5078 3154 5146 Πατρός
3181 5081 3214 5150 ἠ
3251 5080 3609 5149 προσηγορία,
3643 5079 3739 5131 καὶ

2161 5179 2255 5233 τοῦ
2279 5176 2606 5247 ἀγεννήτων
2630 5174 2690 5227 τὸ
2721 5170 3113 5243 σημαινόμενον
3130 5186 3143 5200 ·
3164 5170 3224 5222 οὐ
3248 5168 3465 5222 δύναται
3489 5169 3516 5220 6
3543 5163 3623 5231 εἷς
3639 5166 3733 5231 ὢν,

2164 5273 2244 5335 εἰς
2288 5270 2381 5324 δύο
2408 5267 2742 5337 πραγμάτων
2778 5263 2989 5334 σχέσεις
3022 5258 3521 5331 καταμερίζεσθαι,
3572 5258 3666 5312 καὶ
3707 5259 3736 5310 6
3782 5330 3785 5333 _

2164 5364 2325 5425 αὐτὸς
2375 5359 2512 5415 εἶναι
2546 5357 2639 5411 τοῦ
2665 5374 2723 5409 τε
2756 5354 2965 5425 Πατρὸς
2996 5353 3087 5407 καὶ
3115 5352 3207 5405 τοῦ
3237 5352 3532 5421 ἁγεννήτου
3574 5350 3698 5413 Υἱός
3718 5364 3734 5378 ·

2167 5454 2260 5507 καὶ
2300 5453 2374 5514 ὡς
2419 5451 2616 5504 ἄτοπον
2649 5447 2909 5516 ἐνομίσθη
2951 5444 3079 5497 Υἱοῦ
3131 5442 3424 5514 ἀγέννητον
3473 5442 3564 5495 τὸν
3606 5440 3740 5493 Θεὸν

2167 5545 2362 5613 λέγειν,
2408 5541 2548 5595 οῦτω
2592 5539 2803 5603 πάντως
2846 5539 2904 5590 ἐν
2950 5535 3028 5605 τῷ
3072 5533 3476 5604 ἀντιστρέψαντι
3519 5531 3582 5584 τὸ
3624 5526 3739 5583 ἴσον

2171 5638 2367 5692 ἄτοπον
2418 5632 2769 5706 εὑρεθήσεται
2815 5630 2905 5685 τοῦ
2949 5628 3241 5700 ἀγεννῆ-του
3292 5625 3420 5683 Υίὸν
3473 5621 3736 5697 μονογενῆ
