4064 6146
297 287 397 344 ιιι

1427 284 1707 342 CONTRA
1741 279 2138 348 EUNOMIUM,
2176 281 2310 337 LIB.
2351 283 2391 338 Ι.

3458 282 3562 338 449

299 407 484 475 λέγειν
508 420 522 435 ·
573 405 713 459 ὥστε
743 404 852 460 τῶν
875 405 968 460 δύο
999 405 1060 460 16
1089 404 1294 478 ἕτερον,
1328 406 1360 478 ἢ
1407 408 1602 460 ταύτόν
1647 409 1762 460 ἔστι
1811 405 1889 475 τῷ

1991 405 2083 468 sit,
2147 412 2206 458 ut
2255 405 2458 460 frustra
2509 420 2611 463 nos
2667 405 3017 462 adversarius
3054 404 3335 471 traduxit,
3376 403 3459 460 vel
3515 405 3562 459 si

300 499 583 572 ἀγεννήτῳ
625 500 654 552 6
687 497 897 570 Πατὴρ,
927 498 1015 553 ἵνα
1042 500 1071 552 6
1098 499 1191 552 106
1224 499 1436 570 Πατρὺς
1473 499 1623 562 Υἱὸς,
1665 498 1760 552 καὶ
1787 495 1882 550 τοῦ

302 589 599 657 ἀγεννήτου
639 587 768 652 Υἱὸς
801 583 874 662 ᾖ,
921 589 1012 641 καὶ
1059 589 1235 660 μάτην
1266 588 1425 659 ἡμῶν
1464 586 1810 657 διεχλευάσθη
1855 589 1885 640 6

303 678 460 747 λόγος
484 693 498 706 ⁶
533 678 567 749 ἢ
617 679 664 730 εί
712 678 898 749 ἔτερόν
943 696 994 732 τι
1048 679 1198 751 παρά
1233 679 1296 732 16
1343 679 1637 750 ἀγέννητόν
1671 680 1817 731 ἐστιν
1854 677 1884 729 6

305 767 516 838 Πατὴρ,
547 770 576 821 6
603 768 698 821 106
732 769 943 840 Πατρὸς
991 769 1122 832 Υἱὸς
1151 770 1251 841 τῆς
1303 771 1440 841 πρὸς
1491 769 1551 822 16
1591 768 1886 838 ἀγέννητον

305 858 544 928 σχέσεως
571 858 942 929 ἠλλοτρίωται.
1003 859 1112 912 Καὶ
1153 859 1246 912 ὲάν
1285 859 1442 912 τοῦτο
1493 859 1764 930 κρατήσῃ,
1809 857 1884 928 μὴ

306 951 369 1001 ὲκ
416 946 513 1001 106
576 949 874 1018 ἀγεννήτω
931 944 1070 1003 εἶναι
1123 950 1215 1003 τὸν
1270 949 1571 1019 Μονογενῆ,
1631 947 1886 1019 γεννητὸν

306 1037 452 1108 αὐτῷ
483 1037 702 1102 πάντως
724 1042 757 1108 ὴ
803 1039 1093 1095 ἀκολουθία
1114 1040 1206 1094 τοῦ
1233 1042 1390 1110 λόγου
1427 1042 1519 1096 τὸν
1553 1042 1770 1111 Πατέρα
1798 1042 1886 1094 ὲν-

306 1133 567 1196 δείξεται·
597 1133 657 1186 16
684 1133 793 1204 γάρ
821 1133 879 1187 ὃν
912 1134 1029 1205 μὲν,
1063 1137 1135 1205 μὴ
1163 1137 1470 1205 ἀγεννήτως
1503 1135 1560 1188 δὲ
1590 1135 1668 1198 ὃν,
1704 1139 1887 1204 γεννη-

307 1220 404 1291 τὴν
441 1221 658 1286 πάντως
707 1223 1000 1277 ὑπόστασιν
1039 1223 1168 1293 ἔχει.
1203 1225 1266 1277 Et
1297 1220 1391 1278 οὖν
1430 1225 1683 1294 γεννητὸς
1721 1227 1748 1278 ὁ
1774 1227 1885 1278 Πα-

309 1315 412 1384 τὴρ
445 1316 565 1367 κατ’
600 1314 862 1378 ἐκείνους,
892 1315 1022 1369 ἀλλο
1062 1333 1114 1368 τι
1156 1315 1232 1368 ὣν
1262 1317 1413 1388 παρὰ
1442 1319 1532 1369 16v
1571 1317 1882 1386 ἀγέννητον,

313 1404 414 1458 ποῦ
463 1405 497 1475 ἡ
544 1404 970 1476 πολυθρύλλητος
1017 1407 1351 1477 ἀγεννησία
1409 1408 1632 1478 ἐκείνης
1688 1408 1796 1461 Ποῦ
1846 1409 1879 1480 ὴ

316 1496 511 1567 κρηπὶς
537 1497 629 1549 καὶ
663 1498 696 1568 ἡ
725 1497 1008 1569 ὑποϐάθρα
1028 1501 1127 1569 τῆς
1157 1499 1438 1570 αἱρετικῆς
1480 1499 1876 1570 πυργοποιίαςς

313 1589 526 1658 Οἴχεται
551 1588 642 1641 καὶ
665 1588 953 1658 ἠφάνισται
974 1589 1061 1642 διὰ
1086 1589 1176 1642 τοῦ
1210 1590 1465 1660 γλίσχρου
1482 1591 1587 1643 τῶν
1620 1591 1886 1661 σοφισμά-

311 1695 436 1743 των,
483 1677 548 1729 ὲκ
580 1678 686 1729 τῶν
727 1676 976 1747 κατέχειν
1015 1678 1151 1742 τέως
1204 1679 1500 1732 δοκούντων
1526 1680 1885 1752 ’διολισθῆσαν

1987 495 2264 552 diversum
2317 497 2577 567 quiddam
2625 499 2692 553 ab
2740 497 2985 568 ingenito
3031 494 3190 550 Pater
3231 503 3337 564 est,
3393 494 3564 550 Filius

1986 587 2056 642 ab
2117 588 2439 643 habitudine
2490 588 2558 642 ad
2606 589 2908 659 ingenitum
2935 602 3163 658 prorsus
3212 588 3281 642 sit
3329 589 3564 642 alienus.

1985 677 2141 744 Quod
2203 678 2248 734 si
2290 679 2602 734 obtineatur
2652 679 3002 750 Unigeuitum
3045 694 3152 732 non
3188 695 3312 733 esse
3356 680 3424 732 ab
3480 679 3558 732 in-

1987 771 2188 838 genito,
2221 785 2564 840 consequens
2596 770 2820 824 omnino
2856 777 2940 824 est
2978 777 3039 822 ut
3073 767 3289 823 Patrem
3325 769 3562 839 genitum

1987 860 2277 916 faciamus.
2318 861 2452 916 Nam
2492 862 2637 932 quod
2666 870 2770 924 est,
2808 874 2908 916 nec
2946 869 3126 915 tamen
3163 860 3401 930 ingenite
3446 870 3556 921 est,

1987 955 2215 1007 oumino
2250 955 2489 1025 genitam
2528 951 2938 1008 subsistentiam
2967 952 3152 1005 habet.
3180 950 3237 1004 Si
3269 951 3436 1020 igitur
3471 966 3562 1006 se-

1987 1046 2226 1102 cundum
2258 1045 2381 1100 illos
2413 1044 2573 1099 Pater
2609 1051 2694 1099 est
2730 1045 2966 1114 genitus,
3015 1043 3160 1097 aliud
3207 1043 3334 1113 quid
3372 1044 3439 1097 ab
3483 1043 3562 1097 in-

1986 1138 2169 1209 genito
2201 1137 2494 1199 exsistens,
2540 1135 2630 1188 ubi
2664 1135 2954 1188 decantata
2998 1135 3089 1187 illa
3117 1133 3510 1188 inuascibt’litas
3532 1137 3557 1188 ?

1991 1225 2091 1282 Ubi
2129 1227 2328 1281 fundus
2371 1237 2421 1281 et
2449 1225 2863 1281 fundamentum
2896 1225 3162 1278 hzcreticae
3197 1225 3562 1278 substructio-

1985 1316 2115 1370 nis?
2152 1315 2301 1371 Abiit
2347 1325 2401 1370 et
2447 1315 2670 1370 evanuit
2705 1329 2799 1384 per
2829 1314 3017 1384 jejuna
3050 1313 3153 1368 ista
3203 1313 3561 1383 sophismata.

1989 1411 2064 1464 Ex
2109 1409 2328 1479 quibus,
2377 1423 2502 1462 cum
2553 1422 2620 1462 eo
2669 1421 2844 1476 usque
2879 1403 3173 1475 praevalida
3223 1404 3561 1469 viderentur,

1987 1502 2186 1556 amissa
2243 1517 2376 1556 ansa
2437 1500 2719 1570 delapsum
2773 1505 2858 1553 est
2913 1498 3226 1567 ingenitum,
3287 1505 3338 1551 et
3385 1497 3563 1551 omnis

1986 1593 2371 1664 inaequalitatis
2426 1593 2699 1656 machina,
2743 1591 2889 1645 velut
2943 1589 3239 1651 somnium,
3290 1587 3562 1653 dilllucns,

1985 1683 2432 1738 orationisictum
2455 1680 2657 1749 eﬂ‘ugit,
2686 1681 2845 1734 simul
2883 1696 3007 1733 cum
3044 1680 3285 1750 ingenito
3319 1678 3560 1732 avolans.

310 1771 409 1840 τῆς
439 1770 612 1840 λαϐῆς
652 1771 709 1823 τὸ
737 1769 1067 1841 ἀγέννητον
1090 1788 1102 1800 ο
1148 1774 1243 1826 καὶ
1286 1775 1318 1843 ὴ
1371 1773 1466 1826 106
1506 1748 1885 1844 ἀνομοίου-κα-

1991 1773 2066 1827 Ita
2105 1773 2327 1843 quando
2366 1748 2708 1827 mendacium
2765 1771 2974 1826 veritati
3031 1748 3400 1840 anteponitur,
3441 1769 3566 1823 licet

309 1859 567 1930 τασκευὴ,
613 1857 864 1928 καθάπερ
907 1861 1052 1924 τινὸς
1077 1861 1228 1932 ὄναρ,
1258 1861 1570 1934 διαρρυεῖσα
1598 1862 1691 1914 τοῦ
1725 1861 1882 1931 λόγου

310 1953 406 2021 τὴν
435 1951 649 2022 ἐπαφὴν
681 1952 1006 2021 διαπέφευγε
1051 1953 1127 2023 τῷ
1159 1955 1438 2024 ἀγεννήτῳ
1479 1957 1882 2010 συναποπτᾶσα.

314 2044 500 2106 Οὕτως
546 2045 672 2096 ὅταν
709 2061 760 2096 τι
796 2045 989 2112 ψεῦδος
1082 2046 1186 2116 πρὸ
1221 2047 1322 2115 τῆς
1363 2047 1615 2117 ἀληθείας
1642 2047 1886 2118 τιμώμεο

311 2150 419 2197 νον,
452 2132 556 2186 κᾶν
602 2133 738 2204 πρὸς
779 2134 956 2202 ὀλίγον
988 2134 1075 2188 διὰ
1119 2135 1219 2205 τῆς
1249 2135 1464 2206 ἀπάτης
1511 2136 1750 2207 ἀνθήσοι,
1791 2154 1884 2189 τα·

312 2225 450 2294 χέως
483 2224 619 2291 πρὸς
665 2224 824 2277 ἑαυτὸ
875 2227 1159 2297 καταρρεῖ,
1215 2226 1310 2278 καὶ
1359 2227 1477 2288 ταῖς
1517 2225 1670 2289 ἰδίαις
1719 2243 1885 2280 κατα-

314 2317 530 2378 σκευαῖς
560 2315 852 2368 διαλύεται.
903 2313 1060 2367 ’Δλλά
1090 2313 1262 2368 ταῦτα
1305 2314 1402 2385 μὲν
1435 2315 1557 2367 ὅσον
1587 2316 1888 2386 ἐπιμειδιά-

1992 1865 2208 1917 modico
2277 1871 2520 1932 tempore
2578 1879 2674 1932 per
2722 1877 2963 1916 errorem
3020 1863 3198 1931 vigeat
3253 1870 3306 1914 et
3353 1860 3562 1924 ﬂoreat,

1991 1962 2180 2024 postea
2227 1962 2407 2008 tamen
2454 1954 2637 2022 seipso
2665 1954 2928 2015 concidit,
2963 1961 3015 2007 et
3064 1953 3299 2022 propriis
3346 1952 3560 2004 machi—

1990 2047 2260 2100 namentis
2326 2045 2663 2101 dissolvitur.
2708 2043 2907 2100 Verum
2957 2046 3072 2099 lucc
3121 2045 3340 2114 quidem
3395 2042 3562 2096 animi

1990 2138 2166 2208 gratia
2215 2138 2269 2191 in
2310 2137 2805 2192 remunerationem
2858 2136 3063 2190 festivae
3089 2136 3250 2190 istius
3287 2133 3566 2202 inaequali-

1991 2229 2122 2282 tatis
2167 2243 2198 2282 a
2244 2230 2405 2284 nobis
2437 2229 2580 2284 dicta
2633 2231 2762 2283 sint.
2801 2228 3040 2300 Tempus
3081 2229 3242 2284 fuerit
3287 2238 3345 2282 ut
3391 2229 3567 2281 oratio
3608 2250 3612 2254 ·

2004 2322 2069 2374 ad
2115 2321 2457 2390 propositum
2497 2320 2599 2376 iter
2644 2328 2969 2376 revertatur.

315 2423 402 2459 σαι
426 2409 492 2477 τῇ
533 2405 768 2476 κομψείᾳ
813 2405 912 2476 τῆς
949 2406 1042 2459 106
1076 2405 1326 2476 ἀνομοίου
1352 2407 1771 2474 ἀνταποδόσεως,
1813 2410 1904 2462 καὶ
1937 2415 2066 2484 παρ’
2123 2413 2279 2485 ἡμῶν
2327 2415 2738 2486 προενήνεκται.
2798 2413 3002 2484 Καιρδς
3047 2413 3091 2466 δ’
3142 2415 3207 2468 ἂν
3276 2413 3361 2482 εἴη
3409 2410 3567 2464 πάλιν

314 2498 674 2565 ἐπαναγαγεῖν
700 2497 792 2550 ἐπὶ
821 2497 922 2567 τὴν
947 2497 1265 2551 ἀκολουθίαν
1293 2497 1386 2550 τὸν
1416 2497 1592 2565 λόγον.

383 2589 458 2641 Οὑ
490 2587 738 2657 βούλεται
771 2590 798 2642 6
830 2589 1094 2659 Εὑνόμιος
1124 2590 1228 2643 ὑπὸ
1261 2590 1357 2660 τῆς
1383 2591 1477 2643 τοῦ
1526 2591 1736 2661 Πατρὸς
1779 2609 1884 2660 φω-

314 2679 429 2749 νῆς,
463 2679 557 2732 καὶ
586 2679 679 2732 τοῦ
717 2680 1013 2750 ἀγεννήτου
1043 2680 1141 2750 τὴν
1176 2680 1449 2750 σημασίαν
1485 2682 1882 2752 παρίστασθαιο

315 2769 401 2822 ἵνα
450 2769 512 2822 16
556 2769 686 2822 ποτὲ
727 2769 801 2840 μὴ
845 2764 982 2822 εἶναι
1027 2770 1118 2823 τὸν
1149 2772 1426 2841 Μονογενῆ
1479 2773 1882 2844 κατασκευάσῃ.

314 2861 425 2914 Καὶ
450 2859 560 2931 γὰρ
588 2861 681 2913 καὶ
711 2860 843 2913 πολὺ
889 2861 1045 2914 τοῦτο
1098 2863 1246 2934 παρά
1283 2863 1392 2917 τῶν
1435 2865 1690 2935 μαθητῶν
1721 2865 1884 2918 αὑτοῦ

313 2949 373 3002 16
404 2947 698 3018 ἐρώτημα,
744 2948 825 3001 ὅτι
878 2948 938 3002 '0
975 2947 1058 3002 ὢν
1105 2949 1230 3016 πῶς
1265 2951 1576 3021 τεννὰται;
1605 2955 1784 3006 Αίτιον
1827 2953 1886 3006 66

314 3010 507 3092 τούτου
549 3010 724 3108 οἶμαι,
774 3038 833 3092 16
879 3039 952 3110 μὴ
998 3010 1222 3094 ἐθέλειν-
1243 3010 1341 3111 1?};
1377 3010 1718 3115 ἀνθρωπίνης
1757 3047 1890 3116 χρή-
1916 3010 1960 3070 C

321 3147 456 3193 σεως
491 3130 602 3183 τῶν
633 3129 913 3199 ὀνομάτων
946 3131 1040 3183 καὶ
1070 3133 1164 3184 ἐπὶ
1191 3131 1300 3184 τῶν
1334 3133 1490 3186 θείων
1518 3135 1890 3206 διανοημάτων

319 3221 665 3291 ἀφίστασθαι.
712 3221 1025 3292 Ἀλλ’ήμεῖς
1057 3223 1312 3287 εὐνοῖκιῖις
1343 3225 1474 3278 αὺτό
1501 3224 1560 3278 16
1583 3226 1893 3297 πεπλασμέ-

320 3330 406 3366 νον
434 3314 532 3384 1?};
557 3313 808 3376 ὑπονοίας
836 3316 915 3378 εἰς
929 3314 990 3366 16
1013 3314 1167 3378 εὑθὶς
1201 3316 1626 3387 προαγάγωμεν,
1645 3318 1891 3383 εἰπόντες

320 3404 355 3458 ἃ
385 3406 512 3476 περὶ
537 3404 725 3458 τούτου
760 3404 1118 3475 γινώσκομεν.

393 3495 560 3548 Ἀλλα
605 3495 854 3565 σημαίνει
900 3496 1031 3568 παρ’
1079 3498 1228 3567 ἡμῖν,
1277 3490 1322 3550 ὧ
1370 3497 1623 3568 Εὑνόμιε,
1660 3498 1729 3552 τὰ
1775 3499 1892 3552 ὀνό-

325 3603 488 3657 ματα,
527 3586 623 3640 καὶ
670 3586 860 3658 ἑτέραν
903 3587 996 3639 ἐπὶ
1045 3586 1145 3656 τῆς
1184 3588 1584 3659 ὑπερκειμένης
1616 3589 1892 3660 δυνάμεως

319 3681 416 3751 τὴν
452 3679 722 3750 σημασίαν
754 3679 1068 3754 παρέχεται.
1111 3679 1221 3731 Καὶ
1268 3677 1378 3746 γὰρ
1417 3679 1512 3731 καὶ
1544 3681 1601 3732 ὲν
1641 3681 1752 3741 τοῖς
1789 3678 1894 3732 λοι-

322 3775 442 3833 ποῖς
486 3773 618 3824 πᾶσι
665 3770 843 3841 πολλῷ
886 3768 962 3840 τῷ
1015 3768 1164 3838 μέσῳ
1207 3770 1240 3838 ὴ
1281 3768 1400 3820 θεία
1437 3769 1597 3836 φύσις
1647 3767 1756 3820 ἀπὸ
1796 3768 1894 3839 τῆς

321 3862 664 3933 ἀνθρωπίνης
691 3861 1136 3929 διατετείχισται·
1171 3859 1263 3912 καὶ
1285 3857 1435 3911 οὐδὲν
1462 3857 1694 3911 ἐνταῦθα
1721 3858 1895 3911 τοιοῦ-

320 3972 410 4009 τον
459 3957 492 4026 ή
539 3957 698 4026 πεῖρα
744 3955 1032 4018 δείκνυσιν,
1070 3954 1190 4006 ὅσον
1239 3954 1294 4004 ἐν
1335 3954 1519 4025 ἐκείνῃ
1569 3955 1892 4023 στοχασμοῖς

321 4063 431 4099 τισι
459 4044 555 4098 καὶ
591 4045 867 4108 ὑπονοίαις
907 4042 1204 4108 εἰκάζεται.
1240 4043 1343 4096 Τὸν
1381 4043 1542 4096 αὑτὸν
1573 4044 1770 4116 τρόπον
1800 4045 1894 4098 καὶ

322 4137 379 4188 ὲν
405 4139 516 4200 τοῖς
553 4135 657 4188 ὑπὸ
686 4135 792 4188 τῶν
828 4135 1104 4205 ὀνομάτων
1153 4135 1600 4205 σημαινομένοις,
1650 4133 1754 4186 κᾶν
1797 4136 1894 4204 ὁμ-

321 4227 533 4298 ωνυμία
560 4243 643 4289 τις
737 4225 844 4279 τῶν
883 4225 1237 4296 ἀνθρωπίνων
1283 4225 1420 4295 πρὸς
1447 4225 1508 4277 16
1539 4225 1727 4287 ἀΐδιον,
1759 4224 1894 4279 ἀλλὰ

2061 2591 2237 2660 Negat
2281 2588 2585 2644 Eunomlus
2613 2586 2794 2643 Patris
2827 2587 3192 2657 appellatione
3231 2589 3392 2642 etiam
3423 2590 3570 2660 iuge-

1991 2682 2093 2736 niti
2122 2680 2576 2751 signiﬁcationem
2613 2678 3016 2750 repraesentari.
3061 2684 3120 2732 ut
3162 2679 3288 2733 inde
3317 2681 3572 2735 conficiat

1996 2774 2348 2845 Unigenitum
2389 2773 2689 2842 aliquando
2727 2783 2836 2824 non
2882 2770 3074 2824 fuisse.
3111 2768 3392 2839 Frequens
3423 2771 3566 2825 enim

1991 2876 2072 2923 est
2104 2867 2244 2937 apud
2268 2866 2570 2934 discipulos
2605 2862 2725 2933 ejus
2757 2865 2870 2916 haec
2902 2861 3127 2931 quaestio
3153 2879 3166 2914 :
3194 2860 3464 2924 Quomodo
3484 2878 3569 2931 θε-

1993 2970 2212 3012 iteratur
2255 2957 2343 3027 qui
2385 2957 2505 3010 est!
2538 2956 2768 3008 Causam
2805 2953 2969 3021 hujus
3000 2953 3077 3005 rei
3120 2951 3376 3013 arbitror,
3422 2951 3568 3021 quod

1992 3050 2165 3104 nolint
2205 3050 2274 3102 ab
2328 3049 2568 3101 humano
2596 3045 2987 3099 vocabulorum
3026 3059 3150 3107 usu,
3181 3051 3313 3097 tunc
3347 3057 3568 3112 quoque

1991 3157 2115 3196 cum
2155 3141 2343 3195 divina
2392 3145 2652 3202 tractant,
2690 3137 2976 3191 absistere.
3009 3135 3115 3189 Sed
3172 3151 3273 3190 nos
3307 3136 3452 3188 hunc
3485 3150 3570 3190 cr-

2000 3248 2182 3288 rorem
2204 3239 2258 3286 et
2281 3232 2480 3285 mentis
2511 3229 2889 3299 deceptionem
2915 3227 3174 3282 benevole
3195 3227 3570 3294 emcndcmus,

1992 3325 2174 3381 allatis
2220 3324 2289 3380 iis
2335 3339 2457 3393 quae
2507 3321 2576 3376 de
2626 3321 2731 3374 hoc
2780 3317 3095 3374 didicimus.

2061 3502 2213 3558 Alias
2245 3501 2700 3572 signiﬁcationes,
2753 3495 3008 3559 Eunomi,
3043 3495 3263 3549 nomina
3293 3493 3438 3564 apud
3469 3509 3572 3550 nos

1992 3591 2215 3655 habent,
2265 3599 2317 3645 et
2365 3591 2473 3645 alia
2513 3591 2579 3644 de
2625 3603 2877 3658 suprema
2931 3588 3021 3641 illa
3070 3588 3315 3657 potentia
3348 3588 3572 3657 ingene-

1993 3693 2136 3738 rant.
2187 3682 2322 3737 Nam
2345 3691 2398 3737 et
2439 3683 2493 3736 in
2521 3681 2745 3750 reliquis
2767 3680 3024 3734 omnibus
3073 3680 3231 3750 longe
3259 3680 3377 3748 plus
3408 3696 3570 3750 quam

1993 3775 2275 3832 dimidiata
2317 3791 2383 3829 ex
2428 3783 2579 3844 parte
2630 3785 2822 3826 natura
2877 3772 3062 3826 divina
3109 3773 3178 3825 ab
3210 3773 3446 3825 humana
3484 3788 3570 3828 se-

1989 3866 2286 3937 jungitur:
2331 3875 2380 3919 et
2426 3864 2758 3936 experientia
2802 3863 2890 3916 hic
2930 3862 3066 3915 nihil
3107 3861 3286 3916 simile
3331 3863 3570 3929 exhibet,

1993 3959 2154 4028 quale
2199 3955 2532 4026 coniecturis
2569 3951 2898 4022 quibusdam
2947 3961 3002 4006 et
3050 3952 3461 4021 suspicionibus
3517 3955 3574 4007 in

1994 4049 2085 4103 illa
2129 4046 2464 4100 etl'ormatur.
2515 4044 2716 4098 Eodem
2765 4043 2928 4097 modo
2979 4057 3038 4096 se
3089 4058 3175 4097 res
3230 4043 3396 4095 habet
3445 4034 3594 4096 cum'

1993 4139 2160 4193 rebus
2211 4152 2308 4205 per
2359 4135 2580 4189 nomina
2640 4133 3006 4204 signiﬁcatis:
3045 4133 3258 4187 etiamsi
3286 4134 3570 4186 nominum

1993 4228 2228 4298 quadam
2269 4227 2625 4282 similitudine
2674 4226 2925 4279 humanae
2968 4239 3092 4279 cum
3123 4224 3326 4278 divinis
3371 4241 3572 4278 convc-

323 4318 463 4370 κατὰ
493 4317 551 4369 16
585 4317 778 4388 μέτρον
807 4317 905 4387 τῆς
933 4314 1039 4369 τῶν
1067 4315 1278 4385 φύσεων
1305 4316 1675 4377 ἀποστάσεως,
1703 4316 1796 4368 καὶ
1823 4315 1890 4368 τά

1998 4321 2170 4384 niaut,
2195 4319 2552 4372 nihilominus
2576 4332 2672 4387 pro
2702 4317 3074 4386 proportione,
3095 4330 3200 4384 qua
3225 4324 3431 4369 natura:
3456 4316 3574 4370 ista:

324 4408 695 4478 σημαινόμενα
730 4407 819 4460 διὰ
863 4407 970 4460 τῶν
1022 4407 1298 4476 ὀνομάτων
1341 4405 1692 4478 κεχώρισται.
1743 4400 1888 4472 Οἷον,

323 4498 701 4568 οἰκοδεσπότην
733 4498 1018 4570 ἄνθρωπον
1057 4497 1147 4551 διὰ
1175 4500 1272 4568 τῆς
1303 4498 1616 4569 παραϐολῆς
1649 4499 1740 4552 τὸν
1759 4498 1891 4552 Θεὸν

307 4589 578 4660 ΐνομάζει
608 4591 635 4642 6
658 4589 886 4659 Κύριος’
907 4590 1042 4643 ἀλλά
1063 4588 1194 4642 πολὺ
1222 4587 1377 4642 τοῦτο
1404 4590 1500 4642 καὶ
1524 4591 1580 4643 ἐν
1607 4590 1684 4661 τῷ
1711 4591 1809 4660 βίῳ
1831 4590 1893 4643 16

325 4679 511 4749 ὖνομα.
543 4674 668 4750 'Ap’
693 4675 784 4732 οὖν
811 4682 839 4732 6
860 4681 1020 4743 αὑτὸς
1049 4679 1204 4748 λόγος
1235 4679 1328 4732 τοῦ
1357 4680 1476 4732 καθ’
1508 4682 1653 4751 ἡμᾶς
1686 4678 1894 4749 ἀνθρώ-

329 4787 446 4832 που,
475 4772 568 4824 καὶ
587 4771 681 4824 τοῦ
709 4770 989 4842 ἀνθρώπου
1010 4771 1220 4824 ἐκείνου
1241 4788 1251 4799 ·
1275 4773 1367 4824 καὶ
1392 4771 1628 4836 τοιοῦτος
1649 4775 1675 4824 6
1693 4773 1891 4842 ἡμέτε-

328 4879 419 4934 ρος
445 4858 614 4926 οἶκος,
644 4862 729 4916 οἵα
754 4864 786 4932 ὴ
826 4861 1034 4932 μεγάλη
1071 4863 1217 4915 οἰκία
1240 4861 1443 4931 ἐκείνη,
1479 4860 1661 4925 καθώς
1685 4878 1847 4932 φησιν
1864 4865 1893 4916 6

339 4953 679 5018 ’Λπόστολος,
698 4957 756 5008 ὲν
785 4948 900 5026 ᾖτά
922 4953 1088 5024 σκεύη
1112 4955 1180 5006 τά
1197 4955 1392 5025 χρυσᾶ,
1416 4953 1511 5006 καὶ
1541 4955 1779 5024 ἀργυρᾶ,
1798 4956 1894 5008 καὶ

325 5052 423 5105 ὅσα
452 5053 548 5122 1?};
577 5048 769 5121 λοιπῆς
799 5051 930 5120 ὕλης
956 5049 1254 5121 ἠρίθμηται
1275 5065 1289 5079 ·
1322 5049 1354 5118 ἢ
1386 5048 1520 5104 ἄλλα
1565 5049 1663 5116 μὲν
1692 5051 1894 5114 ἐκεῖνα,

323 5142 361 5197 ἀ
397 5143 505 5196 066’
537 5144 603 5196 ἂν
647 5142 893 5211 ὲπιγνοίη
944 5158 1028 5203 τις
1075 5140 1328 5202 εὐκόλως,
1377 5143 1436 5192 ὲν
1489 5139 1764 5210 ἀφθαρσίᾳ
1805 5140 1899 5193 καὶ

331 5235 692 5304 μακαριότητι
721 5231 1086 5303 θεωρούμενα,
1114 5231 1249 5284 ἄλλα
1285 5230 1342 5283 δὲ
1368 5230 1437 5283 τὰ
1474 5232 1604 5299 παρ’
1634 5231 1791 5300 ἡμῶν
1833 5233 1899 5285 ὲκ

326 5325 427 5394 γῆς
452 5325 602 5390 ὄντα,
629 5325 721 5379 καὶ
750 5327 828 5388 είς
855 5324 956 5396 γῆν
983 5321 1381 5395 καταρρέοντα;
1416 5318 1690 5382 Ὡσαύτως
1718 5319 1776 5372 66
1804 5323 1899 5375 καίΙ

327 5415 384 5469 ἐν
411 5419 520 5480 τοῖς
546 5417 750 5480 λοιποῖς
784 5417 916 5469 πᾶσι
947 5413 1129 5485 σχεδὸν
1171 5411 1456 5482 ὁμωνυμία
1501 5410 1582 5474 τίς
1611 5412 1727 5466 ἐστι
1759 5413 1896 5483 πρὸς

329 5505 394 5558 τά
422 5506 539 5561 Θεῐα
575 5505 683 5560 τῶν
712 5503 992 5577 ἡμετέρων
1027 5501 1382 5575 πραγμάτων,
1415 5501 1474 5554 ἐν
1506 5502 1572 5571 τῇ
1605 5501 1895 5574 ταυτότητι

399 5682 444 5714 ⁸⁵
471 5679 664 5736 Matth.
704 5693 822 5745 xm,
850 5676 943 5741 Ἦ,
987 5676 1077 5732 52.
1205 5676 1252 5710 ⁸⁸
1279 5675 1321 5732 ll
1348 5676 1489 5732 Tim.
1519 5693 1579 5747 ιι,
1617 5679 1709 5734 20.

1993 4413 2136 4466 inter
2182 4426 2240 4465 se
2282 4411 2518 4475 distant,
2575 4411 2738 4464 etiam
2795 4425 2894 4470 ea,
2953 4423 3072 4477 quae
3119 4409 3205 4463 his
3258 4409 3573 4462 nominil'us

1991 4502 2393 4572 significantur,
2443 4511 2690 4568 separata
2729 4504 2878 4553 sunt.
2942 4497 3187 4567 Exempli
3238 4514 3426 4562 causa,
3471 4499 3575 4552 Do-

1993 4593 2174 4647 minus
2216 4592 2268 4646 iu
2322 4591 2630 4661 evangelica
2666 4591 2924 4659 parabola
2976 4599 3136 4644 vocat
3174 4589 3340 4645 Deum
3395 4591 3575 4644 hami-

1991 4685 2194 4740 minem
2241 4682 2689 4753 patremfamilias
2713 4681 2779 4748 ⁵⁸,
2826 4697 2950 4753 quae
3021 4683 3313 4751 appellatio
3355 4681 3409 4735 in
3465 4682 3573 4736 vita

1993 4790 2211 4846 quoque
2265 4775 2504 4828 humana
2535 4773 2827 4828 admodum
2861 4772 3264 4842 frequentatur.
3298 4780 3379 4826 An
3406 4773 3575 4843 igitur

1992 4867 2182 4921 eadem
2229 4873 2316 4921 est
2359 4865 2500 4921 ratio
2541 4865 2715 4921 nostri
2750 4863 2984 4934 alicujus
3016 4862 3332 4918 hominiset
3385 4863 3572 4920 illius:

1993 4955 2226 5023 talisque
2275 4963 2458 5009 nostra
2506 4963 2590 5010 est
2641 4953 2840 5008 domus
2886 4953 3066 5022 qualis
3109 4967 3303 5022 magna
3344 4951 3436 5006 illa
3480 4953 3577 5007 do-

1999 5062 2144 5109 mus,
2194 5057 2253 5100 ut
2299 5046 2540 5116 loquitur
2586 5046 2882 5116 Apostolus
2919 5046 2986 5109 ",
3037 5044 3090 5099 in
3135 5060 3240 5115 qua
3278 5053 3408 5099 sunt
3446 5058 3574 5098 vasa

1999 5153 2166 5192 aurea
2208 5147 2262 5192 et
2309 5146 2589 5209 argentea,
2639 5146 2695 5193 et
2743 5137 2849 5192 alia
2900 5153 2966 5193 ex
3013 5137 3136 5192 aliis
3171 5135 3414 5190 materiis
3446 5148 3577 5186 con—

2000 5230 2224 5294 stantia,
2288 5245 2409 5299 quae
2449 5230 2646 5285 ibidem
2707 5230 3006 5300 Apostolus
3057 5223 3386 5297 percenset?
3434 5220 3573 5274 Num

2000 5319 2104 5374 alia
2158 5321 2378 5389 quidem
2417 5322 2508 5375 illa
2561 5322 2780 5392 cognitu
2838 5337 2948 5376 non
2990 5332 3185 5389 prona,
3235 5329 3358 5384 quae
3389 5312 3444 5366 in
3485 5312 3577 5367 illa

2001 5411 2414 5482 incorruptione
2454 5422 2510 5469 et
2549 5413 2888 5470 beatitudine
2911 5415 3250 5481 spectantur,
3283 5402 3574 5466 aliavero.

2003 5519 2126 5574 qua:
2159 5505 2302 5576 apud
2337 5520 2436 5562 nos
2480 5513 2729 5569 exstant,
2765 5519 2830 5559 ex
2885 5509 3030 5554 terra
3086 5504 3366 5568 procreata
3418 5502 3473 5552 et
3521 5493 3576 5550 in
