4064 6146
438 303 544 359 HS

1716 293 1771 346 S.
1807 291 2133 347 CREGORII
2170 292 2464 349 NYSSENI

3574 283 3680 341 LM

444 426 646 470 terram
704 412 1036 469 dilabentia?
1103 409 1364 465 Similiter
1419 409 1473 464 in
1533 408 1788 464 omnibus
1849 407 2015 462 ferme

2133 408 2224 461 :th
2252 408 2550 479 ὀνομάτων,
2599 408 2729 463 πολὺ
2760 409 2820 461 τὸ
2849 408 3102 478 διάφορον
3125 405 3231 459 τῶν
3272 400 3682 473 σημαινομένων

443 506 565 561 aliis
620 503 1001 559 convenientia
1048 514 1132 556 est
1175 502 1454 556 nominum
1508 500 1816 553 divinormn
1851 506 1905 554 et
1929 514 2015 552 re-

442 614 563 653 rum
608 612 733 650 cum
785 596 1065 649 humanis.
1112 597 1182 647 At
1221 594 1275 648 in
1334 594 1612 647 nominum
1638 590 2016 645 convenientia

444 686 649 759 grande
673 694 756 741 est
789 685 1081 740 discrimen
1131 701 1311 741 rerum
1353 685 1780 756 signiﬁcatarum
1820 702 1833 736 :
1890 697 2017 751 pro-

446 787 628 848 pterea
687 788 740 832 et
772 778 1143 832 membrorum
1193 787 1246 831 et
1280 792 1540 832 sensuum
1605 775 1827 829 nomina
1860 781 2016 828 utro-

445 872 610 940 bique
663 869 915 923 similiter
942 869 1183 938 reperire
1206 870 1349 923 licet.
1378 867 1549 921 Sicuti
1571 869 1716 922 enim
1751 868 1804 920 in
1834 866 2016 929 nobis,

446 967 519 1020 ita
566 967 620 1018 in
668 964 845 1018 divina
880 964 970 1017 illa
1006 965 1113 1016 vita
1168 979 1331 1032 quam
1367 977 1581 1017 onmem
1616 975 1837 1016 sensum
1871 974 2022 1014 exce-

446 1058 575 1111 dere
614 1072 808 1111 omnes
835 1056 1094 1112 mortales
1128 1058 1480 1119 conﬁtentur,
1519 1063 1647 1109 sunt
1688 1052 1866 1121 digiti,
1894 1051 2024 1106 bra-

445 1149 653 1212 chium,
714 1162 932 1214 manus,
990 1148 1207 1210 oculus,
1255 1146 1542 1216 palpebrae,
1602 1143 1845 1207 auditus,
1901 1157 2018 1205 cor,

445 1242 630 1312 pedes,
654 1241 1045 1301 calceamenta,
1075 1237 1224 1306 equi,
1253 1237 1549 1306 equitatus,
1580 1251 1798 1300 currus,
1823 1242 1876 1289 et
1903 1234 2024 1288 inﬁ-

448 1335 562 1387 nita
609 1331 735 1394 alia,
777 1346 898 1399 qua:
937 1346 1002 1383 ex
1050 1330 1302 1383 humana:
1348 1330 1473 1383 vitat
1521 1328 1916 1383 consuetudine
1954 1327 2022 1382 ad

448 1424 753 1479 caelestium
781 1421 1277 1476 manifestationem
1306 1436 1400 1490 per
1432 1420 1769 1474 involucrum
1796 1435 1825 1474 a
1848 1420 2023 1475 sacris

447 1514 667 1571 Litteris
690 1514 950 1567 translata
974 1523 1122 1567 sunt.
1148 1510 1615 1579 Quemadmodum
1638 1512 1803 1581 igitur
1818 1511 2026 1581 quodli-

448 1608 541 1663 bet
564 1607 757 1663 horum
779 1606 1056 1659 nominum
1079 1605 1443 1660 ethumanum
1469 1613 1522 1658 et
1541 1618 1707 1673 supra
1728 1604 2022 1657 humanum

447 1698 788 1770 signiﬁcandi
816 1696 1033 1750 modum
1057 1696 1216 1749 habet
1252 1714 1263 1749 :
1296 1695 1375 1750 sic
1406 1702 1458 1749 et
1479 1695 1646 1764 patris
1674 1708 1868 1747 nomen
1900 1693 2026 1747 licet

2116 500 2495 571 ὲνδεικνυμένη
2516 516 2529 530 ·
2560 500 2641 553 διὸ
2668 501 2762 554 καὶ
2788 500 2856 554 τὰ
2882 500 2987 553 τῶν
3018 499 3191 570 μελῶν
3229 496 3323 549 καὶ
3356 494 3424 547 τὰ
3451 492 3559 546 τῶν
3602 494 3684 546 αίο

2118 592 2420 663 σθητηρίων
2440 593 2676 663 ὀνόματα
2696 592 3085 666 παραπλησίως
3110 590 3254 642 ἔστιν
3280 589 3478 656 εὑρεῖν,
3497 585 3687 654 ὥσπερ

2115 686 2200 753 ἐφ’
2236 687 2387 755 ἡμῖν,
2419 684 2560 737 οὕτω
2604 685 2699 736 καὶ
2742 685 2831 736 ἐπὶ
2860 684 2959 752 τῆς
2986 683 3133 744 θείας
3165 678 3472 747 τεταγμένα
3518 675 3684 744 ζωῆς,

2116 776 2182 844 ἣν
2213 778 2350 847 ὑπὲρ
2397 777 2649 846 αἴσθησιν
2677 771 2815 829 εἶναι
2861 775 3059 836 πάντες
3098 770 3446 842 ὁμολογοῦσιν
3480 767 3689 839 ἀνθρω-

2119 884 2230 930 ποι,
2264 866 2535 930 δάκτυλοι,
2580 867 2673 919 καὶ
2722 862 2979 936 βραχίων,
3012 864 3104 916 καὶ
3141 863 3281 931 χεὶρ,
3324 858 3599 928 ὀφθαλμός
3626 874 3686 910 τε

2120 962 2213 1010 καὶ
2245 957 2506 1027 βλέφαρα,
2537 959 2631 1010 καὶ
2667 958 2825 1027 ἀκοή,
2870 957 2961 1009 καὶ
2996 954 3208 1024 καρδία,
3252 954 3346 1005 καὶ
3386 951 3564 1015 πόδες,
3596 949 3691 1002 καὶ

2122 1050 2458 1120 ὑποδήματα,
2512 1049 2602 1104 καὶ
2649 1050 2823 1112 ἵπποι,
2883 1049 2977 1101 καὶ
3018 1046 3269 1109 ίππασία,
3309 1044 3402 1097 καὶ
3445 1044 3689 1113 ἅρματα,

2122 1138 2215 1188 καὶ
2246 1136 2415 1206 μυρία
2440 1136 2660 1189 τοιαῦτα
2698 1138 2759 1189 ὲκ
2786 1136 2880 1189 τοῦ
2909 1135 3251 1206 ἀνθρωπίνου
3292 1134 3406 1203 βίου
3437 1132 3573 1202 πρὸς
3592 1130 3691 1202 τὴν

2122 1224 2230 1275 τῶν
2260 1224 2418 1276 θείων
2461 1224 2690 1294 δήλωσιν
2724 1224 2792 1277 δι’
2835 1226 3151 1294 αἰνίγματος
3196 1222 3301 1275 ὑπὸ
3336 1221 3434 1291 τῆς
3469 1220 3693 1292 Γραφῆς

2125 1314 2533 1384 μετενήνεκται.
2577 1314 2787 1385 Ὥσπερ
2834 1315 3014 1367 τοίνυν
3062 1315 3291 1367 ἕκαστον
3337 1310 3539 1364 τούτων
3581 1311 3691 1363 τῶν

2122 1404 2424 1474 ὀνομάτων,
2456 1405 2549 1457 καὶ
2574 1404 2926 1476 ἀνθρωπίνως
2954 1404 3191 1473 λέγεται,
3223 1404 3315 1457 καὶ
3342 1403 3442 1456 οὑκ
3484 1402 3695 1473 ἀνθρω-

2124 1498 2293 1561 πίνως
2318 1497 2673 1567 σημαίνεται·
2709 1495 2851 1550 οὑτω
2898 1498 2990 1550 καὶ
3016 1497 3075 1550 τὸ
3123 1496 3217 1550 τοῦ
3250 1495 3467 1565 πατρὸς
3498 1494 3692 1564 ὄνομα,

2125 1587 2229 1639 κᾶν
2275 1586 2531 1650 ὡσαύτως
2589 1587 2680 1640 ὲπί
2720 1604 2778 1641 τε
2828 1588 2926 1659 τῆς
2976 1588 3251 1659 ἡμετέρας
3297 1589 3393 1639 καὶ
3442 1588 3534 1640 ἐπὶ
3592 1586 3693 1657 τῆς

2127 1672 2276 1736 θείας
2321 1674 2545 1744 λέγηται
2589 1674 2830 1743 φύσεως,
2880 1674 3014 1728 ἀλλὰ
3058 1675 3199 1729 κατὰ
3245 1676 3304 1728 τὸ
3355 1676 3549 1747 μέτρον
3592 1676 3696 1746 τῆς

446 1792 651 1861 pariter
678 1798 733 1844 et
770 1789 837 1843 de
876 1798 1061 1842 nostra
1095 1795 1148 1842 et
1173 1786 1240 1842 de
1273 1786 1456 1840 divina
1482 1794 1675 1840 natura
1704 1793 2017 1853 usurpetur,

2133 1764 2385 1835 διαφορᾶς
2420 1764 2525 1818 τῶν
2556 1766 2613 1818 ὲν
2660 1768 2770 1828 τοῖς
2797 1765 3053 1836 ὀνόμασιν
3083 1765 3474 1836 ὑποκειμένων,
3508 1767 3602 1819 καὶ
3625 1767 3697 1819 τὰ

449 1890 688 1938 attamen
721 1896 818 1951 pro
844 1880 1197 1949 proportione
1229 1877 1548 1933 diﬁ‘erentite
1576 1892 1757 1931 rerum
1788 1876 2021 1930 nomini-

448 1976 553 2031 bus
594 1975 1021 2036 substratarum,
1080 1972 1244 2026 etiam
1288 1986 1377 2025 res
1430 1970 1659 2025 vocibus
1707 1969 2021 2039 signiﬁcata1

449 2066 592 2119 inter
646 2080 706 2119 se
766 2062 1277 2131 discriminantur:
1312 2061 1473 2114 aliter
1521 2062 1667 2115 enim
1728 2059 2020 2113 humanam

451 2155 860 2226 generationem
885 2152 1441 2220 concipimus,aliter
1473 2150 1540 2205 de
1571 2150 1756 2204 divina
1790 2165 2021 2218 genera-

449 2247 599 2299 tione
627 2245 1023 2312 conjectamus.
1058 2239 1234 2293 Ilomo
1265 2241 1317 2292 in
1347 2247 1590 2307 tempore
1622 2247 1936 2307 generatur,
1969 2245 2024 2291 et

454 2337 653 2406 aliquis
687 2334 910 2390 omnino
940 2335 1095 2387 locus
1133 2331 1299 2385 vitam
1335 2330 1454 2400 ejus
1493 2329 1715 2397 excipit,
1750 2330 1869 2384 sine
1903 2330 2021 2399 qui-

459 2431 564 2484 bus
606 2436 801 2482 natura
832 2441 941 2481 non
967 2422 1345 2480 constituitur.
1394 2420 1669 2487 Quocirca
1709 2421 2024 2475 necessario

460 2523 515 2576 in
550 2519 792 2575 hominis
832 2518 944 2571 vita
979 2516 1255 2572 sectiones
1284 2513 1531 2584 quaedam
1574 2512 1914 2582 temporaria:
1941 2512 2026 2566 in-

451 2614 769 2678 veniuntur,
821 2610 1155 2681 praeteritum
1192 2607 1418 2671 scilicet,
1484 2620 1727 2675 praesens
1762 2612 1812 2660 et
1870 2604 2023 2658 futu-

452 2720 597 2759 rum.
631 2702 770 2756 Vere
801 2701 949 2755 enim
992 2700 1059 2753 de
1087 2700 1273 2768 aliquo
1295 2698 1388 2767 qui
1428 2705 1748 2766 generatur,
1796 2696 2021 2762 dicitur,

451 2810 576 2849 eum
608 2793 901 2862 aliquando
933 2804 1044 2844 non
1073 2788 1265 2852 fuisse,
1313 2804 1459 2842 nunc
1498 2803 1643 2854 esse,
1692 2798 1747 2843 et
1802 2788 2024 2843 tandem

453 2899 671 2953 quoque
704 2899 811 2936 non
862 2882 1102 2952 amplius
1156 2880 1292 2935 fore.
1336 2880 1607 2936 Caeterum
1663 2894 1788 2934 cum
1824 2889 2027 2934 aeterna

456 2976 570 3039 illa,
608 2985 661 3030 et
700 2989 820 3044 quae
847 2982 1042 3029 cuncta
1094 2973 1292 3029 sazcula
1343 2973 1736 3044 antegreditur,
1801 2988 2027 3043 genera-

459 3067 611 3120 tione
670 3065 1015 3135 temporaria:
1047 3065 1164 3120 istae
1216 3065 1469 3120 notiones
1504 3078 1613 3118 non
1669 3072 2023 3127 concurrunt,

2126 1855 2213 1909 διὰ
2254 1855 2360 1909 τῶν
2388 1857 2580 1924 φωνῶν
2620 1857 2990 1928 σημαινόμενα
3028 1857 3127 1928 τὴν
3154 1856 3503 1927 παραλλαγὴν
3542 1856 3695 1927 ἔχει’

2128 1946 2303 2011 ἄλλως
2338 1948 2444 2019 γὰρ
2477 1948 2702 2019 νοοῦμεν
2738 1948 2834 2019 τὴν
2860 1947 3109 2017 γέννησιν
3141 1948 3226 2000 ἐπ’
3252 1948 3571 2019 ἀνθρώπων,
3603 1949 3700 2000 καὶ

2129 2040 2303 2103 ἄλλως
2352 2042 2479 2111 περὶ
2524 2041 2621 2111 τῆς
2656 2040 2805 2103 θείας
2853 2042 3154 2111 γεννήσεως
3200 2040 3590 2111 στοχαζόμεθα.
3638 2041 3699 2095 '0

2129 2135 2411 2204 ἄνθρωπος
2443 2140 2500 2188 ἐν
2549 2134 2725 2203 χρόνῳ
2773 2133 3043 2200 τίκτεται,
3093 2133 3185 2185 καῖ⁵
3216 2133 3378 2196 τόπος
3422 2150 3505 2196 τις
3548 2131 3699 2203 αὑτῴ

2131 2228 2347 2290 πάντως
2390 2226 2489 2298 τήν
2548 2224 2690 2297 ζωὴν
2739 2225 3085 2296 ὑποδέχεται·
3136 2218 3211 2278 ὧν
3256 2226 3384 2279 ἄνευ
3439 2225 3700 2296 συστῆναι

2132 2318 2290 2385 φύσιν
2334 2319 2433 2371 οὑκ
2459 2317 2592 2388 ἔχει.
2641 2317 2741 2371 Διά
2768 2317 2926 2370 τοῦτο
2957 2318 3136 2370 τοίνυν
3176 2316 3400 2387 χρονικά
3436 2320 3703 2387 τμήματα

2132 2411 2259 2482 περὶ
2284 2410 2381 2482 τὴν
2404 2409 2497 2463 τοῦ
2526 2409 2811 2480 ἀνθρώπου
2843 2409 2984 2481 ζωὴν
3017 2410 3325 2477 ἀναγκαίως
3352 2409 3662 2480 εὑρίσκεται
3682 2425 3699 2441 ·

2130 2502 2191 2554 τδ
2224 2501 2331 2573 πρὸ
2361 2500 2524 2554 αὐτοῦ
2550 2500 2714 2570 λέγω,
2764 2502 2857 2555 καὶ
2897 2502 2958 2554 τὸ
2989 2501 3110 2555 κατ’
3139 2502 3319 2568 αὑτὸν,
3350 2503 3443 2555 καὶ
3469 2501 3531 2554 τὸ
3562 2502 3705 2572 μετὰ

2130 2591 2307 2647 τοῦτο.
2362 2592 2582 2663 Ἀληθὲς
2625 2595 2733 2664 γάρ
2767 2595 2912 2646 ἐστιν
2947 2594 3119 2646 εἰπεῖν
3152 2594 3279 2664 περί
3303 2610 3445 2656 τινος
3470 2592 3576 2645 τῶν
3616 2610 3707 2662 γε·

2132 2683 2498 2756 γεννημένων,
2534 2686 2617 2738 ὅτι
2659 2686 2732 2756 μή
2776 2703 2903 2737 ποτε
2946 2683 3019 2737 ὢν
3062 2684 3156 2738 νῦν
3197 2686 3330 2751 ἐστι,
3375 2684 3468 2739 καὶ
3519 2684 3705 2754 μέντοι

2134 2777 2227 2830 καί
2274 2792 2404 2829 ποτε
2463 2775 2623 2829 πάλιν
2668 2774 2760 2828 τοῦ
2809 2771 2947 2828 εἶναι
2997 2774 3294 2830 παύσεταιο
3348 2776 3440 2828 ἐπὶ
3495 2774 3551 2827 δὲ
3602 2774 3705 2845 τῆς

2134 2867 2455 2938 προαιωνίου
2504 2868 2806 2937 γεννήσεως
2837 2866 2907 2919 τὰ
2945 2866 3171 2937 χρονικά
3210 2867 3383 2920 ταῦτα
3431 2866 3703 2938 νοήματα,

2136 2961 2229 3015 ἂτε
2273 2961 2435 3031 μηδὲν
2475 2960 2665 3030 ἔχοντα
2705 2959 2964 3029 συγγενὲς
3005 2960 3141 3031 πρὸς
3171 2959 3384 3029 ἐκείνην
3411 2960 3507 3031 τὴν
3545 2958 3705 3029 φύσιν

2133 3053 2243 3113 τοῖς
2282 3050 2557 3120 νηφόντως
2602 3047 2988 3119 λογιζομένοις,
3041 3052 3102 3104 ού
3148 3052 3569 3122 συνεισέρχεται.
3630 3050 3705 3103 Τὸ

458 3164 646 3226 utp..te
685 3122 805 3226 qua.)
833 3156 1039 3210 nullam
1074 3155 1457 3226 cognationem
1509 3154 1745 3209 habeant
1787 3170 1910 3207 cum
1942 3153 2027 3207 di-

2139 3142 2247 3212 γὰρ
2308 3145 2472 3205 ποτὲ,
2502 3142 2593 3194 καὶ
2620 3140 2678 3192 τὸ
2706 3140 2980 3208 ὕστερον,
3027 3142 3121 3194 καὶ
3161 3142 3223 3194 τὸ
3269 3144 3574 3211 πρότερω·,
3610 3144 3705 3196 καὶ

456 3250 579 3303 vina
616 3261 829 3314 natura,
859 3249 1102 3303 omnium
1126 3263 1314 3303 eorum
1346 3247 1552 3316 judicio
1607 3246 1698 3314 qui
1734 3246 1916 3299 sobrie
1966 3244 2034 3298 de

456 3342 543 3397 his
594 3342 1008 3395 ratiocinantur.
1071 3338 1203 3394 Nam
1261 3339 1350 3399 id,
1411 3336 1552 3406 quod
1597 3335 1886 3403 aliquando
1935 3349 2034 3388 vo-

457 3441 634 3494 catur,
656 3432 916 3499 posterius
950 3430 1221 3489 itidem,et
1252 3428 1423 3495 prius,
1460 3434 1513 3479 et
1547 3425 1731 3478 omnia
1766 3425 2033 3493 aiia,quae

459 3524 809 3590 temporalem
844 3520 1215 3573 extensionetn
1244 3515 1575 3585 signiﬁcant,
1609 3516 2031 3578 transcenderis,

458 3612 551 3679 qui
610 3612 854 3664 divinam
914 3609 1079 3662 vitam
1117 3607 1540 3675 contemplatur,
1582 3606 1889 3661 sublimiter
1930 3620 2025 3661 su-

2135 3233 2232 3285 ὅσα
2291 3232 2388 3302 τὴν
2435 3230 2687 3302 χρονικήν
2738 3231 2938 3303 ταύτην
2986 3234 3293 3303 παράτασιν
3342 3234 3706 3304 ἀποσημαίνει

2135 3324 2344 3388 διαϐὰς,
2390 3324 2417 3375 ὁ
2462 3322 2559 3394 τὴν
2603 3324 2750 3377 θείαν
2802 3325 2947 3394 ζωὴν
2991 3325 3355 3397 λογιζόμενος,
3391 3328 3603 3399 ﬁni/7‘16;
3634 3327 3708 3381 τὰ

2138 3418 2317 3488 ὑψηλά
2346 3416 2768 3486 κατασκέψεται,
2820 3420 2911 3471 καὶ⁹
2942 3419 3039 3488 οὐχ
3075 3420 3177 3472 ὅσα
3206 3421 3335 3491 περὶ
3360 3421 3457 3489 τὴν
3495 3420 3710 3491 ἀνθρωο

2138 3511 2299 3581 πίνην
2329 3510 2579 3579 γέννησιν
2611 3508 2816 3579 βλέπει,
2842 3510 3054 3574 τούτοις
3077 3511 3287 3581 νομίσει
3313 3512 3581 3565 δουλεύειν
3612 3514 3710 3565 καὶ

2133 3605 2231 3675 τήν
2265 3602 2578 3655 ἀδέσποτον.

459 3708 647 3761 blimia
680 3704 1049 3760 considerabit
1097 3713 1151 3757 et
1189 3704 1565 3773 perlustrabit,
1598 3720 1772 3773 neque
1809 3704 2092 3766 omnibus,
2129 3718 2248 3772 quae
2283 3701 2429 3756 circa
2478 3700 2766 3756 humanam
2808 3704 3207 3773 generationem
3253 3704 3499 3759 accidere
3541 3701 3707 3771 videt,

464 3803 706 3857 divinam
735 3802 881 3855 illaut
916 3809 970 3854 et
1001 3799 1390 3854 dominationis
1419 3807 1691 3869 expertem
1726 3800 2011 3853 obnoxiam
2050 3798 2423 3853 arbitrabitur.

537 3895 839 3950 Humanam
881 3893 1331 3963 compositionem
1372 3892 1643 3946 antecedit
1690 3893 1940 3955 mutatio,
1980 3902 2035 3945 et

462 4001 737 4058 corporea-
794 3982 1039 4054 quaedam
1112 3982 1353 4035 materiae
1400 3996 1463 4035 ac
1511 3981 1897 4049 dispositioncs
1967 3979 2034 4033 ad

464 4080 722 4136 animalis
777 4074 1157 4131 formationem
1210 4073 1638 4127 substernuntur
1681 4078 1780 4125 :et
1848 4071 2036 4124 subest

463 4172 647 4227 divino
686 4176 820 4223 nutu
862 4174 1079 4225 natura,
1116 4179 1233 4233 qua:
1274 4163 1387 4217 lucc
1418 4162 1599 4216 omnia
1650 4160 1876 4237 miriﬁce
1920 4160 2034 4215 elli-

464 4267 560 4327 cit,
612 4262 975 4329 undequaque
1017 4256 1073 4310 id
1120 4256 1264 4325 quod
1299 4255 1363 4309 ad
1421 4254 1584 4308 laetus
1644 4254 2033 4323 perfectionem

465 4370 768 4425 congruum
799 4358 883 4406 est
913 4361 965 4406 et
1000 4349 1280 4404 conformo
1312 4362 1632 4418 corrogatis,
1676 4348 1744 4401 ab
1791 4348 2035 4403 elemen-

2209 3890 2372 3943 Φύσιν
2400 3888 2630 3943 ἐνταῦθα
2690 3890 2858 3953 πάθος
2885 3892 3202 3961 προηγεῖται
3237 3889 3335 3959 τῆς
3365 3889 3713 3961 ἀνθρωπίνης

2143 3983 2472 4047 συστάσεως,
2507 3984 2599 4034 καὶ
2632 3982 2935 4051 σωματικαί
2977 3999 3121 4043 τινες
3149 3982 3411 4051 ἀφορμαὶ,
3446 3982 3580 4052 πρὸς
3610 3981 3713 4051 τὴν

2141 4072 2399 4137 τοῦζώου
2434 4075 2775 4144 κατασκευὴν
2821 4073 3265 4139 καταϐάλλονται,
3301 4074 3393 4127 καὶ
3428 4075 3711 4127 ὑπόκειται

2144 4166 2284 4219 κατὰ
2310 4167 2367 4219 τὸ
2397 4166 2534 4218 θεῖον
2563 4166 2807 4235 βούλημα
2833 4166 2865 4234 ή
2894 4163 2961 4217 τά
2992 4166 3212 4218 τοιαῦτα
3242 4163 3716 4235 θαυματοποιοῦσα

2146 4258 2325 4328 φύσις,
2362 4258 2693 4327 πανταχόθεν
2717 4258 2776 4311 τὸ
2813 4258 3008 4310 οἰκεῖόν
3045 4275 3105 4309 τε
3148 4258 3241 4310 καὶ
3272 4256 3605 4327 κατάλληλον
3634 4258 3714 4319 εἰς

2141 4348 2238 4419 τὴν
2266 4348 2358 4400 τοῦ
2392 4351 2673 4417 γινομένου
2710 4347 2987 4401 τελείωσιν
3016 4348 3365 4419 ἐρανίζουσα’
3396 4348 3505 4400 τῶν
3532 4366 3590 4401 τε
3618 4347 3712 4401 τοῦ

468 4450 539 4503 tis
572 4415 791 4517 quidem
826 4440 1037 4504 mundi,
1072 4448 1335 4511 quantum
1368 4453 1397 4491 a
1427 4415 1672 4508 quolibet
1718 4437 1935 4498 sulﬁcit,
1984 4445 2029 4490 et

2144 4415 2346 4509 κόσμου
2383 4415 2677 4508 στοιχείων,
2710 4438 2830 4491 ὅσον
2863 4415 3058 4492 ἱκανὸν-
3089 4440 3179 4508 ἀφ’
3209 4440 3457 4503 ἑκάστου,
3496 4439 3588 4492 καὶ
3616 4439 3714 4508 τῆς

468 4556 497 4593 a
547 4549 791 4607 tempore
824 4548 1135 4590 mensuram
1192 4530 1707 4593 consummationis,
1757 4537 1810 4584 et
1842 4545 1907 4584 ex
1944 4544 2041 4581 nua

468 4636 728 4685 trimento
776 4642 991 4689 eorum,
1027 4640 1147 4694 qua:
1189 4624 1377 4678 ﬁmum
1416 4623 1626 4693 tingunt
1676 4631 1729 4677 et
1778 4620 2036 4686 formant,

470 4733 733 4791 quantum
765 4720 837 4781 ei,
868 4716 1014 4787 quod
1044 4716 1311 4769 formatur
1356 4713 1707 4767 commodum
1744 4720 1866 4780 est;
1897 4720 1951 4766 et
1984 4721 2042 4767 ut

472 4826 587 4867 rem
632 4811 688 4863 in
716 4825 887 4879 pauca
924 4807 1225 4870 conferam,
1267 4814 1463 4859 natura
1491 4805 1676 4857 omnia
1716 4804 2041 4875 pervadens,

471 4902 673 4973 quibus
702 4900 1025 4953 constitutio
1061 4898 1299 4952 humana
1343 4896 1646 4965 perﬁcitur,
1684 4897 1760 4950 ita
1791 4897 1856 4950 ad
1884 4911 2047 4967 genes-

472 4994 739 5049 rationem
764 4990 839 5053 id,
865 4990 1009 5058 quod
1043 5005 1154 5041 non
1187 4996 1327 5050 erat,
1362 4986 1606 5053 adducit,
1659 4996 1713 5041 et
1755 4996 2045 5058 propterea

473 5087 549 5153 id,
579 5083 724 5155 quod
756 5098 864 5137 non
895 5089 1033 5144 erat,
1063 5082 1214 5134 nasci
1248 5080 1514 5143 dicimus,
1543 5081 1668 5149 quia
1703 5079 1849 5149 quod
1864 5080 2047 5149 aliquo

473 5188 716 5245 tempore
744 5188 853 5226 non
891 5177 1029 5233 erat,
1057 5176 1244 5237 postea
1275 5171 1459 5238 aliquo
1509 5177 1754 5238 tempore
1805 5185 1927 5224 esse
1962 5170 2048 5222 in-

474 5271 626 5340 cipit.
652 5267 721 5320 At
751 5265 807 5319 in
842 5263 1025 5317 divina
1056 5262 1408 5333 generatione
1444 5277 1623 5331 neque
1653 5269 1866 5315 natura:
1884 5261 2047 5315 m’ini-

476 5361 665 5426 sterio,
706 5372 884 5427 neque
925 5352 1186 5424 temporis
1226 5352 1570 5406 revolutione
1606 5352 1669 5404 ad
1710 5351 1850 5419 ejus,
1902 5352 2048 5420 quod

480 5460 794 5522 generatur,
827 5448 1313 5518 complementum,
1345 5458 1519 5510 neque
1543 5443 1690 5507 aliis,
1718 5458 1840 5512 qua:
1861 5443 1914 5496 in
1945 5452 2050 5497 ter-

480 5543 639 5598 restri
680 5541 1030 5612 generatione
1076 5544 1408 5599 cernuntur,
1445 5549 1582 5604 opus
1618 5543 1724 5598 est,
1763 5552 1939 5605 neque
1992 5536 2053 5590 in

481 5634 627 5689 ullas
658 5632 892 5687 humiles
908 5632 1260 5701 abjeetasque
1282 5628 1637 5699 cogitationes
1661 5626 1874 5693 incidit,
1897 5628 2049 5698 quis-

485 5723 611 5795 quis
640 5722 786 5778 omui
805 5738 969 5778 sensu
998 5723 1203 5778 carnali
1233 5729 1451 5790 exutus,
1476 5718 1543 5777 ad
1573 5718 1881 5777 divinorum
1916 5738 2017 5778 con

2143 4530 2247 4583 ὑπὸ
2269 4530 2360 4583 τοῦ
2390 4529 2579 4599 χρόνου
2610 4530 2896 4601 συνεργίας
2924 4528 2984 4581 τὸ
3012 4530 3204 4601 μέτρον
3223 4546 3236 4559 ·
3273 4531 3364 4583 καὶ
3394 4531 3457 4582 ἐκ
3482 4530 3578 4599 τῆς
3606 4530 3717 4582 τῶν

2141 4621 2576 4676 διαπλασσόντων
2623 4621 2683 4673 τὸ
2726 4621 3038 4691 τικτόμενον
3082 4623 3309 4693 τροφῆς,
3352 4622 3474 4674 ὅσον
3518 4624 3717 4674 οἰκεῖον

2142 4713 2220 4784 τῷ
2267 4713 2624 4783 πλασσομένῳ
2667 4711 2873 4781 γίνεται
2901 4730 2915 4743 ο
2968 4715 3060 4766 καὶ
3090 4714 3361 4767 συνελόντι
3406 4713 3591 4782 φάναι,
3627 4714 3718 4768 διὰ

2145 4807 2361 4859 πάντων
2391 4805 2643 4876 χωροῦσα
2684 4808 2717 4876 ή
2767 4806 2946 4876 φύσις,
2990 4807 3056 4861 δι’
3092 4802 3165 4861 ὧν
3197 4810 3229 4879 ή
3263 4809 3575 4880 ἀνθρωπίνη
3604 4810 3720 4881 ζωὴ

2143 4897 2241 4966 τήν
2275 4898 2613 4968 κατασκευὴν
2659 4898 2793 4969 ἔχει,
2832 4898 3003 4962 οὕτως
3050 4900 3130 4962 είς
3159 4900 3408 4971 γέννησιν
3440 4902 3501 4954 τὸ
3538 4903 3613 4973 μὴ
3661 4902 3722 4957 ὃν

2145 4986 2287 5054 ἄγει,
2326 4988 2416 5040 καὶ
2442 4988 2529 5039 διά
2554 4988 2712 5041 τοῦτο
2748 4989 2821 5060 μὴ
2856 4990 2922 5042 ὃν.
2954 4990 3197 5058 γίνεσθαι
3228 4992 3457 5061 λέγομεν
3491 5009 3504 5023 ’
3551 4993 3630 5045 ὅτι
3663 4992 3720 5047 ἓν

2146 5090 2249 5125 τινι
2283 5074 2456 5160 χρόνω
2493 5075 2566 5148 μή
2594 5076 2672 5139 ὃν,
2699 5079 2755 5129 ὲν
2787 5078 2928 5149 ἄλλῳ
2959 5081 3135 5149 χρόνῳ
3160 5081 3252 5133 τοῦ
3288 5077 3426 5135 εἶναι
3458 5082 3682 5153 ἄρχεται
3704 5098 3719 5112 ⁸

2148 5163 2240 5215 ἐπὶ
2268 5162 2323 5215 δὲ
2352 5163 2450 5233 τῆς
2483 5164 2637 5228 θείαςΔ
2658 5168 2962 5235 γεννήσεως
2992 5170 3023 5237 ή
3073 5168 3248 5222 ἔννοια
3282 5170 3380 5239 τήν
3408 5188 3465 5221 τε
3494 5172 3591 5240 τῆς
3617 5170 3719 5238 φύ-

2151 5272 2285 5317 σεως
2319 5256 2641 5327 ὑπηρεσίαν,
2685 5258 2775 5310 καὶ
2812 5258 2909 5329 τὴν
2935 5259 3027 5311 τοῦ
3057 5260 3244 5330 χρόνου
3275 5260 3551 5315 τελείωσιν
3587 5263 3721 5333 πρὸς

2147 5345 2244 5417 τὴν
2276 5346 2367 5399 τοῦ
2400 5347 2682 5417 γινομένου
2724 5350 3100 5421 συνεισφορὰν,
3136 5352 3229 5403 καὶ
3263 5352 3438 5405 πάντα
3466 5353 3565 5405 ὅσα
3594 5352 3721 5421 περὶ

2147 5440 2245 5509 τὴν
2268 5440 2416 5491 κάτω
2444 5439 2695 5509 γέννησιν
2726 5441 2753 5492 ὁ
2785 5440 2940 5509 λόγος
2970 5441 3293 5514 ἐθεώρησεν,
3324 5444 3384 5497 ού
3420 5445 3719 5513 προσίεται,

2120 5524 2125 5529 ’
2151 5532 2242 5584 καὶ
2277 5530 2450 5583 οὐδενὶ
2482 5530 2589 5582 τῶν
2624 5532 2896 5585 ταπεινῶν
2927 5533 3210 5603 νοημάτων
3251 5536 3663 5603 συνεμπεσείται
3689 5532 3716 5583 b

2155 5625 2229 5695 μὴ
2258 5626 2541 5693 σαρκικαῖς
2567 5623 2825 5688 διανοίαις
2867 5625 2974 5677 τῶν
3005 5626 3161 5679 θείων
3189 5624 3552 5679 ἐπιϐατεύων’
3589 5624 3721 5678 ἀλλά

2155 5716 2304 5788 ζητεῖ
2352 5731 2470 5769 τινα
2514 5713 2746 5775 διάνοιαν
2786 5715 2862 5789 τῷ
2895 5716 3163 5788 μεγαλείῳ
3204 5716 3293 5771 τοῦ
3327 5714 3724 5788 σημαινομένου
