4064 6146
309 254 410 312 445

1417 257 1692 314 CONTRA
1733 255 2123 323 EUNOMIUM,
2168 256 2296 310 LIB.
2332 257 2376 311 1.

3451 257 3554 312 446

311 366 653 436 πρέπουσαψ
680 365 800 421 οὔτε
836 368 944 440 γάρ
975 367 1144 432 πάθος
1177 366 1305 439 περὶ
1342 369 1430 424 τὸν
1457 371 1641 440 ἀπαθῆ
1668 372 1883 442 νοήσει·

1998 370 2397 439 tcmplatiouem
2431 369 2671 434 accedit,
2700 369 2794 424 sed
2827 369 3025 450 quaerit
3073 371 3310 440 aliquam
3360 371 3560 426 intelli‘

309 457 428 510 οὔτε
464 458 754 529 συνεργίας
789 463 1022 531 φυσικῆς
1053 461 1142 514 τὸν
1189 461 1517 534 δημιουργὸν
1560 465 1739 533 πάσης
1782 463 1884 531 φύ-

314 563 447 610 σεως
475 547 773 602 ἐπιδεῖσθαι
807 549 1078 617 λογίσεται
1099 565 1111 580 ο
1143 551 1265 604 οὔτε
1294 552 1550 622 χρονικὴν
1581 553 1888 623 παράτασιν

314 639 402 690 ἐπὶ
448 641 548 710 τῆς
598 639 815 694 αἰωνίου
863 640 1008 710 ζωῆς
1059 641 1430 712 περιδέξεται·
1487 643 1622 696 ἀλλὰ
1673 644 1887 696 πάντων

313 731 512 784 τούτων
537 731 942 802 καθαρεύουσαν
971 732 1062 804 τήν
1088 732 1234 786 θείαν
1257 733 1505 803 γέννησιν
1527 735 1884 804 κατανοήσας,

319 822 472 894 μόνον
519 821 580 874 τὸ
633 822 707 893 μὴ
754 822 1004 892 ἀνάρχως
1051 818 1190 875 εἶναι
1237 824 1325 877 διὰ
1369 824 1468 894 τῆς
1514 823 1610 876 τοῦ
1657 825 1886 892 Πατρός

317 911 587 983 σημασίας
638 912 728 964 τὸν
770 911 1048 980 Μονογενῆ
1095 912 1385 982 δηλοῦσθαι
1435 914 1788 984 συνθήσεται,
1812 915 1888 977 ὼς

314 1006 408 1075 τήν
435 1006 614 1058 αἰτίαν
648 1005 747 1074 μὲν
772 1004 976 1057 ἐκεῖθεν
1005 1005 1145 1074 ἔχειν
1187 1005 1280 1058 τοῦ
1313 1001 1471 1069 εἶναι,
1500 1007 1672 1077 ἀρχὴν
1702 1007 1759 1061 δὲ
1788 1006 1888 1076 τῆς

317 1097 662 1158 ὑποστάσεως
713 1095 786 1166 μὴ
832 1095 1138 1163 λογίζεσθαι
1166 1113 1178 1127 ·
1229 1095 1318 1148 διὰ
1348 1097 1407 1149 τὸ
1450 1098 1522 1167 μὴ
1553 1098 1807 1152 δύνασθαί
1834 1115 1887 1151 τι

320 1189 538 1259 σημεῖον
586 1186 679 1238 τοῦ
714 1185 1042 1256 ζητουμένου
1079 1188 1425 1257 κατανοῆσαι.
1476 1188 1581 1241 Τοῦ
1613 1189 1721 1259 γὰρ
1753 1205 1888 1259 προ-

319 1278 658 1349 γενεστέρου,
682 1278 774 1330 καὶ
799 1278 891 1330 τοῦ
912 1279 1195 1349 νεωτέρου,
1220 1279 1313 1331 καὶ
1347 1279 1564 1332 πάντων
1590 1280 1696 1333 τῶν
1717 1279 1891 1334 τοιού-

320 1387 424 1423 των
452 1368 736 1439 νοημάτων
782 1369 840 1420 ὲν
887 1373 998 1432 τοϊς
1039 1371 1308 1439 χρονικοῖς
1353 1368 1710 1440 διαστήμασιν
1739 1371 1887 1441 εὑρι-

324 1462 614 1533 σκομένων,
665 1463 758 1516 ἐὰν
793 1461 992 1532 ὑφέλῃς
1030 1462 1108 1531 τῷ
1149 1460 1293 1530 λόγῳ
1338 1461 1428 1513 τὸν
1460 1462 1665 1532 χρόνον,
1711 1463 1888 1517 πάντα

325 1553 690 1625 συνυφῄρηται
722 1553 792 1606 τὰ
829 1553 1050 1608 τοιαῦτα
1090 1557 1306 1625 σημεῖα,
1337 1553 1431 1607 καὶ
1468 1555 1884 1627 συνυπεσπάσθη

323 1642 460 1716 μετὰ
487 1643 581 1697 τοῦ
620 1643 831 1716 χρόνου.

399 1917 551 1970 Ἐπεὶ
575 1909 667 1970 οὖν
695 1915 754 1968 τὸ
793 1914 937 1970 ποτὲ
965 1917 1024 1970 οὐ
1057 1918 1336 1988 προσίεται
1364 1920 1392 1972 6
1415 1917 1519 1990 πρὸ
1541 1919 1651 1972 τῶν
1681 1918 1890 1972 αἰώνων

321 2007 458 2061 κατὰ
487 2008 577 2060 τὸν
610 2008 884 2077 ἄφραστον
913 2007 1068 2075 λόγον
1095 2008 1173 2078 τῷ
1197 2011 1369 2080 Πατρὶ
1406 2009 1597 2077 συνὼν,
1623 2010 1892 2080 γεννητῶς

324 2100 421 2168 μὲν
455 2098 618 2161 ἔστιν,
649 2099 708 2150 οὐ
744 2101 848 2169 μήν
892 2117 1019 2152 ποτε
1045 2099 1138 2152 τοῦ
1167 2096 1304 2154 εἶναι
1329 2102 1554 2172 ἄρχεται
1585 2119 1598 2133 ·
1641 2101 1763 2154 οὔτε
1786 2090 1893 2172 γᾶίρ

321 2192 377 2242 ἑν
397 2190 590 2261 χρόνῳ,
616 2188 738 2242 οῦτε
763 2191 820 2242 ὲν
845 2190 992 2260 τόπῳ
1013 2191 1110 2260 τὴν
1134 2191 1275 2261 ζωὴν
1297 2191 1427 2262 ἔχει,
1455 2192 1819 2264 ἐξαιρεθέντος
1839 2192 1893 2244 δὲ

321 2282 411 2333 καὶ
433 2280 619 2343 τόπου,
649 2281 739 2333 καὶ
755 2279 967 2349 χρόνου,
998 2275 1091 2333 καὶ
1113 2283 1309 2345 παντὸς
1337 2283 1574 2336 τοιούτου
1602 2283 1782 2352 διανοή
1793 2299 1896 2351 μα-

320 2389 427 2434 τος,
446 2373 536 2423 ἐπὶ
549 2373 642 2441 τῆς
658 2373 747 2423 τοῦ
767 2372 1097 2440 Μονογενοῦς
1115 2374 1482 2437 ὑποστάσεως,
1497 2373 1556 2426 τὸ
1571 2374 1675 2444 πρὸ
1687 2374 1894 2426 ἐκείνου

321 2462 624 2533 νοούμενον,
655 2467 682 2516 6
709 2466 897 2535 Πατήρ
931 2468 1044 2517 ἐστι
1084 2464 1260 2534 μόνος.
1310 2464 1447 2517 Ἀλλ’
1474 2465 1532 2517 ὲν
1551 2464 1725 2534 τούτῳ
1754 2465 1846 2518 καὶ
1869 2466 1897 2518 6

323 2555 626 2626 Μονογενὴς
644 2556 737 2620 ὢν,
759 2555 940 2619 καθὼς
959 2556 1117 2619 αὐτὸς
1141 2556 1346 2617 ἐκεῖνός
1371 2572 1521 2625 φησι,
1540 2556 1637 2626 τὴν
1655 2555 1746 2608 τοῦ
1769 2573 1896 2608 ποτε

324 2648 396 2716 μὴ
417 2642 552 2698 εἶναι
581 2647 831 2700 ὑπόνοιαν
851 2645 1098 2710 δέξασθαι
1121 2646 1278 2713 φύσιν
1301 2648 1400 2699 οὐκ
1423 2646 1556 2716 ἔχει.
1583 2648 1644 2699 Εἰ
1671 2646 1768 2717 μὲν
1790 2647 1898 2717 γάρ

321 2755 449 2790 ποτε
478 2739 579 2790 οὐκ
599 2733 663 2808 ἦν
681 2741 773 2790 καὶ
802 2739 1337 2808 Πατὴρ,άναγκαίως
1361 2742 1426 2809 τῇ
1457 2740 1548 2793 τοῦ
1580 2741 1790 2810 Πατρὸς
1807 2742 1901 2793 ἀν-

319 2828 559 2900 υπαρξίᾳ
581 2829 719 2898 καὶὴ
751 2828 842 2882 τοῦ
867 2829 996 2882 Υίοῦ
1019 2831 1254 2903 ὰῖδιότης
1280 2833 1370 2884 ἐπὶ
1390 2833 1449 2885 τὸ
1470 2832 1580 2884 ἄνω
1603 2832 1901 2886 συναπεκό-

323 2936 510 2973 mero.
550 2920 612 2973 Εἰ
638 2918 694 2971 δὲ
725 2920 810 2973 ἀεί
837 2921 981 2974 ἐστιν
1007 2923 1034 2974 6
1062 2923 1268 2991 Πατὴρ,
1301 2921 1417 2985 πῶς
1443 2924 1469 2974 6
1491 2923 1615 2984 Υἱός
1645 2940 1774 2976 ποτε
1801 2924 1901 2978 οὐκ

321 3014 464 3066 ἔστιν
496 3014 524 3065 6
559 3012 633 3082 μὴ
681 3012 978 3082 δυνάμενος
1025 3014 1108 3080 ἐφ’
1137 3013 1327 3066 ἑαυτοῦ
1375 3015 1540 3084 χωρὶς
1567 3013 1658 3066 τοῦ
1691 3015 1900 3084 [ἰατρὸς

322 3107 610 3176 νοηθῆναι,
665 3103 801 3156 ἀλλὰ
849 3105 989 3158 κατὰ
1017 3106 1077 3158 τὸ
1119 3106 1468 3174 σιωπώμενον
1502 3107 1587 3158 ἀεὶ
1617 3105 1694 3177 τῷ
1727 3108 1899 3178 “arpi.

325 3194 811 3265 συνονομαζόμενος
835 3212 850 3258 ;
890 3197 951 3248 Ἥ
981 3197 1086 3268 γάρ
1110 3196 1204 3249 τοῦ
1233 3198 1460 3263 Πατρός
1483 3198 1672 3269 κλῆσις
1705 3200 1897 3267 ὲπίσης

323 3281 429 3333 τῶν
457 3284 550 3336 δύο
592 3284 897 3354 προσώπων
925 3286 1022 3354 τὴν
1055 3286 1326 3356 σημασίαν
1364 3286 1477 3356 ἔχει
1513 3305 1525 3318 ·
1575 3289 1897 3359 αὐτομάτως

321 3374 422 3443 τῆς
454 3375 579 3446 περὶ
606 3373 699 3428 τοῦ
732 3375 860 3428 Υἰοῦ
890 3376 1113 3440 ἐννοίας,
1133 3380 1196 3446 τῇ
1223 3380 1372 3446 φωνῇ
1403 3377 1572 3448 ταύτῃ
1605 3381 1900 3433 συνεισιοῦ-

325 3484 439 3537 σης.
481 3467 613 3520 Πότε
643 3468 741 3521 οὐκ
774 3462 840 3536 ἦν
873 3468 900 3519 6
927 3468 1086 3534 Υἱός;
1127 3469 1214 3521 Ἐν
1235 3469 1341 3522 τίνι
1363 3469 1423 3520 τὸ
1444 3470 1530 3538 μὴ
1556 3466 1707 3523 εἶναι
1735 3472 1898 3524 αὐτοῦ

323 3558 665 3630 κατελήφθη;
714 3560 802 3612 Ἐν
847 3559 1031 3629 τόπῳ;
1086 3560 1260 3622 Τόπος
1309 3561 1408 3613 οὐκ
1448 3556 1639 3630 ἦν.Ἐν
1687 3563 1897 3633 χρόνῳ;

322 3650 435 3719 Πρὸ
466 3651 672 3720 χρόνων
710 3653 739 3704 6
779 3650 1000 3722 Κύριος.
1054 3652 1114 3703 Εἰ
1149 3647 1242 3706 οὖν
1273 3652 1378 3723 πρὸ
1409 3651 1615 3706 τούτων
1647 3649 1734 3724 ἧν,
1769 3655 1899 3709 πότε

321 3742 421 3793 οὐκ
448 3739 549 3813 ἦνς
585 3741 693 3795 Καὶ
716 3743 765 3795 εἰ
798 3745 853 3795 ἐν
880 3742 959 3812 τῷ
983 3744 1155 3814 Πατρ“ι
1177 3739 1265 3813 ἦν,
1293 3746 1351 3796 ἐν
1383 3744 1487 3796 τίνι
1512 3747 1608 3798 οὐκ
1632 3741 1721 3816 ἦν,
1753 3732 1903 3798 εἴπα-

320 3847 380 3882 τε
417 3831 468 3883 oi
496 3830 563 3883 τὰ
588 3831 790 3887 ἀθέατα
835 3831 1120 3902 βλέποντες
1129 3850 1155 3898 3
1185 3832 1248 3884 Τί
1270 3833 1358 3884 διὰ
1387 3834 1550 3902 μέσου
1585 3835 1612 3886 ὁ
1648 3835 1902 3905 λογισμὸς

322 3923 478 3994 ὑμῶν
506 3922 924 3989 ἀνετυπὼσατο;
957 3923 1021 3976 Τί
1059 3923 1210 3976 κενὸν
1246 3923 1338 3976 τοῦ
1377 3925 1710 3992 Μονογενοῦς
1746 3927 1902 3996 ἐνοή-

322 4032 471 4078 σατε,
496 4014 528 4085 ἢ
558 4017 807 4086 πρᾶγμα,
842 4015 874 4084 ἢ
907 4015 1103 4084 νόημα,
1133 4015 1160 4066 ὃ
1191 4014 1268 4084 τῷ
1298 4016 1469 4085 Πατρὶ
1499 4033 1900 4089 συμπαρεκτει-

319 4108 544 4178 νόμενον
589 4105 978 4176 περισσοτέραν
1027 4105 1192 4159 αὑτοῦ
1241 4105 1338 4176 τὴν
1383 4105 1528 4178 ζωὴν
1575 4107 1667 4160 τοῦ
1731 4111 1901 4162 Μονο-

320 4198 512 4266 γενοῦς
539 4197 921 4261 ἀποδείκνυσι;
951 4196 1054 4248 Καὶ
1083 4197 1133 4248 τί
1163 4196 1317 4250 τοῦτο
1341 4197 1480 4265 λέγω
1505 4199 1656 4261 ;οὐδὲ
1682 4200 1789 4270 γάρ
1811 4201 1902 4254 ἐπὶ

319 4291 429 4344 τῶν
460 4289 762 4361 ἀνθρώπων
792 4289 992 4359 κυρίως
1034 4287 1180 4342 ἐστιν
1221 4293 1413 4355 εἰπεῖν,
1463 4292 1544 4344 ὅτι
1587 4293 1687 4345 οὐκ
1714 4292 1789 4346 ὢν
1819 4310 1903 4356 τις

1989 458 2252 529 gentiam,
2280 459 2554 528 majestati
2598 459 2676 513 rei
2723 460 3043 530 signiﬁcata:
3088 467 3555 528 consentaneam;

1991 563 2164 618 neque
2218 549 2364 603 enim
2421 550 2780 603 mutationem
2833 549 3074 618 aliquam
3132 549 3186 602 in
3235 550 3558 619 impassibili

1989 639 2378 710 apprehendet,
2415 655 2593 710 neque
2621 641 2881 710 cogitabit
2915 656 3062 704 eum,
3105 642 3197 710 qui
3242 643 3423 695 omnis
3468 656 3561 695 na-

1989 742 2122 790 turae
2152 734 2404 789 conditor
2425 745 2529 800 est,
2563 736 2806 805 indigere
2836 735 3076 790 naturali
3108 750 3210 805 Ope
3240 743 3294 790 et
3325 737 3552 799 auxrlio,

1987 845 2165 900 neque
2216 828 2603 897 temporariam
2655 827 3021 883 intensionem
3083 829 3140 882 in
3192 835 3394 882 acterna
3449 829 3560 882 vita

1989 921 2268 982 admittet;
2305 919 2400 974 sed
2435 920 2502 973 ab
2533 918 2788 972 omnibus
2821 919 2944 974 istis
2987 903 3215 973 liberam
3255 935 3561 990 puramque

1987 1012 2230 1066 divinam
2284 1009 2691 1078 generationem
2743 1009 3075 1078 intelligens,
3115 1009 3290 1063 solum
3335 1010 3562 1064 coniite-

1986 1102 2136 1157 bitur
2163 1100 2343 1156 Patris
2378 1101 2743 1169 appellatione
2775 1101 2879 1154 hoc
2932 1101 3197 1154 duntaxat
3237 1100 3558 1169 signiﬁcari,

1988 1193 2333 1261 unigenitum
2398 1191 2594 1244 Filium
2632 1207 2740 1245 non
2789 1206 2910 1246 esse
2953 1193 3209 1261 principii
3253 1200 3560 1261 expertem,

1987 1282 2188 1352 quippe
2237 1281 2330 1349 qui
2371 1294 2399 1332 a
2447 1278 2608 1334 Patre
2665 1279 3036 1334 subsistentia:
3092 1293 3204 1334 suae
3242 1287 3421 1334 ortum
3467 1281 3559 1334 ha-

1988 1373 2134 1435 beat,
2193 1371 2341 1425 omni
2377 1379 2558 1425 autem
2606 1371 2987 1434 iu-itiocareat,
3033 1385 3098 1426 eo
3146 1369 3291 1440 quod
3354 1371 3561 1425 nullum

1988 1464 2128 1518 initii
2165 1463 2379 1533 signum
2416 1463 2470 1516 in
2499 1477 2585 1526 eo,
2623 1463 2765 1532 quod
2792 1463 3074 1532 quaeritur,
3113 1469 3394 1532 appareat.
3426 1461 3560 1516 Nam

1987 1555 2141 1626 prius
2170 1563 2223 1609 et
2245 1554 2518 1624 posterius
2545 1559 2600 1608 et
2634 1555 2752 1607 aliae
2776 1555 3176 1618 successiones,
3207 1569 3329 1624 quae
3352 1555 3404 1608 in
3429 1563 3564 1608 tem-

1989 1645 2222 1716 porariis
2247 1645 2548 1700 intervallis
2577 1645 2955 1710 inveniuntur,
3007 1646 3050 1700 si
3107 1653 3323 1716 tempus
3381 1646 3562 1712 tollas,

1993 1737 2199 1808 pariter
2232 1738 2514 1798 tolluntur,
2557 1751 2772 1806 unaque
2801 1751 2923 1790 cum
2954 1745 3200 1806 tempore
3241 1737 3427 1790 omnia
3459 1737 3564 1791 alia

1993 1829 2160 1898 hujus
2199 1829 2420 1899 generis
2443 1829 2597 1898 signa
2631 1836 2988 1884 evanescunt.

2063 1919 2200 1974 Cum
2245 1920 2412 1989 igitur
2450 1918 2584 1971 illud
2638 1917 2925 1987 aliquando
2981 1933 3088 1971 non
3139 1918 3409 1984 admittat,
3471 1918 3565 1988 qui

1994 2019 2120 2066 ante
2155 2011 2376 2073 saecula,
2430 2009 2691 2063 inetTabili
2745 2009 2909 2063 modo
2967 2008 3114 2062 Patri
3167 2025 3405 2078 praesens
3459 2018 3565 2073 est,

1995 2118 2058 2157 ex
2094 2102 2442 2172 generatione
2468 2101 2685 2170 quidem
2708 2110 2811 2165 est,
2877 2098 2974 2153 sed
3032 2115 3314 2169 nunquam
3378 2100 3568 2170 incipit

1995 2209 2145 2260 esse;
2180 2207 2355 2262 neque
2390 2193 2534 2246 enim
2563 2192 2615 2244 in
2647 2198 2916 2260 tempore,
2968 2205 3146 2257 neque
3177 2191 3230 2243 in
3261 2192 3380 2244 loco
3401 2191 3565 2243 vitam

1999 2285 2188 2353 habet;
2225 2284 2441 2338 sublato
2473 2283 2636 2352 igitur
2663 2291 2716 2336 et
2747 2283 2885 2347 loco,
2925 2291 2978 2336 et
3021 2290 3286 2352 tetnpore,
3336 2295 3389 2336 et
3419 2283 3568 2337 omni

1999 2373 2310 2444 hujusmodi
2352 2374 2678 2443 cogitatione
2717 2374 2904 2442 procul
2936 2373 3005 2426 ab
3045 2374 3324 2444 hypostasi
3368 2375 3569 2456 Unige-

2000 2467 2099 2520 niti
2134 2466 2451 2528 amandata,
2478 2464 2626 2534 quod
2661 2472 2786 2518 ante
2818 2464 2972 2518 illum
3020 2466 3320 2534 cogitatur,
3373 2471 3569 2521 unicus

2001 2558 2164 2611 Pater
2192 2566 2293 2610 est.
2339 2555 2445 2610 Sed
2480 2572 2602 2610 eum
2653 2556 2708 2609 in
2747 2556 2849 2609 hoc
2880 2557 2994 2626 ipse
3024 2556 3187 2610 etiam
3247 2557 3569 2626 Ilnigeuitus

2003 2647 2094 2708 sit,
2117 2651 2277 2715 prout
2327 2645 2444 2714 ipse
2480 2650 2736 2707 testatur,
2787 2644 2937 2698 nulla
2971 2647 3112 2698 ratio
3157 2646 3447 2714 permittit,
3511 2659 3570 2702 ut

2003 2751 2127 2790 eum
2169 2735 2463 2803 aliquando
2491 2749 2606 2788 non
2662 2733 2832 2788 fuisse
2884 2735 3267 2804 suspicemur;
3338 2752 3462 2791 nam
3521 2740 3569 2794 si

2005 2827 2298 2896 aliquando
2322 2826 2436 2895 ipse
2461 2826 2624 2880 etiam
2663 2825 2824 2879 Pater
2881 2841 2990 2880 non
3045 2834 3184 2889 erat,
3248 2829 3568 2884 necessario

2005 2933 2102 2988 per
2133 2917 2311 2972 Patris
2344 2918 2854 2973 non-exsistentiam
2885 2918 3166 2974 aeternitas
3198 2918 3321 2973 Filii
3352 2937 3570 2976 sursum

2007 3025 2201 3063 versus
2226 3009 2664 3078 interrumpitur.
2723 3007 2779 3061 Si
2813 3025 2941 3062 vero
2972 3009 3134 3065 Pater
3182 3027 3400 3082 semper
3459 3022 3567 3079 est,

2001 3101 2276 3170 quomodo
2305 3098 2476 3153 Filius
2503 3101 2796 3169 aliquando
2825 3116 2932 3153 non
2959 3111 3064 3166 est,
3131 3104 3222 3171 qui
3255 3120 3362 3157 non
3397 3115 3573 3173 potest

2002 3191 2292 3261 separatim
2327 3207 2420 3261 per
2451 3205 2529 3253 se,
2566 3191 2775 3259 absque
2808 3201 3060 3259 respectu
3081 3194 3146 3246 ad
3179 3192 3392 3249 Patrem
3425 3195 3572 3248 intel-

2003 3283 2120 3352 ligi,
2175 3283 2268 3338 sed
2335 3283 2496 3337 tacite
2556 3296 2771 3349 Semper
2827 3297 2951 3336 cum
3009 3282 3168 3338 Patre
3219 3285 3574 3339 nominatur?

1999 3373 2136 3428 Nam
2173 3374 2354 3431 Patris
2397 3372 2689 3444 appellatio
2734 3387 2799 3426 ex
2833 3387 2989 3443 mque
3028 3375 3167 3429 duas
3207 3392 3469 3445 personas
3501 3379 3574 3432 si-

2002 3467 2250 3536 gniﬁcat,
2301 3476 2496 3537 sponte
2543 3483 2642 3522 sua
2676 3466 2798 3521 Filii
2830 3467 3051 3520 notione
3090 3466 3156 3520 ad
3193 3466 3370 3523 Patris
3408 3483 3572 3523 voca-

2003 3557 2190 3611 bulum
2246 3557 2642 3626 subsequente.
2688 3556 2918 3622 Quando
2949 3571 3058 3609 non
3106 3565 3225 3610 erat
3261 3555 3472 3612 Filius?
3516 3557 3574 3613 In

2003 3663 2111 3717 quo
2137 3664 2238 3700 non
2268 3664 2380 3701 esse
2411 3648 2558 3702 illius
2579 3648 2986 3718 deprehensum
3017 3657 3100 3704 est
3122 3649 3145 3702 ?
3169 3647 3307 3702 Num
3346 3651 3400 3704 in
3427 3651 3575 3706 loco?

2001 3741 2072 3791 At
2111 3740 2265 3792 locus
2301 3752 2408 3792 non
2451 3749 2591 3792 erat.
2620 3737 2760 3792 Num
2791 3741 2845 3792 in
2884 3742 3166 3808 tempore?
3191 3743 3259 3795 At
3287 3749 3413 3797 ante
3447 3751 3575 3798 tem-

2003 3846 2132 3901 pora
2168 3829 2430 3886 Dominus
2473 3838 2576 3886 est.
2629 3829 2687 3884 Si
2737 3832 2906 3902 igitur
2961 3841 3087 3887 ante
3138 3841 3382 3904 tempora
3429 3847 3571 3902 erat,

2004 3920 2222 3989 quando
2253 3936 2359 3974 non
2389 3920 2551 3974 erat?
2613 3919 2680 3974 Et
2709 3921 2752 3975 si
2784 3921 2837 3974 iu
2877 3919 3039 3976 Patre
3071 3931 3206 3982 erat.
3243 3925 3294 3978 in
3332 3941 3437 3995 quo
3464 3942 3573 3981 non

2002 4019 2138 4070 erat,
2184 4012 2370 4077 dicite,
2414 4027 2635 4080 quaeso,
2675 4028 2772 4068 vos
2819 4013 2910 4083 qui
2945 4014 3350 4082 inaspectabilia
3397 4017 3577 4070 cerni-

2004 4102 2110 4156 tis?
2137 4101 2277 4167 Quid
2322 4103 2630 4156 intermedii
2670 4104 2924 4172 cogitatio
2954 4111 3135 4158 vestra
3161 4103 3574 4170 eﬂinxit?Quod

2003 4210 2235 4248 vacuum
2267 4195 2411 4247 circa
2451 4192 2801 4263 Unigenitum
2825 4193 3312 4264 reperistis?Num
3337 4211 3469 4260 rem,
3505 4211 3573 4250 an

2005 4287 2437 4354 conceptionem,
2467 4300 2588 4353 quin
2613 4299 2736 4338 cum
2765 4283 2925 4338 Patre
2969 4287 3196 4338 extensa
3237 4285 3402 4340 vitam
3452 4288 3574 4355 ejus

321 4379 608 4451 ἐγεννήθη.
662 4379 794 4434 Λευῒ
837 4379 942 4451 γὰρ
985 4381 1090 4451 πρὸ
1142 4380 1350 4435 πολλῶν
1384 4382 1582 4450 γενεῶν
1627 4385 1725 4453 τῆς
1758 4383 1896 4438 κατὰ

2005 4375 2414 4446 productiorem
2438 4373 2624 4440 faciat,
2649 4389 2811 4444 quam
2837 4374 2999 4426 vitam
3021 4372 3335 4443 Unigeniti?
3362 4377 3422 4429 Et
3443 4377 3575 4445 quid

327 4472 507 4542 σάρκα
540 4470 734 4524 ἑαυτοῦ
764 4472 1068 4540 γεννήσεως
1109 4471 1211 4524 ὑπὸ
1254 4470 1346 4525 τοῦ
1379 4473 1710 4543 Μελχισεδὲκ
1754 4475 1898 4528 δεδε-

326 4564 568 4615 κάτωται
601 4579 614 4592 ·
661 4561 802 4614 οὕτω
834 4562 941 4632 γάρ
970 4579 1132 4633 φησιν
1163 4566 1190 4616 6
1229 4563 1564 4628 Ἀπόστολος,
1597 4566 1678 4618 ὅτι
1708 4567 1838 4619 Λευῒ
1870 4568 1898 4620 6

325 4653 424 4717 τὰς
453 4653 684 4714 δεκάτας
711 4653 1002 4723 λαμϐάνων
1029 4653 1405 4716 δεδεκάτωται,
1438 4655 1531 4708 καὶ
1563 4655 1658 4726 τὴν
1683 4658 1898 4711 ἀπόδει-

329 4744 412 4810 ξιν
439 4747 548 4808 τοῖς
576 4744 886 4814 λεγομένοις
921 4745 1198 4818 ἐπήγαγεν
1233 4762 1244 4775 ·
1299 4745 1380 4798 ὅτι
1413 4747 1470 4798 ὲν
1511 4749 1576 4816 τῇ
1613 4747 1774 4815 ὀσφύϊ
1802 4747 1898 4800 τοῦ

335 4835 542 4905 πατρὸς
567 4834 733 4888 αὑτοῦ
760 4829 847 4905 ἦν,
872 4833 961 4886 ὅτε
989 4833 1236 4905 Ἀϐραὰμ
1267 4833 1343 4903 τῷ
1370 4835 1504 4906 ἱερεῖ
1525 4833 1619 4888 τοῦ
1649 4836 1898 4905 Ὑψίστου

333 4926 681 4994 συνήντησεν.
713 4924 775 4975 Εἰ
809 4918 901 4976 οὖν
931 4921 1212 4993 ἄνθρωπος
1241 4922 1437 4993 τρόπον
1464 4923 1583 4978 τινὰ
1611 4923 1688 4978 ὢν
1713 4928 1900 4994 γεννᾶ-

330 5027 442 5078 ται,
477 5012 617 5065 κατά
647 5012 743 5082 τὴν
773 5010 1129 5082 ἀποστολικὴν
1165 5013 1489 5083 μαρτυρίαν,
1536 5015 1622 5068 διά
1655 5016 1745 5069 τοῦ
1787 5035 1903 5070 κοι-

329 5103 422 5156 νοῦ
449 5104 546 5173 τῆς
572 5103 759 5166 οὐσίας
786 5105 842 5155 ὲν
863 5101 940 5173 τῷ
967 5102 1316 5172 γεγεννηκότι
1336 5104 1495 5158 αὐτὸν
1526 5106 1900 5176 προῦφεστὼς,

332 5197 448 5260 πῶς
493 5196 590 5249 ἐπὶ
624 5196 721 5265 τῆς
751 5194 898 5258 θείας
929 5195 1141 5264 φύσεως
1183 5196 1283 5266 τὴν
1324 5196 1504 5268 φωνὴν
1551 5198 1752 5268 ταύτην
1786 5199 1906 5252 τολ-

335 5285 475 5356 μῶσι
503 5284 794 5357 προφέρειν
813 5325 827 5348 ,
862 5286 942 5336 ὅτι
961 5285 1058 5338 οὑκ
1087 5285 1162 5338 ὢν
1189 5288 1452 5358 ἐγεννήθη
1485 5290 1513 5340 6
1546 5290 1605 5340 ἐν
1631 5288 1707 5359 τῷ
1733 5292 1904 5361 Πατρ¹ί⁹

330 5375 425 5440 ὢν,
463 5375 642 5440 καθώς
673 5392 832 5446 φησιν
863 5377 891 5427 6
920 5376 1122 5448 Κύριος
1145 5395 1158 5409 ·
1205 5378 1343 5448 Ἐγὼ
1374 5380 1444 5432 ἐν
1471 5380 1549 5446 τῷ
1570 5383 1774 5448 Πατρὶ,
1805 5382 1904 5436 καί

331 5472 364 5522 δ
392 5468 595 5538 Πατὴρ
626 5469 695 5522 ἐν
719 5467 849 5537 ἐμοί
865 5483 884 5531 ;
919 5468 1052 5520 Κατ’
1086 5469 1251 5542 ἄλλην
1280 5471 1476 5547 δηλαδὴ
1507 5473 1597 5528 καὶ
1631 5473 1794 5546 ἄλλην
1821 5475 1904 5530 εν-

396 5645 442 5677 "
485 5647 686 5705 Grues.
707 5662 816 5712 xiv,
840 5647 906 5701 18
939 5662 1057 5717 sqq.

2001 4471 2057 4524 itt
2086 4469 2171 4523 his
2196 4470 2477 4533 immoror,
2519 4483 2644 4520 cum
2685 4481 2863 4536 neque
2903 4467 2971 4520 de
2993 4467 3308 4541 hominibus
3351 4472 3575 4539 proprie

2003 4561 2277 4614 affirmare
2311 4561 2487 4622 liceat,
2518 4574 2662 4622 eum,
2699 4559 2792 4627 qui
2819 4571 2922 4610 non
2953 4566 3057 4621 est,
3086 4567 3402 4627 generatum
3430 4567 3581 4618 esse?

2003 4649 2138 4703 Nam
2174 4649 2300 4704 Levi
2335 4650 2521 4704 multis
2549 4647 2997 4718 generationibus
3029 4658 3155 4704 ante
3185 4665 3340 4705 suam
3382 4667 3577 4707 secun-

2006 4741 2134 4794 dum
2169 4756 2390 4795 carnem
2420 4740 2758 4793 nativitatem
2787 4753 2816 4791 a
2843 4737 3238 4795 Melchisedech
3270 4741 3575 4800 decimatus

2004 4845 2087 4889 est
2115 4852 2128 4887 :
2164 4835 2237 4888 ita
2263 4834 2406 4888 enim
2432 4833 2508 4885 ait
2536 4831 2852 4901 Apostolus,
2879 4829 3004 4885 Levi
3035 4834 3127 4901 qui
3159 4832 3399 4890 decimas
3430 4837 3576 4891 acci-

2006 4926 2206 4994 piebat,
2265 4925 2591 4979 decimatum
2647 4937 2808 4978 esse:
2862 4930 2916 4976 et
2965 4923 3114 4976 addit
3172 4925 3570 4993 probationem,

2005 5017 2129 5085 quia
2163 5016 2217 5069 in
2250 5015 2450 5069 lumbis
2501 5015 2670 5084 patris
2704 5014 2787 5069 sui
2849 5020 2984 5073 erat,
3042 5015 3261 5084 quando
3298 5016 3573 5071 Abraham

2005 5108 2278 5166 sacerdoti
2305 5108 2572 5162 Altissimi
2607 5107 2850 5161 occurrit
2878 5107 2946 5161 ⁵⁸.
2987 5105 3043 5160 Si
3080 5107 3243 5178 igitur
3275 5108 3438 5162 hemo
3469 5108 3570 5160 ali-

2005 5217 2114 5272 quo
2187 5200 2350 5255 modo
2397 5199 2670 5255 exsistens
2728 5207 3054 5270 generatur,
3100 5206 3238 5253 teste
3289 5199 3571 5266 Apostolo,

2010 5301 2278 5363 quatenus
2305 5305 2398 5360 per
2431 5289 2869 5345 communionem
2901 5288 3153 5343 essentize
3184 5287 3239 5338 in
3273 5295 3570 5354 generante

2011 5384 2374 5452 praeexsistit:
2435 5381 2711 5452 quomodo
2768 5379 2837 5436 de
2884 5379 3065 5434 divina
3114 5383 3308 5429 natura
3383 5389 3571 5433 vocem

2012 5475 2152 5533 hanc
2179 5476 2427 5532 emittere
2479 5474 2682 5530 audent
2703 5515 2718 5543 ,
2761 5485 2956 5540 nempe
2985 5482 3109 5525 eum
3161 5479 3271 5521 non
3299 5466 3572 5527 exsisten-
