4068 6148
462 265 564 320 “7

1678 260 1734 315 S.
1775 260 2101 316 GllEGDRll
2155 262 2441 317 NYSSENI

3603 264 3712 322 448

464 409 573 456 tem
603 399 845 468 genitum
881 412 1020 462 esse,
1057 410 1180 450 cum
1209 396 1265 448 in
1298 394 1459 449 Patre
1503 396 1594 460 sit,
1630 405 1790 464 prout
1820 396 2043 467 ipsemet

2147 399 2314 444 νοιαν,
2343 382 2597 452 ἑκάτερος
2625 383 2681 434 ὲν
2710 381 2786 451 τῷ
2812 382 2980 451 ἑτέρῳ
3008 377 3145 433 εἶναι
3173 379 3480 449 λεγόμενος.
3521 377 3579 431 Ὀ
3613 378 3714 449 μὲν

463 489 582 542 ait:
615 486 722 555 Ego
750 488 804 539 in
838 485 1023 548 Patre,
1053 494 1105 539 et
1144 486 1306 539 Pater
1338 488 1391 540 in
1446 503 1527 540 me
1562 496 1639 540 est
1668 488 1755 539 '7?
1784 488 2039 541 nimirum

465 577 765 631 secundum
827 577 989 630 aliam
1035 586 1090 630 et
1124 578 1285 629 aliam
1339 577 1710 648 intelligentiae
1765 578 2043 632 nationem

463 670 603 723 alter
631 668 685 722 in
714 669 892 722 altero
923 683 1045 722 esse
1068 668 1291 722 dicitur.
1326 667 1499 724 Filius
1532 669 1749 739 quidem
1786 669 1838 723 in
1861 668 2041 732 Patre,

463 759 925 829 quemadmodum
962 759 1221 828 imaginis
1250 760 1604 828 pulchritudo
1631 768 1716 814 est
1742 760 1794 812 in
1828 759 2044 829 elegan-

466 851 537 906 tia
566 850 837 920 pr0totypi
871 869 883 904 :
923 858 977 901 at
1009 848 1171 903 Pater
1202 852 1255 904 in
1304 849 1442 904 Filio
1476 859 1562 905 est
1609 851 1753 905 sicut
1809 851 1862 904 in
1917 852 2045 905 ima-

463 942 588 1010 gine
625 939 793 993 decor
848 947 902 993 et
940 947 1203 992 venustas
1271 940 1445 1008 ipsius
1505 939 1815 1009 primigenii
1864 954 2045 993 exem-

466 1032 652 1101 plaris.
681 1031 738 1083 ln
782 1030 1114 1099 imaginibus
1156 1029 1487 1083 manufaetis
1529 1038 1743 1098 tempus
1797 1030 2042 1098 interpo-

465 1125 630 1177 situm
660 1123 900 1192 speciem
941 1133 1220 1191 acceptam
1257 1136 1285 1174 a
1318 1130 1606 1191 prototypo
1673 1120 1892 1189 penitus
1951 1135 2042 1175 se-

460 1213 666 1282 jungit.
708 1212 810 1267 llic
838 1227 968 1266 vero
998 1213 1226 1266 alterum
1255 1213 1322 1265 ab
1349 1213 1525 1265 altero
1555 1212 1797 1280 separari
1831 1212 2040 1280 nequit,

466 1315 528 1358 ut
550 1306 626 1356 ait
655 1304 981 1373 Apostolus,
1024 1319 1204 1372 neque
1240 1304 1552 1373 hypostasis
1607 1318 1701 1357 seu
1738 1302 2043 1357 substantia

467 1410 498 1449 a
529 1396 889 1449 charactere:
930 1410 1110 1465 neque
1152 1410 1180 1447 a
1216 1393 1399 1448 divina
1426 1394 1596 1462 gloria
1627 1394 1907 1464 splendor,
1944 1408 2042 1447 ne-

466 1501 575 1554 que
602 1501 629 1537 a
664 1485 908 1539 bonitate
956 1486 1138 1554 imago
1197 1485 1355 1539 avelli
1384 1493 1582 1555 potest,
1625 1486 1719 1541 sed
1777 1482 2044 1554 quidquid

469 1578 663 1631 horum
696 1577 883 1631 animo
913 1576 1256 1646 conceperis,
1308 1576 1672 1645 eonjunctim,
1722 1574 1868 1646 quod
1917 1589 2041 1628 cum

470 1671 564 1724 illo
596 1671 937 1738 intelligitur,
993 1676 1229 1723 mentem
1264 1684 1329 1724 ac
1376 1668 1763 1739 cogitationem
1812 1666 2037 1722 subibit.

2145 475 2272 538 Υἱὸς
2301 478 2359 529 ὲν
2398 474 2476 544 τῷ
2506 476 2696 546 Πατρί,
2726 474 2800 537 ὼς
2822 475 2882 527 τὸ
2922 474 3012 526 ἐπὶ
3038 473 3135 541 τῆς
3164 471 3370 534 εἰκόνος
3410 469 3602 534 κάλλος
3656 471 3719 524 ἐν

2142 569 2206 638 τῇ
2243 565 2532 637 ἀρχετύπῳ
2565 567 2780 635 μορφῇ·
2821 566 2849 616 6
2883 563 2939 615 δὲ
2975 562 3161 632 Πατὴρ
3194 563 3252 613 ὲν
3284 560 3362 630 τῷ
3393 559 3527 629 Υίῷ,
3555 559 3631 623 ὡς
3658 562 3719 613 ἐν

2142 660 2207 727 τῇ
2235 658 2401 711 εἰκόνι
2427 656 2619 708 ἑαυτοῦ
2648 654 2709 708 τὸ
2735 655 3084 726 πρωτότυπον
3109 653 3301 715 κάλλος
3321 669 3332 682 ·
3360 651 3473 705 ἀλλ’
3498 652 3591 703 ἐπὶ
3615 651 3723 721 μὲν

2142 749 2252 803 τῶν
2277 747 2651 819 χειροκμήτων
2709 745 2930 799 εἰκόνων
2969 746 2997 797 6
3046 742 3134 796 διὰ
3182 743 3346 812 μέσου
3390 741 3578 812 χρόνος
3617 740 3723 812 τὴν

2149 838 2579 907 μεταληφθεωαν
2619 836 2828 907 μορφὴν
2858 835 2966 888 ἀπὸ
2998 834 3089 887 τοῦ
3116 832 3470 903 πρωτοτύπου
3503 832 3725 894 πάντως

2144 931 2427 1000 διίστησιν.
2478 932 2624 982 Ἐκεῖ
2661 929 2717 981 δὲ
2746 929 2846 981 οὐκ
2880 927 2991 979 ἔστι
3038 925 3267 996 χωρίσαι
3313 922 3406 975 τοῦ
3440 923 3624 993 ἐτέρου
3657 923 3723 975 τὺ

2144 1022 2346 1094 ἕτερον,
2380 1021 2561 1085 καθώς
2602 1038 2766 1091 φησιν
2809 1022 2837 1072 6
2877 1016 3196 1079 Ἀπόστολος
3231 1032 3244 1045 ·
3298 1014 3423 1067 οὔτε
3458 1016 3553 1084 τῆς
3583 1015 3722 1066 ὑπο-

2146 1114 2388 1175 στάσεως
2424 1112 2514 1165 τὸν
2558 1110 2912 1182 χαρακτῆρα,
2957 1106 3079 1161 οὕτε
3125 1106 3223 1177 τῆς
3266 1106 3415 1168 θείας
3458 1105 3613 1175 δόξης
3661 1107 3726 1157 τὸ

2144 1206 2504 1275 ἀπαύγασμα,
2550 1203 2671 1257 οὔτε
2712 1206 2809 1272 τῆς
2854 1200 3184 1269 ἀγαθότητος
3213 1199 3308 1269 τὴν
3339 1198 3518 1250 εἰκόνα
3548 1214 3562 1228 ⁸
3604 1199 3724 1252 ἀλλ’

2144 1298 2172 1350 ὁ
2199 1298 2402 1351 τούτων
2435 1314 2488 1349 τι
2512 1294 2832 1364 διανοηθεὶς,
2867 1292 3228 1362 συνημμένως
3254 1291 3346 1343 καὶ
3378 1291 3439 1342 τὸ
3473 1289 3586 1359 μετ’
3623 1290 3729 1343 αὐ-

2142 1386 2237 1444 τοῦ
2267 1388 2552 1458 νοούμενον
2589 1390 2653 1458 τῇ
2686 1385 2890 1456 διανοίᾳ
2936 1382 3394 1453 συμπαρεδέξατο.
3442 1384 3547 1436 Ὧν
3586 1382 3725 1452 γὰρ,

2145 1480 2329 1551 φησὶν,
2350 1479 2712 1547 ἀπαύγασμα
2734 1475 2844 1544 τῆς
2881 1474 3067 1541 δόξης
3088 1491 3101 1504 ο
3129 1471 3234 1539 ὧν,
3258 1473 3381 1543 οὐχὶ
3409 1472 3721 1541 γενόμενος,

2142 1570 2218 1633 ὡς
2248 1568 2433 1638 σαφῶς
2452 1569 2540 1621 διά
2570 1568 2759 1620 τούτου
2786 1566 2847 1619 τὸ
2874 1566 2958 1636 ἐφ’
2994 1565 3230 1636 ἑκατέρᾳ
3254 1565 3363 1618 τῶν
3396 1564 3726 1634 ὑπολήψεων

2144 1660 2334 1721 ἀσεϐὲς
2366 1657 2815 1728 ἀποπέμπεσθαιο
2862 1657 2957 1708 καὶ
2991 1658 3126 1727 μήτε
3152 1656 3446 1724 ἀγέννητον
3468 1654 3729 1724 οἰηθῆναι

468 1760 573 1825 Qui
607 1775 724 1812 cum
753 1759 846 1821 sit,
879 1758 1080 1826 inquit,
1109 1756 1350 1826 splendor
1371 1757 1551 1827 gloria:
1566 1757 1612 1788 ⁵⁸
1632 1774 1650 1811 :
1676 1773 1788 1811 cum
1811 1757 1898 1820 sit,
1928 1770 2033 1808 non

2146 1745 2230 1798 τὸν
2272 1746 2549 1814 Μονογενῆ
2576 1786 2590 1811 ,
2644 1745 2730 1798 διὰ
2773 1743 2867 1796 τοῦ
2915 1746 3124 1807 εἰπεῖν,
3192 1742 3559 1812 ἀπαύγασμα
3607 1743 3728 1810 τῆς

471 1847 561 1918 qui
602 1847 773 1901 factus
810 1851 908 1898 est.
980 1845 1154 1911 Quam
1184 1849 1471 1914 perspicue
1492 1846 1613 1901 istis
1657 1845 1891 1899 duarum
1918 1844 2037 1913 Opi-

467 1939 755 1992 nationum
793 1938 1126 2005 impietatem
1161 1935 1383 1999 refellit,
1434 1947 1493 1990 ut
1526 1952 1703 2005 neque
1736 1936 2041 2006 ingenitum

466 2028 845 2082 existimemus
880 2024 1254 2097 Unigenitum,
1298 2028 1427 2095 quia
1462 2034 1624 2079 vocat
1660 2025 1808 2078 illum
1872 2024 2044 2089 splen—

466 2120 647 2173 dorem
685 2120 871 2188 gloriae
913 2135 931 2172 :
961 2133 1087 2172 nam
1127 2134 1191 2171 es
1245 2117 1416 2186 gloria
1452 2115 1711 2185 splendor
1763 2122 1846 2169 est
1870 2152 1884 2179 ,
1938 2128 2045 2167 non

471 2212 591 2265 vice
624 2226 801 2273 versa,
828 2224 856 2261 a
886 2208 1178 2278 splendore
1207 2210 1407 2277 gloria:
1441 2204 1777 2275 nequequod
1797 2206 2049 2274 aliquan-

2144 1838 2325 1902 δόξης
2356 1837 2443 1909 (ἐκ
2474 1837 2581 1909 γὰρ
2620 1837 2717 1906 τῆς
2755 1835 2909 1905 δόξης
2944 1836 3059 1888 ἐστί
3102 1835 3163 1887 τὸ
3197 1836 3533 1905 ἀπαύγασμα
3562 1852 3574 1864 ·
3627 1838 3729 1889 καὶ

2146 1932 2206 1984 οὐ
2235 1931 2297 1983 τὸ
2322 1930 2554 1999 ἔμπαλιν
2577 1930 2683 1982 ἀπὸ
2705 1928 2894 1981 τούτου
2926 1930 2957 1998 ἡ
2984 1927 3155 1997 δόξα),
3190 1930 3325 1998 μήτε
3354 1929 3434 1980 ὅτι
3471 1928 3599 1980 ποτὲ
3626 1928 3729 1981 τοῦ

2148 2020 2285 2074 εἶναι
2333 2020 2553 2092 ἤρξατο.
2594 2021 2658 2072 ’Π
2692 2019 2799 2090 γὰρ
2834 2018 2926 2071 τοῦ
2959 2018 3044 2071 ὢν
3090 2018 3360 2088 μαρτυρία
3388 2019 3450 2070 τὸ
3480 2019 3733 2087 διηνεκὲς

2150 2112 2242 2165 τοῦ
2273 2111 2425 2174 Υἱοῦ,
2460 2110 2552 2163 καὶ
2584 2110 2774 2171 ἀΐδιον,
2809 2109 2903 2161 καὶ
2942 2108 3003 2161 τὸ
3037 2109 3215 2178 πάσης
3257 2109 3513 2180 χρονικῆς
3542 2127 3731 2179 σημα-

2154 2205 2271 2266 σίας
2303 2202 2691 2273 ὑπερκείμενον
2715 2198 3027 2271 ὲρμηνεύει.

467 2304 539 2355 do
577 2302 911 2358 exsistentia:
959 2301 1174 2353 initium
1208 2298 1505 2368 acceperit.
1541 2296 1677 2351 Nam
1709 2297 1863 2363 illud,
1893 2314 2010 2351 cum
2049 2298 2141 2363 sit,
2171 2296 2589 2367 perpetuitatem
2623 2302 2676 2348 et
2712 2293 3074 2347 aeternitatem
3124 2289 3247 2345 Filii
3280 2291 3429 2346 omni
3475 2300 3734 2359 tempore

470 2397 809 2466 superiorem
834 2395 1075 2450 denotat.

547 2492 732 2561 Itaque
766 2491 1079 2560 importuna
1104 2504 1332 2559 prorsus
1358 2495 1443 2543 est
1464 2495 1519 2542 et
1550 2486 1725 2543 futilis
1767 2488 1857 2542 illa
1898 2498 2044 2555 qua:-

467 2584 573 2638 stio
607 2583 676 2636 ab
700 2582 1032 2636 adversariis
1065 2581 1131 2633 ad
1169 2580 1293 2633 lidei
1348 2579 1691 2634 eversionem
1747 2587 1802 2632 et
1839 2575 2044 2647 proprii

466 2672 674 2726 erroris
729 2663 1187 2733 stabilimentum,
1222 2678 1482 2739 tanquam
1538 2670 1803 2723 invictum
1847 2668 2040 2729 telum,

468 2760 638 2827 objici
674 2759 840 2814 solita
888 2775 902 2811 :
941 2757 1089 2811 Num
1122 2760 1212 2827 qui
1243 2762 1672 2830 est,generatur?
1702 2759 1913 2825 Quibus
1970 2759 2047 2812 in-

470 2847 682 2917 trepide
712 2847 1153 2917 respondendum
1208 2854 1323 2910 est,
1367 2864 1489 2902 eum
1544 2849 1634 2917 qui
1687 2848 1740 2900 in
1795 2845 2038 2915 ingenito

468 2949 611 3007 erat,
641 2953 708 2993 ex
739 2939 860 3008 ipso
887 2940 1128 3009 genitum
1155 2954 1298 3004 esse,
1319 2950 1371 2993 et
1394 2941 1720 3010 principium
1740 2938 2041 2995 exsistcndi

2218 2480 2380 2531 Ὥστε
2428 2477 2548 2531 τίνα
2596 2476 2788 2547 καιρὸν
2821 2475 2931 2546 εχει
2978 2477 3077 2547 τὴν
3128 2479 3474 2549 μικροπρεπῆ
3518 2479 3738 2550 ταύτην

2148 2572 2412 2643 ἐρώτησιν
2457 2570 2547 2623 ὲπί.
2578 2569 2721 2640 λύμῃ
2779 2569 2879 2638 τῆς
2907 2568 3186 2633 εὐσεϐείας
3231 2570 3381 2640 παρά
3421 2571 3527 2622 τῶν
3564 2573 3737 2624 ἐναν-

2146 2663 2275 2717 τίων
2311 2661 2712 2733 προφέρεσθαι,
2752 2660 2818 2730 ἢν
2857 2660 2933 2722 ὼς
2984 2660 3196 2730 ἄμαχον
3241 2662 3371 2730 ἡμῖν
3422 2665 3499 2725 εἰς
3551 2681 3739 2717 κατα-

2150 2754 2347 2824 σκευὴν
2377 2752 2470 2806 τοῦ
2514 2752 2714 2806 οἰκείου
2760 2752 3152 2822 προϐάλλονται
3184 2752 3481 2823 δόγματος,
3530 2754 3737 2825 διερω-

2146 2846 2370 2909 τῶντες,
2407 2847 2475 2901 Et
2512 2848 2543 2899 ό
2580 2844 2664 2897 ῶν
2691 2844 3003 2914 raw-citat;
3052 2844 3193 2916 Πρὸς
3224 2844 3318 2909 οὓς
3351 2845 3497 2897 ἔστιν
3528 2847 3735 2918 εὐθαρο

2151 2937 2258 3000 σῶς
2305 2936 2741 3006 ἀποκρίνασθαι,
2792 2937 2873 2990 ὅτι
2920 2936 2948 2987 6
2992 2938 3051 2989 έν
3095 2935 3172 3006 τῷ
3201 2938 3480 3007 ἀγεννήτῳ
3526 2937 3621 3001 ὣν,
3665 2940 3736 3004 ἐξ

470 3029 598 3083 inde
631 3029 872 3095 ducere;
905 3030 1081 3099 inquit
1115 3030 1257 3084 enim
1277 3030 1321 3061 ⁸³
1348 3048 1360 3084 :
1399 3030 1507 3100 Ego
1542 3032 1653 3084 vivo
1680 3039 1894 3099 propter
1927 3029 2039 3082 Pa-

2148 3029 2314 3082 αύτοῦ
2360 3029 2622 3099 ἐγεννήθη
2648 3075 2666 3102 ,
2728 3029 2826 3099 τὴν
2859 3029 2957 3100 μὲν
2985 3029 3160 3083 αἰτίαν
3189 3029 3284 3082 τοῦ
3342 3029 3481 3083 εἶναι
3513 3032 3727 3083 ἐκεῖθεν

470 3132 647 3175 trem:
675 3131 731 3175 at
783 3122 1023 3188 initium,
1060 3123 1277 3192 quando
1315 3122 1441 3177 inde
1500 3124 1855 3192 processerit,
1897 3122 2040 3175 haud

467 3220 552 3267 est
578 3212 785 3275 dicere,
819 3227 942 3266 cum
969 3228 1075 3266 non
1116 3214 1487 3283 interjiciatur
1518 3223 1612 3267 aut
1640 3229 1751 3279 res,
1775 3221 1869 3266 aut
1896 3212 2038 3281 cogi-

468 3303 627 3367 tatio,
662 3310 753 3356 aut
788 3305 1049 3373 temporis
1084 3305 1453 3367 intervallum,
1484 3320 1592 3373 quo
1624 3320 1749 3359 esse
1797 3303 1921 3357 Filii
1970 3303 2040 3357 ab

467 3408 592 3447 csse
635 3393 814 3448 Patris
848 3403 1169 3450 secernatur
1190 3404 1244 3450 et
1267 3396 1578 3461 divellatur,
1613 3412 1787 3464 neque
1814 3396 2045 3450 exsistat

467 3484 682 3552 signum
719 3500 811 3537 seu
854 3485 1115 3539 iudicium
1146 3486 1389 3554 aliquod,
1420 3502 1485 3540 ex
1517 3501 1625 3555 quo
1657 3485 1978 3556 Unigenitus
2014 3500 2043 3539 a

470 3575 580 3624 vita
611 3573 788 3627 Patris
812 3584 1099 3643 separatus
1135 3577 1413 3645 proprium
1437 3576 1780 3631 subsistendi
1826 3576 2043 3629 initium

468 3663 697 3733 ceperit.
731 3661 786 3716 Si
817 3664 983 3733 igitur
1011 3668 1219 3720 nullum
1249 3667 1395 3721 aliud
1419 3676 1501 3722 est
1526 3667 1873 3737 principium,
1900 3667 2044 3737 quod

473 3751 597 3805 Filii
655 3754 820 3806 vitam
880 3757 1309 3825 antegrediatur,
1346 3773 1583 3826 eumque
1620 3758 1842 3827 pietatis
1903 3761 2045 3811 ratio

471 3855 526 3897 et
554 3844 774 3898 traditio
818 3846 998 3902 solum
1052 3847 1266 3904 Patrem
1321 3850 1700 3905 indubitanter
1748 3858 1874 3904 ante
1926 3848 2046 3902 Filii

473 3935 796 4005 liypostasin
833 3941 1244 4008 praeconcipiat,
1284 3939 1447 3995 Pater
1497 3956 1627 3996 vero
1668 3940 1919 4010 principii
1950 3956 2047 3994 ex-

470 4042 597 4096 pers
628 4027 701 4086 sit
728 4034 780 4081 ct
827 4029 1120 4098 ingenitus,
1161 4031 1295 4101 ipsis
1342 4031 1673 4086 adversariis
1708 4033 1759 4086 id
1791 4032 2048 4087 conﬁtcn-

469 4117 653 4171 tibns:
693 4118 971 4186 quomodo
1030 4120 1249 4175 initium
1300 4123 1519 4177 essendi
1576 4124 1757 4187 liabet,
1793 4140 1954 4193 quem
1991 4125 2045 4178 in

470 4208 720 4276 principii
759 4220 981 4277 experte
1003 4212 1270 4266 exsistere
1307 4212 1709 4283 intelligimus?

540 4300 682 4365 Quid
718 4316 844 4355 vero
881 4301 1193 4356 detrimenti
1230 4319 1358 4359 vera
1382 4314 1437 4359 et
1471 4320 1604 4360 sana
1635 4307 1883 4361 doctrina
1922 4322 2045 4363 sus-

470 4393 684 4459 tinebit,
738 4394 783 4448 si
838 4394 966 4463 quis
1030 4395 1287 4449 admittat
1364 4412 1528 4451 voces
1579 4398 2039 4464 adversariorum,
2075 4380 2119 4434 Ῑ)

471 4501 608 4553 quas
642 4495 697 4540 ut
733 4488 1003 4542 absurdas
1056 4488 1365 4557 proferunt,
1420 4490 1840 4556 sciscitantium,
1897 4493 2043 4546 Num

468 4577 557 4644 qui
587 4586 988 4647 est,generatus
1020 4580 1087 4631 sit
1112 4584 1135 4633 ζ)
1182 4594 1358 4648 neque
1388 4581 1534 4634 enim
1587 4581 1861 4643 volumus,
1895 4597 2042 4644 eum,

470 4667 563 4733 qui
596 4670 865 4722 exsistens
906 4670 1121 4737 genitus
1153 4678 1260 4734 est,
1303 4673 1543 4741 genitum
1590 4688 1713 4727 esse
1743 4686 1808 4726 eo
1857 4674 2043 4735 modo.

470 4771 632 4823 quem
660 4758 763 4810 sibi
811 4775 997 4813 crassa
1055 4760 1291 4829 quadam
1340 4762 1669 4828 cogitatione
1714 4761 2045 4818 Nicodetnus

473 4845 704 4901 Domino
735 4850 1054 4919 colloquens
1086 4852 1513 4921 imaginabatur,
1560 4863 1714 4909 ratus
1770 4870 1916 4919 cum,
1951 4856 2040 4925 qui

467 4938 578 5007 jam
611 4945 771 4993 natus
802 4948 965 5005 esset,
1001 4958 1105 4997 non
1132 4959 1293 5012 posse
1319 4943 1498 4998 denuo
1523 4947 1674 5001 nasci
1693 4946 1760 5012 '°;
1791 4945 1887 5002 sed
1918 4947 2044 5015 quia

471 5043 692 5098 semper
724 5029 792 5082 ab
815 5044 901 5093 eo,
934 5035 1025 5101 qui
1059 5034 1329 5104 principio
1365 5046 1537 5098 caret,
1564 5053 1726 5092 suum
1758 5054 1883 5094 esse
1917 5038 2042 5093 uni-

469 5130 553 5173 ter
595 5127 782 5190 aptum
817 5130 871 5175 ct
900 5137 1206 5178 connexum
1246 5127 1427 5191 habet,
1466 5131 1671 5198 quique
1694 5129 2044 5199 priusquid-

468 5213 594 5267 dam
633 5230 728 5269 seu
761 5215 1043 5284 antiquius
1088 5217 1433 5288 indagantem
1479 5236 1692 5291 semper
1722 5222 2040 5287 comitatur,

466 5313 522 5359 ct
554 5306 930 5361 curiositatem
974 5309 1169 5364 mentis
1220 5312 1604 5367 ascendentem
1659 5313 1712 5366 in
1756 5315 2038 5383 superiora

469 5400 779 5464 antevertit,
818 5401 1077 5455 omnibus
1104 5400 1283 5457 Patris
1306 5403 1624 5459 notionibus
1658 5406 1813 5472 quasi
1858 5404 2035 5459 admi-

471 5495 612 5553 stus,
640 5507 815 5561 neque
835 5507 960 5548 esse
990 5493 1204 5564 incipit,
1237 5510 1416 5563 neque
1464 5494 1742 5564 ingenitus
1790 5505 1894 5560 est,
1944 5496 2036 5551 sed

548 5664 589 5694 ⁵⁷
615 5663 770 5721 Joan.
811 5686 862 5737 χ,
893 5670 976 5725 Η.
1057 5672 1100 5702 ⁸⁸
1142 5671 1306 5727 llcbr.
1336 5687 1374 5738 ι,
1404 5672 1456 5728 5.
1536 5674 1578 5704 ‘9
1604 5671 1760 5729 Joan.
1797 5691 1869 5742 τι,
1901 5676 1987 5731 52'.

2144 3121 2282 3191 ἔχων
2302 3139 2316 3152 ·
2365 3121 2510 3191 Ἐγὼ
2534 3119 2662 3192 γὰρ,
2694 3122 2849 3191 φησί,
2884 3119 2956 3181 ζῶ
2983 3120 3079 3174 διὰ
3109 3121 3215 3175 τὸν
3254 3122 3512 3192 Πατέρα·
3541 3124 3639 3191 τὴν
3671 3123 3719 3175 δ’

2144 3208 2317 3279 ἀρχὴν
2340 3208 2442 3261 οὐκ
2465 3208 2613 3262 ἔστιν
2642 3210 2815 3263 εἰπεῖν
2836 3224 2851 3239 ο
2894 3210 2981 3262 ὅτε
3016 3210 3089 3280 μὴ
3117 3210 3225 3282 γὰρ
3258 3211 3408 3274 ὄντος
3439 3212 3532 3264 τοῦ
3570 3230 3732 3282 μεσι-

2143 3296 2390 3359 τεύοντος
2451 3298 2811 3368 πράγματος,
2868 3298 2901 3369 ἥ
2943 3298 3337 3370 διανοήματος,
3391 3301 3423 3370 ἢ
3471 3301 3735 3371 χρονικοῦ

2143 3388 2539 3458 διαστήματος,
2587 3384 2632 3457 ᾧ
2677 3390 3044 3461 διακρίνεται,
3094 3392 3190 3444 καὶ
3232 3394 3611 3464 διαχωρίζεται
3668 3396 3739 3449 τὸ

2145 3477 2284 3533 εἰναι
2327 3482 2421 3534 τοῦ
2472 3481 2603 3534 Υἰοῢ
2656 3482 2763 3535 ἀπὸ
2807 3481 2899 3535 τοῦ
2950 3484 3162 3554 Πατρός
3196 3499 3212 3515 ο
3265 3485 3387 3537 οὐδὲ
3430 3485 3737 3540 ἐπινοεῖται

2149 3577 2393 3644 σημεῖον,
2445 3575 2536 3643 ἀφ’
2574 3568 2634 3629 οὗ
2680 3577 2709 3628 6
2750 3575 3062 3645 Μονογενὴς
3088 3576 3186 3642 τῆς
3215 3574 3309 3628 τοῦ
3344 3576 3556 3648 Πατρδς
3581 3577 3734 3648 ζωῆς

2146 3666 2482 3737 διαζευχθεὶς
2519 3665 2583 3720 ἐκ
2610 3683 2753 3729 τινος
2785 3666 3092 3738 ἰδιαζούσης
3125 3667 3305 3739 ἀρχῆς
3345 3669 3723 3736 ἀναφαίνεται.

2146 3759 2208 3811 Εἰ
2235 3756 2328 3813 οὖν
2359 3758 2582 3828 οὐδεμία
2606 3759 2752 3811 ὲστίν
2781 3758 2913 3829 ἄλλη
2947 3758 3109 3829 ἀρχὴ,
3137 3759 3258 3829 ἥτις
3297 3760 3392 3813 τοῦ
3457 3761 3588 3815 Υἱοῦ
3626 3763 3730 3832 τῆς

2147 3850 2291 3921 ζωῆς
2322 3849 2638 3921 ἡγεμονεύει
2660 3889 2675 3913 ,
2726 3849 2862 3902 ἀλλὰ
2892 3850 3048 3918 μόνον
3078 3850 3167 3903 τὸν
3196 3851 3414 3922 Πατέρα
3445 3856 3470 3906 6
3501 3853 3736 3926 εὐσεϐὴς

2147 3941 2301 4008 λόγος
2328 3941 2425 4011 τῆς
2453 3940 2799 4003 ὑποστάσεως
2830 3940 2924 3993 τοῦ
2967 3939 3098 3993 Υίοῦ
3131 3942 3435 4014 προθεωρεῖ
3466 3945 3733 3998 ἀδιαστά-

2147 4049 2273 4095 τως,
2307 4033 2334 4083 ὁ
2366 4032 2554 4102 Πατὴρ
2579 4031 2635 4083 δὲ
2670 4033 2905 4102 ἄναρχος
2936 4033 3029 4085 καὶ
3067 4032 3382 4105 ἀγέννητος,
3417 4038 3601 4102 καθὼς
3635 4042 3737 4094 καὶ

2149 4124 2182 4192 ἡ
2208 4121 2314 4173 τῶν
2347 4123 2679 4175 ὑπεναντίων
2710 4126 3058 4194 συνομολογεῖ
3088 4128 3379 4198 μαρτυρία,
3408 4130 3525 4193 πῶς
3547 4131 3734 4201 ἀρχὴν

2148 4211 2238 4262 τοῦ
2271 4206 2408 4264 εἶναι
2436 4211 2699 4281 λαμϐάνει
2730 4215 2758 4265 6
2787 4215 2864 4284 τῷ
2903 4216 3119 4287 ἀνάρχῳ
3148 4217 3615 4290 ὲνθεωρούμευος;

2220 4302 2284 4354 Τί
2309 4302 2365 4355 δὲ
2390 4303 2683 4372 βλάπτεται
2711 4306 2810 4375 τῆς
2837 4307 3114 4372 εὐσεϐείας
3139 4310 3168 4361 6
3192 4308 3348 4378 λόγος
3377 4311 3441 4361 ὲκ
3468 4309 3559 4363 τοῦ
3598 4328 3733 4364 σνν-

2148 4392 2385 4448 τίθεσθαι
2428 4399 2547 4459 ταῖς
2574 4396 2681 4449 τῶν
2716 4398 2974 4451 ἐναντίων
3001 4403 3225 4467 φωναῖς,
3258 4400 3325 4463 ἃς
3371 4402 3448 4464 ὡς
3486 4401 3735 4467 ἀτόπους

2147 4487 2516 4556 προτείνονται
2540 4487 2808 4555 λέγοντες,
2849 4491 2916 4543 Εἰ
2937 4493 2968 4543 ό
2990 4491 3069 4542 ὢν
3091 4491 3381 4560 ἐγεννήθη
3408 4508 3427 4555 ;
3456 4493 3573 4545 οὐδὲ
3614 4494 3736 4565 γὰρ

2146 4578 2302 4630 τοῦτό
2336 4595 2534 4647 φαμεν,
2566 4580 2645 4632 ὃτι
2678 4581 2818 4634 κατὰ
2861 4582 2959 4652 τὴν
2990 4583 3240 4653 ῥυπαρὰν
3281 4583 3373 4636 τοῦ
3412 4585 3735 4654 Νικοδήμου

2149 4670 2285 4739 πρὸς
2309 4669 2401 4722 τὸν
2431 4670 2632 4741 Κύριον
2668 4672 3029 4743 ὲπαπόρησιν,
3061 4674 3183 4727 καθ’
3211 4674 3277 4745 ἣν
3306 4673 3441 4745 (ueto
3476 4676 3551 4745 μὴ
3586 4673 3735 4733 εἶναι

2146 4760 2371 4815 δυνατὸν
2401 4764 2605 4826 ἐκεῖνος
2651 4766 2730 4826 εἰς
2774 4764 3034 4835 δευτέραν
3063 4765 3316 4836 γέννησιν
3351 4767 3440 4819 τὸν
3473 4767 3601 4820 ὖντα
3634 4770 3736 4821 ὲλ-

2148 4854 2280 4918 θεῖν,
2314 4854 2487 4918 οὕτως
2524 4858 2552 4908 6
2590 4856 2666 4909 ὢν
2698 4857 2794 4928 τὴν
2835 4858 3082 4930 γέννησιν
3108 4861 3354 4931 δέχεται·
3387 4861 3497 4923 ἀλλ’
3524 4864 3606 4916 ὅτι
3632 4864 3735 4917 τοῦ

2148 4946 2252 5011 ἀεὶ,
2294 4948 2388 5000 καί
2426 4948 2675 5018 ἀνάρχως
2719 4950 2869 5013 ὄντος
2903 4950 3208 5023 ἐξημμένον
3248 4953 3441 5006 ἑαυτοῦ
3479 4952 3538 5005 τὸ
3586 4951 3735 5009 εἶναι

2149 5034 2325 5105 ἔχων,
2380 5036 2475 5090 καὶ
2522 5037 2598 5108 τῷ
2649 5038 2717 5091 τὰ
2776 5040 3120 5112 πρεσϐύτερα
3186 5042 3736 5113 πολυπραγμονοῦντι

2149 5126 2441 5194 συνανιὼν,
2495 5131 2589 5183 καὶ
2637 5132 2717 5194 εἰς
2764 5132 2822 5184 τὸ
2866 5133 3256 5204 ὑπερκείμενον
3303 5135 3401 5204 τῆς
3444 5138 3733 5207 πολυπρα-

2149 5220 2424 5291 γμοσύνης
2476 5222 2566 5274 τοῦ
2610 5223 2703 5276 νοῦ
2752 5224 3175 5295 προλαμϐάνων,
3229 5227 3323 5281 καὶ
3374 5230 3572 5292 πάσαις
3605 5234 3735 5294 ταῖς

2151 5313 2279 5382 περὶ
2316 5314 2413 5366 τοῦ
2448 5315 2661 5384 Πατρός
2698 5317 2926 5380 ἐννοίαις
2963 5320 3423 5393 συγκεκραμένος.
3464 5321 3587 5374 οὔτε
3631 5323 3737 5377 τοῦ

2147 5402 2284 5458 εἶναι
2324 5407 2569 5475 ἄρχεται,
2601 5406 2721 5460 οὔτε
2748 5408 3037 5479 ἀγέννητὸς
3076 5413 3241 5477 ἐστιν,
3280 5412 3413 5465 ἀλλὰ
3452 5414 3543 5467 καὶ
3569 5416 3734 5482 ἐγεν-

2147 5496 2312 5567 νήθη,
2360 5500 2450 5551 καὶ
2479 5493 2546 5566 ἦν
2580 5514 2596 5531 ο
2646 5498 2724 5571 τῷ
2756 5502 2853 5572 μὲν
2881 5503 2978 5573 τῆς
3018 5504 3196 5568 αἰτίας
3221 5504 3361 5574 λόγῳ
3393 5504 3490 5574 τὴν
3521 5506 3586 5558 ἐκ
3631 5505 3736 5559 τοῦ

2069 5677 2109 5703 πθ
2151 5674 2308 5732 Joan.
2337 5690 2419 5744 ιιι,
2453 5674 2487 5728 2
2516 5692 2633 5746 sqq.
