4068 6148
250 333 344 390 ιιθ

1408 316 1680 375 CONTRA
1710 309 2100 376 EUNOMIUM,
2136 309 2265 364 LIB.
2307 309 2348 365 1.

3413 299 3517 360 450

250 449 458 524 ηατρὸς
482 449 734 519 γέννησιν
758 443 1033 517 ὁμολογῶν
1051 459 1064 473 ’
1096 441 1172 513 τῷ
1193 442 1248 496 δέ
1281 440 1434 512 ἀϊδίῳ
1456 439 1556 511 τῆς
1584 437 1748 508 ζωῆς,
1768 435 1830 524 τὸ
1858 486 1859 490 η

1965 439 1985 485 t
2015 434 2234 504 genitus
2262 440 2370 494 est,
2405 439 2459 486 et
2490 437 2633 495 erat,
2660 427 2917 501 principii
2972 427 3185 482 ratione
3207 426 3517 496 generatio-

252 543 381 600 ποτὲ
409 543 488 615 μή
520 539 659 594 εἶναι
687 540 748 592 οὑ
786 538 1164 608 προσιέμενος.

329 714 468 767 Ἀλλ’
496 711 796 765 ἀντιϐαίνει
825 711 937 772 τοῖς
972 706 1302 781 εἰρημένοις,
1334 707 1362 760 6
1388 705 1457 759 τά
1487 704 1720 780 περισσά
1750 718 1839 756 σο·

255 805 560 876 φιςὸμενιος.
604 805 698 854 καὶ
725 800 988 870 διασχίζει
1013 801 1110 869 τῆς
1139 797 1231 851 τοῦ
1264 798 1473 868 Πατρὸς
1503 795 1714 864 φύσεως
1743 793 1836 846 τοῦ

270 893 606 964 Μονογενοῦς
637 891 735 963 τὴν
759 892 944 944 οὐσίαν
966 909 979 922 ο
1013 890 1144 943 διότι
1181 891 1208 942 6
1239 889 1336 960 μὲν
1363 888 1702 957 γεγέννηται,
1735 886 1762 938 6
1784 886 1840 939 δὲ

263 987 554 1058 ἀγέννητός
573 987 708 1048 ἐστι,
733 984 828 1037 καὶ
850 983 1114 1037 τοσούτων
1135 983 1300 1034 ὄντων
1315 980 1422 1034 τῶν
1439 981 1716 1052 ὀνομάτων
1731 978 1840 1032 τῶν

259 1079 496 1142 εὐσεϐῶς
525 1075 1047 1149 περιθεωρουμένων
1076 1077 1140 1145 τῇ
1180 1075 1300 1143 θείᾳ
1336 1073 1516 1142 φύσει,
1549 1075 1606 1126 ἐν
1638 1067 1718 1136 οἷς
1747 1072 1840 1124 οὑ-

258 1173 413 1243 δεμία
448 1167 775 1239 παραλλαγὴ
811 1168 946 1237 πρὸς
975 1168 1064 1220 τὸν
1095 1167 1220 1219 Υίὸν
1253 1164 1550 1234 καθορᾶται
1577 1182 1590 1195 ·
1627 1164 1842 1217 πάντων

259 1266 312 1318 δέ
345 1263 490 1318 κατά
535 1263 596 1316 τὸ
643 1258 762 1315 ῐσον
808 1259 1137 1330 ἀμφοτέροις
1183 1257 1598 1329 ἐφαρμοζόντων
1631 1255 1842 1317 οὐδενὸς

260 1357 366 1409 τῶν
399 1355 573 1410 ἄλλων
604 1353 962 1424 ἐπιμνησθεὶς
992 1353 1058 1406 δι’
1092 1347 1167 1406 ὧν
1191 1353 1252 1405 τὸ
1283 1350 1462 1405 κοινὸν
1497 1348 1841 1420 γνωρίζεται,

267 1448 412 1518 μόνῳ
449 1446 525 1517 τῷ
567 1446 786 1516 ὀνόματι
822 1446 921 1515 τῆς
961 1445 1286 1514 ἀγεννησίας
1321 1442 1657 1514 προσφύεται
1686 1457 1700 1471 ’
1750 1441 1846 1494 καλ⁵

263 1541 380 1593 οὑδέ
411 1539 612 1606 ταύτης
639 1539 736 1609 τὴν
775 1537 982 1608 συνήθη
1052 1537 1147 1590 καὶ
1177 1535 1571 1605 νενομισμένην
1608 1533 1845 1603 ἔμφασιν

263 1632 474 1702 δέχεται
493 1648 506 1661 ο
540 1629 677 1684 ἀλλὰ
702 1630 1015 1698 καινοτομεῖ
1041 1627 1134 1680 τοῦ
1156 1629 1452 1698 άγεννήτου
1478 1627 1576 1698 τὴν
1599 1627 1807 1680 ἔννοιαν
1827 1643 1840 1656 ·

264 1725 358 1786 τὰς
392 1721 581 1784 κοινάς
618 1723 743 1791 περὶ
775 1721 874 1790 τῆς
907 1721 1088 1790 φωνῆς
1121 1720 1320 1789 ταύτης
1346 1720 1640 1791 ὑπολήψεις
1667 1737 1836 1789 παρα-

264 1815 628 1886 γραφόμενος.
691 1814 756 1866 Τί
800 1815 917 1866 ποτ’
966 1809 1058 1866 οὖν
1103 1815 1218 1865 ἐστι
1274 1813 1476 1866 τούτων
1527 1811 1588 1864 τὸ
1633 1811 1844 1873 dimov;

265 1909 392 1961 Ούδὲ
415 1909 521 1979 γὰρ
547 1907 676 1960 ἄνευ
706 1905 948 1976 μεγάλης
969 1905 1113 1968 τινὸς
1132 1905 1310 1969 αἰτίας
1341 1905 1437 1975 τῆς
1461 1905 1558 1974 μὲν
1586 1903 1849 1973 συνήθους

263 1999 368 2053 τῶν
394 1998 673 2067 ὀνομάτων
699 1997 990 2066 ἐμφάσεως
1017 1997 1113 2049 τὸν
1157 1997 1310 2065 λόγον
1336 1995 1616 2064 ἀφίστησι,
1654 1993 1851 2060 ξενίζει

265 2090 316 2142 δὲ
349 2092 416 2159 τῇ
454 2087 780 2160 παραλλαγῇ
825 2087 925 2157 τῆς
963 2087 1072 2141 τῶν
1116 2086 1308 2154 φωνῶν
1350 2085 1645 2156 σημασίας.
1697 2080 1851 2138 υἷδεν

266 2181 506 2252 ἀκριϐῶς
540 2180 623 2234 ὅτι
652 2180 702 2232 εἰ
735 2179 835 2250 μὲν
866 2179 956 2232 ἐπὶ⁴
980 2179 1076 2248 τῆς
1109 2177 1392 2248 συνηθείας
1421 2175 1715 2246 φυλαχθείη
1742 2174 1851 2226 τῶν

266 2272 544 2342 ὀνομάτων
585 2273 620 2342 ἡ
667 2271 897 2342 χρῆσις,
941 2269 1196 2340 οὐδεμίαν
1249 2269 1400 2339 ἱσχὺν
1444 2268 1667 2338 εὑρήσει
1717 2265 1853 2337 πρὸς

268 2365 580 2435 ἀνατροπὴν
642 2363 738 2417 τοῦ
805 2361 1138 2430 ὑγιαίνοντος
1181 2361 1466 2432 δόγματος.
1529 2361 1590 2413 Ei
1645 2359 1701 2411 δὲ
1743 2357 1853 2411 τῶν

271 2456 460 2509 πινῶν
492 2455 588 2510 καὶ
615 2455 1017 2525 νενομισμένων
1041 2453 1416 2524 διανοημάτων
1455 2448 1854 2522 παρακινηθείη

274 2547 339 2599 16
368 2548 609 2618 ῥήματα,
632 2549 700 2617 τῇ
749 2546 879 2616 περὶ
905 2547 1002 2618 τὴν
1051 2547 1233 2615 φωνὴν
1275 2542 1608 2616 κακοτροπίᾳ
1657 2540 1855 2612 ῥᾳδίως

273 2638 527 2692 δύνασθαι
584 2638 1090 2706 συγκακουργήσειν
1148 2635 1219 2688 τά
1272 2635 1532 2706 δόγματα.
1597 2627 1743 2686 Οἶον·
1770 2631 1856 2684 ἐπ’

275 2731 454 2783 αὐτῶν
487 2729 594 2800 γὰρ
627 2729 866 2799 ἐλθωμεν
906 2727 1012 2782 τῶν
1057 2726 1429 2797 ἀδικουμένων
1461 2725 1720 2796 ῥημάτων
1749 2737 1762 2751 '
1809 2723 1858 2775 εἰ

282 2821 427 2874 κατὰ
455 2822 551 2890 τὴν
592 2821 768 2892 κοινὴν
803 2821 912 2874 τῶν
955 2821 1243 2890 δογμάτων
1272 2818 1538 2888 ὑπόληψιν
1569 2816 1655 2869 διὰ
1693 2816 1752 2868 τὸ
1784 2815 1859 2885 μὴ

288 2910 644 2978 γεγεννῆσθαι
694 2911 975 2981 ἀγέννητον
1023 2909 1277 2980 λέγεσθαι
1323 2911 1413 2963 τὸν
1459 2908 1590 2960 Θεὸν
1636 2907 1859 2961 κατεδέ-

285 3002 434 3066 ξατο,
475 3001 720 3055 διέπεσεν
748 3002 810 3058 ἂν
843 3005 962 3058 ὅλον
1003 3005 1184 3066 αὐτοῖς
1224 3003 1282 3055 τὸ
1319 3001 1618 3072 μηχάνημα
1647 3000 1746 3070 τῆς
1774 3001 1860 3052 αἱ·-

1940 503 2061 577 nem
2092 538 2246 578 suam
2263 538 2328 578 ex
2343 520 2507 576 Patre
2537 518 2918 580 manifestans,
2951 517 3258 572 aeternitate
3282 515 3515 579 vitm.il-
3557 503 3562 510 ’

1941 614 2028 668 Iud
2054 657 2066 679 ,
2118 614 2261 685 quod
2301 611 2601 684 aliquando
2627 626 2737 666 non
2768 609 2951 677 fuerit,
2985 625 3014 663 a
3042 624 3101 664 se
3132 608 3481 679 propulsans.

2010 706 2283 762 Caeterum
2317 706 2596 777 praedictis
2620 704 2890 774 obstrepit
2919 702 3148 764 seiolus,
3190 711 3520 769 supervaca-

1942 814 2041 853 nea
2070 799 2320 859 edoctus,
2346 805 2402 853 et
2433 813 2461 850 a
2490 796 2671 851 Patris
2699 805 2895 850 natura
2914 793 3192 864 Unigeniti
3223 790 3518 847 essentiam

1881 944 1886 950 .
1944 903 2179 958 resecat,
2213 907 2277 946 eo
2307 892 2453 961 quod
2487 893 2590 948 iste
2627 891 2845 961 genitus
2874 888 2968 952 sit,
3001 888 3139 941 alter
3174 901 3323 950 vero,
3379 885 3521 953 inge-

1942 985 2117 1047 nitus,
2158 999 2395 1054 cumque
2417 991 2497 1038 tot
2525 984 2638 1038 sint
2667 983 2912 1045 nomina,
2943 995 3064 1052 qua:
3097 980 3166 1034 de
3196 986 3393 1033 natura
3429 977 3521 1030 di-

1943 1078 2068 1133 vina
2105 1079 2191 1147 pie
2212 1077 2596 1140 ennntiantur.
2628 1075 2681 1128 in
2709 1075 2910 1146 quibus
2937 1074 3084 1128 nulla
3106 1071 3408 1126 diﬂerentia
3434 1068 3520 1123 vel

1944 1173 2182 1225 variatio
2214 1170 2280 1224 ad
2307 1169 2504 1225 Filium
2529 1178 2771 1240 apparet,
2793 1168 3050 1222 omnibus
3085 1166 3214 1226 illis,
3247 1179 3366 1234 qua:
3391 1162 3522 1218 utri-

1947 1280 2054 1334 que
2085 1263 2372 1332 martialiter
2407 1262 2763 1326 conveniunt,
2819 1260 3064 1330 (quibus
3115 1259 3278 1312 etiam
3315 1263 3524 1310 natura:

1946 1358 2262 1412 communio
2295 1355 2644 1424 notificatur)
2673 1352 3078 1424 praetermissis.
3125 1350 3226 1404 soli
3285 1347 3526 1401 innasci-

1948 1451 2178 1505 bilitatis
2214 1465 2308 1503 seu
2341 1449 2570 1519 ingeniti
2622 1446 2890 1502 vocabulo
2926 1443 3248 1498 adhaerescit
3278 1460 3292 1496 :
3339 1449 3392 1495 et
3426 1455 3524 1494 ue-

1947 1558 2054 1612 que
2093 1543 2257 1611 hujus
2286 1552 2627 1608 consuetam,
2675 1539 3033 1608 omniumque
3078 1538 3290 1592 calculo
3328 1535 3528 1606 proba-

1949 1643 2058 1688 tam
2097 1634 2551 1704 significationem
2592 1632 2825 1702 recipit:
2865 1630 2962 1686 sed
2993 1630 3215 1700 ingeniti
3245 1628 3526 1683 notionem

1952 1732 2148 1788 novat,
2184 1724 2485 1794 repudiatis
2506 1722 2889 1777 communibus
2925 1719 3088 1788 hujus
3132 1719 3284 1772 vocis
3315 1715 3529 1788 signifi-

1950 1817 2282 1872 cationibus.
2319 1816 2452 1882 Quae
2485 1817 2681 1870 horum
2722 1815 2965 1868 omnium
2997 1812 3210 1868 causa?
3248 1826 3354 1865 non
3379 1809 3526 1864 enim

1952 1909 2072 1963 sine
2101 1917 2332 1980 urgente
2377 1910 2591 1964 ratione
2631 1909 2699 1962 ab
2735 1909 2937 1964 usitata
2993 1905 3384 1960 vocabulorum
3431 1917 3530 1957 no-

1951 2000 2102 2054 tione
2132 1999 2446 2059 orationem
2485 1998 2784 2063 abducens,
2835 1996 3275 2068 peregrinitatem
3331 2009 3528 2048 vocum

1953 2099 2217 2146 sectatur.
2236 2089 2414 2144 Probe
2439 2099 2684 2154 noverat,
2709 2089 2754 2143 si
2781 2097 3105 2144 consuetum
3137 2087 3528 2141 vocabulorum

1956 2198 2114 2238 usum
2145 2183 2428 2246 retineret,
2463 2197 2522 2236 se
2552 2183 2762 2235 nullum
2796 2181 2863 2234 ad
2893 2195 3034 2235 vene
3080 2179 3346 2234 doctrinm
3369 2192 3528 2232 ever-

1956 2274 2166 2326 sionem
2209 2271 2415 2326 aditum
2472 2279 2840 2342 reperturum.
2892 2270 2948 2327 Si
2991 2287 3117 2326 vero
3144 2287 3174 2325 a
3219 2270 3528 2326 communi-

1956 2363 2059 2418 bus
2094 2371 2149 2417 et
2179 2365 2380 2432 passim
2407 2363 2727 2432 approbatis
2759 2362 3076 2417 notionibus
3117 2357 3282 2416 voces
3314 2360 3532 2414 abstra-

1955 2454 2130 2514 heret,
2168 2454 2534 2524 perversitate
2575 2454 2748 2516 vocis,
2809 2452 2971 2509 facile
3007 2457 3170 2508 etiam
3224 2455 3398 2522 ipsam
3432 2452 3532 2505 d0-

1956 2547 2193 2601 ctrinam
2231 2546 2467 2616 perverti
2500 2560 2683 2616 posse.
2717 2545 2961 2616 Exempli
3013 2547 3188 2617 gratia
3245 2546 3354 2615 (ad
3417 2545 3536 2614 ipsa

1957 2642 2101 2696 enim
2143 2641 2440 2711 depravata
2477 2641 2741 2695 vocabula
2796 2640 3194 2708 accedemus),
3221 2639 3265 2693 si
3291 2655 3354 2694 ex
3387 2654 3538 2693 com-

1959 2733 2111 2786 muni
2147 2734 2393 2786 omnium
2447 2735 2719 2788 sententia
2769 2733 2935 2788 Deum
2998 2735 3325 2804 ingenitum,
3389 2733 3536 2801 quod

1960 2824 2177 2894 genitus
2208 2840 2317 2878 non
2352 2825 2442 2884 sit,
2481 2826 2744 2896 appellari
2773 2825 3091 2881 decuisset:
3133 2827 3321 2895 utique
3367 2825 3540 2880 haere-

1965 2918 2083 2971 tieae
2136 2925 2431 2972 structurae
2491 2919 2743 2972 machina
2796 2919 3118 2984 corruisset,
3177 2919 3394 2974 sublata
3451 2907 3548 2984 ea,

1964 3022 2127 3077 quam
2160 3024 2222 3062 ex
2257 3009 2680 3063 innascibilitate
2706 3009 2862 3070 texit,
2899 3009 3284 3076 cavillatione;
3310 3011 3354 3065 si
3392 3009 3538 3063 enim

280 3091 519 3160 ρέσεως,
569 3093 1006 3156 ύποσπασθὲντος
1045 3093 1137 3146 τοῦ
1173 3093 1315 3146 κατά
1353 3091 1466 3160 τὴν
1493 3091 1859 3160 ἁγεννησίαν

1965 3099 2310 3164 credidisset,
2340 3116 2404 3154 ex
2441 3103 2539 3154 hac
2565 3103 2958 3155 consecutioue
3004 3103 3308 3155 secundum
3344 3101 3542 3156 simili-

279 3183 630 3254 σοφίσματος.
664 3185 726 3237 Εἰ
758 3184 866 3256 γὰρ
892 3185 1118 3255 ἐπείσθη
1145 3185 1232 3238 διὰ
1259 3185 1355 3255 τῆς
1381 3183 1700 3246 ἀκολουθίας
1726 3183 1860 3236 ταύ-

275 3292 373 3344 της
402 3276 527 3330 καθ’
555 3276 871 3347 ὁμοιότητα,
907 3277 1122 3330 πάντων
1149 3277 1354 3347 σχεδὸν,
1384 3277 1491 3329 τῶν
1520 3277 1601 3340 εἰς
1635 3277 1861 3344 Ἐκκλη-

278 3369 398 3423 σίαν
420 3368 558 3422 Θεοῦ
598 3368 1009 3431 συντελούντων,
1034 3368 1220 3440 ὥσπερ
1253 3369 1500 3439 ἀόρατον,
1534 3369 1627 3420 καὶ
1650 3367 1858 3437 ἀπαθῆ,

279 3463 370 3515 καὶ
401 3461 722 3532 ἀσώματον,
764 3460 905 3513 οὕτω
931 3461 1024 3514 καὶ
1059 3460 1351 3530 ἀγέννητον
1383 3459 1618 3513 νοεῖσθαι
1653 3459 1745 3512 τὸν
1772 3460 1863 3513 ἐπὶ⁸

278 3554 498 3608 πάντων
532 3553 686 3615 Θεὸν,
715 3552 782 3606 δι’
811 3553 1054 3608 ἑκάστων
1073 3551 1182 3605 τῶν
1206 3552 1482 3622 ὀνομάτων
1507 3551 1567 3604 τὸ
1599 3550 1865 3621 μηδαμῶς

275 3646 481 3717 προσὸν
507 3645 585 3716 τῷ
609 3645 727 3715 Θεῷ
750 3643 1106 3716 σημαίνεσθαι
1130 3644 1529 3716 συντιθέμενος,
1557 3645 1630 3715 μὴ
1681 3643 1862 3714 σῶμα,

279 3737 355 3809 μὴ
388 3735 588 3800 πάθος,
620 3736 694 3807 μὴ
727 3735 944 3808 χρῶμα,
987 3737 1058 3808 μὴ
1082 3737 1141 3790 τὸ
1176 3736 1234 3804 ἐξ
1266 3737 1441 3799 αἰτίας
1463 3734 1604 3806 ἔχειν
1625 3736 1685 3788 τὸ
1707 3732 1860 3788 εἶναι.

281 3829 340 3882 El
367 3829 549 3883 ταῦτα
593 3828 766 3892 οὕτως
806 3829 947 3899 ἔχειν
977 3828 1262 3892 ὑπέλαϐεν,
1306 3829 1562 3898 ούδεμίαν
1607 3827 1763 3896 ἔσχεν
1800 3827 1867 3881 ἂν

279 3921 514 3994 δύναμιν
562 3923 592 3974 ὀ
633 3923 730 3992 τῆς
774 3921 1157 3993 ἀνομοιότητος
1189 3921 1345 3989 λόγος
1386 3920 1564 3974 αὐτῶν
1597 3937 1610 3950 ·
1659 3921 1718 3972 ἐν
1757 3921 1868 3981 τοῖς

278 4013 494 4076 λοιποῖς
526 4014 714 4079 πᾶσιν,
740 4013 841 4067 ὅσα
883 4013 1010 4086 περὶ
1044 4015 1134 4066 τὸν
1176 4014 1283 4067 τῶν
1319 4013 1456 4066 ὅλων
1483 4011 1614 4064 Θεὸν
1635 4001 1868 4082 ’θεωρεῖ-

279 4124 397 4170 ται,
434 4105 863 4177 συγχωρούντων
890 4107 984 4160 καὶ
1016 4104 1123 4160 τῶν
1151 4106 1409 4161 ἐναντίων
1449 4104 1528 4176 τῷ
1575 4105 1871 4174 Μονογενεῖ

279 4201 424 4270 πρὸς
453 4198 547 4254 τὸν
584 4198 804 4270 Πατέρα
831 4199 892 4253 τὸ
916 4199 1123 4270 ὅμοιον.

360 4291 511 4345 Ἀλλ’
537 4291 626 4344 ἵνα
660 4291 735 4361 μὴ
765 4290 924 4343 τοῦτο
958 4290 1205 4360 γένηται,
1247 4289 1466 4342 πάντων
1493 4289 1602 4342 τῶν
1627 4288 1755 4359 περὶ
1778 4287 1870 4340 τὸν

281 4383 415 4440 Θεὸν
451 4381 758 4452 ὀνομάτων,
785 4381 891 4435 τῶν
923 4379 1272 4433 ἐνδεικτικῶν
1311 4379 1454 4446 λέγω
1484 4380 1584 4450 τῆς
1612 4381 1868 4449 ὑπερκει-

1967 3192 2210 3245 tudinem
2241 3191 2412 3251 ferme
2441 3194 2712 3255 omnium,
2743 3207 2865 3263 quae
2897 3191 3142 3249 Ecclesia
3171 3194 3258 3248 Dei
3289 3205 3545 3263 usurpat,

1965 3283 2426 3354 quemadmodum
2465 3284 2762 3346 invisibile,
2799 3283 3135 3354 impassibile
3189 3292 3242 3338 et
3281 3284 3543 3354 incorpo-

1963 3391 2138 3439 reum,
2178 3376 2257 3430 sic
2291 3385 2343 3429 et
2385 3377 2680 3446 ingenitum
2724 3376 2829 3429 Deo
2869 3377 3248 3432 universorum
3291 3379 3542 3444 attribui,

1963 3468 2438 3536 concessissetquc
2467 3467 2710 3537 quolibet
2763 3466 2956 3520 horum
2995 3467 3280 3522 nominum
3329 3469 3544 3538 signiti-

1965 3558 2077 3612 cari
2114 3557 2164 3610 id
2207 3556 2354 3626 quod
2389 3555 2499 3611 Deo
2530 3571 2638 3610 non
2669 3557 2833 3620 inest,
2883 3556 3011 3627 quia
3049 3572 3148 3611 nec
3179 3573 3403 3627 corpus,
3439 3574 3542 3613 nec

1966 3651 2303 3722 passionem,
2334 3663 2437 3704 nec
2487 3650 2746 3712 colorem,
2791 3664 2892 3703 nec
2925 3647 3146 3704 aliunde
3172 3663 3395 3705 causam
3456 3665 3545 3706 es-

1967 3748 2121 3802 sendi
2151 3746 2312 3800 habet
2362 3765 2375 3800 :
2418 3744 2486 3810 si,
2528 3745 2776 3813 inquam,
2811 3759 2922 3798 rem
2949 3744 3036 3797 hic
3070 3744 3145 3798 ita
3182 3761 3302 3802 sese
3346 3746 3553 3804 habere

1967 3838 2362 3901 existimasset,
2400 3837 2546 3890 nulla
2578 3837 2626 3890 ei
2664 3835 2732 3890 ad
2768 3835 3159 3905 inaequalitatis
3220 3837 3421 3909 dogma
3457 3843 3548 3894 ar-

1968 3928 2374 3984 chitectandum
2427 3930 2647 3981 occasio
2697 3927 2908 3998 reliqua
2975 3926 3193 3993 fuisset,
3255 3945 3378 3985 cum
3441 3931 3549 4000 ipsi

1968 4022 2130 4075 etiam
2191 4020 2488 4074 adversarii
2543 4019 2844 4084 fateantur,
2903 4020 2960 4074 in
3011 4021 3236 4092 reliquis
3287 4022 3550 4078 omnibus

1971 4110 2323 4184 Unigenitum
2347 4109 2493 4166 Patri
2523 4112 2786 4183 aequalem
2815 4127 2959 4166 esse.

2041 4285 2312 4341 Caeterum
2342 4302 2409 4339 ne
2434 4285 2535 4339 hoc
2563 4286 2866 4354 coritingat,
2897 4301 2961 4340 ex
2991 4284 3247 4341 omnibus
3307 4287 3550 4342 nomini-

1970 4378 2095 4441 bus,
2132 4392 2252 4447 quae
2305 4378 2543 4431 divinam
2588 4386 2642 4432 et
2696 4377 2983 4432 sublimem
3031 4377 3180 4430 illam
3243 4379 3546 4448 potentiam

286 4477 462 4545 μένης
515 4474 836 4543 δυνάμεως,
892 4471 1178 4546 προτίθησι
1224 4471 1285 4525 τὸ
1324 4472 1422 4542 τῆς
1501 4472 1859 4540 ἀγεννησίας

1974 4472 2274 4533 declarant,
2306 4470 2468 4540 elegit
2508 4471 2611 4523 sibi
2639 4470 3076 4524 innascibilitatis
3109 4471 3456 4535 vocabulum,
3493 4479 3548 4526 et

280 4567 461 4638 ὀνομα
492 4582 508 4595 ·
552 4566 646 4618 καὶ¹
673 4564 831 4618 τοῦτο
857 4564 1152 4634 πεποίηται
1187 4561 1285 4631 τῆς
1319 4561 1458 4614 κατά
1488 4561 1582 4614 τοῦ
1603 4562 1870 4632 δόγματος

282 4658 447 4729 ἡμῶν
489 4656 842 4727 καταδρομῆς
877 4656 1246 4729 ὁρμητήριον,
1294 4654 1391 4724 τὴν
1435 4652 1528 4706 τοῦ
1574 4653 1871 4724 γεννητοῦ

286 4749 428 4818 πρὸς
451 4747 516 4800 τὸ
578 4747 916 4816 ἀγέννητον
953 4744 1091 4799 κατὰ
1126 4745 1222 4816 τὴν
1258 4742 1535 4814 προφορὰν
1562 4741 1873 4796 ἐναντίωσιν

285 4841 384 4893 ἐπὶ
406 4840 477 4894 16
520 4839 789 4909 πρόσωπα
825 4837 1146 4908 μεταφέρων
1179 4831 1260 4900 οἷς
1291 4835 1633 4906 ἐφήρμοσται
1659 4835 1724 4888 τὰ
1753 4834 1873 4888 ὀνό-

289 4947 473 5002 ματα·
514 4932 606 4984 καὶ
633 4929 722 4983 διά
752 4929 957 4983 τούτων
988 4929 1085 4999 τὴν
1115 4926 1408 4998 ἑτερότητα
1433 4927 1540 4980 τῶν
1573 4926 1768 4980 οὐσιῶν
1796 4925 1875 4996 τῷ

286 5021 738 5093 παρηλλαγμένῳ
763 5019 871 5073 τῶν
899 5019 1178 5090 ὀνομάτων
1206 5017 1482 5086 σοφίζεται
1507 5033 1520 5047 °
1554 5019 1656 5071 οὐκ
1689 5017 1876 5090 ἐπειδὴ

287 5113 618 5183 γεγέννηται
663 5112 941 5183 γεννητὸν,
989 5112 1096 5165 οὐδ’
1139 5112 1221 5166 ὅτι
1274 5108 1347 5181 μὴ
1401 5110 1675 5180 γεννηθείς
1705 5111 1873 5174 ἐστιν,

284 5205 591 5276 ἀγέννητον
615 5203 870 5272 λέγεσθαι
900 5202 1282 5274 συντιθέμενος
1313 5221 1328 5237 ο
1376 5203 1513 5259 ἀλλὰ
1543 5203 1632 5257 τὸν
1664 5204 1781 5273 μὲν,
1812 5203 1878 5256 ἐκ

285 5299 394 5369 τῆς
421 5299 730 5367 γεννήσεως
790 5295 1118 5355 οὐσιῶσθαι
1155 5296 1336 5365 λέγειν
1376 5313 1390 5328 ο
1433 5297 1532 5350 οὐκ
1569 5291 1686 5349 οἶδα
1719 5293 1877 5358 ποίας

285 5388 460 5444 αὑτὸν
495 5388 686 5458 σοφίας
731 5387 824 5442 ἐπὶ
858 5386 958 5458 τὴν
992 5387 1242 5459 τοιαύτην
1272 5385 1484 5441 σύνεσιν
1513 5384 1880 5457 χειραγωγού-

291 5497 420 5550 σης.
466 5481 529 5534 Εἰ
583 5481 692 5553 γάρ
723 5497 806 5544 τις
847 5479 1016 5544 αὑτὰς
1059 5481 1143 5550 ἐφ’
1176 5479 1382 5534 ἑαυτῶν
1426 5476 1729 5548 καταμάθοι
1770 5477 1878 5532 τῶν

289 5571 580 5642 ὀνομάτων
604 5574 705 5635 τὰς
730 5573 1015 5643 ἐμφάσεις,
1031 5571 1238 5644 ὑφελὼν
1261 5571 1335 5642 τῷ
1355 5570 1494 5644 λόγῳ
1524 5571 1591 5626 16
1613 5572 1878 5643 πρόσωπα

293 5663 384 5731 ἐφ’
432 5657 505 5718 ὧν
546 5663 812 5734 τετάχθαι
843 5664 989 5719 δοκεῖ
1020 5665 1088 5718 16
1133 5664 1391 5734 ὀνόματα,
1434 5664 1652 5734 εὑρήσει
1682 5663 1742 5717 τὸ
1777 5664 1875 5734 μά-

294 5768 452 5808 ταιον
477 5757 574 5828 τῆς
609 5754 850 5820 διανοίας
893 5756 998 5811 τῶν
1027 5756 1156 5828 παρ’
1204 5753 1369 5810 αὑτοῦ
1408 5753 1730 5825 λεγομένων.
1786 5757 1878 5828 Μὴ

1975 4563 2078 4617 hoc
2112 4578 2212 4632 pro
2252 4577 2376 4617 arce
2405 4570 2458 4616 et
2488 4563 2899 4633 propugnaculo
2925 4603 2939 4626 ,
2990 4562 3131 4617 unde
3162 4564 3214 4617 in
3240 4563 3547 4617 doctrinam
3608 4634 3613 4639 ι

1975 4670 2165 4709 sanam
2194 4655 2387 4720 irruat,
2409 4656 2716 4719 constituit,
2742 4656 3074 4709 contrariam
3107 4657 3398 4720 rationem,
3426 4671 3576 4727 quae-

1975 4756 2058 4802 est
2095 4748 2147 4801 in
2183 4749 2407 4803 vocibus
2437 4748 2599 4818 geniti
2635 4757 2686 4802 et
2711 4749 2955 4818 ingenili,
2989 4749 3054 4802 ad
3092 4750 3237 4818 ipsas
3262 4764 3546 4820 personas,

1975 4839 2176 4907 quibus
2208 4840 2428 4893 nomina
2454 4840 2810 4904 conveniunt,
2845 4842 3204 4906 transferens,
3235 4852 3288 4896 et
3321 4852 3550 4900 natura-

1977 4946 2098 4984 rum
2141 4930 2514 4986 diversitatem
2544 4945 2608 4984 ex
2638 4932 2921 4986 nominum
2958 4932 3276 4991 diversitate
3312 4937 3548 4991 commi-

1978 5022 2217 5076 nisccns.
2258 5020 2347 5074 Ait
2379 5021 2546 5086 enim,
2583 5021 2691 5077 flon
2731 5023 2835 5077 dici
2869 5027 3132 5095 genitum,
3156 5027 3281 5097 quia
3331 5029 3549 5100 genitus

1979 5114 2069 5174 sit,
2101 5128 2199 5166 nec
2226 5112 2552 5180 ingenitum,
2592 5111 2718 5182 quia
2749 5115 2966 5183 genitus
2999 5132 3106 5170 non
3135 5119 3243 5173 sit:
3281 5117 3375 5172 sed
3411 5117 3548 5170 alte-

1978 5220 2098 5258 rum
2129 5220 2193 5260 ex
2220 5207 2564 5276 generatione
2585 5208 2924 5261 essentiam»:
2948 5224 3071 5264 esse
3119 5209 3201 5281 (ut
3224 5211 3293 5264 ita
3319 5207 3546 5276 loquar),

1979 5296 2166 5350 nescio
2220 5311 2454 5365 quanam
2520 5297 2785 5367 sapientia
2847 5300 2912 5354 ad
2949 5299 3087 5353 hanc
3138 5297 3550 5366 intelligentiam

1980 5388 2256 5444 inductus.
2294 5387 2348 5443 Si
2375 5391 2520 5445 enim
2553 5391 2674 5461 quis
2700 5391 2953 5455 seorsim,
2992 5400 3044 5444 et
3075 5404 3171 5459 per
3203 5403 3263 5442 se
3309 5383 3554 5458 singulo-

1979 5499 2099 5536 rum
2135 5482 2413 5537 nominum
2443 5483 2870 5554 significationes
2900 5480 3216 5552 perpendat,
3253 5479 3552 5537 subtractis

1979 5571 2213 5626 orationi
2239 5573 2509 5640 personis,
2536 5572 2602 5626 de
2624 5572 2823 5642 quibus
2853 5568 3044 5623 ordine
3069 5555 3344 5624 enuntiari
3371 5569 3555 5626 viden-

1979 5669 2089 5727 tur,
2126 5676 2248 5716 mox
2280 5662 2574 5716 vanitatem
2607 5674 2819 5725 eorum,
2855 5674 2975 5730 quae
3004 5659 3107 5714 iste
3137 5660 3352 5728 asserit,
3388 5660 3554 5716 intel-

1981 5756 2108 5826 liget
2136 5773 2149 5808 :
2183 5767 2291 5810 non
2319 5753 2486 5818 enim,
2525 5751 2654 5822 quia
2684 5749 2863 5820 Pater,
2897 5759 2956 5806 ut
2987 5766 3126 5823 verae
3157 5751 3280 5808 fidei
3303 5734 3573 5808 doctrina.
