4068 6148
379 284 475 342 451

1583 265 1642 322 S.
1669 261 1999 322 GREGORII
2025 259 2320 316 NYSSENI

3528 243 3639 301 45⁸2.

384 401 572 463 tradit,
598 391 1032 471 pmintelligitur
1064 389 1224 454 Filio,
1262 386 1545 444 nominum
1575 397 1796 456 quoque
1816 382 1965 438 ordi-
1993 385 2013 445 Α

2115 381 2176 453 ip
2208 381 2292 433 ὅτι
2339 373 2741 450 προεπινοεῖται
2771 368 2864 424 τοῦ
2915 365 3045 421 fio-3
3086 366 3116 420 ὁ
3147 364 3338 436 Πατὴρ
3382 361 3522 417 κατά
3547 361 3642 416 τὸν

386 508 508 550 nem
537 506 602 546 ex
643 487 1014 556 subjectarum
1048 494 1406 554 personarum
1452 476 1736 546 dignitate,
1777 478 1832 528 et
1868 486 1962 526 or-

387 587 516 642 dine
549 582 925 646 instituemus,
958 577 1054 634 sed
1079 575 1300 632 nomina
1327 589 1422 643 per
1444 587 1503 627 se
1525 567 1962 628 considerentur,

388 677 661 748 quodnam
703 674 854 728 alteri
890 687 986 742 per
1043 671 1308 724 rationem
1342 671 1688 736 praeponatur
1731 660 1966 731 (iterum

389 773 515 827 dico
579 783 801 829 nomen,
864 780 971 818 non
1018 779 1130 817 rem
1179 760 1401 816 nomine
1465 755 1825 827 significatam
1851 757 1969 820 ),et

394 864 666 937 quodnam
701 877 765 916 ex
795 858 980 920 dictis,
1034 855 1274 909 notionis
1325 852 1554 920 alicujus
1600 847 1967 917 positionem:

395 933 448 1013 et
481 954 753 1025 quodnam
825 949 1012 1021 positae
1068 943 1306 999 notionis
1355 940 1681 996 ablationem
1747 933 1970 989 indicet.

398 1048 732 1116 Dispiciatur
756 1040 988 1108 exempli
1024 1037 1196 1107 gratia
1225 1054 1240 1097 ;
1283 1033 1521 1088 arbitrer
1552 1030 1695 1086 enim
1751 1025 1976 1080 consul-

398 1150 514 1194 tum
576 1138 710 1197 fore,
769 1141 827 1188 ut
876 1148 965 1187 res
1019 1129 1278 1184 similium
1319 1123 1581 1193 exemplis
1649 1120 1976 1175 declaretur.

401 1231 644 1288 Scientia
685 1235 738 1282 et
791 1224 1032 1287 inscitia,
1096 1220 1281 1290 passio
1341 1224 1394 1271 ct
1455 1210 1890 1283 impassibilitas,
1927 1217 1980 1260 et

406 1326 571 1395 hujus
608 1320 823 1392 generis
854 1317 980 1378 alia,
1013 1315 1232 1368 nomina
1261 1307 1507 1379 quzcdam
1540 1314 1686 1360 sunt.
1720 1300 1978 1368 Quamam

402 1419 557 1485 prius
588 1412 708 1465 aliis
761 1404 1262 1478 przeconcipiuntur
1293 1409 1347 1455 et
1399 1397 1796 1465 intelliguntur,
1852 1404 1980 1444 num

405 1510 518 1571 illa,
552 1518 672 1574 qua}
712 1515 824 1554 rem
879 1497 1109 1568 positam
1173 1493 1392 1564 tollunt,
1447 1504 1516 1542 an
1574 1501 1695 1556 quae
1729 1499 1841 1539 rem
1895 1495 1986 1550 po-

408 1571 585 1653 nunt‘i
639 1590 751 1662 Ego
798 1590 870 1642 ita
911 1586 1109 1649 sentio,
1173 1585 1328 1652 prius
1389 1577 1618 1647 intelligi
1677 1571 1982 1635 scientiam,

410 1691 570 1750 iram,
600 1694 652 1740 ct
682 1683 1014 1755 passionem,
1043 1673 1386 1746 postmodum
1411 1688 1496 1735 ea,
1526 1685 1647 1740 qua:
1672 1665 1989 1722 exstinctio—

413 1798 534 1838 nem
567 1787 620 1834 et
664 1771 1138 1841 interemptionem
1190 1764 1523 1835 significant.
1581 1760 1656 1814 Ita
1705 1758 1880 1829 cogita
1921 1756 1988 1810 de

413 1869 763 1942 generatione
793 1871 845 1919 et
871 1858 1315 1915 innascibilitatc.
1370 1853 1556 1923 Neque
1610 1850 1755 1904 ullus
1810 1847 1990 1902 studio

415 1961 648 2034 propria:
679 1953 959 2026 religionis
994 1951 1255 2004 incensus
1293 1945 1678 2007 calumnietur,
1714 1939 1872 2010 quasi
1903 1936 1994 1990 Fi-

419 2060 549 2109 lium
587 2051 863 2124 generauti
896 2044 1357 2118 prin-posuerimus
1390 2061 1402 2094 :
1441 2055 1547 2094 non
1593 2037 1736 2092 enim
1782 2035 1831 2087 id
1879 2047 1995 2086 mo-

420 2151 606 2210 limur,
648 2154 706 2198 ut
737 2143 908 2196 Filius
938 2138 1086 2193 Patri
1123 2144 1469 2208 prmponatur
1524 2138 1577 2184 et
1610 2126 1997 2198 prazconcipia-

423 2251 533 2304 tur,
568 2253 692 2292 cum
724 2237 790 2290 de
815 2233 977 2303 geniti
1003 2239 1056 2285 et
1079 2227 1306 2299 ingeniti
1348 2221 1750 2294 significatione
1771 2216 1996 2271 disseri-

426 2349 550 2387 mus
584 2337 765 2384 :certe
796 2323 1073 2396 generatio
1118 2319 1351 2387 alicujus
1383 2316 1458 2369 rei
1504 2312 1591 2367 vel
1631 2308 1873 2365 notionis
1904 2323 2002 2376 po-

427 2427 682 2481 sitionem
717 2419 1009 2491 significat,
1037 2426 1090 2469 at
1114 2428 1239 2468 vero
1264 2406 1650 2465 innascibilitas
1687 2404 1826 2472 ejus,
1858 2399 2003 2470 quod

429 2517 664 2588 positum
697 2521 802 2576 est,
835 2508 1224 2564 sublationem,
1262 2507 1427 2571 prout
1469 2506 1625 2550 antea
1655 2495 1884 2556 dictum,
1945 2498 2006 2544 ut

432 2609 660 2682 proinde
687 2600 1060 2659 necessarium
1087 2597 1176 2659 sit,
1217 2593 1366 2646 omni
1397 2590 1560 2644 modo
1588 2589 1741 2658 prius
1777 2581 2005 2652 intelligi

434 2717 629 2755 nomen
663 2689 1052 2766 generationis,
1087 2700 1248 2756 quam
1305 2698 1506 2738 nomen
1553 2675 2007 2733 innascibilitatis.

435 2790 547 2845 Cur
577 2786 742 2855 igitur
803 2779 1049 2835 ordinem
1103 2773 1422 2834 secundum,
1457 2770 1548 2839 qui
1592 2768 1647 2823 in
1699 2766 2012 2822 nominibus

441 2879 658 2935 visitur,
696 2870 842 2926 Patri
877 2867 1142 2922 violenter
1186 2869 1372 2932 aptare
1403 2858 1760 2923 contendunt,
1791 2861 2012 2926 putant-

443 2986 550 3042 que
580 2966 858 3021 notionem
896 2960 973 3015 rei
1001 2957 1234 3026 alicujus
1265 2954 1636 3024 privatrirem,
1694 2963 1858 3019 posse
1914 2947 2010 3001 de-

2065 473 2237 544 ἀληθῆ
2281 470 2438 540 λόγον
2486 467 2586 536 τῆς
2635 465 2906 527 πίστεως,
2951 460 3040 514 διά
3083 458 3240 512 τοῦτο
3280 456 3374 511 καὶ
3405 457 3504 528 τὴν
3533 457 3643 510 τῶν

2067 564 2346 635 ὀνομάτων
2391 559 2543 626 τάξιν
2593 555 2825 623 ἀξιούτω
2873 571 2956 616 τις
3006 552 3072 622 τῇ
3121 549 3230 602 τῶν
3269 548 3646 617 ὑποκειμένων

2069 657 2254 718 αὐτοῖς
2303 650 2608 725 προσώπων
2653 647 2781 718 ἀξία
2826 646 2919 700 καὶ
2982 643 3134 709 τάξει
3192 638 3645 694 συνδιατίθεσθαι.

2084 744 2244 801 Ἀλλά
2269 743 2443 798 ταῦτα
2474 741 2742 796 σκοπείτω
2771 737 2855 806 ἐφ’
2881 735 3087 790 ἑαυτῶν
3110 734 3178 788 τὰ
3211 733 3468 803 ὀνόματα,
3493 732 3651 784 ποῖον

2071 844 2165 896 τοῦ
2201 839 2387 909 ἑτέρου
2429 836 2507 907 τῷ
2535 835 2677 903 λόγῳ
2712 833 2810 900 τῆς
2847 828 3084 892 ἐπινοίας
3123 825 3488 897 προτέτακται
3521 841 3537 854 ο
3588 823 3654 875 τὸ

2073 932 2243 1000 ὄνομα
2269 928 2430 982 πάλιν
2457 943 2530 996 φη
2541 924 2686 994 pluuii
2717 923 2777 975 τὸ
2806 922 3036 991 πρᾶγμα
3062 918 3122 972 τὸ
3157 917 3243 970 διά
3267 915 3358 969 τοῦ
3390 914 3658 984 ὀνόματος

2079 1023 2476 1095 σημαινόμενον
2507 1035 2520 1049 ·
2574 1019 2723 1070 ποῖον
2767 1014 2876 1066 τῶν
2919 1010 3256 1082 εἰρημένων,
3307 1007 3456 1060 θέσιν
3507 1005 3656 1064 τινὸς

2077 1118 2368 1187 νοήματος,
2399 1113 2493 1166 καὶ
2537 1111 2686 1164 ποῖον
2715 1107 2812 1177 τὴν
2845 1103 2938 1158 τοῦ
2973 1102 3219 1164 τεθέντος
3259 1099 3538 1168 ἀναίρεσιν
3569 1099 3654 1150 ὲν-

2079 1210 2372 1264 δείκνυται.
2398 1201 2523 1258 υἶον
2539 1221 2552 1233 ·
2581 1197 2875 1269 σαφηνείας
2890 1195 2998 1265 γὰρ
3012 1197 3196 1248 ἕνεκεν
3215 1192 3302 1246 διὰ
3327 1191 3434 1244 τῶν
3455 1188 3664 1260 ὁμοίων

2081 1297 2234 1371 οἶμαι
2267 1299 2463 1369 χρῆναι
2492 1291 2840 1364 παραστῆσαι
2869 1290 2960 1342 τὸν
2993 1288 3149 1356 λόγον
3170 1303 3185 1319 ⁸
3229 1285 3506 1346 παίδευσις
3564 1282 3665 1334 καὶ

2083 1389 2427 1450 ἀπαιδευσία,
2462 1386 2630 1448 πάθος
2689 1385 2784 1438 xui.
2813 1382 3068 1443 ἀπάθεια,
3107 1378 3201 1432 καὶ
3228 1378 3328 1430 ὅσα
3361 1374 3455 1427 τοῦ
3487 1373 3664 1426 τοιούσ

2084 1501 2177 1536 του
2209 1482 2380 1543 εἴδους
2409 1479 2545 1543 ἐστὶ,
2586 1479 2710 1529 ποῖα
2748 1474 2952 1528 τούτων
2993 1471 3052 1525 τὸ
3087 1466 3522 1541 προεπινοεῖσθαι
3551 1464 3669 1518 τῶν

2087 1575 2260 1630 ἄλλων
2291 1572 2437 1642 ἔχεις
2474 1571 2614 1622 Ὅσα
2646 1567 2745 1638 τὴν
2772 1564 3047 1636 ἀναίρεσιν
3071 1559 3169 1615 τοῦ
3208 1558 3472 1620 τεθέντος,
3499 1555 3530 1626 ἢ
3561 1556 3702 1618 ὅσα⁵

2088 1668 2187 1738 τὴν
2224 1665 2374 1719 θέσιν
2419 1663 2512 1716 τοῦ
2551 1659 2910 1729 ὑποκειμένου
2956 1655 3317 1726 παρίστησιν;
3374 1648 3514 1717 Ἐγὼ
3564 1648 3673 1719 μὲν

2089 1761 2246 1815 τοῦτό
2277 1775 2437 1830 φημι.
2477 1755 2748 1827 Πρότερον
2791 1751 2900 1821 γὰρ
2932 1751 3133 1802 νοεῖται
3175 1748 3208 1817 ἡ
3240 1745 3522 1804 παίδευσις
3574 1741 3675 1793 καὶ

2089 1855 2124 1924 ἡ
2155 1852 2314 1923 ὀργὴ,
2361 1849 2455 1902 καὶ
2485 1848 2544 1900 τὸ
2581 1846 2772 1908 πάθος.
2815 1844 2908 1896 καὶ
2964 1840 3086 1894 τότε
3159 1840 3192 1908 ἡ
3225 1838 3334 1890 τῶν
3366 1833 3676 1904 νοηθέντων

2091 1946 2369 2014 ἀναίρεσις
2391 1957 2404 1972 ⁸
2453 1940 2597 1994 οὕτω
2627 1940 2720 1992 καὶ
2749 1939 2782 2006 ἡ
2815 1936 3085 2003 γέννησις,
3127 1931 3224 1985 καὶ
3253 1931 3287 2000 ή
3328 1925 3623 1996 ἀγεννησία
3661 1939 3678 1953 ·

2094 2033 2410 2106 καῖ’μηδεὶς
2449 2033 2536 2086 διὰ
2574 2031 2673 2100 τῆς
2716 2025 3166 2098 ὲθελοθρησκείας
3205 2019 3537 2076 διαϐαλλέτω
3579 2018 3680 2070 τὸν

2095 2131 2269 2199 λόγον,
2308 2129 2382 2191 ὡς
2419 2125 2741 2198 προτιθέντα
2773 2123 2864 2176 τὸν
2895 2121 3020 2173 Υίδν
3054 2117 3146 2172 τοῦ
3170 2119 3546 2187 γεννήσαντος.
3598 2113 3682 2166 Οὐ

2097 2221 2204 2291 γὰρ
2239 2222 2328 2273 τὸν
2359 2220 2486 2272 Υἱὸν
2525 2214 2894 2288 προτετάχθαι¹
2926 2213 3017 2266 τοῦ
3061 2211 3295 2281 Πατρὺς,
3327 2208 3418 2261 καὶ
3448 2223 3690 2277 προεπι-

2100 2313 2335 2367 νοεῖσθαι
2366 2308 2870 2378 κατασκευάζομεν,
2906 2307 2954 2358 εἰ
2986 2305 3112 2376 περὶ
3144 2303 3243 2373 τῆς
3271 2301 3366 2354 τοῦ
3391 2297 3656 2368 γεννητοῦ

2103 2407 2199 2462 καὶ
2226 2405 2516 2472 άγεννήτου
2539 2401 2810 2473 σημασίας
2833 2395 3185 2468 διαλαμϐάνει
3206 2395 3236 2446 ὁ
3259 2395 3438 2461 λόγος.
3473 2379 3696 2445 Ούκοῦν

2105 2501 2138 2568 ή
2179 2497 2277 2568 μὲν
2319 2493 2570 2564 γέννησίς
2614 2508 2756 2555 τινος
2789 2489 3112 2561 πράγματος
3149 2486 3182 2555 ἢ
3223 2487 3492 2554 νοήματος
3536 2482 3698 2535 θέσιν

2109 2590 2514 2661 ἀποσημαίνει·
2560 2589 2593 2658 ή
2637 2586 2694 2640 δὲ
2758 2581 3089 2650 ἀτεννησία
3138 2579 3237 2650 τὴν
3281 2577 3374 2631 τοῦ
3415 2577 3699 2640 τεθέντος,

2111 2681 2292 2745 καθὼς
2324 2677 2499 2744 εἷπον,
2533 2679 2808 2748 ἀναίρεσιν
2829 2693 2844 2708 ·
2892 2674 3030 2728 ὥστε
3064 2672 3226 2726 παντὶ
3251 2672 3432 2742 τρόπῳ
3460 2685 3707 2740 προεπι-

2112 2774 2346 2830 νοεῖσθαι
2373 2772 2466 2825 τοῦ
2492 2775 2590 2842 τῆς
2652 2768 3017 2838 ἀγενγησίας
3048 2766 3330 2836 ὀνόματος,
3355 2763 3415 2816 τὸ
3438 2762 3537 2832 τῆς
3567 2778 3705 2830 γεν-

2113 2867 2320 2936 νήσεως
2341 2863 2530 2933 ὄνομα.
2560 2860 2624 2914 Τί
2651 2856 2742 2914 οὖν
2776 2860 2833 2912 ὲν
2852 2859 3062 2919 τούτοις
3089 2858 3288 2910 οἰκεῖον
3313 2853 3392 2924 τῷ
3414 2853 3607 2923 Πατρὶ,
3632 2852 3701 2903 τὸ

2115 2960 2180 3028 τῇ
2209 2956 2358 3020 τάξει
2389 2955 2638 3025 δεύτερον
2673 2954 2728 3005 ἐν
2771 2953 2884 3014 τοῖς
2921 2950 3179 3019 ὀνόμασιν
3214 2946 3540 3017 ἐφαρμόζειν
3570 2943 3698 3012 βιά-

445 3071 751 3118 monstrare
783 3063 836 3109 et
864 3049 1154 3122 complecti
1181 3046 1420 3103 nominis
1449 3043 1745 3099 essentiam
1770 3041 1792 3094 ?
1820 3047 1875 3095 et
1929 3049 2013 3092 ta-

2118 3051 2324 3114 ζονται,
2349 3047 2442 3099 xui.
2474 3047 2678 3099 οἴονται
2712 3042 2772 3098 τό
2808 3059 2952 3105 τινος
2990 3038 3340 3111 ἀφαιρετικὺν
3376 3037 3547 3107 νόημα
3581 3034 3698 3088 δει-

441 3170 564 3211 men
598 3152 667 3206 iis
697 3148 788 3218 qui
818 3145 1122 3200 fatuitatem
1152 3149 1207 3195 et
1237 3137 1600 3194 insulsitatem
1638 3146 1853 3195 eorum,
1894 3144 2016 3199 quae

444 3247 698 3300 asserunt
734 3237 1008 3300 refellunt,
1052 3229 1345 3287 admodum
1383 3231 1731 3286 succensent,
1761 3227 1816 3277 et
1847 3220 1899 3273 in
1923 3233 2018 3274 eos

443 3336 812 3392 concitantur.

513 3424 650 3478 Vide
671 3422 812 3476 enim
846 3430 1009 3486 quam
1047 3410 1288 3466 insaniat
1327 3406 1380 3460 in
1415 3405 1589 3467 illum,
1615 3401 1706 3472 qui
1742 3397 2020 3454 infirmita-

447 3519 554 3565 tem
584 3516 638 3560 et
668 3505 975 3558 futilitatem
1008 3503 1456 3567 argumentorum
1485 3491 1604 3562 ejus
1647 3488 1929 3560 patefacit,
1968 3492 2025 3543 et

448 3614 638 3672 quam,
675 3604 735 3649 ut
765 3599 964 3664 potest,
1002 3590 1070 3645 ab
1117 3589 1211 3644 illo
1245 3587 1541 3644 vindictam
1594 3586 1775 3654 exigat
1805 3603 1818 3638 :
1846 3588 2026 3651 potest

452 3698 632 3745 autem
661 3687 792 3742 solis
817 3683 1082 3738 conviciis
1115 3681 1390 3748 illatisque
1414 3676 1666 3746 injuriis:
1707 3672 1868 3743 cujus
1907 3688 2030 3744 pru-

453 3783 603 3854 fect‘o
657 3792 802 3846 gaza:
849 3773 1266 3844 copiosissimus
1308 3771 1357 3826 ei
1377 3770 1523 3826 domi
1572 3775 1868 3838 proventus
1922 3775 2026 3822 est.

456 3867 920 3939 Quemadmodqu
944 3865 1087 3920 enim
1104 3864 1232 3927 illis,
1248 3863 1339 3933 qui
1365 3861 1532 3916 libros
1553 3861 1847 3931 eleganter,
1867 3872 2029 3910 mun-

455 3965 524 4019 dc
545 3973 598 4018 et
631 3960 802 4015 nitide
833 3957 1172 4018 describunt,
1199 3970 1374 4009 nexus
1401 3953 1624 4021 quidam
1646 3960 1699 4006 et
1730 3951 1888 4020 quasi
1913 3951 2032 4016 vin-

459 4061 584 4116 cula
617 4066 765 4120 sunt,
833 4053 1036 4122 quibus
1086 4061 1260 4102 vacua
1318 4042 1777 4114 spatiagexplent,
1829 4049 1882 4095 et
1932 4040 2031 4094 tuti

463 4149 745 4222 scriptioui
794 4149 1139 4202 venustatem
1205 4146 1259 4192 et
1306 4134 1637 4205 elegantiam
1695 4131 2029 4186 conciliant:

463 4247 533 4300 ita
581 4220 699 4298 iste
736 4240 996 4310 pleraque
1044 4223 1310 4286 conviciis
1361 4233 1614 4288 exornat,
1658 4220 2033 4278 calumniandi

463 4335 664 4391 eximia
695 4330 953 4385 facultate
1003 4323 1264 4396 praeclare
1312 4317 1628 4388 insignitus.
1661 4314 1860 4370 lterum
1889 4313 2035 4367 enim

2124 3139 2343 3199 κτικδν,
2392 3138 2487 3192 καὶ
2526 3135 2917 3208 περιληπτικὸν
2957 3129 3097 3186 εἶναι
3145 3131 3242 3202 τῆς
3286 3129 3379 3183 τοῦ
3437 3128 3708 3197 ὀνόματος

2120 3228 2307 3290 οὐσίας
2340 3240 2356 3288 ;
2405 3227 2500 3280 καὶ
2549 3225 2687 3296 πρὸς
2727 3225 2854 3286 τοὺς
2895 3221 3212 3291 ἐλέγχοντας
3247 3218 3348 3288 τὴν
3393 3217 3713 3290 σαθρός-ητα.

2121 3320 2228 3372 τῶν
2256 3318 2429 3387 λόγων
2463 3314 2831 3386 ἀγανακτοῦσι
2886 3314 2978 3367 καὶ
3002 3310 3414 3382 παροξύνονται.

2209 3409 2338 3463 Ἰδοὺ
2368 3408 2476 3479 γὰρ
2516 3407 2632 3469 πῶς
2669 3405 2993 3476 μνησικακεῖ
3032 3402 3112 3471 τῷ
3153 3403 3213 3455 τὸ
3270 3401 3465 3472 σαθρὸν
3529 3400 3701 3455 αὑτοῦ

2126 3501 2219 3557 καὶ
2246 3499 2470 3560 ἀσθενὲς
2521 3499 2618 3568 τῆς
2682 3495 3014 3567 κακουργίας
3078 3492 3425 3562 φωράσαντιο
3490 3490 3586 3544 καὶ
3633 3490 3717 3555 ὡς

2127 3592 2388 3665 ἀμύνεται
2422 3590 2606 3655 αὐτὸν,
2640 3589 2706 3641 δι’
2735 3582 2810 3642 ὧν
2845 3587 3096 3640 δύναται·
3133 3585 3353 3639 δύναται
3382 3584 3440 3637 δὲ
3481 3584 3569 3638 διά
3595 3585 3717 3636 λοι-

2127 3685 2308 3757 δορίας
2362 3683 2529 3754 μόνης
2601 3682 2696 3734 καὶ¹
2753 3679 2994 3752 ὕϐρεως·
3047 3679 3142 3731 καὶ
3195 3677 3398 3748 σφόδρα
3443 3692 3509 3744 γε
3559 3676 3718 3746 αύτῷ

2131 3775 2436 3847 περιττεύει
2463 3774 2525 3828 τὸ
2561 3773 2743 3843 κτῆμα
2779 3773 2876 3844 τῆς
2913 3771 3166 3841 τοιαύτης
3196 3770 3496 3841 δυνάμεως.
3525 3768 3722 3824 Καθά-

2133 3887 2239 3942 περ
2283 3868 2389 3938 γὰρ
2424 3866 2517 3921 ἐπὶ
2549 3866 2656 3919 τῶν
2695 3863 3203 3937 καλλιγραφούντων
3245 3863 3336 3916 τὸν
3377 3862 3552 3930 λόγον,
3589 3861 3723 3915 σύν-

2133 3959 2318 4031 δεσμοί
2356 3975 2500 4022 τινες
2548 3957 2642 4011 τοῦ
2691 3956 2894 4028 ῥυθμοῦ
2933 3956 2994 4008 τὸ
3041 3955 3216 4008 ἐνδέον
3257 3952 3721 4026 παραπληροῦσι·

2134 4053 2196 4106 τδ
2230 4050 2422 4121 εΰηχόν
2454 4067 2512 4102 τε
2547 4049 2642 4102 καὶ
2673 4047 2988 4118 ἐναρμόνιον
3015 4045 3082 4099 δι’
3109 4044 3288 4099 αὐτῶν
3319 4044 3616 4106 ἐντιθέντες
3645 4045 3722 4114 τῇ

2140 4142 2354 4208 συνάξει
2379 4141 2479 4210 τῆς
2497 4139 2721 4203 λέξεως·
2749 4132 3000 4201 οὕτως’ὲν
3022 4139 3132 4200 τοῖς
3159 4136 3430 4199 πλείστοις
3453 4129 3526 4189 ὧν
3543 4133 3727 4204 λέγει,

2139 4237 2198 4289 ὲν
2226 4237 2346 4298 ταῖς
2373 4232 2660 4304 λοιδορίαις
2689 4229 3092 4282 καταποικίλλει
3125 4228 3222 4298 τὴν
3252 4227 3592 4296 συγγραφὴν,
3619 4226 3726 4279 ῶσ-

2142 4343 2248 4397 περ
2297 4322 2764 4392 καλλωπιζόμενος
2797 4323 2861 4392 τῇ
2905 4317 3191 4391 περιουσίᾳ
3224 4319 3321 4390 τῆς
3351 4318 3442 4371 τοῦ
3480 4316 3729 4388 ὑϐρίζειν

465 4437 567 4483 nos
620 4423 902 4494 appellitat
953 4435 1135 4480 varios,
1199 4414 1352 4486 quia
1389 4411 1554 4466 rectis
1607 4406 2006 4478 c0gitationibu

2115 4417 2441 4486 ,δυνάμεως
2498 4414 2666 4467 Πάλιν
2710 4412 2818 4482 γὰρ
2878 4413 3035 4483 ήμεῖς
3079 4410 3347 4480 μάταιοι·
3396 4408 3558 4462 πάλιν
3614 4408 3733 4462 τῶν

467 4522 808 4578 aberremus,
852 4527 1030 4580 neque
1067 4509 1204 4563 satis
1243 4507 1446 4560 idoneo
1477 4512 1740 4574 apparatu
1774 4498 1840 4554 ad
1868 4509 2043 4553 certa-
2082 4527 2084 4529 -

470 4617 593 4664 men
622 4606 1040 4663 accesserimus,
1069 4614 1246 4669 neque
1275 4598 1437 4652 etiam
1460 4596 1568 4649 vim
1587 4601 1639 4649 et
1669 4598 1905 4646 mentem
1931 4590 2045 4644 dis-

477 4700 725 4772 putantis
785 4696 1006 4764 assequi
1039 4693 1343 4746 valeamus.
1406 4687 1531 4742 Ilaec
1561 4687 1707 4742 enim
1735 4683 1941 4749 omnia,
1994 4689 2049 4736 et

476 4795 633 4864 plura
660 4790 786 4844 talia
817 4805 846 4842 a
881 4787 1130 4841 modesto
1165 4789 1294 4846 isto,
1338 4789 1393 4836 et
1423 4782 1563 4836 bene
1587 4777 1896 4848 composito
1951 4790 2048 4830 ore

478 4887 531 4936 in
563 4881 882 4951 magistrum
916 4885 1168 4932 nostrum
1203 4872 1508 4944 (Basilium)
1541 4870 1939 4938 conjiciuntur.
1985 4865 2051 4922 Et

481 4975 665 5029 forsan
699 4968 847 5039 jnsta
885 4968 979 5020 irze
1015 4981 1181 5020 causa
1220 4964 1490 5033 suppetit,
1530 4962 1836 5030 meritoque
1865 4957 2051 5014 decla-

480 5074 660 5121 mator
689 5058 1016 5117 effervescit.
1047 5056 1189 5122 Quid
1221 5055 1366 5109 enim
1391 5069 1615 5109 necesse
1635 5061 1772 5116 erat,
1794 5062 1853 5106 ut
1873 5053 2050 5121 ipsum

480 5154 858 5214 contristaret,
908 5147 1339 5203 demonstrando
1375 5145 1806 5199 imbecillitatem
1839 5159 2050 5206 eorum,

481 5265 602 5322 quae
629 5248 749 5318 ipse
773 5240 1058 5302 disseruit,
1086 5237 1487 5292 manifestaudo
1519 5236 1763 5306 insuper,
1787 5235 2056 5290 omnium-

483 5357 590 5411 que
641 5335 818 5393 nculis
866 5328 1193 5402 exponendo
1234 5326 1630 5396 blasphemiam
1677 5325 2056 5381 verisimilitu-

485 5431 609 5483 dine
643 5427 1042 5498 sophismatum
1081 5418 1449 5475 tectam?Cur
1482 5434 1589 5472 non
1625 5418 1809 5489 potius
1839 5418 2056 5473 silentio

489 5520 833 5588 fragilitatem
889 5513 1161 5586 dogmatis
1197 5511 1363 5581 hujus
1423 5510 1593 5578 tegit?
1628 5509 1740 5565 Cur
1789 5512 2054 5566 miserum

487 5613 687 5680 ubique
719 5611 1044 5671 traducit,et
1075 5606 1142 5661 ad
1177 5606 1455 5676 publicum
1485 5606 1642 5674 quasi
1673 5605 2055 5674 spectaculum

489 5699 729 5771 exponit,
767 5713 890 5754 cum
921 5699 1068 5766 illius
1116 5700 1288 5769 magis
1327 5699 1598 5765 misereri,
1646 5707 1696 5755 et
1733 5697 2046 5768 disputatio-

2145 4507 2320 4580 ὀρθῶν
2352 4504 2627 4575 λογισμῶν
2667 4503 3090 4574 ἁμαρτάνοντες,
3116 4502 3209 4555 καὶ
3241 4502 3300 4555 οὐ
3336 4501 3472 4572 μετὰ
3496 4501 3595 4570 τῆς
3626 4502 3731 4571 ἀρ-

2149 4596 2346 4668 κούσης
2374 4601 2438 4668 τῇ
2467 4597 2625 4668 χρείᾳ
2653 4596 3004 4668 παρασκευῆς
3031 4597 3144 4658 τοῖς
3177 4594 3356 4662 λόγοις
3388 4591 3734 4662 ἐπιχειροῦν-

2147 4708 2257 4753 τες,
2299 4688 2390 4741 xui.
2432 4689 2534 4758 τῆς
2577 4686 2672 4739 τοῦ
2714 4685 2960 4753 λέγοντος
3002 4683 3236 4747 διανοίας
3281 4683 3733 4752 ἀπολειπόμενοι.

2149 4781 2332 4835 Ταῦτα
2370 4780 2477 4851 γὰρ
2515 4779 2710 4842 πάντα,
2759 4781 2853 4831 καὶ
2901 4776 2978 4829 ἔτι
3027 4775 3196 4829 πλείω
3228 4774 3428 4828 τούτων
3457 4775 3610 4846 παρά
3638 4775 3736 4828 τοῦ

2150 4871 2532 4933 εύσταθοῦντος
2563 4869 2826 4939 στόματος
2869 4871 2897 4921 ὁ
2940 4867 3257 4930 διδάσκαλος
3281 4866 3440 4937 ήμῶν
3466 4865 3738 4936 όνομάζε⁶

2151 4981 2265 5017 ταιο
2304 4964 2395 5016 καὶ
2429 4963 2557 5025 ἴσως
2589 4962 2688 5015 οὐκ
2720 4962 2910 5029 ἄλογος
2947 4960 3047 5030 τῆς
3084 4960 3253 5030 ὀργῆς
3295 4962 3328 5031 ή
3376 4959 3556 5022 αἰτία,
3599 4957 3740 5012 ἀλλὰ

2151 5055 2371 5117 δικαίως
2395 5056 2422 5107 ὁ
2451 5052 2782 5122 λογογράτος
2815 5049 3186 5121 παρώξυνται·
3217 5049 3269 5102 τί
3293 5048 3401 5121 γὰρ
3433 5049 3594 5102 αὑτὸν
3628 5047 3740 5102 ἔδει

2153 5149 2342 5201 λυπεῖν
2383 5146 2730 5216 ἐξελέγχοντα
2761 5145 2858 5215 τὴν
2899 5143 3210 5214 ἀρρωστίαν
3241 5141 3332 5195 τοῦ
3367 5141 3525 5210 λόγου
3559 5139 3740 5203 τοῦδε,

2153 5235 2540 5310 παραγυμνοῦν
2569 5253 2629 5288 τε
2661 5235 2756 5287 καὶ
2795 5232 3025 5304 φανερὸν
3056 5233 3226 5285 ποιεῖν
3251 5233 3364 5294 τοῖς
3397 5229 3740 5301 εὖκεραιοτέ-

2156 5346 2268 5400 ροις
2311 5327 2371 5381 τὸ
2415 5327 2750 5396 βλάσφημον,
2782 5327 2848 5394 τῇ
2887 5322 3199 5392 πιθανότητι
3239 5321 3347 5376 τῶν
3389 5321 3744 5389 σοφισμάτων

2156 5418 2698 5488 συγκαλυπτόμενον;
2744 5416 2834 5468 διὰ
2888 5416 2939 5467 τί
2990 5416 3047 5468 δὲ
3101 5418 3199 5469 οὐκ
3256 5413 3612 5468 ἐπικαλύπτει
3671 5414 3746 5483 τῇ

2159 5512 2334 5580 σιωπῇ
2365 5509 2430 5563 τά
2465 5507 2641 5580 σαθρά
2676 5507 2772 5561 τοῦ
2815 5507 3101 5578 δόγματος,
3142 5507 3276 5561 ἀλλά
3317 5504 3623 5575 στηλιτεύει
3652 5504 3746 5557 τὸν

2157 5604 2419 5657 δείλαιον
2454 5604 2570 5655 δέον
2610 5603 2776 5655 ἐλεεῖν
2821 5603 2914 5656 καὶ
2962 5601 3348 5655 ὲπικαλύπτειν
3386 5598 3473 5651 διὰ
3509 5598 3752 5668 ἡσυχίας

2159 5698 2258 5769 τὴν
2295 5697 2676 5768 ἀσχημοσύνην
2713 5694 2806 5750 τοῦ
2833 5695 3028 5764 λόγου;
3070 5697 3127 5750 ’0
3159 5694 3213 5748 δὲ
3245 5693 3452 5761 ἐλέγχει
3495 5691 3584 5743 καὶ
3618 5690 3757 5754 θεα-
