4064 6146
271 310 368 369 435

1433 301 1712 359 CONTRA
1752 299 2140 365 EUNOMIUM,
2173 298 2303 353 LIB.
2345 297 2384 350 1.

3434 294 3539 350 ἀεὶ

269 421 439 493 τρίζει
480 419 571 474 τὸν
619 420 865 476 ὁπωσοῦν
907 419 1055 490 παρὰ
1098 421 1210 484 τοῖς
1258 420 1406 484 ἰδίοις
1447 422 1716 492 μαθηταῖς
1755 421 1848 474 ἐπὶ

1968 419 2038 472 iis
2067 414 2458 486 turpitudinem
2497 414 2661 470 tacite
2683 411 2904 483 operire
2950 410 3180 466 deceat?
3219 410 3287 463 At
3325 408 3427 465 istc
3453 423 3541 464 re-

273 511 426 581 σοφίᾳ
481 511 574 563 καὶ
602 511 853 583 ἀγχινοίᾳ
883 510 1210 581 τιμώμενον.
1261 507 1396 564 Εἷπέ
1437 529 1538 564 που
1582 511 1690 564 τῶν
1724 513 1852 564 ὲαυ⁶

269 603 356 656 τοῦ
384 603 557 670 λόγων
585 605 615 656 6
641 603 904 674 Εὑνόμιος
925 619 939 632 ⁶
974 605 1258 657 "Excedat
1303 603 1382 668 τῷ
1425 602 1546 668 Θεῷ
1587 603 1654 656 τό
1679 603 1852 673 ἀγέν-

271 709 486 762 νητον·
519 693 724 764 ἐπέστη
759 695 837 766 τῷ
877 697 1080 767 ῥήματι
1113 696 1141 747 6
1179 695 1490 758 διδάσκαλος
1518 697 1550 766 ἠ
1562 696 1679 767 μῶν
1721 711 1736 726 ⁸
1773 698 1852 750 ὅτι

271 788 326 840 τὸ
351 787 634 856 ἑπόμενον,
661 787 769 839 τῶν
796 787 990 852 ἔξωθεν
1021 787 1501 859 ὲπιθεωρουμένων
1529 786 1674 841 ἐστίν
1695 802 1708 815 ’
1738 789 1769 856 ἡ
1797 789 1856 842 δὲ

273 877 420 931 οὐσία
461 878 522 930 οὐ
565 877 673 931 τῶν
720 877 915 944 ἔξωθέν
962 897 1126 943 τινος,
1171 879 1285 932 ἀλλ’
1335 879 1496 934 αὑτοῦ
1548 878 1643 933 τοῦ
1692 875 1852 946 εἶναι,

275 967 401 1021 καθὸ
432 968 568 1031 ἐστι,
596 969 696 1039 τὴν
729 970 998 1041 σημασίαν
1027 969 1378 1024 ἐνδείκνυται.
1407 970 1504 1024 Διά
1533 969 1688 1024 τοῦτο
1717 971 1856 1038 ἀγα-

274 1063 456 1114 νακτεῖ
502 1062 530 1113 6
569 1063 816 1131 ἐπιεικής
855 1079 912 1114 τε
963 1063 1052 1116 καὶ
1094 1063 1329 1133 ἄμαχος·
1368 1064 1460 1117 καὶ
1506 1063 1671 1126 πολύς
1709 1065 1855 1116 ἐστιν

273 1149 472 1220 εὐροῶν
519 1152 633 1213 τοῖς
673 1150 932 1202 ὀνείδεσιο
981 1152 1112 1204 διότι
1155 1153 1392 1216 ἀκούσας
1437 1153 1531 1206 τοῦ
1579 1153 1852 1222 ῥηθέντος,

272 1243 362 1294 καὶ
391 1243 490 1312 τῆς
512 1241 748 1304 διανοίας
777 1241 1060 1312 ἐπῄσθετο.
1103 1244 1166 1295 Τί
1215 1239 1307 1297 οὖν
1334 1244 1602 1314 ἥμαρτεν,
1645 1244 1690 1295 εί
1733 1246 1852 1296 ὲπι-

275 1333 535 1396 στατικῶς
564 1337 630 1404 τῇ
662 1333 870 1405 διανοίᾳ
915 1334 1024 1386 τῶν
1056 1335 1454 1406 γεγραμμένων
1486 1333 1857 1405 ἐπηκολούθη-

276 1438 392 1488 σεν;
425 1423 488 1475 Εἰ
517 1422 615 1492 μὲν
645 1421 753 1494 γὰρ
780 1423 842 1475 οὑ
876 1422 1018 1476 κατὰ
1049 1423 1203 1491 λόγον
1239 1425 1348 1477 τῶν
1391 1424 1692 1496 εἰρημένων
1738 1423 1860 1476 ἐλά-

276 1513 415 1575 ϐετο,
443 1511 618 1575 καλῶς
646 1511 758 1582 ἔχει
802 1529 884 1566 σοι
928 1513 997 1566 τά
1038 1516 1318 1585 εἰρημένα,
1349 1515 1443 1567 καὶ
1475 1517 1634 1585 ἡμεῖς
1663 1516 1860 1586 ἀγνοή-

223 1602 226 1606 ’
278 1621 454 1674 σομεν.
486 1603 547 1655 Εἰ
590 1603 645 1655 δὲ
694 1603 951 1674 ἐρυθριᾷς
996 1603 1130 1675 πρὸς
1162 1605 1250 1657 τὸν
1297 1605 1535 1674 ἔλεγχον,
1566 1605 1619 1657 τί
1646 1606 1744 1658 οὐκ
1776 1605 1860 1671 ἑξ-

273 1694 509 1762 αλείφεις
557 1693 751 1746 ἐκτῶν
793 1695 1224 1765 γεγραμμένων,
1278 1695 1413 1749 ἀλλὰ
1467 1697 1721 1767 λοιδορεῖς
1767 1698 1859 1750 τὸν

1954 506 2112 562 futat.
2149 515 2203 560 et
2224 505 2371 560 velut
2417 505 2472 558 in
2507 505 2783 558 theatrum
2826 503 2966 572 rapit
3019 503 3195 564 illum,
3229 501 3322 570 qui
3359 515 3389 553 a
3422 503 3541 556 suis

1954 597 2241 666 discipulis
2269 605 2492 666 propter
2521 595 2804 666 sapientia:
2831 602 2884 648 et
2906 594 3176 648 acuminis
3201 593 3537 662 Opinionem,

1956 688 2124 742 nullis
2173 703 2282 740 non
2329 687 2632 741 honoribus
2671 684 2925 740 aflicitnr.
2981 685 3201 738 Dixerat
3241 685 3442 738 alicubi
3481 683 3536 736 iu

1957 779 2074 834 suis
2123 777 2610 832 dissertationibus
2681 777 3002 839 Eunomius,
3042 776 3340 847 Ingenitum
3388 777 3536 846 sequi

1957 871 2145 926 Deum.
2185 870 2400 939 Objecit
2436 869 2632 924 doctor
2679 879 2864 925 noster
2894 871 3041 924 dicto
3082 871 3208 924 huic
3239 870 3536 925 insistens:

1959 963 2012 1016 id
2046 962 2190 1031 quod
2219 962 2490 1030 sequitur,
2523 976 2645 1016 esse
2675 977 2739 1016 ex
2771 977 2963 1016 eorum
3009 978 3258 1028 numero,
3292 978 3415 1034 quae
3443 979 3544 1017 ex-

1961 1055 2236 1108 trinsecus
2273 1051 2594 1115 adveniunt,
2633 1062 2687 1106 at
2729 1055 3022 1107 essentiam
3057 1069 3164 1107 non
3190 1071 3386 1109 esseest
3409 1055 3538 1117 illis,

1959 1161 2079 1216 qua:
2113 1145 2458 1200 extrinsecus
2494 1145 2812 1208 adveniunt,
2842 1145 2937 1198 sed
2967 1146 3139 1215 ipsius
3170 1162 3318 1205 esse.
3344 1161 3542 1200 secun-

1960 1238 2088 1291 dum
2125 1238 2268 1306 quod
2307 1244 2411 1298 est,
2469 1237 2930 1307 significationem
2987 1238 3291 1290 continere.
3335 1237 3432 1290 Hic
3460 1238 3539 1290 ira

1960 1328 2330 1384 inflammatur
2370 1329 2652 1382 modestus
2709 1309 2797 1381 ille
2855 1338 2908 1383 et
2942 1329 3200 1390 invictus,
3260 1335 3314 1380 et
3372 1329 3542 1380 multa

1960 1422 2157 1490 prohra
2210 1426 2444 1483 eructat,
2477 1419 2603 1488 quia
2633 1417 2781 1471 dicto
2809 1424 3082 1486 percepto,
3113 1418 3289 1486 ipsum
3326 1433 3544 1487 quoque

1962 1525 2182 1566 sensum
2219 1511 2480 1580 percepit.
2515 1507 2654 1575 Quid
2684 1509 2852 1577 igitur
2882 1510 3148 1577 peccavit,
3194 1509 3239 1562 si
3278 1516 3547 1562 eonstan~

1962 1609 2046 1658 ter
2085 1602 2411 1656 sententiam
2466 1601 2756 1656 verborum
2813 1608 3036 1655 secutus
3072 1601 3204 1654 est?
3255 1600 3311 1654 Si
3344 1601 3487 1655 enim
3511 1615 3542 1654 a

1963 1695 2230 1749 sententia
2261 1695 2590 1758 aberrasset,
2618 1703 2763 1748 recte
2797 1708 2882 1755 ea,
2926 1707 3047 1762 qua:
3073 1692 3380 1758 eﬂ‘utivisti,
3423 1709 3452 1746 a
3493 1702 3544 1748 te

272 1786 613 1856 προφέροντα
641 1801 654 1848 ;
687 1785 818 1849 Nai,
851 1785 1034 1854 φησὶν,
1065 1785 1202 1839 ἀλλ’
1232 1787 1303 1839 οὐ
1333 1785 1566 1855 συνῆκε
1619 1787 1724 1840 τοῦ
1764 1789 1864 1841 λό-

1969 1787 2180 1856 prolata
2243 1802 2389 1849 esse,
2432 1802 2532 1840 nos
2589 1801 2806 1855 quoque
2865 1785 3267 1839 conﬁteremur.
3322 1785 3380 1838 Si
3417 1799 3545 1839 vero

273 1893 376 1943 του
421 1873 488 1926 τὸ
533 1874 835 1943 βούλημα.
875 1875 939 1926 Τί
989 1870 1083 1927 οὖν
1133 1875 1449 1947 ἀδικοῦμεν,
1490 1879 1538 1930 εί
1588 1877 1865 1948 ἄνθρωποι

271 1965 418 2028 ὄντες
452 1966 518 2016 ἐκ
549 1965 656 2017 τῶν
685 1965 988 2036 εἰρημένων
1016 1966 1116 2035 τῆς
1148 1966 1385 2032 διανοίας
1423 1970 1865 2039 ἐστοχασάμεθα,

272 2056 375 2110 τῶν
431 2058 488 2109 ὲν
542 2055 767 2126 κρυπτῷ
823 2057 922 2127 τῆς
980 2057 1205 2127 καρδίας
1255 2059 1506 2128 οὐδεμίαν
1560 2061 1864 2129 κατάληψιν

274 2149 521 2217 ἕχοντες;
554 2148 673 2218 Θεῷ
705 2149 938 2220 μὲνγὰρ
982 2150 1215 2221 ὑπάρχει
1261 2153 1354 2205 καὶ
1394 2153 1463 2204 τά
1494 2152 1699 2206 ἀθέατα
1740 2153 1862 2224 βλέ-

275 2257 414 2303 πειν,
451 2241 546 2293 καὶ
575 2239 684 2292 τῶν
716 2239 902 2308 μηδενὶ
931 2243 1116 2312 τρόπῳ
1146 2241 1711 2314 καταλαμϐανομένων
1736 2245 1860 2307 τοὺς

274 2333 627 2403 χαρακτῆρας
673 2333 1011 2399 ἐπισκοπεῖν,
1063 2335 1156 2387 καὶ
1204 2333 1302 2405 τὴν
1355 2334 1710 2405 ἀνομοιότητα
1752 2336 1860 2388 τῶν

274 2423 521 2493 ἀοράτων
583 2423 995 2492 ἐπιγινώσκειν·
1056 2427 1218 2496 ἡμεῖς
1289 2425 1344 2478 δὲ
1417 2425 1611 2491 μόνον,
1670 2427 1740 2480 δι’
1786 2420 1860 2480 ὧν

275 2513 576 2590 ἀκούομεν,
599 2516 872 2587 κρίνομεν.

275 2607 708 2676 prehenduntur,
761 2615 920 2663 notas
961 2607 1158 2663 intueri
1207 2615 1260 2664 et
1290 2610 1722 2680 inaequalitatem
1769 2610 2245 2682 inaspectabilium
2310 2630 2661 2688 cognoscere.

274 2700 542 2754 dicamus.

340 2793 573 2866 Εἴρηται
599 2793 799 2856 τοίνυν,
841 2793 1211 2863 Παρέπεσθαι
1239 2797 1316 2862 τῷ
1342 2799 1460 2865 Θεῷ
1484 2804 1502 2824 '
1521 2801 1862 2874 παρακολου-

276 2883 534 2948 θούντων,
564 2885 662 2955 τὴν
688 2885 1059 2955 άγεννησίαν
1081 2888 1240 2942 αὑτὸν
1269 2889 1442 2956 λέγειν
1465 2894 1856 2964 ὑπενοήσαμεν.

277 2976 444 3030 Πάλιν
480 2975 713 3046 εἴρηται,
741 2975 992 3030 Μᾶλλον
1041 2977 1110 3030 δὲ
1151 2981 1298 3034 αὐτό
1347 2982 1517 3036 ἐστιν
1565 2986 1747 3038 οὐσία
1791 2985 1860 3040 τὸ

277 3068 627 3136 ἀγέννητον.
660 3068 852 3122 Οὐκέτι
891 3069 1080 3123 τούτου
1124 3075 1358 3126 συνεῖναι
1400 3074 1500 3146 τὴν
1542 3076 1859 3132 ἀκολουθίαν

282 3161 598 3231 ἰσχύσαμεν,
632 3159 766 3214 πολὺ
810 3160 870 3213 τὸ
922 3162 1415 3233 ἀπεμφαινόμενον,
1467 3166 1562 3219 καὶ
1601 3167 1662 3220 τὸ
1704 3167 1861 3220 ἀλλό-

278 3266 432 3303 κοτον
468 3252 523 3302 έν
553 3253 664 3314 τοῖς
711 3252 1130 3322 σημαινομένοις
1175 3257 1630 3325 κατανοήσαντες.
1659 3259 1720 3310 Ei
1753 3258 1861 3330 γὰρ

283 3335 600 3406 παρέπεται
639 3339 720 3404 τῷ
748 3339 871 3404 Θεῷ
902 3340 968 3395 τὸ
1001 3343 1354 3413 ἀγέννητον,
1385 3346 1449 3398 τὸ
1483 3346 1536 3398 δὲ
1570 3347 1864 3418 ἀγέννητον

277 3430 436 3483 οὐσία
481 3431 618 3489 ἐστὶ.
669 3430 763 3483 δύο
810 3434 1026 3496 πάντως
1080 3435 1276 3487 οὐσιῶν
1320 3435 1528 3490 ἔννοιαν
1579 3440 1637 3492 ὲν
1682 3439 1864 3510 ταύτῷ

280 3525 680 3587 κατασκευάζει
708 3528 736 3578 6
771 3525 954 3594 λόγος·
995 3529 1071 3591 ὼς
1118 3525 1255 3582 εἶναι
1296 3529 1396 3599 μὲν
1435 3530 1527 3583 τὸν
1557 3530 1688 3583 Θεὸν
1725 3533 1866 3586 κατά

279 3612 493 3673 ταύτὸν,
528 3615 602 3676 ὡς
635 3610 772 3668 εἶναι
805 3617 955 3680 ποτε,
992 3620 1084 3671 καὶ
1121 3614 1260 3672 εἶναι
1300 3620 1690 3674 πεπίστευταιο
1719 3622 1866 3692 ἔχειν

278 3705 336 3758 δὲ
375 3707 763 3778 παρεπομένην
814 3707 962 3779 αὐτῷ
1003 3711 1188 3765 οὐσίαν
1220 3711 1406 3782 ἄλλην,
1438 3712 1503 3781 ἢν
1546 3713 1867 3784 ἀγεννησίαν

280 3798 796 3868 προσαγορεύουσιν,
825 3800 1012 3871 ἕτερόν
1040 3820 1090 3854 τι
1121 3797 1306 3866 οὖσαν,
1334 3804 1483 3874 παρὰ
1510 3804 1599 3858 τὸν
1627 3797 1688 3857 οὗ
1721 3805 1867 3858 ἐστιν

280 3887 723 3960 ἐπακολούθημα,
771 3891 952 3956 καθώς
995 3910 1160 3964 φησιν
1206 3896 1234 3948 6
1278 3895 1625 3959 διδάσκαλος·
1675 3898 1769 3950 καὶ⁹
1820 3901 1868 3953 εί

278 3977 424 4032 οὕτω
455 3979 626 4033 ταῦτα
674 3981 885 4036 κελεύει
936 3986 1098 4050 νοεῖν,
1146 3984 1441 4054 συγγνὼτω
1479 3989 1591 4052 τοῖς
1633 3989 1870 4054 ἰδιώταις

280 4069 435 4138 ἡμῖν,
468 4069 543 4140 μὴ
587 4070 902 4141 δυναμένοις
935 4074 1002 4142 τῇ
1054 4071 1342 4144 λεπτότητι
1392 4073 1563 4146 ταύτῃ
1601 4074 1710 4129 τῶν
1739 4075 1873 4128 θεω-

284 4173 352 4228 ρη
363 4157 551 4228 μάτων
585 4158 928 4226 ἐφίστασθαι.

351 4353 416 4408 Εἰ
432 4355 489 4408 δὲ
511 4354 802 4409 ἀποϐάλλει
819 4355 1004 4410 τοῦτον
1021 4357 1110 4410 τὸν
1130 4357 1306 4426 λόγον,
1333 4357 1425 4410 καὶ
1443 4357 1503 4410 οὑ
1527 4375 1658 4430 φησι
1679 4357 1872 4430 διπλῆν

280 4444 469 4499 οὐσίαν
496 4447 625 4516 περὶ
643 4448 733 4500 τὸν
761 4446 891 4499 Θεὸν
922 4445 1120 4516 λέγειν,
1137 4448 1235 4518 τὴν
1261 4448 1357 4517 μὲν
1384 4449 1448 4500 ὲκ
1471 4449 1567 4518 τῆς
1596 4448 1871 4519 θεότητος.

278 4535 384 4605 τὴν
400 4536 462 4590 δὲ
487 4538 552 4590 ὲκ
589 4535 689 4604 τῆς
719 4535 1040 4605 ἀγεννησίας
1075 4535 1498 4608 γνωριζομένην,
1525 4538 1703 4609 ἑαυτῷ
1740 4555 1875 4610 συμ-

282 4626 633 4680 ϐουλευσάτω
673 4628 701 4679 6
727 4627 1165 4699 μήτεπροπετὴς
1194 4627 1288 4680 καὶ
1313 4627 1484 4698 ἀπόνη
1496 4645 1605 4698 ρος,
1637 4629 1710 4699 μὴ
1739 4629 1871 4682 πολὺ

225 4741 240 4750 ο
281 4721 473 4791 νέμειν
489 4722 610 4783 ταῖς
635 4719 939 4789 λοιδορίαις,
960 4722 1016 4772 ὲν
1042 4723 1150 4783 τοῖς
1171 4720 1310 4791 ὑπὲρ
1330 4721 1426 4790 τῆς
1443 4719 1698 4790 ἀληθείας
1731 4720 1876 4787 ἀγῶ-

285 4830 374 4865 σιν
389 4829 402 4844 ’
432 4811 567 4866 ἀλλά
586 4811 867 4879 διασαφεῖν
890 4813 997 4874 τοῖς
1023 4809 1362 4873 ἀπαιδεύτοις
1386 4812 1536 4879 ἡμῖν,
1562 4810 1677 4873 πῶς
1699 4811 1758 4862 τὸ
1779 4813 1872 4862 ἐπ-

281 4901 634 4964 ακολουθοῦν,
685 4901 779 4954 καὶ
820 4901 881 4954 τὸ
925 4901 1330 4972 προηγούμενον
1384 4902 1484 4954 οὐκ
1521 4901 1648 4955 ἄλλο
1690 4919 1742 4954 τι
1783 4902 1876 4954 καὶ

282 4993 416 5046 ἄλλο
445 4993 612 5055 ἐστὶν,
639 4991 749 5045 ἀλλ’
773 4989 831 5044 ἒν
870 4993 1154 5062 ἀμφότερα
1177 4992 1384 5061 γίνεται
1405 5008 1416 5021 ’
1443 4993 1537 5045 καὶ
1572 4991 1678 5062 γάρ
1705 4993 1761 5044 ὲν
1793 4989 1874 5054 οἷς

283 5086 668 5157 ὑπερμάχεται
713 5085 806 5137 νῦν
860 5084 1162 5152 τοῦλόγου,
1213 5083 1364 5154 μένει
1399 5083 1791 5154 παραπλησίως
1815 5083 1874 5136 τὸ

282 5177 490 5230 ἄτοπον
520 5177 616 5229 καὶ
645 5176 818 5241 οὐδὲν,
849 5176 1026 5240 καθὼς
1059 5177 1219 5240 αὑτός
1251 5193 1436 5246 φησιν,
1467 5177 1499 5245 ή
1532 5173 1639 5229 τῶν
1687 5175 1871 5246 εὐαρι-

283 5269 514 5339 θμήτων
565 5268 788 5321 ἐκείνων
838 5268 1121 5338 προσθήκη
1167 5267 1425 5339 ῥημάτων
1463 5266 1766 5337 διορθοῦται
1815 5267 1875 5319 τὸ

283 5360 397 5413 τῶν
427 5358 733 5432 εἰρημένων
754 5359 1098 5430 ἀσύμφωνον.
1125 5361 1256 5414 Τίνα
1283 5360 1393 5429 γὰρ
1419 5361 1476 5412 ὲν
1499 5358 1706 5422 τούτοις
1729 5359 1876 5412 ἐστιν

287 5451 472 5522 εὑρεῖν
512 5450 881 5515 διδασκαλίαν,
915 5450 1068 5504 οὑπω
1115 5451 1352 5504 κατιδεῖν
1384 5451 1674 5522 ἠδυνήθην.
1715 5452 1878 5522 Εἰρή-

290 5559 444 5598 σεται
483 5542 542 5596 δὲ
579 5541 722 5596 αὐτὰ
761 5542 830 5596 τά
862 5543 1221 5612 γεγραμμένα
1271 5545 1399 5614 παρ’
1437 5542 1600 5597 αὑτοῦ
1656 5543 1748 5596 ἐπὶ
1787 5543 1877 5596 λέ-

292 5631 444 5698 ξεως.
469 5635 756 5703 Εἴπομεν,
787 5634 943 5703 φησι,
966 5631 1211 5688 Μᾶλλον
1234 5633 1302 5685 δὲ
1337 5635 1485 5688 αὑτό
1515 5634 1687 5686 ἐστιν
1713 5632 1878 5703 ἀγέν-

291 5741 479 5798 νητον
499 5770 514 5797 ,
547 5728 661 5785 οὐκ
683 5727 770 5794 είς
813 5724 880 5780 τὸ
913 5719 1065 5780 εἶναι
1095 5725 1524 5794 συναιροῦντες
1553 5725 1614 5780 τὸ
1642 5725 1881 5794 δειχθέν

1967 1879 2034 1932 ad
2064 1878 2447 1933 refutationem
2496 1876 2802 1942 erubescis,
2833 1891 2932 1931 cur
2955 1892 3062 1930 non
3089 1879 3376 1947 expungis,
3423 1892 3548 1947 quae

1968 1972 2286 2040 scripsiSti?
2319 1987 2418 2025 cur
2452 1986 2576 2026 eum
2608 1970 2960 2026 contumeliis
3021 1970 3290 2025 incessis?
3335 1969 3544 2040 Utique,

1977 2063 2182 2132 inquit,
2219 2063 2309 2117 sed
2337 2079 2440 2116 non
2471 2063 2754 2126 intellexit,
2784 2077 3034 2131 quorsum
3082 2060 3311 2115 tenderet
3349 2061 3542 2116 oratio.

1969 2152 2146 2219 Quam
2178 2153 2346 2225 igitur
2373 2154 2628 2222 injuriam
2659 2153 2988 2221 irrogamus,
3015 2152 3059 2206 si
3090 2167 3212 2205 cum
3247 2153 3420 2206 simus
3449 2152 3546 2205 ho-

1967 2247 2170 2308 mines,
2209 2261 2276 2299 ex
2311 2247 2494 2301 verbis
2520 2247 2590 2300 de
2622 2255 2805 2300 mente
2851 2245 3231 2314 conjecturam
3287 2246 3544 2311 facimus,

1959 2351 2082 2390 cum
2113 2337 2324 2390 nullum
2358 2337 2507 2391 aliud
2537 2353 2749 2401 eorum,
2771 2352 2892 2406 qua:
2916 2337 2968 2390 in
3008 2337 3172 2391 corde
3195 2337 3548 2401 delitescunt,

1959 2427 2220 2483 indicium
2256 2430 2560 2499 suppetat?
2615 2429 2724 2484 Deo
2759 2430 2914 2484 enim-
2961 2445 3194 2498 pronum
3258 2437 3341 2482 est
3381 2428 3545 2483 etiam

1959 2521 2257 2574 invisibilia
2321 2521 2530 2589 videre,
2555 2530 2608 2576 et
2636 2538 2848 2588 eorum,
2875 2537 2998 2592 quae
3027 2521 3179 2575 nullo
3205 2519 3364 2573 modo
3394 2534 3550 2574 com-

2744 2616 2855 2672 Nos
2919 2633 3050 2672 vero
3085 2631 3152 2672 ex
3202 2617 3405 2671 auditis
3460 2616 3550 2686 ju-

2040 2799 2185 2855 Dixit
2234 2801 2402 2873 igitur
2437 2821 2451 2857 :
2483 2801 2782 2874 Ingenitum
2813 2804 2958 2875 sequi
3007 2803 3195 2858 Deum.
3242 2805 3342 2858 His
3367 2804 3552 2860 verbis

1967 2891 2185 2948 adducti
2210 2893 2542 2949 credidimus
2583 2911 2706 2950 eum
2759 2895 3048 2962 afiirmare,
3082 2897 3550 2952 innascibilitatcm

1965 2999 2089 3039 esse
2134 3000 2198 3040 ex
2237 3001 2427 3040 eorum
2479 3002 2732 3053 numero,
2795 3005 2917 3059 quae
2974 2989 3321 3046 extrinsecus
3381 2988 3549 3046 Deum

1966 3079 2316 3132 comitantur.
2351 3078 2420 3131 At
2440 3093 2564 3132 cum
2596 3095 2790 3135 rursus
2823 3080 2960 3134 dixit
2999 3099 3012 3134 :
3045 3079 3218 3151 Magis
3261 3098 3382 3136 vero
3425 3082 3554 3136 sub-

1964 3169 2168 3223 stantia
2216 3178 2294 3224 est
2339 3169 2631 3239 ingenitum
2663 3185 2680 3224 :
2711 3187 2821 3226 non
2864 3173 3103 3242 amplius
3154 3173 3550 3228 connexionem

1963 3261 2272 3330 intelligere
2306 3263 2608 3331 potuimus,
2631 3262 2838 3333 quippe
2881 3263 2936 3317 in
2966 3263 3296 3334 significatis
3331 3263 3551 3318 diversa

1965 3349 2260 3404 admodum
2291 3359 2346 3405 et
2379 3351 2607 3406 adversa
2635 3353 2896 3406 varietate
2924 3352 3286 3421 deprehensa.
3310 3351 3367 3406 Si
3398 3352 3544 3406 enim

1959 3446 2241 3516 ingenitum
2315 3442 2553 3511 sequitur
2607 3441 2827 3496 Deum:
2879 3442 3178 3512 ingenitum
3235 3450 3416 3497 autem
3467 3450 3553 3498 est

1967 3534 2304 3593 substantia,
2358 3534 2589 3588 diversa:
2651 3535 2973 3590 substantiae
3014 3535 3068 3588 in
3115 3534 3302 3589 eodem
3343 3535 3552 3590 consti-

1967 3633 2194 3693 tuantur
2219 3633 2473 3694 oportet;
2534 3634 2592 3679 ut
2647 3625 2868 3696 quidem
2932 3625 3073 3681 Deus
3127 3626 3198 3680 sit
3250 3626 3550 3682 secundum

1967 3717 2132 3780 idem,
2163 3718 2305 3772 sicut
2345 3718 2474 3770 olim
2504 3729 2644 3782 erat,
2677 3728 2732 3772 et
2771 3733 2896 3773 esse
2924 3718 3173 3774 creditus
3197 3725 3299 3784 est,
3349 3719 3552 3773 habeat

1966 3823 2098 3863 vero
2149 3808 2574 3876 subsequentem
2626 3807 3102 3862 sesubstantiam
3147 3808 3333 3874 aliam,
3385 3822 3550 3879 quam

1969 3897 2460 3954 innascibilitatem
2495 3897 2800 3963 nominant,
2846 3913 2967 3968 quae
3004 3897 3149 3952 aliud
3187 3897 3449 3968 quiddam
3481 3899 3555 3956 sit

1970 3991 2039 4043 ah
2072 3989 2185 4054 illo,
2244 3990 2406 4058 cujus
2457 3991 2674 4060 sequela
2733 3997 2834 4054 est,
2888 3998 3051 4060 prout
3092 3990 3285 4046 doctor
3340 3992 3552 4060 objicit.

1970 4081 2126 4149 Quod
2157 4083 2201 4136 si
2236 4082 2382 4137 hunc
2434 4083 2488 4137 in
2526 4081 2746 4138 modum
2782 4083 2898 4137 haec
2922 4083 3149 4152 intelligi
3197 4085 3368 4152 cupit,
3400 4084 3554 4152 igno-

1977 4181 2098 4228 scat
2151 4173 2311 4228 nobis
2373 4173 2633 4238 indoctis,
2679 4174 2771 4244 qui
2830 4175 3186 4229 subtilitatem
3242 4174 3574 4244 hujusmodi

1972 4264 2409 4332 speculationum
2433 4278 2627 4332 capere
2661 4263 2972 4331 nequimus.
3381 4277 3386 4282 ·

2041 4354 2308 4409 Caeterum
2339 4355 2386 4408 si
2415 4355 2519 4408 hoc
2544 4370 2710 4410 sensu
2741 4352 3032 4423 repudiato
3063 4362 3295 4418 asserat,
3345 4370 3404 4410 se
3437 4369 3547 4410 non

1974 4454 2217 4500 statuere
2254 4446 2306 4499 in
2339 4445 2450 4500 Deo
2476 4443 2754 4513 duplicem
2777 4443 3098 4508 essentiam,
3124 4445 3346 4499 alteram
3367 4445 3434 4500 de
3470 4444 3556 4500 di-

1979 4535 2227 4598 vinitate,
2266 4534 2488 4588 alteram
2522 4533 2589 4588 de
2627 4533 3077 4594 innascibilitate,
3144 4533 3388 4589 obtineat
3442 4550 3472 4589 a
3498 4551 3558 4591 se

1983 4627 2162 4688 homo,
2207 4641 2382 4696 neque
2408 4639 2672 4695 praeceps,
2721 4638 2900 4693 neque
2924 4624 3251 4688 malitiosus,
3281 4635 3340 4680 ut
3366 4627 3419 4680 in
3442 4641 3559 4682 cer-

1981 4717 2280 4772 taminibus
2333 4731 2433 4786 pro
2462 4715 2712 4778 veritate,
2761 4714 3024 4769 conviciis
3055 4731 3162 4770 non
3207 4719 3437 4773 multum
3467 4720 3554 4774 in-

1981 4811 2246 4879 dulgeat;
2271 4809 2364 4864 sed
2393 4807 2628 4862 dilucide
2673 4815 2912 4878 exponat
2947 4808 3130 4876 nobis,
3171 4811 3446 4878 quomodo
3476 4813 3554 4879 id,

1983 4902 2124 4972 quod
2156 4901 2422 4970 sequitur,
2455 4909 2508 4954 et
2535 4899 2610 4964 id,
2640 4902 2786 4970 quod
2828 4902 3224 4970 antegreditur,
3245 4905 3355 4959 sint
3381 4922 3550 4962 unum

1979 5001 2030 5046 et
2059 4993 2221 5053 idem,
2255 5006 2359 5045 non
2393 4993 2540 5045 aliud
2569 5000 2733 5061 atque
2757 4993 2937 5058 aliud;
2987 5010 3110 5049 nam
3142 5013 3290 5051 nunc
3334 4999 3554 5068 quidem

1979 5084 2069 5150 iis,
2100 5100 2219 5153 quae
2249 5083 2333 5137 sui
2367 5082 2553 5138 tuendi
2587 5098 2753 5139 causa
2786 5085 3015 5154 profert,
3059 5087 3192 5140 nihil
3219 5087 3402 5153 eflicit,
3455 5089 3556 5142 ab-

1981 5175 2250 5230 surditate
2298 5191 2453 5245 aeque
2499 5190 2563 5228 ac
2596 5183 2756 5229 antea
2790 5186 3203 5246 perseverante,
3245 5193 3442 5247 neque,
3497 5183 3557 5229 ut

1983 5270 2216 5338 ipsemet
2249 5268 2344 5331 ait,
2379 5267 2650 5323 orationis
2695 5268 2846 5325 illius
2877 5279 2986 5324 tam
3038 5269 3321 5323 concinnas
3365 5275 3560 5320 rotun-

1983 5358 2125 5414 ditas
2157 5374 2221 5412 ac
2249 5366 2551 5412 concentus
2615 5357 2932 5413 inconsonae
2978 5357 3244 5411 doctrinae
3285 5354 3555 5410 medetur.

1983 5448 2157 5514 Quam
2192 5448 2336 5502 enim
2369 5448 2730 5502 eruditionem
2765 5447 2823 5502 in
2866 5449 2952 5501 his
2983 5446 3226 5514 reperire
3254 5444 3435 5511 liceat,
3455 5461 3559 5518 ego

1985 5541 2219 5596 necdum
2271 5541 2581 5610 perspicere
2635 5540 2808 5610 potui.
2859 5536 2965 5590 Sed
2996 5535 3264 5590 verhatim
3314 5536 3403 5593 hic
3432 5541 3560 5596 red-

1985 5633 2182 5688 damus
2211 5647 2298 5698 ea,
2355 5647 2476 5701 qua!
2514 5632 2758 5700 scripsit.
2821 5628 3088 5692 Diximus,
3140 5628 3337 5699 inquit,
3387 5633 3559 5702 Magis

1987 5727 2159 5794 ipsum
2215 5725 2501 5794 ingenitum
2539 5733 2615 5778 est
2657 5721 2976 5790 substantia,
3038 5737 3139 5776 non
3171 5723 3238 5775 ad
3303 5725 3562 5781 exsistan-
