4068 6148
467 287 577 346 455

1731 282 1791 337 S.
1836 279 2173 339 GREGORII
2215 278 2511 336 NYSSENI

3637 278 3747 336 456

468 409 596 460 tiam
627 404 985 473 perducentes,
1023 400 1158 471 quod
1189 401 1334 471 sequi
1361 399 1784 456 demonstratum
1820 411 1919 466 est,
1950 401 2034 456 sed

2143 399 2521 455 ἀκολουθεῖν.
2565 397 2752 453 Ἀλλὰ
2800 400 2865 452 τὸ
2911 398 3028 468 μὲν
3079 396 3404 466 ἀκολουθεῖ
3435 396 3511 466 τῇ
3559 412 3748 468 πρίσ-

463 497 560 550 hoc
587 492 796 564 quidem
823 492 1062 562 sequitur
1089 492 1458 560 appellationi,
1509 493 1562 544 id
1599 509 1716 546 vero
1747 493 1885 560 quod
1941 499 2042 555 est,

460 586 703 642 essentia:
733 581 1207 637 accommodantes.
1235 581 1366 648 Quae
1419 581 1603 638 omnia
1666 582 1713 638 si
1769 582 1822 634 in
1876 595 2045 634 unum

463 678 716 748 colligas,
763 677 870 730 huc
902 683 1016 730 tota
1048 676 1225 729 oratio
1270 675 1476 729 recidet
1506 691 1518 728 :
1555 673 1711 744 sequi
1742 673 2056 741 ingenitum

473 782 670 822 nomen
703 784 714 819 :
746 763 1188 834 quandoquidem
1222 763 1397 832 ipsum
1446 769 1530 816 est
1577 761 1694 831 ipse
1746 759 2042 829 ingenitus.

461 860 632 926 Quem
672 861 862 912 borum
899 858 1191 911 verborum
1230 856 1582 924 interpretem
1618 852 2048 908 advocabimus?

465 952 587 1005 Non
619 951 689 1003 ad
720 949 1111 1012 exsistenliam,
1144 948 1346 1017 inquit,
1390 945 1750 1015 perducentes,
1785 943 1924 1014 quod
1959 960 2042 998 se-

461 1045 556 1113 qui
617 1043 1036 1096 demonstratum
1099 1047 1198 1092 est.
1259 1037 1394 1091 lllud
1439 1034 1816 1106 συναιρούντες
1845 1034 2044 1088 dixerit

460 1137 600 1190 forte
625 1136 824 1204 aliquis
864 1149 1192 1187 arcanorum
1249 1131 1549 1200 expositor,
1602 1145 1727 1184 eum
1772 1141 2042 1197 usurpare

461 1229 581 1281 loco
617 1226 866 1282 vocabuli
892 1224 1662 1291 om:dmovrsg,connectentes.
1686 1220 2040 1290 Reliquorum

460 1329 800 1389 autem,lqna
833 1320 1053 1372 tandem
1109 1318 1321 1370 ratione
1355 1315 1557 1384 aliquis
1602 1314 2039 1382 intelligentiam,

459 1421 511 1466 ct
545 1411 942 1465 connexionem
996 1407 1370 1478 asSequatur?
1415 1407 1569 1472 Quod
1617 1414 1799 1461 ortum
1852 1413 1936 1460 est
1971 1420 2038 1458 ex

459 1504 705 1573 sequela,
745 1518 853 1556 non
885 1502 950 1554 ad
989 1503 1308 1562 essentiam,
1368 1501 1460 1554 sed
1494 1500 1560 1554 ad
1599 1499 2037 1568 appellationem,

462 1595 844 1664 cognationem
877 1600 931 1646 et
973 1592 1346 1645 habitudinem
1390 1591 1570 1644 habet.
1630 1589 1770 1656 Quid
1809 1605 1955 1653 vero,
2006 1604 2039 1642 0

459 1687 886 1756 sapientissime,
919 1682 1250 1754 appellatio?
1274 1681 1412 1736 Num
1453 1682 1701 1737 dissonat
1747 1682 1816 1735 ab
1851 1696 2038 1736 essen-

2153 491 2382 560 ηγορίᾳ,
2410 490 2477 544 τὸ
2507 490 2576 544 δὲ
2597 490 2751 555 ἐστὶ,
2792 489 2865 559 τῇ
2913 490 3091 558 οὐσίᾳ
3130 489 3626 560 συναρμόζοντες.
3642 488 3748 547 Ἶιν

2155 582 2536 647 συντεθέντων,
2562 581 2772 652 γένοιτο
2819 581 2887 635 ἂν
2933 583 3041 644 πᾶς
3091 582 3119 634 ὁ
3164 581 3320 650 λόγος
3363 582 3628 648 τοιοῦτος’
3662 585 3750 640 ὅτι

2153 674 2438 728 ἀκολουθεί
2462 674 2524 728 τὺ
2551 675 2843 744 ἀγέννητον
2889 673 3093 745 ὖνομα·
3145 674 3376 746 ἐπείπερ
3413 676 3546 729 αὐτό
3597 677 3750 732 ἐστιν

2151 767 2464 840 ἀγέννητος.
2483 767 2616 821 Τίνα
2637 768 2816 821 τοίνυν
2845 767 3086 837 ἑρμηνέα
3107 766 3214 820 τῶν
3240 768 3545 837 εἰρημένων
3572 786 3753 840 παρα-

2153 857 2496 928 στησόμεθα;
2532 860 2654 912 Οὐκ
2686 861 2774 923 εἰς
2806 856 2872 910 τὸ
2913 853 3084 922 εἶναι,
3121 857 3272 926 φησὶ,
3313 858 3755 927 συναιροῦντες

2150 948 2217 1002 τὸ
2236 949 2472 1017 δειχθέν
2489 949 2863 1005 ἀκολουθεῖν.
2893 947 3053 1001 Ἀλλά
3078 948 3138 1000 τὸ
3167 949 3266 1019 μὲν
3289 950 3748 1018 συναιροῦντες,

2152 1039 2282 1103 ἴσως
2329 1041 2392 1094 ἄν
2438 1057 2582 1104 τινες
2622 1040 2730 1093 τῶν
2771 1041 3194 1110 αἰνιγματιστῶν
3245 1041 3447 1094 εἴποιεν
3486 1042 3605 1094 ἀντὶ
3649 1042 3751 1096 τοῦ

2149 1130 2583 1197 συνάπτοντες,
2619 1131 2769 1201 αύτῷ
2800 1131 3105 1202 νενοῆσθαι.
3155 1131 3274 1185 Τῶν
3306 1131 3363 1184 δὲ
3397 1132 3600 1185 λοιπῶν
3625 1134 3752 1198 πῶς

2147 1221 2213 1274 ἄν
2236 1240 2320 1286 τις
2350 1223 2594 1295 ὲπιγνοίη
2628 1223 2689 1276 τὸ
2717 1223 2934 1276 συνετὸν
2982 1224 3076 1276 καὶ
3110 1222 3428 1290 ἀκόλουθονς
3452 1220 3527 1274 Τὸ
3553 1224 3751 1293 φανὲν,

2149 1313 2332 1383 φησὶν,
2367 1315 2430 1367 ἐκ
2459 1314 2556 1384 τῆς
2586 1313 2925 1378 ἀκολουθίας,
2959 1315 3020 1367 οὐ
3065 1313 3201 1382 πρὸς
3236 1314 3332 1384 τὴν
3361 1313 3572 1379 οὐσίαν,
3605 1315 3753 1371 ἀλλὰ.

2148 1403 2283 1474 πρὸς
2312 1403 2410 1474 τὴν
2443 1404 2812 1475 προσηγορίαν
2844 1403 3060 1466 οἰκείως
3096 1403 3230 1473 ἔχει.
3274 1405 3336 1458 Ἦ
3369 1404 3424 1457 δὲ
3467 1422 3750 1476 προσηγο-

2149 1493 2259 1562 ρία,
2285 1487 2330 1547 ὦ
2361 1494 2658 1564 σοφώτατε,
2694 1495 2780 1560 τίς
2826 1495 3061 1565 Πότερον
3092 1494 3286 1565 ἀπᾴδει
3323 1495 3423 1565 τῆς
3465 1495 3674 1558 οὐσίας,
3705 1495 3748 1564 ἢ

2149 1585 2444 1657 σύνδρομός
2475 1589 2590 1640 ἐστι
2645 1586 2786 1641 κατά
2827 1587 2922 1656 τὴν
2957 1586 3193 1654 ἔννοιαν;
3221 1589 3269 1640 εἰ
3308 1589 3405 1658 μὲν
3443 1589 3550 1660 γὰρ
3588 1591 3749 1645 ἀνοι-

2147 1679 2311 1741 κείως
2349 1678 2462 1749 ἔχει
2509 1678 2643 1750 πρὸς
2679 1679 2778 1750 τὴν
2822 1679 3007 1731 οὐσίαν
3039 1678 3100 1730 τὸ
3136 1677 3324 1749 ὄνομα,
3359 1680 3477 1744 πῶς
3506 1682 3607 1734 ὑπὸ
3639 1683 3749 1754 τῆς

459 1778 554 1839 tia,
587 1793 654 1830 an
687 1777 734 1830 ei
763 1775 1064 1830 secundum
1104 1774 1382 1827 notionem
1417 1771 1726 1827 consonat?
1785 1770 1844 1824 Si
1892 1771 2034 1826 enim

2142 1771 2237 1824 τοῦ
2269 1773 2563 1842 ἀγεννήτου
2603 1772 2970 1842 προσηγορίας
2999 1773 3032 1842 ἡ
3060 1772 3216 1825 οὐσία
3247 1773 3746 1844 χαρακτηρίζεταις

457 1868 749 1940 appellatio
798 1882 922 1921 cum
979 1865 1221 1921 essentia
1261 1866 1466 1919 nullam
1521 1879 1751 1934 prorsus
1792 1879 2040 1918 commu-

456 1961 675 2015 nionem
705 1960 952 2019 baberet,
1006 1957 1283 2028 quomodo
1317 1956 1386 2011 ab
1413 1957 1637 2026 ingeniti
1679 1956 2043 2026 appellatione

455 2050 698 2106 essentia
755 2049 978 2118 proprio
1021 2063 1125 2102 suo
1171 2045 1495 2101 charactere
1552 2043 1946 2115 insigniretur?
1985 2041 2041 2096 Si

456 2141 650 2210 igitur,
709 2149 867 2208 prout
908 2139 1026 2208 ipse
1081 2152 1274 2203 vocas,
1316 2143 1548 2206 cognato
1605 2143 1658 2190 et
1715 2136 2043 2190 naturaliter

455 2231 697 2286 essentia
727 2230 795 2282 ab
837 2228 1270 2283 innascibilitalc
1327 2226 1663 2287 continetur,
1722 2240 1831 2294 quo
1883 2231 2040 2293 pacto

455 2324 545 2378 hic
585 2322 942 2392 sejungitur?
990 2319 1200 2376 Nomen
1264 2319 1506 2373 assentire
1564 2333 1655 2371 seu
1704 2317 2036 2381 substantim,

458 2415 658 2483 inquit,
687 2410 757 2466 ad
783 2410 931 2464 aliud
966 2411 1236 2482 sequitur;
1269 2417 1323 2464 et
1359 2423 1554 2462 rursus
1595 2425 1608 2460 :
1649 2407 1765 2474 ipsa
1800 2406 2035 2461 essentia

455 2506 524 2560 ad
558 2505 725 2559 aliud.
758 2505 889 2569 Quae
931 2518 1060 2558 vero
1085 2502 1253 2557 totius
1288 2500 1451 2570 hujus
1467 2500 1734 2554 orationis
1759 2506 2038 2554 structura

454 2599 573 2654 est?
623 2597 910 2665 Sequitur,
962 2594 1162 2662 inquit,
1217 2590 1410 2654 Deum,
1463 2591 1765 2660 ingenitum
1815 2605 2035 2651 nomen,

453 2687 897 2759 quandoquidem
933 2695 1016 2740 est
1043 2686 1159 2754 ipse
1193 2685 1493 2752 ingenitus.
1539 2681 1731 2747 Deum,
1764 2683 1857 2750 qui
1885 2681 2034 2735 aliud

454 2782 716 2852 quiddam
771 2787 877 2843 est,
923 2794 1088 2848 quant
1149 2776 1479 2846 ingenitum,
1518 2774 1781 2843 subsequi
1819 2761 1906 2828 ait'
1934 2774 2037 2828 hoc

454 2887 678 2927 nomen.
711 2870 998 2936 Quomodo
1022 2869 1370 2923 divinitatem
1415 2866 1859 2921 innascibilitate
1906 2865 2038 2919 deﬁ-

454 2962 574 3018 nit?
618 2963 688 3017 At
741 2963 939 3016 iterum
990 2959 1220 3035 oggerit,
1259 2957 1452 3022 Deum,
1501 2958 1594 3028 qui
1638 2957 1877 3025 ingenita
1930 2964 2033 3022 est,

453 3053 713 3122 subsequi
748 3053 1096 3124 ingenitum?
1124 3051 1260 3118 Quis
1297 3049 1461 3106 nobis
1491 3050 1901 3104 reconditorum
1937 3051 2036 3102 bu-

448 3143 693 3215 jusmodi
767 3144 1086 3212 dogmatum
1147 3141 1325 3195 nodos
1375 3139 1678 3195 dissolvet?
1738 3138 1878 3194 Ecce
1930 3138 2032 3192 tibi

449 3237 742 3306 ingenitum
769 3235 1104 3298 antecedens,
1140 3241 1194 3286 et
1261 3232 1556 3300 ingenitum
1589 3229 1904 3300 subsequens
1929 3244 1948 3292 ;
1977 3237 2033 3282 et

449 3328 870 3398 appellationem
897 3325 1242 3386 substantiae,
1281 3336 1429 3375 nunc
1457 3321 1679 3390 quidem
1707 3321 2033 3375 naturaliter

449 3428 872 3490 competentem,
913 3432 1064 3470 nunc
1095 3431 1194 3468 ceu
1243 3413 1436 3468 aliena:
1468 3413 1635 3468 sortis
1677 3413 2031 3482 subsequen—

446 3521 579 3567 tem.
620 3512 756 3576 Quis
789 3511 877 3562 hic
920 3515 1106 3561 tantus
1141 3514 1224 3560 est
1277 3519 1406 3575 erga
1450 3504 1889 3559 innascibilitatis
1930 3519 2028 3559 no-

446 3617 571 3657 men
606 3615 776 3670 pavor
824 3609 879 3655 et
917 3595 1348 3666 obstupefactio,
1391 3603 1450 3649 ut
1487 3595 1564 3649 illi
1605 3603 1771 3657 totam
1819 3595 2022 3650 divini-

447 3695 580 3750 tatis
617 3702 867 3748 naturam
901 3690 1200 3751 adscribat,
1225 3687 1550 3753 dictitando,
1581 3688 1626 3743 si
1657 3688 1760 3742 hoc
1793 3689 2016 3744 nomine

448 3784 594 3838 Deus
633 3783 924 3843 adiciatur,
968 3780 1152 3835 omnia
1184 3780 1400 3849 pietatis
1428 3778 1553 3847 jura
1608 3779 1814 3848 integra
1872 3780 2022 3847 fore;

2144 1862 2209 1914 Ei
2247 1862 2304 1916 δὲ
2355 1864 2667 1935 προσφυῶς,
2720 1861 2904 1926 καθὼς
2953 1863 3114 1927 αὐτὸς
3162 1864 3470 1935 ὀνομάζεις,
3505 1867 3607 1919 ὑπὸ
3638 1869 3748 1936 τῆς

2143 1953 2470 2025 ἀγεννησίας
2513 1955 2546 2025 ἡ
2599 1953 2758 2008 οὐσία
2812 1953 3301 2026 περιλαμϐάνεται,
3341 1956 3458 2020 πῶς
3502 1958 3749 2014 ἐνταῦθα

2143 2044 2570 2116 καταμερίζεται
2593 2063 2607 2110 ;
2643 2045 2747 2099 Καὶ
2779 2045 2972 2115 τὸμὲν
2991 2047 3180 2116 ὄνομα
3198 2044 3306 2115 τῆς
3317 2049 3529 2116 οὐσίας
3553 2051 3751 2118 ἑτέρῳ

2141 2137 2476 2205 ἀκολουθεῖ,
2501 2139 2656 2206 αὑτὴ
2676 2138 2734 2190 δὲ
2766 2139 2929 2193 πάλιν
2951 2139 2988 2207 ἡ
3025 2141 3209 2194 οὐσία
3229 2139 3429 2209 ἑτέρῳ.
3476 2141 3572 2205 Τίς
3608 2143 3662 2196 δὲ
3703 2146 3746 2215 ἡ

2142 2229 2391 2293 σύνθεσις
2439 2231 2534 2284 τοῦ
2579 2231 2779 2295 παντὸς
2827 2231 3023 2301 λόγου;
3066 2231 3397 2298 Ἀκολουθεῖ,
3444 2234 3595 2304 φησὶ,
3656 2235 3749 2305 τῷ

2140 2317 2258 2389 Θεῷ
2314 2319 2376 2372 τὸ
2433 2320 2731 2391 ἀγέννητον
2799 2322 3004 2392 δνομα,
3065 2324 3298 2396 ἐπείπερ
3361 2325 3522 2387 αὑτός
3581 2326 3748 2380 ἐστιν

2139 2410 2455 2480 ἀγέννητος.
2522 2412 2686 2464 ’Ἄλλο
2727 2430 2780 2466 τι
2829 2414 2942 2468 ὄντι
2984 2414 3062 2485 τῷ
3089 2415 3206 2487 Θεῷ
3237 2415 3388 2486 παρά
3422 2417 3483 2469 τὸ
3505 2417 3750 2490 ἀγέννη-

2139 2518 2229 2555 τον
2259 2502 2568 2557 ἀκολουθεῖν
2607 2503 2764 2557 τοῦτο
2799 2505 2946 2573 λέγει
2983 2505 3045 2558 τὸ
3082 2506 3286 2578 δνομας
3320 2507 3586 2582 Καὶ,πῶς
3631 2511 3748 2581 τὴν

2139 2592 2370 2665 θεότητα
2416 2596 2475 2647 ὲν
2521 2597 2585 2666 τῇ
2634 2596 2931 2668 ἀγεννησίᾳ
2975 2598 3250 2668 ὀρίζεται;
3284 2599 3748 2668 ἀλλ’ἀγεννήτως

2138 2685 2250 2739 ὄντι
2276 2686 2354 2757 τῷ
2387 2685 2506 2757 Θεῷ
2542 2687 2769 2741 ἔπεσθαι
2802 2687 2963 2743 πάλιν
2996 2690 3128 2761 φησὶ
3175 2690 3236 2742 τὺ
3264 2691 3590 2763 ἀγέννητονς
3621 2695 3747 2750 Καὶ

2138 2778 2219 2842 τίς
2244 2781 2376 2851 ἡμῖν
2399 2779 2506 2833 τῶν
2532 2782 2868 2851 αἰνιγμάτων
2899 2781 3101 2836 τούτων
3123 2782 3361 2838 διαλύσει
3385 2784 3477 2837 τὸν
3501 2785 3698 2856 γρῖφον
3720 2804 3739 2853 ς

2151 2870 2499 2940 Ἀγέννητον
2547 2875 3033 2944 προηγούμενον,
3100 2877 3194 2930 καὶ
3249 2875 3581 2947 ἀγέννητον
3625 2878 3740 2947 ἐερ-

2136 2964 2454 3033 επόμενον,
2491 2965 2585 3018 καὶ
2619 2967 2992 3038 προσηγορίαν
3031 2968 3239 3032 οὐσίας,
3291 2970 3386 3023 νῦν
3419 2971 3517 3041 μὲν
3559 2989 3737 3040 προσ-

2138 3055 2288 3122 φυῶς
2331 3056 2779 3128 ὲφηρμοσμένην,
2834 3058 2994 3112 πάλιν
3040 3059 3098 3112 δὲ
3143 3060 3220 3124 ὡς
3261 3061 3542 3133 ἀλλοτρίαν
3582 3079 3728 3131 παρ-

2139 3145 2433 3215 επομένην.
2461 3146 2556 3209 Τίς
2589 3147 2646 3199 δὲ
2669 3147 2819 3218 αὐτῷ
2882 3151 2975 3202 καὶ
3023 3151 3054 3222 ἡ
3101 3151 3334 3224 τοσαύτη
3369 3154 3494 3225 περὶ
3521 3153 3579 3206 τὸ
3622 3155 3732 3225 τῆς

2137 3235 2504 3304 ἀγεννησίας
2558 3236 2729 3307 ὄνομα
2783 3241 3042 3309 πτόησιςο
3108 3241 3250 3296 ὥστε
3301 3243 3492 3314 ἐκείνῳ
3546 3245 3739 3298 πᾶσαν

2136 3325 2448 3381 ἀνατιθέναι
2488 3326 2586 3398 τὴν
2629 3328 2727 3397 τῆς
2767 3329 3018 3400 θεότητος
3067 3332 3257 3402 φύσινο
3293 3335 3386 3388 καὶ
3419 3337 3466 3389 εί
3507 3337 3608 3405 μὲν
3636 3336 3740 3389 οὗ-

2133 3433 2241 3481 τως
2269 3418 2617 3488 ὀνομασθείη,
2655 3420 2821 3489 μηδὲν
2872 3422 2972 3490 τῆς
3014 3423 3294 3489 εὐσεϐείας
3336 3427 3534 3480 ἐνδεῖν·
3579 3429 3628 3480 εἰ
3672 3429 3740 3482 δὲ

2137 3506 2232 3577 μὴ,
2264 3507 2356 3562 τὸν
2381 3508 2560 3562 πάντα
2582 3509 2683 3580 τῆς
2712 3511 2946 3576 πίστεως
2969 3515 3370 3570 κινδυνεύεσθαι
3401 3518 3557 3586 λόγον
3578 3532 3594 3582 ;
3617 3521 3741 3574 Καὶ

2130 3601 2178 3653 εί
2212 3600 2285 3672 μὴ
2323 3602 2572 3672 περιττόν
2614 3619 2697 3664 τις
2760 3604 2851 3656 καὶ
2891 3606 3159 3677 παρέλκον
3197 3610 3441 3678 οἰήσεται
3486 3611 3547 3662 τὸ
3597 3616 3742 3682 περὶ

2129 3692 2334 3746 τούτων
2363 3693 2567 3766 βραχέα
2597 3694 2887 3764 διαλαϐεῖν,
2923 3699 3122 3754 οὑτωσὶ
3161 3700 3249 3754 τὸν
3283 3702 3439 3771 λόγον
3464 3702 3655 3773 διαλης
3671 3706 3739 3756 ὁ-

2139 3783 2300 3852 μεθα.

448 3878 493 3930 si
526 3876 732 3938 minus,
767 3881 936 3928 totam
984 3871 1107 3928 lislei
1158 3885 1430 3926 summam
1481 3871 1534 3924 in
1581 3869 1883 3939 periculum
1930 3873 2147 3928 vocari?
2177 3874 2245 3927 At
2282 3873 2388 3929 nisi
2460 3876 2590 3945 quis
2654 3861 2955 3934 arbitretur
3029 3896 3499 3952 supervacaneum
3564 3900 3742 3956 pror-

448 3985 544 4024 sus
579 3979 630 4023 et
677 3966 1085 4021 infructuosum
1144 3961 1282 4026 fore,
1330 3961 1398 4016 de
1429 3963 1514 4018 bis
1563 3962 1800 4016 breviter
1841 3961 2114 4018 disserere
2138 4007 2152 4032 ,
2191 3968 2271 4021 sic
2297 3967 2726 4036 disputationem
2764 3969 3142 4026 instituemus.

516 4061 819 4118 Etet-nitas
850 4059 1052 4114 divina
1092 4056 1238 4121 vitae,
1291 4055 1336 4111 si
1369 4071 1488 4111 eam
1522 4055 1672 4110 velut
1715 4053 2030 4112 deﬁnitione

445 4156 680 4224 quadam
713 4151 1025 4207 describere
1059 4150 1214 4213 velis,
1244 4147 1512 4219 ejusmodi
1541 4154 1649 4210 est,
1684 4162 1900 4218 semper
1920 4156 2027 4216 est,

446 4263 548 4301 nec
583 4245 822 4298 admittit
863 4243 1161 4313 aliquando
1218 4257 1326 4296 non
1387 4239 1576 4306 fuisse,
1626 4249 1682 4295 et
1733 4239 2029 4310 aliquando

448 4356 555 4395 non
591 4339 858 4392 biturum.
895 4335 1005 4391 Sed
1033 4334 1496 4406 quemadmodum
1534 4335 1626 4403 qui
1669 4348 1735 4388 ex
1772 4332 2037 4387 circulari

2207 4061 2281 4113 Τὸ
2305 4061 2477 4116 ἀΐδιον
2505 4065 2606 4134 τῆς
2635 4063 2784 4128 θείας
2830 4065 2995 4136 ζωῆς,
3033 4066 3108 4128 ὡς
3133 4067 3198 4121 ἄν
3228 4084 3309 4130 τις
3342 4068 3452 4138 ὅρῳ
3479 4068 3585 4120 τινὶ
3619 4088 3738 4124 πε..

2137 4152 2372 4224 ριλαϐὼν
2401 4154 2731 4226 ύπογράψειε
2751 4199 2764 4222 ,
2797 4157 3035 4211 τοιοῦτόν
3061 4160 3209 4213 ἐστιν
3229 4177 3243 4190 ο
3287 4161 3372 4213 ἀεὶ
3424 4163 3522 4231 μὲν
3545 4164 3607 4216 ὲν
3639 4166 3741 4238 τῷ

2135 4239 2274 4298 εἶναι
2315 4245 2826 4317 καταλαμϐάνεται·
2883 4249 2975 4303 τοῦ
3008 4251 3062 4304 δὲ
3108 4251 3237 4304 ποτὲ
3281 4252 3353 4323 μὴ
3407 4249 3578 4318 εἶναι,
3623 4259 3735 4312 καὶ

2136 4336 2268 4390 ποτὲ
2321 4339 2396 4408 μὴ
2444 4338 2661 4393 ἔσεσθαι
2701 4340 2792 4394 τὸν
2845 4341 3000 4411 λόγον
3051 4344 3150 4396 οὐκ
3198 4343 3521 4414 ἐπιδέχεται.
3577 4347 3733 4402 Ἀλλ’

449 4433 620 4501 ﬁgura
659 4433 878 4501 planum
929 4404 1312 4493 dimetiuntur,
1349 4428 1633 4498 aequaliter
1667 4443 1695 4480 a
1736 4433 1928 4481 centro
1963 4425 2031 4480 ad

2140 4427 2324 4501 ὥσπερ
2352 4430 2443 4482 ἐπὶ
2469 4430 2562 4484 τοῦ
2596 4431 2954 4504 κυκλοτεροῦς
2988 4436 3283 4505 σχήματος,
3316 4439 3368 4490 oi
3391 4437 3457 4492 τά
3482 4437 3736 4496 ἐπίπεδα.

448 4524 764 4577 distantiam
797 4524 956 4578 linem
979 4523 1034 4577 in
1071 4538 1128 4578 se
1150 4522 1478 4582 convolutze,
1512 4518 1851 4574 indeﬁnitum
1879 4519 2030 4588 prin-

449 4616 651 4683 cipium
685 4616 873 4685 ﬁgura:
919 4630 1042 4670 esse
1073 4615 1250 4676 aiunt,
1305 4614 1450 4668 linea
1483 4626 1661 4680 neque
1691 4609 1744 4664 in
1777 4616 2030 4679 apertum

452 4707 612 4759 ﬁnem
666 4708 972 4770 desinente,
1031 4722 1208 4776 neque
1257 4707 1421 4760 etiam
1459 4719 1489 4757 a
1536 4702 1829 4758 manifesto
1875 4702 2031 4758 initio

449 4799 848 4867 progrediente,
892 4799 986 4854 sed
1019 4800 1380 4868 undequaqne
1415 4795 1531 4866 pari
1570 4799 1748 4866 spatio
1775 4810 1804 4849 a
1837 4803 2030 4850 centro

449 4888 774 4958 sibimetipsi
808 4893 1084 4959 copulata,
1121 4898 1177 4943 et
1204 4887 1476 4958 principio
1499 4894 1552 4941 et
1586 4888 1691 4942 ﬁne
1725 4900 1917 4941 carere
1943 4886 2030 4940 vi-

447 4981 642 5035 detur:
707 4981 898 5048 procul
952 4981 1097 5035 absit
1142 4980 1530 5042 calumniator,
1587 4977 1732 5048 quod
1783 4978 2026 5032 circum-

447 5073 668 5142 scripta:
690 5081 744 5126 et
763 5070 998 5126 deﬁnita:
1031 5071 1237 5142 ﬁgurae,
1267 5073 1740 5142 circumscriptam
1772 5081 2025 5127 naturam

445 5165 916 5237 comparaverim:
952 5178 1058 5217 non
1085 5165 1230 5218 enim
1255 5166 1319 5220 ad
1347 5165 1536 5218 circuli
1565 5164 2030 5233 circumscriptio-

445 5274 590 5325 nem,
628 5257 721 5312 sed
758 5256 824 5310 ad
864 5253 1274 5311 similitudinem
1317 5256 1439 5323 ejus
1487 5256 1610 5309 vitae
1643 5271 1738 5310 seu
1794 5262 2024 5318 naturae,

445 5367 568 5420 quae
622 5351 990 5420 undequaque
1040 5347 1612 5417 incomprehensibilis
1660 5355 1764 5411 est,
1820 5347 2024 5410 intuiti,

448 5440 781 5496 allirmamus
813 5441 955 5493 hanc
982 5437 1306 5493 aeternitatis
1337 5437 1614 5490 notionem
1646 5452 1790 5491 esse.
1822 5439 1864 5489 A
1892 5451 2028 5506 prte-

450 5533 590 5584 Srnli
623 5534 766 5586 enim
802 5539 1098 5599 momento,
1151 5531 1297 5586 velut
1332 5544 1361 5583 a
1394 5538 1582 5584 centro
1617 5538 1672 5584 et
1700 5529 1857 5599 signo
1886 5544 2026 5598 quo-

449 5619 597 5683 dam,
634 5631 866 5676 mcntem
892 5625 956 5678 ad
988 5623 1308 5678 inﬁnitatem
1343 5621 1466 5676 vitae
1490 5621 1639 5676 illius
1667 5619 2028 5676 extendentes

450 5718 502 5766 et
531 5712 988 5783 circumagentes,
1028 5717 1312 5775 aequaliter
1335 5725 1388 5771 et
1419 5714 1671 5770 similiter
1700 5713 1771 5770 ab
1796 5711 2025 5768 humen-

2133 4524 2593 4594 γεωμετροῦντες,
2625 4525 2809 4598 ἐξίσης
2835 4529 2943 4582 ἀπὸ
2966 4529 3060 4581 τοῦ
3086 4529 3312 4601 κέντρου
3343 4531 3477 4602 πρὸς
3503 4532 3563 4585 τὸ
3599 4533 3734 4589 διά-

2135 4630 2315 4684 στημα
2360 4615 2459 4685 τῆς
2505 4618 2770 4688 γραμμῆς
2808 4619 2944 4690 πρὸς
2977 4620 3174 4690 ἑαυτὴν
3200 4621 3523 4692 έλιχθείσης,
3555 4623 3727 4694 (M9:-

2133 4721 2256 4757 στον
2283 4700 2540 4778 εἶναιτὴν
2561 4709 2736 4779 ἀρχὴν
2755 4709 2848 4763 τοῦ
2873 4711 3152 4782 σχήματος
3178 4711 3394 4780 λέγουσι
3420 4730 3432 4743 ·
3467 4715 3605 4784 μήτε
3631 4717 3732 4782 εἰς

2129 4796 2282 4860 τέλος
2309 4798 2766 4871 ὁμολογούμενον,
2817 4803 2954 4874 μήτε
2999 4804 3078 4866 εις
3114 4804 3289 4874 ἀρχὴν
3335 4805 3571 4877 φανερὰν
3612 4808 3732 4880 τῆς·

2128 4890 2389 4961 γραμμῆς
2439 4891 2844 4964 διασπωμένης,
2883 4893 2998 4948 ἀλλ’
3047 4896 3110 4949 ὲκ
3154 4895 3264 4949 τῶν
3300 4896 3428 4950 ἴσων
3475 4898 3729 4970 διαστη-

2132 4980 2318 5050 μάτων
2351 4983 2691 5053 πανταχόθεν
2710 4985 2772 5036 ὲκ
2801 4984 2897 5038 τοῦ
2921 4986 3145 5056 κέντρου
3173 4986 3309 5056 πρὸς
3336 4987 3534 5059 ἑαυτὴν
3565 4990 3727 5055 ἡνω-

2132 5071 2320 5143 μένης,
2355 5074 2613 5143 ἐκφυγεῖν
2660 5076 2720 5129 τὸ
2753 5076 2927 5147 ἀρχήν
2960 5096 3079 5131 τινα
3157 5078 3248 5132 καὶ
3281 5078 3536 5151 τελευτὴν
3583 5083 3720 5137 ἑπι-

2127 5162 2402 5227 δείξασθαι
2421 5182 2434 5197 ο
2471 5165 2612 5220 οὕτω
2655 5167 2750 5220 καὶ
2781 5167 2968 5238 μηδεὶς
3001 5169 3408 5237 συκοφαντείτω
3435 5171 3526 5225 τὸν
3551 5171 3722 5239 λόγον

2127 5251 2203 5316 ὡς
2250 5255 2751 5326 περιγεγραμμένη)
2799 5259 3036 5327 σχήματι
3092 5257 3191 5329 τὴν
3247 5258 3498 5329 ἀόριστον
3544 5259 3718 5328 φύσιν

2128 5346 2599 5415 προσεικαζὸντων
2621 5363 2634 5376 ο
2664 5347 2727 5400 οὺ
2769 5346 2878 5418 γὰρ
2909 5348 3045 5420 πρὸς
3084 5348 3183 5420 τὴν
3230 5350 3579 5422 περιγραφὴν
3613 5351 3716 5404 τοῦ

2126 5433 2327 5488 κύκλου
2356 5434 2670 5505 βλέποντες,
2707 5435 2841 5491 ἀλλά
2882 5437 3018 5509 πρὸς
3050 5438 3111 5491 τὸ
3137 5440 3322 5510 ὅμοιον
3357 5438 3453 5494 τοῦ
3503 5458 3718 5496 παντα-

2127 5524 2283 5595 χόθεν
2331 5526 2572 5596 ἀλήπτου
2610 5527 2711 5597 τῆς
2759 5526 2906 5598 ζωῆς
2969 5529 3315 5600 ἀφορῶντες,
3376 5531 3561 5602 φαμὲν
3610 5533 3712 5586 τοῦ

2125 5615 2294 5669 ἀῖδίου
2332 5615 2429 5686 τὴν
2475 5617 2684 5672 ἔννοιαν
2728 5619 2931 5689 ταύτην
2972 5616 3132 5676 εἶναι.
3177 5621 3310 5675 Ἀπὸ
3339 5621 3450 5690 γὰρ
3480 5622 3576 5676 τοῦ
3609 5621 3712 5679 νῦν

2126 5706 2453 5774 ἐνεστῶτος,
2485 5707 2671 5763 ὥσπερ
2716 5710 2826 5766 ἀπὸ
2873 5712 3118 5786 κέντρου,
3160 5713 3254 5770 καὶ
3293 5713 3525 5785 σημείου
3559 5714 3713 5782 τινὸς
