4064 6146
275 313 363 373 457

1375 310 1651 368 CONTRA
1693 310 2083 379 EUNOMIUM,
2143 314 2274 369 LIB.
2318 315 2358 374 1.

3414 329 3518 383 ιω

271 425 584 495 πανταχόθεν
614 425 712 496 τὴν
749 426 987 481 διάνοιαν
1031 428 1167 500 πρὸς
1203 431 1266 482 rb
1305 428 1530 500 ἄπειρον
1561 431 1657 500 τῆς
1688 431 1830 499 ζωῆς

1941 432 2096 487 sitate
2126 432 2216 487 illa
2245 434 2298 487 in
2323 434 2532 488 circulo
2555 435 3052 494 circnmrotamur:
3092 438 3519 510 continuamqne

271 515 655 579 ἑαεκτείνοντές
669 533 726 568 τε
747 517 840 569 καὶ
857 517 1228 588 περιάγοντες,
1251 518 1381 582 ἴσως
1394 519 1487 570 καὶ
1508 519 1708 588 ὁμοίως
1733 518 1836 571 ὑπὸ

270 609 354 678 τῆς
376 606 756 677 ἀκαταληψίας
781 609 838 660 ὲν
855 607 1038 678 κύκλῳ
1065 610 1486 681 περιελκόμεθα,
1516 610 1710 680 συνεχῆ
1743 610 1836 663 καὶ

275 698 619 753 ἀδιάσπαστον
640 700 808 770 αὐτὴν
833 701 967 772 πρὸς
989 703 1186 774 ἑαυτὴν
1206 704 1304 775 τὴν
1332 705 1481 758 θείαν
1500 705 1643 775 ζωὴν
1670 705 1835 756 ἁπαν-

271 789 481 858 ταχόθεν
531 790 1072 862 καταλαμϐάνοντες·
1123 796 1217 848 καὶ
1277 797 1427 850 οὐδὲν
1487 799 1689 868 πέρας,
1740 794 1835 849 καὶ

273 879 403 930 οὐδὲν
456 879 620 949 μέρος
672 881 970 949 ἐπιγνῶναι
1019 883 1325 954 δυνάμενοι.
1381 885 1552 941 Τοῦτο
1604 886 1835 955 λέγομεν

275 971 383 1040 περὶ
403 971 503 1040 τῆς
526 971 825 1043 ἀῖδιότητος
847 973 941 1026 τοῦ
970 974 1126 1041 Θεοῦ,
1149 975 1177 1028 ὃ
1207 993 1280 1030 πα
1291 978 1357 1049 ρὰ
1379 979 1476 1048 τῆς
1500 976 1836 1049 προφητείας

275 1059 592 1130 ἠκούσαμεν,
640 1061 719 1114 ὅτι
763 1063 924 1129 Θεὸς.
969 1066 1064 1118 καὶ
1112 1067 1412 1134 ,ϐασιλεὺς
1449 1068 1831 1136 προαιώνιος⁶

275 1152 355 1205 καί
379 1152 696 1216 βασιλεύει
735 1154 842 1207 τόν
869 1154 1072 1223 αὶῶγα,
1103 1161 1200 1212 καὶ
1231 1160 1322 1212 ἐπ’
1347 1161 1532 1214 αἰῶνα
1552 1202 1565 1226 ,
1599 1159 1694 1214 καὶ
1723 1159 1831 1213 ἔτι.

276 1246 369 1298 Καὶ
395 1245 482 1298 διὰ
519 1245 680 1298 τοῦτο
708 1245 975 1319 ἀνώτερον
1008 1250 1108 1318 μὲν
1146 1251 1327 1322 πάσης
1354 1253 1547 1323 ἀρχῆς,
1579 1254 1835 1323 περισσό-

273 1352 411 1407 τερον
440 1335 496 1388 δὲ
517 1338 716 1400 παντὸς
743 1338 927 1403 τέλους
949 1336 1086 1394 εἶναι
1108 1341 1470 1414 διοριζόμεθα.
1505 1345 1721 1413 Ταύτην
1744 1341 1836 1398 οῦν

273 1426 356 1498 τὴν
412 1427 618 1481 ἔννοιαν
661 1428 738 1490 ὡς
775 1431 1089 1501 πρέπουσαν
1121 1433 1240 1504 Θεῷ
1273 1435 1380 1489 τῶν
1419 1436 1553 1490 ὅλων
1589 1440 1716 1508 περὶ
1742 1436 1836 1490 αύ-

277 1517 351 1570 τὸν
376 1517 587 1587 ἔχοντες
605 1558 619 1582 ,
665 1517 759 1570 δύο
790 1523 1182 1592 προσηγορίαις
1206 1525 1266 1577 rb
1295 1525 1484 1595 νοηθὲν
1514 1525 1834 1594 ἐξαγγέλλο-

277 1625 362 1678 μεν
384 1650 396 1672 ,
431 1601 520 1676 τῷ
550 1611 858 1680 ἀΊἘν-νήτῳ
878 1652 891 1677 ,
938 1615 1032 1667 καὶ
1066 1615 1145 1680 τῷ
1189 1617 1563 1687 ἀτελευτήτῳ
1591 1619 1651 1670 rb
1678 1619 1833 1673 ἄπει-

277 1718 387 1773 ρον,
438 1702 531 1754 καὶ
576 1703 858 1773 διηνεκὲς,
901 1706 996 1758 καὶ
1048 1707 1217 1761 ἀΐδιον
1256 1709 1356 1778 τῆς
1395 1707 1539 1780 ζωῆς
1577 1711 1669 1764 τοῦ
1699 1710 1835 1763 Θεοῦ

273 1795 647 1865 παριστῶντες.
680 1796 742 1848 Et
765 1795 874 1868 γὰρ
902 1796 962 1849 rb
983 1797 1068 1850 ἓτε
1080 1814 1168 1867 ρον
1193 1798 1399 1852 τούτων
1431 1799 1590 1870 μόνον
1629 1801 1708 1863 είς
1737 1800 1836 1872 τὴν

271 1887 491 1940 διάνοιαν
520 1887 723 1958 ταύτην
757 1888 1166 1962 παραληφθείη,
1209 1891 1511 1964 σιωπηθείη
1543 1892 1598 1946 δὲ
1634 1892 1695 1945 τὸ
1728 1893 1837 1945 λει-

271 1982 526 2051 πόμενον,
577 1978 833 2049 χωλεύσει
867 1980 1082 2045 πάντως
1129 1983 1191 2036 τὸ
1237 1982 1637 2054 σημαινόμενον
1671 1984 1729 2036 ὲν
1761 1981 1836 2052 τῷ

272 2072 513 2126 λείποντι.
555 2070 692 2125 Οὔτε
730 2073 838 2143 γάρ
884 2073 1000 2126 ἐστι
1029 2074 1251 2127 δυνατὸν
1300 2073 1418 2136 ἑνός
1460 2091 1604 2137 τινος
1632 2073 1837 2128 τούτων

271 2165 354 2234 τὴν
375 2167 432 2217 ἐν
466 2163 713 2235 ἑκατέρῳ
739 2164 1014 2234 σημασίαν
1056 2166 1222 2233 ὑγιῶς
1252 2167 1632 2236 παραστῆσαι-
1667 2169 1694 2220 ὁ
1731 2167 1838 2238 γὰρ

270 2256 612 2327 ἀτελεύτητον
645 2254 835 2318 εἰπὼν,
882 2256 982 2324 τὴν
1023 2257 1160 2327 πρὸς
1195 2257 1255 2310 rb
1283 2257 1436 2321 τέλος
1478 2258 1638 2327 μόνον
1685 2257 1839 2310 ἁλλο-

269 2347 481 2417 τρίωσιν
515 2345 742 2412 ἔδειξεν·
787 2345 847 2398 οὐ
902 2347 1009 2417 μήν
1033 2363 1088 2398 τι
1123 2347 1217 2400 καὶ
1247 2349 1374 2418 περὶ
1401 2348 1501 2410 τῆς
1553 2346 1727 2417 ἀρχῆς
1763 2347 1837 2400 δι-

269 2439 450 2509 ελέχθη
476 2454 492 2470 ⁶
531 2440 624 2492 καὶ
665 2441 693 2492 ὁ
716 2440 806 2493 τὸν
845 2439 1076 2511 ἄναρχον
1123 2441 1426 2509 ὀνομάσας,
1461 2439 1520 2493 rb
1562 2440 1656 2510 μὲν
1699 2439 1840 2510 ὑπὲρ

269 2533 434 2602 ἀρχὴν
467 2527 608 2585 εἶναι
643 2531 702 2584 τὸ
729 2532 1126 2602 σημαινόμενον
1150 2531 1346 2598 ἔδειξε·
1379 2531 1469 2586 τὸν
1497 2532 1554 2585 δὲ
1587 2533 1715 2603 περ)⁵
1745 2533 1838 2586 τοῦ

268 2625 442 2688 τέλους
469 2625 627 2692 λόγον
657 2625 866 2695 ἀφῆκεν
895 2625 1214 2695 ἁμφίῦολον.

333 2716 550 2769 Τούτων
579 2713 698 2779 οῦν,
746 2719 821 2780 ὡς
866 2715 1034 2787 ἔφην,
1075 2716 1182 2771 τῶν
1220 2716 1497 2786 ὀνομάτων
1544 2717 1741 2788 ἐπίσης
1779 2718 1839 2771 rb

267 2807 428 2860 ἀΐδιον
471 2808 572 2876 τῆς
617 2805 765 2870 θείας
795 2806 936 2875 ζωῆς
982 2807 1398 2879 παριστὼντων,
1438 2810 1626 2880 καιρὸς
1659 2810 1724 2864 ἂν
1755 2811 1836 2881 εἴη

266 2896 656 2964 κατεξετάσαι,
691 2896 806 2960 πῶς
845 2891 989 2949 οῦτοι
1018 2897 1394 2967 διατέμνοντες
1431 2898 1524 2951 τοῦ
1573 2900 1739 2955 ἀϊδίου
1780 2901 1840 2953 rb

269 2987 666 3060 σημαινόμενον
687 3031 700 3052 ,
726 2987 787 3040 rb
819 2989 917 3058 μὲν
945 2991 1040 3058 τῆς
1067 2989 1242 3059 ἀρχῆς
1266 2991 1607 3061 ἀναιρετικὸν
1638 2993 1836 3065 νόημα,

264 3080 447 3134 οὐσίαν
472 3076 610 3132 εἷναί
643 3096 824 3148 φασιν,
857 3081 916 3132 οὐ
958 3081 1086 3150 περὶ
1117 3081 1175 3134 rb
1202 3081 1368 3135 ἀΐδιον
1399 3081 1752 3154 θεωρεῖσθαι·
1782 3085 1849 3152 τὸ,

261 3174 316 3226 δὲ
344 3172 439 3226 τοῦ
479 3173 668 3235 τέλους
708 3172 1092 3238 ἀνεπίδεκτον,
1137 3176 1193 3227 ὲν
1233 3178 1344 3239 τοῖς
1382 3175 1486 3240 ἔξω
1523 3177 1623 3247 τῆς
1655 3179 1841 3243 οὐσίας

261 3265 585 3335 λογίζονται.
619 3264 731 3317 Οὐκ
754 3260 873 3317 οἶδα
891 3265 996 3317 τίνι
1024 3265 1229 3337 διανοίᾳ
1255 3265 1315 3319 rb
1335 3267 1574 3321 τοιοῦτον
1602 3269 1842 3340 ἀποκλη-

262 3355 483 3427 ροῦντες
506 3373 517 3385 ’
546 3355 686 3410 ὥστε
709 3355 769 3408 rb
799 3355 895 3427 μὲν
937 3356 1112 3427 ἀρχὴν
1143 3357 1216 3426 μὴ
1246 3357 1389 3427 ἔχειν
1427 3359 1484 3413 ἐν
1515 3359 1671 3432 οὐσία
1696 3359 1841 3413 τίθε-

264 3449 387 3500 σθαι
406 3463 419 3476 ⁸
457 3447 518 3500 τὸ
540 3447 596 3501 δὲ
619 3447 767 3511 τέλος
802 3447 875 3519 μὴ
905 3447 1068 3518 ἔχειν,
1100 3449 1173 3513 ὡς
1205 3451 1361 3513 ἐκτὸς
1384 3450 1480 3520 τῆς
1505 3452 1691 3516 οὐσίας
1714 3455 1844 3506 ἀπο·

262 3541 552 3597 ποιεῖσθαι.
623 3541 822 3611 Ἐχρῆν
873 3541 980 3612 γὰρ
1033 3542 1220 3614 ἐπειδὴ
1261 3543 1328 3597 τὰ
1377 3543 1468 3596 δύο
1529 3545 1657 3614 περὶ
1713 3546 1843 3600 αὐτὸ

261 3637 565 3707 θεωρεῖται,
606 3635 638 3706 ἢ
663 3634 951 3706 ἀμφότερα
980 3637 1058 3698 είς
1081 3635 1170 3688 τὸν
1199 3636 1296 3706 τῆς
1322 3637 1507 3699 οὐσίας
1539 3637 1840 3709 παραδέξα-

263 3727 386 3781 σθαι
415 3727 571 3794 λόγον
597 3743 614 3760 ο
654 3727 783 3780 εἰτὸ
811 3726 867 3779 ἓν
912 3727 1214 3796 ἀπόϐλητον
1242 3727 1482 3799 ἔκριναν,
1510 3730 1844 3783 συναποὸἀλ-

259 3819 374 3871 λειν
410 3817 584 3888 τούτῳ
629 3819 721 3872 καὶ
751 3818 811 3870 rb
837 3816 1176 3888 λειπόμενον.
1207 3818 1268 3870 El
1291 3819 1348 3871 δὲ
1377 3819 1591 3883 πάντως
1621 3820 1843 3890 ἀρέσκει

257 3908 536 3972 διελόντας
563 3907 655 3962 τοῦ
687 3907 857 3960 ἀϊδίου
887 3908 983 3977 τὴν
1013 3907 1240 3971 ἔννοιαν,
1273 3909 1334 3961 τὸ
1367 3910 1465 3980 μέν
1485 3927 1535 3962 τι
1561 3912 1638 3973 εἰς
1659 3911 1843 3965 οὐσίαν

258 4001 358 4069 τῆς
385 3999 532 4061 θείας
566 3999 778 4066 φύσεως
813 4000 1169 4052 κατατάττειν
1194 4014 1206 4026 ·
1232 3997 1294 4052 rb
1313 3999 1447 4052 δὲέν
1469 4003 1580 4062 τοῖς
1618 4002 1692 4071 μὴ
1726 3996 1843 4054 οὖσι

257 4090 694 4159 συλλογίζεσθαι,
722 4089 906 4164 ἐπειδὴ
927 4092 1200 4152 ταπεινοῖς
1225 4091 1506 4161 λογισμοῖς
1534 4089 1599 4143 τὰ
1622 4091 1844 4146 τοιαῦτα

257 4183 472 4252 κρίνειν
511 4181 753 4234 ἐθέλουσι
777 4197 790 4211 ο
829 4181 964 4249 πρὸς
1004 4180 1064 4233 rb
1101 4180 1232 4248 ὕψος
1272 4181 1378 4232 τῶν
1410 4181 1538 4254 περὶ
1564 4179 1696 4234 Θεοῦ
1724 4199 1846 4253 νοη-

259 4273 472 4340 μάτων,
501 4273 690 4343 ὥσπερ
732 4273 801 4326 τὰ
848 4273 1334 4344 πτεροῤῥυήσαντα
1364 4274 1471 4329 τῶν
1505 4277 1710 4347 ὀρνέων
1745 4275 1845 4328 οὐκ

254 4363 652 4433 ἀνιπύμενον
704 4363 1170 4434 συμϐουλεύσαιμι
1216 4365 1280 4420 ἂν
1313 4367 1494 4430 αὐτοῖς
1533 4368 1707 4437 ἔγωγε
1749 4386 1844 4438 με-

1935 531 1989 577 et
2039 521 2365 580 indivulsam
2424 525 2596 595 ipsam
2647 529 2714 582 ad
2774 531 3012 599 seipsam
3051 531 3294 584 divinam
3348 532 3515 586 vitam

1936 613 2296 684 undequaque
2341 619 2779 686 complectimur,
2837 623 3019 677 omnis
3075 621 3200 677 ﬁnis
3236 621 3520 692 partisque

1935 715 2229 774 expertem.
2265 706 2382 761 Hoc
2423 709 2489 764 de
2526 713 2830 768 mternitate
2862 712 2952 768 Dei
2985 715 3270 779 docemus,
3307 715 3454 784 quod
3489 730 3518 766 a

1935 795 2205 867 Propheta
2253 801 2638 869 cognovimus:
2685 801 2851 856 Deum
2889 822 3000 858 esse
3048 821 3216 875 regem
3246 816 3370 860 ante
3416 820 3520 859 τωο

1937 886 2080 954 cula,
2113 888 2202 958 qui
2236 889 2368 958 regit
2394 889 2458 942 ab
2477 899 2673 945 wterno
2707 890 2762 942 in
2796 899 3070 955 retentum,
3094 901 3139 944 et
3171 893 3314 946 ultra
3335 893 3400 924 ⁵⁵⁵*
3425 907 3519 948 :ea

1936 985 2176 1048 propter,
2225 981 2563 1048 superiorem
2605 979 2753 1032 omni
2799 981 3091 1050 principio,
3121 991 3175 1034 ct
3204 981 3516 1037 ulteriorem

1937 1073 2084 1127 omni
2126 1072 2231 1127 ﬁne
2270 1074 2585 1130 statuimus.
2633 1073 2786 1130 Hanc
2833 1077 3296 1132 existimationem
3333 1117 3348 1141 ,
3405 1093 3517 1146 qua

1936 1163 2084 1218 velut
2119 1164 2499 1219 universorum
2535 1165 2644 1221 Deo
2669 1175 3038 1223 consentanea
3057 1168 3123 1223 de
3151 1169 3333 1222 divina
3356 1168 3520 1238 maje-

1937 1263 2075 1310 state
2106 1255 2297 1310 imbuti
2332 1273 2540 1321 sumus,
2577 1260 2793 1316 duobus
2834 1239 3152 1316 nominibus
3198 1260 3390 1315 ell‘crre
3426 1275 3519 1314 εοη

1937 1344 2131 1409 lcmus,
2167 1345 2416 1415 ingenito,
2465 1357 2517 1403 et
2543 1349 2906 1413 interminato,
2940 1363 3174 1419 quorum
3212 1349 3306 1403 illo
3336 1349 3520 1402 inlini-

1937 1445 2102 1490 tatem
2137 1444 2189 1491 et
2224 1437 2669 1504 immensitatem,
2721 1440 2824 1495 hoc
2861 1442 3276 1512 perpetuitatem
3318 1441 3518 1495 divinae

1937 1529 2060 1582 vitae
2090 1529 2454 1587 declaramus.
2486 1531 2541 1586 Si
2573 1533 2719 1587 enim
2746 1533 2977 1589 alterum
3013 1535 3276 1588 duntaxat
3301 1548 3366 1587 ex
3388 1532 3519 1588 duo-

1938 1619 2041 1674 bus
2080 1621 2351 1690 praedictis
2378 1623 2662 1678 vocabulis
2693 1622 2759 1677 ad
2794 1639 2927 1678 rem-
2957 1625 3100 1678 banc
3139 1623 3518 1694 explicandam

1939 1718 2274 1775 assumatur,
2306 1714 2538 1774 alterum
2572 1714 2891 1781 reticeatnr,
2933 1714 3300 1786 signiﬁcatum
3334 1714 3389 1768 in
3429 1729 3516 1776 eo,

1870 1778 1912 1836 Β
1943 1800 2087 1870 quod
2136 1801 2487 1872 relinquitur,
2527 1817 2782 1859 mancum
2835 1814 2890 1861 et
2931 1805 3184 1860 mutilum
3218 1804 3351 1859 erit:
3411 1818 3519 1857 non

1937 1892 2082 1945 enim
2113 1890 2228 1947 ﬁeri
2265 1902 2463 1963 potest,
2512 1903 2572 1950 ut
2602 1911 2770 1950 unum
2804 1895 3000 1951 borum
3029 1912 3093 1952 ex
3131 1895 3217 1950 bis
3246 1893 3520 1965 signiﬁca-

1939 1981 2164 2046 tionem,
2209 1999 2331 2053 quas
2379 1984 2434 2038 in
2472 1985 2737 2040 alterutro
2787 1994 2904 2050 est,
2961 1993 3110 2041 recte
3141 1992 3516 2056 repraesentet.

1937 2071 2071 2126 Nam
2105 2074 2194 2143 qui
2227 2074 2644 2130 interminatnm
2682 2077 2954 2143 nominat,
2997 2079 3043 2133 is
3077 2078 3254 2132 solum
3286 2076 3520 2132 termino

1940 2176 2128 2218 carere
2167 2162 2396 2223 indicat.
2430 2172 2485 2218 at
2521 2164 2588 2221 de
2618 2165 2888 2236 principio
2921 2165 3055 2220 nihil
3090 2166 3314 2220 interim
3366 2179 3520 2220 asse-

1940 2255 2064 2309 ruit.
2105 2253 2169 2309 Et
2201 2257 2292 2326 qui
2322 2255 2576 2327 principii
2604 2268 2878 2329 expertem
2907 2258 3165 2328 appellat,
3189 2257 3235 2312 is
3266 2257 3342 2323 id,
3373 2256 3521 2327 quod

1941 2347 2295 2417 significatur,
2332 2363 2496 2420 supra
2526 2364 2688 2405 omne
2727 2349 3061 2420 principium
3101 2365 3225 2405 esse
3256 2348 3516 2412 ostendit,

1942 2449 1995 2492 at
2025 2439 2148 2496 linis
2179 2441 2449 2496 rationem
2486 2441 2745 2512 relinquit
2780 2441 3112 2512 ambiguam.

2012 2711 2148 2766 Cum
2176 2712 2342 2782 igitur
2368 2712 2483 2768 balc
2507 2714 2791 2778 vocabula,
2823 2722 2881 2768 ut
2908 2714 3042 2777 dixi,
3070 2713 3352 2784 aequaliter
3371 2719 3524 2769 teter.

1941 2801 2167 2856 nitatem
2197 2803 2320 2858 vitae
2355 2803 2556 2858 divina:
2590 2803 2907 2869 exhibeant,
2938 2810 3152 2878 tempus
3185 2811 3290 2864 est,
3319 2809 3380 2856 ut
3408 2800 3523 2856 dis-

1943 2894 2247 2962 quiramns,
2276 2895 2550 2964 quomodo
2573 2896 2658 2950 isti
2686 2894 3012 2950 :eternitatis
3035 2893 3340 2965 significato
3364 2895 3520 2965 quasi

1943 2986 2205 3047 dissecto,
2239 2984 2448 3050 dicant,
2499 2988 2778 3043 notionem
2815 2987 2988 3052 illam,
3025 3003 3147 3058 qua:
3182 3003 3342 3042 omne
3374 2989 3525 3057 prin-

1946 3081 2148 3150 cipium
2181 3087 2420 3135 removet
2450 3079 2643 3152 (quam
2677 3081 3042 3136 substantiam
3087 3095 3211 3135 esse
3242 3080 3525 3149 aiunt),in
3575 3127 3582 3134 .

1943 3173 2251 3228 aeternitate
2284 3187 2394 3227 non
2423 3171 2690 3242 spectari;
2731 3181 2786 3227 et
2835 3171 3065 3227 termino
3093 3185 3300 3233 carere,
3344 3171 3398 3223 in
3435 3171 3523 3234 iis,

1943 3280 2064 3335 qua:
2084 3271 2240 3318 extra‘
2258 3261 2557 3318 essentiam
2586 3269 2736 3324 sunt,
2756 3259 3063 3329 computari
3090 3258 3309 3313 debere.
3329 3257 3526 3312 Nescio

1943 3372 2107 3428 quam
2154 3354 2432 3410 notionem
2482 3362 2536 3408 et
2583 3352 3015 3423 speculationem
3065 3351 3237 3406 secuti
3285 3349 3525 3413 tradant,

1944 3447 2202 3519 principii
2244 3452 2522 3516 expertem
2554 3459 2700 3510 esse,
2736 3460 2860 3500 esse
2885 3442 3275 3504 substantiam,
3311 3450 3365 3496 at
3402 3441 3526 3496 linis

1919 3535 2314 3610 ‘negationem,
2347 3539 2506 3608 quasi
2552 3547 2708 3592 extra
2748 3536 3114 3592 substantiam
3167 3536 3525 3606 ablegandam

1944 3647 2088 3687 esse.
2120 3629 2417 3700 Oportebat
2449 3629 2615 3694 enim,
2643 3644 2768 3682 cum
2803 3629 2912 3683 duo
2940 3627 3044 3683 ista
3083 3627 3138 3683 in
3177 3626 3367 3683 eodem
3396 3642 3528 3681 con-

1945 3723 2278 3786 siderentur,
2337 3730 2433 3775 aut
2481 3731 2778 3789 utrumque
2824 3721 2878 3773 in
2925 3719 3246 3775 substantire
3292 3718 3528 3772 classem

1945 3815 2210 3886 recipere,
2243 3815 2328 3868 vel
2357 3814 2409 3869 se“
2438 3828 2607 3868 unum
2640 3810 3009 3880 abjiciendum
3042 3817 3398 3872 censuerunt,
3435 3807 3530 3864 ab-

1939 3908 2111 3978 jicere
2145 3907 2309 3962 simul
2334 3913 2388 3961 et
2419 3906 2674 3959 alterum.
2711 3901 2766 3956 Si
2798 3917 2926 3957 vero
2957 3901 3064 3957 illis
3099 3902 3322 3956 omnino
3357 3899 3526 3966 lubet,

1945 3999 2119 4054 divisa
2166 3998 2492 4054 aeternitatis
2547 3996 2791 4058 notione,
2843 3995 3078 4050 alterum
3126 3993 3348 4064 quidem
3392 3991 3529 4045 sub-

1945 4093 2159 4146 stantize
2192 4091 2390 4144 divinae
2421 4098 2630 4144 natura
2660 4087 2946 4158 deputare,
2994 4086 3226 4140 alterum
3263 4084 3351 4146 iis,
3409 4095 3531 4150 quae

1945 4199 2054 4238 non
2095 4184 2388 4242 exsistunt,
2446 4195 2741 4236 aceensere
2776 4175 3258 4249 (quandoquidem
3297 4173 3529 4242 abjectis

1945 4283 1997 4328 et
2030 4272 2228 4326 vilibus
2262 4270 2686 4340 cogitationibus
2731 4269 2849 4322 hzec
2903 4265 3210 4334 dijudicare
3255 4263 3527 4327 nituntur,

1948 4378 2293 4434 nequaquam
2329 4361 2529 4427 idonei,
2557 4355 2648 4430 qui
2675 4374 2733 4415 se
2763 4358 2830 4413 ad
2863 4355 3120 4412 sublimia
3142 4355 3209 4409 de
3235 4349 3343 4408 Deo
3367 4367 3528 4407 sensa

249 4456 516 4514 ταλαὸεῐν
555 4455 690 4527 πρὸς
739 4455 798 4509 τὸ
826 4458 1066 4510 ἐναντίον
1108 4459 1175 4511 τὰ
1224 4457 1498 4529 δόγματα·
1537 4460 1612 4524 ὡς
1641 4460 1699 4512 rb
1742 4461 1840 4531 μὲν

1947 4455 2220 4517 attollant,
2253 4451 2308 4507 in
2341 4453 2510 4506 altum
2543 4466 2652 4505 non
2687 4449 3062 4510 subvolantes,
3097 4461 3247 4500 more
3277 4443 3529 4498 videlicet

247 4547 664 4613 ἀτελεύτητον
753 4549 812 4603 ἐν
867 4548 1026 4620 οὐσία
1081 4550 1424 4617 λογίζεσθαι,
1483 4553 1743 4623 περιορᾷν
1788 4551 1844 4605 δὲ

250 4636 468 4705 μᾶλλον
497 4635 590 4688 τοῦ
637 4636 992 4708 ἀτελευτήτου
1038 4639 1096 4693 rb
1142 4641 1396 4710 ἄναρχον,
1445 4639 1522 4711 τῷ
1562 4641 1806 4711 μέλλοντι
1829 4682 1841 4701 ,

246 4727 356 4781 καὶ
395 4727 474 4797 τῷ
507 4731 627 4780 κατ’
680 4729 895 4791 ἐλπίδας
927 4730 1124 4792 πλέον,
1159 4731 1191 4802 ἢ
1235 4731 1314 4802 τῷ
1348 4733 1699 4804 παρῳχηκότι
1754 4733 1847 4788 καὶ

245 4819 416 4889 ὲὼλῳ
440 4819 507 4874 τὰ
533 4823 774 4890 πρωτεῖα
801 4823 1226 4892 προσνέμοντας.
1282 4823 1502 4894 Ἐπειδὴ
1533 4823 1641 4891 γὰρ
1671 4824 1847 4896 (λέγω

242 4911 309 4970 δὲ
362 4911 538 4965 ταῦτα
581 4912 670 4966 διὰ
707 4913 830 4977 τοὺς
869 4919 1096 4986 μικροὺς
1154 4915 1224 4970 τὰ
1270 4915 1544 4988 ψυχάρια,
1585 4917 1846 4981 ἑκουσίως

243 5005 320 5074 τῇ
358 5003 472 5058 τῶν
505 5005 716 5076 νηπίων
766 5007 1026 5077 ὑπολήψει
1075 5008 1434 5076 συγκατάγων
1487 5009 1577 5062 rbv
1621 5009 1806 5078 λόγον)
1830 5025 1843 5038 ·

241 5095 452 5170 ἐπειδὴ
473 5097 654 5150 τοίνυν
685 5099 746 5150 τὸ
772 5099 1038 5170 παρελθὸν
1065 5101 1161 5170 τῆς
1192 5099 1338 5170 ζωῆς
1362 5101 1477 5153 ἀντ’
1501 5100 1710 5163 οὐδενός
1732 5103 1846 5155 ἐστι

239 5189 334 5260 τῷ
378 5191 632 5262 ζήσαντι·
679 5191 827 5246 πᾶσα
858 5192 914 5246 δὲ
955 5195 986 5264 ή
1041 5194 1242 5264 σπουδὴ
1292 5197 1404 5257 τοῖς
1436 5193 1570 5257 ζῶσι
1611 5196 1746 5265 πρὸς
1787 5195 1849 5248 rb

240 5283 462 5352 μέλλον
541 5287 636 5340 καὶ
665 5285 1112 5358 προσδοκώμενον
1142 5287 1382 5354 γίνεται,
1417 5287 1744 5358 τιμιώτερον
1784 5287 1849 5341 ἂν

237 5377 340 5446 εἴη
379 5375 478 5430 τοῦ
525 5377 762 5448 ἀνάρχου
804 5378 864 5431 rb
913 5378 1267 5449 ἀτελεύτητον
1293 5394 1305 5407 '
1340 5380 1421 5432 ὅτι
1456 5379 1592 5450 πρὸς
1623 5379 1682 5436 rb
1724 5379 1850 5448 μέλ-

233 5465 345 5520 λον
401 5471 499 5523 καὶ
527 5469 976 5540 προσδοκώμενον
1008 5471 1068 5522 rb
1108 5469 1373 5522 ἀθάνατον
1404 5470 1648 5542 φέρεται.
1687 5471 1848 5522 Ὥστε

235 5556 277 5629 ἢ
317 5558 628 5631 Θεοπρεπῖι,
668 5563 761 5613 καὶ
791 5560 972 5630 ὑψηλὰ
1002 5561 1128 5630 περὶ
1157 5561 1254 5629 τῆς
1283 5561 1432 5623 θείας
1463 5561 1677 5630 φύσεως
1707 5560 1847 5614 ἔστω

237 5653 530 5728 νοήματα,
557 5653 591 5723 ἢ
620 5653 780 5722 εἴπερ
810 5650 1170 5720 ἀνθρωπίνοις
1199 5651 1480 5721 λογισμοῖς
1509 5653 1754 5722 κρίνουσι
1783 5652 1849 5705 τὰ

242 5744 520 5808 τοιαῦτα,
561 5744 623 5797 rb
661 5743 854 5814 μέλλον
893 5741 1034 5795 ἔστω
1075 5743 1169 5796 τοῦ
1221 5742 1610 5814 παρῳχηκότος
1668 5744 1848 5808 αὐτοῖς

329 5833 384 5865 ⁸⁸
408 5836 424 5853 ⁸
457 5832 602 5886 l’sal.
641 5847 834 5896 LXXIII,
864 5832 921 5886 2.

505 5927 791 5990 I’ATBJL.
830 5925 947 5989 Gtt.
986 5923 1165 5993 XLV.

1948 4548 2152 4612 avium,
2197 4545 2396 4614 quibus
2429 4558 2618 4614 pennae
2670 4539 3095 4609 deﬂuxerunt):
3125 4535 3393 4594 suaserim
3427 4549 3530 4606 ego

1949 4639 2075 4705 illis,
2104 4645 2162 4692 ut
2189 4637 2494 4692 doctrinam
2530 4650 2686 4690 suam
2717 4635 3014 4691 invertant,
3048 4639 3103 4684 et
3131 4629 3529 4682 interminatam

1950 4730 2003 4783 in
2054 4728 2360 4783 substantia
2409 4735 2718 4790 numerent,
2774 4737 2878 4778 nec
2915 4722 3143 4776 multum
3189 4726 3403 4782 curent,
3458 4733 3526 4777 an

1950 4822 2357 4876 interminatmn
2410 4820 2681 4890 principio
2725 4828 2932 4880 careat,
2972 4815 3266 4885 futuroque
3318 4813 3524 4884 potius,

1948 4921 2002 4966 et
2023 4911 2168 4982 quod
2196 4927 2292 4980 spe
2310 4910 2755 4981 apprehenditur,
2785 4923 2948 4978 quam
2978 4906 3274 4977 praeterito,
3303 4905 3527 4977 jamque

1949 5002 2202 5068 evanido,
2238 5005 2452 5074 priores
2479 5012 2665 5073 partes
2687 5001 2956 5056 deferant.
2988 4995 3113 5054 l-laac
3143 4998 3378 5054 dixerim
3409 5012 3529 5067 pro-

1951 5108 2068 5168 pter
2127 5113 2244 5163 eos,-
2302 5096 2395 5166 qni
2457 5095 2658 5166 pusillo
2719 5104 2773 5149 et
2823 5102 3058 5166 angusto
3108 5100 3238 5147 sunt
3287 5097 3525 5160 pectore,

1951 5197 2146 5260 sponte
2185 5191 2437 5244 oratione
2467 5188 2534 5242 ad
2567 5187 2943 5257 insipientium
2975 5195 3195 5256 captum
3227 5191 3282 5238 et
3305 5195 3528 5236 sensum

1951 5282 2212 5338 demissa.
2252 5283 2440 5351 Itaque
2466 5296 2591 5333 cum
2624 5277 2813 5334 vivens
2844 5277 3102 5348 praeteriti
3126 5273 3328 5328 nullam
3363 5269 3530 5324 ratio-

1953 5392 2075 5431 nem
2106 5375 2292 5439 ducat,
2337 5387 2666 5442 omnemque
2697 5371 3024 5426 industriam
3055 5368 3121 5420 ad
3157 5365 3231 5427 id,
3261 5361 3406 5432 quod
3443 5360 3528 5415 fu-

1954 5476 2133 5520 turum
2156 5473 2240 5520 est
2273 5472 2326 5519 et
2358 5471 2727 5534 exspectatur,
2765 5461 3033 5522 conferat,
3075 5454 3392 5526 pra'clarius
3423 5453 3530 5508 uti~

1953 5574 2058 5629 que
2088 5556 2213 5623 crit,
2247 5555 2706 5610 interminabilem
2743 5567 2887 5614 esse,
2940 5563 3102 5618 quam
3135 5545 3407 5618 principio
3433 5561 3524 5603 ca.

1953 5665 2106 5703 rere:
2143 5647 2271 5717 quia
2303 5647 2448 5717 quod
2482 5644 2788 5699 immortale
2817 5648 2922 5704 est,
2955 5639 3126 5694 fer-tur
3159 5636 3225 5692 ad
3260 5635 3524 5702 futurum,

1956 5749 2008 5798 ct
2045 5741 2110 5795 ad
2146 5739 2220 5807 id,
2248 5737 2393 5812 quod
2443 5740 2817 5807 exspectatur.
2851 5732 3038 5802 Itaque
3074 5738 3168 5786 aut
3217 5728 3328 5784 Deo
3363 5728 3526 5803 digna

3129 5899 3200 5964 15
