4064 6146
509 262 612 318 ιεν

1757 278 1814 333 S.
1858 280 2181 336 GREGORII
2219 279 2509 334 NYSSEM

3636 282 3739 339 πο

509 396 560 437 cl
593 384 844 437 sublimia
877 382 941 437 de
975 382 1155 436 divina
1184 393 1379 438 natura
1411 401 1569 441 sensa
1601 391 1932 460 concipiant,
1978 402 2070 446 aut

2196 395 2521 465 ῖιμιώτεροψ
2575 399 2666 449 καὶ
2715 398 2884 468 τούτῳ
2930 397 3021 450 τοῦ
3062 394 3194 449 Θεοῦ
3239 396 3334 465 τὴν
3367 394 3554 447 οὐσίαν
3589 412 3742 466 περι-

514 476 557 524 si
598 475 834 534 humano
862 472 1021 526 modo
1050 474 1161 527 hate
1195 475 1322 528 talia
1357 478 1626 533 mstimare
1651 481 1834 545 velint,
1857 492 2075 550 przcter-

511 564 591 614 ito
632 562 919 630 praeferant
973 563 1236 631 futurum,
1288 581 1461 636 eoque
1510 568 1744 622 divinam
1780 574 2075 626 essentiam

515 653 1002 715 circumscribunt:
1050 659 1486 728 quandoquidem
1517 663 1783 732 quidquid
1817 668 2078 734 temporis

511 747 795 815 prmteriit,
856 749 974 816 ipso
1021 750 1251 803 transitu
1285 756 1595 806 evanescit:
1654 763 1709 806 at
1743 772 1869 809 vero
1920 755 2074 820 illud,

515 840 659 908 quod
690 849 1058 910 exspectatur,
1104 842 1219 910 ipsa
1253 857 1346 911 spe
1371 843 1642 898 subsistit.
1924 824 1930 830 I

586 931 852 986 therum
878 932 990 987 haec
1019 944 1274 1002 tanquam
1303 935 1525 988 ridicula
1555 937 1872 1004 etpuerilia,
1901 935 2081 1003 pueris

518 1023 572 1076 in
621 1022 738 1077 foro
769 1024 1152 1080 sessitantibus
1199 1036 1249 1080 et
1292 1025 1642 1080 lusitantibus
1683 1027 2079 1087 convenientia,

518 1116 736 1184 profero
771 1135 781 1169 :
817 1132 992 1186 neque
1019 1117 1161 1170 enim
1187 1119 1403 1172 evenire
1432 1127 1638 1186 potest,
1685 1117 1976 1186 quominus
2028 1117 2080 1169 in

515 1208 694 1261 lusum
753 1210 1075 1270 resolvatur,
1133 1208 1383 1278 quisquis
1434 1209 1657 1278 prepius
1711 1219 1871 1262 secta:
1919 1206 2082 1274 hujus

516 1299 800 1360 vilitatem,
835 1309 887 1354 et
917 1301 982 1354 ad
1020 1302 1241 1354 humilia
1273 1301 1631 1368 abjectioncm
1674 1301 2080 1369 introspexerit.

511 1389 652 1443 Illud
693 1390 892 1445 addere
925 1402 1029 1445 non
1070 1393 1165 1448 abs
1197 1409 1255 1447 re
1287 1394 1400 1448 fore
1430 1396 1603 1448 visum
1640 1403 1742 1457 est,
1777 1408 1900 1446 cum
1931 1401 2082 1445 mter-

517 1480 707 1533 nitatis
740 1481 888 1535 notio
918 1483 1160 1552 utrisque
1195 1501 1256 1538 ex
1287 1485 1616 1554 supradictis
1649 1484 1988 1547 conficiatur,
2018 1498 2082 1536 ex

517 1572 803 1641 negatione
853 1574 1061 1628 scilicet
1114 1576 1363 1646 principii
1407 1586 1460 1632 et
1491 1577 1652 1633 finis;
1695 1576 1740 1630 si
1789 1573 2081 1628 essentiam

511 1659 610 1715 ‘Dei
643 1677 750 1715 uno
776 1663 1252 1729 circumscribunt,
1288 1665 1666 1734 semiperfecta
1697 1663 1800 1718 erit
1835 1663 2085 1716 essentia:

2179 487 2556 554 γραφέτωσαν.
2640 489 2852 559 Ἐπειδὴ
2906 491 3012 542 πᾶν
3062 488 3122 540 τὸ
3175 486 3440 556 παρελθὸν
3498 486 3600 555 ἠδη
3651 485 3743 538 τοῦ

2179 577 2370 646 χρόνου
2397 581 2462 648 τῇ
2503 579 2722 650 παρόδῳ
2760 580 3174 648 συναφανίζεται
3199 593 3211 606 °
3251 578 3312 630 τδ
3339 577 3396 630 δὲ
3439 575 3748 648 προσδοκώ-

2183 685 2340 736 μενον
2363 669 2450 722 διὰ
2479 671 2574 740 τῆς
2600 670 2812 734 ἐλπίδος
2844 670 2940 724 τὴν
2973 669 3268 724 ὑπόστασιν
3298 667 3426 737 ἔχει.

2263 929 2422 980 Ἀλλὰ
2464 930 2633 983 ταῦτα
2667 932 2797 1000 μὲν,
2831 931 2904 993 ὡς
2950 929 3180 994 παιδίοις
3213 932 3324 993 τοῖς
3371 929 3428 981 ἐν
3461 930 3525 999 τῇ
3576 929 3751 999 ἀγορᾷ

2183 1019 2508 1090 καθημένοις
2553 1022 2645 1074 κα)⁵
2696 1022 2942 1085 παίζουσι
2995 1021 3209 1089 γελοῖα,
3262 1021 3355 1072 καὶ
3414 1019 3745 1091 παιδαριώδη

2183 1111 2471 1181 προφέρωο
2510 1111 2630 1163 οὐδὲ
2690 1113 2798 1184 γὰρ
2842 1112 2955 1164 ἔστι
3011 1112 3071 1164 τὸ
3133 1111 3498 1182 χαμαιρριφές
3551 1127 3610 1162 τε
3660 1111 3752 1163 καὶ

2182 1205 2362 1273 γήϊνον
2398 1201 2504 1256 τῶν
2531 1204 2627 1273 τῆς
2655 1203 2916 1274 αἱρέσεως
2951 1203 3234 1272 δογμάτων
3263 1202 3748 1271 ἐπισκεπτόμενον,

2186 1294 2258 1363 μὴ
2297 1293 2417 1363 οὐχὶ
2466 1295 2680 1357 πάντως
2711 1296 2791 1356 είς
2833 1292 3166 1366 μειρακιώδη
3204 1293 3316 1346 τινὰ
3355 1291 3569 1346 παιδιὰν
3622 1294 3753 1345 ὑπο-

2184 1385 2463 1454 φέρεσθαι.
2519 1387 2722 1439 Ἐκεῖνο
2766 1386 2821 1438 δὲ
2874 1384 3187 1456 προσθεῖναι
3239 1384 3315 1454 τῷ
3370 1383 3514 1452 λόγῳ
3570 1383 3749 1446 καλῶς

2184 1477 2325 1548 ἔχειν
2360 1479 2539 1549 φημί·
2569 1481 2649 1532 ὅτι
2691 1481 2789 1551 τῆς
2837 1480 2928 1533 τοῦ
2957 1479 3125 1533 ἀϊδίου
3168 1480 3442 1550 σημασίας
3475 1479 3540 1532 δι’
3577 1480 3753 1550 ἀμφο-

2184 1571 2387 1639 τέρων,
2429 1571 2571 1624 κατὰ
2603 1572 2691 1624 τὸν
2746 1571 2975 1642 ρηθέντα
3022 1572 3176 1640 λόγον
3223 1571 3750 1642 συμπληρουμένης,

2185 1662 2248 1715 ἔκ
2295 1681 2352 1714 τε
2398 1663 2496 1732 τῆς
2540 1665 2741 1734 ἀρχῆς,
2788 1667 2882 1718 καὶ
2935 1667 2998 1717 ἐκ
3038 1664 3137 1734 τῆς
3165 1665 3258 1716 τοῦ
3292 1664 3474 1726 τέλους
3511 1664 3756 1735 ἀλλοτρι-

508 1753 681 1816 Tatio,
717 1753 914 1822 quippe
937 1758 989 1807 in
1023 1754 1136 1808 sola
1161 1755 1414 1824 principii
1449 1757 1732 1824 negatione
1756 1754 2083 1814 coasistens,

2196 1750 2397 1814 μὺσεως·
2435 1754 2483 1804 εί
2522 1753 2620 1822 μὲν
2652 1756 2708 1807 ἐν
2739 1753 2815 1824 τῷ
2849 1753 2926 1806 ἐνὶ
2959 1753 3054 1824 τὴν
3087 1753 3272 1805 οὐσίαν
3307 1753 3400 1806 τοῦ
3433 1751 3566 1805 Θεοῦ
3600 1770 3758 1824 περι-

519 1845 744 1899 excluso
771 1846 836 1898 ab
856 1848 1092 1900 essentia
1126 1846 1494 1900 interminato.
1527 1845 1583 1900 Si
1607 1855 1786 1898 autem
1821 1842 2086 1896 ambobus

520 1937 830 2005 conjunctis
854 1938 1104 1992 essentia:
1145 1938 1409 1992 rationem
1441 1954 1506 1992 ex
1549 1944 1780 2005 utroque
1828 1932 2085 1996 conflent,

511 2043 715 2081 rursus
743 2028 1118 2096 dispiciamus,
1139 2043 1386 2096 quaenam
1413 2027 1727 2080 absurditas
1747 2025 1885 2078 lianc
1912 2038 2089 2077 asser-

511 2121 723 2172 ‘tionem
748 2126 1140 2185 consequatur:
1177 2115 1477 2168 videbimus
1499 2114 1642 2168 enim
1673 2115 1816 2177 illos,
1850 2113 2084 2181 nonjam

519 2209 695 2262 solum
713 2222 835 2261 cum
862 2203 1308 2276 unigenitoFilio,
1327 2204 1421 2258 sed
1438 2205 1596 2258 etiam
1619 2220 1801 2258 secum
1831 2219 2087 2272 pugnare,

521 2299 665 2369 quod
727 2299 948 2369 planum
993 2303 1348 2366 apertumque
1387 2304 1490 2356 est,
1548 2311 1720 2364 neque
1758 2295 1927 2347 multa
1966 2311 2088 2363 pro-

513 2393 740 2446 batione
789 2405 972 2461 egens.
1022 2388 1152 2442 Nam
1212 2390 1352 2442 ratio
1397 2388 1650 2458 piincipii
1699 2395 1749 2442 et
1807 2388 1928 2441 finis
1983 2387 2085 2442 sibi

523 2496 710 2540 mutuo
734 2490 1105 2553 opponuntur,
1134 2489 1186 2536 et
1213 2481 1487 2536 diversum
1509 2490 1592 2535 cst
1617 2480 1904 2549 utriusque
1927 2480 2088 2549 signi-

524 2578 766 2640 ficatum,
819 2573 1277 2642 quemadmodum
1322 2573 1483 2627 etiam
1533 2573 1584 2625 in
1631 2575 1772 2634 aliis,
1826 2587 1943 2640 quae
1996 2587 2089 2641 per

523 2670 848 2722 diametrum
880 2667 983 2720 sibi
1017 2676 1340 2734 repugnant,
1372 2665 1511 2717 inter
1539 2679 1658 2733 qua:
1687 2663 1922 2716 medium
1969 2663 2088 2715 ttul-

515 2761 634 2814 ‘lum
691 2759 999 2812 intercedit.
1034 2757 1082 2810 ls
1128 2757 1272 2810 enim
1323 2771 1351 2808 a
1400 2771 1506 2825 quo
1547 2755 1802 2826 principii
1847 2756 2090 2810 definitio

511 2851 780 2922 exigitur,
819 2864 926 2903 non
958 2849 1146 2918 utique
1191 2848 1313 2902 linis
1346 2848 1713 2902 definitionem
1766 2848 2087 2918 assignabit,

515 2944 619 2998 sed
646 2941 974 2996 contrariam
1005 2940 1228 2994 omnino
1271 2941 1531 2994 rationem
1569 2940 1838 3008 principio
1870 2955 2089 3010 compe-

527 3044 752 3098 tentcm,
802 3040 855 3087 et
898 3033 987 3086 fini
1037 3033 1337 3102 Oppositam
1391 3029 1644 3101 proferet.
1679 3028 1845 3100 Igitur
1889 3041 1942 3084 et
1973 3047 2091 3098 qua:

525 3129 747 3185 cuilibet
776 3129 975 3183 borum
1011 3129 1262 3198 opposita
1295 3133 1444 3189 sunt,
1481 3139 1576 3194 pro
1604 3125 1764 3178 modo
1797 3125 2091 3193 oppositio-

525 3226 611 3280 nis
646 3238 676 3277 a
707 3239 766 3278 se
801 3222 1031 3276 invicem
1070 3221 1389 3276 distabunt:
1446 3228 1501 3273 et
1531 3219 1678 3272 aliud
1708 3219 1810 3273 erit
1841 3219 2094 3287 principii

525 3327 797 3387 expertem
829 3331 972 3378 esse,
1002 3314 1310 3384 oppositum
1345 3312 1444 3372 illi,
1482 3311 1626 3380 quod
1665 3310 1935 3379 principio
1967 3311 2096 3365 sub-

523 3408 706 3476 jacet:
750 3405 897 3459 aliud
929 3419 1056 3458 vero
1083 3403 1514 3463 interminatum,
1555 3402 1698 3469 quod
1751 3401 2094 3470 negationem

525 3495 652 3549 linis
695 3493 981 3563 significat.
1021 3489 1077 3543 Si
1130 3490 1295 3560 igitur
1332 3489 1446 3542 duo
1490 3489 1616 3551 ista,
1667 3489 1947 3558 principii,
2015 3489 2097 3543 in-

526 3597 714 3654 quam,
757 3589 1030 3649 expertem
1057 3593 1201 3640 esse,
1233 3585 1288 3633 et
1319 3577 1552 3631 termino
1591 3591 1797 3643 carere,
1846 3578 2098 3631 essentia)

528 3673 726 3728 divina:
761 3671 1096 3732 adscribant,
1127 3669 1292 3723 Deum
1325 3685 1392 3723 ex
1417 3668 1631 3723 duobus
1661 3669 2097 3739 repugnantibus

525 3776 583 3821 et
613 3765 715 3820 sibi
763 3762 1006 3819 dissonis
1051 3762 1216 3816 rebus
1257 3761 1748 3831 coagmentabunt:
1803 3775 1927 3814 nam
1975 3759 2098 3816 finis

529 3867 581 3912 et
614 3855 869 3926 principii
900 3854 1312 3925 repugnantiam
1341 3854 1458 3922 ipsa
1483 3853 1632 3907 notio
1662 3854 1878 3922 utrique
1904 3853 2096 3906 horum

526 3948 696 4002 insita
722 3962 816 4017 per
848 3961 906 4000 se
935 3944 1282 4000 manifestat:
1317 3958 1436 4012 qua:
1465 3943 1609 3997 enim
1641 3943 1906 4012 oppositis
1930 3957 2100 4012 oppo-

530 4041 635 4094 sita
673 4046 822 4101 sunt,
858 4038 1021 4092 etiam
1058 4035 1199 4089 inter
1227 4050 1287 4090 se
1314 4035 1564 4103 opposita
1603 4041 1751 4089 sunt.
1788 4030 1985 4087 Verum
2015 4039 2099 4087 est

529 4138 710 4185 autem
741 4128 909 4183 illud:
957 4128 1159 4189 omnia,
1189 4141 1309 4195 quae
1343 4125 1645 4180 secundum
1695 4133 1948 4178 naturam
1995 4123 2098 4178 sibi

530 4233 719 4276 mutuo
763 4219 1178 4275 adversantibus
1230 4218 1611 4282 adversantur,
1675 4232 1738 4272 ea
1784 4217 1947 4272 etiam
1994 4216 2098 4271 sibi

529 4325 720 4368 mutuo
742 4311 1040 4374 adversari,
1069 4320 1124 4364 ut
1147 4309 1518 4380 exemplorum
1547 4310 1886 4379 inspectione
1909 4311 2097 4380 liquet.

531 4402 644 4474 lgni
681 4418 821 4473 aqua
853 4403 1193 4460 adversatur.
1238 4399 1408 4472 Igitur
1441 4402 1606 4456 etiam
1637 4400 1945 4468 facultates,
1978 4403 2100 4473 qui-

531 4495 633 4550 bus
650 4510 710 4551 se
727 4495 958 4550 invicem
984 4495 1322 4559 interimunt,
1356 4495 1641 4550 contrariae
1667 4495 1808 4549 inter
1825 4512 1883 4551 se
1907 4504 2098 4550 erinit:

533 4601 659 4642 nam
691 4588 739 4642 si
788 4587 968 4656 ignem
1017 4587 1314 4656 exstinguit
1343 4587 1575 4655 .humor,
1605 4601 1801 4655 aquam
1852 4595 2030 4639 autem
2073 4601 2103 4640 e

535 4677 714 4732 medio
747 4677 882 4729 tollit
917 4675 1162 4742 siccitas,
1195 4677 1608 4746 repugnantiam
1631 4691 1784 4744 aqua:
1813 4692 1938 4730 cum
1956 4678 2100 4747 igne,

535 4770 718 4823 insita:
744 4769 933 4823 itidem
967 4768 1258 4839 qualitates
1293 4770 1344 4822 in
1389 4769 1587 4838 seipsis
1618 4771 1876 4833 retinent,
1921 4779 1978 4824 ut
2010 4787 2104 4824 ne-

529 4874 694 4913 cesse
727 4859 795 4912 sit
828 4860 1077 4915 confiteri
1105 4861 1336 4915 siccitati
1374 4860 1755 4916 humiditatem
1795 4864 2099 4916 adversari.

534 4950 615 5004 Ita
648 4964 777 5020 ergo
809 4966 931 5004 cum
959 4952 1284 5022 principium
1323 4963 1378 5008 et
1412 4954 1533 5008 finis
1559 4964 1925 5023 opponantur,
1945 4970 2106 5024 opor-

539 5049 616 5095 tet
660 5050 718 5095 ut
749 5049 801 5096 et
834 5043 1056 5095 nomina
1087 5045 1383 5098 secundum
1417 5060 1641 5099 sensum
1674 5047 1775 5100 sibi
1809 5051 2105 5101 adversen-

528 5144 648 5199 ‘tur,
683 5133 958 5205 principii,
990 5136 1232 5203 inquam,
1287 5144 1340 5189 et
1387 5135 1510 5191 linis
1543 5137 1778 5206 negatio.
1825 5135 1884 5191 Si
1941 5139 2108 5208 igitur

542 5229 773 5281 alterum
829 5225 1022 5279 horum
1073 5225 1337 5278 duntaxat
1389 5228 1682 5282 essentiam
1732 5228 2109 5284 demonstrare

541 5322 899 5380 contendunt,
939 5329 1211 5369 resumam
1256 5317 1420 5381 enim,
1481 5316 1623 5384 quod
1687 5325 1845 5371 antea
1903 5319 2106 5374 dictum

541 5419 645 5474 est,
679 5409 1024 5463 dimidiatum
1053 5406 1326 5475 quoddam
1349 5423 1473 5462 esse
1503 5406 1610 5461 Deo
1637 5408 1961 5470 attribuent.
1989 5412 2107 5466 sola

543 5499 798 5569 principii
839 5499 1127 5569 negatione
1161 5499 1458 5553 essentiam
1497 5498 1617 5568 ejus
1647 5501 2110 5556 circumscriben-

546 5595 652 5651 tes,
683 5595 748 5642 ad
777 5590 899 5645 linis
927 5599 1107 5645 autem
1163 5592 1506 5660 negationem
1547 5609 1888 5662 nequaquam
1922 5603 2111 5650 exten-

531 5676 772 5745 dentes;
805 5680 850 5733 si
885 5696 1010 5735 vero
1045 5691 1335 5753 utrumque
1369 5683 1432 5737 ad
1469 5684 1735 5740 rationem
1784 5685 1980 5742 divinae
2020 5703 2108 5742 cs-

2188 1841 2446 1911 γράφοιεν
2465 1884 2480 1908 ,
2513 1843 2772 1914 ἡμιτελὴς
2803 1845 2986 1908 αὐτοῖς
3005 1885 3021 1910 ,
3057 1845 3150 1898 καὶ
3188 1845 3454 1915 ἡμίτομος
3477 1847 3504 1897 ὁ
3535 1849 3632 1916 τῆς
3661 1847 3758 1899 οὐ·-

2192 1933 2310 1996 σίας
2340 1931 2492 2002 λόγος
2538 1935 2967 2006 ἀναφανήσεται,
2999 1936 3055 1988 ἐν
3087 1935 3231 2006 μόνῳ
3258 1935 3335 2005 τῷ
3361 1937 3580 2007 ἀνάρχῳ
3607 1935 3762 1991 νοούο

2191 2037 2376 2091 μενος·
2421 2024 2481 2075 τὸ
2510 2025 2566 2076 δὲ
2615 2025 2966 2096 ἀτελεύτητον
2998 2027 3054 2078 ἐν
3087 2025 3265 2096 ἐαυτῷ
3293 2028 3411 2079 κατ’
3446 2027 3632 2080 οὐσίαν
3681 2028 3760 2098 μὴ

2195 2116 2546 2186 κεκτημένος.
2575 2119 2637 2170 Et
2662 2119 2717 2170 δὲ
2737 2119 3020 2190 ἀμφότερα
3046 2116 3322 2180 συνθέντες
3344 2119 3433 2171 τὸν
3452 2117 3552 2188 τῆς
3571 2119 3759 2182 οὐσίας

2189 2206 2344 2275 λόγον
2383 2209 2449 2260 δι’
2498 2210 2771 2280 ἑκατέρων
2819 2209 3309 2280 συναπαρτίσουσι,
3345 2209 3506 2262 πάλιν
3554 2213 3764 2280 σκοπή-

2193 2315 2373 2368 σωμεν
2417 2300 2515 2370 τὴν
2569 2301 3124 2372 συναναδεικνυμένην
3174 2301 3400 2355 ἀτοπίαν
3453 2299 3529 2370 τῷ
3579 2301 3759 2371 λόγῳο

2191 2389 2542 2462 εὑρεθήσεται
2588 2391 2696 2462 γὰρ
2748 2395 2930 2455 αὐτοῖς
2974 2393 3160 2446 οὐκέτι
3188 2392 3321 2464 πρὸς
3350 2393 3440 2445 τὸν
3480 2393 3766 2463 Μονογενῆ

2193 2482 2369 2553 μόνον,
2404 2483 2538 2536 ἀλλά
2573 2485 2824 2555 καὶπρὸς
2857 2485 3046 2538 ἐαυτὸν
3072 2485 3363 2556 ἀλλοτρίως
3385 2484 3522 2555 ἔχων
3542 2503 3553 2515 ·
3585 2485 3768 2556 σαφὴς

2190 2572 2245 2626 δέ
2278 2575 2305 2626 ό
2325 2573 2495 2641 λόγος,
2525 2574 2616 2627 καὶ
2647 2574 2767 2626 οὐδὲ
2793 2573 2993 2641 πολλῆς
3019 2575 3117 2644 τῆς
3142 2574 3460 2637 ἐπιστασίας
3487 2575 3764 2645 δεόμενος.

2201 2665 2261 2720 Ὁ
2291 2666 2396 2736 γὰρ
2425 2669 2521 2736 τῆς
2544 2665 2738 2737 ἀρχῆς,
2771 2667 2864 2719 καὶ
2888 2669 2914 2719 ό
2936 2666 3027 2719 τοῦ
3055 2667 3238 2730 τέλους
3281 2667 3435 2735 λόγος
3455 2708 3469 2733 ,
3505 2669 3768 2731 ἐναντίως

2193 2756 2446 2826 ἑκάτερος
2468 2757 2603 2827 πρὸς
2634 2757 2722 2810 τὸν
2748 2757 2931 2827 ἕτερον
2963 2757 3103 2827 ἔχει·
3137 2759 3229 2812 καὶ
3259 2757 3512 2832 διάφορον
3534 2757 3620 2810 ἐπ’
3652 2759 3761 2828 ἀμ-

2193 2848 2431 2918 φοτέρων
2464 2848 2524 2901 τὸ
2557 2849 2978 2918 σημαινόμενον·
3021 2849 3210 2920 ὥσπερ
3259 2850 3354 2902 καὶ
3383 2850 3476 2903 ἐπὶ
3511 2849 3619 2902 τῶν
3657 2849 3771 2902 λοι-

2194 2940 2309 2992 πῶν
2360 2940 2464 2993 τῶν
2513 2942 2653 2995 κατά
2701 2941 2988 3012 διάμετρον
3038 2941 3285 3006 ἀλλήλοις
3338 2942 3762 3011 ἀντικειμένων·

2193 3027 2272 3095 οἷς
2316 3033 2465 3086 οὐδὲν
2495 3032 2686 3085 ὕπεστι
2728 3034 2910 3103 μέσον.
2969 3030 3028 3086 Ὀ
3059 3032 3167 3104 γὰρ
3193 3032 3491 3104 ἐρωτηθεὶς
3517 3033 3604 3086 τὸν
3635 3023 3763 3103 περὶ

2189 3125 2293 3194 τῆς
2345 3126 2518 3195 ἀρχῆς
2556 3125 2744 3193 λόγον,
2786 3126 2848 3178 οὐ
2890 3123 2979 3176 τὸν
3013 3125 3172 3178 αὑτὸν
3211 3123 3481 3177 ἀποδώσει
3528 3123 3601 3194 τῷ
3636 3127 3764 3193 περὶ

2193 3215 2287 3266 τοῦ
2316 3214 2497 3276 τέλους
2527 3214 2637 3284 ὅρῳ
2658 3231 2672 3244 ο
2704 3213 2816 3266 ἀλλ’
2852 3213 2946 3266 ἐπὶ
2971 3214 3031 3264 τὸ
3060 3212 3298 3265 ἐναντίον
3322 3214 3515 3282 ἐκείνῳ
3542 3212 3771 3282 προάξει

2193 3306 2283 3358 τὸν
2308 3303 2611 3375 ὡρισμένον
2641 3305 2736 3374 τῆς
2766 3305 2937 3375 ἀρχῆς
2967 3303 3139 3372 λόγον.
3177 3301 3383 3356 Οὐκοῦν
3426 3303 3517 3355 καὶ
3545 3303 3612 3354 τὰ
3641 3302 3775 3354 ἐκα-

2193 3396 2337 3468 τέρῳ
2368 3396 2570 3450 τούτων
2608 3395 2985 3466 ἀντικείμενα,
3018 3393 3159 3448 κατά
3191 3393 3250 3446 τὺ
3277 3391 3391 3446 ἴσον
3437 3393 3631 3462 μέτρον
3667 3393 3773 3461 τῆς

2197 3488 2547 3552 ἀντιθέσεως,
2599 3489 2691 3540 καὶ
2739 3487 2830 3540 ἀπ’
2888 3487 3130 3557 ἀλλήλων
3177 3486 3608 3557 διενεχθήσεται’
3676 3488 3775 3539 καί

2197 3577 2322 3630 ἄλλο
2358 3595 2409 3629 τι
2440 3577 2898 3648 όμολογηθήσεται
2944 3571 3081 3629 εἶναι
3121 3577 3179 3629 τὸ
3214 3576 3470 3646 ἄναρχον,
3507 3577 3645 3646 ὅπερ
3676 3578 3777 3629 ἀν-

2197 3671 2424 3723 τίκειται
2451 3670 2526 3740 τῷ
2560 3669 2663 3722 ὑπὸ
2690 3670 2787 3738 τῆς
2813 3669 2984 3740 ἀρχῆς
3012 3669 3318 3738 δηλουμένῳ
3344 3686 3357 3698 ·
3390 3668 3516 3721 ἄλλο
3543 3668 3600 3720 δέ
3629 3685 3680 3719 τι
3710 3668 3774 3720 τὸ

2197 3761 2571 3831 ἀτελεύτητον,
2599 3761 2736 3832 ὅπερ
2773 3758 3114 3830 ἀναιρετικὸν
3148 3758 3242 3811 τοῦ
3273 3757 3458 3819 τέλους
3490 3757 3658 3810 ἐστίν.
3708 3755 3774 3808 Εἰ

2198 3847 2289 3904 οῦν
2317 3851 2486 3904 ταῦτα
2519 3851 2586 3904 τὰ
2619 3849 2710 3902 δύο
2749 3851 2827 3911 είς
2865 3848 2961 3920 τὴν
2994 3848 3177 3901 οὐσίαν
3208 3847 3299 3900 τοῦ
3335 3846 3470 3900 Θεοῦ
3512 3847 3774 3916 φέροντες

2198 3943 2558 4012 ἀναθήσουσι,
2593 3942 2652 3994 τὸ
2684 3941 3034 4011 ἀτελεύτητόν
3090 3958 3229 4010 φημι
3267 3939 3358 3992 xui.
3403 3939 3462 3990 τὸ
3501 3938 3772 4007 ἄναρχον,

2198 4033 2291 4087 δύο
2327 4034 2484 4087 τινῶν
2531 4035 2789 4088 ἐναντίων
2841 4033 2935 4086 καὶ
2962 4033 3307 4103 ἀσυμφώνων
3339 4031 3645 4102 συνδρομὴν
3678 4032 3773 4081 τὸν

2200 4126 2330 4180 Θεὸν
2359 4125 2562 4178 ἑαυτῶν
2597 4125 2954 4192 ἀποδείξουσι.
3002 4126 3110 4196 Τὴν
3145 4126 3252 4195 γὰρ
3282 4125 3373 4178 τοῦ
3413 4127 3592 4188 τέλους
3637 4126 3780 4196 πρὶς

2199 4219 2298 4289 τὴν
2332 4218 2505 4288 ἀρχὴν
2536 4217 2877 4281 ἐναντίωσιν,
2918 4219 2951 4287 ή
3001 4218 3244 4288 ἐκατέρῳ
3287 4217 3494 4271 τούτων
3533 4218 3779 4270 ἀντικειο

2205 4313 2339 4382 μένη
2387 4311 2593 4364 διάνοια
2629 4313 2722 4364 καὶ
2767 4311 2851 4380 ἐφ’
2888 4310 3086 4379 ἐαυτῆς
3113 4311 3494 4363 ἐπιδείκνυται.
3553 4310 3636 4362 Τά
3667 4309 3782 4382 γὰρ

2203 4406 2312 4467 τοῖς
2367 4404 2757 4475 ἀντικειμένοις
2808 4403 3059 4469 ἐναντία,
3121 4404 3210 4455 καὶ
3255 4402 3499 4473 ἀλλήλοις
3556 4404 3784 4455 ἐναντία

2207 4498 2420 4559 πάντως
2444 4497 2607 4549 ἐστίν.
2627 4495 2854 4567 Ἀληθὴς
2886 4495 2941 4548 δὲ
2965 4498 2992 4548 ό
3015 4495 3188 4563 λόγος,
3215 4497 3294 4548 ὅτι
3320 4497 3513 4560 πάντα,
3539 4498 3638 4548 ὅσα
3663 4501 3786 4560 τοῖς

2204 4587 2456 4652 ἐναντίως
2504 4587 2685 4658 έχουσι
2741 4589 2880 4642 κατά
2929 4587 3025 4659 τὴν
3092 4589 3252 4656 φύσιν
3297 4591 3784 4652 ἀντικαθίστατει,

2205 4680 2374 4733 ταῦτα
2407 4683 2501 4734 καὶ
2530 4682 2664 4751 πρὸς
2691 4680 2894 4750 ἄλληλα
2923 4680 2983 4732 τὸ
3007 4681 3246 4733 ἐναντίον
3275 4681 3414 4751 ἕχει·
3445 4682 3520 4744 ὡς
3548 4684 3642 4735 ἐπὶ
3668 4684 3786 4734 τῶν

2206 4771 2615 4841 ὑποδειγμάτων
2669 4771 2814 4824 ἐστιν
2864 4772 3008 4824 ἰδεῖν.
3056 4772 3145 4842 Τῷ
3189 4773 3319 4843 πυρὶ
3351 4772 3410 4825 τὸ
3438 4773 3580 4842 ὕδωρ
3618 4775 3790 4826 ἀνθέ-

2209 4877 2424 4928 στηκεν.
2455 4859 2658 4913 Οὐκοῦν
2686 4861 2779 4913 καὶ
2816 4861 2870 4912 αἱ
2901 4862 3238 4931 ἀναιρετικαὶ
3267 4861 3466 4913 τούτων
3498 4863 3787 4931 δυνάμεις,

2207 4951 2462 5021 ἀλλήλαις
2491 4950 2916 5006 ἐναντιώσονται.
2962 4954 3025 5006 EE
3054 4952 3160 5024 γὰρ
3197 4952 3452 5024 σϐεστικὴ
3485 4953 3576 5006 τοῦ
3611 4955 3790 5025 πυρός

2209 5044 2353 5094 ἐστιν
2400 5044 2432 5113 ἡ
2471 5043 2736 5113 ὑγρότηςο
2775 5043 3090 5114 ἀναιρετικὴ
3119 5044 3191 5114 δὲ,
3221 5044 3313 5098 τοῦ
3349 5044 3538 5110 ὕδατός
3573 5048 3722 5100 ἐστιν
3752 5048 3790 5115 ἡ

2211 5139 2470 5210 ξηρότης,
2501 5139 2597 5211 τὴν
2628 5140 2720 5192 τοῦ
2765 5139 2954 5204 ὕδατος
3000 5141 3135 5211 πρὸς
3183 5140 3243 5193 τὸ
3288 5139 3400 5213 πῦρ
3432 5141 3791 5204 ἐναντίωσιν,

2211 5233 2304 5284 καὶ
2332 5233 2389 5285 αί
2427 5232 2792 5301 ἀντικείμεναι
2831 5233 3039 5294 τούτοις
3083 5233 3394 5302 ποιότητες,
3423 5234 3516 5286 καὶ
3542 5235 3626 5301 ἐφ’
3661 5235 3797 5286 ἐαυ-

2209 5323 2316 5377 τῶν
2341 5323 2665 5376 διεσώσαντο
2683 5364 2698 5387 ,
2728 5323 2800 5386 ὡς
2843 5325 3098 5388 ἐναντίως
3131 5325 3271 5394 ἔχειν
3303 5324 3686 5393 όμολογεῖσθαῐ
3711 5324 3798 5392 τῷ

2214 5416 2358 5487 ξηρῴ
2397 5417 2492 5485 τὴν
2527 5418 2820 5485 ὑγρότητα.
2855 5417 3040 5481 Οὕτως
3074 5413 3164 5471 οὖν
3196 5419 3288 5471 καὶ
3322 5420 3417 5489 τῆς
3449 5418 3658 5489 ἀρχῆς,
3694 5419 3798 5471 καὶ

2211 5506 2303 5557 τοῦ
2335 5506 2518 5568 τέλους
2560 5506 2893 5569 ὑπεναντίως
2921 5507 3292 5578 διακειμένων,
3333 5510 3398 5560 τὰ
3434 5509 3801 5580 ἀντικείμεκα

2213 5595 2418 5659 τούτοις
2445 5597 2680 5666 ὀνόματα
2709 5599 2800 5650 καὶ
2833 5598 3081 5669 ἀλλήλοις
3130 5598 3358 5668 μάχεται
3391 5598 3529 5651 κατά
3575 5599 3676 5669 τὴν
3703 5600 3798 5651 ἐν-

2215 5704 2393 5753 νοιαν,
2443 5687 2500 5738 τὸ
2558 5686 2789 5756 ἄναρχον
2843 5686 2984 5756 λέγω
3030 5686 3120 5738 καὶ
3173 5688 3231 5738 τό
3283 5686 3659 5757 ἀτελεύτητον.
3727 5688 3796 5739 Εἰ
