4064 6146
341 242 430 302 461

1416 244 1693 303 CONTRA
1732 240 2126 307 EUNOMIUM,
2178 241 2306 296 LIB.
2344 241 2385 293 1.

3483 237 3588 294 462

346 363 518 418 τοίνυν
542 360 602 416 rb
626 361 809 433 ἕτερον
838 362 1038 417 τούτων
1069 362 1227 433 μόνον
1252 363 1350 434 τῆς
1371 364 1558 428 οὐσίας
1587 362 1913 418 ἐνδεικτικὸν
1945 407 1953 422 Α

2058 360 2207 415 antire
2237 358 2496 422 referant,
2532 358 2664 412 nihil
2700 356 2847 413 aliud
2881 356 3133 421 emcient,
3186 361 3347 425 Quam
3378 361 3435 410 ut
3466 370 3585 409 eam

347 450 482 508 εἶναι
524 452 824 518 ὁρίζονταιο
863 454 1023 509 πάλιν
1053 446 1161 524 γὰρ
1190 454 1280 508 τὸν
1314 455 1474 508 αὑτὸν
1502 455 1915 524 ἐπαναλήψομαι

346 540 523 610 λόγον·
557 540 616 607 ἐξ
636 543 889 613 ἡμισείας
923 551 1501 615 προσμαρτυρήσουσιν
1527 542 1670 596 οὓτω
1694 542 1770 613 τῷ
1797 543 1916 612 Θεῷ

348 630 403 684 rb
428 626 585 694 εἶναι,
610 633 668 684 ἐν
691 631 835 702 μόνῳ
865 632 941 702 τῷ
968 634 1187 703 ἀνάρχῳ
1212 632 1647 705 περιγράφεσθαι
1669 632 1915 700 λέγοντες

349 722 506 777 αὑτοῦ
550 722 649 787 τὴν
683 723 869 776 οὐσίαν
898 763 914 787 ,
951 723 1085 793 πρὸς
1132 723 1187 775 δὲ
1227 724 1288 776 τὸ
1318 723 1671 793 ἀτελεύτητον
1734 722 1915 774 ούκέτι

350 814 696 877 ἐκτείνοντες.
724 815 786 867 Εἰ
815 813 870 867 δὲ
882 814 1180 898 ἀμφότερα
1202 816 1280 877 εἰς
1309 813 1399 867 τὸν
1427 813 1526 882 τῆς
1550 814 1736 875 οὐσίας
1760 812 1915 876 λόγον

2017 467 2081 506 ex
2129 451 2559 522 repugnantibus
2602 450 2768 506 modo
2802 460 2966 520 supra
2996 447 3244 518 exposito
3300 446 3581 507 coalitam,

2017 549 2072 597 et
2110 543 2181 596 ob
2210 545 2650 614 repugnantiam,
2674 557 2796 613 quae
2821 552 2906 599 est
2930 543 3070 596 inter
3104 538 3358 611 principii
3394 537 3585 594 ctﬁnis

2020 638 2391 707 negationem,
2423 642 2545 709 ipso
2578 638 2929 695 interminato
2958 644 3011 691 et
3053 634 3304 707 principii
3339 640 3587 703 experte,

2019 728 2321 782 secundum
2385 729 2770 797 substantiam,
2834 728 3120 783 discissam
3174 740 3319 790 esse,
3386 724 3595 795 patefa-

2017 815 2188 872 ciant.
2212 818 2332 884 Quo
2361 819 2419 874 ﬁt
2438 828 2496 874 ut
2522 820 2665 876 Deus
2706 820 2923 874 illorum
2957 819 3029 873 sit
3054 833 3143 875 res
3170 816 3417 888 quaedam
3444 816 3594 871 varia

350 905 601 975 φέροντες
647 905 1228 977 καταθήσουσιν,οὐδὲν
1253 905 1438 976 ἕτερον
1459 943 1474 967 ,
1509 904 1541 974 ἢ
1568 905 1626 971 ἐξ
1660 904 1916 959 ἐναντίων

2058 917 2162 963 Lex
2197 912 2566 981 pugnantibus
2593 906 2759 966 rebus
2795 910 3119 981 composita.

350 996 513 1066 αὐτὴν
540 998 856 1065 συγκεῖσθαι
940 997 1345 1067 ἀποφανοῦνται
1397 997 1538 1053 κατὰ
1564 998 1653 1050 τὸν
1685 996 1917 1067 ρηθέντα
1953 996 2181 1065 τρόπον,
2232 1005 2297 1074 τῇ
2343 1006 2484 1058 κατὰ
2515 1005 2576 1058 rb
2626 1005 2807 1068 τέλος,
2862 1003 2995 1074 πρὸς
3039 1001 3138 1071 τὴν
3203 999 3377 1071 ἀρχὴν
3441 999 3595 1052 ἐναν-

350 1091 529 1146 τιώσει
557 1091 635 1161 τῷ
672 1092 1028 1163 ἀτελευτήτῳ.
1056 1093 1150 1145 καὶ
1177 1093 1398 1164 άνάρχῳ
1427 1091 1547 1145 κατ’
1585 1091 1771 1144 οὐσίαν
1803 1090 2236 1165 διασχιζομένην.
2273 1100 2382 1152 Καὶ
2404 1099 2576 1163 οὕτως
2600 1100 2912 1170 εὑρίσκεται
2967 1095 3146 1151 αὐτῶν
3195 1098 3223 1148 ὁ
3285 1094 3416 1158 Θεὸς
3477 1110 3595 1146 ποι-

350 1188 493 1242 κίλον
517 1205 567 1240 τι
592 1189 776 1258 χρῆμα
806 1187 899 1240 καὶ
927 1186 1195 1249 σύνθετον,
1218 1186 1277 1251 ἐξ
1300 1188 1688 1258 ἀντικειμένων
1713 1186 1870 1240 τινῶν
1911 1195 2437 1264 συγκεκροτημένος.

431 1280 567 1332 Ἀλλ’
597 1278 924 1341 οὖτεθέστιν,
964 1280 1086 1333 οὔτε
1116 1279 1188 1348 μὴ
1223 1280 1445 1350 γένηται
1476 1279 1651 1349 δόγμα
1680 1278 1918 1331 τοιοῦτον

2092 1281 2160 1336 At
2208 1301 2384 1356 neque
2416 1295 2530 1353 est,
2574 1302 2750 1356 neque
2788 1284 3069 1340 exoriatur
3102 1284 3155 1336 in
3198 1279 3443 1336 Ecclesia
3503 1278 3596 1333 Dei

355 1373 408 1424 ὲν
449 1369 741 1440 Ἐκκλησία
766 1370 899 1424 Θεοῦ
920 1388 934 1401 ο
961 1370 1093 1423 ὥστε
1145 1371 1237 1424 τὸν
1267 1371 1491 1434 ἁπλοῦν,
1517 1371 1611 1423 καὶ
1635 1368 1920 1422 ἀσύνθετον

2058 1376 2149 1431 alis
2176 1377 2423 1431 doctrina
2445 1419 2459 1442 ,
2495 1388 2553 1432 ut
2581 1377 2860 1439 dicamus,
2898 1374 3203 1444 simplicem
3222 1411 3237 1434 ,
3266 1380 3321 1426 et
3351 1370 3420 1425 ab
3450 1370 3597 1430 omni

361 1460 431 1532 μὴ
458 1461 616 1531 μόνον
655 1461 930 1531 πολυειδῆ,
963 1463 1057 1515 καὶ
1090 1462 1350 1525 ποικίλον,
1380 1461 1515 1514 ἀλλά
1552 1462 1646 1515 καὶ
1679 1460 1737 1526 ἐξ
1766 1462 1919 1513 ὲναν-

2025 1468 2425 1536 compositione
2473 1469 2799 1532 immunem,
2844 1482 2951 1520 non
3001 1464 3164 1520 modo
3208 1461 3597 1521 multiformem

358 1552 482 1606 τίων
507 1552 862 1623 συγκείμενον
890 1553 1303 1622 ἀποφαίνεσθαι.
1338 1553 1402 1606 Ἦ
1427 1553 1533 1623 γὰρ
1557 1553 1793 1622 ἁπλότης
1817 1550 1923 1603 τῶν

2061 1559 2354 1621 tvarium,
2392 1559 2486 1614 sed
2527 1561 2691 1614 etiam
2727 1573 2791 1612 ex
2836 1558 3003 1611 rebus
3048 1554 3424 1626 pugnantibus
3466 1566 3603 1605 con-

358 1644 452 1713 τῆς
483 1643 737 1714 ἀληθείας
781 1643 1085 1713 δογμάτων,
1121 1645 1212 1698 τὸν
1262 1644 1394 1698 Θεὸν
1436 1645 1568 1716 ὅπερ
1609 1644 1755 1695 ἐστὶν
1791 1643 1924 1695 ὑποο

2058 1650 2219 1703 latum
2243 1664 2366 1704 esse
2391 1669 2404 1705 :
2434 1665 2559 1704 nam
2588 1650 2785 1705 divinae
2813 1647 3058 1703 veritatis
3082 1644 3406 1715 simplicitas
3433 1641 3599 1695 Deum

358 1734 595 1787 τίθεται·
631 1732 753 1787 οὔτε
808 1736 1050 1804 ὀνόματι.
1095 1735 1217 1789 οὕτε
1265 1735 1606 1806 διανοήματι,
1654 1733 1777 1787 οὔτε
1823 1733 1931 1785 τινὶ

359 1823 489 1893 ἄλλῃ
515 1825 890 1895 καταληπτικῇ
930 1827 1143 1897 ἐπινοίᾳ
1169 1825 1569 1897 περιληφθῆναι
1599 1825 1897 1895 δυνάμενον
1917 1842 1929 1854 ·

360 1916 419 1969 οὑ
445 1917 603 1986 μόνον
630 1915 997 1987 ἀνθρωπίνης,
1024 1916 1162 1970 ἀλλά
1181 1917 1275 1970 καὶ
1303 1916 1618 1987 ἀγγελικῆς,
1639 1916 1732 1970 καὶ
1756 1914 1935 1986 πάσης

365 2008 730 2080 ὑπερκοσμίου
756 2007 1113 2078 καταλήψεως
1133 2008 1466 2080 ὑψηλότερον
1490 2008 1736 2078 μένοντα,
1762 2006 1937 2077 ἀφρα-

366 2100 489 2154 στόν
517 2116 578 2151 τε
617 2099 711 2153 καὶ
739 2097 1139 2169 ἁνεκφώνητον,
1169 2099 1263 2153 καὶ
1298 2100 1476 2169 πάσης
1521 2100 1620 2168 τῆς
1650 2098 1738 2153 διὰ
1765 2099 1937 2166 λόγων

368 2191 641 2263 σημασίας
683 2190 973 2261 ἀνώτερον,
1008 2190 1065 2244 ἓν
1114 2191 1282 2262 ὄνομα
1319 2191 1618 2260 γνωστικδν
1659 2193 1756 2262 τῆς
1805 2191 1939 2255 ἰδίας

365 2284 557 2353 ἔχοντα
583 2281 816 2351 φύσεως,
836 2282 899 2336 rb
927 2282 1084 2352 μόνον
1109 2282 1176 2335 αὑ
1187 2282 1271 2336 τὸν
1297 2282 1436 2352 ὑπὲρ
1460 2283 1566 2334 πᾶν
1588 2277 1726 2334 εἶναι
1747 2280 1935 2350 ὄνομα.⁹

368 2375 396 2427 ὃ
421 2374 485 2444 δὴ
516 2375 611 2427 καὶ
632 2373 709 2443 τῷ
740 2374 1034 2441 Μονογενεί
1066 2366 1404 2443 κεχάρισται,
1438 2372 1524 2426 διὰ
1553 2371 1612 2424 rb
1638 2372 1816 2424 πάντα
1843 2371 1941 2424 ὅσα

366 2465 482 2535 ἔχει
516 2468 544 2518 ό
574 2464 784 2536 Πατὴρ,
816 2464 908 2517 καὶ
936 2464 1030 2518 τοῦ
1059 2464 1189 2517 Υίοῦ
1222 2459 1359 2518 εἶναι
1378 2480 1394 2493 ·
1428 2465 1528 2534 τῆς
1560 2463 1616 2518 δὲ
1647 2464 1943 2535 ἀῖδιότητος

372 2555 562 2617 αὑτοῦ,
597 2556 717 2625 οὐχὶ
754 2556 853 2623 τῆς
888 2555 1074 2619 οὐσίας
1113 2555 1441 2618 ὲνδεικτικάς
1469 2552 1606 2610 εἴναι
1634 2555 1732 2620 τὰς
1764 2554 1943 2625 φωνὰς

371 2649 571 2713 ταύτας
593 2649 843 2719 ὁμολογεῖ
862 2649 961 2718 τῆς
981 2648 1260 2711 εὐσεϐείας
1279 2650 1306 2701 ό
1333 2647 1489 2717 λόγος
1508 2664 1521 2676 ·
1544 2649 1642 2718 τήν
1669 2663 1726 2699 τε
1773 2644 1947 2715 ἀγέν-

2034 1741 2119 1807 id.
2153 1742 2300 1812 Quod
2326 1750 2410 1797 est
2433 1780 2449 1807 ,
2481 1758 2603 1798 esse
2631 1742 2793 1797 docet
2821 1759 2836 1795 :
2865 1754 2990 1794 eum
3022 1737 3265 1797 scilicet,
3297 1732 3391 1803 qui
3426 1745 3602 1800 neque

2034 1832 2295 1899 nomine,
2351 1849 2529 1903 neque
2577 1831 2944 1902 cogitatione,
3006 1842 3185 1896 neque
3234 1824 3339 1886 alia
3393 1821 3605 1875 ratione

2035 1923 2422 1994 comprehendi
2468 1923 2686 1985 valeat,
2734 1935 2843 1975 non
2887 1918 3063 1974 solum
3116 1917 3383 1974 humana,
3422 1909 3517 1966 sed
3551 1917 3606 1963 et

2038 2016 2315 2086 angelica,
2347 2022 2461 2069 tota
2511 2015 2604 2068 illa
2636 2026 2804 2083 supra
2834 2010 3096 2065 mundum
3128 2014 3313 2063 erecta
3348 2002 3605 2058 facultate

2037 2106 2484 2172 eminentiorem,
2534 2103 2897 2169 ineﬁ‘abilem,
2942 2109 2997 2155 ct
3047 2096 3501 2157 inenarrabilem,
3550 2099 3606 2145 ct

2038 2199 2221 2263 omni,
2256 2212 2378 2266 qua:
2424 2195 2604 2251 verbis
2650 2193 2928 2265 perﬁcitur
2973 2188 3376 2262 signiﬁcatione
3426 2182 3608 2239 excel—

2040 2291 2283 2346 siorem:
2331 2290 2422 2358 qui
2471 2302 2639 2342 unum
2687 2298 2921 2347 nomen,
2972 2297 3073 2337 ceu
3122 2278 3356 2350 propriae
3400 2281 3611 2330 naturae

2041 2392 2224 2436 notam
2256 2394 2320 2434 ac
2354 2377 2615 2433 indicium
2648 2376 2845 2442 habet,
2875 2372 3023 2445 quod
3061 2373 3176 2440 Ipse
3209 2368 3422 2425 scilicet
3458 2365 3611 2419 solus

2042 2472 2115 2527 sit
2160 2484 2323 2541 super
2377 2482 2540 2524 omne
2590 2481 2826 2530 nomen,
2888 2461 3035 2533 quod
3095 2460 3260 2515 etiam
3315 2453 3611 2525 Unigenito

2043 2572 2365 2617 concessum
2405 2565 2524 2620 est,
2552 2555 2688 2626 quia
2731 2550 2916 2608 omnia
2954 2563 3077 2621 qua:
3107 2553 3236 2603 sunt
3268 2543 3449 2599 Patris
3481 2550 3613 2599 sunt

2045 2652 2207 2708 etiam
2243 2648 2364 2704 Filii
2393 2648 2482 2702 δοθ.
2507 2644 2613 2701 llas
2648 2658 2812 2715 porro
2842 2654 3006 2695 voces
3036 2637 3325 2708 ingenitum
3357 2641 3413 2689 et
3438 2633 3608 2686 inter-

372 2740 557 2809 νητόν
597 2756 740 2809 φημι
780 2739 875 2792 καὶ
922 2739 1023 2810 τὴν
1075 2738 1489 2807 ἀτελεύτητον.
1558 2737 1651 2799 Ὠς
1699 2734 1793 2788 τοῦ
1848 2735 1946 2806 μὲν

2058 2742 2305 2796 minatum
2337 2738 2691 2801 aeternitatis,
2722 2749 2834 2789 non
2879 2739 3057 2787 autem
3105 2725 3361 2784 essentiae
3405 2722 3615 2779 indices

344 2904 350 2909 φ
373 2831 694 2901 ἀγεννήτου,
711 2829 773 2881 rb
796 2829 1062 2900 μηδεμίαν
1088 2828 1249 2882 αὑτοῦ
1272 2829 1625 2899 ὑπερκεῖσθαι
1649 2828 1840 2900 ἀρχὴν,
1855 2828 1948 2883 καὶ

2058 2848 2201 2896 esse,
2232 2846 2357 2885 ψει-ο
2391 2837 2445 2884 et
2474 2829 2563 2902 pia
2609 2827 2862 2883 doctrina
2911 2821 3121 2878 tradit:
3174 2820 3251 2873 ita
3297 2825 3359 2872 ut
3405 2813 3617 2885 ingeni-

374 2919 558 2975 αίτίαν
584 2919 989 2990 ἐνδεικνυμένου
1009 2934 1023 2949 ’
1052 2918 1146 2971 τοῦ
1174 2918 1231 2971 δὲ
1253 2917 1610 2990 ἀτελευτήτου
1642 2918 1703 2972 rb
1733 2920 1812 2982 εἰς
1843 2936 1948 2991 μη-

2058 2932 2166 2977 tum
2201 2923 2410 2976 nullum
2456 2921 2576 2990 ipso
2618 2918 2863 2974 anterius
2896 2914 3258 2987 principium,
3306 2909 3619 2978 nullamque

374 3010 467 3064 δὲν
504 3009 678 3085 πέρας
708 3008 1001 3081 στήσεσθαι
1035 3007 1198 3063 αὑτοῦ
1230 3008 1329 3078 τὴν
1365 3008 1636 3079 βασιλείαν
1661 3009 1952 3081 σημαῖνον-

2058 3014 2294 3086 priorem
2354 3026 2576 3068 causam
2630 3018 2849 3066 exstare
2902 3005 3145 3062 indicet:
3201 3000 3616 3057 interminatum

376 3117 486 3165 τος.
520 3101 606 3155 Σὺ
626 3101 753 3172 γὰρ,
776 3100 959 3170 φησὶν,
992 3102 1027 3154 ὁ
1049 3098 1231 3165 αὐτὸς
1256 3099 1328 3166 εἷ,
1350 3099 1449 3153 καί
1474 3101 1545 3154 τὰ
1569 3099 1672 3168 ἔτη
1696 3115 1814 3156 σου
1846 3103 1953 3156 οὐκ

2060 3120 2211 3169 vero,
2258 3119 2485 3174 regnum
2513 3101 2634 3171 eius
2660 3100 2811 3154 nullo
2845 3099 2949 3153 ﬁne
2974 3097 3224 3152 clausum
3253 3093 3319 3147 iri
3347 3089 3623 3146 ostendat.

379 3193 755 3261 ἐκλείψουσι.
782 3193 881 3247 Διά
914 3192 1014 3263 μὲν
1040 3191 1135 3246 τοῦ
1169 3187 1308 3246 εἶναι
1332 3191 1392 3246 τὸ
1417 3191 1492 3263 μὴ
1524 3192 1585 3258 ἐξ
1605 3193 1784 3258 αἰτίας
1814 3194 1959 3258 τινὸς

383 3284 682 3355 ὑποστῆναι
731 3284 1042 3354 σημαίνωνο
1082 3283 1171 3337 διὰ
1208 3283 1264 3336 δὲ
1307 3282 1400 3337 τοῦ
1443 3284 1641 3354 ἑφεξῆς
1669 3284 1765 3354 τὴν
1787 3284 1959 3339 ἄπαυ-

384 3376 508 3430 στόν
540 3393 600 3429 τε
629 3376 723 3430 καὶ
768 3375 1127 3448 ἀτελεύτητον
1157 3375 1531 3448 μακαριότητα
1569 3376 1671 3446 τῆς
1703 3375 1846 3448 ζωῆς
1878 3378 1964 3430 ὲν-

384 3465 749 3536 δεικνύμενος.

471 3639 610 3693 Ἀλλ’
652 3641 781 3704 ἴσως
820 3643 936 3712 ἐρεῖ
964 3658 1047 3704 τις
1080 3642 1175 3695 καὶ
1224 3641 1335 3695 τῶν
1382 3640 1808 3712 εὐλαϐεστέρων,
1846 3641 1965 3709 ἐφι-

393 3729 522 3793 στάς
561 3733 675 3793 τοῖς
719 3731 847 3801 περὶ
880 3730 985 3801 rei
1022 3730 1196 3783 ἀϊδίου
1244 3732 1375 3800 ἡμῖν
1418 3729 1834 3800 ὲξητασμένοις·
1885 3730 1966 3781 ὅτι

393 3821 628 3893 χαλεπόν
656 3821 770 3873 ἐστι
802 3821 891 3873 rbv
915 3821 1043 3891 περὶ
1070 3819 1163 3873 τοῦ
1197 3818 1535 3887 Μονογενοῦς
1565 3819 1721 3886 λόγον
1753 3818 1840 3871 διὰ
1858 3817 1968 3871 τῶν

395 3912 696 3983 εἰρημένων
745 3910 1031 3981 παρελθεῖν
1081 3911 1464 3981 ἀπροσκόπως.
1499 3909 1602 3963 Δύο
1645 3908 1752 3981 γάρ
1785 3911 1966 3979 ἀπεμ-

398 4002 693 4073 φαινόντων
719 4001 1022 4073 δογμάτων,
1064 4001 1143 4055 ἑνὶ
1173 4000 1389 4064 πάντως
1422 4000 1868 4070 συνενεχθήσεται
1888 4017 1903 4031 .
1931 4000 1963 4070 ἢ

399 4093 506 4163 γὰρ
538 4094 828 4163 ἀγέννητον
860 4089 1002 4147 εἶναι
1056 4094 1149 4147 καὶ
1182 4094 1273 4147 τὸν
1301 4093 1427 4146 Υίὸν
1468 4092 1966 4163 κατασκευάσομεν,

400 4186 534 4256 ὅπερ
558 4184 777 4249 ἄτοπον,
811 4185 844 4254 ἢ
890 4184 1009 4238 οὑδὲ
1045 4185 1105 4237 τὸ
1129 4184 1296 4240 ἀΐδιον
1338 4183 1485 4256 αὑτῷ
1525 4185 1968 4254 συγχωρήσομεν,

399 4277 536 4347 ὅπερ
588 4274 718 4330 ίδιον
766 4274 874 4329 τῶν
923 4275 1380 4346 βλασφημούντων
1428 4275 1594 4332 ἐστίν.
1637 4277 1697 4328 Et
1736 4276 1845 4345 γὰρ
1892 4274 1971 4346 τῷ

403 4369 642 4438 ἀνάρχῳ,
700 4368 795 4421 καὶ
850 4368 1189 4438 ἀτελευτήτῳ
1233 4369 1267 4438 ἡ
1321 4368 1556 4436 ἀῐδιότης
1608 4367 1929 4438 γνωρίζεται
1952 4405 1967 4430 ,

403 4458 613 4530 ἀνάγκη
644 4459 815 4522 πᾶσα,
855 4456 888 4528 ἢ
922 4456 1140 4511 ἀσεϐεῖν
1168 4456 1244 4528 μὴ
1285 4456 1677 4526 ὁμολογοῦντας
1707 4456 1801 4510 τοῦ
1840 4456 1969 4510 Υἱοῦ

403 4548 464 4602 rb
498 4548 748 4619 ἀΐδιον,ἢ
789 4548 924 4619 πρὸς
957 4548 1057 4620 τὴν
1099 4551 1203 4620 τῆς
1245 4548 1569 4619 ἀγεννησίας
1616 4548 1882 4618 ὑπόληψιν
1914 4551 1973 4602 ὲν

406 4639 522 4701 ταῖς
545 4639 673 4707 περὶ
697 4637 792 4691 τοῦ
816 4638 1150 4706 Μονογενοῦς
1181 4638 1457 4701 ὑπονοίαις
1482 4638 1761 4709 φέρεσθαι.
1794 4638 1859 4692 Τί
1880 4635 1975 4693 οὖν

408 4731 601 4800 ἡμεῖςς
633 4730 695 4782 Et
733 4728 831 4799 μέν
853 4746 971 4783 τινα
991 4730 1248 4800 χρονικὴν
1278 4729 1516 4801 ἔμφασιν
1545 4729 1851 4801 ὑπερετίθει
1876 4733 1975 4803 τῆς

407 4820 499 4876 τοῦ
532 4821 867 4890 Μονογενοῦς
896 4822 1239 4885 ὑποστάσεως
1307 4823 1335 4874 ό
1364 4822 1456 4875 τὸν
1478 4821 1694 4891 Πατέρα
1719 4821 1812 4875 τοῦ
1845 4823 1973 4879 Υἱοῦ

414 4912 556 4984 μόνῳ
587 4913 686 4984 τῆς
712 4912 888 4974 αἰτίας
919 4912 1061 4982 λόγῳ
1090 4912 1438 4984 προθεωρῶν,
1480 4913 1703 4976 εἰκότως
1734 4912 1801 4967 ἀν
1823 4913 1852 4965 ό
1879 4913 1976 4983 τῆς

412 5004 706 5074 ἀῖδιότητος
745 5006 878 5074 ἡμῖν
898 4987 1045 5074 περὶ
1079 5002 1173 5056 τοῦ
1213 5001 1542 5066 Υίοῦ,⁶Υίοῦ
1571 5002 1723 5071 λόγος
1767 5003 1976 5057 ἐκινδυ-

412 5095 613 5153 νεύετο..
640 5094 775 5149 Νυνὶ⁵
796 5095 874 5161 δὲ,
902 5095 962 5149 τὸ
995 5096 1123 5148 ποτὲ
1151 5094 1225 5165 μὴ
1248 5092 1464 5146 ἔσεσθαι
1495 5094 1587 5146 ἐπὶ
1614 5095 1714 5162 τῆς
1740 5112 1980 5166 προαιω-

414 5188 525 5241 νίου
546 5186 761 5253 φύσεως
787 5185 937 5251 ἴσως,
964 5186 1054 5240 καὶ
1077 5184 1276 5255 ὁμοίως
1309 5183 1402 5265 ἐπί
1439 5200 1500 5237 τε
1522 5184 1620 5255 τῆς
1649 5185 1743 5239 τοῦ
1772 5187 1980 5259 Πατρός

416 5278 581 5351 ζωῆς,
609 5277 707 5333 καὶ
730 5278 829 5347 τῆς
841 5276 934 5331 τοῦ
950 5274 1248 5345 Μονογενοῦ
1258 5293 1302 5342 ς,
1332 5275 1467 5330 ἀλλά
1482 5276 1574 5329 καὶ
1599 5277 1696 5347 τῆς
1712 5276 1806 5330 τοῦ
1828 5279 1982 5348 ἁγίου

415 5371 731 5443 Πνεύματος
768 5369 1054 5441 ὁμολογίας
1081 5370 1140 5421 οὑ
1180 5369 1409 5441 δέχεται.
1452 5369 1620 5423 Ἔνθα
1646 5370 1753 5441 γὰρ
1795 5372 1983 5442 χρόνος

417 5464 517 5518 οὐκ
543 5463 678 5529 ἔστι,
713 5463 805 5517 καὶ
831 5461 892 5516 rb
924 5461 1066 5515 ποτὲ
1098 5463 1474 5535 συνανῄρηται.
1516 5464 1576 5516 El
1619 5464 1674 5516 δὲ
1707 5466 1791 5518 ἀεὶ
1821 5469 1879 5520 ὲν
1907 5466 1988 5542 τῷ

493 5637 560 5669 eos
597 5634 836 5706 pmlipp.
872 5647 934 5694 ιι,
969 5633 1046 5685 ιὸ.
1157 5632 1198 5661 ⁶¹
1238 5631 1379 5686 Psal.
1412 5648 1484 5697 cr,
1528 5638 1574 5689 ι.

2066 3203 2138 3255 Tu
2169 3200 2336 3265 enim,
2365 3197 2573 3268 inquit,
2613 3193 2751 3247 idem
2781 3182 2888 3261 ipse
2916 3207 3004 3254 es,
3046 3197 3095 3242 et
3129 3184 3256 3239 anni
3287 3183 3364 3236 tui
3402 3196 3507 3235 non
3537 3179 3629 3232 de-

2062 3295 2238 3365 ﬁcient
2270 3292 2312 3323 δ’
2342 3310 2354 3345 :
2388 3306 2483 3360 per
2516 3302 2639 3344 esse
2670 3300 2794 3342 eum
2830 3298 2894 3338 ex
2928 3280 3083 3337 nullo
3115 3274 3384 3349 principio
3409 3271 3631 3365 prodire

2063 3359 2337 3444 innuens,
2372 3359 2730 3448 sequentibus
2764 3382 2945 3427 autem
2981 3366 3163 3424 verbis
3188 3406 3202 3427 ,
3242 3363 3513 3419 inﬁnitam
3562 3359 3630 3412 il-

2061 3470 2199 3535 lam,
2232 3477 2287 3524 et
2319 3466 2485 3521 nullis
2533 3461 2801 3517 limitibus
2845 3458 3268 3524 circumseptam
3313 3451 3438 3511 vitae
3484 3448 3634 3505 illius

2066 3558 2454 3614 beatitudinem
2481 3554 2783 3611 delineans.

2137 3650 2206 3703 At
2233 3648 2373 3703 forte
2395 3644 2620 3716 objiciat
2642 3643 2765 3713 quis
2789 3640 2953 3697 etiam
2976 3653 3041 3694 ex
3066 3634 3464 3707 religiosiorum
3487 3636 3636 3686 cmtu

2067 3740 2358 3799 occasione
2386 3752 2573 3794 eorum
2591 3774 2607 3800 ,
2641 3749 2764 3804 quae
2794 3733 2861 3788 de
2890 3731 3196 3787 aeternitate
3227 3725 3591 3784 disseruimus
3619 3741 3634 3775 :

2068 3833 2283 3888 diﬁieile
2306 3845 2429 3887 esse
2466 3826 2735 3898 unigeniti
2762 3823 2886 3878 Filii
2917 3823 3180 3878 honorem
3209 3819 3422 3875 salvum
3450 3826 3506 3872 et
3533 3815 3640 3868 illi-

2070 3924 2255 3978 batum
2284 3925 2573 3992 praestare,
2598 3916 2645 3972 si
2669 3931 2791 3987 quae
2816 3914 2961 3968 dicta
2989 3921 3118 3968 sunt
3142 3909 3444 3968 subsistant
3470 3922 3484 3959 :
3512 3917 3638 3958 cmn

2069 4018 2213 4073 enim
2244 4015 2364 4071 dua:
2394 4014 2504 4069 sint
2526 4010 2840 4082 dogmatum
2869 4006 3135 4068 rationes,
3161 4001 3390 4055 alterum
3420 3995 3639 4082 illorum

2071 4109 2208 4165 Filio
2236 4105 2529 4162 convenire
2550 4081 2766 4172 oportet
2793 4117 2807 4153 :
2841 4098 2924 4154 vel
2948 4095 3091 4151 enim
3110 4093 3288 4162 ipsum
3308 4099 3525 4158 quoque
3551 4081 3642 4134 Fi-

2072 4199 2200 4252 lium
2225 4194 2525 4267 ingenitum
2559 4205 2682 4248 esse
2709 4186 3060 4260 probabimus
3083 4222 3097 4246 ,
3131 4187 3185 4235 et
3212 4179 3315 4233 hoc
3341 4182 3425 4230 est
3450 4172 3644 4267 absur-

2073 4289 2202 4344 dum
2225 4330 2240 4354 ,
2263 4263 2348 4341 vel
2371 4286 2728 4340 aeternitatem
2750 4280 2798 4336 ei
2822 4277 3127 4332 adimemus
3149 4311 3164 4336 ,
3192 4266 3334 4338 quod
3367 4263 3644 4367 proprium

2081 4472 2368 4545 negatione
2391 4466 2667 4524 aeternitas
2692 4459 3064 4534 cognoscitur,
3091 4455 3251 4526 plane
3276 4448 3649 4545 sequitur—aut

2082 4536 2183 4622 nos
2214 4561 2505 4632 impietatis
2530 4557 2703 4612 labem
2731 4549 3057 4608 contrahere
3089 4588 3104 4613 ,
3138 4551 3326 4615 utpote
3346 4580 3362 4605 ,
3399 4540 3491 4611 qui
3526 4536 3649 4632 Filii

2083 4630 2440 4715 aeternitatem
2494 4664 2601 4704 non
2646 4644 3030 4706 conﬁteantur,
3081 4646 3176 4692 aut
3226 4630 3650 4702 intelligentiam

2085 4758 2328 4806 nostram
2346 4788 2362 4813 ,
2387 4742 2608 4816 quando
2633 4739 2701 4794 de
2725 4735 3019 4806 Unigenito
3046 4732 3374 4801 cogitamus,
3407 4724 3473 4779 ad
3500 4726 3653 4816 innaf

2086 4815 2433 4899 scibilitatem
2465 4848 2683 4907 quoque
2707 4830 3014 4887 deﬂectere.
3043 4821 3185 4891 Quid
3223 4819 3391 4893 igitur
3432 4815 3575 4871 nos?
3603 4815 3650 4907 si

2086 4930 2437 5003 temporalem
2486 4905 2783 4997 quamdam
2846 4913 3317 5003 intercapedinem
3371 4905 3656 5003 hypostasi

2087 5041 2182 5082 seu
2200 4996 2579 5079 subsistentia:
2605 5014 2726 5069 Filii
2753 5018 3135 5081 anteponeret,
3161 5003 3256 5075 qui
3289 5001 3505 5090 Patrem
3537 4996 3654 5090 sola

2090 5110 2342 5184 principii
2376 5107 2588 5161 ratione
2620 5103 2771 5172 prius
2803 5097 2943 5153 Filio
2971 5093 3210 5184 concipit
3232 5130 3247 5153 .
3279 5088 3655 5184 jure.ccnseti

2090 5172 2286 5271 posset.
2307 5194 2555 5251 doctrina
2584 5191 2652 5247 de
2678 5188 2798 5244 Filii
2826 5180 3206 5271 aeternitatein
3229 5172 3529 5271 periculum
3560 5183 3656 5271 vna

2089 5250 2434 5338 bat—{Nunc
2462 5277 2579 5348 pari
2609 5288 2837 5346 prorsus
2868 5269 3030 5324 modo
3052 5306 3068 5332 ,
3101 5256 3393 5331 aliquando
3428 5268 3537 5348 non
3568 5250 3659 5348 iu-

2090 5386 2274 5430 turum
2329 5342 2480 5433 esse,
2533 5383 2563 5420 a
2606 5342 2767 5420 l’atre
2801 5373 2855 5418 et
2884 5360 3056 5421 Filio,
3091 5353 3224 5424 quin
3269 5355 3324 5402 et
3370 5358 3401 5397 a
3446 5342 3656 5414 Spiritu

2089 5467 2332 5533 exsulat,
2372 5478 2496 5518 nam
2539 5460 2632 5516 ubi
2681 5456 2885 5511 nullum
2934 5459 3182 5516 tempus,
3225 5438 3299 5494 ibi
3335 5436 3498 5492 etiam
3550 5434 3659 5491 ali-
