4064 6146
370 384 469 444 ιϐῒ

1608 386 1663 440 s.
1691 385 2010 443 anGonn
2045 371 2329 444 NYSSESI

3482 398 3587 456 £68

370 497 606 551 hominis
639 496 998 555 similitudine
1035 498 1214 556 factus
1239 508 1555 571 naturaeque
1581 515 1780 560 nostra:
1805 521 1927 576 par-

2033 509 2119 563 καὶ
2155 510 2434 580 μετασχὼν
2479 507 2574 577 τῆς
2620 507 2827 576 φύσεως
2856 508 3009 578 ἡμῶν
3058 508 3195 562 κατὰ
3251 511 3428 565 πάντα
3464 515 3585 566 καθ’

307 658 317 668 .
369 589 541 655 ticeps
575 603 672 656 per
702 590 885 642 omnia
921 591 1221 645 secundum
1265 592 1675 648 similitudinem
1721 598 1926 666 absque

308 675 334 736 ’ἒ
371 685 613 746 peccato.
673 679 983 735 Secundum
1038 691 1217 737 autem
1273 685 1733 751 similitudinem,
1796 693 1923 758 quia

368 785 491 824 cum
525 772 704 824 anima
733 779 786 826 ct
817 787 1044 843 corpore
1072 782 1242 829 totum
1272 775 1544 831 hominem
1577 782 1874 849 assumpsit
1913 800 1924 833 :

370 862 445 913 ita
476 869 535 914 ut
569 877 665 932 per
696 872 987 933 utrumque
1019 867 1174 921 nobis
1207 864 1386 922 factus
1422 867 1494 920 sit
1528 869 1701 924 salus.
1738 869 1836 923 Hic
1872 872 1923 923 in

369 952 532 1007 terris
563 953 712 1008 visus
746 963 862 1016 est,
895 963 948 1009 et
998 971 1120 1009 cum
1172 957 1482 1013 hominibus
1533 969 1923 1027 conversatus,

372 1051 431 1094 ut
460 1057 567 1096 non
600 1043 835 1111 amplius
866 1044 1114 1100 homines
1141 1060 1241 1115 pro
1278 1048 1445 1101 animi
1484 1051 1567 1102 sui
1617 1051 1885 1104 sententia
1909 1089 1924 1114 ,

368 1135 440 1188 de
463 1148 529 1188 eo
559 1133 700 1202 quod
727 1143 807 1190 est
836 1176 848 1200 ,
880 1136 1192 1203 opinentur,
1217 1152 1311 1191 eas
1337 1139 1672 1206 suspiciones
1705 1141 1785 1194 vel
1812 1142 1928 1211 opi-

371 1224 564 1278 niones
597 1239 734 1294 quas
765 1240 827 1279 ex
864 1225 1071 1279 levibus
1103 1227 1432 1296 quibusdam
1466 1229 1804 1297 conjecturis
1836 1245 1925 1283 as—

373 1325 698 1386 sequuntur,
735 1333 832 1386 pro
864 1319 1006 1372 veris
1052 1326 1105 1373 et
1153 1319 1324 1373 ﬁrmis
1367 1319 1601 1374 decretis
1639 1320 1924 1375 habentes.

369 1407 480 1463 Sed
512 1409 761 1478 persuasi
806 1410 949 1478 quod
992 1424 1117 1462 vere
1158 1409 1297 1464 Deus
1337 1410 1388 1463 in
1431 1425 1595 1463 carne
1637 1411 1924 1480 apparuit,

371 1493 503 1546 illud
537 1493 712 1548 solum
746 1511 931 1550 verum
974 1497 1190 1564 pietatis
1232 1499 1547 1567 mysterium
1589 1513 1709 1553 csse
1738 1499 1927 1554 creda-

371 1602 529 1650 mus,
562 1589 704 1656 quod
737 1603 830 1656 per
860 1587 1034 1656 ipsum
1076 1586 1310 1641 Verbum
1357 1597 1408 1642 et
1461 1587 1626 1643 Deum
1679 1598 1927 1644 nostrum

368 1680 634 1733 traditum
681 1690 795 1742 est,
845 1680 932 1747 qui
981 1695 1075 1749 per
1117 1680 1355 1748 seipsum
1408 1681 1670 1743 apostolis
1711 1682 1928 1738 locutus

370 1780 478 1826 cst.
510 1771 639 1824 Eam
668 1786 796 1826 vero
827 1786 946 1840 quae
977 1779 1087 1824 tum
1131 1785 1194 1824 ex
1233 1766 1411 1825 Veteri
1445 1770 1730 1840 Scriptura
1753 1813 1766 1836 ,
1811 1780 1924 1826 tum

2029 597 2316 668 ὁμοιότητα
2364 596 2526 666 χωρὶς
2579 595 2868 666 ἁμαρτίας.
2921 596 3052 648 Καθ’
3084 598 3375 667 ὁμοιότητα
3419 599 3473 652 δὲ
3510 602 3586 672 τῷ

2033 687 2165 755 μετά
2195 687 2368 756 ψυχῆς
2399 686 2492 739 καὶ
2521 684 2768 754 σώματος
2805 685 3086 738 ἀναλαϐεῖν
3117 687 3234 739 ὅλον
3261 689 3350 740 τὸν
3379 688 3585 760 ἀνθρω-

2029 791 2156 829 πον·
2192 777 2331 829 ὥστε
2364 777 2427 828 δι’
2455 775 2775 846 ἀμφοτέρων
2820 778 2951 845 ἡμῖν
2995 777 3241 845 γενέσθαι
3285 778 3383 849 τὴν
3412 797 3587 851 σωτη-

2034 867 2171 936 ρίαν.
2222 861 2388 928 Οὗτος
2413 866 2502 918 ἐπὶ
2529 867 2623 936 τῆς
2672 867 2773 934 γῆς
2801 866 2978 936 ὤφθη,
3019 869 3110 919 καὶ
3147 870 3256 931 τοῖς
3285 869 3588 939 ἀνθρώποις

2034 956 2470 1025 συνανεστράφη·
2517 956 2601 1008 ἵνα
2649 955 2843 1025 μηκέτι
2883 957 2932 1008 οί
2987 957 3259 1026 ἄνθρωποι
3310 959 3450 1011 κατὰ
3490 960 3588 1022 τὰς

2033 1045 2238 1098 ἑαυτῶν
2264 1044 2485 1115 γνώμας
2519 1047 2645 1116 περὶ
2687 1045 2778 1098 τοῦ
2807 1046 2958 1109 ὄντος
2997 1048 3252 1113 δοξάξωσι
3279 1067 3293 1080 ·
3323 1050 3419 1112 τὰς
3447 1065 3587 1116 γινο-

2036 1137 2199 1206 μένας
2231 1138 2409 1200 αὐτοῖς
2456 1137 2561 1190 ἀπὸ
2595 1140 2912 1208 στοχασμῶν
2938 1157 3096 1192 τινων
3125 1142 3375 1203 ὑπονοίας
3414 1142 3588 1212 δόγμα

2034 1226 2358 1297 ποιούμενοι.
2401 1227 2557 1280 Ἀλλὰ
2605 1229 2913 1291 πεισθέντες
2949 1230 3030 1282 ὅτι
3056 1229 3267 1299 ἀληθῶς
3297 1232 3424 1294 Θεὸς
3458 1235 3590 1300 ὲφα-

2033 1315 2238 1388 νερὼθη
2283 1320 2340 1370 ὲν
2387 1318 2569 1387 σαρκὶ,
2601 1319 2774 1372 ἐκεῖνο
2811 1319 2968 1388 μόνον
3017 1319 3262 1388 ἀληθινὸν
3309 1322 3404 1390 τῆς
3435 1321 3589 1373 εὐσε-

2032 1407 2184 1472 ϐείας
2219 1410 2513 1478 μυστήριον
2538 1406 2673 1462 εἶναι
2694 1408 3088 1480 πιστεύσωμεν,
3118 1411 3145 1462 ὂ
3170 1411 3236 1463 δι’
3265 1411 3426 1464 αὑτοῦ
3459 1413 3591 1483 ⁴ἡμῖν

2032 1498 2126 1553 τοῦ
2165 1501 2336 1566 Λόγου
2365 1501 2458 1552 καὶ
2508 1500 2640 1552 Θεοῦ
2677 1501 2966 1571 παρεδόθη,
3014 1500 3106 1553 τοῦ
3153 1501 3219 1553 δι’
3263 1500 3451 1553 ἑαυτοῦ
3479 1503 3591 1564 τοῖς

2033 1589 2343 1651 ἀποστόλοις
2388 1589 2732 1659 λαλήσαντος.
2763 1592 2873 1660 Τὴν
2924 1590 2979 1642 δὲ
3018 1592 3082 1642 ὲκ
3109 1590 3205 1658 τῆς
3235 1591 3590 1661 ἀρχαιοτέρας

2033 1678 2272 1748 Γραφῆς,
2319 1680 2380 1730 ὲκ
2415 1679 2576 1748 νόμου
2615 1697 2673 1732 τε
2706 1681 2798 1732 καὶ
2845 1680 3194 1751 προφητείας,
3231 1680 3324 1731 καὶ
3363 1681 3460 1750 τῆς
3488 1697 3594 1732 πα-

2039 1769 2350 1840 ροιμιώδους
2383 1768 2722 1832 διδασκαλίας
2750 1769 3036 1839 γινομένην
3065 1769 3188 1840 περὶ
3222 1768 3320 1837 τῆς
3341 1769 3593 1839 ὑπερκει-

370 1877 438 1914 ex
470 1862 586 1932 lege
615 1872 669 1917 et
695 1862 993 1931 pr0phetiis
1021 1871 1075 1915 et
1104 1861 1429 1930 proverbiali
1461 1862 1752 1932 disciplina
1785 1863 1924 1917 facta

2033 1861 2196 1930 μένης
2248 1859 2458 1928 φύσεως
2486 1860 2847 1923 διδασκαλίαν,
2903 1861 2968 1913 δι’
3011 1860 3272 1928 ἐσόπτρου
3311 1860 3452 1922 τινος
3499 1861 3592 1912 καὶ

371 1961 458 2006 est
491 1953 557 2008 de
591 1954 1028 2022 supereminente
1066 1963 1260 2006 natura
1291 1952 1595 2006 doctrinam
1619 1992 1632 2016 ,
1671 1969 1768 2022 per
1803 1969 1926 2024 spe-

371 2044 554 2098 culum
583 2044 856 2113 quoddam
887 2052 941 2096 et
965 2044 1189 2112 aenigma
1214 2084 1227 2106 ,
1259 2053 1515 2112 tanquam
1545 2045 1802 2098 revelata:
1827 2061 1925 2099 no-

372 2135 458 2190 bis
505 2135 757 2188 veritatis
807 2135 1180 2188 testimonium
1223 2132 1631 2200 amplectamur,
1675 2133 1764 2201 pie
1805 2149 1929 2188 sen-

374 2224 600 2277 tentiam
635 2239 822 2278 eorum
856 2238 974 2292 qua:
1002 2223 1262 2275 dicuntur
1291 2222 1643 2290 accipientes.
1680 2222 1755 2274 Ita
1787 2231 1846 2274 ut
1874 2223 1926 2276 in

375 2313 482 2367 ﬁde
509 2328 630 2382 quae
659 2328 689 2366 a
723 2311 955 2366 Domino
987 2311 1367 2364 universorum
1417 2311 1663 2379 exposita
1705 2319 1789 2364 est
1836 2327 1928 2366 ac-

375 2405 762 2472 quiescamus:
801 2418 963 2473 quam
1000 2403 1053 2456 in
1085 2401 1326 2456 dictione
1356 2415 1546 2468 puram
1581 2401 1932 2455 intentatam-

373 2511 501 2564 que,
531 2495 674 2551 sicut
702 2494 1034 2563 accepimus,
1059 2491 1398 2548 custodimus
1427 2508 1438 2544 :
1465 2501 1630 2560 atque
1653 2492 1705 2545 in
1737 2493 1932 2568 exiguo

374 2588 664 2640 verborum
691 2585 1017 2638 traditorum
1043 2584 1442 2653 perversionem
1488 2590 1544 2637 et
1585 2585 1930 2652 depravatio-

374 2692 496 2730 nem
519 2713 533 2738 ,
563 2683 860 2728 extremam
883 2673 1197 2743 judicamus
1241 2673 1629 2743 blasphemiam
1663 2685 1714 2726 et
1741 2674 1956 2748 impieﬁ

374 2775 564 2819 tatem.
595 2763 882 2818 Credimus
915 2764 1080 2831 igitur
1109 2764 1565 2831 quemadmodum
1605 2765 1720 2819 suis
1764 2764 1932 2820 disci-

375 2856 518 2924 pulis
552 2854 815 2908 Dominus
845 2853 1006 2906 ﬁdem
1036 2854 1290 2922 exposuit
1315 2853 1397 2909 sic
1431 2854 1644 2909 locutus
1674 2873 1688 2908 :
1737 2853 1930 2908 Euntes

373 2946 549 2998 docete
602 2959 777 2997 omnes
832 2954 1042 3012 gentes,
1099 2941 1420 3011 baptizantes
1477 2960 1562 2996 eos
1624 2944 1678 2996 in
1725 2946 1930 2997 nomine

375 3037 554 3089 Patris
579 3076 592 3098 ,
629 3047 675 3089 et
710 3034 840 3088 Filii
869 3044 918 3088 et
948 3033 1177 3101 Spiritus
1228 3035 1418 3087 sancti.
1473 3034 1571 3088 llic
1619 3046 1703 3089 cst
1751 3050 1931 3090 sermo

375 3124 620 3196 mysterii
643 3164 657 3186 ,
693 3125 747 3177 in
775 3139 884 3194 quo
917 3139 1010 3191 per
1039 3138 1328 3192 supernam
1369 3124 1778 3190 generationem
1825 3140 1929 3178 uo-

370 3224 488 3270 stra
517 3222 710 3268 natura
742 3215 794 3267 in
835 3214 1028 3267 melius
1062 3213 1508 3275 transl'ormatur,
1558 3214 1686 3267 dum
1734 3229 1762 3266 a
1805 3231 1929 3269 cor-
1956 3188 1999 3244 (ἶ

377 3307 618 3377 ruptibili
647 3305 713 3360 ad
742 3305 1175 3375 incorruptibilc,
1206 3319 1270 3356 ex
1301 3312 1479 3357 vetere
1510 3304 1730 3358 homine
1765 3321 1927 3360 reno-

375 3409 555 3460 vatur,
603 3397 901 3453 secundum
951 3396 1242 3464 imaginem
1272 3393 1392 3460 ejus
1421 3394 1512 3460 qui
1553 3395 1604 3449 iu
1656 3396 1928 3464 principio

374 3490 616 3542 divinam
646 3485 1057 3540 similitudinem
1084 3482 1308 3534 creavit.
1356 3481 1527 3550 llujus
1554 3483 1732 3550 itaque
1762 3498 1790 3535 a
1824 3483 1932 3537 Deo

377 3574 635 3646 apostolis
681 3574 893 3627 tradita:
927 3573 1046 3626 ﬁdei
1082 3587 1259 3641 neque
1287 3573 1712 3627 subtractionem
1758 3591 1933 3644 neque

376 3666 812 3720 immutationem
875 3663 992 3718 sive
1048 3665 1490 3732 perversiouem,
1543 3681 1722 3735 neque
1783 3667 1934 3721 addi-

377 3759 581 3811 tioueut
612 3755 879 3809 facimus:
928 3764 1113 3824 aperte
1164 3755 1402 3810 scientes
1455 3770 1576 3808 eum
1625 3757 1715 3825 qui
1774 3759 1937 3812 audet

377 3862 562 3901 vocem
593 3845 829 3899 divinam
873 3845 1142 3899 calumnia
1187 3845 1421 3914 quadam
1449 3853 1502 3899 et
1537 3847 1810 3901 malitiosa
1859 3849 1940 3901 in-

376 3937 766 4008 tcrpretatione
810 3946 1147 4006 pervertere,
1196 3951 1259 3990 ex
1309 3944 1461 4004 patre
1505 3937 1724 3992 diabolo
1776 3953 1936 3992 esse:

377 4035 567 4096 utpote
595 4026 686 4095 qui
718 4026 939 4080 omissis
966 4024 1212 4079 veritatis
1240 4024 1420 4078 verbis
1441 4065 1454 4088 ,
1484 4039 1548 4078 ex
1582 4026 1821 4095 propriis
1852 4029 1934 4081 lo-

374 4121 582 4191 quitur,
608 4127 757 4190 pater
783 4116 1049 4172 mendacii
1075 4115 1273 4171 factus.
1300 4114 1434 4169 Nam
1457 4116 1720 4185 quidquid
1742 4128 1938 4187 praeter

2026 1951 2338 2020 αἰνίγματος
2367 1951 2442 2013 ὡς
2476 1951 2778 2022 μαρτυρίαν
2817 1952 2914 2021 τῆς
2959 1949 3428 2018 ἀποκαλυφθείσης
3463 1950 3592 2018 ἡμῖν

2026 2043 2278 2113 ἀληθείας
2327 2043 2627 2113 δεχώμεθα,
2663 2044 2896 2107 εὐσεϐῶς
2937 2043 3032 2113 τὴν
3076 2043 3312 2095 διάνοιαν
3352 2041 3459 2094 τῶν
3494 2045 3592 2112 ρη-

2026 2131 2133 2184 τῶν
2177 2131 2601 2200 ἐκλαμϐάνοντες
2625 2149 2638 2161 ·
2668 2132 2740 2194 ὡς
2764 2134 3065 2202 συμφωνεῖν
3094 2134 3159 2201 τῇ
3203 2131 3352 2200 παρά
3376 2131 3468 2182 τοῦ
3495 2134 3592 2182 Δε-

2029 2222 2224 2275 σπότου
2259 2221 2366 2273 τῶν
2415 2221 2550 2275 ὅλων
2599 2220 2879 2291 ὲκτεθείσῃ
2921 2220 3130 2272 πίστει·
3159 2223 3223 2290 ἦν
3267 2222 3357 2272 ἐπὶ
3398 2220 3596 2285 λέξεως

2029 2313 2276 2383 καθαρὰν
2297 2314 2390 2366 καὶ
2419 2312 2881 2384 ἀπαρεγχείρητον
2915 2312 3275 2380 φυλάσσομεν,
3317 2312 3413 2374 ὼς-
3452 2329 3594 2382 παρ-

2031 2405 2316 2472 ελάϐομεν·
2335 2404 2426 2457 καὶ
2451 2403 2547 2474 τὴν
2577 2406 2632 2455 ἐν
2653 2403 2815 2472 ὀλίγῳ
2845 2404 3197 2474 παρατροπὴν
3218 2403 3323 2455 τῶν
3358 2403 3593 2472 παραδοο

2030 2495 2228 2549 θέντων
2280 2496 2534 2565 ῥημάτων
2578 2493 2809 2562 ἐσχάτην
2841 2493 3113 2562 κρίνοντες
3161 2493 3503 2563 βλασφημίαν
3535 2509 3596 2545 τε

2029 2585 2121 2638 καὶ
2147 2585 2417 2638 ἀσέϐειαν.
2445 2583 2776 2652 Πιστεύομεν
2800 2581 2892 2636 οὖν
2921 2583 3102 2647 καθὼς
3129 2583 3337 2647 ἐξέθετο
3355 2585 3467 2644 τοῖς
3503 2600 3599 2652 μα-

2030 2676 2214 2746 θηταῖς
2246 2675 2341 2746 τὴν
2398 2675 2576 2727 πίστιν
2622 2675 2650 2727 ὀ
2684 2674 2886 2744 Κύριος
2930 2675 2958 2724 ὀ
3017 2673 3205 2738 εἰπὼν,
3251 2675 3332 2725 ὅτι
3377 2676 3596 2740 Πορευ-

2029 2768 2232 2834 θέντες
2277 2768 2689 2836 μαθητεύσατε
2732 2765 2925 2819 πάντα
2966 2765 3038 2819 τὰ
3083 2766 3253 2831 ἔθνη,
3283 2763 3599 2828 βαπτίζον-

2029 2877 2127 2924 τες
2148 2859 2364 2924 αὐτοὺς
2390 2861 2475 2924 είς
2495 2858 2558 2910 τὸ
2593 2857 2774 2926 ὄνομα
2806 2857 2909 2910 τοῦ
2944 2858 3167 2924 Πατρὸς
3197 2856 3291 2909 καὶ
3326 2856 3430 2908 τοῦ
3461 2855 3597 2908 Υἱοῦ

2029 2949 2128 3003 καὶ
2155 2949 2259 3002 τοῦ
2289 2949 2459 3016 ἁγίου
2488 2948 2846 3014 Πνεύματος.
2885 2939 3051 3008 Οὗτός
3085 2948 3228 2997 ἐστιν
3260 2947 3288 2996 ὁ
3317 2945 3471 3012 λόγος
3503 2943 3596 2997 τοῦ

2033 3039 2350 3110 μυστηρίου,
2402 3040 2459 3091 ὲν
2488 3032 2532 3106 ᾧ
2569 3038 2654 3091 διὰ
2695 3038 2793 3105 τῆς
2835 3037 3036 3090 ἄνωθεν
3085 3037 3389 3105 γεννήσεως
3442 3053 3601 3104 μετα-

2033 3131 2350 3194 σκευάζεται
2409 3129 2562 3198 ἡμῶν
2616 3128 2841 3198 ἡφύσις
2879 3127 2984 3179 ἀπὸ
3032 3125 3124 3178 τοῦ
3170 3125 3405 3196 φθαρτοῦ
3469 3124 3597 3193 πρὸς

2034 3220 2093 3272 τὸ
2137 3219 2432 3286 ἄφθαρτον·
2493 3221 2556 3270 ὲκ
2603 3219 2695 3271 τοῦ
2753 3219 2976 3272 παλαιοῦ
3032 3217 3315 3286 ἀνθρώπου
3376 3219 3604 3268 ἀνακαι-

2034 3307 2289 3378 νιζομένη
2319 3309 2436 3360 κατ’
2467 3309 2644 3360 εἰκόνα
2665 3309 2756 3360 τοῦ
2783 3311 3060 3367 κτίσαντος
3094 3309 3149 3361 ἐν
3177 3309 3316 3377 ἀρχῇ
3351 3306 3409 3358 τὸ
3444 3306 3604 3358 θεοει-

2005 3399 2120 3459 -δὲς
2154 3400 2418 3469 ὁμοίωμα.
2448 3398 2663 3468 Ταύτης
2711 3395 2803 3453 οὖν
2833 3400 2979 3471 παρά
3019 3399 3110 3452 τοῦ
3145 3399 3276 3450 Θεοῦ
3317 3401 3429 3459 τοῖς
3470 3398 3602 3450 ἀπο-

2036 3491 2238 3552 στόλοις
2272 3490 2665 3561 παραδοθείσης
2708 3493 2805 3560 τῆς
2840 3492 3093 3556 πίστεως,
3128 3488 3248 3542 οὒτε
3291 3490 3599 3560 ὑφαίρεσιν,

2036 3581 2159 3634 οὔτε
2186 3582 2554 3652 παραλλαγὴν,
2582 3582 2704 3636 οὕτε
2733 3583 3046 3654 προσθήκην
3063 3582 3387 3651 ποιούμεθα·
3416 3581 3605 3650 σαφῶς

2032 3673 2230 3736 εἰδότες
2261 3673 2339 3725 ὅτι
2365 3675 2390 3726 ὁ
2417 3673 2628 3744 τολμῶν
2650 3675 2746 3742 τὴν
2777 3672 2921 3726 θείαν
2951 3675 3134 3742 φωνὴν
3156 3673 3241 3725 διὰ
3273 3675 3605 3742 κακουργίας

2035 3763 2349 3832 σοφιστικῆς
2393 3765 2782 3836 παρατρέπειν,
2837 3755 2989 3825 οὗτος
3020 3765 3083 3816 ὲκ
3124 3762 3216 3815 τοῦ
3267 3763 3470 3833 πατρὸς
3509 3765 3604 3817 τοῦ

2033 3853 2273 3907 διαϐόλου
2310 3857 2484 3907 ἐστίν·
2523 3856 2583 3918 ὃς
2616 3856 2772 3924 ἀφεὶς
2811 3855 2906 3924 τῆς
2954 3853 3208 3924 ἀληθείας
3257 3853 3328 3907 τά
3363 3854 3602 3924 ῥήματα,

2036 3947 2099 3998 ἐκ
2128 3947 2233 3999 τῶν
2273 3947 2412 4000 ἰδίων
2452 3947 2621 4010 λαλεῖ,
2658 3946 2836 4016 πατὴρ
2874 3943 3100 4014 ψεύδους
3143 3943 3440 4012 γινόμενος.
3487 3945 3604 3996 Πᾶν

2039 4035 2145 4104 γάρ
2186 4035 2247 4086 τὺ
2290 4033 2440 4106 παρὰ
2467 4036 2564 4106 τὴν
2609 4035 2862 4105 ἀλήθειαν
2904 4034 3212 4103 λεγόμενον,
3246 4030 3435 4100 ψεῦδός
3486 4033 3602 4086 ἐστι

2043 4123 2258 4186 πάντως
2287 4125 2380 4178 καὶ
2409 4125 2506 4177 οὐκ
2540 4124 2756 4194 ἀληθές.

376 4218 655 4274 veritatem
721 4213 942 4274 dicitur,
1007 4227 1217 4266 merum
1283 4219 1366 4266 est
1441 4227 1665 4280 prorsus
1711 4215 2087 4282 mendacium,
2121 4227 2311 4273 etnon
2347 4221 2569 4273 veritas.

445 4311 714 4378 Quoniam
756 4309 921 4378 igitur
967 4307 1070 4360 hoc
1105 4307 1383 4362 decretum
1429 4307 1496 4360 ab
1534 4307 1649 4377 ipsa
1698 4309 1934 4366 Veritate

375 4402 710 4474 exponitur:
743 4401 789 4454 si
817 4399 946 4469 quid
982 4410 1262 4467 perperam
1309 4397 1468 4466 hujus
1508 4398 1660 4452 vocis
1687 4409 1930 4453 contem-

2122 4315 2272 4367 Ἐπεὶ
2298 4310 2388 4368 οὖν
2419 4315 2478 4367 τὸ
2525 4315 2696 4384 δόγμα
2744 4313 2898 4366 τοῦτο
2945 4311 3072 4382 παρ’
3117 4311 3284 4380 aeta;
3331 4309 3603 4363 ἐκτίθεται

2039 4409 2136 4477 τῆς
2169 4406 2452 4476 ἀληθείας·
2487 4405 2540 4458 εί
2567 4423 2617 4458 τι
2650 4401 3062 4476 παρεπινοοῦσιν
3093 4402 3185 4453 ἐπὶ
3222 4399 3471 4470 ἀθετήσει
3499 4401 3602 4470 τῆς

377 4506 469 4564 ptu
499 4493 993 4548 comminiscuntur
1033 4489 1388 4559 malignarum
1427 4489 1695 4544 luerosum
1745 4491 1933 4546 inven-

2039 4475 2185 4559 θείας
2211 4475 2414 4566 ταύτης
2439 4496 2618 4566 φωνῆς
2672 4475 2849 4546 οίτῶν
2881 4491 3128 4562 πονηρῶν
3156 4491 3412 4562 αἱρέσεων
3436 4492 3598 4560 εὗρε-

377 4600 547 4651 tores,
576 4587 652 4640 ita
673 4595 734 4640 ut
763 4587 885 4639 loco
913 4583 1092 4637 Patris
1126 4590 1426 4637 creatorem
1452 4590 1503 4635 et
1527 4580 1774 4648 Opilicem
1809 4578 1934 4632 Filii

381 4677 663 4728 nominent
691 4692 705 4728 :
738 4683 901 4742 atque
939 4670 1057 4725 Filii
1091 4672 1211 4725 loco
1239 4670 1513 4740 opiﬁcium
1547 4677 1600 4721 et
1631 4676 1936 4722 creaturam

379 4769 430 4811 cl
458 4759 587 4828 quid
624 4759 892 4812 factitium
927 4756 1136 4828 ﬁngant
1163 4775 1174 4810 :
1206 4772 1307 4827 pro
1333 4764 1526 4809 sancto
1559 4755 1761 4823 Spiritu
1791 4771 1940 4810 crea~

381 4858 561 4902 turam
597 4856 882 4909 creaturze,
909 4857 966 4902 et
995 4863 1132 4918 opus
1153 4849 1361 4918 operis,
1385 4855 1440 4901 et
1460 4861 1796 4914 quaecunque
1830 4845 1941 4900 Deo

383 4937 678 4992 rebellibus
717 4950 781 4988 ac
827 4936 1244 4990 contumacibus
1292 4934 1359 4989 de
1407 4935 1526 5004 ipso
1567 4936 1735 5004 placet
1775 4944 1940 4990 autuc

381 5042 570 5081 mare:
611 5026 727 5080 haec
769 5027 952 5080 omnia
1006 5042 1126 5094 quae
1160 5035 1289 5080 sunt
1344 5026 1631 5093 ejusmodi,
1689 5028 1940 5081 revelata}

382 5119 542 5174 nobis
591 5118 644 5170 in
675 5117 779 5170 hoc
827 5115 1079 5185 dogmate
1099 5116 1406 5172 divinitatis
1435 5117 1841 5186 abnegatiouem
1885 5127 1938 5171 et

381 5209 881 5282 transgressionem
908 5206 1275 5263 nominamus.
1300 5206 1475 5262 Semel
1496 5208 1638 5261 enim
1660 5223 1689 5261 a
1711 5206 1937 5261 Domino

381 5301 694 5364 didicimus,
739 5300 806 5354 ad
836 5299 980 5368 quod
1013 5313 1110 5352 nos
1148 5297 1472 5365 cogitatione
1514 5308 1567 5351 et
1605 5305 1784 5352 mente
1816 5312 1938 5365 per-

382 5393 593 5461 spicere
617 5398 830 5462 oportet
858 5405 870 5440 :
910 5405 1004 5459 per
1036 5388 1179 5458 quod
1212 5404 1242 5442 a
1280 5389 1490 5443 mortali
1527 5389 1590 5441 ad
1633 5388 1935 5442 immortale

384 5490 585 5537 nostra:
611 5490 818 5537 natura:
837 5480 893 5534 ﬁt
929 5479 1356 5541 transl’ormatio,
1388 5480 1490 5532 hoc
1522 5488 1696 5533 autem
1725 5486 1807 5531 est
1833 5476 1936 5530 Pa-

381 5582 482 5629 ter,
520 5568 714 5635 Filius,
760 5581 812 5624 et
848 5570 1086 5640 Spiritus
1127 5578 1370 5624 sanctus.
1410 5569 1769 5634 Quamobrem
1806 5568 1932 5621 hor-

375 5661 540 5718 ribile
572 5671 625 5714 et
656 5662 875 5716 exitiale
903 5677 1021 5715 esse
1060 5676 1443 5716 asset-eramus
1473 5675 1592 5713 cum
1629 5661 1725 5712 has
1765 5640 1958 5711 voces'

382 5749 594 5804 divinas
627 5749 858 5816 maligne
886 5759 941 5805 et
975 5767 1257 5822 perperam
1285 5759 1615 5822 pervertere,
1655 5759 1764 5802 tum
1793 5747 1928 5802 alias

2044 4579 2130 4634 ταί
2155 4596 2168 4610 ·
2206 4579 2280 4642 ὼς
2304 4579 2423 4631 ἀντὶ
2455 4579 2550 4648 μὲν
2575 4577 2667 4630 τοῦ
2699 4577 2908 4647 Πατρδς
2937 4578 3157 4648 κτίστην
3190 4579 3350 4632 αὑτὸν
3391 4580 3482 4631 καὶ
3509 4580 3598 4649 δη-

2046 4665 2300 4736 μιουργὸν
2329 4665 2422 4717 τοῦ
2449 4663 2578 4716 Υίοῦ
2601 4663 2883 4733 ὀνομάζειν
2907 4682 2919 4693 ·
2944 4665 3062 4716 ἀντὶ
3079 4666 3132 4716 δὲ
3162 4665 3254 4718 τοῦ
3285 4666 3412 4719 Υίοῦ
3435 4667 3592 4739 ἔργον

2041 4757 2136 4809 καὶ
2166 4756 2368 4825 κτίσμα
2400 4755 2493 4807 καὶ
2526 4754 2766 4824 ποίημα·
2797 4755 2916 4807 ἀντὶ
2943 4755 2998 4806 δὲ
3021 4755 3111 4806 τοῦ
3144 4756 3299 4822 ἁγίου
3342 4757 3593 4825 Πνεύμα-

2040 4863 2150 4909 τος,
2179 4845 2380 4914 κτίσμα
2412 4844 2722 4912 κτίσματος,
2749 4844 2842 4895 καὶ
2873 4842 3034 4912 ἔργον
3063 4842 3223 4914 ἔργου
3249 4855 3262 4870 ⁸
3290 4846 3384 4898 καὶ
3416 4845 3592 4897 πάντα

2039 4935 2138 4986 ὅσα
2168 4935 2280 4996 τοῖς
2309 4932 2592 5002 θεομάχοις
2621 4932 2749 5002 περὶ
2772 4930 2935 4984 αὐτοῦ
2958 4931 3286 4998 λέγεινδοκεϊ
3307 4934 3505 4987 ’πάντα
3528 4935 3594 4987 τά

2039 5023 2258 5078 τοιαῦτα
2312 5024 2535 5092 ἄρνησιν
2571 5023 2668 5092 τῆς
2720 5022 3187 5093 ἀποκαλυφθείσης
3243 5026 3368 5092 ἡμῖν
3417 5027 3473 5077 ἐν
3517 5026 3596 5095 τῷ

2038 5115 2264 5182 δόγματι
2295 5112 2466 5182 τούτῳ
2499 5111 2767 5179 θεότητος,
2794 5113 2883 5164 καὶ
2910 5113 3216 5182 παράϐασιν
3236 5115 3591 5184 ὀνομάζομεν.

2036 5203 2219 5270 ’Ἅπαξ
2255 5205 2360 5274 γὰρ
2398 5203 2792 5273 μεμαθήκαμεν
2819 5201 2964 5273 παρά
3005 5203 3096 5256 τοῦ
3136 5204 3358 5274 Κυρίου,
3404 5206 3539 5275 πρὸς
3568 5206 3597 5257 ὃ

2040 5295 2254 5364 βλέπειν
2294 5292 2399 5365 χρὴ
2438 5297 2502 5364 τῇ
2549 5293 2790 5364 διανοίᾳ·
2837 5294 2904 5347 δι’
2948 5287 3007 5346 οὗ
3051 5294 3256 5361 γίνεται
3292 5296 3324 5364 ἡ
3367 5294 3472 5346 ἀπὺ
3500 5293 3592 5346 τοῦ

2040 5385 2232 5456 θνητοῦ
2281 5386 2418 5455 πρὸς
2459 5387 2520 5438 τὸ
2548 5387 2809 5441 ἀθάνατον
2839 5387 2942 5456 τῆς
2982 5385 3193 5454 φύσεως
3218 5387 3374 5456 ἡμῶν
3433 5404 3596 5456 μετα-

2041 5479 2371 5548 στοιχείωσις
2391 5495 2405 5508 ·
2441 5477 2599 5530 τοῦτο
2626 5479 2681 5530 δέ
2706 5479 2850 5530 ἐστιν
2889 5481 2918 5529 ὁ
2949 5477 3135 5546 Πατὴρ
3165 5477 3258 5529 καὶ
3288 5479 3316 5529 ὀ
3340 5475 3465 5533 Υίός
3502 5475 3593 5527 καὶ

2036 5567 2096 5619 τὸ
2122 5567 2272 5634 ἆγιον
2304 5564 2558 5634 Πνεῦμα·
2593 5566 2822 5636 φοϐερὸν
2863 5561 2954 5617 οὖν
2985 5561 3122 5617 εἷναί
3154 5581 3329 5634 φαμεν
3358 5566 3449 5616 καὶ
3474 5563 3590 5614 ὀλέ-

2038 5657 2187 5726 θριον
2213 5654 2682 5724 παραλογίσασθαι
2713 5655 2810 5723 μὲν
2834 5653 2932 5717 τὰς
2965 5654 3116 5716 θείας
3146 5654 3344 5715 ταύτας
3371 5652 3552 5720 φωνάς
3571 5667 3585 5681 ⁶

2036 5746 2367 5800 ἀντεπινοείν
2404 5744 2456 5796 δὲ
2485 5745 2581 5807 τὰς
2606 5747 2697 5796 ἐπὶ
2723 5745 2972 5812 ἁθετήσει
3002 5745 3200 5798 τούτων
3233 5758 3584 5813 παρευρισκο-
