4064 6146
362 288 472 347 469

1507 290 1783 347 comm
1825 295 2214 362 EL'NOMIUM,
2253 298 2378 354 LIB.
2422 258 2486 351 n.

3507 303 3614 356 ιτα

367 407 532 477 μένας
559 422 572 436 ·
613 403 761 457 ὥσπῖ
772 423 804 476 ρ
840 405 1314 477 ἐπιδιορθουμένας
1347 407 1438 460 τὸν
1478 410 1609 462 Θεὸν
1627 410 1818 476 Λόγον,
1840 413 1931 465 τὸν

2037 413 2144 468 illis
2171 416 2394 470 omnino
2418 416 2725 471 contrarias
2760 418 3102 489 excogitare,
3135 433 3254 488 qua:
3290 418 3354 473 ad
3390 434 3482 474 eas
3522 418 3608 472 iu—

362 495 801 564 νομοθετὴσαντα
845 495 1044 559 ταύτας
1069 495 1164 559 τὰς
1211 498 1393 564 φωνὰς
1426 499 1556 568 ἡμῖν
1591 499 1684 550 ἐπὶ
1723 501 1818 569 τῆς
1847 500 1934 552 πί-

365 604 532 649 στεως
558 586 723 656 ἔχειν.
766 587 1002 656 Ἐκάστη
1042 587 1149 658 γὰρ
1191 588 1298 641 τῶν
1336 590 1578 660 κλήσεων
1607 590 1809 644 τούτων
1847 591 1934 645 διὰ

363 679 462 747 τῆς
497 679 806 749 προσφυοῦς
839 680 1114 749 σημασίας
1145 683 1429 750 νοουμένη,
1457 682 1635 734 κανὼν
1656 683 1930 752 ἀληθείας,

366 769 456 821 καὶ
481 767 643 838 νόμος
664 769 944 833 εὐσεϐείας
966 775 1078 833 τοίς
1099 773 1439 844 Χριστιανοῖς
1465 773 1689 840 γίνεται.
1719 776 1936 830 Πολλῶν

364 859 470 929 γὰρ
496 858 665 912 ὄντων
700 861 796 913 καὶ
836 860 1008 914 ἄλλων
1039 863 1337 932 ὀνομάτων,
1373 860 1454 927 οἷς
1492 865 1551 916 τὸ
1567 866 1723 920 Θεῖον
1746 866 1936 936 διαση-

365 951 637 1020 μαίνεται,
685 952 744 1003 ἐν
791 952 1003 1024 ιστορία
1031 969 1089 1006 τε
1125 955 1218 1006 καὶ
1256 953 1578 1025 προφητείᾳ,
1613 955 1704 1006 καὶ
1750 954 1931 1025 νόμῳ·

366 1043 541 1097 πάντα
574 1041 886 1096 καταλιπὼν
911 1045 939 1096 6
969 1043 1242 1113 Δεσπότης
1272 1042 1524 1113 Χριστὸς,
1553 1045 1697 1113 ἡμᾶς
1728 1046 1934 1115 προσά-

365 1133 552 1204 γεσθαι
584 1133 879 1203 δυνάμενος
919 1136 984 1204 τῇ
1016 1133 1142 1204 περί⁹
1182 1133 1274 1186 τοῦ
1319 1135 1469 1197 ὄντος
1504 1134 1705 1198 πίστει,
1733 1135 1934 1198 ταύτας

363 1227 461 1289 τὰς
483 1225 664 1294 φωνὰς
691 1224 1048 1296 παρατίθεται
1067 1243 1080 1254 ·
1111 1227 1298 1295 ἀρκεῖν
1328 1225 1740 1294 ἀποφηνάμενος
1767 1244 1935 1297 παρα-

367 1318 545 1388 μένειν
577 1319 722 1387 ἡμᾶς
742 1320 808 1387 τῇ
830 1315 922 1368 τοῦ
956 1316 1168 1386 Πατρός
1204 1333 1262 1367 τε
1296 1316 1388 1368 καὶ
1416 1316 1510 1368 τοῦ
1538 1315 1688 1380 Υἰοῦ,
1721 1317 1814 1368 καὶ
1840 1317 1932 1369 τοῦ

365 1409 516 1476 ἁγίου
551 1408 863 1478 Πνεύματος
902 1408 1110 1478 κλήσει,
1155 1408 1232 1470 είς
1275 1407 1598 1477 κατανόησιν
1635 1407 1727 1460 τοῦ
1766 1407 1934 1472 ὄντως

363 1500 544 1562 ὄντοςο
579 1499 715 1570 ὅπερ
751 1498 844 1550 καὶ
875 1498 932 1550 ἐν
986 1499 1102 1548 ἐστι
1137 1497 1228 1549 καὶ
1278 1497 1374 1565 οὐχ
1430 1495 1508 1550 ἓν.
1564 1494 1654 1565 Τῷ
1697 1496 1795 1565 μὲν
1829 1495 1934 1566 γὰρ

362 1591 502 1661 λόγῳ
530 1591 631 1659 τῆς
669 1589 854 1654 οὐσίας
889 1589 947 1641 ἐν
980 1589 1096 1640 ἐστι
1122 1605 1135 1618 ο
1166 1589 1246 1641 διὸ
1289 1589 1382 1642 καὶ
1413 1588 1493 1650 εἰς
1525 1587 1583 1640 ἓν
1615 1588 1786 1657 ὄνομα
1815 1587 1934 1656 βλέ-

364 1697 482 1733 πειν
513 1679 544 1730 6
575 1678 849 1747 Δεσπότης
895 1675 1280 1746 ἐνομοθέτησε·
1318 1678 1430 1739 τοῖς
1457 1675 1514 1729 δὲ
1558 1677 1932 1746 γνωριστικοῖς

359 1772 468 1824 τῶν
494 1769 843 1824 ὑποστάσεων
886 1767 1185 1838 ίδιώμασιν,
1225 1769 1303 1830 είς
1331 1767 1542 1837 Πατρός
1573 1783 1632 1819 τε
1674 1767 1766 1820 καὶ
1797 1767 1925 1820 Υίοῦ
1959 1755 2002 1808 Β

362 1863 454 1916 καὶ
475 1861 630 1928 ἀγίου
653 1859 962 1930 Πνεύματος
982 1859 1163 1911 πίστιν
1195 1859 1445 1929 διῄρηται
1462 1875 1474 1889 ⁸
1507 1858 1840 1920 ἀδιαστάτως
1873 1875 1930 1910 τε

363 1953 710 2025 μεριζόμενον
727 1953 820 2006 καὶ
831 1950 1146 2021 ἀσυγχύτως
1159 1950 1276 2003 ἐνού
1286 1951 1640 2020 μενον.”οταν
1653 1951 1760 2021 γὰρ
1776 1950 1934 2002 ἀκού-

362 2063 540 2115 σωμεν
576 2044 813 2114 Πατέρα,
838 2042 1038 2113 ταύτην
1067 2041 1517 2113 ἀναλαμϐάνομεν
1547 2041 1646 2111 τὴν
1670 2041 1928 2104 διάνοιαν,

358 2139 437 2190 ὅτι
459 2137 519 2190 τὸ
538 2137 706 2206 ὖνυμα
726 2135 910 2196 τοῦτο,
927 2135 1021 2188 οὐκ
1043 2135 1124 2201 ἐφ’
1149 2133 1340 2186 ἐαυτοῦ
1362 2135 1562 2185 νοεῖται
1595 2132 1771 2202 μόνον,
1795 2132 1932 2186 ἀλλά

360 2230 450 2282 καὶ
483 2229 581 2299 τὴν
605 2228 737 2300 πρὸς
757 2227 847 2280 τὸν
881 2226 1007 2279 Υίὸν
1039 2226 1220 2294 σχέσιν
1251 2224 1337 2276 διὰ
1361 2224 1458 2294 τῆς
1481 2224 1615 2287 ἰδίας
1643 2223 1930 2292 ἐμφάσεως

359 2319 740 2388 ἀποσημαίνει.
791 2318 865 2370 Οὐ
913 2317 1019 2386 γὰρ
1050 2315 1116 2369 ἂν
1169 2315 1358 2384 Πατὴρ
1401 2313 1802 2384 κεχωρισμένος
1843 2314 1928 2382 ἐφ’

359 2411 552 2464 ἑαυτοῦ
600 2408 842 2480 νοηθείη,
882 2408 955 2479 μὴ
1004 2404 1132 2460 Υἱοῦ
1175 2402 1518 2475 συνημμένου
1559 2403 1646 2456 διὰ
1686 2403 1785 2473 τῆς
1833 2403 1928 2456 τοῦ

361 2503 569 2574 Πατρὸς
597 2502 812 2572 ἐκφωνή
824 2517 979 2562 σεως.
1009 2497 1227 2567 Πατέρα
1255 2492 1347 2550 οὖν
1378 2495 1660 2565 μαθόντες,
1703 2498 1770 2566 τῇ
1792 2495 1927 2566 αὐτῇ

360 2595 507 2663 φωνῇ
543 2593 638 2646 καὶ
681 2593 781 2663 τὴν
810 2593 889 2654 εἰς
938 2591 1028 2644 τὸν
1062 2590 1188 2642 Υἱδν
1237 2587 1416 2640 πίστιν
1455 2585 1926 2656 συνεδιδάχθημεν.

371 2687 586 2758 Ἐπειδὴ
611 2685 788 2739 τοίνυν
808 2684 869 2736 τὸ
882 2687 1033 2740 Θεῖον
1049 2685 1113 2752 τῇ
1131 2682 1288 2749 φύσει
1307 2682 1442 2752 ὅπερ
1468 2679 1589 2738 ἐστὶ,
1623 2679 1757 2732 καθό
1782 2681 1930 2732 ἐστιν

357 2779 442 2832 ἀεὶ
470 2775 730 2838 ὡσαύτως
769 2774 882 2844 ἔχει
909 2791 921 2804 ·
958 2771 1080 2826 οὔτε
1112 2773 1242 2825 ποτέ
1274 2791 1326 2826 τι
1371 2773 1444 2844 μὴ
1475 2772 1534 2826 ὂν
1565 2773 1593 2826 6
1630 2772 1722 2826 νῦν
1757 2775 1924 2834 ἐστιν,

355 2869 481 2921 οὔτε
519 2867 649 2920 ποτέ
681 2885 734 2920 τι
779 2865 1053 2936 ἐσόμενον,
1082 2864 1110 2916 ὃ
1150 2863 1243 2916 νῦν
1285 2865 1384 2917 οὐκ
1433 2863 1576 2917 ἐστι·
1634 2864 1826 2935 Πατὴρ
1873 2864 1930 2916 δὲ

357 2959 651 3030 ὠνομάσθη
685 2957 832 3027 παρά
865 2956 956 3008 τοῦ
989 2956 1160 3024 Λόγου
1182 2958 1212 3008 6
1238 2954 1486 3025 ἀληθινὸς
1522 2955 1709 3027 Πατήρ
1729 2974 1740 2985 ·
1771 2955 1849 3026 τῷ
1875 2955 1932 3008 δὲ

358 3049 530 3119 "arpi
558 3048 650 3100 καὶ
676 3048 702 3098 6
727 3047 854 3108 Υἱὸς
882 3047 1298 3116 συνεμφαίνεται
1318 3062 1329 3074 ⁸
1354 3046 1661 3114 ἀναγκαίως
1687 3046 1932 3099 πιστεύο-

363 3159 478 3210 μεν,
513 3141 593 3192 ότι
627 3140 654 3191 6
685 3138 952 3210 μηδεμίαν
982 3137 1186 3208 τροπὴν
1218 3137 1251 3208 ἢ
1279 3137 1560 3190 ἀλλοίωσιν
1585 3139 1640 3189 ἐν
1667 3140 1731 3208 τῇ
1769 3137 1927 3206 φύσει

359 3233 809 3304 παραδεχόμενος,
845 3230 873 3282 ὃ
921 3231 1014 3282 νῦν
1048 3231 1184 3293 ἐστι,
1232 3229 1322 3281 καὶ
1370 3229 1454 3281 ἀεὶ⁸
1489 3229 1701 3290 πάντως
1751 3225 1816 3299 ἦν
1842 3247 1854 3258 ’
1893 3229 1926 3299 ἢ

359 3319 556 3373 εἴποτέ
576 3336 630 3371 τι
651 3321 750 3371 οὐκ
783 3314 872 3390 ἦν,
913 3319 1036 3374 οὐδὲ
1072 3317 1168 3372 νῦν
1198 3319 1410 3382 πάντως
1445 3321 1610 3375 ἐστίν.
1659 3323 1807 3374 Ἐπεὶ
1835 3319 1928 3376 οὖν

361 3410 545 3481 Πατὴρ
574 3409 678 3462 ὑπὸ
698 3410 790 3463 τοῦ
824 3410 1078 3480 ἀληθινοῦ
1105 3411 1278 3480 Λόγου
1318 3412 1762 3484 κατονομάζεται,
1793 3415 1929 3467 πάν-

358 3517 476 3554 τοτε
506 3501 723 3565 πάντως
753 3503 845 3555 καὶ
873 3498 940 3573 ἦν
988 3503 1176 3574 Πατὴρ
1217 3505 1310 3558 καὶ
1345 3504 1456 3557 ἔστι
1475 3543 1490 3568 ,
1520 3507 1614 3558 καὶ
1676 3506 1822 3559 ἔσται
1854 3507 1928 3570 ὡς

357 3588 443 3662 ἦν.
479 3593 552 3645 Οὐ
590 3591 696 3664 γὰρ
724 3592 787 3662 δὴ
826 3592 980 3663 θέμις
1009 3595 1101 3647 ἐπὶ
1134 3596 1231 3664 τῆς
1271 3595 1420 3658 θείας
1450 3613 1506 3648 τε
1535 3598 1628 3649 καὶ
1653 3598 1927 3667 ἀκηράτου

361 3701 588 3752 φυσεως,
635 3684 708 3755 μὴ
747 3685 977 3738 πάντοτε
1013 3685 1073 3738 τὸ
1105 3686 1266 3740 καλὸν
1296 3687 1424 3757 περὶ
1463 3687 1631 3758 αὐτὴν
1663 3686 1802 3741 εἶναι
1838 3689 1926 3740 λέ-

357 3791 474 3844 γειν
494 3792 506 3805 ·
540 3777 589 3828 εἰ
619 3775 726 3845 γὰρ
753 3774 829 3846 μὴ
855 3776 942 3828 ἀει
959 3770 1026 3844 ἦν
1082 3775 1110 3827 6
1141 3775 1235 3828 νῦν
1260 3777 1426 3841 ἐστιν,
1461 3777 1674 3847 ἐτράπη
1714 3777 1930 3840 πάντως

358 3868 390 3938 ἢ
421 3868 556 3938 πρὸς
581 3867 641 3920 τὸ
665 3871 845 3938 χεῖρον
871 3867 977 3920 ἀπὸ
996 3866 1088 3919 τοῦ
1117 3866 1440 3936 κρείττονος,
1465 3867 1497 3938 ἦ
1525 3869 1656 3938 πρὸς
1679 3868 1738 3921 τὸ
1761 3871 1931 3938 κρεῖτ-

355 3975 445 4010 τον
473 3959 578 4012 ἀπὸ
609 3958 702 4011 τοῦ
736 3957 1002 4028 χείρονος·
1045 3958 1246 4011 τούτων
1275 3958 1330 4010 δέ
1367 3954 1482 4010 ἶσόν
1520 3961 1634 4012 ἐστι
1680 3960 1739 4012 τὸ
1804 3962 1931 4014 ἀσε-

359 4044 448 4107 6ἐς
481 4043 600 4096 καθ’
632 4045 888 4116 ἑκάτερον
909 4062 921 4073 ·
957 4046 1213 4116 ὁπότερον
1251 4045 1315 4098 ἂν
1349 4047 1439 4098 ἐπὶ
1462 4046 1562 4116 τῆς
1596 4047 1743 4111 θείας
1772 4049 1932 4119 λέγη-

355 4153 441 4188 ται
498 4135 733 4205 φύσεως.
781 4136 940 4190 Ἀλλά
991 4137 1094 4208 μὴν
1147 4137 1494 4191 ἀνεπίδεκτόν
1528 4142 1644 4190 ἐστι
1694 4139 1754 4191 τὸ
1774 4142 1928 4194 Θεῖον

354 4227 559 4297 τροπῆς
590 4244 650 4280 τε
700 4229 794 4282 καὶ
830 4228 1182 4292 ἀλλοιώσεως.
1219 4230 1358 4300 ’Λρα
1406 4231 1514 4283 πᾶν
1579 4231 1767 4302 ὅτιπέρ
1815 4232 1931 4284 ἐστι

355 4319 528 4373 καλὸν
547 4321 638 4374 καὶ
667 4322 890 4389 ἀγαθὸν,
929 4323 1014 4374 ἀεὶ
1047 4322 1174 4393 περὶ
1205 4321 1302 4393 τὴν
1329 4321 1419 4374 τοῦ
1451 4321 1614 4375 καλοῦ
1646 4322 1928 4390 θεωρεῖται

2038 504 2331 561 ﬁrmandas
2361 517 2414 561 et
2445 507 2741 563 eludendas
2782 510 3153 573 inveniuntur,
3189 525 3252 564 ac
3295 514 3340 564 si
3370 510 3606 565 Verbum

2037 597 2130 651 Dei
2162 600 2358 654 vellent
2389 601 2681 654 emendare
2714 611 2768 655 et
2791 603 3087 672 corrigere,
3114 603 3262 672 quod
3299 601 3459 656 nobis
3494 603 3610 671 lege

2035 686 2208 741 edixit
2235 688 2333 743 has
2377 704 2537 744 voces
2573 691 2626 742 in
2665 690 2766 745 ﬁde
2805 701 3122 746 constanter
3151 700 3356 746 tenere.
3408 691 3607 744 llarum

2035 776 2304 846 siquidem
2339 780 2761 848 appellationum
2797 797 3137 851 unaquaeque
3165 782 3291 836 dum
3333 781 3385 835 in
3422 783 3608 835 nativa

2042 871 2444 938 signiﬁcatione
2493 882 2677 928 mente
2713 873 3034 944 percipitur,
3093 876 3281 944 regula
3324 877 3607 938 veritatis,

2034 969 2199 1031 atque
2244 964 2462 1032 pietatis
2509 979 2698 1018 norma
2745 972 2798 1018 et
2845 965 2928 1018 lex
2975 963 3306 1019 Christianis
3356 965 3605 1020 eﬁieitnr.

2033 1051 2168 1106 Nam
2219 1068 2340 1108 cum
2396 1055 2566 1108 multa
2613 1056 2724 1108 sint
2772 1055 2873 1110 alia
2936 1057 3158 1112 nomina
3212 1057 3412 1126 quibus
3465 1055 3606 1110 Deus

2035 1143 2397 1212 signiﬁcatur,
2433 1145 2486 1198 in
2515 1145 2740 1200 historia
2793 1155 2846 1201 et
2895 1149 3214 1219 prophetia,
3263 1159 3318 1204 et
3361 1151 3492 1217 lege,
3523 1150 3606 1204 his

2034 1235 2290 1290 omnilms
2321 1237 2648 1306 posthabitis
2679 1237 2997 1308 relictisque
3044 1239 3304 1295 Dominus
3351 1240 3606 1295 Christus

2035 1326 2100 1380 ad
2134 1326 2291 1382 ﬁdem
2323 1343 2442 1398 qua:
2470 1336 2556 1383 est
2585 1328 2652 1383 de
2680 1344 2746 1384 eo
2771 1331 2914 1398 quod
2945 1337 3064 1392 est,
3090 1346 3190 1385 nos
3217 1331 3487 1385 adducere
3514 1346 3608 1399 po-

2037 1427 2179 1484 tens,
2209 1419 2307 1475 has
2338 1435 2498 1474 voces
2523 1421 2779 1490 apponit,
2810 1430 2964 1475 ratus
2996 1423 3039 1476 si
3075 1436 3177 1475 nos
3210 1422 3263 1474 in
3292 1419 3605 1488 Patrisque,

2034 1516 2087 1562 et
2116 1507 2274 1573 Filii,
2311 1515 2366 1564 et
2399 1508 2637 1579 Spiritus
2667 1511 2839 1565 sancti
2871 1495 3234 1580 appellatione
3265 1524 3610 1578 permanere-

2035 1614 2192 1666 mus,
2224 1598 2292 1654 ad
2325 1601 2444 1669 ejus
2473 1601 2621 1670 quod
2649 1616 2777 1655 vere
2808 1611 2892 1656 est
2925 1601 3295 1671 cognitionem
3329 1599 3610 1660 suﬂicere,

2035 1689 2178 1757 quod
2202 1689 2420 1757 quidem
2445 1697 2499 1744 et
2522 1705 2688 1743 unum
2713 1701 2794 1745 est
2813 1728 2827 1753 ,
2852 1697 2904 1744 et
2929 1703 3034 1742 non
3059 1703 3246 1742 unum.
3271 1686 3404 1740 Nam
3426 1701 3622 1740 essem

2033 1781 2121 1833 tia:
2150 1779 2366 1849 quidem
2396 1780 2609 1834 ratione
2643 1796 2807 1834 unum
2833 1787 2914 1833 est
2937 1819 2950 1842 ,
2982 1778 3240 1848 quocirca
3272 1783 3325 1831 et
3355 1776 3407 1829 in
3442 1790 3609 1827 unum

2034 1883 2230 1921 nomen
2281 1870 2553 1938 respicere
2602 1867 2866 1922 Dominus
2916 1867 3122 1921 edixit:
3167 1865 3264 1919 sed
3312 1861 3625 1919 secundum-

2033 1975 2126 2015 eas
2150 1960 2511 2030 proprietates
2540 1961 2742 2028 quibus
2773 1959 2970 2012 divina:
3001 1972 3246 2027 persona:
3275 1955 3612 2025 dignoseun-

2034 2059 2142 2113 tur,
2175 2051 2227 2104 in
2260 2050 2470 2114 Patris,
2501 2060 2548 2106 el
2579 2050 2700 2104 Filii
2731 2093 2744 2113 ,
2778 2062 2832 2106 et
2864 2050 3102 2119 Spiritus
3131 2047 3304 2102 sancti
3344 2046 3497 2100 ﬁdem
3528 2045 3610 2098 di-

2033 2142 2291 2197 stinctum
2323 2151 2439 2204 est,
2477 2140 2916 2211 inseparabiliter
2949 2141 3002 2193 in
3043 2146 3228 2209 partes
3258 2137 3626 2192 distributum-

2032 2242 2086 2289 et
2113 2234 2396 2289 inconfusc
2431 2234 2663 2288 unitum.
2697 2232 2831 2288 Cum
2882 2232 3026 2286 enim
3055 2232 3310 2284 audimus
3342 2228 3554 2282 Patrem
3595 2267 3609 2288 ,

2033 2323 2175 2376 hanc
2211 2324 2486 2377 notionem
2519 2330 2574 2376 et
2605 2321 3020 2391 intelligentiam
3051 2319 3392 2388 concipimus
3414 2359 3429 2382 ,
3465 2319 3632 2386 quod-

2035 2407 2138 2462 hoe
2173 2423 2370 2463 nomen
2407 2423 2514 2463 non
2543 2409 2738 2477 inipso
2764 2406 3412 2477 solumintelligitur,sed
3445 2407 3629 2459 etiam‘

2035 2514 2156 2553 cum
2185 2497 2320 2554 Filio
2341 2507 2586 2554 mutuam
2607 2500 2921 2554 relationem
2946 2499 3162 2568 propria
3189 2498 3424 2568 quadam
3449 2501 3496 2551 vi
3518 2498 3613 2552 «ιθ.

2036 2590 2247 2644 clarat:
2282 2606 2391 2645 non
2444 2591 2590 2646 enim
2630 2590 2792 2644 Pater
2821 2598 3107 2660 separatus
3141 2590 3196 2644 in
3227 2590 3414 2659 seipse
3435 2596 3613 2642 mente

2036 2681 2425 2750 comprehendi
2475 2690 2699 2752 posset,
2741 2698 2848 2736 non
2885 2682 3038 2736 unito
3085 2690 3138 2736 et
3187 2683 3426 2738 adunato
3479 2681 3613 2735 Filio

2035 2787 2131 2840 per
2165 2772 2306 2828 hanc
2337 2771 2517 2829 Patris
2567 2773 3018 2830 enuntiationem.
3074 2773 3188 2827 l-lac
3247 2773 3434 2841 itaque
3455 2785 3608 2830 voce.

2035 2862 2247 2922 Patrem
2263 2881 2386 2920 cum
2415 2867 2728 2930 didicimus,
2752 2867 2910 2923 ﬁdem
2937 2883 3154 2938 quoque
3181 2866 3234 2920 in
3259 2863 3458 2920 Filium
3485 2865 3616 2918 edo-

2036 2958 2106 3011 eti
2137 2972 2348 3013 sumus.
2406 2958 2674 3037 Quoniam
2709 2959 2878 3029 igitur
2914 2958 3056 3014 Deus
3088 2966 3283 3012 natura
3310 2956 3456 3028 quod
3487 2965 3570 3011 est
3597 2995 3609 3015 .

2037 3067 2140 3120 qua
2185 3058 2300 3114 est,
2346 3067 2562 3120 semper
2608 3058 2662 3104 et
2699 3051 2889 3106 eodem
2936 3053 3096 3105 modo
3137 3066 3197 3105 se
3241 3050 3438 3112 habet,
3486 3064 3611 3102 rum

2037 3152 2310 3206 nunquam
2341 3138 2470 3206 quid
2502 3154 2608 3191 non
2668 3137 2831 3192 fuerit
2878 3141 3023 3208 quod
3073 3155 3218 3193 nunc
3268 3147 3392 3202 est,
3438 3154 3612 3207 neque

2031 3246 2269 3300 unquam
2303 3230 2432 3299 quid
2465 3231 2684 3287 futurus
2714 3232 2786 3287 sit
2821 3231 2963 3302 quod
2993 3246 3142 3284 nunc
3174 3245 3281 3284 non
3315 3240 3394 3284 est
3419 3274 3432 3300 ,
3455 3229 3634 3282 Pater-

2030 3330 2208 3376 autem
2235 3335 2266 3374 a
2297 3320 2472 3376 Verbo
2509 3322 2823 3376 nominatus
2867 3328 2953 3377 est
3002 3335 3163 3376 verus
3209 3319 3391 3382 Pater,
3445 3319 3626 3372 sintut-

2029 3421 2208 3466 autem
2237 3427 2358 3466 eum
2387 3409 2549 3466 Patre
2575 3411 2747 3468 Filius
2774 3412 3084 3468 ostenditur
3108 3430 3120 3466 :
3154 3411 3466 3466 necessario
3493 3424 3612 3464 cre-

2029 3502 2208 3558 dimus
2229 3543 2242 3567 ,
2271 3503 2415 3572 quod
2448 3503 2493 3558 is
2523 3504 2615 3573 qui
2644 3503 2850 3557 nullam
2883 3503 3238 3558 mutationem
3267 3518 3454 3572 neque-
3475 3503 3612 3556 alte-

2031 3595 2294 3651 ratiouem
2323 3595 2376 3649 in
2409 3605 2604 3649 natura
2628 3596 2862 3664 suscipit
2885 3635 2899 3658 ,
2930 3596 3074 3666 quod
3103 3610 3248 3649 nune
3276 3595 3611 3663 est,omnino

2032 3701 2246 3754 semper
2275 3694 2430 3751 erat,
2482 3695 2536 3740 et
2577 3686 2624 3742 si
2667 3686 2798 3756 quid
2844 3687 3138 3756 aliquando
3183 3702 3288 3740 non
3323 3693 3476 3747 erat,
3514 3702 3612 3737 nec

2031 3792 2179 3831 nunc
2217 3783 2320 3832 est.
2372 3775 2830 3844 Quandoquidem
2871 3791 3002 3846 ergo
3034 3793 3064 3830 a
3099 3792 3228 3830 vero
3269 3775 3446 3830 Verbo
3492 3776 3610 3828 sive

2032 3867 2169 3921 Filio
2195 3867 2360 3924 Pater
2390 3869 2730 3933 nominatur,
2766 3883 2982 3936 semper
3015 3867 3238 3922 omnino
3266 3875 3320 3922 et
3350 3875 3469 3922 erat
3505 3865 3608 3919 Pa-

2031 3967 2114 4012 ter
2166 3967 2219 4013 et
2266 3965 2383 4021 est,
2423 3957 2639 4026 eritque
2691 3959 2835 4011 sicut
2879 3957 3003 4010 fuit.
3040 3955 3227 4025 Neque
3261 3956 3404 4010 enim
3441 3954 3522 4007 fas
3559 3955 3614 4006 in

2031 4048 2216 4102 divina
2248 4057 2299 4103 et
2335 4046 2633 4101 immortali
2666 4053 2864 4100 natura
2885 4085 2901 4108 ,
2937 4046 3083 4115 quod
3114 4046 3318 4099 bonum
3349 4052 3466 4106 est,
3504 4058 3611 4095 non

2032 4141 2084 4194 id
2121 4142 2171 4194 in
2206 4141 2324 4209 ipsa
2361 4154 2576 4208 semper
2603 4153 2728 4193 esse
2753 4137 2960 4192 dicere.
2993 4137 3048 4191 Si
3079 4137 3224 4191 enim
3266 4150 3372 4188 non
3399 4149 3614 4201 semper

2032 4228 2166 4292 fuit,
2203 4230 2346 4300 quod
2386 4245 2530 4283 nunc
2564 4238 2683 4294 est,
2722 4229 2940 4298 penitus
2975 4229 3267 4282 immutata
3316 4235 3401 4280 est
3448 4226 3530 4279 vel
3583 4241 3611 4275 a

2034 4321 2255 4376 meliore
2310 4321 2365 4375 in
2414 4321 2691 4384 deterius,
2746 4321 2831 4374 vel
2886 4321 2937 4372 in
2985 4320 3181 4374 melius
3238 4334 3266 4372 a
3321 4317 3610 4372 deteriore.

353 4414 564 4482 πηγήν*
596 4412 759 4466 καλὸν
789 4415 845 4466 δέ
875 4413 968 4466 καὶ
998 4412 1163 4466 καλοῦ
1194 4413 1392 4477 παντὸς
1422 4415 1677 4467 ἐπέκεινα
1703 4416 1730 4466 ὁ
1759 4417 1930 4468 Μονο-

2039 4412 2290 4482 Ᾰίηιιειιίε
2347 4420 2527 4467 autem
2577 4422 2658 4466 est
2709 4412 2763 4465 in
2817 4419 3052 4479 utroque
3108 4409 3394 4479 impietas,
3447 4407 3613 4461 alter-

352 4503 512 4572 γενής
540 4503 657 4554 ἐστι
693 4501 846 4564 Θεὸς,
892 4505 928 4556 o'
980 4501 1064 4554 ὢν
1105 4501 1176 4554 ἐν
1212 4501 1335 4567 τοῖς
1372 4503 1623 4568 κόλποις
1665 4503 1769 4555 τοῦ
1805 4507 1924 4556 Πα-

351 4593 519 4657 τρόςο
555 4592 584 4643 6
621 4591 676 4644 δὲ
709 4592 783 4643 ὢν
817 4593 874 4644 ὲν
906 4593 1015 4654 τοῖς
1044 4591 1286 4654 κόλποις,
1314 4592 1432 4660 οὐχὶ
1463 4592 1853 4661 ἐγγενόμενοςς

2051 4513 2233 4558 utrum
2274 4504 2341 4558 de
2387 4512 2580 4557 natura
2609 4504 2791 4558 divina
2844 4503 3077 4557 dicatur.
3126 4501 3262 4556 Nam
3309 4501 3485 4555 deitas
3530 4509 3615 4554 est

2050 4609 2279 4664 prorsus
2331 4593 2602 4647 versionis
2652 4607 2878 4662 expers,
2936 4602 2988 4645 et
3042 4591 3359 4645 mutationis
3405 4590 3607 4646 nescia.

353 4679 714 4744 Quamobrem
743 4681 1007 4751 quidquid
1043 4681 1242 4736 bonum
1275 4691 1360 4735 est
1389 4690 1441 4734 et
1477 4681 1786 4745 honestum,
1824 4698 2040 4753 semper
2072 4685 2125 4737 in
2153 4685 2298 4739 I'onte
2329 4683 2541 4738 honesti
2573 4690 2625 4736 et
2663 4683 2786 4737 boni
2825 4683 3162 4753 intelligitur.
3196 4681 3400 4736 Bonum
3432 4689 3610 4734 autem

350 4782 403 4828 ct
441 4789 606 4843 supra
643 4774 842 4828 bonum
873 4789 1032 4829 omne
1065 4773 1388 4844 Unigenitus
1423 4781 1506 4828 est
1540 4773 1710 4837 Deus,
1743 4775 1828 4844 qui
1856 4785 1933 4829 est
1961 4776 2016 4828 in
2050 4776 2252 4831 sinibus
2289 4777 2524 4830 Patris“
2550 4793 2564 4842 ;
2595 4775 2685 4844 qui
2724 4783 2906 4830 autetn
2944 4783 3026 4828 cst
3048 4774 3100 4828 in
3147 4775 3393 4836 sinibus,
3435 4789 3614 4829 nonne

348 4875 431 4922 est
467 4867 684 4936 genitus
705 4868 728 4920 ?

419 4959 626 5012 Οὐκοῦν
670 4959 1042 5013 ἀποδέδεικται
1081 4961 1169 5014 διὰ
1199 4961 1400 5014 τούτων
1433 4962 1493 5014 τὸ
1529 4961 1590 5026 ἐξ
1641 4961 1810 5014 ἀϊδίου
1840 4962 1932 5016 τὸν

352 5050 477 5102 Υἱὸν
527 5050 907 5120 ἐνθεωρεῖσθαι
947 5051 1027 5122 τῷ
1077 5053 1252 5123 Πατρὶ
1291 5051 1369 5122 τῷ
1409 5054 1464 5105 ἐν
1515 5045 1559 5120 ᾧ
1588 5055 1754 5115 ἐστιν,
1789 5053 1930 5124 ζωὴν

350 5144 478 5198 ὄντα
510 5145 604 5197 καὶ
633 5144 768 5213 φῶς,
810 5146 903 5198 καὶ
942 5146 1200 5216 ἀλήθειαν
1221 5161 1232 5173 ο
1262 5148 1353 5200 καὶ
1390 5147 1496 5198 πᾶν
1528 5145 1731 5212 ἀγαθὸν
1757 5145 1931 5216 ὄνομά

351 5252 408 5286 τε
437 5234 531 5288 καὶ
564 5235 746 5306 νόημα
770 5253 785 5268 ·
820 5229 894 5289 ὧν
915 5239 1084 5306 χωρὶς
1109 5238 1192 5306 ἐφ’
1216 5236 1408 5290 ἑαυτοῦ
1436 5235 1614 5305 λέγειν
1641 5231 1777 5290 εἶναί
1803 5254 1928 5289 ποτε

348 5329 439 5380 τὸν
459 5328 697 5398 Πατέρα,
726 5327 824 5398 τῆς
849 5329 1081 5398 ἐσχάτης
1106 5329 1358 5392 ἀσεϐείας
1386 5328 1500 5397 ἅμα
1522 5329 1615 5380 καὶ
1637 5327 1925 5397 παραπλη-

349 5416 464 5482 ξίας
493 5419 659 5471 ἐστίν.
691 5419 753 5471 Et
782 5417 888 5488 γάρ
920 5421 948 5471 6
979 5419 1129 5483 Υἱὸς,
1163 5418 1340 5482 καθὼς
1365 5421 1397 5486 ἡ
1425 5417 1615 5489 Γραφὴ
1641 5417 1806 5485 λέγει,
1837 5417 1926 5470 δύ-

347 5511 505 5582 ναμίς
543 5512 658 5564 ἐστι
697 5509 855 5574 Θεοῦ,
888 5513 980 5566 καὶ
1024 5513 1201 5581 σοφία,
1244 5513 1334 5568 καὶ
1368 5513 1610 5585 ἀλήθεια,
1651 5514 1739 5567 καὶ
1787 5513 1920 5582 φῶς,

434 5685 660 5740 "Juan.
688 5701 724 5752 ι,
751 5687 834 5740 i8.

2110 4963 2274 5033 Igitur
2296 4979 2387 5032 per
2411 4965 2521 5018 hzec
2549 4963 2982 5018 demonstratum
3006 4971 3085 5015 est
3107 4960 3297 5014 Filium
3319 4963 3385 5014 ab
3405 4970 3620 5016 aeterno

2039 5055 2266 5124 intelligi
2299 5056 2352 5108 in
2386 5053 2546 5108 Patre
2579 5055 2630 5106 in
2661 5069 2770 5123 quo
2804 5062 2889 5106 est
2911 5092 2926 5113 ,
2959 5067 3082 5106 cum
3125 5053 3241 5122 ipse
3271 5053 3341 5106 sit
3374 5054 3481 5104 vita
3517 5051 3599 5103 vi-

2037 5162 2204 5212 vens,
2238 5147 2328 5198 lux
2362 5155 2414 5198 et
2448 5146 2646 5199 veritas
2669 5186 2681 5206 ,
2721 5159 2992 5212 autneque
3037 5144 3238 5195 bonum
3277 5151 3332 5193 et
3376 5155 3570 5193 nomen
3592 5179 3608 5202 ,

2035 5245 2089 5290 et
2121 5239 2308 5298 notio,
2348 5236 2467 5291 sine
2497 5235 2699 5306 quibus
2731 5234 3025 5304 aliquando
3069 5233 3282 5285 Patrem
3329 5232 3382 5283 in
3427 5230 3610 5297 seipso

2043 5343 2166 5383 esse
2194 5328 2464 5382 aﬁirmare
2493 5336 2752 5382 extrema:
2786 5335 2869 5380 est
2902 5323 3197 5392 impietatis
3223 5321 3385 5374 simul
3429 5329 3484 5374 et
3523 5320 3609 5373 in-

2036 5418 2203 5472 sanite
2237 5430 2398 5488 atque
2430 5417 2659 5487 stupida:
2684 5415 2954 5470 amentiw.
2987 5411 3120 5464 Nam
3151 5411 3194 5464 si
3224 5407 3398 5465 Filius
3419 5451 3432 5474 ,
3462 5411 3606 5466 sicut

2034 5508 2315 5578 Scriptura
2339 5511 2492 5576 dicit,
2523 5509 2695 5564 virtus
2722 5513 2801 5562 est
2829 5502 2918 5556 Dei
2943 5542 2956 5566 ,
2982 5500 3271 5571 sapientia,
3302 5509 3355 5555 et
3385 5508 3606 5565 veritas,
