4068 6148
334 203 473 282 ιιι

1595 232 1651 285 S.
1693 230 2024 288 GREGORII
2065 233 2108 286 Ν
2123 231 2156 285 Y
2169 231 2363 287 SSENI

3499 222 3607 277 £72

339 349 394 395 et
419 342 511 396 lux
533 381 547 402 ,
575 351 628 396 et
649 344 1034 408 sanctiﬁcatio,
1058 353 1112 400 et
1143 362 1244 416 pax
1275 386 1288 411 ,
1315 358 1368 404 et
1398 353 1504 403 vita
1525 392 1539 412 ,
1569 363 1622 407 et
1644 369 1764 422 qua:
1789 364 1919 408 sunt

2035 357 2114 408 καὶ
2134 353 2421 424 ἁγιασμὸς,
2447 354 2541 405 καὶ
2558 353 2768 422 εἰρήνη,
2793 351 2887 406 καὶ
2900 349 3032 419 ζωὴ,
3052 348 3144 400 καὶ
3167 344 3486 407 τὰτοιαῦτα,
3503 344 3611 414 πρὸ

339 431 648 502 ejusmodi,
682 441 972 504 antequam
1019 435 1190 493 Filius
1237 449 1416 507 esset,
1460 443 1603 500 sicut
1645 445 1921 502 ltzereticis

339 522 578 588 videtur,
609 524 760 582 nullo
789 543 1016 598 prorsus
1045 530 1204 584 modo
1229 531 1343 586 [nec
1367 543 1544 590 erant.
1569 533 1701 600 Qua:
1734 539 1778 591 si
1811 554 1920 594 non

338 624 491 668 erant
521 656 535 678 ,
567 617 768 674 talibus
801 619 960 676 bonis
997 636 1226 676 vacuum
1254 663 1268 682 .
1301 633 1352 680 et
1390 624 1604 681 inanem
1638 627 1818 685 Patris
1847 631 1923 686 si-

337 723 470 761 num
508 708 836 782 intelligent.
872 711 952 768 Ne
997 714 1164 785 igitur
1195 726 1247 771 et
1281 715 1441 772 Pater
1472 721 1588 775 suis
1617 722 1791 791 ipsius
1823 723 1919 780 bo-

337 799 429 854 nis
465 800 764 857 destitutus
793 803 1154 875 intelligatur,
1189 824 1324 864 neve
1353 811 1408 864 in
1443 812 1581 866 hanc
1614 814 1924 870 absurdita-

337 898 448 943 tem
496 900 682 946 nostra
724 894 938 950 labatur
968 898 1193 966 opinio:
1235 904 1584 966 necessario,
1623 908 1920 962 secundum

337 996 528 1036 vocem
561 985 809 1049 Domini,
839 1002 965 1042 cum
1000 988 1178 1052 Patris
1203 995 1511 1051 aeternitate
1536 997 1603 1052 de
1625 997 1765 1052 Filio
1791 999 1924 1054 ﬁdes

340 1075 686 1130 considerata
723 1079 1070 1149 perspicitur.
1099 1082 1269 1151 Cujus
1297 1087 1472 1155 gratia
1501 1089 1756 1144 omnibus
1787 1105 1926 1160 prre-

339 1168 614 1223 termissis
648 1171 964 1228 nominibus
1005 1190 1126 1242 qua:
1160 1177 1227 1232 ad
1267 1178 1791 1238 demonstrationem
1829 1200 1924 1238 su-

339 1258 738 1325 pereminentis
762 1270 975 1326 naturae
1000 1267 1281 1337 dicuntur,
1305 1270 1485 1328 Patris
1510 1275 1924 1343 appellationem

341 1357 403 1404 ut
437 1353 727 1410 certiorem
750 1395 765 1421 ,
803 1364 856 1411 et
894 1359 958 1414 ad
991 1360 1476 1420 demonstrandam
1513 1369 1798 1424 veritatem
1832 1385 1926 1438 ap-

342 1443 540 1499 tiorem
591 1454 646 1501 et
695 1444 1187 1511 clarioreui‘nobis
1230 1459 1284 1511 in
1333 1459 1438 1514 ﬁde
1480 1462 1756 1532 exprimit.
1796 1464 1927 1530 Quae

342 1533 564 1606 quidem
597 1536 776 1595 Patris
822 1544 1145 1611 appellatio,
1199 1548 1344 1602 sicut
1388 1549 1498 1618 jam
1551 1552 1759 1606 dictum
1805 1566 1918 1619 est,

343 1625 571 1682 relativa
616 1631 808 1687 notitia
840 1649 1026 1690 secum
1077 1636 1276 1693 Filium
1327 1642 1490 1695 etiam
1523 1646 1922 1714 complectitur,

2022 447 2116 502 τοῦ
2152 448 2242 501 τὸν
2273 446 2401 498 Υἱὸν
2430 443 2587 506 εἶναι,
2625 442 2801 506 καθὼς
2825 445 2933 505 τοῖς
2967 442 3260 512 αίρετικοῖς
3290 437 3455 498 δοκεῖ,
3491 435 3612 490 οὐδὲ

2023 537 2192 592 ταῦτα
2219 533 2286 608 ἦν
2316 537 2553 599 πάντως.
2579 532 2796 586 Τούτων
2816 533 2872 586 δὲ
2899 531 2972 602 μὴ
2997 529 3187 592 ὅντων,
3208 527 3362 580 κενὸν
3394 527 3613 588 πάντως

2023 631 2131 684 τῶν
2149 630 2404 684 τοιούτων
2423 627 2642 697 ἀγαθῶν
2659 626 2748 680 τὸν
2770 623 3023 696 πατρῷον
3039 624 3351 692 ὲννοήσουσι
3373 619 3574 672 κόλπον
3595 633 3605 644 ’

2023 723 2098 785 ὡς
2119 722 2183 775 ἂν
2205 717 2296 775 οὖν
2316 722 2452 791 μήτε
2469 722 2496 774 ὁ
2515 717 2706 788 Πατὴρ
2727 715 2927 786 ἔρημός
2954 732 3013 766 τε
3034 713 3142 766 τῶν
3166 710 3360 765 ἑαυτοῦ
3392 708 3614 778 ἀγαθῶν

2024 813 2299 884 ἐννοηθείη
2319 831 2331 844 ·
2368 813 2442 883 μὴ
2473 811 2529 863 δὲ
2559 813 2638 872 είς
2681 809 2886 878 ταύτην
2916 807 3013 878 τὴν
3039 805 3265 859 ἀτοπίαν
3298 803 3520 856 ἐκπέσοι
3551 801 3617 854 τὸ

2023 901 2218 971 δόγμα,
2262 900 2572 967 ἀναγκαίως
2597 898 2736 952 κατὰ
2767 897 2866 966 τὴν
2899 896 3081 966 φωνὴν
3111 895 3202 948 τοῦ
3223 894 3514 954 Δεσπότου,
3544 894 3614 962 τῇ

2027 993 2288 1063 ἀῖδιὸτητι
2320 992 2413 1044 τοῦ
2462 991 2674 1060 Πατρὸς
2722 991 2753 1058 ἡ
2806 989 2933 1058 περὶ
2980 987 3074 1040 τοῦ
3105 986 3236 1039 Υίοῦ
3273 986 3456 1047 πίστις
3490 1002 3618 1036 συν-

2027 1082 2331 1154 θεωρεῖται.
2363 1077 2440 1136 υἷι
2482 1082 2640 1152 χάριν
2685 1081 2860 1131 πάντα
2909 1077 3222 1130 καταλιπὼν
3260 1076 3330 1128 τὰ
3371 1075 3617 1145 ὀνόματα.

2025 1177 2124 1228 ὅσα
2159 1175 2294 1244 πρὸς
2325 1173 2544 1238 ἔνδειξιν
2572 1171 2667 1241 τῆς
2694 1169 3096 1241 ὑπερκειμένης
3123 1167 3337 1236 φύσεως
3367 1165 3613 1232 λέγεται,

2025 1269 2124 1337 τὴν
2147 1267 2240 1320 τοῦ
2273 1265 2485 1336 Harpe;
2510 1265 2724 1332 κλῆσιν,
2755 1261 2830 1325 ὡς
2856 1259 3336 1329 ὲνδεικτικωτέραν
3362 1259 3460 1327 τῆς
3481 1257 3619 1326 άλη-

2028 1360 2177 1422 θείας
2212 1357 2484 1410 ἐκτίθεται
2521 1358 2655 1426 ἡμῖν
2694 1353 2785 1407 ἐπὶ
2810 1354 2909 1423 τῆς
2949 1351 3209 1413 πίστεως,
3247 1351 3390 1420 ἥτις,
3431 1346 3620 1410 καθὼς

2027 1451 2262 1522 εἴρηται,
2295 1451 2363 1518 τῇ
2387 1451 2605 1517 σχετικῇ
2637 1447 2844 1517 διανοίᾳ
2871 1445 2964 1499 καὶ
2995 1444 3085 1497 τὸν
3113 1443 3241 1495 Υίδν
3269 1441 3385 1512 μεθ’
3412 1439 3618 1509 ἑαυτῆς

2031 1541 2490 1594 συνενδείκνυται·
2523 1538 2615 1592 τοῦ
2663 1539 2719 1592 δὲ
2752 1536 2884 1591 Υἱοῦ
2919 1539 2977 1600 ὃς
3025 1538 3170 1588 ἐστιν
3203 1536 3260 1587 ὲν
3300 1533 3376 1604 τῷ
3415 1534 3616 1604 Πατρὶ,

2029 1637 2114 1689 ἀεὶ
2135 1635 2284 1697 ὄντος
2307 1634 2444 1700 ὅπερ
2466 1631 2632 1693 ἐστὶν,
2650 1630 2830 1693 καθὼς
2854 1629 3066 1701 είρηται
3090 1629 3183 1681 xai
3206 1628 3263 1679 ἐν
3285 1628 3396 1688 τοῖς
3418 1625 3624 1695 ἔμπρα-

341 1728 396 1771 et
427 1720 588 1776 simul
618 1721 980 1780 demonstrat.
1014 1727 1148 1783 Cum
1186 1743 1364 1786 autem
1401 1733 1573 1790 Filius
1611 1711 1704 1806 qui
1747 1747 1832 1794 est
1865 1740 1918 1794 in

2035 1727 2152 1780 σθεν
2181 1725 2387 1792 λόγοις·
2418 1725 2498 1777 ὅτι
2525 1722 2585 1775 τὸ
2628 1724 2782 1774 Θεῖον
2817 1723 2882 1792 τῇ
2925 1719 3084 1790 φύσει
3111 1719 3209 1789 τὴν
3237 1719 3374 1788 πρός
3409 1716 3470 1769 τὸ
3495 1717 3622 1786 μεῖ-

340 1805 540 1873 Patre,
574 1815 790 1882 semper
823 1815 896 1868 sit
923 1817 1067 1885 quod
1098 1827 1209 1884 est,
1247 1822 1389 1875 sicut
1430 1823 1540 1890 jam
1587 1827 1639 1880 in
1670 1830 1918 1896 superio-

340 1899 494 1955 ribus
522 1901 725 1956 dictum
777 1914 860 1960 est
906 1911 1254 1967 sermonibus
1283 1930 1297 1977 ;
1329 1916 1459 1984 quia
1507 1916 1649 1973 Deus
1691 1931 1920 1985 natura,

343 1991 744 2050 incrementum
799 1999 864 2052 ad
917 2001 1094 2070 majus
1149 2019 1261 2058 non
1311 2009 1578 2078 suscipit:
1626 2027 1733 2066 non
1777 2014 1922 2068 enim

347 2094 506 2139 extra
541 2089 779 2157 seipsum
813 2091 958 2147 videt
989 2095 1136 2150 aliud
1171 2097 1372 2154 bonum
1396 2140 1410 2162 ,
1449 2117 1545 2169 per
1588 2103 1749 2170 cujus
1797 2120 1925 2175 par-

343 2177 725 2245 ticipationem
785 2184 993 2253 aliquid
1050 2191 1287 2257 amplius
1338 2192 1572 2262 accipiat
1609 2208 1624 2244 :
1665 2195 1759 2250 sed
1800 2213 1925 2250 cum

342 2268 536 2324 eodem
572 2271 733 2324 modo
764 2287 982 2343 semper
1031 2291 1090 2332 se
1130 2278 1330 2334 habeat
1357 2321 1371 2343 ,
1419 2297 1596 2348 neque
1635 2284 1779 2352 quod
1827 2284 1926 2338 ha-

344 2362 470 2423 bet,
506 2360 758 2428 abdicat,
814 2379 992 2434 neque
1033 2370 1179 2438 quod
1231 2387 1339 2425 non
1386 2372 1550 2428 habet
1581 2375 1928 2431 extrinsecus

344 2453 608 2506 assumit:
648 2470 820 2524 neque
867 2459 1012 2512 enim
1060 2462 1190 2531 quid
1239 2479 1428 2518 eorum
1473 2482 1596 2535 qua:
1637 2467 1929 2538 repudian-

345 2549 456 2608 tur,
509 2543 718 2602 habet:
758 2554 813 2602 et
859 2549 905 2602 si
949 2549 1079 2619 quid
1120 2560 1205 2606 est
1253 2554 1471 2608 beatum
1499 2564 1554 2611 et
1585 2558 1923 2629 incorrupti-

342 2632 474 2697 bile,
525 2634 855 2703 immortale,
903 2648 957 2694 et
991 2657 1201 2705 verum,
1237 2651 1292 2698 et
1320 2645 1709 2709 bonum,circa
1749 2650 1929 2720 ipsum

343 2733 512 2794 atque
548 2728 604 2781 in
653 2729 772 2799 ipso
799 2733 1024 2787 omnino
1051 2742 1166 2790 est:
1189 2738 1504 2793 necessario
1533 2739 1780 2796 videmus
1821 2758 1930 2797 non

344 2816 526 2886 aliqua
545 2820 592 2874 vi
629 2821 924 2880 adventitia
953 2832 1005 2880 et
1027 2826 1262 2882 ascititia
1289 2829 1482 2885 adesse
1509 2831 1610 2901 ipsi
1633 2844 1686 2887 et
1705 2835 1930 2891 adnasci

349 2909 612 2978 Spiritum
655 2923 932 2980 sanctum,
965 2919 1054 2986 qui
1085 2926 1170 2972 est
1202 2930 1385 2976 rectus
1419 2922 1551 2987 dux,
1593 2933 1648 2978 et
1679 2925 1932 2997 princeps

2027 1817 2116 1882 ζον
2145 1816 2372 1886 αὔξησιν
2401 1815 2460 1867 ού
2498 1813 2890 1884 προσδέχεται·
2924 1811 2984 1864 ού
3014 1811 3122 1882 γάρ
3148 1811 3250 1881 ὁρᾷ
3281 1826 3333 1860 τι
3358 1808 3462 1874 ἔξω
3490 1809 3617 1860 ἑαυ-

2025 1913 2118 1966 τοῦ
2148 1911 2276 1964 ἀλλο
2323 1907 2546 1977 ἀγαθὸν,
2581 1903 2641 1958 οὗ
2691 1904 2835 1959 κατὰ
2887 1903 3179 1974 μετουσίαν
3208 1898 3622 1972 προσλαμϐάνει

2025 2004 2087 2056 τὸ
2117 2003 2298 2056 πλεῖον
2318 2017 2330 2030 ·
2372 1999 2486 2053 ἀλλ’
2517 1999 2603 2050 ἀεὶ
2645 1995 2908 2057 ὡσαύτως
2941 1993 3180 2063 ἔχοντος,
3215 1991 3337 2044 οὔτε
3381 1989 3624 2044 ἀποϐάλ-

2027 2095 2210 2158 λοντος
2235 2093 2263 2146 ὃ
2291 2092 2426 2162 ἔχει,
2455 2090 2579 2144 οὗτε
2606 2085 3116 2160 προσλαμϐάνοντος
3145 2084 3173 2136 ὃ
3203 2084 3276 2154 μὴ
3313 2083 3428 2153 ἔχει
3450 2099 3464 2112 ’
3489 2080 3622 2134 οὔτε

2029 2189 2137 2259 γάρ
2181 2205 2233 2240 τι
2271 2186 2380 2238 τῶν
2410 2183 2730 2253 ἀποϐλήτων
2775 2180 2908 2250 ἔχει,
2962 2178 3056 2230 καὶ
3081 2177 3207 2228 εἴτι
3235 2176 3502 2246 μακάριον
3526 2177 3627 2226 καὶ

2029 2280 2325 2350 ἀκήρατον,
2361 2274 2454 2327 καὶ
2483 2271 2756 2343 ἀληθινὸν,
2793 2269 2890 2322 καὶ
2937 2266 3140 2343 ἀγαθὸν
3176 2267 3304 2335 περὶ
3335 2265 3496 2318 αὐτὸν
3526 2262 3627 2314 καὶ

2030 2374 2086 2424 ἐν
2117 2369 2262 2441 αύτῷ
2311 2369 2528 2429 πάντως
2568 2366 2740 2420 ἐστίν’
2784 2362 3097 2430 ἀναγκαίως
3129 2361 3365 2431 ὁρῶμεν,
3417 2358 3518 2410 οὐκ
3561 2355 3629 2421 ἐξ

2031 2466 2370 2534 ἐπικτήσεως
2400 2458 2544 2530 αύτῷ
2584 2458 3008 2528 προσγινόμενον
3039 2455 3098 2508 τὸ
3136 2454 3358 2525 Πνεῦμα
3399 2452 3461 2506 τδ
3487 2453 3632 2521 ἀγα-

2033 2557 2123 2610 Οὸν
2149 2572 2209 2608 τε
2245 2553 2337 2607 καὶ
2365 2552 2518 2620 ἅγιον
2538 2567 2552 2582 ο
2586 2551 2722 2619 ὅπερ
2753 2549 2898 2601 ἐστὶν
2933 2547 3089 2610 suos;
3115 2545 3460 2618 ἡγεμονικὸν,
3487 2545 3632 2609 ζωοο

2035 2646 2207 2708 ποιὸν,
2244 2644 2304 2696 τὸ
2335 2643 2516 2711 πάσης
2547 2641 2645 2710 τῆς
2679 2640 2910 2702 κτίσεως
2950 2643 3414 2709 περικρατητικόν
3437 2653 3496 2688 τε
3532 2637 3633 2690 καὶ

2034 2736 2384 2806 άγιαστικύν·
2419 2733 2446 2786 ὂ
2492 2733 2667 2786 πάντα
2695 2733 2751 2784 ἐν
2783 2733 2946 2786 πᾶσιν
2970 2733 3182 2802 ἐνεργεῖ
3223 2727 3402 2792 καθὼς
3439 2727 3634 2799 βούλε-

2033 2847 2124 2883 ται
2151 2844 2164 2857 ⁸
2191 2827 2266 2890 ὡς
2286 2824 2452 2898 μηδέν
2473 2842 2526 2876 τι
2554 2823 2755 2894 μεταξὺ
2781 2823 3076 2892 διάλειμμα
3097 2821 3188 2874 τοῦ
3224 2819 3463 2893 Χριστοῦ
3489 2821 3633 2890 πρὸς

2035 2920 2095 2973 τὸ
2123 2919 2342 2990 Χρίσμα
2363 2918 2524 2978 νοεῖν,
2558 2914 2590 2985 ἥ
2617 2913 2710 2967 τοῦ
2745 2914 3007 2984 βασιλέως
3040 2913 3175 2984 πρὸς
3204 2913 3302 2983 τὴν
3326 2913 3623 2982 βασιλείαν·

342 3005 400 3052 et
427 2999 686 3069 director,
719 3005 989 3073 viviﬁeus,
1019 3010 1306 3079 omnisque
1335 3020 1602 3069 creatura:
1621 3015 1931 3071 dominator

2037 3011 2068 3082 ἢ
2089 3010 2188 3080 τῆς
2220 3007 2412 3075 σοφίας
2438 3005 2574 3077 πρὸς
2596 3005 2656 3057 τὸ
2687 3004 2906 3075 πνεῦμα
2925 3005 3025 3074 τῆς
3050 3007 3244 3072 σοφίας
3263 3022 3277 3035 ’
3310 3006 3343 3076 ἢ
3375 3005 3466 3076 τῆς
3489 3003 3623 3074 άλη-

342 3095 400 3141 et
441 3091 827 3158 sanctiﬁcator,
868 3099 962 3166 qui
997 3102 1182 3154 omnia
1222 3102 1276 3155 in
1318 3105 1576 3162 omnibus
1615 3118 1775 3176 prout
1819 3110 1933 3164 vult

344 3190 605 3250 operatur
616 3193 669 3240 et
688 3185 868 3241 eﬁicit.
884 3189 957 3244 ita
972 3191 1246 3246 ntnullum
1259 3191 1758 3250 aliudintervallnm
1779 3198 1939 3254 intel-

343 3273 485 3343 ligas
520 3273 723 3328 Christi
747 3274 812 3328 ad
833 3277 1096 3344 chrisma,
1119 3280 1174 3336 id
1201 3291 1303 3346 est,
1329 3282 1397 3335 ad
1427 3285 1935 3358 unctionem,quam

345 3365 493 3434 regis
528 3366 596 3420 ad
628 3381 879 3437 regnum,
913 3385 1076 3439 quam
1118 3375 1403 3442 sapientia:
1447 3377 1516 3431 ad
1547 3380 1804 3448 spiritum
1845 3398 1937 3437 sav-

345 3454 583 3521 pientize,
616 3470 780 3524 quam
799 3457 1048 3514 veritatis
1075 3461 1141 3514 ad
1183 3461 1438 3530 spiritum
1475 3467 1742 3532 veritatis,
1775 3485 1937 3540 quam

344 3544 569 3599 virtutis
623 3546 690 3601 ad
741 3547 994 3616 spiritum
1049 3551 1304 3613 virtutis:
1358 3555 1452 3611 sed
1507 3557 1575 3611 ab
1628 3567 1835 3617 aeterno
1886 3563 1939 3617 in

345 3633 509 3690 Patre
548 3635 718 3692 Filius
748 3638 1086 3710 intelligitur,
1127 3645 1332 3713 quiest
1367 3654 1420 3701 et
1463 3649 1731 3714 sapientia
1766 3660 1822 3708 et
1846 3670 1940 3709 ve-

344 3728 507 3789 ritas,
526 3727 817 3783 consilium
848 3738 902 3785 et
923 3730 1204 3802 fortitudo,
1229 3736 1466 3807 cognitio
1483 3745 1535 3793 et
1558 3739 1938 3814 intelligentia.

346 3813 432 3870 Ab
464 3826 670 3871 :eterno
723 3833 830 3874 una
883 3834 1009 3874 cum
1056 3822 1174 3893 ipso
1219 3826 1384 3880 etiam
1433 3826 1671 3897 Spiritus
1719 3813 1943 3889 sanctus

347 3909 724 3976 cognoscitur,
756 3913 850 3981 qui
888 3913 1108 3983 quidem
1146 3923 1231 3970 est
1279 3916 1519 3986 Spiritus
1550 3921 1837 3991 sapientiae
1889 3933 1944 3979 et

346 4004 619 4069 veritatis,
669 4005 891 4060 consilii
944 4013 998 4061 et
1049 4007 1443 4078 intelligentiae,
1486 4021 1792 4082 caeteraque
1838 4017 1941 4070 alia

347 4112 470 4167 quae
503 4094 674 4153 Filius
715 4105 771 4153 et
805 4108 888 4155 est
918 4107 974 4153 et
1009 4099 1347 4154 nominatur.
1394 4100 1605 4159 Idcirco
1647 4106 1944 4164 asserimus

346 4189 702 4258 conjunctum
746 4191 862 4245 sive
890 4189 1217 4251 adunatum,
1244 4191 1408 4247 simul
1440 4193 1604 4247 etiam
1640 4193 1942 4252 discretum

347 4294 413 4335 ac
468 4280 812 4341 distinctum.
841 4280 1048 4338 sanctis
1106 4281 1394 4352 discipulis
1453 4285 1714 4340 traditum
1773 4287 1945 4344 fuisse

2038 3100 2188 3164 θείας
2215 3097 2349 3168 πρὸς
2373 3097 2433 3149 τὸ
2452 3095 2669 3168 πνεῦμα
2692 3097 2788 3167 τῆς
2815 3096 3072 3165 ἀληθείας
3091 3114 3105 3127 ·
3133 3097 3165 3166 ἢ
3197 3096 3299 3165 τῆς
3320 3097 3625 3168 δυνάμεως,

2038 3192 2175 3263 πρὸς
2221 3191 2281 3243 τὸ
2322 3188 2541 3260 πνεῦμα
2588 3190 2688 3260 τῆς
2731 3189 3011 3260 δυνάμεως
3036 3196 3052 3212 ⁸
3082 3189 3198 3243 ἀλλ’
3241 3190 3301 3255 ἐξ
3350 3190 3523 3244 ἀϊδίου
3551 3191 3634 3261 τῷ

2038 3284 2215 3352 Πατρ¹ι
2250 3280 2686 3352 ἐνθεωρουμένου
2716 3280 2808 3334 τοῦ
2837 3280 2967 3334 Υἱοῦ
2990 3297 3002 3311 ·
3038 3281 3095 3344 ὃς
3121 3284 3236 3335 ἐστι
3264 3281 3423 3350 σοφία
3452 3299 3513 3335 τε
3535 3283 3636 3335 καὶ

2039 3372 2283 3442 ἀλήθεια,
2315 3373 2408 3424 καὶ
2443 3369 2625 3442 βουλὴ,
2662 3371 2756 3424 καὶ
2792 3371 2968 3442 ίσχϋς,
2999 3372 3096 3424 καὶ
3129 3371 3348 3440 γνῶσις,
3383 3373 3477 3425 καὶ
3500 3372 3636 3426 σύν-

2042 3481 2182 3528 εσις·
2219 3463 2278 3529 ἐξ
2325 3463 2498 3518 ἀϊδίου
2537 3465 2632 3516 καὶ
2675 3462 2736 3515 τὸ
2767 3462 2991 3534 Πνεῦμα
3027 3462 3089 3516 τὸ
3141 3464 3292 3531 ἆγιον
3323 3462 3474 3534 αὑτῷ
3507 3481 3639 3518 συν-

2043 3557 2325 3623 θεωρεῖται
2353 3572 2364 3584 ·
2387 3556 2524 3626 ὅπερ
2549 3555 2664 3607 ἐστὶ⁵
2687 3553 2910 3624 Πνεῦμα
2935 3553 3125 3622 σοφίας
3146 3571 3204 3606 τε
3234 3553 3327 3607 καὶ
3349 3553 3634 3624 ἀληθείας,

2043 3649 2137 3702 καὶ
2168 3647 2381 3718 βουλῆς,
2416 3648 2510 3700 καὶ
2557 3645 2854 3710 συνέσεως·
2893 3647 2986 3699 καὶ
3037 3647 3215 3701 πάντα
3248 3647 3315 3701 τὰ
3359 3647 3495 3700 ἄλλα
3529 3648 3637 3700 ὅσα

2043 3743 2072 3793 ὁ
2104 3739 2230 3802 Υἱός
2261 3740 2377 3791 ἐστι
2403 3739 2497 3791 καὶ
2526 3737 2873 3807 ὀνομάζεται.
2905 3737 3004 3792 Διά
3029 3739 3186 3791 τοῦτό
3213 3757 3390 3809 φαμεν
3422 3757 3553 3808 συνη
3564 3758 3639 3808 μ-

2049 3831 2204 3902 μένον
2225 3830 2340 3902 ἆμα
2361 3829 2454 3882 καὶ
2472 3828 2889 3900 διακεκριμένον
2911 3829 3301 3901 παραδεδόσθαι
3322 3831 3434 3892 τοῖς
3455 3831 3637 3897 ἁγίοις

2049 3923 2316 3994 μαθηταῖς
2353 3921 2415 3974 τὸ
2455 3921 2553 3991 τῆς
2592 3920 2874 3984 εὐσεϐείας
2922 3922 3254 3994 μυστήριον·
3296 3922 3355 3975 τὸ
3382 3922 3491 3976 δεῖν
3539 3939 3636 3976 πι-

2048 4014 2256 4067 στεύειν
2295 4013 2374 4075 είς
2406 4011 2466 4064 τδ
2506 4011 2676 4081 ὄνομα
2703 4010 2796 4064 τοῦ
2830 4013 3062 4083 Πατρδς,
3101 4013 3193 4065 καὶ
3224 4010 3317 4064 τοῦ
3349 4010 3500 4072 Υἱοῦ,
3536 4013 3637 4063 καὶ

2045 4102 2139 4158 τοῦ
2170 4103 2322 4171 άγίου
2371 4101 2718 4172 Πνεύματος⁹
2759 4102 2791 4170 ἡ
2827 4100 2926 4170 μὲν
2972 4102 3079 4171 γὰρ
3122 4101 3229 4153 τῶν
3277 4099 3635 4152 ὑποστάσεων

2051 4193 2266 4264 ἰδιότης,
2297 4191 2501 4264 τρανήν
2535 4207 2594 4242 τε
2635 4190 2728 4242 καὶ
2760 4189 3065 4260 ἀσύγχυτον
3105 4192 3336 4242 ποιεῖται
3366 4189 3465 4259 τὴν
3496 4207 3636 4259 προ-

2049 4284 2244 4339 σώπων
2269 4281 2552 4352 διαστολὴν
2569 4299 2582 4312 ·
2613 4281 2670 4334 ἓν
2699 4275 2771 4335 δὲ’
2782 4282 2952 4351 ὄνομα
2979 4283 3334 4353 προκείμενον
3361 4282 3458 4352 τῆς
3489 4280 3634 4334 κατὰ

346 4371 566 4441 pietatis
625 4373 971 4441 mysterium,
1025 4387 1220 4441 nempe
1272 4381 1528 4444 Oportere
1593 4377 1819 4433 credere
1879 4379 1932 4432 in

2043 4377 2138 4448 τὴν
2181 4374 2361 4428 πίστιν
2414 4374 2699 4436 ἐκθέσεως,
2738 4373 2925 4443 σαφῶς
2953 4375 3087 4443 ἡμῖν
3124 4374 3222 4444 τὴν
3271 4372 3499 4464 ἑνότητα
3533 4372 3635 4440 τῆς

344 4478 546 4518 nomen
580 4461 782 4528 Patris,
814 4475 869 4518 et
894 4462 1036 4530 Filii,
1069 4473 1122 4518 et
1161 4463 1399 4534 Spiritus
1424 4468 1619 4521 sancti.
1670 4467 1802 4523 Nam
1846 4469 1946 4540 hy-

346 4564 645 4624 postasewv
696 4557 1000 4624 proprietas
1044 4572 1225 4610 veram
1278 4564 1333 4611 et
1397 4559 1744 4614 ineonfusam
1803 4561 1944 4616 hanc

346 4645 512 4700 efﬁcit
555 4661 916 4714 personarum
955 4648 1385 4703 diStinctionem.
1420 4650 1598 4705 Unum
1632 4660 1813 4706 autem
1849 4669 1945 4707 no-

347 4753 475 4792 men
533 4739 870 4806 propositum
921 4741 1280 4809 expositionis
1326 4757 1447 4811 quae
1502 4750 1587 4797 est
1641 4743 1940 4797 secundum

349 4831 536 4892 ﬁdem,
573 4829 862 4886 manifesto
888 4834 1048 4887 nobis
1079 4838 1344 4889 unitatem
1381 4835 1635 4890 essentia:
1677 4852 1940 4906 persona-

348 4937 474 4976 rum
508 4935 630 4990 quae
660 4929 790 4974 sunt
822 4922 876 4976 in
920 4921 1024 4977 ﬁde
1046 4925 1458 4994 interpretatur,
1493 4924 1617 4980 dico
1647 4924 1851 4989 Patris,
1889 4938 1942 4983 et

347 5011 494 5076 Filii,
523 5020 578 5068 et
621 5011 860 5082 Spiritus
890 5013 1089 5077 sancti,
1124 5014 1394 5084 siquidem
1430 5032 1527 5086 per
1569 5017 1668 5072 has
1702 5020 1942 5088 appella-

351 5109 528 5164 tiones
565 5123 674 5163 non
717 5116 926 5160 natura:
961 5105 1322 5162 differentiam
1357 5109 1640 5176 docemur,
1671 5111 1765 5165 sed
1797 5112 1942 5167 solas

349 5199 728 5270 hypostasewv
753 5199 1149 5270 γνωριστικὰς,
1197 5201 1249 5254 id
1284 5211 1367 5256 est
1397 5217 1759 5271 personarum
1797 5205 1943 5259 noti-

351 5293 483 5349 ticas
510 5295 898 5365 proprietates.
949 5293 1022 5347 Ita
1073 5302 1129 5347 ut
1179 5307 1279 5348 nos
1326 5308 1722 5364 cognoscamus
1763 5310 1940 5361 neque

350 5384 548 5441 Filium
599 5389 815 5446 Patrem
865 5405 1005 5454 esse,
1041 5404 1217 5459 neque
1261 5387 1475 5454 Patrem
1510 5387 1730 5452 Filium,
1768 5405 1946 5461 neque
1980 5390 2178 5445 Filium
2213 5392 2297 5445 vel
2325 5389 2539 5443 Patrem
2569 5403 2712 5453 esse,
2747 5389 2831 5442 vel
2863 5387 3127 5457 Spiritum
3169 5393 3420 5444 sanctum
3458 5403 3471 5438 :

2042 4468 2226 4530 οὐσίας
2257 4467 2362 4519 τῶν
2394 4468 2451 4519 ὲν
2478 4469 2544 4537 τῇ
2573 4467 2752 4520 πίστει
2783 4465 3090 4536 προσώπων
3119 4465 3485 4536 διερμηνεύει,
3519 4465 3637 4517 Πα-

2041 4559 2170 4632 τρός
2207 4575 2266 4610 τε
2313 4557 2457 4626 λέγω
2489 4559 2583 4611 καὶ
2631 4559 2762 4611 Υίοῦ
2808 4559 2902 4611 καὶ
2942 4557 3258 4627 Πνεύματος
3305 4558 3494 4625 ἁγίου·
3543 4555 3636 4610 διὰ

2042 4657 2152 4728 γάρ
2190 4656 2297 4709 τῶν
2328 4654 2571 4725 κλήσεων
2606 4652 2830 4718 τούτων,
2864 4650 2925 4702 ού
2952 4649 3166 4718 φύσεως
3194 4648 3457 4720 διαφορὰν
3489 4649 3636 4701 διδα-

2045 4749 2307 4820 σκόμεθα,
2334 4747 2470 4802 ἀλλά
2497 4747 2663 4816 μόνας
2693 4745 2790 4808 τὰς
2817 4743 2926 4797 τῶν
2968 4742 3318 4796 ύποστάσεων
3353 4760 3639 4815 γνωριστι-

2045 4842 2148 4904 κάς
2184 4841 2472 4910 ἰδιότητας.
2500 4838 2664 4891 Ὥστε
2703 4835 2994 4904 γινώσκειν
3017 4837 3186 4905 ἡμᾶς,
3221 4836 3357 4906 μήτε
3383 4835 3509 4887 Υξδν
3542 4835 3636 4888 τὸν

2046 4932 2266 5004 Πατέρα
2295 4926 2456 4994 εἶναι,
2497 4931 2630 5000 μήτε
2677 4929 2896 4998 Πατέρα
2924 4927 3013 4979 τὸν
3055 4926 3183 4978 Υίόν
3209 4939 3221 4953 ⁸
3262 4927 3397 4996 μήτε
3435 4925 3565 4978 Υίὸν
3600 4927 3634 4996 ἢ

2044 5025 2136 5078 τὸν
2163 5022 2402 5094 Πατέρα,
2435 5020 2468 5092 ἢ
2499 5020 2560 5072 τὸ
2586 5018 2811 5090 Πνεῦμα
2848 5018 2909 5071 τὸ
2943 5018 3098 5087 ἆγιον
3119 5033 3133 5046 ·
3169 5018 3284 5071 ἀλλ’
3316 5018 3546 5070 ἕκαστον
3577 5019 3637 5072 ἐν

2046 5117 2122 5188 τῷ
2174 5116 2427 5180 ἰδιάζοντι
2459 5113 2560 5185 τῆς
2592 5111 2942 5174 ὑποστάσεως
2963 5111 3271 5182 χαρακτῆρι
3306 5111 3597 5180 γνωρίζειν
3617 5127 3632 5140 ’

2047 5211 2104 5261 ὲν
2147 5208 2383 5279 ἀορίστῳ
2421 5205 2736 5275 τελειότητι,
2767 5204 2862 5258 καὶ
2895 5205 2977 5271 ἐφ’
3009 5202 3200 5256 ἑαυτοῦ
3234 5203 3630 5273 θεωρούμενον,

2047 5298 2139 5350 καὶ
2167 5297 2273 5350 ἀπὸ
2311 5295 2402 5350 τοῦ
2434 5295 2774 5365 συνημμένον
2804 5294 2863 5346 ού
2898 5293 3272 5365 διαιρούμενον

3533 5387 3631 5441 sed

353 5498 796 5557 unumquemque
847 5487 899 5541 in
928 5487 1150 5558 preprio
1177 5496 1229 5541 et
1262 5485 1524 5556 peculiari
1556 5485 1925 5556 hypostasew;
1965 5488 2287 5542 charactere
2345 5495 2752 5553 permanentem
2799 5483 3168 5552 intelligamus
3243 5483 3299 5538 in
3345 5479 3631 5537 indeﬂnita

353 5575 692 5647 perfectione
732 5589 896 5647 atque
938 5582 990 5634 in
1037 5581 1220 5650 scipso
1267 5581 1635 5645 considerari,
1670 5587 1723 5635 et
1759 5595 1786 5633 a
1821 5581 2124 5651 conjuncta
2159 5581 2274 5634 sive
2309 5578 2464 5633 unito
2496 5594 2604 5632 non
2634 5575 2828 5630 dividi.

428 5668 572 5737 Quid
618 5669 782 5742 igitur
823 5671 953 5724 illud
991 5673 1259 5743 signiﬁcat
1306 5674 1696 5731 innominsbile
1744 5689 1942 5731 nomen

2124 5673 2187 5728 Τί
2217 5665 2308 5725 οὖν
2343 5671 2594 5742 σημαίνει
2642 5669 2699 5721 τὸ
2739 5668 3170 5740 ἀκατονόμαστον
3203 5667 3369 5737 ὄνομα
3412 5662 3537 5736 περὶ
3564 5652 3630 5718 οὗ
