4064 6146
327 315 434 372 473

1507 310 1787 368 CONTRA
1828 310 2221 378 EUNOMIUM,
2263 312 2459 382 LlBJl.
3385 369 3392 374 ,
3492 317 3594 373 4⁵74

328 431 501 488 εἰπὼν
532 433 560 486 6
587 430 825 504 Κύριος;
861 431 942 485 ὅτι
974 431 1323 502 βαπτίζοντες
1357 431 1552 496 αὐτοὺς
1584 435 1663 498 εἰς
1703 433 1765 486 τὸ
1796 431 1912 485 δνο-

2028 431 2078 488 le
2101 448 2210 503 quo
2237 434 2319 489 sic
2351 434 2613 489 Dominus
2645 435 2862 492 locutus
2891 437 3012 492 est?
3053 437 3207 503 Quod
3251 438 3598 510 baptizantes

331 540 426 594 μα,
456 524 517 578 οὐ
543 523 884 595 προσέθηκεν
905 524 1073 595 αὐτὴν
1100 526 1198 596 τὴν
1229 525 1575 596 σημαντικὴν
1603 524 1785 594 φωνὴν
1807 509 1907 593 τὴν

329 617 435 671 ὐπὸ
462 617 557 671 τοῦ
592 618 855 689 ὀνόματος
898 618 1253 690 δηλουμένην.
1305 619 1522 690 Ταύτην
1560 618 1753 689 ἔχομεν
1780 619 1908 686 περὶ

327 709 491 764 αὐτοῦ
520 709 620 780 τὴν
650 711 925 764 διάνοιαν-⁸
955 712 1037 765 ὅτι
1069 711 1246 764 πάντα
1276 711 1344 764 τὰ
1377 711 1434 764 ὲν
1460 713 1526 781 τῇ
1549 710 1721 762 κτίσει
1757 709 1903 775 ὅντα,

327 801 411 854 διὰ
447 801 546 869 τῆς
595 800 705 853 τῶν
751 801 1030 872 ὀνομάτων
1079 802 1356 872 σημασίας
1405 800 1906 870 περιλαμϐάνεται·

327 895 413 946 ὅτε
445 893 554 962 γὰρ
588 892 817 959 οὐρανὸν
849 893 1038 955 εἰπὼν,
1086 895 1178 948 ἐπὶ
1222 896 1283 947 τὸ
1329 894 1653 965 δηλούμενον
1680 893 1782 946 ὐπὸ
1813 891 1906 945 τοῦ

328 985 588 1056 ὀνόματος
617 985 822 1055 κτίσμα
850 985 949 1055 τὴν
982 986 1220 1039 διάνοιαν
1254 985 1345 1038 τοῦ
1380 985 1668 1048 ἀκούοντος
1697 986 1871 1055 ἤγαγε
1890 1000 1905 1015 ·

329 1076 420 1130 καὶ
446 1078 474 1128 6
502 1075 815 1147 ἀνθρώπου,
846 1078 880 1148 ἦ
910 1095 1054 1140 τινος
1082 1078 1190 1130 τῶν
1218 1075 1370 1142 ζώων
1410 1076 1665 1147 μνησθεὶς
1694 1077 1779 1128 ἐπ’
1803 1077 1910 1129 ὀνό-

332 1185 520 1239 ματος,
569 1167 730 1230 εὐθὺς
773 1168 833 1221 τὸ
866 1165 1004 1231 εἶδος
1043 1168 1134 1222 τοῦ
1166 1169 1304 1234 ζώου
1336 1169 1414 1238 τῷ
1446 1169 1698 1237 ἀκηκοότι
1729 1170 1910 1221 ἐνετυ-

332 1261 553 1316 πώσατο
578 1278 592 1291 ⁸
640 1263 734 1314 καὶ
768 1261 836 1315 τὰ
865 1262 999 1316 ἄλλα
1033 1265 1211 1318 πάντα
1241 1262 1502 1325 ὡσαύτως
1529 1262 1615 1316 διὰ
1648 1262 1754 1314 τῶν
1791 1265 1910 1314 ἐπι-

299 1354 599 1424 -κειμένων
642 1353 921 1423 ὀνομάτων
971 1354 1432 1426 ἐνζωογραιρεῖται
1476 1356 1540 1424 τῇ
1587 1353 1782 1424 καρδίᾳ
1815 1351 1907 1406 τοῦ

330 1447 418 1501 διὰ
457 1448 557 1516 τῆς
587 1447 756 1518 ἀκοῆς
787 1447 1231 1519 παραδεξαμένου
1280 1446 1377 1517 τὴν
1417 1445 1784 1517 προσηγορίαν
1813 1445 1910 1516 τὴν

333 1539 686 1607 ἐπικειμένην
716 1536 794 1607 τῷ
827 1537 1133 1607 πράγματι.
1170 1537 1321 1606 Μόνη
1359 1535 1416 1588 δὲ
1450 1537 1482 1606 ἡ
1524 1535 1776 1598 ἄκτιστος
1814 1533 1912 1602 (ρύ-

335 1647 436 1695 σις,
469 1631 501 1701 ὴ
550 1631 607 1682 ὲν
641 1629 719 1700 τῷ
754 1629 928 1700 Πατρί
970 1646 1029 1682 τε
1071 1629 1163 1682 καὶ
1193 1628 1304 1698 Υἰῷ
1335 1628 1428 1680 καὶ
1456 1626 1737 1696 Πνεύματι
1771 1625 1911 1696 ἁγίῳ

334 1721 714 1791 πιστευομένη,
747 1723 991 1789 κρεῖττον
1033 1720 1212 1788 πάσης
1245 1719 1389 1772 ἐστὶν
1424 1718 1788 1787 ὀνομαστικῆς
1817 1734 1906 1787 ση-

2013 524 2163 593 ipsos
2207 528 2261 578 in
2293 541 2516 588 nomen,
2555 542 2665 580 non
2713 527 2921 582 addidit
2970 529 3142 599 ipsam
3182 531 3595 600 signiﬁcativam

2012 628 2204 668 vocem
2236 631 2356 683 qua:
2398 616 2504 669 sub
2543 615 2644 669 hoc
2695 615 2917 670 nomine
2961 615 3290 672 declaratur.
3339 619 3475 674 Illud
3517 619 3598 673 sic

2013 703 2386 774 intelligimus,
2413 705 2558 775 quod
2604 707 2786 759 omnia
2830 693 3175 777 quaecunque
3218 717 3400 763 creata
3444 718 3595 770 sunt,

2014 797 2294 850 nominum
2331 797 2732 868 signiﬁcatione
2756 801 3318 869 comprehenduntur.
3344 801 3480 855 Nam
3502 803 3594 870 qui

2015 889 2212 940 malum
2238 886 2394 950 dixit,
2431 887 2496 940 ad
2523 902 2644 941 eam
2674 902 2795 956 quae
2824 887 2924 942 hoc
2973 890 3192 943 nomine
3232 890 3594 957 signiﬁcatur,

2014 987 2319 1030 creaturam
2364 977 2634 1032 audientis
2679 985 2914 1032 mentem
2965 979 3197 1042 induxit,
3257 992 3309 1033 et
3354 981 3447 1050 qui
3492 980 3595 1034 ho-

2014 1067 2178 1122 minis
2209 1069 2290 1122 vel
2321 1069 2554 1136 alicujus
2596 1066 2913 1122 animalium
2942 1073 3058 1140 ipso
3109 1072 3328 1125 nom-ine
3360 1073 3596 1127 mentio—

2015 1175 2140 1214 nem
2181 1159 2328 1223 fecit,
2364 1163 2546 1216 statim
2585 1161 2820 1230 speciem
2857 1162 3112 1216 animalis
3161 1165 3215 1216 in
3247 1165 3431 1217 animo
3478 1163 3597 1232 ejus

2015 1250 2107 1319 qui
2140 1250 2364 1312 audivit,
2396 1251 2691 1319 impressit.
2727 1250 2926 1304 Eodem
2966 1260 3125 1320 pacto
3156 1253 3262 1305 alia
3295 1253 3477 1306 omnia
3501 1267 3598 1322 per

2016 1340 2272 1409 imposita
2323 1342 2543 1396 nomina
2609 1342 2910 1412 pinguntur
2960 1341 3014 1395 in
3079 1343 3245 1397 corde
3292 1342 3452 1412 ejus,
3502 1342 3596 1413 qui

2017 1445 2113 1498 per
2150 1429 2641 1498 auditum‘accepit
2671 1431 3085 1499 appellationem
3120 1432 3196 1484 rei
3241 1431 3594 1501 impositam:

2018 1521 2136 1575 sola
2168 1527 2346 1573 autem
2383 1520 2622 1573 increata
2665 1530 2879 1583 natura,
2919 1535 3037 1590 quae
3067 1521 3120 1574 in
3149 1519 3327 1583 Patre,
3359 1529 3412 1575 et
3436 1518 3596 1583 Filio,

2016 1618 2072 1666 et
2105 1609 2312 1680 Spiritu
2346 1620 2538 1664 sancto
2581 1611 2844 1674 creditur,
2877 1604 3026 1664 omni
3057 1611 3399 1679 praestantior
3438 1619 3522 1665 est
3547 1620 3600 1665 et

2018 1702 2210 1756 melior
2251 1702 2486 1755 nominis
2520 1702 2850 1772 signiﬁcatu.
2888 1701 3094 1757 Idcirco
3127 1701 3386 1765 Verbum,
3433 1703 3482 1756 id
3515 1712 3600 1758 est

334 1812 554 1882 μασίας.
595 1813 692 1866 Διὰ
719 1810 876 1864 τοῦτο
908 1811 1077 1882 ὄνομα
1107 1810 1274 1864 εἰπὼν
1303 1813 1331 1864 6
1358 1811 1529 1878 Λόγος
1560 1811 1614 1861 ἐν
1641 1812 1706 1881 τῇ
1741 1826 1915 1879 παρα-

2028 1791 2190 1847 Filius
2247 1791 2376 1857 Dei,
2440 1808 2564 1846 cum
2621 1793 2673 1845 in
2734 1792 2856 1846 ﬁdei
2921 1792 3212 1846 traditione
3269 1793 3496 1847 dixisset
3548 1796 3601 1847 in

333 1905 476 1960 δόσει
503 1904 602 1974 τῆς
631 1904 882 1968 πίστεως,
914 1901 975 1955 τὸ
1013 1901 1064 1954 τί
1091 1902 1151 1953 οὐ
1188 1901 1492 1972 προσέθηκε.
1513 1918 1525 1930 ·
1570 1900 1686 1962 πῶς
1714 1901 1821 1970 γὰρ
1850 1899 1914 1952 ἂν

335 1996 584 2068 εὑρεθείη
634 1996 807 2066 ὄνομα
854 1995 946 2047 ἐπὶ
989 1992 1313 2064 πράγματος
1355 1993 1383 2045 ὃ
1431 1993 1570 2062 ὑπὲρ
1619 1993 1726 2044 πᾶν
1771 1993 1916 2043 ἐστιν

335 2089 503 2158 ὄνομα
537 2105 550 2153 ;
599 2087 739 2140 Ἀλλ’
779 2085 1024 2151 ἐξουσίαν
1066 2086 1294 2149 ἐδωκενς
1337 2085 1482 2146 ὅπως
1538 2083 1604 2136 ἂν
1633 2084 1914 2154 χωρήσῃή

335 2175 541 2227 διάνοια
573 2173 728 2244 ἡμῶν
753 2172 989 2237 εὐσεϐῶς
1010 2171 1300 2242 κινουμένη
1341 2173 1520 2243 εὑρεῖν
1547 2189 1598 2225 τι
1628 2172 1798 2242 ὄνομα
1818 2173 1917 2240 τῆς

339 2264 739 2336 ὑπερκειμένης
802 2264 1016 2334 φύσεως
1065 2263 1388 2316 ἐνδεικτικόν
1427 2281 1440 2293 ·
1503 2263 1659 2315 τοῦτο
1721 2262 1918 2331 ὁμοίως

339 2353 668 2425 ἐφαρμόζειν
698 2355 872 2425 Πατρί
920 2373 979 2409 τε
1021 2355 1113 2408 καὶ
1159 2353 1271 2424 ΥΞῷ
1302 2354 1397 2406 καὶ
1432 2353 1572 2422 ἁγίῳ
1603 2353 1876 2423 [Ινεύματι
1901 2395 1918 2421 ,

339 2439 453 2496 εἴτε
535 2443 597 2494 τὸ
646 2442 869 2510 ἀγαθὸν,
928 2442 1039 2497 εἴτε
1101 2442 1162 2495 τὸ
1190 2442 1486 2512 ἄφθαρτον,
1537 2443 1672 2513 ὅπερ
1709 2443 1917 2512 νομίσει

339 2532 563 2595 ἕκαστος
584 2532 731 2596 ἄξιον
754 2530 892 2586 εἶναι
918 2533 1051 2603 πρὸς
1073 2532 1292 2600 ἔνδειξιν
1316 2534 1416 2602 τῆς
1443 2534 1721 2602 ἀκηράτου
1744 2552 1921 2606 παρα-

340 2622 711 2692 λαμϐάνεσθαι
742 2623 952 2693 φύσεως
977 2640 988 2652 ·
1024 2626 1118 2677 καὶ
1146 2627 1302 2678 τοῦτο
1327 2625 1382 2678 δέ
1417 2642 1506 2694 μοι
1538 2625 1684 2678 δοκεί
1708 2625 1796 2679 διὰ
1823 2627 1921 2695 τῆς

342 2708 610 2774 ἐκθέσεως
650 2711 852 2782 ταύτης
885 2712 1193 2780 νομοθετεῖν
1228 2710 1256 2761 ὁ
1281 2709 1453 2781 Λόγος
1480 2729 1494 2743 ’
1541 2714 1602 2766 τὸ
1633 2716 1920 2768 πεπεῖσθαι

343 2799 578 2872 ἄρῤητόν
623 2818 682 2853 τε
715 2802 808 2854 καὶ
854 2803 1232 2872 ἀκατάληπτον
1279 2803 1340 2856 τὸ
1389 2804 1494 2873 τῆς
1546 2804 1690 2869 θείας
1735 2808 1922 2872 οὐσίας

344 2891 504 2946 εἶναι.
557 2893 794 2964 Φανερὸν
831 2895 938 2963 γὰρ
985 2895 1065 2948 ὅτι
1099 2897 1132 2964 ἡ
1166 2894 1260 2948 τοῦ
1306 2897 1519 2965 Πατρὸς
1563 2899 1776 2966 κλῆσις,
1823 2901 1923 2954 οὐκ

345 2985 531 3046 οὐσίας
567 2987 683 3038 ἐστὶ
725 2986 1102 3057 παραστατική
1127 3002 1139 3016 ο
1192 2985 1326 3042 ἀλλὰ
1369 2986 1467 3056 τὴν
1503 2990 1638 3059 πρὸς
1671 2991 1761 3042 τὸν
1797 2990 1922 3043 Υἱὸν

349 3075 530 3145 σχέσιν
559 3077 952 3146 ἀποσημαίνεισ
985 3074 1178 3129 οὐκοῦν
1204 3077 1251 3128 εἰ
1279 3077 1499 3131 δυνατὸν
1529 3076 1596 3150 ἦν
1624 3083 1689 3151 τῇ
1719 3079 1924 3146 ἀνθρω-

351 3168 477 3238 πίνῃ
525 3167 684 3236 φύσει
734 3167 922 3220 οὐσίαν
973 3165 1286 3236 διδαχθῆναι
1342 3169 1476 3222 θεοῦ
1507 3185 1518 3198 ·
1592 3169 1626 3219 ὁ
1694 3171 1924 3239 πάντας

352 3257 538 3312 θέλων
579 3257 848 3327 σωθῆναι
881 3258 979 3312 καί
1020 3261 1109 3325 εἰς
1143 3255 1472 3328 ἐπίγνωσιν
1509 3261 1790 3329 ἀληθείας
1827 3264 1924 3318 ὲλο

353 3349 494 3408 θεῖν.
529 3349 629 3402 οὐκ
653 3349 718 3403 ἂν
745 3350 843 3420 τὴν
886 3351 1014 3422 περὶ
1053 3351 1240 3404 τούτου
1274 3351 1476 3419 γνῶσιν
1514 3354 1919 3426 ἀπεσιώπησεν.

352 3439 462 3492 Νῦν
490 3440 548 3493 δὲ
591 3439 668 3510 τῷ
694 3441 859 3511 μηδὲν
886 3442 1012 3512 περὶ
1044 3443 1144 3514 τῆς
1176 3445 1362 3506 οὐσίας
1389 3446 1582 3508 εἰπεῖν,
1619 3445 1818 3513 ἔδειξεν
1843 3449 1924 3501 ὅτι

355 3531 562 3602 ἐκείνης
592 3531 690 3601 μὲν
717 3534 750 3602 ἡ
781 3533 978 3600 γνῶσις
1011 3535 1290 3606 ἀμήχανος
1309 3551 1324 3566 ο
1363 3536 1391 3588 ὃ
1422 3536 1478 3589 δὲ
1505 3537 1788 3609 χωροῦμεν
1825 3557 1925 3610 μα-

353 3622 554 3687 θόντες,
581 3623 732 3677 οὐδὲν
759 3624 849 3677 τοῦ
877 3627 1160 3696 ἀχωρήτου
1182 3627 1410 3697 δεόμεθα
1432 3645 1446 3658 ο
1482 3629 1755 3699 ἀρκοῦσαν
1784 3631 1932 3700 ἕχον-

354 3727 441 3774 τες
478 3713 614 3784 πρὸς
649 3714 746 3784 τὴν
781 3717 1055 3785 σωτηρίαν
1095 3717 1251 3786 ἡμῶν
1281 3717 1380 3787 τῆς
1415 3719 1812 3790 παραδοθείσης
1851 3721 1933 3775 διη-

354 3803 648 3868 δασκαλίας
690 3806 789 3876 τὴν
839 3807 1042 3860 πίστιν.
1094 3809 1166 3860 Τὸ
1200 3809 1309 3878 γὰρ
1363 3810 1552 3879 μαθεῖν
1605 3812 1684 3864 ὅτι
1731 3815 1934 3880 ἐκεῖνός

356 3896 467 3948 ἐστι
497 3897 558 3948 τὸ
586 3898 756 3960 ὅντως
783 3897 842 3950 δν
872 3916 885 3930 υ
915 3891 958 3966 ᾧ
985 3898 1071 3951 διὰ
1111 3898 1208 3969 τῆς
1246 3901 1498 3971 σχετικῆς
1533 3903 1740 3968 ἐννοίας
1777 3908 1810 3976 ἡ
1839 3907 1933 3960 τοῦ

358 3986 486 4039 Υἱοῦ
516 3988 868 4058 μεγαλειότης
907 3989 1378 4058 συναναφαίνεται.
1432 3991 1465 4061 ἡ
1514 3991 1820 4066 τελειοτάτη
1855 3996 1932 4050 δι-

354 4076 616 4131 δασκαλία
647 4078 746 4148 τῆς
785 4079 1063 4142 εὐσεϐείας
1097 4081 1231 4143 ἐστὶ,
1265 4079 1359 4133 τοῦ
1393 4081 1545 4143 Υἱοῦ,
1577 4070 1756 4148 καθὼς
1785 4086 1934 4158 εἴρη-

356 4185 463 4233 ται,
503 4168 863 4238 συνημμένως
909 4169 1026 4239 μεθ’
1061 4169 1253 4223 ἑαυτοῦ
1284 4171 1342 4224 τὸ
1375 4173 1597 4243 Πνεῦμα
1642 4173 1742 4243 τῆς
1788 4176 1932 4248 ζωῆς

355 4274 413 4311 τε
445 4260 537 4312 καὶ
569 4260 819 4329 ἀληθινὸν
843 4260 1342 4333 συνενδεικνυμένου
1367 4279 1380 4294 ·
1414 4265 1598 4335 ἐπειδὴ
1630 4267 1791 4332 αὐτός
1815 4271 1930 4322 ἐστι

359 4350 456 4408 καὶ,
479 4350 593 4422 ζωὴ
619 4351 715 4404 καὶ
745 4352 990 4423 ἀλήθεια.

2017 1881 2376 1953 nomen,quod
2400 1893 2547 1938 esset
2581 1884 2632 1938 id
2669 1900 2864 1939 nomen
2907 1902 3014 1940 non
3050 1884 3278 1938 addidit.
3316 1885 3601 1949 Quomodo

2017 1977 2161 2032 enim
2195 1977 2431 2030 inveniri
2482 1985 2670 2046 pOSSct
2706 1993 2901 2031 nomen
2933 1977 2980 2031 ei
3021 1976 3096 2030 rei
3135 1987 3319 2046 aptum
3352 1994 3471 2046 qua:
3504 1993 3601 2030 no-

2019 2085 2140 2123 men
2177 2083 2336 2122 omne
2360 2068 2694 2136 exsuperat?
2728 2067 2821 2122 sed
2863 2075 3183 2136 potestatem
3227 2066 3375 2130 fecit,
3416 2076 3471 2120 ut
3498 2083 3598 2138 pro

2018 2169 2177 2230 captu
2210 2177 2310 2215 suo
2359 2161 2713 2232 intelligentia
2756 2171 2966 2222 nostra,
3004 2163 3088 2231 pie
3121 2171 3415 2226 connnota,
3447 2163 3601 2218 inve-

2019 2256 2160 2308 niret
2201 2253 2419 2323 aliquod
2449 2270 2666 2318 nomen,
2712 2255 2858 2324 quod
2898 2257 3392 2326 supereminentetn
3442 2265 3605 2310 natu-

2019 2360 2136 2398 ram
2167 2343 2484 2398 ostenderet
2519 2359 2532 2395 :
2582 2344 2824 2413 illudque
2851 2345 3103 2400 similiter
3142 2349 3602 2412 accommodaret,

2018 2445 2072 2492 et
2109 2435 2275 2499 Patri,
2311 2445 2364 2490 et
2403 2434 2559 2501 Filio,
2602 2445 2654 2490 et
2686 2437 2914 2506 Spiritui
2949 2447 3176 2503 sancto;
3235 2439 3348 2493 sive
3399 2440 3601 2494 bonum

2021 2530 2136 2583 sive
2169 2527 2583 2598 incorruptibile
2623 2528 2850 2594 diceret,
2899 2529 2982 2584 vel
3026 2529 3172 2599 quod
3225 2531 3605 2602 unusquisque

2020 2622 2413 2676 existimaverit
2461 2620 2683 2690 dignum
2727 2637 2852 2676 esse
2905 2636 3187 2676 assmuere
3243 2623 3312 2676 ad
3374 2623 3605 2678 innuer—

2021 2713 2148 2768 talis
2208 2723 2263 2767 et
2322 2719 2537 2766 aeternae
2588 2719 2797 2764 natura:
2831 2710 3378 2765 demonstrationem.
3429 2712 3606 2782 Atque

2021 2803 2127 2858 hoc
2180 2803 2312 2857 mihi
2371 2802 2584 2856 videtur
2638 2801 2942 2856 secundum
3008 2801 3149 2853 hanc
3211 2801 3603 2869 expositionem

2026 2893 2261 2951 Verbum
2293 2894 2408 2965 lege
2453 2895 2722 2958 sanxisse;
2779 2909 2976 2963 nempe
3021 2902 3077 2946 ut
3124 2892 3480 2962 persuaderet
3522 2893 3608 2950 di-

2024 2984 2206 3037 vinam
2239 2987 2530 3040 essentiam
2575 2985 2703 3056 quid
2738 3001 2860 3040 esse
2904 2982 3200 3047 ineffabile,
3237 3001 3344 3039 non
3385 3001 3610 3039 enarra-

2027 3078 2135 3133 bile
2186 3085 2238 3133 ct
2296 3077 2863 3146 incomprehensibile.
2898 3075 3256 3146 Perspicuum
3309 3087 3393 3130 est
3437 3078 3608 3141 enim,

2030 3171 2173 3240 quod
2193 3170 2366 3224 Patris
2386 3170 2672 3240 appellatio
2720 3183 2828 3221 non
2846 3174 2928 3222 est
2959 3169 3207 3222 essentia:
3230 3168 3610 3238 signiﬁcatrix,

2031 3263 2126 3317 sed
2181 3262 2464 3317 relationis
2502 3262 2568 3315 ad
2611 3259 2804 3313 Filium
2848 3258 3033 3314 index.
3084 3257 3140 3312 Si
3184 3258 3348 3328 igitur
3405 3268 3613 3316 natura:

2029 3356 2282 3410 humanae
2313 3355 2391 3411 l'as
2419 3363 2566 3410 esset
2611 3354 2704 3409 Dei
2746 3352 3042 3409 essentiam
3088 3351 3275 3406 doceri
3327 3360 3377 3407 et
3430 3355 3612 3422 perci-

2031 3461 2191 3516 pere;
2229 3447 2318 3500 ille
2363 3447 2455 3514 qui
2483 3444 2590 3499 vult
2613 3461 2788 3498 omnes
2825 3443 2998 3497 salvos
3029 3441 3165 3510 ﬁeri,
3202 3451 3250 3495 et
3284 3441 3352 3495 ad
3381 3445 3613 3498 veritatis

2031 3538 2348 3607 agnitionem
2387 3538 2557 3590 venire
2580 3536 2647 3601 ⁸³,
2703 3552 2809 3590 non
2842 3536 2907 3590 de
2939 3536 3042 3590 hoc
3079 3534 3452 3604 cognitionem
3485 3536 3615 3590 reti-

2033 3631 2268 3685 cuisset:
2295 3644 2441 3682 nunc
2480 3638 2656 3682 autem
2697 3643 2820 3682 cum
2859 3627 2995 3682 nihil
3024 3626 3090 3681 de
3125 3628 3364 3682 essentia
3391 3627 3612 3687 dixerit,

2034 3719 2274 3774 ostendit
2326 3718 2473 3788 quod
2531 3718 2623 3772 illa
2672 3717 2916 3788 cognitio
2969 3717 3159 3772 haberi
3197 3717 3346 3770 nulla
3399 3717 3616 3771 solertia

2034 3809 2231 3880 possit.
2254 3807 2410 3875 Quod
2435 3819 2613 3862 autem
2640 3807 2708 3860 ab
2736 3806 2829 3860 illo
2851 3805 3028 3861 edocti
3052 3815 3232 3861 mente
3260 3807 3614 3877 percipimus,

2035 3903 2375 3959 demonstrat
2435 3901 2577 3972 quod
2641 3915 2705 3954 eo
2755 3898 2900 3968 quod
2943 3899 3332 3968 comprehendi
3392 3899 3620 3952 minime

2036 4004 2215 4066 potest
2257 4009 2364 4049 non
2410 4007 2674 4063 egemus;
2711 3989 3066 4046 sulﬁcientem
3118 3991 3184 4044 ad
3236 3991 3468 4044 salutem
3517 4006 3619 4043 no—

2037 4097 2205 4143 stram
2240 4087 2502 4140 habentes
2555 4083 2766 4138 tradita:
2797 4081 3062 4136 doctrinae
3093 4081 3273 4135 ﬁdem.
3308 4081 3442 4132 Nam
3474 4080 3612 4134 ineo

2037 4177 2180 4249 quod
2206 4177 2471 4232 discimus
2502 4175 2646 4244 quod
2697 4174 2787 4228 ille
2829 4182 2912 4227 est
2949 4175 2998 4226 id
3031 4173 3176 4242 quod
3207 4188 3332 4226 vere
3358 4182 3464 4234 est,
3511 4189 3622 4241 quo

2035 4272 2256 4327 nomine
2291 4270 2453 4323 etiam
2483 4267 2604 4320 Filii
2643 4266 3043 4336 magniﬁcentia
3084 4282 3177 4332 per
3201 4265 3480 4318 relativam
3522 4279 3623 4319 no-

2035 4365 2209 4419 titiam
2250 4359 2580 4421 ostenditur,
2631 4357 3031 4428 perfectissima
3077 4355 3375 4425 Religionis
3421 4365 3624 4410 nostra:

357 4442 604 4500 doctrina
641 4453 748 4510 est,
777 4462 900 4502 cum
945 4447 1087 4503 sicut
1116 4447 1227 4518 jam
1261 4463 1427 4518 supra
1491 4451 1700 4507 dictum
1743 4467 1849 4522 est,
1918 4458 2089 4518 Filius
2149 4456 2483 4528 coniunctim
2525 4461 2579 4507 et
2614 4467 2721 4505 una
2783 4467 2905 4506 cum
2952 4451 3069 4520 ipso
3118 4448 3356 4520 Spiritus
3402 4449 3524 4503 vitae
3569 4455 3625 4502 ct

362 4537 602 4593 veritatis
637 4547 1096 4596 commonstretur
1125 4557 1137 4592 :
1170 4541 1436 4608 siquidem
1491 4543 1608 4612 ipse
1631 4554 1716 4600 est
1748 4550 1860 4603 vita“
1889 4561 1942 4607 et
1978 4555 2202 4608 veritas.

429 4633 644 4688 Τούτων
685 4633 827 4687 οὕτω
861 4634 1221 4706 διῃρημένων,
1261 4638 1438 4689 πᾶσαν
1479 4641 1757 4719 αἱρετικὴν
1800 4646 1931 4698 ὑπό-
1963 4653 2005 4706 ι)

361 4724 520 4795 ληψιν
552 4728 611 4779 ἐν
649 4729 758 4788 τοῖς
795 4725 957 4788 θείοις
994 4727 1256 4795 δόγμασιν
1296 4728 1802 4798 ἀναθεματίζοντες,
1845 4753 1936 4790 πι-

364 4813 856 4884 στεύομεν,καθὼς
899 4814 1252 4886 ἐδιδάχθημεν
1291 4817 1394 4869 ὑπὸ
1443 4818 1543 4888 τῆς
1587 4821 1678 4873 τοῦ
1733 4825 1934 4896 Κυρίου

364 4906 562 4975 φωνῆς,
609 4906 688 4968 εί,
731 4905 792 4956 τὸ
833 4905 1002 4975 ὄνομα
1037 4905 1130 4958 τοῦ
1174 4908 1383 4978 Πατρδς
1418 4909 1511 4961 καὶ
1553 4910 1645 4963 τοῦ
1686 4912 1814 4966 Υἱοῦ
1843 4915 1938 4968 καὶ

362 4996 454 5048 τοῦ
495 4997 648 5064 ἁγίου
693 4997 1008 5068 Πνεύματος
1039 5015 1052 5027 ο
1105 4999 1492 5069 ὁμολογοῦντες
1526 5004 1662 5072 μετὰ
1695 5006 1795 5076 τῆς
1848 5008 1938 5060 πί-

366 5103 532 5152 στεως
557 5087 777 5158 ταύτης.
805 5090 897 5144 καὶ
922 5090 1019 5160 τὴν
1043 5091 1341 5161 γενομένην
1374 5093 1522 5162 παρὰ
1547 5095 1641 5147 τοῦ.
1669 5099 1937 5152 Δεσπότου

364 5181 458 5252 τῆς
496 5182 725 5244 κτίσεως
772 5182 909 5252 ὑπὲρ
948 5183 1056 5236 τῶν
1095 5183 1398 5255 ἀνθρώπων
1431 5186 1738 5256 οἰκονομίαν
1771 5207 1784 5219 ’
1839 5192 1944 5254 Ὃς

363 5275 432 5326 ἐν
451 5272 653 5343 μορφῇ
687 5275 833 5328 Θεοῦ
863 5274 1166 5343 ὑπάρχων,
1193 5278 1305 5344 οὐχ
1339 5276 1648 5346 ἁρπαγμὸν
1681 5280 1945 5348 ἡγήσατο

366 5365 431 5417 τὸ
458 5361 610 5418 εἶναι
647 5361 752 5420 ἶσα
787 5364 908 5429 θεῷ
929 5409 942 5429 ,
975 5367 1108 5420 ἀλλ’
1156 5366 1375 5421 ἑαυτόν
1408 5367 1666 5421 ἐκένωσε
1706 5371 1947 5440 μορφὴν

366 5455 590 5512 δαύλου
612 5455 813 5512 λαϐών
837 5474 850 5488 ·
882 5458 978 5510 καὶ
1008 5459 1308 5526 σαρκωθεὶς
1331 5460 1388 5512 ἐν
1417 5462 1480 5531 τῇ
1505 5460 1631 5531 ἁγία
1664 5462 1944 5533 Παρθένῳ,

369 5548 710 5621 ἐλυτρώσατο
741 5551 886 5619 ἡμᾶς
909 5551 972 5602 ἐκ
998 5549 1092 5601 τοῦ
1124 5549 1353 5604 θανάτου
1374 5569 1386 5582 ο
1426 5553 1482 5605 ὲν
1514 5548 1558 5621 ᾧ
1590 5556 1950 5626 κατειχόμεθα

442 5733 491 5768 θ’
526 5731 542 5786 Ι
579 5730 820 5786 Titnotli.
865 5745 922 5793 ll,
963 5731 1014 5784 4.
1093 5732 1135 5762 ⁵⁸
1166 5729 1396 5792 Philipp.
1427 5750 1482 5795 ll,
1517 5736 1566 5788 li.

2104 4648 2202 4703 llis
2232 4647 2416 4716 itaque
2446 4642 2527 4697 sic
2568 4639 2843 4695 distinctis
2883 4652 3098 4692 omnem
3143 4634 3456 4692 liazreticam
3501 4636 3615 4704 epi-

2041 4741 2263 4795 nionem
2307 4738 2362 4790 in
2409 4733 2610 4790 divinis
2665 4730 2900 4786 decretis
2945 4729 3280 4784 detestantes
3323 4728 3622 4794 credimus,

2044 4830 2187 4885 sicut
2218 4842 2247 4880 a
2279 4824 2491 4880 Domini
2521 4837 2649 4877 voce
2671 4820 2813 4874 docti
2839 4819 3061 4884 fuimus,
3097 4821 3149 4872 in
3195 4834 3392 4873 nomen
3420 4817 3624 4884 Patris,

2043 4923 2096 4970 et
2135 4913 2279 4979 Filii,
2324 4921 2378 4966 et
2422 4911 2660 4980 Spiritus
2701 4909 2920 4964 sancti:
2980 4909 3303 4966 conﬁtentes
3352 4925 3476 4962 cum
3526 4909 3627 4962 liae

2045 5006 2148 5062 ﬁde
2193 5004 2388 5058 factam
2422 5018 2450 5056 a
2478 5002 2704 5056 Domino
2741 5008 3008 5055 creatura:
3046 5017 3141 5070 pro
3171 5001 3482 5056 hominibus
3515 5001 3627 5053 dis-

2051 5098 2454 5169 pensationem,
2487 5093 2592 5160 Qui
2640 5109 2757 5146 cum
2800 5092 2854 5144 in
2889 5092 3064 5161 [arma
3098 5093 3190 5147 Dei
3216 5102 3370 5158 esset,
3402 5107 3505 5143 non
3541 5106 3628 5142 ra-

2051 5193 2230 5258 pinam
2270 5189 2560 5242 arbitratus
2591 5195 2666 5239 est
2706 5201 2891 5243 essese
2930 5185 3182 5255 tt’qttalem
3231 5184 3355 5242 Deo,
3407 5179 3495 5233 sed
3548 5195 3628 5232 se-

2054 5283 2334 5352 metipsum
2400 5279 2732 5343 exinanirit,
2791 5278 3019 5346 formant
3074 5275 3208 5329 servi
3256 5270 3516 5335 accipiens
3557 5268 3626 5329 “,

2054 5374 2303 5444 atquein
2333 5380 2521 5428 sancta
2572 5371 2794 5442 Virgine
2833 5371 3146 5423 incarnatus
3191 5379 3253 5416 ex
3307 5367 3481 5413 morte
3528 5375 3630 5416 nos

2052 5466 2302 5531 redemit,
2327 5466 2504 5535 inqua
2530 5463 2907 5518 delinebamur
2929 5459 3034 5511 sub
3057 5461 3279 5523 peccato
3312 5450 3626 5516 venundati,

2059 5559 2198 5615 dans
2246 5558 2699 5630 permutationem
2770 5551 2886 5607 sive
2944 5546 3177 5616 pretium
3239 5541 3629 5614 redemptionis
