4064 6146
421 346 530 403 vis
609 415 615 420 η

430 567 589 624 quem
639 565 732 618 per
771 561 988 600 crucem
1047 540 1258 604 eﬂ'udit,
1311 555 1375 592 ac
1421 552 1515 606 per
1559 551 1618 589 se
1666 532 1821 586 nobis
1860 528 2003 580 viam

431 623 624 699 stravit
649 639 712 692 ad
743 634 1223 692 resurrectionem.
1267 629 1459 683 Veniet
1480 625 1624 680 enim
1654 623 1771 678 suis
1803 630 2009 686 tempo-

431 733 586 787 ribus
626 732 682 783 in
724 727 896 799 gloria
932 725 1109 778 Patris
1149 718 1366 777 omnem
1412 717 1650 771 animam
1696 714 1753 765 in
1797 708 2011 780 justitia

429 825 825 896 jndicaturus:
872 816 1092 888 quando
1145 827 1335 867 omnes
1387 809 1481 878 qui
1541 809 1594 860 in
1645 799 2012 858 monumentis

439 889 568 970 sum
623 911 844 965 audient
893 921 1077 961 vocem
1127 904 1267 972 ejus,
1305 908 1359 954 et
1398 896 1691 968 prodibunt
1729 891 1820 961 qui
1875 889 2015 942 bona

439 1004 723 1076 egerintin
749 999 1210 1055 resurrectionem
1257 996 1401 1054 vitm,
1435 989 1526 1059 qui
1580 1001 1709 1040 vero
1756 982 1918 1043 mala,
1960 979 2014 1031 in

445 1094 904 1150 resurrectionem
963 1088 1152 1158 judicii
1207 1085 1274 1137 ".
1338 1083 1518 1147 Quare
1568 1093 1635 1132 ne
1686 1076 1739 1128 in
1783 1073 2017 1142 aliquem

441 1187 837 1254 simpliciorum
862 1180 1197 1247 inexplorate
1223 1174 1412 1241 illapsa
1437 1167 1691 1224 haeretica
1722 1161 2018 1223 discordia,

442 1294 563 1348 qua:
625 1289 769 1330 nunc
827 1273 894 1325 ab
953 1267 1218 1323 Eunomio
1268 1262 1698 1322 disseminatur,
1753 1255 2020 1308 sinceram

445 1371 604 1424 fidem
636 1377 688 1420 ct
719 1363 1024 1419 doctrinam
1061 1358 1221 1413 laedat
1258 1364 1312 1409 et
1347 1355 1629 1422 depravet,
1661 1349 2024 1416 proponeutes

446 1458 842 1530 expositionem
875 1469 996 1523 qua:
1034 1451 1101 1504 ab
1131 1448 1266 1517 ipsis
1312 1441 1720 1500 circumfertur,
1756 1429 2026 1504 dogmatis

449 1555 694 1622 ipsorum
733 1546 1054 1618 pravitatem
1084 1540 1411 1608 redarguere
1433 1532 1779 1588 conabimur.

531 1793 624 1846 Sic
655 1789 818 1858 igitur
850 1783 1052 1837 habent
1109 1775 1273 1830 verba
1321 1767 1630 1840 dogmatis:
1661 1761 1937 1818 Credimus
1976 1757 2030 1808 iu
2066 1762 2106 1818 Β

468 1899 631 1939 unum
652 1890 697 1934 et
726 1879 897 1931 solum
925 1886 1099 1926 verum
1135 1867 1296 1921 Deum
1322 1858 1602 1916 secundum
1632 1855 1794 1922 ipsius
1821 1847 2034 1902 Domini

455 1974 774 2033 doctrinam,
811 1983 913 2020 non
942 1962 1158 2016 mentita
1194 1973 1313 2010 uoce
1342 1955 1511 2022 ipsum
1536 1947 1757 2002 colentes
1784 1955 1874 2010 test
1899 1943 2037 1996 enim

459 2067 628 2123 munis
656 2059 910 2115 mendacii
941 2053 1170 2121 expers),
1202 2047 1290 2100 sed
1325 2060 1442 2098 eum
1475 2043 1563 2112 qui
1585 2054 1696 2093 uere
1725 2045 1802 2089 est
1843 2044 2036 2086 natura

457 2173 506 2216 et
527 2159 718 2228 gloria,
750 2153 883 2205 Deus
924 2163 1080 2208 unus,
1116 2143 1308 2209 absque
1347 2135 1630 2207 principio,
1672 2140 1882 2188 a'tcrue,
1927 2127 2042 2179 sine

465 2225 588 2322 ﬁne,
622 2248 785 2301 solus.
842 2241 943 2306 Qui
990 2235 1289 2291 secundum
1325 2227 1537 2283 Domini
1581 2225 1884 2277 doctrinam
1920 2234 2043 2272 cre-

461 2315 590 2398 dere
626 2333 898 2408 promisit,
933 2329 1296 2397 ne'pcrvertat
1332 2320 1529 2373 factam
1555 2317 1622 2369 ab
1661 2315 2042 2368 universorum

468 2401 698 2486 Domino
739 2423 861 2478 ﬁdei
910 2417 1328 2489 expositionem,
1383 2408 1450 2462 ad
1497 2407 1548 2462 id
1601 2405 1746 2474 quod
1788 2403 1893 2459 sibi
1942 2401 2044 2471 ipsi

467 2525 702 2584 videtur,
747 2516 839 2571 sed
882 2511 1110 2566 vocibus
1150 2521 1178 2560 a
1210 2505 1438 2559 veritate
1486 2497 1745 2570 profectis
1776 2493 2049 2550 assentia-

468 2625 578 2668 tur.
613 2612 729 2665 Illic
767 2607 932 2677 igitur
958 2617 1080 2655 eum
1112 2597 1332 2652 verbum
1366 2592 1487 2646 ﬁdei
1511 2590 1905 2658 complectatur
1952 2601 2050 2638 no-

473 2721 592 2759 men
623 2700 822 2760 Patris,
856 2705 910 2750 et
933 2693 1080 2754 Filii,
1112 2697 1167 2744 ct
1204 2687 1442 2756 Spiritus
1477 2683 1676 2746 sancti,
1712 2694 1874 2749 quam
1916 2691 2051 2730 con-

476 2794 783 2850 sonantiam
817 2788 1018 2840 habent
1043 2799 1106 2838 ca
1136 2795 1258 2851 qua:
1285 2793 1428 2832 nunc
1455 2787 1582 2833 sunt
1605 2772 1903 2842 composita
1928 2783 2052 2823 cum

479 2884 694 2942 Domini
734 2899 782 2934 γι
805 2881 985 2939 cibus,
1017 2884 1077 2930 ut
1101 2874 1166 2927 ad
1199 2873 1416 2926 illorum
1451 2868 1755 2923 doctrinam
1793 2863 1900 2917 tale
1917 2862 2054 2931 dog-

480 2996 566 3034 nia
583 2976 752 3047 possit
777 2970 968 3047 referri
991 2968 1014 3020 ?
1035 2967 1265 3022 Ubinam
1293 2964 1429 3019 dixit
1458 2961 1720 3014 Dominus
1740 2957 1792 3009 in
1817 2954 2058 3023 Evange-

482 3071 572 3125 liis
594 3072 846 3137 Oportere
869 3045 1091 3115 credere
1117 3059 1170 3111 in
1197 3070 1366 3110 unum
1391 3062 1439 3108 et
1460 3053 1633 3108 solum
1655 3064 1840 3104 verum
1860 3044 2060 3099 Deum?

484 3161 604 3214 Non
624 3161 848 3228 possent
877 3151 1167 3206 ostendere
1183 3147 1286 3202 nisi
1325 3143 1680 3212 habeantipsi
1721 3153 1920 3193 novum
1964 3136 2060 3188 ali-

485 3269 516 3321 q
530 3225 1018 3316 uod‘Evaugelium.
1037 3239 1166 3304 Qum
1184 3238 1328 3292 enim
1349 3236 1414 3288 ab
1435 3233 1675 3301 antiquis
1692 3245 1785 3298 per
1819 3225 2068 3280 traditio-

487 3358 609 3397 nem
645 3338 711 3392 ad
746 3339 860 3390 ha-c
899 3349 1072 3403 usque
1126 3338 1374 3396 tempora
1424 3325 1477 3376 in
1507 3321 1763 3375 Ecclesiis
1794 3320 2069 3386 leguntur,

489 3436 631 3488 hanc
681 3444 868 3484 vocem
911 3441 1016 3478 non
1041 3420 1345 3478 continent,
1368 3429 1487 3482 qua‘.
1505 3412 1649 3465 dicat
1666 3417 1936 3480 oportere,
1956 3422 2075 3460 cre-

491 3527 622 3580 dere
656 3522 736 3574 vel
759 3517 1034 3586 baptizare
1070 3514 1122 3564 in
1158 3523 1324 3561 unum
1366 3511 1419 3559 et
1443 3504 1616 3558 solum
1653 3517 1841 3554 verum
1887 3500 2074 3561 Deum,

494 3610 951 3686 quemadmodum
971 3605 1057 3658 isti
1075 3608 1379 3660 autumant,
1398 3597 1490 3651 sed
1526 3596 1578 3649 in
1601 3610 1796 3647 nomen
1811 3592 2006 3656 Patris,
2025 3597 2078 3644 et

498 3679 646 3769 P‘ilii,
679 3712 730 3756 et
762 3697 1002 3768 Spiritus
1032 3691 1230 3748 sancti.
1262 3687 1373 3742 Nos
1410 3695 1589 3740 autem
1627 3684 1771 3739 sicut
1824 3696 1851 3732 a
1898 3679 2080 3734 Domi-

505 3797 558 3851 ni
587 3809 721 3848 voce
763 3789 939 3843 rdOt-li
975 3785 1208 3849 fuimus,
1242 3782 1346 3835 hoc
1384 3777 1682 3834 asserimus
1732 3774 1875 3844 quod
1921 3788 2083 3824 unum

504 3904 612 3943 non
648 3885 858 3938 Patrem
903 3877 1172 3948 significat
1210 3875 1409 3936 solum,
1435 3869 1532 3924 sed
1560 3869 1722 3923 etiam
1760 3865 1961 3918 Filium
2007 3864 2084 3918 si-

506 3978 619 4034 mul
654 3991 776 4029 cum
816 3973 974 4025 Patre
1012 3969 1375 4027 demonstrat,
1424 3977 1548 4016 cum
1598 3963 1677 4014 sic
1725 3959 1860 4011 dixit
1913 3955 2090 4010 Domi-

510 4085 636 4130 nus,
670 4065 780 4135 Ego
804 4073 850 4117 et
887 4063 1046 4113 Pater
1085 4074 1245 4110 unum
1305 4070 1487 4106 sumus
1542 4051 1608 4102 “.
1667 4049 1978 4115 Quinetiam
2036 4054 2089 4101 et

507 4160 727 4214 deitatis
768 4153 1058 4224 appellatio
1105 4147 1390 4217 a3qualiter
1437 4143 1691 4214 imposita
1726 4149 1893 4195 estet
1943 4139 2092 4208 prin-

508 4252 675 4321 cipio,
705 4251 755 4302 in
781 4262 888 4316 quo
921 4253 1037 4298 erat
1063 4241 1326 4302 Verbum,
1367 4247 1418 4291 et
1453 4237 1554 4306 ipsi
1596 4234 1772 4288 Verbo
1797 4231 1941 4299 quod
1977 4239 2094 4284 erat

513 4346 565 4397 in
601 4339 887 4412 principio.
932 4335 1073 4388 Dixit
1109 4333 1252 4387 enim
1289 4329 1436 4400 quod
1491 4327 1654 4382 etiam
1709 4323 1929 4377 Verbum
1979 4330 2093 4374 erat

519 4431 658 4500 apud
687 4430 854 4483 Deum
887 4428 928 4457 ⁸⁷
959 4467 973 4490 ,
1007 4434 1059 4478 et
1081 4423 1225 4494 quod
1252 4420 1390 4474 Deus
1410 4427 1525 4473 erat
1568 4416 1813 4470 Verbum.
1853 4413 1924 4465 Ita
1955 4420 2011 4464 ut
2040 4413 2092 4464 in

1651 322 1708 375 S.
1741 312 2067 373 GREGORII
2092 308 2382 366 NYSSE'NI

427 457 732 520 animarun’i
768 462 1076 511 nostrarum
1125 465 1282 504 suum
1322 445 1620 516 pretiosum
1649 438 1993 509 sanguinem,
2030 437 2064 492 Α

2166 432 2211 485 τὸ
2251 430 2363 499 ’τῆς
2417 425 2689 496 ἁμαρτίας
2737 418 3110 491 πεπραμένοιι

3564 286 3665 341 476

3175 412 3293 475 δοὺς
3325 410 3678 480 ἀντάλλαγμα

2110 523 2209 590 τῆς
2251 518 2570 590 λυτρώσεως
2599 515 2707 567 τῶν
2757 510 2942 582 ψυχῶν
2973 507 3148 578 ἡμῶν,
3193 505 3254 558 τὸ
3297 505 3475 574 τίμιον
3514 501 3678 556 αὑτοῦ

2111 607 2268 681 αἷμα,
2296 611 2324 662 ὃ
2351 608 2528 678 ἐξέχεε
2559 606 2645 658 διά
2676 603 2769 656 τοῦ
2794 599 3025 669 σταυροῦ
3047 615 3058 628 ⁸
3092 597 3182 650 καὶ
3209 595 3528 664 όδοποιήσας
3547 595 3681 662 ἡμῖν

2112 703 2179 756 δι’
2212 698 2404 754 ἑαυτοῦ
2432 699 2531 769 τὴν
2569 697 2633 747 ὲκ
2662 692 2869 763 νεκρῶν
2909 691 3236 743 ἀνάστασιν·
3270 686 3388 754 ἥξει
3419 685 3529 754 γάρ
3561 700 3687 736 και-

2116 795 2227 864 ροῖς
2258 791 2406 852 ἰδίοις
2429 791 2485 840 ὲν
2514 789 2578 856 τῇ
2600 783 2726 856 δόξῃ
2745 782 2837 834 τοῦ
2867 778 3078 850 Πατρὸς
3103 780 3282 847 κρῖναι
3312 777 3490 828 πᾶσαν
3509 772 3689 844 ψυχὴν

2115 886 2173 936 ὲν
2218 877 2570 949 δικαιοσύνῃ’
2623 877 2710 928 ὅτε
2772 873 2970 932 πάντες
3031 871 3078 921 οἱ
3129 871 3186 920 ὲν
3231 870 3342 928 τοῖς
3403 865 3692 935 μνημείοις

2117 973 2437 1027 ἀκούσονται
2482 967 2581 1036 τῆς
2620 965 2802 1035 φωνῆς
2831 961 2993 1015 αὐτοῦ
3029 977 3043 990 ·
3095 959 3186 1012 καὶ
3230 957 3596 1024 ἐξελεύσονται
3640 955 3694 1007 οἱ

2124 1066 2219 1136 μὲν
2249 1063 2316 1115 τὰ
2341 1060 2516 1129 ἀγαθά
2547 1059 2871 1127 ποιήσαντες
2904 1056 2983 1115 εἰς
3019 1052 3310 1105 ἀνάστασιν
3339 1050 3482 1120 ζωῆς
3505 1066 3519 1079 ·
3556 1049 3605 1100 oi
3635 1047 3697 1100 δὲ

2120 1155 2187 1207 τά
2214 1151 2392 1222 φαῦλα
2421 1150 2743 1221 πράξαντες,
2777 1147 2854 1208 εἰς
2899 1144 3191 1198 ἀνάστασιν
3217 1141 3468 1206 κρίσεως.
3513 1140 3602 1201 Ὠς
3629 1138 3701 1192 ἂν

2127 1245 2261 1317 μηδέ
2303 1261 2407 1296 τινι
2437 1241 2545 1295 τῶν
2593 1237 2972 1308 ἁπλουστέρων
3006 1233 3374 1298 ἀνεξετάστως
3407 1248 3699 1302 παρεμπε-

2127 1335 2294 1388 σοῦσα
2323 1336 2357 1404 ἡ
2386 1331 2634 1402 αἱρετικὴ
2660 1329 2906 1399 διαφορὰ,
2947 1329 2979 1398 ἡ
3009 1325 3102 1379 νῦν
3129 1325 3278 1395 παρὰ
3305 1321 3396 1375 τοῦ
3432 1322 3701 1391 Εὑνομίου

2125 1425 2544 1496 διασπειρομένη
2570 1465 2584 1488 ,
2637 1423 2853 1493 βλάψειε
2897 1420 2995 1490 τὴν
3044 1419 3334 1490 ἀκέραιον,
3391 1413 3706 1482 ἀναγκαίως

2131 1518 2508 1589 προστιθέντες
2568 1515 2665 1586 τὴν
2718 1510 3154 1585 περιφερομένην
3207 1511 3335 1581 παρ’
3388 1508 3565 1561 αὐτῶν
3608 1506 3713 1559 Er.-

2131 1610 2300 1672 θεσιν,
2332 1608 2598 1677 διελέγξαι
2626 1607 2722 1678 τὴν
2750 1605 2946 1659 κακίαν
2973 1603 3064 1656 τοῦ
3093 1603 3357 1673 δόγματος
3385 1600 3562 1652 αὐτῶν
3595 1615 3714 1650 πει-

2138 1701 2436 1770 ρασόμεθα.

2216 1793 2368 1860 Ἔχει
2401 1790 2580 1842 τοίνυν
2607 1790 2639 1857 ἡ
2670 1785 2814 1850 λέξις
2837 1783 2927 1837 τοῦ
2955 1784 3238 1852 δόγματος,
3273 1780 3414 1832 οὓτω
3432 1797 3445 1811 ·
3465 1779 3718 1832 Πιστεύ-

2147 1897 2295 1949 ομεν
2321 1881 2406 1944 εις
2429 1879 2532 1930 τὸν
2556 1877 2663 1930 ἕνα
2695 1876 2791 1928 καί
2824 1875 3016 1943 μόνον
3061 1869 3351 1938 ἀληθινόν
3389 1869 3537 1923 Θεὸν
3565 1867 3721 1920 κατὰ

2146 1971 2260 2038 τὴν
2288 1969 2475 2023 αὐτοῦ
2508 1968 2614 2022 τοῦ
2647 1968 2865 2034 Κυρίου
2911 1963 3311 2018 διδασκαλίαν
3331 1979 3345 1992 ο
3394 1963 3504 2014 οὐκ
3539 1962 3723 2027 ἐψευ-

2147 2062 2339 2131 σμέινη
2372 2057 2541 2129 φωνῇ
2566 2059 2845 2126 τιμῶντες
2869 2057 3054 2110 αὐτόν
3071 2069 3084 2082 °
3120 2055 3251 2108 ἐστι
3276 2052 3385 2122 γὰρ
3411 2049 3686 2118 ἀψευδής
3704 2064 3723 2078 ·

2149 2155 2286 2208 ἀλλ’
2325 2153 2509 2218 ὅντως
2551 2151 2694 2203 ὄντα
2728 2151 2906 2217 φύσει
2941 2163 3006 2200 τε
3054 2145 3153 2198 καὶ
3194 2143 3342 2211 δόξῃ
3399 2142 3547 2196 Θεὸν
3591 2140 3724 2201 ἕνα,

2149 2245 2444 2314 ἁνάρχως,
2489 2242 2710 2306 ἀϊδίως,
2754 2237 3178 2303 ἀτελευτήτως,
3220 2236 3430 2303 μόνον.
3487 2233 3544 2284 Ὀ
3587 2233 3734 2285 κατὰ

2151 2337 2250 2405 τὴν
2299 2334 2390 2387 τοῦ
2442 2332 2642 2402 Κυρίου
2689 2327 3033 2383 διδασκαλίαν
3083 2324 3357 2379 πιστεύειν
3396 2322 3738 2389 ἐπαγγειλά-

2157 2444 2336 2498 μενος,
2369 2425 2444 2495 μὴ
2471 2422 2867 2493 παρατρεπέτω
2888 2421 2986 2490 τὴν
3022 2418 3170 2488 παρὰ
3197 2416 3290 2470 τοῦ
3323 2415 3591 2468 Δεσπότου
3619 2413 3739 2466 τῶν

2155 2524 2290 2574 ὅλων
2317 2517 2612 2587 γενομένην
2642 2516 2741 2584 τῆς
2777 2514 3010 2573 πίστεως
3039 2510 3272 2571 ἔκθεσιν,
3301 2508 3434 2580 πρὸς
3471 2508 3531 2560 τὸ
3553 2507 3743 2576 ἑαυτῷ

2157 2610 2384 2665 δοκοῦν’
2435 2607 2548 2661 ἀλλ’
2591 2603 2948 2660 ἀκολουθείτω
2991 2603 3110 2665 ταῖς
3153 2601 3301 2672 παρά
3345 2602 3444 2669 τῆς
3476 2597 3746 2668 ἀληθείας

2161 2705 2383 2771 φωναῖς.
2432 2701 2579 2752 Ἐκεῖ
2620 2697 2796 2750 τοίνυν
2843 2694 2936 2748 τοῦ
2968 2695 3126 2761 λόγου
3164 2694 3262 2762 τῆς
3307 2692 3537 2752 πίστεως
3580 2707 3748 2758 περι-

2163 2797 2378 2866 έχοντος
2409 2793 2468 2845 τὸ
2497 2792 2668 2860 ὄνομα
2694 2789 2786 2841 τοῦ
2820 2787 3049 2858 [ἰατρὸς.
3079 2786 3172 2838 καὶ
3206 2784 3299 2837 τοῦ
3332 2781 3482 2846 Υἱοῢ,
3514 2781 3609 2834 καὶ
3641 2780 3748 2833 τοῦ

2165 2886 2323 2954 ἁγίου
2348 2882 2487 2937 ΙΙνεύ
2499 2898 2684 2951 ματος,
2715 2879 2836 2932 τίνα
2857 2877 3172 2945 συμφωνίαν
3197 2875 3309 2944 ἔχει
3340 2873 3408 2927 τὰ
3431 2873 3523 2926 νῦν
3555 2888 3749 2924 συντε-

2165 2977 2389 3049 θειμὲνα
2409 2975 2545 3046 πρὸς
2567 2971 2666 3035 τὰς
2697 2970 2789 3024 τοῦ
2813 2968 3078 3021 Δεσπότου
3103 2966 3284 3036 φωνάς
3304 2983 3317 2995 ’
3353 2965 3491 3018 ὥστε
3542 2965 3620 3026 εἰς
3641 2963 3749 3030 τὴν

2166 3069 2389 3123 ἐκείνων
2440 3062 2786 3118 διδασκαλίαν
2811 3061 2871 3113 τὸ
2911 3059 3150 3112 τοιοῦτον
3190 3057 3480 3126 ἀναφέρειν
3527 3055 3740 3122 δόγμα;

2170 3160 2279 3214 Ποῦ
2305 3159 2481 3210 τοίνυν
2507 3150 2628 3208 εἷπε
2651 3154 2761 3206 δεῖν
2789 3151 3061 3205 πιστεύειν
3100 3135 3179 3212 είς
3207 3148 3296 3200 τὸν
3332 3149 3429 3200 ἕνα
3457 3146 3551 3199 καὶ
3585 3146 3750 3214 μόνον

2171 3248 2419 3320 ἀληθινὸν
2450 3246 2580 3299 Θεὸν
2609 3246 2666 3297 ὲν
2695 3246 2806 3305 τοῖς
2838 3240 3185 3309 Εὐαγγελίοις
3224 3241 3252 3292 ὁ
3277 3237 3478 3308 Κύριος
3497 3253 3510 3266 ·
3548 3236 3646 3288 οὐκ
3682 3235 3755 3286 ἂν

2174 3343 2345 3412 ἔχοιεν
2367 3336 2644 3402 ἐπιδεῖξαι,
2674 3338 2722 3388 εί
2755 3336 2826 3404 μή
2854 3351 2906 3386 τι
2935 3333 3051 3386 νέον
3073 3331 3188 3384 ἐστὶ
3218 3330 3346 3400 παρ’
3375 3329 3554 3390 αὐτοῖς
3577 3326 3757 3392 Εὐαγ-

2178 3429 2357 3496 γέλιον
2377 3441 2389 3454 ⁸
2427 3425 2462 3479 ἃ
2488 3424 2594 3494 γὰρ
2627 3421 2686 3487 ἐξ
2709 3421 2948 3493 ἀρχαίων
2981 3421 3140 3490 μέχρι
3163 3418 3256 3470 τοῦ
3283 3417 3376 3470 νῦν
3412 3417 3550 3470 κατά
3579 3414 3762 3468 διαδο-

2180 3516 2280 3587 χὴν
2312 3517 2368 3569 ὲν
2395 3515 2514 3576 ταῖς
2556 3511 2900 3580 Ἐκκλησίαις
2942 3508 3392 3576 ἀναγινώσκεται,
3422 3507 3624 3576 ταύτην
3654 3506 3762 3574 τὴν

2181 3607 2363 3676 φωνὴν
2390 3605 2450 3658 οὑ
2489 3602 2730 3674 περιέχει
2767 3601 2866 3672 τὴν
2902 3600 3166 3668 λέγουσαν
3197 3615 3211 3629 ·
3254 3598 3364 3652 δεῖν
3401 3597 3678 3650 πιστεύειν
3721 3597 3760 3667 ἢ

2185 3696 2458 3769 βαπτίζειν
2488 3698 2567 3758 είς
2593 3694 2683 3746 τὸν
2708 3693 2803 3746 ἕνα
2830 3694 2923 3745 καὶ
2953 3693 3112 3763 μόνον
3132 3690 3378 3761 ἀληθινὸν
3403 3690 3551 3752 Θεὸν,
3575 3688 3763 3752 καθὼς

2184 3783 2328 3844 οὗτοι
2359 3789 2606 3856 λέγουσιν
2632 3804 2644 3816 ’
2689 3785 2804 3838 ἀλλ’
2845 3786 2923 3846 εἰς
2951 3784 3011 3836 τὸ
3043 3784 3211 3853 ὄνομα
3256 3781 3349 3834 τοῦ
3400 3781 3632 3850 Πατρός,
3665 3783 3768 3833 καὶ

2186 3882 2280 3937 τοῦ
2319 3881 2482 3942 Υἰοῦ,
2520 3879 2612 3932 καὶ
2653 3877 2745 3929 τοῦ
2788 3876 2941 3943 ἁγίου
2985 3874 3320 3943 Πνεύματος.
3377 3874 3464 3936 Ὠς
3505 3873 3562 3925 δὲ
3599 3874 3768 3942 ἡμεῖς

2191 3974 2341 4046 παρά
2381 3973 2479 4040 τῆς
2517 3970 2611 4022 τοῦ
2645 3969 2913 4021 Δεσπότου
2964 3968 3147 4037 φωνῆς
3186 3967 3556 4036 ἐδιδάχθημεν,
3601 3965 3772 4018 τοῦτο

2192 4064 2398 4135 φαμέν·
2445 4057 2612 4114 ὅτιτὸ
2646 4063 2755 4113 Ἓν
2797 4061 2855 4111 ού
2899 4059 2990 4110 τὸν
3032 4059 3247 4129 Πατέρα
3281 4057 3530 4126 σημαίνει
3580 4056 3766 4126 μόνον,

2192 4155 2327 4210 ἀλλά
2357 4155 2450 4206 καὶ
2477 4152 2568 4205 τὸν
2604 4152 2731 4204 Υἱὸν
2762 4151 2838 4221 τῷ
2877 4150 3050 4220 Πατρὶ
3079 4149 3504 4202 συνενδείκνυται
3535 4167 3546 4179 ·
3591 4148 3771 4210 οὕτως

2195 4247 2441 4307 εἰπόντος
2479 4242 2572 4295 τοῦ
2618 4241 2856 4312 Κυρίου,
2920 4241 3002 4292 ὅτι
3051 4240 3198 4310 Ἐαὼ
3241 4239 3340 4292 καί
3377 4242 3409 4293 d
3455 4237 3656 4306 Πατὴρ
3699 4238 3774 4290 ἓν

2196 4335 2409 4403 ἐσμέν.
2458 4332 2687 4403 Ὁμοίως
2708 4330 2828 4384 καὶ⁶
2849 4331 2908 4384 τὸ
2930 4329 3176 4400 θεότητος
3202 4329 3390 4399 ὄνομα,
3421 4327 3613 4396 ἐπίσης
3645 4329 3773 4378 ὲπι-

2200 4428 2480 4496 κέκληται,
2515 4425 2579 4493 τῇ
2618 4439 2676 4473 τε
2719 4420 2859 4488 ἀρχῇ
2899 4420 2955 4470 ἐν
3065 4421 3092 4472 ό
3131 4419 3335 4487 Λόγος,
3378 4419 3470 4470 καὶ
3501 4418 3579 4484 τῷ
3617 4417 3676 4468 έν
3702 4421 3775 4487 τῇ

522 4475 655 4500 ,τη
960 4475 973 4490 ,
1013 4475 1055 4478 _,
1087 4475 1138 4494 ,ιθ
1204 4475 1210 4476 ,

522 4522 746 4578 deitatis
776 4517 1107 4588 signiﬁcato,
1147 4513 1311 4568 simul
1345 4525 1469 4565 cum
1516 4507 1677 4561 Patre
1713 4504 1887 4556 Filius
1935 4502 2064 4554 intcl

2166 4489 2169 4516 Ι
2199 4520 2339 4588 ἀρχῇ
2357 4475 2483 4568 ,ὄντι
2512 4475 2699 4581 Λόγῳ·
2887 4475 3095 4582 γὰρ’δτι
3123 4475 3228 4563 καὶ.
3251 4475 3496 4578 όῠΛόγος
3521 4475 3602 4577 ἦν
3625 4475 3778 4577 πρὸςἒ

519 4615 740 4683 ligatur.
782 4609 1052 4662 Praeterea
1081 4605 1133 4658 id
1160 4603 1303 4673 quod
1325 4601 1564 4656 essentia
1601 4611 1789 4651 verum
1817 4603 1918 4656 est,
1964 4591 2100 4644 nihil

523 4705 670 4758 aliud
707 4711 902 4771 prazter
936 4699 1219 4752 veritatem
1248 4700 1427 4764 potest
1452 4689 1701 4757 intelligi.
1729 4686 1885 4752 Quod
1917 4692 2098 4737 autem

523 4795 788 4849 Dominus
827 4795 898 4846 sit
926 4791 1150 4851 veritas,
1185 4788 1367 4839 nullus
1409 4781 1748 4835 contradicet
1784 4775 2098 4848 piane,nisi

527 4903 556 4940 a
594 4883 822 4936 veritate
884 4882 1074 4933 devius
1109 4892 1337 4947 prorsus
1368 4882 1422 4928 et
1468 4853 1700 4926 alienus.
1743 4871 1801 4926 Si
1833 4871 1999 4941 igitur
2045 4869 2099 4922 in

532 4992 643 5033 uno
672 4974 908 5028 Verbum
942 4979 1046 5030 cst,
1084 4979 1137 5023 et
1174 4969 1314 5020 Deus
1341 4974 1424 5020 est
1457 4972 1510 5019 et
1559 4965 1782 5028 veritas,
1836 4961 2102 5032 quemad-

533 5068 756 5126 modum
814 5065 868 5116 in
902 5061 1207 5130 Evangeliis
1233 5057 1580 5128 przedicatur,
1616 5055 1681 5108 ad
1714 5070 1874 5125 quam
1926 5052 2107 5106 Domi-

535 5163 588 5217 ni
618 5158 923 5215 doctrinam
957 5151 1125 5206 refert
1166 5150 1294 5201 illud
1334 5150 1552 5219 dogma,
1608 5148 1701 5217 qui
1747 5147 1833 5201 his
1875 5145 2108 5200 distinc-

537 5252 666 5306 tivis
699 5247 926 5301 vocibus
963 5249 1046 5296 est
1098 5240 1266 5294 usus?
1314 5239 1444 5293 Nam
1477 5237 1751 5292 contraria
1799 5236 2110 5292 diiferentia

537 5345 711 5401 solius
744 5339 811 5393 ad
849 5352 956 5390 non
989 5334 1188 5396 solum,
1225 5340 1307 5386 est
1346 5331 1509 5384 etiam
1539 5330 1629 5384 Dei
1666 5331 1730 5383 ad
1764 5345 1872 5382 ιιοιι
1914 5329 2106 5393 Deum,

540 5445 596 5491 et
626 5436 737 5489 veri
779 5431 844 5484 ad
886 5445 994 5482 non
1027 5441 1239 5481 verum.
1295 5423 1351 5478 Si
1395 5423 1556 5494 igitur
1593 5422 1659 5476 ad
1709 5423 1850 5476 idola
1899 5425 2114 5477 intuen-

545 5536 648 5589 tes,
679 5526 822 5577 hanc
866 5522 931 5575 ad
973 5521 1062 5573 illa
1109 5518 1402 5573 verborum
1455 5515 1737 5569 adversam
1789 5514 2112 5569 divisionem

546 5616 773 5675 faciunt,
799 5630 895 5667 nos
911 5613 1069 5667 etiam
1096 5611 1446 5667 assentimur.
1483 5606 1761 5676 Siquidem
1804 5622 1898 5675 per
1933 5607 2122 5661 home-

621 5727 665 5757 ⁸⁵
704 5723 858 5778 Jozin.
888 5725 1049 5789 v.99.
1114 5726 1156 5755 εί
1192 5722 1346 5777 1.,ιιιιι.
1388 5740 1437 5788 x,
1467 5723 1553 5776 50.
1637 5718 1835 5774 6".lean.
1874 5734 1909 5784 t,
1946 5720 1991 5771 l.

2195 4611 2302 4663 τόν
2331 4607 2498 4671 Θεὸν,
2540 4605 2632 4658 καὶ
2667 4601 2809 4666 Θεὸς
2836 4596 2914 4671 ἦν
2942 4603 2974 4653 ό
3008 4600 3196 4667 Λόγος
3219 4615 3232 4628 ·
3283 4599 3423 4652 ὥστε
3463 4600 3556 4653 καὶ
3601 4600 3661 4651 ὲν
3699 4601 3780 4668 τῷ

2195 4703 2292 4771 τῆς
2329 4699 2584 4766 θεότητος
2620 4690 2998 4763 σημαινομένῳ
3023 4691 3225 4760 ὁμοίως
3251 4689 3325 4760 τῷ
3355 4691 3529 4760 Πατρὶ
3562 4691 3656 4743 καὶ
3687 4690 3781 4743 τὸν

2198 4793 2324 4845 Υίδν
2359 4785 2802 4858 συνθεωρεῖσθαι.
2858 4783 3000 4853 Πρὸς
3040 4781 3248 4845 τούτοις
3294 4782 3350 4834 δὲ
3411 4783 3503 4834 καὶ
3539 4782 3600 4833 τὸ
3648 4781 3782 4848 ἀλη-

2201 4883 2363 4944 θινὸν,
2389 4880 2515 4933 ἄλλο
2535 4896 2588 4930 τι
2611 4879 2759 4948 παρά
2780 4877 2877 4947 τὴν
2899 4875 3154 4945 ἀλήθειαν
3173 4873 3427 4944 νοηθῆναι
3449 4873 3508 4925 ού
3532 4873 3777 4926 δύναται·

2201 4981 2282 5033 ὅτι
2315 4978 2370 5029 δὲ
2404 4975 2627 5046 ἀλήθεια
2653 4976 2682 5026 ὁ
2710 4973 2934 5042 Κύριος,
2968 4971 3142 5034 οὐδεὶς
3171 4969 3433 5033 ἀντιλέξει
3467 4968 3705 5031 πάντως,
3733 4969 3780 5019 εἰ

2207 5070 2281 5139 μή
2315 5084 2398 5129 τις
2428 5065 2512 5135 εἴη
2547 5066 2644 5134 τῆς
2673 5063 2929 5132 ἀληθείας
2959 5061 3253 5131 ἀλλότριος.
3308 5060 3369 5112 Ei
3395 5059 3576 5110 τοίνυν
3601 5061 3693 5111 καὶ
3726 5059 3783 5108 ἐν

2205 5157 2283 5226 τῷ
2312 5158 2390 5208 ἑνὶ
2458 5157 2485 5207 ό
2523 5155 2692 5221 Λόγος
2729 5153 2844 5206 ἐστί
2873 5169 2888 5184 ⁸
2935 5153 3030 5206 καὶ
3065 5152 3195 5214 Θεός
3238 5153 3373 5214 ἐστι,
3415 5151 3508 5203 καὶ
3538 5150 3780 5218 ἀλήθεια,

2209 5242 2390 5305 καθὼς
2415 5244 2473 5294 ἐν
2502 5245 2612 5304 τοῖς
2647 5240 2993 5309 Εύαγγελίοις
3019 5239 3371 5312 κηρύσσεται,
3403 5242 3482 5301 εἰς
3512 5239 3670 5290 ποίαν
3691 5236 3781 5290 τοῦ

2215 5335 2421 5406 Κυρίου
2455 5332 2797 5386 διδασκαλίαν
2828 5332 3085 5402 ἀναφέρει
3118 5332 3178 5384 τὸ
3216 5331 3411 5400 δόγμα,
3455 5333 3483 5382 ό
3515 5332 3634 5392 ταῖς
3673 5330 3784 5381 δια-

2221 5427 2530 5488 σταλτικαίς
2556 5425 2777 5487 ταύταις
2804 5428 3006 5493 φωναῖς
3029 5423 3394 5495 κεχρημένος;
3435 5423 3496 5474 Ἡ
3521 5421 3629 5489 γὰρ
3651 5420 3788 5474 ἀντι-

2220 5520 2468 5588 διαστολὴ
2498 5517 2590 5571 τοῦ
2624 5519 2785 5588 μόνου
2815 5519 2950 5590 πρὸς
2982 5520 3072 5572 τὸν
3105 5520 3177 5588 μὴ
3209 5517 3386 5588 μόνον,
3419 5515 3533 5567 ἐστὶ
3572 5516 3669 5568 καὶ
3701 5509 3787 5566 τοῦ

2230 5609 2364 5669 Θεοῦ
2397 5608 2529 5677 πρὸς
2563 5608 2652 5660 τὸν
2687 5608 2758 5678 μὴ
2788 5609 2915 5662 Θεόν
2948 5629 2957 5638 '
3007 5611 3097 5663 καὶ
3135 5608 3224 5660 τοῦ
3266 5605 3514 5681 ἀληθινοῦ
3547 5606 3679 5677 πρὶς
3708 5604 3789 5656 τίν
