4068 6148
286 415 385 472 477

1409 416 1686 474 comm
1718 406 2120 485 Etttvosn'un,
2165 418 2294 476 LIB.
2337 419 2404 475 It.

3438 435 3539 488 478

284 528 354 599 μὴ
384 526 641 598 ἀληθινόν
672 545 682 557 ·
736 528 783 582 εί
825 528 923 600 μὲν
955 522 1048 583 οὖν
1081 528 1216 600 πρὸς
1244 529 1311 583 τὰ
1347 531 1539 586 εἴδωλα
1578 533 1855 602 βλέποντες

1969 535 2208 605 nymiam
2273 536 2491 591 deitatis
2542 553 2739 593 nomen
2771 543 3010 612 gentium
3050 544 3211 599 idolis
3257 545 3540 599 tribuitur:

279 620 412 689 πρὸς
430 620 614 671 ἐκεῖνα
637 617 1027 689 ποιοῦνταιτὴν
1048 619 1154 670 τῶν
1177 620 1437 690 ῥημάτιον
1459 622 1859 692 ἀντιδιαίρεσιν,

279 709 371 761 καὶ
394 709 557 777 ἡμεῖς
593 707 952 782 συντιθέμεθα
972 725 987 740 °
1031 707 1152 760 καθ’
1184 710 1504 780 ὁμωνυμίαν
1533 711 1640 782 γὰρ
1672 713 1732 764 τὸ
1765 715 1860 781 τῆς

279 800 529 869 θεότητος
569 799 738 868 όνομα
772 802 883 862 τοῖς
912 799 1149 863 εἰδώλοις
1176 800 1284 852 τῶν
1309 800 1478 854 ὲονῶν
1510 803 1815 870 ἐπι).ἐγεται
1844 822 1856 833 ο

282 891 514 956 Πάντες
535 891 646 959 γὰρ
661 893 714 944 ol
731 891 851 944 θεοὶ
866 891 984 944 τῶν
1008 891 1197 944 ἐθνῶν
1214 891 1487 961 δαιμόνια
1505 909 1519 923 ο
1557 895 1650 947 καὶ
1688 895 1858 958 ἄλλως

279 983 412 1052 πρὸς
437 983 498 1034 τὸ
530 982 733 1052 πλῆθος
765 983 1082 1051 ἀντιδιαιρεῖ
1107 984 1199 1036 τὸν
1241 986 1396 1054 μόνον
1421 1002 1434 1015 ο
1481 989 1571 1039 καὶ
1616 987 1750 1060 πρὸς
1792 1005 1821 1040 τ

275 1073 448 1142 ψευδῆ
475 1074 567 1126 τὸν
594 1073 847 1143 ἀληθινόν
873 1089 887 1104 ο
937 1076 1030 1126 καὶ
1066 1077 1191 1138 τοὺς
1229 1076 1302 1146 μὴ
1338 1076 1496 1141 ὄντας
1533 1078 1689 1142 θεοὺς
1723 1080 1860 1149 πρὸς

275 1166 368 1217 τὸν
394 1165 524 1218 όντα
551 1164 702 1217 Θεόν.
732 1166 792 1218 Et
820 1165 876 1218 δὲ
899 1165 1033 1235 πρὸς
1058 1167 1149 1219 τὸν
1181 1168 1456 1240 Μονογενῆ
1478 1169 1607 1221 Θεὸν
1654 1172 1685 1237 ἡ
1713 1172 1859 1223 ἀντι-

275 1255 542 1326 διαίρεσις
563 1256 791 1322 γίνεται,
833 1254 1153 1324 μαθέτωσαν
1188 1256 1238 1308 οἱ
1278 1257 1472 1326 σοφοί·
1518 1258 1596 1311 ὄτι
1637 1259 1859 1330 ἀλήθεια

277 1347 416 1418 πρὸς
459 1347 618 1417 μόνον
645 1347 706 1399 τὺ
735 1345 927 1415 ψεῦδος
971 1345 1068 1416 τὴν
1114 1347 1518 1418 ἀντιδιαστολὴν
1563 1349 1673 1419 ἔχει
1703 1368 1716 1381 ·
1767 1353 1858 1404 καὶ

275 1442 412 1501 θεὸς
443 1439 580 1509 πρὸς
614 1439 704 1491 τὸν
738 1438 812 1508 μὴ
840 1439 967 1492 ὄντα
992 1438 1153 1491 Θεόν·
1184 1439 1278 1492 τοῦ
1308 1439 1364 1492 δὲ
1398 1439 1598 1511 Κυρίου
1629 1443 1686 1504 ὃς
1714 1444 1857 1496 ἐστιν

276 1535 507 1606 ἀλήθεια
533 1535 668 1588 Θεοῦ
700 1535 868 1598 ὄντος,
912 1537 1006 1588 καὶ
1036 1538 1094 1588 ἐν
1121 1535 1199 1606 τῷ
1242 1537 1414 1607 Πατρὶ
1440 1537 1620 1599 ὄντοςο
1665 1536 1758 1588 καὶ
1801 1536 1858 1589 ἓν

276 1627 415 1697 πρὸς
442 1627 534 1679 τὸν
565 1627 782 1697 Πατέρα
808 1626 979 1690 ὄντος,
1013 1628 1069 1680 αἱ
1103 1627 1472 1682 διασταλτικαὶ
1501 1622 1658 1681 αὗται
1685 1629 1858 1696 φωναὶ

273 1719 369 1770 ἐπὶ
395 1713 489 1770 106
519 1717 785 1786 δόγματος
815 1718 996 1789 χώραν
1028 1720 1127 1771 οὑκ
1161 1719 1372 1790 ἔχουσιν
1398 1737 1410 1749 ·
1447 1721 1474 1772 ὁ
1504 1721 1613 1790 γὰρ
1645 1718 1858 1789 ἀληθῶς

273 1812 354 1873 είς
383 1809 475 1863 τόν
506 1809 600 1862 ’ἐνα
634 1810 902 1862 πιστεύων
933 1809 1117 1879 βλέπει
1153 1813 1207 1863 ἐν
1244 1811 1319 1882 τῷ
1351 1812 1450 1873 ἐνὶ,
1491 1811 1582 1864 τὸν
1615 1812 1702 1865 διὰ
1732 1813 1858 1865 πάν-

270 1918 383 1952 των
428 1899 578 1968 αὑτῴ
608 1900 903 1970 ἡνωμένον,
933 1903 989 1954 ἐν
1023 1902 1248 1973 ἀληθείᾳ
1287 1919 1346 1954 τε
1379 1905 1472 1956 καὶ
1498 1902 1732 1972 θεότητι,
1764 1903 1857 1956 καὶ

271 1991 454 2062 οὐσίᾳ,
501 1992 593 2042 καὶ
623 1990 756 2060 ζωῇ,
799 1993 893 2044 καὶ
922 1993 1082 2063 σοφίᾳ.
1113 2009 1126 2023 ·
1174 1993 1267 2045 καὶ
1307 1995 1469 2045 πᾶσιν
1499 1992 1851 2058 ἁπαξαπλῶς.

276 2083 348 2134 Ἦ
393 2084 442 2134 εί
481 2081 555 2152 μὴ
589 2081 771 2150 βλέπει
800 2084 856 2136 ὲν
883 2081 962 2152 τῷ
993 2083 1072 2135 ἑνὶ
1101 2084 1188 2135 τὸν
1220 2084 1392 2136 ταῦτα
1418 2085 1567 2148 ὄντα,
1601 2086 1679 2147 εἰς
1706 2085 1856 2137 οὐδὲν

281 2172 402 2242 ἔχει
440 2174 539 2241 τὴν
576 2173 779 2236 πίστιν,
813 2173 980 2242 χωρὶς
1007 2173 1116 2244 γὰρ
1154 2174 1285 2226 Υῑοῦ
1323 2175 1508 2244 Πατὴρ
1539 2173 1661 2226 οὔτε
1716 2174 1858 2226 ἔστιν

271 2263 400 2318 οὒτε
430 2264 651 2332 λέγεται
673 2281 687 2295 ο
723 2263 845 2318 οὕτε
885 2265 988 2336 μὴν
1023 2267 1190 2337 χωρὶς
1223 2266 1504 2336 δυνάμεως
1539 2269 1566 2320 ό
1594 2266 1817 2329 δυνατός
1841 2281 1856 2296 ⁸

272 2355 400 2409 οὔτε
421 2357 591 2426 χωρὶς
615 2357 806 2424 σοφίας
827 2360 853 2410 ὁ
882 2359 1058 2425 σοφός·
1085 2358 1318 2428 Χριστὸς
1338 2358 1445 2430 γὰρ
1471 2357 1604 2410 Θεοῦ
1629 2358 1859 2427 δύναμις

273 2449 366 2500 καὶ
384 2447 550 2515 σοφία
582 2446 736 2500 Θεοῦ.
766 2449 927 2501 Ὥστε
945 2451 972 2502 ό
988 2451 1084 2519 τῆς
1099 2449 1398 2518 δυνάμεως,
1417 2450 1448 2519 ἧ
1471 2449 1564 2518 τῆς
1581 2448 1855 2517 ἀληθείας,

275 2537 422 2606 ἢτῆς
451 2539 665 2606 σοφίας,
696 2539 727 2608 ἢ
756 2539 854 2608 τῆς
881 2539 1044 2610 ζωῆς,
1071 2541 1102 2610 ἢ
1125 2540 1216 2593 τοῦ
1237 2540 1490 2610 ἀληθινοῦ
1509 2540 1684 2609 φωτὸς
1703 2541 1857 2603 ἐκτὸς

281 2629 501 2698 βλέπειν
545 2630 968 2701 φανταζόμενος,
1010 2633 1042 2703 ἢ
1086 2632 1236 2685 οὐδὲν
1271 2632 1475 2702 βλέπει,
1514 2632 1545 2702 ἢ
1588 2633 1649 2687 τὸ
1689 2633 1857 2686 κακὸν

280 2722 498 2784 πάντως
529 2722 737 2791 βλέπει·
770 2725 803 2792 ή
834 2724 943 2795 γὰρ
981 2724 1089 2777 τῶν
1119 2725 1338 2793 ἀγαθῶν
1369 2723 1735 2796 ὑπεξαίρεσις,
1763 2724 1856 2777 τοῦ

285 2812 460 2864 κακοῦ
497 2814 586 2865 καὶ
626 2814 786 2879 θέσις,
834 2818 926 2869 καὶ
959 2815 1188 2888 ὕπαρξις
1252 2817 1492 2884 γίνεται·
1519 2819 1638 2870 Οὐκ
1673 2817 1854 2884 ἐψευ-

294 2901 489 2969 σμένῃ
538 2904 720 2972 φωνῇ,
751 2908 904 2977 φησὶ,
955 2907 1234 2976 τιμῶντες
1288 2911 1474 2962 αὐτόν
1501 2926 1514 2940 ⁸
1563 2909 1695 2960 ἔστι
1742 2909 1852 2976 γὰρ

1973 623 2166 678 Omnes
2193 627 2330 679 enim
2372 626 2450 680 dii
2492 631 2722 697 gentium
2754 630 3017 685 da'mom‘a
3048 635 3094 664 ⁵⁸
3129 651 3141 686 :
3174 645 3226 687 et
3279 635 3434 688 aliter
3469 636 3535 688 ad

1963 715 2368 769 multitudinem
2401 718 2626 786 Opponit
2657 735 2778 772 eum
2811 722 2903 788 qui
2937 722 3087 776 solus
3111 731 3231 779 est:
3265 725 3410 778 et-ad
3439 725 3536 778 fal-

1964 823 2184 862 sa-eum
2229 809 2321 875 qui
2367 826 2529 865 verus
2561 820 2665 872 est,
2702 820 2756 864 et
2785 827 2879 865 eos
2919 814 3011 881 qui
3039 813 3111 866 dii
3151 829 3257 867 non
3291 823 3418 870 sunt
3467 815 3532 871 ad

1962 912 2086 950 eum
2117 898 2211 966 qui
2245 898 2386 953 Deus
2443 908 2549 954 est:
2581 900 2733 965 Quod
2773 902 2815 956 si
2867 902 2932 955 ad
2977 903 3312 972 unigenitum
3365 905 3533 960 Deum

1965 987 2020 1041 fit
2049 990 2161 1043 hace
2189 991 2432 1045 adversa
2471 992 2800 1057 ditterentia,
2833 993 3050 1048 discant
3090 996 3178 1049 isti
3234 998 3530 1066 sapientes,

1961 1079 2103 1148 quod
2143 1080 2344 1133 veritas
2376 1081 2440 1133 ad
2473 1083 2647 1135 solum
2685 1083 3023 1136 mendacium
3054 1087 3388 1138 contrariam
3439 1087 3535 1139 ha-

1963 1174 2046 1225 bet
2073 1170 2434 1226 ditTerentiam
2468 1191 2478 1226 :
2506 1183 2559 1227 et
2585 1172 2725 1228 Deus
2753 1174 2818 1228 ad
2844 1191 2968 1229 eum
3005 1177 3096 1245 qui
3126 1193 3233 1229 non
3266 1187 3347 1232 est
3370 1179 3530 1233 Deus.

1959 1263 2097 1316 Cum
2135 1271 2313 1317 autem
2368 1265 2647 1328 Dominus,
2692 1267 2783 1334 qui
2832 1279 2915 1321 est
2948 1270 3169 1332 veritas,
3207 1268 3346 1323 Deus
3379 1272 3448 1325 sit
3481 1280 3535 1324 et

1963 1351 2016 1404 in
2062 1350 2242 1416 Patre,
2284 1361 2337 1407 et
2364 1369 2531 1406 unum
2565 1355 2636 1409 sit
2665 1371 2790 1409 eum
2853 1356 3034 1423 Patre,
3092 1359 3174 1412 ha:
3228 1359 3536 1416 discretivze

1961 1455 2120 1495 voces
2157 1443 2210 1494 in
2237 1441 2489 1511 dogmate
2521 1445 2695 1498 locum
2734 1461 2842 1500 non
2873 1447 3094 1502 habent.
3122 1448 3255 1502 Nam
3291 1453 3530 1520 quivere

1959 1531 2014 1585 in
2048 1547 2215 1586 unum
2262 1533 2458 1597 credit,
2494 1534 2642 1590 videt
2682 1535 2735 1589 in
2773 1553 2882 1591 uno
2921 1553 3042 1592 eum
3075 1539 3167 1608 qui
3212 1555 3310 1608 per
3352 1541 3534 1594 omnia

1960 1628 2062 1698 ipsi
2105 1630 2288 1684 unitus
2321 1640 2425 1694 est,
2463 1632 2514 1685 in
2551 1633 2802 1698 veritate,
2833 1643 2887 1687 et
2919 1634 3142 1697 deitate,
3181 1644 3234 1690 et
3269 1638 3530 1700 essentia,

1958 1727 2013 1773 et
2047 1719 2178 1783 vita,
2219 1728 2273 1774 et
2305 1722 2591 1790 sapientia,
2618 1733 2672 1778 et
2703 1725 2756 1777 i'n
2787 1725 3042 1779 omnibus
3076 1741 3322 1795 prorsus.
3364 1726 3460 1781 Vel
3486 1729 3530 1781 si

1960 1809 2015 1862 in
2064 1825 2174 1862 uno
2209 1825 2318 1863 non
2351 1826 2476 1864 eum
2519 1811 2664 1865 videt
2699 1812 2791 1881 qui
2844 1823 2925 1866 est
2956 1813 3071 1866 hch
3121 1816 3260 1883 ipsa,
3307 1815 3360 1868 itt
3395 1815 3533 1868 nihil

1962 1900 2118 1953 ﬁdem
2151 1901 2333 1954 habet.
2365 1899 2500 1954 Nam
2533 1902 2741 1969 absque
2777 1901 2915 1957 Filio
2946 1903 3105 1958 Pater
3128 1919 3300 1974 neque
3325 1913 3408 1960 est
3433 1921 3530 1960 ne-

1956 2004 2061 2057 que
2083 1985 2318 2054 dicitur;
2359 2005 2532 2057 neque
2563 1989 2858 2058 quidquam
2894 1991 3100 2060 absque
3136 1993 3378 2061 potentia
3431 1994 3528 2062 qui

1960 2086 2153 2148 potens
2182 2086 2286 2140 est,
2337 2094 2517 2146 neque
2564 2080 2772 2148 absque
2822 2082 3088 2150 sapientia
3140 2083 3234 2150 qui
3287 2084 3529 2152 sapiens.

1958 2169 2207 2222 Christus
2237 2171 2378 2222 enim
2414 2169 2504 2221 Dei
2539 2171 2776 2238 potentia
2807 2179 2859 2223 et
2890 2171 2980 2225 Dei
3013 2173 3298 2241 sapientia.
3345 2174 3526 2238 Quare

1959 2261 2052 2330 qui
2081 2267 2234 2313 extra
2260 2260 2581 2329 potentiam,
2614 2261 2694 2313 vel
2729 2262 3033 2328 veritatem,
3067 2264 3150 2317 vel
3187 2265 3530 2333 sapientiam,

1960 2350 2044 2404 vel
2084 2353 2269 2415 vitam,
2301 2351 2382 2404 vel
2415 2366 2600 2405 verum
2627 2351 2809 2407 lumen
2839 2354 3086 2422 respicit,
3119 2355 3253 2410 falsa
3284 2358 3384 2412 sibi
3415 2358 3533 2411 ani-

1960 2454 2050 2494 mo
2069 2439 2298 2508 ﬁngens,
2320 2439 2556 2493 velnihil
2585 2440 2751 2506 videt,
2784 2441 2868 2496 vel
2891 2443 3093 2496 malum
3122 2461 3347 2513 prorsus
3372 2447 3528 2502 videt.

1959 2529 2379 2584 Nambonorum
2436 2532 2757 2596 subtractio,
2812 2533 3156 2603 ntalipositio
3179 2544 3232 2589 et
3263 2538 3533 2592 exsisten-

1963 2623 2036 2675 tia
2066 2620 2318 2677 efﬁcitur.
2381 2620 2507 2674 Non
2535 2624 2757 2676 mentita
2811 2641 2952 2688 voce,
2982 2627 3181 2695 inquit,
3225 2629 3395 2694 ipsum
3441 2646 3530 2682 co-

1964 2714 2175 2766 lentes:
2215 2722 2291 2766 est
2331 2713 2469 2766 enim
2510 2729 2691 2767 verax.
2750 2713 2804 2768 In
2873 2716 2972 2768 hac
3022 2731 3154 2771 voce
3207 2719 3532 2775 Eunomium

1957 2820 2151 2876 precor
2169 2821 2487 2876 permanere
2509 2806 2718 2860 veritati
2740 2807 3112 2861 testimonium
3133 2810 3530 2878 perhibentetn,

1955 2900 2100 2972 quod
2138 2915 2244 2953 non
2283 2901 2542 2954 mentitur
2570 2901 2730 2955 Deus.

290 2998 582 3066 ἀψευδής.
641 3002 813 3074 Ταύτῃ
858 3006 924 3074 τῇ
978 3007 1127 3076 φωνῇ
1186 3005 1413 3075 εὔχομαι
1462 3005 1555 3057 τὸν
1593 3003 1851 3073 Εὐνόμιον
1890 2997 2167 3067 ἐπιμένειν
2189 2994 2646 3064 μαρτυροῦντατῇ
2665 2995 2910 3066 ἀληθείᾳ,
2965 2997 3215 3050 ὅτιὲστὶν
3276 2999 3531 3071 ἀψευδής.

356 3093 542 3164 Είγάρ
571 3093 708 3148 οὕτω
739 3098 960 3167 φρονοίη
996 3099 1077 3150 ὅτι
1107 3101 1214 3151 πᾶν
1250 3099 1310 3150 τὸ
1342 3099 1488 3169 παρά
1522 3097 1612 3152 τοῦ
1655 3097 1855 3167 Κυρίου

2033 3088 2091 3142 Si
2140 3090 2283 3143 enim
2334 3092 2406 3142 ita
2448 3089 2669 3150 sentiat,
2726 3091 2872 3158 quod
2919 3091 3185 3161 quidquid
3225 3108 3254 3146 a
3305 3094 3535 3149 Dontino

281 3178 569 3255 λεγόμΞνον
601 3186 694 3239 τοῦ
717 3188 942 3257 ψεύδους
965 3190 1323 3262 κεχώρισται·
1347 3191 1697 3262 πεισθήσεται
1722 3191 1856 3242 πάν·

277 3291 385 3340 τως
413 3278 699 3347 ἀληθεύειν
735 3280 826 3332 τὸν
861 3281 1113 3336 εἰπόντα·
1141 3285 1223 3336 ὃτι
1267 3283 1408 3352 Ἐγὼ
1444 3285 1514 3337 ἐν
1559 3281 1638 3347 τῷ
1675 3281 1855 3350 Hath

280 3366 376 3419 καὶ
407 3370 440 3420 ό
471 3369 678 3436 Πατὴρ
726 3370 797 3422 ἐν
825 3371 956 3439 ἐμοί
999 3373 1151 3438 ἐστι,
1199 3372 1396 3444 δηλαδὴ
1450 3373 1569 3435 ὅλος
1609 3373 1665 3424 ὲν
1712 3372 1851 3441 ὄλῳ’

279 3455 402 3509 οὔτε
430 3457 525 3510 τοῦ
554 3460 766 3528 Πατρὸς
797 3462 852 3513 ὲν
891 3463 966 3532 τῷ
993 3463 1105 3534 Υίῷ
1145 3465 1546 3534 περιττεύοντος
1568 3481 1579 3493 ·
1602 3462 1722 3516 οὔτε
1761 3461 1853 3515 τοῦ

281 3548 409 3601 Υίοῦ
440 3551 500 3602 ὲν
530 3549 608 3619 τῷ
643 3553 817 3623 Πατρὶ
846 3554 1122 3617 λείποντος
1146 3573 1160 3586 ·
1189 3557 1282 3608 καί
1323 3556 1402 3608 ὅτι
1436 3556 1597 3608 Οὕτω
1628 3555 1742 3622 χρὴ
1775 3572 1855 3606 τι-

273 3640 501 3710 μᾶσθαι
539 3644 646 3696 τὸν
670 3644 804 3697 Υίὸν·
838 3645 1030 3712 καθὼς
1063 3645 1293 3714 τιμᾶται
1331 3650 1362 3700 ὁ
1391 3647 1620 3714 Πατήρ·
1653 3650 1746 3700 καὶ
1774 3647 1855 3699 ὅτι

289 3733 349 3786 '0
365 3734 643 3802 ἑωρακὼς
671 3734 794 3803 ἐμὲ,
827 3735 1046 3802 ἑώρακε
1084 3736 1190 3788 τὸν
1220 3739 1450 3804 Πατέρα
1469 3754 1482 3768 ·
1512 3737 1604 3790 καὶ
1636 3737 1716 3789 ὅτι
1748 3738 1857 3789 Οὑ-

276 3820 400 3886 δείς
433 3821 557 3874 εἶδε
587 3821 692 3874 τὸν
724 3822 859 3876 Υἱὸν
885 3826 936 3876 εὶ
957 3824 1041 3893 μὴ
1076 3829 1108 3878 ό
1129 3825 1327 3893 Πατήρ
1352 3842 1364 3854 ·
1397 3827 1488 3878 καὶ
1516 3828 1594 3879 ὅτι
1622 3827 1728 3879 Καὶ
1751 3826 1857 3879 τὸν

279 3913 515 3980 Πατέρα
556 3913 756 3978 οὐδεὶς
801 3915 1193 3984 ἐπιγινώσκει,
1238 3918 1386 3987 εἰμὴ
1415 3922 1448 3972 ό
1472 3921 1619 3983 Υἱός.
1671 3921 1749 3970 Δι’
1781 3913 1856 3971 ὧν

278 4003 560 4066 ἁπάντων,
587 4001 710 4055 οὗτε
742 4004 916 4072 δόξης,
945 4004 1067 4056 οὔτε
1103 4005 1311 4069 οὐσίας,
1347 4007 1469 4059 οὔτε
1517 4008 1672 4060 ἄλλου
1713 4007 1856 4072 τινὸς

277 4091 608 4163 παραλλαγὴ
631 4093 933 4147 ὑπονοεῖται
964 4096 1056 4147 ἐπὶ
1082 4096 1292 4165 Πατρὸς
1313 4099 1406 4149 καὶ
1440 4097 1568 4149 Υἱοῦ
1595 4101 1708 4160 τοῖς
1727 4098 1856 4151 ταύ-

275 4199 368 4248 τας
425 4183 528 4246 τὰς
593 4185 775 4252 φωνὰς
827 4187 902 4248 ὡς
963 4186 1220 4255 ἀληθινὰς
1263 4188 1592 4258 δεξαμένοις.
1633 4190 1856 4254 Ὄντως

276 4275 446 4339 ὄντα,
478 4277 636 4346 φησὶ,
658 4277 838 4344 φύσει
867 4294 930 4329 τε
958 4277 1054 4331 καὶ
1079 4277 1228 4347 δόξῃ
1257 4279 1402 4332 Θεὸν
1430 4280 1556 4333 ἕνα.
1588 4281 1660 4332 Τὸ
1688 4280 1856 4343 ὄντως

273 4363 333 4417 ὃν
380 4365 798 4435 ἀντιδιαιρεῖται
822 4367 955 4438 πρὸς
988 4367 1048 4420 τὸ
1085 4369 1157 4440 μὴ
1185 4368 1352 4432 ὅντως
1382 4370 1458 4424 ὅν.
1494 4372 1648 4422 Ἐστι
1682 4370 1737 4423 δὲ
1765 4370 1854 4423 ὅν-

1963 3181 2166 3236 dicitur
2210 3195 2240 3233 a
2291 3181 2578 3234 mendacio
2617 3189 2926 3249 separatum
2967 3191 3052 3238 est
3096 3203 3108 3238 :
3154 3187 3341 3254 procul
3372 3187 3536 3242 dubio

1963 3275 2150 3328 credet
2184 3289 2305 3327 eum
2341 3288 2526 3327 verum
2570 3273 2740 3343 loqui,
2783 3273 2872 3339 qui
2905 3273 3042 3327 dixit
3075 3293 3088 3326 :
3127 3274 3234 3343 Ego
3264 3279 3314 3328 in
3352 3275 3532 3344 Patre,

1961 3375 2008 3420 et
2052 3365 2217 3420 Pater
2249 3367 2300 3418 in
2338 3381 2418 3418 me
2455 3374 2534 3418 est
2562 3367 2626 3428 ‘9,
2650 3366 2906 3418 nimirum
2933 3375 3079 3420 totus
3116 3367 3169 3420 in
3195 3375 3326 3431 toto,
3362 3385 3536 3439 neque

1964 3456 2122 3510 Patre
2145 3458 2198 3510 itt
2227 3456 2366 3510 Filio
2393 3464 2778 3524 exsuperante,
2810 3472 2984 3526 neque
3009 3455 3145 3510 Filio
3175 3458 3228 3511 in
3255 3458 3413 3514 Patre
3447 3461 3537 3513 dc-

1964 3548 2178 3602 liciente
2219 3541 2334 3601 :’et
2360 3545 2533 3601 :Sicut
2576 3546 2738 3600 Pater
2765 3547 3169 3615 honoriﬁcamr,
3207 3550 3286 3601 sic
3318 3548 3518 3603 ("ilium

1961 3638 2420 3708 Imuoriﬁcandum
2469 3656 2579 3692 esse
2610 3639 2677 3704 ⁷ο,
2711 3650 2763 3694 et
2801 3641 2944 3707 quod
2984 3639 3090 3704 Qui
3121 3641 3247 3693 vidit
3281 3659 3378 3704 me,
3407 3644 3534 3695 vidit

1969 3729 2179 3783 Patrem
2236 3731 2321 3792 τί,
2385 3738 2438 3784 et
2501 3730 2646 3798 quod
2716 3730 2915 3784 Nullus
2966 3735 3105 3784 novit
3151 3731 3371 3785 Filium
3432 3735 3536 3787 nisi

1965 3819 2144 3884 Pater,
2194 3827 2248 3872 et
2297 3819 2444 3886 quod
2497 3816 2712 3871 Patrem
2769 3819 2947 3873 nullus
2989 3823 3275 3889 cognoscit,
3306 3823 3408 3875 nisi
3440 3820 3537 3876 Fi-

1961 3909 2062 3964 lius
2076 3911 2140 3961 ⁷³.
2159 3910 2370 3975 Quibus
2387 3910 2639 3962 oumibus
2658 3925 2833 3978 neque
2849 3912 3050 3981 glorize,
3075 3928 3245 3980 neque
3262 3915 3532 3979 essentne,

1963 4017 2136 4070 neque
2168 4001 2332 4054 ullius
2367 4001 2506 4055 alius
2539 4002 2614 4056 rei
2650 4003 2704 4055 in
2751 4001 2910 4056 Patre
2953 4010 3006 4057 et
3055 4001 3195 4056 Filio
3228 4005 3532 4059 differentia

1963 4095 2030 4148 ab
2056 4095 2124 4149 iis
2152 4094 2496 4163 intelligitur,
2539 4096 2630 4164 qui
2665 4095 2760 4148 has
2794 4110 2952 4149 veras
2980 4111 3142 4150 voces
3174 4095 3530 4149 admiserunt.

1963 4185 2068 4250 Qui
2087 4201 2197 4238 vere
2222 4195 2320 4249 est,
2346 4187 2543 4255 inqttit,
2563 4195 2757 4238 natura
2782 4194 2830 4239 et
2849 4186 3020 4254 gloria
3041 4185 3177 4238 Deus
3202 4202 3358 4240 unus.
3377 4186 3532 4250 Quod

1961 4292 2088 4330 vere
2106 4287 2188 4330 est
2210 4292 2307 4332 ens
2327 4278 2620 4346 opponitur
2639 4277 2686 4330 ei
2709 4279 2849 4346 quod
2881 4291 2989 4329 non
3022 4285 3106 4329 est
3143 4291 3266 4330 vere
3292 4291 3407 4330 ens.
3439 4275 3532 4330 Est

1963 4375 2142 4421 autem
2170 4382 2294 4421 vere
2322 4383 2421 4422 ens
2442 4368 2865 4436 unumquodque
2881 4368 3086 4418 entium
3121 4381 3225 4433 qua
3252 4373 3363 4431 est;
3391 4369 3533 4434 quod

274 4472 378 4520 τως
395 4455 482 4519 ὃν,
519 4455 748 4508 ἕκαστον
773 4457 882 4509 τῶν
926 4458 1095 4511 ὄντων
1123 4459 1258 4512 καθό
1284 4463 1428 4514 ἐστιν
1463 4477 1476 4490 ·
1506 4462 1566 4514 τὸ
1593 4463 1649 4515 δὲ
1695 4463 1855 4533 μέχρι

1962 4470 2143 4514 autem
2201 4458 2512 4528 phantasia,
2543 4459 2596 4513 id
2625 4469 2730 4521 est,
2768 4458 2976 4511 visione
3011 4456 3244 4525 quadam
3280 4464 3334 4510 et
3363 4458 3535 4526 suspi-

278 4546 584 4615 φαντασίας
604 4548 746 4610 τινὸς
767 4549 860 4602 καὶ
894 4550 1146 4614 ὑπονοίας
1179 4552 1365 4605 δοκοῦν
1394 4553 1490 4621 μὲν
1513 4550 1668 4617 εἶναι,
1700 4555 1772 4626 μὴ
1803 4555 1861 4608 ὃν

277 4641 352 4706 δὲ,
378 4640 547 4694 τοῦτο
579 4641 678 4694 οὑκ
725 4641 891 4704 ὅντως
937 4642 1083 4695 ἐστίν
1106 4659 1119 4673 ⁸
1151 4643 1226 4706 ὡς
1248 4643 1308 4696 τὸ
1343 4645 1610 4709 ἐνύπνιον,
1647 4646 1857 4715 φάσμα,

278 4732 484 4801 Meet
527 4733 624 4802 τῆς
677 4734 882 4796 εἰκόνος
937 4733 1238 4804 ἄνθρωπος.
1269 4735 1453 4788 Ταῦτα
1495 4735 1603 4805 γὰρ
1635 4737 1729 4788 κα)⁵
1791 4737 1859 4790 τὰ

278 4825 506 4879 τοιαῦτα
551 4825 713 4894 μέχρι
771 4824 1072 4893 φαντασίας
1100 4826 1229 4878 ὄντα
1278 4825 1339 4878 τὸ
1370 4825 1540 4888 ὄντως
1572 4822 1710 4878 εἶναι
1755 4828 1856 4880 οὐκ

279 4915 407 4985 ἔχει.
450 4917 511 4968 El
540 4916 639 4985 μὲν
668 4911 760 4968 οὖν
790 4916 929 4970 κατὰ
950 4915 1046 4985 τὴν
1082 4915 1372 4987 ἰουδαῖκὴν
1401 4916 1664 4985 ὑπόληψιν
1696 4935 1858 4969 κατα-

280 5007 607 5072 σκευάζουσι
653 5007 881 5060 καθόλου
925 5007 996 5078 μὴ
1048 5003 1188 5060 εἶναι,
1241 5009 1332 5060 τὸν
1364 5009 1641 5078 Μονογενῆ
1681 5007 1812 5061 Θεόν
1838 5023 1851 5036 ⁸

279 5099 464 5161 καλῶς
504 5100 582 5169 τῷ
619 5101 796 5170 Πατρὶ
843 5099 988 5169 μόνῳ
1031 5099 1092 5151 τὸ
1124 5100 1291 5162 ὅντως
1333 5096 1470 5151 εἶναι
1503 5116 1856 5170 προσμαρτυ-

281 5192 487 5260 ροῦσιν.
515 5192 579 5245 Et
607 5192 664 5244 δὲ
693 5193 794 5244 οὐκ
825 5190 1112 5261 ἀρνοῦνται
1145 5190 1236 5243 τὸν
1272 5191 1490 5244 πάντων
1522 5191 1748 5261 ποιητὴν
1773 5194 1855 5244 ὅτι

282 5279 445 5344 ἔστιν,
472 5281 853 5351 πεισθήτωσαν
889 5281 962 5350 μὴ
995 5281 1316 5350 ἀποστερεῖν
1356 5280 1448 5332 τὸν
1481 5279 1609 5332 ὄντα
1644 5279 1738 5332 τοῦ
1765 5281 1854 5333 όν·

277 5390 384 5435 τως
428 5371 568 5427 εἶναι
587 5391 600 5405 ⁸
627 5373 686 5436 ὃς
718 5373 908 5426 ἑαυτὸν
945 5375 1003 5426 ὲν
1035 5376 1101 5443 τῇ
1132 5370 1396 5441 γενομένῃ
1425 5371 1631 5440 Μωὺσῇ
1662 5371 1858 5437 θεόφα-

278 5463 413 5534 veta,
442 5465 571 5517 ὄντα
619 5464 924 5535 ὠνόμασεν,
971 5464 1138 5517 εἰπὼν
1185 5466 1267 5517 ὅτι
1310 5461 1449 5532 Ἐγώ
1493 5465 1613 5531 ειμι
1654 5467 1685 5516 ό
1723 5463 1807 5515 ὢν
1839 5477 1853 5492 ·

279 5554 458 5620 καθὼς
485 5557 514 5609 ὁ
545 5557 810 5627 Εὑνόμιος
839 5558 896 5610 ὲν
926 5560 1035 5621 τοῖς
1070 5557 1266 5627 ἐφεξῆς
1295 5556 1472 5625 λόγοις
1519 5555 1693 5626 τούτῳ
1744 5572 1862 5608 συν-

350 5753 394 5784 ⁵⁸³
454 5755 593 5810 Psal.
634 5773 754 5817 xcv.
805 5759 858 5813 5.

939 5761 980 5792 ⁶⁹
1014 5757 1169 5815 Joan.
1233 5774 1285 5824 κ,
1318 5757 1418 5826 58;
1459 5775 1566 5820 xw,
1639 5759 1719 5814 10.

293 5819 324 5852 ¹
376 5824 543 5881 Exod.
593 5843 674 5893 ttt,
736 5829 816 5882 t4.

1801 5759 1845 5791 ⁷⁰
1896 5756 2052 5814 Joan.
2114 5779 2162 5825 ι’,
2211 5763 2301 5816 25.

1959 4553 2115 4606 cione
2161 4550 2375 4604 videtur
2412 4548 2630 4618 quidem
2665 4562 2788 4600 esse
2834 4560 2958 4598 cum
2995 4561 3101 4598 non
3153 4545 3220 4598 sit
3273 4561 3392 4610 ens,
3433 4547 3534 4601 hoc

1957 4656 2066 4694 non
2096 4655 2220 4694 vere
2243 4649 2347 4705 est,
2379 4642 2523 4694 sicut
2544 4640 2838 4702 somnium,
2875 4654 3175 4709 speetrutn,
3205 4643 3288 4695 vel
3318 4643 3370 4696 in
3401 4644 3536 4696 ima-

1955 4734 2078 4802 gine
2110 4731 2294 4785 homo.
2340 4730 2463 4785 Hinc
2513 4730 2681 4799 igitur
2726 4737 2780 4783 et
2817 4730 3086 4799 ejusmodi
3135 4733 3344 4788 visione
3375 4743 3534 4791 tenus

1956 4837 2079 4875 cum
2121 4822 2249 4884 sint,
2291 4837 2418 4876 vere
2452 4835 2575 4875 esse
2625 4835 2732 4874 non
2775 4820 2994 4877 habent.
3044 4823 3200 4886 Quod
3236 4825 3280 4879 si
3314 4825 3533 4894 judaica

1961 4912 2218 4983 opinione
2269 4913 2494 4965 omnino
2543 4926 2653 4964 non
2695 4926 2818 4965 esse
2859 4909 3209 4981 Unigenitum
3257 4923 3532 4979 astruuut,

1962 5005 2225 5075 praeclare
2273 5005 2374 5058 soli
2414 5003 2563 5056 Patri
2600 5019 2722 5057 vere
2751 5019 2872 5057 esse
2904 5019 3005 5058 suo
3035 5005 3351 5060 testimonio
3383 5008 3536 5061 attri—

1963 5098 2156 5152 bttttnt.
2198 5096 2352 5161 Quod
2398 5096 2440 5150 si
2494 5111 2602 5147 non
2662 5105 2860 5164 negant
2893 5096 3141 5151 eumdem
3182 5097 3532 5167 Unigenitum

1963 5191 2206 5242 omnium
2259 5187 2546 5251 factorem,
2593 5187 2720 5255 quia
2766 5198 2870 5251 est,
2922 5188 3352 5253 persuadeantur
3410 5202 3532 5241 eum

1962 5282 2056 5351 qui
2109 5290 2193 5335 est
2253 5297 2380 5335 vera
2428 5281 2668 5334 essentia
2729 5296 3071 5350 nequaquam
3135 5280 3370 5347 privare.
3430 5277 3533 5341 Qui

1964 5375 2202 5444 seipsum
2241 5374 2293 5427 in
2342 5390 2427 5434 ea,
2475 5389 2594 5442 qua:
2641 5372 2810 5443 Moysi
2863 5373 3008 5426 facta
3043 5381 3146 5432 est,
3184 5369 3274 5422 Dei
3315 5369 3536 5436 appari-

1963 5469 2131 5531 tione,
2181 5483 2304 5520 eum
2369 5467 2460 5536 qui
2518 5474 2623 5527 est,
2677 5465 3000 5524 nominavit,
3041 5475 3164 5513 cum
3205 5460 3380 5513 dixit:
3425 5459 3534 5530 Ego

1967 5574 2081 5611 sum
2130 5559 2220 5627 qui
2247 5574 2363 5611 sum
2394 5559 2460 5612 ’³.
2499 5554 2970 5623 Quemadmodum
3002 5549 3308 5606 Eunomius
3343 5552 3397 5606 itt
3449 5568 3538 5608 se-

2381 5762 2420 5790 “
2487 5760 2642 5814 Joan.
2697 5773 2802 5818 XIV,
2847 5756 2899 5810 9.
2979 5756 3022 5785 τ’
3078 5752 3263 5808 Matth.
3311 5773 3382 5822 vt,
3439 5756 3529 5810 ‘27.
