4068 6148
476 347 581 402 4⁸19

1715 341 1771 395 S.
1810 339 2139 397 GREGORII
2173 341 2458 398 NYSSENI

3630 346 3738 401 680

475 467 774 539 quentibus
831 465 1212 530 sermonibus,
1273 463 1402 518 buic
1459 463 1762 518 assentilur
1823 465 2048 525 dicens.

2159 465 2364 518 τίθεται
2386 465 2549 519 αὑτὸν
2597 461 2736 519 εἶναι
2774 466 2965 534 λέγων,
2993 466 3085 520 τὸν
3117 467 3194 537 τῷ
3231 466 3431 538 Μωῦσῇ
3475 468 3738 536 φανέντα.

475 562 655 630 ipsum
723 574 844 613 esse
915 557 1272 628 Unigeuitum
1338 555 1432 626 qui
1520 555 1691 627 Moysi
1781 558 2052 625 apparuit.

473 650 677 704 Deinde
713 651 808 711 ait,
839 648 904 702 Et
945 661 1138 703 natura
1189 657 1236 702 et
1279 648 1452 717 gloria
1503 645 1670 700 Deum
1709 663 1820 700 esse
1869 663 2052 700 unum.

476 742 533 795 Si
567 743 733 813 igitur
759 740 1084 811 Unigenitus
1099 750 1182 796 est
1217 740 1380 803 Deus,
1410 756 1507 793 uec
1535 739 1607 794 sit
1630 749 1830 794 natura
1866 739 2010 795 Deus
2039 758 2051 792 :

475 837 593 906 ipse
641 835 834 889 viderit
865 836 956 904 qui
1005 835 1121 888 haec
1168 833 1321 887 dicit.
1355 831 1510 898 Quod
1546 833 1591 886 si
1646 847 1755 885 non
1803 840 1887 886 est
1916 831 2058 886 Deus

474 929 568 999 qui
620 944 728 980 nou
770 926 842 979 sit
871 935 1071 979 natura
1109 925 1271 989 Deus,
1317 924 1536 977 discant
1569 937 1596 974 a
1633 937 1829 992 magno
1865 921 2055 986 Paulo,

474 1019 622 1092 quod
670 1021 764 1090 qui
819 1020 1071 1075 serviunt
1123 1019 1190 1073 iis
1236 1019 1329 1086 qui
1381 1034 1486 1070 non
1531 1025 1660 1070 sunt
1709 1025 1904 1070 natura
1957 1015 2054 1079 dii,

473 1131 586 1170 nou
615 1115 862 1169 serviunt
891 1113 999 1168 Deo
1030 1113 1098 1165 ⁷⁸.
1127 1111 1238 1166 Nos
1267 1120 1448 1165 autem
1483 1111 1592 1165 Deo
1623 1113 1822 1165 viventi
1849 1123 1900 1166 et
1931 1129 2058 1167 vero

474 1207 748 1262 servimus
797 1206 944 1259 sicut
974 1204 1294 1272 _Apostolus
1322 1203 1459 1256 dicit
1499 1222 1511 1258 :
1549 1202 1648 1256 Cui
1678 1205 1930 1257 servimus
1967 1202 2058 1256 Je-

475 1315 565 1352 sus
590 1308 666 1351 est
693 1297 938 1351 Christus
966 1297 1032 1348 ⁷⁵.
1078 1295 1214 1348 Huic
1245 1295 1388 1349 enim
1423 1294 1538 1363 ipse
1567 1295 1728 1348 etiam
1779 1297 2058 1364 apostolus

474 1387 680 1442 Paulus
714 1387 919 1441 servire
953 1387 1240 1457 gloriatur,
1273 1385 1401 1438 dum
1426 1385 1558 1438 dicit
1598 1402 1611 1437 :
1647 1384 1850 1438 Paulus
1882 1403 2057 1440 servus

474 1480 606 1535 Jesu
658 1478 856 1534 Christi
901 1481 970 1534 7“.
1017 1479 1126 1533 Nos
1169 1479 1337 1549 igitur
1389 1478 1480 1546 qui
1524 1494 1628 1531 non
1675 1478 1911 1547 amplius
1946 1495 2060 1534 ser-

476 1572 658 1627 vimus
725 1573 793 1626 iis
854 1572 946 1642 qui
1005 1588 1114 1625 non
1191 1579 1319 1625 sunt
1375 1578 1572 1624 natura
1635 1571 1742 1634 dii,
1781 1587 1903 1624 eum
1965 1571 2058 1640 qui

475 1674 562 1720 est
614 1673 810 1718 natura
861 1665 1003 1719 Deus
1041 1665 1423 1734 cognovimus,
1451 1661 1551 1717 Cui
1587 1680 1719 1732 genu
1766 1680 1916 1717 omne
1963 1664 2060 1732 ﬂe-

475 1757 639 1809 ctitur
685 1756 993 1819 ca'lestium,
1031 1755 1382 1819 terrestrium,
1413 1763 1462 1806 et
1511 1743 1798 1822 inferorum
1843 1753 1910 1806 τ’.
1940 1752 2056 1806 Νοιι

2160 553 2294 609 Εἶτα
2321 559 2497 621 φύσει
2521 574 2584 610 τε
2615 559 2710 610 καὶ
2742 557 2889 628 δόξῃ
2909 560 3057 612 Θεόν
3088 575 3250 628 metu
3287 559 3415 612 ἕνα.
3439 560 3503 612 Εἰ
3529 560 3629 630 μὲν
3642 558 3742 614 οὖν

2158 646 2305 699 ἐστιν
2331 648 2358 698 6
2380 646 2510 711 Θεὸς
2531 650 2697 718 χωρὶς
2715 648 2809 701 τοῦ
2841 645 2977 701 εἶναι
2999 649 3158 717 φύσει
3183 649 3334 713 Θεὸς,
3361 651 3520 715 αὐτὸς
3550 651 3615 705 ἂν
3655 655 3741 706 εἰ·

2157 739 2271 809 δείη
2297 741 2324 790 ὁ
2355 739 2525 792 ταῦτα
2554 740 2757 808 λέγων·
2783 743 2830 793 εί
2855 742 2910 794 δὲ
2938 741 3037 793 οὐκ
3077 740 3192 793 ἐστι
3243 742 3372 805 Θεὸς
3403 744 3430 795 6
3464 743 3540 814 μὴ
3573 744 3744 813 φύσει

2158 829 2289 892 Θεὸς
2341 828 2433 892 ἴυν,
2475 830 2792 900 μαθέτωσαν
2842 832 2990 902 παρά
3042 831 3136 885 τοῦ
3204 833 3440 904 μεγάλου
3495 835 3745 900 Παύλου,

2157 920 2238 972 ὅτι
2267 922 2314 972 οἱ
2359 920 2696 984 δουλεύοντες
2727 924 2838 986 τοῖς
2875 923 2950 994 μὴ
2985 923 3143 992 φύσει
3172 925 3332 989 θεοῖς,
3362 925 3481 996 Θεῷ
3519 927 3578 979 οὐ
3611 927 3741 980 δου-

2158 1011 2428 1064 λεύουσιν·
2464 1015 2619 1083 ἡμεῖς
2651 1016 2708 1067 δὲ
2738 1014 3059 1086 δουλεύομεν
3086 1017 3201 1093 Θεῷ
3225 1017 3386 1081 ζῶντί
3405 1037 3462 1071 τε
3481 1020 3574 1072 καὶ
3604 1021 3738 1090 ἀλη·

2161 1101 2318 1173 θινῷ·
2343 1104 2519 1167 καθὼς
2552 1108 2579 1158 6
2616 1107 2936 1170 Ἀπόστολος
2962 1107 3128 1175 λέγει·
3156 1102 3228 1179 τῼ
3257 1108 3326 1162 δὲ
3343 1109 3742 1180 δουλεύομεν,

2175 1195 2599 1280 Ἰησοῦς-,ἑστιν
2656 1202 2687 1251 ό
2717 1200 2985 1266 Χριστός.
3030 1201 3215 1270 Τούτῳ
3256 1201 3366 1269 γὰρ
3413 1203 3504 1255 καὶ
3535 1204 3562 1255 6
3595 1204 3744 1256 ἀπό-

2162 1287 2344 1350 στολος
2381 1289 2588 1352 Παῦλος
2621 1291 2888 1344 δουλεύειν
2933 1295 3220 1362 καυχᾶται,
3255 1292 3426 1361 λέγων
3446 1309 3460 1321 ·
3491 1295 3744 1362 Παῦλος

2160 1379 2378 1445 δοῦλος
2437 1382 2628 1448 Ἰησοῦ
2672 1384 2953 1450 λῃστοῦ.
3003 1385 3194 1454 Ἡμεῖς
3249 1386 3426 1438 τοίνυν
3452 1389 3499 1438 οἱ
3539 1389 3746 1456 μηκέτι

2159 1469 2496 1536 δουλεύοντες
2520 1477 2627 1537 τοῖς
2659 1475 2818 1542 φύσει
2851 1476 2924 1546 μὴ
2948 1472 3066 1530 οὖσι
3096 1477 3261 1546 θεοῖς,
3305 1478 3618 1547 ἐπέγνωμεν
3644 1481 3747 1532 τὸν

2162 1561 2320 1630 φύσει
2355 1563 2481 1618 ὄντα
2530 1565 2699 1631 Θεόν,
2746 1562 2820 1637 τῼ
2863 1567 2986 1622 πᾶν
3012 1569 3158 1638 γόνυ
3203 1567 3448 1635 κάμπτει
3483 1570 3741 1638 ἐπουρα-

2159 1659 2324 1719 νίων,
2370 1660 2464 1711 καὶ
2499 1660 2774 1729 ἐπιγείων
2814 1664 2909 1715 καὶ
2968 1662 3394 1730 καταχθονίων.
3431 1663 3542 1714 Ούκ
3586 1663 3652 1715 ἂν
3681 1665 3744 1717 δὲ

2161 1750 2571 1822 ἐδουλεύσαμεν,
2599 1756 2646 1806 εὶ
2673 1755 2749 1825 μὴ
2776 1755 3196 1824 ἐπιστεύσαμεν,
3238 1754 3318 1806 ὃτι
3351 1750 3504 1816 οὗτος
3538 1756 3685 1806 ἐστὶν
3724 1762 3757 1807 ὸ

477 1857 660 1900 autem
702 1848 1089 1910 servissemus,
1150 1845 1258 1900 nisi
1293 1845 1742 1909 credidissemus,
1782 1844 1928 1914 quod
1967 1845 2048 1898 hic

2158 1842 2265 1908 ζῶν
2295 1862 2353 1896 τε
2385 1845 2635 1916 ἀληθινὸς
2673 1845 2802 1912 Θεός
2827 1865 2842 1877 θ
2864 1842 2907 1916 ᾧ
2935 1850 3086 1900 πᾶσα
3131 1847 3352 1915 γλῶσσα
3399 1845 3734 1914 ἐξομολογεῖ-

472 1947 560 1994 est
601 1939 759 1993 vivus
803 1947 857 1993 et
894 1955 1054 1993 verus
1103 1937 1266 2001 Deus,
1321 1937 1412 1990 cui
1454 1939 1632 1991 omnis
1671 1937 1851 2006 lingua
1883 1936 2054 1991 conli-

474 2041 642 2096 tetur,
677 2033 815 2099 Quia
848 2031 1104 2085 Dominus
1132 2030 1291 2085 Iesus
1324 2030 1376 2084 in
1407 2029 1630 2100 gloriam
1668 2040 1746 2084 est
1782 2029 1961 2083 Patris
1986 2032 2051 2083 7".

553 2125 742 2185 Deum,
763 2123 1368 2192 inquit,unum,absque
1393 2123 1593 2192 origine
1627 2124 1731 2175 sire
1763 2122 2052 2190 principio:

474 2224 686 2278 aeterne,
743 2213 856 2266 sine
889 2211 992 2280 ﬁne
1054 2211 1248 2264 solum.
1299 2210 1500 2264 Rursus
1558 2211 1867 2278 intelligite,
1925 2226 2052 2278 par-

475 2307 602 2368 vuli,
629 2306 881 2359 astutiam
901 2305 946 2336 ⁷⁸
979 2304 1178 2375 (inquit
1207 2304 1510 2371 Solomon),
1547 2320 1612 2357 ue
1640 2302 1932 2372 aliquando
1957 2303 2054 2357 de-

475 2400 616 2469 cepti
656 2399 707 2452 iu
743 2397 960 2452 deitatis
997 2394 1270 2466 Unigeuiti
1320 2397 1736 2465 abuegatinuem
1778 2394 2050 2449 incidatis.

473 2493 530 2546 ld
582 2491 702 2547 sine
748 2490 850 2544 line
879 2497 983 2554 est,
1028 2490 1174 2558 quod
1203 2490 1396 2545 mortis
1441 2499 1493 2544 et
1529 2489 1785 2544 interitus
1827 2502 1934 2541 non
1968 2495 2053 2542 est

472 2595 666 2648 capax.
720 2577 921 2632 Eodem
974 2579 1136 2632 modo
1180 2579 1233 2632 id
1286 2587 1551 2633 aeternum
1601 2587 1685 2632 est
1738 2578 1885 2646 quod
1941 2591 2051 2631 non

471 2671 540 2723 ad
599 2679 813 2738 tempus
861 2667 1087 2722 dicitur.
1138 2668 1294 2734 Quod
1340 2670 1505 2738 igitur
1560 2685 1734 2738 neque
1787 2676 2050 2723 aeternum

471 2768 576 2822 est,
630 2775 805 2828 neque
846 2762 952 2812 line
995 2768 1183 2822 caret,
1229 2757 1332 2811 hoc
1367 2773 1592 2826 prorsus
1623 2759 1676 2810 in
1708 2766 1904 2811 natura
1929 2771 2052 2810 cor-

471 2852 719 2921 ruptibili
753 2859 806 2905 et
861 2852 1149 2920 temporali
1207 2851 1472 2904 cernitur.
1517 2849 1658 2920 Ergo
1715 2850 1806 2919 qui
1862 2850 1954 2903 uni
1997 2857 2052 2903 et

471 2943 574 2997 soli
615 2941 723 2996 Deo
771 2943 823 2997 id
883 2943 1028 3011 quod
1075 2943 1180 2997 line
1217 2952 1271 2997 et
1306 2943 1453 2996 exitu
1495 2950 1644 2996 caret
1676 2957 1777 2996 suo
1806 2943 2051 2996 testimo-

472 3035 566 3088 nio
596 3035 878 3100 attribuit;
916 3052 1023 3089 non
1052 3043 1232 3088 autem
1268 3035 1642 3104 complectens
1665 3033 1862 3088 Filium
1888 3044 2050 3090 auer-

471 3127 528 3180 ui
593 3135 646 3179 et
695 3127 800 3181 line
869 3128 1109 3182 carentis
1163 3127 1582 3197 signiﬁcatione,
1637 3127 2047 3196 corruptibilem

2161 1953 2266 1998 ται,
2298 1938 2377 1990 ὅτι
2417 1940 2632 2008 Κύριος
2670 1941 2897 2008 Ἰησοῦς
2923 1945 3009 2007 εἰς
3037 1941 3226 2005 δόξαν
3249 1938 3396 1994 Θεοῦ
3426 1941 3674 2006 Πατρός.

2233 2030 2400 2092 Θεὸν,
2424 2034 2608 2102 φησὶν,
2628 2033 2755 2095 ἕνα,
2785 2035 3076 2102 ἁνάρχως,
3093 2033 3294 2098 ἀϊδίως
3327 2030 3747 2099 citatam-2ith

2154 2123 2362 2192 μόνον,
2387 2123 2577 2177 Πάλιν
2592 2122 2871 2189 νοήσατε,
2887 2121 3118 2191 ἄκακοι,
3134 2125 3505 2194 πανουργίαν
3521 2167 3536 2189 ι
3570 2127 3751 2194 φησὶν

2159 2215 2187 2264 6
2211 2211 2491 2282 Σολομὼν·
2527 2215 2600 2284 μή
2640 2231 2766 2266 ποτε
2801 2216 2878 2276 εἰς
2914 2215 3138 2286 ἄρνησιν
3159 2215 3253 2284 τῆς
3275 2214 3366 2267 τοῦ
3398 2215 3748 2282 Μονογενοῦς

2161 2303 2412 2376 θεότητος
2457 2305 2826 2374 ἀπατηθέντες
2871 2307 3163 2377 ἐκπέσητε.
3207 2306 3584 2376 ’Δτελεύτητόν
3619 2309 3745 2360 ἐστι

2158 2397 2219 2449 τὸ
2270 2396 2500 2451 Θανάτου
2549 2400 2640 2452 καὶ⁵
2675 2399 2879 2471 φθορᾶς
2922 2401 3290 2457 ἀνεπίδεκτον.
3349 2402 3621 2465 Ὡσαύτως
3645 2401 3750 2455 καὶ

2159 2487 2325 2540 ἀΐδιον
2368 2489 2429 2542 τὸ
2465 2490 2538 2561 μὴ
2586 2491 2919 2563 πρόσκαιρον
2973 2493 3210 2562 λέγεται.
3256 2496 3321 2546 Ὃ
3370 2493 3548 2548 τοίνυν
3601 2495 3751 2564 μήτε

2158 2578 2324 2632 ἀΐδιόν
2360 2581 2503 2645 ἐστι,
2535 2583 2673 2652 μήτε
2715 2584 3099 2654 ἀτελεύτητον·
3125 2584 3283 2639 τοῦτο
3319 2586 3538 2648 πάντως
3573 2586 3632 2638 ὲν
3669 2589 3748 2656 τῇ

2160 2670 2370 2741 φθαρτῇ
2407 2689 2466 2724 τε
2505 2675 2600 2727 καὶ
2639 2676 2887 2748 ὲπικήρῳ
2919 2677 3202 2749 θεωρεῖται
3249 2677 3426 2746 φύσει.
3471 2678 3682 2731 υύκοῦν
3715 2681 3749 2731 ὁ

2157 2763 2216 2815 τὸ
2245 2764 2599 2836 ἀτελεύτητον
2616 2768 2692 2838 τῷ
2719 2769 2800 2821 ἑνὶ
2829 2770 2922 2822 καλ⁵
2949 2771 3094 2840 μόνῳ
3124 2771 3567 2842 προσμαρτυρῶν
3593 2770 3743 2841 Θεῷ·

2160 2855 2236 2926 μὴ
2273 2859 2808 2930 συμπεριλαμϐάνων
2833 2862 2891 2915 δὲ
2920 2862 3009 2916 τὸν
3050 2863 3176 2916 Υἱὸν
3205 2866 3270 2932 τῇ
3313 2862 3405 2916 τοῦ
3445 2864 3743 2932 ἀτελευτή-

2155 2965 2249 3001 του
2291 2951 2384 3004 καὶ
2429 2953 2598 3005 ἀϊδίου
2653 2955 2932 3024 σημασιᾳ,
2971 2954 3209 3026 φθαρτὸν
3257 2955 3421 3008 αὑτὸν
3465 2950 3600 3008 εἶναι
3641 2956 3740 3008 καὶ

2155 3039 2487 3112 πρόσκαιρον
2507 3042 2596 3096 διὰ
2622 3043 2716 3096 τοῦ
2749 3045 2990 3098 τοιούτου
3019 3047 3177 3114 λόγου
3210 3044 3736 3106 κατασκευάζέι,τὸν

2155 3131 2232 3200 τῷ
2255 3132 2409 3202 ἀϊδίῳ
2438 3135 2530 3187 καὶ
2557 3135 2898 3207 ἀτελευτήτῳ
2931 3138 3506 3209 ἀντιδιαστελλόμενον.
3533 3138 3740 3207 Ἡμεῖς

471 3221 649 3289 ipsum
702 3237 825 3276 esse
871 3229 926 3275 et
977 3221 1333 3290 temporalem
1390 3235 1483 3288 per
1540 3220 1683 3274 lumc
1743 3235 2048 3274 sermonem

2154 3221 2209 3273 δὲ
2231 3221 2331 3274 κᾶν
2365 3223 2684 3295 ἀκούσωμεν
2725 3228 2808 3280 ὅτι
2842 3227 3001 3297 μόνος
3031 3229 3058 3280 6
3091 3229 3222 3293 Θεὸς
3252 3208 3364 3299 ἔχει
3393 3230 3492 3300 τὴν
3531 3227 3746 3282 ἀθανα-

469 3315 778 3374 continuat,
812 3315 904 3383 qui
945 3314 1013 3366 ab
1059 3321 1284 3376 aeterno,
1319 3319 1372 3366 et
1403 3311 1826 3380 iucorruptibili,
1858 3319 1912 3364 et
1949 3312 2053 3365 line

467 3406 680 3458 carenti
720 3405 922 3458 diﬂ’ert.
952 3404 1062 3457 Nos
1090 3412 1272 3457 autem
1294 3405 1548 3470 quamvis
1577 3403 1870 3455 audiamus
1905 3403 2050 3471 quod

469 3494 624 3548 solus
677 3491 820 3545 Deus
852 3491 1015 3544 habet
1062 3490 1525 3543 immortalitatem
1559 3489 1606 3520 ⁸ο
1652 3507 1665 3544 :
1702 3506 1797 3559 per
1827 3491 2050 3544 inuuor-

468 3585 736 3638 talitatem
784 3583 951 3636 etiam
989 3581 1186 3634 Filium
1229 3581 1606 3652 intelligimus.
1661 3582 2050 3641 lmmortalitas

464 3676 616 3732 enim
668 3683 749 3728 est
799 3673 947 3738 vita;
1006 3672 1223 3727 iametsi
1255 3672 1399 3728 Deus
1448 3674 1662 3729 dicatur
1693 3675 1937 3730 habitare
1969 3677 2049 3730 lu-

466 3781 587 3823 cem
642 3766 981 3820 inaccessam
1014 3765 1058 3796 ⁸¹
1089 3783 1102 3820 :
1135 3766 1298 3820 etiam
1334 3781 1522 3820 verum
1555 3767 1756 3832 lumen,
1786 3768 1931 3837 quod
1964 3777 2049 3823 est

465 3857 756 3914 mendacio
802 3858 1204 3920 inaccessibile,
1260 3857 1609 3928 Unigenitum
1663 3860 1892 3930 intelligi
1937 3875 2046 3915 non

467 3949 820 4019 ambigimus,
891 3949 944 4002 in
1003 3964 1134 4018 quo-
1173 3948 1344 4005 Deum
1387 3949 1602 4004 Patrem
1657 3966 1780 4006 esse
1824 3951 1894 4004 ab
1930 3952 2046 4020 ipsa

464 4045 697 4098 veritate
740 4041 1054 4097 didicimus.
1085 4041 1164 4097 Ex
1203 4043 1287 4097 liis
1324 4042 1544 4096 auditor
1581 4043 1728 4111 quod
1776 4043 1948 4113 magis
1974 4044 2046 4097 sit

463 4135 615 4206 pium
649 4134 873 4204 coliigat
900 4152 914 4188 :
941 4144 1126 4189 utrum
1174 4137 1256 4189 sic
1295 4136 1363 4190 de
1414 4135 1706 4205 Unigeuito
1745 4136 1958 4204 opinari
1990 4148 2045 4193 et

463 4229 670 4284 sentire
717 4228 829 4283 Deo
869 4229 1071 4285 decore
1120 4239 1372 4300 oportet;
1412 4246 1480 4284 an
1523 4231 1961 4301 corruptibilem,
1992 4243 2046 4287 et

461 4319 530 4374 ad
575 4329 790 4390 tempus
815 4336 938 4375 eum
971 4336 1097 4375 esse
1127 4321 1333 4385 dicere,
1383 4322 1526 4377 sicut
1563 4332 1752 4378 censet
1795 4324 2040 4381 hieresis.

461 4407 590 4462 Non
635 4410 866 4462 essentia
925 4409 1150 4480 (inquit)
1203 4409 1488 4464 secundum
1543 4429 1699 4482 quam
1749 4423 1825 4467 est
1883 4430 2038 4478 unus,

2156 3313 2294 3376 σίαν,
2329 3315 2420 3368 τὸν
2444 3315 2566 3368 Υίὸν
2595 3318 2682 3372 διὰ
2698 3320 2796 3389 τῆς
2822 3320 3117 3385 ἀθανασίας
3147 3322 3395 3393 νοοῦμεν.
3435 3323 3741 3376 Ἀθανασία

2153 3407 2261 3477 γάρ
2294 3409 2440 3460 ἐστιν
2463 3411 2495 3479 ἡ
2525 3410 2636 3482 ζωή
2662 3429 2673 3440 ·
2707 3413 2810 3466 κάν
2833 3413 3054 3483 λέγηται
3081 3415 3195 3484 φῶς
3215 3418 3385 3470 οἰκεῖν
3410 3417 3740 3486 ἀπρόσιτον.

2152 3499 2318 3552 Πάλιν
2351 3502 2410 3552 τὸ
2459 3502 2710 3571 ἀληθινὸν
2758 3505 2894 3574 φῶς,
2923 3507 3058 3577 ὅπερ
3095 3508 3210 3560 ἐστὶ
3235 3507 3312 3578 τῷ
3340 3507 3526 3576 ψεύδει
3560 3509 3745 3577 ἀπρό-

2153 3610 2318 3651 σιτον,
2354 3594 2445 3647 τὸν
2485 3597 2762 3667 Μονογενῆ
2797 3599 3030 3650 νοεῖσθαι
3063 3601 3162 3653 οὐκ
3213 3600 3651 3670 ἀμφιϐάλλομεν,
3675 3603 3746 3653 ἐν

2148 3679 2193 3753 ᾧ
2221 3687 2312 3738 τὸν
2343 3687 2560 3758 Πατέρα
2583 3681 2720 3741 εἶναι
2750 3691 2878 3759 παρ’
2912 3691 3080 3760 αὐτῆς
3103 3694 3202 3762 τῆς
3230 3691 3486 3762 ἀληθείας
3527 3693 3738 3762 ἐμάθο-

2153 3793 2272 3845 μεν.
2318 3778 2411 3830 ‘Ex
2439 3778 2641 3831 τούτων
2675 3779 2730 3832 δὲ
2749 3782 2778 3832 6
2801 3781 3072 3852 ἀκροατὴς
3125 3782 3463 3848 ὲπιλεξάσθω
3489 3785 3550 3836 τὸ
3575 3786 3739 3838 εὐσε-

2149 3868 2425 3939 ϐέστερον,
2444 3869 2552 3923 εἴτε
2575 3869 2716 3924 οὓτω
2741 3872 2846 3943 χρὴ
2878 3873 3006 3943 περὶ
3025 3872 3118 3926 τοῦ
3147 3873 3478 3942 Μονογενοῠς
3504 3876 3744 3946 θεοπρε-

2148 3958 2266 4022 πῶς
2299 3957 2543 4026 δοξάζειν
2565 3977 2578 3990 ·
2615 3962 2724 4016 εἴτε
2753 3963 2989 4034 φθαρτόν
3014 3981 3074 4016 τε
3103 3967 3195 4018 καὶ
3231 3966 3565 4037 πρόσκαιρον
3586 3963 3743 4022 εἶναι

2145 4053 2434 4122 λέγειν,ὡς
2463 4055 2801 4125 ὑφηγεῖταιὴ
2826 4056 3056 4126 αἵρεσις.
3079 4059 3160 4110 Οὐ
3181 4057 3544 4124 τὴνούσίαν,
3564 4061 3735 4128 φησὶ,

2145 4149 2272 4201 καθ’
2303 4148 2382 4214 ἢν
2429 4149 2600 4200 ἐστιν
2645 4143 2752 4214 εἷς,
2797 4147 3187 4216 χωριζόμενον
3221 4152 3307 4215 εἰς
3362 4151 3612 4216 πλείους
3637 4166 3651 4180 ⁸
3691 4157 3741 4224 ἦ

2145 4237 2365 4292 ἄλλοτε
2379 4238 2574 4291 ἄλλον
2595 4237 2970 4306 γινόμενον,ἣ
2987 4255 3051 4289 το
3061 4237 3092 4289 ῑ·
3107 4234 3438 4291 εἷναιὸἑστι
3451 4239 3742 4306 [redund-

2136 4347 2345 4399 μενον,
2371 4329 2513 4384 οὐδὲ
2537 4332 2604 4384 ἐκ
2621 4330 2762 4401 μιᾶς
2775 4333 2991 4397 οὐσίας
3006 4333 3092 4397 εἷς
3112 4333 3452 4385 ὑπόστασιν
3465 4333 3740 4399 τρισσὴν

2143 4420 2667 4491 σχηματιζόμενον.
2702 4423 2904 4491 Πάντη
2941 4425 3050 4493 γὰρ
3097 4424 3192 4477 καὶ
3239 4423 3514 4488 καθάπαξ
3550 4423 3739 4480 ἐστὶν

460 4500 515 4551 in
562 4499 736 4567 plures
769 4510 1095 4568 separatum,
1127 4501 1204 4554 vel
1251 4501 1389 4558 alias
1443 4503 1592 4556 aliud
1640 4507 1766 4574 quid
1813 4505 2037 4573 factum,

2153 4508 2251 4578 εἷς,
2286 4514 2435 4568 κατὰ
2480 4515 2551 4568 τὰ
2583 4516 2735 4570 αὐτά
2768 4534 2829 4570 τε
2857 4518 2954 4570 καὶ
2986 4519 3272 4583 ὡσαύτως
3302 4517 3596 4587 διαμένων
3621 4521 3737 4584 μό-

459 4593 540 4647 rel
585 4592 649 4645 ab
700 4609 758 4647 eo
812 4595 949 4664 quod
999 4603 1100 4654 est,
1149 4594 1551 4663 demigrantem,
1600 4613 1762 4666 neque
1817 4613 1884 4651 ea:
1932 4615 2040 4652 una

459 4687 688 4736 essentia
729 4685 784 4735 in
829 4685 1027 4736 trinam
1076 4685 1405 4753 hypostasim
1452 4688 1760 4755 ﬁguratum.
1812 4687 2040 4744 Omnino

459 4777 597 4829 enim
640 4783 688 4827 et
735 4777 941 4844 penitus
983 4792 1119 4830 unus
1148 4786 1248 4831 est.
1268 4779 1553 4831 secundum
1576 4780 1758 4834 eadem
1781 4789 1830 4834 et
1857 4781 2039 4835 eodem

459 4864 616 4919 modo
650 4881 958 4934 permanens
995 4871 1159 4923 solus.
1215 4867 1290 4922 Ex
1324 4869 1408 4923 liis
1437 4873 1733 4939 propositis
1766 4872 1922 4928 decet
1956 4877 2038 4927 in-

457 4957 786 5027 telligentem
810 4959 1113 5013 auditorem
1154 4960 1498 5026 discernere,
1529 4963 1762 5031 primum
1787 4967 2033 5033 quidem,

455 5065 579 5120 qua:
629 5050 749 5106 sine
793 5065 958 5104 sensu
1011 5051 1251 5120 projecta
1300 5062 1429 5106 sunt
1459 5053 1513 5107 in
1566 5056 1814 5109 oratione
1847 5059 2033 5113 inania

454 5146 642 5208 verba,
691 5142 760 5196 ab
795 5143 862 5197 iis
899 5157 1021 5210 qua:
1050 5143 1505 5212 signiﬁcationem
1562 5147 1802 5216 aliquam
1833 5149 2034 5206 habere

2143 4624 2270 4673 νος.
2315 4607 2409 4660 Ἐκ
2434 4607 2639 4660 τούτων
2666 4609 2720 4661 δὲ
2750 4609 2857 4661 τῶν
2889 4609 3303 4678 παρατεθέντων
3335 4610 3600 4679 προσήκει
3631 4608 3734 4660 τὸν

2144 4698 2362 4751 συνετὸν
2395 4700 2670 4768 ἀκροατὴν
2709 4700 3000 4770 διακρῖναι,
3033 4701 3247 4771 πρῶτον
3302 4700 3400 4770 μὲν
3444 4699 3511 4753 τὰ
3551 4702 3730 4769 χωρὶς

2140 4789 2377 4852 διανοίας
2421 4791 2713 4860 ἐκριφέντα
2761 4791 2836 4860 τῷ
2881 4791 3026 4861 λόγῳ
3081 4791 3303 4844 διάκενα
3351 4791 3570 4860 ῥήματα
3613 4791 3732 4842 ἀπὸ

2140 4879 2248 4932 τῶν
2272 4879 2570 4933 δοκούντων
2599 4880 2722 4933 νοῦν
2752 4881 2915 4950 ἔχειν.
2950 4881 3107 4936 Μετά
3140 4881 3312 4935 ταῦτα
3347 4882 3404 4933 δὲ
3445 4879 3544 4951 τὴν
3573 4882 3730 4950 εὑρι-

2143 4973 2415 5043 σκομένην
2457 4976 2515 5026 ὲν
2565 4975 2674 5036 τοῖς
2729 4974 3039 5037 ὑπολοίποις
3070 4975 3307 5026 διάνοιαν
3340 4973 3448 5025 τῶν
3502 4972 3730 5043 εἰρημὲο

2137 5081 2242 5115 νων
2289 5065 2637 5129 ἐπισκοπεῖν,
2670 5065 2719 5117 εἰ
2761 5053 3046 5135 συμϐαίνει
3091 5067 3156 5135 τῇ
3200 5063 3328 5134 περὶ
3366 5063 3459 5116 τὸν
3483 5063 3727 5134 Χριστὸν

2135 5152 2408 5225 εὐσεϐείᾳ.

451 5235 740 5302 videntur;
780 5233 977 5289 deinde
1006 5235 1062 5287 in
1103 5233 1331 5305 reliquis
1361 5237 1524 5292 dictis
1588 5240 1912 5293 sententiam
1979 5258 2100 5312 quin
2138 5244 2417 5299 invenitur
2474 5247 2808 5316 perspicere,
2867 5256 3046 5300 utrum
3102 5245 3289 5315 pietati
3346 5261 3468 5317 qua:
3524 5257 3614 5303 est
3661 5246 3721 5300 iu

450 5331 637 5388 Jesum
681 5330 995 5384 conveniat.

521 5425 710 5480 Priora
755 5424 921 5494 igitur
967 5423 1130 5477 verba
1166 5437 1289 5492 qua:
1346 5422 1434 5477 hic
1473 5433 1604 5478 sunt
1659 5428 1904 5495 apposita
1975 5429 2027 5482 in

451 5517 792 5583 universum,
835 5533 1012 5589 neque
1053 5517 1274 5579 bonam,
1326 5532 1504 5587 neque
1545 5517 1739 5571 malam
1787 5519 2027 5586 a'iqnam

519 5649 567 5680 “
612 5648 766 5702 Rom.
813 5667 851 5712 ι.
901 5653 991 5708 21.
1069 5655 1114 5687 ⁷⁸
1152 5652 1281 5709 ibid.
1319 5655 1370 5708 9.
1451 5654 1496 5685 ⁷⁶
1529 5655 1658 5710 ibid.
1707 5656 1750 5708 l.

453 5720 540 5778 ‘IG.
617 5719 662 5751 ⁸³
732 5720 863 5774 ibid.

1831 5657 1872 5685 ττ
1899 5655 2131 5725 Philipp.
2172 5671 2228 5718 ιι,
2267 5658 2345 5709 l0.
2404 5657 2446 5684 ϊ
2473 5656 2598 5710 ibid.
2641 5657 2720 5710 ll.

2197 5427 2239 5479 Τ
2245 5426 2277 5480 ἀ
2301 5428 2396 5497 μὲν
2409 5423 2501 5480 οὖν
2518 5427 2706 5496 πρῶτα
2730 5426 2837 5479 τῶν
2855 5427 3270 5496 παρατεθέντων
3293 5432 3517 5486 καθόλου
3535 5433 3720 5505 πάσης

2139 5518 2232 5570 καὶ
2260 5517 2429 5584 καλῆς
2463 5518 2554 5568 καὶ
2590 5517 2764 5586 κακῆς
2791 5517 3027 5582 musta;
3063 5519 3409 5590 κεχώρισται.
3443 5524 3582 5578 Τίνα
3611 5529 3721 5597 γὰρ

2800 5660 2842 5692 τιν
2874 5661 3031 5715 Prov.
3071 5677 3185 5726 γηι,
3211 5661 3260 5716 5,
3338 5663 3382 5694 ﬂ
3409 5660 3426 5716 Ι
3453 5661 3599 5722 Tim.
3634 5681 3715 5735 Π,
