  <div class='ocr_page' id='page_1' title='image "/cluster/home/n/w/nwhite01/storage/ocr_20150623/45/mdp.39015011921478/250.png"; bbox 0 0 4064 6146; ppageno 0'>
   <div class='ocr_carea' id='block_1_1' title="bbox 270 253 362 310">
    <p class='ocr_par' dir='ltr' id='par_1_1' title="bbox 270 253 362 310">
     <span class='ocr_line' id='line_1_1' title="bbox 270 253 362 310; baseline -0.043 0"><span class='ocrx_word' id='word_1_1' title='bbox 270 253 362 310; x_wconf 58' lang='grc' dir='ltr'>ὅθί</span> 
     </span>
    </p>
   </div>
   <div class='ocr_carea' id='block_1_2' title="bbox 1393 232 2372 303">
    <p class='ocr_par' dir='ltr' id='par_1_2' title="bbox 1393 232 2372 303">
     <span class='ocr_line' id='line_1_2' title="bbox 1393 232 2372 303; baseline -0.01 -6"><span class='ocrx_word' id='word_1_2' title='bbox 1393 239 1676 297; x_wconf 80' lang='lat' dir='ltr'><strong>CONTRA</strong></span> <span class='ocrx_word' id='word_1_3' title='bbox 1709 234 2096 303; x_wconf 67' lang='lat' dir='ltr'><strong>EDNOMIUM,</strong></span> <span class='ocrx_word' id='word_1_4' title='bbox 2135 232 2264 290; x_wconf 83' lang='lat' dir='ltr'><strong>LIB.</strong></span> <span class='ocrx_word' id='word_1_5' title='bbox 2306 233 2372 289; x_wconf 87' lang='grc' dir='ltr'><strong>ιι.</strong></span> 
     </span>
    </p>
   </div>
   <div class='ocr_carea' id='block_1_3' title="bbox 3407 228 3514 287">
    <p class='ocr_par' dir='ltr' id='par_1_3' title="bbox 3407 228 3514 287">
     <span class='ocr_line' id='line_1_3' title="bbox 3407 228 3514 287; baseline 0.019 -2"><span class='ocrx_word' id='word_1_6' title='bbox 3407 228 3514 287; x_wconf 70' lang='grc'><strong>482</strong></span> 
     </span>
    </p>
   </div>
   <div class='ocr_carea' id='block_1_4' title="bbox 270 347 1852 433">
    <p class='ocr_par' dir='ltr' id='par_1_4' title="bbox 270 351 1841 433">
     <span class='ocr_line' id='line_1_4' title="bbox 270 351 1841 433; baseline -0.007 -12"><span class='ocrx_word' id='word_1_7' title='bbox 270 368 502 423; x_wconf 69' lang='grc' dir='ltr'>διάνοιαν</span> <span class='ocrx_word' id='word_1_8' title='bbox 556 363 667 433; x_wconf 77' lang='grc' dir='ltr'>ἔχει</span> <span class='ocrx_word' id='word_1_9' title='bbox 702 361 782 424; x_wconf 75' lang='grc' dir='ltr'><strong>τὸ,</strong></span> <span class='ocrx_word' id='word_1_10' title='bbox 816 361 877 415; x_wconf 81' lang='grc' dir='ltr'><strong>οὐ</strong></span> <span class='ocrx_word' id='word_1_11' title='bbox 907 361 1004 431; x_wconf 82' lang='grc' dir='ltr'>τὴν</span> <span class='ocrx_word' id='word_1_12' title='bbox 1051 357 1236 412; x_wconf 82' lang='grc' dir='ltr'>οὐσίαν</span> <span class='ocrx_word' id='word_1_13' title='bbox 1281 359 1401 413; x_wconf 87' lang='grc' dir='ltr'>καθ’</span> <span class='ocrx_word' id='word_1_14' title='bbox 1441 360 1508 429; x_wconf 81' lang='grc' dir='ltr'>’ἡν</span> <span class='ocrx_word' id='word_1_15' title='bbox 1543 361 1690 412; x_wconf 81' lang='grc' dir='ltr'>ἐστιν</span> <span class='ocrx_word' id='word_1_16' title='bbox 1741 351 1841 422; x_wconf 76' lang='grc' dir='ltr'>εἷς,</span> 
     </span>
    </p>
   </div>
   <div class='ocr_carea' id='block_1_5' title="bbox 1953 347 3515 433">
    <p class='ocr_par' dir='ltr' id='par_1_5' title="bbox 1953 347 3515 415">
     <span class='ocr_line' id='line_1_5' title="bbox 1953 347 3515 415; baseline -0.004 -6"><span class='ocrx_word' id='word_1_17' title='bbox 1953 354 2273 409; x_wconf 82' lang='lat' dir='ltr'><strong>sententiam</strong></span> <span class='ocrx_word' id='word_1_18' title='bbox 2328 353 2381 406; x_wconf 92' lang='lat' dir='ltr'><strong>in</strong></span> <span class='ocrx_word' id='word_1_19' title='bbox 2430 366 2490 407; x_wconf 85' lang='lat' dir='ltr'><strong>se</strong></span> <span class='ocrx_word' id='word_1_20' title='bbox 2533 349 2832 406; x_wconf 83' lang='lat' dir='ltr'><strong>continent.</strong></span> <span class='ocrx_word' id='word_1_21' title='bbox 2887 347 3062 415; x_wconf 87' lang='lat' dir='ltr'><strong>Quam</strong></span> <span class='ocrx_word' id='word_1_22' title='bbox 3110 347 3254 401; x_wconf 88' lang='lat' dir='ltr'><strong>enim</strong></span> <span class='ocrx_word' id='word_1_23' title='bbox 3290 356 3515 403; x_wconf 85' lang='lat' dir='ltr'><strong>senten-</strong></span> 
     </span>
    </p>
   </div>
   <div class='ocr_carea' id='block_1_6' title="bbox 268 449 1838 531">
    <p class='ocr_par' dir='ltr' id='par_1_6' title="bbox 268 449 1838 531">
     <span class='ocr_line' id='line_1_6' title="bbox 268 449 1838 531; baseline -0.008 -19"><span class='ocrx_word' id='word_1_24' title='bbox 268 457 631 531; x_wconf 76' lang='grc' dir='ltr'><strong>χωριζόμενον</strong></span> <span class='ocrx_word' id='word_1_25' title='bbox 659 455 739 516; x_wconf 80' lang='grc' dir='ltr'>εἰς</span> <span class='ocrx_word' id='word_1_26' title='bbox 775 453 1010 514; x_wconf 79' lang='grc' dir='ltr'>πλείους,</span> <span class='ocrx_word' id='word_1_27' title='bbox 1041 451 1073 522; x_wconf 82' lang='grc' dir='ltr'><strong>ἢ</strong></span> <span class='ocrx_word' id='word_1_28' title='bbox 1110 450 1297 504; x_wconf 78' lang='grc' dir='ltr'>ἄλλοτε</span> <span class='ocrx_word' id='word_1_29' title='bbox 1337 450 1494 503; x_wconf 81' lang='grc' dir='ltr'>ἄλλον</span> <span class='ocrx_word' id='word_1_30' title='bbox 1535 449 1838 520; x_wconf 87' lang='grc' dir='ltr'>γινόμενον,</span> 
     </span>
    </p>
   </div>
   <div class='ocr_carea' id='block_1_7' title="bbox 267 537 1841 621">
    <p class='ocr_par' dir='ltr' id='par_1_7' title="bbox 267 537 1841 621">
     <span class='ocr_line' id='line_1_7' title="bbox 267 537 1841 621; baseline -0.008 -19"><span class='ocrx_word' id='word_1_31' title='bbox 267 553 298 621; x_wconf 82' lang='grc' dir='ltr'>ἢ</span> <span class='ocrx_word' id='word_1_32' title='bbox 325 549 416 603; x_wconf 77' lang='grc' dir='ltr'>τοῦ</span> <span class='ocrx_word' id='word_1_33' title='bbox 451 544 593 600; x_wconf 76' lang='grc' dir='ltr'>εἶναι</span> <span class='ocrx_word' id='word_1_34' title='bbox 625 547 652 600; x_wconf 77' lang='grc' dir='ltr'>ὅ</span> <span class='ocrx_word' id='word_1_35' title='bbox 691 548 836 599; x_wconf 84' lang='grc' dir='ltr'>ἐστιν</span> <span class='ocrx_word' id='word_1_36' title='bbox 874 543 1298 614; x_wconf 84' lang='grc' dir='ltr'>μεθιστάμενον;</span> <span class='ocrx_word' id='word_1_37' title='bbox 1330 541 1455 595; x_wconf 76' lang='grc' dir='ltr'>Οὖτ⁴</span> <span class='ocrx_word' id='word_1_38' title='bbox 1475 540 1539 594; x_wconf 82' lang='grc' dir='ltr'><strong>ἂν</strong></span> <span class='ocrx_word' id='word_1_39' title='bbox 1567 540 1728 602; x_wconf 85' lang='grc' dir='ltr'>αὐτὸς</span> <span class='ocrx_word' id='word_1_40' title='bbox 1764 537 1841 590; x_wconf 79' lang='grc' dir='ltr'><strong>εἴ-</strong></span> 
     </span>
    </p>
   </div>
   <div class='ocr_carea' id='block_1_8' title="bbox 268 631 1842 705">
    <p class='ocr_par' dir='ltr' id='par_1_8' title="bbox 268 631 1842 705">
     <span class='ocr_line' id='line_1_8' title="bbox 268 631 1842 705; baseline -0.006 -13"><span class='ocrx_word' id='word_1_41' title='bbox 268 656 354 693; x_wconf 82' lang='grc' dir='ltr'><strong>ποι</strong></span> <span class='ocrx_word' id='word_1_42' title='bbox 388 654 402 667; x_wconf 90' lang='grc'>·</span> <span class='ocrx_word' id='word_1_43' title='bbox 454 638 575 690; x_wconf 82' lang='grc' dir='ltr'>οὔτε</span> <span class='ocrx_word' id='word_1_44' title='bbox 629 637 752 690; x_wconf 79' lang='grc' dir='ltr'>τινὰ</span> <span class='ocrx_word' id='word_1_45' title='bbox 803 635 912 688; x_wconf 79' lang='grc' dir='ltr'>τῶν</span> <span class='ocrx_word' id='word_1_46' title='bbox 959 633 1388 705; x_wconf 82' lang='grc' dir='ltr'><strong>συμμαχούντων</strong></span> <span class='ocrx_word' id='word_1_47' title='bbox 1441 631 1589 702; x_wconf 80' lang='grc' dir='ltr'>αὐτῷ</span> <span class='ocrx_word' id='word_1_48' title='bbox 1635 631 1842 702; x_wconf 81' lang='grc' dir='ltr'><strong>νομίζω</strong></span> 
     </span>
    </p>
   </div>
   <div class='ocr_carea' id='block_1_9' title="bbox 267 721 1842 795">
    <p class='ocr_par' dir='ltr' id='par_1_9' title="bbox 267 721 1842 795">
     <span class='ocr_line' id='line_1_9' title="bbox 267 721 1842 795; baseline -0.006 -12"><span class='ocrx_word' id='word_1_49' title='bbox 267 728 521 784; x_wconf 85' lang='grc' dir='ltr'>δύνασθαι</span> <span class='ocrx_word' id='word_1_50' title='bbox 563 726 631 779; x_wconf 83' lang='grc' dir='ltr'><strong>ἂν</strong></span> <span class='ocrx_word' id='word_1_51' title='bbox 664 726 904 795; x_wconf 77' lang='grc' dir='ltr'>ἐξευρεῖν</span> <span class='ocrx_word' id='word_1_52' title='bbox 935 726 1091 777; x_wconf 84' lang='grc' dir='ltr'>σκιάν</span> <span class='ocrx_word' id='word_1_53' title='bbox 1133 740 1253 775; x_wconf 86' lang='grc' dir='ltr'>τινα</span> <span class='ocrx_word' id='word_1_54' title='bbox 1286 723 1521 785; x_wconf 81' lang='grc' dir='ltr'>διανοίας</span> <span class='ocrx_word' id='word_1_55' title='bbox 1545 724 1602 775; x_wconf 87' lang='grc' dir='ltr'><strong>ἐν</strong></span> <span class='ocrx_word' id='word_1_56' title='bbox 1629 723 1738 784; x_wconf 84' lang='grc' dir='ltr'>τοῖς</span> <span class='ocrx_word' id='word_1_57' title='bbox 1767 721 1842 772; x_wconf 87' lang='grc' dir='ltr'>εί-</span> 
     </span>
    </p>
   </div>
   <div class='ocr_carea' id='block_1_10' title="bbox 272 807 1842 892">
    <p class='ocr_par' dir='ltr' id='par_1_10' title="bbox 272 807 1842 892">
     <span class='ocr_line' id='line_1_10' title="bbox 272 807 1842 892; baseline -0.006 -20"><span class='ocrx_word' id='word_1_58' title='bbox 272 820 540 892; x_wconf 74' lang='grc' dir='ltr'>ρημένοις.</span> <span class='ocrx_word' id='word_1_59' title='bbox 572 820 652 871; x_wconf 81' lang='grc' dir='ltr'><strong>Οὐ</strong></span> <span class='ocrx_word' id='word_1_60' title='bbox 682 817 795 882; x_wconf 75' lang='grc' dir='ltr'>τὴν</span> <span class='ocrx_word' id='word_1_61' title='bbox 820 815 1038 869; x_wconf 81' lang='grc' dir='ltr'>οὐσίαν</span> <span class='ocrx_word' id='word_1_62' title='bbox 1068 815 1194 868; x_wconf 80' lang='grc' dir='ltr'>καθ’</span> <span class='ocrx_word' id='word_1_63' title='bbox 1231 814 1311 882; x_wconf 82' lang='grc' dir='ltr'><strong>ἢν</strong></span> <span class='ocrx_word' id='word_1_64' title='bbox 1338 815 1508 867; x_wconf 76' lang='grc' dir='ltr'>ἐστιν</span> <span class='ocrx_word' id='word_1_65' title='bbox 1530 807 1634 877; x_wconf 78' lang='grc' dir='ltr'>εἷς.</span> <span class='ocrx_word' id='word_1_66' title='bbox 1661 813 1842 881; x_wconf 79' lang='grc' dir='ltr'>Χωρι-</span> 
     </span>
    </p>
   </div>
   <div class='ocr_carea' id='block_1_11' title="bbox 270 901 1842 982">
    <p class='ocr_par' dir='ltr' id='par_1_11' title="bbox 270 901 1842 982">
     <span class='ocr_line' id='line_1_11' title="bbox 270 901 1842 982; baseline -0.008 -17"><span class='ocrx_word' id='word_1_67' title='bbox 270 912 491 982; x_wconf 81' lang='grc' dir='ltr'>ζόμενον</span> <span class='ocrx_word' id='word_1_68' title='bbox 539 909 700 962; x_wconf 78' lang='grc' dir='ltr'>αὑτὸν</span> <span class='ocrx_word' id='word_1_69' title='bbox 748 907 896 976; x_wconf 80' lang='grc' dir='ltr'>λέγει</span> <span class='ocrx_word' id='word_1_70' title='bbox 926 906 1022 977; x_wconf 82' lang='grc' dir='ltr'>τῆς</span> <span class='ocrx_word' id='word_1_71' title='bbox 1068 905 1254 968; x_wconf 80' lang='grc' dir='ltr'>οὐσίας</span> <span class='ocrx_word' id='word_1_72' title='bbox 1295 905 1480 965; x_wconf 79' lang='grc' dir='ltr'>αὑτοῦ,</span> <span class='ocrx_word' id='word_1_73' title='bbox 1503 903 1576 973; x_wconf 82' lang='grc' dir='ltr'>μὴ</span> <span class='ocrx_word' id='word_1_74' title='bbox 1615 901 1842 972; x_wconf 80' lang='grc' dir='ltr'>χωρίζε-</span> 
     </span>
    </p>
   </div>
   <div class='ocr_carea' id='block_1_12' title="bbox 271 993 1837 1073">
    <p class='ocr_par' dir='ltr' id='par_1_12' title="bbox 271 993 1837 1073">
     <span class='ocr_line' id='line_1_12' title="bbox 271 993 1837 1073; baseline -0.007 -16"><span class='ocrx_word' id='word_1_75' title='bbox 271 1004 423 1069; x_wconf 79' lang='grc' dir='ltr'>σθαι,</span> <span class='ocrx_word' id='word_1_76' title='bbox 451 1003 482 1073; x_wconf 85' lang='grc' dir='ltr'>ἢ</span> <span class='ocrx_word' id='word_1_77' title='bbox 515 1001 612 1071; x_wconf 81' lang='grc' dir='ltr'>τὴν</span> <span class='ocrx_word' id='word_1_78' title='bbox 640 1001 824 1053; x_wconf 83' lang='grc' dir='ltr'>οὐσίαν</span> <span class='ocrx_word' id='word_1_79' title='bbox 866 998 1014 1067; x_wconf 80' lang='grc' dir='ltr'>λέγει</span> <span class='ocrx_word' id='word_1_80' title='bbox 1050 999 1145 1050; x_wconf 88' lang='grc' dir='ltr'><strong>ἀπ’</strong></span> <span class='ocrx_word' id='word_1_81' title='bbox 1186 997 1348 1049; x_wconf 73' lang='grc' dir='ltr'>αὑτοῦ</span> <span class='ocrx_word' id='word_1_82' title='bbox 1383 995 1456 1066; x_wconf 83' lang='grc' dir='ltr'>μὴ</span> <span class='ocrx_word' id='word_1_83' title='bbox 1502 993 1837 1066; x_wconf 78' lang='grc' dir='ltr'>μερίζεσθαι.</span> 
     </span>
    </p>
   </div>
   <div class='ocr_carea' id='block_1_13' title="bbox 269 1085 1838 1164">
    <p class='ocr_par' dir='ltr' id='par_1_13' title="bbox 269 1085 1838 1164">
     <span class='ocr_line' id='line_1_13' title="bbox 269 1085 1838 1164; baseline -0.009 -15"><span class='ocrx_word' id='word_1_84' title='bbox 269 1097 451 1164; x_wconf 76' lang='grc' dir='ltr'>Ψόφος</span> <span class='ocrx_word' id='word_1_85' title='bbox 491 1094 574 1156; x_wconf 87' lang='grc' dir='ltr'><strong>τίς</strong></span> <span class='ocrx_word' id='word_1_86' title='bbox 598 1094 732 1153; x_wconf 80' lang='grc' dir='ltr'>ἐστι,</span> <span class='ocrx_word' id='word_1_87' title='bbox 764 1091 857 1143; x_wconf 67' lang='grc' dir='ltr'>καὶ</span> <span class='ocrx_word' id='word_1_88' title='bbox 881 1085 1012 1160; x_wconf 77' lang='grc' dir='ltr'>ἦχος</span> <span class='ocrx_word' id='word_1_89' title='bbox 1051 1090 1275 1158; x_wconf 78' lang='grc' dir='ltr'>μάταιος</span> <span class='ocrx_word' id='word_1_90' title='bbox 1307 1087 1430 1156; x_wconf 84' lang='grc' dir='ltr'>είκῆ</span> <span class='ocrx_word' id='word_1_91' title='bbox 1465 1085 1838 1154; x_wconf 86' lang='grc' dir='ltr'>συγκείμενος,</span> 
     </span>
    </p>
   </div>
   <div class='ocr_carea' id='block_1_14' title="bbox 268 1177 1838 1257">
    <p class='ocr_par' dir='ltr' id='par_1_14' title="bbox 268 1177 1838 1257">
     <span class='ocr_line' id='line_1_14' title="bbox 268 1177 1838 1257; baseline -0.008 -16"><span class='ocrx_word' id='word_1_92' title='bbox 268 1191 296 1242; x_wconf 84' lang='grc' dir='ltr'><strong>ό</strong></span> <span class='ocrx_word' id='word_1_93' title='bbox 321 1189 630 1257; x_wconf 74' lang='grc' dir='ltr'>ἀσήμαντος</span> <span class='ocrx_word' id='word_1_94' title='bbox 665 1179 816 1245; x_wconf 71' lang='grc' dir='ltr'>οὗτος</span> <span class='ocrx_word' id='word_1_95' title='bbox 840 1181 1014 1248; x_wconf 88' lang='grc' dir='ltr'>λόγος.</span> <span class='ocrx_word' id='word_1_96' title='bbox 1048 1180 1158 1233; x_wconf 73' lang='grc' dir='ltr'>Καὶ</span> <span class='ocrx_word' id='word_1_97' title='bbox 1188 1179 1239 1231; x_wconf 86' lang='grc' dir='ltr'><strong>τί</strong></span> <span class='ocrx_word' id='word_1_98' title='bbox 1273 1178 1378 1248; x_wconf 80' lang='grc' dir='ltr'><strong>χρὴ</strong></span> <span class='ocrx_word' id='word_1_99' title='bbox 1403 1177 1740 1248; x_wconf 84' lang='grc' dir='ltr'>παραμένειν</span> <span class='ocrx_word' id='word_1_100' title='bbox 1773 1178 1838 1246; x_wconf 83' lang='grc' dir='ltr'>τῇ</span> 
     </span>
    </p>
   </div>
   <div class='ocr_carea' id='block_1_15' title="bbox 268 1265 1841 1342">
    <p class='ocr_par' dir='ltr' id='par_1_15' title="bbox 268 1265 1841 1342">
     <span class='ocr_line' id='line_1_15' title="bbox 268 1265 1841 1342; baseline -0.009 -12"><span class='ocrx_word' id='word_1_101' title='bbox 268 1276 510 1342; x_wconf 78' lang='grc' dir='ltr'>ἐξετάσει</span> <span class='ocrx_word' id='word_1_102' title='bbox 530 1275 636 1326; x_wconf 82' lang='grc' dir='ltr'>τῶν</span> <span class='ocrx_word' id='word_1_103' title='bbox 671 1272 999 1340; x_wconf 82' lang='grc' dir='ltr'>ἀδιανοήτων</span> <span class='ocrx_word' id='word_1_104' title='bbox 1021 1269 1238 1322; x_wconf 86' lang='grc' dir='ltr'>τούτων·</span> <span class='ocrx_word' id='word_1_105' title='bbox 1264 1271 1329 1339; x_wconf 58' lang='lat' dir='ltr'><strong>pr,</strong></span> <span class='ocrx_word' id='word_1_106' title='bbox 1341 1267 1552 1338; x_wconf 87' lang='grc' dir='ltr'>μάτων;</span> <span class='ocrx_word' id='word_1_107' title='bbox 1573 1265 1706 1327; x_wconf 81' lang='grc' dir='ltr'>-Πῶς</span> <span class='ocrx_word' id='word_1_108' title='bbox 1732 1266 1841 1334; x_wconf 84' lang='grc' dir='ltr'><strong>γάρ</strong></span> 
     </span>
    </p>
   </div>
   <div class='ocr_carea' id='block_1_16' title="bbox 267 1351 1838 1430">
    <p class='ocr_par' dir='ltr' id='par_1_16' title="bbox 267 1351 1838 1430">
     <span class='ocr_line' id='line_1_16' title="bbox 267 1351 1838 1430; baseline -0.003 -19"><span class='ocrx_word' id='word_1_109' title='bbox 267 1379 350 1424; x_wconf 81' lang='grc' dir='ltr'><strong>τις</strong></span> <span class='ocrx_word' id='word_1_110' title='bbox 385 1362 482 1430; x_wconf 82' lang='grc' dir='ltr'>τῆς</span> <span class='ocrx_word' id='word_1_111' title='bbox 516 1358 708 1412; x_wconf 75' lang='grc' dir='ltr'>ἑαυτοῦ</span> <span class='ocrx_word' id='word_1_112' title='bbox 747 1357 931 1419; x_wconf 84' lang='grc' dir='ltr'>ούσίας</span> <span class='ocrx_word' id='word_1_113' title='bbox 959 1353 1245 1427; x_wconf 81' lang='grc' dir='ltr'>χωρισθεὶς</span> <span class='ocrx_word' id='word_1_114' title='bbox 1287 1357 1345 1407; x_wconf 83' lang='grc' dir='ltr'><strong>ἐν</strong></span> <span class='ocrx_word' id='word_1_115' title='bbox 1371 1355 1448 1426; x_wconf 79' lang='grc' dir='ltr'>τῷ</span> <span class='ocrx_word' id='word_1_116' title='bbox 1491 1351 1627 1407; x_wconf 82' lang='grc' dir='ltr'>εἶναι</span> <span class='ocrx_word' id='word_1_117' title='bbox 1659 1354 1838 1424; x_wconf 73' lang='grc' dir='ltr'>μένεις</span> 
     </span>
    </p>
   </div>
   <div class='ocr_carea' id='block_1_17' title="bbox 271 1444 1842 1519">
    <p class='ocr_par' dir='ltr' id='par_1_17' title="bbox 271 1444 1842 1519">
     <span class='ocr_line' id='line_1_17' title="bbox 271 1444 1842 1519; baseline -0.007 -14"><span class='ocrx_word' id='word_1_118' title='bbox 271 1455 339 1506; x_wconf 85' lang='grc' dir='ltr'><strong>Ἦ</strong></span> <span class='ocrx_word' id='word_1_119' title='bbox 367 1452 483 1514; x_wconf 81' lang='grc' dir='ltr'>πῶς</span> <span class='ocrx_word' id='word_1_120' title='bbox 515 1453 547 1519; x_wconf 88' lang='grc' dir='ltr'><strong>ἡ</strong></span> <span class='ocrx_word' id='word_1_121' title='bbox 582 1449 736 1502; x_wconf 78' lang='grc' dir='ltr'>οὐσία</span> <span class='ocrx_word' id='word_1_122' title='bbox 756 1447 899 1511; x_wconf 74' lang='grc' dir='ltr'>τινος</span> <span class='ocrx_word' id='word_1_123' title='bbox 925 1445 1258 1517; x_wconf 82' lang='grc' dir='ltr'>μερισθεῖσα,</span> <span class='ocrx_word' id='word_1_124' title='bbox 1290 1445 1374 1514; x_wconf 81' lang='grc' dir='ltr'><strong>ἐφ’</strong></span> <span class='ocrx_word' id='word_1_125' title='bbox 1406 1444 1608 1514; x_wconf 77' lang='grc' dir='ltr'>ἑαυτῆς</span> <span class='ocrx_word' id='word_1_126' title='bbox 1633 1444 1842 1496; x_wconf 86' lang='grc' dir='ltr'>δείκνυ-</span> 
     </span>
    </p>
   </div>
   <div class='ocr_carea' id='block_1_18' title="bbox 269 1528 1836 1608">
    <p class='ocr_par' dir='ltr' id='par_1_18' title="bbox 269 1528 1836 1608">
     <span class='ocr_line' id='line_1_18' title="bbox 269 1528 1836 1608; baseline -0.008 -10"><span class='ocrx_word' id='word_1_127' title='bbox 269 1561 387 1608; x_wconf 82' lang='grc' dir='ltr'>ται;</span> <span class='ocrx_word' id='word_1_128' title='bbox 413 1543 483 1595; x_wconf 87' lang='grc' dir='ltr'>Ἣ</span> <span class='ocrx_word' id='word_1_129' title='bbox 508 1541 624 1604; x_wconf 86' lang='grc' dir='ltr'>πῶς</span> <span class='ocrx_word' id='word_1_130' title='bbox 641 1543 756 1593; x_wconf 90' lang='grc' dir='ltr'>ἐστι</span> <span class='ocrx_word' id='word_1_131' title='bbox 778 1538 994 1590; x_wconf 79' lang='grc' dir='ltr'>δυνατὸν</span> <span class='ocrx_word' id='word_1_132' title='bbox 1024 1536 1130 1589; x_wconf 78' lang='grc' dir='ltr'>ἀπὸ</span> <span class='ocrx_word' id='word_1_133' title='bbox 1150 1535 1242 1589; x_wconf 82' lang='grc' dir='ltr'>τοῦ</span> <span class='ocrx_word' id='word_1_134' title='bbox 1273 1538 1329 1587; x_wconf 91' lang='grc' dir='ltr'><strong>ἐν</strong></span> <span class='ocrx_word' id='word_1_135' title='bbox 1357 1528 1559 1602; x_wconf 82' lang='grc' dir='ltr'>ᾦέστιν</span> <span class='ocrx_word' id='word_1_136' title='bbox 1583 1533 1836 1596; x_wconf 84' lang='grc' dir='ltr'>ἐκϐάντα,</span> 
     </span>
    </p>
   </div>
   <div class='ocr_carea' id='block_1_19' title="bbox 270 1620 1839 1700">
    <p class='ocr_par' dir='ltr' id='par_1_19' title="bbox 270 1620 1839 1700">
     <span class='ocr_line' id='line_1_19' title="bbox 270 1620 1839 1700; baseline -0.008 -13"><span class='ocrx_word' id='word_1_137' title='bbox 270 1634 426 1689; x_wconf 81' lang='grc' dir='ltr'>ἄλλον</span> <span class='ocrx_word' id='word_1_138' title='bbox 456 1631 708 1700; x_wconf 88' lang='grc' dir='ltr'>γενέσθαι</span> <span class='ocrx_word' id='word_1_139' title='bbox 733 1629 836 1695; x_wconf 73' lang='grc' dir='ltr'>ἔξω</span> <span class='ocrx_word' id='word_1_140' title='bbox 866 1626 1055 1681; x_wconf 80' lang='grc' dir='ltr'>ἐαυτοῦ</span> <span class='ocrx_word' id='word_1_141' title='bbox 1089 1625 1395 1696; x_wconf 88' lang='grc' dir='ltr'>γενόμενον;</span> <span class='ocrx_word' id='word_1_142' title='bbox 1437 1620 1749 1677; x_wconf 65' lang='grc' dir='ltr'><strong>Ἀλνιόὑδὲ</strong></span> <span class='ocrx_word' id='word_1_143' title='bbox 1771 1622 1839 1674; x_wconf 79' lang='grc' dir='ltr'><strong>ἐκ</strong></span> 
     </span>
    </p>
   </div>
   <div class='ocr_carea' id='block_1_20' title="bbox 267 1699 1918 1796">
    <p class='ocr_par' dir='ltr' id='par_1_20' title="bbox 267 1699 1918 1796">
     <span class='ocr_line' id='line_1_20' title="bbox 267 1699 1918 1796; baseline -0.009 -18"><span class='ocrx_word' id='word_1_144' title='bbox 267 1725 507 1796; x_wconf 51' lang='lat' dir='ltr'><strong>magar;</strong></span> <span class='ocrx_word' id='word_1_145' title='bbox 516 1723 618 1784; x_wconf 71' lang='grc' dir='ltr'>σὶν,</span> <span class='ocrx_word' id='word_1_146' title='bbox 637 1721 851 1785; x_wconf 83' lang='grc' dir='ltr'>οὐσίας</span> <span class='ocrx_word' id='word_1_147' title='bbox 862 1723 946 1785; x_wconf 65' lang='grc' dir='ltr'>εἰς</span> <span class='ocrx_word' id='word_1_148' title='bbox 963 1717 1317 1782; x_wconf 71' lang='grc' dir='ltr'>ὑποστάσεις</span> <span class='ocrx_word' id='word_1_149' title='bbox 1335 1715 1489 1783; x_wconf 83' lang='grc' dir='ltr'>τρεῖς</span> <span class='ocrx_word' id='word_1_150' title='bbox 1499 1729 1756 1782; x_wconf 80' lang='grc' dir='ltr'>σχηματι</span> <span class='ocrx_word' id='word_1_151' title='bbox 1765 1713 1852 1779; x_wconf 71' lang='lat' dir='ltr'><strong>(d-</strong></span> <span class='ocrx_word' id='word_1_152' title='bbox 1878 1699 1918 1752; x_wconf 76' lang='grc' dir='ltr'><strong>Β</strong></span> 
     </span>
    </p>
   </div>
   <div class='ocr_carea' id='block_1_21' title="bbox 268 1802 1846 1886">
    <p class='ocr_par' dir='ltr' id='par_1_21' title="bbox 268 1802 1846 1886">
     <span class='ocr_line' id='line_1_21' title="bbox 268 1802 1846 1886; baseline -0.008 -17"><span class='ocrx_word' id='word_1_153' title='bbox 268 1831 470 1886; x_wconf 78' lang='grc' dir='ltr'>μενον.</span> <span class='ocrx_word' id='word_1_154' title='bbox 486 1813 668 1866; x_wconf 77' lang='grc' dir='ltr'>Παντὶ</span> <span class='ocrx_word' id='word_1_155' title='bbox 699 1812 808 1881; x_wconf 72' lang='grc' dir='ltr'>γὰρ</span> <span class='ocrx_word' id='word_1_156' title='bbox 825 1810 1100 1873; x_wconf 79' lang='grc' dir='ltr'><strong>καθάπαξ</strong></span> <span class='ocrx_word' id='word_1_157' title='bbox 1122 1807 1290 1861; x_wconf 77' lang='grc' dir='ltr'>ἐστὶν</span> <span class='ocrx_word' id='word_1_158' title='bbox 1307 1802 1413 1870; x_wconf 84' lang='grc' dir='ltr'>εἷς,</span> <span class='ocrx_word' id='word_1_159' title='bbox 1435 1805 1585 1859; x_wconf 82' lang='grc' dir='ltr'>κατὰ</span> <span class='ocrx_word' id='word_1_160' title='bbox 1612 1805 1684 1858; x_wconf 78' lang='grc' dir='ltr'>τὰ</span> <span class='ocrx_word' id='word_1_161' title='bbox 1697 1803 1846 1857; x_wconf 86' lang='grc' dir='ltr'>αὑτά</span> 
     </span>
    </p>
   </div>
   <div class='ocr_carea' id='block_1_22' title="bbox 270 1892 1850 1972">
    <p class='ocr_par' dir='ltr' id='par_1_22' title="bbox 270 1892 1850 1972">
     <span class='ocr_line' id='line_1_22' title="bbox 270 1892 1850 1972; baseline -0.011 -9"><span class='ocrx_word' id='word_1_162' title='bbox 270 1923 337 1963; x_wconf 78' lang='grc' dir='ltr'><strong>τε</strong></span> <span class='ocrx_word' id='word_1_163' title='bbox 349 1906 446 1961; x_wconf 82' lang='grc' dir='ltr'>καὶ</span> <span class='ocrx_word' id='word_1_164' title='bbox 461 1906 740 1969; x_wconf 81' lang='grc' dir='ltr'>ὡσαύτως</span> <span class='ocrx_word' id='word_1_165' title='bbox 751 1901 1042 1972; x_wconf 78' lang='grc' dir='ltr'>διαμένων</span> <span class='ocrx_word' id='word_1_166' title='bbox 1058 1901 1263 1970; x_wconf 80' lang='grc' dir='ltr'>μόνος.</span> <span class='ocrx_word' id='word_1_167' title='bbox 1283 1898 1355 1951; x_wconf 83' lang='grc' dir='ltr'>Τὸ</span> <span class='ocrx_word' id='word_1_168' title='bbox 1379 1897 1477 1968; x_wconf 84' lang='grc' dir='ltr'><strong>μὲν</strong></span> <span class='ocrx_word' id='word_1_169' title='bbox 1496 1892 1587 1951; x_wconf 74' lang='grc' dir='ltr'><strong>οὖν</strong></span> <span class='ocrx_word' id='word_1_170' title='bbox 1602 1895 1850 1964; x_wconf 83' lang='grc' dir='ltr'>ἀδιανόη-</span> 
     </span>
    </p>
   </div>
   <div class='ocr_carea' id='block_1_23' title="bbox 271 1983 1850 2066">
    <p class='ocr_par' dir='ltr' id='par_1_23' title="bbox 271 1983 1850 2066">
     <span class='ocr_line' id='line_1_23' title="bbox 271 1983 1850 2066; baseline -0.01 -13"><span class='ocrx_word' id='word_1_171' title='bbox 271 2016 360 2053; x_wconf 81' lang='grc' dir='ltr'><strong>τον</strong></span> <span class='ocrx_word' id='word_1_172' title='bbox 393 1999 454 2050; x_wconf 88' lang='grc' dir='ltr'><strong>ἐν</strong></span> <span class='ocrx_word' id='word_1_173' title='bbox 505 1999 615 2060; x_wconf 84' lang='grc' dir='ltr'>τοῖς</span> <span class='ocrx_word' id='word_1_174' title='bbox 649 1994 988 2066; x_wconf 77' lang='grc' dir='ltr'>εἰρημένοις,</span> <span class='ocrx_word' id='word_1_175' title='bbox 1023 1992 1186 2044; x_wconf 71' lang='grc' dir='ltr'>παντὶ</span> <span class='ocrx_word' id='word_1_176' title='bbox 1229 1990 1387 2060; x_wconf 82' lang='grc' dir='ltr'>δῆλον</span> <span class='ocrx_word' id='word_1_177' title='bbox 1423 1983 1563 2040; x_wconf 82' lang='grc' dir='ltr'>εἶναι</span> <span class='ocrx_word' id='word_1_178' title='bbox 1598 1987 1692 2041; x_wconf 77' lang='grc' dir='ltr'><strong>καὶ</strong></span> <span class='ocrx_word' id='word_1_179' title='bbox 1745 1984 1850 2056; x_wconf 75' lang='grc' dir='ltr'>πρὸ</span> 
     </span>
    </p>
   </div>
   <div class='ocr_carea' id='block_1_24' title="bbox 273 2077 1850 2159">
    <p class='ocr_par' dir='ltr' id='par_1_24' title="bbox 273 2077 1850 2159">
     <span class='ocr_line' id='line_1_24' title="bbox 273 2077 1850 2159; baseline -0.01 -16"><span class='ocrx_word' id='word_1_180' title='bbox 273 2089 379 2143; x_wconf 80' lang='grc' dir='ltr'>τῶν</span> <span class='ocrx_word' id='word_1_181' title='bbox 401 2088 682 2159; x_wconf 83' lang='grc' dir='ltr'>ἡμετέρων</span> <span class='ocrx_word' id='word_1_182' title='bbox 709 2081 860 2155; x_wconf 79' lang='grc' dir='ltr'>οἶμαι</span> <span class='ocrx_word' id='word_1_183' title='bbox 894 2083 1068 2150; x_wconf 89' lang='grc' dir='ltr'>λόγων</span> <span class='ocrx_word' id='word_1_184' title='bbox 1088 2099 1103 2112; x_wconf 88' lang='grc'><strong>·</strong></span> <span class='ocrx_word' id='word_1_185' title='bbox 1143 2079 1353 2142; x_wconf 75' lang='grc' dir='ltr'>τούτοις</span> <span class='ocrx_word' id='word_1_186' title='bbox 1378 2079 1433 2132; x_wconf 81' lang='grc' dir='ltr'>δὲ</span> <span class='ocrx_word' id='word_1_187' title='bbox 1467 2077 1791 2146; x_wconf 85' lang='grc' dir='ltr'>ἀντιλεγέτω</span> <span class='ocrx_word' id='word_1_188' title='bbox 1821 2079 1850 2130; x_wconf 79' lang='grc' dir='ltr'><strong>ὁ</strong></span> 
     </span>
    </p>
   </div>
   <div class='ocr_carea' id='block_1_25' title="bbox 273 2169 1844 2252">
    <p class='ocr_par' dir='ltr' id='par_1_25' title="bbox 273 2169 1844 2252">
     <span class='ocr_line' id='line_1_25' title="bbox 273 2169 1844 2252; baseline -0.009 -16"><span class='ocrx_word' id='word_1_189' title='bbox 273 2180 507 2252; x_wconf 82' lang='grc' dir='ltr'>νομίζων</span> <span class='ocrx_word' id='word_1_190' title='bbox 535 2176 671 2232; x_wconf 79' lang='grc' dir='ltr'>εἷναί</span> <span class='ocrx_word' id='word_1_191' title='bbox 690 2193 810 2231; x_wconf 84' lang='grc' dir='ltr'>τινα</span> <span class='ocrx_word' id='word_1_192' title='bbox 833 2179 891 2229; x_wconf 83' lang='grc' dir='ltr'><strong>ἐν</strong></span> <span class='ocrx_word' id='word_1_193' title='bbox 914 2177 1028 2237; x_wconf 87' lang='grc' dir='ltr'>τοῖς</span> <span class='ocrx_word' id='word_1_194' title='bbox 1047 2172 1364 2242; x_wconf 78' lang='grc' dir='ltr'>λεγομένοις</span> <span class='ocrx_word' id='word_1_195' title='bbox 1385 2169 1508 2223; x_wconf 82' lang='grc' dir='ltr'>νοῦν</span> <span class='ocrx_word' id='word_1_196' title='bbox 1530 2171 1563 2242; x_wconf 81' lang='grc' dir='ltr'>ἢ</span> <span class='ocrx_word' id='word_1_197' title='bbox 1589 2170 1844 2223; x_wconf 79' lang='grc' dir='ltr'>διάνοιαν·</span> 
     </span>
    </p>
   </div>
   <div class='ocr_carea' id='block_1_26' title="bbox 273 2258 1850 2343">
    <p class='ocr_par' dir='ltr' id='par_1_26' title="bbox 273 2258 1850 2343">
     <span class='ocr_line' id='line_1_26' title="bbox 273 2258 1850 2343; baseline -0.01 -17"><span class='ocrx_word' id='word_1_198' title='bbox 273 2272 427 2343; x_wconf 74' lang='grc' dir='ltr'>ὁγὰρ</span> <span class='ocrx_word' id='word_1_199' title='bbox 453 2271 654 2342; x_wconf 87' lang='grc' dir='ltr'>κρίνειν</span> <span class='ocrx_word' id='word_1_200' title='bbox 687 2265 1094 2336; x_wconf 86' lang='grc' dir='ltr'>ἐπεσκεμμένος</span> <span class='ocrx_word' id='word_1_201' title='bbox 1132 2263 1289 2331; x_wconf 85' lang='grc' dir='ltr'>λόγου</span> <span class='ocrx_word' id='word_1_202' title='bbox 1336 2261 1584 2332; x_wconf 86' lang='grc' dir='ltr'>δύναμιν,</span> <span class='ocrx_word' id='word_1_203' title='bbox 1612 2258 1850 2324; x_wconf 80' lang='grc' dir='ltr'>ἀπαξιώ-</span> 
     </span>
    </p>
   </div>
   <div class='ocr_carea' id='block_1_27' title="bbox 277 2351 1850 2425">
    <p class='ocr_par' dir='ltr' id='par_1_27' title="bbox 277 2351 1850 2425">
     <span class='ocr_line' id='line_1_27' title="bbox 277 2351 1850 2425; baseline -0.007 -9"><span class='ocrx_word' id='word_1_204' title='bbox 277 2380 356 2416; x_wconf 88' lang='grc' dir='ltr'><strong>σει</strong></span> <span class='ocrx_word' id='word_1_205' title='bbox 377 2365 488 2424; x_wconf 87' lang='grc' dir='ltr'>τοῖς</span> <span class='ocrx_word' id='word_1_206' title='bbox 516 2358 905 2418; x_wconf 78' lang='grc' dir='ltr'>ἀνυποστάτοις</span> <span class='ocrx_word' id='word_1_207' title='bbox 933 2353 1362 2425; x_wconf 76' lang='grc' dir='ltr'>συμπλέκεσθαι.</span> <span class='ocrx_word' id='word_1_208' title='bbox 1399 2352 1532 2404; x_wconf 83' lang='grc' dir='ltr'>Τίνα</span> <span class='ocrx_word' id='word_1_209' title='bbox 1561 2351 1670 2420; x_wconf 77' lang='grc' dir='ltr'>γὰρ</span> <span class='ocrx_word' id='word_1_210' title='bbox 1697 2352 1850 2420; x_wconf 77' lang='grc' dir='ltr'>ἰσχὺν</span> 
     </span>
    </p>
   </div>
   <div class='ocr_carea' id='block_1_28' title="bbox 275 2441 1851 2526">
    <p class='ocr_par' dir='ltr' id='par_1_28' title="bbox 275 2441 1851 2526">
     <span class='ocr_line' id='line_1_28' title="bbox 275 2441 1851 2526; baseline -0.008 -19"><span class='ocrx_word' id='word_1_211' title='bbox 275 2454 386 2526; x_wconf 75' lang='grc' dir='ltr'>ἔχει</span> <span class='ocrx_word' id='word_1_212' title='bbox 415 2452 556 2506; x_wconf 83' lang='grc' dir='ltr'><strong>κατά</strong></span> <span class='ocrx_word' id='word_1_213' title='bbox 573 2450 666 2504; x_wconf 82' lang='grc' dir='ltr'>τοῦ</span> <span class='ocrx_word' id='word_1_214' title='bbox 697 2448 962 2520; x_wconf 81' lang='grc' dir='ltr'>ἡμετέρου</span> <span class='ocrx_word' id='word_1_215' title='bbox 992 2446 1276 2516; x_wconf 85' lang='grc' dir='ltr'>δόγματος,</span> <span class='ocrx_word' id='word_1_216' title='bbox 1312 2444 1371 2496; x_wconf 83' lang='grc' dir='ltr'><strong>τὸ</strong></span> <span class='ocrx_word' id='word_1_217' title='bbox 1394 2443 1596 2511; x_wconf 85' lang='grc' dir='ltr'>λέγειν,</span> <span class='ocrx_word' id='word_1_218' title='bbox 1623 2445 1704 2496; x_wconf 86' lang='grc' dir='ltr'><strong>Οὐ</strong></span> <span class='ocrx_word' id='word_1_219' title='bbox 1737 2441 1851 2508; x_wconf 78' lang='grc' dir='ltr'>τὴν·</span> 
     </span>
    </p>
   </div>
   <div class='ocr_carea' id='block_1_29' title="bbox 275 2532 1849 2607">
    <p class='ocr_par' dir='ltr' id='par_1_29' title="bbox 275 2532 1849 2607">
     <span class='ocr_line' id='line_1_29' title="bbox 275 2532 1849 2607; baseline -0.008 -9"><span class='ocrx_word' id='word_1_220' title='bbox 275 2545 512 2606; x_wconf 81' lang='grc' dir='ltr'>οὐσίαν,</span> <span class='ocrx_word' id='word_1_221' title='bbox 537 2543 662 2596; x_wconf 83' lang='grc' dir='ltr'>καθ’</span> <span class='ocrx_word' id='word_1_222' title='bbox 693 2540 772 2607; x_wconf 77' lang='grc' dir='ltr'>ἣν</span> <span class='ocrx_word' id='word_1_223' title='bbox 806 2540 975 2592; x_wconf 82' lang='grc' dir='ltr'>ἐστιν</span> <span class='ocrx_word' id='word_1_224' title='bbox 997 2535 1084 2602; x_wconf 79' lang='grc' dir='ltr'>εἷς</span> <span class='ocrx_word' id='word_1_225' title='bbox 1114 2533 1521 2605; x_wconf 75' lang='grc' dir='ltr'>χωριζόμενον,</span> <span class='ocrx_word' id='word_1_226' title='bbox 1564 2533 1602 2600; x_wconf 79' lang='grc' dir='ltr'>ἢ</span> <span class='ocrx_word' id='word_1_227' title='bbox 1623 2532 1849 2602; x_wconf 78' lang='grc' dir='ltr'>μεριζό-</span> 
     </span>
    </p>
   </div>
   <div class='ocr_carea' id='block_1_30' title="bbox 273 2620 1850 2702">
    <p class='ocr_par' dir='ltr' id='par_1_30' title="bbox 273 2620 1850 2702">
     <span class='ocr_line' id='line_1_30' title="bbox 273 2620 1850 2702; baseline -0.012 -12"><span class='ocrx_word' id='word_1_228' title='bbox 273 2650 456 2702; x_wconf 75' lang='grc' dir='ltr'>μενον</span> <span class='ocrx_word' id='word_1_229' title='bbox 481 2633 567 2697; x_wconf 80' lang='grc' dir='ltr'><strong>είς</strong></span> <span class='ocrx_word' id='word_1_230' title='bbox 593 2629 860 2694; x_wconf 76' lang='grc' dir='ltr'>πλείους,</span> <span class='ocrx_word' id='word_1_231' title='bbox 894 2626 932 2695; x_wconf 81' lang='grc' dir='ltr'>ἣ</span> <span class='ocrx_word' id='word_1_232' title='bbox 961 2625 1180 2680; x_wconf 71' lang='grc' dir='ltr'>ἄλλοτε</span> <span class='ocrx_word' id='word_1_233' title='bbox 1221 2621 1415 2676; x_wconf 74' lang='grc' dir='ltr'>ἄλλον</span> <span class='ocrx_word' id='word_1_234' title='bbox 1439 2623 1782 2692; x_wconf 74' lang='grc' dir='ltr'>γινόμενον-ο</span> <span class='ocrx_word' id='word_1_235' title='bbox 1810 2620 1850 2690; x_wconf 75' lang='grc' dir='ltr'>ἠ</span> 
     </span>
    </p>
   </div>
   <div class='ocr_carea' id='block_1_31' title="bbox 273 2713 1850 2788">
    <p class='ocr_par' dir='ltr' id='par_1_31' title="bbox 273 2713 1850 2788">
     <span class='ocr_line' id='line_1_31' title="bbox 273 2713 1850 2788; baseline -0.007 -9"><span class='ocrx_word' id='word_1_236' title='bbox 273 2725 378 2779; x_wconf 80' lang='grc' dir='ltr'>τοῦ</span> <span class='ocrx_word' id='word_1_237' title='bbox 429 2718 582 2778; x_wconf 75' lang='grc' dir='ltr'>εἶναι</span> <span class='ocrx_word' id='word_1_238' title='bbox 632 2721 666 2774; x_wconf 85' lang='grc' dir='ltr'><strong><em>ὅ</em></strong></span> <span class='ocrx_word' id='word_1_239' title='bbox 715 2722 843 2773; x_wconf 85' lang='grc' dir='ltr'>ἐστι</span> <span class='ocrx_word' id='word_1_240' title='bbox 885 2715 1324 2788; x_wconf 77' lang='grc' dir='ltr'>μεθιστάμενον</span> <span class='ocrx_word' id='word_1_241' title='bbox 1359 2735 1372 2747; x_wconf 78' lang='grc' dir='ltr'><strong><em>ο</em></strong></span> <span class='ocrx_word' id='word_1_242' title='bbox 1409 2717 1545 2769; x_wconf 81' lang='grc' dir='ltr'>οὔτε</span> <span class='ocrx_word' id='word_1_243' title='bbox 1593 2717 1660 2769; x_wconf 79' lang='grc' dir='ltr'><strong>ἐκ</strong></span> <span class='ocrx_word' id='word_1_244' title='bbox 1711 2713 1850 2784; x_wconf 77' lang='grc' dir='ltr'>μιᾶς</span> 
     </span>
    </p>
   </div>
   <div class='ocr_carea' id='block_1_32' title="bbox 274 2807 1850 2882">
    <p class='ocr_par' dir='ltr' id='par_1_32' title="bbox 274 2807 1850 2882">
     <span class='ocr_line' id='line_1_32' title="bbox 274 2807 1850 2882; baseline -0.019 -10"><span class='ocrx_word' id='word_1_245' title='bbox 274 2817 491 2882; x_wconf 78' lang='grc' dir='ltr'>οὐσίας</span> <span class='ocrx_word' id='word_1_246' title='bbox 522 2817 608 2880; x_wconf 82' lang='grc' dir='ltr'><strong>είς</strong></span> <span class='ocrx_word' id='word_1_247' title='bbox 634 2810 1000 2876; x_wconf 82' lang='grc' dir='ltr'>ὑποστάσεις</span> <span class='ocrx_word' id='word_1_248' title='bbox 1023 2809 1175 2876; x_wconf 82' lang='grc' dir='ltr'>τρεῖς</span> <span class='ocrx_word' id='word_1_249' title='bbox 1204 2807 1748 2878; x_wconf 70' lang='grc' dir='ltr'><strong>σχηματιζόμενον;</strong></span> <span class='ocrx_word' id='word_1_250' title='bbox 1783 2809 1850 2860; x_wconf 68' lang='grc' dir='ltr'>Ἃ</span> 
     </span>
    </p>
   </div>
   <div class='ocr_carea' id='block_1_33' title="bbox 281 2899 1847 2980">
    <p class='ocr_par' dir='ltr' id='par_1_33' title="bbox 281 2899 1847 2980">
     <span class='ocr_line' id='line_1_33' title="bbox 281 2899 1847 2980; baseline -0.006 -18"><span class='ocrx_word' id='word_1_251' title='bbox 281 2911 414 2980; x_wconf 83' lang='grc' dir='ltr'>μήτε</span> <span class='ocrx_word' id='word_1_252' title='bbox 431 2907 649 2974; x_wconf 72' lang='grc' dir='ltr'>λέγεται</span> <span class='ocrx_word' id='word_1_253' title='bbox 678 2901 828 2972; x_wconf 76' lang='grc' dir='ltr'>παρὰ</span> <span class='ocrx_word' id='word_1_254' title='bbox 847 2901 954 2953; x_wconf 84' lang='grc' dir='ltr'><strong>τῶν</strong></span> <span class='ocrx_word' id='word_1_255' title='bbox 973 2899 1016 2953; x_wconf 76' lang='grc' dir='ltr'><strong>Χ</strong></span> <span class='ocrx_word' id='word_1_256' title='bbox 1029 2899 1332 2969; x_wconf 87' lang='grc' dir='ltr'>ριστιανῶν,</span> <span class='ocrx_word' id='word_1_257' title='bbox 1354 2902 1486 2970; x_wconf 85' lang='grc' dir='ltr'>μήτε</span> <span class='ocrx_word' id='word_1_258' title='bbox 1514 2900 1847 2953; x_wconf 79' lang='grc' dir='ltr'>πιστεύεται·</span> 
     </span>
    </p>
   </div>
   <div class='ocr_carea' id='block_1_34' title="bbox 283 2989 1920 3080">
    <p class='ocr_par' dir='ltr' id='par_1_34' title="bbox 283 2989 1920 3080">
     <span class='ocr_line' id='line_1_34' title="bbox 283 2989 1920 3080; baseline -0.007 -28"><span class='ocrx_word' id='word_1_259' title='bbox 283 3001 417 3070; x_wconf 78' lang='grc' dir='ltr'>μήτε</span> <span class='ocrx_word' id='word_1_260' title='bbox 443 2999 509 3049; x_wconf 81' lang='grc' dir='ltr'><strong>ἐκ</strong></span> <span class='ocrx_word' id='word_1_261' title='bbox 535 2993 628 3048; x_wconf 76' lang='grc' dir='ltr'>τοῦ</span> <span class='ocrx_word' id='word_1_262' title='bbox 650 2991 939 3047; x_wconf 81' lang='grc' dir='ltr'>ἀκολούθου</span> <span class='ocrx_word' id='word_1_263' title='bbox 972 2990 1060 3044; x_wconf 84' lang='grc' dir='ltr'>διὰ</span> <span class='ocrx_word' id='word_1_264' title='bbox 1095 2989 1203 3043; x_wconf 87' lang='grc' dir='ltr'><strong>τῶν</strong></span> <span class='ocrx_word' id='word_1_265' title='bbox 1234 2991 1361 3058; x_wconf 81' lang='grc' dir='ltr'>παρ’</span> <span class='ocrx_word' id='word_1_266' title='bbox 1387 2993 1518 3060; x_wconf 86' lang='grc' dir='ltr'>ἡμῖν</span> <span class='ocrx_word' id='word_1_267' title='bbox 1566 2991 1852 3060; x_wconf 83' lang='grc' dir='ltr'>ὁμολογου-</span> <span class='ocrx_word' id='word_1_268' title='bbox 1879 3024 1920 3080; x_wconf 78' lang='lat' dir='ltr'><strong><em>C</em></strong></span> 
     </span>
    </p>
   </div>
   <div class='ocr_carea' id='block_1_35' title="bbox 283 3078 1854 3158">
    <p class='ocr_par' dir='ltr' id='par_1_35' title="bbox 283 3078 1854 3158">
     <span class='ocr_line' id='line_1_35' title="bbox 283 3078 1854 3158; baseline -0.005 -17"><span class='ocrx_word' id='word_1_269' title='bbox 283 3089 456 3158; x_wconf 83' lang='grc' dir='ltr'>μένων</span> <span class='ocrx_word' id='word_1_270' title='bbox 482 3087 705 3140; x_wconf 87' lang='grc' dir='ltr'>νοεῖται.</span> <span class='ocrx_word' id='word_1_271' title='bbox 744 3083 841 3145; x_wconf 88' lang='grc' dir='ltr'>Τίς</span> <span class='ocrx_word' id='word_1_272' title='bbox 867 3083 975 3151; x_wconf 83' lang='grc' dir='ltr'>γὰρ</span> <span class='ocrx_word' id='word_1_273' title='bbox 1009 3078 1128 3134; x_wconf 79' lang='grc' dir='ltr'>εἶπε</span> <span class='ocrx_word' id='word_1_274' title='bbox 1156 3079 1312 3133; x_wconf 77' lang='grc' dir='ltr'>τοῦτό</span> <span class='ocrx_word' id='word_1_275' title='bbox 1346 3098 1494 3141; x_wconf 87' lang='grc' dir='ltr'>ποτε,</span> <span class='ocrx_word' id='word_1_276' title='bbox 1535 3081 1566 3151; x_wconf 81' lang='grc' dir='ltr'><strong>ἢ</strong></span> <span class='ocrx_word' id='word_1_277' title='bbox 1607 3080 1854 3149; x_wconf 86' lang='grc' dir='ltr'>λέγοντος</span> 
     </span>
    </p>
   </div>
   <div class='ocr_carea' id='block_1_36' title="bbox 281 3171 1858 3252">
    <p class='ocr_par' dir='ltr' id='par_1_36' title="bbox 281 3171 1858 3252">
     <span class='ocr_line' id='line_1_36' title="bbox 281 3171 1858 3252; baseline -0.006 -19"><span class='ocrx_word' id='word_1_278' title='bbox 281 3187 508 3252; x_wconf 67' lang='grc' dir='ltr'>ἡκουσεν</span> <span class='ocrx_word' id='word_1_279' title='bbox 543 3180 599 3230; x_wconf 84' lang='grc' dir='ltr'><strong>ἐν</strong></span> <span class='ocrx_word' id='word_1_280' title='bbox 627 3179 690 3247; x_wconf 84' lang='grc' dir='ltr'>τῇ</span> <span class='ocrx_word' id='word_1_281' title='bbox 717 3175 810 3228; x_wconf 80' lang='grc' dir='ltr'>τοῦ</span> <span class='ocrx_word' id='word_1_282' title='bbox 837 3171 970 3226; x_wconf 82' lang='grc' dir='ltr'>Θεοῦ</span> <span class='ocrx_word' id='word_1_283' title='bbox 1022 3173 1334 3243; x_wconf 74' lang='grc' dir='ltr'>Ἐκκλησία,</span> <span class='ocrx_word' id='word_1_284' title='bbox 1369 3173 1449 3224; x_wconf 85' lang='grc' dir='ltr'><strong>ὅτι</strong></span> <span class='ocrx_word' id='word_1_285' title='bbox 1487 3175 1515 3225; x_wconf 83' lang='grc' dir='ltr'>ὁ</span> <span class='ocrx_word' id='word_1_286' title='bbox 1549 3173 1734 3242; x_wconf 71' lang='grc' dir='ltr'>Πατὴρ</span> <span class='ocrx_word' id='word_1_287' title='bbox 1759 3173 1858 3242; x_wconf 77' lang='grc' dir='ltr'>τὴν</span> 
     </span>
    </p>
   </div>
   <div class='ocr_carea' id='block_1_37' title="bbox 276 3264 1852 3340">
    <p class='ocr_par' dir='ltr' id='par_1_37' title="bbox 276 3264 1852 3340">
     <span class='ocr_line' id='line_1_37' title="bbox 276 3264 1852 3340; baseline -0.006 -15"><span class='ocrx_word' id='word_1_288' title='bbox 276 3273 463 3326; x_wconf 72' lang='grc' dir='ltr'>οὐσίαν</span> <span class='ocrx_word' id='word_1_289' title='bbox 497 3270 530 3340; x_wconf 79' lang='grc' dir='ltr'>ἢ</span> <span class='ocrx_word' id='word_1_290' title='bbox 556 3266 845 3340; x_wconf 78' lang='grc' dir='ltr'>χωρίζεται</span> <span class='ocrx_word' id='word_1_291' title='bbox 877 3266 910 3337; x_wconf 81' lang='grc' dir='ltr'>ἢ</span> <span class='ocrx_word' id='word_1_292' title='bbox 951 3265 1262 3336; x_wconf 75' lang='grc' dir='ltr'>μερίζεται,</span> <span class='ocrx_word' id='word_1_293' title='bbox 1296 3265 1329 3336; x_wconf 80' lang='grc' dir='ltr'><strong>ἢ</strong></span> <span class='ocrx_word' id='word_1_294' title='bbox 1358 3265 1544 3318; x_wconf 76' lang='grc' dir='ltr'>ἄλλοτε</span> <span class='ocrx_word' id='word_1_295' title='bbox 1587 3264 1745 3326; x_wconf 81' lang='grc' dir='ltr'>ἄλλος</span> <span class='ocrx_word' id='word_1_296' title='bbox 1775 3265 1852 3331; x_wconf 75' lang='grc' dir='ltr'>γίο</span> 
     </span>
    </p>
   </div>
   <div class='ocr_carea' id='block_1_38' title="bbox 278 3356 1860 3427">
    <p class='ocr_par' dir='ltr' id='par_1_38' title="bbox 278 3356 1860 3427">
     <span class='ocr_line' id='line_1_38' title="bbox 278 3356 1860 3427; baseline -0.004 -13"><span class='ocrx_word' id='word_1_297' title='bbox 278 3381 446 3424; x_wconf 85' lang='grc' dir='ltr'>νεται,</span> <span class='ocrx_word' id='word_1_298' title='bbox 479 3362 582 3427; x_wconf 79' lang='grc' dir='ltr'>ἔξω</span> <span class='ocrx_word' id='word_1_299' title='bbox 614 3357 806 3414; x_wconf 76' lang='grc' dir='ltr'>ἑαυτοῦ</span> <span class='ocrx_word' id='word_1_300' title='bbox 838 3358 1138 3427; x_wconf 83' lang='grc' dir='ltr'>γινόμενος,</span> <span class='ocrx_word' id='word_1_301' title='bbox 1173 3356 1204 3427; x_wconf 79' lang='grc' dir='ltr'>ἢ</span> <span class='ocrx_word' id='word_1_302' title='bbox 1239 3357 1320 3418; x_wconf 81' lang='grc' dir='ltr'><strong>είς</strong></span> <span class='ocrx_word' id='word_1_303' title='bbox 1357 3357 1683 3418; x_wconf 77' lang='grc' dir='ltr'>ὑποστάσεις</span> <span class='ocrx_word' id='word_1_304' title='bbox 1711 3358 1860 3427; x_wconf 84' lang='grc' dir='ltr'>τρεῖς</span> 
     </span>
    </p>
   </div>
   <div class='ocr_carea' id='block_1_39' title="bbox 279 3439 1851 3523">
    <p class='ocr_par' dir='ltr' id='par_1_39' title="bbox 279 3439 1851 3523">
     <span class='ocr_line' id='line_1_39' title="bbox 279 3439 1851 3523; baseline -0.005 -18"><span class='ocrx_word' id='word_1_305' title='bbox 279 3452 707 3523; x_wconf 75' lang='grc' dir='ltr'>σχηματίζεταις</span> <span class='ocrx_word' id='word_1_306' title='bbox 744 3445 953 3516; x_wconf 75' lang='grc' dir='ltr'>Ἑαυςῷ</span> <span class='ocrx_word' id='word_1_307' title='bbox 1007 3444 1181 3497; x_wconf 76' lang='grc' dir='ltr'>ταῦτα</span> <span class='ocrx_word' id='word_1_308' title='bbox 1212 3443 1365 3497; x_wconf 85' lang='grc' dir='ltr'>λαλεῖ</span> <span class='ocrx_word' id='word_1_309' title='bbox 1397 3446 1424 3497; x_wconf 70' lang='grc' dir='ltr'><strong>ι</strong></span> <span class='ocrx_word' id='word_1_310' title='bbox 1469 3444 1760 3512; x_wconf 79' lang='grc' dir='ltr'><strong>Εὑνόμιος⁹</strong></span> <span class='ocrx_word' id='word_1_311' title='bbox 1789 3439 1851 3497; x_wconf 76' lang='grc' dir='ltr'>οὗ</span> 
     </span>
    </p>
   </div>
   <div class='ocr_carea' id='block_1_40' title="bbox 279 3533 1847 3612">
    <p class='ocr_par' dir='ltr' id='par_1_40' title="bbox 279 3533 1847 3612">
     <span class='ocr_line' id='line_1_40' title="bbox 279 3533 1847 3612; baseline -0.006 -18"><span class='ocrx_word' id='word_1_312' title='bbox 279 3542 416 3612; x_wconf 81' lang='grc' dir='ltr'>πρὸς</span> <span class='ocrx_word' id='word_1_313' title='bbox 448 3541 597 3610; x_wconf 79' lang='grc' dir='ltr'>ἡμᾶς</span> <span class='ocrx_word' id='word_1_314' title='bbox 632 3538 955 3609; x_wconf 86' lang='grc' dir='ltr'>μαχόμενος,</span> <span class='ocrx_word' id='word_1_315' title='bbox 991 3534 1102 3588; x_wconf 88' lang='grc' dir='ltr'>ἀλλ’</span> <span class='ocrx_word' id='word_1_316' title='bbox 1145 3533 1277 3596; x_wconf 82' lang='grc' dir='ltr'>ἰδίας</span> <span class='ocrx_word' id='word_1_317' title='bbox 1311 3533 1620 3602; x_wconf 82' lang='grc' dir='ltr'>φληνάφους</span> <span class='ocrx_word' id='word_1_318' title='bbox 1657 3534 1847 3603; x_wconf 77' lang='grc' dir='ltr'>εἴρων·</span> 
     </span>
    </p>
   </div>
   <div class='ocr_carea' id='block_1_41' title="bbox 280 3622 1850 3702">
    <p class='ocr_par' dir='ltr' id='par_1_41' title="bbox 280 3622 1850 3702">
     <span class='ocr_line' id='line_1_41' title="bbox 280 3622 1850 3702; baseline -0.006 -15"><span class='ocrx_word' id='word_1_319' title='bbox 280 3632 479 3702; x_wconf 76' lang='grc' dir='ltr'>πολλὴν</span> <span class='ocrx_word' id='word_1_320' title='bbox 527 3629 830 3699; x_wconf 79' lang='grc' dir='ltr'>καταμίξας</span> <span class='ocrx_word' id='word_1_321' title='bbox 877 3628 942 3696; x_wconf 84' lang='grc' dir='ltr'>τῇ</span> <span class='ocrx_word' id='word_1_322' title='bbox 987 3624 1210 3694; x_wconf 68' lang='grc' dir='ltr'>ἀσεϐείᾳ.</span> <span class='ocrx_word' id='word_1_323' title='bbox 1256 3622 1361 3676; x_wconf 84' lang='grc' dir='ltr'><strong>τῶν</strong></span> <span class='ocrx_word' id='word_1_324' title='bbox 1408 3622 1719 3692; x_wconf 87' lang='grc' dir='ltr'>λεγομένων</span> <span class='ocrx_word' id='word_1_325' title='bbox 1751 3623 1850 3694; x_wconf 83' lang='grc' dir='ltr'>τὴν</span> 
     </span>
    </p>
   </div>
   <div class='ocr_carea' id='block_1_42' title="bbox 282 3713 1850 3789">
    <p class='ocr_par' dir='ltr' id='par_1_42' title="bbox 282 3713 1850 3789">
     <span class='ocr_line' id='line_1_42' title="bbox 282 3713 1850 3789; baseline -0.006 -13"><span class='ocrx_word' id='word_1_326' title='bbox 282 3723 485 3776; x_wconf 74' lang='grc' dir='ltr'>ἄνοιαν.</span> <span class='ocrx_word' id='word_1_327' title='bbox 534 3721 719 3789; x_wconf 82' lang='grc' dir='ltr'>Ἡμεῖς</span> <span class='ocrx_word' id='word_1_328' title='bbox 746 3718 854 3787; x_wconf 81' lang='grc' dir='ltr'>γὰρ</span> <span class='ocrx_word' id='word_1_329' title='bbox 882 3716 1076 3785; x_wconf 82' lang='grc' dir='ltr'>ἐπίσης</span> <span class='ocrx_word' id='word_1_330' title='bbox 1114 3713 1309 3776; x_wconf 82' lang='grc' dir='ltr'>ἀσεϐές</span> <span class='ocrx_word' id='word_1_331' title='bbox 1341 3730 1401 3766; x_wconf 87' lang='grc' dir='ltr'><strong>τε</strong></span> <span class='ocrx_word' id='word_1_332' title='bbox 1440 3715 1535 3766; x_wconf 78' lang='grc' dir='ltr'><strong>καὶ</strong></span> <span class='ocrx_word' id='word_1_333' title='bbox 1572 3713 1730 3767; x_wconf 76' lang='grc' dir='ltr'>ἄθεον</span> <span class='ocrx_word' id='word_1_334' title='bbox 1760 3715 1850 3768; x_wconf 84' lang='grc' dir='ltr'>λέ-</span> 
     </span>
    </p>
   </div>
   <div class='ocr_carea' id='block_1_43' title="bbox 284 3806 1853 3884">
    <p class='ocr_par' dir='ltr' id='par_1_43' title="bbox 284 3806 1853 3884">
     <span class='ocr_line' id='line_1_43' title="bbox 284 3806 1853 3884; baseline -0.004 -17"><span class='ocrx_word' id='word_1_335' title='bbox 284 3829 469 3884; x_wconf 87' lang='grc' dir='ltr'>γομεν,</span> <span class='ocrx_word' id='word_1_336' title='bbox 497 3811 588 3866; x_wconf 78' lang='grc' dir='ltr'>καὶ</span> <span class='ocrx_word' id='word_1_337' title='bbox 609 3811 669 3863; x_wconf 77' lang='grc' dir='ltr'>τὺ</span> <span class='ocrx_word' id='word_1_338' title='bbox 719 3809 934 3863; x_wconf 80' lang='grc' dir='ltr'>κτιστδν</span> <span class='ocrx_word' id='word_1_339' title='bbox 972 3806 1151 3876; x_wconf 85' lang='grc' dir='ltr'>λέγειν</span> <span class='ocrx_word' id='word_1_340' title='bbox 1181 3806 1272 3858; x_wconf 86' lang='grc' dir='ltr'><strong>τὸν</strong></span> <span class='ocrx_word' id='word_1_341' title='bbox 1297 3807 1570 3876; x_wconf 83' lang='grc' dir='ltr'>Δεσπότην</span> <span class='ocrx_word' id='word_1_342' title='bbox 1614 3806 1712 3876; x_wconf 82' lang='grc' dir='ltr'>τῆς</span> <span class='ocrx_word' id='word_1_343' title='bbox 1741 3808 1853 3860; x_wconf 87' lang='grc' dir='ltr'>κτί-</span> 
     </span>
    </p>
   </div>
   <div class='ocr_carea' id='block_1_44' title="bbox 286 3896 1861 3970">
    <p class='ocr_par' dir='ltr' id='par_1_44' title="bbox 286 3896 1861 3970">
     <span class='ocr_line' id='line_1_44' title="bbox 286 3896 1861 3970; baseline -0.01 -14"><span class='ocrx_word' id='word_1_344' title='bbox 286 3921 421 3968; x_wconf 84' lang='grc' dir='ltr'>σεως</span> <span class='ocrx_word' id='word_1_345' title='bbox 445 3922 458 3934; x_wconf 91' lang='grc'>·</span> <span class='ocrx_word' id='word_1_346' title='bbox 487 3904 581 3956; x_wconf 70' lang='grc' dir='ltr'>καὶ</span> <span class='ocrx_word' id='word_1_347' title='bbox 612 3903 669 3955; x_wconf 85' lang='grc' dir='ltr'><strong>τὸ</strong></span> <span class='ocrx_word' id='word_1_348' title='bbox 699 3900 906 3955; x_wconf 72' lang='grc' dir='ltr'>οἴεσθαι</span> <span class='ocrx_word' id='word_1_349' title='bbox 935 3899 1027 3952; x_wconf 78' lang='grc' dir='ltr'><strong>τὸν</strong></span> <span class='ocrx_word' id='word_1_350' title='bbox 1064 3897 1282 3966; x_wconf 87' lang='grc' dir='ltr'>Πατέρα</span> <span class='ocrx_word' id='word_1_351' title='bbox 1308 3896 1444 3950; x_wconf 57' lang='lat' dir='ltr'><strong>mea</strong></span> <span class='ocrx_word' id='word_1_352' title='bbox 1475 3900 1609 3963; x_wconf 83' lang='grc' dir='ltr'>ἐστι,</span> <span class='ocrx_word' id='word_1_353' title='bbox 1640 3899 1861 3970; x_wconf 79' lang='grc' dir='ltr'>χωρίζε.</span> 
     </span>
    </p>
   </div>
   <div class='ocr_carea' id='block_1_45' title="bbox 289 3986 1858 4065">
    <p class='ocr_par' dir='ltr' id='par_1_45' title="bbox 289 3986 1858 4065">
     <span class='ocr_line' id='line_1_45' title="bbox 289 3986 1858 4065; baseline -0.003 -19"><span class='ocrx_word' id='word_1_354' title='bbox 289 3995 410 4048; x_wconf 88' lang='grc' dir='ltr'>σθαι</span> <span class='ocrx_word' id='word_1_355' title='bbox 448 3995 481 4065; x_wconf 82' lang='grc' dir='ltr'><strong>ἢ</strong></span> <span class='ocrx_word' id='word_1_356' title='bbox 528 3991 896 4063; x_wconf 80' lang='grc' dir='ltr'>τέμνεσθαι,ἢ</span> <span class='ocrx_word' id='word_1_357' title='bbox 947 3988 1138 4043; x_wconf 80' lang='grc' dir='ltr'>ἑαυτοῦ</span> <span class='ocrx_word' id='word_1_358' title='bbox 1192 3986 1574 4058; x_wconf 76' lang='grc' dir='ltr'>ἐξίστασθαι,ἡ</span> <span class='ocrx_word' id='word_1_359' title='bbox 1624 3991 1703 4052; x_wconf 86' lang='grc' dir='ltr'><strong>είς</strong></span> <span class='ocrx_word' id='word_1_360' title='bbox 1730 3990 1858 4042; x_wconf 83' lang='grc' dir='ltr'>ὑπο-</span> 
     </span>
    </p>
   </div>
   <div class='ocr_carea' id='block_1_46' title="bbox 290 4078 1856 4154">
    <p class='ocr_par' dir='ltr' id='par_1_46' title="bbox 290 4078 1856 4154">
     <span class='ocr_line' id='line_1_46' title="bbox 290 4078 1856 4154; baseline 0.002 -23"><span class='ocrx_word' id='word_1_361' title='bbox 290 4085 504 4148; x_wconf 83' lang='grc' dir='ltr'>στάσεις</span> <span class='ocrx_word' id='word_1_362' title='bbox 549 4086 694 4154; x_wconf 84' lang='grc' dir='ltr'>τρεῖς</span> <span class='ocrx_word' id='word_1_363' title='bbox 732 4079 1162 4152; x_wconf 83' lang='grc' dir='ltr'>σχηματίζεσθαι</span> <span class='ocrx_word' id='word_1_364' title='bbox 1183 4093 1196 4107; x_wconf 87' lang='grc'><strong>·</strong></span> <span class='ocrx_word' id='word_1_365' title='bbox 1231 4078 1421 4148; x_wconf 76' lang='grc' dir='ltr'>ὥσπερ</span> <span class='ocrx_word' id='word_1_366' title='bbox 1449 4081 1569 4131; x_wconf 82' lang='grc' dir='ltr'>τινὰ</span> <span class='ocrx_word' id='word_1_367' title='bbox 1608 4079 1793 4150; x_wconf 78' lang='grc' dir='ltr'>πηλὸν,</span> <span class='ocrx_word' id='word_1_368' title='bbox 1823 4079 1856 4151; x_wconf 74' lang='grc' dir='ltr'>ἢ</span> 
     </span>
    </p>
   </div>
   <div class='ocr_carea' id='block_1_47' title="bbox 289 4166 1661 4244">
    <p class='ocr_par' dir='ltr' id='par_1_47' title="bbox 289 4166 1661 4244">
     <span class='ocr_line' id='line_1_47' title="bbox 289 4166 1661 4244; baseline -0.004 -18"><span class='ocrx_word' id='word_1_369' title='bbox 289 4175 472 4244; x_wconf 82' lang='grc' dir='ltr'>κηρὸν,</span> <span class='ocrx_word' id='word_1_370' title='bbox 511 4175 569 4227; x_wconf 85' lang='grc' dir='ltr'>ὲν</span> <span class='ocrx_word' id='word_1_371' title='bbox 611 4173 843 4241; x_wconf 81' lang='grc' dir='ltr'>μορφαῖς</span> <span class='ocrx_word' id='word_1_372' title='bbox 877 4169 1154 4240; x_wconf 83' lang='grc' dir='ltr'>διαφόροις</span> <span class='ocrx_word' id='word_1_373' title='bbox 1186 4166 1661 4237; x_wconf 86' lang='grc' dir='ltr'>διαπλασσόμενον.</span> 
     </span>
    </p>
   </div>
   <div class='ocr_carea' id='block_1_48' title="bbox 1943 440 3514 508">
    <p class='ocr_par' dir='ltr' id='par_1_48' title="bbox 1943 440 3514 508">
     <span class='ocr_line' id='line_1_48' title="bbox 1943 440 3514 508; baseline -0.003 -10"><span class='ocrx_word' id='word_1_374' title='bbox 1943 447 2070 499; x_wconf 83' lang='lat' dir='ltr'><strong>tiam</strong></span> <span class='ocrx_word' id='word_1_375' title='bbox 2125 444 2289 498; x_wconf 97' lang='lat' dir='ltr'><strong>habet</strong></span> <span class='ocrx_word' id='word_1_376' title='bbox 2347 443 2474 506; x_wconf 90' lang='lat' dir='ltr'><strong>hoc,</strong></span> <span class='ocrx_word' id='word_1_377' title='bbox 2529 457 2635 496; x_wconf 92' lang='lat' dir='ltr'><strong>non</strong></span> <span class='ocrx_word' id='word_1_378' title='bbox 2689 441 2925 496; x_wconf 79' lang='lat' dir='ltr'><strong>essentia</strong></span> <span class='ocrx_word' id='word_1_379' title='bbox 2976 440 3274 494; x_wconf 87' lang='lat' dir='ltr'><strong>secundum</strong></span> <span class='ocrx_word' id='word_1_380' title='bbox 3348 455 3514 508; x_wconf 85' lang='lat' dir='ltr'><strong>quam</strong></span> 
     </span>
    </p>
   </div>
   <div class='ocr_carea' id='block_1_49' title="bbox 1940 529 3515 600">
    <p class='ocr_par' dir='ltr' id='par_1_49' title="bbox 1940 529 3515 600">
     <span class='ocr_line' id='line_1_49' title="bbox 1940 529 3515 600; baseline -0.002 -15"><span class='ocrx_word' id='word_1_381' title='bbox 1940 538 2024 586; x_wconf 85' lang='lat' dir='ltr'><strong>est</strong></span> <span class='ocrx_word' id='word_1_382' title='bbox 2065 545 2230 594; x_wconf 88' lang='lat' dir='ltr'><strong>unus,</strong></span> <span class='ocrx_word' id='word_1_383' title='bbox 2267 539 2578 600; x_wconf 84' lang='lat' dir='ltr'><strong>separatum</strong></span> <span class='ocrx_word' id='word_1_384' title='bbox 2611 531 2664 582; x_wconf 94' lang='lat' dir='ltr'><strong>in</strong></span> <span class='ocrx_word' id='word_1_385' title='bbox 2693 531 2897 599; x_wconf 85' lang='lat' dir='ltr'><strong>plures,</strong></span> <span class='ocrx_word' id='word_1_386' title='bbox 2918 529 3001 583; x_wconf 84' lang='lat' dir='ltr'><strong>vel</strong></span> <span class='ocrx_word' id='word_1_387' title='bbox 3042 530 3176 583; x_wconf 88' lang='lat' dir='ltr'><strong>alias</strong></span> <span class='ocrx_word' id='word_1_388' title='bbox 3208 529 3353 583; x_wconf 85' lang='lat' dir='ltr'><strong>aliud</strong></span> <span class='ocrx_word' id='word_1_389' title='bbox 3382 530 3515 598; x_wconf 90' lang='lat' dir='ltr'><strong>quid</strong></span> 
     </span>
    </p>
   </div>
   <div class='ocr_carea' id='block_1_50' title="bbox 1942 618 3518 690">
    <p class='ocr_par' dir='ltr' id='par_1_50' title="bbox 1942 618 3518 690">
     <span class='ocr_line' id='line_1_50' title="bbox 1942 618 3518 690; baseline 0.001 -16"><span class='ocrx_word' id='word_1_390' title='bbox 1942 619 2167 683; x_wconf 85' lang='lat' dir='ltr'><strong>factum,</strong></span> <span class='ocrx_word' id='word_1_391' title='bbox 2225 622 2308 674; x_wconf 89' lang='lat' dir='ltr'><strong>vel</strong></span> <span class='ocrx_word' id='word_1_392' title='bbox 2367 621 2436 674; x_wconf 85' lang='lat' dir='ltr'><strong>ab</strong></span> <span class='ocrx_word' id='word_1_393' title='bbox 2476 634 2597 675; x_wconf 88' lang='lat' dir='ltr'><strong>esse</strong></span> <span class='ocrx_word' id='word_1_394' title='bbox 2625 620 2768 690; x_wconf 91' lang='lat' dir='ltr'><strong>quod</strong></span> <span class='ocrx_word' id='word_1_395' title='bbox 2800 627 2906 681; x_wconf 86' lang='lat' dir='ltr'><strong>est,</strong></span> <span class='ocrx_word' id='word_1_396' title='bbox 2943 618 3376 688; x_wconf 71' lang='lat' dir='ltr'><strong>demigrantem?</strong></span> <span class='ocrx_word' id='word_1_397' title='bbox 3406 619 3518 675; x_wconf 86' lang='lat' dir='ltr'><strong>Nec</strong></span> 
     </span>
    </p>
   </div>
   <div class='ocr_carea' id='block_1_51' title="bbox 1943 709 3516 781">
    <p class='ocr_par' dir='ltr' id='par_1_51' title="bbox 1943 709 3516 781">
     <span class='ocr_line' id='line_1_51' title="bbox 1943 709 3516 781; baseline 0 -18"><span class='ocrx_word' id='word_1_398' title='bbox 1943 711 2058 781; x_wconf 89' lang='lat' dir='ltr'><strong>ipse</strong></span> <span class='ocrx_word' id='word_1_399' title='bbox 2100 711 2334 776; x_wconf 86' lang='lat' dir='ltr'><strong>dixerit;</strong></span> <span class='ocrx_word' id='word_1_400' title='bbox 2365 725 2540 780; x_wconf 88' lang='lat' dir='ltr'><strong>neque</strong></span> <span class='ocrx_word' id='word_1_401' title='bbox 2586 723 2916 780; x_wconf 65' lang='lat' dir='ltr'><strong>quicunquam</strong></span> <span class='ocrx_word' id='word_1_402' title='bbox 2947 724 3134 763; x_wconf 91' lang='lat' dir='ltr'><strong>eorum</strong></span> <span class='ocrx_word' id='word_1_403' title='bbox 3177 710 3268 778; x_wconf 90' lang='lat' dir='ltr'><strong>qui</strong></span> <span class='ocrx_word' id='word_1_404' title='bbox 3296 709 3364 762; x_wconf 83' lang='lat' dir='ltr'><strong>ab</strong></span> <span class='ocrx_word' id='word_1_405' title='bbox 3393 709 3516 778; x_wconf 86' lang='lat' dir='ltr'><strong>ejus</strong></span> 
     </span>
    </p>
   </div>
   <div class='ocr_carea' id='block_1_52' title="bbox 1941 800 3518 871">
    <p class='ocr_par' dir='ltr' id='par_1_52' title="bbox 1941 800 3518 871">
     <span class='ocr_line' id='line_1_52' title="bbox 1941 800 3518 871; baseline -0.001 -16"><span class='ocrx_word' id='word_1_406' title='bbox 1941 816 2107 856; x_wconf 84' lang='lat' dir='ltr'><strong>causa</strong></span> <span class='ocrx_word' id='word_1_407' title='bbox 2174 810 2320 856; x_wconf 83' lang='lat' dir='ltr'><strong>stant</strong></span> <span class='ocrx_word' id='word_1_408' title='bbox 2391 803 2445 856; x_wconf 94' lang='lat' dir='ltr'><strong>in</strong></span> <span class='ocrx_word' id='word_1_409' title='bbox 2496 802 2581 856; x_wconf 87' lang='lat' dir='ltr'><strong>bis</strong></span> <span class='ocrx_word' id='word_1_410' title='bbox 2645 815 2765 871; x_wconf 70' lang='lat' dir='ltr'><strong>quae</strong></span> <span class='ocrx_word' id='word_1_411' title='bbox 2830 800 2977 854; x_wconf 88' lang='lat' dir='ltr'><strong>dicta</strong></span> <span class='ocrx_word' id='word_1_412' title='bbox 3041 807 3169 854; x_wconf 89' lang='lat' dir='ltr'><strong>sunt</strong></span> <span class='ocrx_word' id='word_1_413' title='bbox 3231 803 3518 856; x_wconf 69' lang='lat' dir='ltr'><strong>sententiae</strong></span> 
     </span>
    </p>
   </div>
   <div class='ocr_carea' id='block_1_53' title="bbox 1943 889 3518 961">
    <p class='ocr_par' dir='ltr' id='par_1_53' title="bbox 1943 889 3518 961">
     <span class='ocr_line' id='line_1_53' title="bbox 1943 889 3518 961; baseline -0.001 -17"><span class='ocrx_word' id='word_1_414' title='bbox 1943 893 2188 945; x_wconf 90' lang='lat' dir='ltr'><strong>umbram</strong></span> <span class='ocrx_word' id='word_1_415' title='bbox 2224 893 2460 961; x_wconf 85' lang='lat' dir='ltr'><strong>aliquam</strong></span> <span class='ocrx_word' id='word_1_416' title='bbox 2489 892 2728 945; x_wconf 82' lang='lat' dir='ltr'><strong>arbitror</strong></span> <span class='ocrx_word' id='word_1_417' title='bbox 2766 905 2928 960; x_wconf 81' lang='lat' dir='ltr'><strong>posse</strong></span> <span class='ocrx_word' id='word_1_418' title='bbox 2954 890 3214 944; x_wconf 89' lang='lat' dir='ltr'><strong>invenire.</strong></span> <span class='ocrx_word' id='word_1_419' title='bbox 3265 889 3389 944; x_wconf 86' lang='lat' dir='ltr'><strong>Non</strong></span> <span class='ocrx_word' id='word_1_420' title='bbox 3430 906 3518 944; x_wconf 86' lang='lat' dir='ltr'><strong>es-</strong></span> 
     </span>
    </p>
   </div>
   <div class='ocr_carea' id='block_1_54' title="bbox 1941 981 3514 1053">
    <p class='ocr_par' dir='ltr' id='par_1_54' title="bbox 1941 981 3514 1053">
     <span class='ocr_line' id='line_1_54' title="bbox 1941 981 3514 1053; baseline -0.001 -17"><span class='ocrx_word' id='word_1_421' title='bbox 1941 985 2111 1037; x_wconf 89' lang='lat' dir='ltr'><strong>sentia</strong></span> <span class='ocrx_word' id='word_1_422' title='bbox 2145 984 2430 1037; x_wconf 85' lang='lat' dir='ltr'><strong>secundum</strong></span> <span class='ocrx_word' id='word_1_423' title='bbox 2460 999 2615 1053; x_wconf 83' lang='lat' dir='ltr'><strong>quam</strong></span> <span class='ocrx_word' id='word_1_424' title='bbox 2649 991 2729 1038; x_wconf 83' lang='lat' dir='ltr'><strong>est</strong></span> <span class='ocrx_word' id='word_1_425' title='bbox 2767 999 2921 1036; x_wconf 87' lang='lat' dir='ltr'><strong>unus.</strong></span> <span class='ocrx_word' id='word_1_426' title='bbox 2965 981 3284 1051; x_wconf 88' lang='lat' dir='ltr'><strong>Separatum</strong></span> <span class='ocrx_word' id='word_1_427' title='bbox 3336 981 3514 1051; x_wconf 89' lang='lat' dir='ltr'><strong>ipsum</strong></span> 
     </span>
    </p>
   </div>
   <div class='ocr_carea' id='block_1_55' title="bbox 1941 1075 3518 1144">
    <p class='ocr_par' dir='ltr' id='par_1_55' title="bbox 1941 1075 3518 1144">
     <span class='ocr_line' id='line_1_55' title="bbox 1941 1075 3518 1144; baseline -0.001 -15"><span class='ocrx_word' id='word_1_428' title='bbox 1941 1075 2074 1129; x_wconf 90' lang='lat' dir='ltr'><strong>dicit</strong></span> <span class='ocrx_word' id='word_1_429' title='bbox 2128 1075 2195 1128; x_wconf 89' lang='lat' dir='ltr'><strong>ab</strong></span> <span class='ocrx_word' id='word_1_430' title='bbox 2240 1076 2480 1130; x_wconf 81' lang='lat' dir='ltr'><strong>essentia</strong></span> <span class='ocrx_word' id='word_1_431' title='bbox 2527 1075 2610 1128; x_wconf 88' lang='lat' dir='ltr'><strong>sui</strong></span> <span class='ocrx_word' id='word_1_432' title='bbox 2651 1075 2854 1144; x_wconf 87' lang='lat' dir='ltr'><strong>ipsius,</strong></span> <span class='ocrx_word' id='word_1_433' title='bbox 2920 1090 3031 1128; x_wconf 92' lang='lat' dir='ltr'><strong>non</strong></span> <span class='ocrx_word' id='word_1_434' title='bbox 3088 1075 3367 1143; x_wconf 88' lang='lat' dir='ltr'><strong>separari,</strong></span> <span class='ocrx_word' id='word_1_435' title='bbox 3430 1075 3518 1128; x_wconf 88' lang='lat' dir='ltr'><strong>vel</strong></span> 
     </span>
    </p>
   </div>
   <div class='ocr_carea' id='block_1_56' title="bbox 1941 1164 3518 1235">
    <p class='ocr_par' dir='ltr' id='par_1_56' title="bbox 1941 1164 3518 1235">
     <span class='ocr_line' id='line_1_56' title="bbox 1941 1164 3518 1235; baseline -0.001 -16"><span class='ocrx_word' id='word_1_436' title='bbox 1941 1165 2232 1219; x_wconf 85' lang='lat' dir='ltr'><strong>essentiam</strong></span> <span class='ocrx_word' id='word_1_437' title='bbox 2280 1167 2401 1234; x_wconf 84' lang='lat' dir='ltr'><strong>ejus</strong></span> <span class='ocrx_word' id='word_1_438' title='bbox 2445 1166 2580 1219; x_wconf 84' lang='lat' dir='ltr'><strong>dicit</strong></span> <span class='ocrx_word' id='word_1_439' title='bbox 2629 1166 2698 1220; x_wconf 88' lang='lat' dir='ltr'><strong>ab</strong></span> <span class='ocrx_word' id='word_1_440' title='bbox 2744 1167 2863 1235; x_wconf 91' lang='lat' dir='ltr'><strong>ipso</strong></span> <span class='ocrx_word' id='word_1_441' title='bbox 2903 1180 3010 1218; x_wconf 92' lang='lat' dir='ltr'><strong>non</strong></span> <span class='ocrx_word' id='word_1_442' title='bbox 3065 1165 3253 1219; x_wconf 91' lang='lat' dir='ltr'><strong>dividi.</strong></span> <span class='ocrx_word' id='word_1_443' title='bbox 3311 1164 3518 1234; x_wconf 82' lang='lat' dir='ltr'><strong>Strepi-</strong></span> 
     </span>
    </p>
   </div>
   <div class='ocr_carea' id='block_1_57' title="bbox 1944 1253 3516 1326">
    <p class='ocr_par' dir='ltr' id='par_1_57' title="bbox 1944 1253 3516 1326">
     <span class='ocr_line' id='line_1_57' title="bbox 1944 1253 3516 1326; baseline 0 -17"><span class='ocrx_word' id='word_1_444' title='bbox 1944 1264 2034 1312; x_wconf 84' lang='lat' dir='ltr'><strong>tus</strong></span> <span class='ocrx_word' id='word_1_445' title='bbox 2056 1256 2273 1326; x_wconf 86' lang='lat' dir='ltr'><strong>quidam</strong></span> <span class='ocrx_word' id='word_1_446' title='bbox 2301 1263 2462 1311; x_wconf 90' lang='lat' dir='ltr'><strong>estet</strong></span> <span class='ocrx_word' id='word_1_447' title='bbox 2505 1255 2719 1309; x_wconf 86' lang='lat' dir='ltr'><strong>sonitus</strong></span> <span class='ocrx_word' id='word_1_448' title='bbox 2763 1255 2941 1308; x_wconf 88' lang='lat' dir='ltr'><strong>inanis</strong></span> <span class='ocrx_word' id='word_1_449' title='bbox 2983 1261 3184 1308; x_wconf 83' lang='lat' dir='ltr'><strong>temere</strong></span> <span class='ocrx_word' id='word_1_450' title='bbox 3228 1253 3516 1319; x_wconf 79' lang='lat' dir='ltr'><strong>conﬂatus,</strong></span> 
     </span>
    </p>
   </div>
   <div class='ocr_carea' id='block_1_58' title="bbox 1941 1345 3519 1418">
    <p class='ocr_par' dir='ltr' id='par_1_58' title="bbox 1941 1345 3519 1418">
     <span class='ocr_line' id='line_1_58' title="bbox 1941 1345 3519 1418; baseline -0.001 -16"><span class='ocrx_word' id='word_1_451' title='bbox 1941 1348 2058 1403; x_wconf 64' lang='lat' dir='ltr'><strong>haec</strong></span> <span class='ocrx_word' id='word_1_452' title='bbox 2098 1349 2230 1402; x_wconf 87' lang='lat' dir='ltr'><strong>nihil</strong></span> <span class='ocrx_word' id='word_1_453' title='bbox 2289 1347 2609 1418; x_wconf 76' lang='lat' dir='ltr'><strong>signiﬁcans</strong></span> <span class='ocrx_word' id='word_1_454' title='bbox 2659 1347 2855 1400; x_wconf 82' lang='lat' dir='ltr'><strong>oratio.</strong></span> <span class='ocrx_word' id='word_1_455' title='bbox 2917 1345 3124 1414; x_wconf 88' lang='lat' dir='ltr'><strong>Ecquid</strong></span> <span class='ocrx_word' id='word_1_456' title='bbox 3171 1353 3255 1400; x_wconf 87' lang='lat' dir='ltr'><strong>est</strong></span> <span class='ocrx_word' id='word_1_457' title='bbox 3293 1361 3519 1400; x_wconf 87' lang='lat' dir='ltr'><strong>necesse</strong></span> 
     </span>
    </p>
   </div>
   <div class='ocr_carea' id='block_1_59' title="bbox 1941 1437 3521 1494">
    <p class='ocr_par' dir='ltr' id='par_1_59' title="bbox 1941 1437 3521 1494">
     <span class='ocr_line' id='line_1_59' title="bbox 1941 1437 3521 1494; baseline -0.001 -3"><span class='ocrx_word' id='word_1_458' title='bbox 1941 1439 1996 1493; x_wconf 89' lang='lat' dir='ltr'><strong>in</strong></span> <span class='ocrx_word' id='word_1_459' title='bbox 2042 1440 2332 1494; x_wconf 87' lang='lat' dir='ltr'><strong>verborum</strong></span> <span class='ocrx_word' id='word_1_460' title='bbox 2374 1448 2552 1493; x_wconf 87' lang='lat' dir='ltr'><strong>mente</strong></span> <span class='ocrx_word' id='word_1_461' title='bbox 2596 1444 2650 1492; x_wconf 90' lang='lat' dir='ltr'><strong>et</strong></span> <span class='ocrx_word' id='word_1_462' title='bbox 2690 1452 2854 1491; x_wconf 89' lang='lat' dir='ltr'><strong>sensu</strong></span> <span class='ocrx_word' id='word_1_463' title='bbox 2885 1437 3187 1491; x_wconf 82' lang='lat' dir='ltr'><strong>carentium</strong></span> <span class='ocrx_word' id='word_1_464' title='bbox 3237 1439 3521 1490; x_wconf 68' lang='lat' dir='ltr'><strong>examina-</strong></span> 
     </span>
    </p>
   </div>
   <div class='ocr_carea' id='block_1_60' title="bbox 1941 1529 3518 1598">
    <p class='ocr_par' dir='ltr' id='par_1_60' title="bbox 1941 1529 3518 1598">
     <span class='ocr_line' id='line_1_60' title="bbox 1941 1529 3518 1598; baseline -0.001 -14"><span class='ocrx_word' id='word_1_465' title='bbox 1941 1531 2090 1584; x_wconf 87' lang='lat' dir='ltr'><strong>tione</strong></span> <span class='ocrx_word' id='word_1_466' title='bbox 2122 1530 2328 1584; x_wconf 89' lang='lat' dir='ltr'><strong>diutius</strong></span> <span class='ocrx_word' id='word_1_467' title='bbox 2373 1529 2668 1584; x_wconf 86' lang='lat' dir='ltr'><strong>insistere?</strong></span> <span class='ocrx_word' id='word_1_468' title='bbox 2697 1529 2979 1595; x_wconf 88' lang='lat' dir='ltr'><strong>Quomodu</strong></span> <span class='ocrx_word' id='word_1_469' title='bbox 3025 1530 3168 1583; x_wconf 91' lang='lat' dir='ltr'><strong>enim</strong></span> <span class='ocrx_word' id='word_1_470' title='bbox 3203 1529 3326 1598; x_wconf 90' lang='lat' dir='ltr'><strong>quis</strong></span> <span class='ocrx_word' id='word_1_471' title='bbox 3358 1545 3386 1582; x_wconf 84' lang='lat' dir='ltr'><strong>a</strong></span> <span class='ocrx_word' id='word_1_472' title='bbox 3419 1545 3518 1584; x_wconf 86' lang='lat' dir='ltr'><strong>sua</strong></span> 
     </span>
    </p>
   </div>
   <div class='ocr_carea' id='block_1_61' title="bbox 1943 1620 3519 1691">
    <p class='ocr_par' dir='ltr' id='par_1_61' title="bbox 1943 1620 3519 1691">
     <span class='ocr_line' id='line_1_61' title="bbox 1943 1620 3519 1691; baseline 0.002 -17"><span class='ocrx_word' id='word_1_473' title='bbox 1943 1620 2118 1691; x_wconf 83' lang='lat' dir='ltr'><strong>ipsius</strong></span> <span class='ocrx_word' id='word_1_474' title='bbox 2169 1621 2407 1676; x_wconf 87' lang='lat' dir='ltr'><strong>essentia</strong></span> <span class='ocrx_word' id='word_1_475' title='bbox 2453 1621 2701 1676; x_wconf 78' lang='lat' dir='ltr'><strong>divulsus</strong></span> <span class='ocrx_word' id='word_1_476' title='bbox 2740 1623 2794 1674; x_wconf 92' lang='lat' dir='ltr'><strong>in</strong></span> <span class='ocrx_word' id='word_1_477' title='bbox 2851 1638 2952 1676; x_wconf 91' lang='lat' dir='ltr'><strong>suo</strong></span> <span class='ocrx_word' id='word_1_478' title='bbox 3010 1638 3133 1677; x_wconf 89' lang='lat' dir='ltr'><strong>esse</strong></span> <span class='ocrx_word' id='word_1_479' title='bbox 3182 1623 3406 1677; x_wconf 87' lang='lat' dir='ltr'><strong>manet?</strong></span> <span class='ocrx_word' id='word_1_480' title='bbox 3435 1624 3519 1677; x_wconf 85' lang='lat' dir='ltr'><strong>vel</strong></span> 
     </span>
    </p>
   </div>
   <div class='ocr_carea' id='block_1_62' title="bbox 1949 1713 3521 1784">
    <p class='ocr_par' dir='ltr' id='par_1_62' title="bbox 1949 1713 3521 1784">
     <span class='ocr_line' id='line_1_62' title="bbox 1949 1713 3521 1784; baseline 0.003 -19"><span class='ocrx_word' id='word_1_481' title='bbox 1949 1713 2224 1782; x_wconf 83' lang='lat' dir='ltr'><strong>quomodo</strong></span> <span class='ocrx_word' id='word_1_482' title='bbox 2270 1714 2508 1767; x_wconf 81' lang='lat' dir='ltr'><strong>essentia</strong></span> <span class='ocrx_word' id='word_1_483' title='bbox 2544 1714 2778 1781; x_wconf 82' lang='lat' dir='ltr'><strong>alicujus</strong></span> <span class='ocrx_word' id='word_1_484' title='bbox 2826 1714 2878 1767; x_wconf 92' lang='lat' dir='ltr'><strong>in</strong></span> <span class='ocrx_word' id='word_1_485' title='bbox 2928 1723 3109 1784; x_wconf 86' lang='lat' dir='ltr'><strong>partes</strong></span> <span class='ocrx_word' id='word_1_486' title='bbox 3139 1716 3312 1770; x_wconf 80' lang='lat' dir='ltr'><strong>divisa</strong></span> <span class='ocrx_word' id='word_1_487' title='bbox 3358 1716 3411 1769; x_wconf 91' lang='lat' dir='ltr'><strong>in</strong></span> <span class='ocrx_word' id='word_1_488' title='bbox 3461 1730 3521 1770; x_wconf 84' lang='lat' dir='ltr'><strong>se</strong></span> 
     </span>
    </p>
   </div>
   <div class='ocr_carea' id='block_1_63' title="bbox 1948 1805 3522 1876">
    <p class='ocr_par' dir='ltr' id='par_1_63' title="bbox 1948 1805 3522 1876">
     <span class='ocr_line' id='line_1_63' title="bbox 1948 1805 3522 1876; baseline 0.002 -17"><span class='ocrx_word' id='word_1_489' title='bbox 1948 1806 2064 1874; x_wconf 88' lang='lat' dir='ltr'><strong>ipsa</strong></span> <span class='ocrx_word' id='word_1_490' title='bbox 2102 1806 2447 1860; x_wconf 85' lang='lat' dir='ltr'><strong>ostenditur?</strong></span> <span class='ocrx_word' id='word_1_491' title='bbox 2479 1807 2563 1860; x_wconf 88' lang='lat' dir='ltr'><strong>vel</strong></span> <span class='ocrx_word' id='word_1_492' title='bbox 2616 1806 2709 1875; x_wconf 88' lang='lat' dir='ltr'><strong>qui</strong></span> <span class='ocrx_word' id='word_1_493' title='bbox 2768 1805 2882 1859; x_wconf 84' lang='lat' dir='ltr'><strong>ﬁeri</strong></span> <span class='ocrx_word' id='word_1_494' title='bbox 2946 1817 3142 1874; x_wconf 86' lang='lat' dir='ltr'><strong>potest.</strong></span> <span class='ocrx_word' id='word_1_495' title='bbox 3196 1817 3254 1861; x_wconf 91' lang='lat' dir='ltr'><strong>ut</strong></span> <span class='ocrx_word' id='word_1_496' title='bbox 3303 1808 3396 1876; x_wconf 88' lang='lat' dir='ltr'><strong>qui</strong></span> <span class='ocrx_word' id='word_1_497' title='bbox 3453 1809 3522 1862; x_wconf 88' lang='lat' dir='ltr'><strong>ab</strong></span> 
     </span>
    </p>
   </div>
   <div class='ocr_carea' id='block_1_64' title="bbox 1947 1897 3520 1968">
    <p class='ocr_par' dir='ltr' id='par_1_64' title="bbox 1947 1897 3520 1968">
     <span class='ocr_line' id='line_1_64' title="bbox 1947 1897 3520 1968; baseline -0.001 -15"><span class='ocrx_word' id='word_1_498' title='bbox 1947 1913 2013 1953; x_wconf 88' lang='lat' dir='ltr'><strong>eo</strong></span> <span class='ocrx_word' id='word_1_499' title='bbox 2054 1898 2108 1952; x_wconf 92' lang='lat' dir='ltr'><strong>in</strong></span> <span class='ocrx_word' id='word_1_500' title='bbox 2163 1912 2274 1967; x_wconf 85' lang='lat' dir='ltr'><strong>quo</strong></span> <span class='ocrx_word' id='word_1_501' title='bbox 2324 1905 2409 1953; x_wconf 89' lang='lat' dir='ltr'><strong>est</strong></span> <span class='ocrx_word' id='word_1_502' title='bbox 2461 1897 2680 1964; x_wconf 81' lang='lat' dir='ltr'><strong>exierit,</strong></span> <span class='ocrx_word' id='word_1_503' title='bbox 2724 1898 2862 1952; x_wconf 81' lang='lat' dir='ltr'><strong>alius</strong></span> <span class='ocrx_word' id='word_1_504' title='bbox 2925 1899 3017 1951; x_wconf 81' lang='lat' dir='ltr'><strong>ﬁat</strong></span> <span class='ocrx_word' id='word_1_505' title='bbox 3070 1908 3221 1952; x_wconf 77' lang='lat' dir='ltr'><strong>extra</strong></span> <span class='ocrx_word' id='word_1_506' title='bbox 3279 1900 3520 1968; x_wconf 86' lang='lat' dir='ltr'><strong>seipsmn</strong></span> 
     </span>
    </p>
   </div>
   <div class='ocr_carea' id='block_1_65' title="bbox 1949 1985 3524 2056">
    <p class='ocr_par' dir='ltr' id='par_1_65' title="bbox 1949 1985 3524 2056">
     <span class='ocr_line' id='line_1_65' title="bbox 1949 1985 3524 2056; baseline 0 -16"><span class='ocrx_word' id='word_1_507' title='bbox 1949 1986 2166 2040; x_wconf 81' lang='lat' dir='ltr'><strong>factus?</strong></span> <span class='ocrx_word' id='word_1_508' title='bbox 2217 1985 2320 2040; x_wconf 86' lang='lat' dir='ltr'><strong>Sed</strong></span> <span class='ocrx_word' id='word_1_509' title='bbox 2377 2002 2538 2056; x_wconf 85' lang='lat' dir='ltr'><strong>neque</strong></span> <span class='ocrx_word' id='word_1_510' title='bbox 2583 2000 2648 2038; x_wconf 78' lang='lat' dir='ltr'><strong>ea:</strong></span> <span class='ocrx_word' id='word_1_511' title='bbox 2695 2001 2824 2046; x_wconf 86' lang='lat' dir='ltr'><strong>una.</strong></span> <span class='ocrx_word' id='word_1_512' title='bbox 2880 1985 2983 2049; x_wconf 86' lang='lat' dir='ltr'><strong>ait,</strong></span> <span class='ocrx_word' id='word_1_513' title='bbox 3029 1987 3257 2040; x_wconf 86' lang='lat' dir='ltr'><strong>essentia</strong></span> <span class='ocrx_word' id='word_1_514' title='bbox 3309 1988 3360 2040; x_wconf 87' lang='lat' dir='ltr'><strong>in</strong></span> <span class='ocrx_word' id='word_1_515' title='bbox 3420 1997 3524 2041; x_wconf 85' lang='lat' dir='ltr'><strong>tres</strong></span> 
     </span>
    </p>
   </div>
   <div class='ocr_carea' id='block_1_66' title="bbox 1950 2075 3522 2148">
    <p class='ocr_par' dir='ltr' id='par_1_66' title="bbox 1950 2075 3522 2148">
     <span class='ocr_line' id='line_1_66' title="bbox 1950 2075 3522 2148; baseline 0.002 -19"><span class='ocrx_word' id='word_1_516' title='bbox 1950 2077 2260 2148; x_wconf 75' lang='lat' dir='ltr'><strong>[typostases</strong></span> <span class='ocrx_word' id='word_1_517' title='bbox 2292 2078 2598 2146; x_wconf 80' lang='lat' dir='ltr'><strong>ﬁguratum.</strong></span> <span class='ocrx_word' id='word_1_518' title='bbox 2643 2075 2867 2131; x_wconf 74' lang='lat' dir='ltr'><strong>Prorsus</strong></span> <span class='ocrx_word' id='word_1_519' title='bbox 2899 2081 3036 2132; x_wconf 87' lang='lat' dir='ltr'><strong>enim</strong></span> <span class='ocrx_word' id='word_1_520' title='bbox 3069 2088 3115 2131; x_wconf 86' lang='lat' dir='ltr'><strong>et</strong></span> <span class='ocrx_word' id='word_1_521' title='bbox 3146 2080 3351 2146; x_wconf 78' lang='lat' dir='ltr'><strong>penitus</strong></span> <span class='ocrx_word' id='word_1_522' title='bbox 3387 2096 3522 2132; x_wconf 83' lang='lat' dir='ltr'><strong>unus</strong></span> 
     </span>
    </p>
   </div>
   <div class='ocr_carea' id='block_1_67' title="bbox 1947 2166 3521 2237">
    <p class='ocr_par' dir='ltr' id='par_1_67' title="bbox 1947 2166 3521 2237">
     <span class='ocr_line' id='line_1_67' title="bbox 1947 2166 3521 2237; baseline 0.001 -15"><span class='ocrx_word' id='word_1_523' title='bbox 1947 2177 2046 2231; x_wconf 86' lang='lat' dir='ltr'><strong>est,</strong></span> <span class='ocrx_word' id='word_1_524' title='bbox 2069 2168 2355 2222; x_wconf 85' lang='lat' dir='ltr'><strong>secundum</strong></span> <span class='ocrx_word' id='word_1_525' title='bbox 2375 2168 2557 2221; x_wconf 84' lang='lat' dir='ltr'><strong>eadem</strong></span> <span class='ocrx_word' id='word_1_526' title='bbox 2578 2177 2627 2221; x_wconf 87' lang='lat' dir='ltr'><strong>et</strong></span> <span class='ocrx_word' id='word_1_527' title='bbox 2652 2166 2830 2220; x_wconf 79' lang='lat' dir='ltr'><strong>eodem</strong></span> <span class='ocrx_word' id='word_1_528' title='bbox 2853 2169 3005 2222; x_wconf 86' lang='lat' dir='ltr'><strong>modo</strong></span> <span class='ocrx_word' id='word_1_529' title='bbox 3023 2185 3331 2237; x_wconf 75' lang='lat' dir='ltr'><strong>permanens</strong></span> <span class='ocrx_word' id='word_1_530' title='bbox 3355 2171 3521 2224; x_wconf 78' lang='lat' dir='ltr'><strong>solus.</strong></span> 
     </span>
    </p>
   </div>
   <div class='ocr_carea' id='block_1_68' title="bbox 1951 2258 3527 2329">
    <p class='ocr_par' dir='ltr' id='par_1_68' title="bbox 1951 2258 3527 2329">
     <span class='ocr_line' id='line_1_68' title="bbox 1951 2258 3527 2329; baseline 0.003 -17"><span class='ocrx_word' id='word_1_531' title='bbox 1951 2258 2108 2324; x_wconf 84' lang='lat' dir='ltr'><strong>Quod</strong></span> <span class='ocrx_word' id='word_1_532' title='bbox 2162 2260 2329 2328; x_wconf 79' lang='lat' dir='ltr'><strong>igitur</strong></span> <span class='ocrx_word' id='word_1_533' title='bbox 2380 2269 2561 2312; x_wconf 85' lang='lat' dir='ltr'><strong>mente</strong></span> <span class='ocrx_word' id='word_1_534' title='bbox 2605 2267 2757 2312; x_wconf 87' lang='lat' dir='ltr'><strong>caret</strong></span> <span class='ocrx_word' id='word_1_535' title='bbox 2798 2268 2850 2311; x_wconf 82' lang='lat' dir='ltr'><strong>ct</strong></span> <span class='ocrx_word' id='word_1_536' title='bbox 2893 2273 3056 2312; x_wconf 87' lang='lat' dir='ltr'><strong>sensu</strong></span> <span class='ocrx_word' id='word_1_537' title='bbox 3089 2260 3140 2313; x_wconf 91' lang='lat' dir='ltr'><strong>iu</strong></span> <span class='ocrx_word' id='word_1_538' title='bbox 3179 2261 3245 2315; x_wconf 89' lang='lat' dir='ltr'><strong>iis</strong></span> <span class='ocrx_word' id='word_1_539' title='bbox 3286 2277 3406 2329; x_wconf 74' lang='lat' dir='ltr'><strong>qua:</strong></span> <span class='ocrx_word' id='word_1_540' title='bbox 3439 2277 3527 2316; x_wconf 87' lang='lat' dir='ltr'><strong>re-</strong></span> 
     </span>
    </p>
   </div>
   <div class='ocr_carea' id='block_1_69' title="bbox 1949 2349 3526 2422">
    <p class='ocr_par' dir='ltr' id='par_1_69' title="bbox 1949 2349 3526 2422">
     <span class='ocr_line' id='line_1_69' title="bbox 1949 2349 3526 2422; baseline 0.003 -19"><span class='ocrx_word' id='word_1_541' title='bbox 1949 2351 2112 2403; x_wconf 87' lang='lat' dir='ltr'><strong>citata</strong></span> <span class='ocrx_word' id='word_1_542' title='bbox 2145 2361 2271 2405; x_wconf 89' lang='lat' dir='ltr'><strong>sunt</strong></span> <span class='ocrx_word' id='word_1_543' title='bbox 2299 2349 2547 2403; x_wconf 87' lang='lat' dir='ltr'><strong>Eunomii</strong></span> <span class='ocrx_word' id='word_1_544' title='bbox 2576 2350 2777 2414; x_wconf 85' lang='lat' dir='ltr'><strong>verbis,</strong></span> <span class='ocrx_word' id='word_1_545' title='bbox 2818 2350 2994 2405; x_wconf 80' lang='lat' dir='ltr'><strong>cuivis</strong></span> <span class='ocrx_word' id='word_1_546' title='bbox 3028 2353 3379 2422; x_wconf 87' lang='lat' dir='ltr'><strong>perspicuum</strong></span> <span class='ocrx_word' id='word_1_547' title='bbox 3404 2369 3526 2408; x_wconf 82' lang='lat' dir='ltr'><strong>esse</strong></span> 
     </span>
    </p>
   </div>
   <div class='ocr_carea' id='block_1_70' title="bbox 1955 2442 3525 2515">
    <p class='ocr_par' dir='ltr' id='par_1_70' title="bbox 1955 2442 3525 2515">
     <span class='ocr_line' id='line_1_70' title="bbox 1955 2442 3525 2515; baseline 0.001 -19"><span class='ocrx_word' id='word_1_548' title='bbox 1955 2443 2120 2497; x_wconf 90' lang='lat' dir='ltr'><strong>etiam</strong></span> <span class='ocrx_word' id='word_1_549' title='bbox 2161 2451 2287 2495; x_wconf 88' lang='lat' dir='ltr'><strong>ante</strong></span> <span class='ocrx_word' id='word_1_550' title='bbox 2336 2448 2552 2496; x_wconf 88' lang='lat' dir='ltr'><strong>nostras</strong></span> <span class='ocrx_word' id='word_1_551' title='bbox 2605 2442 2844 2495; x_wconf 90' lang='lat' dir='ltr'><strong>rationes</strong></span> <span class='ocrx_word' id='word_1_552' title='bbox 2892 2442 3127 2496; x_wconf 84' lang='lat' dir='ltr'><strong>arbitror</strong></span> <span class='ocrx_word' id='word_1_553' title='bbox 3186 2463 3196 2497; x_wconf 94' lang='lat'>:</span> <span class='ocrx_word' id='word_1_554' title='bbox 3253 2444 3338 2498; x_wconf 88' lang='lat' dir='ltr'><strong>his</strong></span> <span class='ocrx_word' id='word_1_555' title='bbox 3390 2460 3525 2515; x_wconf 76' lang='lat' dir='ltr'><strong>ergo</strong></span> 
     </span>
    </p>
   </div>
   <div class='ocr_carea' id='block_1_71' title="bbox 1950 2533 3522 2603">
    <p class='ocr_par' dir='ltr' id='par_1_71' title="bbox 1950 2533 3522 2603">
     <span class='ocr_line' id='line_1_71' title="bbox 1950 2533 3522 2603; baseline 0.001 -16"><span class='ocrx_word' id='word_1_556' title='bbox 1950 2533 2313 2594; x_wconf 84' lang='lat' dir='ltr'><strong>contradicat,</strong></span> <span class='ocrx_word' id='word_1_557' title='bbox 2367 2533 2459 2601; x_wconf 90' lang='lat' dir='ltr'><strong>qui</strong></span> <span class='ocrx_word' id='word_1_558' title='bbox 2500 2540 2653 2602; x_wconf 87' lang='lat' dir='ltr'><strong>putat</strong></span> <span class='ocrx_word' id='word_1_559' title='bbox 2695 2533 2760 2587; x_wconf 90' lang='lat' dir='ltr'><strong>iis</strong></span> <span class='ocrx_word' id='word_1_560' title='bbox 2808 2533 2987 2586; x_wconf 89' lang='lat' dir='ltr'><strong>verbis</strong></span> <span class='ocrx_word' id='word_1_561' title='bbox 3018 2534 3251 2603; x_wconf 85' lang='lat' dir='ltr'><strong>aliquam</strong></span> <span class='ocrx_word' id='word_1_562' title='bbox 3287 2544 3522 2590; x_wconf 82' lang='lat' dir='ltr'><strong>tuentem</strong></span> 
     </span>
    </p>
   </div>
   <div class='ocr_carea' id='block_1_72' title="bbox 1951 2612 3526 2693">
    <p class='ocr_par' dir='ltr' id='par_1_72' title="bbox 1951 2612 3526 2693">
     <span class='ocr_line' id='line_1_72' title="bbox 1951 2612 3526 2693; baseline 0.002 -15"><span class='ocrx_word' id='word_1_563' title='bbox 1951 2631 2004 2678; x_wconf 91' lang='lat' dir='ltr'><strong>et</strong></span> <span class='ocrx_word' id='word_1_564' title='bbox 2034 2624 2445 2693; x_wconf 82' lang='lat' dir='ltr'><strong>intelligentiam</strong></span> <span class='ocrx_word' id='word_1_565' title='bbox 2488 2624 2669 2678; x_wconf 87' lang='lat' dir='ltr'><strong>inesse</strong></span> <span class='ocrx_word' id='word_1_566' title='bbox 2709 2645 2718 2677; x_wconf 95' lang='lat'>:</span> <span class='ocrx_word' id='word_1_567' title='bbox 2752 2612 2846 2693; x_wconf 73' lang='lat' dir='ltr'><strong>qui</strong></span> <span class='ocrx_word' id='word_1_568' title='bbox 2883 2625 3026 2677; x_wconf 92' lang='lat' dir='ltr'><strong>enim</strong></span> <span class='ocrx_word' id='word_1_569' title='bbox 3055 2625 3328 2680; x_wconf 86' lang='lat' dir='ltr'><strong>sermonis</strong></span> <span class='ocrx_word' id='word_1_570' title='bbox 3364 2626 3526 2681; x_wconf 84' lang='lat' dir='ltr'><strong>istius</strong></span> 
     </span>
    </p>
   </div>
   <div class='ocr_carea' id='block_1_73' title="bbox 1954 2715 3526 2779">
    <p class='ocr_par' dir='ltr' id='par_1_73' title="bbox 1954 2715 3526 2779">
     <span class='ocr_line' id='line_1_73' title="bbox 1954 2715 3526 2779; baseline 0.003 -12"><span class='ocrx_word' id='word_1_571' title='bbox 1954 2715 2060 2768; x_wconf 83' lang='lat' dir='ltr'><strong>vim</strong></span> <span class='ocrx_word' id='word_1_572' title='bbox 2091 2716 2545 2779; x_wconf 73' lang='lat' dir='ltr'><strong>consideraret-it,</strong></span> <span class='ocrx_word' id='word_1_573' title='bbox 2582 2715 2840 2770; x_wconf 88' lang='lat' dir='ltr'><strong>absurdis</strong></span> <span class='ocrx_word' id='word_1_574' title='bbox 2865 2724 2918 2769; x_wconf 88' lang='lat' dir='ltr'><strong>et</strong></span> <span class='ocrx_word' id='word_1_575' title='bbox 2947 2717 3153 2770; x_wconf 84' lang='lat' dir='ltr'><strong>nullum</strong></span> <span class='ocrx_word' id='word_1_576' title='bbox 3204 2719 3526 2772; x_wconf 76' lang='lat' dir='ltr'><strong>fundamen-</strong></span> 
     </span>
    </p>
   </div>
   <div class='ocr_carea' id='block_1_74' title="bbox 1953 2807 3521 2880">
    <p class='ocr_par' dir='ltr' id='par_1_74' title="bbox 1953 2807 3521 2880">
     <span class='ocr_line' id='line_1_74' title="bbox 1953 2807 3521 2880; baseline 0.004 -21"><span class='ocrx_word' id='word_1_577' title='bbox 1953 2814 2067 2860; x_wconf 89' lang='lat' dir='ltr'><strong>tum</strong></span> <span class='ocrx_word' id='word_1_578' title='bbox 2123 2807 2448 2861; x_wconf 83' lang='lat' dir='ltr'><strong>habentibus</strong></span> <span class='ocrx_word' id='word_1_579' title='bbox 2480 2807 2748 2876; x_wconf 91' lang='lat' dir='ltr'><strong>implicari</strong></span> <span class='ocrx_word' id='word_1_580' title='bbox 2782 2814 2836 2862; x_wconf 92' lang='lat' dir='ltr'><strong>et</strong></span> <span class='ocrx_word' id='word_1_581' title='bbox 2882 2808 3089 2864; x_wconf 67' lang='lat' dir='ltr'><strong>haerere</strong></span> <span class='ocrx_word' id='word_1_582' title='bbox 3120 2809 3521 2880; x_wconf 79' lang='lat' dir='ltr'><strong>dedignabitur.</strong></span> 
     </span>
    </p>
   </div>
   <div class='ocr_carea' id='block_1_75' title="bbox 1952 2895 3524 2962">
    <p class='ocr_par' dir='ltr' id='par_1_75' title="bbox 1952 2895 3524 2962">
     <span class='ocr_line' id='line_1_75' title="bbox 1952 2895 3524 2962; baseline 0.004 -13"><span class='ocrx_word' id='word_1_583' title='bbox 1952 2895 2090 2962; x_wconf 88' lang='lat' dir='ltr'><strong>Quid</strong></span> <span class='ocrx_word' id='word_1_584' title='bbox 2138 2898 2283 2951; x_wconf 87' lang='lat' dir='ltr'><strong>cnim</strong></span> <span class='ocrx_word' id='word_1_585' title='bbox 2324 2898 2542 2953; x_wconf 88' lang='lat' dir='ltr'><strong>roboris</strong></span> <span class='ocrx_word' id='word_1_586' title='bbox 2603 2907 2658 2952; x_wconf 88' lang='lat' dir='ltr'><strong>et</strong></span> <span class='ocrx_word' id='word_1_587' title='bbox 2718 2902 2975 2957; x_wconf 85' lang='lat' dir='ltr'><strong>momenti</strong></span> <span class='ocrx_word' id='word_1_588' title='bbox 3039 2910 3228 2956; x_wconf 88' lang='lat' dir='ltr'><strong>contra</strong></span> <span class='ocrx_word' id='word_1_589' title='bbox 3277 2911 3524 2958; x_wconf 88' lang='lat' dir='ltr'><strong>nostrum</strong></span> 
     </span>
    </p>
   </div>
   <div class='ocr_carea' id='block_1_76' title="bbox 1954 2989 3528 3058">
    <p class='ocr_par' dir='ltr' id='par_1_76' title="bbox 1954 2989 3528 3058">
     <span class='ocr_line' id='line_1_76' title="bbox 1954 2989 3528 3058; baseline 0.004 -18"><span class='ocrx_word' id='word_1_590' title='bbox 1954 2989 2146 3058; x_wconf 77' lang='lat' dir='ltr'><strong>dogma</strong></span> <span class='ocrx_word' id='word_1_591' title='bbox 2190 2989 2374 3051; x_wconf 88' lang='lat' dir='ltr'><strong>habet,</strong></span> <span class='ocrx_word' id='word_1_592' title='bbox 2412 2990 2515 3043; x_wconf 91' lang='lat' dir='ltr'><strong>hoc</strong></span> <span class='ocrx_word' id='word_1_593' title='bbox 2576 2991 2881 3057; x_wconf 82' lang='lat' dir='ltr'><strong>enuntiare,</strong></span> <span class='ocrx_word' id='word_1_594' title='bbox 2933 3010 3035 3047; x_wconf 83' lang='lat' dir='ltr'><strong>non</strong></span> <span class='ocrx_word' id='word_1_595' title='bbox 3079 2995 3307 3047; x_wconf 78' lang='lat' dir='ltr'><strong>essentia</strong></span> <span class='ocrx_word' id='word_1_596' title='bbox 3344 3011 3528 3048; x_wconf 83' lang='lat' dir='ltr'><strong>secun-</strong></span> 
     </span>
    </p>
   </div>
   <div class='ocr_carea' id='block_1_77' title="bbox 1953 3077 3526 3152">
    <p class='ocr_par' dir='ltr' id='par_1_77' title="bbox 1953 3077 3526 3152">
     <span class='ocr_line' id='line_1_77' title="bbox 1953 3077 3526 3152; baseline 0.004 -24"><span class='ocrx_word' id='word_1_597' title='bbox 1953 3077 2080 3129; x_wconf 88' lang='lat' dir='ltr'><strong>dum</strong></span> <span class='ocrx_word' id='word_1_598' title='bbox 2143 3094 2301 3148; x_wconf 84' lang='lat' dir='ltr'><strong>quam</strong></span> <span class='ocrx_word' id='word_1_599' title='bbox 2359 3089 2440 3132; x_wconf 82' lang='lat' dir='ltr'><strong>est</strong></span> <span class='ocrx_word' id='word_1_600' title='bbox 2489 3095 2625 3132; x_wconf 87' lang='lat' dir='ltr'><strong>unus</strong></span> <span class='ocrx_word' id='word_1_601' title='bbox 2693 3091 3042 3149; x_wconf 85' lang='lat' dir='ltr'><strong>separatum,</strong></span> <span class='ocrx_word' id='word_1_602' title='bbox 3109 3081 3185 3135; x_wconf 80' lang='lat' dir='ltr'><strong>vel</strong></span> <span class='ocrx_word' id='word_1_603' title='bbox 3237 3083 3292 3135; x_wconf 86' lang='lat' dir='ltr'><strong>in</strong></span> <span class='ocrx_word' id='word_1_604' title='bbox 3349 3083 3526 3152; x_wconf 77' lang='lat' dir='ltr'><strong>plures</strong></span> 
     </span>
    </p>
   </div>
   <div class='ocr_carea' id='block_1_78' title="bbox 1963 3169 3526 3243">
    <p class='ocr_par' dir='ltr' id='par_1_78' title="bbox 1963 3169 3526 3243">
     <span class='ocr_line' id='line_1_78' title="bbox 1963 3169 3526 3243; baseline 0.004 -21"><span class='ocrx_word' id='word_1_605' title='bbox 1963 3169 2248 3238; x_wconf 79' lang='lat' dir='ltr'><strong>partitione</strong></span> <span class='ocrx_word' id='word_1_606' title='bbox 2281 3170 2426 3239; x_wconf 78' lang='lat' dir='ltr'><strong>facta</strong></span> <span class='ocrx_word' id='word_1_607' title='bbox 2456 3172 2718 3226; x_wconf 71' lang='lat' dir='ltr'><strong>divulsum</strong></span> <span class='ocrx_word' id='word_1_608' title='bbox 2742 3211 2756 3235; x_wconf 93' lang='lat'><strong>,</strong></span> <span class='ocrx_word' id='word_1_609' title='bbox 2793 3183 2884 3225; x_wconf 88' lang='lat' dir='ltr'><strong>aut</strong></span> <span class='ocrx_word' id='word_1_610' title='bbox 2924 3174 3012 3243; x_wconf 84' lang='lat' dir='ltr'><strong>qui</strong></span> <span class='ocrx_word' id='word_1_611' title='bbox 3045 3173 3182 3227; x_wconf 83' lang='lat' dir='ltr'><strong>alias</strong></span> <span class='ocrx_word' id='word_1_612' title='bbox 3227 3175 3364 3228; x_wconf 81' lang='lat' dir='ltr'><strong>alius</strong></span> <span class='ocrx_word' id='word_1_613' title='bbox 3403 3175 3526 3242; x_wconf 79' lang='lat' dir='ltr'><strong>efﬁ-</strong></span> 
     </span>
    </p>
   </div>
   <div class='ocr_carea' id='block_1_79' title="bbox 1953 3261 3528 3335">
    <p class='ocr_par' dir='ltr' id='par_1_79' title="bbox 1953 3261 3528 3335">
     <span class='ocr_line' id='line_1_79' title="bbox 1953 3261 3528 3335; baseline 0.006 -23"><span class='ocrx_word' id='word_1_614' title='bbox 1953 3261 2107 3325; x_wconf 85' lang='lat' dir='ltr'><strong>citur,</strong></span> <span class='ocrx_word' id='word_1_615' title='bbox 2143 3261 2219 3314; x_wconf 83' lang='lat' dir='ltr'><strong>vel</strong></span> <span class='ocrx_word' id='word_1_616' title='bbox 2259 3262 2349 3331; x_wconf 84' lang='lat' dir='ltr'><strong>qui</strong></span> <span class='ocrx_word' id='word_1_617' title='bbox 2384 3263 2447 3315; x_wconf 88' lang='lat' dir='ltr'><strong>ab</strong></span> <span class='ocrx_word' id='word_1_618' title='bbox 2491 3277 2550 3315; x_wconf 83' lang='lat' dir='ltr'><strong>eo</strong></span> <span class='ocrx_word' id='word_1_619' title='bbox 2578 3262 2715 3332; x_wconf 84' lang='lat' dir='ltr'><strong>quod</strong></span> <span class='ocrx_word' id='word_1_620' title='bbox 2756 3272 2866 3326; x_wconf 85' lang='lat' dir='ltr'><strong>est,</strong></span> <span class='ocrx_word' id='word_1_621' title='bbox 2900 3279 3013 3317; x_wconf 82' lang='lat' dir='ltr'><strong>esse</strong></span> <span class='ocrx_word' id='word_1_622' title='bbox 3062 3265 3284 3318; x_wconf 82' lang='lat' dir='ltr'><strong>discedit</strong></span> <span class='ocrx_word' id='word_1_623' title='bbox 3321 3281 3528 3335; x_wconf 82' lang='lat' dir='ltr'><strong>:neque</strong></span> 
     </span>
    </p>
   </div>
   <div class='ocr_carea' id='block_1_80' title="bbox 1955 3354 3523 3422">
    <p class='ocr_par' dir='ltr' id='par_1_80' title="bbox 1955 3354 3523 3422">
     <span class='ocr_line' id='line_1_80' title="bbox 1955 3354 3523 3422; baseline 0.001 -16"><span class='ocrx_word' id='word_1_624' title='bbox 1955 3367 2022 3406; x_wconf 73' lang='lat' dir='ltr'><strong>ex</strong></span> <span class='ocrx_word' id='word_1_625' title='bbox 2105 3368 2211 3405; x_wconf 85' lang='lat' dir='ltr'><strong>una</strong></span> <span class='ocrx_word' id='word_1_626' title='bbox 2268 3354 2498 3407; x_wconf 81' lang='lat' dir='ltr'><strong>essentia</strong></span> <span class='ocrx_word' id='word_1_627' title='bbox 2558 3355 2612 3407; x_wconf 87' lang='lat' dir='ltr'><strong>in</strong></span> <span class='ocrx_word' id='word_1_628' title='bbox 2668 3363 2768 3408; x_wconf 83' lang='lat' dir='ltr'><strong>tres</strong></span> <span class='ocrx_word' id='word_1_629' title='bbox 2823 3355 3190 3408; x_wconf 79' lang='lat' dir='ltr'><strong>subsistentias</strong></span> <span class='ocrx_word' id='word_1_630' title='bbox 3259 3355 3523 3422; x_wconf 78' lang='lat' dir='ltr'><strong>transfor-</strong></span> 
     </span>
    </p>
   </div>
   <div class='ocr_carea' id='block_1_81' title="bbox 1958 3442 3529 3516">
    <p class='ocr_par' dir='ltr' id='par_1_81' title="bbox 1958 3442 3529 3516">
     <span class='ocr_line' id='line_1_81' title="bbox 1958 3442 3529 3516; baseline 0.003 -21"><span class='ocrx_word' id='word_1_631' title='bbox 1958 3446 2176 3498; x_wconf 85' lang='lat' dir='ltr'><strong>matur?</strong></span> <span class='ocrx_word' id='word_1_632' title='bbox 2213 3442 2342 3508; x_wconf 68' lang='lat' dir='ltr'><strong>Quae</strong></span> <span class='ocrx_word' id='word_1_633' title='bbox 2382 3460 2558 3514; x_wconf 81' lang='lat' dir='ltr'><strong>neque</strong></span> <span class='ocrx_word' id='word_1_634' title='bbox 2595 3460 2624 3499; x_wconf 90' lang='lat' dir='ltr'><strong>a</strong></span> <span class='ocrx_word' id='word_1_635' title='bbox 2666 3444 2994 3501; x_wconf 80' lang='lat' dir='ltr'><strong>Christianis</strong></span> <span class='ocrx_word' id='word_1_636' title='bbox 3029 3445 3306 3509; x_wconf 90' lang='lat' dir='ltr'><strong>dicuntur,</strong></span> <span class='ocrx_word' id='word_1_637' title='bbox 3353 3461 3529 3516; x_wconf 87' lang='lat' dir='ltr'><strong>neque</strong></span> 
     </span>
    </p>
   </div>
   <div class='ocr_carea' id='block_1_82' title="bbox 1957 3538 3528 3609">
    <p class='ocr_par' dir='ltr' id='par_1_82' title="bbox 1957 3538 3528 3609">
     <span class='ocr_line' id='line_1_82' title="bbox 1957 3538 3528 3609; baseline 0.001 -18"><span class='ocrx_word' id='word_1_638' title='bbox 1957 3538 2308 3591; x_wconf 89' lang='lat' dir='ltr'><strong>creduntur:</strong></span> <span class='ocrx_word' id='word_1_639' title='bbox 2378 3553 2556 3608; x_wconf 88' lang='lat' dir='ltr'><strong>neque</strong></span> <span class='ocrx_word' id='word_1_640' title='bbox 2611 3554 2674 3594; x_wconf 81' lang='lat' dir='ltr'><strong>ex</strong></span> <span class='ocrx_word' id='word_1_641' title='bbox 2738 3547 3109 3608; x_wconf 83' lang='lat' dir='ltr'><strong>consequente</strong></span> <span class='ocrx_word' id='word_1_642' title='bbox 3160 3553 3254 3609; x_wconf 90' lang='lat' dir='ltr'><strong>per</strong></span> <span class='ocrx_word' id='word_1_643' title='bbox 3291 3554 3353 3592; x_wconf 90' lang='lat' dir='ltr'><strong>ea</strong></span> <span class='ocrx_word' id='word_1_644' title='bbox 3406 3553 3528 3608; x_wconf 62' lang='lat' dir='ltr'><strong>qua</strong></span> 
     </span>
    </p>
   </div>
   <div class='ocr_carea' id='block_1_83' title="bbox 1960 3625 3524 3700">
    <p class='ocr_par' dir='ltr' id='par_1_83' title="bbox 1960 3625 3524 3700">
     <span class='ocr_line' id='line_1_83' title="bbox 1960 3625 3524 3700; baseline 0.003 -21"><span class='ocrx_word' id='word_1_645' title='bbox 1960 3625 2100 3696; x_wconf 90' lang='lat' dir='ltr'><strong>apud</strong></span> <span class='ocrx_word' id='word_1_646' title='bbox 2157 3642 2256 3681; x_wconf 93' lang='lat' dir='ltr'><strong>nos</strong></span> <span class='ocrx_word' id='word_1_647' title='bbox 2306 3636 2456 3682; x_wconf 87' lang='lat' dir='ltr'><strong>certa</strong></span> <span class='ocrx_word' id='word_1_648' title='bbox 2504 3637 2631 3683; x_wconf 91' lang='lat' dir='ltr'><strong>sunt</strong></span> <span class='ocrx_word' id='word_1_649' title='bbox 2680 3637 2735 3684; x_wconf 89' lang='lat' dir='ltr'><strong>et</strong></span> <span class='ocrx_word' id='word_1_650' title='bbox 2793 3645 3078 3692; x_wconf 87' lang='lat' dir='ltr'><strong>concessa.</strong></span> <span class='ocrx_word' id='word_1_651' title='bbox 3128 3630 3524 3700; x_wconf 83' lang='lat' dir='ltr'><strong>intelliguntur.</strong></span> 
     </span>
    </p>
   </div>
   <div class='ocr_carea' id='block_1_84' title="bbox 1959 3717 3528 3788">
    <p class='ocr_par' dir='ltr' id='par_1_84' title="bbox 1959 3717 3528 3788">
     <span class='ocr_line' id='line_1_84' title="bbox 1959 3717 3528 3788; baseline 0.003 -18"><span class='ocrx_word' id='word_1_652' title='bbox 1959 3717 2093 3782; x_wconf 86' lang='lat' dir='ltr'><strong>Quis</strong></span> <span class='ocrx_word' id='word_1_653' title='bbox 2139 3718 2286 3772; x_wconf 91' lang='lat' dir='ltr'><strong>enim</strong></span> <span class='ocrx_word' id='word_1_654' title='bbox 2329 3719 2444 3772; x_wconf 82' lang='lat' dir='ltr'><strong>lucc</strong></span> <span class='ocrx_word' id='word_1_655' title='bbox 2497 3735 2736 3788; x_wconf 88' lang='lat' dir='ltr'><strong>unquam</strong></span> <span class='ocrx_word' id='word_1_656' title='bbox 2778 3719 2937 3785; x_wconf 80' lang='lat' dir='ltr'><strong>dixit,</strong></span> <span class='ocrx_word' id='word_1_657' title='bbox 3001 3721 3085 3774; x_wconf 84' lang='lat' dir='ltr'><strong>vel</strong></span> <span class='ocrx_word' id='word_1_658' title='bbox 3132 3735 3192 3775; x_wconf 81' lang='lat' dir='ltr'><strong>ex</strong></span> <span class='ocrx_word' id='word_1_659' title='bbox 3227 3721 3442 3777; x_wconf 89' lang='lat' dir='ltr'><strong>dicente</strong></span> <span class='ocrx_word' id='word_1_660' title='bbox 3471 3721 3528 3775; x_wconf 92' lang='lat' dir='ltr'><strong>in</strong></span> 
     </span>
    </p>
   </div>
   <div class='ocr_carea' id='block_1_85' title="bbox 1961 3809 3530 3881">
    <p class='ocr_par' dir='ltr' id='par_1_85' title="bbox 1961 3809 3530 3881">
     <span class='ocr_line' id='line_1_85' title="bbox 1961 3809 3530 3881; baseline 0.004 -19"><span class='ocrx_word' id='word_1_661' title='bbox 1961 3809 2054 3864; x_wconf 88' lang='lat' dir='ltr'><strong>Dei</strong></span> <span class='ocrx_word' id='word_1_662' title='bbox 2102 3809 2342 3865; x_wconf 83' lang='lat' dir='ltr'><strong>Ecclesia</strong></span> <span class='ocrx_word' id='word_1_663' title='bbox 2400 3810 2646 3877; x_wconf 80' lang='lat' dir='ltr'><strong>audivit,</strong></span> <span class='ocrx_word' id='word_1_664' title='bbox 2697 3813 2839 3881; x_wconf 90' lang='lat' dir='ltr'><strong>quod</strong></span> <span class='ocrx_word' id='word_1_665' title='bbox 2888 3812 3045 3866; x_wconf 85' lang='lat' dir='ltr'><strong>Pater</strong></span> <span class='ocrx_word' id='word_1_666' title='bbox 3104 3814 3401 3868; x_wconf 88' lang='lat' dir='ltr'><strong>secundum</strong></span> <span class='ocrx_word' id='word_1_667' title='bbox 3438 3829 3530 3869; x_wconf 84' lang='lat' dir='ltr'><strong>es-</strong></span> 
     </span>
    </p>
   </div>
   <div class='ocr_carea' id='block_1_86' title="bbox 1963 3900 3531 3971">
    <p class='ocr_par' dir='ltr' id='par_1_86' title="bbox 1963 3900 3531 3971">
     <span class='ocr_line' id='line_1_86' title="bbox 1963 3900 3531 3971; baseline 0.004 -17"><span class='ocrx_word' id='word_1_668' title='bbox 1963 3900 2195 3954; x_wconf 88' lang='lat' dir='ltr'><strong>sentiam</strong></span> <span class='ocrx_word' id='word_1_669' title='bbox 2251 3900 2335 3954; x_wconf 85' lang='lat' dir='ltr'><strong>vel</strong></span> <span class='ocrx_word' id='word_1_670' title='bbox 2381 3909 2668 3971; x_wconf 86' lang='lat' dir='ltr'><strong>separatur</strong></span> <span class='ocrx_word' id='word_1_671' title='bbox 2719 3903 2800 3956; x_wconf 87' lang='lat' dir='ltr'><strong>vel</strong></span> <span class='ocrx_word' id='word_1_672' title='bbox 2853 3903 3218 3970; x_wconf 87' lang='lat' dir='ltr'><strong>distribuitur,</strong></span> <span class='ocrx_word' id='word_1_673' title='bbox 3273 3906 3355 3958; x_wconf 86' lang='lat' dir='ltr'><strong>vel</strong></span> <span class='ocrx_word' id='word_1_674' title='bbox 3395 3905 3531 3960; x_wconf 83' lang='lat' dir='ltr'><strong>alias</strong></span> 
     </span>
    </p>
   </div>
   <div class='ocr_carea' id='block_1_87' title="bbox 1963 3991 3530 4066">
    <p class='ocr_par' dir='ltr' id='par_1_87' title="bbox 1963 3991 3530 4066">
     <span class='ocr_line' id='line_1_87' title="bbox 1963 3991 3530 4066; baseline 0.004 -24"><span class='ocrx_word' id='word_1_675' title='bbox 1963 3991 2105 4044; x_wconf 89' lang='lat' dir='ltr'><strong>alius</strong></span> <span class='ocrx_word' id='word_1_676' title='bbox 2153 3992 2425 4060; x_wconf 76' lang='lat' dir='ltr'><strong>gignitur,</strong></span> <span class='ocrx_word' id='word_1_677' title='bbox 2475 4002 2630 4046; x_wconf 81' lang='lat' dir='ltr'><strong>extra</strong></span> <span class='ocrx_word' id='word_1_678' title='bbox 2681 3994 2922 4064; x_wconf 85' lang='lat' dir='ltr'><strong>seipsum</strong></span> <span class='ocrx_word' id='word_1_679' title='bbox 2973 3994 3170 4057; x_wconf 81' lang='lat' dir='ltr'><strong>factus,</strong></span> <span class='ocrx_word' id='word_1_680' title='bbox 3209 4005 3261 4050; x_wconf 89' lang='lat' dir='ltr'><strong>et</strong></span> <span class='ocrx_word' id='word_1_681' title='bbox 3291 3998 3433 4066; x_wconf 86' lang='lat' dir='ltr'><strong>quod</strong></span> <span class='ocrx_word' id='word_1_682' title='bbox 3474 3997 3530 4049; x_wconf 90' lang='lat' dir='ltr'><strong>in</strong></span> 
     </span>
    </p>
   </div>
   <div class='ocr_carea' id='block_1_88' title="bbox 1964 4081 3530 4154">
    <p class='ocr_par' dir='ltr' id='par_1_88' title="bbox 1964 4081 3530 4154">
     <span class='ocr_line' id='line_1_88' title="bbox 1964 4081 3530 4154; baseline 0.004 -22"><span class='ocrx_word' id='word_1_683' title='bbox 1964 4088 2079 4134; x_wconf 90' lang='lat' dir='ltr'><strong>tres</strong></span> <span class='ocrx_word' id='word_1_684' title='bbox 2125 4081 2453 4151; x_wconf 81' lang='lat' dir='ltr'><strong>hypostases</strong></span> <span class='ocrx_word' id='word_1_685' title='bbox 2477 4081 2776 4152; x_wconf 74' lang='lat' dir='ltr'><strong>ﬁguratur?</strong></span> <span class='ocrx_word' id='word_1_686' title='bbox 2801 4081 2913 4137; x_wconf 91' lang='lat' dir='ltr'><strong>Sibi</strong></span> <span class='ocrx_word' id='word_1_687' title='bbox 2941 4084 3042 4154; x_wconf 86' lang='lat' dir='ltr'><strong>ipsi</strong></span> <span class='ocrx_word' id='word_1_688' title='bbox 3072 4085 3317 4154; x_wconf 87' lang='lat' dir='ltr'><strong>loquitur</strong></span> <span class='ocrx_word' id='word_1_689' title='bbox 3346 4084 3530 4138; x_wconf 84' lang='lat' dir='ltr'><strong>Euno-</strong></span> 
     </span>
    </p>
   </div>
   <div class='ocr_carea' id='block_1_89' title="bbox 1965 4171 3532 4246">
    <p class='ocr_par' dir='ltr' id='par_1_89' title="bbox 1965 4171 3532 4246">
     <span class='ocr_line' id='line_1_89' title="bbox 1965 4171 3532 4246; baseline 0.004 -24"><span class='ocrx_word' id='word_1_690' title='bbox 1965 4171 2131 4236; x_wconf 89' lang='lat' dir='ltr'><strong>mius,</strong></span> <span class='ocrx_word' id='word_1_691' title='bbox 2165 4188 2270 4226; x_wconf 91' lang='lat' dir='ltr'><strong>non</strong></span> <span class='ocrx_word' id='word_1_692' title='bbox 2293 4188 2393 4227; x_wconf 93' lang='lat' dir='ltr'><strong>nos</strong></span> <span class='ocrx_word' id='word_1_693' title='bbox 2424 4171 2763 4244; x_wconf 78' lang='lat' dir='ltr'><strong>oppugnans,</strong></span> <span class='ocrx_word' id='word_1_694' title='bbox 2783 4175 2877 4229; x_wconf 88' lang='lat' dir='ltr'><strong>sed</strong></span> <span class='ocrx_word' id='word_1_695' title='bbox 2917 4190 3046 4230; x_wconf 87' lang='lat' dir='ltr'><strong>suas</strong></span> <span class='ocrx_word' id='word_1_696' title='bbox 3079 4190 3250 4246; x_wconf 80' lang='lat' dir='ltr'><strong>nugas</strong></span> <span class='ocrx_word' id='word_1_697' title='bbox 3285 4184 3532 4240; x_wconf 88' lang='lat' dir='ltr'><strong>nectens,</strong></span> 
     </span>
    </p>
   </div>
   <div class='ocr_carea' id='block_1_90' title="bbox 292 4264 3533 4341">
    <p class='ocr_par' dir='ltr' id='par_1_90' title="bbox 292 4264 3533 4341">
     <span class='ocr_line' id='line_1_90' title="bbox 292 4264 3533 4341; baseline 0.001 -18"><span class='ocrx_word' id='word_1_698' title='bbox 292 4271 577 4332; x_wconf 79' lang='lat' dir='ltr'><strong>plurimam</strong></span> <span class='ocrx_word' id='word_1_699' title='bbox 624 4267 892 4336; x_wconf 88' lang='lat' dir='ltr'><strong>impietati</strong></span> <span class='ocrx_word' id='word_1_700' title='bbox 943 4281 1055 4320; x_wconf 75' lang='lat' dir='ltr'><strong>suae</strong></span> <span class='ocrx_word' id='word_1_701' title='bbox 1101 4265 1430 4320; x_wconf 85' lang='lat' dir='ltr'><strong>dementiam</strong></span> <span class='ocrx_word' id='word_1_702' title='bbox 1467 4281 1532 4319; x_wconf 86' lang='lat' dir='ltr'><strong>ex</strong></span> <span class='ocrx_word' id='word_1_703' title='bbox 1571 4265 1656 4318; x_wconf 91' lang='lat' dir='ltr'><strong>his</strong></span> <span class='ocrx_word' id='word_1_704' title='bbox 1695 4264 1855 4320; x_wconf 86' lang='lat' dir='ltr'><strong>dictis</strong></span> <span class='ocrx_word' id='word_1_705' title='bbox 1895 4267 2206 4321; x_wconf 88' lang='lat' dir='ltr'><strong>admiscuit.</strong></span> <span class='ocrx_word' id='word_1_706' title='bbox 2250 4267 2362 4322; x_wconf 85' lang='lat' dir='ltr'><strong>Nos</strong></span> <span class='ocrx_word' id='word_1_707' title='bbox 2402 4270 2546 4323; x_wconf 91' lang='lat' dir='ltr'><strong>enim</strong></span> <span class='ocrx_word' id='word_1_708' title='bbox 2581 4285 2646 4324; x_wconf 82' lang='lat' dir='ltr'><strong>ex</strong></span> <span class='ocrx_word' id='word_1_709' title='bbox 2679 4285 2834 4340; x_wconf 67' lang='lat' dir='ltr'><strong>aequo</strong></span> <span class='ocrx_word' id='word_1_710' title='bbox 2863 4278 2916 4325; x_wconf 89' lang='lat' dir='ltr'><strong>et</strong></span> <span class='ocrx_word' id='word_1_711' title='bbox 2947 4271 3193 4341; x_wconf 89' lang='lat' dir='ltr'><strong>impium,</strong></span> <span class='ocrx_word' id='word_1_712' title='bbox 3261 4279 3316 4326; x_wconf 87' lang='lat' dir='ltr'><strong>ct</strong></span> <span class='ocrx_word' id='word_1_713' title='bbox 3387 4273 3533 4341; x_wconf 88' lang='lat' dir='ltr'><strong>quod</strong></span> 
     </span>
    </p>
   </div>
   <div class='ocr_carea' id='block_1_91' title="bbox 290 4359 2494 4433">
    <p class='ocr_par' dir='ltr' id='par_1_91' title="bbox 290 4359 2494 4433">
     <span class='ocr_line' id='line_1_91' title="bbox 290 4359 2494 4433; baseline -0 -15"><span class='ocrx_word' id='word_1_714' title='bbox 290 4366 454 4422; x_wconf 80' lang='lat' dir='ltr'><strong>Deum</strong></span> <span class='ocrx_word' id='word_1_715' title='bbox 495 4365 634 4420; x_wconf 85' lang='lat' dir='ltr'><strong>tollit</strong></span> <span class='ocrx_word' id='word_1_716' title='bbox 664 4363 919 4424; x_wconf 88' lang='lat' dir='ltr'><strong>dicimus,</strong></span> <span class='ocrx_word' id='word_1_717' title='bbox 948 4369 1212 4416; x_wconf 69' lang='lat' dir='ltr'><strong>creatura:</strong></span> <span class='ocrx_word' id='word_1_718' title='bbox 1264 4361 1556 4415; x_wconf 85' lang='lat' dir='ltr'><strong>Dominum</strong></span> <span class='ocrx_word' id='word_1_719' title='bbox 1622 4359 1752 4430; x_wconf 87' lang='lat' dir='ltr'><strong>quid</strong></span> <span class='ocrx_word' id='word_1_720' title='bbox 1812 4370 2057 4415; x_wconf 89' lang='lat' dir='ltr'><strong>creatum</strong></span> <span class='ocrx_word' id='word_1_721' title='bbox 2105 4377 2230 4417; x_wconf 89' lang='lat' dir='ltr'><strong>esse</strong></span> <span class='ocrx_word' id='word_1_722' title='bbox 2289 4364 2494 4433; x_wconf 81' lang='lat' dir='ltr'><strong>profari</strong></span> 
     </span>
    </p>
   </div>
   <div class='ocr_carea' id='block_1_92' title="bbox 2547 4365 3532 4436">
    <p class='ocr_par' dir='ltr' id='par_1_92' title="bbox 2547 4365 3532 4436">
     <span class='ocr_line' id='line_1_92' title="bbox 2547 4365 3532 4436; baseline 0.001 -18"><span class='ocrx_word' id='word_1_723' title='bbox 2547 4384 2561 4418; x_wconf 91' lang='lat'><strong>:</strong></span> <span class='ocrx_word' id='word_1_724' title='bbox 2614 4374 2669 4420; x_wconf 86' lang='lat' dir='ltr'><strong>et</strong></span> <span class='ocrx_word' id='word_1_725' title='bbox 2729 4375 2924 4435; x_wconf 88' lang='lat' dir='ltr'><strong>putare</strong></span> <span class='ocrx_word' id='word_1_726' title='bbox 2977 4365 3212 4431; x_wconf 81' lang='lat' dir='ltr'><strong>Patrem,</strong></span> <span class='ocrx_word' id='word_1_727' title='bbox 3265 4381 3371 4436; x_wconf 87' lang='lat' dir='ltr'><strong>qua</strong></span> <span class='ocrx_word' id='word_1_728' title='bbox 3427 4373 3532 4431; x_wconf 87' lang='lat' dir='ltr'><strong>est,</strong></span> 
     </span>
    </p>
   </div>
   <div class='ocr_carea' id='block_1_93' title="bbox 291 4457 3533 4531">
    <p class='ocr_par' dir='ltr' id='par_1_93' title="bbox 291 4457 3533 4531">
     <span class='ocr_line' id='line_1_93' title="bbox 291 4457 3533 4531; baseline -0 -17"><span class='ocrx_word' id='word_1_729' title='bbox 291 4461 532 4531; x_wconf 81' lang='lat' dir='ltr'><strong>separari</strong></span> <span class='ocrx_word' id='word_1_730' title='bbox 586 4459 670 4513; x_wconf 88' lang='lat' dir='ltr'><strong>vel</strong></span> <span class='ocrx_word' id='word_1_731' title='bbox 703 4457 964 4511; x_wconf 87' lang='lat' dir='ltr'><strong>dissecari</strong></span> <span class='ocrx_word' id='word_1_732' title='bbox 1005 4457 1089 4510; x_wconf 88' lang='lat' dir='ltr'><strong>vel</strong></span> <span class='ocrx_word' id='word_1_733' title='bbox 1127 4469 1194 4510; x_wconf 83' lang='lat' dir='ltr'><strong>ex</strong></span> <span class='ocrx_word' id='word_1_734' title='bbox 1234 4457 1415 4526; x_wconf 85' lang='lat' dir='ltr'><strong>seipse</strong></span> <span class='ocrx_word' id='word_1_735' title='bbox 1452 4457 1742 4526; x_wconf 79' lang='lat' dir='ltr'><strong>emigrare,</strong></span> <span class='ocrx_word' id='word_1_736' title='bbox 1781 4457 1866 4511; x_wconf 90' lang='lat' dir='ltr'><strong>vel</strong></span> <span class='ocrx_word' id='word_1_737' title='bbox 1905 4457 1958 4511; x_wconf 93' lang='lat' dir='ltr'><strong>in</strong></span> <span class='ocrx_word' id='word_1_738' title='bbox 2007 4468 2117 4513; x_wconf 89' lang='lat' dir='ltr'><strong>tres</strong></span> <span class='ocrx_word' id='word_1_739' title='bbox 2163 4457 2546 4514; x_wconf 78' lang='lat' dir='ltr'><strong>subsistentias</strong></span> <span class='ocrx_word' id='word_1_740' title='bbox 2611 4459 2724 4515; x_wconf 86' lang='lat' dir='ltr'><strong>sive</strong></span> <span class='ocrx_word' id='word_1_741' title='bbox 2760 4473 3021 4528; x_wconf 85' lang='lat' dir='ltr'><strong>personas</strong></span> <span class='ocrx_word' id='word_1_742' title='bbox 3069 4458 3313 4524; x_wconf 79' lang='lat' dir='ltr'><strong>formari,</strong></span> <span class='ocrx_word' id='word_1_743' title='bbox 3384 4459 3533 4514; x_wconf 87' lang='lat' dir='ltr'><strong>velut</strong></span> 
     </span>
    </p>
   </div>
   <div class='ocr_carea' id='block_1_94' title="bbox 292 4549 2321 4620">
    <p class='ocr_par' dir='ltr' id='par_1_94' title="bbox 292 4549 2321 4620">
     <span class='ocr_line' id='line_1_94' title="bbox 292 4549 2321 4620; baseline -0.002 -13"><span class='ocrx_word' id='word_1_744' title='bbox 292 4553 462 4607; x_wconf 89' lang='lat' dir='ltr'><strong>lutum</strong></span> <span class='ocrx_word' id='word_1_745' title='bbox 515 4549 810 4619; x_wconf 87' lang='lat' dir='ltr'><strong>quoddam,</strong></span> <span class='ocrx_word' id='word_1_746' title='bbox 842 4549 926 4603; x_wconf 88' lang='lat' dir='ltr'><strong>vel</strong></span> <span class='ocrx_word' id='word_1_747' title='bbox 956 4563 1160 4614; x_wconf 88' lang='lat' dir='ltr'><strong>ceram,</strong></span> <span class='ocrx_word' id='word_1_748' title='bbox 1194 4563 1316 4602; x_wconf 91' lang='lat' dir='ltr'><strong>cum</strong></span> <span class='ocrx_word' id='word_1_749' title='bbox 1362 4549 1554 4603; x_wconf 79' lang='lat' dir='ltr'><strong>formis</strong></span> <span class='ocrx_word' id='word_1_750' title='bbox 1600 4549 1977 4604; x_wconf 82' lang='lat' dir='ltr'><strong>dill&#39;erentibus</strong></span> <span class='ocrx_word' id='word_1_751' title='bbox 2026 4549 2321 4620; x_wconf 79' lang='lat' dir='ltr'><strong>eﬂingitur.</strong></span> 
     </span>
    </p>
   </div>
   <div class='ocr_carea' id='block_1_95' title="bbox 371 4642 1852 4715">
    <p class='ocr_par' dir='ltr' id='par_1_95' title="bbox 371 4643 1852 4715">
     <span class='ocr_line' id='line_1_95' title="bbox 371 4643 1852 4715; baseline 0.002 -19"><span class='ocrx_word' id='word_1_752' title='bbox 371 4643 532 4696; x_wconf 81' lang='grc' dir='ltr'>Ἀλλά</span> <span class='ocrx_word' id='word_1_753' title='bbox 557 4644 684 4704; x_wconf 73' lang='grc' dir='ltr'>τοὺς</span> <span class='ocrx_word' id='word_1_754' title='bbox 717 4643 914 4712; x_wconf 80' lang='grc' dir='ltr'>ἐφεξῆς</span> <span class='ocrx_word' id='word_1_755' title='bbox 946 4643 1136 4711; x_wconf 89' lang='grc' dir='ltr'>λόγους</span> <span class='ocrx_word' id='word_1_756' title='bbox 1164 4644 1508 4715; x_wconf 73' lang='grc' dir='ltr'>σκεψώμεθα.</span> <span class='ocrx_word' id='word_1_757' title='bbox 1530 4643 1728 4713; x_wconf 72' lang='lat' dir='ltr'><strong>IIde</strong></span> <span class='ocrx_word' id='word_1_758' title='bbox 1751 4645 1852 4715; x_wconf 73' lang='grc' dir='ltr'>γὰρ</span> 
     </span>
    </p>
   </div>
   <div class='ocr_carea' id='block_1_96' title="bbox 1953 4642 3535 4715">
    <p class='ocr_par' dir='ltr' id='par_1_96' title="bbox 2035 4642 3535 4715">
     <span class='ocr_line' id='line_1_96' title="bbox 2035 4642 3535 4715; baseline 0.001 -17"><span class='ocrx_word' id='word_1_759' title='bbox 2035 4642 2138 4699; x_wconf 90' lang='lat' dir='ltr'><strong>Sed</strong></span> <span class='ocrx_word' id='word_1_760' title='bbox 2183 4660 2304 4715; x_wconf 70' lang='lat' dir='ltr'><strong>qua:</strong></span> <span class='ocrx_word' id='word_1_761' title='bbox 2349 4649 2656 4714; x_wconf 88' lang='lat' dir='ltr'><strong>sequuntur</strong></span> <span class='ocrx_word' id='word_1_762' title='bbox 2695 4643 2858 4698; x_wconf 87' lang='lat' dir='ltr'><strong>verba</strong></span> <span class='ocrx_word' id='word_1_763' title='bbox 2904 4643 3334 4700; x_wconf 89' lang='lat' dir='ltr'><strong>consideremus.</strong></span> <span class='ocrx_word' id='word_1_764' title='bbox 3376 4645 3535 4701; x_wconf 88' lang='lat' dir='ltr'><strong>Omni</strong></span> 
     </span>
    </p>
   </div>
   <div class='ocr_carea' id='block_1_97' title="bbox 295 4728 1854 4799">
    <p class='ocr_par' dir='ltr' id='par_1_97' title="bbox 295 4728 1854 4799">
     <span class='ocr_line' id='line_1_97' title="bbox 295 4728 1854 4799; baseline -0.001 -12"><span class='ocrx_word' id='word_1_765' title='bbox 295 4734 392 4787; x_wconf 76' lang='grc' dir='ltr'><strong>καί</strong></span> <span class='ocrx_word' id='word_1_766' title='bbox 442 4732 718 4798; x_wconf 78' lang='grc' dir='ltr'>καθάπαξ</span> <span class='ocrx_word' id='word_1_767' title='bbox 765 4733 936 4787; x_wconf 69' lang='grc' dir='ltr'>ἐστὶν</span> <span class='ocrx_word' id='word_1_768' title='bbox 986 4728 1071 4799; x_wconf 79' lang='grc' dir='ltr'>εἷς</span> <span class='ocrx_word' id='word_1_769' title='bbox 1110 4750 1124 4764; x_wconf 89' lang='grc'><strong>·</strong></span> <span class='ocrx_word' id='word_1_770' title='bbox 1153 4735 1301 4788; x_wconf 81' lang='grc' dir='ltr'>κατὰ</span> <span class='ocrx_word' id='word_1_771' title='bbox 1352 4735 1425 4788; x_wconf 81' lang='grc' dir='ltr'>τὰ</span> <span class='ocrx_word' id='word_1_772' title='bbox 1455 4734 1608 4788; x_wconf 85' lang='grc' dir='ltr'>αὐτά</span> <span class='ocrx_word' id='word_1_773' title='bbox 1649 4751 1714 4787; x_wconf 82' lang='grc' dir='ltr'><strong>τε</strong></span> <span class='ocrx_word' id='word_1_774' title='bbox 1759 4735 1854 4786; x_wconf 79' lang='grc' dir='ltr'>καὶ</span> 
     </span>
    </p>
   </div>
   <div class='ocr_carea' id='block_1_98' title="bbox 295 4825 1852 4898">
    <p class='ocr_par' dir='ltr' id='par_1_98' title="bbox 295 4825 1852 4898">
     <span class='ocr_line' id='line_1_98' title="bbox 295 4825 1852 4898; baseline 0.001 -20"><span class='ocrx_word' id='word_1_775' title='bbox 295 4826 576 4892; x_wconf 80' lang='grc' dir='ltr'>ὡσαύτως</span> <span class='ocrx_word' id='word_1_776' title='bbox 603 4825 895 4896; x_wconf 78' lang='grc' dir='ltr'>διαμένων</span> <span class='ocrx_word' id='word_1_777' title='bbox 912 4828 1117 4895; x_wconf 77' lang='grc' dir='ltr'>μόνος.</span> <span class='ocrx_word' id='word_1_778' title='bbox 1139 4828 1201 4879; x_wconf 88' lang='grc' dir='ltr'>Εί</span> <span class='ocrx_word' id='word_1_779' title='bbox 1235 4845 1300 4879; x_wconf 87' lang='grc' dir='ltr'><strong>πε</strong></span> <span class='ocrx_word' id='word_1_780' title='bbox 1311 4827 1363 4898; x_wconf 74' lang='lat' dir='ltr'><strong>pl.</strong></span> <span class='ocrx_word' id='word_1_781' title='bbox 1399 4825 1492 4880; x_wconf 82' lang='grc' dir='ltr'>τοῦ</span> <span class='ocrx_word' id='word_1_782' title='bbox 1539 4826 1750 4896; x_wconf 84' lang='grc' dir='ltr'>Πατρδς</span> <span class='ocrx_word' id='word_1_783' title='bbox 1770 4827 1852 4880; x_wconf 80' lang='grc' dir='ltr'>λέ-</span> 
     </span>
    </p>
   </div>
   <div class='ocr_carea' id='block_1_99' title="bbox 292 4912 1860 4988">
    <p class='ocr_par' dir='ltr' id='par_1_99' title="bbox 292 4912 1860 4988">
     <span class='ocr_line' id='line_1_99' title="bbox 292 4912 1860 4988; baseline 0.001 -22"><span class='ocrx_word' id='word_1_784' title='bbox 292 4931 397 4982; x_wconf 89' lang='grc' dir='ltr'>γει,</span> <span class='ocrx_word' id='word_1_785' title='bbox 441 4914 598 4968; x_wconf 81' lang='grc' dir='ltr'>τοῦτο</span> <span class='ocrx_word' id='word_1_786' title='bbox 650 4914 745 4968; x_wconf 76' lang='grc' dir='ltr'>καὶ</span> <span class='ocrx_word' id='word_1_787' title='bbox 795 4916 955 4985; x_wconf 82' lang='grc' dir='ltr'>ἡμεῖς</span> <span class='ocrx_word' id='word_1_788' title='bbox 1013 4913 1385 4986; x_wconf 82' lang='grc' dir='ltr'>συντιθέμεθα.</span> <span class='ocrx_word' id='word_1_789' title='bbox 1433 4912 1529 4978; x_wconf 79' lang='grc' dir='ltr'><strong>Εἷς</strong></span> <span class='ocrx_word' id='word_1_790' title='bbox 1566 4915 1674 4988; x_wconf 82' lang='grc' dir='ltr'><strong>γάρ</strong></span> <span class='ocrx_word' id='word_1_791' title='bbox 1713 4919 1860 4969; x_wconf 88' lang='grc' dir='ltr'>ἐστιν</span> 
     </span>
    </p>
   </div>
   <div class='ocr_carea' id='block_1_100' title="bbox 292 5005 1860 5077">
    <p class='ocr_par' dir='ltr' id='par_1_100' title="bbox 292 5005 1860 5077">
     <span class='ocr_line' id='line_1_100' title="bbox 292 5005 1860 5077; baseline 0.004 -22"><span class='ocrx_word' id='word_1_792' title='bbox 292 5005 365 5068; x_wconf 75' lang='grc' dir='ltr'>ὡς</span> <span class='ocrx_word' id='word_1_793' title='bbox 398 5005 610 5075; x_wconf 84' lang='grc' dir='ltr'>ἀληθῶς</span> <span class='ocrx_word' id='word_1_794' title='bbox 638 5009 665 5059; x_wconf 86' lang='grc' dir='ltr'>ὁ</span> <span class='ocrx_word' id='word_1_795' title='bbox 690 5007 898 5077; x_wconf 83' lang='grc' dir='ltr'>Πατὴρ,</span> <span class='ocrx_word' id='word_1_796' title='bbox 924 5005 1081 5077; x_wconf 89' lang='grc' dir='ltr'>μόνος</span> <span class='ocrx_word' id='word_1_797' title='bbox 1108 5008 1201 5058; x_wconf 71' lang='grc' dir='ltr'><strong>καὶ</strong></span> <span class='ocrx_word' id='word_1_798' title='bbox 1234 5008 1407 5076; x_wconf 71' lang='grc' dir='ltr'>πάντη</span> <span class='ocrx_word' id='word_1_799' title='bbox 1442 5006 1693 5074; x_wconf 79' lang='grc' dir='ltr'>καθάπαξ</span> <span class='ocrx_word' id='word_1_800' title='bbox 1719 5007 1860 5061; x_wconf 81' lang='grc' dir='ltr'>κατὰ</span> 
     </span>
    </p>
   </div>
   <div class='ocr_carea' id='block_1_101' title="bbox 294 5096 1861 5168">
    <p class='ocr_par' dir='ltr' id='par_1_101' title="bbox 294 5096 1861 5168">
     <span class='ocr_line' id='line_1_101' title="bbox 294 5096 1861 5168; baseline 0.003 -22"><span class='ocrx_word' id='word_1_801' title='bbox 294 5096 359 5148; x_wconf 72' lang='grc' dir='ltr'><strong>τά</strong></span> <span class='ocrx_word' id='word_1_802' title='bbox 384 5096 524 5148; x_wconf 83' lang='grc' dir='ltr'><strong>αύτά</strong></span> <span class='ocrx_word' id='word_1_803' title='bbox 543 5112 601 5148; x_wconf 83' lang='grc' dir='ltr'><strong>τε</strong></span> <span class='ocrx_word' id='word_1_804' title='bbox 653 5097 745 5149; x_wconf 75' lang='grc' dir='ltr'><strong>καὶ</strong></span> <span class='ocrx_word' id='word_1_805' title='bbox 783 5096 1042 5161; x_wconf 85' lang='grc' dir='ltr'>ὡσαύτως</span> <span class='ocrx_word' id='word_1_806' title='bbox 1082 5096 1237 5168; x_wconf 78' lang='grc' dir='ltr'>ἔχων.</span> <span class='ocrx_word' id='word_1_807' title='bbox 1269 5097 1380 5151; x_wconf 75' lang='grc' dir='ltr'>Καὶ</span> <span class='ocrx_word' id='word_1_808' title='bbox 1415 5097 1534 5150; x_wconf 78' lang='grc' dir='ltr'>οὐδέ</span> <span class='ocrx_word' id='word_1_809' title='bbox 1568 5115 1695 5150; x_wconf 86' lang='grc' dir='ltr'>ποτε</span> <span class='ocrx_word' id='word_1_810' title='bbox 1728 5099 1861 5168; x_wconf 80' lang='grc' dir='ltr'>ὅπερ</span> 
     </span>
    </p>
   </div>
   <div class='ocr_carea' id='block_1_102' title="bbox 292 5185 1863 5260">
    <p class='ocr_par' dir='ltr' id='par_1_102' title="bbox 292 5185 1863 5260">
     <span class='ocr_line' id='line_1_102' title="bbox 292 5185 1863 5260; baseline 0.002 -23"><span class='ocrx_word' id='word_1_811' title='bbox 292 5187 456 5251; x_wconf 68' lang='grc' dir='ltr'>ἐστὶν,</span> <span class='ocrx_word' id='word_1_812' title='bbox 483 5185 607 5240; x_wconf 80' lang='grc' dir='ltr'>οὔτε</span> <span class='ocrx_word' id='word_1_813' title='bbox 641 5189 714 5258; x_wconf 81' lang='grc' dir='ltr'>μὴ</span> <span class='ocrx_word' id='word_1_814' title='bbox 746 5188 842 5251; x_wconf 81' lang='grc' dir='ltr'>ὢν,</span> <span class='ocrx_word' id='word_1_815' title='bbox 865 5187 987 5241; x_wconf 73' lang='grc' dir='ltr'>οὔτε</span> <span class='ocrx_word' id='word_1_816' title='bbox 1025 5187 1097 5259; x_wconf 86' lang='grc' dir='ltr'><strong>μὴ</strong></span> <span class='ocrx_word' id='word_1_817' title='bbox 1123 5189 1395 5258; x_wconf 90' lang='grc' dir='ltr'>ἐσόμενος.</span> <span class='ocrx_word' id='word_1_818' title='bbox 1429 5189 1492 5241; x_wconf 80' lang='grc' dir='ltr'><strong>Εἰ</strong></span> <span class='ocrx_word' id='word_1_819' title='bbox 1519 5189 1696 5241; x_wconf 87' lang='grc' dir='ltr'>τοίνυν</span> <span class='ocrx_word' id='word_1_820' title='bbox 1725 5187 1863 5260; x_wconf 80' lang='grc' dir='ltr'>πρὸς</span> 
     </span>
    </p>
   </div>
   <div class='ocr_carea' id='block_1_103' title="bbox 292 5277 1862 5350">
    <p class='ocr_par' dir='ltr' id='par_1_103' title="bbox 292 5277 1862 5350">
     <span class='ocr_line' id='line_1_103' title="bbox 292 5277 1862 5350; baseline 0.001 -23"><span class='ocrx_word' id='word_1_821' title='bbox 292 5277 378 5328; x_wconf 83' lang='grc' dir='ltr'><strong>τὸν</strong></span> <span class='ocrx_word' id='word_1_822' title='bbox 409 5278 627 5349; x_wconf 82' lang='grc' dir='ltr'>Πατέρα</span> <span class='ocrx_word' id='word_1_823' title='bbox 663 5277 846 5348; x_wconf 81' lang='grc' dir='ltr'>βλέπει</span> <span class='ocrx_word' id='word_1_824' title='bbox 877 5281 909 5349; x_wconf 94' lang='grc' dir='ltr'><strong>ἡ</strong></span> <span class='ocrx_word' id='word_1_825' title='bbox 941 5279 1162 5350; x_wconf 85' lang='grc' dir='ltr'>τοιαύτη</span> <span class='ocrx_word' id='word_1_826' title='bbox 1187 5281 1360 5350; x_wconf 81' lang='grc' dir='ltr'>φωνὴ,</span> <span class='ocrx_word' id='word_1_827' title='bbox 1390 5279 1463 5350; x_wconf 81' lang='grc' dir='ltr'>μὴ</span> <span class='ocrx_word' id='word_1_828' title='bbox 1503 5278 1756 5350; x_wconf 84' lang='grc' dir='ltr'>μαχέσθω</span> <span class='ocrx_word' id='word_1_829' title='bbox 1785 5279 1862 5348; x_wconf 87' lang='grc' dir='ltr'>τῷ</span> 
     </span>
    </p>
   </div>
   <div class='ocr_carea' id='block_1_104' title="bbox 292 5364 1861 5439">
    <p class='ocr_par' dir='ltr' id='par_1_104' title="bbox 292 5364 1861 5439">
     <span class='ocr_line' id='line_1_104' title="bbox 292 5364 1861 5439; baseline 0.002 -23"><span class='ocrx_word' id='word_1_830' title='bbox 292 5364 521 5436; x_wconf 76' lang='grc' dir='ltr'>δόγματι</span> <span class='ocrx_word' id='word_1_831' title='bbox 571 5369 670 5437; x_wconf 84' lang='grc' dir='ltr'>τῆς</span> <span class='ocrx_word' id='word_1_832' title='bbox 723 5368 1021 5431; x_wconf 76' lang='grc' dir='ltr'>εὐσεϐείας,</span> <span class='ocrx_word' id='word_1_833' title='bbox 1086 5369 1387 5437; x_wconf 74' lang='grc' dir='ltr'>συμφωνῶν</span> <span class='ocrx_word' id='word_1_834' title='bbox 1438 5371 1502 5439; x_wconf 81' lang='grc' dir='ltr'>τῇ</span> <span class='ocrx_word' id='word_1_835' title='bbox 1567 5368 1861 5439; x_wconf 68' lang='grc' dir='ltr'>Ἐκκλησία</span> 
     </span>
    </p>
   </div>
   <div class='ocr_carea' id='block_1_105' title="bbox 296 5458 1862 5530">
    <p class='ocr_par' dir='ltr' id='par_1_105' title="bbox 296 5458 1862 5530">
     <span class='ocr_line' id='line_1_105' title="bbox 296 5458 1862 5530; baseline 0.004 -23"><span class='ocrx_word' id='word_1_836' title='bbox 296 5458 433 5510; x_wconf 73' lang='grc' dir='ltr'><strong>κατά</strong></span> <span class='ocrx_word' id='word_1_837' title='bbox 465 5458 621 5510; x_wconf 82' lang='grc' dir='ltr'>τοῦτο</span> <span class='ocrx_word' id='word_1_838' title='bbox 660 5459 722 5511; x_wconf 81' lang='grc' dir='ltr'>τὸ</span> <span class='ocrx_word' id='word_1_839' title='bbox 765 5460 961 5529; x_wconf 86' lang='grc' dir='ltr'>μέρος·</span> <span class='ocrx_word' id='word_1_840' title='bbox 997 5460 1024 5511; x_wconf 85' lang='grc' dir='ltr'>ὁ</span> <span class='ocrx_word' id='word_1_841' title='bbox 1070 5459 1176 5530; x_wconf 75' lang='grc' dir='ltr'><strong>γὰρ</strong></span> <span class='ocrx_word' id='word_1_842' title='bbox 1214 5460 1489 5530; x_wconf 85' lang='grc' dir='ltr'>ὁμολογῶν</span> <span class='ocrx_word' id='word_1_843' title='bbox 1514 5460 1605 5513; x_wconf 78' lang='grc' dir='ltr'><strong>τὸν</strong></span> <span class='ocrx_word' id='word_1_844' title='bbox 1647 5460 1862 5530; x_wconf 86' lang='grc' dir='ltr'>Πατέρα</span> 
     </span>
    </p>
   </div>
   <div class='ocr_carea' id='block_1_106' title="bbox 298 5549 1863 5622">
    <p class='ocr_par' dir='ltr' id='par_1_106' title="bbox 298 5549 1863 5622">
     <span class='ocr_line' id='line_1_106' title="bbox 298 5549 1863 5622; baseline 0.004 -23"><span class='ocrx_word' id='word_1_845' title='bbox 298 5549 528 5602; x_wconf 79' lang='grc' dir='ltr'>πάντοτε</span> <span class='ocrx_word' id='word_1_846' title='bbox 557 5551 650 5603; x_wconf 76' lang='grc' dir='ltr'><strong>καὶ</strong></span> <span class='ocrx_word' id='word_1_847' title='bbox 677 5550 935 5613; x_wconf 82' lang='grc' dir='ltr'>ὡσαύτως</span> <span class='ocrx_word' id='word_1_848' title='bbox 966 5549 1126 5619; x_wconf 74' lang='grc' dir='ltr'>ἔχειν,</span> <span class='ocrx_word' id='word_1_849' title='bbox 1159 5552 1254 5604; x_wconf 72' lang='lat' dir='ltr'><strong>Eva</strong></span> <span class='ocrx_word' id='word_1_850' title='bbox 1282 5553 1372 5604; x_wconf 71' lang='grc' dir='ltr'><strong>καὶ</strong></span> <span class='ocrx_word' id='word_1_851' title='bbox 1412 5552 1569 5622; x_wconf 82' lang='grc' dir='ltr'>μόνον</span> <span class='ocrx_word' id='word_1_852' title='bbox 1591 5552 1738 5612; x_wconf 79' lang='grc' dir='ltr'>ὅντα,</span> <span class='ocrx_word' id='word_1_853' title='bbox 1771 5552 1863 5605; x_wconf 85' lang='grc' dir='ltr'><strong>τὸν</strong></span> 
     </span>
    </p>
   </div>
   <div class='ocr_carea' id='block_1_107' title="bbox 300 5639 1863 5714">
    <p class='ocr_par' dir='ltr' id='par_1_107' title="bbox 300 5639 1863 5714">
     <span class='ocr_line' id='line_1_107' title="bbox 300 5639 1863 5714; baseline 0.002 -22"><span class='ocrx_word' id='word_1_854' title='bbox 300 5639 394 5707; x_wconf 73' lang='grc' dir='ltr'>τῆς</span> <span class='ocrx_word' id='word_1_855' title='bbox 429 5639 708 5704; x_wconf 77' lang='grc' dir='ltr'>εὐσεϐείας</span> <span class='ocrx_word' id='word_1_856' title='bbox 745 5639 1003 5709; x_wconf 85' lang='grc' dir='ltr'>κρατύνει</span> <span class='ocrx_word' id='word_1_857' title='bbox 1035 5639 1214 5710; x_wconf 85' lang='grc' dir='ltr'>λόγον·</span> <span class='ocrx_word' id='word_1_858' title='bbox 1247 5641 1456 5711; x_wconf 85' lang='grc' dir='ltr'>βλέπων</span> <span class='ocrx_word' id='word_1_859' title='bbox 1501 5643 1557 5696; x_wconf 82' lang='grc' dir='ltr'><strong>ἐν</strong></span> <span class='ocrx_word' id='word_1_860' title='bbox 1584 5641 1660 5712; x_wconf 84' lang='grc' dir='ltr'><strong>τῷ</strong></span> <span class='ocrx_word' id='word_1_861' title='bbox 1689 5643 1863 5714; x_wconf 79' lang='grc' dir='ltr'>Πατρὶ</span> 
     </span>
    </p>
   </div>
   <div class='ocr_carea' id='block_1_108' title="bbox 1962 4733 3534 4804">
    <p class='ocr_par' dir='ltr' id='par_1_108' title="bbox 1962 4733 3534 4804">
     <span class='ocr_line' id='line_1_108' title="bbox 1962 4733 3534 4804; baseline 0.001 -15"><span class='ocrx_word' id='word_1_862' title='bbox 1962 4749 2027 4789; x_wconf 80' lang='lat' dir='ltr'><strong>ea:</strong></span> <span class='ocrx_word' id='word_1_863' title='bbox 2071 4745 2220 4804; x_wconf 86' lang='lat' dir='ltr'><strong>parte</strong></span> <span class='ocrx_word' id='word_1_864' title='bbox 2266 4744 2314 4789; x_wconf 86' lang='lat' dir='ltr'><strong>et</strong></span> <span class='ocrx_word' id='word_1_865' title='bbox 2356 4733 2592 4787; x_wconf 72' lang='lat' dir='ltr'><strong>absolute</strong></span> <span class='ocrx_word' id='word_1_866' title='bbox 2637 4749 2773 4787; x_wconf 86' lang='lat' dir='ltr'><strong>unus</strong></span> <span class='ocrx_word' id='word_1_867' title='bbox 2821 4743 2897 4788; x_wconf 86' lang='lat' dir='ltr'><strong>est</strong></span> <span class='ocrx_word' id='word_1_868' title='bbox 2946 4751 2965 4789; x_wconf 90' lang='lat'><strong><em>:</em></strong></span> <span class='ocrx_word' id='word_1_869' title='bbox 3016 4735 3300 4788; x_wconf 78' lang='lat' dir='ltr'><strong>secundum</strong></span> <span class='ocrx_word' id='word_1_870' title='bbox 3353 4741 3534 4792; x_wconf 84' lang='lat' dir='ltr'><strong>eadem</strong></span> 
     </span>
    </p>
   </div>
   <div class='ocr_carea' id='block_1_109' title="bbox 1963 4822 3532 4892">
    <p class='ocr_par' dir='ltr' id='par_1_109' title="bbox 1963 4822 3532 4892">
     <span class='ocr_line' id='line_1_109' title="bbox 1963 4822 3532 4892; baseline 0.001 -14"><span class='ocrx_word' id='word_1_871' title='bbox 1963 4832 2013 4878; x_wconf 90' lang='lat' dir='ltr'><strong>et</strong></span> <span class='ocrx_word' id='word_1_872' title='bbox 2054 4825 2230 4877; x_wconf 87' lang='lat' dir='ltr'><strong>eodem</strong></span> <span class='ocrx_word' id='word_1_873' title='bbox 2263 4823 2414 4876; x_wconf 84' lang='lat' dir='ltr'><strong>modo</strong></span> <span class='ocrx_word' id='word_1_874' title='bbox 2469 4838 2780 4892; x_wconf 86' lang='lat' dir='ltr'><strong>permanens</strong></span> <span class='ocrx_word' id='word_1_875' title='bbox 2815 4823 2979 4877; x_wconf 84' lang='lat' dir='ltr'><strong>solus.</strong></span> <span class='ocrx_word' id='word_1_876' title='bbox 3015 4822 3071 4877; x_wconf 92' lang='lat' dir='ltr'><strong>Si</strong></span> <span class='ocrx_word' id='word_1_877' title='bbox 3096 4823 3162 4878; x_wconf 90' lang='lat' dir='ltr'><strong>de</strong></span> <span class='ocrx_word' id='word_1_878' title='bbox 3191 4822 3351 4879; x_wconf 89' lang='lat' dir='ltr'><strong>Patre</strong></span> <span class='ocrx_word' id='word_1_879' title='bbox 3377 4826 3532 4889; x_wconf 88' lang='lat' dir='ltr'><strong>dicit.</strong></span> 
     </span>
    </p>
   </div>
   <div class='ocr_carea' id='block_1_110' title="bbox 1967 4912 3537 4984">
    <p class='ocr_par' dir='ltr' id='par_1_110' title="bbox 1967 4912 3537 4984">
     <span class='ocr_line' id='line_1_110' title="bbox 1967 4912 3537 4984; baseline 0.004 -16"><span class='ocrx_word' id='word_1_880' title='bbox 1967 4915 2072 4969; x_wconf 88' lang='lat' dir='ltr'><strong>hoc</strong></span> <span class='ocrx_word' id='word_1_881' title='bbox 2111 4916 2273 4969; x_wconf 87' lang='lat' dir='ltr'><strong>etiam</strong></span> <span class='ocrx_word' id='word_1_882' title='bbox 2307 4929 2408 4970; x_wconf 92' lang='lat' dir='ltr'><strong>nos</strong></span> <span class='ocrx_word' id='word_1_883' title='bbox 2440 4913 2880 4984; x_wconf 90' lang='lat' dir='ltr'><strong>comprobamus.</strong></span> <span class='ocrx_word' id='word_1_884' title='bbox 2925 4912 3080 4970; x_wconf 85' lang='lat' dir='ltr'><strong>Unus</strong></span> <span class='ocrx_word' id='word_1_885' title='bbox 3108 4916 3252 4970; x_wconf 89' lang='lat' dir='ltr'><strong>enim</strong></span> <span class='ocrx_word' id='word_1_886' title='bbox 3297 4925 3382 4972; x_wconf 86' lang='lat' dir='ltr'><strong>est</strong></span> <span class='ocrx_word' id='word_1_887' title='bbox 3410 4934 3537 4974; x_wconf 87' lang='lat' dir='ltr'><strong>vere</strong></span> 
     </span>
    </p>
   </div>
   <div class='ocr_carea' id='block_1_111' title="bbox 1967 5005 3536 5083">
    <p class='ocr_par' dir='ltr' id='par_1_111' title="bbox 1967 5005 3536 5083">
     <span class='ocr_line' id='line_1_111' title="bbox 1967 5005 3536 5083; baseline 0.005 -24"><span class='ocrx_word' id='word_1_888' title='bbox 1967 5005 2150 5070; x_wconf 89' lang='lat' dir='ltr'><strong>Pater,</strong></span> <span class='ocrx_word' id='word_1_889' title='bbox 2193 5009 2342 5064; x_wconf 91' lang='lat' dir='ltr'><strong>solus</strong></span> <span class='ocrx_word' id='word_1_890' title='bbox 2388 5008 2550 5063; x_wconf 88' lang='lat' dir='ltr'><strong>etiam</strong></span> <span class='ocrx_word' id='word_1_891' title='bbox 2583 5009 2785 5078; x_wconf 91' lang='lat' dir='ltr'><strong>ubique</strong></span> <span class='ocrx_word' id='word_1_892' title='bbox 2830 5015 2885 5063; x_wconf 92' lang='lat' dir='ltr'><strong>et</strong></span> <span class='ocrx_word' id='word_1_893' title='bbox 2922 5023 3148 5078; x_wconf 88' lang='lat' dir='ltr'><strong>prorsus</strong></span> <span class='ocrx_word' id='word_1_894' title='bbox 3183 5013 3536 5083; x_wconf 90' lang='lat' dir='ltr'><strong>omninoque,</strong></span> 
     </span>
    </p>
   </div>
   <div class='ocr_carea' id='block_1_112' title="bbox 1967 5099 3532 5171">
    <p class='ocr_par' dir='ltr' id='par_1_112' title="bbox 1967 5099 3532 5171">
     <span class='ocr_line' id='line_1_112' title="bbox 1967 5099 3532 5171; baseline 0.004 -19"><span class='ocrx_word' id='word_1_895' title='bbox 1967 5109 2018 5152; x_wconf 87' lang='lat' dir='ltr'><strong>et</strong></span> <span class='ocrx_word' id='word_1_896' title='bbox 2066 5099 2367 5153; x_wconf 89' lang='lat' dir='ltr'><strong>secundum</strong></span> <span class='ocrx_word' id='word_1_897' title='bbox 2411 5100 2598 5155; x_wconf 84' lang='lat' dir='ltr'><strong>eadem</strong></span> <span class='ocrx_word' id='word_1_898' title='bbox 2643 5099 2945 5171; x_wconf 86' lang='lat' dir='ltr'><strong>eodemque</strong></span> <span class='ocrx_word' id='word_1_899' title='bbox 2982 5103 3142 5157; x_wconf 82' lang='lat' dir='ltr'><strong>modo</strong></span> <span class='ocrx_word' id='word_1_900' title='bbox 3191 5119 3250 5159; x_wconf 90' lang='lat' dir='ltr'><strong>se</strong></span> <span class='ocrx_word' id='word_1_901' title='bbox 3305 5104 3532 5160; x_wconf 89' lang='lat' dir='ltr'><strong>habens.</strong></span> 
     </span>
    </p>
   </div>
   <div class='ocr_carea' id='block_1_113' title="bbox 1964 5187 3538 5262">
    <p class='ocr_par' dir='ltr' id='par_1_113' title="bbox 1964 5187 3538 5262">
     <span class='ocr_line' id='line_1_113' title="bbox 1964 5187 3538 5262; baseline 0.003 -20"><span class='ocrx_word' id='word_1_902' title='bbox 1964 5187 2150 5258; x_wconf 89' lang='lat' dir='ltr'><strong>Neque</strong></span> <span class='ocrx_word' id='word_1_903' title='bbox 2195 5204 2432 5259; x_wconf 89' lang='lat' dir='ltr'><strong>unquam</strong></span> <span class='ocrx_word' id='word_1_904' title='bbox 2474 5189 2618 5260; x_wconf 91' lang='lat' dir='ltr'><strong>quod</strong></span> <span class='ocrx_word' id='word_1_905' title='bbox 2669 5199 2772 5255; x_wconf 85' lang='lat' dir='ltr'><strong>est,</strong></span> <span class='ocrx_word' id='word_1_906' title='bbox 2824 5207 2999 5262; x_wconf 90' lang='lat' dir='ltr'><strong>neque</strong></span> <span class='ocrx_word' id='word_1_907' title='bbox 3050 5208 3159 5246; x_wconf 91' lang='lat' dir='ltr'><strong>non</strong></span> <span class='ocrx_word' id='word_1_908' title='bbox 3210 5208 3329 5256; x_wconf 85' lang='lat' dir='ltr'><strong>ens,</strong></span> <span class='ocrx_word' id='word_1_909' title='bbox 3362 5209 3538 5261; x_wconf 85' lang='lat' dir='ltr'><strong>neque</strong></span> 
     </span>
    </p>
   </div>
   <div class='ocr_carea' id='block_1_114' title="bbox 1964 5278 3535 5350">
    <p class='ocr_par' dir='ltr' id='par_1_114' title="bbox 1964 5278 3535 5350">
     <span class='ocr_line' id='line_1_114' title="bbox 1964 5278 3535 5350; baseline -0.002 -16"><span class='ocrx_word' id='word_1_910' title='bbox 1964 5295 2074 5334; x_wconf 90' lang='lat' dir='ltr'><strong>non</strong></span> <span class='ocrx_word' id='word_1_911' title='bbox 2127 5278 2364 5334; x_wconf 81' lang='lat' dir='ltr'><strong>futurus.</strong></span> <span class='ocrx_word' id='word_1_912' title='bbox 2421 5279 2477 5334; x_wconf 87' lang='lat' dir='ltr'><strong>Si</strong></span> <span class='ocrx_word' id='word_1_913' title='bbox 2519 5295 2650 5350; x_wconf 78' lang='lat' dir='ltr'><strong>ergo</strong></span> <span class='ocrx_word' id='word_1_914' title='bbox 2701 5281 2814 5336; x_wconf 63' lang='lat' dir='ltr'><strong>haec</strong></span> <span class='ocrx_word' id='word_1_915' title='bbox 2866 5297 2967 5335; x_wconf 83' lang='lat' dir='ltr'><strong>vox</strong></span> <span class='ocrx_word' id='word_1_916' title='bbox 3017 5279 3232 5335; x_wconf 84' lang='lat' dir='ltr'><strong>Patrem</strong></span> <span class='ocrx_word' id='word_1_917' title='bbox 3293 5280 3535 5348; x_wconf 87' lang='lat' dir='ltr'><strong>respicit,</strong></span> 
     </span>
    </p>
   </div>
   <div class='ocr_carea' id='block_1_115' title="bbox 1965 5366 3536 5439">
    <p class='ocr_par' dir='ltr' id='par_1_115' title="bbox 1965 5366 3536 5439">
     <span class='ocr_line' id='line_1_115' title="bbox 1965 5366 3536 5439; baseline -0.003 -16"><span class='ocrx_word' id='word_1_918' title='bbox 1965 5370 2189 5438; x_wconf 90' lang='lat' dir='ltr'><strong>pietatis</strong></span> <span class='ocrx_word' id='word_1_919' title='bbox 2234 5371 2458 5424; x_wconf 86' lang='lat' dir='ltr'><strong>decreto</strong></span> <span class='ocrx_word' id='word_1_920' title='bbox 2497 5385 2605 5424; x_wconf 92' lang='lat' dir='ltr'><strong>non</strong></span> <span class='ocrx_word' id='word_1_921' title='bbox 2641 5371 2886 5439; x_wconf 85' lang='lat' dir='ltr'><strong>pertinax</strong></span> <span class='ocrx_word' id='word_1_922' title='bbox 2944 5371 3284 5428; x_wconf 85' lang='lat' dir='ltr'><strong>adversetur,</strong></span> <span class='ocrx_word' id='word_1_923' title='bbox 3328 5367 3420 5420; x_wconf 89' lang='lat' dir='ltr'><strong>sed</strong></span> <span class='ocrx_word' id='word_1_924' title='bbox 3482 5366 3536 5419; x_wconf 87' lang='lat' dir='ltr'><strong>in</strong></span> 
     </span>
    </p>
   </div>
   <div class='ocr_carea' id='block_1_116' title="bbox 1967 5454 3536 5530">
    <p class='ocr_par' dir='ltr' id='par_1_116' title="bbox 1967 5454 3536 5530">
     <span class='ocr_line' id='line_1_116' title="bbox 1967 5454 3536 5530; baseline -0.001 -17"><span class='ocrx_word' id='word_1_925' title='bbox 1967 5460 2072 5514; x_wconf 86' lang='lat' dir='ltr'><strong>hac</strong></span> <span class='ocrx_word' id='word_1_926' title='bbox 2117 5468 2270 5530; x_wconf 85' lang='lat' dir='ltr'><strong>parte</strong></span> <span class='ocrx_word' id='word_1_927' title='bbox 2319 5459 2575 5516; x_wconf 66' lang='lat' dir='ltr'><strong>Ecclesiae</strong></span> <span class='ocrx_word' id='word_1_928' title='bbox 2627 5461 2953 5516; x_wconf 85' lang='lat' dir='ltr'><strong>consentiat.</strong></span> <span class='ocrx_word' id='word_1_929' title='bbox 2989 5457 3088 5522; x_wconf 84' lang='lat' dir='ltr'><strong>Qui</strong></span> <span class='ocrx_word' id='word_1_930' title='bbox 3134 5458 3275 5510; x_wconf 90' lang='lat' dir='ltr'><strong>enim</strong></span> <span class='ocrx_word' id='word_1_931' title='bbox 3325 5454 3536 5512; x_wconf 88' lang='lat' dir='ltr'><strong>Patrem</strong></span> 
     </span>
    </p>
   </div>
   <div class='ocr_carea' id='block_1_117' title="bbox 1971 5547 3542 5621">
    <p class='ocr_par' dir='ltr' id='par_1_117' title="bbox 1971 5547 3542 5621">
     <span class='ocr_line' id='line_1_117' title="bbox 1971 5547 3542 5621; baseline -0.001 -16"><span class='ocrx_word' id='word_1_932' title='bbox 1971 5567 2185 5621; x_wconf 90' lang='lat' dir='ltr'><strong>semper</strong></span> <span class='ocrx_word' id='word_1_933' title='bbox 2212 5558 2266 5607; x_wconf 91' lang='lat' dir='ltr'><strong>et</strong></span> <span class='ocrx_word' id='word_1_934' title='bbox 2286 5551 2476 5607; x_wconf 89' lang='lat' dir='ltr'><strong>eodem</strong></span> <span class='ocrx_word' id='word_1_935' title='bbox 2512 5551 2672 5607; x_wconf 87' lang='lat' dir='ltr'><strong>modo</strong></span> <span class='ocrx_word' id='word_1_936' title='bbox 2700 5567 2758 5606; x_wconf 91' lang='lat' dir='ltr'><strong>se</strong></span> <span class='ocrx_word' id='word_1_937' title='bbox 2779 5551 2981 5603; x_wconf 88' lang='lat' dir='ltr'><strong>habere</strong></span> <span class='ocrx_word' id='word_1_938' title='bbox 3007 5547 3316 5613; x_wconf 79' lang='lat' dir='ltr'><strong>confitetur,</strong></span> <span class='ocrx_word' id='word_1_939' title='bbox 3347 5564 3542 5604; x_wconf 86' lang='lat' dir='ltr'><strong>unum-</strong></span> 
     </span>
    </p>
   </div>
   <div class='ocr_carea' id='block_1_118' title="bbox 1971 5639 3540 5713">
    <p class='ocr_par' dir='ltr' id='par_1_118' title="bbox 1971 5639 3540 5713">
     <span class='ocr_line' id='line_1_118' title="bbox 1971 5639 3540 5713; baseline 0.001 -16"><span class='ocrx_word' id='word_1_940' title='bbox 1971 5658 2076 5713; x_wconf 87' lang='lat' dir='ltr'><strong>que</strong></span> <span class='ocrx_word' id='word_1_941' title='bbox 2104 5649 2158 5700; x_wconf 88' lang='lat' dir='ltr'><strong>et</strong></span> <span class='ocrx_word' id='word_1_942' title='bbox 2195 5645 2373 5700; x_wconf 89' lang='lat' dir='ltr'><strong>solum</strong></span> <span class='ocrx_word' id='word_1_943' title='bbox 2412 5658 2536 5701; x_wconf 88' lang='lat' dir='ltr'><strong>esse</strong></span> <span class='ocrx_word' id='word_1_944' title='bbox 2581 5642 2888 5707; x_wconf 81' lang='lat' dir='ltr'><strong>conﬁrmat,</strong></span> <span class='ocrx_word' id='word_1_945' title='bbox 2935 5639 3153 5710; x_wconf 88' lang='lat' dir='ltr'><strong>pietatis</strong></span> <span class='ocrx_word' id='word_1_946' title='bbox 3198 5641 3399 5699; x_wconf 88' lang='lat' dir='ltr'><strong>retinet</strong></span> <span class='ocrx_word' id='word_1_947' title='bbox 3436 5642 3540 5699; x_wconf 81' lang='lat' dir='ltr'><strong>do-</strong></span> 
     </span>
    </p>
   </div>
  </div>
