4064 6146
504 218 610 280 43⁸5

1711 216 1767 267 S.
1806 211 2129 269 GREGORII
2155 212 2445 272 NYSSENI

3641 227 3749 283 434

505 333 761 389 ctrinam,
795 327 1014 380 intuens
1057 325 1110 379 in
1152 324 1308 378 Patre
1338 321 1534 378 Filium
1568 345 1580 378 :
1619 325 1737 380 sine
1774 344 1882 396 qtto
1910 327 2048 381 Patet

2170 330 2258 382 τὸν
2282 333 2424 385 Υιόνο
2452 327 2512 387 οὗ
2557 336 2723 405 χωρὶς
2747 337 2937 406 Πατὴρ
2962 336 3084 391 οὔτε
3137 337 3277 392 ἔστιν
3296 378 3312 404 ,
3339 339 3462 393 οὔτε
3503 339 3742 408 λέγεται.

504 439 682 493 neque
728 431 808 474 est
855 433 1031 486 neque
1069 416 1289 470 dicitur.
1336 416 1492 480 Quod
1533 417 1578 470 si
1625 417 1856 486 aliquem
1906 420 2068 472 alium

505 516 674 568 Deum
717 517 911 580 praeter
945 507 1160 563 Patrem
1204 508 1377 576 tingit,
1410 523 1532 560 cum
1567 507 1769 564 JudzL-is
1807 510 2066 579 disputet,

503 607 589 661 vel
630 620 752 658 cum
810 603 898 656 his
921 601 1011 671 qui
1039 601 1368 670 llypsistiani
1399 602 1749 655 nominantur
1777 619 1789 655 :
1838 617 2066 671 quorum

499 709 585 754 est
621 699 734 751 haec
762 711 885 750 cum
918 693 1242 748 Christianis
1275 693 1569 759 discordia,
1604 692 1746 760 quod
1779 692 1878 761 ipsi
1902 692 2066 745 Deum

501 789 717 858 quidem
753 786 1079 840 contitentur
1106 799 1227 838 esse
1255 783 1542 852 quemdam
1602 782 1843 852 ὕψιστον.
1882 783 1931 837 id
1962 790 2066 848 est,

499 879 848 940 altissimum,
891 879 974 930 vel
1027 877 1459 945 παντοκράτορα,
1508 875 1558 928 id
1589 884 1692 938 est,
1722 876 2068 944 omnipoten-

500 982 608 1026 tem
652 990 663 1025 :
701 971 911 1023 Patrem
965 975 1144 1020 autem
1186 967 1362 1034 ipsum
1413 982 1532 1021 esse
1586 981 1693 1019 non
1747 967 2060 1020 admittunt.

496 1063 846 1116 Christianus
871 1074 1016 1121 vero,
1042 1059 1145 1113 nisi
1174 1057 1280 1112 Deo
1309 1056 1454 1110 Patri
1489 1057 1694 1119 credat,
1718 1056 2064 1113 Christianus

496 1171 602 1208 non
652 1162 754 1208 est.

564 1245 694 1310 Quae
742 1245 825 1298 his
873 1243 1128 1311 deinceps
1156 1241 1342 1310 adjicit
1369 1242 1482 1295 haec
1509 1249 1636 1295 sunt
1661 1239 1806 1292 :.\'¢m
1842 1239 2059 1304 habens,

493 1337 688 1405 inquit,
733 1336 947 1388 deitatis
997 1351 1106 1387 sum
1134 1336 1439 1402 participem
1467 1336 1688 1393 socium,
1721 1350 1822 1385 non
1853 1333 2060 1399 partia-

493 1430 630 1480 rium
671 1427 873 1497 gloritv,
925 1443 1026 1480 non
1086 1435 1378 1479 consortem
1423 1435 1722 1492 potestatis,
1764 1441 1866 1476 non
1917 1425 2061 1492 regni

492 1534 893 1575 consessorem:
938 1537 1071 1572 unus
1125 1522 1262 1571 enim
1315 1529 1390 1572 est
1441 1529 1489 1570 et
1525 1518 1669 1570 solus
1716 1515 1853 1569 Deus
1897 1518 2061 1569 omni-

492 1621 696 1679 potens,
751 1611 885 1663 Deus
920 1608 1159 1674 deorum,
1203 1608 1309 1661 Rea:
1355 1609 1687 1678 regnantium
1715 1647 1730 1671 ,
1801 1607 2054 1662 Dominus

2173 425 2234 476 Εἰ
2262 423 2318 476 δὲ
2347 424 2503 478 ἄλλον
2535 427 2654 480 τινὰ
2679 429 2826 499 παρὰ
2856 430 2947 482 τὸν
2977 431 3194 499 Πατέρα
3223 430 3354 484 Θεὸν
3385 432 3745 495 ἀναπλάσσει,

2185 516 2456 579 Ἰουδαίοις
2499 517 2908 590 διαλεγέσθω,·ἢ
2953 525 3064 585 τοῖς
3112 522 3421 592 λεγομένοις
3459 524 3744 592 ’Υψιστια-

2169 609 2280 670 νοῖς
2296 627 2306 637 ·
2325 601 2398 659 ὧν
2421 607 2556 678 αὕτη
2579 611 2725 662 ἐστὶν
2748 612 2778 680 ἡ
2801 611 2931 681 πρὸς
2954 614 3076 675 τοὺς
3091 614 3443 684 Χριστιανοὺς
3472 616 3707 687 διαφορά
3725 633 3741 648 ·

2168 697 2228 750 τὸ
2257 699 2388 752 Θεὸν
2424 702 2520 770 μὲν
2557 702 2750 766 αὐτοὺς
2782 704 3060 772 ὁμολογεῖν
3104 701 3242 759 εἷναί
3279 725 3421 770 τινα,
3449 708 3508 760 ὃν
3540 709 3742 779 ὀνομά-

2169 789 2348 853 ζουσιν
2376 791 2656 860 Ὕψιστον,
2692 795 2722 863 ἢ
2758 795 3175 866 Παντοκράτορα
3200 815 3213 828 ·
3237 799 3454 870 Πατέρα
3479 800 3534 852 δὲ
3572 801 3742 853 αὑτὸν

2168 877 2306 936 εἶναι
2353 883 2426 954 μὴ
2465 885 2880 955 παραδέχεσθαι.
2923 886 2979 939 Ὀ
3009 887 3063 939 δὲ
3098 889 3437 958 Χριστιανὸς,
3475 893 3522 944 εξ
3565 891 3638 961 μὴ
3659 891 3740 962 τῷ

2167 973 2340 1042 Πατρὶ
2372 974 2631 1039 πιστεύοι,
2669 977 2988 1046 Χριστιανὸς
3021 978 3118 1030 οὐκ
3145 980 3308 1034 ἔστιν.

2239 1240 2300 1289 Ἃ
2339 1238 2393 1290 δὲ
2446 1238 2654 1301 τούτοις
2701 1239 2898 1308 ἐφεξῆς
2945 1241 3304 1310 προστίθησι,
3338 1241 3511 1294 ταῦτα
3559 1242 3728 1297 ἐστίν.

2157 1331 2238 1383 Οὐ
2259 1333 2548 1384 κοινωνὸν
2567 1331 2740 1398 ἔχων,
2761 1333 2913 1401 φησὶ,
2945 1332 3054 1398 τῆς
3082 1334 3377 1399 θεότητος,
3392 1335 3463 1386 οὐ
3481 1335 3734 1402 μερίτην

2161 1421 2268 1490 τῆς
2296 1422 2499 1489 δόξης,
2529 1425 2600 1476 οὐ
2632 1425 2980 1490 σύγ-κληρον
3013 1422 3120 1490 τῆς
3157 1425 3457 1489 ἐξουσίας,
3489 1428 3560 1478 οὐ
3583 1426 3734 1478 σύν-

2160 1517 2375 1580 θρονον
2417 1514 2528 1582 τῆς
2569 1515 2910 1580 βασιλείας.
2947 1511 3048 1581 Εἶς
3089 1515 3198 1584 γάρ
3248 1517 3377 1570 ἐστι
3406 1518 3500 1571 καὶ
3543 1517 3733 1584 μόνος

2163 1605 2303 1672 Θεὸς
2317 1609 2349 1660 ό
2362 1606 2799 1675 παντοκράτωρ,
2825 1607 2968 1672 Θεὸς
2986 1607 3154 1671 θεῶν,
3169 1609 3467 1674 ,ϐασιλεὺς
3486 1609 3596 1660 τῶν
3613 1609 3732 1672 βα-

490 1704 896 1756 dominantium.
937 1701 1131 1756 Nescio
1173 1703 1228 1755 in
1273 1717 1433 1771 quem
1474 1703 1694 1756 intuens
1733 1701 2048 1765 Eunomius,

2160 1701 2529 1753 σιλευόντων
2551 1741 2565 1764 ,
2601 1701 2819 1767 Κύριος
2845 1699 2962 1752 τῶν
2997 1702 3408 1768 κιῬιευόντων.
3461 1702 3572 1752 Οὐκ
3610 1697 3731 1752 οἶδα

489 1813 597 1853 non
625 1799 726 1867 ipsi
757 1798 1092 1852 divinitatem
1123 1800 1530 1851 communicare
1551 1796 1764 1850 Patrem
1789 1804 2056 1851 contesta-

487 1897 594 1942 tur.
643 1889 920 1958 Siquidem
955 1889 1021 1941 ad
1061 1889 1353 1943 simulacra
1394 1903 1531 1941 vana
1565 1896 1618 1942 et
1664 1888 1730 1942 ad
1765 1889 2051 1943 conﬁctam

489 1982 1014 2037 simulacricolarum
1035 1981 1342 2049 opinionem
1379 1980 1505 2033 talia
1524 1980 1674 2042 dicit,
1701 1980 2050 2048 quemadmo-

487 2073 616 2126 dum
654 2073 856 2124 Paulus
884 2072 1114 2134 clamat,
1165 2068 1309 2138 quod
1361 2085 1461 2122 non
1491 2079 1566 2122 est
1619 2072 1914 2131 consensio,
1950 2071 2054 2123 sive

487 2162 756 2214 conventio
799 2159 1008 2213 Christo
1048 2173 1165 2209 cum
1208 2154 1410 2219 Betiar,
1454 2174 1614 2226 neque
1653 2160 2053 2212 communicatio

487 2251 676 2318 templo
711 2251 802 2302 Dei
822 2265 939 2302 cum
973 2249 1179 2316 tempiis
1213 2246 1474 2299 idolorum
1502 2249 1568 2310 δ’,
1595 2250 1756 2302 etiam
1787 2264 1886 2303 nos
1919 2264 2051 2302 con-

486 2343 784 2397 ﬁrmamus.
823 2339 976 2403 Quod
1021 2338 1063 2390 si
1098 2337 1434 2404 unigenitum
1491 2336 1659 2389 Deum
1702 2353 1796 2406 per
1842 2355 1904 2393 ea
1934 2355 2054 2408 quae

484 2434 764 2495 dicuntur,
791 2444 819 2482 a
847 2428 1022 2499 patria
1045 2426 1246 2483 deitate
1277 2437 1519 2496 sepa-at,
1569 2427 1765 2489 discat,
1799 2429 2052 2484 dilemma

485 2524 779 2596 impietatis
823 2524 945 2590 ejus
992 2521 1046 2575 in
1097 2520 1339 2590 seipsum
1391 2521 1887 2575 recriminationem
1919 2535 2052 2576 con-

483 2627 739 2683 struere;
789 2615 870 2667 vel
917 2615 1062 2666 enim
1107 2613 1352 2667 absolute
1379 2611 1470 2666 Dei
1505 2613 1847 2682 Unigcnitum
1890 2623 2050 2683 negat

480 2725 604 2764 esse
652 2708 841 2767 Deum,
881 2712 940 2758 ut
984 2704 1127 2757 Patri
1166 2712 1450 2758 conservet
1497 2719 1558 2757 ac
1597 2703 1856 2769 vindicet,
1904 2703 2047 2771 quod

479 2809 565 2853 est
603 2812 727 2851 cum
772 2795 906 2848 Filio
935 2795 990 2848 in
1033 2795 1236 2849 deitate
1268 2795 1800 2855 incommunicabile,
1853 2810 1916 2847 ac
1955 2811 2050 2864 per

481 2890 585 2944 hoc
614 2897 987 2957 transgressor
1019 2903 1083 2941 ac
1121 2888 1506 2956 praevaricator
1531 2887 1900 2957 redarguitur,
1940 2887 2049 2942 Deo

479 2980 915 3033 Christianorum
952 2978 1247 3046 abnegato;
1287 2979 1368 3033 vel
1407 2979 1453 3031 si
1493 2979 1850 3040 concesserit,
1882 2979 2036 3032 illum
2074 2998 2114 3053 ο

478 3084 602 3124 esse
635 3069 800 3122 Deum
846 3068 1147 3122 secundum
1181 3076 1433 3123 naturam
1474 3083 1595 3121 cum
1637 3067 1747 3122 Deo
1782 3083 1910 3123 vero
1939 3084 2044 3122 non

478 3160 916 3224 convenientem,
943 3159 1164 3213 omnino
1189 3162 1562 3214 necessarium
1588 3168 1676 3228 est
1707 3160 1882 3226 ipsum
1917 3174 2047 3213 con-

479 3251 642 3313 ﬁteri.
695 3267 752 3306 se
799 3267 958 3306 orare
1003 3251 1135 3305 deos
1185 3259 1502 3304 naturarum
1557 3250 1859 3305 ditl‘erentia
1911 3266 1939 3303 a
1989 3266 2047 3305 se

477 3344 685 3397 divisos
731 3359 794 3396 ac
845 3342 1166 3410 diremptos.
1199 3340 1403 3393 Horum
1454 3349 1635 3394 utrum
1665 3341 1920 3402 voluerit,
1951 3341 2048 3392 eli-

476 3439 586 3501 gat,
607 3431 691 3483 vel
724 3444 923 3498 negare
949 3429 1070 3481 Filii
1095 3428 1374 3492 deitatem,
1402 3429 1484 3481 vel
1507 3427 1639 3482 deos
1663 3443 1763 3483 suo
1796 3429 2047 3498 dogmate

477 3522 735 3575 inducere
773 3539 786 3574 :
825 3529 1009 3572 utrum
1035 3518 1179 3571 enim
1211 3519 1404 3570 horum
1427 3519 1672 3587 elegerit,
1698 3517 1830 3572 nihil
1860 3518 2044 3584 refert,

475 3611 545 3667 ad
592 3611 919 3678 impietatem
958 3623 1056 3677 par
1096 3609 1278 3661 scelus
1312 3616 1413 3664 est.
1465 3607 1574 3662 Nos
1620 3608 1762 3662 enim
1799 3610 2039 3679 inspira-

475 3703 550 3756 tis
594 3716 623 3753 a
652 3699 760 3754 Deo
802 3698 1101 3767 Scripturae
1129 3701 1311 3755 verbis
1345 3699 1577 3754 instituti
1617 3710 1670 3756 et
1715 3703 1890 3757 cdocti
1935 3718 2043 3757 non

476 3791 532 3844 in
567 3789 726 3844 Patre
757 3800 810 3844 et
838 3787 974 3842 Filio
1007 3790 1224 3844 deitatis
1257 3792 1692 3847 communionem
1743 3795 2041 3857 cernimus,

478 3880 573 3935 sed
603 3881 890 3944 unitatem,
922 3881 1024 3933 hoc
1052 3881 1292 3950 prapriis
1318 3881 1498 3937 verbis
1530 3881 1759 3936 Domino
1793 3883 2041 3949 docente,

484 3970 688 4039 quibus
739 3971 832 4032 ait,
883 3969 1045 4023 Pater
1076 3979 1124 4023 et
1153 3987 1245 4040 ego
1294 3987 1456 4024 unum
1497 3988 1678 4025 sumus
1723 3973 1792 4035 ⁸³,
1824 3980 1896 4038 et,
1941 3973 2046 4039 Qui

475 4061 603 4116 vidit
656 4078 754 4126 me,
778 4061 903 4114 vidit
948 4061 1162 4114 Patrem
1205 4062 1270 4113 ⁸⁸.
1305 4061 1436 4114 Nam
1480 4064 1525 4116 si
1572 4078 1678 4116 non
1714 4073 1858 4118 esset
1892 4064 2044 4133 ejus-

475 4152 595 4206 dem
643 4159 873 4214 naturze,
927 4151 1200 4221 quomodo
1251 4151 1334 4205 vel
1383 4151 1605 4206 haberet
1656 4152 1708 4204 in
1747 4154 2044 4224 semetipso

473 4241 618 4313 quod
667 4243 935 4306 alienum;
977 4243 1060 4298 vel
1106 4241 1382 4311 quomodo
1425 4246 1478 4296 in
1510 4244 1692 4312 seipse
1724 4245 2039 4300 ostenderet

2157 1791 2291 1862 πρὸς
2306 1791 2425 1844 τίνα
2461 1791 2673 1860 βλέπων
2704 1791 2732 1842 ὁ
2759 1791 3038 1859 Εὐνόμιος,
3059 1791 3122 1844 τὸ
3155 1791 3228 1862 μὴ
3258 1794 3527 1844 κοινωνεῖν
3549 1790 3730 1859 ἑαυτῷ

2155 1883 2252 1952 τῆς
2310 1882 2558 1952 θεότητος
2607 1883 2696 1935 τὸν
2736 1883 2956 1952 Πατέρα
3014 1883 3458 1953 διαμαρτύρεται.
3507 1884 3566 1935 Ei
3625 1883 3729 1951 μὲν

2155 1976 2264 2044 γὰρ
2289 1974 2424 2045 πρὸς
2454 1975 2521 2027 τὰ
2553 1974 2742 2026 εἴδωλα
2770 1974 2836 2026 τὰ
2874 1975 3096 2044 μάταια,
3123 1975 3215 2028 καὶ
3249 1974 3345 2044 τὴν
3373 1974 3730 2043 πεπλανημέ-

2155 2083 2252 2135 νην
2280 2065 2387 2117 τῶν
2425 2065 2948 2135 εἰδωλολατρούντων
2984 2065 3248 2136 ὑπόληψιν
3288 2068 3354 2119 τὰ
3387 2066 3606 2120 τοιαῦτα
3633 2067 3726 2120 λέ-

2140 2168 2248 2220 γει,
2270 2151 2448 2215 καθὼς
2487 2154 2582 2206 καὶ
2616 2155 2644 2205 ὁ
2667 2153 2876 2217 Παῦλος
2904 2154 3002 2224 βοᾷ
3021 2171 3034 2184 ·
3061 2149 3143 2207 ὅτι
3177 2155 3288 2208 οὐκ
3318 2155 3449 2207 ἔστι
3471 2157 3720 2222 συμφὼ-

2140 2259 2317 2309 νησις
2354 2243 2582 2311 Χριστῷ
2622 2245 2770 2313 πρὸς
2804 2245 3054 2313 Βελιάρ·
3095 2245 3238 2300 οὐδὲ
3280 2248 3560 2299 κοινωνία
3596 2245 3724 2310 ναῷ

2141 2335 2288 2388 Θεοῦ
2299 2335 2448 2403 μετὰ
2462 2335 2744 2398 εἰδώλων,
2760 2338 2855 2390 καὶ
2875 2339 3040 2408 ἡμεῖς
3065 2337 3444 2408 συντιθέμεθα.
3469 2339 3532 2391 Ei
3547 2338 3605 2392 δὲ
3628 2340 3724 2391 τὸν

2141 2425 2405 2496 μονογενῆ
2428 2426 2562 2480 Θεὸν
2589 2428 2678 2481 διὰ
2696 2427 2804 2480 τῶν
2831 2429 3140 2500 λεγομένων
3163 2431 3262 2500 τῆς
3287 2431 3561 2502 πατρικῆς
3580 2431 3722 2498 ἀφοο

2139 2517 2279 2587 ρίζει
2309 2516 2582 2587 θεότητος,
2613 2519 2829 2588 μαθέτω
2853 2522 2934 2573 ὅτι
2952 2522 3196 2593 δίλημμα
3222 2522 3319 2593 τὴν
3337 2525 3436 2593 τῆς
3455 2523 3715 2586 ἀσεϐείας

2153 2605 2316 2661 αὑτοῦ
2351 2606 2681 2677 κατηγορίαν
2726 2606 2810 2675 ἐφ’
2847 2605 3020 2676 ἑαυτῷ
3075 2608 3466 2670 κατασκευάζει
3497 2609 3568 2678 ’ἢ
3611 2610 3724 2678 γὰρ

2151 2700 2390 2768 ἀρνεῖται
2423 2697 2649 2751 καθόλου
2686 2697 2817 2751 Θεὸν
2858 2693 2993 2750 εἶναι
3031 2697 3119 2750 τὸν
3140 2698 3412 2768 Μονογενῆ
3443 2699 3608 2752 Θεοῦ·
3635 2700 3725 2754 ἵνα

2151 2791 2356 2862 φυλάξῃ
2388 2791 2465 2860 τῷ
2509 2790 2683 2861 Πατρὶ
2723 2790 2783 2842 τὸ
2828 2791 2886 2842 ἐν
2932 2793 2993 2860 τῇ
3035 2789 3244 2858 θεότητι
3284 2790 3418 2860 πρὸς
3455 2791 3545 2843 τὸν
3592 2791 3722 2844 Υἱὸν

2150 2879 2508 2950 ἀκοινώνητον
2540 2896 2555 2910 ⁸
2592 2880 2685 2934 καὶ
2714 2879 2800 2933 διὰ
2833 2879 3024 2932 τούτου
3067 2880 3388 2950 παραϐάτης
3413 2881 3714 2951 ἐλέγχεται,

2149 2971 2240 3024 τὸν
2280 2971 2409 3023 Θεὸν
2449 2970 2558 3023 τῶν
2599 2969 2939 3040 Χριστιανῶν
2972 2971 3386 3040 ἀρνηιτάμενος⁹
3419 2970 3452 3040 ἢ
3495 2975 3543 3024 εἰ
3600 2972 3717 3039 δοίη

2149 3065 2396 3116 κάκεῖνον
2419 3059 2557 3116 εἶναι
2588 3062 2719 3121 Θεὸν
2748 3062 2884 3115 κατά
2916 3061 3011 3132 τὴν
3041 3061 3200 3130 φύσιν
3227 3061 3304 3131 τῷ
3330 3061 3562 3132 ἀληθινῷ
3593 3061 3714 3130 Θεῷ

2151 3153 2224 3224 μὴ
2279 3152 2671 3222 συμϐαίνοντα,
2701 3151 2915 3220 ἀνάγκη
2949 3152 3094 3203 πᾶσα
3147 3150 3308 3205 αὑτὸν
3344 3151 3506 3214 Θεοὺς
3542 3168 3715 3222 πρεσ-

2148 3244 2345 3306 ϐεύειν,
2380 3243 2678 3314 ὁμολογεῖν,
2710 3247 2774 3311 τῇ
2805 3244 3033 3313 διαφορᾷ
3080 3243 3186 3295 τῶν
3235 3243 3448 3311 φύτεων
3501 3245 3593 3297 ἀπ’
3631 3245 3710 3296 ἀλ.

2145 3337 2318 3408 λήλων
2346 3336 2768 3406 διεσχισμένους.
2803 3335 3034 3388 Ἐλέσθω
3072 3337 3274 3389 τούτων
3316 3337 3346 3389 ὃ
3385 3337 3650 3405 βούλεται,
3683 3337 3716 3406 ἧ

2147 3428 2424 3499 ἀρνεῖσθαι
2471 3428 2564 3480 τοῦ
2618 3428 2746 3481 Υἱοῦ
2804 3428 3067 3496 θεότητα,
3098 3429 3130 3494 ἢ
3179 3427 3344 3490 Θεοὺς
3403 3429 3720 3497 ἐπεισάγειν

2146 3519 2223 3590 τῷ
2252 3520 2479 3589 δόγματι
2503 3535 2516 3549 ·
2540 3519 2674 3588 ὅπερ
2707 3519 2816 3589 γὰρ
2847 3518 2911 3571 ἂν
2939 3518 3128 3587 ἕληται
3170 3518 3391 3584 τούτων,
3419 3514 3534 3572 ἶσόν
3568 3522 3719 3573 ἐστιν

2147 3611 2226 3674 εἰς
2247 3610 2517 3664 ἀσέϐειαν.
2554 3611 2744 3680 Ἡμεῖς
2776 3610 2884 3679 γὰρ
2907 3610 3056 3681 παρά
3077 3609 3184 3662 τῶν
3212 3610 3581 3664 θεοπνεύστων
3614 3613 3716 3680 τῆς

2146 3703 2368 3772 Γραφῆς
2424 3701 2595 3769 λόγων
2663 3699 3212 3771 μυσταγωγούμενοι,
3265 3701 3384 3771 οὐχ).
3431 3705 3716 3757 κοινωνίαν

2147 3791 2396 3860 θεότητος
2422 3791 2634 3862 ὁρῶμεν
2664 3791 2720 3842 έν
2755 3791 2930 3860 Πατρὶ
2978 3790 3073 3842 καὶ
3121 3790 3254 3860 Υἱῴ.
3281 3791 3395 3842 ἀλλ’
3443 3793 3673 3862 ἑνότητα
3698 3810 3712 3822 ’

2144 3883 2302 3936 τοῦτο
2328 3882 2422 3936 τοῦ
2452 3883 2721 3936 Δεσπότου
2744 3881 2831 3934 διὰ
2854 3881 2962 3933 τῶν
2995 3881 3140 3935 ἰδίων
3169 3881 3342 3950 λόγων
3382 3882 3714 3950 διδάξαντος,

2145 3975 2202 4026 ἐν
2230 3967 2310 4036 οἷς
2338 3989 2479 4044 φησν
2498 4013 2511 4037 ,
2557 3973 2696 4040 Ἐγὼ
2733 3974 2830 4026 καὶ
2870 3977 2903 4027 ό
2927 3973 3128 4040 Πατὴρ
3151 3973 3220 4026 ἓν
3243 3975 3430 4042 ἐσμέν
3459 3992 3472 4005 ι
3501 3975 3595 4027 καὶ
3632 3975 3716 4029 ὅτι

2156 4065 2218 4117 '0
2254 4064 2522 4140 ἑωρακὼς
2560 4063 2664 4131 ἐμὲ
2709 4063 2926 4131 ἑώρακε
2969 4064 3076 4117 τόν
3105 4066 3351 4132 Πατέρα.
3391 4067 3453 4118 Et
3483 4067 3592 4137 γὰρ
3638 4067 3716 4137 μὴ

2143 4157 2239 4227 τῆς
2271 4157 2440 4224 αὐτῆς
2467 4151 2534 4226 ἦν
2557 4155 2788 4223 φύσεως,
2835 4155 2950 4218 πῶς
2985 4155 3052 4209 ἂν
3082 4157 3114 4227 ἦ
3153 4156 3306 4226 ἔσχεν
3335 4159 3392 4208 ἐν
3431 4157 3612 4228 ἑαυτῷ
3649 4159 3714 4209 τὸ

2144 4247 2440 4316 ἀλλότριον,
2473 4247 2504 4317 ἢ
2537 4247 2655 4309 πῶς
2682 4246 2747 4299 ἂν
2778 4246 2974 4312 ἔδειξεν
2996 4247 3080 4314 ἐφ’
3109 4246 3300 4316 ἑαυτοῦ
3333 4247 3394 4299 τὸ
3420 4248 3672 4318 ἀνόμοιον
3693 4289 3712 4313 ,

474 4331 620 4402 quod
662 4343 746 4386 est
784 4333 1091 4399 dissimile;
1137 4340 1358 4386 externa
1393 4342 1444 4387 et
1487 4335 1662 4389 aliena
1705 4345 1897 4390 natura
1928 4353 2035 4391 non

2153 4337 2225 4408 μὴ
2266 4337 2557 4408 δεχομένης
2589 4338 2685 4406 τῆς
2726 4336 2879 4406 ξένης
2917 4354 2975 4390 τε
3031 4338 3123 4390 καὶ
3173 4337 3454 4406 ἀλλοτρίας
3497 4339 3712 4424 φύσεως

473 4424 778 4493 excipiente
825 4424 1025 4478 diversi
1086 4423 1302 4493 generis
1340 4423 1711 4480 characterem
1757 4428 1870 4481 sive
1926 4425 2038 4479 for-

473 4515 656 4567 tnam?
704 4513 843 4567 Dicit
894 4522 1072 4567 autem
1115 4513 1257 4582 quod
1298 4514 1482 4582 gloria:
1553 4517 1873 4583 partiarium
1924 4518 2037 4570 sive

472 4603 681 4657 socium
723 4619 826 4656 non
887 4602 1036 4654 habet
1075 4614 1091 4652 :
1127 4601 1230 4654 hoc
1279 4612 1458 4655 autem
1505 4612 1564 4655 ut
1601 4619 1660 4656 se
1688 4602 1848 4656 habet
1878 4604 2033 4668 dicit,

471 4691 688 4745 tametsi
736 4690 942 4743 nesciat
983 4689 1111 4757 quid
1147 4689 1293 4741 dicat
1328 4707 1340 4741 ;
1373 4705 1480 4742 non
1510 4691 1654 4743 enim
1699 4689 1869 4746 Filius
1909 4709 2031 4746 cum

468 4779 630 4832 Patre
663 4780 892 4850 gloriam
928 4780 1178 4849 partitur.
1220 4780 1316 4834 sed
1365 4789 1534 4834 totam
1561 4796 1684 4834 cum
1723 4781 1879 4837 Patre
1913 4785 2029 4853 glo-

467 4873 603 4926 riam
654 4873 841 4934 habet,
879 4873 1020 4926 sicttt
1064 4872 1227 4924 etiam
1282 4871 1440 4924 Pater
1470 4887 1683 4924 omnem
1728 4889 1849 4927 cum
1888 4873 2023 4929 Filio

467 4964 630 5018 habet
678 4965 926 5034 glutiam.
986 4963 1075 5016 Sic
1120 4964 1261 5016 enim
1299 4963 1436 5017 dixit
1480 4965 1546 5017 ad
1597 4965 1831 5030 Patrem,
1882 4967 2026 5038 quod

465 5053 662 5110 Omnia
723 5069 837 5106 mea
875 5063 966 5105 tua
1005 5063 1146 5115 sunt,
1179 5063 1226 5106 et
1263 5064 1352 5106 tua
1410 5071 1525 5108 mea
1570 5055 1634 5112 ⁸⁵.
1685 5055 1916 5127 Ideoque
1972 5062 2024 5111 in

463 5155 706 5216 tempore
729 5145 921 5215 judicii
954 5145 1193 5213 seipSum
1245 5148 1618 5214 appariturum
1663 5165 1785 5204 esse
1818 5151 1871 5202 in
1907 5151 2026 5219 glo-

462 5240 540 5292 ria
582 5237 762 5291 Patris
809 5235 1044 5290 affirmat
1073 5237 1137 5301 3“,
1187 5252 1309 5290 cum
1342 5240 1655 5293 redditurus
1707 5249 1792 5295 est
1823 5241 2025 5310 cuique

459 5331 761 5385 secundum
813 5345 976 5399 opera
1018 5345 1154 5396 sua;
1211 5330 1310 5384 hac
1363 5341 1540 5385 autem
1589 5348 1720 5386 voce
1768 5332 2023 5386 unionem

460 5431 668 5478 natura:
700 5423 1059 5477 demonstrat.
1092 5423 1557 5487 Quemadmodum
1596 5425 1737 5477 enim
1770 5424 1874 5478 alia
1907 5426 2024 5494 glo-

2139 4429 2228 4482 τὸν
2263 4429 2356 4482 τοῦ
2387 4427 2734 4500 ἑτερογενοῦς
2764 4427 3086 4498 χαρακτῆρα
3119 4444 3132 4491 ;
3163 4428 3322 4494 Λέγει
3355 4427 3410 4480 δὲ
3445 4429 3526 4480 ὅτι
3570 4430 3712 4482 οὐδὲ

2131 4522 2381 4589 μερίτην
2406 4520 2530 4588 ἔχει
2561 4519 2668 4586 τῆς
2697 4518 2901 4585 δόξης.
2944 4517 3114 4570 Τοῦτο
3139 4518 3196 4570 δὲ
3221 4518 3295 4580 ὡς
3325 4517 3436 4588 ἔχει
3461 4518 3628 4586 λέγει,
3659 4521 3710 4571 εί

2137 4613 2231 4664 καὶ
2259 4611 2332 4681 μὴ
2364 4608 2501 4664 οἶδεν
2527 4610 2554 4662 ὃ
2583 4610 2760 4677 λέγει·
2803 4610 2862 4662 οὑ
2895 4609 3001 4679 γὰρ
3048 4609 3326 4679 μερίζεται
3350 4611 3378 4661 ὁ
3407 4599 3534 4672 Υἱὸς
3571 4610 3709 4680 πρὸς

2136 4703 2225 4755 τὸν
2260 4702 2475 4772 Πατέρα
2517 4700 2614 4771 τὴν
2665 4697 2851 4764 δόξαν,
2891 4699 3002 4752 ἀλλ’
3055 4699 3181 4769 ὅλην
3215 4700 3324 4769 ἔχει
3363 4699 3454 4752 τοῦ
3495 4699 3707 4770 Πατρὸς

2132 4793 2228 4863 τὴν
2256 4793 2430 4855 δόξαν,
2463 4794 2536 4854 ὡς
2568 4792 2658 4844 καὶ
2678 4793 2704 4844 ὁ
2736 4792 2924 4865 Πατὴρ
2963 4793 3140 4843 πᾶσαν
3180 4790 3291 4860 ἔχει
3325 4789 3416 4843 τοῦ
3446 4789 3572 4842 Υἰοῦ
3606 4791 3707 4859 τὴν

2132 4885 2307 4948 δόξαν.
2351 4883 2535 4946 Οὕτως
2561 4884 2668 4953 γὰρ
2697 4878 2815 4934 εἷπε
2851 4882 2983 4952 πρὸς
3011 4881 3102 4933 τὸν
3140 4882 3472 4950 Πατέρα,ὅτι
3503 4880 3708 4933 Πάντα

2131 4973 2204 5026 τὰ
2231 4971 2342 5040 ἐμὰ
2385 4971 2467 5024 σά
2497 4972 2686 5033 ἐστιν,
2717 4969 2813 5023 καὶ
2856 4969 2927 5022 τὰ
2975 4968 3055 5022 σὰ
3097 4967 3226 5036 ἐμά.
3268 4969 3356 5020 Διὸ
3397 4967 3491 5020 καὶ
3539 4970 3596 5021 ὲν
3625 4968 3706 5032 τῷ

2132 5063 2308 5134 καιρῷ
2325 5064 2423 5131 τῆς
2444 5063 2676 5133 κρίσεως
2699 5059 3127 5130 ἐπιφανήσεσθαι
3154 5059 3342 5112 ἑαυτόν
3373 5075 3536 5130 φησιν
3551 5061 3608 5113 ἐν
3636 5063 3701 5129 τῇ

2130 5155 2257 5224 δόξῃ
2283 5153 2374 5205 τοῦ
2404 5153 2613 5222 Πατρός
2633 5170 2645 5181 ·
2675 5153 2761 5204 ὅτε
2794 5150 2972 5220 μέλλει
3006 5151 3308 5203 ἀποδιδόναι
3329 5152 3543 5221 ἑκάστῳ
3565 5141 3704 5204 κατᾶ

2134 5244 2201 5296 τὰ
2235 5243 2368 5313 ἔργα
2398 5241 2582 5295 αὑτοῦ.
2611 5242 2856 5294 Δείκνυσι
2890 5241 2944 5293 δὲ
2976 5241 3061 5294 διὰ
3097 5243 3192 5310 τῆς
3218 5243 3400 5309 φωνῆς
3418 5241 3620 5308 ταύτης
3645 5240 3704 5292 τὸ

2131 5334 2408 5404 ἡνωμένον
2439 5334 2535 5402 τῆς
2557 5334 2790 5400 φύσεως.
2833 5332 2920 5393 Ὠς
2965 5331 3072 5401 γάρ
3101 5329 3232 5400 ἄλλη
3260 5331 3386 5397 δόξα
3424 5330 3704 5400 ἡλίου,καὶ

2132 5425 2263 5496 ἄλλη
2295 5424 2416 5488 δόξα
2437 5425 2660 5494 σελήνης
2678 5441 2689 5452 ·
2712 5423 2798 5476 διὰ
2826 5422 2886 5474 τὸ
2909 5421 2983 5492 μὴ
3009 5422 3318 5492 συμϐαίνειν
3346 5423 3479 5493 πρὸς
3500 5422 3701 5492 ἄλληλα

528 5598 572 5629 ⁸⁸
619 5597 661 5652 ιι
707 5601 828 5651 (Lor.
880 5616 951 5662 vt,
1009 5600 1088 5664 Ην,
1145 5599 1227 5652 15.
1307 5599 1349 5629 ⁸³
1397 5597 1553 5651 Joan.
1613 5616 1664 5667 χ,
1724 5602 1809 5656 '50.
1886 5603 1930 5634 “
1979 5601 2042 5656 Jo

2189 5619 2300 5666 ιιν,
2355 5603 2407 5656 9.
2483 5602 2526 5632 ⁸³
2560 5599 2714 5656 Joan.
2749 5617 2878 5666 xvtt,
2937 5601 3016 5654 l0.
3094 5601 3138 5633 ⁸⁶
3192 5601 3375 5655 Matth.
3433 5616 3557 5665 xxv,
3607 5601 3698 5658 5!.
