4064 6146
340 241 441 294 £85

1489 222 1764 279 CONTRA
1802 218 2191 284 EUNOMIUM,
2237 218 2360 272 [ιιι.
2404 217 2466 272 ll.

3487 223 3508 272 4
3518 221 3584 276 86

338 359 445 411 τῶν
476 352 749 425 στοιχείων
781 351 874 420 τὴν
901 350 1057 419 φύσιν
1092 365 1104 378 ·
1139 349 1212 412 ὡς
1249 349 1296 401 εἴ
1327 362 1386 412 γε
1420 345 1452 414 ἠ
1486 343 1622 413 αὐτὴ
1658 342 1782 406 δόξα
1821 339 1905 393 ἐπ’
1939 378 1948 405 ι

2046 338 2089 389 ia
2139 337 2254 389 sive
2307 336 2530 390 claritas
2583 333 2738 399 solis,
2777 335 2877 386 alia
2930 335 3071 388 lunae
3114 335 3180 399 ⁸⁷,
3221 337 3348 405 quia
3391 337 3582 391 horum

341 449 665 522 ἀμφοτέρων
688 443 774 517 ἦν,
792 447 891 498 οῦκ
930 445 994 499 ἄν
1024 461 1107 506 τις
1132 438 1359 512 διαφπρᾶι
1383 437 1479 506 τῆς
1504 436 1715 506 φύσεως
1737 433 1914 522 αὐτῷν

343 521 635 610 ἐνομίσθη·
666 534 835 598 οὕτως
863 537 890 588 6
942 532 1132 586 ἐαυτὸν
1183 531 1239 582 ὲν
1281 531 1347 599 τῇ
1388 526 1479 580 τοῦ
1530 524 1740 596 Πατρός
1791 521 1916 592 δόξῃ

346 625 681 698 φανήσεσθαι
715 621 1010 694 προειπὼν,
1043 619 1209 684 ἔδειξε
1238 618 1324 671 διὰ
1360 617 1458 685 τῆς
1481 615 1618 668 κατὰ
1643 613 1740 682 τὴν
1760 611 1916 676 δόξαν

345 719 698 787 ταυτότητος,
735 715 832 785 τὴν
867 713 1149 767 κοινωνίαν
1183 711 1280 779 τῆς
1319 708 1550 777 φύσεως.

417 974 494 1025 Τὸ
541 971 615 1042 μὴ
655 969 940 1040 σύνθρονον
978 969 1074 1037 τῆς
1125 967 1398 1036 βασιλείας
1431 965 1609 1033 λέγειν
1655 958 1792 1016 εἶναι
1842 961 1919 1031 τῷ

350 1067 525 1135 Πατρὶ
560 1063 651 1115 τὸν
687 1061 834 1123 Υίὸν,
875 1060 1074 1130 πολλὴν
1118 1057 1490 1129 μαρτυρεῖτῷ
1534 1057 1782 1124 Εὐνομίῳ
1823 1052 1920 1123 τὴν

351 1155 458 1206 τῶν
479 1153 638 1206 θείων
665 1151 857 1218 λογίων
887 1150 1132 1219 μελέτην,
1161 1149 1218 1212 ὃς
1250 1149 1312 1200 ἐκ
1337 1151 1436 1217 τῆς
1477 1147 1614 1214 ἄγαν
1649 1143 1917 1216 προσοχῆς

351 1245 457 1297 τῶν
497 1241 863 1296 θεοπνεύστων
918 1239 1167 1310 Γραφῶν,
1207 1237 1359 1291 οὔπω
1403 1236 1654 1308 ἤκουσεν,
1698 1238 1777 1288 ὅτι
1846 1233 1920 1288 Τὰ

353 1337 475 1390 ἀνω
496 1332 784 1402 φρονεῖτε,
812 1327 881 1386 οὗ
917 1334 948 1383 ό
983 1333 1235 1398 Χριστός
1279 1331 1447 1382 ἐστιν
1489 1330 1556 1381 ἐν
1599 1325 1768 1391 δεξιᾷ
1814 1324 1920 1378 τοῦ

355 1423 585 1491 Πατρός
629 1420 990 1489 καθήμενος,
1047 1422 1142 1473 καὶ
1189 1422 1265 1473 ὅτι
1318 1423 1375 1473 ὲν
1413 1419 1561 1490 δεξιᾷ
1599 1418 1692 1471 τοῦ
1733 1417 1919 1488 θρόνου

355 1511 447 1564 τοῦ
477 1511 610 1564 Θεοῦ
636 1511 944 1564 κεκάθικεν·
976 1512 1067 1563 καὶ
1105 1510 1237 1562 ἄλλα
1263 1510 1487 1563 τοιαῦτα
1509 1508 1699 1568 πολλὰ,
1727 1501 1800 1560 ὧν
1825 1507 1923 1559 οῦκ

359 1603 424 1657 ἂν
457 1602 652 1673 ῥᾳδίως
683 1613 764 1659 τις
785 1596 846 1649 τὸ
867 1597 1066 1668 πλῆθος
1097 1598 1530 1669 ὲξαριθμήσειεν·
1559 1599 1701 1669 ἆπερ
1759 1598 1924 1668 μήπω

2016 426 2403 479 elementorum
2456 433 2649 476 natura
2695 421 2799 475 sibi
2851 421 3081 476 invicem
3115 437 3223 475 non
3257 423 3583 477 conveniat:

2016 515 2164 584 quod
2211 513 2255 567 si
2314 513 2597 566 amborum
2640 512 2827 566 eadem
2865 523 3010 568 esset
3041 513 3234 583 gloria,
3268 515 3413 567 nulla
3442 515 3588 584 ipso-

2018 619 2136 656 rum
2175 612 2382 655 naturae
2417 610 2706 671 putaretur
2737 601 3071 659 diﬂeretitia:
3104 603 3184 657 sic
3229 605 3320 673 qui
3348 605 3586 673 seipsum

2020 694 2072 747 in
2126 692 2300 745 Patris
2334 692 2506 762 gloria
2546 692 2798 762 prmdixit
2867 695 3266 762 appariturum,
3319 711 3416 765 per
3450 697 3588 750 hanc

2018 785 2259 838 eamdem
2315 783 2542 853 gloriam
2611 791 2820 837 naturte
2863 788 3301 840 communionem
3351 787 3590 840 demon-

2021 874 2234 927 stravit.

2093 962 2282 1015 Dicere
2319 970 2496 1014 autem
2528 960 2722 1016 Filium
2776 980 2883 1017 non
2921 979 3043 1020 esse
3087 969 3236 1036 regni
3274 983 3395 1022 cum
3430 967 3592 1025 Patre

2022 1068 2418 1118 consessorem,
2465 1054 2565 1106 hoc
2616 1055 2803 1122 probat
2855 1070 3018 1124 quam
3060 1057 3130 1112 sit
3179 1058 3480 1114 Eunomius
3539 1063 3590 1116 in

2023 1143 2227 1197 divinis
2269 1143 2505 1212 eloquiis
2557 1146 2910 1211 exercitatus,
2965 1148 3057 1215 qui
3111 1166 3176 1203 ex
3236 1152 3402 1204 nimia
3457 1153 3594 1206 divi-

2022 1234 2172 1288 nitus
2224 1235 2612 1302 inspiratarum
2660 1236 3064 1304 Scripturarum
3107 1242 3406 1295 attentione
3449 1260 3590 1296 non-

2024 1325 2151 1378 dum
2187 1325 2448 1383 audivit:
2503 1324 2633 1390 Qua:
2671 1342 2881 1378 sursum
2929 1338 3049 1380 sunt
3081 1332 3266 1397 sapite,
3302 1331 3388 1384 ubi
3434 1309 3592 1387 Citri-

2024 1424 2136 1467 stus
2181 1422 2256 1466 est
2297 1412 2365 1464 ad
2406 1413 2676 1466 dexteram
2717 1412 2894 1467 Patris
2933 1415 3115 1469 sedens
3143 1418 3213 1482 ⁸⁸,
3249 1430 3300 1472 et
3347 1423 3490 1490 quod
3527 1424 3593 1477 ad

2025 1503 2299 1558 dexteram
2345 1504 2529 1557 throni
2569 1503 2658 1558 Dei
2705 1506 2988 1572 consedit,
3027 1510 3304 1579 multaque
3338 1513 3440 1566 alia
3476 1530 3598 1584 quae

2027 1601 2156 1648 sunt
2191 1593 2480 1662 ejusmodi,
2532 1610 2763 1663 quorum
2821 1597 3226 1652 multitudinem
3275 1618 3381 1656 non
3439 1603 3599 1660 facile

361 1689 544 1757 μαθὼν
587 1689 616 1740 ὁ
663 1687 924 1756 Εὑνόμιος
971 1687 1317 1757 ἀπαγορεύει
1343 1688 1623 1758 σύνθρονον
1666 1686 1803 1740 εἶναι
1850 1687 1926 1758 τῷ

2046 1685 2151 1752 ruis
2205 1688 2582 1740 recensuerit:
2643 1701 2763 1755 quae
2820 1701 2941 1740 cum
2999 1691 3240 1743 nondum
3297 1692 3597 1752 Eunomius

358 1778 536 1847 Πατρὶ
567 1778 656 1829 τὸν
683 1776 830 1830 Υίόν.
864 1777 935 1829 Τὸ
967 1777 1022 1828 δὲ
1057 1778 1356 1847 σύγκληρον
1376 1779 1474 1848 τῆς
1504 1779 1766 1844 ἐξουσίας,
1796 1779 1930 1849 μᾶλ-

363 1870 450 1922 λον
486 1871 559 1928 ὡς
594 1869 817 1938 ἀνόητον
855 1869 1230 1940 παραδραμεῖν
1261 1870 1386 1941 χρὴ,
1430 1871 1462 1940 ἢ
1490 1872 1564 1934 ὡς
1595 1871 1786 1934 ἀσεϐὲς
1822 1871 1930 1924 διε-

363 1961 567 2030 λέγξαι.
595 1961 723 2014 Τίνα
749 1959 856 2032 γὰρ
874 1962 1108 2014 διάνοιαν
1133 1961 1386 2033 ἔχειήτοῦ
1404 1961 1927 2032 συγκλήρουλέξις,

366 2055 431 2106 ἐκ
462 2054 559 2122 τῆς
603 2055 784 2124 κοινῆς
831 2052 924 2106 τοῦ
967 2053 1125 2121 λόγου
1179 2057 1594 2123 καταχρήσεως,
1643 2051 1740 2102 οὐκ
1788 2051 1932 2102 ἔστιν

367 2145 562 2213 εὑρεῖν.
605 2143 736 2196 Ἐπί
765 2142 873 2196 τὸν·
900 2143 1214 2212 ἱματισμὸν
1242 2144 1352 2196 τοῦ
1383 2141 1596 2209 Κυρίου
1625 2140 1934 2203 ,ϐάλλουσι

368 2233 615 2302 κλῆρον,
653 2232 834 2297 καθὼς
879 2235 1132 2305 ήΓραφὴ
1165 2235 1353 2302 λέγει,
1409 2235 1454 2285 oi
1499 2231 1572 2301 μὴ
1625 2230 1934 2300 βουλόμενοι

368 2327 637 2397 διασχίσαι
679 2328 768 2381 τὸν
814 2329 1126 2381 δεσποτικὸν
1175 2329 1408 2397 χιτῶνα,
1459 2326 1569 2378 ἀλλ’
1606 2325 1722 2386 ἑνὸς
1755 2323 1935 2377 αὐτῶν

372 2417 592 2485 ποιῆσαι
636 2418 852 2487 κτῆμα,
883 2411 926 2484 ᾧ
951 2417 1016 2471 ἂν
1060 2419 1087 2470 ὁ
1117 2418 1315 2488 κλῆρος
1337 2417 1644 2487 χαρίσηται.
1671 2414 1732 2465 υἱ
1763 2412 1936 2464 τοίνυν

367 2509 506 2580 πρὸς
551 2507 812 2577 ἀλλήλους
860 2508 1000 2578 ὑπὲρ
1050 2508 1144 2561 τοῦ
1200 2509 1420 2579 χιτῶνος
1464 2502 1935 2572 διακληρούμενοι,

372 2598 623 2652 δύνανται
661 2596 788 2659 ἴσως
829 2596 1124 2666 σύγκληροι
1143 2583 1414 2663 λέγεσθαι.
1433 2595 1450 2614 ¹
1474 2592 1735 2646 Ἐνταῦθα
1759 2591 1815 2643 δὲ
1847 2589 1940 2642 ἐπὶ

373 2687 465 2739 τοῦ
494 2686 704 2755 Πατρός
745 2685 837 2738 καὶ
869 2684 962 2738 τοῦ
1001 2684 1128 2738 Υἱοῦ
1164 2685 1256 2736 καὶ
1292 2684 1383 2736 τοῦ
1415 2683 1566 2749 ἁγίου
1606 2678 1936 2747 Πνεύματος,

375 2780 432 2830 ἐν
459 2780 526 2847 τῇ
557 2777 716 2844 φύσει
754 2773 918 2844 οὔσης
947 2775 1042 2846 τῆς
1082 2772 1344 2838 ἐξουσίας.
1380 2770 1451 2823 Τό
1478 2787 1535 2822 τε
1565 2769 1672 2836 γὰρ
1705 2761 1942 2834 Πνεῦμα

375 2869 443 2923 τὸ
494 2867 663 2936 ἅγιον
710 2867 861 2921 ὅπου
918 2867 1073 2920 θέλει
1118 2865 1287 2918 πνεῖ·
1341 2862 1432 2914 καὶ
1465 2863 1641 2914 πάντα
1686 2863 1741 2912 ἐν
1781 2860 1943 2911 πᾶσιν

378 2960 592 3030 ἐνεργεῖ
625 2957 805 3020 καθὼς
844 2955 1087 3026 βούλεται
1107 2998 1121 3019 ,
1169 2956 1261 3007 καὶ
1288 2958 1315 3007 6
1344 2953 1467 3016 Υἱὸς
1494 2952 1558 3004 δι’
1591 2944 1651 3004 οὗ
1678 2952 1744 3003 τὰ
1768 2951 1943 3002 πάντα

2028 1775 2308 1837 didicerit,
2360 1786 2520 1846 negat
2559 1775 2754 1830 Filium
2797 1779 2962 1833 simul
3012 1795 3134 1834 cum
3183 1781 3343 1839 Patre
3387 1790 3596 1843 sedere.

2030 1863 2143 1918 Hoc
2186 1873 2388 1932 autem,
2441 1870 2725 1937 potestatis
2779 1882 3108 1939 consortem,
3153 1876 3324 1944 magis
3372 1887 3428 1931 ut
3469 1879 3600 1948 quid

2030 1954 2315 2011 dementiae
2385 1973 2450 2012 ac
2503 1957 2704 2014 furoris
2759 1962 2938 2017 simile
2995 1979 3313 2032 percurrere
3363 1978 3600 2038 oportet,

2031 2062 2192 2116 quam
2234 2057 2292 2101 ut
2328 2048 2550 2118 impium
2592 2061 2646 2103 et
2677 2054 3000 2122 sacrilegum
3039 2058 3388 2128 redarguere.
3427 2061 3598 2126 Quam

2031 2139 2174 2192 enim
2223 2140 2544 2194 sententiam
2572 2141 2735 2196 habet
2766 2145 3093 2217 συγκλήρου,
3131 2153 3408 2216 consortis,
3431 2154 3600 2208 dictio

2032 2244 2099 2284 ex
2161 2231 2439 2284 communi
2501 2233 2768 2288 orationis
2821 2239 3264 2306 nuncupatione,
3316 2258 3422 2296 non
3476 2246 3602 2298 licet

2034 2320 2300 2375 invenire.
2345 2317 2512 2378 Super
2542 2318 2902 2372 vestimentum
2949 2321 3162 2376 Domini
3208 2323 3458 2378 miserunt
3486 2342 3609 2380 sor--

2041 2416 2166 2469 tem,
2217 2405 2362 2460 sicut
2415 2403 2699 2472 Scriptura
2751 2406 2995 2474 loquitur
3029 2407 3094 2468 ⁸³,
3162 2410 3254 2478 qui
3312 2412 3605 2466 noluerunt

2039 2494 2276 2547 tunicam
2324 2492 2538 2546 Domini
2593 2493 2928 2560 discindere,
2987 2497 3083 2550 sed
3139 2500 3303 2553 unius
3358 2501 3601 2570 ipsorum

2040 2597 2151 2635 rem
2200 2584 2476 2652 propriam
2533 2583 2732 2649 facere,
2779 2587 2866 2638 cui
2927 2603 3048 2642 sors
3089 2590 3324 2656 gratuito
3375 2592 3607 2648 dederit.

2040 2675 2120 2728 Illi
2155 2675 2325 2745 igitur
2370 2675 2461 2745 qui
2500 2691 2596 2745 pro
2635 2677 2823 2730 tunica
2872 2678 3011 2732 inter
3065 2696 3124 2734 se
3174 2690 3374 2736 sortem
3431 2685 3610 2738 mitte-

2040 2767 2191 2832 bant,
2243 2766 2352 2820 dici
2404 2775 2634 2836 possunt
2689 2767 3006 2839 σύγκληροι,
3044 2784 3347 2826 consortes.
3387 2774 3482 2828 llic
3516 2793 3614 2830 au-

2042 2864 2150 2911 tem
2204 2858 2428 2911 minime
2466 2858 2573 2912 dici
2621 2867 2796 2928 potest
2845 2860 2898 2913 in
2931 2859 3090 2916 Patre
3135 2873 3186 2916 et
3217 2863 3356 2917 Filio
3411 2873 3464 2920 et
3492 2866 3615 2936 Spi—

2044 2949 2151 3001 ritu
2201 2956 2414 3012 sancto,
2468 2965 2591 3002 cum
2642 2952 2903 3019 aequalem
2948 2953 3000 3004 in
3055 2954 3218 3008 rebus
3265 2957 3462 3012 creatis
3513 2959 3613 3011 ha-

379 3010 596 3117 ἐγένετο
641 3010 813 3119 ὁρατα
844 3010 923 3099 ,τε
967 3049 1060 3100 καὶ
1093 3010 1293 3116 ἀόρατα
1342 3048 1398 3097 ἐν
1431 3010 1542 3106 ⁴ἑοῖς
1571 3045 1818 3114 οὐρανοῖς
1855 3043 1946 3094 καὶ

2046 3037 2207 3091 beant
2256 3046 2597 3106 potestatem.
2645 3010 2776 3092 Nam
2829 3039 3055 3108 Spiritus
3109 3055 3322 3098 sanctus
3361 3049 3449 3099 ubi
3503 3049 3615 3102 vult

381 3139 473 3191 ἐπὶ
505 3138 601 3208 τῆς
633 3137 738 3207 γῆς
758 3175 772 3200 ,
803 3138 982 3192 πάντα
1013 3139 1110 3190 ὅσα
1143 3137 1404 3207 ἠθέλησεν
1437 3136 1657 3205 ἐποίησε
1680 3151 1692 3164 ·
1728 3134 1820 3186 καὶ
1858 3131 1950 3195 οὓς

384 3231 524 3284 θέλει
558 3227 840 3293 ζωοποιεῖ·
889 3228 982 3281 καὶ
1037 3231 1069 3282 o’
1115 3227 1315 3295 Πατὴρ
1350 3227 1419 3278 ἑν
1445 3224 1520 3294 τῇ
1557 3226 1675 3291 ἰδίᾳ
1699 3223 1952 3290 ἐξουσίᾳ

383 3321 524 3387 τοὺς
543 3323 799 3390 χρόνους
829 3318 994 3372 ἔθετο
1012 3357 1026 3382 ,
1057 3318 1164 3371 ἀπὸ
1193 3318 1298 3371 τῶν
1324 3318 1525 3388 χρόνων
1547 3316 1622 3376 δὲ,
1653 3317 1747 3369 καὶ
1777 3315 1952 3368 πάντα

385 3411 453 3465 τὰ
486 3414 542 3466 ἐν
583 3409 660 3479 τῷ
687 3409 863 3480 χρόνῳ
904 3406 1274 3476 γεγενημένα,
1309 3405 1534 3477 νοοῦμεν
1577 3403 1711 3458 εἶναι
1739 3404 1814 3474 τῷ
1843 3407 1953 3457 Πα-

387 3502 474 3573 τρὶ
509 3499 820 3566 ὑπεξούσια.
862 3497 923 3550 Et
961 3494 1054 3552 οὖν
1096 3499 1152 3552 ἐν
1174 3496 1390 3568 ἐξουσίᾳ
1427 3497 1520 3549 τοῦ
1562 3500 1732 3550 ποιεῖν
1762 3495 1798 3549 ἃ
1831 3495 1953 3565 βού-

389 3593 564 3646 λονται
592 3594 620 3645 6
664 3589 849 3660 Πατὴρ
883 3590 975 3644 καὶ
1012 3591 1041 3642 6
1067 3589 1212 3652 Υἱὸς,
1245 3589 1341 3642 καὶ
1361 3587 1421 3640 τὸ
1449 3586 1601 3656 ἅγιον
1631 3584 1854 3654 Πνεῦμα
1881 3582 1970 3657 ὡς.

393 3680 615 3751 εἴπομεν
648 3681 1054 3734 ἀποδέδεικται⁸
1105 3679 1225 3732 τίνα
1271 3678 1396 3732 νοῦν
1430 3679 1463 3748 ἡ
1505 3676 1599 3730 τοῦ
1652 3673 1956 3744 συγκλήρου

394 3771 491 3840 τῆς
535 3772 782 3838 ἐξουσίας
829 3771 972 3836 λέξις
1003 3770 1144 3840 ἔχεις
1179 3769 1429 3822 Κατιδεῖν
1461 3768 1560 3820 οὐκ
1588 3767 1760 3818 ἐστιν·
1795 3767 1823 3816 6
1852 3765 1958 3834 γὰρ

397 3861 607 3914 πάντων
629 3861 960 3931 κληρονόμος
978 3901 992 3924 ,
1021 3862 1049 3912 6
1073 3858 1178 3911 τῶν
1209 3856 1418 3912 αίώνων
1456 3855 1800 3926 δημιουργὸς,
1833 3857 1860 3906 6
1892 3855 1957 3924 τῇ

395 3951 517 4022 δόξῃ
565 3951 656 4004 τοῦ
687 3951 897 4022 Πατρὸς
938 3948 1363 4018 συνεκλάμπων,
1412 3947 1507 4000 καὶ
1547 3943 1961 4016 χαρακτηρίζων

396 4041 452 4093 ἐν
479 4037 654 4108 ἐαυτῷ
703 4038 797 4091 τοῦ
846 4037 1058 4107 Πατρὸς
1084 4035 1180 4108 τὴν
1224 4035 1550 4097 ὑπόστασιν,
1582 4034 1762 4087 πάντα
1808 4033 1906 4085 ὅσα
1934 4033 1962 4084 6

399 4129 584 4200 Πατὴρ
605 4129 763 4192 αὐτὸς
796 4128 926 4199 ἔχει,
957 4129 1048 4181 καὶ
1074 4129 1254 4198 πάσης
1285 4125 1529 4190 ἐξουσίας
1552 4123 1754 4194 Κύριός
1779 4124 1927 4175 ἐστιν
1947 4136 1959 4149 ’

396 4219 456 4270 οὐ
487 4217 882 4288 μεθισταμένης
920 4216 1026 4270 ἀπὸ
1067 4215 1160 4269 τοῦ
1209 4215 1417 4287 [ἰατρὸς
1453 4216 1530 4278 εἰς
1573 4214 1664 4266 τὸν
1702 4213 1828 4266 Υίὸν
1864 4211 1965 4282 τῆς

398 4306 582 4371 ἀξίας·
614 4306 750 4359 ἀλλὰ
787 4308 876 4359 καὶ
907 4307 1035 4378 παρ’
1069 4305 1217 4375 αύτῷ
1249 4303 1515 4375 μενούσης
1552 4303 1646 4357 καί¹
1681 4303 1740 4355 ἐν
1771 4300 1963 4372 ἐκείνῳ

399 4358 582 4467 olim-9'.
612 4398 679 4450 Ὅ
706 4414 762 4450 τε
791 4396 898 4468 γὰρ
928 4358 1086 4465 ἐνιτῷ
1102 4358 1274 4466 Πατρλ
1303 4393 1376 4446 ὢν
1403 4358 1538 4464 μετα
1567 4393 1745 4462 πάσης
1763 4358 1962 4461 δηλαδῆ
1995 4358 2038 4412 D

400 4489 497 4559 τῆς
521 4487 712 4542 ἐαυτοῦ
743 4487 1020 4558 δυνάμεώς
1055 4490 1201 4540 ἐστιν
1231 4489 1288 4539 ὲν
1326 4485 1403 4557 τῷ
1455 4482 1656 4556 Πατρί·
1700 4484 1794 4538 καὶ
1837 4483 1865 4535 6
1905 4483 1963 4536 ἐν

402 4581 577 4651 ἐαυτῷ
605 4582 696 4633 τὸν
729 4582 945 4653 Πατέρα
974 4580 1132 4650 ἔχων,
1167 4581 1344 4633 πᾶσαν
1369 4579 1609 4649 περιέχει
1634 4578 1731 4647 τὴν
1768 4575 1964 4645 πατρι-

405 4671 503 4742 κὴν
535 4672 782 4736 ἐξουσίαν
817 4673 909 4724 καὶ
941 4670 1186 4740 δύναμιν.
1222 4671 1382 4723 Ὄλον
1416 4669 1524 4739 γὰρ
1555 4668 1664 4738 ἔχει
1699 4670 1755 4722 ἐν
1789 4665 1966 4736 ἐαυτῷ

404 4762 492 4814 τὸν
522 4761 769 4832 Πατέρα·
801 4763 894 4814 καὶ
925 4762 1044 4831 οὐχὶ
1075 4761 1236 4832 μέρος
1262 4759 1444 4813 αὑτοῦ.
1489 4761 1546 4811 'U
1574 4758 1630 4810 δὲ
1666 4758 1784 4811 ὅλον
1830 4756 1967 4828 ἔχων

406 4855 495 4906 καὶ
540 4854 638 4924 τὴν
683 4853 929 4918 ἐξουσίαν
967 4851 1130 4906 αὑτοῦ
1175 4852 1392 4914 πάντως
1439 4851 1571 4921 ἔχει.
1621 4851 1686 4903 Τί
1718 4845 1809 4903 οὖν
1835 4850 1967 4903 νοῶν

404 4944 666 5014 Εὐνόμιος
706 4944 1082 5011 ἀποφαίνεται,
1107 4944 1179 5014 μὴ
1207 4942 1351 5012 ἔχειν
1377 4943 1467 4996 τὸν
1495 4942 1711 5013 Πατέρα
1732 4941 1970 5011 σύγκλη-

409 5053 496 5105 ρον
523 5036 622 5105 τῆς
657 5036 934 5101 ὲξουσίαςς
977 5035 1192 5088 Εἴποιεν
1221 5034 1286 5088 ἂν
1312 5036 1440 5097 ἴσως
1470 5036 1516 5086 οἱ
1544 5035 1640 5104 τῆς
1686 5034 1974 5104 ματαιότη-

408 5142 494 5186 τος
523 5125 687 5178 αύτοῦ
735 5126 1007 5198 μαθηταί·
1041 5127 1069 5179 6
1094 5125 1202 5197 γὰρ
1243 5124 1396 5189 εἰδὼς
1432 5125 1642 5179 ἐπαΐειν
1671 5125 1871 5192 λόγων,
1905 5125 1974 5177 τὰ

407 5213 527 5284 δίχα
555 5215 790 5280 διανοίας
813 5217 1100 5288 λεγόμενα,
1147 5217 1396 5287 ὁμολογεῖ
1422 5219 1658 5268 συνεῖναι
1709 5217 1783 5286 μὴ
1817 5216 1973 5268 δύνα-

412 5306 552 5361 σθαι.
581 5308 693 5360 Οὐκ
717 5307 845 5378 ἔχει,
883 5311 1034 5380 φησὶ,
1071 5308 1375 5379 σύγκληρον
1401 5307 1497 5378 τῆς
1525 5306 1771 5370 ἐξουσίας
1802 5309 1830 5359 6
1865 5307 1975 5359 Πα-

411 5398 530 5468 τὴρ.
567 5397 662 5462 Τίς
693 5400 800 5470 γάρ
831 5401 976 5453 ἐστιν
1020 5401 1049 5452 6
1075 5399 1244 5468 λέγων
1288 5402 1350 5452 ἐκ
1385 5397 1798 5468 διακληρώσεως
1839 5399 1978 5468 ὑπὲρ

489 5581 532 5612 ⁸⁷
574 5579 592 5634 Ι
643 5578 774 5636 Cor.
838 5593 925 5642 xv,
991 5579 1071 5631 ιι.
1150 5579 1194 5610 ⁸⁸
1245 5579 1452 5635 Coloss.
1506 5595 1586 5645 ιιι,
1622 5579 1669 5631 1.

1749 5578 1791 5611 ⁸⁹
1830 5575 1987 5631 Joan.
2028 5593 2153 5643 xux;
2198 5578 2340 5634 Psal.
2391 5597 2501 5646 XM,
2536 5581 2620 5635 l9.
2699 5582 2745 5614 ’⁸

2047 3129 2215 3196 spirat
2264 3128 2349 3191 ὀ,
2417 3137 2470 3182 et
2529 3131 2709 3182 omnia
2747 3131 2798 3182 in
2849 3133 3106 3188 omnibus
3157 3145 3416 3204 operatur
3455 3147 3618 3208 prout

2049 3220 2194 3278 vult;
2242 3228 2298 3273 ct
2347 3217 2515 3273 Filius
2551 3235 2647 3289 per
2681 3236 2840 3289 quem
2885 3224 3066 3276 omnia
3109 3222 3250 3277 facta
3289 3237 3435 3290 sunt,
3487 3231 3617 3283 visi-

2051 3306 2292 3375 biliaquc
2331 3313 2385 3360 et
2423 3306 2718 3360 invisibilia
2750 3307 2803 3360 in
2844 3309 2998 3364 oculis
3045 3319 3097 3363 et
3141 3311 3192 3364 in
3227 3319 3400 3378 terra,
3435 3318 3615 3370 omnia

2052 3413 2173 3470 qua:
2210 3400 2380 3452 voluit
2419 3397 2564 3462 fecit,
2618 3407 2668 3451 et
2708 3413 2846 3467 quos
2893 3400 3000 3452 vult
3047 3400 3316 3467 viviiicat;
3362 3409 3413 3455 et
3457 3401 3615 3456 Pater

2059 3493 2117 3547 in
2165 3507 2265 3545 sua
2314 3499 2571 3560 potestate
2623 3501 2858 3558 tempora
2891 3489 3066 3557 posuit
3099 3490 3166 3554 ",
3213 3503 3243 3542 a
3276 3491 3617 3560 temporibus

2056 3587 2472 3637 autemomma
2525 3593 2647 3647 qum
2693 3588 2821 3634 sunt
2863 3579 2918 3632 in
2975 3587 3216 3650 tempore
3278 3580 3416 3635 facta
3474 3581 3620 3636 Patri

2057 3670 2303 3739 subjecta
2344 3685 2468 3725 esse
2515 3670 2885 3744 intelligimus.
2925 3669 2981 3725 Si
3033 3673 3197 3743 igitur
3229 3675 3488 3746 aequalem
3527 3675 3626 3728 ha-

2057 3763 2187 3818 bere
2246 3769 2570 3831 potestatem
2639 3762 2874 3817 faciendi
2933 3780 3272 3836 quaecunque
3331 3767 3520 3822 volunt
3572 3775 3627 3822 et

2060 3852 2271 3906 Patrem
2301 3859 2356 3906 et
2386 3850 2580 3906 Filimn
2613 3860 2667 3906 et
2698 3851 2958 3922 Spiritum
2993 3863 3266 3921 sanctum,
3308 3857 3449 3912 sicut
3485 3857 3628 3910 dixi-

2061 3959 2203 4007 mus,
2249 3943 2686 3998 dcmonstratum
2733 3954 2816 4000 est
2853 3985 2866 4009 ,
2924 3961 3085 4016 quam
3145 3948 3310 4017 igitur
3351 3950 3625 4003 notionem

2063 4036 2222 4090 habet
2266 4037 2381 4090 hasc
2433 4035 2600 4091 dictio
2632 4038 2906 4092 consortis
2943 4039 3268 4106 potestatis?
3300 4038 3630 4108 Conspicere

2062 4142 2172 4182 non
2219 4127 2345 4182 licet
2382 4145 2397 4182 :
2442 4128 2534 4197 qui
2569 4129 2714 4182 enim
2761 4139 2844 4184 est
2884 4131 3264 4185 universorum
3302 4132 3494 4194 hatres,
3535 4131 3628 4202 qui

2064 4219 2390 4274 saeculorum
2431 4219 2701 4282 conditor,
2730 4221 2820 4289 qui
2855 4235 2978 4274 cum
3014 4221 3184 4290 gloria
3216 4221 3392 4276 Patris
3430 4222 3630 4284 elucet,

2065 4313 2158 4379 qui
2207 4310 2261 4362 in
2331 4309 2516 4377 seipse
2566 4308 2744 4363 Patris
2794 4311 3114 4381 hypostasin
3172 4311 3387 4382 ﬁgurat,
3442 4321 3494 4366 et
3539 4312 3631 4379 qui

2068 4401 2228 4454 habet
2258 4399 2442 4454 omnia
2478 4414 2816 4467 quaecunque
2844 4399 3004 4454 Pater
3032 4401 3214 4464 habet,
3252 4401 3430 4456 omnis
3471 4405 3631 4455 etiam

2064 4491 2352 4561 potestatis
2399 4489 2661 4544 Dominus
2718 4497 2857 4544 est:
2913 4507 3023 4545 non
3081 4492 3228 4562 quod
3283 4507 3312 4546 a
3368 4492 3526 4547 Patre
3579 4493 3633 4546 in

2064 4581 2262 4636 Filium
2288 4582 2642 4650 transmigret
2664 4579 2923 4650 dignitas,
2957 4583 3051 4637 sed
3085 4583 3248 4637 etiam
3280 4583 3421 4653 apud
3459 4584 3634 4654 ipsum

2068 4680 2287 4727 maneat
2330 4680 2494 4740 atque
2541 4673 2593 4726 in
2627 4672 2722 4725 illo
2770 4673 2859 4726 sit.
2898 4672 2998 4738 Qui
3051 4676 3195 4729 enim
3249 4674 3302 4728 in
3335 4673 3495 4728 Patre
3527 4685 3634 4740 est,

2067 4779 2192 4819 cum
2238 4764 2385 4818 omni
2435 4765 2692 4820 nimirum
2744 4781 2841 4821 sua
2893 4765 3133 4836 potentia
3182 4775 3266 4821 est
3323 4766 3378 4819 in
3441 4765 3634 4820 Patre:

2070 4865 2124 4912 ct
2167 4856 2268 4926 qui
2312 4857 2367 4909 in
2421 4856 2600 4926 seipso
2645 4858 2858 4914 Patrem
2909 4859 3092 4924 habet,
3153 4873 3366 4938 omnem
3407 4858 3637 4928 patriam

2072 4955 2392 5018 potestatem
2431 4955 2486 5002 et
2522 4949 2628 5002 vim
2677 4951 3082 5022 complectitur.
3131 4949 3329 5005 Totum
3385 4951 3528 5004 enim
3585 4949 3640 5002 in

2075 5040 2258 5108 seipso
2308 5040 2475 5093 habet
2516 5040 2732 5095 Patrem
2775 5061 2786 5096 :
2828 5058 3004 5112 neque
3045 5057 3171 5113 pars
3213 5045 3334 5112 ejus
3379 5050 3482 5096 est.
3539 5039 3642 5103 Qui

2077 5138 2258 5183 autem
2326 5137 2501 5183 totum
2555 5131 2738 5197 habet,
2790 5135 2952 5188 etiam
2993 5142 3313 5205 potestatem
3370 5131 3489 5200 ejus
3535 5144 3646 5181 om-

2079 5222 2212 5275 nino
2258 5221 2441 5276 habet.
2478 5222 2617 5288 Quid
2648 5224 2813 5295 igitur
2840 5226 3140 5282 Eunomius
3177 5224 3482 5290 intelligens
3516 5233 3644 5288 pro-

2081 5312 2296 5372 nuntiat
2331 5311 2541 5365 Patrem
2581 5329 2689 5367 non
2745 5315 2949 5370 habere
2978 5315 3260 5385 potestatis
3304 5307 3647 5364 consortem?

2087 5397 2330 5454 Dixerint
2362 5399 2593 5456 fortasse
2620 5403 2879 5459 vanitatis
2909 5404 3026 5470 ejus
3055 5400 3444 5469 astipulatores
3481 5401 3642 5456 disci-

2818 5580 2974 5635 Joan.
3013 5594 3094 5646 tu,
3130 5578 3182 5631 8.
3259 5577 3303 5609 "
3354 5580 3474 5638 Act.
3528 5581 3648 5648 t,‘i.
