4054 6150
374 192 485 246 687
1627 191 1685 246 S.
1714 189 2040 246 GREGORII
2057 177 2355 246 NYSSENI
3521 187 3630 243 483

377 307 526 375 puli;
582 317 707 357 nam
767 303 864 373 qui
918 316 1204 359 sermones
1250 302 1441 358 audire
1494 305 1662 368 novit,
1717 321 1780 359 ea
1831 322 1952 376 qua:

2055 306 2154 376 τῆς
2205 305 2452 370 ἐξουσίας
2494 305 2627 375 πρὸς
2675 303 2935 375 ἀλλήλους
2980 304 3071 356 τὸν
3123 303 3342 375 Πατέρα
3397 304 3492 356 καὶ
3541 305 3633 358 τδν

377 397 500 452 sine
552 402 734 450 mente
790 405 842 449 et
903 395 1172 448 sententia
1225 394 1590 462 funditantur,
1634 412 1693 451 se
1735 412 1842 450 non
1873 399 1949 451 in-

2062 397 2190 450 Υἱὸν
2233 395 2628 466 διαμάχεσθαι;
2675 389 2767 456 Οἷς
2801 394 3094 464 μεσιτεύων
3134 395 3161 445 6
3197 395 3338 462 ἱερὸς
3371 394 3634 464 Εὐνόμιος

380 488 625 557 telligere
664 484 889 540 fatetur.
931 484 1049 538 Non
1086 485 1266 550 habet,
1304 488 1501 557 inquit,
1528 488 1688 541 Pater
1716 498 1954 557 potestac

2063 490 2152 543 διὰ
2187 489 2403 559 φιλικῆς
2438 488 2780 557 συμϐάσεως,
2813 485 2938 538 ἄνευ
2960 487 3159 556 κλήρου
3188 486 3339 557 νέμει
3361 484 3438 557 τῷ
3461 487 3638 558 Πατρὶ

379 579 450 632 tis
490 587 824 631 consortem.
879 577 1014 643 Quis
1057 578 1200 632 enim
1253 576 1468 632 Patrem
1521 588 1576 633 et
1629 577 1825 632 Filium
1886 581 1954 634 de

1409 595 1468 631 em
1521 588 1576 633 et
1629 577 1825 632 Filium
1886 581 1954 634 de
2065 579 2209 650 μόνῳ
2246 578 2314 631 τὰ
2341 578 2603 649 πρεσϐεῖα
2625 577 2722 647 τῆς
2747 575 3010 640 ἐξουσίας.

378 675 649 736 potestate
692 667 834 721 inter
865 682 924 722 se
955 683 1020 723 ex
1067 669 1354 723 sortitione
1394 669 1540 723 dicat
1586 669 1954 724 contendere?
1993 671 2204 736 Quibus
2242 670 2509 723 mediator
2535 669 2904 722 interveniens
2932 682 3085 721 sacer
3143 666 3442 722 Eunoniius
3503 667 3641 722 ami-

378 763 542 817 cabili
588 761 997 826 convenientia,
1027 763 1148 816 sine
1180 771 1329 816 sorte
1364 764 1466 816 soli
1495 763 1638 816 Patri
1668 766 1956 832 potestatis
1996 765 2187 818 tribuit
2225 765 2347 833 jura
2403 764 2676 832 przecipna
2729 773 2780 816 et
2821 761 3132 814 honoraria.

451 855 642 911 Videte
675 857 960 911 ridiculam
992 865 1044 910 et
1079 858 1363 927 puerilem,
1395 859 1553 913 vilem
1597 869 1650 912 et
1685 859 1952 928 abiectam

2147 861 2339 931 Ὁρᾶτε
2367 859 2429 912 τὸ
2470 857 2871 922 καταγέλαστον
2912 857 3005 909 καὶ
3034 853 3388 925 παιδαριῶδες
3418 855 3517 923 τῆς
3540 871 3643 924 χα-

381 951 577 1004 horum
627 950 1080 1003 documentorum
1117 950 1540 1019 expositionem.
1578 949 1659 1004 An
1719 952 1807 1005 ille
1863 951 1954 1021 qui

2068 950 2331 1022 μαιξήλου
2359 950 2563 1020 ταύτης
2580 949 2687 1008 τῶν
2708 948 2992 1018 δογμάτων
3025 947 3308 1008 ἐκθέσεως.
3335 942 3479 1016 'Apa
3513 948 3541 998 6
3575 947 3645 1000 τὰ

385 1042 639 1096 universa
670 1041 772 1095 fert
799 1042 967 1095 verbo
1000 1056 1113 1096 sua:
1163 1043 1501 1112 potentire”,
1533 1044 1624 1111 qui
1675 1042 1807 1096 dicit
1840 1059 1960 1112 qua:

2068 1042 2358 1112 σύμπαντα
2391 1042 2570 1114 φέρων
2611 1040 2688 1111 τῷ
2739 1042 2942 1110 ῥήματι
2990 1039 3088 1107 τῆς
3118 1037 3398 1105 δυνάμεως
3444 1037 3641 1102 αὑτοῦ,

385 1131 500 1185 fieri
530 1131 664 1193 vult,
699 1141 748 1185 et
784 1131 874 1200 qui
910 1132 1037 1185 facit
1075 1133 1126 1184 in
1176 1133 1385 1203 imperii
1421 1134 1619 1187 virtute
1651 1150 1771 1202 quae
1821 1137 1957 1196 vult,

2065 1134 2237 1202 λέγων
2267 1133 2302 1188 ἃ
2324 1133 2574 1202 γενέσθαι
2606 1132 2746 1184 θέλει
2767 1172 2780 1191 ,
2811 1131 2904 1184 καὶ
2936 1129 3101 1182 ποιῶν
3140 1130 3198 1180 ὲν
3247 1130 3312 1198 τῇ
3345 1126 3438 1180 τοῦ
3472 1143 3644 1199 προσ-

383 1223 472 1276 cui
499 1225 777 1286 concurrit
805 1239 926 1277 cum
959 1225 1236 1278 voluntate
1280 1226 1541 1294 potentia,
1573 1226 1731 1293 cujus
1771 1235 1961 1295 poten-

2070 1229 2350 1295 τάγματος
2377 1224 2657 1294 δυνάμειᾶ
2683 1223 2966 1294 βούλεται,
3001 1213 3060 1274 οὗ
3098 1220 3392 1290 σύνδρομός
3432 1223 3548 1272 ἔστι
3577 1222 3643 1291 τῇ

385 1313 475 1366 tia:
497 1329 750 1368 mensura
783 1314 902 1383 ejus
933 1325 1014 1369 est
1044 1317 1293 1371 voluntas
1329 1332 1342 1367 :
1383 1315 1505 1384 Ipse
1542 1318 1709 1380 enim,
1761 1314 1957 1388 inquit,

2073 1317 2323 1388 βουλήσει
2349 1320 2381 1388 ή
2412 1317 2660 1386 δύναμις,
2689 1316 2783 1367 καὶ
2819 1317 3016 1385 μέτρον
3045 1317 3143 1384 τῆς
3170 1314 3449 1383 δυνάμεως
3480 1313 3645 1366 αὐτοῦ

386 1400 547 1464 dixit,
572 1412 620 1454 et
647 1402 793 1471 facta
813 1414 956 1467 sunt,
983 1405 1090 1472 ipse
1124 1406 1397 1459 mandavit
1427 1415 1475 1459 et
1522 1416 1701 1460 creata
1727 1417 1848 1460 sunt
1879 1408 1958 1474 ’3;

2069 1411 2131 1464 τὸ
2180 1411 2393 1481 Οέλημα
2437 1411 2685 1479 γίνεται·
2733 1406 2924 1472 Αὐτὸς
2971 1407 3112 1478 γὰρ,
3168 1409 3351 1477 φησὶν,
3385 1402 3514 1460 εἷπε
3547 1405 3647 1458 καὶ

387 1495 477 1563 qui
506 1496 687 1549 omnia
716 1512 810 1566 per
839 1513 895 1552 se
931 1497 1074 1562 fecit,
1114 1510 1165 1553 et
1199 1503 1250 1552 in
1286 1499 1464 1570 seipso
1492 1502 1807 1567 constituit;
1855 1516 1964 1571 quo

2071 1502 2448 1572 ἐγενήθησαν
2467 1543 2482 1562 ,
2525 1501 2707 1566 αὐτὸς
2738 1499 3073 1552 ἐνετείλατο
3106 1498 3201 1551 καί
3234 1499 3642 1564 ἐκτίσθησαν·

388 1585 506 1640 sine
533 1589 664 1640 nihil
694 1604 881 1642 eorum
910 1606 1030 1658 qua:
1059 1600 1205 1655 sunt,
1241 1592 1440 1645 factum
1469 1602 1552 1647 est
1580 1594 1645 1656 ",
1681 1610 1857 1662 neque
1909 1594 1963 1648 in

2073 1599 2100 1650 6
2143 1598 2320 1650 πάντα
2367 1596 2432 1649 δι’
2468 1595 2658 1648 ἑαυτοῦ
2695 1595 2954 1664 ποιήσας,
3002 1591 3096 1645 καὶ
3135 1593 3192 1644 ὲν
3225 1589 3401 1660 ἐαυτῷ
3445 1590 3645 1660 συστή-

390 1685 585 1730 natura
611 1689 811 1742 manet,
849 1680 952 1734 iste
981 1691 1259 1749 exspectat
1293 1699 1358 1737 ex
1393 1690 1626 1754 quadam
1683 1685 1967 1740 sortitione

2073 1707 2193 1752 σας,
2227 1683 2287 1742 οὗ
2316 1689 2486 1759 χωρὶς
2529 1686 2632 1739 τῶν
2664 1686 2831 1740 ὄντων
2863 1687 3016 1740 οὐδὲν
3049 1685 3172 1738 οὔτε
3226 1685 3472 1752 ἐγένετο,
3521 1683 3646 1738 οὸτε

389 1782 510 1821 eam
543 1778 863 1837 potestatem
927 1772 1202 1829 obtinere?
1253 1772 1526 1838 Jndicate,
1565 1775 1861 1838 auditores,
1896 1789 1965 1830 an

2074 1783 2132 1834 ὲν
2169 1780 2246 1852 τῷ
2273 1774 2412 1833 εἶναι
2445 1780 2597 1850 μένει
2617 1795 2628 1807 ·
2662 1774 2814 1842 οὗτος
2854 1777 3111 1848 ἀναμένει
3141 1779 3204 1830 ὲκ
3233 1775 3650 1847 διακληρώσεώς

391 1861 484 1929 qui
519 1863 632 1915 htec
686 1863 881 1918 asserit
916 1865 986 1919 sit
1024 1866 1226 1920 mentis
1272 1882 1515 1936 compos.
1551 1867 1696 1922 Unus
1744 1877 1842 1934 est,
1879 1868 1967 1922 in-

2068 1889 2210 1935 τινος
2243 1875 2390 1940 σχεῖν
2428 1872 2524 1941 τὴν
2557 1869 2824 1935 ὲξουσίανς
2869 1869 3128 1939 Κρίνατε,
3161 1869 3212 1919 οἱ
3245 1867 3531 1930 ἀκούοντες
3551 1908 3565 1930 ,
3597 1869 3646 1921 εἰ

393 1953 531 2022 quit,
564 1963 614 2008 et
643 1956 787 2010 solus
826 1957 964 2011 Deus
993 1961 1339 2029 omnipotens.
1396 1961 1452 2015 Si
1502 1963 1720 2033 quidem
1751 1963 1968 2018 Patrem

2070 1968 2098 2018 6
2127 1965 2300 2020 ταῦτα
2328 1965 2501 2032 λέγων
2533 1964 2590 2016 ὲν
2615 1961 2692 2033 τῷ
2720 1960 3078 2032 καθεστηκότι
3103 1961 3202 2030 τὴν
3243 1959 3477 2013 διάνοιαν
3511 1960 3645 2030 ἔχει.

395 2046 788 2113 omnipotentis
831 2050 1192 2118 appellatione
1240 2054 1500 2118 ostendit,
1560 2063 1829 2119 nostrum,
1861 2070 1968 2109 non

2068 2055 2171 2124 Εἷς
2201 2058 2308 2129 γάρ
2333 2058 2482 2117 ἐστι,
2515 2056 2668 2125 φησι,
2696 2053 2794 2107 καὶ
2813 2054 2999 2122 μόνος
3031 2053 3176 2117 Θεὸς
3199 2051 3649 2120 παντοκράτωρ.

396 2134 633 2187 alienum
690 2151 993 2192 sermonem
1029 2143 1385 2208 pronuntiat:
1423 2144 1506 2198 sin
1565 2156 1746 2216 autem
1802 2147 1969 2200 alium

2075 2147 2138 2201 Ei
2175 2149 2272 2218 μὲν
2317 2143 2410 2200 οὖν
2451 2146 2542 2198 τὸν
2577 2144 2795 2213 Πατέρα
2835 2143 2922 2196 διὰ
2949 2143 3046 2210 τῆς
3079 2142 3171 2194 τοῦ
3214 2142 3654 2213 παντοκράτορος

398 2224 630 2294 aliquem
683 2239 879 2296 praeter
930 2229 1144 2287 Patrem
1206 2234 1458 2304 intelligit
1518 2237 1969 2307 omnipotentem,

2075 2239 2444 2310 προσηγορίας
2471 2235 2835 2294 ἐνδείκνυται,
2861 2233 3129 2304 ἡμέτερον
3171 2232 3318 2300 λέγει
3361 2233 3452 2286 τὸν
3495 2233 3654 2298 λόγον

397 2320 560 2373 etiam
597 2322 1070 2377 circumcisionem
1103 2325 1148 2380 si
1181 2326 1229 2380 ci
1266 2327 1514 2381 videatur
1569 2329 1847 2398 praedicet,
1880 2333 1973 2402 qui

2074 2332 2169 2383 καὶ
2218 2331 2318 2382 οὐκ
2353 2329 2659 2398 ἀλλότριον·
2707 2325 2836 2378 εἰδὲ
2879 2325 3036 2379 ἄλλον
3075 2325 3194 2378 τινὰ
3226 2325 3374 2394 παρὰ
3412 2325 3502 2376 τὸν
3542 2327 3656 2379 Πα-

401 2411 750 2467 Judaicorum
797 2415 1140 2471 decretorum
1169 2430 1248 2473 est
1286 2434 1513 2489 praises,
1537 2421 1972 2479 Christianorum

2075 2425 2208 2496 τέρα
2239 2426 2350 2476 νοεῖ
2378 2421 2811 2490 παντοκράτορα,
2846 2417 2942 2470 καὶ
2974 2417 3073 2487 τὴν
3105 2415 3404 2488 περιτομὴν
3430 2417 3476 2468 εί
3509 2416 3659 2469 δοκεῖ

402 2503 670 2572 siquidem
700 2505 834 2560 fides
866 2507 920 2560 in
956 2507 1464 2564 Patremintuctur.
1497 2511 1688 2566 Omnia
1723 2517 1868 2569 enim
1893 2525 1978 2571 est

2078 2513 2430 2584 κηρυσσέτω,
2467 2514 2495 2564 6
2539 2510 2651 2563 τῶν
2683 2507 2970 2577 δογμάτων
2995 2506 3101 2560 τῶν
3151 2504 3452 2559 Ἰουδαϊκῶν
3519 2520 3661 2575 προ-

403 2595 582 2662 Pater,
648 2599 996 2661 Altissimus,
1057 2603 1427 2670 omnipotens,
1471 2620 1563 2658 rex
1619 2611 1976 2676 regnantium,

2077 2603 2420 2676 order-quch
2433 2603 2540 2674 γὰρ
2557 2601 2898 2673 Χριστιανῶν
2919 2601 2952 2669 ἡ
2970 2599 3149 2661 πίστις
3179 2597 3416 2668 πρδς“τδν
3440 2595 3660 2665 Πατέρα

402 2689 658 2743 Dominus
693 2691 1081 2745 dominantium
1108 2695 1175 2759 ³⁸,
1224 2704 1278 2749 et
1325 2713 1663 2767 quaecunque
1705 2701 1975 2753 excelsam

2082 2696 2286 2766 βλέπει.
2335 2695 2518 2750 Πάντα
2551 2694 2609 2747 δέ
2648 2696 2797 2746 ἐστιν
2820 2693 2848 2744 6
2888 2691 3076 2760 Πατὴρ
3097 2729 3112 2752 ,
3147 2691 3470 2757 Ὓψιστος,
3504 2703 3661 2739 παν-

404 2780 605 2833 habent
661 2788 714 2833 ct
767 2783 1017 2834 eximiam
1079 2784 1563 2854 significationem,
1617 2787 1800 2843 Patris
1851 2797 1980 2843 sunt

2079 2787 2378 2855 τοκράτωρ
2399 2831 2411 2849 ,
2442 2785 2742 2851 ,βασιλεὺς
2782 2783 2901 2837 τῶν
2933 2782 3409 2846 βασιλευόντων,
3447 2780 3663 2847 Κύριος

404 2872 644 2940 propria,
663 2880 715 2924 et
744 2889 863 2941 qua:
897 2883 1024 2927 sunt
1051 2873 1248 2938 Patris,
1273 2878 1434 2932 etiam
1469 2877 1590 2932 Filii
1619 2890 1749 2934 sunt
1775 2882 1976 2933 omnia.

2080 2877 2200 2931 τῶν
2237 2878 2655 2946 κυριευόντων,
2689 2876 2783 2928 καὶ
2819 2875 2994 2928 πάντα
3031 2876 3130 2926 ὅσα
3159 2871 3261 2940 τῆς
3303 2870 3512 2940 ὑψηλῆς
3542 2869 3661 2937 ἒχε-

403 2962 559 3026 Quod
591 2963 634 3016 si
667 2963 737 3015 ita
770 2973 873 3031 est,
921 2965 1034 3019 haec
1084 2968 1246 3020 etiam
1279 2969 1640 3026 admittimus.
1703 2969 1759 3025 Si
1798 2979 1977 3025 autem

2083 2986 2171 3021 ται
2211 2967 2518 3037 σημασίας,
2562 2964 2656 3016 τοῦ
2705 2963 2918 3033 Πατρός
2971 2963 3118 3013 ἐστιν
3170 2959 3296 3012 ἴδια.
3332 2958 3411 3009 Τὰ
3463 2957 3517 3010 δὲ
3560 2952 3655 3006 τοῦ

403 3053 565 3110 Patre
593 3057 799 3110 omisso
823 3058 987 3111 alium
1012 3062 1436 3130 omnipotentem
1467 3075 1732 3124 autumat,
1762 3065 1979 3118 decreta

2083 3059 2326 3128 Πατρδς,
2359 3055 2451 3108 τοῦ
2499 3053 2629 3107 Υἱοῦ
2674 3054 2789 3105 ἐστι
2832 3052 3028 3104 πάντα.
3065 3051 3226 3101 Ὥστε
3274 3048 3461 3100 τούτου
3508 3046 3657 3107 ὄντος

403 3145 711 3200 Judzeorum
748 3147 976 3217 profert,
1023 3151 1104 3204 vel
1155 3149 1399 3207 Platonis
1447 3153 1752 3208 doctrinam
1792 3155 1978 3222 sequid

2085 3152 2312 3204 κάκεῖνα
2345 3147 2629 3217 δεχόμεθα.
2667 3147 2729 3198 El
2777 3145 2833 3197 δὲ
2880 3143 3038 3210 ἀφεὶς
3081 3141 3171 3194 τὸν
3220 3141 3469 3211 Πατέρα,
3504 3138 3662 3194 ἄλλον

406 3240 604 3311 tur(a).
633 3240 766 3294 Nam
791 3251 843 3296 ct
867 3243 1016 3296 illum
1043 3244 1424 3314 philosophum
1453 3245 1605 3298 aiunt.
1627 3246 1827 3306 dicere,
1857 3260 1982 3300 esse

2084 3239 2499 3309 παντοκράτορα
2525 3236 2695 3304 λέγει,
2723 3235 2788 3289 τὰ
2825 3234 2933 3288 τῶν
2979 3234 3247 3286 Ἰουδαίων
3279 3232 3462 3298 λέγει,
3497 3230 3530 3300 ἢ
3567 3228 3663 3283 καὶ

404 3330 693 3398 quemdam
722 3346 1039 3398 Stlpremum
1069 3340 1376 3384 creatorem
1427 3339 1480 3383 et
1523 3331 1784 3384 factorem
1841 3345 1982 3399 quo-

2083 3328 2194 3388 τοῖς
2219 3325 2503 3387 Πλάτωνος
2529 3323 2720 3376 ἕπεται
2749 3323 2945 3391 λόγοις.
2977 3323 3087 3374 Καὶ
3117 3321 3223 3390 γὰρ
3253 3319 3502 3372 κάκεῖνόν
3531 3335 3663 3386 φασι

406 3421 654 3474 rumdaut
689 3421 921 3474 aliorum
961 3421 1186 3474 deorum
1230 3419 1579 3490 inferiorum.
1615 3420 1976 3486 Quemade

2084 3413 2172 3467 τὸν
2214 3415 2498 3482 φιλόσοφον
2537 3413 2752 3480 λέγειν,
2790 3408 2929 3465 εἷναί
2969 3429 3092 3464 τινα
3133 3411 3483 3481 ὑπεράνωθεν
3537 3408 3655 3462 κτί-

406 3511 534 3564 dntn
568 3513 733 3580 igitur
783 3512 834 3564 in
865 3508 1112 3564 Judaicis
1168 3519 1223 3562 et
1288 3509 1590 3565 Platonicis
1622 3512 1858 3572 decretis
1888 3513 1982 3582 qui

2087 3522 2217 3574 στην
2247 3505 2342 3558 καὶ
2367 3504 2592 3575 ποιητὴν
2619 3503 3036 3573 ὑποδεδηκότων
3065 3502 3226 3556 τινῶν
3267 3501 3425 3556 θεῶν.
3453 3497 3665 3572 Ὥσπερ

406 3600 624 3655 Patrem
659 3616 764 3653 non
799 3601 1037 3653 admittit
1063 3601 1414 3656 Christianus
1449 3617 1554 3656 non
1606 3612 1709 3668 est,
1768 3605 1984 3659 tametsi

2085 3592 2176 3650 οὖν
2217 3599 2274 3650 ἐν
2303 3600 2412 3660 τοῖς
2469 3597 2776 3656 Ἰουδαϊκοῖς
2822 3595 2914 3647 καὶ
2949 3595 3314 3654 Πλατωνικοῖς
3345 3592 3607 3661 δόγμασιν
3638 3593 3666 3643 6

408 3691 833 3758 omnipotentem
866 3689 1157 3758 quemdam
1191 3692 1338 3746 colat
1367 3692 1420 3744 in
1447 3706 1547 3746 suo
1577 3692 1829 3763 dogmate
1857 3711 1868 3746 :
1903 3695 1985 3748 sic

2084 3688 2175 3741 τὸν
2225 3688 2446 3758 Πατέρα
2517 3687 2591 3758 μὴ
2650 3687 3118 3757 παραδεχόμενος,
3165 3685 3488 3755 Χριστιανὸς
3565 3685 3667 3738 οὑκ

406 3781 571 3837 ctiam
601 3781 900 3837 Eunomius
929 3791 1120 3837 contra
1149 3799 1346 3837 nomen
1378 3785 1660 3849 mentitur,
1686 3783 1984 3841 Judaizans

2087 3779 2265 3860 ἔστιν,
2311 3781 2413 3832 κᾶν
2465 3779 2882 3850 παντοκράτορόι
2925 3795 3046 3830 τινα
3097 3777 3387 3848 πρεσϐεύει
3438 3777 3530 3829 ἐπὶ
3571 3775 3664 3830 τοῦ

409 3885 520 3941 pra?
548 3872 802 3940 superbia
831 3879 883 3924 et
917 3873 1114 3928 mentis
1152 3872 1376 3934 ferocia,
1405 3874 1486 3927 vel
1521 3873 1838 3928 Graecorum
1883 3892 1982 3930 nu-

2086 3871 2381 3938 δόγματος,
2421 3869 2594 3934 οὕτως
2642 3872 2734 3923 καὶ
2765 3873 2793 3922 6
2823 3869 3085 3939 Εὐνόμιος
3134 3867 3524 3938 καταψεύδεται
3572 3867 3666 3923 τοῦ

411 3962 555 4014 u.ina
593 3961 908 4030 paelex-ens,
939 3961 1372 4024 Christianorum
1400 3964 1822 4033 appellationem
1855 3967 1987 4021 sub-

2086 3960 2367 4031 ὀνόματος,
2410 3959 2708 4023 Ἰουδαῖζων
2746 3958 2840 4011 ὲπὶ
2877 3959 2955 4028 τῷ
2989 3959 3295 4028 φρονήματι
3319 3975 3332 3988 ο
3380 3958 3412 4027 ἢ
3454 3955 3524 4009 τὰ
3550 3956 3659 4008 τῶν

410 4053 666 4107 induens.
704 4050 846 4118 Quin
883 4053 1045 4106 etiam
1086 4057 1152 4106 de
1181 4053 1265 4107 his
1297 4069 1417 4121 qua:
1447 4063 1770 4122 sequuntur,
1794 4056 1988 4110 eadem

2098 4051 2366 4123 Ἐλλήνων
2401 4051 2738 4122 πρεσϐεύων,
2764 4051 2862 4118 τὴν
2891 4050 2947 4103 δὲ
2979 4049 3092 4102 τῶν
3121 4048 3464 4120 Χριστιανῶν
3500 4063 3669 4118 προσο

408 4147 512 4200 erit
553 4146 747 4199 oratio.
801 4143 941 4199 Dicit
994 4146 1138 4199 enim
1182 4146 1328 4216 quod
1383 4144 1522 4200 Deus
1573 4146 1811 4204 deorum.
1878 4145 1990 4204 Nos

2088 4147 2317 4218 ηγορίαν
2360 4144 2741 4213 ὑποδυόμενος.
2801 4143 2960 4195 Ἀλλὰ
2999 4143 3092 4194 καί
3133 4141 3259 4210 περὶ
3291 4141 3398 4193 τῶν
3427 4140 3568 4194 κατὰ
3607 4139 3667 4193 τὸ

411 4237 623 4306 adjecto
675 4237 850 4291 Patris
900 4237 1121 4292 nomine
1172 4253 1361 4293 vocem
1409 4239 1732 4293 familiarem
1767 4251 1820 4294 et
1857 4255 1990 4310 pro-

2091 4236 2380 4291 ἀκόλουθον
2411 4234 2804 4304 ὲκτεοειμένων
2825 4277 2838 4299 ,
2865 4235 2892 4286 ὀ
2915 4233 3076 4296 αὐτὸς
3107 4232 3257 4284 ἔσται
3286 4231 3458 4298 λόγος.
3505 4230 3666 4297 Λέγει

411 4326 584 4395 priam
618 4323 868 4390 facimus,
898 4327 1134 4382 scientes
1168 4327 1314 4396 quod
1361 4325 1521 4382 Pater
1559 4327 1704 4382 Deus
1731 4328 1986 4384 deorum.

2093 4329 2221 4399 γὰρ,
2255 4329 2336 4381 ὅτι
2368 4327 2511 4394 Θεὸς
2541 4325 2709 4380 θεῶν,
2776 4325 3105 4397 Πῳσθέντες
3144 4326 3304 4394 ἡμεῖς
3333 4323 3393 4374 τὸ
3423 4321 3517 4375 τοῦ
3559 4323 3666 4377 Πα-

411 4417 543 4482 Qum
577 4434 704 4472 vero
728 4406 855 4473 sunt
890 4419 1066 4475 Patris
1116 4419 1299 4474 omnia
1324 4461 1338 4486 ,
1381 4419 1608 4474 omnino
1641 4422 1804 4476 etiam
1858 4430 1987 4476 sunt

2093 4421 2219 4490 ’πρὸς
2257 4418 2456 4488 ὄνομα,
2493 4418 2592 4486 τὴν
2629 4415 2810 4486 φωνὴν
2857 4415 3236 4484 οἰκειούμεθα,
3286 4415 3482 4478 εἰδότες
3525 4416 3604 4467 ὅτι
3639 4415 3667 4464 6

412 4504 608 4564 Filii".
637 4504 698 4558 Et
719 4507 974 4561 Dominus
993 4507 1607 4564 dominantium:eadem
1635 4508 1702 4563 de
1729 4509 1832 4565 hoc
1859 4523 1991 4580 quo-

2092 4512 2281 4582 Πατὴρ
2302 4510 2432 4572 Θεός
2459 4512 2575 4564 ἐστι
2595 4509 2702 4562 τῶν
2732 4509 2889 4563 θεῶν.
2927 4508 3007 4560 Τὰ
3031 4507 3087 4560 δὲ
3111 4507 3202 4560 τοῦ
3230 4509 3439 4578 Πατρὶς
3469 4509 3665 4572 πάντα,

412 4612 520 4665 que
561 4605 644 4652 est
695 4600 910 4666 oratio;
967 4607 1131 4668 atque
1176 4601 1491 4654 Altissimus
1541 4615 1707 4670 supra
1769 4617 1986 4655 omnem

2089 4601 2182 4656 τοῦ
2209 4600 2337 4654 Υίοῧ
2359 4603 2475 4654 ἐστι
2494 4601 2728 4665 πάντως.
2747 4601 2854 4654 Καὶ
2879 4601 3089 4667 Κύριος
3107 4599 3220 4652 τῶν
3242 4601 3636 4667 κυριευόντων
3651 4618 3664 4632 ·

414 4693 639 4739 terram.
674 4685 806 4741 Nam
838 4688 1135 4758 quemlibet
1177 4697 1354 4744 mente
1385 4690 1729 4758 conceperis,
1779 4691 1990 4745 altissi-

2090 4696 2119 4746 6
2151 4693 2312 4756 αὑτὸς
2363 4694 2455 4745 καὶ
2505 4693 2634 4762 περὶ
2679 4692 2867 4744 τούτου
2917 4692 3103 4759 λόγος’
3156 4693 3248 4744 καὶ
3283 4693 3540 4760 ’Ύψιστος
3575 4693 3667 4746 ἐπὶ

412 4793 537 4831 mus
562 4784 645 4832 est
675 4793 838 4848 super
866 4795 1082 4836 omnem
1113 4787 1332 4835 terram.
1365 4779 1628 4835 Similiter
1667 4798 1901 4852 superne
1932 4784 1986 4839 in

2092 4791 2270 4841 πᾶσαν
2302 4787 2401 4858 τὴν
2439 4788 2563 4857 γῆν.
2593 4790 2696 4839 Ὃν
2719 4787 2826 4858 γὰρ
2861 4785 2926 4840 ἂν
2956 4789 3021 4857 τῇ
3060 4786 3267 4857 διανοίᾳ
3306 4787 3494 4860 λάϐῃς,
3528 4789 3670 4839 ἐκεῖ·

415 4866 768 4922 terrestribus
812 4866 953 4922 facta
1007 4869 1380 4939 speculatione
1424 4884 1454 4922 a
1508 4868 1694 4935 Patre,
1752 4869 1886 4924 Filio
1932 4880 1989 4926 et

2095 4897 2184 4942 νος
2227 4879 2450 4946 ὕψιστος
2495 4879 2584 4931 ἐπὶ
2635 4880 2813 4932 πᾶσαν
2863 4877 2960 4948 τὴν
2999 4878 3119 4947 γῆν.
3189 4878 3416 4948 Ὁμοίως
3463 4878 3670 4932 ἄνωθεν

416 4959 626 5030 Spiritu
660 4969 868 5014 sancto.
902 4957 1102 5013 Verum
1145 4961 1306 5014 etiam
1339 4976 1460 5030 quae
1511 4961 1768 5031 deinceps
1821 4963 1988 5018 dictis

2095 4973 2206 5033 τοῖς
2232 4969 2494 5037 ἐπιγείοις
2519 4970 2618 5040 τῆς
2650 4968 2952 5038 ἐπισκοπῆς
2985 4969 3274 5040 γινομένης
3305 4969 3454 5038 παρά
3489 4985 3548 5022 τε
3575 4969 3669 5022 τοῦ

413 5052 772 5124 adjiciuntur,
804 5049 1108 5105 Altissimus
1139 5054 1191 5105 in
1222 5054 1536 5117 coalestibus,
1588 5055 1886 5109 altissimus
1928 5057 1986 5109 in

2097 5060 2310 5132 Πατρδς
2336 5061 2428 5114 καὶ
2449 5060 2540 5113 τοῦ
2567 5060 2698 5113 Υἱοῦ
2723 5063 2816 5112 καὶ
2842 5059 2934 5111 τοῦ
2961 5059 3117 5127 ἁγίου
3144 5059 3482 5128 Πνεύματος.
3513 5058 3672 5112 Ἀλλὰ

414 5145 715 5209 altissimis,
748 5143 1153 5213 supercoelestis,
1186 5161 1334 5198 verus
1399 5145 1450 5197 in
1480 5147 1730 5210 essentia,
1761 5147 1852 5214 qui
1908 5154 1988 5199 est

2097 5151 2189 5202 καὶ
2232 5149 2298 5202 τὰ
2333 5150 2526 5220 ἐφεξῆς
2555 5152 2667 5212 τοῖς
2706 5149 3016 5220 εἰρημένοις
3056 5148 3464 5219 προσκείμενα”
3508 5149 3670 5216 ’Ὑψι-

414 5246 462 5290 et
487 5245 776 5306 permanet,
803 5252 952 5290 verus
980 5235 1034 5288 in
1065 5235 1412 5299 sermonibus,
1442 5254 1589 5291 verus
1620 5238 1675 5290 in
1721 5236 1984 5305 operibus:

2097 5259 2242 5308 στος
2265 5243 2332 5296 ἐν
2357 5243 2656 5311 οὐρανοῖς,
2683 5243 2945 5311 ὕψιστος
2970 5243 3040 5295 ἐν
3070 5242 3377 5310 ὑψίστοις,
3414 5239 3668 5308 ἐπουρά-

421 5330 537 5384 haac
577 5330 721 5385 enim
754 5327 937 5382 omnia
992 5341 1056 5381 ex
1095 5341 1252 5396 aequo
1289 5327 1510 5397 inspicit
1543 5327 1982 5382 Christianorum

2094 5351 2222 5400 νιος
2240 5376 2254 5398 ,
2278 5333 2562 5405 ἀληθινὸς
2587 5334 2656 5388 ἐν
2679 5334 2758 5400 τῷ
2786 5331 2938 5387 εἶναι
2983 5333 3016 5386 ὅ
3046 5333 3199 5395 ἐστι,
3232 5333 3328 5386 καὶ
3354 5332 3667 5404 διαμένων·

418 5419 607 5475 oculus
635 5421 686 5474 in
721 5419 878 5474 Patre
906 5429 958 5475 et
985 5417 1121 5474 Filio
1153 5428 1206 5474 et
1235 5418 1439 5489 Spiritu
1485 5427 1694 5473 sancto.
1729 5417 1885 5484 Quod
1938 5420 1983 5474 si

2095 5425 2381 5492 ἀληθινὸς
2407 5427 2476 5479 ἐν
2517 5426 2739 5494 λόγοις,
2791 5425 3080 5493 ἀληθινὸς
3118 5425 3187 5478 ὲν
3225 5424 3448 5493 ἔργοιςο
3503 5424 3668 5483 ταῦτα

487 5532 531 5563 ι’
584 5531 750 5586 llehr.
793 5547 831 5592 ι,
874 5534 927 5588 3.
1004 5533 1049 5567 ³³
1089 5531 1232 5590 Psal.
1275 5547 1498 5600 chvnl,
1535 5533 1588 5589 5.
1665 5533 1710 5568 ⁹⁶
1741 5533 1898 5591 Joan.
1951 5552 1989 5604 ι,
2029 5537 2083 5597 5.

488 5599 638 5669 (α)Ιιι
659 5600 876 5656 Τὶιιιωο.

1665 5533 1710 5568 ⁹⁶
1741 5533 1898 5591 Joan.
1951 5552 1989 5604 ι,
2029 5537 2083 5597 5.
2128 5536 2212 5596 "l
2246 5539 2388 5596 Tim.
2417 5557 2490 5605 \‘l,
2542 5539 2626 5596 l5.
2705 5542 2751 5574 θ’
2789 5538 2947 5596 Joan.
2984 5555 3117 5608 xvn,
3160 5539 3243 5598 10.
