4054 6150
403 275 506 333 489

1526 278 1805 334 CONTRA
1840 281 2229 347 EUNOMIUM,
2265 278 2393 333 ΗΒ.
2441 277 2502 332 ll.

3541 278 3650 331 490

401 389 508 458 γὰρ
538 389 712 442 πάντα
742 387 933 459 ἐπίσης
963 391 1120 460 ἐνορᾷ
1145 392 1170 442 6
1197 391 1300 445 τῶν
1331 395 1670 464 Χριστιανῶν
1699 395 1970 466 ὀφθαλμὸς

2089 395 2248 450 solum
2280 394 2370 448 uni
2417 391 2576 444 alicui
2633 405 2840 452 earum,
2898 404 3020 460 quae
3078 388 3180 444 fide
3235 389 3448 443 tradita!
3486 403 3640 452 sunt.

401 480 493 533 hri
540 479 754 550 Πατρδς
803 481 894 532 καὶ
930 481 1058 534 Υἱοῦ
1107 484 1197 535 καὶ
1245 485 1556 555 Πνεῦματος
1600 488 1773 554 ἁγίου.
1815 489 1878 540 Ei
1910 488 1974 558 δὴ

407 573 564 642 μόνον
599 573 803 624 ὲνίτινι
833 573 941 624 τῶν
971 574 1027 627 ὲν
1062 577 1128 644 τῇ
1157 575 1334 629 πίστει
1369 578 1778 648 παραδοθέντων
1811 597 1976 650 προσ-

403 665 568 715 ώπων
601 665 628 715 6
669 663 927 732 Εὑνόμιος
957 665 1127 717 ταῦτα
1167 667 1352 736 νέμει·
1391 669 1713 738 τολμησάτω
1745 670 1818 740 μὴ
1847 671 1977 740 ἁλη-

405 753 547 806 θινὸν
579 754 754 805 εἰπεῖν
792 757 849 806 ὲν
878 753 1052 822 λόγοις
1101 757 1188 808 τὸν
1234 759 1475 826 εἰπόντα,
1499 760 1578 811 ὅτι
1620 759 1766 829 Ἐγώ
1790 762 1905 830 εἰμι
1936 762 1973 828 ἢ

403 843 673 911 ἀλήθεια,
694 844 726 912 ἦ
745 843 805 896 τὸ
829 845 1048 915 Πνεῦμα
1068 846 1166 914 τῆς
1187 847 1462 917 ἀληθείας,
1485 850 1516 919 ἢ
1541 849 1791 918 ἀληθινὸν
1816 852 1873 903 ὲν
1897 851 1978 921 ἕρ-

405 951 520 1001 γοις
545 934 618 1005 μὴ
643 935 917 989 συνΟέσΘω
933 937 1020 989 τὸν
1043 937 1294 993 ποιοῦντα
1320 941 1488 1010 κρῖμα
1504 941 1594 992 καὶ
1611 941 1974 1012 δικαιοσύνην,

405 1026 438 1094 ἢ
467 1024 526 1076 τὸ
551 1024 776 1095 Πνεῦμα
805 1025 865 1078 τὸ
893 1027 1146 1097 ἐνεργοῦν
1171 1029 1238 1081 τὰ
1283 1030 1459 1082 πάντα
1507 1031 1563 1081 ἐν
1615 1031 1748 1082 πᾶσι
1795 1029 1976 1092 καθὼς

409 1115 683 1185 βούλεται·
719 1115 888 1169 ταῦτα
913 1117 1020 1188 γὰρ
1047 1121 1093 1170 εί
1134 1119 1207 1189 μὴ
1243 1119 1687 1191 προσμαρτυροίη
1721 1122 1831 1183 τοῖς
1874 1137 1978 1173 πα-

410 1203 709 1274 ραδοθεῖσιν
737 1205 794 1258 ἐν
822 1208 887 1278 τῇ
922 1208 1099 1260 πίστει
1121 1207 1453 1279 προσώποις,
1487 1209 1715 1263 καθόλου
1744 1211 1840 1281 τὴν
1869 1210 1976 1264 τῶν

408 1294 745 1366 Χριστιανῶν
784 1298 1202 1368 παραγράφεται
1252 1300 1451 1354 πίστιν.
1485 1300 1610 1362 Πῶς
1637 1302 1744 1371 γάρ
1775 1319 1858 1364 τις
1891 1303 1979 1355 πί-

410 1400 578 1448 στεως
607 1386 753 1451 ἄξιον
793 1389 1031 1458 οἰήσεται
1061 1390 1151 1442 τὸν
1189 1391 1357 1460 ψευδῆ
1403 1393 1500 1462 μὲν
1533 1393 1590 1444 ὲν
1627 1395 1740 1456 τοῖς
1771 1392 1976 1462 λόγοις,

411 1477 483 1548 μὴ
511 1476 762 1548 ἀληθινὸν
785 1479 839 1532 δὲ
867 1482 922 1533 ἐν
949 1483 1059 1541 τοῖς
1082 1480 1263 1551 ἔργοις
1288 1481 1449 1534 αὑτοῦ
1470 1499 1486 1546 ;

489 1567 647 1620 Ἀλλὰ
697 1569 834 1640 πρὸς
863 1569 923 1622 τὸ
950 1570 1145 1642 ἐφεξῆς
1169 1572 1246 1642 τῷ
1267 1571 1410 1643 λόγῳ
1451 1572 1821 1644 προέλθωμεν.
1843 1575 1979 1642 Φησὶ

416 1659 515 1731 γὰρ
531 1660 610 1713 ὅτι
649 1661 864 1731 Ἀρχῆς
884 1662 1146 1728 ἁπάσης,
1169 1663 1498 1734 ὑποταγῆς,
1529 1665 1815 1732 ἐξουσίας
1829 1667 1980 1720 ἀνώ-

408 1766 595 1817 ⁴ιἐῂοος.
656 1751 952 1821 Ἦμέτερος
985 1744 1140 1816 οὗτος
1187 1756 1214 1806 6
1246 1754 1400 1822 λόγος
1435 1756 1526 1807 καὶ
1558 1755 1656 1826 τῆς
1689 1755 1978 1826 καθολικῆς

423 1840 741 1910 Ἐκκλησίας
765 1842 913 1905 ἴδιος,
942 1844 1000 1894 τὸ
1025 1844 1298 1897 πιστεύειν
1323 1846 1419 1916 τὴν
1447 1845 1594 1899 Οείαν
1620 1845 1778 1914 φύσιν
1801 1847 1977 1915 πάσης

410 1932 582 2002 ἀρχῆς
620 1932 896 2003 ἀνωτέραν
935 1931 1103 1987 εἶναι’
1151 1937 1459 2006 ὑποχείριον
1507 1938 1560 1990 δὲ
1601 1938 1797 2006 ἑαυτῆς
1837 1937 1978 2007 ἔχειν

412 2023 517 2075 πᾶν
535 2022 724 2093 ὅτιπέρ
751 2025 895 2076 ἐστιν
911 2026 968 2078 ἐν
993 2028 1104 2088 τοῖς
1121 2021 1239 2078 οὖσι
1267 2026 1569 2096 νοούμενον.
1595 2027 1724 2079 Θεία
1743 2027 1797 2079 δὲ
1820 2027 1979 2096 φύσις

410 2117 437 2166 6
471 2114 656 2185 Πατὴρ
687 2117 778 2168 καὶ
807 2118 834 2168 6
869 2116 1026 2181 Υἱὸς,
1059 2120 1153 2171 καὶ
1190 2118 1248 2170 τὸ
1284 2119 1505 2190 Πνεῦμα
1531 2120 1592 2172 τὸ
1625 2119 1796 2187 ἅγιον.
1833 2120 1893 2173 Et
1923 2120 1978 2172 δὲ

414 2207 556 2278 μόνῳ
575 2208 653 2276 τῷ
692 2209 863 2282 Πατρὶ
890 2208 1092 2281 ταύτην
1127 2211 1572 2282 προσμαρτυροίη
1597 2211 1694 2281 τὴν
1723 2211 1945 2281 δύναμιν
1965 2230 1976 2242 ’

411 2298 502 2350 καὶ
531 2300 580 2350 εἰ
616 2299 774 2367 μόνον
807 2299 966 2353 αὐτὸν
997 2301 1202 2371 τροπῆς
1227 2319 1283 2353 τε
1309 2303 1402 2354 καὶ
1441 2303 1739 2372 μεταϐολῆς
1770 2303 1979 2357 ἐλεύθε-

412 2405 504 2458 ρον
532 2389 905 2457 ἀποφαίνεται,
935 2391 1028 2444 καὶ
1057 2393 1104 2443 εί
1131 2393 1288 2463 μόνον
1315 2393 1475 2447 αὐτὸν
1509 2393 1656 2462 λέγει
1685 2396 1977 2468 ἀκήρατον,

410 2480 675 2551 πρόδηλον
723 2481 784 2533 τὸ
832 2483 896 2534 ὲκ
941 2483 1142 2536 τούτων
1195 2484 1764 2557 κατασκευαζόμενον·
1822 2488 1902 2539 ὅτι
1955 2489 1981 2540 6

409 2573 579 2626 ταῦτα
621 2575 694 2645 μὴ
739 2575 896 2646 ἔχων,
922 2578 1151 2648 τρεπτός
1191 2580 1305 2631 ἐστι
1342 2578 1553 2642 πάντως
1582 2581 1675 2632 καὶ
1723 2580 1979 2653 φθαρτὸς,

411 2668 502 2719 καὶ⁸
531 2668 860 2738 μεταδλητὺς
890 2668 983 2721 καὶ
1014 2669 1294 2740 ὲπίκηρος.
1335 2671 1542 2724 οὐκοῦν
1575 2671 1748 2725 ταῦτα
1777 2674 1981 2745 δογμα-

410 2755 546 2820 τίζει
585 2757 612 2807 ὁ
647 2757 904 2826 Εὐνόμιος
943 2759 1033 2810 ἐπὶ
1064 2759 1154 2811 τοῦ
1205 2761 1520 2830 μονογενοῦς
1568 2761 1702 2816 Θεοῦ
1760 2765 1853 2818 καὶ
1887 2767 1980 2818 τοῦ

409 2843 570 2910 ἁγίου
612 2843 956 2912 Πνεῦματος·
989 2846 1045 2898 οὐ
1093 2846 1200 2916 γὰρ
1237 2849 1300 2900 ἂν
1330 2851 1596 2920 ἐχρήσατο
1635 2856 1698 2924 τῇ
1744 2855 1980 2907 ἀντιδιασ

413 2935 598 3006 στολῇ,
627 2935 835 3000 τούτοις
867 2938 1205 3010 ἁντιδιαιρῶν
1252 2942 1342 2993 τὸν
1372 2944 1588 3014 Πατέρα
1611 2985 1623 3005 .
1665 2947 1736 3018 μὴ
1780 2948 1983 3019 ταύτην

410 3027 508 3095 τὴν
543 3027 778 3079 διάνοιαν
803 3027 938 3097 ἔχων
962 3030 1196 3098 περὶτοῦ
1228 3031 1356 3083 Υἱοῦ
1380 3035 1474 3086 καὶ
1517 3035 1609 3087 τοῦ
1643 3036 1978 3106 Πνεύματος.

415 3213 507 3280 τῆς
537 3211 644 3263 τῶν
669 3212 1008 3282 ριστιανῶν
1043 3213 1295 3281 πίστεως,
1311 3217 1482 3272 ταῦτα
1507 3223 1736 3291 φρονῶν.
1762 3223 1856 3286 Τίς
1878 3223 1985 3296 γὰρ

415 3296 473 3346 τὸ
512 3297 845 3366 τρεπόμενον
887 3297 977 3350 καὶ
1009 3300 1472 3371 μεταϐαλλόμενον
1506 3305 1598 3358 καὶ
1626 3306 1687 3358 τὸ
1724 3307 1986 3378 ἐπίκηρον

419 3388 763 3452 καταδέξεται
788 3390 1078 3460 σεϐάσμιον
1111 3393 1287 3461 ἐαυτῷ
1318 3398 1534 3464 κρίναι;
1572 3399 1778 3452 Οὐκοῦν
1811 3401 1930 3464 ὅλος
1959 3404 1986 3455 6

422 3481 614 3542 σκοπός
648 3483 762 3533 ἐστι
793 3481 870 3549 τῷ
894 3484 1346 3547 κατασκευάζοντι
1372 3487 1437 3540 τὰ
1458 3487 1681 3544 τοιαῦτα
1714 3493 1984 3562 νοήματα.

421 3570 698 3624 ἐκϐάλλειν
733 3572 832 3640 τῆς
866 3571 1191 3643 Ἐκκλησίας
1211 3575 1310 3646 τὴν
1333 3579 1412 3640 εἰς
1431 3578 1520 3632 τὸν
1556 3580 1682 3634 Υἱὺν
1707 3583 1800 3634 καὶ
1835 3584 1986 3651 ἅγιον

424 3663 637 3733 Πνεῦμα
668 3663 874 3716 πίστιν·
907 3665 972 3718 δι’
993 3660 1066 3719 ὧν
1095 3670 1520 3733 κατασκευάζει,
1561 3673 1692 3741 μήτε
1716 3673 1988 3744 ἀκήρατον

425 3749 556 3807 εἶναι
576 3797 590 3818 ,
640 3757 773 3825 μήτε
804 3756 1070 3826 ἄτρεπτον
1092 3797 1105 3819 ,
1155 3761 1292 3830 μήτε
1321 3761 1694 3829 ἀμετάϐλητον
1712 3802 1726 3827 ,
1761 3763 1792 3832 ἢ
1820 3751 1990 3835 αὐτὴν

426 3849 674 3919 ἀλήθειαν
694 3891 707 3914 ,
801 3852 861 3904 τὸ
883 3853 1106 3923 Πνεῦμα
1131 3855 1228 3924 τῆς
1254 3855 1531 3926 ἀληθείας.

496 4029 818 4100 Ἴδωμεν.δὲ
858 4031 950 4082 καὶ
992 4026 1078 4084 οἷα
1118 4033 1228 4092 τοῖς
1273 4029 1582 4101 εἰρημένοις
1617 4035 1988 4106 προστίθησιν.

429 4124 546 4175 Οὐκ
575 4123 644 4175 ἐν
666 4121 744 4187 τῷ
768 4122 990 4192 γεννᾷν
1008 4162 1022 4186 ,
1053 4122 1184 4192 φησὶ
1207 4165 1221 4186 ,
1259 4123 1372 4190 τὴν
1404 4123 1560 4176 ἰδίαν
1589 4126 1809 4178 οὐσίαν
1831 4128 1991 4196 μερί-

427 4210 534 4271 (tor
559 4254 574 4278 ,
606 4214 702 4267 καὶ
753 4217 786 4266 ό
838 4215 1020 4279 αὐτὸς
1054 4212 1282 4282 γεννῶν
1311 4255 1325 4278 ,
1359 4215 1452 4267 καὶ
1492 4215 1858 4285 γεννώμενος
1883 4259 1898 4284 ,
1955 4218 1993 4284 ἢ

428 4303 606 4368 αὐτὸς
653 4303 852 4372 Πατὴρ
908 4305 1216 4373 γινόμενος
1277 4305 1371 4359 καὶ
1445 4308 1574 4372 Υἱός
1609 4327 1622 4338 ·
1693 4308 1826 4362 ἔστι
1884 4308 1994 4378 γὰρ

2077 501 2324 556 personae
2350 483 2654 538 Eunomius
2686 481 2799 536 haec
2831 482 3097 544 attribuit,
3156 480 3354 535 audeat
3408 496 3652 538 asserere

2077 592 2184 632 non
2213 590 2458 630 veracem
2481 589 2601 628 esse
2624 588 2744 627 cum
2777 574 2866 642 qui
2893 573 3026 626 dixit
3055 592 3066 626 :
3103 571 3211 641 Ego
3235 588 3350 624 sum
3377 574 3566 626 veritas
3582 575 3650 638 ";

2076 669 2160 723 vel
2192 666 2454 738 Spiritum
2489 664 2751 728 veritatis,
2785 664 2867 717 vel
2902 677 3087 716 verum
3122 664 3177 715 in
3230 664 3490 730 operibus
3544 678 3648 716 non

2077 755 2342 810 concedat
2375 769 2497 809 eum
2526 755 2616 824 qui
2650 753 2779 807 facit
2809 752 3078 821 judicium
3134 761 3186 805 et
3218 753 3513 820 justitiam,
3566 758 3647 807 vel

2074 845 2331 919 Spiritum
2355 848 2442 919 qui
2469 845 2630 902 eflicit
2668 845 2850 900 omnia
2884 846 2939 898 in
2971 845 3225 898 omnibus
3277 853 3437 912 prout
3489 847 3601 898 vult
3635 864 3646 898 :

2080 940 2190 993 haec
2217 939 2359 993 enim
2390 939 2492 991 nisi
2524 937 2608 990 his
2639 952 2758 1006 qua:
2790 937 3003 990 tradita:
3049 946 3175 990 sunt
3209 936 3261 988 in
3301 935 3423 999 fide,
3462 951 3636 1004 perso-

2080 1030 2182 1092 nis,
2215 1029 2594 1098 astipulentur,
2629 1028 2681 1080 in
2718 1026 3032 1082 universum
3081 1026 3521 1080 Christianorum
3578 1027 3648 1080 fi-

2075 1121 2195 1175 dem
2225 1125 2538 1189 cxpungunt
2563 1127 2616 1171 et
2647 1118 2956 1172 obliterant.
2992 1117 3275 1183 Quomodo
3318 1119 3463 1171 enim
3525 1117 3649 1187 quis

2081 1210 2181 1264 fide
2210 1210 2429 1280 dignum
2459 1209 2799 1263 existimabit
2832 1208 3146 1263 mendacem
3180 1210 3232 1261 in
3283 1209 3648 1268 sermonibus,

2081 1318 2185 1356 non
2221 1315 2406 1356 verum
2441 1299 2496 1352 in
2527 1298 2785 1368 operibus
2811 1297 2974 1353 suis?

2153 1576 2256 1632 Sed
2284 1579 2349 1631 ad
2395 1579 2450 1633 id
2488 1576 2631 1647 quod
2688 1575 2938 1646 sequitur
2967 1590 3275 1645 pergamus.
3311 1574 3451 1629 Dicit
3475 1571 3648 1627 enim:

2081 1667 2232 1723 Omni
2254 1668 2490 1736 imperio,
2546 1665 2896 1734 subjertione,
2948 1673 3205 1732 potestate
3262 1665 3503 1732 superior
3553 1674 3647 1717 est.

2015 1765 2054 1819 Β
2084 1761 2277 1813 Noster
2306 1760 2392 1813 hic
2421 1767 2504 1813 est
2537 1773 2738 1822 sermo,
2785 1768 2838 1813 et
2893 1757 3174 1812 catholicae
3221 1755 3475 1811 Ecclesire
3532 1771 3653 1823 pro-

2082 1851 2234 1922 prius
2261 1888 2278 1914 ,-
2327 1851 2549 1904 credere
2581 1865 2772 1918 nempe
2818 1857 3076 1902 naturam
3108 1847 3345 1899 divinam
3378 1845 3524 1899 omni
3557 1846 3656 1898 im-

2083 1941 2233 2008 perio
2263 1940 2601 2009 superiorem
2632 1953 2776 2001 esse,
2814 1937 3122 2006 subjectum
3158 1946 3339 1989 autem
3370 1935 3452 1988 sui
3481 1933 3656 2004 ipsius

2084 2035 2283 2088 habere
2313 2033 2575 2103 quidquid
2607 2035 2660 2086 in
2690 2033 2775 2087 his
2801 2047 2920 2101 quas
2947 2041 3074 2086 sunt
3101 2030 3437 2099 intelligitur.
3462 2027 3652 2080 Divina

2082 2131 2260 2179 autem
2289 2133 2482 2177 natura
2514 2122 2673 2177 Pater
2705 2132 2756 2176 et
2814 2120 2987 2175 Filius
3022 2131 3069 2174 ct
3135 2119 3372 2188 Spiritus
3408 2125 3654 2172 sanctus.

2081 2214 2235 2281 Quod
2265 2215 2311 2268 si
2353 2215 2492 2268 hanc
2522 2213 2818 2282 potentiam
2850 2213 2954 2268 soli
3012 2209 3160 2264 Patri
3216 2224 3316 2264 suo
3346 2210 3658 2263 testimonio

2082 2313 2290 2362 asserat
2316 2345 2330 2368 ,
2371 2312 2424 2360 et
2458 2305 2502 2359 si
2538 2305 2712 2358 solum
2745 2319 2866 2357 eum
2901 2317 2931 2356 a
2966 2299 3343 2356 vicissitudine
3391 2307 3442 2352 et
3477 2305 3656 2352 muta-

2084 2398 2231 2452 tione
2270 2397 2500 2450 liberum
2537 2394 2792 2458 aflirmat,
2823 2403 2984 2464 atque
3017 2393 3192 2463 ipsum
3246 2392 3422 2446 solum
3480 2391 3659 2445 incor~

2084 2498 2326 2559 ruptum,
2362 2489 2709 2558 perspicuum
2738 2495 2791 2541 et
2833 2485 3180 2540 manifestum
3209 2486 3371 2553 plane
3413 2483 3556 2551 quod
3590 2499 3655 2554 ex

2082 2586 2168 2640 his
2196 2583 2535 2638 construitur
2565 2623 2578 2644 ,
2613 2581 2762 2651 quod
2795 2581 2888 2649 qui
2919 2581 3033 2634 haec
3065 2594 3170 2633 non
3209 2578 3390 2640 habet,
3422 2576 3660 2630 mutabi-

2084 2676 2150 2728 lis
2184 2689 2406 2743 prorsus
2435 2680 2487 2724 et
2519 2667 2886 2740 corruptibilis
2955 2677 3008 2724 et
3064 2667 3309 2723 interitui
3363 2666 3653 2720 obnoxius.

2084 2767 2208 2821 Haec
2239 2767 2406 2838 igitur
2439 2763 2739 2816 Eunomius
2787 2766 3038 2820 dogmata
3067 2758 3234 2813 tradit
3263 2757 3329 2811 de
3367 2756 3650 2826 unigenito

2087 2858 2194 2913 Deo
2223 2867 2276 2912 et
2308 2855 2513 2924 Spiritu
2542 2861 2732 2908 sancto
2764 2870 2778 2919 ;
2815 2867 2920 2906 non
2954 2851 3098 2905 enim
3132 2856 3374 2904 uteretur
3407 2849 3508 2901 hac
3557 2845 3660 2900 dif-

2087 2949 2312 3003 furentia
2339 2947 2464 3001 dum
2499 2946 2582 2999 bis
2616 2943 2828 2997 Patrem
2883 2942 3192 3012 distinguit,
3253 2939 3358 2994 nisi
3393 2939 3534 2991 hanc
3562 2937 3660 2990 ha-

413 3029 508 3095 τὴν
543 3029 778 3079 διάνοιαν
803 3029 938 3097 ἔχων
962 3030 1196 3098 περὶτοῦ
1228 3031 1356 3083 Υἱοῦ
1380 3035 1474 3086 καὶ
1517 3035 1609 3087 τοῦ
1643 3036 1978 3106 Πνεύματος.

413 3120 485 3171 T6
515 3119 718 3183 λοιπὸν,
750 3120 986 3188 ἀδελφοὶ,
1029 3122 1354 3193 δοκιμάσατε
1375 3167 1388 3191 ,
1422 3129 1470 3180 εί
1506 3128 1580 3200 μὴ
1609 3127 1840 3200 διώκτης
1869 3132 1984 3184 ἐστὶ

2090 3043 2240 3096 beret
2274 3040 2340 3094 dc
2385 3037 2521 3092 Filio
2550 3047 2602 3091 et
2634 3035 2840 3105 Spiritu
2887 3043 3080 3089 sancto
3117 3034 3462 3090 sententiam.
3516 3029 3662 3085 Beli-

2089 3147 2280 3200 quum,
2311 3129 2526 3191 fratres,
2559 3127 2803 3197 probate,
2849 3125 2894 3181 si
2954 3140 3062 3178 non
3096 3131 3180 3178 est
3225 3121 3661 3176 Christianorum

533 3128 718 3183 ιοιπον,
750 3128 986 3188 aestaset,
1029 3128 1354 3193 δοκιμάσατε
1375 3167 1388 3191 ,
1422 3129 1470 3180 εί
1506 3128 1580 3200 μὴ
1609 3128 1840 3201 suam;
1869 3132 1984 3184 ἐστὶ
2014 3128 2058 3152 ’⁸

2089 3147 2280 3203 quum,
2311 3129 2526 3191 fratres,
2559 3127 2803 3197 probate,
2849 3125 2894 3181 si
2954 3140 3062 3178 non
3096 3131 3180 3178 est
3225 3121 3661 3176 Christianorum

2090 3222 2210 3276 fidei
2243 3229 2580 3290 persecutor,
2617 3215 2744 3268 dum
2783 3215 2894 3267 lucc
2928 3214 3112 3268 sentit.
3149 3213 3284 3277 Quis
3337 3213 3481 3267 enim
3517 3215 3660 3283 quod

2091 3311 2317 3366 vertitur
2359 3319 2410 3363 et
2472 3313 2730 3366 mutatur,
2777 3302 2920 3371 quod
2975 3300 3084 3353 fato
3116 3300 3415 3353 obnoxium
3470 3307 3554 3351 est
3612 3309 3664 3351 et

2091 3400 2359 3464 interitui,
2393 3399 2497 3454 sibi
2533 3395 2900 3451 venerandum
2931 3407 3052 3445 esse
3085 3389 3448 3458 dijudicarit?
3469 3389 3668 3453 Quatr-

2089 3495 2274 3548 obrem
2316 3492 2363 3546 ei
2390 3490 2484 3560 qui
2521 3490 2636 3543 haec
2671 3489 2874 3557 cogitat
2914 3493 2967 3539 et
3017 3482 3204 3545 sentit,
3263 3488 3412 3537 totus
3471 3496 3666 3549 scopus

2091 3585 2411 3653 propositus
2441 3588 2546 3646 est,
2579 3580 2648 3634 ab
2683 3578 2923 3633 Ecclesia
2955 3575 3250 3630 excludere
3284 3584 3444 3644 atque
3493 3574 3667 3627 elimi-

2093 3691 2224 3729 nare
2257 3674 2434 3731 fidem.
2491 3687 2654 3740 quam
2696 3670 2859 3723 habet
2920 3669 2973 3721 in
3031 3664 3226 3720 Filium
3286 3675 3340 3719 et
3401 3664 3665 3734 Spiritum

2095 3775 2366 3828 sanctum,
2406 3780 2529 3818 cum
2567 3763 2652 3816 his
2693 3761 3019 3814 confirmare
3065 3769 3316 3817 conetur,
3367 3774 3541 3826 neque
3588 3757 3669 3808 in-

2094 3858 2528 3928 corruptibilem,
2565 3871 2742 3926 neque
2774 3852 3162 3912 invertibilem,
3203 3866 3380 3919 neque
3417 3850 3669 3901 immuta-

2049 4001 2057 4009 ,
2095 3951 2278 4013 bilem,
2321 3949 2402 4003 vcl
2438 3949 2608 4018 ipsam
2645 3947 2956 4007 veritatem,
2993 3942 3074 3996 vel
3105 3943 3352 3996 veritatis
3383 3942 3667 4010 Spiritum.

2163 4041 2279 4096 Jam
2307 4041 2591 4096 videamus
2617 4055 2738 4109 qua:
2767 4039 2854 4092 his
2881 4037 3048 4091 dictis
3069 4035 3280 4104 adjicit.
3315 4032 3436 4086 Non
3458 4032 3669 4102 quidem

2095 4133 2410 4202 generando,
2443 4131 2637 4200 inquit,
2669 4127 2936 4198 propriam
2974 4125 3256 4179 essentiam
3294 4123 3527 4189 partiens
3558 4160 3571 4182 ,
3624 4131 3670 4172 et

2097 4223 2230 4275 idem
2264 4237 2537 4289 generatis,
2569 4229 2616 4271 et
2645 4219 2735 4286 qui
2777 4225 3079 4287 generatur,
3119 4222 3167 4264 et
3195 4212 3329 4263 idem
3387 4208 3544 4260 Pater
3584 4209 3671 4275 qni

2097 4313 2331 4382 gignitur
2379 4320 2428 4362 et
2469 4307 2686 4361 Filius:
2757 4315 2833 4359 est
2877 4305 3014 4358 enim
3061 4298 3496 4366 inrorrnptibilis.
3544 4297 3672 4350 Tal--

427 4395 742 4464 dydaptoq.
784 4397 1032 4449 Τοιοῦτον
1089 4397 1224 4467 τάχα
1277 4399 1424 4451 ἐστὶν
1471 4399 1500 4452 ὅ
1543 4417 1674 4469 φησι
1727 4402 1987 4471 περὶτῶν

2104 4404 2205 4455 hoc
2235 4400 2466 4455 fortasse
2513 4407 2597 4454 est
2645 4397 2792 4467 quod
2853 4397 2921 4449 de
2965 4395 3149 4462 impiis
3194 4390 3330 4445 dicit
3385 4387 3668 4458 propheta,

430 4483 638 4536 ἁσιόὦν
667 4487 694 4538 6
732 4488 1044 4557 προφήτης,
1077 4487 1155 4539 ὅτι
1197 4487 1384 4541 Ἱστὸν
1407 4489 1673 4558 ἀράχνης
1710 4494 1997 4560 ὑφαίνου-

430 4594 548 4630 σιν.
599 4578 688 4640 Ὠς
726 4580 831 4648 γὰρ
865 4580 950 4631 ἐπ’
982 4578 1191 4633 ἐκείνου
1221 4580 1405 4650 σχῆμα
1443 4581 1540 4651 μέν
1581 4584 1694 4635 ἐστι
1730 4585 1822 4638 τοῦ
1857 4585 1994 4652 639i-

431 4686 666 4737 σματος,
715 4669 1006 4734 ὑπόστασις
1054 4669 1111 4724 δὲ
1154 4671 1252 4724 οὐκ
1290 4671 1433 4724 ἔστιν
1466 4673 1524 4725 ὲν
1553 4673 1631 4744 τῷ
1669 4674 1938 4745 σχήματι·
1972 4679 2000 4729 6

431 4763 536 4832 γὰρ
559 4762 831 4832 ἁψάμενος
863 4763 1072 4826 οὐδενὸς
1105 4765 1412 4834 ὑφεστῶτος
1438 4767 1696 4828 ἅπτεται,
1728 4769 2002 4838 περιφθει-

436 4856 678 4926 ρομένων
707 4859 774 4926 τῇ
803 4855 910 4908 τῶν
942 4855 1217 4909 δακτύλων
1250 4857 1359 4928 ἀφῇ
1391 4857 1497 4909 τῶν
1527 4858 1800 4928 ἀραχνίων
1828 4859 2003 4930 νημά-

433 4964 539 4999 των
564 4963 577 4976 ·
614 4947 838 5016 τοιαύτη
873 4947 986 5000 ἐστὶ
1027 4948 1115 5000 καὶ
1156 4949 1188 5016 ὴ
1224 4945 1330 4998 τῶν
1368 4947 1610 5016 ματαίων
1647 4947 1844 5012 λέξεων
1870 4951 2000 5002 ἀνυ-

441 5038 698 5100 πόστατος
730 5037 1009 5106 ἱστουργία
1064 5038 1185 5089 Οὐκ
1219 5037 1288 5089 ἐν
1315 5035 1393 5100 τῷ
1428 5036 1666 5104 rari-civ,
1699 5039 1853 5111 φησὶ,
1890 5039 2004 5106 τὴν

438 5129 595 5184 ἰδίαν
627 5130 847 5182 οὐσίαν
889 5128 1138 5198 μερίζων
1160 5169 1174 5193 ,
1215 5130 1314 5184 καὶ
1361 5133 1392 5183 ό
1430 5130 1612 5197 αὐτὸς
1649 5130 1875 5200 γεννῶν
1908 5133 2004 5185 καὶ

435 5218 823 5288 γεννώμενος.
840 5217 984 5292 τΑ’ρα
1016 5220 1170 5289 λόγον
1197 5221 1460 5291 ὀνομάσαι
1490 5220 1596 5291 χρὴ
1618 5221 1686 5273 τὰ
1712 5220 2002 5291 λεγόμενα,

437 5309 470 5379 ἢ
510 5310 707 5379 μᾶλλον
738 5311 1042 5381 φλέγματός
1072 5330 1213 5374 τινος
1239 5312 1422 5378 ὄγκον,
1454 5312 1558 5364 ὑπό
1583 5328 1726 5373 τινος
1754 5311 2008 5383 ὑδερικῆς

439 5401 732 5474 πληθώρας
763 5402 1198 5472 ἀναπτυόμενον;
1234 5402 1298 5455 Τί
1327 5403 1435 5473 γάρ
1464 5404 1581 5455 ἐστι
1610 5402 1670 5455 τὸ
1689 5401 1786 5473 τὴν
1814 5402 2007 5455 ἑαυτοῦ

442 5491 686 5562 μερίζειν
722 5492 908 5544 οὐσίαν
950 5495 1006 5544 ἐν
1047 5492 1126 5562 τῷ
1153 5495 1346 5563 γεννᾷν
1371 5534 1385 5558 ,
1423 5493 1517 5546 καὶ
1554 5493 1645 5546 τὸν
1679 5493 1840 5548 αὑτὸν
1873 5491 2011 5548 εἶναι

515 5667 558 5700 ’τ
589 5664 748 5721 Joan.
795 5682 904 5728 xw,
957 5667 1008 5721 6.
1087 5667 1128 5696 ’⁸
1183 5665 1286 5720 lsa.
1321 5683 1428 5727 Lix.
1463 5667 1517 5721 5.

727 5763 998 5822 Ρλτιιοι..
1033 5760 1148 5822 Gn.
1189 5760 1378 5822 XLV.

2107 4492 2288 4546 Telam
2337 4505 2545 4543 aranew
2593 4483 2771 4542 teinnt
2806 4487 2872 4539 ⁸³.
2921 4483 2989 4538 Ut
3051 4484 3194 4537 enim
3247 4483 3298 4534 in
3355 4479 3447 4532 illa
3506 4479 3672 4548 figura

2107 4583 2324 4653 quidem
2371 4591 2451 4635 est
2484 4588 2738 4640 texturae,
2774 4577 2866 4632 sed
2905 4592 3008 4629 non
3035 4574 3225 4629 subest
3253 4573 3304 4624 in
3338 4572 3672 4640 figuraiirma

2106 4673 2354 4728 soliditas
2391 4689 2407 4724 :
2440 4669 2534 4739 qui
2590 4669 2733 4722 enim
2789 4666 2989 4735 tangit,
3043 4664 3178 4718 nihil
3217 4662 3361 4733 quod
3413 4660 3672 4714 subsistat

2119 4763 2308 4833 tangit,
2359 4759 2716 4831 pereuntibus
2768 4758 3061 4830 digitorum
3115 4764 3258 4808 tactu
3300 4767 3511 4806 araneae
3543 4750 3674 4805 filis:

2109 4853 2236 4906 talis
2261 4859 2345 4905 cst
2379 4851 2544 4905 etiam
2575 4850 2688 4903 haec.
2731 4849 2975 4903 inanium
3007 4846 3310 4900 dictionum
3359 4843 3531 4897 futilis
3577 4856 3676 4894 nec

2110 4943 2417 4997 subsistens
2438 4948 2682 4994 textura.
2718 4939 2836 4991 Non
2866 4935 3012 4989 enim
3046 4935 3365 5004 generando,
3398 4933 3494 4997 ait,
3527 4948 3677 4986 suam

2108 5033 2391 5088 essentiam
2433 5031 2690 5101 partiens,
2741 5038 2790 5082 et
2821 5026 2956 5081 idem
2988 5036 3066 5081 est
3095 5028 3184 5098 qui
3222 5033 3457 5097 generat,
3495 5033 3545 5077 et
3589 5024 3678 5088 qni

2111 5133 2411 5194 generatur.
2446 5122 2522 5175 An
2552 5120 2854 5174 orationem
2883 5121 2994 5172 haec
3028 5118 3170 5173 dicta
3197 5118 3481 5171 nominare
3514 5129 3677 5181 opor-

2112 5219 2211 5278 tet,
2240 5227 2305 5265 an
2331 5212 2514 5282 potius
2539 5211 2748 5279 pituita:
2777 5209 3061 5278 cujusdam
3086 5209 3390 5265 humorem,
3416 5217 3476 5255 ex
3500 5201 3678 5268 aliqua

2118 5318 2326 5374 aquosa
2385 5302 2752 5358 redundantia
2819 5299 3143 5354 excretum?
3194 5296 3336 5360 Quid
3393 5293 3537 5346 enim
3601 5305 3681 5342 est

2118 5412 2272 5452 suam
2313 5397 2367 5450 in
2409 5393 2718 5466 generando
2764 5393 2954 5464 partiri
2987 5389 3303 5445 essentiam,
3343 5393 3396 5438 et
3434 5382 3680 5436 eumdem

2125 5504 2250 5544 esse
2289 5495 2640 5559 generantem
2682 5493 2736 5540 et
2794 5478 3152 5555 generatum?
3190 5475 3322 5542 Quis
3367 5475 3442 5530 ita
3485 5488 3684 5529 means

3293 5749 3366 5807 16
