4068 6148
375 208 471 263 401

1580 220 1672 274 .S.
1716 219 2045 274 GREGORH
2093 220 2375 275 NYSSENI

3508 214 3612 268 M2

374 327 531 400 inops
575 337 626 383 et
676 346 887 397 vecors,
932 341 991 386 ut
1022 334 1168 390 hunc
1210 351 1514 392 sermonem
1560 350 1732 403 serat,
1774 357 1929 412 quem

2038 343 2308 408 γεννῶντα
2344 359 2403 393 τε
2450 342 2542 394 καὶ
2568 342 2930 411 γεννιῖιμενον;
2966 340 3059 404 Τίς
3091 339 3261 401 οὕτως
3290 337 3609 407 παράφορος

374 418 592 473 videtur
612 419 912 477 Eunomius
941 424 1304 496 impugnare?
1335 428 1580 485 Ecclesia
1601 433 1822 502 quidem
1852 452 1938 489 vc-

372 524 494 563 rum
529 510 740 564 Patrem
775 514 948 568 credit
1006 532 1130 571 vere
1155 534 1277 574 esse
1325 523 1527 591 proprii
1552 522 1669 577 Filii
1702 522 1935 589 Patrem,

373 600 516 653 sicut
538 602 615 654 ait
640 603 960 672 Apostolus,
992 623 1098 661 non
1127 611 1291 665 alieni
1313 613 1427 666 {sic
1446 615 1590 668 enim
1622 616 1673 668 in
1701 616 1938 685 quadam

373 687 733 758 Epistolarum
765 692 959 748 eﬂatus
989 704 1105 751 est:
1137 698 1240 764 Qui
1279 702 1488 769 proprio
1526 702 1667 756 Filio
1696 720 1792 757 suo
1836 722 1937 759 non

370 780 592 843 pepercit
624 781 704 834 ’9:
735 785 941 852 proprii
1003 787 1301 855 adjectioni
1363 806 1645 861 opponens
1702 808 1796 848 eos
1846 797 1935 865 qui

372 870 542 932 gratia
579 885 684 923 non
718 880 915 926 natura
949 876 1245 945 adeptione
1284 880 1432 949 digni
1467 893 1790 937 censentur.
1840 885 1937 938 llic

370 968 549 1012 autem
588 972 829 1015 nostram
865 965 1007 1019 hanc
1049 968 1365 1036 opinionem
1402 974 1769 1039 calumnians,
1805 977 1934 1045 quid

369 1050 541 1104 dicit?
590 1052 711 1106 Non
787 1058 839 1107 in
905 1059 1197 1125 generando
1247 1078 1396 1114 suam
1446 1064 1610 1131 ipsius
1660 1068 1937 1119 essentiam

368 1143 625 1208 partiens,
661 1162 831 1216 neque
868 1149 1004 1201 idem
1032 1152 1120 1220 qui
1152 1162 1386 1220 general,
1434 1165 1481 1207 et
1524 1157 1612 1223 qui
1638 1168 1934 1225 generatur,

370 1232 446 1284 re!
488 1233 621 1285 idem
660 1235 820 1290 Pater
843 1241 929 1307 qui
972 1242 1204 1309 gignitur
1236 1256 1284 1294 et
1322 1241 1493 1296 Filius
1531 1265 1543 1297 :
1575 1256 1650 1300 est
1694 1249 1826 1301 enim
1864 1249 1936 1302 in-

372 1325 746 1391 rarruptibilis.
796 1328 1078 1396 Quispiam
1132 1332 1381 1394 audiens,
1432 1335 1496 1388 In
1528 1338 1788 1405 principio
1824 1349 1936 1391 erat

386 1411 623 1475 Verbum,
672 1427 718 1469 et
750 1417 888 1471 Deus
918 1431 1032 1473 erat
1071 1420 1289 1475 Verbum
1316 1426 1330 1455 ¹
1351 1465 1364 1485 ,
1383 1433 1457 1486 et,
1489 1424 1709 1481 Verbum
1739 1444 1803 1481 ea:
1832 1428 1936 1482 Deo

379 1500 534 1556 Patre
557 1506 757 1564 exivit:
806 1509 1011 1565 siccine
1049 1515 1323 1571 sincerum
1377 1525 1429 1570 ct
1459 1533 1666 1586 purum
1717 1519 1933 1589 dogma,

370 1600 478 1644 tam
531 1592 691 1649 fmdis
735 1606 788 1653 et
830 1600 982 1655 tetris
1022 1618 1087 1657 ac
1130 1607 1577 1674 graveolentibus
1620 1611 1936 1666 notionibus

2040 430 2137 500 τὴν
2170 430 2403 483 διάνοιαν
2427 468 2441 493 ,
2471 430 2545 492 ὡς
2580 429 2765 481 τοῦτον
2796 432 2968 481 εἰπεῖν
3019 428 3108 480 τὸν
3145 426 3299 494 λόγον
3322 467 3336 488 ,
3382 425 3518 491 πρὸς
3551 425 3610 478 ὃν

2045 522 2306 590 μάχεσθαι
2338 521 2484 574 δοκεῖ
2510 524 2536 573 ό
2574 522 2861 591 Εὐνόμιοςς
2918 521 2981 572 Ἡ
3019 520 3116 588 μὲν
3162 519 3269 589 γὰρ
3315 515 3611 587 Ἐκκλησία

2044 612 2284 664 πιστεύει
2319 613 2408 664 τὸν
2457 611 2708 681 ἀληθινὸν
2756 611 2974 679 Πατέρα
3026 608 3239 679 ἀληθῶς
3290 603 3430 659 εἶναι
3474 606 3607 660 Υἰοῦ

2040 702 2256 775 Πατέρα
2286 703 2435 765 ἰδίου,
2487 700 2665 764 καθώς
2698 718 2828 772 φησι
2859 702 2887 752 ὀ
2935 698 3252 762 Ἀπόστολος
3277 739 3290 761 ,
3318 699 3417 751 οὐκ
3451 698 3608 751 ἀλλος

2038 790 2193 859 τέρου
2219 807 2233 821 ”
2264 789 2406 843 οὕτω
2424 789 2531 858 γὰρ
2560 786 2615 840 ἕν
2647 806 2751 841 τινι
2777 788 2884 840 τῶν
2913 786 3239 840 Ἐπιστολῶν
3270 787 3608 855 ἀπεφήνατο.

2040 884 2140 945 ’Ὣς
2165 878 2263 933 τοῦ
2286 879 2435 936 ἰδίου
2460 881 2595 935 Υἱοῦ
2623 884 2732 936 οὐκ
2746 881 3044 952 ἐφείσίιτοο
3064 878 3510 932 ἀντιδιαστέλλων
3540 881 3605 949 τῇ

2037 971 2129 1024 τοῦ
2184 972 2312 1023 ἰδίου
2356 972 2639 1042 προσθήκῃ
2690 973 2814 1035 τοὺς
2859 971 3039 1042 χάριτι
3076 970 3169 1023 καί
3210 970 3270 1023 οὐ
3318 969 3480 1038 φύσει
3508 970 3607 1039 τῆς

2040 1061 2304 1122 υἶοθεσίας
2327 1060 2676 1132 ἠξιωμένους.
2721 1063 2778 1112 ’0
2799 1060 2857 1113 δὲ
2882 1060 3085 1129 ταύτην
3115 1057 3271 1129 ἡμῶν
3300 1057 3607 1111 διαϐάλλων

2036 1152 2132 1224 τὴν
2171 1152 2436 1222 ὑπόληψιν
2461 1191 2476 1215 ,
2527 1152 2580 1204 τί
2619 1152 2794 1219 λέγει;
2833 1154 2954 1205 Οὐκ
3003 1151 3072 1203 ἐν
3116 1143 3194 1213 τῷ
3244 1147 3466 1219 γεννᾶν
3490 1148 3609 1217 τὴν

2037 1244 2253 1297 οὐσίαν
2283 1243 2497 1297 ἑαυτοῦ
2542 1242 2791 1311 μερίζων
2812 1284 2826 1308 ,
2860 1243 3001 1297 οὐδὲ
3039 1243 3221 1309 αὐτὸς
3252 1240 3482 1312 γεννῶν
3506 1242 3604 1296 και

2037 1335 2401 1403 γεννώμενος
2426 1352 2440 1365 ’
2499 1333 2537 1403 ἢ
2590 1338 2623 1388 d
2669 1335 2851 1400 αὐτὸς
2903 1334 3105 1401 Πατὴρ
3158 1336 3470 1404 γινόμενος
3507 1332 3605 1387 καὶ

2046 1426 2177 1490 Υἱός
2198 1442 2211 1456 ·
2244 1428 2374 1478 ἐστι
2414 1424 2522 1494 γὰρ
2549 1424 2866 1494 ἄφθαρτος.
2910 1425 3148 1479 ’Δκούων
3192 1443 3273 1488 τις
3302 1426 3495 1490 Λόγον
3532 1426 3606 1478 ἐν

2036 1517 2194 1585 ἀρχῇ
2233 1517 2412 1570 ὄνταο
2436 1517 2546 1585 καὶ,
2572 1517 2720 1571 Θεὸν
2752 1518 2893 1570 ὄντα
2931 1517 3038 1570 τὸν
3067 1516 3262 1585 Λόγον
3286 1555 3298 1577 ,
3334 1516 3447 1578 καὶ,
3491 1515 3605 1569 Λό-

2038 1623 2147 1676 γον
2172 1606 2237 1659 ἐκ
2260 1606 2365 1659 τοῦ
2395 1606 2624 1675 Πατρός
2692 1607 3012 1672 ἐξελθόντα·Δ
3053 1607 3196 1660 οὕτω
3227 1607 3605 1677 καταρρυπαί-

372 1684 617 1755 inquinat
652 1697 705 1743 et
731 1695 1095 1762 conspurcat?
1133 1697 1260 1751 dum
1295 1698 1429 1753 dicit
1467 1718 1481 1753 :
1549 1702 1664 1756 Non
1696 1704 1749 1756 in
1782 1720 1929 1774 gene-

2038 1712 2117 1748 νει
2161 1694 2221 1746 τὸ
2253 1696 2526 1766 ἀκήρατον
2559 1694 2733 1765 δόγμα
2760 1734 2773 1757 ,
2812 1697 2924 1758 τοῖς
2956 1696 3199 1765 αἰσχροῖς
3252 1694 3461 1757 τούτοις
3509 1696 3605 1749 καὶ

370 1778 534 1831 rando
564 1793 712 1831 suam
747 1783 1017 1835 essentiam
1049 1784 1299 1851 partitur.
1397 1785 1442 1842 Ο
1479 1790 1844 1846 exsecrandas
1876 1799 1932 1845 et

369 1864 787 1933 abominandas,
840 1869 1083 1941 impuras
1132 1882 1186 1929 et
1241 1876 1489 1933 sordidas
1539 1879 1930 1948 cogitationes!

367 1954 650 2021 Quomodo
676 1960 763 2029 qui
794 1962 919 2015 talia
954 1964 1162 2033 profert
1189 1983 1295 2021 non
1326 1970 1619 2041 intelligit,
1643 1972 1789 2042 quod
1840 1989 1933 2027 ue-

368 2064 474 2117 que
509 2066 606 2119 per
637 2066 882 2117 carnem,
922 2054 1065 2112 Deus
1105 2060 1197 2128 qui
1234 2061 1643 2127 manifestatur,
1686 2065 1933 2121 humana:

368 2151 576 2196 naturae
608 2145 913 2211 passionem
935 2148 1001 2200 ad
1031 2149 1116 2202 sui
1138 2153 1390 2221 corporis
1407 2158 1930 2224 coagmentationem

370 2233 600 2301 accepit,
638 2235 731 2289 sed
766 2250 899 2304 puer
932 2247 1096 2295 natus
1117 2249 1203 2295 est
1230 2243 1388 2297 nobis
1418 2259 1480 2298 ex
1516 2245 1721 2316 Spiritu
1743 2258 1933 2305 sancto

367 2329 421 2376 et
444 2324 646 2379 virtute
669 2325 934 2381 Altissimi
976 2332 995 2361 '
1017 2369 1031 2393 ,
1070 2346 1247 2401 neque
1276 2333 1441 2403 Virgo
1474 2336 1589 2404 ipsa
1630 2339 1928 2409 quidquam

369 2429 628 2483 perpessa
680 2427 783 2478 est,
823 2433 996 2487 neque
1015 2422 1254 2491 Spiritus
1283 2425 1585 2483 diminutus
1616 2439 1718 2490 est,
1757 2447 1932 2501 neque

366 2505 543 2561 virtus
563 2507 828 2563 Altissimi
853 2510 906 2563 in
938 2520 1119 2579 partes
1143 2514 1378 2570 disseeta
1410 2509 1551 2573 fuit?
1579 2520 1789 2576 Etenim
1811 2524 1932 2594 Spi-

367 2597 505 2652 ritus
531 2605 679 2653 totus
711 2609 813 2665 est,
836 2608 889 2654 et
915 2600 1183 2658 Altissimi
1215 2607 1391 2660 virtus
1425 2609 1634 2679 integra
1662 2613 1782 2666 sine
1821 2614 1928 2668 ulla

366 2688 746 2743 imminutione
792 2693 1011 2746 mansit.
1045 2690 1108 2745 Et
1139 2710 1276 2763 puer
1306 2707 1468 2754 natus
1506 2709 1590 2755 est
1624 2711 1792 2763 totus.
1837 2720 1932 2758 ne-

365 2795 472 2848 que
514 2781 707 2835 matris
739 2782 1109 2852 integritatem
1152 2786 1522 2845 labefactavit.
1572 2793 1773 2850 Deinde
1803 2813 1932 2854 caro

365 2885 431 2922 ex
481 2883 645 2924 carne
688 2871 905 2939 quidem
946 2888 1229 2943 procreata
1274 2888 1380 2943 est,
1424 2883 1519 2936 sed
1564 2883 1772 2952 ab3que
1807 2903 1931 2956 per-

366 2960 815 3028 pessiouc:hunc
839 2975 1020 3019 autem
1058 2968 1244 3037 gloriaa
1274 2972 1627 3040 splendorem
1672 2992 1779 3030 non
1815 2980 1929 3032 vult

366 3051 665 3106 Erinomius
688 3053 754 3109 ab
779 3054 894 3125 ipsa
929 3073 1051 3113 esse
1083 3061 1278 3129 gloria,
1321 3065 1581 3134 quoniam
1608 3068 1778 3137 gloria
1810 3087 1931 3140 quae

367 3141 541 3195 lucem
602 3154 825 3213 generat
854 3162 1030 3217 neque
1083 3151 1368 3219 minuitur,
1401 3171 1578 3226 neque
1628 3159 1682 3211 in
1746 3171 1932 3230 partes

365 3232 660 3310 divellitur.
682 3234 745 3288 Et
775 3238 992 3305 quidem
1022 3242 1244 3296 verbum
1272 3245 1932 3318 hominisimpartibiliter

365 3340 429 3377 ex
473 3334 651 3380 mente
681 3338 993 3398 generatur.
1024 3330 1091 3383 At
1143 3332 1285 3386 Deus
1317 3334 1575 3399 Verbum,
1610 3340 1713 3393 nisi
1753 3340 1930 3396 Patris

365 3420 599 3470 essentia
635 3418 685 3470 in
723 3428 907 3487 partes
940 3421 1099 3473 fuerit
1127 3431 1300 3485 secta,
1326 3440 1431 3476 non
1470 3435 1646 3494 potest
1681 3444 1741 3481 ex
1774 3428 1931 3485 Patre

363 3509 541 3576 gignit
579 3508 713 3573 Quis
769 3510 844 3563 ita
877 3526 1070 3565 vecors
1122 3523 1175 3566 et
1229 3515 1505 3584 stupidus,
1539 3518 1630 3587 qui
1664 3517 1931 3589 dogmatis

365 3597 527 3665 hujus
575 3598 979 3654 absurdidatem
1021 3609 1073 3653 et
1122 3605 1411 3658 amentiam
1463 3623 1569 3661 non
1626 3609 1933 3680 intelligat?

367 3691 483 3744 Non
512 3692 566 3744 in
597 3691 908 3758 generando,
951 3690 1153 3759 inquit,
1217 3694 1478 3760 propriam
1510 3699 1779 3752 essentiam
1811 3714 1931 3768 par-

365 3778 511 3831 tiens.
549 3775 719 3843 Cujus
741 3779 954 3847 propria
973 3782 1210 3835 essentia
1230 3783 1280 3835 in
1303 3784 1616 3851 generando
1664 3788 1715 3840 in
1745 3797 1927 3857 partes

362 3866 747 3921 distribuitur?
793 3868 1041 3925 Esseutia
1074 3875 1216 3926 enim
1255 3872 1307 3927 in
1348 3874 1669 3932 hominibus
1705 3886 1790 3931 est
1825 3880 1927 3932 hu-

362 3971 519 4010 mana
550 3964 762 4012 natura.
785 3960 841 4013 In
871 3963 1099 4015 rationis
1121 3965 1434 4033 expertibus
1458 3969 1782 4035 generaliter
1809 3973 1920 4039 qui-

360 4049 480 4102 dem
531 4059 721 4105 natura
782 4055 1012 4107 rationis
1058 4071 1275 4125 expers,
1332 4058 1645 4126 specialiter
1691 4076 1820 4114 vero
1873 4063 1925 4115 in

362 4142 533 4198 bobus
574 4151 628 4197 et
658 4144 709 4197 in
741 4145 960 4210 ovibus,
986 4155 1039 4200 et
1067 4148 1119 4200 in
1153 4148 1411 4203 omnibus
1452 4149 1651 4204 belluis
1688 4166 1809 4220 quae
1838 4168 1927 4207 se-

358 4235 596 4289 cundum
629 4238 1021 4307 proprietatutn
1048 4239 1386 4295 differentias
1410 4247 1689 4309 Spectatur
1710 4250 1921 4299 natura.

357 4324 496 4390 Quid
534 4327 703 4395 igitur
753 4328 947 4381 horum
992 4346 1087 4398 per
1128 4339 1345 4400 partum
1386 4333 1501 4385 sive
1546 4331 1713 4387 fetum
1770 4352 1922 4390 suam

355 4419 651 4472 essentiam
674 4420 945 4488 partitur?
965 4419 1156 4476 Nonne
1181 4438 1276 4492 per
1303 4424 1713 4479 successionem
1735 4441 1922 4480 eorum

353 4523 476 4575 quae
522 4519 856 4569 enascuntur
897 4512 948 4565 in
986 4527 1313 4581 unoquoque
1351 4515 1662 4568 atiimalium
1713 4530 1928 4585 semper

355 4598 564 4668 integra
595 4608 775 4655 manet
800 4602 1032 4655 natura?
1065 4601 1334 4658 Przeterea
1384 4604 1547 4657 homo
1584 4605 1711 4657 dum
1752 4621 1819 4659 ex
1866 4620 1925 4660 se

353 4689 624 4744 hominem
652 4692 841 4761 gignit,
877 4708 985 4745 non
1021 4708 1174 4746 suam
1217 4702 1466 4747 naturam
1501 4693 1800 4757 distribuit,
1829 4695 1920 4750 sed

351 4790 405 4836 et
436 4782 581 4835 ineo
618 4784 709 4851 qui
746 4785 930 4853 genuit
977 4785 1219 4854 atquein
1259 4785 1441 4854 genito
1475 4793 1586 4838 tota
1620 4796 1723 4850 est,
1751 4802 1923 4855 neque

350 4888 417 4926 ex
446 4872 550 4926 hoc
581 4873 645 4927 ad
678 4875 827 4927 illum
855 4875 1137 4936 dividitur,
1173 4892 1348 4944 neque.
1374 4876 1623 4938 discedit,
1659 4893 1833 4946 neque
1868 4878 1920 4930 in

350 4978 415 5018 eo
454 4963 767 5025 mutilatur,
804 4978 925 5016 cum
958 4965 1009 5016 in
1046 4966 1139 5018 illo
1175 4966 1416 5035 perfecta
1439 4966 1525 5030 sit,
1551 4976 1714 5035 atque
1740 4968 1920 5021 omnis

350 5055 403 5108 in
428 5069 493 5107 eo
527 5054 814 5115 eonsismt,
848 5063 902 5108 et
935 5058 1114 5111 omnis
1152 5059 1203 5109 in
1244 5058 1334 5110 illo
1368 5057 1699 5111 inveniatur.
1735 5060 1914 5126 Siqui-

348 5146 471 5199 dem
531 5146 851 5214 priusquam
910 5161 973 5199 ex
1036 5162 1093 5201 se
1129 5150 1397 5203 hominem
1445 5157 1751 5218 generaret,
1788 5148 1920 5201 'erat

350 5236 546 5290 animal
576 5237 807 5291 rationis
842 5240 1130 5307 particeps.
1176 5241 1420 5304 mortale,
1458 5240 1826 5317 intelligentia:
1867 5252 1917 5294 et

348 5326 593 5381 scientia:
626 5342 817 5397 capax.
865 5327 1011 5383 Idem
1044 5337 1329 5399 postquam
1362 5346 1427 5384 ex
1457 5346 1515 5382 se
1541 5331 1700 5384 talem
1731 5331 1917 5398 genuit

352 5416 666 5469 hominem:
706 5420 777 5469 ita
829 5423 886 5469 ut
931 5431 1121 5470 omnes
1170 5427 1376 5472 naturae
1428 5418 1787 5488 proprietates
1863 5435 1914 5472 tu

444 5586 464 5616 ⁹
520 5588 675 5642 Rom.
730 5606 848 5653 vtu,
884 5593 971 5646 σε.
1040 5596 1054 5625 ¹
1093 5592 1249 5647 Jiau.
1306 5610 1344 5655 ι,
1405 5594 1447 5643 l.
1547 5593 1565 5621 ²
1632 5591 1813 5646 Matth.
1848 5609 1883 5658 ι,

2039 1784 2255 1837 ὀδωδόσι
2282 1789 2552 1856 νοήμασι;
2584 1784 2755 1853 λέγων
2779 1801 2793 1814 ·
2831 1786 2951 1837 Οὐκ
2984 1784 3055 1837 ἐν
3103 1783 3183 1848 τῷ
3247 1783 3462 1853 γεννᾷν
3492 1783 3608 1851 τὴν

2039 1876 2256 1929 οὐσίαν
2285 1872 2517 1943 μερίζειῤ
2553 1876 2617 1927 Ὢ
2642 1874 2742 1944 τῆς
2777 1874 3056 1944 βδελυρίας
3079 1874 3186 1926 τῶν
3217 1875 3455 1945 αἰσχρῶν
3481 1874 3611 1927 τού-

2038 1983 2144 2020 των
2176 1965 2269 2018 καὶ
2290 1965 2551 2038 ῥυπαρῶν
2577 1965 2862 2035 νοημάτων
2891 1966 2903 2017 !
2938 1964 3061 2028 Πῶς
3097 1967 3157 2018 οὐ
3188 1965 3431 2036 συνίησιν
3466 1965 3496 2018 δ
3536 1963 3609 2018 τὰ

2039 2057 2258 2111 τοιαῦτα
2309 2056 2509 2124 λέγων,
2554 2057 2634 2109 ὅτι
2680 2055 2801 2108 οὔτε
2840 2056 2928 2109 διὰ
2959 2055 3160 2125 σαρκὸς
3192 2057 3219 2108 ὁ
3264 2054 3396 2116 Θεὸς
3437 2072 3608 2125 φανε-

2041 2148 2298 2220 ρούμενος
2336 2147 2396 2200 τὸ
2444 2147 2543 2217 τῆς
2594 2145 2938 2217 ἀνθρωπίνης
2981 2146 3194 2216 φύσεως
3253 2147 3423 2210 πάθος
3469 2146 3609 2217 πρὸς

2037 2238 2134 2309 τὴν
2177 2237 2268 2291 τοῦ
2316 2237 2443 2289 ἰδίου
2498 2235 2744 2306 σώματος
2784 2235 3039 2289 σύστασιν
3072 2235 3430 2307 παρεδέξατο,
3470 2236 3608 2289 ἀλλὰ

2039 2328 2131 2380 καὶ
2163 2326 2369 2380 παιδίον
2415 2324 2675 2395 ἐγεννήθη
2724 2326 2852 2394 ἡμῖν
2884 2325 2946 2375 ἐκ
2972 2321 3286 2392 Πνεύματος
3327 2323 3476 2390 ἁγίου
3511 2321 3610 2375 καὶ

2036 2419 2316 2488 δυνάμεως
2359 2417 2612 2486 Ὑψίστου
2636 2436 2647 2447 ·
2685 2416 2776 2468 καὶ
2816 2413 2940 2467 οὔτε
2975 2416 3008 2484 ἠ
3058 2414 3334 2487 Παρθένος
3383 2413 3606 2479 ἔπαθεν,

2038 2508 2160 2563 οὔτε
2186 2510 2246 2562 τὸ
2273 2509 2495 2579 Πνεῦμα
2541 2506 2776 2578 ὲμειὼθη
2796 2546 2811 2567 ,
2842 2505 2964 2559 οὔτε
2996 2507 3029 2576 ἡ
3062 2506 3290 2577 δύναμις
3319 2505 3411 2559 τοῦ
3448 2505 3608 2574 Ὑψί-

2039 2618 2165 2655 στου
2191 2599 2564 2671 ἁπεμερίσθη;
2586 2600 2693 2651 Καὶ
2718 2598 2826 2669 γὰρ
2852 2599 2912 2652 τὸ
2938 2597 3158 2668 Πνεῦμα
3184 2597 3302 2650 ὅλον
3331 2597 3471 2657 ἐστὶ,
3510 2596 3610 2649 καὶ

2038 2696 2071 2764 ή
2109 2694 2201 2746 τοῦ
2248 2692 2501 2762 Ὑψίστου
2550 2690 2777 2761 δύναμις
2827 2690 3093 2760 ἀμείωτος
3132 2689 3332 2760 ἔμεινε.
3385 2690 3495 2741 Καὶ
3546 2691 3612 2743 τὸ

2039 2784 2246 2837 παιδίον
2275 2781 2533 2853 ἐγεννήθη
2564 2782 2701 2845 ὅλον,
2732 2782 2823 2835 καὶ
2848 2781 2944 2851 τὴν
2972 2782 3067 2852 τῆς
3097 2782 3304 2853 μητρὸς
3338 2781 3608 2853 ἀφθορίαν

2036 2878 2136 2930 οὐκ
2162 2876 2482 2947 ἐλυμήνατο.
2512 2870 2644 2928 Εἶτα
2671 2872 2807 2945 σὰρξ
2832 2874 2929 2943 μὲν
2953 2873 3058 2927 ἀπὸ
3086 2874 3285 2943 σαρκὸς
3319 2873 3606 2944 ἐγεννήθη,

2035 2968 2156 3039 δίχα
2182 2968 2386 3030 πάθους
2406 2983 2419 2996 ο
2447 2965 2510 3018 τὸ
2544 2964 2600 3017 δὲ
2638 2965 2737 3034 τῆς
2769 2965 2924 3033 δόξης
2957 2963 3296 3034 ἀπαύγασμα
3329 2966 3389 3016 οὐ
3423 2964 3610 3034 βούλε-

1961 3042 2001 3097 C
2035 3077 2123 3113 ται
2155 3060 2249 3113 ἀπ’
2282 3058 2449 3127 αὐτῆς
2502 3052 2641 3109 εἶναι
2690 3058 2717 3108 ὁ
2765 3054 3024 3124 Εὖνόμιος
3063 3056 3160 3126 τῆς
3192 3053 3350 3123 δόξης
3374 3072 3386 3085 ·
3415 3051 3600 3123 ἐπειδὴ

2033 3149 2152 3202 οὔτε
2185 3147 2426 3220 μειοῦται
2454 3145 2695 3216 γεννῶσα
2720 3146 2779 3199 τὸ
2819 3145 2932 3214 φῶς
2962 3148 2994 3216 ἡ
3029 3146 3152 3211 δόξα
3173 3188 3186 3206 ,
3220 3145 3342 3199 οὔτε
3386 3143 3599 3215 μερίζεα

2033 3255 2142 3290 ται.
2176 3236 2286 3290 Καὶ
2316 3237 2342 3287 ὁ
2375 3235 2472 3306 μὲν
2507 3233 2842 3305 ἀνθρώπινος
2869 3233 3024 3301 λόγος
3053 3233 3362 3303 ἀμερίστως
3400 3234 3464 3285 ἐκ
3505 3232 3604 3284 τοῦ

2032 3328 2120 3381 vo?
2150 3329 2421 3394 γεννᾶται.
2470 3326 2526 3379 Ὀ
2548 3324 2603 3378 δὲ
2634 3325 2763 3388 Θεὸς
2785 3324 2950 3392 Λόγος
2970 3366 2983 3384 ,
3020 3325 3113 3376 ἐὰν
3139 3325 3211 3395 μὴ
3250 3325 3476 3393 μερισθῇ
3509 3323 3612 3377 τοῦ

2033 3420 2243 3492 Πατρδς
2269 3423 2299 3488 ἡ
2329 3419 2503 3484 οὐσία,
2532 3421 2594 3472 ἐκ
2634 3419 2724 3473 τοῦ
2756 3417 2968 3489 Πατρὺς
2997 3417 3319 3486 γεννηθῆναι
3350 3419 3410 3469 οὐ
3447 3416 3609 3469 δύνα-

2030 3532 2138 3567 ται.
2168 3515 2308 3584 Ἀρα
2357 3514 2445 3577 τίς
2488 3512 2658 3575 οὕτως
2696 3512 2841 3564 ἐστὶν
2872 3511 3107 3581 ἠλίθιος,
3138 3511 3211 3573 ὡς
3257 3508 3329 3580 μὴ
3368 3514 3607 3564 συνεῖναι

2029 3606 2125 3674 τὴν
2182 3605 2403 3674 ἀλογίαν
2456 3602 2547 3657 τοῦ
2600 3603 2902 3673 δὸγματοςς
2962 3604 3081 3655 Οὐκ
3134 3603 3203 3654 ἐν
3232 3599 3309 3665 τῷ
3357 3600 3609 3671 γεννᾷν,

2031 3698 2181 3767 φησι,
2212 3695 2325 3763 τὴν
2352 3695 2509 3748 ἰδίαν
2538 3696 2757 3748 οὐσίαν
2793 3692 3059 3761 μερίζων.
3088 3691 3240 3755 Τίνος
3275 3692 3381 3764 γὰρ
3432 3695 3488 3744 ἐν
3526 3693 3613 3761 τῷ

2028 3789 2221 3857 γεννᾷν
2249 3789 2282 3856 ἡ
2318 3787 2422 3839 ἰδία
2465 3786 2622 3838 οὐσία
2673 3784 2985 3855 μερίζεταις
3023 3782 3190 3835 Οὐσία
3219 3783 3325 3853 γὰρ
3365 3785 3455 3836 ἐπὶ
3504 3784 3611 3853 μὲν

2028 3878 2134 3930 τῶν
2188 3876 2521 3946 ἀνθρώπων,
2578 3877 2610 3944 ἠ
2649 3875 2959 3945 ἀνθρωπίνη
3007 3874 3184 3943 φύσις.
3230 3875 3352 3926 Ἐπὶ
3390 3873 3446 3924 δὲ
3491 3873 3607 3925 τῶν

2028 3968 2234 4035 ἀλόγων
2260 4006 2273 4029 ,
2307 3965 2537 4035 γενικῶς
2573 3967 2670 4035 μὲν
2703 3965 2735 4035 ἡ
2769 3965 2960 4033 ἄλογος
2981 3981 2992 3992 ·
3028 3965 3210 4027 ἰδικῶς
3259 3963 3314 4016 δὲ
3368 3964 3459 4015 ἐπὶ
3492 3963 3606 4015 τῶν

2031 4059 2165 4128 βοῶν
2195 4058 2284 4111 καὶ
2316 4057 2407 4111 ἐπὶ
2455 4057 2560 4110 τῶν
2590 4055 2874 4127 προϐάτων
2897 4099 2911 4119 ,
2969 4057 3061 4109 καὶ
3103 4055 3193 4108 ἐπὶ
3229 4054 3444 4107 πάντων
3490 4053 3606 4105 τῶν

2028 4146 2258 4212 ἀλόγων,
2294 4144 2434 4196 κατὰ
2467 4145 2564 4206 τὰς
2598 4144 2702 4196 τῶν
2739 4144 3040 4215 ἰδιωμάτων
3071 4144 3331 4212 διαφορὰς
3366 4144 3605 4211 θεωρου⁹

2032 4240 2187 4307 μένη.
2226 4237 2289 4287 Τί
2318 4237 2505 4295 τοίνυν,
2534 4240 2597 4289 ὲκ
2626 4237 2828 4290 τούτων
2862 4236 3067 4308 μερίζει
3112 4237 3211 4305 τὴν
3242 4237 3375 4289 ἰδίαν
3411 4236 3604 4288 οὐσίαν

2030 4328 2115 4380 διὰ
2144 4326 2235 4378 τοῦ
2270 4326 2460 4389 τόκου;
2510 4326 2623 4378 υύκ
2657 4325 2741 4377 ἀεὶ
2779 4325 2929 4393 μένει
2971 4325 3056 4376 διὰ
3216 4325 3463 4395 διαδοχῆς
3490 4324 3603 4377 τῶν

2030 4414 2423 4484 ἐπιγινομένων
2457 4415 2539 4482 ἐφ’
2573 4415 2800 4466 ἑκάστου
2826 4412 2932 4465 τῶν
2962 4412 3114 4477 ζώων
3156 4414 3387 4484 ἀκεραία
3415 4415 3446 4482 ἡ
3494 4412 3600 4481 φύε

2032 4523 2141 4571 σιςς
2171 4501 2306 4558 Εἶτα
2331 4505 2611 4575 ἅνθρωπος
2640 4503 2737 4574 μὲν
2762 4504 2819 4566 ἐξ
2842 4504 3033 4556 ἑαυτοῦ
3064 4503 3262 4556 τίκτων
3292 4503 3599 4574 ἄνθρωπον,

2028 4598 2087 4649 οὺ
2118 4595 2327 4666 μερίζει
2359 4595 2455 4665 τὴν
2490 4594 2670 4663 φύσιν,
2700 4595 2831 4647 ἀλλά
2849 4594 2940 4647 καὶ
2970 4595 3026 4646 ἐν
3052 4593 3127 4663 τῷ
3156 4594 3472 4662 γεννήσαντι
3504 4592 3602 4645 καὶ

2027 4690 2086 4739 ἐν
2135 4687 2211 4758 τῷ
2267 4685 2577 4758 γεννηθέντι
2610 4686 2703 4753 ὅλη
2741 4685 2914 4736 ἐστίν·
2949 4684 3048 4736 οὐκ
3101 4685 3165 4737 ὲκ
3213 4683 3400 4736 τούτου
3458 4683 3605 4752 πρὸς

2029 4782 2232 4832 ἐκεῖνον
2273 4776 2672 4846 ἀποσχιζομένη
2706 4778 2799 4829 καὶ
2831 4774 3216 4845 μεθισταμένη,
3247 4774 3365 4827 οὐδὲ
3391 4774 3447 4825 ὲν
3475 4774 3605 4825 τού-

2030 4887 2105 4937 τῳ
2143 4867 2537 4936 κολοϐουμένη,
2589 4868 2714 4919 ὅταν
2746 4868 2803 4918 ἐν
2855 4868 3047 4937 ἐκείνῳ
3096 4866 3278 4918 τελεία
3326 4865 3546 4932 γένηται
3580 4884 3596 4894 ·

2028 4963 2161 5015 ἀλλά
2192 4963 2285 5015 καὶ
2323 4963 2464 5013 πᾶσα
2498 4962 2553 5013 ἐν
2585 4960 2758 5029 τούτῳ
2801 4956 2933 5013 οὖσα
2962 5000 2975 5023 ,
3010 4959 3101 5012 καὶ
3135 4960 3283 5011 πᾶσα
3318 4960 3373 5009 ἐν
3402 4956 3605 5026 ἐκείνῳ

2025 5054 2406 5123 εὑρισκομένη.
2442 5054 2547 5104 Καὶ
2577 5053 2685 5123 γὰρ
2727 5053 2816 5104 καὶ
2854 5052 2979 5123 πρὶν
3013 5051 3274 5119 γεννῆσαι
3300 5050 3389 5101 τὸν
3420 5048 3478 5114 ὲΞ
3505 5049 3605 5101 αὖ·

2024 5147 2115 5199 τοῦ
2145 5148 2171 5197 ὁ
2202 5146 2295 5198 ἄνο
2305 5162 2483 5216 ρωπος
2511 5187 2524 5209 ,
2552 5144 2688 5208 ζῶον
2722 5141 2787 5214 ἦν
2821 5145 3035 5214 λογικδν
3062 5184 3076 5206 ,
3110 5143 3301 5212 θνητὸν
3328 5184 3340 5205 ,
3375 5141 3470 5193 νοῦ
3503 5144 3603 5194 καὶ

2027 5238 2335 5307 ἐπιστήμης
2372 5236 2631 5289 δεκτικόν.
2668 5237 2774 5288 Καὶ
2798 5238 2922 5288 ὅταν
2954 5237 3207 5305 ἐγέννησε
3234 5233 3323 5285 τὸν
3354 5231 3602 5284 τοιοῦτον

2003 5311 2327 5398 ἀνθρωπον,
2358 5327 2496 5381 ὥστε
2526 5330 2581 5381 ὲν
2622 5329 2812 5398 ἐκείνῳ
2838 5328 3109 5397 δειχθῆναι
3154 5326 3328 5377 πάντα
3357 5324 3425 5376 τὰ
3459 5321 3603 5375 ἰδιώ-

2029 5436 2173 5489 ματα
2197 5422 2292 5489 τῆς
2332 5419 2545 5487 φύσεως
2567 5435 2579 5448 '
2622 5419 2695 5482 ὡς
2722 5420 2819 5472 οὐκ
2856 5417 3103 5472 ἀπώλεσε
3132 5416 3191 5468 τὸ
3224 5413 3360 5469 εἶναι
3388 5414 3603 5483 ιινθρω⁴

1953 5595 2053 5659 l8;
2105 5593 2233 5649 Luc.
2283 5612 2322 5649 ι.
2378 5596 2468 5648 εὶἸ.
