4068 6148
342 265 448 318 4θὸ

1579 278 1632 334 S.
1679 280 1997 335 GREGORII
2039 280 2076 332 Ν
2091 281 2327 335 ΥδΒΕΝΙ

3492 279 3592 334 ιιις

344 382 397 434 in
423 381 713 453 Egyptum
745 385 1098 441 descendit”?
1141 388 1202 442 Et
1237 391 1364 459 quid
1400 393 1512 445 haec
1548 393 1691 456 dico,
1725 410 1846 447 cum
1890 411 1918 447 a

2027 397 2336 463 Δίγυπτονς
2376 397 2482 450 Καὶ
2542 397 2592 448 τί
2626 396 2797 449 ταῦτα
2836 395 2995 463 λέγω,
3033 395 3149 448 δέον
3185 393 3291 446 ἀπὸ
3321 392 3412 445 τοῦ
3445 394 3591 464 πρώ-

342 488 516 540 prlmo
546 475 763 530 homine
793 478 957 532 ducto
998 492 1321 552 argumento
1377 485 1572 539 horum
1621 489 1912 542 verborum

339 572 484 618 esset
521 564 812 620 refellenda
840 567 1162 625 dementia?
1198 573 1252 628 Si
1278 575 1422 628 enim
1475 576 1649 631 solius
1705 586 1789 632 est
1826 578 1912 630 iu-

337 657 727 725 corruptibilis,
758 659 810 712 in
843 663 1153 726 generando
1185 674 1434 719 naturam
1461 682 1568 720 non
1592 667 1869 736 dispertiri
1898 687 1910 721 :

336 749 710 817 corruptibilis
748 767 873 804 vero
905 753 1073 806 Adam
1100 755 1169 808 ad
1199 772 1358 825 quem
1396 759 1600 812 dictum
1631 769 1745 814 est:
1775 759 1914 825 Quia

338 848 477 891 terra
507 856 582 905 es,
611 849 660 894 et
690 842 743 895 in
766 851 961 896 terram
993 847 1264 902 reverteris
1287 850 1330 914 ⁸⁵,
1366 850 1589 902 omnino
1622 864 1776 905 suam
1831 865 1916 905 es-

336 930 568 985 sentiam
599 934 956 1002 partiebatur,
987 937 1289 993 secundum
1334 940 1600 996 rationem
1638 940 1912 1003 Eunomii,

251 1041 267 1057 ο
336 1036 461 1074 eum
506 1021 560 1076 in
594 1038 661 1078 ex
706 1025 890 1095 seipso
916 1028 1131 1098 genitos
1160 1029 1536 1087 divideretur:
1571 1030 1917 1086 multitudine

337 1119 518 1166 autem
564 1126 905 1184 posterorum
953 1120 1102 1192 (cum
1149 1137 1374 1177 necesse
1418 1129 1566 1176 esset
1602 1122 1658 1176 in
1699 1136 1916 1192 quoque

334 1205 588 1260 essentia:
618 1217 955 1276 segmentum
1008 1213 1264 1284 inveniri)
1316 1229 1412 1283 pro
1461 1229 1692 1270 numero
1723 1230 1915 1270 eorum

336 1292 428 1360 qui
449 1305 825 1363 nascerentur,
849 1299 894 1354 si
917 1300 1272 1366 divideretur,
1292 1304 1444 1371 prius
1465 1303 1654 1358 Adami
1675 1303 1916 1360 essentia

338 1385 737 1452 absumeretur,
777 1403 938 1458 quam
975 1391 1042 1445 ad
1075 1393 1351 1448 Abraham
1398 1395 1788 1450 subsistentem
1821 1411 1916 1450 na-

340 1482 517 1528 turam
581 1479 977 1546 perveniretur,
1037 1482 1266 1539 infinitis
1322 1501 1386 1540 ex
1451 1486 1569 1556 ipso
1619 1489 1916 1557 progenitis

338 1564 524 1620 decies
555 1567 794 1623 millibus
823 1585 920 1640 per
959 1580 1147 1627 tenues
1174 1573 1297 1629 illas
1345 1583 1398 1628 et
1446 1576 1758 1632 individuas
1791 1592 1916 1646 par--

338 1655 536 1710 ticulas
562 1657 830 1727 dispersa.
867 1659 1052 1731 Neque
1091 1664 1391 1734 quidquam
1433 1668 1682 1721 essentia:
1726 1666 1914 1721 Adami

2017 506 2106 541 του
2134 490 2418 561 ἀνθρώπου
2451 489 2716 558 διελέγξαι
2746 490 2852 542 τῶν
2897 488 3200 558 λεγομένων
3241 488 3338 558 τὴν
3374 487 3590 550 ἄνοιανς

2022 580 2079 632 Ei
2109 580 2218 650 γὰρ
2255 581 2414 650 μόνου
2459 579 2552 633 τοῦ
2589 580 2866 650 ἀφθάρτου
2904 579 3053 642 ἐστὶ,
3109 578 3182 648 μὴ
3220 576 3457 648 μερίζειν
3495 577 3593 646 τὴν

2020 670 2177 740 φύσιν
2211 674 2267 723 ὲν
2300 671 2378 742 τῷ
2427 672 2617 742 γεννᾷν
2643 687 2654 702 ·
2689 670 2924 740 φθαρτὸς
2967 670 3022 720 δὲ
3066 672 3094 721 ό
3129 668 3328 738 Ἀδάμ,
3369 668 3505 737 πρὸς
3533 668 3592 720 ὃν

2019 762 2239 833 ἐρρέθη,
2265 763 2344 815 ὅτι
2375 762 2464 831 Γῆ
2493 758 2548 816 εἶ
2574 762 2668 815 καὶ
2697 765 2783 827 εὶς
2817 761 2933 830 γῆν
2965 761 3277 828 ἀπελεύσῃ
3303 777 3317 790 ο
3370 759 3591 830 ἐμέριζε

2018 853 2232 915 πάντως
2255 852 2447 905 ἑαυτοῦ
2481 853 2578 924 τὴν
2617 851 2801 904 οὐσίαν
2829 893 2842 914 ,
2879 851 3017 903 κατά
3048 850 3136 902 τὸν
3174 850 3329 917 λόγον
3364 849 3454 902 τοῦ
3489 850 3591 901 Εὐ·-

2018 945 2206 1014 νομίου
2229 984 2244 1005 ,
2277 945 2356 1008 είς
2391 945 2515 1008 τοὺς
2547 945 2674 1016 παρ’
2705 943 2896 997 ἑαυτοῦ
2929 942 3298 1010 γεννωμένους
3328 943 3592 1021 τεμνόμε-
3624 955 3632 990 ;

2017 1049 2125 1095 νος.
2153 1031 2244 1102 Τῷ
2271 1033 2327 1086 δὲ
2353 1032 2546 1103 πλήθει
2577 1031 2683 1085 τῶν
2721 1031 3112 1100 ἐπιγινομένων
3148 1030 3462 1097 ἀναγκαίως
3493 1027 3589 1080 τοῦ
3651 1059 3656 1064 -

2018 1121 2403 1192 εὑρισκομένου
2426 1123 2552 1191 παρ’
2581 1119 2794 1189 ἑκάστῳ
2823 1119 2920 1188 τῆς
2952 1115 3138 1178 οὐσίας
3164 1117 3468 1186 τμήματος,
3499 1131 3592 1166 κα-

2017 1211 2086 1264 τὰ
2111 1211 2201 1264 τὸν
2234 1209 2464 1281 ἀριθμὸν
2503 1211 2612 1263 τῶν
2642 1207 2972 1280 τικτομένων
3015 1205 3385 1274 διαιρουμένου
3412 1245 3428 1267 ,
3458 1221 3592 1274 προ-

2017 1303 2321 1356 δαπανᾶται
2387 1302 2484 1372 τῆς
2550 1301 2642 1354 τοῦ
2714 1298 2962 1370 Ἀϐραάμ
3012 1296 3360 1358 ὑποστάσεως
3416 1296 3448 1365 ἡ
3497 1293 3590 1347 τοῦ

2032 1395 2203 1464 Ἀδάμ
2229 1393 2384 1447 οὐσία
2412 1433 2427 1459 ,
2482 1395 2602 1457 ταῖς
2651 1391 2895 1463 ἀπείροις
2925 1390 3032 1443 τῶν
3064 1390 3121 1456 ἐξ
3150 1389 3314 1442 αὑτοῦ
3362 1387 3590 1458 μυριάσι

2017 1485 2103 1537 διὰ
2135 1485 2242 1537 τῶν
2272 1482 2480 1536 λεπτῶν
2505 1499 2562 1536 τε
2607 1483 2700 1536 καὶ
2729 1483 2944 1554 ἀτόμων
2977 1480 3198 1534 ἐκείνων
3229 1480 3430 1549 μορίων
3463 1493 3590 1529 σκε-

2019 1574 2273 1628 δασθεῖσα
2293 1591 2304 1605 ·
2335 1575 2430 1627 καὶ
2469 1573 2647 1625 οὐκέτι
2679 1571 2742 1625 ἂν
2769 1572 3079 1642 εὑρίσκεται
3121 1569 3370 1638 λείψανον
3403 1565 3590 1628 οὐσίας

2019 1665 2081 1718 τὸ
2108 1669 2170 1718 ὲκ
2196 1664 2287 1719 τοῦ
2329 1665 2499 1735 Ἀδὰμ
2527 1665 2606 1726 εἰς
2636 1663 2727 1714 τὸν
2765 1661 3035 1734 Ἀϐραὰμ,
3063 1662 3156 1714 καὶ
3181 1662 3306 1720 τοὺς
3336 1657 3393 1723 ἐξ
3422 1656 3588 1710 αὑτοῦ

338 1747 571 1817 amplius
601 1750 938 1807 inveniretur
962 1755 1256 1825 reliquum,
1287 1757 1434 1826 quod
1476 1759 1529 1811 in
1555 1758 1826 1812 Abraham
1861 1767 1914 1813 et

2021 1755 2399 1827 μεριζόμενον,
2441 1754 2912 1825 προαναλωθείσης
2941 1753 2998 1805 έν
3030 1755 3146 1815 ταῖς
3195 1751 3442 1819 ἀπείροις
3481 1747 3588 1800 τῶν

336 1837 459 1904 ejus
505 1839 648 1894 lilios
695 1855 758 1895 ac
791 1850 1044 1912 posteros
1077 1845 1422 1914 dispertitum
1475 1846 1908 1902 diti‘underetur:

337 1931 464 1999 quia
519 1932 670 2003 prius
732 1935 789 1989 in
849 1936 1078 1992 inﬁnitis
1130 1946 1184 1993 et
1245 1938 1736 1997 innumerabilibus
1788 1951 1914 1998 ante

339 2025 516 2090 ipsum
553 2026 851 2096 progenitis
893 2043 990 2098 per
1028 2029 1151 2085 illas
1201 2039 1606 2102 segmentorum
1655 2034 1915 2088 minutias

338 2125 482 2169 esset
509 2117 797 2187 absumpta
825 2129 878 2184 et
912 2120 1176 2175 exhausta
1213 2132 1428 2178 natura.
1463 2122 1654 2179 Videte
1679 2125 1914 2178 hominis

339 2203 632 2256 amentiam
672 2220 794 2275 qua:
830 2205 977 2259 dicat
1017 2209 1339 2274 nescientis,
1392 2224 1570 2278 neque
1618 2209 1686 2264 de
1717 2211 1916 2281 quibus

340 2294 594 2350 attirmct.
630 2295 761 2349 Cum
802 2297 948 2351 enim
988 2298 1139 2364 dicit,
1184 2301 1444 2369 quoniam
1486 2301 1916 2370 iucorruptibilis

339 2394 442 2452 est,
467 2403 644 2459 neque
664 2404 818 2444 suam
859 2392 1089 2460 partitur
1118 2393 1439 2455 essentiam,
1470 2407 1644 2460 neque
1675 2392 1915 2460 seipsum

342 2488 585 2545 generat,
629 2495 803 2551 neque
839 2479 1001 2536 Pater
1031 2497 1098 2536 ex
1138 2482 1320 2551 seipse
1348 2482 1630 2548 nascitur;
1674 2482 1728 2536 in
1769 2482 1914 2536 omni

339 2585 404 2624 eo
441 2573 586 2640 quod
636 2573 974 2642 corruptioui
1035 2574 1348 2643 subjicitur,
1395 2589 1457 2626 ex
1530 2575 1918 2630 consecutione

338 2661 486 2716 dedit
531 2662 902 2732 intelligenda,
949 2664 1039 2717 illa
1070 2665 1125 2717 in
1179 2665 1528 2732 generatione
1574 2663 1914 2734 contingere,

342 2766 686 2821 quaecunque
738 2752 839 2806 soli
892 2753 1296 2822 incorruptibili
1345 2768 1451 2806 non
1495 2753 1674 2808 inesse
1725 2756 1921 2808 contir-

340 2844 526 2897 mavit.
559 2841 666 2898 Sed
704 2858 826 2898 cum
867 2845 1036 2898 multa
1063 2844 1173 2899 sint
1198 2845 1303 2897 alia
1335 2861 1456 2914 quae
1483 2847 1696 2914 possint
1724 2846 1916 2899 horum

339 2933 608 2988 dictorum
640 2935 930 2989 vanitatem
971 2950 1244 3006 arguere;
1296 2953 1417 3006 quae
1463 2945 1592 2992 sunt
1651 2939 1919 2994 hactenus

340 3026 396 3078 in
437 3024 676 3079 medium
710 3027 920 3095 prolata
967 3027 1036 3080 ad
1081 3027 1245 3096 hujus
1286 3030 1538 3083 amentiae
1569 3027 1916 3094 demonstra-

341 3117 541 3171 tionem
578 3117 712 3173 satis
734 3133 854 3173 esse
879 3120 1118 3174 arbitror
1145 3139 1158 3173 :
1210 3121 1311 3174 hoc
1337 3130 1519 3176 autem
1551 3123 1691 3191 apud
1727 3123 1918 3176 doctos
1947 3108 1991 3168 C

339 3219 391 3262 et
422 3209 662 3264 scientes
711 3224 1033 3266 concessum
1083 3220 1166 3268 est
1224 3221 1276 3266 et
1333 3213 1610 3276 convenit,
1664 3213 1794 3282 quid
1854 3230 1921 3268 ex

338 3313 555 3369 quaque
589 3316 647 3354 re
664 3309 1036 3371 consequatur
1061 3303 1471 3372 respiciendum
1504 3319 1645 3358 esse.
1681 3303 1783 3369 Qui
1820 3306 1918 3358 soli

341 3389 484 3444 Patri
525 3392 942 3462 incorruptibile
983 3393 1252 3456 attribuit,
1287 3394 1471 3446 omnia
1517 3409 1636 3462 quae
1673 3407 1793 3462 post
1822 3394 1922 3446 Pa-

341 3489 478 3533 trem
507 3482 691 3534 animo
725 3492 774 3536 ct
805 3489 985 3537 mente
1009 3491 1331 3547 cernuntur,
1362 3484 1452 3536 illa
1489 3499 1611 3552 quae
1639 3493 1722 3538 est
1742 3484 1809 3536 ad
1834 3486 1920 3538 in-

339 3571 696 3638 corruptibile
716 3571 1020 3627 diti‘erentia
1053 3574 1428 3643 corruptibilia
1467 3589 1590 3630 esse
1615 3575 1918 3630 conﬁrmat.

343 3659 418 3710 Ita
445 3666 500 3709 ut
535 3674 708 3728 neque
739 3659 935 3714 Filium
968 3677 997 3715 a
1029 3663 1382 3732 corruptione
1411 3664 1640 3718 liberum
1673 3681 1796 3721 esse
1827 3665 1921 3720 de-

343 3758 627 3803 monstret.
661 3751 714 3803 Si
745 3753 910 3816 igitur
936 3752 1130 3809 Filium
1161 3755 1228 3809 ab
1265 3755 1665 3824 incorruptibili
1707 3757 1924 3812 ditl‘crre

345 3842 493 3904 facit,
525 3857 630 3893 non
661 3844 838 3896 solum
880 3845 1056 3914 ipsum
1087 3863 1211 3902 esse
1248 3848 1661 3916 corruptibilem
1707 3849 1919 3915 delinit,

341 3933 436 3985 sed
472 3935 637 3986 etiam
661 3935 765 3988 alia
798 3935 864 3990 de
895 3937 1012 4006 ipso
1049 3938 1269 4002 astruit,
1307 3955 1648 4008 quaecunque
1678 3941 1776 3992 soli
1819 3941 1920 3993 im-

343 4022 557 4075 mortali
602 4039 707 4076 non
741 4025 932 4079 adesse
965 4026 1116 4080 dicit.
1157 4025 1478 4080 Necessario
1507 4027 1650 4080 enim
1691 4028 1735 4082 si
1773 4032 1923 4083 solus

342 4111 500 4168 Pater
550 4130 724 4184 neque
775 4116 1016 4186 seipsum
1057 4128 1300 4187 generat,
1355 4134 1530 4187 neque
1556 4133 1583 4170 a
1622 4119 1804 4187 seipse
1833 4136 1924 4188 ge-

340 4213 586 4267 neratur,
613 4205 878 4277 quidquid
909 4206 1324 4279 incorruptibile
1352 4223 1458 4261 non
1483 4218 1564 4263 est
1592 4218 1646 4263 et
1681 4210 1919 4278 seipsum

339 4305 561 4366 generat
603 4307 655 4352 et
704 4313 734 4351 a
777 4299 956 4368 seipse
1000 4308 1334 4370 generatur,
1377 4310 1431 4355 et
1478 4313 1628 4370 pater
1675 4311 1729 4354 et
1779 4302 1920 4356 ﬁlius

340 4388 480 4442 idem
510 4391 772 4460 suiipsius
801 4391 1061 4456 efﬁcitur,
1110 4393 1358 4461 utrisque
1394 4394 1646 4447 essentia:
1673 4395 1920 4462 partibus

339 4481 830 4534 accommodatum.
881 4481 938 4535 Si
981 4481 1124 4536 enim
1156 4483 1326 4536 solius
1361 4484 1431 4537 sit
1465 4482 1642 4536 Patris
1671 4483 1918 4536 incorru-

342 4569 583 4638 ptibilem
609 4588 732 4627 esse
753 4615 766 4637 ,
797 4575 1076 4642 proprium
1117 4584 1297 4628 autem
1341 4574 1772 4644 ineorruptibilis
1805 4575 1916 4628 hrec

2018 1849 2124 1920 πρὸ
2157 1846 2320 1902 αὐτοῦ
2345 1847 2642 1916 γεγονότων
2689 1846 2910 1915 μυριάσι
2944 1842 3032 1896 διὰ
3071 1842 3169 1912 τῆς
3199 1839 3590 1909 λεπτομερείας

2015 1943 2124 1995 τῶν
2151 1939 2453 2011 τμημάτων
2485 1939 2585 2008 τῆς
2621 1937 2854 2007 φύσεως.
2903 1935 3093 2006 Ὁρᾶτε
3128 1935 3227 2003 τὴν
3262 1933 3447 1986 ἄνοιαν
3491 1927 3587 1983 τοῦ

2021 2033 2096 2106 μὴ
2125 2033 2324 2094 εἰδότος
2352 2031 2387 2085 ἀ
2411 2030 2590 2099 λέγει,
2629 2027 2764 2099 μηδὲ
2797 2027 2923 2098 περὶ
2963 2026 3122 2078 τίνων
3162 2021 3588 2078 διαϐεϐαιοῦται.

2030 2126 2116 2177 Ἐν
2145 2125 2251 2194 γάρ
2270 2120 2350 2192 τῷ
2376 2123 2566 2185 εἰπεῖν,
2599 2119 2785 2190 ἐπειδὴ
2814 2117 3081 2190 ἄφθαρτός
3121 2118 3296 2178 ἐστιν,
3337 2113 3458 2167 οὔτε
3492 2129 3590 2182 με-

2021 2213 2157 2286 ρίζει
2203 2215 2302 2282 τὴν
2333 2213 2518 2266 ούσίαν
2543 2254 2558 2279 ,
2605 2211 2727 2264 οὔτε
2757 2210 2948 2264 ἑαυτὸν
2978 2210 3142 2280 γεννᾷ
3165 2249 3181 2275 ,
3229 2206 3352 2260 οὔτε
3397 2204 3590 2258 ἑαυτοῦ

2019 2307 2206 2377 Πατὴρ
2234 2306 2478 2373 γίνεται,
2513 2304 2707 2356 ἔδωκεν
2737 2303 2828 2356 ἐπὶ
2874 2302 3068 2366 παντὸς
3121 2300 3214 2353 τοῦ
3245 2299 3420 2370 φθορᾷ
3453 2299 3590 2350 ὐπο-

2019 2399 2270 2468 κειμένου
2317 2398 2382 2450 ἐκ
2427 2395 2520 2448 τοῦ
2557 2394 2847 2447 ἀκολούθου
2877 2437 2890 2460 ,
2935 2396 3118 2446 ἐκεῖνα
3161 2393 3300 2444 νοεῖν
3349 2391 3442 2442 ἐπὶ
3491 2389 3596 2460 τῆς

2019 2489 2324 2557 γεννήσεως
2356 2486 2669 2556 συμϐαίνειν
2693 2525 2706 2548 ,
2759 2485 2858 2537 ὃσα
2898 2486 3042 2554 μόνῳ
3079 2483 3156 2553 τῷ
3203 2481 3465 2552 ἀφθάρτῳ
3519 2480 3594 2549 μὴ

2021 2582 2300 2650 προσεῖναι
2357 2579 2744 2650 διισχυρίσατο.
2799 2577 2958 2630 Ἀλλά
3008 2574 3216 2628 πολλῶν
3271 2575 3439 2626 όντων
3499 2570 3596 2623 καὶ

2022 2671 2196 2724 ἄλλων
2220 2669 2328 2722 τῶν
2358 2671 2670 2740 δυναμένων
2697 2669 2957 2734 ἐπιδεῖξαι
2985 2669 3082 2738 τὴν
3121 2665 3457 2737 ματαιότητα
3483 2663 3596 2715 τῶν

2021 2762 2348 2832 λεγομένων,
2382 2762 2571 2832 ἀρκεῖν
2605 2760 2786 2830 οἴομαι
2816 2759 2948 2827 πρὸς
2979 2756 3247 2820 ἀπόδειξιν
3275 2755 3375 2822 τῆς
3407 2753 3597 2813 ἀνοίας

2020 2852 2090 2906 τὰ
2124 2852 2406 2923 εἰρημένα.
2440 2851 2609 2903 Τοῦτο
2631 2851 2686 2903 δὲ
2730 2851 2941 2911 πάντως
2971 2846 3420 2918 προωμολόγηται
3442 2843 3597 2909 παρά

2021 2946 2131 3007 τοῖς
2167 2942 2582 3013 ἐπισταμένοις,
2623 2942 2755 3012 πρὸς
2782 2940 2843 2993 τὸ
2888 2937 3174 2992 ἀκόλουθον
3215 2937 3467 3006 βλέπειν-
3510 2935 3599 2987 ὅτε

2026 3033 2170 3104 μόνῳ
2189 3032 2266 3104 τῷ
2286 3034 2458 3102 Πατρὶ
2484 3032 2980 3103 προσμαρτυρήσας
3003 3030 3062 3082 τὸ
3088 3028 3385 3097 ἆςθαρτον,
3415 3024 3590 3076 πάντα

2023 3123 2088 3176 τὰ
2119 3123 2256 3193 μετά
2279 3121 2368 3174 τὸν
2401 3123 2618 3194 Πατέρα
2649 3121 2910 3190 νοούμενα
2945 3122 3010 3190 τῇ
3046 3118 3182 3188 πρὸς
3222 3118 3281 3169 τὸ
3321 3115 3586 3185 ἄφθαρτον

2023 3211 2394 3281 ἀντιδιαστολῇ
2436 3210 2650 3282 φθαρτά
2693 3205 2832 3262 εἶναι
2875 3207 3294 3270 κατασκευάζει.
3337 3206 3422 3268 Ὠς
3460 3205 3587 3274 μηδὲ

2022 3302 2112 3357 τὸν
2144 3304 2268 3356 Υίὸν
2297 3303 2501 3375 φθορᾶς
2546 3301 2900 3374 ἐπιδεικνύειν
2932 3300 3236 3371 ἐλεύθερον.
3267 3299 3329 3351 Ei
3376 3293 3467 3350 οὖν
3500 3298 3598 3350 άν-

2022 3393 2375 3448 τιδιαστέλὶει
2402 3394 2491 3446 τὸν
2523 3393 2648 3446 Υίὸν
2692 3393 2768 3463 τῷ
2811 3391 3071 3462 ἀφθάρτῳ
3097 3431 3112 3455 ,
3152 3391 3209 3442 ού
3246 3389 3402 3455 μόνον
3432 3387 3600 3440 αὐτὸν

2025 3485 2257 3556 φθαρτὸν
2289 3481 2426 3537 εἶναι
2455 3484 2765 3556 διορίζεται,
2801 3483 2936 3536 ἀλλὰ
2962 3484 3055 3535 καὶ
3079 3482 3147 3533 τὰ
3173 3481 3306 3533 ἄλλα
3337 3479 3464 3549 περὶ
3495 3478 3598 3530 αύ-

2023 3577 2116 3630 τοῦ
2156 3575 2574 3639 κατασκευάζει,
2606 3576 2704 3626 ὅσα
2743 3575 2887 3644 μόνῳ
2920 3573 2996 3644 τῷ
3031 3573 3290 3641 ἀφθάρτῳ
3319 3571 3392 3640 μὴ
3425 3587 3601 3640 προσ-

2024 3669 2160 3718 εῖναι
2193 3666 2359 3734 λέγει.
2403 3666 2739 3732 Ἀναγκαίως
2768 3665 2873 3734 γάρ
2913 3667 2960 3716 εἰ
3007 3663 3164 3734 μόνος
3201 3664 3227 3714 ὀ
3259 3660 3448 3729 Πατὴρ
3473 3657 3598 3710 οὔτε

2024 3758 2213 3810 ἑαυτὸν
2241 3757 2404 3827 γεννᾷ
2427 3798 2440 3820 ,
2475 3756 2596 3808 οὔτε
2631 3755 2719 3824 ὑφ’
2754 3755 2946 3808 ἑαυτοῦ
2991 3756 3282 3823 γεννᾶται,
3320 3753 3428 3804 πᾶν
3457 3749 3484 3802 ὃ
3523 3754 3604 3820 μὴ

2025 3850 2297 3921 ἄφθαρτόν
2341 3851 2493 3914 ἐστι,
2531 3848 2624 3899 καὶ
2660 3848 2820 3899 ἑαυτὸ
2858 3848 3061 3916 γεννᾷ,
3119 3845 3212 3897 καὶ
3263 3843 3352 3911 ὑφ’
3402 3843 3603 3894 ἑαυτοῦ

2023 3943 2293 4009 γεννᾶται,
2330 3939 2422 3991 καὶ
2453 3940 2635 4008 πατὴρ
2674 3938 2766 3990 καὶ
2815 3937 2928 3999 υἱὸς
2966 3937 3095 3988 αὐτὸ
3133 3933 3325 3986 ἑαυτοῦ
3364 3933 3601 3999 γίνεται,

2025 4033 2160 4102 πρὸς
2191 4030 2424 4100 ἑκάτερα
2469 4029 2568 4098 τῆς
2618 4028 2802 4089 οὐσίας
2853 4025 3347 4096 μεθαρμοζόμενον.
3377 4023 3440 4073 Εἰ
3488 4021 3603 4091 γὰρ

2027 4123 2186 4193 μόνον
2217 4120 2309 4173 τοῦ
2341 4119 2549 4187 Πατρός
2586 4119 2700 4170 ἐστι
2751 4117 2812 4170 τὸ
2845 4116 3118 4186 ἄφθαρτον
3168 4110 3306 4165 εῖναι
3326 4155 3341 4178 ,
3384 4113 3512 4165 ῐδιον
3539 4113 3602 4165 δὲ

2023 4213 2116 4266 τοῦ
2147 4211 2425 4282 ἀφθάρτου
2448 4209 2507 4262 τὺ
2539 4210 2613 4279 μὴ
2641 4208 2808 4261 ταῦτα
2840 4203 2998 4271 εἶναι,
3021 4207 3140 4259 οὔτε
3171 4205 3444 4275 ἄφθαρτος
3467 4204 3606 4254 πίν-

2024 4321 2130 4366 τως
2163 4305 2192 4355 ό
2223 4302 2348 4364 Υἱὸς
2376 4303 2516 4354 κατὰ
2547 4300 2636 4354 τὸν
2657 4300 2752 4370 τῆς
2778 4299 3036 4370 αἱρέσεως
3072 4299 3246 4366 λόγον,
3286 4297 3380 4348 καὶ
3426 4294 3604 4346 ταῦτα.

2028 4395 2201 4449 πάντα
2229 4396 2354 4465 περὶ
2383 4393 2543 4446 αὑτὸν
2571 4394 2788 4456 πάντως
2821 4393 2966 4444 ἐστίν
2997 4391 3103 4442 ··τὸ
3145 4387 3461 4460 μερίζεσθαι
3498 4389 3603 4453 τὴν

2023 4485 2232 4548 οὐσίαν,
2271 4485 2330 4536 τὸ
2352 4484 2556 4536 τίκτειν
2594 4483 2783 4534 ἑαυτὸν
2815 4483 2905 4533 καὶ
2943 4481 3031 4548 ὑφ’
3063 4478 3254 4531 ἑαυτοῦ
3283 4474 3604 4545 γεννᾶσθαι,

2024 4575 2233 4645 πατέρα
2255 4575 2347 4629 καὶ
2375 4576 2486 4627 υἱὸν
2508 4574 2668 4626 αὑτὸν
2699 4573 2889 4625 ἑαυτοῦ
2918 4571 3182 4639 γίνεσθαι.

340 4677 452 4716 non
501 4678 662 4729 esse;
713 4681 815 4720 nec
848 4667 1282 4737 incorruptibilis
1314 4669 1538 4722 omnino
1593 4667 1766 4723 Filius
1820 4676 1922 4735 est,
1960 4671 2260 4725 secundum
2294 4673 2432 4724 hanc
2465 4671 2737 4724 haereseos
2769 4669 3097 4730 orationem,
3138 4674 3192 4719 ct
3254 4665 3368 4717 hzec
3432 4661 3602 4715 etiam

337 4751 523 4806 omnia
563 4769 790 4821 prorsus
834 4757 886 4810 in
932 4758 1048 4827 ipso
1078 4771 1200 4813 sunl
1227 4799 1242 4821 ,
1291 4759 1587 4814 essentiam
1651 4759 1965 4828 diSpertiri,
2007 4766 2248 4832 seipsum
2293 4762 2626 4832 producere,
2661 4770 2715 4815 et
2748 4776 2776 4812 ιι
2810 4761 2990 4828 seipso
3029 4757 3321 4827 generari,
3391 4763 3605 4821 patrem

336 4852 392 4898 et
424 4843 594 4897 tilium
633 4845 811 4914 ipsum
843 4849 925 4902 sui
963 4851 1136 4918 ipsius
1169 4849 1306 4902 fieri.

408 4938 513 4992 Sed
559 4939 791 4995 fortasse
834 4956 958 4994 cum
1009 4944 1321 4996 amentibus
1371 4953 1423 4997 et
1459 4942 1670 4998 insanis
1708 4945 1920 5000 diutius

337 5031 617 5086 immorari
647 5041 700 5085 ct
730 5033 962 5086 detineri
1004 5049 1202 5086 vanum
1235 5043 1339 5089 est.
1377 5036 1454 5088 Ad
1491 5051 1553 5089 ea
1589 5035 1753 5106 igitur
1799 5053 1919 5106 qum

333 5123 592 5193 deinceps
642 5131 947 5192 sequuntur
988 5127 1042 5178 in
1088 5125 1208 5190 ejus
1253 5127 1502 5180 oratione
1554 5135 1916 5182 transeamus.

337 5213 430 5268 llis
460 5217 640 5286 itaque
667 5215 854 5282 adjicit
877 5234 890 5269 :
917 5214 1035 5268 Non
1071 5216 1123 5268 in
1157 5216 1396 5284 faciendo
1425 5219 1648 5270 materia
1683 5217 1762 5271 vel
1793 5235 1918 5286 par-

337 5307 492 5374 tibus,
529 5308 606 5362 vel
653 5307 989 5362 naturalibus
1023 5308 1386 5363 instrumentis
1417 5309 1654 5379 indigens
1695 5309 1915 5379 (nullius

337 5396 470 5448 enim
515 5401 589 5452 rei
632 5410 710 5452 est
750 5399 1003 5468 indigus).
1044 5397 1195 5452 Hanc
1241 5399 1519 5454 notionem
1575 5401 1793 5454 tametsi
1848 5400 1915 5454 ad

341 5489 560 5541 verbum
586 5491 951 5546 remissiurem
977 5491 1196 5560 exponit
1226 5489 1544 5552 Eunomius,
1579 5499 1754 5544 tamen
1781 5492 1918 5545 hanc

431 5671 442 5686 '
510 5675 712 5728 lienes.
765 5678 906 5725 XLVI.
959 5663 1014 5716 ἢ.
1115 5663 1137 5695 ⁸
1193 5667 1324 5722 Gen.
1395 5679 1475 5727 ιιι,
1535 5663 1621 5718 19.

2089 4942 2159 4992 "il
2217 4939 2440 5010 μάταιον
2495 4939 2624 4999 ἴσως
2663 4934 2754 4988 ἐπὶ
2814 4937 2994 4988 πλεῖον
3041 4933 3440 5002 ἐμφιλοχωρεῖν
3490 4935 3609 4995 τοῖς

2017 5033 2266 5103 ἀνοήτοις
2285 5047 2297 5058 ·
2325 5029 2460 5082 ἀλλά
2482 5029 2616 5099 πρὸς
2631 5028 2689 5079 τὸ
2710 5026 2908 5096 ἑφεξῆς
2927 5026 3018 5078 τοῦ
3044 5025 3202 5092 λόγου
3227 5022 3470 5092 μετέλθω
3479 5039 3604 5090 μεν·

2019 5121 2340 5194 προστίθησι
2368 5119 2476 5190 γάρ
2502 5118 2731 5180 τούτοις·
2770 5119 2891 5170 Οὐκ
2926 5117 2995 5168 ἐν
3021 5115 3100 5180 τῷ
3133 5112 3326 5168 ποιεῖν
3354 5112 3529 5179 ὕλης.
3565 5112 3606 5181 ἣ

2015 5213 2231 5284 μερῶν.
2282 5212 2320 5280 ἢ
2351 5210 2625 5281 φυσικῶν
2664 5207 2930 5278 ὀργάνων
2959 5206 3402 5274 προσδεόμενος
3427 5221 3438 5232 ·
3468 5205 3604 5257 ἔστι

2021 5311 2131 5376 γὰρ
2151 5305 2371 5369 παντὸς
2398 5300 2763 5371 ἀπροσδεής.
2783 5299 2954 5353 Τοῦτο
2982 5299 3041 5351 τδ
3070 5298 3268 5369 νόημα,
3294 5299 3340 5350 εί
3362 5297 3455 5348 καὶ
3477 5297 3605 5348 ἀτο-

2024 5397 2255 5468 νώτερον
2290 5394 2430 5449 γατά
2469 5395 2566 5466 τὴν
2591 5393 2734 5459 λέξιν
2763 5393 3034 5445 ἐκτίθεται
3080 5394 3107 5443 ὁ
3136 5390 3418 5458 Εὑνόμιος.
3449 5389 3603 5455 ὅμως

2026 5490 2124 5558 τῆς
2151 5487 2428 5549 εὐσεϐείας
2475 5485 2573 5536 οὐκ
2620 5483 3015 5554 ἀποϐάλλομεν.
3069 5480 3344 5540 Μαθόντες
3383 5479 3491 5546 γὰρ
3515 5477 3601 5529 ὅτι
