4054 6150
478 238 579 294 407

1609 249 1892 306 CONTRA
1930 245 2328 313 EUNOMIUM,
2367 246 2493 301 LIB.
2539 247 2603 301 ll.

3656 256 3760 309 493

478 351 672 418 Αὐτὸς
724 350 854 408 εἶπε
895 355 990 408 καὶ
1036 357 1447 427 ἐγενήθησαν,
1494 365 1677 428 αὐτὸς
1718 366 2052 418 ἐνετείλατο

2170 375 2186 414 ι
2216 361 2416 429 pietate
2451 375 2558 416 non
2608 359 2977 426 excludimus,
3008 362 3101 432 qui
3132 359 3425 422 didicimus
3456 368 3601 435 quod
3643 368 3760 430 [par

480 442 575 497 καὶ
601 444 990 512 ἐκτίσθησαν,
1020 448 1241 520 οἴδαμεν
1267 453 1348 506 ὅτι
1379 456 1608 525 ποιητής
1651 457 1769 509 ὲστι
1799 456 1898 525 τῆς
1924 454 2054 522 ὕλης

478 537 505 585 ὁ
535 533 722 602 Λόγος,
748 536 908 600 εὐθὺς
945 543 1489 613 συναπεργαςόμενος
1513 546 1650 615 μετά
1671 546 1768 616 τῆς
1798 546 1930 616 ὕλης
1962 544 2056 597 καὶ

479 625 573 687 τὰς
607 626 918 698 ποιότητας.
963 630 1051 694 Ὠς
1097 629 1238 687 εἶναι
1289 635 1438 707 αύτῷ
1467 635 1536 689 τὰ
1578 637 1776 700 πάντα,
1807 637 1902 690 καὶ
1935 636 2056 689 ἀντί⁵

480 715 694 768 πάντων
754 717 852 789 τὴν
911 720 1087 792 ὁρμὴν
1117 722 1209 776 τοῦ
1272 726 1682 797 παντοδυνάμου
1730 726 2052 798 θελήματος,

479 807 629 878 ὕλην,
666 809 912 881 ὄργανον,
949 814 1132 881 τόπον,
1164 817 1374 887 χρόνον,
1399 819 1606 884 οὐσίαν,
1638 819 1918 890 ποιότητα,
1950 819 2058 871 πᾶν

479 902 506 950 ὃ
553 900 604 952 τί
626 901 727 972 πέρ
758 905 978 958 ἐστινέν
1012 907 1076 976 τῇ
1107 907 1280 960 κτίσει
1311 908 1617 980 νοούμενον.
1658 909 1824 981 Ὁμοῦ
1858 927 1917 963 τε
1948 909 2057 980 γὰρ

479 991 709 1060 ἠθέλησε
741 993 802 1046 τὸ
830 994 945 1050 δέον
978 997 1250 1066 γενέσθαι,
1280 1000 1372 1053 καὶ
1402 1001 1736 1073 συνέδραμεν
1764 1001 1797 1070 ἡ
1826 999 2057 1072 ἐξεργα-

482 1085 638 1154 auxi;
670 1085 778 1140 τῶν
798 1085 967 1141 ὄντων
997 1088 1225 1161 δύναμις
1251 1091 1327 1162 τῷ
1351 1093 1607 1163 νοήματι,
1640 1092 1799 1164 ἔργον
1831 1093 2057 1146 ποιοῦσα

481 1175 537 1225 τδ
565 1175 792 1246 θέλημα.
819 1177 972 1233 Οὕτω
997 1182 1103 1252 γὰρ
1131 1183 1411 1253 φιλοσοφεῖ
1438 1184 1565 1255 περὶ
1589 1185 1686 1254 τῆς
1719 1183 1869 1248 θείας
1900 1184 2058 1238 δυνά-

481 1286 626 1335 μεως
657 1271 682 1322 ό
706 1269 872 1334 πολὺς
900 1273 1140 1344 Μωῦσῆς
1162 1276 1217 1327 ὲν
1236 1277 1303 1346 τῇ
1329 1275 1710 1347 κοσμογενείᾳ,
1733 1293 2059 1350 προστακτι-

482 1362 600 1425 καῐς
655 1366 860 1431 φωναῖς
914 1368 1186 1432 ἀνατιθεὶς
1235 1370 1463 1423 ἑκάστου
1510 1369 1618 1424 τῶν
1662 1372 1720 1424 ὲν
1771 1372 1836 1443 τῇ
1882 1371 2058 1424 κτίσει

482 1455 817 1523 φαινομένων
839 1456 936 1527 τὴν
957 1460 1190 1531 ποίησιν.
1245 1458 1392 1516 Elite
1430 1463 1559 1534 γάρ,
1601 1463 1786 1534 φησὶν,
1818 1466 1850 1519 ό
1891 1463 2056 1529 Θεὸς,

479 1546 568 1599 ὅτι
617 1547 936 1615 Γενηθήτω
959 1549 1103 1619 φῶς,
1131 1552 1226 1605 καὶ
1241 1553 1476 1622 ἐγένετο
1500 1552 1646 1624 φῶς,
1678 1555 1774 1608 καὶ⁸
1800 1556 1929 1624 περὶ
1952 1553 2058 1608 τῶν
2082 1612 2086 1615 _

481 1633 652 1688 ἄλλων
678 1635 958 1704 ὡσαύτως,
995 1640 1119 1695 οὕτε
1160 1641 1291 1714 ὕλης
1309 1645 1575 1717 ἐμνήσθη,
1612 1645 1734 1700 οὔτε
1762 1645 2058 1717 ὀργανικῆς

483 1726 804 1796 ὑπουργίας.
835 1730 1043 1786 Ούκοῦν
1078 1733 1176 1786 οὐκ
1196 1735 1500 1806 ἀπόϐλητος
1527 1740 1584 1789 ὲν
1606 1735 1683 1806 τῷ
1704 1736 1859 1806 μέρει
1886 1735 2060 1805 τούτῳ

480 1815 571 1867 τοῦ
611 1816 874 1888 Εύνομίου
908 1823 936 1874 ὁ
985 1821 1159 1892 λόγος.
1215 1824 1270 1877 '0
1301 1825 1408 1896 γὰρ
1454 1826 1582 1890 Θεὸς
1616 1827 1812 1891 κτίζων
1849 1827 1947 1878 ὅσα
1976 1825 2062 1877 διὰ

481 1905 710 1970 κτίσεως
765 1908 889 1980 ἔσχε
940 1912 1038 1982 τὴν
1089 1913 1320 1981 γένεσιν,
1370 1914 1492 1968 οὔτε
1527 1916 1671 1979 τινὸς
1698 1913 2062 1986 ὑποκειμένης

481 1992 633 2064 ὕλης,
685 1994 810 2049 οὔτε
879 1998 1128 2069 ὁργάνων
1165 2003 1244 2066 είς
1287 2002 1386 2073 τὴν
1449 2004 1794 2075 κατασκευὴν
1846 2003 2058 2074 ἐδεήθη.

492 2082 822 2156 Ἀ’προσδεὴς
860 2088 968 2159 γὰρ
1010 2089 1293 2163 ἀλλοτρίας
1325 2093 1574 2165 βοηθείας
1623 2097 1655 2166 ή
1686 2094 1780 2147 τοῦ
1811 2093 1946 2148 Θεοῦ
1973 2094 2062 2147 δύ-

481 2171 643 2239 ναμίς
664 2191 721 2226 τε
749 2177 843 2229 καὶ
882 2179 1060 2246 σοφία.
1096 2182 1328 2251 Χριστὸς
1354 2183 1412 2236 δέ
1445 2185 1593 2237 ἐστιν
1623 2183 1769 2254 ἡτοῦ
1815 2183 1949 2237 Θεοῦ
1979 2184 2064 2236 δύ-

483 2283 645 2335 ναμις
673 2269 765 2320 καὶ
821 2271 998 2339 σοφία,
1032 2272 1097 2324 δι’
1125 2268 1184 2324 οὗ
1217 2274 1288 2326 τὰ
1339 2273 1536 2328 πάντα
1573 2273 1831 2343 ἐγένετο,
1856 2274 1953 2328 καὶ
1989 2270 2060 2330 οὗ

484 2360 660 2427 χωρὶς
709 2359 827 2414 τῶν
874 2362 1062 2417 ὄντων
1102 2364 1273 2418 ἐστὶν
1309 2365 1526 2419 οὐδέν’
1577 2365 1758 2430 καθὼς
1814 2367 2064 2438 Ἰωάννης

486 2451 843 2523 μαρτύρεται.
887 2455 948 2507 Ei
989 2451 1081 2509 οὖν
1113 2456 1288 2509 πάντα
1336 2457 1402 2509 δι’
1429 2458 1595 2511 αὑτοῦ
1627 2459 1863 2528 ἐγένετο,
1893 2461 2065 2529 ὁρατά

484 2556 540 2591 τε
564 2544 655 2593 καὶ
678 2543 903 2613 ἀόρατα,
940 2545 1164 2617 ἐξαρκεῖ
1190 2547 1245 2600 δὲ
1285 2547 1421 2618 πρὸς
1455 2549 1554 2620 τὴν
1583 2549 1691 2604 τῶν
1740 2550 1908 2604 ὄντων
1935 2551 2065 2604 ὑπό-

484 2645 670 2683 στασιν
701 2634 733 2702 ἠ
767 2633 1017 2705 βούλησις
1071 2638 1206 2707 μόνη
1230 2656 1243 2668 ·
1275 2638 1505 2710 δύναμις
1535 2640 1644 2711 γάρ
1700 2641 1846 2695 ἐστιν
1874 2644 1906 2711 ἡ
1943 2641 2066 2712 βού-

484 2721 636 2792 λησις
663 2739 676 2751 ·
709 2724 799 2778 τὸν
826 2727 1090 2798 ἡμέτερον
1109 2726 1228 2782 εἷπε
1259 2731 1414 2800 λόγον
1449 2733 1771 2806 ὲνατονούσῃ
1813 2737 1878 2805 τῇ
1922 2733 2063 2800 λέξει

487 2814 768 2884 Εὑνόμιος.
835 2818 892 2870 '0
947 2819 1054 2888 γὰρ
1110 2821 1177 2872 τὰ
1206 2820 1496 2892 σύμπαντα
1534 2824 1714 2898 φέρων
1744 2824 1822 2895 τῷ
1859 2826 2064 2896 ῥήματι

488 2907 586 2974 τῆς
637 2906 918 2976 δυνάμεως
950 2909 1134 2975 αὐτοῦ,
1181 2911 1324 2975 τίνος
1381 2913 1446 2966 ἂν
1491 2914 1724 2984 ὀργάνου
1768 2916 1860 2969 καὶ
1910 2917 2064 2980 ποίας

2157 452 2314 517 dixit,
2351 463 2400 506 et
2433 453 2578 522 facta
2610 461 2753 520 sunt,
2799 453 2905 521 ipse
2935 453 3205 509 mandavit
3261 466 3309 510 et
3353 471 3531 512 creata
3560 470 3680 512 sunt
3719 463 3758 521 ',

2159 544 2363 599 scimus
2389 545 2535 616 quod
2561 545 2804 599 materia:
2835 543 3008 600 factor
3034 554 3117 602 est
3149 545 3414 614 Verbum,
3441 550 3604 605 simul
3634 565 3757 603 cum

2158 638 2275 706 ipsa
2321 638 2548 691 materia
2575 637 2841 692 continuo
2874 636 3036 690 etiam
3084 638 3380 708 qualitates
3425 642 3712 710 perﬁcieus
3745 659 3755 694 :

2158 730 2233 783 ita
2265 738 2324 782 ut
2355 729 2403 784 ei
2431 728 2545 784 sint
2574 728 2760 784 omnia
2794 736 2849 782 et
2879 743 2978 800 pro
3006 731 3266 786 omnibus
3300 732 3539 802 impetus
3582 736 3759 789 omni-

2159 821 2398 890 potentis
2441 820 2762 883 voluntatis,
2795 819 3046 881 materia,
3081 821 3531 887 lnstrumeutum,
3576 825 3757 888 locus,

2158 919 2395 980 tempus,
2437 911 2701 973 essentia,
2733 909 2992 980 qualitas,
3023 917 3079 966 et
3112 911 3380 982 quidquid
3415 914 3468 968 in
3505 921 3756 968 creatura

2158 999 2499 1068 intelligitur.
2546 998 2723 1054 Simul
2766 1001 2914 1056 enim
2958 1012 3122 1070 atque
3169 1002 3341 1056 voluit
3395 1003 3540 1072 quod
3591 1018 3756 1073 opor-

2161 1099 2299 1146 teret
2333 1090 2473 1156 ﬁeri,
2504 1091 2780 1161 operatrix
2807 1105 2997 1147 eorum
3031 1107 3154 1162 qua:
3200 1103 3333 1147 sunt
3361 1095 3598 1164 potentia
3630 1109 3754 1148 cum

2160 1181 2384 1237 notione
2433 1180 2738 1247 concurrit,
2793 1196 2934 1250 opus
2989 1182 3196 1238 faciens
3245 1184 3622 1239 voluntatem:
3677 1186 3755 1239 sic

2159 1271 2305 1325 enim
2369 1269 2438 1327 de
2477 1270 2663 1326 divina
2717 1271 2957 1341 potentia
3017 1273 3448 1344 philosophatur
3498 1277 3755 1345 copiosus

2160 1363 2340 1418 Moses
2367 1363 2424 1419 in
2456 1363 2645 1418 mundi
2688 1365 2987 1430 creatione,
3028 1365 3367 1436 imperativis
3402 1366 3631 1422 vocibus
3658 1383 3751 1422 co-

2161 1471 2282 1510 rum
2313 1455 2584 1526 cujusque
2605 1471 2727 1526 quae
2763 1457 2816 1511 in
2850 1463 3106 1512 creatura
3127 1465 3393 1528 apparent
3421 1459 3752 1512 creationem

2161 1547 2465 1603 ascribeus.
2508 1545 2651 1600 Dixit
2681 1548 2825 1603 enim
2858 1548 2976 1620 (ait)
3006 1550 3143 1606 Deus
3170 1567 3182 1603 :
3217 1546 3344 1603 Fiat
3373 1549 3486 1613 lux,
3521 1560 3569 1604 et
3611 1550 3754 1619 facta

2159 1647 2234 1691 est
2261 1637 2354 1690 tua:
2384 1637 2426 1700 °,
2455 1643 2510 1691 et
2544 1638 2612 1691 de
2669 1637 2791 1690 aliis
2828 1637 3021 1692 eodem
3067 1638 3250 1703 modo,
3295 1655 3472 1709 neque
3515 1641 3754 1695 materia:

2167 1726 2445 1790 meminit,
2515 1741 2692 1796 neque
2748 1727 3183 1782 instrumentalis
3249 1729 3562 1786 ministerii.
3634 1728 3750 1786 Neu

2166 1819 2330 1889 igitur
2389 1819 2491 1872 hac
2541 1818 2595 1871 in
2653 1826 2806 1888 parte
2851 1816 3102 1872 Eunomii
3163 1820 3498 1889 repudianda
3554 1821 3750 1876 oratio.

2165 1910 2308 1966 Deus
2338 1912 2484 1966 enim
2523 1925 2717 1966 creans
2763 1924 3103 1980 quaecunque
3137 1927 3233 1983 per
3280 1915 3613 1970 creationem
3650 1916 3748 1969 ha-

2166 2005 2294 2060 bent
2331 2011 2534 2066 ortum,
2569 2020 2744 2074 neque
2770 2005 2874 2059 alia
2904 2005 3150 2076 subjecta
3185 2009 3430 2075 materia,
3466 2022 3642 2078 neque
3668 2008 3750 2063 in-

2166 2096 2482 2150 strumentis
2530 2096 2597 2149 ad
2647 2096 3110 2152 constructionem
3157 2099 3416 2168 indiguit.
3479 2097 3612 2152 Nam
3658 2098 3750 2155 Dei

2164 2188 2338 2242 virtus
2364 2196 2418 2243 et
2441 2187 2709 2257 sapientia
2756 2188 2775 2219 '
2802 2187 3005 2243 nullius
3031 2188 3193 2243 alieni
3221 2190 3408 2243 auxilii
3438 2197 3517 2245 est
3545 2190 3746 2262 indiga.

2166 2281 2229 2330 At
2259 2275 2513 2332 Christus
2543 2274 2634 2331 Dei
2671 2287 2756 2331 est
2784 2278 2958 2331 virtus
3008 2284 3062 2332 et
3116 2279 3403 2347 sapientia,
3442 2295 3535 2348 per
3584 2297 3748 2349 quem

2177 2368 2358 2422 omnia
2397 2367 2543 2436 facta
2577 2375 2726 2425 sunt,
2774 2367 2886 2420 sine
2931 2383 3030 2435 quo
3069 2367 3201 2421 nihil
3244 2384 3422 2423 eorum
3461 2388 3578 2440 quae
3604 2378 3746 2428 sum,

2173 2466 2252 2511 est
2299 2455 2341 2524 ⁸,
2389 2454 2848 2526 quemadmodum
2890 2462 3124 2511 testatur
3172 2454 3433 2512 Joannes.
3473 2457 3528 2513 Si
3586 2457 3752 2526 igitur

2166 2548 2350 2603 omnia
2382 2562 2477 2618 per
2505 2547 2683 2617 ipsum
2725 2545 2867 2600 facta
2898 2553 3048 2612 sunt,
3079 2545 3318 2601 visibilia
3344 2552 3398 2600 et
3434 2544 3752 2606 invisibilia,

2168 2640 2235 2695 ad
2284 2655 2475 2696 eorum
2522 2647 2704 2694 autem
2745 2653 2865 2707 qua:
2903 2645 3032 2693 sunt
3069 2637 3479 2692 subsistentiam
3515 2635 3629 2690 sola
3662 2634 3754 2689 Dei

2169 2731 2420 2787 voluntas
2467 2728 2664 2786 suﬂicit
2708 2729 2903 2798 (virtus
2967 2727 3112 2784 enim
3165 2728 3281 2783 sive
3319 2726 3559 2796 potentia
3622 2726 3738 2794 ipsa

2167 2831 2250 2888 est
2278 2818 2572 2885 voluntas),
2605 2825 2851 2874 nostrum
2896 2832 3204 2874 sermonem
3245 2817 3493 2872 oratione
3529 2817 3755 2871 remissa

2170 2913 2396 2982 protulit
2435 2911 2758 2966 Eunomius.
2788 2909 2890 2977 Qui
2943 2911 3087 2964 enim
3134 2909 3300 2964 verbo
3339 2924 3452 2965 suae
3498 2907 3752 2978 potentia:

489 2995 621 3068 ὕλης
647 2997 862 3070 δεηθείη
891 3001 947 3052 ἐν
979 2999 1058 3070 τῷ
1081 3001 1264 3073 φέρειν
1293 3004 1379 3058 διὰ
1408 3004 1500 3058 τοῦ
1522 3007 1930 3079 παντοδυνάμου
1966 3011 2065 3078 ῥή-

2174 3005 2275 3059 i'ert
2313 3005 2590 3068 universa,
2621 3018 2730 3072 quo
2767 3002 3130 3056 instrumento
3174 3008 3228 3054 ct
3267 3015 3372 3070 qua
3405 2999 3635 3056 materia
3673 2999 3757 3051 iu-

490 3105 658 3157 ματος
679 3089 778 3158 τὴν
813 3090 914 3146 τῶν
944 3091 1111 3145 ὄντων
1152 3094 1480 3163 ύπόστασινς
1525 3098 1584 3150 Ei
1611 3097 1666 3150 δὲ
1694 3100 1829 3169 ὅπερ
1862 3101 1952 3153 ἐπὶ
1973 3101 2068 3170 τῆς

487 3178 717 3242 κτίσεως
747 3182 874 3252 περὶ
909 3180 1001 3234 τοῦ
1034 3184 1372 3252 Μονογενοῦς
1411 3189 1876 3260 πεπιστεύκαμεν,
1914 3190 2071 3244 τοῦτο

488 3271 580 3324 ἐπὶ
622 3271 716 3324 τοῦ
768 3273 896 3326 Υίοῦ
953 3277 1380 3341 κατασκευάζει·
1408 3279 1484 3342 ὼς
1514 3281 1884 3353 ὁμοιοτρόπως
1908 3283 2070 3337 αὐτὸν
2125 3277 2127 3279 ’

490 3362 583 3415 τοῦ
635 3365 846 3436 [ἰατρὸς
895 3366 1200 3435 κτίσαντος,
1235 3371 1488 3441 καθάπερ
1536 3373 1687 3444 παρὰ
1730 3374 1824 3427 τοῦ
1873 3375 2067 3446 Υἰοῦή

492 3457 668 3519 κτίσις
699 3458 915 3525 ἐγένετο
941 3473 953 3486 ·
988 3459 1078 3512 τὸν
1105 3463 1162 3514 ὲν
1193 3463 1306 3525 τοῖς
1335 3461 1644 3533 ἔμπροσθεν
1673 3464 1902 3535 ῥηθέντα
1917 3466 2071 3534 λόγον

493 3550 585 3601 καί
612 3547 704 3602 νῦν
737 3549 895 3603 πάλιν
930 3551 1408 3624 ἀναλαμϐάνομεν,
1445 3555 1585 3624 ὃτιὴ
1619 3557 1842 3627 τοιαύτη
1882 3559 2073 3630 ὑπόλη-

492 3640 580 3708 ψις
605 3640 831 3712 ἄρνησις
861 3643 959 3712 τῆς
982 3644 1074 3696 τοῦ
1099 3645 1434 3712 Μονογενοῦς
1465 3648 1579 3700 ἐστι
1596 3646 1866 3718 θεότητος.
1884 3650 2073 3720 Ἡμεῖς

495 3734 602 3801 γὰρ
638 3733 768 3788 ἴδιον
796 3730 933 3789 εἶναι
964 3735 1071 3790 τῶν
1111 3737 1637 3809 εἰδωλολατρούντων
1660 3740 1811 3811 παρά
1845 3741 1943 3811 τῆς
1976 3760 2072 3811 με-

496 3823 666 3894 γάλης
693 3825 786 3878 τοῦ
818 3826 1034 3879 Παύλου
1067 3829 1249 3899 φωνῆς
1285 3830 1703 3901 μεμαθήκαμεν,
1731 3831 1792 3883 τὸ
1823 3831 2072 3885 σέϐεσθαι

496 3916 590 3967 καὶ
622 3915 903 3986 λατρεύειν
934 3920 1000 3988 τῇ
1037 3918 1211 3970 κτίσει
1245 3919 1393 3990 παρὰ
1424 3920 1513 3972 τὸν
1536 3920 1797 3973 κτίσαντα
1819 3938 1832 3950 ·
1869 3923 2071 3974 καὶτοῦ

497 4003 659 4058 Δαϐὶδ
674 4006 1020 4070 εἰπόντος,ὄτι
1038 4009 1158 4060 Οὐκ
1173 4007 1343 4062 ἔσται
1357 4010 1425 4062 ὲν
1436 4008 1533 4062 σοὶ
1549 4009 1692 4075 Θεὸς
1707 3999 2071 4078 πρόσφατος,

495 4097 636 4150 οὐδὲ
649 4099 1226 4167 προσκυνήσειςθεῷ
1241 4101 1560 4170 ἀλλοτρίῳ.
1581 4101 1781 4156 Κανόνι
1797 4102 1969 4172 τούτῳ
1983 4107 2075 4157 καὶ

495 4188 728 4260 γνώμονι
769 4191 1028 4262 χρώμεθα
1059 4192 1194 4263 πρὸς
1213 4194 1313 4264 τὴν
1329 4192 1430 4246 τοῦ
1455 4193 1928 4263 προσκυνουμὲνου
1956 4195 2076 4247 ἐπί-

494 4298 695 4349 γνωσιν
764 4283 903 4336 ὥστε
936 4284 1224 4338 πεπεῖσθαι
1256 4284 1414 4338 τοῦτο
1445 4284 1646 4356 ἀληθὲς
1684 4282 1824 4339 εἶναι
1867 4286 2021 4345 Θεὸν,
2047 4286 2075 4338 ὃ

2171 3097 2400 3167 digeret,
2434 3096 2562 3150 dum
2593 3111 2779 3151 eorum
2813 3109 2936 3164 quae
2974 3102 3101 3148 sunt
3147 3092 3563 3148 subsistentiam
3591 3091 3757 3148 verbo

2174 3205 2274 3244 suo
2344 3188 2705 3259 omnipotenti
2753 3187 2989 3243 sustinet
3036 3187 3110 3238 ’?
3196 3185 3350 3251 Quod
3413 3186 3458 3239 si
3507 3183 3652 3255 quod
3705 3185 3758 3236 in

2171 3289 2423 3336 creatura
2478 3281 2545 3335 de
2598 3278 2890 3350 Unigenito
2943 3277 3298 3342 credidimus,
3357 3277 3460 3330 hoc
3515 3277 3568 3329 iu
3626 3273 3759 3329 Filio

2173 3373 2392 3437 astruit,
2435 3372 2580 3427 velut
2628 3369 2797 3423 simili
2860 3368 3022 3422 modo
3077 3369 3252 3437 ipsum
3307 3367 3466 3422 Patre
3527 3376 3752 3420 creante

2173 3462 2630 3536 quemadmodum
2661 3477 2691 3516 a
2725 3459 2860 3515 Filio
2910 3467 3162 3515 creatura
3198 3457 3338 3511 facta
3387 3467 3470 3510 est
3505 3476 3517 3509 :
3560 3456 3760 3509 dictum

2174 3564 2335 3611 antea
2367 3567 2673 3610 sermonem
2698 3567 2843 3608 nunc
2861 3550 3024 3605 etiam
3056 3563 3249 3602 rursus
3271 3546 3589 3614 repetimus.
3619 3544 3761 3610 quod

2173 3645 2442 3716 ejusmodi
2475 3643 2660 3714 opinio
2689 3642 2904 3713 negatio
2936 3648 3020 3696 est
3069 3639 3288 3694 deitatis
3331 3635 3621 3706 llnigeniti.
3657 3632 3763 3685 Nm

2175 3739 2320 3793 cnim
2364 3737 2781 3792 idololatrarum
2820 3733 3100 3803 proprium
3125 3746 3247 3788 esse
3267 3745 3332 3786 ex
3368 3742 3562 3797 magna
3613 3723 3764 3778 Pauli

2176 3844 2309 3884 voce
2333 3827 2648 3889 didicimus,
2684 3826 2864 3879 colere
2909 3833 2964 3878 et
3007 3821 3216 3878 servire
3256 3831 3542 3880 creaturae,
3572 3825 3765 3887 praue-.-

2180 3935 2304 3974 eum
2332 3918 2424 3989 qui
2448 3917 2655 3973 creavit
2695 3915 2770 3980 ‘°;
2807 3921 2859 3969 et
2890 3929 2956 3968 ex
2986 3926 3122 3966 voce
3142 3909 3312 3964 David
3347 3905 3763 3971 dicentis,quod

2181 4011 2304 4065 Non
2330 4011 2428 4065 erit
2459 4009 2512 4062 in
2549 4017 2594 4062 te
2649 4006 2786 4060 Deus
2835 4021 3036 4066 recens,
3084 4019 3246 4072 neque
3295 4001 3547 4054 adorabis
3602 3997 3762 4050 Deum

2178 4104 2408 4157 alienum
2453 4102 2516 4153 “.
2569 4097 2683 4153 Hac
2744 4099 2952 4168 regula,
3011 4097 3114 4150 hoc
3161 4109 3431 4165 gnomone
3483 4099 3536 4144 et
3590 4087 3766 4141 indice.

2180 4197 2383 4248 utimur
2418 4192 2484 4248 ad
2532 4190 2651 4260 ejus
2693 4190 2786 4260 qui
2817 4188 3079 4242 adoratur
3132 4184 3534 4254 cognitionem:
3589 4180 3662 4232 ita
3713 4188 3768 4230 ut

2181 4286 2333 4339 nobis
2361 4285 2433 4344 sit
2464 4296 2786 4353 persuasum
2829 4281 2934 4334 hoc
2977 4292 3164 4332 verum
3208 4289 3331 4330 esse
3376 4273 3567 4336 Deum,
3621 4271 3765 4338 quod

498 4375 634 4444 μήτε
665 4375 975 4446 πρόσφατόν
1001 4378 1138 4441 ἐστι,
1170 4379 1305 4447 μήτε
1335 4355 1632 4447 ἀλλότριον.
1659 4376 1876 4447 Ἐπειδὴ
1896 4377 2067 4429 τοίνυν

2183 4390 2355 4444 neque
2387 4387 2575 4427 recens
2598 4379 2704 4434 est,
2727 4385 2902 4437 neque
2933 4367 3170 4420 alienum
3193 4365 3252 4415 ¹¹.
3298 4360 3566 4426 Quoniam
3604 4357 3770 4429 igitur

494 4463 626 4516 Θεὸν
656 4464 928 4517 πιστεύειν
951 4460 1090 4518 εἶναι
1118 4465 1208 4518 τὸν
1239 4468 1500 4536 μονογενῆ
1537 4466 1666 4519 Θεὸν
1695 4466 2069 4536 ἐδιδάχθημεν⁹

493 4555 554 4608 τὸ
588 4557 726 4626 μήτε
750 4557 1058 4627 πρόσφατον
1087 4557 1246 4611 αὐτὸν
1280 4553 1438 4621 εἷναι,
1480 4560 1616 4628 μήτε
1639 4559 1913 4627 ἀλλότριον
1949 4575 2072 4610 συν-

493 4643 862 4715 ομολογοῦμεν
888 4646 972 4699 διὰ
996 4644 1089 4698 τοῦ
1123 4645 1419 4709 πιστεύειν,
1451 4648 1532 4699 ὅτι
1554 4648 1670 4698 ἐστὶ
1701 4648 1830 4709 Θεός
1861 4665 1870 4676 ·
1910 4648 1955 4698 εί
1982 4642 2074 4700 οὖν

493 4733 626 4798 Θεός
660 4736 796 4799 ἐστι,
831 4735 1138 4806 πρόσφατος
1160 4737 1258 4789 οὐκ
1281 4737 1426 4791 ἐστιν
1448 4755 1460 4767 ·
1493 4739 1523 4790 ὁ
1549 4737 1604 4789 δὲ
1639 4739 1712 4807 μὴ
1738 4738 2071 4808 πρόσφατος,

494 4827 661 4892 ἀΐδιος
702 4828 916 4891 πάντως
965 4830 1146 4883 ἐστίν’
1203 4829 1327 4883 οὔτε
1384 4823 1475 4884 οὖν
1517 4829 1828 4901 πρόσφατός
1877 4832 2022 4886 ἐστιν
2049 4833 2078 4884 ὁ

495 4917 683 4982 ἀΐδιος,
715 4918 840 4972 οὔτε
867 4920 1144 4990 ἀλλότριος
1172 4922 1270 4990 τῆς
1302 4922 1558 4992 ἀληθινῆς
1591 4922 1863 4992 θεότητος,
1892 4924 1955 4974 ἐκ
1982 4922 2076 4974 τοῦ

498 5005 709 5075 Ιιατρδς
739 5006 834 5073 ὢν,
869 5011 963 5061 καὶ
1021 5009 1086 5061 ἑν
1130 5010 1245 5076 τοῖς
1286 5013 1534 5076 κόλποις
1565 5012 1652 5064 ὢν
1685 5012 1789 5065 τοῦ
1827 5013 2074 5080 Πατρός.

498 5097 591 5150 καὶ
630 5099 689 5150 ὲν
723 5099 901 5169 ἑαυτῷ
928 5101 1017 5152 τὶν
1051 5101 1268 5171 Πατέρα
1312 5099 1468 5170 ἔχων.
1501 5102 1660 5153 ’Ὥστε
1708 5103 1736 5152 ὁ
1769 5091 2078 5170 ἀποσχίξιιῖν

496 5187 596 5257 τῆς
628 5189 721 5242 τοῦ
752 5192 961 5262 [ἰατρὸς
990 5192 1201 5260 φύσεως
1240 5193 1330 5245 τὸν
1384 5192 1524 5253 Υίὺν,
1561 5193 1592 5262 ἢ
1639 5193 1866 5245 καθόλου
1902 5193 2082 5245 ἀθετεῖ

497 5281 593 5351 τὴν
627 5284 1016 5356 προσκύνησιν,
1058 5287 1142 5338 ἵνα
1173 5285 1246 5355 μὴ
1271 5285 1533 5354 ἀλλοτρίῳ
1562 5284 1678 5353 Θεῷ
1703 5285 2073 5354 προσκυνήσῃ.

599 5523 622 5555 ⁸
655 5522 800 5578 Psal.
838 5536 1058 5585 chvui,
1091 5523 1146 5578 5.
1221 5525 1239 5554 ⁸
1269 5523 1461 5576 Geucs.
1502 5541 1538 5581 ι.
1575 5523 1626 5575 5.
1705 5524 1721 5550 ⁷
1766 5521 1781 5572 l
1843 5521 1965 5573 Cur.
2025 5537 2060 5576 ι.

503 5592 543 5625 ⁸³
587 5593 730 5648 [’sal.
762 5607 926 5651 Lxxx,
971 5592 1024 5646 9.
1103 5595 1143 5621 ¹²
1185 5595 1349 5646 Exod.
1388 5611 1475 5658 xx,
1511 5595 1574 5657 ὃς

2114 5519 2199 5572 94.
2281 5519 2299 5546 ⁸
2361 5516 2506 5568 Junii.
2581 5530 2620 5574 t,
2666 5514 2716 5566 5.

1624 5608 1805 5657 xxxiv,
1870 5591 1962 5648 H;
2009 5589 2158 5642 Deut.
2216 5603 2265 5649 v,
2314 5586 2363 5638 7.
2443 5586 2482 5615 ¹³
2536 5583 2690 5638 Joan.
2732 5596 2770 5641 ι,
2824 5578 2908 5631 18.

2186 4465 2534 4536 Uuigeuitum
2601 4461 2766 4516 Deum
2833 4474 2952 4513 esse
3013 4457 3238 4510 credere
3301 4449 3476 4504 edocti
3565 4464 3770 4509 sumus,

2183 4555 2394 4609 idcirco
2431 4567 2606 4622 neque
2643 4551 2820 4620 ipsum
2860 4555 3129 4600 recentem
3167 4560 3290 4598 esse
3323 4556 3499 4608 neque
3527 4539 3765 4591 alienum

2182 4640 2524 4700 confitemur,
2555 4638 2682 4708 quia
2711 4635 2988 4690 credimus
3024 4634 3168 4702 quod
3197 4641 3280 4686 cst
3311 4631 3484 4683 Deus:
3529 4627 3574 4679 si
3605 4627 3766 4696 igitur

2182 4744 2263 4789 est
2308 4733 2469 4798 Deus,
2521 4745 2714 4785 recens
2755 4744 2862 4783 non
2902 4735 3018 4793 est;
3051 4726 3140 4795 qui
3187 4731 3366 4777 autem
3411 4736 3520 4775 non
3559 4728 3645 4774 est
3685 4733 3768 4770 rc-

2182 4844 2335 4890 ccus,
2365 4826 2590 4880 omnino
2621 4832 2704 4879 est.
2735 4831 2971 4877 aeternus
3005 4839 3016 4874 :
3060 4833 3234 4886 neque
3270 4817 3436 4886 igitur
3468 4826 3661 4868 recens
3687 4821 3768 4864 est

2181 4922 2272 4985 qui
2313 4929 2569 4981 aeternus,
2606 4931 2780 4986 neque
2812 4931 2840 4966 a
2881 4928 3006 4968 vera
3053 4911 3256 4965 deitate
3301 4908 3513 4962 alienus
3564 4903 3655 4973 qui
3703 4917 3764 4952 ex

2183 5011 2340 5065 Patre
2367 5019 2473 5073 est,
2508 5018 2561 5064 et
2625 5009 2710 5080 qui
2736 5009 2786 5059 iu
2811 5005 3000 5059 sinibus
3030 5004 3203 5058 Patris
3224 5011 3295 5054 est
3342 5001 3407 5063 ¹³,
3436 4999 3557 5054 etiu
3589 4996 3768 5062 scipso

2185 5107 2397 5157 l'atrem
2445 5101 2628 5154 habet.
2671 5097 2852 5164 Quare
2894 5097 2985 5164 qui
3031 5091 3228 5148 Filium
3269 5109 3294 5142 a
3342 5089 3520 5142 Patris
3572 5091 3764 5135 natura

2183 5191 2468 5251 discindit,
2503 5191 2586 5242 vel
2633 5189 2685 5241 in
2715 5187 3028 5241 universum
3064 5182 3439 5237 adorationem
3479 5182 3531 5228 et
3559 5171 3763 5224 cultqu

2187 5284 2385 5345 abolet,
2412 5298 2479 5335 ne
2511 5279 2682 5332 Deum
2716 5279 2950 5332 alienum
2983 5276 3194 5334 adoret,
3238 5271 3320 5322 vel
3363 5265 3562 5320 idolum
3612 5261 3763 5316 coiit.

2823 5513 2842 5541 ’
2891 5508 3049 5560 Hebr.
3104 5521 3138 5568 ι,
3176 5502 3228 5556 ὖ.
3311 5498 3352 5528 ¹⁰
3391 5497 3546 5556 limu.
3582 5519 3613 5560 ι,
3667 5502 3753 5553 ‘21).
