4054 6150
303 259 406 315 ιθι)

1537 269 1593 324 S.
1635 269 1962 327 GREGORH
2007 271 2291 327 VYSSENI

3448 261 3545 316 500

303 384 608 432 creaturam
637 387 817 436 etnon
853 380 1018 436 Deum
1037 397 1150 436 suae
1172 384 1475 440 adorationi
1509 391 1873 457 pnestituens,

1981 392 2018 460 ἢ
2039 392 2253 444 εἴδωλον
2275 393 2508 454 σέίῑετσιι,
2539 393 2740 461 κτίσμα
2765 394 2855 444 καὶ
2881 393 2937 444 οῦ
2968 393 3097 442 Θεὸν
3116 392 3212 460 τῆς
3244 391 3554 460 προσκυνή-

303 477 356 522 et
376 465 578 524 Christi
606 489 798 526 nomen
827 474 970 527 idolo
999 491 1226 543 ponens.

377 647 534 716 Quod
565 659 746 705 autem
779 653 831 704 in
880 669 942 706 ea
976 655 1384 712 existimatione
1409 674 1569 726 quam
1620 659 1780 714 habet
1811 662 1877 715 de

307 741 629 812 Unigenito.
663 745 728 798 ad
767 747 907 800 hanc
941 749 1166 816 respicit
1208 751 1650 819 intelligentiam,
1701 753 1876 805 mani-

311 832 504 888 festius
537 836 626 888 liet
662 851 727 889 ex
767 837 852 891 his
875 854 997 906 qua:
1027 840 1093 893 de
1116 840 1234 908 ipso
1257 839 1548 908 Unigenito
1584 847 1874 911 percurrit,

306 940 428 994 quae
459 926 525 979 ad
553 928 700 983 hunc
747 945 809 985 se
839 931 1035 985 habent
1068 932 1289 986 modum
1335 953 1347 987 :
1396 933 1672 988 Credimus
1718 938 1877 989 etiam

306 1019 361 1070 in
407 1017 510 1091 Dei
547 1019 778 1086 Filium,
834 1025 1156 1092 unigenitum
1223 1024 1414 1088 Deum,
1476 1028 1874 1096 primogenitum

306 1111 476 1164 omnis
534 1123 826 1176 creatum,
888 1113 1092 1168 Filium
1153 1133 1327 1170 verum
1387 1133 1487 1170 non
1559 1119 1875 1188 ingenitum,

304 1219 421 1257 vere
481 1207 712 1273 genitum
757 1217 879 1262 ante
930 1210 1127 1263 smcula
1189 1227 1208 1263 :
1264 1229 1366 1265 non
1419 1212 1611 1283 absque
1660 1231 1880 1282 genera-

308 1297 446 1349 tione
511 1307 788 1367 antequam
841 1310 1008 1367 esset,
1076 1304 1405 1356 nominatum
1464 1304 1697 1369 Filium,
1759 1319 1879 1362 ante

305 1401 510 1440 omnem
556 1399 860 1445 creaturam
893 1395 1147 1462 genitum,
1203 1411 1306 1448 non
1355 1397 1667 1450 increatum.
1716 1399 1876 1452 Arbi-

307 1484 422 1531 tror
467 1479 639 1532 solam
700 1481 993 1536 verborum
1045 1484 1339 1538 citatorum
1404 1486 1693 1540 lectionem
1741 1490 1875 1543 satis

305 1568 471 1623 etiam
503 1571 712 1640 absque
743 1583 929 1627 nostra
963 1577 1370 1630 examinatione
1412 1576 1576 1644 hujus
1608 1579 1874 1646 dogmatis

307 1659 639 1729 impietatem
700 1664 1010 1719 declarare:
1075 1681 1197 1718 nam
1263 1667 1685 1735 primogenitum
1746 1685 1867 1724 cum

1981 501 2116 545 σεως
2141 483 2301 535 αὐτοῦ
2357 482 2819 553 προστησάμενος,
2863 485 2956 535 καὶ
3005 483 3238 552 Χριστοῦ
3273 484 3443 554 ὄνομα
3477 483 3554 554 τῷ

1979 573 2181 642 εἰδώλῳ
2213 573 2455 644 θέμενος.

2051 666 2171 716 ’Ὁτι
2193 664 2247 716 δὲ
2281 664 2415 733 πρὸς
2441 664 2642 732 ταύτην
2674 663 2859 733 βλέπει
2883 664 2978 733 τὴν
3001 661 3236 716 διάνοιαν
3258 665 3314 716 ἐν
3338 666 3400 733 τῇ
3428 666 3554 734 περὶ

1979 755 2071 808 τοῦ
2089 754 2424 822 Μονογενοῦς
2457 754 2742 824 ὑπολήψει,
2765 753 3138 824 φανερώτερον
3169 754 3233 806 ἂν
3258 755 3462 822 γένοιτο
3487 756 3554 808 δι’

1978 839 2052 899 ὧν
2080 845 2147 898 τὰ
2177 848 2303 918 περὶ
2323 845 2485 898 αὑτοῦ
2512 846 2602 899 τοῦ
2627 845 2962 915 Μονογενοῠς
2982 846 3312 916 διεξέρχεται
3329 887 3340 906 ,
3367 846 3553 900 τοῦτον

1979 936 2170 1005 ἔχοντα
2190 935 2280 988 τὸν
2305 936 2503 1006 τρόπον
2524 952 2538 966 ·
2554 937 2920 1003 Πιστεύομεν
2946 934 3042 987 καὶ
3057 937 3143 998 εἰς
3162 935 3268 987 τὸν
3284 935 3388 988 τοῦ
3407 935 3553 989 Θεοῦ

1990 1028 2145 1091 Υἱὸν,
2177 1027 2282 1079 τὸν
2299 1024 2598 1097 μονογενῆ
2624 1027 2792 1092 Θεὸν,
2816 1028 3192 1094 πρωτότοκον
3213 1025 3414 1091 πάσης
3433 1027 3553 1078 κτί-

1979 1132 2153 1183 σεως,
2183 1119 2321 1171 Υιόν
2337 1119 2644 1184 ἀληθινὸν,
2668 1121 2778 1172 οὐκ
2803 1117 3152 1186 ἀγέννητον,
3171 1116 3406 1182 ἀληθῶς
3426 1133 3554 1186 rer-

1978 1213 2234 1281 τμηθέντα
2261 1213 2374 1281 πρὸ
2411 1216 2641 1266 αἰώνων
2659 1253 2672 1276 ,
2697 1216 2804 1266 οὐκ
2829 1212 2974 1265 ἄνευ
2997 1210 3105 1278 τῆς
3133 1211 3246 1278 πρὸ
3271 1209 3374 1263 τοῦ
3401 1209 3547 1262 atra.

1979 1305 2318 1376 γεννήσεως
2338 1303 2938 1374 ὀνομαζόμενονΥἱὸν,
2954 1303 3064 1370 πρὸ
3083 1303 3284 1370 πάσης
3303 1305 3550 1368 κτίσεως

1979 1398 2319 1468 γενόμενον,
2339 1399 2448 1449 οὐκ
2465 1395 2540 1449 dx
2550 1411 2768 1449 τιστον.
2789 1397 3000 1466 Ἀρκεϊν
3015 1395 3249 1465 ἡγοῦμαι
3275 1395 3439 1464 μόνην
3455 1395 3553 1465 τὴν

1980 1489 2283 1555 ἀνάγνωσιν
2313 1487 2423 1540 τῶν
2452 1486 2800 1549 ἐκτεθέντων,
2825 1487 2918 1540 καὶ
2969 1485 3090 1555 δίχα
3119 1486 3217 1554 τῆς
3249 1488 3377 1556 παρ’
3398 1486 3551 1556 ἡμῶν

1977 1576 2276 1640 ἐξετάσεως
2321 1575 2631 1646 φανερῶσαι
2674 1574 2768 1627 τοῦ
2799 1575 3064 1644 δόγματος
3111 1576 3208 1644 τὴν
3257 1575 3548 1628 ἀσέϐειανο

1978 1669 2316 1737 πρωτότοκον
2342 1667 2447 1738 γὰρ
2464 1667 2632 1720 εἰπὼν
2668 1667 2852 1730 αὐτὸν,
2885 1667 2971 1719 ἴνα
3002 1669 3074 1737 μή
3107 1684 3228 1720 τινα
3259 1669 3372 1730 τοῖς
3397 1667 3552 1720 ἁκού-

306 1749 444 1803 dixit
478 1752 677 1820 ipsum,
715 1769 783 1806 ne
812 1755 1050 1823 aliquam
1081 1756 1430 1811 audientibus
1466 1759 1872 1827 ambiguitatem

1980 1777 2125 1812 ουσιν
2154 1759 2479 1828 ἀμφιῦολίαν
2523 1759 2797 1829 ἐμποιήσῃ
2836 1757 2928 1810 τοῦ
2964 1759 3036 1828 μὴ
3071 1754 3209 1812 εἶναι
3244 1758 3404 1811 αὑτὸν
3431 1776 3548 1811 κτιο

313 1839 690 1909 ingeneraret,
738 1843 914 1912 ipsum
949 1859 1057 1896 non
1095 1859 1216 1897 esse
1263 1853 1506 1897 creatum
1549 1847 1875 1911 ;subjunxit

305 1933 571 1986 continuo
633 1949 732 1988 non
754 1934 1061 1997 ina-catum,
1111 1951 1178 1989 ne
1209 1935 1503 2004 aliquando
1535 1935 1655 1989 Filii
1705 1938 1876 2006 signi-

307 2024 581 2089 ficatione,
603 2037 664 2082 ut
693 2029 851 2091 solet,
884 2039 1064 2084 mente
1085 2036 1368 2098 percepta,
1403 2031 1491 2099 pia
1522 2031 1702 2099 aliqua
1727 2032 1875 2084 notio

306 2117 361 2170 in
393 2117 733 2172 audientium
760 2120 959 2173 animis
992 2120 1366 2174 insereretur:
1430 2120 1536 2175 hac
1589 2122 1655 2175 de
1705 2137 1872 2174 causa

306 2224 430 2264 cum
477 2211 530 2263 in
574 2211 768 2280 primis
805 2211 898 2264 Dei
944 2211 1164 2275 Filium,
1206 2220 1260 2266 ct
1312 2214 1647 2282 unigenitum
1704 2212 1872 2266 Deum

305 2299 598 2356 confessus
642 2311 811 2364 esset,
852 2303 1115 2356 continuo
1161 2317 1259 2370 per
1295 2317 1356 2356 ea
1409 2320 1530 2373 quze
1569 2303 1876 2357 inferuntur

305 2401 542 2445 mentem
577 2392 884 2447 auditorum
931 2408 959 2444 a
1014 2394 1100 2462 pia
1149 2394 1407 2462 opinione
1452 2394 1517 2446 ad
1566 2395 1872 2449 hmreticam

305 2482 724 2552 intelligentiam
756 2498 1041 2554 perperam
1088 2485 1300 2539 avertit.
1346 2483 1447 2549 Qui
1478 2485 1623 2538 enim
1672 2487 1874 2541 audivit

305 2571 505 2628 Filium
539 2573 634 2629 Dei
663 2583 718 2630 et
751 2575 1094 2645 unigenitum
1130 2575 1319 2637 Deum,
1359 2578 1674 2631 necessario
1699 2579 1763 2630 ad
1799 2581 1875 2631 al-

305 2663 473 2719 tiores
499 2666 904 2734 spcculationes
935 2667 1184 2736 erigitur,
1209 2681 1306 2735 per
1335 2668 1530 2720 harum
1557 2682 1748 2721 vocum
1772 2668 1876 2737 sig-

303 2758 673 2811 niﬁcationem
709 2760 866 2826 quasi
908 2774 1070 2812 manu
1112 2760 1340 2819 ductus,
1394 2761 1540 2829 quod
1581 2761 1727 2814 nulla
1777 2777 1876 2814 na-

305 2861 442 2903 turae
466 2849 774 2904 differentia
807 2851 876 2905 ab
904 2851 1005 2904 hac
1046 2867 1196 2913 voce,
1234 2851 1395 2918 Deus,
1441 2860 1494 2907 et
1525 2853 1592 2905 ab
1623 2854 1723 2905 hac
1754 2852 1874 2906 Filii

305 2939 708 3010 signiﬁcation
754 2941 1192 2996 subinsinuetur.
1228 2941 1510 3008 Quomodo
1559 2944 1702 2997 enim
1745 2945 1872 3013 quid

305 3031 452 3085 aliud
486 3038 684 3100 prteter
704 3030 882 3087 Patris
905 3041 1161 3086 naturam
1199 3033 1612 3103 intelligeretur.
1645 3035 1736 3104 qui
1780 3051 1872 3088 ve-

302 3140 365 3181 re
395 3125 488 3180 Dei
518 3125 689 3181 Filius
711 3136 816 3188 est,
837 3135 891 3181 et
921 3127 1012 3196 qui
1041 3127 1154 3196 ipse
1187 3125 1329 3180 Deus
1358 3127 1480 3182 est?
1503 3126 1608 3181 Sed
1633 3142 1698 3180 ne
1721 3129 1873 3195 prius

305 3217 360 3271 in
415 3219 725 3271 auditorum
771 3217 1031 3272 cordibus
1081 3233 1177 3286 per
1224 3218 1337 3271 haec
1377 3218 1601 3270 nomina
1653 3219 1874 3286 pietatis

305 3309 554 3364 notiones
585 3311 991 3380 imprimantur,
1027 3309 1212 3363 statim
1249 3309 1378 3362 dicit
1404 3316 1667 3361 creatura:
1696 3311 1873 3378 ipsum

304 3400 763 3469 primogenitum;
805 3414 912 3453 non
939 3399 1145 3467 absque
1188 3400 1542 3465 generatione
1585 3409 1873 3467 antequam

303 3499 471 3552 esset.
514 3491 855 3544 nominatum
890 3489 1086 3542 Filium
1108 3528 1122 3550 ,
1159 3495 1287 3540 ante
1317 3503 1532 3542 omnem
1566 3497 1875 3544 creaturam

305 3583 570 3653 genitum,
611 3595 720 3633 non
749 3581 1073 3632 increatum.
1109 3577 1183 3630 Ut
1212 3577 1378 3646 igitur
1401 3579 1750 3633 manifestum
1786 3580 1877 3633 fiat

306 3675 612 3744 improbum
643 3673 808 3725 istum
846 3678 901 3724 et
930 3679 1232 3733 versutum,
1258 3670 1356 3723 has
1383 3685 1544 3725 voces
1560 3671 1764 3740 primas
1780 3686 1878 3742 pro

306 3765 562 3821 illecebra
592 3762 911 3817 hominibus
945 3762 1289 3831 protendere,
1322 3768 1381 3814 ut
1419 3777 1684 3816 venenum
1729 3778 1878 3815 mor-

306 3857 529 3912 tiferum
573 3853 739 3908 veluti
766 3853 1001 3922 quodam
1045 3853 1204 3907 melle
1231 3852 1667 3922 religiosioribns
1706 3853 1880 3906 nomi-

307 3949 471 4003 nibus
502 3947 811 4002 ednleatum
843 3945 1148 4013 accipiatur
1174 3961 1188 4006 ;
1226 3945 1508 4012 paululum
1545 3945 1598 3996 in
1629 3943 1730 3996 hoc
1757 3959 1878 3997 scr-

309 4054 474 4094 mnne
530 4051 952 4092 commoremur.
997 4035 1130 4100 Quis
1189 4051 1296 4090 non
1365 4036 1510 4088 videt
1565 4045 1764 4105 quanta
1808 4037 1878 4090 sit

306 4129 564 4200 unigeniti
614 4130 679 4182 ad
718 4128 1141 4197 primogenitum
1177 4125 1479 4179 secundum
1517 4126 1570 4179 id
1602 4127 1743 4194 quod
1779 4128 1879 4194 sig-

308 4221 582 4283 nificatur,
614 4218 962 4273 differentia?
997 4216 1182 4286 Neque
1219 4218 1362 4270 enim
1397 4216 1710 4285 unigenitus
1755 4231 1877 4269 cum

308 4313 573 4369 fratribus
619 4313 964 4382 intelligitur,
1005 4325 1180 4377 neque
1211 4309 1329 4364 sine
1370 4308 1632 4364 fratribus
1675 4309 1879 4378 primo-

1981 1848 2122 1908 στὸν,
2165 1848 2437 1916 ἐπήγαγεν
2459 1847 2620 1908 εὐθὺς
2647 1846 2706 1899 τὸ
2735 1848 2842 1900 οὐκ
2863 1845 3168 1906 ἆκτιστον,
3204 1846 3287 1898 ἵνα
3317 1847 3390 1915 μή
3419 1863 3546 1899 ποτε

1976 1941 2074 2009 τῆς
2101 1939 2194 1992 τοῦ
2227 1938 2357 1991 Υἰοῦ
2389 1939 2662 2009 σημασίας
2700 1938 2774 2000 ὡς
2809 1937 3015 2006 πέφυκε
3059 1937 3363 2008 νοηθείσης,
3395 1939 3547 1990 εὐσε-

1978 2033 2069 2094 ὅές
2110 2049 2162 2084 τι
2213 2031 2342 2101 περὶ
2365 2029 2528 2083 αὐτοῦ
2555 2031 2731 2100 νόημα
2759 2033 2868 2093 τοῖς
2901 2029 3193 2100 ἀκηκοόσιν
3225 2031 3512 2099 ἐγγένηται
3533 2047 3546 2059 ·

1975 2125 2164 2177 τούτου
2192 2125 2349 2196 χάριν
2381 2125 2720 2194 ὁμολογήσας
2753 2125 2809 2175 ἐν
2855 2120 3090 2192 πρώτοις
3117 2123 3245 2175 Υίον
3273 2122 3428 2185 Θεοῦ,
3461 2123 3552 2175 καὶ

1980 2215 2238 2282 μονογενῆ
2288 2214 2437 2272 Θεὸν,
2477 2213 2636 2276 εὐθὺς
2661 2212 2746 2265 διὰ
2786 2214 2892 2263 τῶν
2935 2213 3342 2282 ἐπιφερομένων
3371 2229 3546 2282 παρα-

1975 2305 2164 2375 τρέπει
2181 2305 2286 2356 τῶν
2307 2305 2609 2357 ἀκουόντων
2633 2304 2730 2374 τὴν
2751 2303 2974 2373 γνώμην
2989 2305 3122 2374 προς
3148 2304 3244 2374 τὴν
3269 2304 3548 2375 αἱρετικὴν

1975 2397 2214 2450 διάνοιαν
2241 2398 2346 2448 ἀπὸ
2378 2395 2476 2464 τῆς
2508 2393 2762 2456 εὐσεϐοῦς
2796 2393 3133 2463 ὑπολήψεως.
3168 2395 3226 2445 Ὀ
3257 2394 3365 2464 γάρ
3397 2394 3552 2447 ἀκού·

1979 2505 2076 2550 σας
2106 2488 2232 2539 Υἱὸν
2264 2487 2421 2549 Θεοῦ,
2463 2487 2556 2539 καὶ
2582 2486 2840 2556 μονογενῆ
2874 2485 3026 2544 Θεὸν,
3069 2485 3380 2552 ἀναγκαίως
3416 2484 3551 2555 ergo:

1977 2579 2073 2642 τὰς
2106 2578 2438 2649 ὑψηλοτέρας
2469 2578 2733 2647 ἐμφάσεις
2771 2576 3050 2644 ἀνάγεται,
3077 2575 3164 2628 διὰ
3198 2577 3293 2644 τῆς
3315 2574 3418 2627 τῶν
3445 2593 3547 2643 φω-

1977 2670 2084 2722 νῶν
2109 2670 2310 2722 τούτων
2335 2668 2604 2738 σημασίας
2625 2667 3149 2738 χειραγωγούμενος,
3181 2667 3258 2736 τῷ
3287 2666 3550 2736 μηδεμίαν

1979 2762 2190 2830 φύσεως
2214 2759 2474 2830 διαφοράν
2523 2759 2626 2812 ὑπὸ
2663 2759 2759 2827 τῆς
2798 2757 2929 2820 Θεὸς
2958 2759 3158 2826 φωνῆς,
3189 2757 3282 2810 καὶ
3314 2757 3416 2808 ὑπὸ
3455 2757 3552 2825 τῆς

1980 2854 2250 2922 σημασίας
2275 2852 2368 2905 τοῦ
2408 2851 2538 2904 Υἱοῦ
2581 2850 3028 2920 παρεισάγεσθαι.
3062 2850 3184 2912 Πῶς
3228 2849 3334 2917 γὰρ
3367 2847 3432 2900 ἂν
3461 2848 3552 2901 ἄλ-

1975 2946 2036 2998 λο
2067 2963 2117 2998 τι
2155 2944 2306 3014 παρὰ
2335 2944 2430 3012 τὴν
2461 2941 2551 2995 τοῦ
2588 2943 2797 3012 Ιῐατρος
2838 2941 3054 3011 νοηθείη
3094 2941 3252 3008 φύσιν
3287 2941 3314 2990 ὁ
3339 2938 3552 3008 ἀληθῶς

1977 3036 2111 3088 Θεοῦ
2170 3036 2295 3099 Υἱὸς
2359 3034 2452 3098 ὣν,
2512 3034 2604 3086 καὶ
2664 3033 2823 3095 αὐτὸς
2866 3031 2996 3093 Θεὸς
3030 3029 3140 3092 ῶν;
3189 3027 3325 3080 Ἀλλ’
3362 3031 3446 3081 ἵνα
3476 3031 3545 3098 μὴ

1978 3129 2156 3196 φθάσῃ
2184 3131 2302 3189 ταῖς
2328 3126 2573 3196 καρδίαις
2595 3124 2700 3177 τῶν
2728 3124 3038 3192 ἀκηκοότων
3069 3121 3440 3190 ἐντυπωθῆναι
3465 3120 3545 3171 διὰ

1975 3221 2083 3272 τῶν
2107 3219 2384 3288 ὀνομάτων
2401 3215 2601 3270 τούτων
2629 3216 2696 3268 τὰ
2730 3216 2824 3285 τῆς
2857 3213 3136 3275 εὐσεϐείας
3161 3215 3429 3282 νοήματα,
3463 3212 3551 3262 εὖ-

1978 3310 2072 3374 θὺς
2099 3310 2244 3377 λέγει
2296 3309 2524 3370 κτίσεως
2566 3305 2726 3358 αὐτὸν
2754 3303 3094 3375 πρωτότοκον
3117 3319 3128 3331 ·
3157 3303 3258 3354 οῦκ
3299 3302 3426 3355 ἄνευ
3455 3301 3554 3368 τῆς

1978 3402 2083 3472 πρὸ
2105 3401 2196 3454 τοῦ
2219 3396 2356 3453 εἶναι
2388 3400 2694 3469 γεννήσεως
2722 3395 3117 3466 ὀνομαζόμενον
3150 3395 3299 3455 Υἱδν,
3334 3393 3438 3464 πρὸ
3460 3394 3555 3445 πά-

1980 3511 2078 3562 σης
2133 3494 2360 3555 κτίσεως
2412 3492 2713 3561 γινόμενον,
2759 3489 2859 3541 οὐκ
2913 3487 3184 3540 ἄκτιστον.
3229 3486 3316 3546 Ὠς
3350 3485 3416 3536 ἂν
3461 3479 3554 3535 οῦν

1979 3586 2170 3655 φανείη
2204 3584 2295 3636 καὶ
2338 3583 2434 3645 τὰς
2459 3581 2679 3652 πρώτας
2719 3579 2900 3648 φωνάς
2928 3579 2956 3629 ὁ
2991 3577 3300 3647 κακοῦργος
3319 3576 3436 3627 ἀντὶ
3461 3575 3554 3625 δε-

1977 3675 2278 3745 λεάσματος
2307 3677 2416 3736 τοῖς
2458 3672 2765 3742 ἀνθρώποις
2812 3670 3132 3740 προτείνων,
3173 3668 3312 3720 ὥστε
3371 3683 3551 3735 παρα-

1977 3768 2228 3838 δεχθῆναι
2263 3767 2322 3819 τὸ
2347 3765 2690 3836 δηλητήριον.
2729 3756 2840 3814 οἷόν
2866 3779 2970 3814 τινι
3005 3761 3179 3830 μέλιτι
3204 3762 3316 3821 τοῖς
3337 3758 3553 3810 εὐσεϐε-

1981 3859 2190 3927 στέροις
2243 3857 2468 3926 ὀνόμασι
2542 3854 3004 3923 γλυκαινόμενον·
3058 3849 3251 3921 μικρὸν
3291 3848 3369 3918 τῷ
3415 3847 3557 3914 λόγῳ

1980 3947 2507 4020 προσδιατρίιξοωμεν.
2548 3946 2644 4008 Τίς
2677 3947 2775 3998 οῦκ
2803 3939 2940 3996 οἶδεν
2967 3945 3064 4013 ὅση
3096 3941 3190 3994 τοῦ
3241 3940 3557 4009 μονογενοῦς

1981 4039 2115 4107 πρὸς
2146 4038 2234 4089 τὸν
2290 4036 2631 4105 πρωτότοκον
2662 4037 2692 4102 ἡ
2745 4033 2884 4086 κατά
2912 4033 2972 4084 τὸ
3014 4030 3411 4100 σημαινόμενόν
3442 4030 3557 4080 ἐστι

1979 4129 2241 4198 διαφορά;
2274 4125 2410 4178 Οὔτε
2443 4127 2550 4194 γὰρ
2575 4123 2866 4194 μονογενὴς
2893 4122 3032 4192 μετά
3069 4119 3311 4188 ἀδελφῶν
3335 4122 3554 4179 νοεῖται,

1979 4219 2101 4271 οὔτε
2131 4219 2300 4286 χωρὶς
2326 4216 2566 4282 ἀδελφῶν
2599 4218 2625 4268 ὁ
2663 4214 3008 4285 πρωτότοκος
3030 4229 3040 4241 ·
3067 4202 3205 4263 ’ἀλλ’
3229 4213 3255 4264 ὁ
3281 4211 3378 4280 μὲν
3412 4227 3558 4279 πρω-

1981 4311 2215 4373 τότοκος,
2251 4307 2542 4377 μονογενὴς
2594 4308 2693 4358 οὐκ
2750 4303 2932 4356 ἔστιν*
2984 4301 3227 4370 ἀδελφῶν
3284 4301 3391 4370 γάρ
3443 4302 3557 4350 ἐστι

306 4407 559 4477 genitus:
614 4405 710 4460 sed
761 4403 1164 4474 primogenitus
1230 4402 1546 4470 unigenitus
1606 4413 1714 4454 n0n
1771 4409 1875 4462 est,

1982 4402 2198 4463 πάντως
2217 4399 2577 4470 πρωτότοκος·
2597 4400 2624 4449 ὁ
2643 4396 2698 4449 δὲ
2729 4397 3020 4466 μονογενὴς
3045 4394 3267 4460 ἀδελφὸν
3292 4395 3392 4445 οὐκ
3415 4391 3524 4460 ἔχει
3542 4408 3556 4422 ·

308 4497 537 4552 fratrum
563 4496 708 4551 enim
748 4503 829 4550 est
852 4509 1081 4565 prorsus
1104 4493 1532 4562 primogenitus:
1567 4491 1880 4560 unigenitus

306 4607 437 4645 vero
496 4590 720 4644 fratrem
756 4604 865 4641 non
930 4586 1135 4639 habet:
1199 4600 1306 4638 non
1365 4585 1511 4638 enim
1565 4583 1880 4651 unigenitus

307 4689 476 4741 esset,
537 4680 582 4733 si
635 4693 757 4732 cum
815 4676 1085 4729 fratribus
1139 4683 1544 4728 muneraretur.
1586 4671 1876 4736 Praeterea,

303 4772 467 4839 cujus
491 4769 747 4823 essentiae
778 4767 976 4822 fuerint
1003 4767 1203 4821 fratres
1237 4764 1604 4835 primogeniti,
1632 4763 1875 4831 ejusdem

306 4861 532 4914 omnino
563 4859 667 4913 erit
701 4859 862 4912 etiam
888 4858 1306 4928 primogenitus.
1354 4855 1542 4924 Neque
1575 4855 1676 4907 hoc
1701 4855 1874 4908 solum

307 4956 410 5008 hae.
439 4966 573 5004 voce.
597 4949 958 5020 significatur,
985 4949 1079 5003 sed
1102 4949 1264 5002 etiam
1285 4946 1426 5016 quod
1456 4946 1523 4998 ab
1551 4947 1736 4999 eodem
1759 4961 1882 5000 csse

308 5046 492 5101 habet.
545 5044 769 5114 ipseque
815 5043 1302 5112 primogenitns.et
1333 5042 1425 5110 qui
1450 5049 1571 5110 post
1605 5041 1756 5093 illum
1792 5055 1884 5107 ge-

306 5139 409 5194 niti
443 5146 592 5201 sunt,
630 5135 762 5189 nihil
788 5135 1147 5203 primogenita
1179 5133 1241 5187 ad
1262 5134 1663 5199 generationem
1693 5146 1880 5184 eorum

311 5231 401 5299 qui
443 5230 698 5296 deinceps
724 5233 1024 5280 nascuntur
1055 5225 1374 5279 conferente
1407 5242 1418 5275 :
1457 5227 1526 5276 ita
1561 5234 1618 5276 ut
1654 5239 1746 5292 per
1772 5224 1882 5274 lucc

311 5337 417 5374 vox
460 5321 690 5375 Joannis
729 5319 862 5373 falsa
897 5333 1020 5371 esse
1082 5325 1451 5378 astrueretur,
1491 5332 1611 5384 qua:
1655 5321 1886 5368 testatur

313 5412 456 5482 quod
501 5413 682 5466 omnia
715 5427 810 5480 per
837 5411 1012 5480 ipsum
1055 5409 1194 5462 facta
1220 5409 1330 5462 sint
1360 5409 1403 5438 ”
1447 5409 1531 5462 :si
1583 5407 1725 5459 enim
1775 5404 1886 5474 pri-

313 5503 626 5572 mogenitus
656 5511 762 5564 est.
823 5503 936 5556 sola
973 5503 1239 5572 temporis
1290 5499 1645 5571 praerogativa
1684 5498 1752 5551 ab
1800 5497 1886 5551 his

427 5675 470 5709 ιδ
525 5675 684 5730 Joan.
746 5691 783 5738 ι,
838 5679 890 5731 3.

1984 4496 2044 4546 οὐ
2064 4493 2171 4562 γὰρ
2208 4492 2271 4544 ἂν
2300 4491 2383 4560 εἴη
2447 4489 2736 4560 μονογενὴς
2774 4491 2830 4540 ὲν
2857 4488 3106 4554 ἀδελφοῖς
3143 4487 3554 4556 ἀριθμούμενος.

1985 4581 2094 4630 Καὶ
2124 4579 2202 4628 ἔτι
2233 4577 2367 4646 πρὸς
2395 4568 2822 4643 τούτοις,ἦσπερ
2853 4573 2919 4625 ἂν
2947 4572 3132 4633 οὐσίας
3166 4566 3299 4623 ὦσιν
3328 4573 3375 4622 οἱ
3411 4567 3559 4621 ἀδελ-

1987 4671 2075 4738 φοὶ
2106 4669 2196 4722 τοῦ
2231 4667 2595 4738 πρωτοτόκου,
2643 4667 2741 4734 τῆς
2791 4664 2957 4732 αὐτῆς
3011 4663 3162 4715 ἔσται
3215 4665 3425 4723 πάντως
3470 4663 3561 4712 καὶ

1983 4763 2012 4814 ὁ
2043 4761 2401 4832 πρωτότοκος.
2436 4760 2544 4811 Καὶ
2568 4759 2625 4810 οὐ
2642 4757 2796 4822 τοῦτο
2819 4757 2976 4825 μόνον
2999 4756 3102 4809 ὑπὸ
3119 4757 3214 4824 τῆς
3235 4757 3412 4824 φωνῆς
3431 4754 3559 4806 ταύ-

1983 4871 2081 4923 της
2111 4851 2452 4921 σημαίνεται,
2487 4850 2599 4902 ἀλλ’
2629 4850 2708 4901 ὅτι
2741 4850 2832 4900 καὶ
2865 4847 3014 4918 παρά
3038 4847 3130 4898 τοῦ
3156 4845 3321 4898 αὐτοῦ
3342 4846 3400 4897 τὸ
3424 4842 3561 4896 εἶναι

1985 4945 2117 5014 ἔχει,
2153 4943 2312 5004 αὐτός
2339 4959 2397 4992 τε
2429 4943 2455 4992 ό
2484 4941 2844 5010 πρωτότοκος.
2878 4940 2970 4991 καὶ
3012 4939 3059 4991 οἱ
3097 4937 3209 5006 μετ’
3239 4938 3442 4988 ἐκεῖνον
3467 4952 3558 5002 γε·

1984 5035 2232 5102 νόμενοι·
2281 5033 2430 5084 οὐδὲν
2491 5031 2581 5083 τοῦ
2625 5029 2970 5100 πρωτοτόκου
3016 5029 3151 5097 πρὸς
3192 5027 3286 5096 τὴν
3313 5027 3562 5094 γέννησιν

1986 5126 2092 5176 τῶν
2120 5123 2314 5190 ἐφεξῆς
2336 5122 2792 5190 συνεισφέροντος.
2830 5119 2915 5180 Ὠς
2936 5117 3021 5170 διὰ
3048 5117 3250 5168 τούτων
3279 5115 3449 5184 Ιᾁ-ευδῆ
3469 5113 3560 5165 τοῦ

2000 5217 2242 5269 Ἰωάννου
2265 5216 2362 5284 τὴν
2387 5215 2568 5282 φωνὴν
2592 5210 2728 5265 εἶναι
2755 5209 3273 5271 κατασκευάζεσθαι,
3298 5210 3395 5277 τὴν
3421 5223 3558 5276 pap-

1989 5308 2256 5377 τυροῦσαν
2283 5310 2362 5360 ὅτι
2391 5309 2565 5358 πάντα
2581 5305 2644 5356 δι’
2676 5303 2838 5356 αὑτοῦ
2869 5303 3102 5369 ἐγένετο.
3135 5303 3192 5353 Εἰ
3217 5300 3323 5370 γὰρ
3354 5299 3562 5370 πρωτό-

1990 5400 2142 5463 τοκός
2175 5402 2341 5454 ἐστιν.
2382 5399 2560 5465 μόνοις
2591 5399 2700 5457 τοῖς
2732 5395 2870 5447 κατὰ
2911 5394 3001 5444 τον
3033 5393 3221 5462 χρόνον
3257 5390 3560 5458 πρεσϐείοις

1989 5491 2098 5544 τῶν
2133 5492 2247 5561 μετ’
2282 5488 2441 5540 αὐτὸν
2479 5488 2776 5553 γεγονότων
2820 5484 3062 5553 διαφέρει
3117 5482 3330 5542 πάντως
3357 5495 3368 5508 ·
3405 5479 3559 5532 ἄλλον
