4054 6150
401 291 500 343 θοι
1546 285 1822 341 CONTRA
1859 285 2248 350 EUNOMIUM,
2286 282 2418 340 LIB.‘
2443 285 2504 340 ll.
3552 281 3655 336 509.

403 403 553 462 ὄντος
594 398 662 451 δι’
710 390 770 452 οῦ
816 400 910 452 καὶ
960 401 1133 467 τούτῳ
1177 400 1269 452 καὶ
1315 401 1422 461 τοῖς
1465 399 1670 461 λοιποῖς
1701 402 1734 468 ή
1770 399 1905 467 πρὸς
1926 396 1987 449 τὸ

2053 451 2059 466 λ
2091 398 2183 467 qui
2207 404 2394 466 postea
2430 407 2557 451 sunt
2588 393 2757 464 geniti
2792 395 2949 462 plane
2987 392 3193 457 diliert,‘
3221 406 3344 445 cum
3377 390 3449 445 sit
3478 392 3654 449 alius.

404 488 542 545 εἶναι
571 491 758 559 γέγονε
779 490 1027 561 δύναμις.
1071 492 1207 545 ’Δλλ’
1244 491 1319 554 ὡς
1358 490 1424 543 ἂν
1454 491 1526 560 μή
1553 507 1657 542 τινι
1684 488 1790 541 τῶν
1822 506 1984 542 συκο-

2091 504 2188 557 per
2208 503 2368 557 quem
2396 497 2450 542 et
2494 487 2622 540 huic
2653 494 2709 539 et
2734 484 2965 554 reliquis
2990 483 3113 543 fuit,
3149 490 3207 536 ut
3242 491 3451 545 essent,
3502 491 3657 552 pule-

407 581 748 650 φαντούντων
790 582 1043 636 ὑπόνοιαν
1073 582 1313 652 δοίημεν,
1346 581 1418 644 ὡς
1457 581 1530 650 μὴ
1559 579 1984 649 παραδεχόμενοι

2090 588 2223 632 stas.
2265 578 2369 632 Sed
2418 595 2482 630 ne
2510 576 2599 630 cui
2640 590 2828 629 eorum
2863 574 2956 644 qui
2996 574 3321 627 calumniari
3355 575 3533 628 solent
3570 589 3662 629 su-

404 674 504 740 τὰς
540 673 928 737 θεοπνεύστους
960 676 1142 742 φωνὰς
1166 673 1232 726 δι’
1253 666 1326 727 ὧν
1351 672 1698 742 ὲνιστάμεθα,
1724 671 1987 741 πρότερον

2104 668 2351 738 spicandi
2412 667 2759 722 occasionem
2819 665 3047 726 demus,
3118 663 3263 733 quod
3322 679 3353 716 a
3423 664 3531 719 Deo
3580 666 3663 718 in-

407 765 505 835 τὴν
527 763 799 835 ἡμετέραν
830 763 1065 817 διάνοιαν
1097 764 1165 833 ἣν
1203 764 1399 835 ἔχομεν
1427 762 1681 832 περὶτῶν
1711 762 1989 831 ὀνομάτων

2104 760 2339 830 spiralas
2366 774 2527 813 voces
2557 773 2667 811 non
2699 756 3058 819 admittimus,
3089 770 3227 825 quas
3253 762 3446 809 contra
3482 755 3660 810 insur-

373 926 380 933 .
407 855 612 913 τούτων
639 853 1067 924 παῳθησόμεθα
1090 871 1103 885 ·
1131 849 1229 908 εἷθ’
1252 852 1394 908 οὕτω
1435 853 1533 923 τὴν
1587 852 1684 905 τοῦ
1722 851 1974 921 βελτίονος

2094 850 2296 919 gimus,
2345 849 2497 918 prius
2549 854 2791 901 nostram
2826 845 3175 911 sententiam,
3227 859 3391 913 quam
3461 845 3527 899 de
3582 845 3664 899 his

374 946 382 1023 ξ
411 945 590 1019 κρίσιν
609 949 721 1010 τοῖς
743 945 1113 1014 ἀκροωμένοις
1139 946 1534 1015 προσθήσομεν.
1554 944 1610 997 '0
1643 943 1815 1012 μέγας
1845 939 1964 995 Παῦ

2097 940 2414 995 nominibus
2442 939 2729 1002 habemus,
2760 950 3121 1006 apponemus,
3153 936 3350 990 deinde
3370 937 3450 990 sic
3470 936 3666 991 melio-

410 1037 500 1100 λος
532 1035 686 1099 εἰδὼς
713 1037 794 1088 ὅτι
828 1036 1025 1098 παντὸς
1073 1033 1279 1103 ἀγαθοῦ
1338 1033 1580 1105 ἀρχηγός
1598 1051 1658 1085 τε
1694 1033 1788 1085 καὶ
1820 1034 1990 1093 αἴτιος

2095 1033 2170 1085 ris
2206 1031 2474 1099 judicium
2518 1028 2867 1083 audientibus
2890 1026 3230 1095 adjiciemus.
3264 1027 3491 1099 Magnus
3524 1027 3668 1081 Pau-

411 1130 442 1182 ὁ
470 1128 763 1198 μονογενής
803 1128 919 1179 ἐστι
963 1126 1115 1188 Θεὸς,
1150 1129 1178 1179 ὁ
1205 1128 1261 1178 ὲν
1301 1127 1435 1178 πᾶσι
1468 1124 1787 1195 πρωτεύων,
1822 1139 1991 1192 προσ-

2096 1125 2202 1187 lus,
2248 1123 2430 1178 sciens
2458 1122 2600 1189 quod
2633 1118 2813 1174 omnis
2874 1120 3000 1173 boni
3047 1121 3302 1189 princeps
3360 1130 3413 1172 et
3478 1127 3669 1173 auctor

417 1220 683 1290 μαρτυρεῖ
731 1218 880 1288 αύτῷ
922 1203 991 1271 ττὸ
1029 1218 1102 1289 μὴ
1144 1217 1302 1286 μόνον
1340 1216 1438 1287 τὴν
1475 1216 1583 1269 τῶν
1615 1215 1785 1268 ὄντων
1816 1215 1993 1273 κτίσιν

2099 1213 2421 1284 Unigenitus
2447 1221 2527 1267 est
2550 1210 2711 1275 Deus,
2743 1211 2908 1279 quiin
2929 1212 3177 1264 omnibus
3201 1210 3404 1279 primas
3428 1217 3573 1262 tenet
3602 1210 3665 1269 ".

413 1311 480 1365 δι’
518 1311 725 1364 ἐκείνου
767 1310 1044 1377 γενέσθαι,
1082 1309 1195 1363 ἀλλ’
1241 1310 1322 1363 ὃτι
1371 1309 1469 1378 τῆς
1499 1308 1733 1380 ἀρχαίας
1763 1306 1870 1360 τῶν
1902 1306 1994 1359 ἁν-

2099 1309 2427 1364 attestatur,
2486 1316 2594 1354 non
2648 1300 2823 1354 solum
2880 1313 3068 1353 eorum
3137 1313 3261 1367 quae
3315 1305 3471 1362 sunt,
3530 1314 3671 1351 erea-

416 1405 650 1477 θρώπων
680 1405 908 1469 κτίσεως
942 1406 1347 1476 παλαιωθείσης
1367 1423 1425 1458 τε
1455 1405 1548 1458 καὶ
1587 1403 1994 1472 ἀφανισθείσης,

2106 1397 2310 1450 tionem
2345 1410 2442 1465 per
2492 1394 2644 1447 illum
2699 1391 2896 1449 factam
2932 1406 3073 1453 esse,
3129 1390 3223 1444 sed
3254 1390 3401 1459 quod
3447 1391 3669 1460 antiqua

417 1495 599 1559 καθὼς
645 1497 809 1559 αὐτὸς
861 1495 1138 1568 ὀνομάζει,
1169 1496 1338 1566 ἄλλης
1370 1497 1424 1551 δὲ
1454 1496 1645 1566 καινῆς
1683 1496 1912 1557 κτίσεως
1941 1495 1997 1546 ὲν

2102 1487 2383 1541 hominum
2439 1482 2719 1539 creatione
2764 1490 3145 1537 veteraseeute
3170 1490 3225 1535 et
3282 1489 3669 1542 evaneSrente,

417 1587 636 1658 Χριστῷ
689 1590 1008 1659 γενομένης,
1046 1590 1167 1642 οὐδὲ
1197 1589 1405 1659 ταύτης
1441 1588 1599 1653 ἄλλος
1643 1606 1725 1650 τις
1754 1586 1998 1657 καθηγή-

2102 1580 2244 1634 sicut
2268 1579 2387 1647 ipse
2421 1576 2688 1639 nominat,
2715 1574 2820 1628 alia
2856 1588 2995 1631 nova
3036 1574 3089 1626 in
3123 1572 3347 1627 Christo
3391 1572 3673 1627 creatione

419 1695 546 1733 σατο
574 1696 588 1709 ο
630 1678 765 1733 ἀλλά
791 1681 968 1750 πάσης
1009 1679 1219 1751 τῆςσδιὰ
1260 1679 1353 1732 τοῦ
1398 1678 1729 1747 Εὐαγγελίου
1752 1678 1880 1731 ⁴’τῶν
1907 1679 2001 1731 ἀν·

2106 1669 2269 1733 facta,
2331 1666 2515 1721 nullus
2555 1666 2697 1720 alius
2736 1664 2901 1734 hujus
2953 1665 3053 1719 fuit
3088 1664 3197 1718 dux
3239 1673 3294 1719 et
3333 1673 3542 1730 auctor,
3580 1663 3675 1719 sed

419 1766 652 1840 θρώπων
673 1769 971 1840 γενομένης
1014 1769 1262 1833 κτίσεως,
1299 1769 1458 1831 αὑτός
1490 1769 1637 1820 ἐστιν
1667 1770 1695 1820 ὁ
1726 1765 2001 1836 πρωτότο-

2105 1762 2305 1826 omnis,
2349 1774 2472 1830 quae
2512 1773 2609 1828 per
2653 1757 3008 1828 Evangelium
3052 1756 3196 1810 facta
3226 1768 3333 1819 est,
3382 1758 3677 1812 creationis

414 1877 534 1925 κος.
565 1862 673 1919 Καὶ
730 1863 805 1923 ὡς
847 1861 913 1915 ἂν
950 1862 1282 1934 σαφέστερον
1314 1862 1524 1930 γένοιτο
1555 1861 1617 1915 τὸ
1650 1862 1777 1932 περὶ
1813 1859 1999 1912 τούτου

2105 1857 2224 1925 ipse
2246 1862 2328 1908 est
2380 1852 2795 1922 primogenitus.
2837 1850 3016 1920 Atque
3043 1861 3102 1905 ut
3144 1850 3438 1905 dilucidior
3477 1860 3531 1906 et
3567 1852 3677 1906 cla-

419 1952 616 2023 νόημα,
639 1953 839 2006 οὑτωσὶ
876 1954 966 2007 τὸν
993 1953 1148 2021 λόγον
1176 1953 1575 2025 διαληψόμεθα·
1605 1952 1872 2021 Τετράκις
1904 1952 2003 2020 τῆς

2111 1947 2223 2001 rior
2239 1952 2428 1998 nostra
2455 1943 2524 1999 de
2554 1943 2658 1996 hoc
2694 1943 2973 1997 elucescat
3016 1942 3299 2011 cogitatio,
3351 1942 3432 1997 sic
3472 1956 3678 1999 sermo—

421 2039 600 2108 φωνῆς
621 2039 824 2111 ταύτης
858 2040 1178 2111 μέμνηταιὸ
1195 2041 1334 2105 θεῖος
1351 2042 1670 2105 Ἀπόστολος
1690 2059 1702 2071 ·
1737 2040 1883 2104 ἅπαξ
1905 2040 2003 2110 μὲν

2110 2053 2230 2092 nem
2278 2037 2651 2106 dispescemus
2678 2033 3006 2104 (a)‘:Quater
3045 2034 3207 2103 hujus
3239 2034 3389 2090 vocis
3434 2034 3708 2095 meminit,

419 2129 593 2196 οὕτως
612 2118 789 2187 είτῖών
807 2151 818 2163 ·
847 2134 929 2186 ὅτι
960 2136 1338 2202 Πρωτότοκος
1367 2135 1570 2201 πάσης
1587 2135 1838 2200 κτίσεως
1857 2152 1869 2163 ·
1896 2134 1999 2185 πά-

2110 2132 2326 2187 divinus
2401 2128 2735 2200 Apostolus;
2825 2128 2990 2182 semel
3054 2128 3133 2180 sic
3202 2128 3456 2194 locutus,
3537 2128 3679 2197 quod

421 2223 505 2277 λιν
526 2224 580 2278 δὲ
600 2225 682 2279 ὅτι
704 2226 1078 2295 Πρωτότοκος
1094 2227 1164 2281 ἐν
1184 2227 1438 2291 πολλοῖς
1454 2227 1738 2295 ἀδελφοῖς
1753 2244 1764 2255 ·
1799 2229 1861 2278 εκ
1885 2225 2004 2295 τρί-

2107 2223 2482 2293 primogenitus
2561 2221 2731 2274 omnis
2788 2227 3045 2272 creatum
3101 2218 3146 2250 ¹⁶
3196 2219 3476 2284 :iterum,
3535 2220 3677 2286 quod

421 2330 515 2365 του
541 2313 618 2375 δὲ,
652 2315 733 2368 ὄτι
758 2315 1133 2382 Πρωτότοκος
1153 2316 1221 2369 ἐκ
1245 2315 1363 2368 τῶν
1378 2314 1630 2382 νεκρῶν·
1667 2314 1803 2384 μετὰ
1835 2312 2005 2367 ταῦτα

2107 2315 2485 2385 primogenita:
2536 2313 2591 2366 in
2639 2311 2823 2365 multis
2879 2309 3137 2379 fratribus
3178 2311 3261 2363 ’τε
3326 2312 3510 2375 tertio,
3541 2312 3680 2382 quod

424 2403 480 2456 δὲ
501 2405 766 2459 άπόλυτόν
795 2423 853 2459 τε
886 2408 979 2459 καὶ
1010 2405 1257 2476 ἀσυζυγῆ
1279 2407 1378 2476 τὴν
1408 2406 1591 2476 φωνὴν
1621 2404 2001 2474 παρατίθεται,

2117 2408 2493 2477 primogenitus
2547 2421 2612 2460 ea:
2663 2407 2888 2461 mortuis
2933 2405 3012 2462 “z
3067 2417 3324 2475 praeterea
3376 2407 3681 2461 absolutam

426 2497 590 2549 εἰπών
613 2513 626 2528 ·
667 2497 843 2550 Ὅταν
869 2497 937 2551 δὲ
959 2496 1147 2551 πάλιν
1178 2497 1468 2566 εἰσαγάγῃ
1492 2497 1597 2549 τόν
1629 2497 2006 2565 πρωτότοκον

2110 2516 2217 2555 non
2246 2501 2556 2571 copulatam
2598 2513 2779 2568 neque
2810 2497 2876 2552 ad
2924 2498 3071 2552 aliud
3097 2496 3324 2551 relatam
3362 2512 3547 2552 vocem
3590 2510 3682 2566 ap-

424 2590 511 2653 εἰς
540 2587 652 2656 τὴν
680 2589 1036 2658 οικουμέτην
1053 2589 1238 2658 λέγει·
1268 2590 1374 2643 Καὶ
1401 2586 2006 2656 προσκυνησάτωσαν

2111 2594 2284 2664 ponit,
2303 2607 2427 2647 cum
2462 2591 2633 2646 dixit:
2671 2589 2807 2646 C‘um
2841 2600 3016 2645 autem
3046 2591 3250 2645 inducit
3285 2590 3683 2660 primogenitum

424 2677 585 2743 αὐτῷ
611 2679 833 2744 πάντες
858 2677 1095 2748 ἄγγελοι
1137 2680 1304 2733 Θεοῦ.
1350 2678 1560 2733 Οὐκοῦν
1587 2678 1766 2749 ἥνπερ
1801 2677 1869 2731 ἂν
1891 2677 2006 2731 διά-

2107 2686 2161 2739 in
2189 2685 2361 2739 orbem
2387 2694 2650 2739 terrarum
2695 2683 2865 2737 dicit:
2923 2681 2991 2736 Et
3026 2680 3247 2737 adorent
3294 2683 3463 2750 ipsum
3512 2695 3685 2733 omnes

427 2787 576 2825 νοιαν
606 2771 698 2822 ἐπὶ
729 2769 836 2823 τῶν
864 2769 1036 2825 ἄλλων
1097 2770 1366 2838 ουζυγιῶν
1392 2769 1484 2822 τοῦ
1523 2771 1783 2839 ὀνόματος
1818 2768 2005 2821 τούτου

2123 2779 2301 2848 angeli
2330 2777 2426 2832 Dei
2453 2778 2533 2829 ι’.
2575 2774 2721 2847 Ergo
2773 2790 2936 2845 quam
2984 2774 3400 2844 intelligentiam
3449 2770 3506 2826 in
3568 2771 3685 2825 aliis

424 2863 873 2930 κατανοήσωμεν,
921 2860 1226 2924 ἀκολούθως
1261 2861 1359 2931 τὴν
1397 2862 1566 2930 αὐτὴν
1605 2862 1699 2914 καὶ
1739 2858 1818 2930 τῷ
1856 2877 2007 2930 πρω-

2114 2870 2586 2940 conjugationihus
2601 2867 2843 2924 nominis
2866 2865 3028 2935 hujus
3054 2864 3237 2919 animo
3254 2861 3686 2933 conceperimus,

430 2951 638 3021 τοτόκῳ
663 2953 762 3022 τῆς
786 2952 1015 3014 κτίσεως
1036 2953 1438 3023 ὲφαρμόσομεν.
1468 2954 1612 3015 Μιᾶς
1648 2952 1754 3023 γὰρ
1787 2953 1879 3007 καὶ
1906 2954 2005 3022 τῆς

2110 2959 2760 3030 consequenter-eamdem
2780 2957 3141 3031 primogenito
3161 2955 3454 3012 ereationis
3474 2968 3687 3009 accom-

432 3041 607 3112 αὐτῆς
621 3040 787 3111 οὔσης
818 3043 1018 3121 φωνῆς,
1050 3042 1260 3113 ἀνάγκη
1298 3045 1445 3105 πᾶσα
1478 3044 1602 3114 μίαν
1630 3040 1770 3096 εἶναι
1801 3044 1895 3096 καὶ
1909 3042 2008 3113 τὴν

2109 3051 2453 3105 modabintus
2475 3067 2489 3104 :
2508 3065 2631 3104 cum
2648 3050 2795 3105 enim
2810 3050 2879 3104 sit
2893 3064 2997 3104 una
3013 3047 3312 3117 eademque
3330 3062 3451 3111 vox,
3470 3058 3689 3101 necesse

434 3109 842 3203 σημαινομένην
861 3109 1139 3184 ’διάνοιαν
1176 3109 1299 3195 Πῶς
1330 3109 1540 3200 γίνεται
1584 3134 1760 3187 τοίνυν
1794 3109 2008 3203 πρωτό-

2110 3154 2195 3197 est
2229 3157 2412 3204 unam,
2449 3156 2568 3210 quie
2594 3156 2688 3209 per
2713 3155 2833 3196 eam
2859 3140 3223 3209 signiﬁcatur,
3241 3154 3363 3193 esse
3391 3137 3690 3205 intelligeu~

433 3238 587 3285 τοκος
626 3224 683 3275 ὲν
700 3222 911 3285 πολλοῖς
958 3222 1226 3290 ἀδελφοῖς,
1259 3223 1374 3291 πῶς
1401 3225 1458 3277 δὲ
1496 3225 1703 3296 νεκρῶν
1732 3224 2007 3295 πρωτότο-

2112 3234 2262 3287 tiam.
2283 3231 2566 3298 Quomodo
2589 3232 2758 3302 igitur
2771 3230 3016 3285 nascitur
3029 3230 3419 3300 primogenitus
3437 3227 3492 3281 in
3512 3226 3691 3281 multis

435 3330 550 3376 κος,
580 3309 616 3384 ἦ
645 3312 803 3366 τοῦτο
833 3313 1049 3377 πάντως
1075 3316 1192 3367 ἐστὶ
1221 3314 1541 3383 δῆλοηὌττ
1571 3317 1660 3369 διὰ
1683 3317 1744 3369 τδ
1762 3316 2009 3386 γενέσθαι

2113 3324 2409 3388 fratribus,
2465 3321 2746 3391 quomodo
2786 3330 3126 3375 mortuorum
3175 3319 3584 3389 primogenitus,
3626 3332 3692 3369 an

435 3407 579 3473 ἡμᾶς
607 3400 745 3475 αἷμα
780 3406 883 3457 καὶ
918 3406 1117 3476 σάρκα,
1164 3406 1345 3469 καθώς
1389 3425 1551 3478 φησιν
1583 3412 1615 3478 ἡ
1650 3408 1861 3479 Γραφὴ,
1888 3411 1915 3461 ὁ
1942 3408 2010 3461 δι’

2113 3416 2216 3471 hoc
2255 3431 2480 3485 prorsus
2520 3423 2604 3469 est
2643 3411 3027 3483 perspicuum?
3057 3411 3350 3480 PrOpterca
3396 3410 3539 3476 quod
3597 3424 3693 3463 nos

438 3497 580 3564 ἡμᾶς
613 3496 901 3566 γενόμενος
930 3496 1053 3550 καθ’
1088 3500 1256 3568 ἡμᾶς,
1284 3500 1378 3552 καὶ
1410 3500 1611 3570 σαρκὸς
1658 3500 1750 3553 καὶ
1784 3501 2012 3569 αἵματος

2113 3509 2430 3562 natisumus
2464 3504 2687 3576 sanguis
2704 3514 2758 3559 et
2787 3519 2937 3570 caro,
2964 3505 3107 3557 sicut
3138 3502 3273 3557 dicit
3299 3499 3581 3571 Scriptura
3600 3501 3646 3531 ”
3679 3519 3693 3567 ;

439 3588 791 3657 κοινωνήσας,
831 3588 1036 3657 μέλλων
1060 3591 1211 3659 ἡμᾶς
1234 3593 1546 3660 μεταποιεῖν
1563 3593 1626 3643 ἐκ
1653 3591 1745 3643 τοῦ
1775 3589 2013 3661 φθαρτοῦ

2115 3597 2208 3666 qui
2246 3604 2426 3652 autem
2461 3604 2682 3665 propter
2720 3610 2854 3659 nos,
2914 3593 3212 3650 secundum
3257 3608 3356 3647 nos
3398 3601 3558 3645 natus
3592 3599 3694 3654 est,

443 3682 575 3750 πρὸς
623 3680 684 3734 τὸ
726 3680 1024 3749 ἄφθαρτον,
1063 3681 1150 3734 διὰ
1180 3682 1276 3750 τῆς
1308 3682 1512 3734 ἄνωθεν
1554 3685 1872 3752 γεννήσεως,
1917 3683 2015 3752 τῆς

2115 3686 2299 3739 carnis
2336 3695 2389 3739 et
2435 3685 2716 3755 sanguinis
2770 3685 3061 3754 particeps,
3106 3698 3205 3736 nos
3260 3698 3324 3736 ex
3358 3680 3694 3751 corruptibili

441 3769 506 3823 δι’
529 3769 716 3833 ὕδατος
745 3771 839 3822 καὶ
881 3768 1218 3838 Πνεύματος,
1252 3771 1410 3833 αὐτὸς
1441 3771 1532 3823 τοῦ
1575 3771 1813 3824 τοιούτου
1852 3771 2012 3824 τόκου

2118 3778 2182 3830 ad
2214 3779 2624 3846 incorruptibile
2645 3777 3021 3831 vindicaturus
3045 3791 3138 3846 per
3159 3790 3447 3844 Supernant
3482 3787 3698 3842 genera-

444 3865 830 3937 καθηγήσατο,
876 3864 962 3917 διὰ
1010 3863 1103 3925 τοῦ
1160 3863 1288 3915 ἰδίου
1344 3862 1714 3933 βαπτίσματος
1759 3861 1820 3914 τδ
1865 3861 2017 3929 ἅγιον

2118 3873 2340 3934 tionem,
2371 3885 2493 3940 qum
2516 3878 2599 3922 est
2645 3884 2739 3937 per
2787 3882 2982 3937 aquam
3011 3875 3063 3920 et
3090 3866 3373 3936 Spiritum,
3416 3865 3531 3934 ipse
3578 3861 3696 3915 taiis

445 3956 666 4026 Πνεῦμα
705 3957 796 4009 ἐπὶ
828 3956 888 4007 τὸ
916 3954 1059 4024 ὕδωρ
1110 3953 1554 4022 ἐπισπασάμενος
1582 3968 1595 3980 ·
1628 3952 1767 4006 ὥστε
1800 3952 2016 4005 πάντων

2120 3972 2307 4033 partus
2347 3962 2454 4016 dux
2495 3961 2734 4024 exstitit,
2772 3975 2867 4029 per
2903 3973 3062 4015 suum
3107 3958 3406 4026 baptisma,
3449 3966 3694 4011 sanetum

443 4046 550 4100 τῶν
584 4045 969 4118 πνευματικῶς
1002 4044 1461 4113 ἁναγεννωμένων
1490 4043 1830 4113 πρωτότοκον
1857 4043 2018 4096 αὐτὸν

2122 4053 2380 4124 Spiritum
2414 4054 2467 4107 in
2499 4068 2693 4122 aquam
2726 4052 3007 4105 attrahens
3030 4051 3069 4080 ¹¹
3100 4071 3110 4103 ;
3144 4049 3216 4102 ita
3253 4059 3309 4101 nt
3338 4050 3577 4101 omnium
3606 4044 3696 4112 qui

445 4136 716 4204 γενέσθαι,
744 4137 838 4190 καὶ
881 4136 1143 4205 ἀδελφοὺς
1189 4133 1451 4204 ὀνομάσαι
1498 4134 1623 4197 τοὺς
1674 4133 1775 4204 τῆς
1830 4132 2019 4203 ὁμοίας

2121 4146 2477 4215 spiritualiter
2534 4152 2929 4214 regenerantur
2986 4143 3104 4210 ipse
3164 4142 3236 4194 sit
3287 4138 3694 4209 primogenitus,

446 4227 608 4281 αὐτοῦ
628 4227 714 4281 διὰ
737 4227 827 4280 τοῦ
842 4226 1029 4290 ὕδατος
1059 4226 1154 4281 καὶ
1177 4226 1270 4279 τοῦ
1289 4225 1426 4280 Πνεύ
1435 4242 1602 4295 ματος
1621 4224 2020 4296 μετεσχηκότας

2124 4236 2431 4305 fratresque
2467 4237 2708 4290 nominet
2753 4250 2848 4289 eos
2894 4235 2987 4302 qui
3043 4232 3240 4286 similis
3267 4246 3389 4283 cum
3440 4230 3558 4298 ipso
3606 4244 3700 4296 per

447 4320 769 4390 γεννήσεως.
812 4320 963 4372 Ἐπεὶ
1010 4319 1067 4371 δὲ
1108 4319 1202 4371 καὶ
1228 4318 1325 4387 τῆς
1355 4319 1418 4370 ὲκ
1446 4317 1655 4388 νεκρῶν
1675 4317 2022 4378 ἀναστάσεως

2125 4343 2321 4397 aquam
2368 4334 2422 4381 et
2466 4325 2726 4394 Spiritum
2763 4324 3131 4396 generationis
3180 4323 3307 4375 facti
3364 4330 3490 4375 sunt
3533 4321 3699 4390 parti-

448 4410 552 4462 ἔδει
573 4409 733 4462 αὐτὸν
764 4408 1119 4463 ὲναποθέσθαι
1146 4411 1212 4479 τῇ
1239 4409 1398 4477 φύσει
1435 4410 1532 4478 τὴν
1571 4409 1817 4479 δύναμιν,
1859 4408 2020 4460 πάλιν

2126 4419 2295 4486 cipes.
2350 4415 2617 4480 Quoniam
2664 4431 2792 4468 vero
2842 4415 3004 4468 etiam
3053 4428 3147 4481 per
3190 4426 3345 4465 suam
3388 4425 3415 4461 a
3471 4410 3700 4463 mortuis

450 4501 657 4569 γίνεται
687 4500 908 4571 ἀπαρχὴ
948 4501 1056 4552 τῶν
1079 4500 1511 4569 κεκοιμημένων,
1546 4501 1639 4552 καὶ
1678 4499 2020 4571 πρωτότοκος

2128 4505 2582 4562 resurrectionem
2609 4505 2784 4573 ipsum
2829 4504 3014 4559 indere
3039 4505 3142 4556 vim
3199 4510 3408 4557 natura}
3452 4503 3701 4557 humana:

452 4593 516 4646 ὲκ
542 4592 650 4647 τῶν
679 4593 907 4662 νεκρῶν,
942 4593 971 4644 ὁ
1004 4591 1217 4660 πρῶτος
1245 4592 1308 4643 δι’
1337 4590 1530 4643 ἑαυτοῦ
1574 4591 1740 4653 λύσας
1763 4590 1861 4649 τὰς
1894 4590 2019 4641 ὠδῖ-

2129 4596 2194 4649 ad
2220 4594 2609 4664 resurgendum
2641 4595 2946 4664 oportebat,
2998 4611 3187 4649 rursus
3226 4595 3284 4649 iit
3317 4595 3698 4649 dormientium

452 4702 547 4750 νας
591 4684 685 4738 τοῦ
730 4683 960 4737 θανάτου
985 4700 997 4712 ·
1020 4683 1159 4736 ὥστε
1196 4685 1289 4736 καὶ
1339 4684 1468 4753 ἡμῖν
1505 4681 1882 4751 ὁδοποιηθῆναι
1924 4680 2020 4751 τὴν

2129 4688 2399 4756 pt'imitim,
2435 4695 2489 4740 et
2518 4687 2916 4755 primogenitus
2942 4702 3009 4740 ex
3062 4686 3314 4748 mortuis,
3359 4686 3449 4755 qui
3498 4686 3702 4755 primus

453 4778 516 4830 ὲκ
543 4776 638 4830 τοῦ
668 4777 900 4831 θανάτου
948 4776 1388 4845 παλιγγενεσίαν,
1435 4774 1522 4828 διά
1550 4776 1647 4844 τῆς
1680 4773 1773 4825 τοῦ
1820 4774 2020 4841 Κυρίου

2130 4795 2225 4849 per
2246 4779 2487 4847 seipsum
2523 4778 2715 4831 mortis
2744 4778 2963 4832 dolores
2997 4779 3217 4833 resolvit
3250 4797 3261 4831 :
3294 4780 3366 4832 ita
3400 4790 3457 4833 ut
3484 4778 3641 4831 nobis
3677 4795 3702 4829 a

454 4869 798 4931 ἀναστάσεως
823 4870 924 4937 τῆς
974 4867 1159 4930 ὠδῖνος
1188 4867 1281 4920 τοῦ
1330 4867 1559 4920 θανάτου
1595 4865 1864 4934 λυθείσης,
1890 4867 1946 4916 ὲν

2131 4878 2303 4924 morte
2360 4870 2433 4922 sit
2488 4868 2755 4938 patefacta
2819 4870 2904 4921 via
2958 4870 3019 4923 ad
3068 4871 3556 4939 regenerationem,
3614 4885 3706 4936 per

455 4959 836 5030 κατειχόμεθα.
869 4960 1078 5029 Ὥσπερ
1116 4955 1210 5011 οὖν
1253 4956 1535 5029 μετασχὼν
1560 4955 1658 5026 τῆς
1688 4955 1775 5009 διὰ
1800 4955 2024 5025 λουτροῦ

2129 4960 2340 5015 Domini
2382 4961 2840 5014 resurrectionem
2885 4962 3077 5015 Inertis
3116 4962 3398 5016 doloribus
3428 4961 3700 5015 resolutis.

455 5048 879 5120 ἀναγεννὴσεως,
912 5049 1152 5117 ἀδελφῶν
1178 5048 1518 5117 πρωτότοκος
1546 5047 1752 5113 γίνεται
1774 5062 1787 5073 ’
1817 5046 1909 5097 καὶ
1927 5046 2029 5099 πά-

2129 5052 2183 5104 in
2212 5068 2315 5120 qua
2339 5052 2731 5105 detinebantur.
2758 5051 3220 5116 Quemadmodum
3246 5054 3412 5122 igitur
3437 5050 3705 5118 p:trticep.-.

454 5136 534 5190 λιν
572 5139 826 5210 ἀπαρχὴν
855 5141 953 5209 τῆς
998 5139 1345 5198 ἀναστάσεως
1385 5137 1545 5189 αὐτὸν
1593 5138 1843 5204 ποιήσας,
1881 5153 2030 5204 πρω-

2131 5142 2305 5196 iactus
2350 5143 2467 5211 ejus
2511 5160 2632 5215 qua:
2680 5146 2737 5196 iit
2791 5160 2884 5212 per
2924 5145 3197 5198 lavacrum
3253 5137 3699 5211 regenerationis,

455 5231 672 5294 τότοκος
711 5234 774 5284 ὲκ
802 5229 908 5283 τῶν
950 5231 1158 5299 νεκρῶν
1199 5228 1542 5296 ὀνομάζεται,
1588 5227 1757 5289 οὕτως
1798 5228 1854 5278 ἐν
1896 5228 2028 5280 πᾶσι

2132 5231 2362 5285 fratrum
2408 5233 2804 5302 pritnogenitus
2854 5233 3122 5299 edicitur;
3174 5247 3364 5284 rursus
3405 5227 3566 5281 etiam
3612 5227 3703 5293 qui

457 5322 767 5392 πρωτεύων.
834 5322 987 5395 Μετά
1030 5322 1088 5373 τὸ
1132 5321 1419 5391 παρελθεῖν
1466 5319 1531 5371 τὰ
1582 5320 1781 5388 ἀρχαῖα
1818 5318 2024 5380 πάντα,

2138 5324 2378 5391 seipsutn
2413 5327 2828 5380 resurrectionis
2882 5326 3145 5395 primitias
3204 5321 3350 5383 fecit,
3385 5332 3452 5371 ex
3480 5316 3705 5370 mortuis

461 5476 579 5567 η
616 5476 906 5567 (ῖοιυεείἳι,
963 5475 1049 5567 L8.
1084 5475 1335 5567 ""”ilbid.
1374 5474 1506 5567 15."
1541 5473 1580 5502 ¹⁷
1641 5470 1795 5525 iiotn.
1835 5488 1951 5536 νιιι,
1999 5473 2062 5527 ‘29

2169 5478 2209 5507 ¹⁸
2262 5476 2276 5528 l
2328 5476 2452 5531 Cor.
2504 5491 2591 5541 xv,
2625 5476 2728 5544 20;
2795 5476 3018 5545 Apocal.
3058 5489 3095 5537 ι,
3142 5471 3196 5525 5.
3290 5470 3331 5501 τυ
3362 5467 3525 5525 Hebr.
3574 5483 3617 5536 ι,
3650 5467 3704 5523 6·

486 5544 679 5601 °Joan.
719 5563 757 5608 1,
806 5545 884 5597 15.
973 5547 1014 5575 ²¹
1082 5543 1266 5596 Matth.
1307 5560 1389 5609 ιιι,
1446 5544 1510 5596 ili
1562 5560 1682 5610 sqq.

525 5684 602 5756 (ιι)
627 5684 760 5738 Vide
785 5725 796 5745 ,
832 5694 960 5736 teut.
1002 5697 1175 5750 seqq.,
1214 5691 1349 5735 erat.
1395 5683 1462 5733 lic
1502 5683 1731 5749 ιιειιίὶιυῑά
1773 5679 1971 5733 Christi
1998 5682 2188 5732 forma.
