4054 6150
377 275 485 332 505
1611 278 1670 336 ὃ.
1711 279 1972 336 οιιεοοι

2082 283 2124 337 Ν
2131 285 2171 338 Y
2181 285 2372 341 SSENI
3537 278 3638 334 5οδ

377 394 776 464 primogenitus
820 395 1156 460 nominatur,
1216 397 1297 450 sic
1340 397 1483 450 inter
1527 412 1718 454 omnes
1748 401 1954 469 princi-

2073 406 2240 470 καθώς
2281 424 2442 476 φησιν
2483 408 2509 458 ὁ
2554 406 2897 469 Ἀπόστολος,
2937 407 3033 474 τῆς
3081 403 3268 470 καινῆς
3317 400 3374 452 ὲν
3425 399 3640 470 Χριστῷ

378 497 498 552 pem
521 484 699 538 locum
723 483 996 540 obtinens.
1030 483 1330 556 Postquam
1367 494 1548 542 vetera
1593 491 1778 543 omnia
1816 507 1952 560 pra:-

2073 498 2289 561 ιιτίσεως
2325 498 2432 551 τῶν
2471 497 2770 568 ἀνθρώπων
2810 495 3150 566 πρωτότοκος
3179 493 3405 560 γίνεται,
3427 490 3514 544 διὰ
3543 493 3641 554 τῆς

377 575 677 641 terierunt,
712 575 858 631 sicut
893 576 971 629 ait
1007 576 1304 646 Apostolus
1343 579 1411 645 “,
1445 594 1598 633 novae
1647 580 1701 634 in
1733 581 1959 638 Christo

2073 587 2252 657 Ξιπλῆς
2267 589 2704 657 παλιγγενεσίας,
2721 587 2822 656 τῆς
2843 604 2904 639 τε
2922 587 3062 639 κατά
3083 585 3146 637 τὸ
3163 585 3314 651 ἅγιον
3334 582 3638 652 βάπτισμα,

376 666 671 720 creationis
736 666 1018 720 hominum
1074 669 1486 738 promogenitus
1545 669 1799 736 efﬁcitur,
1867 688 1961 742 per

2073 679 2155 731 καὶ
2166 679 2263 750 τῆς
2285 681 2348 732 ὲκ
2367 679 2574 752 νεκρῶν
2591 677 2959 739 ἀναστάσεως,
2979 675 3218 747 ἀρχηγὸς
3235 674 3334 744 τῆς
3354 672 3499 743 ζωῆς
3520 674 3640 726 καθ’

375 755 645 824 duplicem
671 759 1156 826 regenerationem,
1176 766 1231 813 et
1256 773 1350 827 per
1384 767 1634 814 sanctum
1667 760 1958 830 baptisma,

2073 772 2319 841 ἑκάτερον
2347 773 2480 840 ἡμῖν
2496 771 2802 840 γενόμενος,
2821 769 2914 823 καὶ
2925 768 3147 838 ἀπαρχὴ
3165 767 3256 819 καὶ
3277 766 3638 836 πρωτότοκος.

375 855 431 901 et
471 863 566 917 per
601 849 1059 904 resurreCtionem
1101 865 1133 904 a
1165 851 1420 916 mortuis,
1454 852 1564 906 dux
1611 862 1668 907 et
1705 854 1961 923 princeps

2073 857 2228 926 Οὗτος
2241 857 2336 916 οὖν
2351 865 2378 916 ὁ
2395 861 2734 933 πρωτότοκος
2749 861 2844 914 καὶ
2863 859 3122 928 ἀδελφοὺς
3144 857 3274 927 ἔχει,
3296 873 3365 908 πε
3375 857 3427 927 pi.
3441 849 3516 907 ὧν
3538 872 3640 924 φη-

379 940 504 995 vitze
549 955 646 1010 per
685 952 975 1012 utramque
1025 942 1184 996 nobis
1233 941 1432 1005 factus,
1487 950 1541 996 et
1589 942 1863 1012 primitiae,
1909 952 1964 997 et

2073 973 2116 1008 σι
2136 957 2269 1026 πρὸς
2288 954 2385 1026 τὴν
2398 956 2634 1026 Μαρίαν,
2651 955 2732 1008 ὅτι
2785 953 3112 1021 Πορεύομαι
3129 950 3278 1018 πρὸς
3291 949 3397 1002 τὸν
3414 950 3643 1015 Πατέρα

382 1032 794 1100 primogenitus.
822 1029 921 1084 Hic
945 1031 1110 1100 igitur
1130 1030 1525 1100 primogenitus
1554 1029 1752 1084 fratres
1777 1028 1960 1095 habet,

2073 1063 2176 1109 μου
2193 1047 2290 1100 καὶ
2314 1048 2542 1116 Πατέρα
2555 1046 2844 1116 emitr-mal
2863 1047 3013 1099 Θεόν
3031 1061 3150 1113 μου
3169 1041 3264 1095 καὶ
3288 1042 3436 1094 Θεὸν
3457 1039 3641 1108 ὑμῶν.

379 1123 448 1177 de
478 1123 678 1192 quibus
727 1124 804 1177 ait
840 1122 908 1176 ad
941 1121 1165 1175 Mariam
1199 1139 1215 1177 :
1247 1119 1434 1192 Perge,
1495 1131 1544 1175 et
1585 1121 1670 1176 dic
1704 1121 1960 1204 fratribus

2073 1137 2226 1191 Ὀλον
2259 1139 2368 1210 γὰρ
2396 1139 2494 1210 τῆς
2522 1139 2664 1192 κατά
2708 1138 2995 1208 ἄνθρωπον
3023 1133 3331 1208 οἰκονομίας
3375 1133 3644 1200 ἀνακεφα-

381 1214 506 1266 rneis
532 1229 550 1266 :
597 1212 739 1267 Vada
781 1213 851 1266 ad
884 1211 1099 1266 Patrem
1140 1227 1310 1266 meum
1354 1222 1404 1267 et
1459 1211 1671 1266 Patrem
1712 1221 1959 1274 vestrum,

2073 1227 2306 1283 λαιοῦται
2335 1230 2424 1284 τὸν
2446 1230 2646 1284 σκοπὸν
2674 1227 2764 1283 διά
2784 1227 2894 1281 τῶν
2915 1228 3034 1298 εἰρη
3044 1226 3240 1297 μένων.
3282 1222 3644 1285 ’Δποστάντες

385 1302 549 1356 Deum
579 1318 747 1355 meum
777 1313 825 1354 et
847 1300 1016 1355 Deum
1052 1311 1281 1355 vestrum
1321 1302 1389 1354 ’³.
1437 1300 1532 1356 llis
1573 1302 1738 1358 dictis
1783 1310 1959 1356 totum

375 1393 681 1453 secundum
732 1392 1007 1447 hominem
1057 1391 1489 1462 dispensationis
1545 1408 1772 1464 scepum
1812 1411 1995 1457 sum-_

380 1481 569 1548 ,matim
620 1481 1028 1550 complectitur.
1085 1480 1347 1538 Homines
1389 1484 1535 1538 enim
1581 1499 1610 1537 a
1661 1484 1766 1538 Deo
1808 1500 1958 1540 rece-

390 1573 572 1630 dentes
613 1575 925 1628 servierunt
962 1574 1030 1629 iis
1077 1575 1171 1644 qui
1214 1590 1323 1630 non
1360 1584 1490 1630 sunt
1535 1587 1730 1630 natura
1781 1578 1880 1640 dii,
1913 1587 1966 1632 et

383 1677 506 1720 cum
555 1671 742 1720 essent
800 1663 893 1719 Dei
951 1664 1070 1730 ﬁlii,
1125 1664 1376 1735 improbo
1432 1674 1486 1720 et
1545 1666 1666 1720 falsi
1725 1667 1963 1722 nominis

383 1757 524 1824 patri
567 1755 937 1810 adhaeserunt.
982 1753 1278 1820 Quocirca,
1315 1755 1585 1810 mediator
1630 1755 1722 1811 Dei
1764 1764 1820 1812 et
1863 1756 1962 1811 ho-
1997 1754 2036 1807 Β

382 1845 586 1899 minqu
635 1845 682 1876 “
723 1846 904 1904 omnis
954 1844 1205 1900 humanae
1257 1854 1468 1900 naturae
1514 1846 1784 1916 primitias
1839 1862 1963 1900 cum

381 1937 698 2008 assumpsit,
733 1954 843 1993 non
877 1953 946 1993 ex
974 1937 1156 1992 divina
1185 1953 1416 2007 persona
1449 1939 1547 1993 sed
1577 1955 1644 1995 ex
1677 1946 1863 1994 nostra
1897 1939 1963 1992 ad

381 2026 580 2085 fratres
610 2029 777 2084 mittit
817 2029 935 2084 haec
970 2043 1068 2084 sua
1098 2029 1322 2094 indicia,
1353 2029 1546 2085 dicens
1579 2050 1590 2082 :
1630 2029 1838 2086 Vadam
1870 2047 1967 2102 per

382 2123 648 2192 meipsum
751 2122 1000 2178 facturus
1044 2130 1291 2176 vestrum
1330 2120 1572 2187 Patrem,
1628 2139 1817 2177 verum
1860 2121 1966 2176 Pa-

382 2223 520 2272 trem
587 2231 617 2268 a
657 2231 766 2288 quo
797 2216 1033 2286 separati
1073 2215 1246 2270 estis:
1290 2221 1348 2270 et
1393 2212 1643 2270 facturus
1691 2231 1788 2285 per
1833 2215 1967 2270 mei-

385 2324 538 2380 psum
571 2307 738 2363 Deum
773 2319 1011 2362 vestrum
1042 2321 1230 2362 verum
1273 2304 1438 2360 Deum
1461 2321 1490 2360 a
1518 2323 1626 2375 quo
1660 2307 1962 2373 defecistis;

385 2414 511 2454 nam
537 2407 758 2468 propter
780 2399 1054 2469 primitias
1075 2413 1212 2468 quas
1233 2397 1508 2466 assumpsi
1533 2413 1749 2452 omnem
1775 2398 1966 2451 huma-

384 2507 512 2548 nam
538 2499 786 2546 naturam
821 2492 887 2545 ad
917 2490 1085 2545 Deum
1108 2489 1324 2544 Patrem
1360 2489 1413 2543 in
1441 2489 1649 2560 mcipso
1676 2490 1962 2544 adducam.

467 2573 604 2638 Cum
657 2583 824 2652 igitur
875 2579 1128 2650 primitiae
1155 2579 1353 2634 Deum:
1377 2594 1540 2632 suum
1587 2577 1964 2634 fecerinteum

385 2674 478 2745 qui
533 2671 674 2728 Deus
697 2681 814 2735 est,
851 2680 907 2726 et
937 2671 1152 2726 Patrem
1184 2686 1309 2724 eum
1337 2671 1430 2740 qui
1467 2670 1647 2726 bonus
1675 2671 1832 2726 Pater
1860 2681 1965 2738 cst,

384 2764 537 2819 omni
593 2771 803 2816 natura:
861 2761 1066 2817 bonum
1143 2769 1354 2816 rectum
1421 2761 1722 2823 efﬁcitur;
1792 2772 1848 2817 et
1913 2763 1970 2816 lit

388 2852 667 2908 hominum
703 2856 925 2921 propter
978 2851 1275 2921 primitias,
1304 2851 1467 2906 Pater
1509 2861 1565 2908 et
1598 2852 1760 2909 Deus.
1811 2854 1967 2920 Quod

388 2941 715 3013 siprimitia:
756 2949 980 3005 sanctae,
1035 2942 1230 3011 inquit,
1277 2951 1331 2996 et
1382 2945 1702 3014 conspersio
1753 2961 1966 3008 massm,

388 3035 478 3090 ubi
523 3046 653 3088 vero
699 3034 952 3101 primitiae
1000 3034 1276 3100 Christus,
1325 3036 1580 3091 Christus
1628 3047 1808 3093 autem
1859 3039 2040 3133 ντὶ-Ο

383 3123 573 3185 mitia),
607 3123 717 3176 illic
749 3131 802 3176 et
845 3123 938 3193 qui
984 3133 1112 3178 sunt
1139 3124 1366 3191 Christi,
1398 3127 1856 3198 quemadmodum
1897 3130 1972 3181 ait

384 3216 680 3286 Apostolus
706 3216 772 3269 ’³.
821 3214 875 3268 In
923 3215 1126 3286 quibus
1175 3217 1338 3287 igitur
1383 3233 1480 3287 per
1527 3219 1970 3289 conjugalionem

385 3307 635 3361 meminit
681 3308 1062 3378 prituogeniti,
1121 3318 1463 3363 mortuorum
1513 3321 1567 3364 et
1612 3319 1879 3365 creatura:
1921 3319 1974 3365 et

387 3398 616 3454 fratrum
644 3401 923 3455 mentione
953 3400 1118 3462 facta,
1157 3401 1271 3454 haec
1297 3408 1351 3455 et
1382 3417 1502 3468 qua:
1531 3408 1660 3454 sunt
1691 3403 1963 3471 ejusmodi

385 3489 691 3560 intelligere
718 3491 1003 3560 praecipit;
1036 3491 1127 3543 ubi
1155 3506 1287 3544 vero
1305 3491 1514 3560 absque
1543 3492 1635 3544 tali
1671 3492 1976 3559 adjectioue

386 3578 542 3642 dicit,
561 3581 694 3636 Cum
720 3595 916 3635 rursus
949 3579 1224 3634 induxerit
1253 3581 1676 3650 primogenitum
1701 3583 1752 3635 ἰει
1784 3583 1970 3636 orbem

387 3679 657 3725 terrarum
701 3670 768 3735 “,
821 3671 1056 3739 adiectio
1103 3671 1268 3740 hujus
1328 3674 1479 3727 vocis
1525 3691 1714 3727 rursus
1758 3674 1974 3744 appari-

388 3759 591 3813 tioncm
631 3757 842 3812 Domini
891 3760 1273 3814 universorum
1315 3777 1438 3829 qum
1479 3762 1567 3815 ﬁet
1599 3762 1651 3815 in
1687 3762 1808 3823 fiue,
1841 3778 1977 3831 pra:-

388 3852 542 3908 dicit.
602 3849 756 3904 Sicut
787 3851 930 3905 enim
968 3850 1032 3904 In
1083 3852 1290 3905 nomine
1321 3851 1450 3906 Jesu
1494 3870 1622 3922 genu
1671 3871 1819 3907 omne
1855 3871 1976 3908 cur-

389 3951 566 4008 vatur,
608 3942 918 4006 calestium,
963 3944 1286 3996 terrestrium
1319 3953 1366 3996 et
1412 3944 1868 3999 subterraneorum
1894 3947 1967 4012 ";

389 4033 690 4104 quinetiam
719 4029 893 4088 Filius
924 4033 1225 4086 humamun
1265 4049 1462 4087 nomen
1494 4049 1601 4087 non
1626 4035 1810 4097 habet,
1847 4035 1973 4103 quia

2061 1319 2171 1392 γάρ
2207 1321 2300 1375 τοῦ
2337 1320 2470 1375 Θεοῦ
2518 1323 2567 1374 οἱ
2617 1320 2912 1392 ἄνθρωποι,
2961 1317 3278 1372 ὲδούλευσαν
3319 1317 3433 1378 τοῖς
3485 1314 3645 1383 φύσει

2066 1411 2141 1483 μὴ
2162 1407 2279 1465 οὖσι
2303 1410 2444 1474 θεοῖς
2463 1427 2476 1440 ·
2500 1411 2613 1475 καὶ,
2645 1409 2796 1472 ὄντες
2815 1408 2980 1461 τέκνα
3017 1405 3174 1470 Θεοῦ,
3224 1405 3302 1477 τῷ
3334 1403 3553 1474 πονηρῷ
3583 1421 3645 1456 τε

2063 1501 2158 1554 καὶ
2179 1499 2513 1570 ψευδωνύμῳ
2561 1499 2727 1569 πατρὶ
2771 1497 3286 1570 προσῳκειὼθησαν.
3313 1494 3412 1548 Διά
3438 1494 3595 1548 τοῦτο
3618 1497 3649 1538 Α

2069 1589 2294 1660 μεσίτης
2330 1589 2467 1643 Θεοῦ
2498 1591 2590 1642 καὶ
2630 1587 2934 1658 ἀνθρώπων
2966 1587 3147 1657 πάσης
3181 1586 3278 1656 τῆς
3303 1583 3647 1654 ἀνθρωπίνης

2065 1677 2279 1747 φύσεως
2321 1678 2421 1750 τὴν
2472 1677 2724 1748 ἀπαρχὴν
2775 1676 3080 1738 ἀναλαϐὼν,
3127 1676 3227 1728 οὐκ
3259 1677 3320 1728 ὲκ
3365 1674 3458 1726 τοῦ
3501 1674 3645 1726 θείου

2067 1768 2379 1838 προσώπου,
2408 1766 2520 1819 ἀλλ’
2550 1769 2616 1818 ἑκ
2669 1765 2764 1818 τοῦ
2795 1765 3064 1836 ἡμετέρου
3103 1764 3312 1834 πέμπει
3342 1767 3452 1826 τοῖς
3495 1763 3649 1816 ἀδελ-

2066 1859 2186 1927 φοῖς
2214 1857 2406 1911 ἑαυτοῦ
2435 1857 2501 1910 τὰ
2525 1855 2818 1926 δηλώματα
2845 1856 3018 1924 λέγων
3038 1895 3052 1920 ,
3077 1856 3158 1908 ὅτι
3199 1853 3541 1924 ΙΙορεύσομαι
3580 1851 3647 1906 δι’

2066 1947 2302 2020 ἐμαυτοῦ
2325 1948 2543 2016 ποιῆσαι
2578 1947 2729 2016 ὑμῶν
2766 1945 2984 2016 Πατέρα
3000 1986 3014 2009 ,
3040 1946 3132 1998 τὸν
3153 1945 3405 2014 ἀληθινὸν
3429 1943 3649 2014 Πατέρα

2065 2035 2127 2094 οὗ
2157 2038 2489 2111 ὲχωρίσθητε
2510 2054 2524 2068 ⁸
2555 2039 2647 2090 καὶ
2683 2038 2910 2107 ποιῆσαι
2942 2037 3006 2089 δι’
3042 2036 3276 2108 ἐμαυτοῦ
3303 2035 3435 2088 Θεὸν
3466 2034 3646 2104 ὑμῶν,

2066 2127 2156 2181 τὸν
2195 2125 2446 2198 ἀληθινὸν
2478 2126 2609 2179 Θεὸν
2653 2121 2714 2180 οὗ
2753 2127 3026 2195 ἀπέστητε
3047 2144 3063 2158 ο
3090 2124 3179 2178 διὰ
3203 2123 3312 2195 γάρ
3339 2123 3439 2194 τῆς
3468 2125 3650 2193 ἀπαρ-

2068 2219 2171 2290 χῆς
2198 2219 2266 2289 ἢν
2311 2217 2571 2272 ἀνέλαϐον
2603 2219 2866 2289 προσάγω
2915 2218 3060 2272 ἅπαν
3093 2215 3172 2288 τῷ
3204 2215 3322 2285 Θεῷ
3353 2218 3448 2270 καὶ
3478 2217 3651 2287 Πατρὶ

2069 2311 2126 2364 ὲν
2155 2307 2375 2380 ὲμαυτῷ
2408 2309 2469 2364 τὸ
2497 2309 2856 2381 ἀνθρώπινον.

2139 2576 2250 2646 Τῆς
2271 2568 2364 2629 οῦν
2394 2575 2649 2645 ἅπαρχῆς
2713 2572 2846 2626 Θεὸν
2901 2573 3100 2645 ἑαυτῆς
3150 2571 3526 2644 ποιησαμένης
3559 2572 3654 2627 τδν

2068 2665 2198 2717 ὅντα
2248 2662 2402 2728 Θεὸν,
2450 2663 2544 2716 καὶ⁸
2599 2662 2820 2733 Πατέρα
2876 2663 2966 2716 τὸν
2995 2662 3196 2730 ἀγαθὸν
3231 2662 3470 2735 Πατέρα,
3502 2663 3654 2734 πάσῃ

2071 2754 2425 2826 κατορθοῦται
2452 2757 2519 2826 τῇ
2544 2754 2703 2823 φύσει
2725 2755 2786 2807 τὸ
2817 2752 3018 2822 ἀγαθὸν
3037 2793 3052 2818 ,
3081 2755 3176 2808 καὶ
3205 2755 3419 2808 πάντων
3449 2753 3658 2824 ἀνθρὼ-

2071 2864 2187 2900 πων
2217 2847 2426 2915 γινεται
2450 2846 2540 2900 διὰ
2563 2847 2661 2916 τῆς
2691 2846 2944 2917 ἀπαρχῆς
2981 2845 3170 2917 Πατὴρ
3208 2846 3300 2899 καὶ
3322 2846 3472 2908 Θεός.
3505 2846 3570 2898 Et
3600 2845 3657 2899 δὲ

2070 2939 2106 3008 ἡ
2132 2935 2356 3042 ἀπαρχὴ
2387 2937 2538 3042 ἁγία,
2569 2938 2722 3006 φησὶ,
2751 2938 2861 3042 ,καέ
2911 2937 2972 2990 τὸ
3019 2937 3280 3042 φύραμαο
3339 2938 3477 3042 ὅποι)
3618 2937 3655 3036 η

2071 3025 2291 3099 ἀπαρχὴ
2308 3027 2561 3101 Χριστὸς,
2575 3027 2806 3098 Χριστὸς
2827 3027 2881 3079 δὲ
2899 3031 2931 3097 ἡ
2956 3027 3202 3098 ἀπαρχὴ,
3220 3030 3335 3080 ἐκεῖ
3375 3027 3469 3081 καὶ
3486 3027 3535 3080 οι
3557 3025 3652 3080 τοῦ

2073 3117 2330 3188 Χριστοῦ,
2357 3116 2538 3180 καθώς
2571 3133 2732 3186 φησιν
2759 3120 2786 3169 ὁ
2826 3116 3164 3180 ’Λπόστολος.
3210 3117 3298 3169 Ἑν
3332 3112 3414 3180 οἷς
3443 3112 3532 3170 οῦν
3564 3115 3651 3168 διὰ

2075 3209 2334 3278 συζυγίας
2378 3208 2478 3279 τὴν
2521 3210 2740 3279 μνήμην
2780 3207 2874 3260 τοῦ
2921 3209 3269 3280 πρωτοτόκου
3326 3209 3653 3279 πεποίηται,

2072 3301 2280 3372 νεκρῶν
2317 3318 2376 3353 τε
2428 3301 2521 3354 καὶ
2569 3301 2799 3364 κτίσεως
2841 3301 2935 3354 καὶ
2968 3301 3213 3370 ἀδελφῶν
3255 3301 3653 3371 μνημονεύσας,

2073 3392 2244 3447 ταῦτα
2271 3395 2362 3446 καὶ
2387 3395 2454 3447 τά
2477 3394 2700 3447 τοιαῦτα
2730 3397 2868 3448 νοεῖν
2893 3394 3234 3448 ὑποτίθεται.
3255 3396 3429 3447 Ὅπου
3455 3395 3508 3446 δὲ
3537 3395 3657 3466 δίχα

2073 3484 2174 3554 τῆς
2224 3485 2479 3556 τοιαύτης
2523 3487 2838 3558 προσθήκης
2872 3488 3054 3557 φησὶν,
3083 3487 3251 3542 Ὅταν
3271 3485 3328 3539 δὲ
3358 3487 3519 3540 πάλιν
3543 3490 3654 3540 εἰσ-

2075 3575 2258 3649 αγάγῃ
2283 3578 2372 3630 τὸν
2407 3579 2753 3648 πρωτότοκον
2791 3580 2870 3642 εἰς
2917 3577 3013 3649 τὴν
3042 3579 3386 3649 οἰκουμένην,
3432 3579 3600 3646 λέγει,
3623 3581 3657 3649 ἡ

2074 3668 2167 3720 τοῦ
2193 3668 2376 3723 πάλιν
2408 3670 2687 3742 προσθήκη
2716 3670 2812 3740 τὴν
2856 3672 2948 3724 ἐπὶ
2978 3670 3122 3722 τέλει
3162 3671 3532 3741 γενησομένην
3565 3670 3656 3723 τοῦ

2075 3761 2342 3812 Δεσπότου
2372 3761 2478 3813 τῶν
2503 3762 2638 3815 ὅλων
2663 3762 2960 3831 ἐμφάνειαν
3007 3759 3380 3833 προαγορεύει.
3434 3763 3522 3823 Ὠς
3550 3761 3659 3833 γὰρ

2089 3853 2190 3905 Ἐν
2215 3849 2294 3916 τῷ
2323 3853 2565 3920 ὀνόματι
2609 3854 2809 3920 Ἰησοῦ
2849 3853 2972 3907 πᾶν
3002 3855 3149 3923 γόνυ
3179 3852 3451 3922 κάμπτει,
3481 3853 3658 3906 ἐπου-

2069 3944 2313 4012 ρανίων,
2343 3945 2635 4013 ἐπιγείων,
2671 3944 2768 3998 καὶ
2806 3944 3242 4013 καταχθονίων
3269 3944 3446 3997 καίτοι
3474 3946 3502 3996 ό
3531 3942 3657 4004 Υἱὸς

2076 4034 2136 4087 τὸ
2193 4034 2527 4105 ἀνθρώπινον
2577 4036 2747 4105 ὄνομα
2784 4037 2884 4088 οὐκ
2928 4036 3062 4106 ἔχει,
3095 4035 3174 4106 τῷ
3209 4036 3346 4108 ὑπὲρ
3379 4036 3486 4088 πᾶν
3519 4031 3656 4088 εἷναι

391 4128 463 4184 sit
489 4142 654 4196 super
677 4141 840 4180 omne
871 4141 1107 4182 nomen:
1143 4125 1223 4180 sic
1259 4125 1328 4180 ab
1349 4125 1496 4178 omni
1529 4126 1972 4194 supermundana

2075 4128 2264 4196 ὄνομα,
2295 4127 2467 4190 οὕτως
2503 4127 2653 4197 παρά
2679 4129 2859 4196 πάσης
2888 4129 2986 4196 τῆς
3030 4128 3403 4197 ὑπερκοσμίου
3431 4127 3658 4189 κτίσεως

389 4225 641 4276 creatura
694 4219 828 4272 dicit
873 4217 1296 4288 primogenitum
1341 4215 1584 4281 adorari,
1628 4218 1719 4286 qui
1758 4225 1972 4286 propter

2077 4220 2502 4290 προσκυνεῖσθαι
2561 4220 2648 4271 τὸν
2697 4219 3040 4288 πρωτότοκον
3090 4218 3262 4286 λέγει,
3297 4219 3388 4270 τὸν
3416 4219 3483 4271 δι’
3511 4220 3654 4287 ἡμᾶς

391 4326 492 4368 nos
521 4312 600 4368 sic
633 4311 945 4365 nominatus
986 4316 1107 4374 est;
1143 4325 1336 4364 rursus
1381 4308 1436 4362 in
1474 4309 1663 4362 orbem
1707 4317 1972 4363 terrarum

2078 4312 2247 4373 οὕτως
2257 4311 2475 4380 ὡνομασ
2483 4309 2658 4379 μένον·
2691 4311 2849 4363 πάλιν
2867 4312 2944 4372 εἰς
2955 4310 3050 4380 τὴν
3063 4311 3386 4380 οἰκουμένην
3402 4311 3656 4367 εἰσιόντα,

391 4402 805 4472 ingredientem,
834 4415 960 4456 cum
980 4400 1248 4470 iudicabit
1269 4401 1454 4454 orbem
1483 4411 1643 4454 terra:
1666 4400 1719 4454 in
1739 4400 1972 4469 justitia,

2081 4404 2206 4455 ὅταν
2242 4403 2400 4472 κρίνῃ
2429 4403 2525 4472 τὴν
2554 4402 2880 4472 οἰκουμένην
2911 4404 2965 4453 ὲν
3001 4400 3313 4471 δικαιοσύνῃ
3363 4401 3455 4454 καί.
3499 4401 3652 4462 λαοὺς

389 4503 446 4549 et
474 4495 704 4565 populos
747 4495 802 4547 in
844 4491 1176 4546 rectitudine
1210 4491 1276 4545 ".
1311 4491 1400 4544 Sic
1434 4507 1500 4546 ex
1540 4490 1708 4545 verbo
1761 4493 1974 4560 pietatis

391 4587 727 4642 discernitur
757 4601 821 4639 ac
863 4584 1196 4653 dijudicatur
1225 4583 1368 4652 quod
1397 4581 1741 4651 primogeniti
1769 4592 1822 4636 et
1857 4583 1975 4636 uni-

391 4679 560 4749 geniti
590 4679 810 4732 nomine
838 4675 1199 4746 significatur,
1247 4673 1528 4741 utriusque
1569 4674 1805 4727 nominis
1835 4674 1976 4727 inter

393 4785 456 4825 se
497 4778 714 4823 servata
763 4767 1191 4837 significatione.
1247 4764 1351 4830 Qui
1403 4775 1581 4818 autem
1629 4766 1974 4836 primogeniti

394 4871 591 4911 nomen
639 4855 705 4908 ad
757 4871 874 4908 eam
908 4855 1282 4910 exsistentiam
1326 4868 1447 4922 quae
1488 4860 1573 4907 est
1614 4863 1740 4907 ante
1775 4856 1970 4910 saecula

392 4945 627 5009 reducit,
679 4946 955 5013 quomodo
996 4944 1261 5013 unigeniti
1305 4943 1582 4996 notionem
1622 4945 1804 4997 animo
1845 4961 1972 5015 pcr-

391 5046 600 5108 ceptam
649 5035 976 5090 conservat?
1018 5036 1252 5089 Auditor
1310 5035 1625 5104 intelligens
1668 5037 1975 5094 consideret

391 5141 461 5180 an
479 5125 592 5180 hac
618 5125 759 5178 inter
783 5137 841 5176 se
870 5132 1191 5190 cvngruant,
1222 5137 1344 5175 cum
1377 5137 1553 5192 neque
1583 5123 1974 5192 primogenitus

391 5220 512 5274 sine
561 5217 822 5272 fratribus
861 5214 1225 5282 intelligatur,
1277 5230 1452 5282 neque
1507 5215 1819 5283 unigenitus
1850 5233 1971 5269 cum

392 5312 674 5367 fratribus.
730 5309 866 5364 Cum
942 5305 1086 5360 enim
1159 5304 1336 5368 dixit,
1411 5305 1474 5358 In
1537 5307 1790 5373 principio
1861 5318 1973 5360 erat

404 5399 627 5454 Verbum
653 5405 716 5461 ”.
750 5415 847 5471 per
875 5398 978 5453 hoc
1010 5395 1362 5466 Unigenitum
1406 5397 1792 5450 intelleximus.
1833 5399 1966 5452 (lum

393 5508 526 5548 vero
555 5493 834 5564 suhjuugit
865 5507 877 5544 :
923 5490 991 5544 Et
1033 5490 1250 5545 Verbum
1291 5505 1414 5542 caro
1454 5489 1655 5557 factum
1686 5499 1761 5542 est
1784 5491 1848 5555 ³⁸,
1877 5507 1970 5559 per

2081 4495 2138 4545 ὲν
2164 4493 2436 4564 εὐθύτητι.
2465 4492 2650 4554 υῦτως
2693 4493 3024 4563 διακρίνεται
3067 4491 3217 4562 παρὰ
3248 4489 3342 4544 τοῦ
3373 4492 3527 4557 λόγου
3560 4491 3652 4559 τῆς,

2081 4584 2382 4646 εὐσεϐείας,
2405 4584 2464 4634 τό
2494 4601 2552 4635 τε
2584 4583 2676 4634 τοῦ
2723 4585 3067 4652 πρωτοτόκου
3093 4583 3184 4634 καὶ
3213 4582 3274 4634 τὸ
3295 4582 3388 4634 τοῦ
3436 4597 3652 4650 μονογεο

2080 4674 2201 4738 νοῦς
2230 4675 2642 4744 σημαινόμενον,
2665 4675 2906 4744 ἐκατέρῳ
2922 4674 3028 4725 τῶν
3049 4675 3326 4743 ὀνομάτων
3341 4672 3439 4741 τῆς
3461 4672 3658 4724 καταλὲ

2079 4765 2239 4836 λήλου
2295 4766 2567 4835 σημασίας
2609 4765 3032 4834 φυλαττομένης.
3080 4765 3136 4816 '0
3166 4765 3220 4815 δὲ
3258 4764 3338 4825 εἰς
3383 4761 3481 4831 τὴν
3521 4779 3653 4830 προ-

2078 4855 2297 4909 αιώνιον
2344 4856 2573 4926 ὓπαρξιν
2620 4858 2834 4923 ἀνάγων
2866 4855 2957 4908 τοῦ
2990 4855 3335 4925 πρωτοτόκου
3365 4853 3425 4905 τὸ
3463 4852 3651 4920 ὄνομα.

2079 4948 2196 5010 πῶς
2222 4947 2470 5010 διασώζει
2497 4948 2594 5017 τὴν
2615 4947 2707 5000 τοῦ
2741 4948 3058 5018 μονογενοῦς
3086 4947 3316 5012 έννοιαν;
3352 4947 3406 4998 Ὀ
3439 4945 3654 5005 συνετὸς

2078 5038 2347 5108 ἀκροατὴς
2382 5039 2783 5106 ἐπισκεψὰσθω,
2808 5042 2854 5090 εἰ
2886 5037 3170 5108 συμϐαίνει
3194 5037 3363 5090 ταῦτα
3403 5037 3531 5106 πρὸς
3563 5035 3651 5087 ἄ).-

2078 5131 2212 5198 ληλα
2241 5173 2253 5193 ,
2294 5132 2427 5200 μήτε
2457 5131 2549 5183 τοῦ
2578 5132 2920 5201 πρωτοτόκου
2963 5131 3127 5200 χωρὶς
3159 5129 3397 5196 ἀδελφῶν
3436 5128 3625 5194 νοουμέ

2081 5240 2192 5283 νου,
2225 5224 2360 5292 μήτε
2391 5222 2482 5274 τοῦ
2519 5222 2837 5292 μονογενοῦς
2879 5221 3015 5290 μετά
3045 5221 3311 5288 ἀδελφῶν.
3360 5223 3528 5271 Ὅταν
3562 5220 3654 5286 μὲν

2083 5314 2189 5382 γὰρ
2207 5317 2334 5384 εἴπῃ
2361 5316 2440 5366 ὅτι
2458 5316 2552 5365 Ἐν
2568 5313 2723 5381 ἀρχῇ
2746 5310 2823 5382 ἦν
2846 5317 2877 5365 o'
2901 5314 3105 5380 Λόγος,
3125 5313 3210 5364 διὰ
3232 5311 3421 5363 τούτου
3438 5311 3528 5362 τὸν
3546 5310 3649 5363 Μο-

2077 5407 2265 5473 νογενῆ
2297 5406 2617 5473 ἐνοήσαμεν.
2641 5406 2806 5456 Ὅταν
2834 5405 2888 5455 δὲ
2913 5404 3092 5474 ἐπάγῃ
3123 5405 3201 5455 ὅτι
3219 5403 3269 5453 '0
3295 5402 3482 5468 Λόγος
3503 5399 3652 5465 σὰρξ

2075 5497 2331 5566 ἐγένετο,
2360 5495 2447 5547 διὰ
2479 5497 2669 5547 τούτου
2696 5496 2784 5548 τὸν
2811 5496 3155 5565 Πρωτότοκον
3186 5498 3252 5564 τῇ
3279 5493 3484 5564 διανοίᾳ
3517 5506 3650 5557 παρ-

467 5604 514 5674 ιξ
542 5602 606 5674 ll,
635 5606 760 5659 Cor.
798 5621 850 5674 v,
899 5604 986 5658 Π.
1050 5603 1106 5674 ᾼ¹³
1142 5602 1300 5657 Joan.
1340 5621 1431 5668 xx,
1461 5605 1544 5656 l7.
1625 5605 1669 5636 ε’·
1705 5603 1718 5655 Ι
1765 5605 1900 5659 Tim.
1941 5624 1972 5660 u

2154 5611 2199 5642 ²¹
2247 5608 2400 5663 “om.
2439 5624 2514 5671 XI,
2550 5609 2632 5662 l6.
2713 5609 2757 5637 ’θ
2789 5606 2919 5663 llcl).
2956 5623 2992 5673 t,
3023 5608 3072 5659 (ἶ.
3153 5608 3194 5637 ⁸⁷
3237 5605 3431 5674 Philip.
3472 5621 3529 5668 tt,
3571 5602 3652 5660 i0.

403 5671 449 5706 ⁸⁸
491 5672 633 5729 Psal.
689 5689 762 5736 ιι,
800 5673 883 5726 ll.
958 5676 1002 5706 ¹⁹
1039 5672 1196 5729 Joan.
1232 5691 1270 5740 l,
1323 5676 1369 5728 l.
1450 5675 1493 5704 ³ο
1534 5676 1642 5731 ibid
1715 5679 1792 5731 Η.
