4068 6148
419 264 524 316 ιτς-5

1574 259 1853 315 CONTRA
1885 257 2268 320 EUNOMilTM,
2305 257 2430 312 LIB.
2462 259 2524 311 ll.

3570 249 3672 299 31'th

426 383 737 456 ἐδεξάμεθα.
771 380 881 438 Καὶ
905 381 1077 445 οὕτως
1099 380 1402 450 ἀσύγχυτος
1430 377 1687 449 μένειτῆς
1719 373 1997 436 εὐσεϐείας

2117 389 2204 425 ηιοο
2229 373 2636 442 l‘rimogenitum
2661 381 2835 424 mente
2851 381 2896 425 et
2920 368 3278 438 intelligentia
3301 373 3667 438 concepimus.

423 480 450 529 ὀ
481 475 653 543 λύγος,
685 473 972 541 φυλάσσων
996 469 1239 540 ἐκατέρῳ
1260 469 1367 521 τῶν
1392 467 1670 537 ὀνομάτων
1698 465 1794 526 τὰς
1821 478 1984 533 προσ-

425 567 575 638 φυεῖς
599 562 896 635 σημασίας,
931 562 1005 623 ώς
1041 562 1096 612 ἐν
1138 559 1236 628 μὲν
1261 556 1339 626 τῷ
1390 559 1663 627 μονογενεῖ
1693 555 1905 624 βλέπειν
1931 552 1991 604 τὸ

427 656 770 730 προαιώνιον,
811 653 896 706 διὰ
923 652 979 705 δὲ
993 650 1085 703 τοῦ
1117 647 1459 720 πρωτοτόκου
1490 649 1586 718 τῆς
1615 647 1863 708 κτίσεως,
1894 645 1990 714 τὴν

424 749 508 803 διὰ
540 746 738 818 σαρκὸς
774 743 867 798 τοῦ
907 742 1229 812 προαιωνίου
1260 739 1582 810 φανέρωσιν.

495 921 662 976 Πάλιν
704 921 760 973 δὲ
787 918 879 971 τοῦ
924 918 1183 988 Εὐνομίου
1230 918 1318 970 τὸν
1361 916 1515 984 λόγον
1552 914 1839 980 ὲπιλέξεως
1867 914 1994 967 ἀνασ

425 1013 695 1081 λάϐωμεν.
730 1010 1097 1078 Πιστεύομεν
1118 1008 1215 1062 καὶ
1251 1009 1336 1073 εις
1383 1006 1490 1060 τὸν
1521 1005 1667 1059 Θεοῦ
1707 1006 1863 1067 Υίὸν,
1900 1003 2000 1056 τὸν

423 1102 719 1174 μννοτενῆ
774 1101 922 1155 Θεὸν
949 1139 962 1161 ,
1023 1099 1129 1152 τὸν
1188 1099 1560 1167 πρωτότοκον
1613 1095 1815 1162 πάσης
1879 1093 1994 1147 κτί-

431 1214 602 1261 σεως,
651 1194 787 1248 Υἱὸν
840 1191 1148 1260 ἀληθινὸν,
1208 1192 1318 1244 οὐκ
1363 1188 1725 1258 ἀγέννητον,
1764 1185 2000 1253 ἀληθῶς

431 1284 791 1356 γεννηθέντα
828 1283 941 1350 πρὸ
968 1281 1216 1337 αἰώνων.
1249 1282 1369 1334 Ὅτι
1400 1280 1499 1350 μὲν
1530 1275 1622 1332 οὖν
1655 1278 1877 1350 μετάγει
1905 1277 2001 1346 τὴν

431 1381 528 1450 τῆς
555 1377 850 1448 γεννήσεως
884 1374 1119 1445 ἔμφασιν
1158 1376 1237 1436 είς
1268 1372 1328 1425 τὸ
1354 1372 1450 1443 τῆς
1487 1371 1712 1432 κτίσεως
1741 1368 1998 1440 σημαινό-

439 1487 614 1539 μενον,
651 1467 808 1536 δῆλόν
851 1468 1016 1528 ἐστιν,
1059 1465 1116 1530 ἐξ
1159 1458 1231 1517 ὧν
1276 1463 1568 1534 διαρρήδην
1601 1459 1815 1514 κτιστδν
1847 1456 2005 1510 αὑτὸν

436 1559 857 1630 προσηγόρευσε,
885 1556 1170 1625 γενόμενον
1201 1553 1368 1607 εἰπὼν
1398 1553 1556 1607 αὑτὸν
1597 1552 1690 1604 καὶ
1729 1551 1825 1602 οὐκ
1850 1550 1974 1602 ἄκτι
1993 1576 2004 1586 -

435 1668 574 1703 στον.
615 1650 802 1718 Ἡμεῖς
825 1646 902 1708 δὲ,
937 1646 1011 1709 ώς
1043 1644 1108 1698 ἂν
1151 1645 1382 1714 μάλιστα
1406 1644 1467 1696 τὸ
1491 1643 1883 1694 ἀνεπίσκεπτον
1915 1641 2008 1692 αύ-

432 1743 523 1795 τοῦ
568 1743 659 1794 καὶ
709 1739 1025 1792 ἀπαίδευτον
1075 1740 1131 1789 ὲν
1176 1740 1288 1800 τοῖς
1345 1737 1574 1807 δόγμασι
1633 1734 2002 1804 φανερωθείη,

436 1833 665 1901 ἀφέντες
690 1830 750 1883 τὺ
781 1829 1110 1899 σχετλιάζειν
1141 1830 1230 1882 ἐπὶ
1266 1827 1342 1897 τῷ
1367 1826 1614 1898 προδήλῳ
1635 1827 1730 1896 τῆς
1765 1825 2005 1895 βλασφη-

439 1926 579 1994 μίας,
627 1925 845 1993 τεχνικῇ
886 1939 990 1974 τινι
1035 1920 1294 1990 διαιρέσει
1327 1918 1417 1970 τὸν
1454 1919 1580 1988 περὶ
1621 1917 1806 1970 τούτου
1852 1917 2007 1985 λόγον

434 2015 833 2088 διαληψὼμεοα.
879 2016 1034 2066 Δοκεῖ
1063 2014 1169 2083 γάρ
1213 2030 1302 2083 μοι
1344 2009 1522 2072 καλῶς
1568 2009 1727 2080 ἔχειν,
1779 2011 1908 2062 αὐτὸ
1949 2009 2010 2061 τὸ

435 2107 532 2176 τῆς
577 2105 881 2174 γεννήσεως
930 2101 1322 2172 σημαινόμενον
1367 2099 1434 2152 δι’
1476 2099 1896 2169 ἐπιμελεστέρας
1921 2099 2009 2162 ἐξ·

437 2201 670 2260 ετάσεως
721 2193 1084 2263 διασκοπῆσαι
1120 2194 1198 2264 τῷ
1233 2193 1393 2263 λόγῳ.
1429 2194 1550 2246 Ὅτι
1596 2191 1694 2262 μὲν
1732 2187 1823 2243 οὖν
1857 2191 1916 2243 τὸ
1953 2189 2010 2255 eg

437 2291 614 2354 αἰτίας
651 2285 790 2342 εἷναί
820 2304 962 2350 τινος
1002 2287 1062 2339 τὸ
1098 2286 1269 2356 ὄνομα
1308 2284 1465 2338 τοῦτο
1503 2284 1818 2354 παρίστησι,
1853 2281 2011 2334 παντὶ

437 2381 592 2452 δῆλόν
625 2383 761 2439 ἐστι,
799 2379 890 2432 καὶ
919 2378 1069 2432 οὐδὲν
1100 2373 1254 2447 οἶμαι
1288 2377 1414 2448 περὶ
1456 2376 1645 2429 τούτου
1673 2376 1864 2445 χρῆναι
1895 2373 2011 2426 δια-

439 2472 796 2538 γωνίζεσθαι·
845 2468 958 2522 ἀλλ’
1015 2468 1198 2537 ἐπειδὴ
1249 2467 1502 2538 διάφορος
1556 2467 1662 2519 τῶν
1726 2466 1783 2530 ἐξ
1836 2465 2011 2526 αἰτίας

442 2562 765 2632 ὑφεστώτων
811 2563 840 2612 ὁ
868 2560 1026 2628 λόγος
1071 2560 1205 2622 ἐστὶ,
1255 2558 1396 2611 τοῦτ’
1421 2553 1570 2627 οτμαι
1606 2559 1899 2627 προσήκειν
1927 2556 2015 2608 διά

442 2672 582 2718 τινος
626 2655 881 2724 τεχνικῆς
928 2651 1240 2722 διαιρέσεως
1289 2650 1679 2720 σαφηνισϐἦναι
1725 2648 1801 2718 τῷ
1850 2647 2011 2716 λόγῳ.

446 2747 564 2799 Τῶν
593 2746 773 2798 τοίνυν
798 2745 862 2797 ἔκ
888 2761 1030 2806 τινος
1070 2744 1247 2806 αἰτίας
1272 2741 1650 2811 γεγενημένων
1683 2741 1882 2802 ταύτας
1918 2740 2014 2801 τὰς

453 2835 704 2905 διαφορὰς
746 2835 1175 2904 κατειλήφαμεν·
1218 2833 1298 2886 Τὰ
1330 2833 1427 2902 μὲν
1475 2832 1581 2901 γὰρ
1630 2830 1689 2896 ἐξ
1731 2830 1861 2900 ὕλης
1903 2830 2017 2882 ἐστὶ

457 2927 550 2978 καὶ
584 2925 790 2994 τέχνης,
822 2925 892 2987 ὼς
932 2927 988 2979 αἱ
1026 2924 1132 2976 τῶν
1173 2923 1620 2992 οἰκοδομημάτων
1651 2923 1743 2975 καὶ
1770 2922 1876 2974 τῶν
1909 2921 2016 2972 λοι-

2092 461 2156 515 Ει
2205 465 2282 516 sic
2336 461 2884 532 inconfususvmanet
2936 462 3154 530 pietatis
3199 473 3402 525 sermo,
3459 461 3675 527 utrique

2091 550 2298 604 nomini
2330 549 2562 604 adnatas
2603 559 2656 603 et
2687 549 3027 603 adhaerentes
3067 547 3494 617 signiﬁcationes
3540 563 3674 602 con-

2093 656 2341 706 servans,
2363 640 2552 710 sicque
2577 641 2630 692 in
2663 639 2939 707 unigenito
2969 639 3021 691 id
3043 639 3186 707 quod
3209 652 3293 693 est
3311 647 3433 692 ante
3451 640 3671 698 saecula.

2096 747 2192 801 per
2211 731 2630 801 primogenitum
2683 744 2812 784 vero
2833 730 3147 788 errationis.
3186 745 3281 797 per
3310 745 3529 784 carnem
3555 730 3673 799 ejus

2095 823 2187 894 qui
2221 832 2302 877 est
2343 832 2469 876 ante
2505 822 2702 876 saecula
2746 819 3236 876 manifestationem
3270 823 3564 874 intuemur.

2172 912 2276 969 Sed
2337 913 2586 967 Eunomii
2625 911 2689 964 ad
2723 912 2943 965 verbum
2969 913 3269 964 orationem
3316 922 3628 981 repetamus
3659 929 3673 964 :

2101 1005 2398 1067 Credimus,
2440 1006 2635 1073 inquit,
2678 1006 2731 1057 in
2759 1004 2852 1056 Dei
2881 1003 3103 1068 Filium,
3135 1003 3455 1071 unigenitum
3484 1001 3673 1065 Deum,

2099 1099 2500 1168 primogenitum
2557 1099 2724 1152 ontnis
2769 1108 3046 1159 creaturae,
3088 1095 3284 1149 Filium
3350 1111 3521 1149 verum
3573 1111 3675 1148 non

2102 1190 2412 1258 ingenitum,
2444 1205 2559 1242 vere
2605 1198 2725 1242 ante
2765 1189 2962 1242 saecula
2999 1189 3254 1256 genitum.
3316 1187 3470 1251 Quod
3516 1187 3677 1254 igitur

2103 1281 2473 1352 generationis
2505 1281 2956 1350 signiﬁcationem
3003 1279 3070 1333 ad
3120 1278 3421 1334 creationis
3465 1278 3676 1347 signiﬁ-

2107 1381 2288 1427 catum
2342 1371 2600 1435 adducat,
2659 1373 3010 1442 perspicuum
3061 1380 3146 1426 est
3197 1387 3261 1425 ex
3321 1371 3426 1433 his,
3477 1371 3676 1439 quibus

2107 1473 2293 1534 aperte
2333 1476 2384 1520 et
2428 1461 2720 1519 manifesto
2757 1464 2933 1533 ipsum
2973 1472 3213 1517 creatum
3254 1463 3565 1531 appellavit,
3602 1462 3674 1514 fa-

2109 1566 2256 1611 ctum
2283 1557 2458 1628 ipsum
2486 1539 2608 1612 cum
2633 1557 2790 1621 dixit,
2813 1564 2866 1609 et
2890 1572 2996 1609 non
3022 1557 3340 1609 increatum.
3366 1553 3474 1609 Nos
3497 1564 3674 1609 autem

2112 1659 2171 1704 ut
2204 1650 2493 1704 temeraria
2525 1657 2578 1703 et
2603 1648 3006 1702 inconsiderata
3042 1647 3212 1715 ipsius
3255 1647 3469 1700 inscitia
3510 1652 3674 1715 atque

2109 1724 2410 1812 ignorantia
2448 1743 2499 1794 in
2537 1741 2652 1795 suis
2687 1740 2871 1810 pravis
2903 1740 3260 1808 Opinionibus
3299 1739 3679 1794 manifestctur

2108 1833 2304 1901 magis,
2331 1833 2550 1887 omissis
2575 1831 3042 1901 deplorationibus
3074 1840 3235 1899 atque
3264 1829 3479 1884 dolendi
3512 1832 3677 1883 ratio-

2115 1923 2299 1986 nibus,
2330 1931 2551 1992 propter
2585 1922 2933 1976 manifestam
2959 1930 3011 1975 et
3037 1923 3291 1975 omnibus
3325 1930 3505 1973 notam
3534 1922 3673 1974 blas-

2109 2017 2382 2085 phemiam
2435 2016 2552 2068 sive
2591 2015 2912 2083 sacrilegam
2962 2015 3329 2082 impietatem,
3383 2013 3678 2066 artiﬁciosa

2111 2108 2342 2177 quadam
2395 2107 2749 2160 distinctione
2791 2107 2856 2160 de
2897 2122 2961 2160 eo
3003 2107 3305 2159 orationem
3351 2104 3676 2160 dividamus.

2113 2200 2220 2254 Res
2272 2201 2416 2253 enim
2468 2199 2600 2251 mihi
2648 2198 2865 2252 videtur
2910 2199 3168 2266 prmelare
3218 2197 3436 2259 habere,
3474 2199 3517 2250 si
3566 2197 3682 2250 dili-

2112 2291 2358 2359 gentiore
2379 2289 2630 2344 examine
2654 2289 3021 2357 generationis
3049 2287 3410 2357 signiﬁeatmu
3436 2289 3682 2340 oratione

2114 2381 2533 2450 perspiciamus.
2587 2379 2740 2444 Quod
2787 2379 2952 2448 igitur
2983 2395 3045 2431 cx
3091 2395 3256 2432 causa
3316 2394 3438 2432 esse
3480 2379 3681 2446 aliqua,

2115 2471 2218 2524 ltoe
2253 2473 2429 2540 ipsum
2467 2485 2662 2522 nomen
2695 2469 2963 2538 designat.
2996 2470 3169 2522 cuivis
3201 2471 3396 2538 pcrspi:
3421 2487 3545 2522 num
3577 2478 3680 2532 est,

2117 2575 2292 2625 neque
2343 2567 2473 2627 puto
2506 2558 2571 2612 de
2613 2573 2676 2611 eo
2705 2557 3089 2612 drccrtandum
3123 2575 3262 2614 esse.
3289 2559 3392 2613 Sed
3429 2563 3682 2628 quoniam

2116 2665 2302 2703 eorum
2338 2665 2457 2717 qnze
2505 2665 2567 2701 es
2601 2663 2768 2701 causa
2799 2649 3109 2703 subsistunt
3141 2649 3353 2728 diversa
3394 2658 3478 2703 est
3524 2652 3682 2711 ratio,

2118 2741 2222 2795 hoc
2271 2741 2508 2794 arbitror
2559 2741 2852 2794 artiﬁciosa
2895 2741 3126 2809 quadam
3165 2731 3443 2795 'divisione
3487 2757 3682 2796 conve-

2119 2833 2236 2885 nire
2277 2833 2590 2886 dilucidari.
2647 2832 2843 2885 Eorum
2881 2833 3045 2900 igitur
3077 2848 3198 2900 quae
3233 2848 3296 2885 ex
3353 2848 3516 2885 causa
3559 2842 3684 2886 sunt

2120 2922 2299 2990 aliqua
2331 2930 2538 2985 exorta,
2574 2922 2671 2976 has
2696 2922 3034 2976 diﬁ'erentias
3068 2922 3686 2991 accepimusanmdam

454 3015 570 3067 πῶν
611 3015 784 3085 ἔργων
824 3014 1175 3072 κατασκευαὶ,
1211 3013 1297 3065 διὰ
1344 3014 1441 3082 τῆς
1489 3013 1606 3064 κατ’
1636 3011 1858 3080 ἀλλήλου
1889 3011 2015 3078 ὕλης

2121 3027 2185 3066 ex
2244 3013 2470 3066 materia
2530 3022 2576 3067 et
2630 3022 2748 3066 arte
2796 3022 3071 3079 constant,
3128 3029 3183 3068 ut
3227 3015 3579 3068 aediﬁciorum
3636 3025 3689 3068 et

449 3106 760 3176 γινόμεναι.
791 3099 864 3159 ὧν
906 3104 1224 3174 καθηγεῖταί
1264 3121 1348 3166 τις
1380 3104 1538 3173 τέχνη
1575 3102 1709 3173 πρὸς
1754 3103 1844 3154 τὸν
1887 3101 2016 3154 ἴδιον

448 3197 644 3250 σκοπὸν
669 3197 729 3249 τὺ
757 3195 1016 3268 προτεθὲν
1064 3194 1534 3265 συμπεραίνουσα·
1572 3191 1639 3243 τὰ
1679 3193 1753 3246 δὲ,
1787 3191 1844 3257 ἐξ
1888 3189 2019 3257 ὕλης

446 3286 539 3340 καὶ
584 3284 816 3355 φύσεως.
870 3283 981 3346 Τὰς
1033 3283 1141 3351 γὰρ
1187 3281 1244 3345 ἐξ
1298 3280 1540 3350 ἀλλήλων
1585 3281 1864 3348 γεννήσεις
1912 3278 2019 3329 τῶν

445 3375 597 3440 ζώων
650 3377 685 3445 ὴ
731 3373 892 3443 φύσις
929 3373 1217 3441 οἰκοδομεῖ,
1263 3370 1349 3422 διὰ
1385 3369 1483 3438 τῆς
1518 3371 1573 3420 ἐν
1615 3372 1726 3430 τοῖς
1776 3367 2019 3436 σώμασιν

445 3465 633 3535 ὑλικῆς
661 3464 1009 3525 ὑποστάσεως
1053 3462 1114 3515 τὸ
1158 3462 1354 3530 ἑαυτῆς
1396 3460 1710 3530 ὲνεργοῦσα.
1755 3459 1835 3511 Τὰ
1879 3458 1934 3512 δὲ
1962 3458 2019 3524 ἐξ

446 3555 636 3624 ὑλικῆς
665 3554 978 3625 ἀπορροίας,
1008 3553 1091 3620 ἐφ’
1121 3545 1193 3604 ὧν
1219 3553 1311 3605 καὶ
1349 3553 1408 3604 τὸ
1437 3551 1840 3620 προηγούμενον
1873 3549 2019 3618 μένει

443 3642 556 3701 οἷόν
579 3649 757 3712 ἐστιν,
792 3646 882 3698 καὶ
933 3647 994 3696 τὸ
1031 3645 1124 3696 ἀπ’
1169 3644 1375 3697 ἐκείνου
1413 3630 1530 3713 ῥέον
1563 3645 1647 3710 ἐφ’
1674 3639 1864 3694 ἑαυτοῦ
1892 3639 2022 3692 καο-

445 3740 660 3810 ορᾶται,
691 3738 766 3800 ὡς
796 3737 888 3789 ἐπὶ
919 3734 1011 3788 τοῦ
1044 3735 1193 3805 ἡλίου
1229 3734 1320 3787 καὶ
1349 3735 1448 3804 τῆς
1475 3735 1708 3796 ἀκτῖνος,
1744 3733 1776 3802 ἢ
1808 3733 1898 3784 ἐπὶ
1925 3731 2023 3799 τῆς

444 3827 728 3898 λαμπάδος
771 3825 865 3878 καὶ
911 3824 1011 3893 τῆς
1057 3823 1268 3892 αὐγῆς,
1321 3823 1412 3875 ἐπὶ
1464 3821 1571 3873 τῶν
1614 3821 1918 3890 ἀρωμάτων
1965 3835 2023 3871 τε

446 3916 680 3969 καὶτῶν
719 3913 923 3985 μύρων,
956 3913 1049 3964 καὶ
1099 3912 1199 3979 τῆς
1247 3910 1452 3963 ἐκεῖθεν
1486 3909 1829 3977 ὲκδιδομένης
1878 3907 2026 3959 ποιό-

445 4021 628 4075 τητος.
685 4002 865 4056 Ταῦτα
922 4002 1030 4072 γὰρ
1085 4002 1169 4069 ἐφ’
1215 3999 1420 4053 ἑαυτῶν
1475 3999 1717 4068 ἀμείωτα
1775 3998 2021 4067 μένοντα,

447 4097 610 4158 εὐθὺς
650 4095 760 4164 ἔχει
793 4090 1359 4163 ωμπαρομαρτοῦσαν
1404 4090 1640 4158 ἑκάστην
1672 4089 1769 4159 τὴν
1804 4090 1899 4140 ἀπ’
1929 4089 2025 4140 αὐο

446 4187 560 4240 τῶν
586 4184 929 4254 ὲκδιδομένην
956 4183 1186 4252 φυσικὴν
1237 4182 1499 4250 ἰδιότητα*
1535 4175 1645 4233 οἷον
1679 4182 1706 4232 ὁ
1749 4180 1844 4249 μὲν
1877 4177 2024 4247 ἥλιος

446 4278 550 4346 τὴν
575 4278 792 4337 ἀκτῖνα,
824 4275 857 4343 ἡ
895 4273 951 4326 δὲ
971 4271 1190 4342 λαμπὰς
1223 4272 1319 4342 τὴν
1346 4272 1540 4342 αὐγὴν,
1571 4271 1638 4323 τὰ
1675 4272 1729 4324 δὲ
1759 4271 2023 4340 ἀρώματα

2120 3103 2455 3171 reliquorum
2485 3119 2705 3170 operum
2747 3105 3162 3165 exstructiones,
3203 3119 3321 3172 qum
3353 3121 3417 3158 ex
3465 3106 3686 3159 materia

2119 3193 2263 3246 inter
2305 3208 2364 3246 se
2408 3192 2705 3261 conjuncta
2753 3192 2906 3256 ﬁunt,
2951 3193 3153 3260 quibus
3210 3210 3298 3248 ars
3347 3195 3524 3262 aliqua
3578 3210 3690 3246 ma—

2119 3285 2284 3354 gistra
2329 3293 2541 3353 prmcst,
2583 3283 2647 3334 ad
2699 3284 2979 3352 proprium
3019 3298 3243 3351 scopum
3296 3283 3346 3336 id
3383 3283 3525 3352 quod
3566 3299 3690 3352 pro-

2116 3376 2352 3444 positum
2401 3384 2484 3428 est
2536 3373 2854 3427 terminans.
2903 3373 3019 3425 Alia
3069 3389 3196 3424 vero
3250 3389 3312 3426 ex
3371 3373 3594 3426 materia
3634 3381 3688 3428 et

2121 3474 2336 3520 natura.
2387 3464 2778 3518 Generationes
2818 3467 2960 3518 enim
2992 3465 3306 3517 animalium
3339 3480 3403 3518 ex
3449 3481 3506 3519 se
3555 3465 3690 3518 iuvi-

2119 3569 2236 3610 cem
2272 3563 2466 3608 natura
2522 3555 2779 3617 exstruit,
2813 3570 2909 3624 per
2961 3554 3291 3607 materialem
3351 3571 3472 3622 qua:
3504 3564 3588 3608 est
3637 3556 3688 3607 in

2121 3645 2440 3714 corporibus
2495 3645 2904 3700 subsistentiam
2963 3662 3120 3698 suum
3171 3661 3310 3713 opus
3367 3646 3687 3701 conﬁciens.

2121 3736 2240 3789 Alia
2279 3737 2443 3790 etiam
2477 3751 2541 3789 ex
2586 3736 2851 3789 materiali
2902 3735 3139 3800 deﬂuxu,
3201 3737 3252 3789 in
3311 3737 3509 3806 quibus
3546 3737 3690 3806 quod

2122 3827 2391 3882 antecedit
2431 3836 2612 3880 manet
2643 3828 2802 3896 quale
2833 3835 2936 3890 est,
2980 3835 3033 3881 et
3057 3827 3199 3895 quod
3235 3843 3299 3882 ex
3348 3829 3438 3882 illo
3471 3827 3588 3881 ﬁuit
3635 3825 3686 3878 in

2123 3934 2182 3974 se
2227 3919 2344 3986 ipso
2381 3918 2720 3985 conspicitur
2746 3932 2758 3968 :
2816 3926 2874 3971 ut
2903 3918 2956 3971 in
2989 3919 3104 3972 sole
3127 3928 3180 3972 et
3210 3919 3382 3981 radio,
3411 3927 3502 3971 aut
3533 3920 3585 3972 in
3614 3921 3692 3970 lu-

2124 4022 2288 4061 cerna
2313 4015 2365 4060 et
2394 4007 2446 4058 in
2473 4006 2869 4075 splendore,vcl
2895 4006 2948 4060 in
2976 4005 3344 4060 odoramentis
3369 4016 3420 4058 rt
3444 4023 3688 4076 unguen-

2124 4099 2194 4153 tis
2217 4099 2344 4152 etin
2371 4114 2430 4153 ea
2455 4115 2573 4168 quae
2595 4098 2979 4153 indedimanat
3001 4100 3279 4167 qualitate.
3319 4098 3440 4151 llaec
3461 4101 3601 4152 enim
3639 4103 3688 4152 in

2125 4205 2184 4244 se
2207 4190 2340 4258 ipsis
2378 4205 2483 4243 non
2529 4191 2817 4243 imminuta
2865 4191 3166 4253 rnanentia,
3203 4191 3462 4243 continuo
3494 4192 3690 4242 habent

2129 4281 2340 4350 singula
2389 4281 2846 4334 eoncomitantem
2881 4281 2950 4334 ab
2993 4281 3126 4349 ipsis
3159 4291 3500 4335 emanantem
3533 4291 3692 4335 natu-

449 4367 550 4435 τὴν
570 4366 648 4435 τῷ
670 4365 791 4435 ἀέρι
809 4363 1186 4432 ὲντικτομένην
1212 4361 1268 4427 ἐξ
1293 4361 1468 4414 αὐτῶν
1493 4360 1736 4413 εὐωδίαν.
1757 4361 1906 4412 Ἐστι
1931 4362 2015 4412 καὶ

2127 4372 2292 4425 ralem
2324 4373 2705 4441 proprietatem
2734 4391 2746 4425 :
2773 4383 2828 4424 ut
2859 4372 2940 4426 sol
2967 4372 3184 4440 quidem
3210 4371 3444 4434 radium,
3476 4373 3694 4426 lucerna

450 4459 639 4525 ἓτερον
666 4451 801 4518 εἶδος
830 4457 977 4524 παρά
1013 4452 1183 4505 ταῦτα
1213 4454 1540 4521 γεννήσεωςο
1577 4447 1635 4504 οὗ
1667 4452 1698 4520 ἡ
1750 4451 1846 4520 μὲν
1882 4451 2026 4504 αἰτία

453 4547 614 4610 ἆῦλός
645 4548 760 4598 ἐστι
799 4545 890 4598 καὶ
931 4543 1238 4613 ἀσώματος,
1271 4545 1303 4612 ἠ
1333 4542 1388 4594 δὲ
1430 4545 1678 4612 γέννησις
1714 4544 1942 4612 αἰσθητή
1969 4560 2027 4595 τε

456 4639 550 4692 καὶ
577 4638 664 4690 διὰ
695 4637 986 4704 σωμάτων·
1024 4635 1166 4702 λέγω
1193 4634 1248 4685 δὲ
1277 4634 1366 4685 τὸν
1408 4635 1471 4684 ὲκ
1513 4634 1606 4685 τοῦ
1642 4633 1732 4686 νοῦ
1756 4634 2026 4703 γεννώμε-

367 4787 370 4790 4
457 4747 545 4783 νον
586 4729 765 4795 λόγον.
808 4725 1118 4795 Ἀσώματος
1161 4725 1268 4795 γὰρ
1317 4723 1391 4776 ὢν
1439 4722 1555 4776 καθ’
1592 4725 1781 4776 ἑαυτὸν
1821 4725 1849 4774 ὁ
1908 4724 2029 4786 νοῦς

457 4821 545 4871 διὰ
577 4819 684 4871 τῶν
713 4815 984 4884 αἰσθητῶν
1029 4815 1272 4885 ὀργάνων
1323 4815 1492 4867 τίκτει
1539 4815 1629 4866 τὸν
1680 4814 1850 4880 λόγον.
1900 4815 2032 4865 Τοσ-

461 4912 628 4973 αύτας
663 4909 964 4977 γεννήσεων
990 4906 1250 4976 διαφορὰς
1275 4903 1380 4958 οἷον
1426 4909 1480 4956 ἐν
1510 4908 1736 4976 γεννήτῇ
1765 4924 1868 4958 τινι
1900 4907 2029 4958 θεω-

465 5002 556 5072 ρίᾳ
585 5002 1012 5071 κατενοήσαμεν.

464 5093 632 5161 gignit
671 5107 1000 5146 sermonem.
1070 5088 1317 5142 Totidem

467 5187 671 5238 ratione
720 5185 1114 5253 perspeximus.

537 5282 749 5332 Τούτων
779 5279 954 5330 τοίνυν
985 5279 1092 5329 τῶν
1127 5277 1223 5344 τῆς
1254 5277 1552 5344 γεννήσεως
1604 5276 1818 5343 τρόπων
1867 5277 2034 5340 οὕτως

468 5369 593 5436 ἡμῖν
617 5367 979 5436 διῃρημένων,
1012 5365 1196 5435 καιρὸς
1227 5365 1290 5416 ἂν
1333 5363 1415 5432 εἴη
1448 5364 1679 5415 κατιδεῖν
1717 5365 1828 5426 πῶς
1861 5368 1892 5434 ὴ
1921 5367 2036 5432 φιλ-

469 5457 750 5528 άνθρωπος
795 5457 889 5508 τοῦ
931 5457 1082 5524 ἁγίου
1123 5455 1434 5522 ῐινεύματος
1478 5455 1772 5522 οἰκονομία,
1812 5456 2034 5526 παραδι-

470 5543 633 5600 δοῦσα
659 5550 726 5601 τὰ
759 5549 873 5600 (lsi:
908 5549 1175 5617 μυστήρια
1199 5547 1284 5598 διὰ
1312 5543 1418 5596 τῶν
1463 5546 1593 5614 ἡμῖν
1635 5545 1894 5616 χωρητῶν
1941 5545 2038 5615 τὴν

469 5633 808 5691 διδασκαλίαν
858 5642 1078 5691 ποιεῖται
1118 5637 1210 5707 τὴν
1240 5635 1376 5706 ὑπὲρ
1403 5634 1572 5702 λόγον.
1621 5635 1801 5687 Πάντα
1830 5637 1933 5706 γὰρ
1973 5637 2037 5687 τὰ

2105 4461 2441 4531 fulgorem:
2489 4461 2842 4516 odoramenta
2870 4476 2997 4514 vero
3046 4477 3267 4514 suavem
3312 4477 3375 4515 ex
3417 4462 3609 4530 seipsis
3643 4463 3695 4515 in

2134 4568 2258 4607 aere
2300 4552 2557 4606 diffusum
2610 4553 2810 4606 habent
2866 4552 3109 4606 odorem.
3151 4552 3351 4607 Praeter
3397 4552 3495 4606 has
3534 4554 3694 4607 etiam

2136 4644 2242 4697 alia
2287 4652 2372 4698 est
2405 4642 2772 4713 generationis
2801 4643 3030 4711 species,
3069 4643 3228 4711 cujus
3282 4644 3498 4712 quidem
3533 4659 3696 4697 causa

2137 4735 2377 4789 materiae
2417 4745 2580 4803 atque
2609 4734 2857 4803 eorpOris
2890 4741 2973 4788 est
3015 4750 3230 4803 expers,
3267 4736 3539 4804 generatio
3571 4751 3700 4789 vero

2139 4827 2358 4880 sensilis
2416 4835 2469 4879 et
2530 4841 2627 4895 per
2701 4841 2966 4895 corpora,
3013 4827 3135 4881 diro
3173 4837 3352 4881 autem
3403 4844 3468 4882 ex
3521 4835 3700 4880 mente

2137 4916 2464 4985 productum
2511 4933 2842 4971 sermonem.
2895 4916 3028 4971 Cum
3079 4919 3222 4972 enim
3264 4935 3415 4973 mens
3459 4920 3571 4988 ipsa
3607 4934 3700 4984 per

2141 5021 2198 5058 se
2231 5007 2302 5059 sit
2335 5009 2652 5075 ineorporca
2679 5025 2772 5072 per
2798 5009 3158 5063 instrumenta
3186 5028 3404 5066 sensum
3430 5009 3698 5062 moventia

1405 5089 1812 5156 generationum
1892 5091 2229 5152 differentias
2277 5100 2442 5153 insita
2498 5100 2733 5169 quadam
2783 5111 2944 5171 atque
3007 5103 3245 5173 ingenita
3300 5099 3701 5167 contemplandi

2215 5281 2310 5336 llis
2352 5283 2516 5352 igitur
2539 5285 2908 5351 generationis
2943 5287 3117 5338 modis
3152 5289 3231 5337 sic
3263 5301 3290 5336 a
3329 5285 3484 5337 nobis
3509 5285 3703 5342 distin-

2142 5374 2244 5426 ctis
2277 5413 2292 5433 ,
2365 5382 2576 5442 tempus
2622 5374 2733 5442 jam
2783 5374 2942 5428 fuerit
2997 5374 3389 5442 conspicit-udi,
3431 5381 3704 5441 quomodo

2145 5466 2402 5519 benevola
2435 5467 2486 5517 in
2523 5467 2798 5519 hominum
2826 5481 2998 5534 genus
3033 5464 3267 5533 Spiritus
3290 5468 3462 5520 sancti
3485 5467 3704 5538 tliSpen-

2143 5555 2284 5604 satio
2325 5553 2482 5606 nobis
2518 5569 2612 5621 per
2663 5568 2724 5605 ea
2766 5568 2884 5618 qua:
2929 5566 3123 5619 capere
3182 5565 3473 5618 possumus
3523 5553 3703 5610 divina

2144 5643 2365 5698 tradens
2392 5643 2667 5712 mysteria,
2693 5642 2834 5695 thL‘ll
2852 5641 2995 5694 inam
3021 5642 3166 5696 omni
3197 5659 3438 5701 sermone
3460 5645 3702 5713 supcrLo-
