4068 6148
342 216 452 276 501

1580 209 1637 260 S.
1665 205 1991 263 GREGORH
2016 205 2309 261 NYSSEM

3487 198 3590 253 508

338 348 454 386 rem
481 331 703 403 praebet.
729 327 935 383 Omnes
959 327 1103 381 enim
1132 326 1500 396 generationis
1529 325 1757 392 species,
1785 339 1919 391 quas

2038 326 2119 393 τῆς
2148 326 2451 393 γεννήσεως
2487 321 2619 391 εἴδη,
2653 321 2808 389 δσαὴ
2842 317 3151 390 ἀνθρωπίνη
3195 316 3448 384 γινώσκει
3482 316 3596 370 διά-

336 424 578 476 humana
615 419 901 488 cognoscit
942 417 1321 484 intelligentia,
1357 415 1623 467 divinitus
1658 413 1918 479 inspirata

341 519 589 573 doctrina
632 514 698 567 ad
730 511 1022 567 iueﬁ‘abilis
1058 511 1313 581 potentia:
1369 506 1916 568 demonstrationem,

341 606 622 677 corporeis
656 603 939 657 nominum
967 600 1460 671 signiﬁcationibus
1492 599 1730 656 omissis.
1764 612 1920 650 assu-

343 696 461 751 mit.
496 694 631 749 Cum
663 694 808 763 enim
844 691 910 746 de
941 690 1179 760 potentia
1214 686 1516 742 conditriee
1547 694 1602 738 et
1659 685 1919 741 creati-ire

343 789 605 858 loquitur,
652 784 1055 856 generationem
1106 791 1251 835 certe
1294 781 1539 834 nominat
1591 779 1697 831 vim
1753 779 1915 830 talem

342 877 631 937 eﬂiciendi,
666 876 794 944 quia
831 881 1081 942 oporteat
1121 885 1425 925 sermonem
1460 868 1526 921 ad
1572 867 1827 920 humilem
1867 874 1921 919 et

344 965 680 1021 imbecillum
715 970 934 1031 captum
987 967 1185 1014 nostrae
1215 958 1492 1012 facultatis
1526 967 1579 1012 et
1609 956 1920 1025 intelligen-

344 1058 434 1111 tiae
469 1054 822 1109 descendere.
875 1050 989 1104 Non
1022 1050 1241 1119 quidem
1292 1048 1473 1101 omnia
1501 1061 1622 1116 quae
1650 1045 1792 1115 apud
1822 1058 1921 1097 nos

344 1162 467 1201 cum
488 1145 840 1217 generatione
870 1141 1001 1211 quid
1013 1144 1154 1209 piam
1181 1145 1459 1192 astruente
1482 1136 1915 1206 conspiciuntur,

353 1241 775 1300 commonstrat,
800 1248 908 1286 non
933 1233 1134 1296 loeum,
1157 1245 1267 1283 non
1292 1237 1525 1298 tempus,
1549 1245 1656 1283 non
1680 1228 1922 1282 materiae

345 1326 819 1398 praeparationem,
851 1339 958 1377 nor.
998 1324 1485 1377 instrumentorum
1517 1320 1918 1390 cognationem,

346 1433 457 1473 non
490 1431 712 1487 scopum
746 1416 803 1468 in
848 1429 1013 1483 quem
1050 1427 1171 1482 qme
1194 1418 1501 1466 nascuntur
1532 1412 1759 1466 tendunt
1786 1429 1799 1463 :
1829 1410 1920 1464 sed

308 1572 311 1573 ν
346 1510 463 1564 haec
494 1508 652 1562 nobis
685 1506 974 1576 cogitanda
1007 1504 1342 1573 relinquens,
1375 1503 1659 1572 magniﬁce
1683 1512 1734 1556 et
1761 1502 1925 1555 subli-

346 1601 508 1654 miter
528 1614 715 1653 eorum
748 1612 869 1666 quae
909 1603 1037 1649 sunt
1067 1595 1472 1666 generationem
1506 1592 1615 1648 Deo
1647 1594 1919 1659 attribuit,

349 1690 405 1744 in
452 1689 653 1758 quibus
700 1689 918 1751 asserit,
971 1685 1092 1755 Ipse
1145 1685 1300 1749 dixit,
1338 1694 1384 1737 et
1427 1685 1570 1751 [acta
1611 1694 1755 1744 sunt,
1810 1684 1919 1751 ipse

350 1779 621 1833 ntandavit
657 1788 706 1833 et
738 1787 917 1831 creata
948 1784 1069 1829 sunt
1096 1776 1161 1828 ³¹.
1204 1773 1417 1828 Rursus
1458 1788 1581 1827 cum
1626 1774 1921 1840 inexplica-

347 1870 510 1925 bilem
550 1881 713 1939 atque
766 1884 872 1923 non
928 1866 1290 1922 enarrabilem
1338 1863 1609 1936 Unigeniti
1654 1879 1721 1918 ex
1761 1862 1924 1917 Patre

349 1962 722 2018 exsistentiam
749 2002 762 2026 ,
798 1976 918 2029 quze
961 1940 1177 2013 omnem
1221 1958 1484 2012 rationem
1529 1965 1582 2011 et
1623 1956 1922 2010 orationem

352 2053 645 2107 humanam
676 2058 988 2121 exsuperat,
1014 2050 1258 2117 exponit,
1287 2050 1415 2115 quia
1448 2047 1684 2100 humana
1721 2046 1926 2101 mendi-

352 2144 491 2200 citas
542 2154 598 2198 et
642 2154 855 2213 egestas
901 2141 1354 2197 documentorum
1403 2154 1525 2207 quae
1569 2154 1823 2193 sermone
1875 2147 1930 2191 et

354 2236 711 2305 intelligentia
753 2234 990 2288 humana
1046 2233 1201 2300 longe
1240 2238 1367 2284 sunt
1412 2230 1728 2284 sublimiora
1760 2236 1815 2282 et
1850 2228 1929 2281 al—

353 2326 517 2388 tiora,
565 2340 735 2395 capax
780 2340 888 2379 non
931 2330 1035 2385 est,
1077 2323 1190 2376 illic
1239 2321 1443 2377 nostris
1477 2320 1657 2374 verbis
1689 2334 1788 2373 usa
1824 2328 1927 2381 est,

354 2428 523 2483 seque
554 2423 753 2468 nostrae
783 2411 1070 2482 capacitati
1099 2408 1497 2471 accommodat,
1529 2417 1580 2461 et
1607 2406 1799 2459 Filium
1832 2420 1931 2459 no-

355 2506 550 2568 minat,
601 2505 744 2574 quod
781 2503 925 2573 apttd
966 2517 1069 2555 nos
1092 2499 1433 2556 consuetudo
1469 2514 1668 2553 nomen
1697 2504 1924 2566 usurpat

354 2600 424 2655 de
458 2614 518 2653 re
547 2613 608 2652 ea
638 2610 758 2665 quae
799 2610 863 2649 ex
899 2595 1127 2647 materia
1158 2592 1481 2645 naturaliter
1520 2591 1779 2659 gignitur.
1823 2587 1931 2643 Sed

361 2686 822 2761 quemadmodum
843 2684 1249 2753 generationem
1272 2698 1368 2751 per
1383 2681 1714 2736 creationem
1738 2678 1933 2733 laetam

357 2796 481 2837 cum
530 2777 667 2831 dixit
698 2789 877 2830 sermo
914 2774 1156 2834 divinus.
1203 2774 1350 2839 quod
1402 2789 1466 2827 ex
1499 2772 1732 2842 quadam
1767 2778 1933 2823 mate-

357 2874 439 2927 ria
462 2872 579 2940 ipsa
617 2868 756 2921 facta
781 2874 884 2927 est,
922 2881 1030 2919 non
1063 2865 1316 2934 apposuit
1338 2863 1578 2918 materiae
1608 2860 1933 2923 essentiam,

1957 1660 2050 1713 Br

2020 436 2158 478 νοια,
2195 419 2226 486 ή
2261 416 2615 475 θεόπνευστος
2642 410 2955 465 διδασκαλία
3002 409 3139 479 πρὸς
3182 407 3279 477 τὴν
3314 406 3598 477 παράστα-

2023 526 2105 560 σιν
2146 509 2245 576 τῆς
2290 507 2526 577 ἀρρήτου
2567 504 2845 572 δυνάμεως
2890 498 3326 570 παραλαμϐάνει,
3361 497 3422 549 οὑ
3457 512 3597 565 συμ-

2022 598 2436 668 παραδεχομένη
2481 595 2580 659 τὰς
2621 592 2936 663 σωματικάς
2977 590 3085 643 τῶν
3123 588 3401 659 ὀνομάτων
3430 587 3600 656 ἐμφά-

2023 707 2152 751 σεις.
2188 691 2352 741 Ὅταν
2402 687 2499 757 μὲν
2530 685 2638 756 γὰρ
2683 684 2810 755 περὶ
2840 683 2938 752 τῆς
2978 677 3484 745 κατασκευαστικῆς
3512 676 3600 728 λέ-

2020 798 2105 849 γει
2139 781 2439 849 δυνάμειιις,
2486 780 2734 847 γέννησιν
2783 776 2879 845 μὲν
2923 773 3175 842 ὀνομάζει
3212 772 3309 840 τὴν
3346 769 3599 840 τοιαύτην

2022 874 2316 943 ἐνέργειαν,
2340 870 2428 923 διὰ
2453 871 2515 922 τὸ
2539 870 2645 921 δεῖν
2677 868 2810 938 πρὸς
2834 867 2893 919 τὺ
2922 864 3171 918 ταπεινὸν
3197 864 3294 934 τῆς
3326 861 3601 932 ἡμετέρας

2020 965 2301 1034 δυνάμεως
2326 962 2622 1031 καταϐῆναι
2644 960 2730 1012 τὸν
2751 958 2922 1026 λόγον.
2945 957 3019 1010 Οὑ
3046 957 3150 1027 μὴν
3168 954 3599 1007 συνενδείκνυται

2020 1059 2087 1111 τά
2124 1059 2224 1111 ὅσα
2254 1056 2383 1123 παρ’
2409 1056 2540 1124 ἡμῖν
2575 1055 2640 1123 τῇ
2683 1048 3153 1118 κατασκευαστικῇ
3186 1046 3435 1115 γεννήσει
3478 1058 3602 1094 σύν-

2021 1151 2323 1220 θεωρεῖται,
2345 1147 2404 1200 ού
2425 1146 2608 1209 τόπον,
2631 1143 2689 1196 οὑ
2715 1141 2924 1212 χρόνον.
2946 1140 3044 1208 οὑχ
3067 1137 3196 1206 ὕλης
3226 1133 3602 1203 παρασκευὴν.

2021 1241 2120 1293 οὑκ
2148 1238 2393 1309 ὀργάνων
2429 1235 2765 1305 συγγένειαν,
2800 1232 2861 1284 οὑ
2908 1230 2998 1282 τὸν
3041 1229 3131 1281 ἐπὶ
3162 1229 3275 1289 τοῖς
3302 1224 3602 1295 γινομένοις

2024 1329 2223 1381 σκοπόν
2242 1347 2254 1360 ο
2291 1326 2426 1380 ἀλλὰ
2458 1325 2630 1378 ταῦτα
2659 1325 2791 1394 ἡμῖν
2823 1318 3213 1378 καταλιποῦσα,
3252 1315 3603 1386 μεγαλοφυῶς

2023 1434 2081 1470 τε
2109 1418 2200 1470 καὶ
2232 1415 2448 1486 ὑψηλῶς
2474 1413 2551 1483 τῷ
2578 1411 2694 1482 Θεῷ
2725 1409 3137 1482 προσμαρτυρεῖ
3164 1406 3270 1460 τῶν
3311 1404 3478 1458 ὄντων
3506 1404 3602 1472 τὴν

2024 1509 2252 1577 γένεσιν,
2288 1509 2343 1558 ἐν
2373 1500 2451 1568 οἷς
2480 1522 2641 1573 φησιν
2670 1503 2749 1555 ὄτι
2778 1499 2970 1564 Αὐτὸς
3005 1496 3133 1552 εἷπε
3177 1496 3275 1551 καὶ
3321 1496 3600 1566 ἐγενήθη-

2026 1616 2166 1662 σαν,
2226 1599 2407 1661 αὑτὰς
2456 1596 2789 1649 ἐνετείλατο
2845 1592 2943 1647 καὶ
2994 1593 3385 1657 ἐκτίσθησαν.
3431 1588 3601 1642 Πάλιν

2025 1692 2150 1744 ὅταν
2184 1691 2280 1760 τὴν
2311 1686 2619 1759 ἀπόρῤητόν
2658 1703 2715 1738 τε
2746 1686 2839 1738 καὶ
2874 1685 3011 1754 ὑπὲρ
3054 1682 3209 1751 λόγον
3237 1680 3330 1733 τοῦ
3363 1680 3604 1745 Μονογε-

2022 1782 2144 1845 νοῦς
2176 1784 2239 1834 ὲκ
2266 1781 2358 1833 τοῦ
2394 1779 2603 1847 [ἰατρὸς
2642 1776 2871 1847 ὓπαρξιν
2909 1772 3204 1846 ἐρμηνεύῃ,
3245 1771 3330 1825 διά
3364 1770 3422 1823 τδ
3456 1767 3602 1837 ἀχώ-

2030 1889 2191 1944 ρητον
2221 1867 2357 1923 εἶναι
2387 1869 2483 1938 τὴν
2527 1867 2870 1938 ἀνθρωπίνην
2910 1863 3179 1934 πτωχείαν
3218 1861 3325 1913 τῶν
3356 1861 3493 1928 ὑπὲρ
3527 1860 3610 1911 λόο

2025 1982 2119 2032 γον
2148 1981 2207 2015 τε
2231 1962 2322 2014 καὶ
2358 1960 2559 2013 ἔννοιαν
2588 1957 2950 2027 διδαγμάτων,
2980 1956 3139 2008 κάκεῖ
3167 1955 3276 2015 τοῖς
3319 1952 3606 2023 ἡμετέροις

2030 2056 2416 2126 συγκέχρηται,
2466 2053 2559 2106 καὶ
2598 2052 2723 2104 Υἱὸν
2778 2047 3063 2118 ὀνομάζει,
3105 2047 3241 2116 ὅπερ
3291 2045 3419 2115 παρ’
3476 2045 3606 2113 ἡμῖν

2031 2146 2285 2216 συνήθεια
2319 2148 2428 2207 τοῖς
2463 2143 2570 2197 ἀπὸ
2610 2142 2739 2210 ὕλης
2777 2140 2871 2193 καὶ
2916 2140 3127 2207 φύσεως
3168 2135 3609 2205 ἀποτικτομένοις

2029 2237 2197 2306 ὄνομα
2222 2234 2444 2290 τίθεται.
2487 2231 2622 2283 Ἀλλ’
2653 2230 2839 2298 ὥσπερ
2864 2229 2961 2298 τὴν
2994 2227 3082 2280 διὰ
3109 2227 3204 2295 τῆς
3230 2224 3459 2286 κτίσεως
3488 2223 3612 2289 γέν-

2031 2343 2184 2397 νησιν
2223 2324 2391 2378 εἰπὼν
2438 2326 2466 2377 ὁ
2513 2323 2668 2389 λόγος
2718 2317 2806 2373 ἐπὶ
2846 2318 3001 2384 Θεοῦ,
3049 2318 3127 2388 τῷ
3165 2317 3253 2371 διά
3291 2332 3433 2378 τινος
3479 2314 3609 2383 ὕλης

2032 2415 2279 2485 γενέσθαι
2302 2413 2489 2483 αὑτὴν,
2514 2413 2575 2464 οὑ
2608 2409 2943 2481 προσέθηκεν
2962 2408 3149 2461 οὑσίαν
3175 2406 3307 2476 ὑλης
3330 2405 3425 2458 καὶ
3452 2405 3613 2457 τόπον

2034 2509 2128 2561 καὶ
2158 2508 2365 2577 χρόνον,
2402 2504 2493 2557 καὶ
2524 2503 2698 2556 πάντα
2737 2502 2805 2554 τὰ
2842 2500 3083 2561 τοιαῦτα,
3108 2500 3205 2569 τὴν
3242 2496 3334 2550 τοῦ
3361 2494 3494 2549 Θεοῦ
3529 2495 3618 2547 θε-

2034 2601 2273 2671 λήματος
2318 2594 2456 2651 εἶναι
2506 2596 2733 2666 δύναμιν
2785 2594 3229 2662 ἀποφηνάμενος·
3285 2590 3460 2652 οὕτως
3522 2589 3618 2641 καὶ

2036 2691 2267 2745 ἐνταῦθα
2308 2691 2434 2743 Υἰὸν
2476 2687 2661 2751 εἰπὼν,
2692 2687 2870 2756 ἀφῆκε
2913 2685 3089 2738 πάντα
3131 2682 3200 2737 τά
3239 2698 3297 2735 τε
3340 2680 3477 2735 ἄλλα
3517 2682 3621 2735 ὅσα

2041 2784 2170 2854 περὶ
2211 2784 2309 2853 τὴν
2352 2782 2500 2835 κάτω
2542 2781 2792 2849 γέννησιν
2838 2780 2870 2848 ἡ
2920 2776 3231 2847 ἀνθρωπίνη
3279 2774 3439 2845 φύσις
3482 2778 3618 2845 ὀρᾷ,

2044 2874 2190 2943 πάθη
2232 2891 2290 2925 τε
2334 2870 2593 2941 λέγωκαὶ
2628 2869 2912 2930 διαθέσεις,
2952 2867 3045 2919 καὶ
3080 2866 3178 2937 τὴν
3208 2866 3273 2918 ἐκ
3303 2863 3396 2918 τοῦ
3427 2865 3621 2935 χρόνου

358 2960 540 3019 locum
605 2965 660 3014 et
701 2967 916 3026 tempus
959 2964 1012 3012 et
1045 2964 1236 3010 caetera
1293 2970 1415 3024 qua:
1468 2965 1598 3009 sunt
1646 2951 1932 3020 ejusmodi,

2045 2965 2380 3036 συνέργειαν,
2411 2962 2502 3014 καὶ
2528 2962 2626 3031 τὴν
2653 2959 2745 3013 τοῦ
2770 2958 2933 3011 τόπου
2962 2957 3169 3027 χρείαν,
3218 2956 3312 3009 καὶ
3356 2956 3459 3025 πρὸ
3488 2955 3624 3008 πάν-

360 3051 667 3110 voluntatis
718 3048 810 3104 Dei
858 3065 981 3104 esse
1026 3049 1280 3101 virtutem
1328 3046 1661 3102 declarando
1707 3061 1721 3098 :
1760 3044 1840 3097 sic
1884 3051 1939 3095 et

359 3150 453 3206 hic
500 3148 693 3201 Filium
739 3161 863 3201 cum
911 3144 1072 3201 dixit.
1118 3142 1304 3197 omisit
1351 3140 1534 3194 omnia
1563 3138 1677 3202 alia
1712 3150 1832 3204 quae
1885 3133 1938 3185 in

363 3240 714 3311 generatione
748 3237 934 3292 inﬁma
960 3236 1200 3289 humana
1235 3239 1429 3287 natura
1458 3229 1666 3283 cernit:
1700 3225 1940 3279 aﬁ'ectio-

364 3350 463 3389 nes
501 3333 625 3389 dico
667 3341 722 3387 et
763 3329 1185 3399 dispositiones,
1216 3332 1378 3392 atque
1408 3337 1474 3374 ex
1520 3330 1765 3387 tempore
1811 3331 1941 3370 eon-

358 3404 674 3479 currentem
715 3419 1110 3490 operationem,
1179 3412 1394 3479 locique
1462 3421 1644 3466 usum,
1705 3414 1757 3458 et
1815 3412 1940 3457 ante

362 3516 544 3570 omnia
571 3512 877 3570 materiam,
916 3507 1035 3561 sine
1066 3503 1268 3573 quibus
1299 3499 1553 3553 omnibus
1592 3494 1818 3550 inferior
1847 3509 1943 3563 ge-

364 3604 579 3661 neratio
622 3598 884 3655 naturalis
930 3595 1153 3650 minime
1197 3592 1546 3665 consisteret.
1588 3588 1746 3643 Omni
1779 3587 1943 3657 igitur

365 3693 639 3750 materiali
693 3699 746 3745 et
801 3686 963 3741 locali
995 3682 1234 3739 essentia
1289 3683 1341 3734 in
1374 3679 1496 3733 Filii
1544 3678 1943 3747 signiﬁcatione

367 3802 481 3842 non
509 3781 920 3851 comprehensa,
955 3776 1069 3832 sola
1102 3774 1397 3829 subrclieta
1432 3780 1514 3825 est
1552 3782 1768 3824 natura.
1792 3770 1944 3825 Ideo-

368 3892 478 3948 que
508 3874 628 3929 Filii
672 3888 834 3937 voce,
876 3867 1019 3939 quod
1065 3866 1344 3936 proprium
1395 3871 1480 3917 est
1528 3872 1581 3915 et
1625 3876 1940 3931 germanum

368 3963 823 4022 demonstrationi
855 3974 978 4029 quae
1019 3973 1084 4010 ex
1117 3954 1277 4007 Patre
1307 3961 1389 4007 est
1426 3952 1479 4005 in
1521 3950 1945 4019 Unigenito,ex-

369 4059 639 4131 plicetur;
676 4068 741 4108 ac
760 4052 1016 4122 quoniam
1040 4045 1307 4115 ejusmodi
1333 4042 1701 4113 generationis
1736 4042 1946 4111 species

367 4164 482 4206 non
529 4147 666 4203 satis
701 4146 858 4214 plene
888 4147 1102 4210 poterat
1133 4138 1291 4191 nobis
1337 4133 1696 4189 sufﬁcientem
1730 4133 1949 4186 inenar-

369 4238 561 4293 rabilis
576 4229 1192 4304 Unigcniticxsistenlia:
1204 4225 1581 4295 cogitationem
1598 4222 1913 4292 iugenerare
1928 4241 1942 4278 :

2040 3074 2147 3109 των
2176 3057 2272 3125 τὴν
2301 3055 2451 3124 ὓλην,
2481 3048 2554 3105 ὧν
2580 3053 2706 3104 ἄνευ
2742 3050 2957 3103 πάντων
3004 3048 3035 3118 ἡ
3080 3047 3231 3101 κάτω
3274 3046 3524 3117 γέννησις
3559 3047 3624 3099 ὲκ

2040 3149 2138 3217 τῆς
2165 3146 2378 3215 φύσεως
2425 3145 2485 3196 οὑ
2519 3142 2848 3195 συνίσταται.
2891 3141 3076 3207 Πάσης
3119 3138 3176 3190 δὲ
3220 3138 3322 3208 τῆς
3368 3137 3625 3205 τοιαύτης

2043 3236 2232 3305 ὑλικῆς
2263 3253 2323 3288 τε
2360 3234 2453 3287 καὶ⁹
2478 3232 2912 3304 διαστηματικῆς
2938 3230 3010 3301 μὴ
3045 3227 3618 3300 συμπαραλειφθείσης

2044 3330 2101 3381 ἐν
2140 3329 2204 3397 τῇ
2245 3325 2337 3379 τοῦ
2372 3324 2503 3378 Υἱοῦ
2540 3325 2783 3395 capacia
2825 3324 3011 3386 οὐσίας
3037 3339 3050 3352 ·
3086 3322 3218 3391 μόνη
3258 3319 3552 3390 ὑπελείφθη
3587 3321 3621 3389 ἡ

2045 3419 2223 3488 φύσις.
2270 3419 2375 3470 Καὶ
2412 3418 2500 3471 διὰ
2540 3417 2695 3469 τοῦτο
2739 3419 2803 3487 τῇ
2850 3414 2943 3469 τοῦ
2978 3414 3104 3466 Υἱοῦ
3147 3415 3296 3482 φωνῇ
3338 3411 3399 3464 τὸ
3430 3412 3626 3463 οἰκεῖον

2044 3508 2137 3559 καὶ
2165 3507 2384 3576 γνήσιον
2420 3506 2516 3575 τῆς
2570 3507 2633 3557 ὲκ
2676 3503 2769 3557 τοῦ
2804 3502 3013 3575 Πατρὸς
3047 3501 3364 3565 ἀναδείξεως
3397 3501 3487 3553 ἐπὶ
3529 3499 3627 3551 τοῦ

2043 3597 2377 3665 Μονογενοῦς
2416 3595 2795 3667 ἑρμηνεύεται.
2850 3595 2958 3647 Καὶ
3003 3592 3188 3663 ἐπειδὴ
3218 3594 3316 3662 οὑχ
3351 3591 3533 3643 ίκανδν
3561 3586 3629 3660 ἦν

2045 3688 2102 3739 τὸ
2133 3687 2370 3739 τοιοῦτον
2408 3686 2507 3753 τῆς
2541 3686 2842 3755 γεννήσεως
2875 3679 3011 3745 εἶδος
3060 3681 3333 3751 ἀρκοῦσαν
3367 3681 3500 3749 ἡμῖν
3532 3680 3630 3747 ἐμ-

2047 3783 2265 3851 ποιῆσαι
2301 3781 2399 3849 τῆς
2426 3780 2662 3851 ἀρρήτου
2704 3778 2797 3831 τοῦ
2848 3775 3185 3844 Move-{svo};
3218 3773 3505 3844 ὑπάρξεως
3530 3772 3630 3842 τὴν

2048 3870 2364 3941 φαντασίαν,
2400 3868 2903 3939 συμπεριλαμϐάνει
2946 3868 3036 3920 καὶ
3078 3867 3137 3918 τὸ
3166 3866 3351 3935 ἕτερον
3385 3864 3484 3932 τῆς
3511 3879 3629 3929 γεν-

2046 3964 2254 4031 νήσεως
2279 3957 2413 4023 εἶδος
2459 3958 2593 4029 πρὸς
2626 3957 2895 4029 σημασίαν
2927 3961 3025 4028 τῆς
3044 3957 3134 4009 τοῦ
3170 3955 3293 4008 Υἱοῦ
3329 3954 3628 4021 θεολογίας,

2047 4052 2108 4103 τὸ
2157 4054 2220 4103 ὲκ
2255 4051 2349 4119 τῆς
2384 4050 2570 4118 ὑλικῆς
2601 4048 2917 4122 ἀπορροίας,
2956 4047 3048 4099 καί
3091 4044 3631 4115 φησινἈπαύγασμα

2047 4138 2221 4208 δόξης,
2255 4137 2348 4191 καὶ
2373 4137 2574 4206 Ὸσμὴν
2609 4137 2800 4205 μύρον,
2838 4141 2925 4188 καὶ
2965 4134 3186 4204 Ἀτμίδα
3215 4132 3370 4197 Θεοῦ,
3399 4133 3542 4202 ἆπερ
3577 4134 3633 4183 ἐν

2049 4231 2115 4297 τῇ
2167 4227 2447 4297 ἐκτεθείσῃ
2494 4228 2623 4297 παρ’
2670 4227 2822 4296 ἡμῶν
2881 4226 3191 4296 τεχνολογέα
3238 4227 3269 4295 ὴ
3319 4225 3442 4277 καθ’
3487 4225 3631 4293 ἡμᾶς

370 4328 596 4381 alteram
662 4320 1033 4393 generationis
1082 4319 1322 4387 speciem
1377 4315 1444 4367 ad
1484 4314 1601 4367 Filii
1639 4316 1923 4383 siguiliean

2054 4318 2307 4387 συνήθεια
2336 4318 2524 4387 ὑλικήν
2552 4320 2845 4387 άπὸῤῥοιαν
2876 4317 3148 4386 ὀνομάζει.

371 4422 501 4471 tiam
551 4417 784 4473 assumit
824 4412 1120 4479 theologia,
1166 4410 1287 4478 ejus
1355 4423 1549 4475 nempe
1609 4424 1729 4477 qua:
1816 4427 1889 4469 ex
1967 4410 2233 4465 materiali
2282 4414 2623 4463 etuaualiozte
2678 4419 2915 4475 cmtstat;
2975 4408 3215 4461 et'dirit
3278 4405 3633 4474 Splendorem

371 4511 591 4577 εισι-ἰαὶ,
640 4508 873 4563 Odorem
924 4505 1208 4575 unguenti,
1279 4511 1332 4556 et
1378 4500 1642 4571 Vaporem
1698 4502 1825 4569 Dei,
1874 4522 1993 4573 qure
2066 4504 2283 4574 quidem
2334 4506 2386 4558 in
2450 4505 2695 4574 exposita
2755 4520 2784 4557 a
2837 4506 2996 4558 nobis
3057 4490 3352 4555 artiﬁciosa
3408 4517 3637 4571 genera-

370 4603 540 4657 tionis
576 4601 931 4654 distinctione
978 4599 1324 4650 consuetudo
1383 4603 1567 4646 nostra
1608 4595 1942 4647 materialem
1986 4598 2385 4649 emanatiouetn
2439 4594 2706 4647 nominat.

448 4694 553 4749 Sed
582 4691 1037 4762 quemadmodqu
1073 4691 1125 4743 in
1156 4688 1446 4758 pnedictis,
1482 4704 1655 4756 neque
1684 4697 1953 4743 creatura:

375 4784 676 4856 generatio,
710 4798 885 4851 neque
932 4781 1051 4835 Filii
1090 4779 1436 4850 signiﬁcatio,
1469 4779 1550 4833 vel
1578 4787 1813 4849 tempus,
1871 4784 1953 4833 vel

376 4870 684 4932 materiam,
717 4870 797 4923 vel
822 4873 1019 4929 locum,
1052 4870 1134 4921 vel
1165 4868 1507 4922 aﬁectionetn
1537 4877 1952 4934 commonstrat,

377 4966 459 5017 sic
486 4968 540 5015 et
569 4960 658 5013 hic
709 4959 856 5011 omni
892 4958 1158 5010 materiali
1190 4954 1409 5011 notione
1447 4959 1837 5025 pmtermissa,
1868 4975 1957 5013 so-

377 5053 485 5105 lam
542 5050 852 5119 splendoris
910 5058 964 5102 et
1012 5049 1346 5116 reliquorum
1411 5059 1955 5103 commemoratorum

379 5141 858 5213 signiﬁcationem,
880 5138 1021 5207 qucd
1052 5137 1158 5190 Deo
1181 5140 1435 5190 decorum
1462 5146 1544 5193 cst
1572 5148 1624 5192 et
1657 5139 1750 5193 tali
1780 5141 1962 5209 specie

380 5232 753 5300 generationis
783 5230 1032 5297 dignum,
1074 5244 1244 5281 sacrm
1269 5226 1561 5296 Scriptum
1598 5244 1779 5282 sermo
1808 5244 1962 5284 assu-

382 5336 536 5377 mens
569 5321 847 5377 ostendit:
880 5321 1024 5389 quod
1070 5326 1310 5387 oporteat
1363 5334 1428 5371 ex
1456 5319 1575 5387 ipso
1607 5327 1807 5372 etcum
1843 5321 1961 5388 ipso

383 5411 571 5466 eodem
637 5413 798 5467 modo
826 5429 919 5483 per
956 5414 1092 5465 hanc
1124 5411 1378 5464 dictionis
1413 5410 1576 5477 hujus
1609 5409 1962 5479 signiﬁcatio-

469 5590 507 5619 “
560 5586 698 5639 Psal.
729 5602 949 5651 cum“,
986 5591 1041 5642 ὅ.

2147 4690 2284 4743 Ἀλλ’
2336 4689 2526 4761 ὦσπερ
2558 4694 2615 4744 ἐν
2653 4693 2767 4753 τοῖς
2809 4691 3263 4762 προειρημένοις,
3301 4686 3424 4741 οὕτε
3459 4690 3493 4759 ἠ
3539 4689 3639 4757 τῆς

2063 4775 2292 4838 κτίσεως
2322 4775 2594 4843 ἰ’ἐννητις,
2631 4775 2754 4829 οὔτε
2785 4779 2816 4845 ἡ
2852 4775 2942 4829 τοῦ
2973 4776 3104 4829 Υίοῦ
3141 4776 3408 4847 σημασία,
3443 4777 3475 4847 ἢ
3513 4778 3639 4848 χρό‹

2065 4885 2172 4925 νεν,
2206 4867 2237 4936 ἢ
2271 4865 2477 4936 ὑλην,ἣ
2511 4868 2691 4925 τύπον,
2723 4867 2754 4938 ἧ
2783 4868 2952 4929 πάθος
2980 4866 3444 4938 συμπαρεδέξατο,
3468 4866 3642 4931 οὓτως

2065 4958 2157 5010 καὶ
2188 4957 2418 5010 ἐνταῦθα
2444 4959 2621 5030 πάσης
2642 4960 2741 5028 τῆς
2767 4960 2950 5029 ὑλικῆς
2980 4961 3188 5022 ἑννοίας
3216 4961 3313 5030 τὴν
3346 4960 3440 5012 τοῦ
3462 4961 3640 5013 ἀπαύα

2067 5049 2372 5118 γάσματος,
2412 5051 2632 5103 καὶτῶν
2665 5051 2868 5104 λοιπῶν
2904 5050 3010 5102 τῶν
3042 5049 3523 5121 μνημονευθέντων
3548 5068 3638 5121 cr,-

2071 5140 2270 5210 μασίαν
2311 5142 2499 5209 μόνην.
2531 5143 2587 5194 τὸ
2622 5142 2921 5209 θεοπρεπὲς
2945 5141 3039 5193 τοῦ
3065 5141 3303 5193 τοιούτου
3327 5142 3429 5211 τῆς
3452 5144 3646 5209 γεννή-

2071 5249 2205 5294 σεως
2234 5233 2403 5295 εἴδους
2433 5235 2459 5285 ὀ
2487 5233 2641 5299 λόγος
2668 5232 3001 5303 παραλαϐὼν
3043 5233 3375 5286 ἐνδείκνυται
3397 5252 3409 5261 '
3448 5234 3506 5285 τὸ
3530 5234 3644 5288 δεῖν

2069 5323 2127 5386 ἐξ
2153 5323 2321 5376 αὑτοῦ
2367 5341 2424 5377 τε
2466 5326 2556 5376 καὶ
2589 5326 2703 5393 μετ’
2746 5325 2908 5377 αὑτοῦ
2953 5325 3092 5377 κατὰ
3130 5325 3328 5379 ταυτὸν
3363 5325 3596 5377 νοεῖσθαι
3622 5365 3637 5383 ,

2069 5413 2153 5464 διὰ
2182 5415 2279 5483 τῆς
2311 5415 2450 5467 κατὰ
2476 5416 2574 5485 τὴν
2607 5415 2749 5479 λέξιν
2790 5415 2987 5485 ταύτην
3019 5418 3323 5484 ἐμφάσεως.
3362 5415 3495 5469 03::
3530 5418 3640 5484 γάρ
