4054 6150
360 262 467 321 509

1499 267 1778 321 CONTRA
1819 267 2206 335 EUNOMIUM,
2248 269 2375 323 LIB.
2410 269 2479 323 ll.

3515 274 3617 331 510

360 381 394 448 ἡ
435 377 603 449 ἀτμὶς
634 377 731 449 τὴν
769 379 851 443 είς
882 379 1016 450 ἀέρα
1049 380 1293 450 διάχυσιν
1325 383 1388 434 ὲκ
1434 383 1534 452 τῆς
1569 385 1924 455 ὑποκειμένης

2037 402 2159 441 nent
2191 388 2443 457 intelligi.
2496 386 2680 458 Neque
2743 389 2888 443 enim
2916 403 3080 459 vapor
3133 389 3481 448 dimisionem
3522 409 3620 462 per

360 469 491 537 ὕλης
515 469 838 539 παρίστησιν
865 486 875 493 ’
902 469 1021 523 οὔτε
1055 474 1087 541 ή
1124 472 1265 543 ὀσμὴ
1294 473 1389 544 τὴν
1419 476 1484 525 ἐκ
1512 475 1610 545 τῆς
1646 476 1925 547 ποιότητος

358 562 454 617 τοῦ
486 562 659 632 μύρου
683 562 974 639 γινομένην
999 563 1133 631 πρὸς
1158 564 1246 616 τὸν
1271 565 1408 636 ἀέρα
1437 568 1782 635 μετάστασιν·
1810 566 1933 621 οὔτε

358 656 420 709 τὸ
462 654 801 723 ἀπαύγασμα
840 654 936 724 τὴν
981 655 1075 707 τοῦ
1124 656 1346 724 ἡλιακοῦ
1400 657 1650 726 σώματος
1694 660 1780 713 διὰ
1827 661 1933 714 τῶν

358 746 592 802 ἀκτίνων
622 748 917 816 γενομένην
944 748 1262 817 ἀπόρροιαν.
1309 750 1466 804 ’Λλλά
1495 751 1652 805 τοῦτο
1677 753 1834 822 μόνον
1869 757 1933 807 ὲκ

359 839 600 902 πάντων,
622 836 807 900 καθὼς
830 839 1165 909 εῖρηται,διά
1194 839 1287 893 τοῦ
1332 840 1574 894 τοιούτου
1613 843 1715 909 τῆς
1746 846 1933 915 γεννή-

361 943 499 990 σεως
546 926 750 998 τρόπου
790 926 1077 995 δηλοῦται,
1114 928 1174 979 τὸ
1221 928 1281 993 ἐξ
1319 929 1527 983 ἐκείνου
1574 948 1632 984 τε
1671 929 1932 987 εἶναικαὶ

362 1019 476 1087 μετ’
520 1016 728 1069 ἐκείνου
772 1017 1008 1070 νοεῖσθαι
1060 1018 1290 1089 μηδενὸς
1323 1018 1690 1091 διαστήματος
1727 1024 1929 1092 μεταξὺ

356 1108 451 1161 τοῦ
486 1107 719 1179 Πατρὸς,
749 1109 844 1160 καὶ
870 1108 963 1161 τοῦ
991 1108 1048 1174 ἐξ
1071 1110 1233 1162 αὐτοῦ
1269 1111 1665 1181 μεσιτεύοντος.
1714 1114 1928 1185 Ἐπειδὴ

357 1197 444 1250 διὰ
476 1196 698 1250 πλείονα
746 1197 1175 1270 φιλανθρωπίαν,
1210 1201 1243 1270 ή
1284 1200 1378 1255 τοῦ
1428 1203 1582 1269 ἁγίου
1618 1203 1931 1274 Πνεόματος

357 1289 515 1361 γάρις
542 1288 869 1359 πολλαχόθεν
897 1290 1029 1359 ἡμῖν
1054 1292 1371 1360 ἐγγενέσθαι
1393 1294 1488 1356 τὰς
1518 1294 1664 1357 θείας
1689 1296 1817 1365 περὶ
1833 1295 1927 1348 τοῦ

357 1381 696 1448 λῐονογενοῦς
725 1381 1019 1452 ὑπολήψεις
1045 1382 1441 1453 ᾡκονομήσατο
1460 1403 1473 1416 ·
1504 1386 1811 1457 προσέθηκε
1837 1387 1928 1440 καὶ

356 1473 415 1525 τὸ
445 1473 766 1542 λειπόμενον
797 1474 904 1527 τῶν
929 1475 987 1527 ἐν
1020 1477 1084 1545 τῇ
1133 1475 1343 1542 γενέσει
1378 1476 1764 1547 θεωρουμένων
1791 1475 1927 1542 εἶδος

357 1565 417 1617 τὸ
443 1565 508 1617 ἐκ
536 1563 631 1617 τοῦ
657 1564 749 1618 νοῦ
779 1566 873 1618 καὶ
897 1564 987 1617 τοῦ
1018 1566 1176 1633 λόγου
1204 1584 1217 1596 ·
1254 1566 1368 1619 ἀλλ’
1396 1569 1461 1620 ἐκ
1483 1568 1687 1622 τούτων
1722 1569 1926 1625 πλείονι

356 1658 554 1728 χρῆται
584 1660 651 1728 τῇ
694 1657 1004 1728 προμηθείᾳ
1043 1660 1070 1710 ὁ
1101 1658 1304 1728 ὑψηλὸς
1350 1659 1628 1729 Ἰωάννης·
1671 1661 1809 1714 ὥστε
1854 1664 1927 1735 μὴ

355 1748 458 1802 ὑπὸ
505 1748 721 1811 ἀτονίας
777 1766 836 1800 τε
889 1750 984 1801 καὶ
1036 1748 1399 1819 μικροψυχίας
1451 1756 1784 1805 καταπεσεῖν
1836 1753 1925 1804 τὸν
1960 1746 1998 1797 Β

354 1835 618 1889 ἀκούοντα
661 1836 799 1908 πρὸς
839 1837 934 1908 τὴν
978 1837 1161 1908 κοινὴν
1208 1838 1419 1891 ἔννοιαν
1472 1839 1565 1892 τοῦ
1618 1841 1771 1908 λόγου
1800 1884 1812 1903 ,
1853 1843 1927 1905 ὡς

356 1925 595 1994 φθόγγον
623 1924 716 1978 τοῦ
743 1927 955 1997 Πατρός
984 1927 1072 1980 τὸν
1110 1929 1237 1981 Υἱὸν
1270 1930 1623 2000 νομισθῆναι·
1659 1932 1746 1984 διὰ
1771 1933 1929 1986 τοῦτο

353 2021 762 2091 προσμαρτυρεῖ
780 2018 856 2089 τῷ
885 2020 1043 2088 Λόγῳ
1084 2020 1144 2074 τὸ
1162 2021 1281 2074 κατ’
1306 2022 1491 2075 οὐσίαν
1535 2018 1673 2077 εἶναι
1699 2027 1756 2077 ὲν
1789 2026 1924 2097 αὐτῇ

351 2111 415 2178 τῇ
448 2106 640 2180 πρώτῃ
674 2110 768 2161 καὶ
815 2110 1059 2181 μακαρίᾳ
1100 2112 1279 2178 φύσει..
1316 2111 1490 2176 οὕτως
1534 2114 1836 2184 ἀναϐοήσας
1868 2116 1928 2168 τὸ

353 2203 646 2271 κήρυγμασ
677 2203 758 2256 ὅτι
798 2203 901 2256 Ἐν
929 2201 1088 2271 ἀρχῇ
1112 2200 1191 2272 ἦν
1216 2206 1249 2257 ὁ
1289 2205 1477 2274 Λόγος
1515 2206 1612 2259 καὶ
1642 2208 1791 2274 πρὸς
1822 2209 1927 2261 τὸν

355 2296 641 2349 Θεόνοκαὶ
656 2294 787 2359 Θεὸς
824 2294 962 2363 φῶς,
992 2296 1085 2347 καὶ
1117 2296 1233 2368 ζωὴ
1256 2298 1348 2349 καὶ
1378 2297 1554 2350 πάντα
1583 2299 1682 2352 ὅσα
1714 2300 1859 2351 ἐστὶν
1893 2302 1925 2371 ἡ

352 2386 492 2457 ἀρχὴ
522 2387 616 2440 καί
645 2387 805 2450 αὐτὸς
841 2382 931 2455 ἦν.
962 2387 1161 2440 Τυῦτον
1180 2388 1359 2439 τοίνυν
1387 2386 1476 2442 τὸν
1500 2388 1600 2459 τῆς
1621 2393 1925 2461 γεννήσεως

350 2481 552 2547 τρόπον
584 2480 703 2550 ἦτοι
747 2479 854 2533 τῶν
895 2480 954 2545 ἐξ
987 2481 1164 2541 αἰτίας
1189 2479 1512 2548 ὑφεστώτων
1532 2481 1587 2532 ἕν
1614 2498 1673 2534 τε
1713 2476 1779 2552 τῇ
1804 2482 1924 2536 καθ’

350 2572 495 2640 ἡμᾶς
541 2571 799 2643 συνηθείᾳ
832 2572 1268 2643 γινωσκομένων,
1299 2572 1703 2642 διαληφθέντων
1736 2574 1792 2627 δὲ
1830 2575 1924 2627 καὶ

349 2663 501 2733 παρὰ
526 2664 625 2734 τῆς
651 2665 811 2732 ἁγίας
838 2664 1063 2734 Γραφῆς
1096 2665 1230 2734 πρὸς
1251 2664 1349 2735 τὴν
1379 2664 1486 2717 τῶν
1510 2666 1924 2735 ὑπερκειμένων

347 2755 713 2818 διδασκαλίαν,
746 2756 944 2823 οὕτως,
980 2757 1053 2818 ὡς
1087 2757 1237 2820 εἰκός
1268 2759 1382 2809 ἐστι
1417 2758 1550 2825 πρὸς
1583 2759 1924 2828 παράστασιν

346 2846 458 2899 τῶν
487 2846 649 2899 θείων
678 2847 998 2917 ὑπολήψεων
1015 2847 1244 2900 ἕκαστον
1269 2847 1471 2900 τούτων
1495 2849 1733 2912 εὐσεϐῶς
1758 2866 1919 2918 μετα-

346 2936 639 3007 ληφθῆνω.

418 3026 625 3097 Καιρός
662 3026 729 3080 ἂν
760 3025 844 3098 είη
879 3027 1209 3097 κατανοῆσαι
1254 3028 1346 3081 καὶ
1387 3028 1481 3080 τοῦ
1522 3029 1786 3098 Εὑνομίου
1829 3030 1920 3082 τὸν

347 3119 505 3188 λόγον
537 3120 631 3172 ἐπὶ
660 3120 816 3172 ποίου
855 3119 1070 3190 δέχεται
1115 3121 1517 3192 σημαινομένου
1541 3122 1640 3191 τὴν
1671 3121 1767 3190 τῆς
1794 3137 1919 3188 γεν-

349 3212 556 3282 νήσεως
582 3210 840 3281 ἔμφασιν.
873 3211 1026 3275 Υίὸν,
1053 3212 1219 3282 φησιν
1241 3252 1254 3271 ,
1287 3212 1578 3278 ἀληθινὸν
1620 3214 1732 3265 οὐκ
1755 3211 1923 3280 ἀγέν-

349 3318 532 3370 νητον
548 3304 646 3357 καὶ
682 3301 919 3369 ἀληθῶς
958 3304 1321 3373 γεννηθέντα
1370 3302 1483 3370 πρὸ
1523 3303 1771 3357 αἰώνων.
1809 3303 1920 3374 Τὴν

355 3394 449 3460 μὲν
504 3388 601 3447 οὖν
652 3394 708 3446 ὲν
752 3395 818 3463 τῇ
866 3393 1111 3463 διαστολῇ
1166 3394 1639 3463 κακουργηθεῖσαν
1696 3394 1923 3447 ἀκολου-

351 3483 466 3538 θίαν
508 3482 586 3547 ὡς
627 3483 793 3536 παντὶ
823 3482 1097 3554 γνώριμον
1125 3479 1291 3536 οὖσαν
1317 3470 1714 3554 παραδραμεῖν,
1745 3479 1919 3549 οἶμαι,

350 3572 637 3643 προσήκει.
667 3571 764 3634 Τίς
797 3570 904 3642 γὰρ
935 3572 1035 3624 οὐκ
1062 3566 1202 3624 οἶδεν
1233 3572 1313 3624 ὅτι
1343 3570 1421 3640 τῷ
1465 3571 1563 3641 μὲν
1596 3571 1709 3642 Υἱῴ
1730 3611 1746 3636 ,
1788 3573 1923 3644 πρὸς

349 3663 440 3715 τὸν
466 3661 684 3732 Πατέρα
712 3702 729 3727 ,
761 3662 839 3733 τῷ
866 3663 926 3715 δὲ
945 3661 1186 3732 γεννητῷ
1216 3663 1351 3733 πρὸς
1389 3663 1481 3715 τὸν
1510 3663 1806 3732 ἀγέννητον
1831 3664 1922 3716 οὕ-

355 3770 456 3823 σης
506 3753 605 3825 τῆς
650 3754 1092 3824 ἀντιδιαστολῆς,
1133 3747 1289 3817 οὗτος
1339 3753 1433 3807 τὸν
1472 3753 1692 3823 Πατέρα
1729 3755 1923 3824 παρεὶς

349 3844 770 3899 ἀντιδιαστέλλει
825 3845 902 3915 τῷ
942 3845 1057 3915 Υἱῴ
1091 3845 1180 3898 τὸν
1220 3845 1538 3914 ἀγέννητον;
1572 3846 1719 3908 Δέον,
1767 3849 1923 3919 εἴπερ

348 3934 603 4008 ἀληθείας
632 3938 867 3990 ἐποιεῖτο
892 3937 1169 4008 φροντίδα,
1205 3937 1277 4007 μὴ
1305 3937 1651 4006 παρατρέψαι
1681 3938 1776 4006 τῆς
1801 3955 1924 4007 σχε-

347 4029 503 4099 τικῆς
524 4026 843 4090 ἀκολουθίας
896 4032 987 4081 τὸν
1016 4027 1172 4094 λόγον
1192 4043 1205 4057 ·
1237 4026 1353 4079 ἀλλ’
1373 4029 1549 4080 εἰπεῖν
1571 4028 1652 4080 ὅτι
1678 4027 1768 4080 τὸν
1796 4029 1920 4082 Υίὸν

348 4118 597 4187 ἀληθινὸν
622 4119 683 4171 οὐ
710 4114 951 4190 Πατέραξ
1001 4118 1157 4172 Οὕτω
1184 4119 1240 4172 δὲ
1263 4118 1327 4172 ἂν
1353 4118 1677 4189 συνδιεσώθη
1711 4123 1773 4191 τῇ
1795 4124 1923 4173 ἁκο-

350 4210 536 4282 λουθίᾳ
580 4209 676 4263 τοῦ
707 4209 866 4280 λόγου
898 4211 992 4264 καὶ
1030 4213 1063 4281 ἡ
1097 4212 1366 4276 εὐσέϐεια,
1414 4214 1479 4281 τῇ
1511 4213 1779 4283 διακρίσει
1812 4212 1920 4265 τῶν

346 4303 654 4374 προσώπων
700 4303 773 4374 μὴ
801 4302 1302 4372 συνδιασχισθείσης
1347 4302 1449 4371 τῆς
1484 4302 1716 4370 φύσεως.
1759 4302 1920 4355 Ἀλλά

2042 490 2222 527 aerem
2265 491 2333 529 ex
2399 477 2643 546 subjecta
2699 479 2926 532 materia
2973 488 3324 550 repnesentat
3374 501 3388 535 :
3445 498 3619 552 neque

2042 567 2179 620 odor
2204 584 2266 621 ex
2300 568 2563 637 qualitate
2591 571 2850 638 unguenti
2895 586 2987 636 per
3013 585 3191 624 aerem
3236 571 3351 626 ﬁeri
3377 574 3612 642 emigra-

2041 657 2240 711 tionem
2268 658 2526 721 ostendit,
2561 674 2733 727 neque
2758 658 3013 728 sp'endor
3040 661 3155 714 sive
3195 660 3503 733 ell‘ulgentia
3531 682 3618 719 so-

2040 746 2171 800 laris
2219 748 2467 816 corporis
2497 764 2590 815 per
2615 749 2797 801 radios
2834 749 3027 802 factam
3077 754 3474 807 emanationetn
3526 754 3618 807 dc-

2039 845 2326 892 monstrat.
2370 836 2474 892 Sed
2500 840 2600 892 hoc
2621 839 2796 893 solum
2830 855 2895 894 ex
2923 841 3199 906 onmibus,
3234 843 3378 897 sicut
3407 845 3612 898 dictum

2038 938 2142 992 cst,
2161 945 2255 998 per
2277 931 2435 984 talem
2456 931 2825 998 generationis
2842 929 3061 985 modum
3080 931 3414 996 declaratur,
3429 950 3494 989 ex
3521 933 3614 989 illo

2037 1029 2091 1072 et
2122 1037 2244 1074 cum
2281 1022 2370 1073 illo
2396 1015 2622 1092 intelligi
2652 1021 2797 1074 nullo
2829 1021 3116 1077 intervallo
3145 1024 3431 1094 interjecto
3464 1027 3606 1081 inter

2034 1109 2251 1166 Patrem
2285 1121 2339 1164 et
2361 1129 2505 1177 eum,
2540 1113 2629 1183 qui
2656 1129 2718 1167 et
2744 1114 2863 1183 ipso
2888 1121 2992 1178 est,
3014 1116 3443 1172 conciliatorem.
3464 1117 3613 1183 Quo-

2038 1203 2184 1255 niam
2206 1219 2336 1257 vero
2358 1214 2578 1273 propter
2601 1205 2858 1271 majorem
2890 1206 2943 1258 in
2966 1205 3212 1261 homines
3224 1222 3464 1261 amorem
3485 1224 3612 1263 san-

2044 1294 2114 1346 cti
2140 1293 2378 1362 Spiritus
2399 1295 2567 1364 gratia
2596 1296 2781 1349 multis
2801 1310 2866 1348 ex
2898 1294 3032 1347 locis
3053 1297 3208 1349 nobis
3227 1297 3361 1351 tales
3379 1298 3443 1351 de
3470 1297 3608 1353 Uni-

2034 1385 2216 1455 genito
2246 1386 2460 1439 divinas
2508 1389 2756 1440 notiones
2792 1387 3078 1441 informari
3112 1389 3424 1455 procuravit
3461 1403 3472 1439 :
3515 1389 3611 1443 ad-

2029 1476 2237 1543 jecitct
2262 1476 2522 1544 reliquam
2555 1492 2746 1530 ecrum
2794 1492 2916 1545 qua:
2956 1476 3008 1530 in
3045 1478 3394 1547 generatione
3422 1478 3606 1531 consi-

2034 1572 2314 1630 derantur,
2375 1568 2611 1637 speciem
2650 1584 2711 1621 cx
2748 1577 2927 1624 mente
2975 1577 3026 1623 et
3048 1568 3248 1624 verbo:
3295 1567 3389 1624 sed
3427 1584 3492 1623 ex
3523 1568 3609 1625 his

2035 1659 2241 1727 majore
2280 1660 2624 1728 providentia
2659 1660 2912 1715 sublimis
2974 1661 3062 1715 ille
3123 1659 3363 1714 Joannes
3417 1661 3605 1726 utitur,

2031 1750 2103 1802 ita
2135 1759 2191 1803 ut
2218 1766 2396 1818 neque
2426 1750 2640 1803 auditor
2677 1766 2788 1818 prae
2842 1751 3101 1819 languore
3132 1760 3185 1805 et
3211 1751 3393 1820 pusilli
3439 1751 3605 1805 animi

2031 1839 2405 1893 imbeciliitatc
2432 1840 2484 1893 in
2515 1855 2857 1895 ronununent
2891 1842 3159 1896 sermonis
3191 1843 3435 1896 notitiam
3460 1842 3607 1898 deci-

2029 1932 2142 1993 dat,
2162 1933 2239 1986 sic
2263 1941 2321 1986 ut
2339 1932 2508 1989 Filius
2528 1935 2870 1989 existimetur
2903 1951 3069 1989 sonus
3087 1935 3298 1990 Patris:
3326 1946 3603 2006 propterea

2029 2024 2279 2078 attribuit
2316 2024 2512 2089 Verbo,
2549 2035 2607 2080 ut
2649 2043 2742 2097 per
2769 2030 3064 2081 essentiam
3095 2030 3145 2082 in
3189 2030 3301 2097 ipsa
3348 2029 3521 2098 prima
3551 2036 3605 2083 ct

2030 2115 2182 2170 beata
2224 2120 2292 2170 sit
2315 2125 2528 2180 natura,
2567 2120 2993 2185 siepra-conium
3030 2122 3135 2172 alta
3159 2136 3286 2174 voce
3321 2122 3599 2189 praefatus:

2030 2203 2097 2257 In
2140 2206 2403 2274 principio
2445 2217 2563 2260 erat
2610 2206 2864 2271 Verbum,
2914 2219 2961 2261 et
3012 2209 3232 2262 Verbum
3300 2221 3412 2261 erat
3464 2209 3604 2276 apud

2028 2294 2195 2348 Deum
2220 2296 2269 2325 ³²
2308 2314 2323 2349 :
2353 2304 2406 2350 et
2438 2295 2582 2350 Deus
2632 2306 2685 2350 et
2713 2298 2800 2351 lux
2837 2306 2890 2352 et
2920 2303 3025 2351 vita
3056 2309 3108 2352 et
3142 2316 3476 2369 qtizecnnque
3520 2311 3603 2356 est

2028 2387 2354 2456 primipium
2377 2396 2431 2442 et
2459 2389 2633 2458 ipsum
2671 2389 2904 2445 Verbum
2940 2403 3077 2446 erat.
3110 2391 3205 2446 llis
3250 2392 3413 2461 igitur
3440 2409 3603 2462 gene—

2027 2477 2255 2533 rationis
2289 2489 2342 2533 ct
2379 2494 2567 2533 eorum
2599 2496 2719 2550 quae
2753 2497 2818 2535 ex
2846 2497 3008 2534 causa
3065 2482 3389 2547 subsistunt,
3427 2483 3600 2540 modis

2025 2586 2090 2625 ex
2116 2579 2305 2625 nostro
2333 2588 2482 2626 more
2506 2574 2759 2643 cognitis,
2794 2583 2849 2627 et
2876 2590 2906 2627 a
2942 2590 3095 2629 sacra
3126 2575 3409 2644 Scriptura
3442 2592 3602 2635 usur-

2027 2664 2166 2731 patis
2194 2672 2247 2717 et
2275 2665 2575 2736 assumptis
2602 2667 2666 2719 ad
2707 2665 3025 2720 tradendam
3078 2682 3259 2719 rerum
3316 2682 3602 2736 suprema-

2026 2769 2146 2807 rum
2168 2754 2499 2823 doctrinam,
2524 2757 2605 2811 sic
2638 2773 2825 2811 eorum
2852 2772 3291 2826 unumquemque
3315 2760 3395 2827 (ut
3425 2759 3599 2829 decet)

2026 2846 2091 2899 ad
2118 2846 2332 2902 divinas
2379 2847 2800 2903 informationes
2856 2848 2909 2901 in
2967 2849 3150 2902 animo
3198 2850 3601 2921 consignandas

2026 2954 2243 2993 sumere
2273 2940 2412 2994 debe
2436 2957 2559 2995 nus.

2098 3029 2202 3085 Sed
2229 3030 2338 3097 jam
2370 3038 2586 3102 tempus
2615 3033 2786 3103 exigit
2848 3041 2905 3087 ut
2946 3032 3192 3088 Eunomii
3228 3049 3409 3088 sermo
3443 3017 3598 3089 intel—

2026 3122 2226 3191 ligatur
2261 3124 2313 3177 in
2338 3139 2447 3191 quo
2468 3123 2771 3193 signiﬁcatu
2796 3125 3161 3195 generationis
3183 3126 3598 3194 appellationem

2024 3212 2273 3282 accipiat.
2335 3212 2567 3275 Filium,
2618 3213 2823 3281 inquit,
2871 3229 3046 3267 verum
3086 3230 3189 3266 non
3225 3216 3505 3283 ingenitum
3549 3226 3599 3269 et

2023 3320 2138 3357 vere
2164 3305 2397 3373 genitum
2426 3315 2547 3357 ante
2575 3303 2793 3356 sa’cula.
2847 3301 2978 3368 Quae
3013 3304 3064 3356 in
3110 3304 3458 3360 distinctione
3482 3319 3599 3358 lna-

2022 3395 2168 3464 ligne
2215 3396 2357 3450 facta
2413 3403 2516 3457 est,
2565 3394 3032 3459 consecutionem,
3078 3402 3134 3447 ut
3189 3393 3366 3448 cuivis
3411 3403 3595 3451 notam

2025 3488 2326 3555 praeterire,
2353 3486 2567 3557 Opinor,
2599 3486 2870 3541 convenit.
2907 3485 3041 3550 Quis
3060 3484 3203 3539 enim
3240 3485 3596 3554 ignoratcum

2024 3573 2194 3629 Filius
2224 3574 2394 3640 Patri,
2434 3584 2487 3629 et
2517 3574 2734 3644 genitus
2787 3575 3029 3644 ingenito
3075 3582 3402 3643 opponatur,
3432 3574 3599 3644 hunc,

2024 3663 2183 3717 Patre
2207 3663 2436 3729 omisso,
2460 3665 2759 3733 ingenitum
2789 3663 2926 3718 Filio
2954 3664 3271 3735 opponere?
3307 3663 3600 3734 Oportebat

2025 3761 2202 3807 autem
2235 3752 2284 3808 si
2320 3754 2485 3807 ullam
2518 3754 2767 3808 veritatis
2800 3769 2986 3807 curam
3020 3756 3322 3817 habuisset,
3364 3756 3600 3811 relatives

2024 3843 2431 3910 consequentia:
2460 3844 2727 3897 rationem
2755 3860 3096 3914 nequaquam
3151 3856 3479 3915 pervertere,
3502 3848 3595 3902 sed

2024 3934 2206 3989 dicere
2235 3932 2428 3987 Filium
2457 3950 2641 3988 verum
2675 3951 2782 3988 non
2811 3935 3022 3990 Patrem
3061 3954 3074 3989 :
3107 3937 3210 3991 hoc
3238 3938 3398 3992 modo
3424 3939 3598 4007 pietas

2023 4041 2146 4080 cum
2179 4026 2407 4080 rationis
2451 4026 2839 4095 consequentia
2890 4036 3102 4081 servata
3159 4027 3370 4093 luisset,
3392 4038 3445 4082 et
3469 4044 3595 4082 eum

2022 4131 2380 4185 personarum
2435 4116 2769 4171 discretione
2822 4118 3045 4171 minime
3111 4117 3344 4171 discissa
3404 4119 3595 4173 fuisset

2023 4215 2238 4262 natura.
2261 4208 2361 4263 Sed
2389 4208 2512 4272 iste,
2537 4225 2723 4263 verum
2752 4217 2806 4263 et
2835 4210 2888 4262 in
2908 4208 3205 4277 Scripturis
3233 4210 3409 4263 sacris
3432 4226 3596 4264 usur-

2023 4308 2210 4367 patum
2248 4297 2428 4352 Patris
2462 4316 2644 4363 usum,
2676 4310 2729 4353 et
2757 4299 2824 4352 ab
2854 4299 2971 4368 ipso
3004 4297 3182 4352 Verbo
3245 4299 3299 4352 in
3332 4298 3452 4353 ﬁdei
3481 4314 3598 4353 ser-

347 4393 444 4464 τὴν
471 4393 646 4464 ἀληθῆ
690 4395 748 4446 τέ
782 4394 876 4446 καὶ
906 4393 1180 4464 ἔγγραφον
1221 4393 1314 4446 τοῦ
1358 4394 1566 4463 Πατρὸς
1596 4395 1789 4464 χρῆσιν
1819 4394 1918 4463 τὴν

2027 4404 2183 4443 mone
2212 4391 2489 4448 traditum.
2512 4398 2845 4458 permutans,
2873 4391 2992 4443 loco
3017 4388 3196 4443 Patris
3224 4389 3360 4443 dixit
3392 4391 3599 4459 ingenio

347 4485 475 4553 παρ’
502 4482 670 4536 αὐτοῦ
706 4482 802 4536 τοῦ
833 4485 1005 4551 Λόγου
1030 4483 1421 4553 παραδοθεῖσαν
1459 4484 1516 4534 ἐν
1542 4484 1620 4553 τῷ
1651 4485 1793 4553 λόγῳ
1818 4487 1916 4555 τῆς

347 4573 584 4637 πίστεως
612 4573 946 4643 ὐπαμείψας,
998 4574 1292 4643 ἀγέννητον
1317 4573 1435 4625 ἀντὶ
1464 4574 1555 4627 τοῦ
1582 4576 1791 4644 Πατρός
1815 4592 1915 4627 κα-

345 4665 659 4736 τωνόμασεν
685 4682 697 4695 ·
746 4665 831 4718 ἵνα
862 4665 1103 4735 χωρίσας
1135 4665 1297 4718 αὐτὸν
1330 4665 1430 4735 τῆς
1458 4666 1689 4735 φυσικῆς
1718 4666 1915 4719 ἐνθεω-

349 4753 619 4822 ρουμένης
658 4754 724 4823 τῇ
762 4750 858 4803 τοῦ
916 4751 1128 4822 Πατρὸς
1153 4752 1345 4821 κλήσει
1383 4752 1483 4821 τῆς
1509 4753 1644 4822 πρὸς
1671 4753 1761 4805 τὸν
1790 4754 1915 4806 Υἱὸν

343 4843 697 4913 οἰκειότητος,
749 4843 1096 4913 κοινοποιήσῃ
1135 4830 1268 4913 πρὸς
1298 4844 1475 4897 πάντα
1511 4844 1580 4897 τὰ
1608 4846 1665 4897 ἐν
1695 4847 1759 4914 τῇ
1795 4845 1881 4897 κτί
1902 4876 1913 4885 -

345 4950 429 4986 σει
457 4935 777 5004 φαινόμενα,
804 4929 884 4995 οἷς
914 4933 1056 4985 κατά
1083 4932 1144 4985 τὸ
1168 4928 1284 4985 ἶσον
1307 4936 1339 5004 ἡ
1371 4934 1741 5004 ἀντιδιαστολή
1794 4935 1913 4986 ἐστι

345 5026 479 5096 πρὸς
523 5026 583 5079 τὸ
635 5026 948 5096 ἀγέννητον.
1011 5025 1305 5093 Ἀληθῶς,
1350 5028 1483 5095 φησι
1507 5065 1521 5089 ,
1555 5026 1915 5095 γεννηθέντα

342 5118 456 5185 πρὸ
484 5117 733 5172 αίώνων.
760 5119 920 5187 Παρά
958 5118 1103 5181 τίνος
1129 5117 1338 5170 εἰπάτω
1363 5134 1375 5147 ο
1405 5118 1554 5188 παρά
1583 5116 1675 5171 τοῦ
1704 5118 1914 5187 Πατρὸς

341 5210 458 5279 ἐρεῖ
484 5211 723 5272 πάντως,
765 5211 920 5277 εἴπερ
958 5209 1031 5279 μὴ
1066 5207 1447 5280 ἀναισχυντοίη
1480 5208 1614 5279 πρὸς
1648 5209 1745 5278 τὴν
1775 5209 1911 5276 ἀλή-

341 5299 513 5354 θειαν.
562 5298 697 5352 Ἀλλ’
728 5300 918 5368 ἐπειδὴ
949 5299 1044 5352 τοῦ
1073 5299 1245 5352 ἀϊδίου
1273 5300 1487 5369 Πατρός
1526 5299 1626 5351 οὐκ
1667 5298 1782 5350 ἐστι
1815 5300 1913 5369 τὴν

339 5390 615 5461 ἀῖδιότητα
677 5390 769 5443 τοῦ
831 5389 960 5443 Υἰοῦ
1018 5391 1305 5461 διαστῆσαι
1332 5432 1346 5452 ,
1401 5389 1911 5459 συνενδεικνυμένης

340 5479 559 5543 πάντως
584 5481 681 5533 καὶ
704 5479 795 5532 τὸν
819 5479 949 5531 Υἱὸν
981 5478 1078 5546 τῆς
1110 5479 1201 5531 τοῦ
1236 5480 1446 5551 Πατρὶς
1479 5479 1781 5550 σημασίας·
1827 5479 1914 5532 διὰ

406 5656 451 5687 ⁹²
496 5652 653 5707 Joan.
694 5668 730 5714 ι,
780 5652 823 5705 1.

2026 4488 2163 4543 ιιιιιι,
2187 4486 2245 4534 ιιι
2270 4480 2359 4533 ubi
2385 4480 2561 4549 ipsum
2597 4496 2625 4532 a
2651 4480 2883 4533 naturali
2911 4495 3032 4550 qua:
3058 4496 3179 4533 cum
3201 4478 3380 4535 Patris
3413 4482 3597 4549 appel-

2023 4570 2224 4625 latione
2239 4570 2639 4635 consideratur,
2654 4586 2776 4623 Clltll
2795 4567 2931 4624 Filio
2947 4570 3311 4626 familiaritate
3332 4580 3385 4625 et
3404 4587 3599 4626 come-

2021 4661 2227 4716 nientia
2281 4668 2607 4730 separasset,
2666 4661 2917 4716 eumdem
2969 4678 3093 4715 cum
3146 4664 3401 4718 omnibus
3435 4664 3598 4718 rebus

2022 4753 2220 4805 creatis
2251 4766 2592 4806 communem
2644 4750 2843 4806 faceret
2874 4769 2889 4819 ;
2919 4753 3118 4821 quibus
3157 4770 3219 4807 ex
3272 4770 3428 4823 azquo
3463 4770 3596 4807 con-

2022 4845 2187 4896 traria
2227 4842 2528 4898 diﬂ‘erentia
2570 4858 2693 4896 cum
2720 4843 2960 4912 ingenito
2990 4844 3259 4896 convenit.
3304 4842 3432 4898 Vere
3471 4845 3594 4913 qui-

2018 4932 2139 4986 dem
2179 4934 2374 4985 asserit
2435 4933 2663 5002 genitum
2692 4944 2813 4987 ante
2839 4931 3049 4994 saecula,
3128 4932 3220 4986 sed
3246 4933 3391 4985 dicat
3423 4949 3451 4985 a
3489 4951 3596 5001 q::o

2018 5025 2299 5094 genitura?
2336 5026 2371 5075 Α
2412 5024 2573 5077 Patre
2607 5024 2750 5077 dit-ct
2776 5039 3035 5092 prorsus,
3080 5024 3353 5093 siquidem
3387 5042 3492 5077 non
3526 5024 3593 5076 ad

2018 5115 2302 5169 veritatem
2326 5115 2689 5169 erubesceret.
2723 5114 2827 5169 Sed
2851 5118 3105 5185 quoniam
3127 5119 3194 5170 ab
3214 5129 3417 5170 :rterno
3435 5115 3592 5166 Patre

2020 5206 2139 5261 Filii
2169 5210 2520 5261 :eternitatem
2557 5223 2666 5262 non
2691 5208 2816 5261 licet
2844 5208 3118 5271 divellere,
3144 5209 3270 5275 quia
3304 5205 3482 5257 Patris
3515 5204 3591 5257 si-

2021 5298 2330 5368 gniﬁcantia
2381 5298 2570 5351 Filium
2601 5314 2817 5367 quoque
2851 5314 2956 5353 una
3014 5302 3420 5350 commonstrat:
3458 5308 3582 5361 pro.

2023 5397 2205 5457 pterea
2229 5388 2409 5443 Patris
2438 5390 2797 5459 appellatione
2826 5388 3106 5457 repudiata
3132 5424 3145 5448 ,
3179 5383 3435 5436 transfert
3473 5399 3590 5436 vcr-

2022 5480 2147 5534 buni
2183 5480 2248 5534 ad
2283 5481 2602 5550 ingenitum,
2629 5480 2882 5549 quoniam
2922 5477 3082 5543 hujus
3130 5474 3364 5529 nominis
3395 5472 3591 5549 signifi-
