4068 6148
462 265 561 321 5H

1707 262 1761 317 S.
1795 260 2116 317 GREGOIHI
2151 263 2441 318 {\YSSENI

3603 261 3708 314 5ίῖ

459 391 640 431 catum
669 376 868 431 nullam
893 391 1014 431 cum
1042 373 1180 431 Filio
1200 377 1516 432 relationem
1533 387 1586 432 et
1606 379 2021 434 communionen

2146 381 2302 435 τοῦτο
2331 382 2424 434 τοῦ
2453 382 2664 452 Πατρδς
2687 381 3096 448 ἀποδοκιμάσας
3125 381 3221 450 τὴν
3260 378 3449 448 κλῆσιν
3487 378 3710 448 μετάγει

460 469 676 531 habeat,
709 477 869 534 atque
924 468 998 520 ita
1027 467 1370 522 auditoribus
1409 468 1660 522 abductis
1701 483 1731 521 a
1787 470 2037 524 conside-

459 560 631 612 rando
655 556 792 611 Filio
827 559 988 612 simul
1015 574 1139 612 cum
1175 558 1353 622 Patre,
1391 561 1767 615 immutatione
1799 562 2038 616 nominis

457 649 626 713 facta,
657 649 800 718 viam
845 649 1111 703 maleﬁcio
1144 651 1313 712 dedit,
1343 665 1438 719 per
1486 650 1708 720 ingeniti
1740 651 2037 721 interposi-

453 741 657 794 tionem
719 739 784 793 ad
838 741 1168 809 impietatem
1221 741 1360 794 viam
1403 751 1677 795 sternens.
1726 742 1828 808 Qui
1877 744 2024 797 enim

454 829 762 884 secundum
813 829 1026 885 Domini
1067 840 1398 901 praeceptum
1446 833 1499 886 itt
1535 832 1747 887 Patrem
1785 834 2034 898 credunt,

455 920 620 975 sim'ul
681 929 844 990 atque
895 922 1108 976 Patrem
1146 923 1442 988 audierint,
1503 934 1683 980 mente
1720 927 2037 995 concipiunt

452 1011 618 1064 etiam
647 1009 839 1064 Filium
875 1011 1024 1064 nullo
1049 1011 1336 1079 interjecto
1371 1014 1680 1077 intervallo,
1709 1015 2037 1084 cogitatione

455 1103 643 1155 statim
696 1117 726 1155 a
786 1101 926 1155 Filio
985 1104 1052 1157 ad
1111 1103 1327 1158 Patrem
1379 1112 1718 1159 transeunte.
1770 1106 1872 1170 Qui
1906 1123 2035 1161 vero

456 1193 636 1248 Patris
700 1194 824 1246 loco
893 1193 961 1247 ad
1022 1195 1249 1263 ingeniti
1301 1196 1718 1264 appellationem
1774 1199 2033 1258 traducti,

450 1295 674 1339 tenuem
713 1285 876 1353 hujus
921 1287 1158 1341 nominis
1216 1289 1459 1341 notitiam
1511 1289 1801 1358 recipiunt,
1856 1291 2031 1342 solum

451 1380 598 1447 quod
630 1380 746 1448 ipse
783 1395 891 1432 non
957 1381 1029 1434 sit
1054 1379 1270 1448 genitus
1301 1378 1604 1442 discentes,
1650 1395 1754 1433 non
1789 1381 1930 1448 quod
1962 1380 2032 1433 sit

455 1473 638 1524 Pater.
703 1470 776 1524 Ex
834 1471 936 1524 hoc
992 1481 1173 1524 autem
1241 1472 1600 1526 nihilominus
1662 1472 2030 1541 intelligenter

455 1561 805 1616 audientibus
847 1561 1133 1615 ineonfusa
1160 1562 1294 1617 ﬁdes
1339 1571 1543 1626 manet,
1569 1563 1728 1616 etiam
1757 1578 1853 1631 per
1893 1563 2031 1616 hanc

451 1652 752 1705 notionem.
780 1649 911 1702 Nam
947 1659 999 1702 et
1035 1651 1277 1718 genitum
1311 1666 1417 1703 non
1449 1665 1571 1704 esse
1598 1651 1846 1705 similiter
1873 1659 1925 1706 et
1961 1651 2029 1705 de

2141 473 2228 526 τὸν
2273 472 2428 540 λόγον
2472 471 2608 543 πρὸς
2675 471 2732 524 τὸ
2779 472 3095 539 ἀγέννητον-
3151 469 3332 538 ἐπειδὴ
3381 469 3572 522 τούτου
3616 469 3709 522 τοῦ

2137 565 2401 632 ὀνόματος
2431 562 2658 632 ἄσχετόν
2691 579 2748 614 τε
2789 562 2889 614 καὶ
2921 560 3284 628 ἀκοινώνητόν
3313 562 3428 612 ἐστι
3460 559 3594 630 πρὸς
3617 559 3710 612 τὸν

2141 653 2268 705 Υίὸν
2304 653 2365 704 1:0
2409 652 2826 722 σημαινόμενον.
2867 653 2974 705 Καὶ
3008 651 3181 714 οὕτως
3207 650 3546 720 παραγαγὼν
3582 654 3708 713 τοὺς

2138 740 2435 804 ἀκούοντας
2486 741 2622 810 πρὸς
2673 740 2734 792 τὸ
2779 741 2854 811 μὴ
2904 739 3229 810 συνθεωρεῖν
3270 738 3348 808 τῷ
3395 738 3572 808 Πατρὶ
3619 738 3710 790 τὸν

2139 830 2294 885 Υίόν·
2343 833 2430 885 διὰ
2466 832 2565 901 τῆς
2610 832 2928 900 ὑπαλλαγῆς
2969 831 3064 884 τοῦ
3093 831 3355 900 ὀνόματος
3391 831 3508 883 δὸν
3540 831 3711 884 ἔδωκε

2135 927 2200 994 τῇ
2233 924 2539 994 κακουργία
2570 969 2581 982 ,
2634 923 2722 976 διὰ
2748 924 2846 993 τῆς
2874 923 2967 976 τοῦ
3011 923 3308 992 ἀγεννήτου
3361 917 3711 987 παρενθήκης

2136 1015 2394 1068 ὁδοποιῶν
2431 1015 2530 1085 τὴν
2560 1014 2837 1068 ἀσέϐειαν.
2872 1017 2934 1068 Οἱ
2970 1015 3078 1086 γὰρ
3107 1013 3248 1066 κατά
3280 1011 3340 1065 τὸ
3382 1011 3708 1081 πρόσταγμα

2133 1105 2226 1157 τοῦ
2279 1107 2548 1158 Δεσπότου
2598 1108 2678 1167 εἰς
2725 1105 2815 1156 τὸν
2849 1105 3067 1173 Πατέρα
3104 1104 3203 1172 τὴν
3243 1100 3424 1153 πίστιν
3458 1098 3706 1167 ἔχοντες,

2134 1198 2267 1268 ὁμοῦ
2296 1198 2370 1267 τῷ
2397 1198 2626 1252 ἀκοῦσαι
2649 1199 2737 1251 τὸν
2756 1200 2975 1268 Πατέρα
3005 1199 3098 1250 καὶ
3129 1196 3220 1248 τὸν
3249 1195 3375 1246 Υίδν
3403 1195 3467 1262 τῇ
3499 1190 3707 1258 διανοίᾳ

2135 1291 2643 1361 συμπαρεδέξαντο”
2671 1289 2846 1343 οὐδενὶ
2890 1289 2969 1358 τῷ
3006 1287 3207 1357 μεταξὺ
3241 1285 3570 1353 διαστήματι
3604 1281 3703 1348 τῆς

2131 1382 2366 1444 διανοίας
2389 1382 2495 1436 ἀπὸ
2514 1382 2605 1435 τοῦ
2638 1381 2766 1434 Υἱοῦ
2795 1381 2932 1452 πρὸς
2957 1381 3048 1433 τὸν
3092 1377 3310 1448 Πατέρα
3343 1372 3705 1442 κενεμϐατοῦ-

2133 1491 2250 1542 σης.
2287 1476 2348 1527 Oi
2379 1475 2434 1527 δὲ
2462 1476 2582 1527 ἀντὶ
2611 1475 2705 1527 τοῦ
2744 1475 2954 1544 Πατρδς
2984 1470 3406 1542 παρενεχθέντες
3443 1467 3577 1537 πρὸς
3605 1464 3704 1533 τὴν

2130 1563 2222 1616 τοῦ
2275 1565 2570 1635 ἀγεννήξου
2620 1565 2830 1635 κλῆσιν,
2877 1564 3038 1635 ψιλὴν
3089 1563 3181 1617 τοῦ
3211 1561 3472 1631 ὀνόματος
3512 1557 3701 1610 τούτου

2133 1656 2600 1726 ἀναλαμϐάνουσιν
2623 1655 2828 1709 ἔννοιαν
2846 1675 2858 1687 ⁸
2892 1657 3049 1726 μόνον
3076 1657 3136 1708 τὸ
3165 1655 3238 1724 μὴ
3261 1651 3514 1722 γενέσθαι
3540 1648 3703 1702 αὑτὸν

451 1751 644 1796 natura
675 1745 916 1796 inet-cata
946 1743 1166 1795 dicitur.
1225 1743 1526 1797 lncreatum
1553 1755 1730 1797 autem
1784 1761 1846 1797 ex
1875 1761 2021 1812 mque

2135 1747 2539 1817 διδασκόμενοι,
2567 1747 2627 1799 οὐ
2658 1747 2764 1818 μὴν
2799 1748 2891 1800 καὶ
2920 1749 2981 1800 τὸ
3007 1747 3224 1816 Πατέρα
3247 1740 3404 1797 εἶναι.
3455 1742 3548 1794 Ὲκ
3574 1739 3701 1792 τού-

449 1833 606 1886 I’ater
643 1843 695 1888 et
727 1831 893 1886 Filius
922 1841 975 1886 et
1000 1832 1236 1902 Spiritus
1269 1841 1516 1889 sanctus.
1545 1834 1813 1899 Quoniam
1845 1837 2026 1890 omnis

444 1930 695 1978 creatura
726 1931 778 1976 et
818 1921 1096 1976 sensibilis
1141 1930 1194 1975 et
1249 1925 1688 1991 supermundana
1741 1925 1879 1990 (sive
1931 1941 2029 1978 an—

445 2013 638 2080 gelica)
662 2027 728 2066 ex
761 2011 918 2066 Patre
947 2021 999 2064 et
1024 2010 1158 2064 Filio
1182 2020 1234 2064 et
1267 2011 1473 2082 Spiritu
1507 2022 1700 2066 saneto
1724 2015 2027 2068 subsistere

447 2119 514 2156 es
545 2103 630 2154 his
656 2119 776 2170 qtae
798 2103 997 2156 divinis
1032 2104 1257 2157 vocibus
1289 2113 1656 2158 consentanea
1690 2113 1817 2157 sunt
1857 2107 2030 2158 creati-

449 2202 560 2245 tu:n
590 2204 695 2247 est.
727 2193 857 2246 Nam
900 2195 992 2260 qui
1025 2193 1255 2254 audivit,
1293 2192 1469 2247 Verbo
1498 2191 1588 2247 Dei
1630 2196 1804 2248 caelos
1843 2195 2027 2248 ﬁrma-

443 2292 531 2338 tos
552 2299 694 2347 esse,
721 2293 773 2336 et
801 2282 1011 2352 Spiritu
1033 2284 1144 2335 oris
1164 2285 1284 2350 ejus
1307 2297 1518 2338 omnem
1546 2285 1794 2338 virtutem
1814 2301 2024 2349 eorum,

446 2389 554 2426 non
585 2389 678 2444 per
709 2372 942 2427 Verbum
962 2373 1258 2428 dictionem
1280 2374 1518 2442 aliquam
1549 2385 1730 2429 mente
1753 2380 2023 2445 concep't,

445 2481 620 2534 neque
653 2480 745 2532 Iter
783 2462 1070 2532 Spiritum,
1097 2465 1324 2518 halitum
1361 2465 1685 2534 quemdam;
1723 2467 1817 2520 sed
1857 2465 2022 2520 Deum

445 2553 685 2609 Verbum
754 2564 808 2609 ct
847 2555 938 2609 Dei
989 2555 1278 2624 Spiritum,
1318 2570 1415 2626 per
1450 2571 1512 2610 ea
1559 2571 1680 2624 quae
1725 2565 1853 2611 sunt
1881 2558 2023 2611 dicta

442 2651 627 2704 animo
674 2649 969 2716 impressit.
1011 2646 1128 2700 Non
1161 2647 1306 2700 enim
1365 2648 1506 2701 idem
1541 2655 1717 2717 potest
1750 2664 1940 2704 creare
1968 2660 2024 2704 et

441 2741 638 2795 creari.
686 2739 790 2792 Sed
816 2755 939 2790 cutn
979 2753 1182 2805 eaquze
1211 2747 1337 2792 sunt
1367 2739 1619 2809 bipartita
1666 2741 1794 2804 sint,
1833 2757 2024 2810 nempe

443 2828 498 2880 in
531 2832 583 2884 id
613 2829 756 2899 quod
798 2830 926 2882 facit
953 2837 1006 2881 et
1033 2829 1085 2881 in
1118 2830 1168 2882 id
1196 2831 1339 2898 quod
1377 2831 1449 2894 ﬁt,
1503 2839 1797 2900 utrumque
1831 2842 2022 2885 natura

439 2918 720 2974 diversum
793 2921 1021 2972 alterttm
1084 2919 1152 2972 ab
1190 2920 1382 2984 altero,
1427 2921 1498 2973 ita
1535 2932 1593 2974 ut
1629 2924 1772 2990 quod
1809 2925 1886 2985 ﬁt,
1913 2940 2018 2977 non

441 3014 517 3067 sit
575 3015 898 3079 increatum,
934 3031 1108 3085 neque
1137 3025 1380 3068 creatum
1413 3015 1464 3070 id
1495 3017 1640 3084 quod
1687 3032 1878 3071 eorum
1900 3034 2020 3086 quae

444 3106 578 3158 ﬁunt
607 3117 856 3160 naturam
883 3107 1074 3171 ciﬁcit;
1105 3108 1155 3160 Ιιὶ
1191 3123 1321 3176 ergo
1368 3109 1458 3177 qui
1493 3110 1792 3162 secundum
1839 3109 2015 3162 domi-

439 3198 616 3252 nicam
656 3197 772 3251 ﬁdei
805 3199 1200 3251 institutionem
1245 3199 1299 3251 in
1338 3199 1557 3263 nomine
1595 3199 1771 3253 Patris
1801 3209 1855 3253 et
1888 3199 2012 3251 Filii

438 3301 492 3344 et
522 3290 757 3359 Spiritus
788 3289 1352 3354 sancticrediderunt,
1377 3290 1570 3343 horum
1599 3291 1732 3343 nihil
1773 3292 2015 3359 genitum

437 3398 580 3442 esse,
621 3398 687 3436 ex
725 3398 882 3451 aequo
929 3382 1188 3446 fatentur,
1226 3381 1547 3448 nullumque
1597 3381 1821 3448 ingeniti
1848 3382 2018 3448 signi-

439 3474 658 3524 licatum
688 3487 877 3524 sanam
908 3471 1066 3524 [idem
1091 3485 1369 3538 perperam
1400 3470 1562 3524 laedit.
1596 3469 2017 3538 Crassipellibus

439 3573 619 3613 autem
643 3569 696 3613 et
720 3561 1009 3615 hebetibus
1042 3577 1143 3614 nec
1184 3561 1322 3615 bene
1351 3561 1651 3629 compactis
1679 3569 1732 3613 et
1761 3562 1864 3614 sibi
1926 3578 2018 3612 co-

440 3655 772 3707 haerentibus
795 3655 896 3707 hoc
931 3670 1124 3708 nomen
1149 3669 1177 3707 a
1209 3671 1343 3710 sano
1371 3670 1621 3709 sermone
1654 3655 2015 3722 perversionis

439 3747 499 3799 ﬁt
543 3746 917 3814 primordium.
957 3745 1073 3800 Non
1127 3747 1270 3800 enim
1329 3762 1517 3801 verum
1574 3747 1737 3814 hujus
1782 3745 2016 3799 nominis

440 3853 662 3891 sensum
695 3838 1077 3907 intelligetttes,
1116 3853 1310 3907 nempe
1339 3837 1483 3906 quod
1513 3838 1626 3892 haec
1654 3852 1754 3890 vox
1811 3836 2019 3906 ingeni-

439 3938 553 3980 tum
603 3927 873 3997 signiﬁcat
918 3931 1092 3984 solum
1130 3943 1236 3981 nan
1281 3945 1402 3983 esse
1459 3929 1739 3998 genitum,
1773 3939 1826 3982 et
1873 3929 2016 3996 quod

439 4037 546 4074 non
578 4021 819 4089 genitum
853 4037 975 4075 esse
1047 4036 1337 4074 commune
1389 4028 1473 4073 est
1514 4021 1568 4072 in
1609 4027 1722 4073 tota
1756 4034 2018 4087 superve-

437 4114 621 4166 niente
651 4120 882 4175 natura,
922 4113 1123 4166 omissa
1155 4111 1258 4166 ﬁde
1293 4112 1347 4166 in
1405 4109 1641 4172 Patrem,
1681 4125 1876 4163 nomen
1931 4111 2017 4162 in-

433 4203 677 4273 genitum
707 4219 804 4272 pro
837 4202 997 4258 Patre
1027 4204 1432 4272 przestituerunt
1458 4221 1471 4257 :
1498 4217 1620 4255 cum
1648 4210 1850 4264 autem,
1875 4203 2019 4256 sicut

435 4295 637 4349 dictum
673 4302 918 4360 est,cum
945 4296 1044 4350 hoc
1074 4296 1296 4366 ingeniti
1329 4297 1566 4357 nomine,
1593 4293 1865 4363 Unigeniti
1890 4294 2019 4348 sub-

2132 1858 2223 1893 του
2257 1841 2311 1893 δὲ
2340 1844 2451 1903 τοῖς
2487 1840 2586 1910 μὲν
2626 1840 2861 1904 συνετῶς
2888 1841 3168 1892 ἐπαΐουσιν
3207 1837 3511 1905 ἀσύγχυτος
3554 1833 3702 1902 μένει

2131 1932 2224 1983 καὶ
2270 1931 2358 1983 διὰ
2385 1932 2587 2001 ταύτης
2623 1932 2718 2001 τῆς
2765 1930 3001 1992 διανοίας
3052 1932 3084 2000 ἡ
3133 1929 3335 1990 πίστις.
3369 1925 3446 1978 T0
3487 1926 3596 1995 γὰρ
3627 1923 3698 1992 μὴ

2129 2021 2379 2087 γενέσθαι
2407 2021 2665 2084 ὡσαύτως
2696 2021 2787 2073 ἐπὶ
2819 2021 2917 2088 τῆς
2956 2021 3208 2071 ams—.9.
3229 2017 3443 2084 λέγεται
3467 2014 3696 2082 φύσεως.

2134 2113 2421 2164 ’Λκτιστον
2447 2112 2503 2164 δὲ
2537 2112 2676 2165 κατὰ
2701 2112 2762 2164 τὸ
2793 2107 2909 2163 ἴσον
2937 2112 2965 2162 ὁ
2993 2111 3180 2180 Πατήρ
3205 2126 3266 2161 τε
3307 2109 3402 2160 καὶ
3425 2106 3572 2168 Υἱὸς,
3606 2105 3699 2156 καὶ

2127 2202 2188 2255 τὸ
2217 2201 2440 2274 Πνεῦμα
2461 2203 2521 2257 τὸ
2553 2205 2724 2272 ἀγιον.
2754 2203 2898 2255 Διότι
2933 2202 3135 2270 πᾶσαή
3166 2200 3343 2261 κτίσις
3374 2198 3603 2268 αἰσθητή
3638 2212 3695 2246 τε

2129 2295 2222 2348 καὶ
2255 2296 2619 2365 ὑπερκόσμιος
2642 2335 2655 2358 ,
2689 2296 2752 2347 ὲκ
2788 2293 3003 2365 Πατρός
3031 2309 3088 2344 τε
3116 2292 3209 2344 καὶ
3240 2288 3369 2343 Υἱοῦ
3412 2288 3505 2341 καὶ
3533 2284 3690 2339 Πνεύ·

2132 2403 2298 2455 ματος
2335 2386 2492 2452 ἁγίου
2523 2386 2621 2455 τὴν
2651 2385 2944 2438 ὑπόστασιν
2975 2383 3117 2452 ἔχειν
3149 2381 3298 2450 παρά
3338 2379 3446 2432 τῶν
3475 2377 3693 2430 ἀκολου-

2128 2477 2364 2531 θούντων
2413 2479 2529 2539 ταῖς
2568 2476 2739 2539 θείαις
2784 2477 2988 2544 φωναῖς
3033 2472 3411 2526 πεπίστευται.
3474 2471 3532 2521 '0
3584 2467 3697 2536 γὰρ

2127 2568 2368 2630 ἀκούσας
2400 2569 2480 2621 ὅτι
2513 2567 2590 2637 τῷ
2621 2568 2778 2636 Λόγῳ
2811 2566 3020 2636 Κυρίου
3045 2565 3092 2616 οἱ
3121 2563 3336 2634 οὐρανοὶ
3361 2559 3699 2629 ἐστερεώθη-

2129 2678 2254 2724 σαν,
2289 2662 2380 2713 καὶ
2417 2659 2494 2729 τῷ
2525 2659 2800 2728 Πνεῦματι
2833 2657 2930 2710 τοῦ
2970 2657 3238 2726 στόματος
3277 2653 3442 2706 αὑτοῦ
3474 2653 3623 2704 πᾶσα
3661 2652 3698 2712 ἡ

2125 2751 2353 2820 δύναμις
2381 2748 2561 2802 αὐτῶν
2593 2766 2608 2780 σ
2638 2748 2759 2801 οὒτε
2793 2749 2941 2818 ῥῆμα
2984 2747 3074 2799 τὸν
3105 2747 3275 2813 Λόγον
3304 2743 3545 2812 ἐνόησεν,
3574 2740 3700 2793 οὔτε

2125 2838 2306 2910 ἆσθμα
2344 2842 2402 2894 τὸ
2440 2841 2691 2910 Πνεῦμα·
2733 2840 2862 2894 ἀλλά
2909 2839 3000 2892 τὸν
3041 2837 3172 2890 Θεὸν
3209 2837 3401 2903 Λόγον,
3453 2834 3548 2886 καὶ
3603 2832 3699 2885 τοῦ

2123 2932 2256 2984 Θεοῦ
2305 2933 2364 2984 τὸ
2425 2931 2682 3000 Πνεῦμα,
2744 2931 2827 2984 διά
2884 2931 2990 2984 τῶν
3057 2931 3359 3000 εἰρημένων
3417 2928 3698 2980 ἀνετνττώο

2127 3041 2274 3076 σατο.
2315 3025 2388 3076 υύ
2443 3024 2663 3074 δύναται
2721 3022 2775 3074 δὲ
2808 3021 2868 3074 τὸ
2901 3023 3030 3074 αὐτὸ
3064 3023 3154 3074 καὶ
3203 3020 3405 3083 κτίζειν
3455 3018 3550 3070 καὶ
3583 3017 3700 3068 κτίο

2124 3114 2332 3178 ζεσθαι.
2379 3114 2538 3166 Ἀλλά
2577 3114 2697 3183 διχῆ
2731 3113 3148 3182 μεμερισμένων
3178 3111 3285 3162 τῶν
3324 3110 3490 3162 ὄντων
3530 3110 3608 3170 εἰς
3638 3106 3701 3159 τὸ

2120 3205 2304 3258 ποιοῦν
2350 3222 2408 3256 τε
2435 3205 2528 3258 καὶ
2554 3206 2610 3258 τὸ
2653 3207 2932 3273 γινόμενον
2961 3224 2971 3234 ·
3004 3205 3116 3256 ἀλλ’
3163 3205 3245 3255 ὅτι
3280 3200 3537 3272 ἑκάτερόν
3579 3201 3697 3251 ἐστι

2117 3299 2182 3365 τῇ
2209 3297 2364 3364 φύσει
2399 3296 2546 3364 παρὰ
2586 3296 2646 3348 τὸ
2676 3295 2882 3366 ἓτερον,
2911 3296 2984 3358 ὡς
3018 3297 3151 3365 μήτε
3190 3295 3249 3347 τὸ
3283 3294 3564 3362 γινόμενον
3592 3293 3697 3344 ἄκ-

2117 3404 2295 3439 τιστον
2321 3383 2456 3439 εἶναι
2475 3427 2486 3449 ,
2523 3389 2657 3458 μήτε
2687 3387 2920 3450 κτιστὸν,
2949 3387 2976 3439 ὃ
3009 3387 3106 3456 τὴν
3131 3385 3239 3438 τῶν
3273 3384 3564 3454 γινομένων
3591 3398 3694 3432 κα-

2117 3477 2439 3549 τεργάζεται
2464 3476 2622 3546 φύσιν
2649 3494 2662 3507 ⁸
2696 3480 2804 3540 τοῖς
2835 3477 2932 3547 μὲν
2954 3474 3046 3530 οὖν
3077 3476 3214 3529 κατά
3241 3475 3337 3544 τὴν
3371 3473 3695 3542 δεσποτικὴν

2117 3571 2214 3639 τῆς
2263 3571 2494 3633 πίστεως
2547 3570 2758 3622 ἔκθεσιν
2803 3571 2880 3632 εἰς
2925 3569 2983 3622 τὸ
3025 3569 3192 3637 ὄνομα
3230 3568 3321 3620 τοῦ
3352 3566 3563 3636 [Ia-:90;
3603 3565 3696 3617 καὶ

2117 3661 2209 3713 τοῦ
2243 3660 2368 3712 Υἱοῦ
2393 3662 2484 3713 καὶ
2506 3659 2597 3711 τοῦ
2623 3658 2777 3727 ἁγίου
2806 3658 2943 3710 Πνεύ
2955 3675 3120 3726 ματος
3144 3655 3488 3716 πιστεύσασι,
3523 3653 3584 3706 τὸ
3617 3653 3691 3721 μὴ

2118 3753 2369 3820 γενέσθαι
2415 3769 2466 3803 τι
2506 3751 2710 3804 τούτων
2748 3749 2941 3818 ἐπίσης
2985 3748 3356 3819 ὁμολογεῖται·
3400 3747 3495 3798 καὶ
3540 3745 3694 3797 οὐδὲν

2117 3842 2210 3895 τοῦ
2260 3844 2554 3912 ἀγεννήτου
2591 3841 2651 3892 τὸ
2710 3840 3104 3909 σημαινόμενον
3169 3837 3548 3908 παραϐλάπτει
3595 3835 3697 3904 τὴν

2118 3931 2466 4000 ὑγιαίνουσαν
2494 3931 2692 3984 πίστιν.
2738 3928 2860 3992 Τοῖς
2890 3928 2946 3981 δὲ
2973 3928 3341 3998 παχυδέρμοις
3381 3926 3474 3978 καὶ
3504 3926 3697 3996 ἀδιαρ-

2119 4021 2345 4090 θρώτοις
2377 4021 2516 4090 ἀρχὴ
2557 4022 2655 4089 τῆς
2682 4020 2789 4072 ἀπὸ
2818 4019 2911 4072 τοῦ
2945 4019 3274 4087 ὑγιαίνοντος
3317 4017 3477 4084 λόγου
3510 4033 3694 4088 παρα-

2118 4113 2322 4182 τροπῆς
2359 4111 2516 4163 τοῦτο
2546 4111 2605 4164 τὸ
2649 4110 2818 4180 δνομα
2849 4111 3078 4178 γίνεται.
3136 4110 3225 4180 Μὴ
3271 4111 3542 4171 συνιέντες
3583 4111 3694 4179 γὰρ

2118 4203 2215 4272 τὴν
2251 4202 2426 4271 ἀληθῆ
2456 4200 2549 4253 τοῦ
2595 4201 2854 4270 ὀνόματος
2886 4201 3142 4271 ἔμφασιν,
3187 4201 3266 4252 ὅτι
3304 4201 3464 4270 μόνον
3503 4200 3564 4252 τὸ
3615 4201 3692 4270 μὴ

2119 4289 2444 4358 γεγενῆσθαι
2485 4290 2737 4358 σημαίνει
2765 4291 2796 4359 ὴ
2827 4288 2919 4341 τοῦ
2950 4291 3244 4359 ἀγεννήτου
3272 4289 3420 4359 φωνὴ
3441 4331 3455 4350 ,
3487 4289 3579 4340 καὶ
3608 4290 3692 4341 ὅτι

2998 4383 3016 4409 ι

433 4387 709 4448 sistentia,
747 4388 862 4442 sive
911 4403 1168 4458 persona,
1202 4403 1310 4442 non
1343 4388 1506 4442 simul
1531 4397 1789 4457 appareat
1824 4405 1837 4440 :
1865 4397 2015 4440 certo

2125 4385 2177 4434 :0
2221 4382 2294 4453 μὴ
2325 4381 2576 4450 γενέσθαι
2612 4381 2788 4434 κοινόν
2816 4383 2961 4434 ἐστιν
2996 4383 3087 4433 ἐπὶ
3119 4380 3321 4442 παντὸς
3349 4381 3442 4432 τοῦ
3476 4381 3694 4432 ὑποκειο

431 4479 666 4546 quodatn
699 4479 1064 4535 deterntinato
1107 4481 1380 4550 principio
1412 4479 1529 4534 Filii
1584 4492 1831 4533 naturam
1877 4479 2008 4532 deﬁ-

433 4570 615 4631 niunt,
677 4572 943 4634 dicentes,
997 4573 1140 4638 quod
1199 4572 1361 4625 modo
1411 4572 1514 4626 iste
1565 4572 1728 4624 dictis
1786 4569 2006 4638 adjecit,

433 4657 634 4711 Filium
695 4663 1018 4714 nominatum
1066 4679 1166 4714 non
1218 4664 1410 4733 absque
1481 4663 1854 4732 generatione,
1895 4677 2011 4731 qua:

429 4765 542 4802 esse
562 4752 838 4807 antecedit.

2121 4476 2282 4544 μένου
2306 4471 2405 4542 τῆς
2429 4472 2690 4535 κτίσεως·
2723 4473 2948 4540 ἀφέντες
2986 4475 3084 4541 τὴν
3115 4476 3192 4535 είς
3226 4474 3315 4526 τὸν
3347 4475 3567 4544 Πατέρα
3600 4478 3692 4528 πί-

2118 4567 2334 4628 στω-,τὸ
2393 4565 2682 4634 ἀγέννητον
2728 4565 2897 4634 ὄνομα
2951 4565 3068 4617 ἀντὶ
3110 4565 3202 4617 τοῦ
3270 4567 3480 4635 Πατρὺς
3527 4586 3695 4635 προε-

2121 4661 2418 4728 στήσαντοο
2459 4658 2532 4727 μὴ
2572 4657 3062 4726 συνεκφαινομένης
3091 4657 3146 4710 δὲ
3168 4699 3180 4716 ,
3226 4657 3406 4721 καθὼς
3440 4658 3658 4728 εἴρηται
3681 4703 3695 4719 ,

2117 4747 2194 4818 τῷ
2215 4747 2437 4815 ὀνόματι
2469 4746 2642 4816 τούτῳ
2668 4745 2763 4814 τῆς
2805 4746 2895 4797 τοῦ
2932 4745 3268 4812 Μονογενοῦς
3301 4749 3654 4812 ὑποστάσεως
3679 4810 3700 4835 θ

431 4840 540 4895 ἀπό
595 4859 739 4906 τινος
779 4845 1089 4918 ὡρισμένης
1135 4848 1308 4918 ἀρχῆς
1351 4845 1592 4916 ὁρίζουσι
1633 4845 1727 4898 τοῦ
1777 4844 1904 4898 Υίοῦ
1945 4845 2006 4897 τὸ
2045 4839 2217 4903 εἶναι,
2247 4843 2516 4910 λέγοντες,
2546 4842 2679 4911 ὅπερ
2710 4840 2803 4893 νῦν
2829 4835 2982 4902 οὗτος
3018 4844 3129 4904 τοῖς
3163 4841 3476 4912 εἰρημένοις
3521 4863 3699 4916 προσ‹

429 4930 617 5000 έθηκε·
641 4933 720 4994 τὸ,
738 4937 854 4986 οὐκ
881 4936 1025 4990 ἄνευ
1049 4937 1155 5004 τῆς
1176 4939 1286 5004 πρὸ
1313 4937 1415 4990 τοῦ
1448 4933 1599 4990 εἶναι
1621 4935 1954 5006 γεννήσεως
2000 4933 2438 5004 ὀνομαζῖῖτμενον
2477 4935 2632 4986 Υἱόν.

499 5026 758 5091 Quasnam
820 5028 931 5080 hzcc
967 5045 1157 5082 rursus
1207 5029 1515 5099 prodigiosa
1550 5028 1882 5081 aﬂirtnatio?
1919 5029 2000 5080 Au

428 5120 607 5170 nescit
629 5130 685 5168 se
711 5114 776 5168 de
801 5114 908 5168 Deo
931 5118 1091 5170 verba
1118 5117 1334 5172 facere?
1357 5117 1447 5187 qui
1480 5127 1565 5172 est
1582 5120 1634 5171 in
1654 5119 1925 5187 principio
1951 5127 2004 5171 et

430 5216 483 5266 iu
517 5211 681 5266 Patre
727 5212 851 5266 est?
893 5228 993 5265 nec
1021 5221 1102 5265 est
1147 5212 1525 5281 ontninoquod
1560 5220 1689 5264 tunc
1720 5227 1827 5264 nmt
1857 5211 2006 5265 erat?

427 5309 644 5374 ignorat
666 5309 807 5375 quod
841 5306 992 5360 dicit.
1031 5304 1173 5358 Nihil
1205 5304 1272 5358 de
1316 5305 1498 5372 aliquo
1533 5304 1874 5366 allirmatur;
1909 5301 2003 5353 sed

426 5406 682 5468 tanquam
705 5399 982 5452 hominum
1002 5396 1235 5466 alicujus
1256 5395 1625 5466 geneaIOgiam
1649 5394 2003 5455 describeret,

426 5500 549 5553 qua:
609 5488 825 5556 proprie
880 5487 1140 5542 dicuntur
1184 5486 1250 5540 de
1300 5492 1494 5539 natura
1552 5481 1830 5544 inferiore,
1895 5483 2005 5534 Inec

427 5576 610 5628 omnis
632 5586 896 5633 creatura:
924 5578 1151 5633 Domino
1186 5579 1443 5648 adaplare
1474 5587 1527 5632 ct
1557 5575 1811 5644 aﬁittgere
1839 5591 2009 5627 cona-

433 5679 550 5722 tur.
575 5665 810 5737 Exempli
844 5672 1033 5738 gratia,
1070 5673 1261 5726 lsmacl
1294 5688 1398 5725 non
1431 5677 1545 5724 erat
1599 5678 1720 5722 ante
1773 5683 2000 5736 gt'ttcl‘av

2184 5025 2279 5086 Τίς
2305 5023 2444 5092 αῦτη
2475 5024 2636 5076 πάλιν
2669 5025 2704 5094 ἡ
2733 5024 2863 5094 κενὴ
2897 5026 3186 5095 τερατείας
3223 5023 3364 5097 Ἀρα
3398 5027 3696 5078 ἐπίσταται

2111 5119 2192 5171 ὅτι
2221 5119 2347 5188 περὶ
2374 5117 2508 5169 Θεοῦ
2540 5120 2774 5170 ποιεῖται
2800 5117 2890 5169 τὸν
2913 5118 3103 5186 λόγον;
3141 5118 3246 5170 Τοῦ
3283 5121 3339 5170 ὲν
3369 5119 3510 5189 ἀρχῇ
3540 5119 3698 5180 ὄντος

2113 5211 2208 5263 καὶ
2235 5211 2292 5261 ἐν
2314 5209 2391 5278 τῷ
2426 5209 2594 5278 Πατρὶ
2626 5208 2809 5271 ﬁve-9;;
2842 5209 2948 5262 Καὶ
2971 5210 3070 5262 οὐκ
3095 5209 3240 5262 ἔστιν
3269 5211 3355 5262 ὅτε
3379 5210 3480 5261 οὐκ
3502 5210 3655 5270 ὄντος
3678 5227 3692 5268 ;

2113 5303 2226 5353 Οὐκ
2265 5298 2405 5354 οἶδεν
2441 5301 2468 5353 ὃ
2497 5301 2666 5367 λέγει.
2703 5301 2868 5354 Οὐδὲν
2910 5302 3036 5372 περί
3073 5319 3215 5364 τινος
3256 5303 3649 5372 διῖσχυρίζεται
3681 5345 3694 5362 ,

2116 5391 2228 5444 ἀλλ’
2259 5392 2333 5454 ὥς
2354 5409 2474 5444 τινα
2508 5391 2614 5443 τῶν
2661 5391 2968 5462 ἀνθρώπων
2995 5394 3352 5462 γενεαλογῶν,
3387 5394 3455 5446 τὰ
3486 5395 3699 5464 κυρίως

2115 5488 2207 5537 ἐπὶ
2237 5487 2332 5553 τῆς
2369 5485 2519 5537 κάτω
2552 5485 2822 5555 λεγόμενα
2856 5485 3102 5552 φύσεως,
3145 5487 3316 5540 ταῦτα
3355 5487 3697 5556 ἐφαρμόζειν

2119 5579 2368 5647 πειρᾶται
2415 5575 2488 5645 τῷ
2534 5577 2776 5647 Δεσπότῃ
2822 5578 2999 5646 πάσης
3051 5579 3149 5647 τῆς
3206 5579 3448 5647 φύσεως·
3498 5581 3526 5630 ὁ
3583 5581 3700 5648 γὰρ

2125 5669 2334 5738 Ἰσμαὴ)
2353 5713 2364 5734 ,
2427 5671 2508 5739 ipa
2535 5672 2725 5734 εἰπεῖν,
2741 5670 2836 5722 οὐκ
2859 5665 2922 5739 ἦν
2946 5669 3049 5739 πρὸ
3068 5671 3161 5737 τῆς
3180 5672 3252 5732 εἰς
3273 5671 3328 5722 τδ
3345 5664 3478 5722 εἶναι
3497 5671 3700 5739 γεννή-
