4054 6150
352 286 454 341 515

1479 282 1752 335 CONTRA
1812 283 2198 350 EUNOMIIYM,
2245 286 2368 342 LIB.
2415 286 2476 342 11.

3490 289 3596 342 είιι

355 419 512 462 σεως.
560 397 666 451 Ἶίν
703 399 759 450 δὲ
800 399 899 468 πρὸ
933 400 1028 468 τῆς
1073 401 1374 470 γεννήσεως
1405 401 1583 452 αὐτῶν
1613 401 1827 462 πάντως
1867 400 1925 452 τὸ

2032 404 2256 465 tionem,
2292 419 2413 472 qua:
2448 414 2501 456 ut
2556 403 2644 456 hic.
2674 410 2839 464 esset,
2897 401 3041 456 ferit.
3084 403 3208 456 Erat
3249 410 3426 456 autem
3471 412 3598 458 ante

353 491 600 564 χρονικδν
649 491 791 558 λέγω
841 491 1136 559 διάστημα.
1208 491 1330 543 Ἐπὶ
1355 491 1410 542 δὲ
1465 490 1555 541 τοῦ
1613 492 1709 559 τῆς
1763 490 1920 558 δόξης

352 583 817 651 ἀιιαυγάσματος,
867 582 926 633 τὸ
966 582 1070 651 πρὸ
1109 583 1203 634 καὶ
1249 580 1494 648 τὸμετᾶ
1529 579 1688 632 τοῦτο
1735 579 1920 650 χώραν

351 674 448 727 οὐκ
479 673 611 743 ἔχει.
640 673 752 743 Πρὸ
779 673 884 742 γὰρ
919 671 1012 724 τού
1052 672 1484 740 ἀπαυγάσματος
1527 671 1741 732 πάντως
1770 671 1922 723 οὐδὲν

353 767 386 836 ἠ
415 765 538 830 δόξα
567 760 654 835 ἦν.
698 764 862 834 Ὁμοῦ
883 763 991 834 γὰρ
1018 763 1096 833 τῷ
1116 760 1253 816 εἶναι
1274 764 1372 832 τὴν
1394 763 1571 828 δόξαν,
1608 763 1924 830 συνεκλάμ-

352 875 440 910 πει
468 857 686 918 πάντως
710 855 806 908 καὶ
825 855 887 907 τὸ
915 855 1254 923 ἀπαύγασμα
1277 871 1290 884 ·
1333 854 1426 907 καὶ
1459 853 1837 922 διαζευχθῆναι
1864 852 1924 904 τὸ

352 949 533 1017 ἓτερον
569 947 661 998 τοῦ
690 945 878 1016 ἐτέρου
907 945 1069 1014 φύσιν
1092 947 1190 998 ούκ
1221 947 1352 1016 ἔχει.
1388 945 1522 999 Οὗτε
1551 939 1776 998 δυνατόν
1809 945 1923 996 ἐστι

352 1037 457 1108 πρὸ
483 1037 577 1090 τοῦ
621 1038 1052 1104 ἀπαυγάσματος
1095 1037 1179 1106 ἐφ’
1218 1037 1412 1106 ἑαυτῆς
1451 1036 1547 1106 τὴν
1575 1036 1730 1099 δόξαν
1775 1036 1919 1088 ἰδεῖν.

363 1125 613 1195 Ἀλαμπῆ
637 1127 744 1195 γὰρ
767 1127 860 1179 καὶ
885 1125 1091 1196 τυφλὴν
1109 1129 1191 1194 ἐφ’
1214 1126 1410 1194 ἑαυτῆς
1433 1122 1570 1178 εἶναι
1592 1127 1926 1180 κατασκευά-

352 1215 434 1280 ζει
474 1217 570 1286 τὴν
601 1215 758 1279 δόξαν
806 1217 833 1267 6
872 1215 1028 1268 τοῦτο
1072 1216 1245 1283 λέγων
1269 1233 1282 1245 ·
1325 1217 1400 1286 μὴ
1453 1215 1925 1286 συνεκλάμποντος

351 1307 487 1374 αὐτῇ
531 1304 626 1356 τοῦ
670 1303 730 1368 ἐξ
774 1304 943 1374 αὐτῆς
978 1305 1428 1374 ἀπαυγασματος.
1465 1303 1611 1374 Αὕτη
1662 1305 1715 1356 δὲ
1753 1307 1784 1373 ἡ
1825 1304 1925 1373 τῆς

352 1395 614 1467 αἱρέσεως
643 1413 810 1448 κακον
822 1397 966 1464 ργία,
998 1397 1085 1450 ἵνα
1107 1397 1192 1449 διὰ
1227 1397 1334 1448 τῶν
1367 1397 1495 1464 περὶ
1518 1395 1612 1447 τοῦ
1638 1395 1923 1464 ἀνθρώπου

353 1488 652 1558 νοουμένων
689 1504 746 1539 τε
774 1487 868 1539 καὶ
895 1487 1201 1557 λεγομένων
1244 1489 1599 1557 ἀποστήσωρι
1633 1487 1723 1539 τὸν
1755 1489 1926 1539 Μονο-

353 1579 479 1647 γενῆ
508 1578 639 1629 Θεὸν
666 1577 764 1646 τῆς
807 1577 943 1648 πρὸς
981 1577 1070 1630 τὸν
1106 1579 1327 1648 Πατέρα
1360 1577 1629 1646 ἑνότητος.
1654 1576 1751 1629 Διά
1772 1576 1927 1631 τοῦτό

354 1683 536 1734 φησιν,
569 1663 675 1734 Πρὸ
697 1666 796 1734 τῆς
823 1668 900 1726 εἰς
926 1665 984 1718 τὸ
1017 1663 1156 1718 εἶναι
1180 1668 1484 1737 γεννήσεως
1537 1667 1638 1718 οὐκ
1674 1661 1741 1735 ἦν
1766 1665 1923 1727 Υίόςο

2021 509 2209 547 eorum
2273 496 2678 563 generationem
2713 509 2938 563 prorsus
2994 494 3138 563 quod
3204 496 3463 563 temporis
3516 507 3597 548 est

2022 583 2146 637 dico
2205 585 2570 638 intervallum.
2602 585 2669 636 At
2706 585 2972 652 iii-gloria:
3015 585 3302 653 splendore
3336 587 3594 653 praeposi-

2023 680 2197 729 tiones
2233 677 2333 735 liae.
2369 686 2513 738 ante,
2543 687 2594 729 ct
2628 686 2768 744 post,
2806 677 2983 728 locum
3035 693 3138 727 non
3171 676 3389 728 halent.
3424 674 3600 743 Siqui-

2023 766 2144 819 dem
2176 777 2300 821 ante
2325 768 2666 836 splendorem
2695 767 2865 836 gloria
2895 767 3024 819 nihil
3063 776 3179 819 rrat
3215 786 3227 818 :
3262 766 3420 820 simul
3452 768 3595 820 rnim

2023 865 2185 925 atque
2213 857 2382 926 gloria
2429 857 2660 919 exstitit,
2700 873 2919 925 prorsus
2976 865 3028 909 et
3071 855 3272 910 eﬂ‘ulsit
3320 857 3598 924 splendor,

2025 963 2125 1000 nec
2156 949 2382 1000 alterum
2414 949 2480 999 ali
2520 950 2690 1002 altero
2719 955 2912 1000 natura
2943 946 3294 1014 disiungitur.
3331 945 3439 1000 Nec
3475 956 3598 998 ante

2025 1037 2364 1106 splendorem
2399 1039 2570 1108 gloria
2605 1039 2658 1092 in
2687 1041 2864 1107 seipsa
2895 1039 3007 1092 ullo
3030 1053 3255 1107 prorsus
3287 1038 3446 1091 modo
3467 1053 3599 1091 con-

2025 1129 2160 1196 spici
2223 1129 2416 1196 potuit.
2479 1124 2778 1181 Obscuram
2805 1127 2948 1180 enim
2997 1137 3050 1181 et
3085 1141 3282 1180 caecam
3308 1127 3358 1178 in
3414 1127 3597 1194 si-ipsa

2025 1219 2251 1288 gloriam
2277 1234 2397 1272 esse
2431 1226 2638 1272 astruet
2660 1257 2674 1282 ,
2703 1218 2793 1286 qui
2831 1217 2964 1270 dicit
2990 1218 3112 1281 hoc,
3145 1235 3253 1272 non
3278 1219 3438 1271 simul
3473 1231 3596 1268 cum

2026 1311 2142 1379 ipsa
2177 1309 2466 1379 ell‘ulgente
2505 1325 2569 1362 ex
2623 1309 2741 1378 ipsa
2774 1308 3065 1377 splendore
3105 1327 3116 1361 :
3163 1309 3275 1361 lucc
3303 1318 3386 1362 cst
3433 1308 3600 1359 haere-

2027 1414 2150 1455 seos
2173 1399 2442 1452 calumnia
2478 1405 2532 1453 et
2562 1398 2901 1467 improbitas,
2944 1405 3000 1450 ut
3038 1413 3131 1467 per
3155 1412 3217 1451 ea
3241 1414 3362 1466 qme
3397 1398 3463 1451 de
3497 1397 3598 1448 lio-

2028 1493 2171 1546 mine
2191 1502 2244 1545 et
2271 1491 2647 1559 intelliguntur
2668 1499 2721 1544 et
2747 1490 3026 1553 dicuntur,
3055 1489 3403 1559 Unigcnitttm
3434 1489 3598 1542 Deum

2028 1583 2097 1637 ab
2136 1584 2338 1638 unitate
2359 1601 2477 1638 cum
2503 1581 2656 1637 Patre
2678 1583 3013 1638 abstraham.
3035 1582 3241 1636 Idcirco
3266 1582 3453 1635 dicunt
3477 1590 3602 1635 ante

2027 1672 2426 1742 generationem
2484 1686 2604 1740 quae
2635 1688 2757 1727 esse
2803 1674 2980 1735 cllicit,
3015 1671 3199 1725 Filium
3238 1688 3341 1727 non
3409 1671 3594 1726 fuisse.

352 1759 399 1810 οἱ
437 1758 492 1810 δὲ
536 1757 646 1810 τῶν
695 1757 863 1827 κριῶν
918 1757 1063 1820 υἱοὶ,
1097 1751 1172 1810 ὧν
1209 1761 1236 1812 6
1285 1758 1571 1828 Προφήτης
1622 1757 1924 1828 μέμνηται,

2032 1764 2272 1816 Arietum
2300 1761 2642 1830 ﬁliiqnorum
2664 1765 2907 1816 meminit
2932 1763 3278 1832 Propheta",
3305 1780 3408 1815 non
3438 1776 3486 1815 et
3519 1764 3594 1814 illi

351 1849 470 1918 οὐχὶ
499 1850 742 1901 κάκεῖνοι
767 1847 906 1918 μετά
939 1850 999 1901 τὸ
1023 1848 1276 1916 γενέσθαι
1300 1847 1592 1901 καλοῦνται
1623 1848 1726 1900 υἱοί
1752 1865 1765 1910 ;
1792 1849 1927 1916 ὅπερ

351 1937 443 1993 οὖν
472 1942 583 2002 τοῖς
621 1940 752 2002 υἱοῖς
786 1938 894 1991 τῶν
927 1938 1096 2009 κριῶν
1127 1940 1289 2009 ἐνορᾷ
1314 1942 1342 1992 6
1377 1938 1531 2006 λόγος
1555 1979 1568 2001 ,
1604 1938 1664 1989 τὸ
1705 1936 1810 2006 πρὸ
1833 1929 1930 2006 τῆς

353 2035 431 2095 εἰς
451 2031 509 2083 τὺ
530 2027 668 2083 εἶναι
695 2032 1001 2100 γεννήσεως
1045 2029 1117 2100 μὴ
1140 2025 1278 2082 εἶναι
1310 2030 1510 2092 αὐτοὺς
1548 2031 1692 2090 υἱοὺς
1718 2027 1890 2098 κριῶν
1917 2046 1928 2057 ·

351 2118 508 2170 τοῦτο
531 2118 626 2170 νῦν
647 2120 674 2170 6
694 2118 888 2186 σεμνὸς
925 2117 1170 2186 θεολόγος
1197 2118 1480 2186 ἀνατίθησι
1509 2117 1584 2186 τῷ
1610 2119 1800 2186 ποιητῇ
1824 2115 1931 2167 τῶν

353 2208 558 2262 αἰώνων
587 2211 680 2262 καὶ
701 2211 881 2279 πάσης
911 2210 1008 2280 τῆς
1031 2211 1279 2274 κτίσεως,
1305 2209 1380 2278 τῷ
1402 2209 1491 2261 τὸν
1513 2209 1680 2260 ἀΐδιον
1709 2207 1926 2276 Πατέρα

353 2303 412 2354 ὲν
441 2299 617 2372 ἑαυτῷ
637 2301 833 2370 ἔχοντι,
859 2301 951 2352 καὶ
971 2302 1031 2352 ἐν
1060 2302 1124 2370 τῇ
1147 2299 1241 2353 τοῦ
1267 2299 1478 2369 Πατρὸς
1502 2299 1762 2368 ἀϊδιότητι
1793 2298 1925 2350 θεω-

356 2394 624 2464 ρουμένῳ,
649 2393 829 2455 καθὼς
851 2392 1007 2451 αὑτός
1027 2409 1190 2461 φησιν
1216 2431 1229 2453 ,
1271 2392 1348 2443 ὅτι
1388 2389 1534 2458 Ἐγὼ
1555 2391 1622 2441 ἐν
1641 2390 1720 2454 τῷ
1746 2388 1925 2454 Harp!

356 2485 454 2537 καὶ
483 2489 514 2538 d
547 2484 749 2551 Πατὴρ
789 2484 860 2536 ἐν
885 2483 1038 2551 ἐμοί.
1083 2482 1222 2534 Ἀλλ’
1251 2481 1299 2533 οί
1331 2481 1406 2550 μὴ
1436 2481 1720 2550 δυνάμενοι
1747 2481 1842 2548 τὴν
1869 2481 1926 2532 ὲν

355 2579 431 2650 τῷ
453 2579 594 2648 λόγῳ
626 2577 958 2648 κακουργίαν
984 2577 1280 2646 ἐφορᾶσθαι
1300 2618 1312 2638 ,
1351 2576 1486 2645 μηδέ
1525 2556 1646 2628 τινα
1674 2575 1767 2628 τοῦ
1793 2576 1921 2627 ἀκοο

354 2670 542 2723 λούθου
577 2668 902 2739 κατανόησιν
927 2667 1364 2736 πεπαιδευμένοι,
1402 2668 1512 2728 τοῖς
1535 2665 1926 2734 ἀσυναρτήτοις

354 2762 566 2824 τούτοις
608 2759 1025 2823 ἀκολουθοῦσιν,
1081 2759 1154 2823 ὡς
1203 2758 1492 2810 ἀκόλουθον
1543 2757 1820 2827 δεχόμενοι
1865 2757 1927 2808 τὸ

353 2855 564 2915 τούτοις
589 2852 970 2922 προκείμενον.

423 3029 564 3101 Φησὶ.
595 3028 724 3098 γὰρ,
750 3027 830 3080 ὅτι
873 3026 992 3095 πρὸ
1030 3026 1235 3093 πάσης
1263 3026 1372 3092 τῆς
1408 3026 1659 3089 κτίσεως
1694 3023 1904 3093 γενόμε

353 3136 502 3175 νον·
555 3120 649 3170 καὶ
697 3118 883 3188 ὥσπερ
926 3117 1024 3169 οὐκ
1058 3115 1332 3186 ἀρκούσης
1374 3117 1472 3184 τῆς
1525 3113 1703 3182 φωνῆς
1729 3111 1930 3180 ταύτης

360 3213 493 3283 προς
530 3211 753 3275 ἔνδειξιν
796 3211 894 3279 τῆς
948 3207 1230 3269 ἀσεϐείας,
1281 3206 1560 3277 ἐφεδρεύει
1615 3205 1692 3274 τῷ
1736 3203 1930 3273 ἐφεξῆς

358 3305 500 3373 λόγῳ
543 3303 641 3372 τὴν
688 3301 1031 3372 βλασφημίαν
1082 3299 1287 3364 εἰπὼν,
1338 3300 1417 3351 ὃτι
1481 3301 1590 3351 οὐκ
1624 3297 1928 3350 ἄκαστον.

362 3396 482 3458 Πῶς
511 3391 604 3447 οὖν
654 3393 906 3463 ὀνομάζει
941 3393 1063 3445 Υἱὸν
1097 3391 1342 3460 ἀληθινὸν
1377 3390 1467 3442 τὸν
1512 3390 1611 3442 οὐκ
1643 3389 1928 3453 ἄκτιστον;

360 3488 418 3539 Εἰ
446 3489 552 3558 γὰρ
576 3486 664 3540 τὸν
692 3485 904 3538 κτιστὺν
949 3484 1061 3535 υἱον
1111 3482 1359 3552 ἀληθινὸν
1403 3481 1582 3548 λέγειν
1623 3481 1927 3550 προσήκει·

361 3579 609 3648 ἀληθινὸς
649 3578 762 3642 υίὸς
819 3577 912 3630 καὶ
949 3578 976 3630 ὁ
1009 3575 1230 3645 οὐρανὸς
1260 3573 1478 3634 πάντως
1511 3572 1626 3623 ἐστί
1649 3587 1662 3600 ·
1708 3571 1932 3641 καὶγὰρ

360 3672 518 3733 αὐτὸς
545 3671 646 3723 οὑκ
673 3668 922 3732 ἆκτιστός
953 3671 1119 3720 ἐστιν.
1144 3665 1328 3727 Οὕτως
1353 3663 1603 3733 ἀληθινὸς
1642 3661 1756 3723 υίὸς
1787 3663 1880 3714 καὶ
1905 3663 1932 3713 6

360 3766 526 3834 ἥλιος,
559 3765 652 3816 καὶ
674 3763 849 3816 πάντα
876 3763 975 3815 ὅσα
1002 3762 1036 3829 ἡ
1064 3759 1241 3821 κτίσις
1266 3757 1376 3827 ἔχει
1415 3756 1585 3825 μικρά
1611 3771 1669 3806 τε
1701 3753 1792 3806 καὶ
1819 3754 1934 3822 μεί-

361 3854 510 3920 ζονα,
542 3856 641 3924 τῆς
669 3853 760 3906 τοῦ
794 3850 1048 3921 ἀληθινοῦ
1083 3848 1211 3902 Υίοῦ
1249 3845 1616 3918 προσηγορίας
1648 3843 1774 3906 ἀξια
1802 3843 1934 3896 πάν-

360 3965 467 4010 τως
501 3945 667 4000 ἐστίν.
719 3944 843 4008 Πῶς
884 3943 941 3996 δὲ
990 3941 1135 4008 λέγει
1163 3937 1444 4007 Μονογενῆ
1490 3936 1579 3988 τὸν
1613 3935 1931 4004 γενόμενον;

362 4040 547 4092 Πάντα
572 4039 682 4108 γὰρ
708 4037 774 4089 τὰ
804 4035 1071 4105 γενόμενα
1101 4031 1305 4100 ἀδελφὰ
1350 4030 1566 4090 πάντως
1594 4027 1740 4080 ἐστὶν
1767 4026 1931 4096 ἀλλή-

360 4132 489 4193 λων,
517 4132 637 4183 κατ’
668 4129 829 4181 αὐτὸν
870 4127 1011 4194 λέγω
1049 4125 1138 4177 τὸν
1166 4121 1258 4175 τοῦ
1280 4120 1530 4190 γενέσθαι
1569 4119 1742 4185 λόγον.
1778 4119 1933 4189 Παρὰ

359 4225 503 4286 τίνος
523 4223 580 4274 δὲ
609 4221 703 4274 καὶ
721 4219 1035 4290 γενόμενον;
1065 4218 1250 4271 Πάντα
1275 4215 1382 4284 γὰρ
1403 4212 1523 4265 εἴτι
1552 4213 1760 4281 γέγονε,
1785 4212 1932 4282 παρά

2032 1863 2322 1922 postquam
2383 1854 2549 1922 geniti
2609 1853 2831 1908 fuerunt
2867 1895 2879 1914 ,
2935 1862 3202 1909 vocantur
3255 1854 3392 1908 ﬁlii?
3441 1854 3596 1917 Quod

2033 1944 2198 2012 igitur
2221 1942 2273 1996 in
2311 1943 2436 1998 ﬁliis
2459 1943 2688 1998 arietum
2739 1944 2950 2014 inspicit
2985 1945 3312 2010 intellectus,
3341 1957 3464 1999 ante
3517 1959 3604 2014 ge-

2035 2022 2392 2095 nerationem,
2417 2048 2536 2100 qua:
2575 2041 2631 2085 ut
2671 2037 2781 2089 sint
2811 2049 2975 2087 causa
3003 2042 3106 2097 est,
3148 2035 3296 2103 ipsos
3343 2051 3450 2088 non
3481 2050 3603 2088 csse

2036 2124 2174 2178 ﬁlios
2203 2125 2460 2187 al'icltltlt,
2529 2125 2631 2178 hoc
2675 2125 2851 2193 ipsum
2896 2123 2998 2179 iste
3022 2142 3244 2179 severus
3319 2126 3604 2193 theologus

2034 2217 2226 2270 facturi
2263 2215 2578 2273 smculorum
2609 2215 2897 2283 omnisque
2945 2225 3210 2270 creaturae
3249 2217 3520 2280 attribuit,
3552 2216 3603 2269 ei

2029 2308 2272 2375 inquam,
2317 2307 2410 2374 qui
2463 2315 2727 2360 aeternum
2787 2304 3003 2359 Patrem
3054 2305 3108 2359 in
3163 2321 3221 2360 se
3275 2306 3394 2376 ipso
3416 2307 3601 2370 habet,

2027 2400 2228 2467 quique
2249 2397 2302 2450 in
2327 2395 2506 2451 Patris
2525 2397 2827 2452 aeternitate
2861 2397 3198 2466 intelligitur.
3246 2396 3605 2462 Quemadmo-

2027 2490 2152 2543 dum
2173 2489 2246 2543 ait
2269 2492 2386 2558 ipse
2409 2489 2476 2554 “,
2507 2487 2616 2558 Ego
2641 2489 2826 2542 sumin
2853 2490 3032 2552 I’atre,
3059 2497 3104 2540 et
3137 2487 3295 2542 Pater
3317 2489 3370 2541 in
3400 2505 3478 2542 me
3503 2500 3602 2543 est.

2032 2579 2136 2635 Sed
2167 2581 2258 2650 qui
2284 2596 2390 2634 non
2416 2588 2644 2649 possunt
2679 2579 2816 2632 hanc
2836 2579 3161 2632 calumniam
3185 2588 3235 2633 et
3279 2580 3604 2634 malitiosum

2032 2674 2539 2744 interpretationem
2583 2674 2911 2742 perspicere,
2950 2687 3124 2740 neque
3147 2671 3311 2725 ullam
3343 2687 3606 2727 consecu-

2033 2766 2200 2820 tionis
2222 2766 2486 2820 rationem
2516 2765 2844 2827 didicerunt,
2868 2765 2952 2819 liis
2979 2774 3087 2817 tam
3123 2765 3262 2819 male
3284 2765 3607 2820 cohaerenti-

2031 2855 2134 2911 bus
2163 2857 2540 2911 assentiuntur
2584 2856 2928 2911 admittentes
2980 2865 3236 2926 tanquam
3265 2871 3606 2926 consequens

1958 2953 2000 3009 c
2034 2949 2176 3018 quod
2209 2949 2292 3002 his
2323 2948 2594 3017 adjicitur.

2110 3039 2196 3091 Ait
2250 3041 2417 3104 enim,
2450 3039 2602 3103 Quod
2635 3049 2754 3093 ante
2803 3057 3005 3094 onmem
3045 3049 3342 3094 creaturam
3371 3040 3609 3109 factum,

2033 3139 2079 3181 et
2106 3127 2262 3195 quasi
2293 3126 2405 3180 lucc
2437 3143 2537 3179 vox
2558 3144 2663 3181 non
2695 3127 2961 3181 sullicerct
2990 3128 3057 3182 ad
3092 3129 3609 3184 demonstrationem

2034 3221 2350 3290 impietatis,
2381 3220 2674 3274 insidiatur
2717 3231 2978 3288 sequente
3007 3236 3258 3273 sermone
3292 3220 3612 3288 blasphemo

2033 3328 2129 3366 ore
2162 3313 2377 3366 loeutus
2415 3313 2552 3382 quod
2577 3320 2775 3364 nonest
2805 3309 2928 3378 quid
2979 3310 3287 3362 increatum.
3327 3309 3606 3374 Quomodo

2035 3401 2200 3471 igitur
2267 3418 2450 3455 verum
2491 3401 2584 3455 Dei
2615 3400 2812 3456 Filium
2838 3401 3081 3454 nominat
3108 3415 3232 3454 eum
3273 3403 3364 3469 qui
3389 3417 3495 3452 non
3527 3408 3612 3455 est

2037 3495 2346 3550 inereatus?
2367 3494 2414 3549 si
2437 3495 2579 3548 enim
2611 3509 2733 3548 eum
2763 3494 2853 3563 qui
2877 3500 3096 3547 creatus
3118 3503 3417 3552 est.rerum
3439 3494 3611 3546 tilium

2036 3583 2116 3638 fas
2148 3591 2233 3638 est
2259 3584 2483 3638 dicere:
2529 3583 2726 3638 etclam
2769 3597 2929 3637 verus
2965 3580 3109 3636 illius
3139 3581 3358 3645 dicitur,
3393 3582 3521 3650 quia
3556 3591 3612 3636 et

2036 3675 2213 3744 ipsum
2260 3680 2482 3728 nonest
2535 3674 2872 3738 inereatum;
2931 3673 3012 3729 sic
3058 3687 3225 3728 verus
3309 3675 3450 3729 ﬁlius
3503 3676 3609 3729 sol.

2034 3768 2212 3831 Atque
2245 3764 2427 3816 omnia
2453 3776 2573 3830 qua:
2603 3770 2784 3815 creata
2839 3771 2987 3824 sunt,
3017 3759 3132 3815 sive
3154 3775 3320 3830 parva
3348 3762 3461 3817 sive
3491 3778 3610 3814 ma-

2030 3851 2173 3918 jora,
2221 3849 2330 3904 veri
2365 3849 2458 3902 lilii
2519 3849 2883 3918 appellatione
2937 3849 3098 3916 digna
3152 3851 3376 3904 omnino
3422 3864 3607 3905 erunt.

2035 3942 2170 3996 Cum
2203 3948 2385 3994 autem
2441 3938 2788 4010 Unigenitum
2825 3940 2956 3993 dicit
2985 3939 3185 3994 lactant
3233 3955 3376 4005 esse,
3427 3945 3611 3995 omnia

2033 4045 2155 4100 quae
2167 4029 2310 4084 facta
2327 4029 2740 4084 suntcommuni
2759 4029 2900 4083 inter
2917 4044 2976 4083 se
2991 4027 3178 4084 fratrls
3193 4030 3416 4084 nomine
3433 4033 3612 4098 ιψνιιι-

2036 4122 2313 4184 labuntur,
2331 4121 2454 4176 dico
2473 4120 2768 4176 secundum
2787 4121 2958 4190 ipsam
2974 4121 3093 4188 ejus
3110 4120 3254 4188 quod
3269 4119 3470 4174 factum
3487 4136 3612 4174 esse

2036 4210 2546 4276 dicitur,rationem.
2559 4210 2602 4262 A
2616 4225 2723 4278 quo
2736 4219 2914 4262 autem
2934 4208 3134 4262 factum
3152 4221 3274 4262 esse
3289 4204 3609 4260 dicet?N.-nu

360 4312 454 4366 τοῦ
493 4310 626 4365 Υἱοῦ
657 4311 872 4372 πάντως
921 4307 1156 4375 ἐγένετο.
1229 4303 1417 4366 Οὕτως
1461 4303 1567 4374 γὰρ
1605 4303 1632 4354 6
1681 4301 1928 4369 Ἰωάννης

2035 4301 2215 4356 omnia
2250 4314 2371 4368 quae
2398 4299 2540 4353 facta
2580 4307 2724 4360 sunt,
2758 4312 2983 4366 prorsus
3013 4311 3042 4349 a
3071 4295 3210 4349 Filio
3262 4295 3403 4349 facta
3433 4305 3558 4349 sunt
3593 4315 3603 4347 :

365 4401 699 4473 μαρτύρεται
729 4399 902 4468 λέγων
925 4440 939 4462 ,
985 4398 1066 4450 ὅτι
1100 4395 1302 4449 Πάντα
1341 4393 1414 4446 δι’
1455 4391 1640 4447 αὐτοῦ
1673 4391 1926 4461 ἐγένετο.

363 4495 425 4548 El.
447 4495 626 4546 τοίνυν
657 4493 751 4545 καὶ
792 4493 823 4543 6
859 4491 986 4554 Υἱὸς
1035 4488 1176 4542 κατά
1218 4487 1309 4540 τὸν
1354 4485 1446 4538 τοῦ
1478 4485 1744 4554 Εὑνομίου
1773 4483 1931 4551 λόγον

363 4586 600 4654 ἐγένετο,
644 4585 860 4646 πάντως
910 4583 967 4634 ἐν
995 4584 1061 4651 τῇ
1101 4578 1261 4648 φύσει
1290 4577 1397 4630 τῶν
1437 4574 1743 4646 γενομένων
1771 4575 1866 4627 καὶ
1907 4573 1935 4624 6

363 4671 516 4738 οὗτός
547 4677 713 4728 ἐστιν.
765 4675 827 4726 Εἰ
851 4669 942 4726 οὖν
975 4671 1153 4725 πάντα
1195 4668 1265 4722 τὰ
1306 4669 1572 4736 γενόμενα
1599 4667 1678 4717 ιδι’
1723 4665 1933 4716 ἐκείνου

361 4768 611 4835 ἐγένετο·
653 4766 709 4818 ἓν
749 4765 805 4818 δὲ
837 4763 944 4817 τῶν
998 4760 1304 4830 γενομένων
1344 4758 1438 4810 καὶ
1476 4758 1504 4809 6
1530 4757 1702 4824 Λόγος
1747 4755 1893 4808 ἐστίν
1919 4771 1932 4785 ·

360 4860 442 4924 τις
480 4859 653 4922 οὕτως
688 4859 912 4928 ἀνόητος
944 4856 1019 4917 ὠς
1053 4855 1126 4926 μὴ
1158 4853 1383 4906 συνιδεῖν
1415 4851 1502 4905 διὰ
1544 4850 1652 4905 τῶν
1676 4849 1934 4902 τεθέντων

359 4950 422 5004 τὸ
454 4950 674 5012 ἄτοπον,
712 4951 794 5002 ὅτι
842 4947 1002 5000 αὑτὸν
1043 4945 1235 4999 ἑαυτοῦ
1279 4944 1438 5014 ἔργον
1473 4941 1803 5012 γεγενῆσθαι
1844 4940 1934 4992 τὸν

361 5039 634 5107 Δεσπότην
668 5038 768 5107 τῆς
821 5035 1048 5096 κτίσεως
1092 5037 1120 5087 6
1165 5031 1351 5092 καινὸς
1391 5025 1540 5092 οὗτος
1578 5024 1939 5098 δογματιστὴς

360 5130 750 5198 ἀποφαίνεται,
783 5127 858 5198 τῷ
886 5123 1182 5197 διαρρήδην
1223 5125 1394 5175 εἰπεῖν
1425 5120 1497 5190 μὴ
1527 5119 1776 5172 ἄκτιστον
1797 5111 1936 5170 εἶναι

358 5223 446 5272 τὸν
472 5221 672 5290 Κύριον
691 5219 781 5271 τὸν
801 5216 1132 5287 δημιουργὸν
1157 5214 1336 5284 πάσης
1363 5213 1463 5282 τῆς
1485 5211 1745 5274 κτίσεωςς
1766 5208 1935 5261 Πόθεν

360 5312 471 5380 ἔχει
500 5309 599 5380 τὴν
627 5307 963 5379 παρρησίαν,
996 5305 1226 5359 εἰπάτω.
1269 5303 1364 5356 Ἐκ
1390 5300 1546 5362 ποίας
1579 5297 1932 5352 θεοπνεύστου

359 5402 579 5472 ςωνῆςς
621 5400 720 5464 Τίς
749 5393 1155 5466 εὐαγγελιστὴς,
1224 5397 1372 5457 ποῖος
1393 5389 1685 5452 ἀπόστολος
1705 5388 1800 5459 τὴν
1823 5407 1933 5442 τοι-

358 5491 526 5564 αύτην
559 5491 740 5562 ἀφῆκε
780 5489 1002 5558 φωνήνς
1049 5487 1151 5549 Τίς
1195 5485 1502 5556 προφήτης,
1547 5481 1581 5551 ἢ
1611 5480 1926 5550 νομοθέτης.

430 5677 474 5708 ³³
511 5674 660 5727 I‘sal.
704 5683 861 5730 exui,
920 5668 972 5720 '5.
1049 5666 1090 5696 “
1133 5663 1290 5717 Joau.
1324 5678 1430 5725 xw,
1472 5659 1524 5713 ’5.

2039 4391 2120 4445 sic
2151 4392 2296 4445 enim
2359 4397 2594 4444 testatur
2642 4388 2882 4443 Joannes
2911 4403 3033 4442 cum
3071 4387 3225 4451 dicit,
3278 4385 3470 4442 Onnu‘a
3519 4402 3612 4454 per

2037 4483 2210 4550 ipsum
2238 4481 2383 4550 facta
2415 4489 2535 4533 sunt
2560 4479 2624 4531 ³⁸.
2663 4478 2718 4533 Si
2751 4495 2880 4548 ergo
2911 4478 3074 4533 etiam
3090 4475 3256 4533 Filius
3287 4477 3466 4532 factus
3501 4487 3607 4543 est,

2037 4572 2338 4628 secundum
2389 4570 2642 4624 Eunomii
2689 4570 2978 4635 rationem,
3030 4584 3254 4637 prorsus
3309 4569 3362 4622 in
3428 4584 3606 4622 rerum

2037 4664 2306 4720 factarum
2344 4669 2537 4717 natura
2577 4662 2721 4717 idem
2749 4663 2866 4732 ipse
2905 4669 3008 4717 est.
3054 4660 3212 4727 Quod
3242 4661 3286 4716 si
3313 4675 3433 4730 quae
3473 4662 3608 4714 [ium

2037 4758 2220 4814 omnia
2251 4771 2347 4826 per
2405 4756 2556 4810 illum
2616 4754 2756 4808 facta
2812 4761 2978 4820 sunt;
3025 4769 3189 4807 unum
3248 4769 3436 4808 eorum
3490 4768 3612 4824 ηυδε

2039 4849 2183 4904 facta
2206 4857 2336 4904 sunt
2354 4849 2567 4902 dicetur
2593 4847 2842 4916 etipsum
2877 4843 3131 4898 Verbum.
3157 4844 3292 4911 Quis
3319 4847 3390 4898 ita
3416 4860 3610 4901 exmis

2040 4947 2097 4993 et
2122 4937 2276 4990 avius
2307 4951 2337 4988 a
2373 4951 2497 4989 vera
2527 4935 2760 4996 ratione,
2791 4933 2883 5002 qui
2925 4947 3032 4986 non
3063 4949 3126 4987 ex
3163 4933 3246 4987 his
3289 4949 3408 5001 qua:
3433 4943 3629 5002 posna.

2041 5033 2191 5089 sunt,
2247 5023 2392 5094 quod
2447 5024 2742 5078 absurdum
2769 5021 3016 5092 sequitur
3046 5021 3312 5090 intelligat
3357 5040 3372 5076 :
3417 5035 3611 5088 nempe

2040 5117 2220 5188 ipsum
2252 5123 2520 5170 creaturae
2565 5113 2848 5168 Dominum
2883 5112 2969 5168 sui
3013 5113 3184 5182 ipsius
3224 5127 3363 5180 opus
3405 5111 3608 5162 factum

2039 5223 2188 5272 esse,
2228 5207 2297 5260 ab
2353 5205 2457 5259 hoc
2509 5219 2652 5258 novo
2710 5203 2933 5259 doctore
2954 5202 3324 5274 pronuntiari,
3367 5200 3494 5268 quia
3522 5197 3609 5251 di-

2040 5305 2184 5350 serte
2213 5295 2433 5356 dixerit,
2476 5293 2651 5363 ipsum
2676 5293 2982 5359 Dominum,
3019 5293 3111 5360 qui
3134 5296 3217 5344 est
3238 5287 3418 5340 omnis
3450 5299 3606 5339 crea-

2038 5395 2174 5441 turae
2205 5387 2386 5456 opifex
2420 5394 2473 5442 et
2502 5386 2773 5448 conditor,
2798 5401 2907 5439 non
2937 5399 3059 5440 esse
3094 5379 3433 5435 increatum?
3455 5375 3610 5430 Unde

2039 5481 2176 5531 hanc
2205 5475 2506 5530 allii-mandi
2538 5475 2818 5529 audaciam
2848 5472 3030 5526 habet.
3067 5469 3231 5522 dicat.
3281 5463 3353 5517 Ex
3388 5478 3494 5534 qua
3527 5464 3611 5518 tli-

1604 5658 1645 5688 ³⁶
1694 5655 1851 5711 Joan.
1903 5671 1940 5718 ι,
1980 5652 2037 5707 ’5.
