4054 6150
468 262 570 315 M5
1759 253 1817 308 S.
1850 251 2176 307 GREGORII
2216 251 2500 306 NYSSENI
3601 252 3703 307 516

468 382 670 434 vinitus
703 379 962 445 iuSpirata
1002 374 1169 427 voce?
1203 374 1335 438 Quis
1374 373 1676 440 apostolus,
1716 373 1842 440 quis
1867 387 2035 425 evan-

2108 427 2109 430 ,
2139 374 2170 442 ἢ
2206 375 2567 444 πατριάρχης,
2600 375 2632 442 ἦ
2667 374 2821 436 ἄλλος
2848 390 2932 435 τις
2962 372 3067 424 τῶν
3097 370 3201 424 ὑπὸ
3235 370 3325 422 τοῦ
3353 369 3512 436 ἀγίου
3539 369 3709 424 Πνεύ-

467 474 658 541 gelista
694 470 851 521 talem
881 467 1063 520 emisit
1110 466 1333 518 vocem?
1363 465 1495 528 Quis
1527 465 1810 533 propheta,
1846 465 1925 518 vel
1965 466 2032 516 le-

2145 483 2309 534 ματος
2332 465 2792 534 θεοφορουμὲνων,
2819 457 2892 516 ὧν
2915 461 3253 532 ἀνάγραπτοι
3278 462 3414 512 εἰσιν
3432 461 3489 510 αἱ
3514 460 3706 526 φωναὶ,

475 564 724 632 gislator,
760 560 840 612 vel
872 557 1204 627 patriarcha,
1244 558 1324 609 vel
1362 558 1483 624 quis
1507 556 1647 608 alius
1689 557 1980 623 corumqui
2010 571 2039 607 a

2139 557 2236 624 τῆς
2274 556 2526 625 τοιαύτης
2559 557 2765 624 ρήσεως
2798 554 3175 623 καθηγήσατο;
3225 549 3442 618 Πατέρα
3467 548 3562 600 καὶ
3583 546 3709 600 Υἱὸν

467 651 671 721 Spiritu
705 659 896 703 sancto
932 647 1090 701 atliati
1136 656 1190 700 et
1223 648 1471 701 instructi
1524 647 1760 707 fuerunt.
1807 661 2037 714 quorum

2141 648 2232 698 καὶ
2266 647 2486 715 Πνεῦμα
2509 646 2660 714 ἅγιον
2686 647 2743 697 ὲν
2765 648 2831 714 τῇ
2859 643 3151 713 παραδόσει
3180 641 3279 710 τῆς
3302 640 3536 702 πίστεως
3559 637 3713 708 παρὰ

464 757 627 797 voces
695 741 889 793 litteris
929 756 1034 791 non
1081 748 1208 793 sunt
1262 739 1580 806 expressae?
1613 739 1736 807 quis
1792 738 1918 790 talis
1954 738 2039 791 di-

2140 739 2238 806 τῆς
2287 738 2542 807 ἀληθείας
2578 737 2874 806 ἐμάθομεν,
2928 733 3202 805 ἣκτιστὸν
3241 730 3401 784 αὑτὸν
3443 726 3579 783 εἶναι
3617 746 3709 782 πι-

463 832 657 887 ctionis
683 837 872 883 auctor
897 829 1142 883 exstitit?
1163 829 1368 881 Patrem
1398 838 1449 881 et
1474 827 1668 880 Filium
1696 835 1746 879 et
1780 825 2037 896 Spiritum

2141 827 2349 878 στεύειν
2378 828 2579 897 ἐχρῆν;
2614 824 2737 888 Πῶς
2771 822 3136 894 παραδιδοῦσα
3161 823 3292 889 ἡμῖν
3318 819 3376 871 τὸ
3415 818 3711 888 μυστήριον

463 931 712 978 sanctum
741 922 794 973 in
828 921 948 974 ﬁdei
975 921 1267 974 traditione
1299 936 1328 972 a
1359 922 1586 973 veritate
1613 920 1930 983 didicimus,
1970 935 2036 971 an

2139 915 2445 984 ήὰλήθεια,
2475 916 2572 982 τὴν
2619 917 2698 976 είς
2742 914 2830 966 τὸν
2877 912 3000 965 Υἱὸν
3036 912 3213 963 πίστιν
3258 907 3349 960 xui.
3392 909 3492 960 οὐκ
3545 909 3620 968 εἰς
3650 907 3713 959 τὸ

462 1016 592 1083 qttid
635 1023 881 1068 creatum
937 1014 1114 1082 ipsum
1166 1028 1288 1066 esse
1352 1029 1451 1065 nos
1486 1011 1710 1065 credere
1759 1012 2041 1080 oportuit?

2139 1007 2343 1078 κτίσμα
2371 1004 2724 1074 ἐνομοθέτησε
2749 1021 2762 1066 ;
2793 1003 2916 1065 Πῶς
2939 1002 2995 1056 δὲ
3023 998 3338 1071 προσκυνῶν
3363 997 3452 1050 τὸν
3476 997 3709 1067 Χριστὸν

462 1104 747 1171 Quomodo
788 1105 992 1156 veritas
1053 1103 1211 1155 nobis
1242 1102 1561 1170 mysterium
1600 1101 1840 1164 tradens,
1878 1103 2035 1154 iidem

2137 1101 2166 1151 ὁ
2189 1101 2326 1162 θεῖος
2351 1099 2687 1160 Ἀπόστολος,
2709 1099 2834 1159 τοὺς
2860 1099 2926 1167 τῇ
2955 1095 3131 1148 κτίηεει
3184 1091 3537 1160 λατρεύοντας
3559 1089 3709 1160 παρὰ

464 1199 515 1247 in
539 1191 726 1246 Filium
775 1201 828 1245 et
858 1208 963 1245 non
1007 1195 1056 1243 in
1101 1200 1407 1244 creaturam
1449 1191 1722 1244 sancivit?
1753 1191 2036 1255 Quomodo

2136 1191 2227 1243 τὸν
2264 1191 2545 1250 κτίσαντα,
2581 1189 2981 1256 εἰδωλολατρεῖν
3029 1183 3316 1254 διορίζεται
3345 1201 3358 1246 ;
3416 1181 3448 1250 ἢ
3477 1183 3583 1250 γὰρ
3610 1181 3706 1232 οὐκ

460 1286 616 1339 divus
644 1285 935 1352 Apostolus
956 1284 1231 1337 Christum
1258 1284 1516 1339 adorans.
1537 1298 1630 1336 eos
1653 1284 1742 1350 qui
1772 1293 2037 1336 creaturae

2139 1283 2204 1335 ἂν
2230 1282 2634 1351 προσεκύνησεν
2668 1282 2714 1332 εί
2749 1278 2964 1340 κτιστὸς
3005 1273 3092 1346 ἦν,
3141 1275 3169 1344 ἦ
3205 1275 3303 1327 οὐκ
3333 1274 3396 1325 ἂν
3427 1276 3536 1336 τοῖς
3559 1273 3707 1326 εἰδω-

461 1379 699 1433 serviunt
735 1380 1266 1444 praztercreatorem,
1298 1374 1615 1427 idololatras
1638 1389 1761 1428 esse
1779 1365 2035 1443 expresse

2136 1371 2420 1442 λολάτραις
2447 1371 2699 1435 συνέταξε
2725 1371 2849 1431 τοὺς
2877 1371 2942 1437 τῇ
2973 1367 3142 1420 κτίσει
3168 1363 3524 1433 λατρεύοντας
3568 1381 3582 1396 ·
3623 1367 3708 1420 ἵνα

460 1471 592 1525 dicit
611 1470 693 1521 “?
719 1469 801 1522 vel
825 1483 932 1521 non
970 1467 1252 1521 adorasset
1287 1466 1333 1519 si
1364 1476 1584 1519 creatus
1619 1475 1782 1531 esset,
1823 1468 1903 1520 vel
1938 1484 2034 1522 eos

2139 1463 2213 1533 μὴ
2243 1467 2334 1515 καὶ
2368 1463 2527 1525 αὐτὸς
2555 1461 2958 1529 είδωλολατρείν
2983 1458 3132 1526 δόξῃ,
3164 1455 3453 1525 προσάγων
3483 1454 3560 1524 τῷ
3588 1471 3710 1506 κτι-

459 1563 549 1632 qui
588 1568 870 1615 creaturas
896 1560 1082 1612 colunt
1129 1558 1398 1610 idolorum
1435 1557 1741 1611 cultoribus
1795 1575 1901 1612 non
1935 1574 2033 1611 an-

2137 1552 2244 1621 στῷ
2288 1552 2384 1623 τὴν
2425 1552 2812 1622 προσκύνησιν.
2859 1550 2995 1602 Ἀλλ’
3028 1547 3167 1602 οἶδεν
3214 1551 3294 1601 ὅτι
3328 1551 3355 1601 ὁ
3389 1549 3514 1620 παρ’
3543 1545 3706 1599 αὑτοῦ

459 1659 799 1709 numerasset
841 1669 854 1704 :
886 1666 955 1705 ne
990 1659 1043 1704 et
1065 1651 1182 1719 ipse
1217 1650 1376 1703 idolis
1429 1650 1637 1704 servire
1684 1649 1833 1704 visus
1862 1658 2027 1712 esset,

2135 1643 2716 1715 προσκι›νούμε.νος,ὲπλ⁹
2751 1641 2966 1694 πάντων
2992 1641 3108 1692 ἐστὶ
3137 1639 3268 1701 Θεός
3291 1655 3303 1666 ·
3344 1637 3486 1690 οὕτω
3509 1637 3614 1705 γὰρ
3649 1638 3707 1688 ἐν

459 1753 642 1799 creato
673 1741 1044 1795 adorationem
1085 1740 1374 1804 exhibens,
1436 1741 1529 1794 sed
1563 1740 1731 1805 novit,
1761 1741 1905 1810 quod
1937 1742 2026 1809 qui

2133 1735 2212 1804 τῷ
2241 1735 2376 1804 πρὸς
2417 1735 2721 1805 Ῥωμαίους
2744 1733 2887 1802 λόγῳ
2917 1733 3006 1785 τὸν
3037 1733 3164 1785 Υίὸν
3191 1730 3463 1800 ὀνομάζει.
3515 1731 3577 1782 Οἱ
3610 1729 3709 1797 τῆς

459 1835 605 1888 abeo
634 1830 890 1884 adoratur
914 1829 966 1881 in
986 1828 1239 1881 omnibus
1263 1827 1404 1882 Deus
1420 1836 1533 1882 est:
1565 1829 1801 1884 sicenim
1828 1829 1880 1882 in
1911 1846 2028 1885 ser-

2137 1826 2324 1888 οὺσίας
2347 1826 2526 1878 τοίνυν
2555 1825 2652 1878 τοῦ
2682 1826 2890 1894 Πατρὺς
2926 1826 3016 1878 τὸν
3045 1825 3190 1885 Υἱὸν,
3242 1825 3335 1876 καὶ
3365 1822 3581 1876 κτιστὸν
3608 1823 3706 1874 αύ-

458 1937 617 1976 mone
648 1921 714 1973 ad
768 1918 1046 1972 Romanos
1073 1917 1268 1972 Filium
1318 1918 1583 1972 nominat.
1625 1918 1732 1984 Qui
1794 1920 1962 1989 igitur
1996 1937 2026 1973 a

2135 1917 2225 1970 τὸν
2257 1916 2522 1984 λέγοντες,
2562 1919 2614 1969 τί
2657 1917 3023 1987 χλευαστικῶς
3064 1916 3212 1986 αὐτῷ
3234 1916 3334 1985 τὴν
3362 1913 3705 1983 ψευδώνυμον

457 2014 634 2068 Patris
663 2011 898 2066 essentia
916 2010 1102 2062 Filium
1125 2006 1375 2071 alienant,
1397 2008 1572 2076 ipsum
1596 2012 1757 2064 etiam
1783 2019 2026 2064 creatum

2137 2009 2326 2078 κλῆσιν
2359 2009 2666 2079 χαρίζονται
2691 2051 2705 2075 ,
2754 2009 2830 2078 τῷ
2859 2009 3120 2079 ἀλλοτρίῳ
3157 2009 3256 2078 τῆς
3286 2008 3546 2078 ἀληθινῆς
3571 2007 3708 2060 θειό-

458 2107 722 2166 dicentes,
756 2119 852 2155 cur
886 2115 980 2168 per
1024 2098 1320 2152 ludibrium
1347 2107 1400 2151 et
1431 2100 1772 2169 sannamipsi
1803 2100 2028 2154 falsino-

2135 2115 2295 2166 τητος
2319 2099 2417 2168 τὴν
2445 2098 2587 2163 Θεὸς
2621 2098 2803 2169 φωνὴν
2831 2099 3006 2168 μάτην
3037 2098 3478 2168 ἐπιφημίζοντες.
3521 2099 3709 2167 ῶσπερ

457 2198 660 2251 minem
691 2193 1107 2261 appellationem
1137 2189 1532 2256 gratiﬁcantur,
1574 2204 1604 2242 a
1648 2205 1772 2243 vera
1827 2191 2027 2246 deitale

2134 2189 2211 2259 τῷ
2237 2189 2371 2260 Βὴλ,
2426 2192 2456 2261 ἢ
2491 2190 2568 2260 τῷ
2598 2191 2873 2261 Δαγῶν,ἣ
2922 2191 2999 2260 τῷ
3029 2193 3316 2262 δράκοντι;
3362 2192 3524 2243 Ὥστε
3568 2193 3600 2261 ἦ
3633 2192 3707 2261 μὴ

457 2288 635 2339 alieno
681 2287 772 2339 Dei
821 2296 1012 2334 nomen
1052 2294 1332 2347 perpetem
1367 2282 1734 2349 assignantes,
1771 2289 2023 2351 tanquam

2134 2280 2265 2331 Θεὸν
2297 2280 2727 2348 ὀμολογείτωσαν
2768 2281 2930 2333 αὑτὸν
2973 2283 3021 2334 οἱ
3053 2281 3268 2334 κτιστὸν
3312 2277 3448 2334 εἶναι
3477 2280 3707 2350 διοριζό-

460 2375 570 2436 Bel,
606 2377 688 2428 vel
737 2373 936 2442 liagon,
989 2370 1073 2423 vel
1116 2371 1569 2435 draconi?Quare
1593 2373 1678 2427 vel
1722 2388 1829 2425 non
1861 2373 2024 2427 Deum

2139 2389 2306 2439 μενοι,
2337 2372 2420 2423 ἵνα
2446 2373 2684 2439 φανῶσιν
2716 2371 3120 2436 Ἰουδαῖζοντες’
3149 2375 3180 2443 ἢ
3211 2375 3365 2444 εἴπερ
3386 2372 3703 2443 ὁμολογοῦσι

456 2466 837 2525 conﬁteantur,
883 2463 974 2530 qui
1003 2462 1178 2530 ipsum
1213 2472 1454 2514 creatum
1488 2478 1610 2516 esse
1648 2474 1832 2532 aperte
1868 2472 2025 2516 autu-

2132 2463 2223 2516 τὸν
2258 2465 2545 2518 κτισθέντα
2593 2461 2730 2517 εἷναι
2768 2467 2920 2528 Θεὸν,
2971 2465 3372 2535 εἰδωλολατρεῖν
3412 2466 3483 2536 μὴ
3525 2466 3707 2536 ἀρνεί-

458 2555 1007 2620 mant,utJudai1.are
1031 2555 1313 2607 videantur
1341 2572 1352 2606 :
1383 2554 1460 2607 vel
1488 2555 1670 2607 sieum
1695 2555 1785 2622 qui
1808 2563 2026 2608 creatus

2135 2555 2363 2609 σθωσαν.
2411 2557 2570 2610 ’Λλλά
2606 2557 2704 2628 τὴν
2739 2559 3083 2628 παροιμιώδη
3119 2559 3302 2626 φωνὴν
3338 2557 3552 2619 πάντως
3575 2572 3711 2625 προ-

457 2650 580 2709 fuit,
615 2648 780 2700 Deum
805 2661 926 2700 esse
966 2645 1347 2707 conﬁteantur,
1389 2661 1447 2698 se
1491 2645 1649 2698 idolis
1676 2647 1883 2699 se‘rvire
1914 2661 2023 2699 non

2131 2648 2448 2717 φέρουσιν,ἥ
2474 2665 2654 2716 φησιν,
2677 2651 2757 2702 ὅτι
2782 2651 2994 2718 Κύριος
3015 2650 3217 2703 ἕκτισέ
3236 2665 3310 2718 με
3330 2647 3529 2717 ἀρχὴν
3553 2646 3712 2701 ὁδῶν

458 2739 787 2793 inﬁcientur.
842 2736 947 2790 Sed
979 2751 1164 2789 vorem
1203 2736 1592 2804 proverbialem
1625 2738 1782 2804 plane
1837 2737 2020 2804 profe-

1255 2736 1592 2790 'overbialem
1625 2738 1782 2804 plane
1837 2737 2020 2804 profe-
2129 2739 2334 2802 αὑτοῦ,
2373 2742 2458 2804 εἰς
2486 2740 2626 2808 ἔργα
2652 2742 2856 2794 αὐτοῦ.

458 2845 605 2896 runt,
644 2848 761 2902 qure
807 2832 958 2893 dicit,
1020 2831 1272 2883 Dominus
1327 2832 1522 2884 creavit
1562 2847 1642 2884 me
1701 2833 2014 2900 principium
2050 2835 2253 2886 ciarum
2288 2852 2528 2898 suarum,
2561 2837 2628 2887 ad
2659 2852 2815 2904 opera
2845 2854 2940 2890 sua
2972 2839 3034 2891 ³⁷.

525 2927 602 2995 (a)
624 2925 730 2992 Hoc
753 2925 992 2997 pluribus
1016 2924 1187 2980 verbis
1210 2926 1478 2996 quomodo
1499 2941 1554 2980 se
1583 2928 1741 2983 habet
1758 2930 1952 2983 clarius
1969 2937 2023 2982 et
2051 2934 2092 2989 ρ

2197 2929 2364 2981 Τοῦτο
2425 2930 2480 2982 δὲ
2554 2930 2642 2982 διὰ
2696 2931 2952 2984 πλειόνων
3027 2932 3124 3000 μὲν
3184 2934 3298 2984 ἐστι
3369 2933 3712 3002 παραθέσθαι

458 3016 795 3071 manifestius
844 3017 1222 3084 exponendum
1285 3025 1369 3069 est
1442 3032 1457 3071 :
1511 3026 1883 3072 verumtamen
1920 3019 2021 3073 hoc

2131 3019 2459 3088 σαφέστερον
2516 3022 2662 3084 ὅπως
2705 3022 2843 3090 ἔχει’
2906 3023 3044 3094 πλὴν
3097 3023 3316 3076 δυνατὸν
3351 3025 3414 3078 ἂν
3473 3024 3555 3094 εἴη
3611 3027 3711 3078 καὶ

456 3108 618 3158 etiam
662 3107 741 3159 l'as
775 3113 918 3159 esset
959 3105 1084 3159 viris
1115 3103 1362 3158 candidis
1389 3115 1441 3158 et
1475 3107 1646 3174 atquis
1687 3107 1816 3174 quid
1848 3108 2021 3175 signi-

2127 3110 2191 3161 δι’
2238 3111 2433 3177 ὀλίγων
2494 3114 2602 3174 τοῖς
2638 3113 2941 3182 εὐγνώμοσι
3002 3115 3334 3184 παραδοῦναι
3386 3115 3445 3166 τὸ
3495 3115 3703 3186 νόημα·

457 3199 577 3249 licet
602 3197 790 3264 paucis
821 3195 1035 3249 tradere
1061 3215 1073 3248 :
1101 3196 1317 3262 quidam
1351 3198 1493 3248 enim
1555 3197 1605 3247 in
1643 3196 1844 3250 divinis
1875 3196 2024 3250 Scri-

2127 3199 2339 3264 λέγουσι
2370 3200 2477 3270 γὰρ
2507 3201 2599 3253 καὶ
2621 3202 2775 3255 τοῦτό
2803 3222 2944 3265 τινες
2973 3204 3076 3256 τῶν
3097 3205 3165 3256 δι’
3185 3206 3466 3277 ἀκριϐείας
3493 3207 3562 3258 τὰ
3589 3207 3711 3259 θεῖα

455 3289 632 3358 pturis
663 3297 918 3341 accurate
973 3297 1024 3340 et
1077 3287 1364 3354 diligenter
1415 3287 1649 3338 instituti
1707 3296 1760 3340 et
1821 3287 2020 3339 versati

2127 3291 2603 3361 πεπαιδευμένων,
2657 3295 2736 3346 ὅτι
2790 3297 2849 3347 οὐ
2896 3297 3202 3366 γέγραπται
3255 3298 3382 3368 παρ’
3423 3299 3711 3369 Έδραίους

453 3379 667 3439 dicunt,
711 3377 854 3446 apud
881 3376 1134 3430 Hebraeos
1168 3391 1278 3428 non
1313 3376 1578 3445 scriptmn
1613 3391 1756 3438 esse,
1789 3377 1981 3428 creat-it
2005 3392 2023 3427 .'

2127 3383 2186 3434 τὸ
2230 3383 2429 3436 ἔκτισε
2464 3401 2474 3412 ⁸
2520 3387 2612 3438 καὶ
2650 3389 2806 3456 ἡμεῖς
2863 3390 2919 3440 ὲν
2967 3390 3343 3461 ἀρχαιοτέραις
3379 3391 3579 3460 βίϐλοις
3612 3392 3710 3444 ἀν-

454 3484 556 3523 nos
582 3470 742 3520 etiam
771 3468 824 3518 in
858 3465 1250 3519 vetustioribus
1286 3466 1439 3518 libris
1487 3465 1753 3534 scriptum
1797 3468 2023 3536 legimus

2127 3476 2408 3544 ἐγνωμεν,
2489 3478 2848 3546 Ἐκτήσατο,
2921 3485 3339 3552 γεγραμμένον,
3420 3485 3540 3537 ἀντὶ
3608 3487 3707 3539 τοῦ

455 3560 721 3628 ἐκτήσατο
751 3560 989 3625 possedit,
1021 3554 1313 3623 ιιι-θέκτισέ
1341 3557 1768 3624 μεσοηίίἱάίιηιε.
1797 3557 2022 3613 Servum
2126 3566 2326 3618 ἑκτισέ
2368 3586 2463 3634 με.
2567 3571 2848 3639 Ἑμφαίνει
2909 3573 2965 3625 δὲ
3016 3575 3232 3638 πάντως
3291 3576 3381 3628 τὸν
3447 3577 3630 3629 δοῦλον
3668 3579 3707 3649 ἠ

457 3665 685 3722 prorsus
718 3657 900 3716 aperte
934 3647 1137 3699 indicat
1163 3649 1366 3701 creatio
1393 3663 1486 3716 per
1515 3651 1872 3717 proverbialia
1901 3653 2025 3704 aani-

2127 3658 2300 3720 κτίσις
2352 3659 2440 3711 διὰ
2483 3661 2590 3712 τῶν
2638 3663 3017 3732 παροιμιακῶν
3059 3668 3152 3718 καὶ
3196 3669 3558 3738 αἰνιγμάτων,
3613 3672 3706 3723 τὸν

457 3749 658 3810 gntata,
696 3755 818 3792 eum
861 3739 949 3806 qui
991 3747 1208 3807 propter
1234 3755 1334 3792 nos
1368 3741 1510 3793 servi
1541 3740 1770 3793 formam
1805 3758 2022 3796 assum-

2125 3750 2190 3801 δι’
2244 3753 2390 3820 ἡμᾶς
2438 3753 2771 3806 ἀναλαϐόντα
2824 3745 2920 3825 τὴν
2963 3756 3054 3808 τοῦ
3105 3759 3289 3811 δούλου
3340 3763 3572 3829 μορφήν.
3640 3762 3704 3815 ΕΞ

457 3831 584 3901 psit.
629 3829 780 3894 Quod
815 3830 856 3881 si
883 3828 1004 3896 quis
1030 3829 1081 3880 in
1107 3829 1358 3884 [Coele-siis
1395 3831 1774 3897 praevalentem
1836 3834 2022 3886 lectio-

2265 3809 2294 3820 .-
2371 3809 2385 3812 -
2879 3809 2888 3825 ι
3179 3809 3184 3810 ν
3240 3809 3250 3811 ν
3340 3809 3572 3831 r'rr’t"
3640 3809 3705 3815 —‘

2125 3841 2180 3892 δέ
2233 3859 2312 3903 τις
2354 3843 2446 3894 καὶ
2510 3843 2606 3913 τὴν
2652 3846 3046 3915 ἐπικρατοῦσαν
3089 3851 3144 3901 ὲν
3195 3854 3313 3912 ταῖς
3357 3853 3705 3916 Ἑκκ).ησίαις

455 3935 577 3973 nem
630 3921 680 3972 in
739 3920 836 3971 hac
868 3929 1017 3986 parte
1043 3918 1284 3986 objiciat,
1329 3935 1503 3987 nequc
1531 3935 1630 3975 nos
1663 3922 1763 3973 hoc
1803 3924 2021 3976 verbum

2294 3899 2304 3903 -
2564 3899 2574 3913 ,
2785 3899 2794 3915 ,
3030 3899 3036 3902 ν
3099 3899 3133 3901 η
3372 3899 3699 3920 ---φη-,ὼς

2126 3931 2427 3999 ἀνάγνωσιν
2486 3935 2540 3985 ἐν
2592 3935 2667 4002 τῷ
2725 3937 2878 4006 μέρει
2933 3940 3106 4010 τούτῳ
3161 3943 3518 4011 προϐάλοντο,
3579 3945 3699 3997 οὐδὲ

456 4013 654 4072 ἔκτισε,
680 4015 893 4076 creavit,
925 4011 1223 4078 rejicimus.
1255 4011 1428 4080 Atque
1473 4013 1574 4064 hoc
1596 4023 1741 4066 certe
1779 4015 1842 4067 ad
1879 4017 2021 4068 servi

2243 3994 2251 3999 ν
2640 3994 2650 4002 -
2725 3994 2736 4005 ι
2797 3994 2808 4006 ι
3078 3994 3087 4010 Δ
3207 3994 3217 4011 I
3506 3994 3517 4005 '
3589 3994 3599 3996 ⁷
3619 3994 3630 3996 “
3653 3994 3664 3996 ἡ
3679 3994 3696 3997 ⁷

2125 4022 2241 4091 τὴν,
2276 4026 2576 4089 νΕκτισεν,
2608 4028 2788 4098 φωνὴν
2830 4030 3224 4100 ἀποϐάλλομεν.
3278 4035 3386 4086 Καὶ
3407 4035 3563 4086 τοῦτο
3593 4035 3698 4102 γὰρ

455 4105 903 4176 significationem
941 4118 1032 4172 per
1075 4103 1302 4171 :enigma
1352 4102 1666 4155 intuendam
1713 4105 2020 4172 :siquidem

2181 4087 2189 4091 -
2564 4087 2570 4089 ν
2620 4087 2629 4094 .
2747 4087 2757 4098 .
3108 4087 3118 4100 .
3604 4087 3614 4102 ι
3669 4087 3680 4105 .

2130 4117 2262 4185 πρὸς
2289 4117 2386 4184 τὴν
2409 4117 2592 4169 δούλου
2623 4119 2894 4188 σημασίαν
2917 4121 3002 4173 διὰ
3029 4122 3122 4174 τοῦ
3143 4124 3457 4192 αἰνίγματος
3489 4125 3692 4193 βλέπει·

454 4197 624 4248 omnis
668 4205 913 4247 creatura
960 4193 1134 4256 serpit,
1179 4192 1632 4260 quemadmodum
1679 4195 1754 4245 ait
1792 4197 2022 4263 Aposto-

2094 4206 2309 4287 ἐπειδὴ
2359 4206 2531 4260 Πᾶσα
2574 4209 2611 4275 ἡ
2652 4211 2848 4276 κτίσις
2891 4211 3186 4276 δουλεύει,
3245 4215 3424 4277 καθώς
3478 4192 3638 4287 ςςηοιν
3669 4221 3695 4269 ὁ

452 4287 541 4340 lus
577 4287 642 4338 ³⁸.
679 4285 1050 4349 Quamobrem
1085 4284 1186 4336 hoc
1216 4283 1440 4336 verbum
1488 4285 1679 4336 creat-it
1721 4285 1803 4352 pie
1847 4286 2017 4354 accipi

2299 4267 2309 4275 .
2599 4267 2608 4275 ι
2826 4267 2840 4276 ε
3174 4267 3185 4276 '
3405 4267 3421 4277 ⁸⁷
3490 4267 3500 4283 Ι
3540 4267 3604 4287 07V
3677 4267 3690 4269 _

2096 4291 2097 4302 ¹
2141 4295 2476 4358 ’Λπόστολος.
2525 4299 2623 4352 Διά
2661 4301 2819 4352 τοῦτο
2865 4303 2957 4354 καὶ
2993 4304 3196 4374 ταύτην
3243 4307 3424 4374 φωνὴν
3462 4310 3697 4371 εὐσεϐῶς

452 4393 613 4447 posse
633 4377 946 4429 asserimus.
973 4375 1199 4428 Creatus
1225 4384 1307 4427 est
1332 4376 1474 4427 enim
1526 4392 1651 4428 vere
1699 4378 1750 4428 in
1789 4378 2021 4430 novissi—

2439 4349 2474 4358 .,
2868 4349 2956 4354 η---
3005 4349 3146 4356 -ημ
3177 4349 3191 4356 ν
3407 4349 3419 4358 ι
3462 4349 3694 4371 -υνω-υιν

2127 4385 2268 4454 ἔχειν
2293 4388 2488 4458 φαμέν.
2542 4392 2794 4462 Ἐκτίσθη
2825 4394 2932 4464 γὰρ
2962 4353 3175 4465 ἀληθῶς
3210 4349 3294 4449 ἐπ’
3325 4349 3549 4468 ἐσόχάτου
3589 4402 3694 4453 τῶν

452 4466 556 4518 mis
572 4466 764 4518 diebus
780 4465 866 4517 ille
885 4465 974 4533 qui
993 4473 1211 4533 propter
1230 4481 1328 4517 nos
1348 4465 1726 4535 secundum(b)
1743 4483 1840 4520 nos
1860 4476 2019 4520 natus

2158 4439 2187 4454 Α
2304 4439 2314 4455 ι
2342 4439 2345 4440 ν
2373 4439 2383 4458 ι
2478 4439 2488 4442 -
2560 4439 2794 4462 --η-’ννί
2838 4439 2928 4464 υπς’
2963 4439 3172 4465 *⁷’“Ί”ν“ν
3210 4439 3276 4449 "'
3325 4439 3548 4468 'VL"""
3599 4439 3693 4453 ’ψ’

2130 4479 2348 4547 ἡμερῶν
2378 4482 2405 4532 ὁ
2434 4481 2498 4531 δι’
2531 4483 2674 4550 ἡμᾶς
2701 4482 2820 4535 καθ’
2849 4487 2994 4555 ἡμᾶς
3022 4487 3309 4555 γενόμενος
3329 4504 3340 4516 ’
3372 4492 3400 4541 ό
3425 4493 3480 4542 ἐν
3507 4492 3603 4559 μὲν
3629 4497 3695 4562 τῇ

451 4569 532 4610 eSt
556 4556 620 4607 ³⁸.
653 4557 753 4620 Qui
790 4556 842 4608 in
887 4556 1153 4624 principio
1181 4555 1417 4608 Verbum
1441 4572 1563 4609 cum
1589 4565 1734 4610 esset
1762 4566 1816 4609 et
1855 4556 2017 4619 Deus,

2125 4570 2264 4639 ἀρχῇ
2299 4571 2466 4636 Λόγος
2499 4571 2573 4623 ῶν
2610 4575 2702 4625 καὶ
2734 4550 2900 4637 Θεὸς,
2929 4550 3062 4645 μετά
3087 4550 3258 4632 ταῖῦτα
3285 4581 3339 4632 δὲ
3384 4550 3521 4651 σὰρὲ
3549 4550 3696 4650 γενόῗ

454 4656 642 4715 postea
679 4663 808 4699 caro
835 4658 885 4699 et
935 4649 1094 4699 homo
1129 4647 1302 4700 factus
1326 4658 1430 4700 est.
1453 4647 1646 4702 Carnis
1703 4659 1881 4702 autem
1917 4665 2016 4702 na—

2131 4675 2287 4727 μενος
2315 4660 2404 4710 καὶ
2433 4659 2733 4730 ἅνθρωπος.
2783 4665 2985 4734 Κτιστὴ
3010 4665 3064 4718 δὲ
3095 4667 3196 4736 τῆς
3227 4670 3424 4738 σαρκὸς
3453 4673 3484 4741 ἡ
3515 4675 3673 4740 φύσις

456 4747 576 4788 tura
615 4748 793 4790 creata
825 4745 907 4791 est
951 4757 962 4790 :
1019 4738 1175 4805 cujus
1203 4755 1296 4806 per
1332 4740 1512 4790 omnia
1545 4740 1720 4792 factus
1749 4742 2020 4810 particeps

2131 4713 2142 4727 .
2271 4713 2279 4718 -
2535 4713 2544 4730 .
2697 4713 2733 4724 σ-
2784 4713 2910 4716 η-τ-
2935 4713 2985 4734 --ι
3017 4713 3062 4718 -ν
3107 4713 3192 4736 --ιτ
3229 4713 3420 4738 ’νιν-’νυ
3458 4713 3484 4741 -ι
3517 4713 3692 4740 ’τη-ἰν

2127 4747 2194 4821 ἧς
2256 4751 2538 4820 μετασχὼν
2595 4753 2734 4806 κατὰ
2791 4757 2967 4808 πάντα
3014 4759 3135 4811 καθ’
3190 4762 3480 4831 ὁμοιότητα
3533 4767 3695 4834 χωρὶς

455 4828 753 4882 secundum
815 4830 1217 4883 similitudinmn
1253 4839 1478 4896 excepto
1532 4842 1768 4898 peccato,
1803 4843 2020 4888 creatus

2129 4840 2416 4909 ἁμαρτίας.
2477 4842 2729 4913 Ἐκτίσθη
2783 4844 2839 4896 δὲ
2871 4847 3009 4898 κατά
3034 4847 3185 4911 Θεὸν,
3321 4824 3458 4903 κατὰ
3487 4824 3692 4922 ἅνθρω-ἰ

452 4919 670 4989 quidem
705 4922 994 4971 secundum
1035 4921 1196 4974 Deum
1232 4938 1340 4973 non
1386 4924 1683 4974 seeun-lum
1716 4924 2016 4990 hominem,

2132 4950 2250 4996 πον,
2298 4934 2478 4995 καθώς
2507 4952 2670 5004 φησιν
2709 4937 3045 5001 Ἀπόστολος,
3089 4943 3268 4992 καινόν
3314 4960 3433 4995 τινα
3474 4947 3670 5014 τρόπον

453 5010 596 5066 sicut
629 5007 704 5058 ait
753 5007 1064 5075 Apostolus,
1108 5025 1248 5062 novo
1303 5013 1538 5079 quodam
1589 5014 1886 5077 modo,non
1921 5014 2020 5066 hu-

2240 4987 2249 4996 ,
2460 4987 2475 4995 .
2521 4987 2531 5003 ,
2572 4987 2580 5004 ι
2820 4987 2927 4989 κείί
2960 4987 3045 5001 "at
3089 4987 3262 4992 μνη-ν
3326 4987 3433 4995 ν·-··-
3485 4987 3690 5014 ἐσσε-*⁷ο

2129 5025 2220 5076 καὶ
2249 5025 2308 5075 οὐ
2338 5027 2477 5077 κατά
2519 5027 2617 5096 τὴν
2647 5028 2990 5098 ἀνθρωπίνην
3031 5032 3337 5100 συνήθειαν.
3392 5035 3691 5106 Ἑμὰθομεν

453 5118 612 5155 Inano
667 5115 834 5152 more.
899 5099 1193 5155 Didicimus
1268 5103 1432 5162 enim,
1492 5105 1638 5171 quod
1691 5121 1754 5158 ex
1813 5105 2017 5174 Spiritu

2574 5083 2583 5096 .
2753 5083 2763 5098 .
2949 5083 2958 5098 .
3151 5083 3160 5100 ,
3408 5083 3684 5106 -ρ---Γη

2127 5114 2235 5180 γὰρ
2257 5114 2336 5165 ὅτι
2376 5115 2436 5165 ὲκ
2473 5116 2786 5185 Πνεύματος
2827 5120 3002 5186 ἁγίου,
3036 5123 3125 5174 καὶ
3163 5123 3260 5190 τῆς
3301 5125 3395 5175 τοῦ
3443 5126 3687 5190 ’Υιξρίστου

453 5203 640 5246 sancto
672 5201 723 5243 et
757 5193 954 5245 virtute
984 5192 1268 5252 Aitissimi,
1303 5205 1674 5249 verumtamen
1713 5197 1801 5250 hic
1845 5213 2016 5251 novus

2127 5204 2425 5273 δυνάμεως,
2467 5207 2604 5276 πλὴν
2636 5209 2748 5260 ἀλλ’
2784 5211 3003 5281 ἐκτίσθη
3032 5215 3059 5263 ὁ
3097 5215 3278 5276 καινὶς
3309 5213 3462 5278 οὗτος
3486 5219 3689 5290 ἄνθρω-

452 5284 611 5338 liomo
642 5295 974 5345 ereatusest,
1005 5299 1163 5352 quem
1216 5284 1304 5337 ille
1330 5301 1438 5338 non
1491 5289 1875 5341 enarraliilium
1906 5307 2020 5360 my-

2127 5314 2247 5359 πος,
2280 5299 2336 5349 ὃν
2362 5298 2569 5351 κελεύει
2596 5300 2622 5352 ὁ
2650 5301 2756 5352 τῶν
2782 5304 3035 5372 ἁῤῥήτων
3072 5307 3385 5376 μυστηρίων
3413 5311 3689 5379 ὑφηγητὴς

519 5397 564 5428 ³⁸
603 5397 758 5450 Rom.
788 5415 824 5463 ι,
871 5397 959 5451 25.
1039 5397 1081 5428 ³⁷
1117 5396 1276 5452 Prov.
1309 5416 1424 5464 \'lll,
1469 5399 1558 5454 229.
1638 5403 1682 5433 ³⁸
1724 5403 1877 5457 Boni.
1914 5423 2033 5472 vin,
2065 5407 2120 5460 ‘2‘.

1039 5397 1081 5428 ³⁷
1117 5396 1276 5452 Prov.
1309 5416 1424 5464 \'lll,
1469 5399 1558 5454 229.
1638 5403 1682 5433 ³⁸
1724 5403 1877 5457 Boni.
1914 5423 2033 5472 \‘lll,
2065 5407 2154 5460 ‘20.
2232 5409 2398 5462 3’lsa.
2436 5425 2557 5476 XLV,
2582 5412 2634 5464 4.

523 5514 596 5589 (a)
629 5511 682 5591 ιι)
713 5514 900 5569 Grmco
926 5533 1027 5595 non
1056 5518 1106 5595 in
1134 5511 1369 5595 editione
1398 5520 1809 5595 vitigar‘i._ilttiii"
1839 5525 2015 5595 locum
2200 5527 2272 5592 (ὑ)
2305 5525 2364 5579 1).
2393 5527 2578 5592 Basii.,
2619 5530 2711 5587 lib.
2754 5547 2803 5583 Iv
2832 5541 3021 5584 contra
3055 5533 3307 5595 Eunom.,
3345 5536 3519 5587 lucum
3551 5536 3688 5588 hunc

450 5584 768 5702 gravissime
800 5599 849 5640 et
891 5589 1265 5655 t‘OpilrSiSSilitC
1297 5598 1489 5642 tractat
1522 5593 1576 5643 υ.
1611 5591 1713 5646 HJ.
1759 5611 1796 5658 ι,
1834 5593 1916 5658 12,
1952 5597 2017 5647 de

501 5666 598 5700 :‘llll
628 5668 654 5701 a
684 5667 734 5708 e.

2126 5584 2284 5717 Frui".
2335 5613 2448 5660 \‘lll,
2478 5584 2703 5663 22,1101:
2735 5603 2984 5672 intelligit
3011 5603 3075 5658 de
3105 5584 3339 5658 hunnuia
3363 5605 3565 5658 Christi
3596 5619 3688 5659 na-

2150 5681 2266 5717 ura.

501 5681 734 5708 illltidlC.
2126 5681 2266 5717 tura.
