4068 6148
405 277 502 334 Iit?

1637 259 1689 312 S.
1723 256 2048 313 GRI'.CORII
2095 253 2382 308 NYSSENI
3541 247 3644 299 520

401 395 473 448 rit
506 393 792 447 haercseos.
827 387 958 440 Dum
999 383 1144 439 enim
1178 382 1343 435 vitam
1376 378 1744 452 generabilem
1787 375 1966 428 immi-

2103 389 2238 435 ντως
2271 371 2432 440 ζωὴν,
2477 370 2565 421 τὸν
2599 369 2727 421 Υἱὸν
2761 365 3088 420 ὑποτίθεται.
3135 357 3261 414 Εἶτα
3303 361 3494 431 φησίν·
3550 361 3644 426 Ὠς

400 492 516 547 nat,
551 480 696 535 aliud
737 476 995 548 quiddam
1029 473 1174 544 quod
1213 469 1566 542 iugi-neraliili
1600 469 1724 521 vitae
1768 465 1838 520 sit
1873 479 1969 533 op-

404 573 637 644 positum
690 568 960 638 intelligit,
1000 581 1174 636 neque
1225 563 1422 618 Filium
1456 575 1580 615 vere
1640 560 1803 612 vitam
1847 572 1969 612 esse

401 663 682 734 supponit.
721 660 923 713 Dei:.de
955 658 1107 723 dicit,
1152 655 1218 708 Ut
1245 653 1443 707 Filium
1481 651 1576 704 Dei
1619 649 1968 717 viviﬁcantem

402 761 656 810 mortuos,
705 749 870 802 lucem
903 763 1096 809 veram,
1166 745 1334 796 lucem
1401 756 1516 809 qua:
1541 739 1806 792 illuminat
1858 754 1970 791 om-

404 862 519 899 nem
584 843 843 895 hominem
934 839 1216 892 rcnientem
1285 836 1335 888 in
1391 833 1528 885 hunc
1597 829 1847 884 mundum
1894 829 1966 892 ",

404 933 592 986 bonum
622 939 668 982 et
710 927 1149 995 suppedUatorem
1195 922 1448 974 bonorum
1476 935 1494 972 :
1522 919 1634 972 lnrc
1665 916 1845 970 omnia
1874 930 1971 985 pro

401 1020 635 1090 quodam
677 1017 838 1070 melle
894 1011 1318 1082 simplicioribus
1364 1007 1714 1078 protendens,
1772 1005 1969 1058 horum

403 1109 691 1162 verborum
723 1104 1014 1157 dulcedine
1079 1101 1239 1155 letale
1292 1099 1445 1151 virus
1483 1097 1760 1151 occultat:
1797 1095 1972 1150 conti-

404 1216 512 1254 nuo
543 1198 687 1252 enim
717 1196 882 1250 diczis
916 1194 1149 1250 Subinde
1176 1208 1334 1246 suum
1372 1189 1744 1258 perniciosum
1795 1195 1849 1242 et
1889 1186 1969 1238 ri-

405 1292 678 1347 i'ulentum
717 1287 885 1341 animi
935 1300 1011 1338 Sci
1038 1300 1156 1339 sum
1213 1283 1413 1352 prodit,
1449 1280 1576 1334 dum
1620 1279 1794 1333 dicit:
1852 1276 1970 1330 Non

403 1399 520 1436 cum
557 1396 617 1435 eo
643 1381 731 1449 qui
758 1377 933 1448 genuit
965 1375 1126 1428 simul
1155 1373 1429 1442 dignitatis
1445 1380 1647 1440 partem
1676 1369 1971 1437 accepisse:

405 1488 508 1526 non
531 1469 625 1522 alii
657 1468 900 1534 cuiquam
929 1467 1160 1534 patriam
1207 1462 1490 1516 essentiam
1523 1475 1642 1514 esse
1684 1458 1932 1512 tributam
1954 1473 1972 1510 :

407 1561 496 1617 sed
530 1571 700 1613 ortum
733 1573 845 1610 esse
899 1572 958 1609 ex
988 1554 1188 1608 illustri
1217 1553 1548 1622 generatione
1593 1551 1752 1605 etiam
1789 1549 1974 1619 gloria

403 1653 696 1707 Dominum.
736 1657 784 1702 et
814 1665 845 1700 a
890 1646 1052 1699 Patre
1094 1645 1317 1715 gloriam
1362 1645 1642 1711 accepisse,
1691 1657 1789 1693 non
1829 1640 1973 1693 illius

2063 461 2222 520 ,Υιέν
2255 461 2400 515 Θεοῦ
2444 459 2836 520 ζωοποιοῦν-τα
2873 457 3011 521 τοὺς
3041 453 3312 520 νεκροὺς,
3342 450 3467 520 φῶς
3501 452 3648 517 ἁλη-

2076 551 2264 615 Οινόν,
2299 550 2424 619 φῶς
2462 549 2710 619 φωτίζον
2758 546 2953 600 πάντα
2985 545 3297 612 ἄνθρωπον
3323 543 3650 610 ἐρχόμενον

2074 645 2162 708 εἰς
2205 642 2311 695 τὸν
2348 643 2610 710 κόσμον,
2674 636 2898 708 ἀγαθὸν
2951 636 3047 688 καὶ
3093 634 3350 702 χορηγὸν
3391 630 3648 700 ἀγαθῶν.

2077 733 2262 786 Ταῦτα
2290 732 2466 785 πάντα
2504 732 2624 785 ἀντὶ
2663 728 2876 798 μέλιτός
2921 745 3062 789 τινος
3095 728 3204 787 τοῖς
3241 721 3650 793 ἀκεραιοτέροις

2079 823 2396 894 προτείνων,
2446 819 2782 890 ύποκρύπτει
2814 821 2880 889 τῇ
2922 816 3216 885 γλυκύτητι
3249 813 3356 866 τῶν
3391 811 3653 883 ῥημάτων

2077 911 2279 965 τούτων
2309 911 2370 964 τὸ
2398 910 2740 980 δηλητήριον.
2800 905 2972 968 Εὐθὺς
3010 906 3117 975 γὰρ
3141 903 3337 970 ἐπάγει
3367 904 3477 963 τοῖς
3500 901 3656 971 εἰρη-

2082 1003 2261 1074 μένοις
2283 1002 2343 1054 τὸ
2372 1001 2692 1071 φθοροποιὸν
2718 997 2879 1053 αὑτοῦ
2904 997 3098 1067 νόημα,
3128 995 3299 1063 λέγων
3320 1009 3335 1024 ·
3383 992 3529 1060 Οὐχὶ
3574 990 3654 1055 τῷ

2080 1093 2442 1163 γεννήσαντι
2473 1089 2997 1160 συμμερισάμενον
3030 1085 3144 1153 τὴν
3165 1085 3342 1148 ἀξίαν
3367 1101 3377 1112 ·
3414 1083 3525 1136 οὑκ
3553 1081 3654 1133 ἁλ-

2078 1190 2165 1250 λῳ
2196 1185 2312 1238 τινὶ
2343 1187 2457 1253 τὴν
2496 1182 2793 1252 πατρικὴν
2826 1182 3046 1236 οὐσίαν
3071 1197 3083 1209 ’
3125 1177 3283 1233 ἀλλὰ
3327 1177 3654 1244 γενόμενον

2079 1277 2147 1330 ἐκ
2197 1276 2534 1346 γεννήσεως
2575 1275 2860 1339 ἔνδοξον,
2906 1273 3002 1327 καὶ
3049 1270 3157 1337 τῆς
3186 1269 3369 1334 δόξης
3411 1268 3649 1336 Κύριον,

2081 1368 2177 1422 καὶ
2216 1371 2476 1442 λαβόντα
2529 1366 2686 1436 παρὰ
2733 1364 2838 1419 τοῦ
2869 1362 3097 1432 Πατρός
3148 1360 3368 1424 δόξαν·
3421 1359 3492 1413 οὐ
3543 1356 3653 1426 τῆς

2079 1462 2312 1514 ἐκείνου
2350 1458 2762 1528 μεταλαϐόντα
2802 1455 3016 1524 δόξης,
3055 1449 3416 1522 ἀμετάδοτος
3459 1447 3566 1517 γὰρ
3613 1451 3653 1514 ἡ

2080 1551 2226 1615 δόξα
2245 1550 2350 1604 τοῦ
2368 1547 2873 1616 Παντοκρὰτορος,
2900 1543 3091 1609 καθὼς
3108 1538 3238 1596 εἷπε
3255 1559 3269 1572 ·
3301 1559 3318 1591 ι
3337 1539 3453 1607 Τὴν
3467 1538 3656 1602 δόξαν

2078 1659 2197 1711 μου
2223 1641 2400 1708 ἑτέρῳ
2427 1643 2498 1692 οὐ
2537 1639 2728 1692 δώσω.
2746 1657 2764 1689 ι
2807 1635 2994 1690 Ταῦτά
3021 1636 3165 1687 ἐστιν
3205 1630 3276 1684 τὰ
3306 1631 3397 1684 ἐπὶ
3424 1629 3654 1682 θανάτου

403 1743 585 1812 gloria:
619 1739 924 1808 participem
971 1751 1116 1791 esse:
1151 1753 1252 1789 non
1295 1737 1430 1788 enim
1457 1732 1835 1800 Omnipotentis
1875 1732 1980 1802 glo-

2100 1737 2371 1803 ράρμακα,
2407 1729 2442 1784 ἃ
2475 1729 2624 1801 μόνοι
2652 1727 3099 1796 διαγινώσκουσιν
3137 1725 3185 1778 οἱ
3219 1720 3660 1793 γεγυμνασμένοι

406 1835 489 1886 ria
522 1832 675 1885 alteri
705 1831 868 1882 tribui
897 1837 1085 1897 potest,
1114 1828 1250 1881 sicut
1303 1825 1462 1888 dixit,
1489 1842 1507 1876 ι
1539 1822 1776 1877 Gloriam
1809 1839 1977 1877 meam

2085 1824 2154 1877 τὰ
2188 1824 2284 1892 τῆς
2310 1821 2490 1892 ψυχῆς
2517 1819 2744 1891 αἰσθητή
2758 1837 2863 1889 ρια.

406 1925 562 1978 alteri
591 1917 919 1988 nondabo“,
965 1920 1120 1975 illaec
1150 1928 1276 1975 sunt
1309 1917 1590 1973 mortilera
1607 1931 1982 1987 venena,qu:e
2023 1917 2126 1972 soli
2164 1917 2493 1987 dignoscunt
2521 1914 2614 1985 qui
2678 1913 2843 1965 animi
2910 1907 3258 1978 intelligentia
3300 1905 3664 1958 instrumenta

408 2017 608 2074 habent
632 2015 945 2071 exercitata.

484 2110 684 2164 Horum
715 2115 896 2162 autem
931 2103 1272 2165 mortiferum
1322 2102 1513 2156 vitium
1555 2100 1900 2158 manifestius
1930 2102 1984 2154 in

409 2199 704 2270 postremis
737 2197 901 2251 dictis
938 2195 1213 2248 revelatur
1238 2234 1250 2246 .
1306 2192 1348 2244 Λ
1390 2190 1570 2255 Patre,
1599 2191 1794 2259 inquit,
1831 2190 1988 2260 adep-

416 2293 525 2337 tum
560 2283 813 2352 gloriam,
839 2298 940 2335 non
975 2280 1120 2332 illius
1140 2278 1323 2349 gloria:
1349 2279 1695 2346 participem:
1725 2296 1826 2332 non
1848 2281 1987 2332 enim

412 2375 864 2428 conimunicabilis
923 2381 1000 2426 est
1042 2371 1429 2438 Omnipotentis
1475 2370 1668 2438 gloria,
1693 2371 1831 2423 sicut
1879 2371 1988 2437 ipse

335 2483 338 2486 '
413 2467 590 2520 dixit:
630 2485 646 2517 ι
677 2465 913 2518 Gloriam
946 2479 1115 2517 meam
1160 2463 1317 2516 alteri
1355 2477 1456 2514 non
1490 2459 1650 2514 dabo.
1684 2477 1702 2512 ι
1741 2457 1874 2525 Quis
1905 2469 1989 2515 est

416 2560 502 2613 ille
534 2558 670 2633 alter
719 2555 970 2608 euidisit
1006 2555 1147 2608 Deus
1194 2568 1254 2608 se
1304 2552 1644 2622 majestatem
1696 2565 1849 2604 suam
1880 2565 1987 2604 non

413 2649 664 2702 daturum
694 2647 861 2701 esse?
893 2646 1022 2699 Nam
1056 2644 1320 2714 propheta
1348 2642 1415 2696 de
1453 2641 1768 2696 adversario
1816 2641 1993 2711 loqui-

416 2749 538 2793 tur:
590 2748 642 2792 at
683 2752 810 2789 vvro
841 2736 1141 2790 Eunomius
1175 2735 1229 2788 in
1261 2735 1611 2803 Unigenitum
1648 2733 1816 2788 Deum
1857 2733 1990 2788 vati-

416 2831 621 2886 cinium
661 2827 846 2882 refert.
879 2827 1016 2879 Cum
1044 2826 1188 2880 enim
1230 2843 1296 2880 ex
1331 2825 1427 2880 Dei
1472 2840 1708 2894 persona
1760 2826 1988 2881 dixisset

421 2921 699 2990 propheta,
735 2917 974 2971 Gloriam
1007 2932 1176 2969 nteant
1202 2917 1356 2970 alteri
1407 2932 1508 2970 non
1559 2915 1730 2970 dabo:
1761 2916 1987 2984 addidit,

424 3022 472 3066 et
525 3012 741 3064 virtutes
778 3025 920 3062 meas
969 3007 1324 3076 sculptilibus.
1366 3006 1647 3076 Siquidem
1698 3006 1807 3062 Deo
1845 3009 1994 3064 debi-

420 3108 537 3155 tum
591 3102 796 3154 cultum
853 3107 907 3154 et
953 3099 1331 3153 adorationcm
1385 3098 1702 3154 adversario
1748 3099 1994 3156 homines

424 3192 611 3247 fraude
657 3192 817 3245 illecti
847 3190 1234 3251 attribuerunt.
1271 3190 1624 3259 seiilptilibus
1676 3190 1994 3246 simulacris

422 3286 688 3341 dedicatis
715 3285 996 3339 inimicum
1032 3283 1126 3338 Dei
1175 3283 1440 3346 colentes,
1479 3281 1890 3338 multiformiter
1939 3282 1994 3336 in

2160 2097 2376 2150 Τούτων
2409 2094 2465 2148 δὲ
2495 2097 2527 2165 ἡ
2563 2091 2935 2162 θανατηφόρος
2972 2086 3137 2140 κακία
3205 2082 3580 2154 φανερώτερον
3609 2084 3668 2133 ἐν

2087 2194 2197 2253 τοῖς
2252 2185 2582 2246 τελευταίοις
2638 2183 2746 2236 τῶν
2817 2178 3118 2251 εἰρημένων
3178 2174 3652 2229 ἀνακαλύπτεται·

2091 2281 2386 2342 Λαϐόντα,
2417 2278 2570 2347 φησι,
2603 2275 2760 2342 παρὰ
2794 2272 2898 2326 τοῦ
2936 2270 3163 2337 Πατρὸς
3196 2267 3406 2330 δόξαν,
3449 2266 3519 2318 οὺ
3557 2263 3664 2328 τῆς

2088 2370 2322 2424 ἐκείνου
2361 2365 2777 2436 μεταλαϐόντα
2815 2360 3030 2426 δόξης·
3087 2356 3447 2425 ἀμετιὶδοτος
3487 2353 3592 2422 γὰρ
3627 2353 3660 2417 ii

2090 2460 2236 2523 δόξα
2253 2457 2356 2512 τοῦ
2369 2454 2870 2522 Παντοκράτορος,
2897 2449 3088 2514 καθὼς
3113 2445 3241 2501 εἷπε
3259 2465 3271 2476 ·
3303 2465 3320 2496 ι
3340 2446 3454 2512 Τὴν
3472 2444 3618 2506 δόξα
3631 2461 3666 2492 ν

2085 2569 2203 2622 μου
2228 2551 2406 2617 ἑτέρῳ
2433 2549 2504 2601 οὐ
2531 2545 2718 2599 δώσω.
2737 2565 2754 2594 ι
2800 2543 2895 2605 Τίς
2927 2544 3072 2594 ἐστιν
3111 2541 3138 2591 ὁ
3173 2539 3359 2609 ἕτερος
3386 2536 3588 2596 ἐκεῖνος
3624 2526 3673 2598 ᾧ

2092 2641 2240 2695 εἶπεν
2262 2643 2290 2694 6
2317 2637 2470 2702 Θεὸς,
2485 2636 2604 2704 Τὴν
2620 2635 2806 2701 δόξαν
2823 2652 2941 2705 μου
2965 2631 3051 2702 μὴ
3073 2630 3277 2693 δώσω;
3317 2631 3372 2681 ’0
3402 2628 3501 2698 μὲν
3537 2641 3676 2697 προ-

2093 2735 2268 2802 φήτης
2302 2730 2428 2800 περὶ
2467 2727 2562 2780 τοῦ
2600 2725 2972 2794 ἀντικειμένου
3007 2722 3195 2790 λέγει’
3247 2722 3274 2773 6
3319 2720 3372 2773 δὲ
3411 2717 3680 2785 Εὖνόμιος

2095 2825 2173 2882 είς
2216 2820 2376 2875 αὑτὸν
2424 2819 2517 2871 τὸν
2557 2817 2834 2886 Μοιογενῆ
2862 2815 2992 2869 Θεὸν
3026 2813 3284 2883 ἀναψέρει
3332 2809 3427 2881 τὴν
3463 2828 3678 2880 προῃρη-

2094 2914 2262 2967 τεῖαν.
2299 2910 2479 2964 Εἰπὼν
2507 2909 2616 2980 γὰρ
2634 2911 2696 2962 ὲκ
2719 2905 3009 2980 προσώπου
3033 2904 3124 2957 τοῦ
3149 2902 3282 2957 Θεοῦ
3309 2905 3335 2954 6
3368 2901 3677 2972 προφήτης,

2094 3005 2175 3056 ὅτι
2203 3002 2321 3070 Τὴν
2343 3001 2533 3066 δόξαν
2548 3017 2667 3069 μου
2688 2999 2868 3066 ἑτέρῳ
2900 2998 2971 3050 οὺ
2994 2995 3164 3049 δώσω
3183 3011 3195 3024 ·
3233 2993 3571 3062 προσέθηκεν
3590 2994 3681 3044 ὅτι

2095 3093 2191 3147 καὶ
2238 3092 2344 3158 τὰς
2381 3091 2594 3160 ἀρετάς
2618 3108 2736 3160 μου
2772 3090 2892 3154 τοῖς
2923 3085 3230 3158 γλυπτοῖς.
3272 3085 3422 3136 Ἐπεὶ
3449 3083 3555 3155 γὰρ
3577 3083 3682 3152 τὴν

2095 3187 2215 3258 Θεῷ
2262 3183 2712 3257 χρεωστουμένην
2756 3179 3011 3250 λατρείαν
3058 3178 3152 3230 καὶ
3185 3175 3554 3246 προσκύνησιν
3598 3174 3682 3242 τῷ

2110 3276 2471 3345 ἀντικειμένῳ
2519 3274 2795 3345 προσῆγον
2827 3272 2890 3323 δι’
2922 3271 3134 3338 ἀπάτης
3164 3269 3212 3321 οί
3244 3266 3536 3337 ἄνθρωποι,
3568 3267 3683 3329 τοῖς

429 3377 741 3432 hominibus
782 3391 876 3445 per
909 3376 1203 3430 simulacra
1243 3372 1558 3427 formatum:
1611 3371 1830 3426 humani
1857 3373 1993 3428 inte-

2101 3369 2207 3422 τῶν
2235 3366 2486 3436 γλυπτῶν
2512 3363 2845 3436 ἀφιδρύμασι
2881 3363 2970 3414 τὸν
3005 3360 3194 3430 ἐχθρὸν
3228 3358 3320 3412 τοῦ
3346 3356 3480 3410 Θεοῦ
3517 3355 3684 3409 0561-

425 3471 565 3525 ritus
594 3470 851 3522 misertus
875 3468 964 3520 ille
989 3466 1081 3534 qui
1119 3463 1262 3517 male
1289 3463 1552 3517 habentes
1587 3463 1840 3530 sospitat,
1882 3478 2002 3532 pos-

427 3561 618 3616 tremis
648 3559 984 3623 temporibus
1012 3571 1079 3609 ex
1101 3556 1216 3622 ipso
1241 3555 1507 3608 orituram
1537 3554 1591 3608 in
1615 3569 1786 3625 genus
1819 3555 2003 3608 huma-

431 3667 558 3704 num
581 3647 1032 3706 benevolentiam,
1061 3646 1113 3698 in
1140 3645 1437 3700 abolitione
1461 3646 1882 3700 simulacrorum
1909 3661 2002 3714 per

431 3737 751 3812 prephctam
789 3737 1116 3793 vaticinatus
1142 3747 1245 3802 est,
1275 3737 1498 3790 (licens:
1530 3736 1877 3791 Manifestata
1911 3751 2002 3790 ve-

433 3833 596 3885 ritate
627 3845 735 3883 non
770 3830 1003 3898 amplius
1049 3844 1166 3883 mea
1203 3829 1375 3898 gloria
1411 3829 1502 3881 alii
1537 3829 1778 3893 dabitur,
1829 3843 2005 3897 neque

434 3937 568 3977 mea:
593 3921 821 3974 virtutes
860 3922 1204 3990 sculptilibus
1242 3919 1661 3974 dedicabuntur.
1699 3919 1818 3974 Non
1859 3921 2005 3974 enim

439 4014 709 4075 homines,
732 4014 822 4083 qui
843 4028 1016 4067 meam
1036 4012 1268 4082 gloriam
1297 4012 1570 4074 noverint,
1591 4011 1679 4064 bis
1700 4012 1792 4080 qui
1812 4006 2006 4065 natura

435 4107 508 4160 dii
537 4121 644 4160 non
680 4113 807 4159 sunt
837 4105 1088 4159 servient.
1120 4102 1469 4171 Quaecunque
1499 4102 1665 4172 igitur
1699 4101 1767 4156 de
1787 4111 2007 4156 contra—

436 4201 516 4255 ria
557 4198 876 4268 operatione
907 4211 972 4250 ex
1024 4210 1257 4266 persona
1294 4193 1512 4249 Domini
1555 4194 1818 4266 propheta
1852 4195 2006 4259 dicit,

436 4291 552 4345 haec
576 4290 686 4343 Deo
729 4288 948 4343 rebellis
976 4296 1030 4342 et
1070 4303 1282 4357 pugnax
1308 4287 1360 4339 in
1400 4287 1577 4355 ipsum
1621 4284 1787 4340 refert
1830 4286 2010 4340 Domi-

438 4397 590 4442 num,
619 4380 710 4448 qui
745 4379 860 4432 haec
907 4392 1001 4447 per
1039 4377 1360 4446 prephetam
1400 4375 1646 4444 protulit.
1697 4374 1833 4438 Quis
1887 4372 2011 4427 talis

439 4474 580 4527 inter
605 4480 867 4542 tyrannos
894 4469 1178 4524 exstitisse
1219 4467 1341 4520 fidei
1377 4474 1698 4536 persecutor
1740 4479 2012 4518 memora-

441 4567 574 4616 tur?
604 4563 738 4628 Quis
766 4563 872 4616 hoc
901 4576 1140 4630 unquam
1177 4559 1402 4612 molitus
1438 4558 1558 4614 est?
1597 4555 1754 4624 Quod
1790 4557 1881 4610 ille
1919 4555 2012 4626 qui

443 4664 664 4724 propter
693 4655 997 4707 animarum
1033 4660 1343 4705 nostrarum
1386 4649 1616 4704 salutem
1657 4663 1754 4719 per
1793 4662 2013 4701 carnem

2107 3461 2342 3529 ζύμενοι,
2373 3461 2462 3510 τὸν
2485 3454 2775 3517 πολυειδῶς
2804 3455 2861 3506 ἐν
2889 3455 3000 3514 τοῖς
3024 3449 3327 3521 ἀνθρώποις
3358 3447 3442 3500 διὰ
3471 3446 3576 3499 τῶν
3600 3447 3682 3498 εἰ·

2106 3552 2286 3604 δώλων
2325 3550 2720 3622 μορφούμενον·
2789 3542 2966 3600 οἶκτον
2991 3542 3170 3596 λαϐὼν
3204 3542 3300 3611 τῆς
3337 3537 3688 3611 ἀνθρωπίνης

2109 3645 2381 3707 ἀπωλείας
2408 3646 2436 3696 6
2461 3643 2585 3704 τοὺς
2623 3637 2804 3701 κακῶς
2849 3637 3068 3707 ἔχοντας
3116 3633 3398 3703 ἰατρεύων,
3429 3631 3525 3700 τὴν
3557 3629 3689 3699 χρό-

2110 3754 2218 3799 νοις
2252 3735 2473 3806 ύστερον
2501 3729 2871 3800 γενησομένην
2900 3727 3029 3796 παρ’
3059 3722 3220 3777 αὑτοῦ
3251 3721 3686 3793 φιλανθρωπίαν,

2114 3828 2262 3897 ἐντῷ
2289 3823 2581 3895 ἀφανισμῷ
2601 3821 2709 3875 τῶν
2725 3819 2980 3880 εἰδώλων,
3008 3817 3097 3870 διὰ
3127 3816 3222 3869 τοῦ
3247 3816 3522 3885 προφήτου
3552 3829 3688 3882 προς

2113 3919 2408 3989 ηγόρευσε,
2448 3916 2618 3983 λέγων
2642 3930 2655 3944 ’
2699 3913 2782 3965 δτι
2822 3906 3232 3978 Φανερωθείσης
3277 3907 3375 3975 τῆς
3411 3902 3692 3972 ἀληθείας,

2112 4008 2294 4061 οὐκέτι
2327 4009 2362 4077 ἡ
2387 4007 2493 4076 ἐμὴ
2517 4002 2645 4068 δόξα
2660 4001 2803 4070 ἄλλῳ
2823 3998 3132 4068 δοθήσεται,
3175 3993 3296 4047 οὕτε
3325 3995 3380 4045 αἱ
3408 3993 3535 4062 ἐμαὶ
3564 3991 3694 4059 ἀρε-

2114 4099 2203 4152 ταὶ
2232 4100 2342 4160 τοῖς
2371 4096 2624 4164 γλυπτοῖς
2649 4089 3089 4160 ἁνατεθήσονται.
3118 4087 3191 4139 υὺ
3223 4088 3331 4154 γὰρ
3349 4082 3694 4137 δουλεύσουσι

2115 4193 2226 4252 τοῖς
2266 4187 2424 4256 φύσει
2460 4185 2534 4256 μὴ
2566 4181 2685 4236 οὖσι
2717 4182 2877 4243 θεοῖς,
2917 4179 3015 4249 τὴν
3041 4176 3177 4247 ἐμὴν
3202 4175 3360 4240 δόξαν
3385 4173 3694 4240 ἐπιγνόντες

2117 4279 2165 4330 οἱ
2190 4276 2486 4347 ἄνθρωποι.
2527 4273 2668 4324 Ὅσα
2693 4268 2868 4321 τοίνυν
2912 4267 3034 4338 περὶ
3069 4265 3166 4334 τῆς
3199 4261 3577 4331 ἀντικειμένης
3609 4260 3696 4310 ὲν-

2118 4366 2334 4438 εργείας
2365 4366 2427 4416 ὲκ
2467 4361 2759 4434 προσώπου
2789 4357 2882 4412 τοῦ
2917 4355 3119 4426 Κυρίου
3155 4357 3183 4407 6
3228 4355 3509 4425 προφήτης
3539 4353 3696 4421 φησὶ,

2117 4457 2290 4510 ταῦτα
2320 4459 2348 4508 6
2382 4454 2647 4524 θεομάχος
2672 4453 2750 4514 εἰς
2777 4448 2936 4502 αὑτὸν
2959 4446 3218 4517 ἀναφέρει
3243 4446 3334 4497 τὸν
3361 4443 3583 4514 Κύριον,
3607 4443 3702 4495 τὸν

2119 4548 2290 4600 ταῦτα
2341 4545 2428 4599 διὰ
2461 4545 2553 4598 τοῦ
2594 4542 2871 4614 προφήτου
2898 4537 3286 4607 φθεγξάμενον.
3337 4536 3432 4597 Τίς
3461 4534 3703 4598 τοιοῦτος

2121 4641 2178 4692 ἒν
2205 4642 2316 4703 τοῖς
2353 4640 2635 4710 τυράννοις
2679 4631 3073 4705 μνημονεύεται
3116 4628 3441 4700 γεγενῆσθαι
3465 4627 3705 4695 διώκτης

443 4746 714 4815 apparuit,
746 4747 888 4798 sicut
911 4743 1267 4805 credidimus,
1300 4756 1408 4795 non
1443 4756 1608 4795 verus
1635 4747 1720 4794 est
1743 4739 1907 4801 Deus,
1931 4754 1990 4792 sc

2100 4758 2103 4783 ι
2128 4732 2226 4800 τῆς
2259 4730 2524 4792 πίστεως;
2557 4725 2653 4787 Τίς
2683 4722 2840 4774 τοῦτο
2865 4717 3293 4780 κατεσκεύασεν;
3324 4715 3397 4778 ὼς
3419 4716 3446 4767 6
3477 4714 3569 4766 ἐπὶ
3598 4729 3698 4764 σω-

445 4837 536 4888 ille
572 4833 676 4887 Deo
733 4833 1064 4895 contrarius,
1119 4831 1210 4900 qui
1270 4830 1324 4882 in
1351 4828 1698 4898 sculptilibus
1749 4836 1804 4884 et
1857 4829 2018 4884 idolis

445 4923 778 4995 operabatur
812 4923 1076 4975 adversus
1102 4919 1354 4973 homines
1383 4933 1626 4972 errorem
1667 4925 1722 4972 et
1753 4917 2020 4988 deceptio-

447 5032 607 5071 ncm:
647 5029 767 5082 qua:
793 5015 934 5066 enim
967 5012 1033 5065 de
1069 5013 1163 5063 illo
1189 5026 1286 5080 per
1328 5009 1648 5078 prophetam
1683 5007 1830 5062 dicta
1869 5018 2018 5073 sunt,

447 5108 563 5161 haec
619 5101 923 5157 Eunomius
973 5101 1028 5154 in
1083 5098 1252 5153 Deum
1301 5098 1646 5167 unigenitum
1706 5096 2017 5165 detorquet.

447 5201 630 5270 Neque
658 5197 764 5251 hoc
797 5194 978 5263 ipsum
1031 5189 1320 5247 intellexit.
1371 5190 1513 5257 quod
1544 5191 1659 5257 ipse
1699 5186 2024 5256 Unigenitus

445 5301 549 5354 est,
582 5291 672 5362 qui
707 5289 820 5342 ha-c
859 5287 909 5339 in
947 5283 1212 5352 propheta
1256 5279 1501 5350 profatus
1538 5288 1639 5341 est,
1682 5279 2026 5348 quemadmo-

447 5383 573 5436 dum
609 5383 727 5452 ipse
759 5380 811 5431 in
844 5373 1204 5445 sequentibus
1243 5371 1460 5434 asserit,
1491 5370 1634 5439 quod
1679 5369 1794 5438 ipse
1825 5370 2023 5438 estqui

451 5471 508 5524 in
546 5469 823 5540 prophetis
859 5467 1075 5520 locutus
1107 5473 1209 5538 est.

525 5682 569 5712 "’
616 5679 768 5733 Joun.
828 5697 864 5744 I,
916 5681 968 5733 9.
1051 5679 1090 5708 δ’
1145 5677 1406 5736 ΙευΑΙΑΙ,
1461 5677 1515 5727 ὅ.

2125 4799 2289 4891 τηρίᾳ
2318 4820 2425 4872 τῶν
2453 4816 2634 4886 ψυχῶν
2663 4813 2817 4883 ἡμῶν
2838 4811 2924 4864 διὰ
2966 4807 3164 4882 σαρκὸς
3185 4803 3485 4873 ἐπιφανεὶς,
3521 4799 3708 4863 καθὼς

2127 4889 2548 4978 ἐπιστεύσαμεν,
2592 4905 2691 4958 οὐκ
2731 4900 2979 4971 ἀληθινός
3029 4900 3145 4950 ἐστι
3177 4895 3337 4958 Θεός·
3385 4891 3522 4945 ἀλλά
3553 4892 3583 4944 6
3627 4889 3713 4956 τῷ

2128 5000 2247 5069 Θεῷ
2273 4997 2668 5066 ἀντικείμενος,
2695 4995 2721 5046 6
2748 4994 2804 5045 ἐν
2835 4993 2946 5053 τοῖς
2975 4988 3229 5056 γλυπτοῖς
3266 5001 3325 5036 τε
3359 4982 3454 5036 καὶ
3481 4983 3594 5043 τοῖς
3631 4984 3717 5033 εἱ-

2127 5091 2314 5152 δώλοις
2350 5087 2585 5158 ἐνεργῶν
2638 5086 2734 5154 τὴν
2787 5082 2924 5136 κατά
2968 5079 3076 5130 τῶν
3121 5074 3421 5147 ἀνθρώπων
3453 5073 3714 5140 ἀπάτηνσ

2129 5183 2165 5236 ἀ
2203 5181 2310 5252 γὰρ
2344 5180 2470 5249 περὶ
2507 5177 2715 5230 ἐκείνου
2744 5174 2958 5244 εἴρηται
2987 5170 3074 5223 διὰ
3095 5167 3188 5220 τοῦ
3228 5162 3717 5238 προφήτου,ταῦτα

2131 5277 2160 5329 ὁ
2185 5275 2441 5344 Εύνὸμιος
2469 5273 2546 5333 εἰς
2577 5268 2666 5321 τὸν
2693 5264 2970 5334 Μονογενῆ
2999 5259 3130 5313 Θεὸν
3169 5255 3538 5328 μετατίθησιν.
3576 5252 3718 5306 Οὐδὲ.

2133 5367 2264 5420 αὐτὸ
2307 5365 2464 5419 τοῦτο
2501 5365 2722 5433 νοήσας,
2758 5360 2841 5410 ὅτι
2882 5355 3043 5417 αὐτὸς
3088 5355 3116 5406 ὁ
3144 5347 3450 5416 Μονογενής
3495 5346 3638 5396 ἐστιν
3690 5345 3722 5395 6

2133 5457 2308 5512 ταῦτα
2343 5458 2400 5508 ἐν
2450 5454 2528 5523 τῷ
2573 5428 2825 5523 προφήτῃ
2873 5443 3278 5516 φθεγξάμενος,
3328 5435 3508 5498 καθὼς
3557 5428 3721 5499 οἶτος

449 5565 608 5628 αὐτὸς
636 5566 692 5616 ὲν
724 5565 834 5624 τοῖς
869 5561 1064 5630 ἑφεξῆς
1101 5559 1266 5627 λέγει,
1300 5557 1381 5611 ὅτι
1407 5550 1558 5617 οὗτός
1589 5557 1733 5607 ἐστιν
1775 5556 1802 5608 6
1828 5557 1883 5608 ὲν
1912 5557 2022 5618 τοῖς
2059 5554 2359 5625 προφήταις
2389 5551 2642 5619 λαλήσας.
