  <div class='ocr_page' id='page_1' title='image "/cluster/home/n/w/nwhite01/storage/ocr_20150623/45/mdp.39015011921478/270.png"; bbox 0 0 4068 6148; ppageno 0'>
   <div class='ocr_carea' id='block_1_1' title="bbox 342 277 437 335">
    <p class='ocr_par' dir='ltr' id='par_1_1' title="bbox 342 277 437 335">
     <span class='ocr_line' id='line_1_1' title="bbox 342 277 437 335; baseline -0.053 0"><span class='ocrx_word' id='word_1_1' title='bbox 342 277 437 335; x_wconf 72' lang='lat'><strong>5&#39;21</strong></span> 
     </span>
    </p>
   </div>
   <div class='ocr_carea' id='block_1_2' title="bbox 1459 273 2451 336">
    <p class='ocr_par' dir='ltr' id='par_1_2' title="bbox 1459 273 2451 336">
     <span class='ocr_line' id='line_1_2' title="bbox 1459 273 2451 336; baseline -0.004 -5"><span class='ocrx_word' id='word_1_2' title='bbox 1459 273 1736 331; x_wconf 73' lang='lat' dir='ltr'><strong>CONTRA</strong></span> <span class='ocrx_word' id='word_1_3' title='bbox 1777 273 2172 336; x_wconf 78' lang='lat' dir='ltr'><strong>EUNOMIUM,</strong></span> <span class='ocrx_word' id='word_1_4' title='bbox 2217 273 2345 327; x_wconf 84' lang='lat' dir='ltr'><strong>LIB.</strong></span> <span class='ocrx_word' id='word_1_5' title='bbox 2392 273 2451 327; x_wconf 90' lang='lat' dir='ltr'><strong>ll.</strong></span> 
     </span>
    </p>
   </div>
   <div class='ocr_carea' id='block_1_3' title="bbox 2387 128 2428 153">
    <p class='ocr_par' dir='ltr' id='par_1_3' title="bbox 2387 128 2428 153">
     <span class='ocr_line' id='line_1_3' title="bbox 2387 128 2428 153; baseline 0 0"><span class='ocrx_word' id='word_1_6' title='bbox 2387 128 2428 153; x_wconf 53' lang='grc' dir='ltr'><strong>κ</strong></span> 
     </span>
    </p>
   </div>
   <div class='ocr_carea' id='block_1_4' title="bbox 3491 275 3596 332">
    <p class='ocr_par' dir='ltr' id='par_1_4' title="bbox 3491 275 3596 332">
     <span class='ocr_line' id='line_1_4' title="bbox 3491 275 3596 332; baseline 0.029 -4"><span class='ocrx_word' id='word_1_7' title='bbox 3491 275 3596 332; x_wconf 64' lang='grc' dir='ltr'><strong>59Ξ</strong></span> 
     </span>
    </p>
   </div>
   <div class='ocr_carea' id='block_1_5' title="bbox 408 369 1920 464">
    <p class='ocr_par' dir='ltr' id='par_1_5' title="bbox 408 369 1907 464">
     <span class='ocr_line' id='line_1_5' title="bbox 408 369 1907 464; baseline -0.004 -15"><span class='ocrx_word' id='word_1_8' title='bbox 408 395 474 449; x_wconf 82' lang='grc' dir='ltr'>Τί</span> <span class='ocrx_word' id='word_1_9' title='bbox 513 410 580 464; x_wconf 88' lang='grc' dir='ltr'><strong>με</strong></span> <span class='ocrx_word' id='word_1_10' title='bbox 613 392 718 463; x_wconf 82' lang='grc' dir='ltr'><strong>χρὴ</strong></span> <span class='ocrx_word' id='word_1_11' title='bbox 759 390 887 460; x_wconf 80' lang='grc' dir='ltr'><strong>περὶ</strong></span> <span class='ocrx_word' id='word_1_12' title='bbox 918 389 1119 443; x_wconf 80' lang='grc' dir='ltr'>τούτων</span> <span class='ocrx_word' id='word_1_13' title='bbox 1150 387 1316 443; x_wconf 86' lang='grc' dir='ltr'>πλείω</span> <span class='ocrx_word' id='word_1_14' title='bbox 1349 389 1639 456; x_wconf 79' lang='grc' dir='ltr'><strong>διεξιέναι;</strong></span> <span class='ocrx_word' id='word_1_15' title='bbox 1673 369 1785 461; x_wconf 57' lang='lat' dir='ltr'><strong>Ti};</strong></span> <span class='ocrx_word' id='word_1_16' title='bbox 1811 391 1907 443; x_wconf 81' lang='grc' dir='ltr'><strong>αὒ-</strong></span> 
     </span>
    </p>
   </div>
   <div class='ocr_carea' id='block_1_6' title="bbox 2022 369 3599 464">
    <p class='ocr_par' dir='ltr' id='par_1_6' title="bbox 2081 388 3599 460">
     <span class='ocr_line' id='line_1_6' title="bbox 2081 388 3599 460; baseline 0.002 -17"><span class='ocrx_word' id='word_1_17' title='bbox 2081 389 2289 460; x_wconf 83' lang='lat' dir='ltr'><strong>Ecquid</strong></span> <span class='ocrx_word' id='word_1_18' title='bbox 2311 397 2396 444; x_wconf 87' lang='lat' dir='ltr'><strong>est</strong></span> <span class='ocrx_word' id='word_1_19' title='bbox 2419 403 2644 444; x_wconf 86' lang='lat' dir='ltr'><strong>necesse</strong></span> <span class='ocrx_word' id='word_1_20' title='bbox 2669 404 2752 443; x_wconf 90' lang='lat' dir='ltr'><strong>me</strong></span> <span class='ocrx_word' id='word_1_21' title='bbox 2783 388 2848 443; x_wconf 91' lang='lat' dir='ltr'><strong>de</strong></span> <span class='ocrx_word' id='word_1_22' title='bbox 2875 388 2961 444; x_wconf 89' lang='lat' dir='ltr'><strong>his</strong></span> <span class='ocrx_word' id='word_1_23' title='bbox 2987 389 3241 460; x_wconf 80' lang='lat' dir='ltr'><strong>pluribus</strong></span> <span class='ocrx_word' id='word_1_24' title='bbox 3262 391 3445 448; x_wconf 83' lang='lat' dir='ltr'><strong>verbis</strong></span> <span class='ocrx_word' id='word_1_25' title='bbox 3475 392 3599 446; x_wconf 72' lang='lat' dir='ltr'><strong>dis~</strong></span> 
     </span>
    </p>
   </div>
   <div class='ocr_carea' id='block_1_7' title="bbox 339 481 1914 558">
    <p class='ocr_par' dir='ltr' id='par_1_7' title="bbox 339 481 1914 558">
     <span class='ocr_line' id='line_1_7' title="bbox 339 481 1914 558; baseline -0.003 -19"><span class='ocrx_word' id='word_1_26' title='bbox 339 488 440 558; x_wconf 80' lang='grc' dir='ltr'><strong>τῆς</strong></span> <span class='ocrx_word' id='word_1_27' title='bbox 471 487 580 555; x_wconf 81' lang='grc' dir='ltr'><strong>γὰρ</strong></span> <span class='ocrx_word' id='word_1_28' title='bbox 609 484 790 553; x_wconf 75' lang='grc' dir='ltr'><strong>ἔχεται</strong></span> <span class='ocrx_word' id='word_1_29' title='bbox 823 481 1168 552; x_wconf 73' lang='grc' dir='ltr'><strong>βλασφημίας</strong></span> <span class='ocrx_word' id='word_1_30' title='bbox 1189 521 1204 544; x_wconf 87' lang='grc'><strong>,</strong></span> <span class='ocrx_word' id='word_1_31' title='bbox 1243 482 1338 535; x_wconf 81' lang='grc' dir='ltr'><strong>καὶ</strong></span> <span class='ocrx_word' id='word_1_32' title='bbox 1375 482 1442 535; x_wconf 78' lang='grc' dir='ltr'><strong>τὰ</strong></span> <span class='ocrx_word' id='word_1_33' title='bbox 1470 483 1575 553; x_wconf 85' lang='grc' dir='ltr'><strong>πρὸ</strong></span> <span class='ocrx_word' id='word_1_34' title='bbox 1603 482 1806 536; x_wconf 79' lang='grc' dir='ltr'><strong>τούτων</strong></span> <span class='ocrx_word' id='word_1_35' title='bbox 1839 484 1914 534; x_wconf 83' lang='grc' dir='ltr'><strong>εἰ-</strong></span> 
     </span>
    </p>
   </div>
   <div class='ocr_carea' id='block_1_8' title="bbox 2016 481 3600 554">
    <p class='ocr_par' dir='ltr' id='par_1_8' title="bbox 2016 481 3600 554">
     <span class='ocr_line' id='line_1_8' title="bbox 2016 481 3600 554; baseline -0.001 -16"><span class='ocrx_word' id='word_1_36' title='bbox 2016 483 2237 538; x_wconf 83' lang='lat' dir='ltr'><strong>screre?</strong></span> <span class='ocrx_word' id='word_1_37' title='bbox 2277 481 2532 550; x_wconf 84' lang='lat' dir='ltr'><strong>Eamdem</strong></span> <span class='ocrx_word' id='word_1_38' title='bbox 2579 483 2724 537; x_wconf 89' lang='lat' dir='ltr'><strong>enim</strong></span> <span class='ocrx_word' id='word_1_39' title='bbox 2779 482 2982 537; x_wconf 86' lang='lat' dir='ltr'><strong>habent</strong></span> <span class='ocrx_word' id='word_1_40' title='bbox 3029 483 3427 552; x_wconf 84' lang='lat' dir='ltr'><strong>blasphemiam</strong></span> <span class='ocrx_word' id='word_1_41' title='bbox 3477 500 3600 554; x_wconf 87' lang='lat' dir='ltr'><strong>quae</strong></span> 
     </span>
    </p>
   </div>
   <div class='ocr_carea' id='block_1_9' title="bbox 340 572 1920 666">
    <p class='ocr_par' dir='ltr' id='par_1_9' title="bbox 340 573 1912 650">
     <span class='ocr_line' id='line_1_9' title="bbox 340 573 1912 650; baseline -0.003 -19"><span class='ocrx_word' id='word_1_42' title='bbox 340 578 571 650; x_wconf 85' lang='grc' dir='ltr'><strong>ρημένα·</strong></span> <span class='ocrx_word' id='word_1_43' title='bbox 598 577 892 639; x_wconf 64' lang='lat' dir='ltr'><strong>Aanrea,</strong></span> <span class='ocrx_word' id='word_1_44' title='bbox 921 575 1106 643; x_wconf 70' lang='grc' dir='ltr'><strong>φησιν,</strong></span> <span class='ocrx_word' id='word_1_45' title='bbox 1136 574 1294 641; x_wconf 80' lang='grc' dir='ltr'><strong>παρὰ</strong></span> <span class='ocrx_word' id='word_1_46' title='bbox 1318 574 1421 628; x_wconf 86' lang='grc' dir='ltr'><strong>τοῦ</strong></span> <span class='ocrx_word' id='word_1_47' title='bbox 1452 575 1681 641; x_wconf 73' lang='grc' dir='ltr'><strong>Πατρός</strong></span> <span class='ocrx_word' id='word_1_48' title='bbox 1704 573 1912 637; x_wconf 78' lang='grc' dir='ltr'><strong>δόξαν,</strong></span> 
     </span>
    </p>
   </div>
   <div class='ocr_carea' id='block_1_10' title="bbox 2022 572 3596 666">
    <p class='ocr_par' dir='ltr' id='par_1_10' title="bbox 2022 572 3596 646">
     <span class='ocr_line' id='line_1_10' title="bbox 2022 572 3596 646; baseline 0.003 -20"><span class='ocrx_word' id='word_1_49' title='bbox 2022 574 2326 641; x_wconf 72' lang='lat' dir='ltr'><strong>praecedunt</strong></span> <span class='ocrx_word' id='word_1_50' title='bbox 2353 572 2812 642; x_wconf 71' lang='lat' dir='ltr'><strong>dictamdeptum,</strong></span> <span class='ocrx_word' id='word_1_51' title='bbox 2835 574 3033 642; x_wconf 88' lang='lat' dir='ltr'><strong>inquit,</strong></span> <span class='ocrx_word' id='word_1_52' title='bbox 3071 591 3102 626; x_wconf 90' lang='lat' dir='ltr'><strong>a</strong></span> <span class='ocrx_word' id='word_1_53' title='bbox 3133 573 3293 629; x_wconf 81' lang='lat' dir='ltr'><strong>Patre</strong></span> <span class='ocrx_word' id='word_1_54' title='bbox 3341 575 3596 646; x_wconf 78' lang='lat' dir='ltr'><strong>gloriam,</strong></span> 
     </span>
    </p>
   </div>
   <div class='ocr_carea' id='block_1_11' title="bbox 338 664 1918 737">
    <p class='ocr_par' dir='ltr' id='par_1_11' title="bbox 338 664 1918 737">
     <span class='ocr_line' id='line_1_11' title="bbox 338 664 1918 737; baseline -0.005 -13"><span class='ocrx_word' id='word_1_55' title='bbox 338 673 411 724; x_wconf 86' lang='grc' dir='ltr'><strong>οὐ</strong></span> <span class='ocrx_word' id='word_1_56' title='bbox 447 666 558 737; x_wconf 81' lang='grc' dir='ltr'><strong>τῆς</strong></span> <span class='ocrx_word' id='word_1_57' title='bbox 595 667 833 720; x_wconf 78' lang='grc' dir='ltr'><strong>ἐκείνου</strong></span> <span class='ocrx_word' id='word_1_58' title='bbox 872 667 1284 734; x_wconf 66' lang='grc' dir='ltr'><strong>μεταλαϐόντα</strong></span> <span class='ocrx_word' id='word_1_59' title='bbox 1310 664 1493 732; x_wconf 81' lang='grc' dir='ltr'><strong>δόξης</strong></span> <span class='ocrx_word' id='word_1_60' title='bbox 1512 682 1524 694; x_wconf 89' lang='grc'><strong>·</strong></span> <span class='ocrx_word' id='word_1_61' title='bbox 1559 665 1918 734; x_wconf 77' lang='grc' dir='ltr'><strong>ἀμετάδοτος</strong></span> 
     </span>
    </p>
   </div>
   <div class='ocr_carea' id='block_1_12' title="bbox 338 756 1918 832">
    <p class='ocr_par' dir='ltr' id='par_1_12' title="bbox 338 756 1918 832">
     <span class='ocr_line' id='line_1_12' title="bbox 338 756 1918 832; baseline -0.015 -3"><span class='ocrx_word' id='word_1_62' title='bbox 338 761 449 832; x_wconf 70' lang='grc' dir='ltr'><strong>γὰρ</strong></span> <span class='ocrx_word' id='word_1_63' title='bbox 482 763 521 830; x_wconf 67' lang='grc' dir='ltr'><strong><em>ἦ</em></strong></span> <span class='ocrx_word' id='word_1_64' title='bbox 549 759 699 823; x_wconf 71' lang='grc' dir='ltr'><strong>δόξα</strong></span> <span class='ocrx_word' id='word_1_65' title='bbox 734 759 839 812; x_wconf 80' lang='grc' dir='ltr'><strong>τοῦ</strong></span> <span class='ocrx_word' id='word_1_66' title='bbox 883 758 1359 829; x_wconf 78' lang='grc' dir='ltr'><strong>παντοκράτορος</strong></span> <span class='ocrx_word' id='word_1_67' title='bbox 1408 759 1576 812; x_wconf 84' lang='grc' dir='ltr'><strong>Θεοῦ.</strong></span> <span class='ocrx_word' id='word_1_68' title='bbox 1632 756 1771 825; x_wconf 82' lang='grc' dir='ltr'><strong>Ἐγὼ</strong></span> <span class='ocrx_word' id='word_1_69' title='bbox 1809 757 1918 828; x_wconf 59' lang='grc' dir='ltr'><strong>γὺρ</strong></span> 
     </span>
    </p>
   </div>
   <div class='ocr_carea' id='block_1_13' title="bbox 341 846 1919 922">
    <p class='ocr_par' dir='ltr' id='par_1_13' title="bbox 341 846 1919 922">
     <span class='ocr_line' id='line_1_13' title="bbox 341 846 1919 922; baseline -0.004 -16"><span class='ocrx_word' id='word_1_70' title='bbox 341 855 390 906; x_wconf 76' lang='grc' dir='ltr'><strong>εί</strong></span> <span class='ocrx_word' id='word_1_71' title='bbox 432 853 528 906; x_wconf 69' lang='grc' dir='ltr'><strong>καὶ</strong></span> <span class='ocrx_word' id='word_1_72' title='bbox 567 851 696 922; x_wconf 74' lang='grc' dir='ltr'>περὶ</span> <span class='ocrx_word' id='word_1_73' title='bbox 743 850 1020 914; x_wconf 83' lang='grc' dir='ltr'>Μωῠσέως</span> <span class='ocrx_word' id='word_1_74' title='bbox 1066 852 1094 903; x_wconf 96' lang='lat'><strong>6</strong></span> <span class='ocrx_word' id='word_1_75' title='bbox 1139 850 1294 918; x_wconf 85' lang='grc' dir='ltr'><strong>λόγος</strong></span> <span class='ocrx_word' id='word_1_76' title='bbox 1332 846 1400 921; x_wconf 82' lang='grc' dir='ltr'><strong>ἦν</strong></span> <span class='ocrx_word' id='word_1_77' title='bbox 1441 849 1536 902; x_wconf 83' lang='grc' dir='ltr'><strong>τοῦ</strong></span> <span class='ocrx_word' id='word_1_78' title='bbox 1573 849 1919 914; x_wconf 68' lang='grc' dir='ltr'><strong>δοξασθέντος</strong></span> 
     </span>
    </p>
   </div>
   <div class='ocr_carea' id='block_1_14' title="bbox 342 939 1919 1016">
    <p class='ocr_par' dir='ltr' id='par_1_14' title="bbox 342 939 1919 1016">
     <span class='ocr_line' id='line_1_14' title="bbox 342 939 1919 1016; baseline -0.004 -18"><span class='ocrx_word' id='word_1_79' title='bbox 342 948 398 998; x_wconf 79' lang='grc' dir='ltr'><strong>ὲν</strong></span> <span class='ocrx_word' id='word_1_80' title='bbox 426 947 490 1016; x_wconf 79' lang='grc' dir='ltr'>τῇ</span> <span class='ocrx_word' id='word_1_81' title='bbox 521 942 766 1012; x_wconf 70' lang='grc' dir='ltr'>διακονίᾳ.</span> <span class='ocrx_word' id='word_1_82' title='bbox 795 943 888 995; x_wconf 83' lang='grc' dir='ltr'><strong>τοῦ</strong></span> <span class='ocrx_word' id='word_1_83' title='bbox 922 942 1116 1014; x_wconf 76' lang='grc' dir='ltr'>νόμου,</span> <span class='ocrx_word' id='word_1_84' title='bbox 1148 942 1256 995; x_wconf 81' lang='grc' dir='ltr'><strong>οὐδ’</strong></span> <span class='ocrx_word' id='word_1_85' title='bbox 1284 941 1456 1004; x_wconf 77' lang='grc' dir='ltr'>οὕτως</span> <span class='ocrx_word' id='word_1_86' title='bbox 1486 942 1692 1012; x_wconf 74' lang='grc' dir='ltr'><strong>ῆνεγκα</strong></span> <span class='ocrx_word' id='word_1_87' title='bbox 1728 939 1792 994; x_wconf 78' lang='grc' dir='ltr'>ἂν</span> <span class='ocrx_word' id='word_1_88' title='bbox 1827 941 1919 992; x_wconf 82' lang='grc' dir='ltr'><strong>τὸν</strong></span> 
     </span>
    </p>
   </div>
   <div class='ocr_carea' id='block_1_15' title="bbox 339 1030 1918 1104">
    <p class='ocr_par' dir='ltr' id='par_1_15' title="bbox 339 1030 1918 1104">
     <span class='ocr_line' id='line_1_15' title="bbox 339 1030 1918 1104; baseline -0.004 -14"><span class='ocrx_word' id='word_1_89' title='bbox 339 1037 577 1090; x_wconf 79' lang='grc' dir='ltr'><strong>τοιοῦτον</strong></span> <span class='ocrx_word' id='word_1_90' title='bbox 605 1036 781 1104; x_wconf 89' lang='grc' dir='ltr'>λόγον.</span> <span class='ocrx_word' id='word_1_91' title='bbox 818 1037 912 1096; x_wconf 82' lang='grc' dir='ltr'><strong>Ὃς</strong></span> <span class='ocrx_word' id='word_1_92' title='bbox 938 1036 986 1087; x_wconf 85' lang='grc' dir='ltr'><strong>εί</strong></span> <span class='ocrx_word' id='word_1_93' title='bbox 1015 1034 1105 1087; x_wconf 79' lang='grc' dir='ltr'><strong>καὶ</strong></span> <span class='ocrx_word' id='word_1_94' title='bbox 1136 1035 1218 1086; x_wconf 84' lang='grc' dir='ltr'><strong>ὄτι</strong></span> <span class='ocrx_word' id='word_1_95' title='bbox 1249 1033 1514 1104; x_wconf 87' lang='grc' dir='ltr'><strong>μηδεμίαν</strong></span> <span class='ocrx_word' id='word_1_96' title='bbox 1540 1032 1679 1102; x_wconf 79' lang='grc' dir='ltr'>ἔχων</span> <span class='ocrx_word' id='word_1_97' title='bbox 1709 1030 1918 1084; x_wconf 77' lang='grc' dir='ltr'><strong>οἴκοθεν</strong></span> 
     </span>
    </p>
   </div>
   <div class='ocr_carea' id='block_1_16' title="bbox 339 1121 1914 1194">
    <p class='ocr_par' dir='ltr' id='par_1_16' title="bbox 339 1121 1914 1194">
     <span class='ocr_line' id='line_1_16' title="bbox 339 1121 1914 1194; baseline -0.004 -14"><span class='ocrx_word' id='word_1_98' title='bbox 339 1126 497 1193; x_wconf 84' lang='grc' dir='ltr'><strong>δόξαν</strong></span> <span class='ocrx_word' id='word_1_99' title='bbox 538 1127 764 1189; x_wconf 79' lang='grc' dir='ltr'><strong>ἐκεῖνος,</strong></span> <span class='ocrx_word' id='word_1_100' title='bbox 809 1124 898 1178; x_wconf 80' lang='grc' dir='ltr'><strong>διὰ</strong></span> <span class='ocrx_word' id='word_1_101' title='bbox 935 1125 1035 1194; x_wconf 84' lang='grc' dir='ltr'><strong>τῆς</strong></span> <span class='ocrx_word' id='word_1_102' title='bbox 1065 1123 1362 1194; x_wconf 78' lang='grc' dir='ltr'><strong>γενομένης</strong></span> <span class='ocrx_word' id='word_1_103' title='bbox 1409 1123 1557 1194; x_wconf 75' lang='grc' dir='ltr'>αὐτῷ</span> <span class='ocrx_word' id='word_1_104' title='bbox 1600 1121 1782 1174; x_wconf 77' lang='grc' dir='ltr'>θεόθεν</span> <span class='ocrx_word' id='word_1_105' title='bbox 1813 1122 1914 1174; x_wconf 82' lang='grc' dir='ltr'><strong>δω-</strong></span> 
     </span>
    </p>
   </div>
   <div class='ocr_carea' id='block_1_17' title="bbox 343 1211 1917 1289">
    <p class='ocr_par' dir='ltr' id='par_1_17' title="bbox 343 1211 1917 1289">
     <span class='ocr_line' id='line_1_17' title="bbox 343 1211 1917 1289; baseline -0.004 -19"><span class='ocrx_word' id='word_1_106' title='bbox 343 1219 471 1289; x_wconf 71' lang='grc' dir='ltr'><strong>ρεᾶς</strong></span> <span class='ocrx_word' id='word_1_107' title='bbox 489 1259 503 1282; x_wconf 93' lang='grc'><strong>,</strong></span> <span class='ocrx_word' id='word_1_108' title='bbox 533 1216 738 1281; x_wconf 78' lang='grc' dir='ltr'><strong>ἔνδοξος</strong></span> <span class='ocrx_word' id='word_1_109' title='bbox 767 1216 976 1288; x_wconf 83' lang='grc' dir='ltr'>ἀθρόως</span> <span class='ocrx_word' id='word_1_110' title='bbox 1003 1220 1114 1278; x_wconf 84' lang='grc' dir='ltr'>τοῖς</span> <span class='ocrx_word' id='word_1_111' title='bbox 1154 1215 1512 1287; x_wconf 78' lang='grc' dir='ltr'><strong>Ἰσραηλίταις</strong></span> <span class='ocrx_word' id='word_1_112' title='bbox 1545 1214 1737 1284; x_wconf 80' lang='grc' dir='ltr'>ἐφάνη.</span> <span class='ocrx_word' id='word_1_113' title='bbox 1771 1211 1917 1279; x_wconf 72' lang='grc' dir='ltr'><strong>Αὐτὴ</strong></span> 
     </span>
    </p>
   </div>
   <div class='ocr_carea' id='block_1_18' title="bbox 341 1304 1919 1380">
    <p class='ocr_par' dir='ltr' id='par_1_18' title="bbox 341 1304 1919 1380">
     <span class='ocr_line' id='line_1_18' title="bbox 341 1304 1919 1380; baseline -0.005 -18"><span class='ocrx_word' id='word_1_114' title='bbox 341 1310 454 1380; x_wconf 73' lang='grc' dir='ltr'><strong>γὰρ</strong></span> <span class='ocrx_word' id='word_1_115' title='bbox 483 1311 516 1379; x_wconf 84' lang='grc' dir='ltr'>ἡ</span> <span class='ocrx_word' id='word_1_116' title='bbox 558 1308 822 1378; x_wconf 80' lang='grc' dir='ltr'><strong>γενομένη</strong></span> <span class='ocrx_word' id='word_1_117' title='bbox 861 1307 938 1378; x_wconf 80' lang='grc' dir='ltr'><strong>τῷ</strong></span> <span class='ocrx_word' id='word_1_118' title='bbox 972 1307 1236 1380; x_wconf 85' lang='grc' dir='ltr'>νομοθέτῃ</span> <span class='ocrx_word' id='word_1_119' title='bbox 1275 1307 1400 1371; x_wconf 84' lang='grc' dir='ltr'><strong>δόξα</strong></span> <span class='ocrx_word' id='word_1_120' title='bbox 1442 1307 1542 1360; x_wconf 78' lang='grc' dir='ltr'><strong>οὐκ</strong></span> <span class='ocrx_word' id='word_1_121' title='bbox 1585 1305 1744 1359; x_wconf 75' lang='grc' dir='ltr'>ἄλλου</span> <span class='ocrx_word' id='word_1_122' title='bbox 1776 1304 1919 1366; x_wconf 78' lang='grc' dir='ltr'><strong>τινὸς</strong></span> 
     </span>
    </p>
   </div>
   <div class='ocr_carea' id='block_1_19' title="bbox 340 1398 1920 1474">
    <p class='ocr_par' dir='ltr' id='par_1_19' title="bbox 340 1398 1920 1474">
     <span class='ocr_line' id='line_1_19' title="bbox 340 1398 1920 1474; baseline -0.006 -18"><span class='ocrx_word' id='word_1_123' title='bbox 340 1400 432 1474; x_wconf 74' lang='grc' dir='ltr'><strong>ἦν,</strong></span> <span class='ocrx_word' id='word_1_124' title='bbox 463 1402 598 1455; x_wconf 77' lang='grc' dir='ltr'>ἀλλὰ</span> <span class='ocrx_word' id='word_1_125' title='bbox 625 1401 784 1454; x_wconf 83' lang='grc' dir='ltr'><strong>αὐτοῦ</strong></span> <span class='ocrx_word' id='word_1_126' title='bbox 828 1401 921 1454; x_wconf 78' lang='grc' dir='ltr'><strong>τοῦ</strong></span> <span class='ocrx_word' id='word_1_127' title='bbox 953 1399 1111 1464; x_wconf 81' lang='grc' dir='ltr'>Θεοῦ,</span> <span class='ocrx_word' id='word_1_128' title='bbox 1155 1400 1222 1471; x_wconf 72' lang='grc' dir='ltr'><strong>ἣν</strong></span> <span class='ocrx_word' id='word_1_129' title='bbox 1249 1401 1456 1462; x_wconf 82' lang='grc' dir='ltr'><strong>πάντας</strong></span> <span class='ocrx_word' id='word_1_130' title='bbox 1493 1399 1704 1452; x_wconf 78' lang='grc' dir='ltr'>κελεύει</span> <span class='ocrx_word' id='word_1_131' title='bbox 1739 1398 1920 1466; x_wconf 77' lang='grc' dir='ltr'><strong>ζητεῖν</strong></span> 
     </span>
    </p>
   </div>
   <div class='ocr_carea' id='block_1_20' title="bbox 341 1483 1920 1564">
    <p class='ocr_par' dir='ltr' id='par_1_20' title="bbox 341 1483 1920 1564">
     <span class='ocr_line' id='line_1_20' title="bbox 341 1483 1920 1564; baseline -0.008 -17"><span class='ocrx_word' id='word_1_132' title='bbox 341 1495 402 1547; x_wconf 85' lang='grc' dir='ltr'><strong>ὲν</strong></span> <span class='ocrx_word' id='word_1_133' title='bbox 438 1493 516 1564; x_wconf 83' lang='grc' dir='ltr'>τῷ</span> <span class='ocrx_word' id='word_1_134' title='bbox 541 1491 850 1561; x_wconf 80' lang='grc' dir='ltr'><strong>Εὖαγγελίῳ</strong></span> <span class='ocrx_word' id='word_1_135' title='bbox 878 1492 906 1544; x_wconf 93' lang='lat'><strong>6</strong></span> <span class='ocrx_word' id='word_1_136' title='bbox 946 1491 1148 1562; x_wconf 82' lang='grc' dir='ltr'><strong>Κύριος</strong></span> <span class='ocrx_word' id='word_1_137' title='bbox 1171 1530 1185 1553; x_wconf 96' lang='grc'><strong>,</strong></span> <span class='ocrx_word' id='word_1_138' title='bbox 1215 1490 1280 1542; x_wconf 83' lang='grc' dir='ltr'><strong>δι’</strong></span> <span class='ocrx_word' id='word_1_139' title='bbox 1311 1483 1385 1543; x_wconf 84' lang='grc' dir='ltr'>ὧν</span> <span class='ocrx_word' id='word_1_140' title='bbox 1408 1489 1646 1541; x_wconf 75' lang='grc' dir='ltr'><strong>αἰτιᾶται</strong></span> <span class='ocrx_word' id='word_1_141' title='bbox 1669 1487 1792 1546; x_wconf 82' lang='grc' dir='ltr'><strong>τοὺς</strong></span> <span class='ocrx_word' id='word_1_142' title='bbox 1833 1483 1920 1552; x_wconf 73' lang='grc' dir='ltr'><strong>τὴν</strong></span> 
     </span>
    </p>
   </div>
   <div class='ocr_carea' id='block_1_21' title="bbox 342 1575 1919 1655">
    <p class='ocr_par' dir='ltr' id='par_1_21' title="bbox 342 1575 1919 1655">
     <span class='ocr_line' id='line_1_21' title="bbox 342 1575 1919 1655; baseline -0.008 -17"><span class='ocrx_word' id='word_1_143' title='bbox 342 1585 690 1655; x_wconf 81' lang='grc' dir='ltr'><strong>ἀνθρωπίνην</strong></span> <span class='ocrx_word' id='word_1_144' title='bbox 725 1584 880 1650; x_wconf 83' lang='grc' dir='ltr'><strong>δόξαν</strong></span> <span class='ocrx_word' id='word_1_145' title='bbox 921 1584 1048 1653; x_wconf 82' lang='grc' dir='ltr'><strong>περὶ</strong></span> <span class='ocrx_word' id='word_1_146' title='bbox 1089 1581 1286 1635; x_wconf 80' lang='grc' dir='ltr'>πολλοῦ</span> <span class='ocrx_word' id='word_1_147' title='bbox 1333 1579 1705 1650; x_wconf 81' lang='grc' dir='ltr'><strong>ποιουμένους,</strong></span> <span class='ocrx_word' id='word_1_148' title='bbox 1736 1576 1833 1646; x_wconf 84' lang='grc' dir='ltr'><strong>τὴν</strong></span> <span class='ocrx_word' id='word_1_149' title='bbox 1862 1575 1919 1628; x_wconf 80' lang='grc' dir='ltr'><strong>δὲ</strong></span> 
     </span>
    </p>
   </div>
   <div class='ocr_carea' id='block_1_22' title="bbox 340 1661 1920 1748">
    <p class='ocr_par' dir='ltr' id='par_1_22' title="bbox 340 1661 1920 1748">
     <span class='ocr_line' id='line_1_22' title="bbox 340 1661 1920 1748; baseline -0.009 -16"><span class='ocrx_word' id='word_1_150' title='bbox 340 1677 491 1748; x_wconf 75' lang='grc' dir='ltr'><strong>παρὰ</strong></span> <span class='ocrx_word' id='word_1_151' title='bbox 538 1677 700 1747; x_wconf 79' lang='grc' dir='ltr'>μόνου</span> <span class='ocrx_word' id='word_1_152' title='bbox 742 1675 835 1728; x_wconf 79' lang='grc' dir='ltr'><strong>τοῦ</strong></span> <span class='ocrx_word' id='word_1_153' title='bbox 882 1674 1015 1727; x_wconf 78' lang='grc' dir='ltr'><strong>Θεοῦ</strong></span> <span class='ocrx_word' id='word_1_154' title='bbox 1064 1671 1218 1738; x_wconf 84' lang='grc' dir='ltr'><strong>δόξαν</strong></span> <span class='ocrx_word' id='word_1_155' title='bbox 1261 1674 1334 1743; x_wconf 85' lang='grc' dir='ltr'><strong>μὴ</strong></span> <span class='ocrx_word' id='word_1_156' title='bbox 1373 1671 1685 1742; x_wconf 81' lang='grc' dir='ltr'><strong>ζητοῦντας.</strong></span> <span class='ocrx_word' id='word_1_157' title='bbox 1723 1671 1797 1721; x_wconf 83' lang='grc' dir='ltr'><strong>Δι’</strong></span> <span class='ocrx_word' id='word_1_158' title='bbox 1845 1661 1920 1720; x_wconf 81' lang='grc' dir='ltr'><strong>ὧν</strong></span> 
     </span>
    </p>
   </div>
   <div class='ocr_carea' id='block_1_23' title="bbox 2017 665 3597 737">
    <p class='ocr_par' dir='ltr' id='par_1_23' title="bbox 2017 665 3597 737">
     <span class='ocr_line' id='line_1_23' title="bbox 2017 665 3597 737; baseline 0.002 -21"><span class='ocrx_word' id='word_1_159' title='bbox 2017 681 2119 717; x_wconf 84' lang='lat' dir='ltr'><strong>non</strong></span> <span class='ocrx_word' id='word_1_160' title='bbox 2138 665 2285 719; x_wconf 77' lang='lat' dir='ltr'><strong>illius</strong></span> <span class='ocrx_word' id='word_1_161' title='bbox 2308 673 2604 719; x_wconf 78' lang='lat' dir='ltr'><strong>consortem</strong></span> <span class='ocrx_word' id='word_1_162' title='bbox 2624 666 2728 720; x_wconf 81' lang='lat' dir='ltr'><strong>sive</strong></span> <span class='ocrx_word' id='word_1_163' title='bbox 2748 667 3062 737; x_wconf 75' lang='lat' dir='ltr'><strong>participem</strong></span> <span class='ocrx_word' id='word_1_164' title='bbox 3091 666 3312 736; x_wconf 66' lang='lat' dir='ltr'><strong>gloriae:</strong></span> <span class='ocrx_word' id='word_1_165' title='bbox 3333 683 3436 722; x_wconf 82' lang='lat' dir='ltr'><strong>non</strong></span> <span class='ocrx_word' id='word_1_166' title='bbox 3462 669 3597 722; x_wconf 86' lang='lat' dir='ltr'><strong>enim</strong></span> 
     </span>
    </p>
   </div>
   <div class='ocr_carea' id='block_1_24' title="bbox 2016 755 3598 829">
    <p class='ocr_par' dir='ltr' id='par_1_24' title="bbox 2016 755 3598 829">
     <span class='ocr_line' id='line_1_24' title="bbox 2016 755 3598 829; baseline 0.003 -22"><span class='ocrx_word' id='word_1_167' title='bbox 2016 765 2092 808; x_wconf 83' lang='lat' dir='ltr'><strong>est</strong></span> <span class='ocrx_word' id='word_1_168' title='bbox 2111 755 2562 810; x_wconf 77' lang='lat' dir='ltr'><strong>communicabitis</strong></span> <span class='ocrx_word' id='word_1_169' title='bbox 2585 755 2681 810; x_wconf 77' lang='lat' dir='ltr'><strong>Dei</strong></span> <span class='ocrx_word' id='word_1_170' title='bbox 2699 758 3075 826; x_wconf 76' lang='lat' dir='ltr'><strong>omnipotentis</strong></span> <span class='ocrx_word' id='word_1_171' title='bbox 3096 758 3290 828; x_wconf 81' lang='lat' dir='ltr'><strong><em>gloria.</em></strong></span> <span class='ocrx_word' id='word_1_172' title='bbox 3320 757 3431 829; x_wconf 85' lang='lat' dir='ltr'><strong>Ego</strong></span> <span class='ocrx_word' id='word_1_173' title='bbox 3450 760 3598 814; x_wconf 92' lang='lat' dir='ltr'><strong>enim</strong></span> 
     </span>
    </p>
   </div>
   <div class='ocr_carea' id='block_1_25' title="bbox 2020 849 3600 922">
    <p class='ocr_par' dir='ltr' id='par_1_25' title="bbox 2020 849 3600 922">
     <span class='ocr_line' id='line_1_25' title="bbox 2020 849 3600 922; baseline 0.003 -22"><span class='ocrx_word' id='word_1_174' title='bbox 2020 849 2235 903; x_wconf 76' lang='lat' dir='ltr'><strong>tametsi</strong></span> <span class='ocrx_word' id='word_1_175' title='bbox 2266 849 2334 904; x_wconf 88' lang='lat' dir='ltr'><strong>de</strong></span> <span class='ocrx_word' id='word_1_176' title='bbox 2369 850 2488 904; x_wconf 90' lang='lat' dir='ltr'><strong>solo</strong></span> <span class='ocrx_word' id='word_1_177' title='bbox 2518 849 2666 904; x_wconf 73' lang='lat' dir='ltr'><strong>Mose</strong></span> <span class='ocrx_word' id='word_1_178' title='bbox 2694 865 2878 904; x_wconf 83' lang='lat' dir='ltr'><strong>sermo</strong></span> <span class='ocrx_word' id='word_1_179' title='bbox 2911 849 3103 905; x_wconf 85' lang='lat' dir='ltr'><strong>fuisset</strong></span> <span class='ocrx_word' id='word_1_180' title='bbox 3140 851 3196 904; x_wconf 91' lang='lat' dir='ltr'><strong>in</strong></span> <span class='ocrx_word' id='word_1_181' title='bbox 3251 851 3388 922; x_wconf 80' lang='lat' dir='ltr'><strong>legis</strong></span> <span class='ocrx_word' id='word_1_182' title='bbox 3435 852 3600 906; x_wconf 86' lang='lat' dir='ltr'><strong>mini-</strong></span> 
     </span>
    </p>
   </div>
   <div class='ocr_carea' id='block_1_26' title="bbox 2019 939 3599 1011">
    <p class='ocr_par' dir='ltr' id='par_1_26' title="bbox 2019 939 3599 1011">
     <span class='ocr_line' id='line_1_26' title="bbox 2019 939 3599 1011; baseline 0.003 -17"><span class='ocrx_word' id='word_1_183' title='bbox 2019 939 2188 994; x_wconf 90' lang='lat' dir='ltr'><strong>sterio</strong></span> <span class='ocrx_word' id='word_1_184' title='bbox 2217 939 2537 1010; x_wconf 77' lang='lat' dir='ltr'><strong>gloriﬁcato,</strong></span> <span class='ocrx_word' id='word_1_185' title='bbox 2564 957 2845 1011; x_wconf 85' lang='lat' dir='ltr'><strong>nunquam</strong></span> <span class='ocrx_word' id='word_1_186' title='bbox 2869 949 3051 998; x_wconf 88' lang='lat' dir='ltr'><strong>tamen</strong></span> <span class='ocrx_word' id='word_1_187' title='bbox 3079 944 3257 998; x_wconf 65' lang='lat' dir='ltr'><strong>&#39;talem</strong></span> <span class='ocrx_word' id='word_1_188' title='bbox 3286 945 3599 1000; x_wconf 83' lang='lat' dir='ltr'><strong>orationem</strong></span> 
     </span>
    </p>
   </div>
   <div class='ocr_carea' id='block_1_27' title="bbox 2020 1033 3597 1109">
    <p class='ocr_par' dir='ltr' id='par_1_27' title="bbox 2020 1033 3597 1109">
     <span class='ocr_line' id='line_1_27' title="bbox 2020 1033 3597 1109; baseline 0.006 -25"><span class='ocrx_word' id='word_1_189' title='bbox 2020 1033 2399 1102; x_wconf 86' lang='lat' dir='ltr'><strong>protulissem:</strong></span> <span class='ocrx_word' id='word_1_190' title='bbox 2440 1037 2535 1104; x_wconf 89' lang='lat' dir='ltr'><strong>qui</strong></span> <span class='ocrx_word' id='word_1_191' title='bbox 2562 1035 2691 1091; x_wconf 79' lang='lat' dir='ltr'><strong>licet</strong></span> <span class='ocrx_word' id='word_1_192' title='bbox 2714 1036 2864 1090; x_wconf 90' lang='lat' dir='ltr'><strong>nulla</strong></span> <span class='ocrx_word' id='word_1_193' title='bbox 2887 1051 2950 1092; x_wconf 81' lang='lat' dir='ltr'><strong>ex</strong></span> <span class='ocrx_word' id='word_1_194' title='bbox 2982 1037 3164 1107; x_wconf 90' lang='lat' dir='ltr'><strong>seipso</strong></span> <span class='ocrx_word' id='word_1_195' title='bbox 3184 1038 3357 1109; x_wconf 81' lang='lat' dir='ltr'><strong>gloria</strong></span> <span class='ocrx_word' id='word_1_196' title='bbox 3383 1039 3597 1105; x_wconf 88' lang='lat' dir='ltr'><strong>clarus,</strong></span> 
     </span>
    </p>
   </div>
   <div class='ocr_carea' id='block_1_28' title="bbox 2021 1124 3601 1198">
    <p class='ocr_par' dir='ltr' id='par_1_28' title="bbox 2021 1124 3601 1198">
     <span class='ocr_line' id='line_1_28' title="bbox 2021 1124 3601 1198; baseline 0.007 -23"><span class='ocrx_word' id='word_1_197' title='bbox 2021 1130 2201 1178; x_wconf 91' lang='lat' dir='ltr'><strong>tamen</strong></span> <span class='ocrx_word' id='word_1_198' title='bbox 2237 1139 2334 1194; x_wconf 88' lang='lat' dir='ltr'><strong>per</strong></span> <span class='ocrx_word' id='word_1_199' title='bbox 2365 1124 2421 1180; x_wconf 87' lang='lat' dir='ltr'><strong>id</strong></span> <span class='ocrx_word' id='word_1_200' title='bbox 2452 1125 2657 1181; x_wconf 89' lang='lat' dir='ltr'><strong><em>donum</em></strong></span> <span class='ocrx_word' id='word_1_201' title='bbox 2689 1127 2836 1198; x_wconf 89' lang='lat' dir='ltr'><strong>quod</strong></span> <span class='ocrx_word' id='word_1_202' title='bbox 2873 1129 2923 1182; x_wconf 89' lang='lat' dir='ltr'><strong>ei</strong></span> <span class='ocrx_word' id='word_1_203' title='bbox 2959 1129 3226 1186; x_wconf 86' lang='lat' dir='ltr'><strong>divinitus</strong></span> <span class='ocrx_word' id='word_1_204' title='bbox 3258 1131 3485 1197; x_wconf 89' lang='lat' dir='ltr'><strong>accidit,</strong></span> <span class='ocrx_word' id='word_1_205' title='bbox 3531 1133 3601 1186; x_wconf 82' lang='lat' dir='ltr'><strong>il-</strong></span> 
     </span>
    </p>
   </div>
   <div class='ocr_carea' id='block_1_29' title="bbox 2021 1216 3600 1294">
    <p class='ocr_par' dir='ltr' id='par_1_29' title="bbox 2021 1216 3600 1294">
     <span class='ocr_line' id='line_1_29' title="bbox 2021 1216 3600 1294; baseline 0.006 -26"><span class='ocrx_word' id='word_1_206' title='bbox 2021 1216 2213 1270; x_wconf 85' lang='lat' dir='ltr'><strong>lustris</strong></span> <span class='ocrx_word' id='word_1_207' title='bbox 2253 1224 2307 1272; x_wconf 89' lang='lat' dir='ltr'><strong>et</strong></span> <span class='ocrx_word' id='word_1_208' title='bbox 2343 1218 2622 1288; x_wconf 87' lang='lat' dir='ltr'><strong>gloriosus</strong></span> <span class='ocrx_word' id='word_1_209' title='bbox 2659 1219 2926 1276; x_wconf 90' lang='lat' dir='ltr'><strong>lsraelitis</strong></span> <span class='ocrx_word' id='word_1_210' title='bbox 2956 1230 3104 1278; x_wconf 91' lang='lat' dir='ltr'><strong>totus</strong></span> <span class='ocrx_word' id='word_1_211' title='bbox 3157 1231 3382 1293; x_wconf 85' lang='lat' dir='ltr'><strong>repente</strong></span> <span class='ocrx_word' id='word_1_212' title='bbox 3431 1239 3600 1294; x_wconf 88' lang='lat' dir='ltr'><strong>appa-</strong></span> 
     </span>
    </p>
   </div>
   <div class='ocr_carea' id='block_1_30' title="bbox 2021 1309 3603 1382">
    <p class='ocr_par' dir='ltr' id='par_1_30' title="bbox 2021 1309 3603 1382">
     <span class='ocr_line' id='line_1_30' title="bbox 2021 1309 3603 1382; baseline 0.003 -19"><span class='ocrx_word' id='word_1_213' title='bbox 2021 1310 2132 1363; x_wconf 86' lang='lat' dir='ltr'><strong>ruit</strong></span> <span class='ocrx_word' id='word_1_214' title='bbox 2176 1309 2240 1362; x_wconf 65' lang='grc'><strong>⁸⁸.</strong></span> <span class='ocrx_word' id='word_1_215' title='bbox 2293 1312 2418 1380; x_wconf 82' lang='lat' dir='ltr'><strong>Ipsa</strong></span> <span class='ocrx_word' id='word_1_216' title='bbox 2467 1312 2612 1366; x_wconf 88' lang='lat' dir='ltr'><strong>cnim</strong></span> <span class='ocrx_word' id='word_1_217' title='bbox 2651 1329 2772 1382; x_wconf 71' lang='lat' dir='ltr'><strong>quae</strong></span> <span class='ocrx_word' id='word_1_218' title='bbox 2815 1314 2869 1366; x_wconf 91' lang='lat' dir='ltr'><strong>in</strong></span> <span class='ocrx_word' id='word_1_219' title='bbox 2919 1327 2984 1369; x_wconf 87' lang='lat' dir='ltr'><strong>eo</strong></span> <span class='ocrx_word' id='word_1_220' title='bbox 3028 1313 3347 1381; x_wconf 78' lang='lat' dir='ltr'><strong>legislature</strong></span> <span class='ocrx_word' id='word_1_221' title='bbox 3394 1314 3603 1369; x_wconf 70' lang='lat' dir='ltr'><strong>effulsit</strong></span> 
     </span>
    </p>
   </div>
   <div class='ocr_carea' id='block_1_31' title="bbox 2021 1401 3602 1476">
    <p class='ocr_par' dir='ltr' id='par_1_31' title="bbox 2021 1401 3602 1476">
     <span class='ocr_line' id='line_1_31' title="bbox 2021 1401 3602 1476; baseline 0.003 -21"><span class='ocrx_word' id='word_1_222' title='bbox 2021 1401 2267 1465; x_wconf 82' lang='lat' dir='ltr'><strong>claritas,</strong></span> <span class='ocrx_word' id='word_1_223' title='bbox 2320 1417 2425 1456; x_wconf 92' lang='lat' dir='ltr'><strong><em>non</em></strong></span> <span class='ocrx_word' id='word_1_224' title='bbox 2475 1403 2618 1458; x_wconf 87' lang='lat' dir='ltr'><strong>alius</strong></span> <span class='ocrx_word' id='word_1_225' title='bbox 2665 1405 2994 1474; x_wconf 81' lang='lat' dir='ltr'><strong>cujusquam</strong></span> <span class='ocrx_word' id='word_1_226' title='bbox 3028 1412 3169 1470; x_wconf 90' lang='lat' dir='ltr'><strong>erat,</strong></span> <span class='ocrx_word' id='word_1_227' title='bbox 3218 1420 3382 1476; x_wconf 88' lang='lat' dir='ltr'><strong>quam</strong></span> <span class='ocrx_word' id='word_1_228' title='bbox 3427 1405 3602 1475; x_wconf 89' lang='lat' dir='ltr'><strong>ipsius</strong></span> 
     </span>
    </p>
   </div>
   <div class='ocr_carea' id='block_1_32' title="bbox 2022 1493 3602 1566">
    <p class='ocr_par' dir='ltr' id='par_1_32' title="bbox 2022 1493 3602 1566">
     <span class='ocr_line' id='line_1_32' title="bbox 2022 1493 3602 1566; baseline 0.002 -20"><span class='ocrx_word' id='word_1_229' title='bbox 2022 1493 2139 1558; x_wconf 85' lang='lat' dir='ltr'><strong>Dei,</strong></span> <span class='ocrx_word' id='word_1_230' title='bbox 2175 1509 2336 1563; x_wconf 89' lang='lat' dir='ltr'><strong>quam</strong></span> <span class='ocrx_word' id='word_1_231' title='bbox 2367 1509 2561 1550; x_wconf 89' lang='lat' dir='ltr'><strong>omnes</strong></span> <span class='ocrx_word' id='word_1_232' title='bbox 2597 1510 2846 1564; x_wconf 70' lang='lat' dir='ltr'><strong>quaarere</strong></span> <span class='ocrx_word' id='word_1_233' title='bbox 2881 1495 3040 1564; x_wconf 88' lang='lat' dir='ltr'><strong>jubet</strong></span> <span class='ocrx_word' id='word_1_234' title='bbox 3075 1495 3129 1548; x_wconf 92' lang='lat' dir='ltr'><strong>in</strong></span> <span class='ocrx_word' id='word_1_235' title='bbox 3163 1494 3465 1566; x_wconf 82' lang='lat' dir='ltr'><strong>Evangelio</strong></span> <span class='ocrx_word' id='word_1_236' title='bbox 3493 1495 3602 1549; x_wconf 88' lang='lat' dir='ltr'><strong>Do-</strong></span> 
     </span>
    </p>
   </div>
   <div class='ocr_carea' id='block_1_33' title="bbox 2023 1586 3600 1656">
    <p class='ocr_par' dir='ltr' id='par_1_33' title="bbox 2023 1586 3600 1656">
     <span class='ocr_line' id='line_1_33' title="bbox 2023 1586 3600 1656; baseline 0.001 -18"><span class='ocrx_word' id='word_1_237' title='bbox 2023 1586 2208 1639; x_wconf 91' lang='lat' dir='ltr'><strong>minus</strong></span> <span class='ocrx_word' id='word_1_238' title='bbox 2232 1586 2312 1650; x_wconf 68' lang='grc' dir='ltr'><strong>δ’,</strong></span> <span class='ocrx_word' id='word_1_239' title='bbox 2350 1602 2445 1654; x_wconf 88' lang='lat' dir='ltr'><strong>per</strong></span> <span class='ocrx_word' id='word_1_240' title='bbox 2487 1602 2549 1642; x_wconf 88' lang='lat' dir='ltr'><strong>ea</strong></span> <span class='ocrx_word' id='word_1_241' title='bbox 2594 1587 2758 1641; x_wconf 81' lang='lat' dir='ltr'><strong>verba</strong></span> <span class='ocrx_word' id='word_1_242' title='bbox 2819 1588 3022 1656; x_wconf 86' lang='lat' dir='ltr'><strong>quibus</strong></span> <span class='ocrx_word' id='word_1_243' title='bbox 3081 1602 3176 1642; x_wconf 89' lang='lat' dir='ltr'><strong>eos</strong></span> <span class='ocrx_word' id='word_1_244' title='bbox 3230 1597 3457 1642; x_wconf 84' lang='lat' dir='ltr'><strong>accusat</strong></span> <span class='ocrx_word' id='word_1_245' title='bbox 3506 1587 3600 1656; x_wconf 88' lang='lat' dir='ltr'><strong>qui</strong></span> 
     </span>
    </p>
   </div>
   <div class='ocr_carea' id='block_1_34' title="bbox 2023 1677 3602 1748">
    <p class='ocr_par' dir='ltr' id='par_1_34' title="bbox 2023 1677 3602 1748">
     <span class='ocr_line' id='line_1_34' title="bbox 2023 1677 3602 1748; baseline 0.001 -18"><span class='ocrx_word' id='word_1_246' title='bbox 2023 1678 2318 1731; x_wconf 85' lang='lat' dir='ltr'><strong>humanam</strong></span> <span class='ocrx_word' id='word_1_247' title='bbox 2359 1678 2586 1748; x_wconf 78' lang='lat' dir='ltr'><strong>gloriam</strong></span> <span class='ocrx_word' id='word_1_248' title='bbox 2621 1677 3098 1747; x_wconf 86' lang='lat' dir='ltr'><strong>magnifacientes,</strong></span> <span class='ocrx_word' id='word_1_249' title='bbox 3129 1693 3251 1748; x_wconf 71' lang='lat' dir='ltr'><strong>qua:</strong></span> <span class='ocrx_word' id='word_1_250' title='bbox 3284 1693 3312 1731; x_wconf 88' lang='lat' dir='ltr'><strong>a</strong></span> <span class='ocrx_word' id='word_1_251' title='bbox 3356 1678 3474 1732; x_wconf 90' lang='lat' dir='ltr'><strong>solo</strong></span> <span class='ocrx_word' id='word_1_252' title='bbox 3518 1688 3602 1732; x_wconf 87' lang='lat' dir='ltr'><strong>est</strong></span> 
     </span>
    </p>
   </div>
   <div class='ocr_carea' id='block_1_35' title="bbox 337 1741 1920 1839">
    <p class='ocr_par' dir='ltr' id='par_1_35' title="bbox 337 1759 1914 1839">
     <span class='ocr_line' id='line_1_35' title="bbox 337 1759 1914 1839; baseline -0.007 -17"><span class='ocrx_word' id='word_1_253' title='bbox 337 1770 445 1839; x_wconf 78' lang='grc' dir='ltr'><strong>γὰρ</strong></span> <span class='ocrx_word' id='word_1_254' title='bbox 485 1768 670 1838; x_wconf 82' lang='grc' dir='ltr'><strong>ζητεῖν</strong></span> <span class='ocrx_word' id='word_1_255' title='bbox 703 1765 1084 1819; x_wconf 81' lang='grc' dir='ltr'><strong>ἐνεκελεύσατο</strong></span> <span class='ocrx_word' id='word_1_256' title='bbox 1118 1765 1215 1834; x_wconf 80' lang='grc' dir='ltr'><strong>τὴν</strong></span> <span class='ocrx_word' id='word_1_257' title='bbox 1254 1763 1402 1834; x_wconf 77' lang='grc' dir='ltr'><strong>παρὰ</strong></span> <span class='ocrx_word' id='word_1_258' title='bbox 1439 1763 1534 1816; x_wconf 75' lang='grc' dir='ltr'><strong>τοῦ</strong></span> <span class='ocrx_word' id='word_1_259' title='bbox 1569 1763 1730 1833; x_wconf 83' lang='grc' dir='ltr'>μόνου</span> <span class='ocrx_word' id='word_1_260' title='bbox 1780 1759 1914 1812; x_wconf 85' lang='grc' dir='ltr'>Θεοῦ</span> 
     </span>
    </p>
   </div>
   <div class='ocr_carea' id='block_1_36' title="bbox 2022 1741 3600 1839">
    <p class='ocr_par' dir='ltr' id='par_1_36' title="bbox 2022 1765 3600 1837">
     <span class='ocr_line' id='line_1_36' title="bbox 2022 1765 3600 1837; baseline 0.002 -19"><span class='ocrx_word' id='word_1_261' title='bbox 2022 1765 2131 1820; x_wconf 83' lang='lat' dir='ltr'><strong>Deo</strong></span> <span class='ocrx_word' id='word_1_262' title='bbox 2153 1767 2381 1836; x_wconf 85' lang='lat' dir='ltr'><strong>gloriam</strong></span> <span class='ocrx_word' id='word_1_263' title='bbox 2401 1781 2510 1821; x_wconf 95' lang='lat' dir='ltr'><strong>non</strong></span> <span class='ocrx_word' id='word_1_264' title='bbox 2536 1773 2810 1836; x_wconf 68' lang='lat' dir='ltr'><strong>quaerunt.</strong></span> <span class='ocrx_word' id='word_1_265' title='bbox 2840 1765 2942 1821; x_wconf 83' lang='lat' dir='ltr'><strong>Per</strong></span> <span class='ocrx_word' id='word_1_266' title='bbox 2963 1782 3086 1837; x_wconf 85' lang='lat' dir='ltr'><strong>quae</strong></span> <span class='ocrx_word' id='word_1_267' title='bbox 3109 1768 3256 1822; x_wconf 89' lang='lat' dir='ltr'><strong>enim</strong></span> <span class='ocrx_word' id='word_1_268' title='bbox 3285 1781 3406 1835; x_wconf 76' lang='lat' dir='ltr'><strong>qua:</strong></span> <span class='ocrx_word' id='word_1_269' title='bbox 3425 1782 3452 1818; x_wconf 89' lang='lat' dir='ltr'><strong>a</strong></span> <span class='ocrx_word' id='word_1_270' title='bbox 3479 1766 3600 1821; x_wconf 84' lang='lat' dir='ltr'><strong>solo</strong></span> 
     </span>
    </p>
   </div>
   <div class='ocr_carea' id='block_1_37' title="bbox 335 1853 1917 1926">
    <p class='ocr_par' dir='ltr' id='par_1_37' title="bbox 335 1853 1917 1926">
     <span class='ocr_line' id='line_1_37' title="bbox 335 1853 1917 1926; baseline -0.005 -13"><span class='ocrx_word' id='word_1_271' title='bbox 335 1861 514 1925; x_wconf 74' lang='grc' dir='ltr'><strong>δόξαν,</strong></span> <span class='ocrx_word' id='word_1_272' title='bbox 557 1860 618 1911; x_wconf 77' lang='grc' dir='ltr'><strong>τὸ</strong></span> <span class='ocrx_word' id='word_1_273' title='bbox 650 1859 873 1912; x_wconf 79' lang='grc' dir='ltr'><strong>δυνατὸν</strong></span> <span class='ocrx_word' id='word_1_274' title='bbox 905 1853 1042 1910; x_wconf 80' lang='grc' dir='ltr'><strong>εἶναι</strong></span> <span class='ocrx_word' id='word_1_275' title='bbox 1083 1859 1265 1926; x_wconf 83' lang='grc' dir='ltr'>τυχεῖν</span> <span class='ocrx_word' id='word_1_276' title='bbox 1297 1855 1388 1908; x_wconf 82' lang='grc' dir='ltr'><strong>τοῦ</strong></span> <span class='ocrx_word' id='word_1_277' title='bbox 1424 1854 1754 1925; x_wconf 80' lang='grc' dir='ltr'><strong>ζητουμένου</strong></span> <span class='ocrx_word' id='word_1_278' title='bbox 1789 1870 1917 1906; x_wconf 86' lang='grc' dir='ltr'><strong>κατ-</strong></span> 
     </span>
    </p>
   </div>
   <div class='ocr_carea' id='block_1_38' title="bbox 336 1945 1914 2024">
    <p class='ocr_par' dir='ltr' id='par_1_38' title="bbox 336 1945 1914 2024">
     <span class='ocr_line' id='line_1_38' title="bbox 336 1945 1914 2024; baseline -0.006 -18"><span class='ocrx_word' id='word_1_279' title='bbox 336 1953 720 2024; x_wconf 84' lang='grc' dir='ltr'><strong>επηγγείλατο.</strong></span> <span class='ocrx_word' id='word_1_280' title='bbox 751 1951 871 2014; x_wconf 80' lang='grc' dir='ltr'><strong>Πῶς</strong></span> <span class='ocrx_word' id='word_1_281' title='bbox 893 1945 987 2004; x_wconf 78' lang='grc' dir='ltr'><strong>οὖν</strong></span> <span class='ocrx_word' id='word_1_282' title='bbox 1017 1949 1344 2020; x_wconf 81' lang='grc' dir='ltr'><strong>ἁμετάδοτος</strong></span> <span class='ocrx_word' id='word_1_283' title='bbox 1376 1949 1408 2018; x_wconf 78' lang='grc' dir='ltr'><strong>ἡ</strong></span> <span class='ocrx_word' id='word_1_284' title='bbox 1441 1947 1565 2013; x_wconf 87' lang='grc' dir='ltr'><strong>δόξα</strong></span> <span class='ocrx_word' id='word_1_285' title='bbox 1593 1946 1687 1999; x_wconf 87' lang='grc' dir='ltr'><strong>τοῦ</strong></span> <span class='ocrx_word' id='word_1_286' title='bbox 1705 1946 1914 1999; x_wconf 79' lang='grc' dir='ltr'><strong>Παντο-</strong></span> 
     </span>
    </p>
   </div>
   <div class='ocr_carea' id='block_1_39' title="bbox 336 2036 1914 2114">
    <p class='ocr_par' dir='ltr' id='par_1_39' title="bbox 336 2036 1914 2114">
     <span class='ocr_line' id='line_1_39' title="bbox 336 2036 1914 2114; baseline -0.005 -16"><span class='ocrx_word' id='word_1_287' title='bbox 336 2043 626 2114; x_wconf 76' lang='grc' dir='ltr'><strong>κράτορος,</strong></span> <span class='ocrx_word' id='word_1_288' title='bbox 669 2041 720 2093; x_wconf 81' lang='grc' dir='ltr'><strong>ετ</strong></span> <span class='ocrx_word' id='word_1_289' title='bbox 765 2057 828 2109; x_wconf 92' lang='grc' dir='ltr'><strong>γε</strong></span> <span class='ocrx_word' id='word_1_290' title='bbox 871 2041 964 2094; x_wconf 71' lang='grc' dir='ltr'>καὶ</span> <span class='ocrx_word' id='word_1_291' title='bbox 995 2040 1098 2111; x_wconf 82' lang='grc' dir='ltr'><strong>χρὴ</strong></span> <span class='ocrx_word' id='word_1_292' title='bbox 1137 2039 1233 2110; x_wconf 82' lang='grc' dir='ltr'><strong>τὴν</strong></span> <span class='ocrx_word' id='word_1_293' title='bbox 1265 2039 1416 2110; x_wconf 69' lang='grc' dir='ltr'><strong>παρὰ</strong></span> <span class='ocrx_word' id='word_1_294' title='bbox 1451 2037 1543 2089; x_wconf 72' lang='grc' dir='ltr'><strong>τοῦ</strong></span> <span class='ocrx_word' id='word_1_295' title='bbox 1582 2037 1741 2108; x_wconf 78' lang='grc' dir='ltr'>μόνου</span> <span class='ocrx_word' id='word_1_296' title='bbox 1779 2036 1914 2090; x_wconf 74' lang='grc' dir='ltr'>Θεοῦ</span> 
     </span>
    </p>
   </div>
   <div class='ocr_carea' id='block_1_40' title="bbox 333 2125 1914 2201">
    <p class='ocr_par' dir='ltr' id='par_1_40' title="bbox 333 2125 1914 2201">
     <span class='ocr_line' id='line_1_40' title="bbox 333 2125 1914 2201; baseline -0.008 -11"><span class='ocrx_word' id='word_1_297' title='bbox 333 2137 492 2201; x_wconf 81' lang='grc' dir='ltr'><strong>δόξαν</strong></span> <span class='ocrx_word' id='word_1_298' title='bbox 518 2136 710 2196; x_wconf 81' lang='grc' dir='ltr'><strong>αἰτεῖν,</strong></span> <span class='ocrx_word' id='word_1_299' title='bbox 739 2134 832 2186; x_wconf 80' lang='grc' dir='ltr'><strong>καὶ</strong></span> <span class='ocrx_word' id='word_1_300' title='bbox 863 2133 968 2195; x_wconf 78' lang='grc' dir='ltr'><strong>πᾶς</strong></span> <span class='ocrx_word' id='word_1_301' title='bbox 992 2133 1020 2183; x_wconf 96' lang='lat'><strong>6</strong></span> <span class='ocrx_word' id='word_1_302' title='bbox 1046 2129 1210 2184; x_wconf 78' lang='grc' dir='ltr'><strong>αἰτῶν</strong></span> <span class='ocrx_word' id='word_1_303' title='bbox 1234 2129 1498 2199; x_wconf 79' lang='grc' dir='ltr'><strong>λαμϐάνει</strong></span> <span class='ocrx_word' id='word_1_304' title='bbox 1528 2127 1668 2180; x_wconf 71' lang='grc' dir='ltr'><strong>κατὰ</strong></span> <span class='ocrx_word' id='word_1_305' title='bbox 1697 2127 1794 2197; x_wconf 79' lang='grc' dir='ltr'><strong>τὴν</strong></span> <span class='ocrx_word' id='word_1_306' title='bbox 1822 2125 1914 2179; x_wconf 79' lang='grc' dir='ltr'><strong>τοῦ</strong></span> 
     </span>
    </p>
   </div>
   <div class='ocr_carea' id='block_1_41' title="bbox 334 2217 1916 2299">
    <p class='ocr_par' dir='ltr' id='par_1_41' title="bbox 334 2217 1916 2299">
     <span class='ocr_line' id='line_1_41' title="bbox 334 2217 1916 2299; baseline -0.008 -18"><span class='ocrx_word' id='word_1_307' title='bbox 334 2227 544 2299; x_wconf 79' lang='grc' dir='ltr'>Κυρίου</span> <span class='ocrx_word' id='word_1_308' title='bbox 584 2224 802 2294; x_wconf 84' lang='grc' dir='ltr'>φωνήν;</span> <span class='ocrx_word' id='word_1_309' title='bbox 856 2223 914 2276; x_wconf 91' lang='grc' dir='ltr'>Ὁ</span> <span class='ocrx_word' id='word_1_310' title='bbox 961 2222 1015 2274; x_wconf 82' lang='grc' dir='ltr'><strong>δὲ</strong></span> <span class='ocrx_word' id='word_1_311' title='bbox 1060 2223 1186 2292; x_wconf 80' lang='grc' dir='ltr'><strong>περὶ</strong></span> <span class='ocrx_word' id='word_1_312' title='bbox 1222 2220 1316 2274; x_wconf 76' lang='grc' dir='ltr'><strong>τοῦ</strong></span> <span class='ocrx_word' id='word_1_313' title='bbox 1353 2221 1784 2288; x_wconf 80' lang='grc' dir='ltr'><strong>ἀπαυγὰσματος</strong></span> <span class='ocrx_word' id='word_1_314' title='bbox 1815 2217 1916 2287; x_wconf 78' lang='grc' dir='ltr'><strong>τῆς</strong></span> 
     </span>
    </p>
   </div>
   <div class='ocr_carea' id='block_1_42' title="bbox 333 2310 1916 2389">
    <p class='ocr_par' dir='ltr' id='par_1_42' title="bbox 333 2310 1916 2389">
     <span class='ocr_line' id='line_1_42' title="bbox 333 2310 1916 2389; baseline -0.008 -16"><span class='ocrx_word' id='word_1_315' title='bbox 333 2320 492 2389; x_wconf 71' lang='grc' dir='ltr'><strong>δόξης</strong></span> <span class='ocrx_word' id='word_1_316' title='bbox 530 2317 723 2385; x_wconf 88' lang='grc' dir='ltr'>λέγων,</span> <span class='ocrx_word' id='word_1_317' title='bbox 756 2318 837 2369; x_wconf 83' lang='grc' dir='ltr'>ὅτι</span> <span class='ocrx_word' id='word_1_318' title='bbox 865 2313 1043 2368; x_wconf 75' lang='grc' dir='ltr'>λαϐὼν</span> <span class='ocrx_word' id='word_1_319' title='bbox 1076 2314 1188 2384; x_wconf 77' lang='grc' dir='ltr'><strong>ἔχει</strong></span> <span class='ocrx_word' id='word_1_320' title='bbox 1215 2314 1314 2382; x_wconf 76' lang='grc' dir='ltr'><strong>τὴν</strong></span> <span class='ocrx_word' id='word_1_321' title='bbox 1344 2313 1522 2378; x_wconf 76' lang='grc' dir='ltr'><strong>δόξαν,</strong></span> <span class='ocrx_word' id='word_1_322' title='bbox 1553 2312 1704 2364; x_wconf 76' lang='grc' dir='ltr'><strong>οὐδὲν</strong></span> <span class='ocrx_word' id='word_1_323' title='bbox 1730 2310 1916 2380; x_wconf 75' lang='grc' dir='ltr'><strong>ἕτερον</strong></span> 
     </span>
    </p>
   </div>
   <div class='ocr_carea' id='block_1_43' title="bbox 335 2400 1916 2480">
    <p class='ocr_par' dir='ltr' id='par_1_43' title="bbox 335 2400 1916 2480">
     <span class='ocr_line' id='line_1_43' title="bbox 335 2400 1916 2480; baseline -0.007 -16"><span class='ocrx_word' id='word_1_324' title='bbox 335 2413 506 2480; x_wconf 80' lang='grc' dir='ltr'><strong>λέγει,</strong></span> <span class='ocrx_word' id='word_1_325' title='bbox 541 2409 574 2480; x_wconf 73' lang='grc' dir='ltr'>ἢ</span> <span class='ocrx_word' id='word_1_326' title='bbox 615 2410 698 2462; x_wconf 83' lang='grc' dir='ltr'><strong>ὅτι</strong></span> <span class='ocrx_word' id='word_1_327' title='bbox 731 2407 914 2474; x_wconf 74' lang='grc' dir='ltr'><strong>ἄδοξον</strong></span> <span class='ocrx_word' id='word_1_328' title='bbox 962 2406 1080 2460; x_wconf 83' lang='grc' dir='ltr'>καθ’</span> <span class='ocrx_word' id='word_1_329' title='bbox 1119 2406 1279 2458; x_wconf 72' lang='grc' dir='ltr'><strong>ἑαυτὸ</strong></span> <span class='ocrx_word' id='word_1_330' title='bbox 1306 2406 1366 2458; x_wconf 81' lang='grc' dir='ltr'><strong>τὸ</strong></span> <span class='ocrx_word' id='word_1_331' title='bbox 1399 2405 1498 2474; x_wconf 82' lang='grc' dir='ltr'><strong>τῆς</strong></span> <span class='ocrx_word' id='word_1_332' title='bbox 1539 2402 1696 2473; x_wconf 72' lang='grc' dir='ltr'><strong>δόξης</strong></span> <span class='ocrx_word' id='word_1_333' title='bbox 1736 2400 1916 2454; x_wconf 79' lang='grc' dir='ltr'>ἀπαύ-</span> 
     </span>
    </p>
   </div>
   <div class='ocr_carea' id='block_1_44' title="bbox 335 2491 1918 2574">
    <p class='ocr_par' dir='ltr' id='par_1_44' title="bbox 335 2491 1918 2574">
     <span class='ocr_line' id='line_1_44' title="bbox 335 2491 1918 2574; baseline -0.007 -18"><span class='ocrx_word' id='word_1_334' title='bbox 335 2519 528 2574; x_wconf 86' lang='grc' dir='ltr'><strong>γασμα</strong></span> <span class='ocrx_word' id='word_1_335' title='bbox 549 2521 561 2533; x_wconf 90' lang='grc'><strong>·</strong></span> <span class='ocrx_word' id='word_1_336' title='bbox 588 2499 781 2572; x_wconf 76' lang='grc' dir='ltr'>χρῄζει</span> <span class='ocrx_word' id='word_1_337' title='bbox 801 2499 857 2552; x_wconf 79' lang='grc' dir='ltr'><strong>δὲ</strong></span> <span class='ocrx_word' id='word_1_338' title='bbox 882 2498 1068 2552; x_wconf 79' lang='grc' dir='ltr'><strong>λαϐεῖν</strong></span> <span class='ocrx_word' id='word_1_339' title='bbox 1096 2497 1224 2568; x_wconf 80' lang='grc' dir='ltr'><strong>παρ’</strong></span> <span class='ocrx_word' id='word_1_340' title='bbox 1248 2498 1435 2568; x_wconf 80' lang='grc' dir='ltr'>ἐτέρου</span> <span class='ocrx_word' id='word_1_341' title='bbox 1463 2495 1638 2562; x_wconf 84' lang='grc' dir='ltr'><strong>δόξαν,</strong></span> <span class='ocrx_word' id='word_1_342' title='bbox 1660 2496 1748 2547; x_wconf 78' lang='grc' dir='ltr'><strong>ἵνα</strong></span> <span class='ocrx_word' id='word_1_343' title='bbox 1775 2491 1918 2546; x_wconf 75' lang='grc' dir='ltr'>οὕτω</span> 
     </span>
    </p>
   </div>
   <div class='ocr_carea' id='block_1_45' title="bbox 337 2585 1916 2660">
    <p class='ocr_par' dir='ltr' id='par_1_45' title="bbox 337 2585 1916 2660">
     <span class='ocr_line' id='line_1_45' title="bbox 337 2585 1916 2660; baseline -0.007 -12"><span class='ocrx_word' id='word_1_344' title='bbox 337 2595 467 2648; x_wconf 82' lang='grc' dir='ltr'><strong>ποτὲ</strong></span> <span class='ocrx_word' id='word_1_345' title='bbox 496 2593 591 2647; x_wconf 76' lang='grc' dir='ltr'><strong>καὶ</strong></span> <span class='ocrx_word' id='word_1_346' title='bbox 614 2591 772 2654; x_wconf 77' lang='grc' dir='ltr'>αὐτὸς</span> <span class='ocrx_word' id='word_1_347' title='bbox 801 2589 1025 2660; x_wconf 78' lang='grc' dir='ltr'><strong>γένηται</strong></span> <span class='ocrx_word' id='word_1_348' title='bbox 1057 2588 1254 2660; x_wconf 81' lang='grc' dir='ltr'><strong>Κύριός</strong></span> <span class='ocrx_word' id='word_1_349' title='bbox 1282 2605 1424 2650; x_wconf 85' lang='grc' dir='ltr'><strong>τινος</strong></span> <span class='ocrx_word' id='word_1_350' title='bbox 1449 2587 1605 2657; x_wconf 80' lang='grc' dir='ltr'><strong>δόξης</strong></span> <span class='ocrx_word' id='word_1_351' title='bbox 1625 2603 1639 2616; x_wconf 69' lang='grc' dir='ltr'><strong>ο</strong></span> <span class='ocrx_word' id='word_1_352' title='bbox 1675 2585 1776 2640; x_wconf 80' lang='grc' dir='ltr'>ποῦ</span> <span class='ocrx_word' id='word_1_353' title='bbox 1804 2585 1916 2640; x_wconf 87' lang='grc' dir='ltr'><strong>τοί-</strong></span> 
     </span>
    </p>
   </div>
   <div class='ocr_carea' id='block_1_46' title="bbox 338 2677 1916 2754">
    <p class='ocr_par' dir='ltr' id='par_1_46' title="bbox 338 2677 1916 2754">
     <span class='ocr_line' id='line_1_46' title="bbox 338 2677 1916 2754; baseline -0.005 -16"><span class='ocrx_word' id='word_1_354' title='bbox 338 2702 432 2739; x_wconf 90' lang='grc' dir='ltr'><strong>νυν</strong></span> <span class='ocrx_word' id='word_1_355' title='bbox 461 2683 698 2754; x_wconf 85' lang='grc' dir='ltr'><strong>θήσομεν</strong></span> <span class='ocrx_word' id='word_1_356' title='bbox 722 2684 822 2745; x_wconf 77' lang='grc' dir='ltr'><strong>τὰς</strong></span> <span class='ocrx_word' id='word_1_357' title='bbox 848 2681 948 2751; x_wconf 80' lang='grc' dir='ltr'><strong>τῆς</strong></span> <span class='ocrx_word' id='word_1_358' title='bbox 972 2679 1225 2750; x_wconf 78' lang='grc' dir='ltr'><strong>ἀληθείας</strong></span> <span class='ocrx_word' id='word_1_359' title='bbox 1259 2678 1461 2746; x_wconf 74' lang='grc' dir='ltr'><strong>φωνὰς,</strong></span> <span class='ocrx_word' id='word_1_360' title='bbox 1496 2680 1594 2748; x_wconf 86' lang='grc' dir='ltr'><strong>τήν</strong></span> <span class='ocrx_word' id='word_1_361' title='bbox 1635 2695 1695 2731; x_wconf 88' lang='grc' dir='ltr'>τε</span> <span class='ocrx_word' id='word_1_362' title='bbox 1723 2677 1916 2746; x_wconf 87' lang='grc' dir='ltr'>λέγου-</span> 
     </span>
    </p>
   </div>
   <div class='ocr_carea' id='block_1_47' title="bbox 345 2767 1917 2843">
    <p class='ocr_par' dir='ltr' id='par_1_47' title="bbox 345 2767 1917 2843">
     <span class='ocr_line' id='line_1_47' title="bbox 345 2767 1917 2843; baseline -0.006 -13"><span class='ocrx_word' id='word_1_363' title='bbox 345 2775 844 2843; x_wconf 67' lang='grc' dir='ltr'><strong>σαν,όςρθήσεσθαι</strong></span> <span class='ocrx_word' id='word_1_364' title='bbox 870 2771 1140 2825; x_wconf 76' lang='grc' dir='ltr'><strong>αὑτὸνὲν</strong></span> <span class='ocrx_word' id='word_1_365' title='bbox 1166 2769 1400 2839; x_wconf 72' lang='grc' dir='ltr'><strong>τῇδόεῃ</strong></span> <span class='ocrx_word' id='word_1_366' title='bbox 1419 2770 1523 2823; x_wconf 84' lang='grc' dir='ltr'><strong>τοῦ</strong></span> <span class='ocrx_word' id='word_1_367' title='bbox 1549 2771 1794 2837; x_wconf 71' lang='grc' dir='ltr'><strong>Πατρός*</strong></span> <span class='ocrx_word' id='word_1_368' title='bbox 1821 2767 1917 2824; x_wconf 70' lang='grc' dir='ltr'><strong>καὶ</strong></span> 
     </span>
    </p>
   </div>
   <div class='ocr_carea' id='block_1_48' title="bbox 350 2859 1915 2930">
    <p class='ocr_par' dir='ltr' id='par_1_48' title="bbox 350 2859 1915 2930">
     <span class='ocr_line' id='line_1_48' title="bbox 350 2859 1915 2930; baseline -0.003 -12"><span class='ocrx_word' id='word_1_369' title='bbox 350 2865 545 2927; x_wconf 78' lang='grc' dir='ltr'><strong>πάλιν,</strong></span> <span class='ocrx_word' id='word_1_370' title='bbox 570 2865 651 2916; x_wconf 85' lang='grc' dir='ltr'><strong>ὃτι</strong></span> <span class='ocrx_word' id='word_1_371' title='bbox 693 2863 885 2916; x_wconf 78' lang='grc' dir='ltr'><strong>Πάντα</strong></span> <span class='ocrx_word' id='word_1_372' title='bbox 911 2861 948 2915; x_wconf 78' lang='grc' dir='ltr'><em>ἃ</em></span> <span class='ocrx_word' id='word_1_373' title='bbox 974 2861 1098 2930; x_wconf 80' lang='grc' dir='ltr'><strong>ἔχει</strong></span> <span class='ocrx_word' id='word_1_374' title='bbox 1131 2864 1162 2914; x_wconf 92' lang='lat' dir='ltr'><strong>o&#39;</strong></span> <span class='ocrx_word' id='word_1_375' title='bbox 1195 2860 1396 2928; x_wconf 80' lang='grc' dir='ltr'><strong>Πατὴρ</strong></span> <span class='ocrx_word' id='word_1_376' title='bbox 1429 2859 1542 2929; x_wconf 78' lang='grc' dir='ltr'><strong>ἐμά</strong></span> <span class='ocrx_word' id='word_1_377' title='bbox 1571 2861 1741 2914; x_wconf 81' lang='grc' dir='ltr'><strong>ἐστιν</strong></span> <span class='ocrx_word' id='word_1_378' title='bbox 1772 2861 1915 2922; x_wconf 88' lang='grc' dir='ltr'><strong>;τίνι</strong></span> 
     </span>
    </p>
   </div>
   <div class='ocr_carea' id='block_1_49' title="bbox 350 2951 1916 3028">
    <p class='ocr_par' dir='ltr' id='par_1_49' title="bbox 350 2951 1916 3028">
     <span class='ocr_line' id='line_1_49' title="bbox 350 2951 1916 3028; baseline -0.004 -18"><span class='ocrx_word' id='word_1_379' title='bbox 350 2957 454 3028; x_wconf 79' lang='grc' dir='ltr'><strong>χρὴ</strong></span> <span class='ocrx_word' id='word_1_380' title='bbox 484 2955 766 3028; x_wconf 81' lang='grc' dir='ltr'>προσέχειν</span> <span class='ocrx_word' id='word_1_381' title='bbox 799 2953 888 3007; x_wconf 82' lang='grc' dir='ltr'><strong>τὸν</strong></span> <span class='ocrx_word' id='word_1_382' title='bbox 919 2953 1184 3007; x_wconf 75' lang='grc' dir='ltr'><strong>ἀκούοντα</strong></span> <span class='ocrx_word' id='word_1_383' title='bbox 1212 2971 1225 3018; x_wconf 91' lang='grc'>;</span> <span class='ocrx_word' id='word_1_384' title='bbox 1258 2951 1336 3023; x_wconf 81' lang='grc' dir='ltr'><strong>τῷ</strong></span> <span class='ocrx_word' id='word_1_385' title='bbox 1368 2951 1576 3021; x_wconf 80' lang='grc' dir='ltr'><strong>λέγοντι</strong></span> <span class='ocrx_word' id='word_1_386' title='bbox 1601 2953 1681 3005; x_wconf 84' lang='grc' dir='ltr'><strong>ὃτι</strong></span> <span class='ocrx_word' id='word_1_387' title='bbox 1715 2952 1916 3022; x_wconf 77' lang='grc' dir='ltr'><strong>ἀμέτο-</strong></span> 
     </span>
    </p>
   </div>
   <div class='ocr_carea' id='block_1_50' title="bbox 345 3041 1916 3122">
    <p class='ocr_par' dir='ltr' id='par_1_50' title="bbox 345 3041 1916 3122">
     <span class='ocr_line' id='line_1_50' title="bbox 345 3041 1916 3122; baseline -0.005 -20"><span class='ocrx_word' id='word_1_388' title='bbox 345 3051 440 3122; x_wconf 83' lang='grc' dir='ltr'><strong>χὸς</strong></span> <span class='ocrx_word' id='word_1_389' title='bbox 473 3051 592 3101; x_wconf 69' lang='grc' dir='ltr'><strong>ἐστι</strong></span> <span class='ocrx_word' id='word_1_390' title='bbox 621 3049 718 3118; x_wconf 84' lang='grc' dir='ltr'><strong>τῆς</strong></span> <span class='ocrx_word' id='word_1_391' title='bbox 751 3045 839 3100; x_wconf 80' lang='grc' dir='ltr'><strong>τοῦ</strong></span> <span class='ocrx_word' id='word_1_392' title='bbox 859 3047 1068 3118; x_wconf 73' lang='grc' dir='ltr'><strong>Πατρὸς</strong></span> <span class='ocrx_word' id='word_1_393' title='bbox 1099 3045 1256 3116; x_wconf 78' lang='grc' dir='ltr'><strong>δόξης</strong></span> <span class='ocrx_word' id='word_1_394' title='bbox 1283 3047 1316 3098; x_wconf 86' lang='grc' dir='ltr'><em>ό</em></span> <span class='ocrx_word' id='word_1_395' title='bbox 1337 3044 1582 3099; x_wconf 78' lang='grc' dir='ltr'><strong>πάντων</strong></span> <span class='ocrx_word' id='word_1_396' title='bbox 1605 3045 1723 3097; x_wconf 82' lang='grc' dir='ltr'><strong>τῶν</strong></span> <span class='ocrx_word' id='word_1_397' title='bbox 1738 3045 1807 3096; x_wconf 80' lang='grc' dir='ltr'><strong>ἐν</strong></span> <span class='ocrx_word' id='word_1_398' title='bbox 1837 3041 1916 3108; x_wconf 83' lang='grc' dir='ltr'><strong>τῷ</strong></span> 
     </span>
    </p>
   </div>
   <div class='ocr_carea' id='block_1_51' title="bbox 340 3133 1918 3211">
    <p class='ocr_par' dir='ltr' id='par_1_51' title="bbox 340 3133 1918 3211">
     <span class='ocr_line' id='line_1_51' title="bbox 340 3133 1918 3211; baseline -0.007 -14"><span class='ocrx_word' id='word_1_399' title='bbox 340 3141 528 3211; x_wconf 73' lang='lat' dir='ltr'><strong>[Iath</strong></span> <span class='ocrx_word' id='word_1_400' title='bbox 562 3141 953 3210; x_wconf 66' lang='grc' dir='ltr'><strong>κληρονόμος,</strong></span> <span class='ocrx_word' id='word_1_401' title='bbox 970 3137 1152 3201; x_wconf 82' lang='grc' dir='ltr'>καθώς</span> <span class='ocrx_word' id='word_1_402' title='bbox 1169 3154 1331 3209; x_wconf 80' lang='grc' dir='ltr'><strong>φησιν</strong></span> <span class='ocrx_word' id='word_1_403' title='bbox 1355 3139 1384 3190; x_wconf 97' lang='lat'><strong>6</strong></span> <span class='ocrx_word' id='word_1_404' title='bbox 1419 3136 1741 3198; x_wconf 81' lang='grc' dir='ltr'><strong>Ἀπόστολος</strong></span> <span class='ocrx_word' id='word_1_405' title='bbox 1756 3152 1768 3166; x_wconf 89' lang='grc'><strong>·</strong></span> <span class='ocrx_word' id='word_1_406' title='bbox 1789 3135 1822 3205; x_wconf 81' lang='grc' dir='ltr'>ἢ</span> <span class='ocrx_word' id='word_1_407' title='bbox 1841 3133 1918 3204; x_wconf 82' lang='grc' dir='ltr'>τῷ</span> 
     </span>
    </p>
   </div>
   <div class='ocr_carea' id='block_1_52' title="bbox 339 3226 1920 3304">
    <p class='ocr_par' dir='ltr' id='par_1_52' title="bbox 339 3226 1920 3304">
     <span class='ocr_line' id='line_1_52' title="bbox 339 3226 1920 3304; baseline -0.007 -16"><span class='ocrx_word' id='word_1_408' title='bbox 339 3231 686 3304; x_wconf 78' lang='grc' dir='ltr'><strong>ὁμολογοῦντι</strong></span> <span class='ocrx_word' id='word_1_409' title='bbox 714 3233 794 3285; x_wconf 83' lang='grc' dir='ltr'><strong>ὅτι</strong></span> <span class='ocrx_word' id='word_1_410' title='bbox 831 3230 1032 3284; x_wconf 82' lang='grc' dir='ltr'><strong>Πάντα</strong></span> <span class='ocrx_word' id='word_1_411' title='bbox 1056 3228 1172 3284; x_wconf 86' lang='grc' dir='ltr'><strong>ὅσα</strong></span> <span class='ocrx_word' id='word_1_412' title='bbox 1193 3229 1316 3298; x_wconf 80' lang='grc' dir='ltr'><strong>ἔχει</strong></span> <span class='ocrx_word' id='word_1_413' title='bbox 1345 3232 1377 3282; x_wconf 84' lang='grc' dir='ltr'><strong><em>ό</em></strong></span> <span class='ocrx_word' id='word_1_414' title='bbox 1406 3229 1609 3297; x_wconf 80' lang='grc' dir='ltr'><strong>Πατὴρ</strong></span> <span class='ocrx_word' id='word_1_415' title='bbox 1636 3227 1730 3281; x_wconf 66' lang='grc' dir='ltr'>καὶ</span> <span class='ocrx_word' id='word_1_416' title='bbox 1763 3226 1920 3288; x_wconf 72' lang='grc' dir='ltr'><strong>αὐτὸς</strong></span> 
     </span>
    </p>
   </div>
   <div class='ocr_carea' id='block_1_53' title="bbox 341 3319 1916 3399">
    <p class='ocr_par' dir='ltr' id='par_1_53' title="bbox 341 3319 1916 3399">
     <span class='ocr_line' id='line_1_53' title="bbox 341 3319 1916 3399; baseline -0.008 -17"><span class='ocrx_word' id='word_1_417' title='bbox 341 3329 482 3399; x_wconf 63' lang='lat' dir='ltr'><strong>Extat;</strong></span> <span class='ocrx_word' id='word_1_418' title='bbox 525 3327 616 3379; x_wconf 84' lang='grc' dir='ltr'><strong>Ἐν</strong></span> <span class='ocrx_word' id='word_1_419' title='bbox 645 3325 702 3378; x_wconf 77' lang='grc' dir='ltr'><strong>δὲ</strong></span> <span class='ocrx_word' id='word_1_420' title='bbox 726 3325 837 3386; x_wconf 87' lang='grc' dir='ltr'><strong>τοῖς</strong></span> <span class='ocrx_word' id='word_1_421' title='bbox 862 3325 994 3376; x_wconf 81' lang='grc' dir='ltr'><strong>πᾶσι</strong></span> <span class='ocrx_word' id='word_1_422' title='bbox 1023 3323 1116 3375; x_wconf 70' lang='grc' dir='ltr'><strong>καὶ</strong></span> <span class='ocrx_word' id='word_1_423' title='bbox 1136 3325 1170 3392; x_wconf 85' lang='grc' dir='ltr'>ἡ</span> <span class='ocrx_word' id='word_1_424' title='bbox 1191 3322 1315 3386; x_wconf 83' lang='grc' dir='ltr'><strong>δόξα</strong></span> <span class='ocrx_word' id='word_1_425' title='bbox 1341 3321 1554 3385; x_wconf 79' lang='grc' dir='ltr'>πάντως</span> <span class='ocrx_word' id='word_1_426' title='bbox 1573 3320 1741 3373; x_wconf 79' lang='grc' dir='ltr'><strong>ἐστίν.</strong></span> <span class='ocrx_word' id='word_1_427' title='bbox 1780 3319 1916 3372; x_wconf 80' lang='grc' dir='ltr'>Ἀλλ’</span> 
     </span>
    </p>
   </div>
   <div class='ocr_carea' id='block_1_54' title="bbox 339 3411 1913 3489">
    <p class='ocr_par' dir='ltr' id='par_1_54' title="bbox 339 3411 1913 3489">
     <span class='ocr_line' id='line_1_54' title="bbox 339 3411 1913 3489; baseline -0.007 -16"><span class='ocrx_word' id='word_1_428' title='bbox 339 3416 669 3489; x_wconf 73' lang='grc' dir='ltr'><strong>ἀμετὰδοτον</strong></span> <span class='ocrx_word' id='word_1_429' title='bbox 701 3411 839 3468; x_wconf 82' lang='grc' dir='ltr'><strong>εἷναί</strong></span> <span class='ocrx_word' id='word_1_430' title='bbox 871 3431 1004 3484; x_wconf 73' lang='grc' dir='ltr'><strong>φησι</strong></span> <span class='ocrx_word' id='word_1_431' title='bbox 1028 3412 1124 3483; x_wconf 77' lang='grc' dir='ltr'>τὴν</span> <span class='ocrx_word' id='word_1_432' title='bbox 1154 3413 1310 3478; x_wconf 85' lang='grc' dir='ltr'><strong>δόξαν</strong></span> <span class='ocrx_word' id='word_1_433' title='bbox 1337 3413 1430 3464; x_wconf 78' lang='grc' dir='ltr'><strong>τοῦ</strong></span> <span class='ocrx_word' id='word_1_434' title='bbox 1449 3411 1913 3482; x_wconf 74' lang='grc' dir='ltr'><strong>Παντοκράτορος·</strong></span> 
     </span>
    </p>
   </div>
   <div class='ocr_carea' id='block_1_55' title="bbox 338 3500 1918 3577">
    <p class='ocr_par' dir='ltr' id='par_1_55' title="bbox 338 3500 1918 3577">
     <span class='ocr_line' id='line_1_55' title="bbox 338 3500 1918 3577; baseline -0.006 -16"><span class='ocrx_word' id='word_1_435' title='bbox 338 3508 498 3560; x_wconf 79' lang='grc' dir='ltr'>τοῦτο</span> <span class='ocrx_word' id='word_1_436' title='bbox 524 3505 647 3558; x_wconf 73' lang='grc' dir='ltr'><strong>οὔτε</strong></span> <span class='ocrx_word' id='word_1_437' title='bbox 671 3507 698 3557; x_wconf 84' lang='lat'><strong>6</strong></span> <span class='ocrx_word' id='word_1_438' title='bbox 739 3504 892 3577; x_wconf 81' lang='grc' dir='ltr'>Ἰωὴλ</span> <span class='ocrx_word' id='word_1_439' title='bbox 924 3503 1044 3557; x_wconf 73' lang='grc' dir='ltr'><strong>οὔτε</strong></span> <span class='ocrx_word' id='word_1_440' title='bbox 1076 3505 1104 3558; x_wconf 86' lang='lat'><strong>6</strong></span> <span class='ocrx_word' id='word_1_441' title='bbox 1139 3502 1307 3572; x_wconf 88' lang='grc' dir='ltr'><strong>μέγας</strong></span> <span class='ocrx_word' id='word_1_442' title='bbox 1335 3501 1537 3572; x_wconf 60' lang='lat' dir='ltr'><strong>lle-too;</strong></span> <span class='ocrx_word' id='word_1_443' title='bbox 1563 3500 1918 3575; x_wconf 79' lang='grc' dir='ltr'><strong>μαρτύρεται,</strong></span> 
     </span>
    </p>
   </div>
   <div class='ocr_carea' id='block_1_56' title="bbox 337 3594 1922 3669">
    <p class='ocr_par' dir='ltr' id='par_1_56' title="bbox 337 3594 1922 3669">
     <span class='ocr_line' id='line_1_56' title="bbox 337 3594 1922 3669; baseline -0.004 -17"><span class='ocrx_word' id='word_1_444' title='bbox 337 3603 372 3653; x_wconf 87' lang='lat'><strong>6</strong></span> <span class='ocrx_word' id='word_1_445' title='bbox 414 3600 504 3652; x_wconf 77' lang='grc' dir='ltr'><strong>τὸν</strong></span> <span class='ocrx_word' id='word_1_446' title='bbox 536 3598 874 3669; x_wconf 64' lang='grc' dir='ltr'><strong>προφητικὸν</strong></span> <span class='ocrx_word' id='word_1_447' title='bbox 918 3597 1072 3664; x_wconf 81' lang='grc' dir='ltr'><strong>λόγον</strong></span> <span class='ocrx_word' id='word_1_448' title='bbox 1106 3599 1162 3649; x_wconf 82' lang='grc' dir='ltr'><strong>ὲν</strong></span> <span class='ocrx_word' id='word_1_449' title='bbox 1209 3599 1273 3667; x_wconf 81' lang='grc' dir='ltr'><strong>τῇ</strong></span> <span class='ocrx_word' id='word_1_450' title='bbox 1312 3595 1624 3666; x_wconf 67' lang='grc' dir='ltr'><strong>δημηγορία</strong></span> <span class='ocrx_word' id='word_1_451' title='bbox 1664 3597 1731 3666; x_wconf 80' lang='grc' dir='ltr'><strong>τῇ</strong></span> <span class='ocrx_word' id='word_1_452' title='bbox 1787 3594 1922 3664; x_wconf 84' lang='grc' dir='ltr'><strong>πρὸς</strong></span> 
     </span>
    </p>
   </div>
   <div class='ocr_carea' id='block_1_57' title="bbox 339 3685 1922 3758">
    <p class='ocr_par' dir='ltr' id='par_1_57' title="bbox 339 3685 1922 3758">
     <span class='ocr_line' id='line_1_57' title="bbox 339 3685 1922 3758; baseline -0.006 -14"><span class='ocrx_word' id='word_1_453' title='bbox 339 3690 470 3753; x_wconf 77' lang='grc' dir='ltr'>τοὺς</span> <span class='ocrx_word' id='word_1_454' title='bbox 514 3688 802 3750; x_wconf 78' lang='grc' dir='ltr'>Ἰουδαίους</span> <span class='ocrx_word' id='word_1_455' title='bbox 837 3685 1272 3757; x_wconf 73' lang='grc' dir='ltr'><strong>οἰκειωσάμενος.</strong></span> <span class='ocrx_word' id='word_1_456' title='bbox 1323 3687 1460 3755; x_wconf 73' lang='grc' dir='ltr'><strong>Φησὶ</strong></span> <span class='ocrx_word' id='word_1_457' title='bbox 1502 3686 1609 3758; x_wconf 74' lang='grc' dir='ltr'><strong>γὰρ</strong></span> <span class='ocrx_word' id='word_1_458' title='bbox 1650 3688 1711 3739; x_wconf 85' lang='grc' dir='ltr'><strong>ὲκ</strong></span> <span class='ocrx_word' id='word_1_459' title='bbox 1755 3701 1922 3755; x_wconf 74' lang='grc' dir='ltr'><strong>προσ-</strong></span> 
     </span>
    </p>
   </div>
   <div class='ocr_carea' id='block_1_58' title="bbox 340 3776 1922 3848">
    <p class='ocr_par' dir='ltr' id='par_1_58' title="bbox 340 3776 1922 3848">
     <span class='ocr_line' id='line_1_58' title="bbox 340 3776 1922 3848; baseline -0.004 -14"><span class='ocrx_word' id='word_1_460' title='bbox 340 3782 496 3834; x_wconf 77' lang='grc' dir='ltr'>ώπου</span> <span class='ocrx_word' id='word_1_461' title='bbox 517 3779 612 3834; x_wconf 76' lang='grc' dir='ltr'><strong>τοῦ</strong></span> <span class='ocrx_word' id='word_1_462' title='bbox 642 3779 799 3842; x_wconf 72' lang='grc' dir='ltr'><strong>Θεοῦ,</strong></span> <span class='ocrx_word' id='word_1_463' title='bbox 822 3780 850 3832; x_wconf 83' lang='grc' dir='ltr'><strong>ὃ</strong></span> <span class='ocrx_word' id='word_1_464' title='bbox 876 3795 932 3830; x_wconf 90' lang='grc' dir='ltr'><strong>τε</strong></span> <span class='ocrx_word' id='word_1_465' title='bbox 974 3778 1274 3848; x_wconf 67' lang='grc' dir='ltr'><strong>προφήτης,</strong></span> <span class='ocrx_word' id='word_1_466' title='bbox 1301 3777 1394 3831; x_wconf 74' lang='grc' dir='ltr'><strong>καὶ</strong></span> <span class='ocrx_word' id='word_1_467' title='bbox 1413 3780 1441 3831; x_wconf 90' lang='grc' dir='ltr'>ὁ</span> <span class='ocrx_word' id='word_1_468' title='bbox 1486 3777 1776 3843; x_wconf 71' lang='grc' dir='ltr'><strong>ἀπόστολος</strong></span> <span class='ocrx_word' id='word_1_469' title='bbox 1799 3815 1812 3840; x_wconf 91' lang='grc'><strong>,</strong></span> <span class='ocrx_word' id='word_1_470' title='bbox 1842 3776 1922 3828; x_wconf 85' lang='grc' dir='ltr'><strong>ὅτι</strong></span> 
     </span>
    </p>
   </div>
   <div class='ocr_carea' id='block_1_59' title="bbox 358 3866 1924 3941">
    <p class='ocr_par' dir='ltr' id='par_1_59' title="bbox 358 3866 1924 3941">
     <span class='ocr_line' id='line_1_59' title="bbox 358 3866 1924 3941; baseline -0.007 -12"><span class='ocrx_word' id='word_1_471' title='bbox 358 3872 582 3941; x_wconf 81' lang='grc' dir='ltr'><strong>Ἐκχεῶ</strong></span> <span class='ocrx_word' id='word_1_472' title='bbox 635 3871 753 3927; x_wconf 80' lang='grc' dir='ltr'><strong>ἀπὸ</strong></span> <span class='ocrx_word' id='word_1_473' title='bbox 815 3869 922 3924; x_wconf 83' lang='grc' dir='ltr'><strong>τοῦ</strong></span> <span class='ocrx_word' id='word_1_474' title='bbox 995 3871 1334 3939; x_wconf 70' lang='grc' dir='ltr'><strong>πνεύματός</strong></span> <span class='ocrx_word' id='word_1_475' title='bbox 1386 3886 1507 3938; x_wconf 83' lang='grc' dir='ltr'>μου</span> <span class='ocrx_word' id='word_1_476' title='bbox 1567 3866 1664 3919; x_wconf 79' lang='grc' dir='ltr'><strong>ἐπὶ</strong></span> <span class='ocrx_word' id='word_1_477' title='bbox 1718 3866 1924 3922; x_wconf 73' lang='grc' dir='ltr'><em>πᾶσαν</em></span> 
     </span>
    </p>
   </div>
   <div class='ocr_carea' id='block_1_60' title="bbox 339 3958 1923 4033">
    <p class='ocr_par' dir='ltr' id='par_1_60' title="bbox 339 3958 1923 4033">
     <span class='ocr_line' id='line_1_60' title="bbox 339 3958 1923 4033; baseline -0.007 -13"><span class='ocrx_word' id='word_1_478' title='bbox 339 3965 564 4033; x_wconf 80' lang='grc' dir='ltr'><strong>σάρκα.</strong></span> <span class='ocrx_word' id='word_1_479' title='bbox 608 3965 666 4018; x_wconf 88' lang='lat'><strong>&#39;0</strong></span> <span class='ocrx_word' id='word_1_480' title='bbox 696 3963 874 4016; x_wconf 85' lang='grc' dir='ltr'>τοίνυν</span> <span class='ocrx_word' id='word_1_481' title='bbox 899 3962 992 4015; x_wconf 75' lang='grc' dir='ltr'><strong>τοῦ</strong></span> <span class='ocrx_word' id='word_1_482' title='bbox 1025 3963 1152 4016; x_wconf 83' lang='grc' dir='ltr'>ἰδίου</span> <span class='ocrx_word' id='word_1_483' title='bbox 1183 3962 1490 4031; x_wconf 79' lang='grc' dir='ltr'><strong>πνεύματος</strong></span> <span class='ocrx_word' id='word_1_484' title='bbox 1516 3959 1616 4028; x_wconf 75' lang='grc' dir='ltr'><strong>τῆς</strong></span> <span class='ocrx_word' id='word_1_485' title='bbox 1645 3958 1923 4019; x_wconf 77' lang='grc' dir='ltr'>κοινωνίας</span> 
     </span>
    </p>
   </div>
   <div class='ocr_carea' id='block_1_61' title="bbox 341 4049 1923 4128">
    <p class='ocr_par' dir='ltr' id='par_1_61' title="bbox 341 4049 1923 4128">
     <span class='ocr_line' id='line_1_61' title="bbox 341 4049 1923 4128; baseline -0.006 -18"><span class='ocrx_word' id='word_1_486' title='bbox 341 4058 500 4128; x_wconf 76' lang='grc' dir='ltr'><strong>πάσῃ</strong></span> <span class='ocrx_word' id='word_1_487' title='bbox 530 4058 694 4127; x_wconf 74' lang='grc' dir='ltr'><strong>σαρκὶ</strong></span> <span class='ocrx_word' id='word_1_488' title='bbox 719 4055 791 4127; x_wconf 78' lang='grc' dir='ltr'><strong>μὴ</strong></span> <span class='ocrx_word' id='word_1_489' title='bbox 819 4054 1087 4124; x_wconf 70' lang='grc' dir='ltr'><strong>φθονήσας</strong></span> <span class='ocrx_word' id='word_1_490' title='bbox 1107 4092 1118 4113; x_wconf 88' lang='grc'><strong>,</strong></span> <span class='ocrx_word' id='word_1_491' title='bbox 1143 4054 1257 4116; x_wconf 76' lang='grc' dir='ltr'><strong>πῶς</strong></span> <span class='ocrx_word' id='word_1_492' title='bbox 1291 4052 1366 4123; x_wconf 77' lang='grc' dir='ltr'><strong>τῷ</strong></span> <span class='ocrx_word' id='word_1_493' title='bbox 1398 4051 1686 4118; x_wconf 80' lang='grc' dir='ltr'><strong>Μονογενεῖ</strong></span> <span class='ocrx_word' id='word_1_494' title='bbox 1712 4049 1823 4119; x_wconf 82' lang='grc' dir='ltr'><strong>Υἱῷ</strong></span> <span class='ocrx_word' id='word_1_495' title='bbox 1847 4049 1923 4119; x_wconf 79' lang='grc' dir='ltr'>τῷ</span> 
     </span>
    </p>
   </div>
   <div class='ocr_carea' id='block_1_62' title="bbox 340 4142 1924 4216">
    <p class='ocr_par' dir='ltr' id='par_1_62' title="bbox 340 4142 1924 4216">
     <span class='ocr_line' id='line_1_62' title="bbox 340 4142 1924 4216; baseline -0.007 -12"><span class='ocrx_word' id='word_1_496' title='bbox 340 4153 462 4204; x_wconf 65' lang='lat' dir='ltr'><strong>butt</strong></span> <span class='ocrx_word' id='word_1_497' title='bbox 497 4153 552 4202; x_wconf 81' lang='grc' dir='ltr'><strong>ἐν</strong></span> <span class='ocrx_word' id='word_1_498' title='bbox 598 4153 709 4214; x_wconf 78' lang='grc' dir='ltr'><strong>τοῖς</strong></span> <span class='ocrx_word' id='word_1_499' title='bbox 749 4150 964 4212; x_wconf 77' lang='grc' dir='ltr'>κόλποις</span> <span class='ocrx_word' id='word_1_500' title='bbox 998 4148 1084 4201; x_wconf 78' lang='grc' dir='ltr'><strong>τοῦ</strong></span> <span class='ocrx_word' id='word_1_501' title='bbox 1139 4148 1366 4216; x_wconf 61' lang='grc' dir='ltr'><strong>ἰητρὸς,</strong></span> <span class='ocrx_word' id='word_1_502' title='bbox 1404 4144 1482 4215; x_wconf 82' lang='grc' dir='ltr'><strong>τῷ</strong></span> <span class='ocrx_word' id='word_1_503' title='bbox 1528 4145 1702 4198; x_wconf 67' lang='grc' dir='ltr'><strong>πάντα</strong></span> <span class='ocrx_word' id='word_1_504' title='bbox 1750 4142 1924 4212; x_wconf 76' lang='grc' dir='ltr'><strong>ἔχοντι</strong></span> 
     </span>
    </p>
   </div>
   <div class='ocr_carea' id='block_1_63' title="bbox 341 4234 1926 4312">
    <p class='ocr_par' dir='ltr' id='par_1_63' title="bbox 341 4234 1926 4312">
     <span class='ocr_line' id='line_1_63' title="bbox 341 4234 1926 4312; baseline -0.008 -15"><span class='ocrx_word' id='word_1_505' title='bbox 341 4245 450 4297; x_wconf 71' lang='grc' dir='ltr'><strong>ὅσα</strong></span> <span class='ocrx_word' id='word_1_506' title='bbox 483 4245 511 4296; x_wconf 91' lang='lat'><strong>6</strong></span> <span class='ocrx_word' id='word_1_507' title='bbox 540 4243 732 4312; x_wconf 78' lang='grc' dir='ltr'><strong>Πατὴρ</strong></span> <span class='ocrx_word' id='word_1_508' title='bbox 777 4240 909 4311; x_wconf 74' lang='grc' dir='ltr'>ἔχει,</span> <span class='ocrx_word' id='word_1_509' title='bbox 955 4241 1052 4310; x_wconf 78' lang='grc' dir='ltr'><strong>τῆς</strong></span> <span class='ocrx_word' id='word_1_510' title='bbox 1098 4239 1300 4301; x_wconf 79' lang='grc' dir='ltr'><strong>οἰκείας</strong></span> <span class='ocrx_word' id='word_1_511' title='bbox 1333 4237 1489 4306; x_wconf 66' lang='grc' dir='ltr'><strong>δόξης</strong></span> <span class='ocrx_word' id='word_1_512' title='bbox 1521 4237 1580 4289; x_wconf 82' lang='grc' dir='ltr'><strong>οὐ</strong></span> <span class='ocrx_word' id='word_1_513' title='bbox 1635 4234 1926 4306; x_wconf 77' lang='grc' dir='ltr'><strong>μεταδίδω-</strong></span> 
     </span>
    </p>
   </div>
   <div class='ocr_carea' id='block_1_64' title="bbox 345 4326 1926 4408">
    <p class='ocr_par' dir='ltr' id='par_1_64' title="bbox 345 4326 1926 4408">
     <span class='ocr_line' id='line_1_64' title="bbox 345 4326 1926 4408; baseline -0.006 -21"><span class='ocrx_word' id='word_1_514' title='bbox 345 4351 474 4398; x_wconf 82' lang='grc' dir='ltr'><strong>σιν;</strong></span> <span class='ocrx_word' id='word_1_515' title='bbox 524 4335 593 4385; x_wconf 82' lang='grc' dir='ltr'>Ἢ</span> <span class='ocrx_word' id='word_1_516' title='bbox 633 4333 773 4400; x_wconf 66' lang='grc' dir='ltr'>τάχα</span> <span class='ocrx_word' id='word_1_517' title='bbox 811 4332 952 4384; x_wconf 80' lang='grc' dir='ltr'>εἴποι</span> <span class='ocrx_word' id='word_1_518' title='bbox 991 4348 1072 4408; x_wconf 68' lang='grc' dir='ltr'><strong>τις</strong></span> <span class='ocrx_word' id='word_1_519' title='bbox 1107 4330 1171 4383; x_wconf 89' lang='grc' dir='ltr'>ἂν</span> <span class='ocrx_word' id='word_1_520' title='bbox 1217 4329 1497 4400; x_wconf 78' lang='grc' dir='ltr'>ἀληθεύειν</span> <span class='ocrx_word' id='word_1_521' title='bbox 1529 4328 1619 4380; x_wconf 79' lang='grc' dir='ltr'><strong>τὸν</strong></span> <span class='ocrx_word' id='word_1_522' title='bbox 1664 4326 1926 4396; x_wconf 79' lang='grc' dir='ltr'><strong>Εὐνόμιον</strong></span> 
     </span>
    </p>
   </div>
   <div class='ocr_carea' id='block_1_65' title="bbox 2019 1857 3601 1930">
    <p class='ocr_par' dir='ltr' id='par_1_65' title="bbox 2019 1857 3601 1930">
     <span class='ocr_line' id='line_1_65' title="bbox 2019 1857 3601 1930; baseline 0 -20"><span class='ocrx_word' id='word_1_523' title='bbox 2019 1857 2130 1913; x_wconf 88' lang='lat' dir='ltr'><strong>Deo</strong></span> <span class='ocrx_word' id='word_1_524' title='bbox 2167 1867 2253 1912; x_wconf 85' lang='lat' dir='ltr'><strong>est</strong></span> <span class='ocrx_word' id='word_1_525' title='bbox 2281 1858 2510 1930; x_wconf 89' lang='lat' dir='ltr'><strong>gloriam</strong></span> <span class='ocrx_word' id='word_1_526' title='bbox 2543 1873 2791 1929; x_wconf 81' lang='lat' dir='ltr'><strong>quaerere</strong></span> <span class='ocrx_word' id='word_1_527' title='bbox 2829 1858 3032 1927; x_wconf 90' lang='lat' dir='ltr'><strong>jussit;</strong></span> <span class='ocrx_word' id='word_1_528' title='bbox 3063 1857 3118 1912; x_wconf 91' lang='lat' dir='ltr'><strong>id</strong></span> <span class='ocrx_word' id='word_1_529' title='bbox 3157 1858 3303 1929; x_wconf 91' lang='lat' dir='ltr'><strong>quod</strong></span> <span class='ocrx_word' id='word_1_530' title='bbox 3337 1858 3601 1928; x_wconf 66' lang='lat' dir='ltr'><strong>quaeritur</strong></span> 
     </span>
    </p>
   </div>
   <div class='ocr_carea' id='block_1_66' title="bbox 2019 1949 3599 2022">
    <p class='ocr_par' dir='ltr' id='par_1_66' title="bbox 2019 1949 3599 2022">
     <span class='ocr_line' id='line_1_66' title="bbox 2019 1949 3599 2022; baseline 0.001 -20"><span class='ocrx_word' id='word_1_531' title='bbox 2019 1950 2205 2004; x_wconf 84' lang='lat' dir='ltr'><strong>haberi</strong></span> <span class='ocrx_word' id='word_1_532' title='bbox 2253 1964 2415 2020; x_wconf 86' lang='lat' dir='ltr'><strong>posse</strong></span> <span class='ocrx_word' id='word_1_533' title='bbox 2453 1957 2603 2005; x_wconf 87' lang='lat' dir='ltr'><strong>certe</strong></span> <span class='ocrx_word' id='word_1_534' title='bbox 2651 1950 2925 2020; x_wconf 84' lang='lat' dir='ltr'><strong>promisit.</strong></span> <span class='ocrx_word' id='word_1_535' title='bbox 2972 1950 3260 2016; x_wconf 83' lang='lat' dir='ltr'><strong>Quomodo</strong></span> <span class='ocrx_word' id='word_1_536' title='bbox 3300 1951 3468 2022; x_wconf 85' lang='lat' dir='ltr'><strong>igitur</strong></span> <span class='ocrx_word' id='word_1_537' title='bbox 3505 1949 3599 2004; x_wconf 88' lang='lat' dir='ltr'><strong>Dei</strong></span> 
     </span>
    </p>
   </div>
   <div class='ocr_carea' id='block_1_67' title="bbox 2018 2040 3597 2112">
    <p class='ocr_par' dir='ltr' id='par_1_67' title="bbox 2018 2040 3597 2112">
     <span class='ocr_line' id='line_1_67' title="bbox 2018 2040 3597 2112; baseline -0.003 -15"><span class='ocrx_word' id='word_1_538' title='bbox 2018 2042 2412 2112; x_wconf 87' lang='lat' dir='ltr'><strong>omnipotentis</strong></span> <span class='ocrx_word' id='word_1_539' title='bbox 2463 2043 2635 2112; x_wconf 84' lang='lat' dir='ltr'><strong>gloria</strong></span> <span class='ocrx_word' id='word_1_540' title='bbox 2672 2042 3083 2096; x_wconf 88' lang='lat' dir='ltr'><strong>communicari</strong></span> <span class='ocrx_word' id='word_1_541' title='bbox 3128 2058 3238 2096; x_wconf 90' lang='lat' dir='ltr'><strong>non</strong></span> <span class='ocrx_word' id='word_1_542' title='bbox 3298 2047 3500 2112; x_wconf 84' lang='lat' dir='ltr'><strong>potest,</strong></span> <span class='ocrx_word' id='word_1_543' title='bbox 3553 2040 3597 2095; x_wconf 80' lang='lat' dir='ltr'><strong>si</strong></span> 
     </span>
    </p>
   </div>
   <div class='ocr_carea' id='block_1_68' title="bbox 2017 2132 3598 2205">
    <p class='ocr_par' dir='ltr' id='par_1_68' title="bbox 2017 2132 3598 2205">
     <span class='ocr_line' id='line_1_68' title="bbox 2017 2132 3598 2205; baseline -0.001 -16"><span class='ocrx_word' id='word_1_544' title='bbox 2017 2142 2235 2205; x_wconf 89' lang='lat' dir='ltr'><strong>oportet</strong></span> <span class='ocrx_word' id='word_1_545' title='bbox 2265 2151 2385 2189; x_wconf 89' lang='lat' dir='ltr'><strong>eam</strong></span> <span class='ocrx_word' id='word_1_546' title='bbox 2419 2149 2541 2204; x_wconf 85' lang='lat' dir='ltr'><strong>quae</strong></span> <span class='ocrx_word' id='word_1_547' title='bbox 2568 2149 2596 2187; x_wconf 87' lang='lat' dir='ltr'><strong>a</strong></span> <span class='ocrx_word' id='word_1_548' title='bbox 2632 2135 2750 2189; x_wconf 91' lang='lat' dir='ltr'><strong>solo</strong></span> <span class='ocrx_word' id='word_1_549' title='bbox 2792 2132 2899 2189; x_wconf 90' lang='lat' dir='ltr'><strong>Deo</strong></span> <span class='ocrx_word' id='word_1_550' title='bbox 2931 2141 3015 2188; x_wconf 89' lang='lat' dir='ltr'><strong>est</strong></span> <span class='ocrx_word' id='word_1_551' title='bbox 3042 2134 3268 2204; x_wconf 82' lang='lat' dir='ltr'><strong>gloriam</strong></span> <span class='ocrx_word' id='word_1_552' title='bbox 3298 2133 3598 2202; x_wconf 89' lang='lat' dir='ltr'><strong>postulare,</strong></span> 
     </span>
    </p>
   </div>
   <div class='ocr_carea' id='block_1_69' title="bbox 2017 2225 3603 2298">
    <p class='ocr_par' dir='ltr' id='par_1_69' title="bbox 2017 2225 3603 2298">
     <span class='ocr_line' id='line_1_69' title="bbox 2017 2225 3603 2298; baseline -0.002 -16"><span class='ocrx_word' id='word_1_553' title='bbox 2017 2234 2070 2282; x_wconf 90' lang='lat' dir='ltr'><strong>et</strong></span> <span class='ocrx_word' id='word_1_554' title='bbox 2114 2228 2293 2282; x_wconf 92' lang='lat' dir='ltr'><strong>omnis</strong></span> <span class='ocrx_word' id='word_1_555' title='bbox 2337 2229 2429 2297; x_wconf 88' lang='lat' dir='ltr'><strong>qui</strong></span> <span class='ocrx_word' id='word_1_556' title='bbox 2463 2227 2599 2298; x_wconf 88' lang='lat' dir='ltr'><strong>petit</strong></span> <span class='ocrx_word' id='word_1_557' title='bbox 2633 2227 2853 2297; x_wconf 88' lang='lat' dir='ltr'><strong>accipit,</strong></span> <span class='ocrx_word' id='word_1_558' title='bbox 2897 2227 3197 2282; x_wconf 89' lang='lat' dir='ltr'><strong>secundum</strong></span> <span class='ocrx_word' id='word_1_559' title='bbox 3247 2225 3463 2280; x_wconf 88' lang='lat' dir='ltr'><strong>Domini</strong></span> <span class='ocrx_word' id='word_1_560' title='bbox 3507 2240 3603 2280; x_wconf 80' lang='lat' dir='ltr'><strong>vo-</strong></span> 
     </span>
    </p>
   </div>
   <div class='ocr_carea' id='block_1_70' title="bbox 2018 2318 3600 2391">
    <p class='ocr_par' dir='ltr' id='par_1_70' title="bbox 2018 2318 3600 2391">
     <span class='ocr_line' id='line_1_70' title="bbox 2018 2318 3600 2391; baseline 0 -19"><span class='ocrx_word' id='word_1_561' title='bbox 2018 2333 2133 2374; x_wconf 86' lang='lat' dir='ltr'><strong>cem</strong></span> <span class='ocrx_word' id='word_1_562' title='bbox 2167 2318 2250 2372; x_wconf 82' lang='lat'><strong>“?</strong></span> <span class='ocrx_word' id='word_1_563' title='bbox 2279 2318 2381 2385; x_wconf 88' lang='lat' dir='ltr'><strong>Qui</strong></span> <span class='ocrx_word' id='word_1_564' title='bbox 2415 2328 2595 2374; x_wconf 90' lang='lat' dir='ltr'><strong>autem</strong></span> <span class='ocrx_word' id='word_1_565' title='bbox 2629 2320 2696 2375; x_wconf 90' lang='lat' dir='ltr'><strong>de</strong></span> <span class='ocrx_word' id='word_1_566' title='bbox 2720 2319 3016 2390; x_wconf 85' lang='lat' dir='ltr'><strong>splendore</strong></span> <span class='ocrx_word' id='word_1_567' title='bbox 3040 2321 3229 2391; x_wconf 66' lang='lat' dir='ltr'><strong>gloriae</strong></span> <span class='ocrx_word' id='word_1_568' title='bbox 3260 2319 3418 2379; x_wconf 85' lang='lat' dir='ltr'><strong>dicit,</strong></span> <span class='ocrx_word' id='word_1_569' title='bbox 3453 2318 3600 2388; x_wconf 89' lang='lat' dir='ltr'><strong>quod</strong></span> 
     </span>
    </p>
   </div>
   <div class='ocr_carea' id='block_1_71' title="bbox 2017 2410 3602 2482">
    <p class='ocr_par' dir='ltr' id='par_1_71' title="bbox 2017 2410 3602 2482">
     <span class='ocr_line' id='line_1_71' title="bbox 2017 2410 3602 2482; baseline -0.003 -16"><span class='ocrx_word' id='word_1_570' title='bbox 2017 2425 2138 2466; x_wconf 86' lang='lat' dir='ltr'><strong>eam</strong></span> <span class='ocrx_word' id='word_1_571' title='bbox 2173 2411 2340 2465; x_wconf 85' lang='lat' dir='ltr'><strong>habet</strong></span> <span class='ocrx_word' id='word_1_572' title='bbox 2375 2411 2606 2481; x_wconf 84' lang='lat' dir='ltr'><strong>gloriam</strong></span> <span class='ocrx_word' id='word_1_573' title='bbox 2639 2427 2804 2482; x_wconf 90' lang='lat' dir='ltr'><strong>quam</strong></span> <span class='ocrx_word' id='word_1_574' title='bbox 2836 2413 3068 2482; x_wconf 88' lang='lat' dir='ltr'><strong>accepit,</strong></span> <span class='ocrx_word' id='word_1_575' title='bbox 3103 2412 3240 2466; x_wconf 85' lang='lat' dir='ltr'><strong>nihil</strong></span> <span class='ocrx_word' id='word_1_576' title='bbox 3269 2410 3417 2465; x_wconf 87' lang='lat' dir='ltr'><strong>aliud</strong></span> <span class='ocrx_word' id='word_1_577' title='bbox 3446 2410 3602 2471; x_wconf 67' lang='lat' dir='ltr'><strong>dicit,</strong></span> 
     </span>
    </p>
   </div>
   <div class='ocr_carea' id='block_1_72' title="bbox 2018 2500 3606 2574">
    <p class='ocr_par' dir='ltr' id='par_1_72' title="bbox 2018 2500 3606 2574">
     <span class='ocr_line' id='line_1_72' title="bbox 2018 2500 3606 2574; baseline 0 -21"><span class='ocrx_word' id='word_1_578' title='bbox 2018 2516 2179 2570; x_wconf 90' lang='lat' dir='ltr'><strong>quam</strong></span> <span class='ocrx_word' id='word_1_579' title='bbox 2220 2501 2406 2572; x_wconf 77' lang='lat' dir='ltr'><strong>gloriae</strong></span> <span class='ocrx_word' id='word_1_580' title='bbox 2435 2502 2785 2570; x_wconf 89' lang='lat' dir='ltr'><strong>splendorem</strong></span> <span class='ocrx_word' id='word_1_581' title='bbox 2808 2519 2904 2574; x_wconf 84' lang='lat' dir='ltr'><strong>per</strong></span> <span class='ocrx_word' id='word_1_582' title='bbox 2930 2503 3168 2573; x_wconf 84' lang='lat' dir='ltr'><strong>scipsum</strong></span> <span class='ocrx_word' id='word_1_583' title='bbox 3195 2500 3383 2572; x_wconf 77' lang='lat' dir='ltr'><strong>gloria:</strong></span> <span class='ocrx_word' id='word_1_584' title='bbox 3410 2515 3606 2570; x_wconf 82' lang='lat' dir='ltr'><strong>exper-</strong></span> 
     </span>
    </p>
   </div>
   <div class='ocr_carea' id='block_1_73' title="bbox 2018 2591 3660 2664">
    <p class='ocr_par' dir='ltr' id='par_1_73' title="bbox 2018 2591 3660 2664">
     <span class='ocr_line' id='line_1_73' title="bbox 2018 2591 3660 2664; baseline -0.001 -18"><span class='ocrx_word' id='word_1_585' title='bbox 2018 2601 2126 2647; x_wconf 86' lang='lat' dir='ltr'><strong>tem</strong></span> <span class='ocrx_word' id='word_1_586' title='bbox 2159 2607 2313 2658; x_wconf 86' lang='lat' dir='ltr'><strong>esse;</strong></span> <span class='ocrx_word' id='word_1_587' title='bbox 2355 2593 2422 2646; x_wconf 90' lang='lat' dir='ltr'><strong>ab</strong></span> <span class='ocrx_word' id='word_1_588' title='bbox 2441 2593 2613 2647; x_wconf 87' lang='lat' dir='ltr'><strong>altero</strong></span> <span class='ocrx_word' id='word_1_589' title='bbox 2638 2593 2783 2648; x_wconf 88' lang='lat' dir='ltr'><strong>enim</strong></span> <span class='ocrx_word' id='word_1_590' title='bbox 2812 2593 3044 2664; x_wconf 86' lang='lat' dir='ltr'><strong>gloriam</strong></span> <span class='ocrx_word' id='word_1_591' title='bbox 3078 2592 3291 2662; x_wconf 81' lang='lat' dir='ltr'><strong>indiget</strong></span> <span class='ocrx_word' id='word_1_592' title='bbox 3327 2591 3602 2660; x_wconf 86' lang='lat' dir='ltr'><strong>accipere,</strong></span> <span class='ocrx_word' id='word_1_593' title='bbox 3654 2597 3660 2608; x_wconf 95' lang='lat'><strong>&#39;</strong></span> 
     </span>
    </p>
   </div>
   <div class='ocr_carea' id='block_1_74' title="bbox 2018 2681 3598 2754">
    <p class='ocr_par' dir='ltr' id='par_1_74' title="bbox 2018 2681 3598 2754">
     <span class='ocr_line' id='line_1_74' title="bbox 2018 2681 3598 2754; baseline -0.003 -16"><span class='ocrx_word' id='word_1_594' title='bbox 2018 2693 2076 2738; x_wconf 91' lang='lat' dir='ltr'><strong>ut</strong></span> <span class='ocrx_word' id='word_1_595' title='bbox 2112 2684 2192 2740; x_wconf 91' lang='lat' dir='ltr'><strong>sic</strong></span> <span class='ocrx_word' id='word_1_596' title='bbox 2232 2684 2527 2754; x_wconf 86' lang='lat' dir='ltr'><strong>aliquando</strong></span> <span class='ocrx_word' id='word_1_597' title='bbox 2578 2684 2670 2738; x_wconf 85' lang='lat' dir='ltr'><strong>fiat</strong></span> <span class='ocrx_word' id='word_1_598' title='bbox 2723 2684 2988 2740; x_wconf 89' lang='lat' dir='ltr'><strong>Dominus</strong></span> <span class='ocrx_word' id='word_1_599' title='bbox 3030 2684 3250 2754; x_wconf 70' lang='lat' dir='ltr'><strong>gloriae:</strong></span> <span class='ocrx_word' id='word_1_600' title='bbox 3289 2681 3382 2736; x_wconf 87' lang='lat' dir='ltr'><strong>ubi</strong></span> <span class='ocrx_word' id='word_1_601' title='bbox 3430 2682 3598 2752; x_wconf 86' lang='lat' dir='ltr'><strong>igitur</strong></span> 
     </span>
    </p>
   </div>
   <div class='ocr_carea' id='block_1_75' title="bbox 2018 2773 3599 2847">
    <p class='ocr_par' dir='ltr' id='par_1_75' title="bbox 2018 2773 3599 2847">
     <span class='ocr_line' id='line_1_75' title="bbox 2018 2773 3599 2847; baseline -0.003 -18"><span class='ocrx_word' id='word_1_602' title='bbox 2018 2776 2262 2831; x_wconf 78' lang='lat' dir='ltr'><strong>veritatis</strong></span> <span class='ocrx_word' id='word_1_603' title='bbox 2291 2791 2455 2833; x_wconf 78' lang='lat' dir='ltr'><strong>voces</strong></span> <span class='ocrx_word' id='word_1_604' title='bbox 2487 2791 2774 2847; x_wconf 88' lang='lat' dir='ltr'><strong>ponemus,</strong></span> <span class='ocrx_word' id='word_1_605' title='bbox 2812 2787 2863 2830; x_wconf 91' lang='lat' dir='ltr'><strong>et</strong></span> <span class='ocrx_word' id='word_1_606' title='bbox 2896 2792 3013 2831; x_wconf 90' lang='lat' dir='ltr'><strong>eam</strong></span> <span class='ocrx_word' id='word_1_607' title='bbox 3048 2790 3170 2845; x_wconf 81' lang='lat' dir='ltr'><strong>quae</strong></span> <span class='ocrx_word' id='word_1_608' title='bbox 3210 2774 3381 2839; x_wconf 88' lang='lat' dir='ltr'><strong>dicit,</strong></span> <span class='ocrx_word' id='word_1_609' title='bbox 3420 2773 3599 2844; x_wconf 75' lang='lat' dir='ltr'><strong>ipsum</strong></span> 
     </span>
    </p>
   </div>
   <div class='ocr_carea' id='block_1_76' title="bbox 2021 2866 3606 2938">
    <p class='ocr_par' dir='ltr' id='par_1_76' title="bbox 2021 2866 3606 2938">
     <span class='ocr_line' id='line_1_76' title="bbox 2021 2866 3606 2938; baseline -0.001 -17"><span class='ocrx_word' id='word_1_610' title='bbox 2021 2869 2303 2922; x_wconf 76' lang='lat' dir='ltr'><strong>videndum</strong></span> <span class='ocrx_word' id='word_1_611' title='bbox 2332 2885 2442 2922; x_wconf 81' lang='lat' dir='ltr'><strong>esse</strong></span> <span class='ocrx_word' id='word_1_612' title='bbox 2485 2871 2538 2922; x_wconf 83' lang='lat' dir='ltr'><strong><em>in</em></strong></span> <span class='ocrx_word' id='word_1_613' title='bbox 2587 2869 2758 2938; x_wconf 82' lang='lat' dir='ltr'><strong>gloria</strong></span> <span class='ocrx_word' id='word_1_614' title='bbox 2793 2868 2885 2922; x_wconf 86' lang='lat' dir='ltr'><strong>Dei</strong></span> <span class='ocrx_word' id='word_1_615' title='bbox 2920 2867 3097 2922; x_wconf 84' lang='lat' dir='ltr'><strong>Patris</strong></span> <span class='ocrx_word' id='word_1_616' title='bbox 3128 2868 3172 2898; x_wconf 79' lang='grc'>⁸¹</span> <span class='ocrx_word' id='word_1_617' title='bbox 3208 2887 3219 2921; x_wconf 92' lang='lat'><strong>:</strong></span> <span class='ocrx_word' id='word_1_618' title='bbox 3274 2874 3328 2922; x_wconf 89' lang='lat' dir='ltr'><strong>et</strong></span> <span class='ocrx_word' id='word_1_619' title='bbox 3381 2866 3606 2928; x_wconf 87' lang='lat' dir='ltr'><strong>iterum,</strong></span> 
     </span>
    </p>
   </div>
   <div class='ocr_carea' id='block_1_77' title="bbox 2021 2957 3607 3029">
    <p class='ocr_par' dir='ltr' id='par_1_77' title="bbox 2021 2957 3607 3029">
     <span class='ocr_line' id='line_1_77' title="bbox 2021 2957 3607 3029; baseline -0.003 -15"><span class='ocrx_word' id='word_1_620' title='bbox 2021 2960 2211 3014; x_wconf 73' lang='lat' dir='ltr'><strong>Omnia</strong></span> <span class='ocrx_word' id='word_1_621' title='bbox 2246 2976 2364 3029; x_wconf 70' lang='lat' dir='ltr'><strong>qua:</strong></span> <span class='ocrx_word' id='word_1_622' title='bbox 2390 2959 2540 3013; x_wconf 78' lang='lat' dir='ltr'><strong>habet</strong></span> <span class='ocrx_word' id='word_1_623' title='bbox 2595 2959 2796 3023; x_wconf 82' lang='lat' dir='ltr'><strong>Pater,</strong></span> <span class='ocrx_word' id='word_1_624' title='bbox 2842 2977 2956 3014; x_wconf 83' lang='lat' dir='ltr'><strong>mea</strong></span> <span class='ocrx_word' id='word_1_625' title='bbox 3013 2969 3136 3014; x_wconf 81' lang='lat' dir='ltr'><strong>sunt</strong></span> <span class='ocrx_word' id='word_1_626' title='bbox 3181 2960 3271 3015; x_wconf 78' lang='lat'><strong>“?</strong></span> <span class='ocrx_word' id='word_1_627' title='bbox 3313 2958 3401 3013; x_wconf 88' lang='lat' dir='ltr'><strong>cui</strong></span> <span class='ocrx_word' id='word_1_628' title='bbox 3447 2957 3607 3012; x_wconf 80' lang='lat' dir='ltr'><strong>fidem</strong></span> 
     </span>
    </p>
   </div>
   <div class='ocr_carea' id='block_1_78' title="bbox 1943 3051 3610 3134">
    <p class='ocr_par' dir='ltr' id='par_1_78' title="bbox 1943 3051 3610 3134">
     <span class='ocr_line' id='line_1_78' title="bbox 1943 3051 3610 3134; baseline -0.002 -30"><span class='ocrx_word' id='word_1_629' title='bbox 1943 3072 1990 3134; x_wconf 71' lang='grc' dir='ltr'>ο</span> <span class='ocrx_word' id='word_1_630' title='bbox 2021 3051 2279 3106; x_wconf 87' lang='lat' dir='ltr'><strong>adhibere</strong></span> <span class='ocrx_word' id='word_1_631' title='bbox 2329 3060 2545 3120; x_wconf 81' lang='lat' dir='ltr'><strong>Oportet</strong></span> <span class='ocrx_word' id='word_1_632' title='bbox 2585 3052 2932 3106; x_wconf 86' lang='lat' dir='ltr'><strong>auditorem?</strong></span> <span class='ocrx_word' id='word_1_633' title='bbox 2983 3067 3049 3104; x_wconf 89' lang='lat' dir='ltr'><strong>an</strong></span> <span class='ocrx_word' id='word_1_634' title='bbox 3106 3053 3153 3106; x_wconf 87' lang='lat' dir='ltr'><strong>ci</strong></span> <span class='ocrx_word' id='word_1_635' title='bbox 3215 3051 3308 3120; x_wconf 87' lang='lat' dir='ltr'><strong>qui</strong></span> <span class='ocrx_word' id='word_1_636' title='bbox 3358 3055 3610 3104; x_wconf 89' lang='lat' dir='ltr'><strong>autumat</strong></span> 
     </span>
    </p>
   </div>
   <div class='ocr_carea' id='block_1_79' title="bbox 2023 3141 3608 3211">
    <p class='ocr_par' dir='ltr' id='par_1_79' title="bbox 2023 3141 3608 3211">
     <span class='ocr_line' id='line_1_79' title="bbox 2023 3141 3608 3211; baseline -0.003 -16"><span class='ocrx_word' id='word_1_637' title='bbox 2023 3143 2172 3196; x_wconf 93' lang='lat' dir='ltr'><strong>illum</strong></span> <span class='ocrx_word' id='word_1_638' title='bbox 2198 3158 2303 3196; x_wconf 86' lang='lat' dir='ltr'><strong>non</strong></span> <span class='ocrx_word' id='word_1_639' title='bbox 2328 3158 2451 3197; x_wconf 90' lang='lat' dir='ltr'><strong>esse</strong></span> <span class='ocrx_word' id='word_1_640' title='bbox 2477 3141 2656 3196; x_wconf 82' lang='lat' dir='ltr'><strong>Patris</strong></span> <span class='ocrx_word' id='word_1_641' title='bbox 2680 3143 2866 3211; x_wconf 77' lang='lat' dir='ltr'><strong>glori-.e</strong></span> <span class='ocrx_word' id='word_1_642' title='bbox 2887 3141 3232 3210; x_wconf 84' lang='lat' dir='ltr'><strong>participem,</strong></span> <span class='ocrx_word' id='word_1_643' title='bbox 3256 3141 3346 3208; x_wconf 84' lang='lat' dir='ltr'><strong>qui</strong></span> <span class='ocrx_word' id='word_1_644' title='bbox 3371 3141 3608 3194; x_wconf 87' lang='lat' dir='ltr'><strong>omnium</strong></span> 
     </span>
    </p>
   </div>
   <div class='ocr_carea' id='block_1_80' title="bbox 2021 3229 3593 3300">
    <p class='ocr_par' dir='ltr' id='par_1_80' title="bbox 2021 3229 3593 3300">
     <span class='ocr_line' id='line_1_80' title="bbox 2021 3229 3593 3300; baseline -0.003 -16"><span class='ocrx_word' id='word_1_645' title='bbox 2021 3241 2095 3284; x_wconf 75' lang='lat' dir='ltr'><strong>est</strong></span> <span class='ocrx_word' id='word_1_646' title='bbox 2130 3232 2182 3284; x_wconf 89' lang='lat' dir='ltr'><strong><em>in</em></strong></span> <span class='ocrx_word' id='word_1_647' title='bbox 2218 3231 2380 3285; x_wconf 84' lang='lat' dir='ltr'><strong>Patre</strong></span> <span class='ocrx_word' id='word_1_648' title='bbox 2431 3231 2631 3291; x_wconf 67' lang='grc' dir='ltr'><strong>[ραν-εδ,</strong></span> <span class='ocrx_word' id='word_1_649' title='bbox 2677 3234 2820 3284; x_wconf 89' lang='lat' dir='ltr'><strong>sicut</strong></span> <span class='ocrx_word' id='word_1_650' title='bbox 2846 3231 2922 3284; x_wconf 87' lang='lat' dir='ltr'><strong>ait</strong></span> <span class='ocrx_word' id='word_1_651' title='bbox 2961 3230 3256 3300; x_wconf 84' lang='lat' dir='ltr'><strong>Apostolus</strong></span> <span class='ocrx_word' id='word_1_652' title='bbox 3299 3229 3346 3260; x_wconf 84' lang='grc'><strong><em>⁵³</em></strong></span> <span class='ocrx_word' id='word_1_653' title='bbox 3392 3247 3405 3282; x_wconf 90' lang='lat'><strong>:</strong></span> <span class='ocrx_word' id='word_1_654' title='bbox 3445 3244 3515 3283; x_wconf 91' lang='lat' dir='ltr'><strong>an</strong></span> <span class='ocrx_word' id='word_1_655' title='bbox 3546 3229 3593 3281; x_wconf 89' lang='lat' dir='ltr'><strong>ei</strong></span> 
     </span>
    </p>
   </div>
   <div class='ocr_carea' id='block_1_81' title="bbox 2021 3317 3611 3394">
    <p class='ocr_par' dir='ltr' id='par_1_81' title="bbox 2021 3317 3611 3394">
     <span class='ocr_line' id='line_1_81' title="bbox 2021 3317 3611 3394; baseline -0.002 -18"><span class='ocrx_word' id='word_1_656' title='bbox 2021 3324 2113 3394; x_wconf 89' lang='lat' dir='ltr'><strong>qui</strong></span> <span class='ocrx_word' id='word_1_657' title='bbox 2148 3322 2442 3377; x_wconf 79' lang='lat' dir='ltr'><strong>conﬁtetur</strong></span> <span class='ocrx_word' id='word_1_658' title='bbox 2471 3338 2531 3377; x_wconf 87' lang='lat' dir='ltr'><strong>sc</strong></span> <span class='ocrx_word' id='word_1_659' title='bbox 2577 3323 2782 3377; x_wconf 84' lang='lat' dir='ltr'><strong>habere</strong></span> <span class='ocrx_word' id='word_1_660' title='bbox 2821 3321 3000 3377; x_wconf 83' lang='lat' dir='ltr'><strong><em>omnia</em></strong></span> <span class='ocrx_word' id='word_1_661' title='bbox 3037 3337 3154 3390; x_wconf 62' lang='lat' dir='ltr'><strong>quae</strong></span> <span class='ocrx_word' id='word_1_662' title='bbox 3206 3317 3371 3372; x_wconf 85' lang='lat' dir='ltr'><strong>Pater</strong></span> <span class='ocrx_word' id='word_1_663' title='bbox 3409 3317 3611 3373; x_wconf 73' lang='lat' dir='ltr'><strong>habet?</strong></span> 
     </span>
    </p>
   </div>
   <div class='ocr_carea' id='block_1_82' title="bbox 2022 3409 3605 3484">
    <p class='ocr_par' dir='ltr' id='par_1_82' title="bbox 2022 3409 3605 3484">
     <span class='ocr_line' id='line_1_82' title="bbox 2022 3409 3605 3484; baseline -0.003 -18"><span class='ocrx_word' id='word_1_664' title='bbox 2022 3429 2144 3466; x_wconf 88' lang='lat' dir='ltr'><strong>nam</strong></span> <span class='ocrx_word' id='word_1_665' title='bbox 2193 3415 2247 3468; x_wconf 88' lang='lat' dir='ltr'><strong>in</strong></span> <span class='ocrx_word' id='word_1_666' title='bbox 2299 3414 2555 3469; x_wconf 84' lang='lat' dir='ltr'><strong>munibus</strong></span> <span class='ocrx_word' id='word_1_667' title='bbox 2614 3415 2731 3482; x_wconf 91' lang='lat' dir='ltr'><strong>ipsa</strong></span> <span class='ocrx_word' id='word_1_668' title='bbox 2781 3412 2953 3484; x_wconf 88' lang='lat' dir='ltr'><strong>gloria</strong></span> <span class='ocrx_word' id='word_1_669' title='bbox 3005 3412 3224 3482; x_wconf 82' lang='lat' dir='ltr'><strong>penitus</strong></span> <span class='ocrx_word' id='word_1_670' title='bbox 3268 3409 3605 3464; x_wconf 88' lang='lat' dir='ltr'><strong>continetur.</strong></span> 
     </span>
    </p>
   </div>
   <div class='ocr_carea' id='block_1_83' title="bbox 2023 3502 3610 3576">
    <p class='ocr_par' dir='ltr' id='par_1_83' title="bbox 2023 3502 3610 3576">
     <span class='ocr_line' id='line_1_83' title="bbox 2023 3502 3610 3576; baseline -0.004 -15"><span class='ocrx_word' id='word_1_671' title='bbox 2023 3507 2124 3561; x_wconf 80' lang='lat' dir='ltr'><strong>llic</strong></span> <span class='ocrx_word' id='word_1_672' title='bbox 2179 3515 2360 3561; x_wconf 86' lang='lat' dir='ltr'><strong>autem</strong></span> <span class='ocrx_word' id='word_1_673' title='bbox 2404 3507 2684 3561; x_wconf 82' lang='lat' dir='ltr'><strong>inﬁciatur</strong></span> <span class='ocrx_word' id='word_1_674' title='bbox 2717 3503 3132 3576; x_wconf 90' lang='lat' dir='ltr'><strong>Omnipotentis</strong></span> <span class='ocrx_word' id='word_1_675' title='bbox 3173 3502 3402 3573; x_wconf 88' lang='lat' dir='ltr'><strong>gloriam</strong></span> <span class='ocrx_word' id='word_1_676' title='bbox 3447 3515 3610 3571; x_wconf 86' lang='lat' dir='ltr'><strong>posse</strong></span> 
     </span>
    </p>
   </div>
   <div class='ocr_carea' id='block_1_84' title="bbox 2024 3593 3612 3666">
    <p class='ocr_par' dir='ltr' id='par_1_84' title="bbox 2024 3593 3612 3666">
     <span class='ocr_line' id='line_1_84' title="bbox 2024 3593 3612 3666; baseline -0.008 -11"><span class='ocrx_word' id='word_1_677' title='bbox 2024 3599 2415 3655; x_wconf 86' lang='lat' dir='ltr'><strong>connnunicari</strong></span> <span class='ocrx_word' id='word_1_678' title='bbox 2445 3617 2456 3652; x_wconf 92' lang='lat'><strong>:</strong></span> <span class='ocrx_word' id='word_1_679' title='bbox 2502 3598 2596 3652; x_wconf 87' lang='lat' dir='ltr'><strong>sed</strong></span> <span class='ocrx_word' id='word_1_680' title='bbox 2633 3597 2944 3666; x_wconf 88' lang='lat' dir='ltr'><strong>hocneque</strong></span> <span class='ocrx_word' id='word_1_681' title='bbox 2971 3593 3110 3659; x_wconf 84' lang='lat' dir='ltr'><strong>Joel,</strong></span> <span class='ocrx_word' id='word_1_682' title='bbox 3165 3609 3342 3664; x_wconf 87' lang='lat' dir='ltr'><strong>neque</strong></span> <span class='ocrx_word' id='word_1_683' title='bbox 3378 3607 3612 3661; x_wconf 88' lang='lat' dir='ltr'><strong>magnus</strong></span> 
     </span>
    </p>
   </div>
   <div class='ocr_carea' id='block_1_85' title="bbox 2025 3683 3610 3757">
    <p class='ocr_par' dir='ltr' id='par_1_85' title="bbox 2025 3683 3610 3757">
     <span class='ocr_line' id='line_1_85' title="bbox 2025 3683 3610 3757; baseline -0.005 -13"><span class='ocrx_word' id='word_1_684' title='bbox 2025 3691 2218 3745; x_wconf 76' lang='lat' dir='ltr'><strong>Petrus</strong></span> <span class='ocrx_word' id='word_1_685' title='bbox 2251 3696 2522 3749; x_wconf 89' lang='lat' dir='ltr'><strong>testatur,</strong></span> <span class='ocrx_word' id='word_1_686' title='bbox 2585 3688 2679 3756; x_wconf 91' lang='lat' dir='ltr'><strong>qui</strong></span> <span class='ocrx_word' id='word_1_687' title='bbox 2739 3686 3117 3757; x_wconf 84' lang='lat' dir='ltr'><strong>propheticum</strong></span> <span class='ocrx_word' id='word_1_688' title='bbox 3155 3700 3464 3741; x_wconf 83' lang='lat' dir='ltr'><strong>sermonem</strong></span> <span class='ocrx_word' id='word_1_689' title='bbox 3492 3683 3610 3737; x_wconf 74' lang='lat' dir='ltr'><strong>“in</strong></span> 
     </span>
    </p>
   </div>
   <div class='ocr_carea' id='block_1_86' title="bbox 2024 3774 3607 3848">
    <p class='ocr_par' dir='ltr' id='par_1_86' title="bbox 2024 3774 3607 3848">
     <span class='ocr_line' id='line_1_86' title="bbox 2024 3774 3607 3848; baseline -0.006 -10"><span class='ocrx_word' id='word_1_690' title='bbox 2024 3783 2290 3838; x_wconf 86' lang='lat' dir='ltr'><strong>concione</strong></span> <span class='ocrx_word' id='word_1_691' title='bbox 2325 3780 2393 3834; x_wconf 92' lang='lat' dir='ltr'><strong>ad</strong></span> <span class='ocrx_word' id='word_1_692' title='bbox 2437 3779 2662 3839; x_wconf 66' lang='lat' dir='ltr'><strong>Judzeos</strong></span> <span class='ocrx_word' id='word_1_693' title='bbox 2698 3779 2802 3832; x_wconf 91' lang='lat' dir='ltr'><strong>sibi</strong></span> <span class='ocrx_word' id='word_1_694' title='bbox 2846 3777 3128 3848; x_wconf 89' lang='lat' dir='ltr'><strong>pr0prium</strong></span> <span class='ocrx_word' id='word_1_695' title='bbox 3167 3775 3313 3830; x_wconf 79' lang='lat' dir='ltr'><strong>fecit.</strong></span> <span class='ocrx_word' id='word_1_696' title='bbox 3361 3774 3494 3829; x_wconf 74' lang='lat' dir='ltr'><strong>Nam</strong></span> <span class='ocrx_word' id='word_1_697' title='bbox 3541 3791 3607 3830; x_wconf 84' lang='lat' dir='ltr'><strong>ex</strong></span> 
     </span>
    </p>
   </div>
   <div class='ocr_carea' id='block_1_87' title="bbox 2025 3867 3607 3944">
    <p class='ocr_par' dir='ltr' id='par_1_87' title="bbox 2025 3867 3607 3944">
     <span class='ocr_line' id='line_1_87' title="bbox 2025 3867 3607 3944; baseline -0.003 -18"><span class='ocrx_word' id='word_1_698' title='bbox 2025 3887 2259 3944; x_wconf 80' lang='lat' dir='ltr'><strong>persona</strong></span> <span class='ocrx_word' id='word_1_699' title='bbox 2301 3871 2478 3941; x_wconf 91' lang='lat' dir='ltr'><strong>ipsius</strong></span> <span class='ocrx_word' id='word_1_700' title='bbox 2510 3870 2603 3925; x_wconf 86' lang='lat' dir='ltr'><strong>Dei</strong></span> <span class='ocrx_word' id='word_1_701' title='bbox 2655 3870 2835 3940; x_wconf 86' lang='lat' dir='ltr'><strong>inquit</strong></span> <span class='ocrx_word' id='word_1_702' title='bbox 2870 3869 3161 3940; x_wconf 88' lang='lat' dir='ltr'><strong>propheta,</strong></span> <span class='ocrx_word' id='word_1_703' title='bbox 3199 3875 3252 3922; x_wconf 88' lang='lat' dir='ltr'><strong>et</strong></span> <span class='ocrx_word' id='word_1_704' title='bbox 3302 3867 3607 3938; x_wconf 83' lang='lat' dir='ltr'><strong>apostolus,</strong></span> 
     </span>
    </p>
   </div>
   <div class='ocr_carea' id='block_1_88' title="bbox 2028 3956 3612 4036">
    <p class='ocr_par' dir='ltr' id='par_1_88' title="bbox 2028 3956 3612 4036">
     <span class='ocr_line' id='line_1_88' title="bbox 2028 3956 3612 4036; baseline -0.008 -16"><span class='ocrx_word' id='word_1_705' title='bbox 2028 3965 2315 4036; x_wconf 68' lang='lat' dir='ltr'><strong>Effundam</strong></span> <span class='ocrx_word' id='word_1_706' title='bbox 2341 3967 2402 4019; x_wconf 84' lang='lat' dir='ltr'><strong>de</strong></span> <span class='ocrx_word' id='word_1_707' title='bbox 2435 3964 2626 4034; x_wconf 83' lang='lat' dir='ltr'><strong>spiritu</strong></span> <span class='ocrx_word' id='word_1_708' title='bbox 2661 3979 2770 4016; x_wconf 89' lang='lat' dir='ltr'><strong>meo</strong></span> <span class='ocrx_word' id='word_1_709' title='bbox 2815 3963 2866 4014; x_wconf 86' lang='lat' dir='ltr'><strong>in</strong></span> <span class='ocrx_word' id='word_1_710' title='bbox 2910 3977 3114 4015; x_wconf 82' lang='lat' dir='ltr'><strong><em>omnem</em></strong></span> <span class='ocrx_word' id='word_1_711' title='bbox 3152 3975 3363 4012; x_wconf 79' lang='lat' dir='ltr'><strong>carnem</strong></span> <span class='ocrx_word' id='word_1_712' title='bbox 3410 3959 3475 4010; x_wconf 79' lang='grc'><strong>⁸⁸.</strong></span> <span class='ocrx_word' id='word_1_713' title='bbox 3507 3956 3612 4023; x_wconf 85' lang='lat' dir='ltr'><strong>Qui</strong></span> 
     </span>
    </p>
   </div>
   <div class='ocr_carea' id='block_1_89' title="bbox 2025 4048 3611 4129">
    <p class='ocr_par' dir='ltr' id='par_1_89' title="bbox 2025 4048 3611 4129">
     <span class='ocr_line' id='line_1_89' title="bbox 2025 4048 3611 4129; baseline -0.008 -16"><span class='ocrx_word' id='word_1_714' title='bbox 2025 4061 2192 4129; x_wconf 83' lang='lat' dir='ltr'><strong>igitur</strong></span> <span class='ocrx_word' id='word_1_715' title='bbox 2250 4057 2335 4112; x_wconf 91' lang='lat' dir='ltr'><strong>sui</strong></span> <span class='ocrx_word' id='word_1_716' title='bbox 2387 4056 2614 4126; x_wconf 92' lang='lat' dir='ltr'><strong>spiritus</strong></span> <span class='ocrx_word' id='word_1_717' title='bbox 2659 4053 3216 4109; x_wconf 89' lang='lat' dir='ltr'><strong>communicationem</strong></span> <span class='ocrx_word' id='word_1_718' title='bbox 3271 4050 3417 4104; x_wconf 90' lang='lat' dir='ltr'><strong>omni</strong></span> <span class='ocrx_word' id='word_1_719' title='bbox 3459 4048 3611 4102; x_wconf 88' lang='lat' dir='ltr'><strong>carni</strong></span> 
     </span>
    </p>
   </div>
   <div class='ocr_carea' id='block_1_90' title="bbox 2027 4139 3612 4219">
    <p class='ocr_par' dir='ltr' id='par_1_90' title="bbox 2027 4139 3612 4219">
     <span class='ocr_line' id='line_1_90' title="bbox 2027 4139 3612 4219; baseline -0.009 -14"><span class='ocrx_word' id='word_1_720' title='bbox 2027 4167 2133 4205; x_wconf 91' lang='lat' dir='ltr'><strong>non</strong></span> <span class='ocrx_word' id='word_1_721' title='bbox 2192 4151 2413 4214; x_wconf 80' lang='lat' dir='ltr'><strong>invidit,</strong></span> <span class='ocrx_word' id='word_1_722' title='bbox 2459 4147 2738 4219; x_wconf 90' lang='lat' dir='ltr'><strong>quomodo</strong></span> <span class='ocrx_word' id='word_1_723' title='bbox 2764 4145 3056 4216; x_wconf 87' lang='lat' dir='ltr'><strong>Unigcnito</strong></span> <span class='ocrx_word' id='word_1_724' title='bbox 3104 4142 3244 4196; x_wconf 84' lang='lat' dir='ltr'><strong>Filio</strong></span> <span class='ocrx_word' id='word_1_725' title='bbox 3279 4142 3372 4210; x_wconf 92' lang='lat' dir='ltr'><strong>qui</strong></span> <span class='ocrx_word' id='word_1_726' title='bbox 3417 4147 3502 4194; x_wconf 90' lang='lat' dir='ltr'><strong>cst</strong></span> <span class='ocrx_word' id='word_1_727' title='bbox 3557 4139 3612 4192; x_wconf 91' lang='lat' dir='ltr'><strong>in</strong></span> 
     </span>
    </p>
   </div>
   <div class='ocr_carea' id='block_1_91' title="bbox 2027 4232 3612 4312">
    <p class='ocr_par' dir='ltr' id='par_1_91' title="bbox 2027 4232 3612 4312">
     <span class='ocr_line' id='line_1_91' title="bbox 2027 4232 3612 4312; baseline -0.009 -14"><span class='ocrx_word' id='word_1_728' title='bbox 2027 4243 2240 4298; x_wconf 89' lang='lat' dir='ltr'><strong>sinibus</strong></span> <span class='ocrx_word' id='word_1_729' title='bbox 2269 4242 2446 4296; x_wconf 85' lang='lat' dir='ltr'><strong>Patris</strong></span> <span class='ocrx_word' id='word_1_730' title='bbox 2464 4242 2529 4304; x_wconf 74' lang='grc'><strong>⁵⁸,</strong></span> <span class='ocrx_word' id='word_1_731' title='bbox 2566 4241 2656 4312; x_wconf 87' lang='lat' dir='ltr'><strong>qui</strong></span> <span class='ocrx_word' id='word_1_732' title='bbox 2685 4239 2847 4293; x_wconf 83' lang='lat' dir='ltr'><strong>habet</strong></span> <span class='ocrx_word' id='word_1_733' title='bbox 2871 4251 3216 4306; x_wconf 62' lang='lat' dir='ltr'><strong>quaecunque</strong></span> <span class='ocrx_word' id='word_1_734' title='bbox 3234 4233 3399 4286; x_wconf 87' lang='lat' dir='ltr'><strong>Pater</strong></span> <span class='ocrx_word' id='word_1_735' title='bbox 3424 4232 3612 4292; x_wconf 87' lang='lat' dir='ltr'><strong>habet,</strong></span> 
     </span>
    </p>
   </div>
   <div class='ocr_carea' id='block_1_92' title="bbox 2028 4325 3613 4404">
    <p class='ocr_par' dir='ltr' id='par_1_92' title="bbox 2028 4325 3613 4404">
     <span class='ocr_line' id='line_1_92' title="bbox 2028 4325 3613 4404; baseline -0.008 -14"><span class='ocrx_word' id='word_1_736' title='bbox 2028 4350 2181 4390; x_wconf 89' lang='lat' dir='ltr'><strong>suam</strong></span> <span class='ocrx_word' id='word_1_737' title='bbox 2214 4334 2445 4404; x_wconf 85' lang='lat' dir='ltr'><strong>gloriam</strong></span> <span class='ocrx_word' id='word_1_738' title='bbox 2479 4349 2589 4387; x_wconf 93' lang='lat' dir='ltr'><strong>non</strong></span> <span class='ocrx_word' id='word_1_739' title='bbox 2622 4330 2912 4402; x_wconf 87' lang='lat' dir='ltr'><strong>impertit?</strong></span> <span class='ocrx_word' id='word_1_740' title='bbox 2952 4331 3033 4381; x_wconf 78' lang='lat' dir='ltr'><strong>An</strong></span> <span class='ocrx_word' id='word_1_741' title='bbox 3067 4342 3176 4380; x_wconf 91' lang='lat' dir='ltr'><strong>non</strong></span> <span class='ocrx_word' id='word_1_742' title='bbox 3221 4325 3456 4380; x_wconf 78' lang='lat' dir='ltr'><strong>fortasse</strong></span> <span class='ocrx_word' id='word_1_743' title='bbox 3491 4325 3613 4392; x_wconf 90' lang='lat' dir='ltr'><strong>quis</strong></span> 
     </span>
    </p>
   </div>
   <div class='ocr_carea' id='block_1_93' title="bbox 346 4415 1920 4493">
    <p class='ocr_par' dir='ltr' id='par_1_93' title="bbox 346 4417 1920 4493">
     <span class='ocr_line' id='line_1_93' title="bbox 346 4417 1920 4493; baseline -0.006 -14"><span class='ocrx_word' id='word_1_744' title='bbox 346 4429 410 4479; x_wconf 75' lang='grc' dir='ltr'><strong>έν</strong></span> <span class='ocrx_word' id='word_1_745' title='bbox 436 4424 611 4493; x_wconf 74' lang='grc' dir='ltr'>τούτῳ</span> <span class='ocrx_word' id='word_1_746' title='bbox 645 4426 736 4477; x_wconf 75' lang='grc' dir='ltr'><strong>καὶ</strong></span> <span class='ocrx_word' id='word_1_747' title='bbox 771 4423 844 4493; x_wconf 85' lang='grc' dir='ltr'><strong>μὴ</strong></span> <span class='ocrx_word' id='word_1_748' title='bbox 880 4422 1235 4492; x_wconf 72' lang='grc' dir='ltr'><strong>βουλόμενονς</strong></span> <span class='ocrx_word' id='word_1_749' title='bbox 1285 4421 1406 4473; x_wconf 72' lang='grc' dir='ltr'><strong>Ἐπὶ</strong></span> <span class='ocrx_word' id='word_1_750' title='bbox 1444 4421 1540 4490; x_wconf 76' lang='grc' dir='ltr'><strong>μὲν</strong></span> <span class='ocrx_word' id='word_1_751' title='bbox 1575 4419 1682 4489; x_wconf 73' lang='grc' dir='ltr'><strong>γὰρ</strong></span> <span class='ocrx_word' id='word_1_752' title='bbox 1723 4417 1815 4470; x_wconf 78' lang='grc' dir='ltr'><strong>τοῦ</strong></span> <span class='ocrx_word' id='word_1_753' title='bbox 1854 4417 1920 4488; x_wconf 63' lang='grc' dir='ltr'>μὴ</span> 
     </span>
    </p>
   </div>
   <div class='ocr_carea' id='block_1_94' title="bbox 2022 4415 3613 4493">
    <p class='ocr_par' dir='ltr' id='par_1_94' title="bbox 2034 4415 3613 4484">
     <span class='ocr_line' id='line_1_94' title="bbox 2034 4415 3613 4484; baseline -0.01 0"><span class='ocrx_word' id='word_1_754' title='bbox 2034 4429 2232 4484; x_wconf 79' lang='lat' dir='ltr'><strong>dixerit</strong></span> <span class='ocrx_word' id='word_1_755' title='bbox 2286 4429 2342 4482; x_wconf 91' lang='lat' dir='ltr'><strong>in</strong></span> <span class='ocrx_word' id='word_1_756' title='bbox 2383 4441 2448 4481; x_wconf 83' lang='lat' dir='ltr'><strong>eo</strong></span> <span class='ocrx_word' id='word_1_757' title='bbox 2497 4441 2686 4480; x_wconf 87' lang='lat' dir='ltr'><strong>verum</strong></span> <span class='ocrx_word' id='word_1_758' title='bbox 2733 4422 2916 4477; x_wconf 87' lang='lat' dir='ltr'><strong>dicere</strong></span> <span class='ocrx_word' id='word_1_759' title='bbox 2967 4419 3315 4482; x_wconf 87' lang='lat' dir='ltr'><strong>Eunomium,</strong></span> <span class='ocrx_word' id='word_1_760' title='bbox 3349 4415 3512 4470; x_wconf 89' lang='lat' dir='ltr'><strong>etiam</strong></span> <span class='ocrx_word' id='word_1_761' title='bbox 3567 4417 3613 4470; x_wconf 90' lang='lat' dir='ltr'><strong>si</strong></span> 
     </span>
    </p>
   </div>
   <div class='ocr_carea' id='block_1_95' title="bbox 345 4511 1930 4586">
    <p class='ocr_par' dir='ltr' id='par_1_95' title="bbox 345 4511 1930 4586">
     <span class='ocr_line' id='line_1_95' title="bbox 345 4511 1930 4586; baseline -0.004 -18"><span class='ocrx_word' id='word_1_762' title='bbox 345 4518 565 4586; x_wconf 76' lang='grc' dir='ltr'><strong>ἔχοντος</strong></span> <span class='ocrx_word' id='word_1_763' title='bbox 594 4515 802 4567; x_wconf 78' lang='grc' dir='ltr'>οἴκοθεν</span> <span class='ocrx_word' id='word_1_764' title='bbox 832 4515 928 4584; x_wconf 77' lang='grc' dir='ltr'><strong>τὴν</strong></span> <span class='ocrx_word' id='word_1_765' title='bbox 959 4515 1135 4581; x_wconf 82' lang='grc' dir='ltr'><strong>δόξαν,</strong></span> <span class='ocrx_word' id='word_1_766' title='bbox 1170 4514 1370 4581; x_wconf 81' lang='grc' dir='ltr'><strong>κυρίως</strong></span> <span class='ocrx_word' id='word_1_767' title='bbox 1397 4515 1429 4582; x_wconf 76' lang='grc' dir='ltr'>ἡ</span> <span class='ocrx_word' id='word_1_768' title='bbox 1469 4512 1752 4583; x_wconf 81' lang='grc' dir='ltr'><strong>μετάδοσις</strong></span> <span class='ocrx_word' id='word_1_769' title='bbox 1785 4511 1930 4578; x_wconf 81' lang='grc' dir='ltr'>λέγε-</span> 
     </span>
    </p>
   </div>
   <div class='ocr_carea' id='block_1_96' title="bbox 343 4597 1926 4677">
    <p class='ocr_par' dir='ltr' id='par_1_96' title="bbox 343 4597 1926 4677">
     <span class='ocr_line' id='line_1_96' title="bbox 343 4597 1926 4677; baseline -0.004 -15"><span class='ocrx_word' id='word_1_770' title='bbox 343 4627 462 4673; x_wconf 87' lang='grc' dir='ltr'><strong>ται,</strong></span> <span class='ocrx_word' id='word_1_771' title='bbox 504 4597 550 4674; x_wconf 78' lang='grc' dir='ltr'><strong>ᾧ</strong></span> <span class='ocrx_word' id='word_1_772' title='bbox 583 4607 644 4663; x_wconf 82' lang='grc' dir='ltr'>τὸ</span> <span class='ocrx_word' id='word_1_773' title='bbox 664 4607 804 4677; x_wconf 77' lang='grc' dir='ltr'>ἔχειν</span> <span class='ocrx_word' id='word_1_774' title='bbox 834 4606 1094 4677; x_wconf 79' lang='grc' dir='ltr'><strong>ἑτέρωθεν</strong></span> <span class='ocrx_word' id='word_1_775' title='bbox 1118 4605 1466 4677; x_wconf 81' lang='grc' dir='ltr'><strong>προσγίνεται</strong></span> <span class='ocrx_word' id='word_1_776' title='bbox 1487 4606 1586 4658; x_wconf 77' lang='grc' dir='ltr'>οὐκ</span> <span class='ocrx_word' id='word_1_777' title='bbox 1605 4607 1668 4658; x_wconf 80' lang='grc' dir='ltr'><strong>ὲκ</strong></span> <span class='ocrx_word' id='word_1_778' title='bbox 1690 4602 1926 4672; x_wconf 81' lang='grc' dir='ltr'><strong>φύσεως·</strong></span> 
     </span>
    </p>
   </div>
   <div class='ocr_carea' id='block_1_97' title="bbox 345 4694 1925 4769">
    <p class='ocr_par' dir='ltr' id='par_1_97' title="bbox 345 4694 1925 4769">
     <span class='ocr_line' id='line_1_97' title="bbox 345 4694 1925 4769; baseline -0.004 -16"><span class='ocrx_word' id='word_1_779' title='bbox 345 4701 487 4754; x_wconf 81' lang='grc' dir='ltr'>ὅπου</span> <span class='ocrx_word' id='word_1_780' title='bbox 525 4701 580 4753; x_wconf 79' lang='grc' dir='ltr'><strong>δὲ</strong></span> <span class='ocrx_word' id='word_1_781' title='bbox 622 4701 720 4769; x_wconf 82' lang='grc' dir='ltr'><strong>μία</strong></span> <span class='ocrx_word' id='word_1_782' title='bbox 749 4698 840 4750; x_wconf 58' lang='grc' dir='ltr'><strong>καὶ</strong></span> <span class='ocrx_word' id='word_1_783' title='bbox 889 4700 922 4767; x_wconf 82' lang='grc' dir='ltr'><strong>ἡ</strong></span> <span class='ocrx_word' id='word_1_784' title='bbox 962 4697 1098 4768; x_wconf 75' lang='grc' dir='ltr'><strong>αὑτὴ</strong></span> <span class='ocrx_word' id='word_1_785' title='bbox 1128 4695 1604 4766; x_wconf 75' lang='grc' dir='ltr'><strong>καταλαμϐάνεται</strong></span> <span class='ocrx_word' id='word_1_786' title='bbox 1647 4694 1825 4763; x_wconf 78' lang='grc' dir='ltr'><strong>φύσις,</strong></span> <span class='ocrx_word' id='word_1_787' title='bbox 1865 4694 1925 4746; x_wconf 78' lang='grc' dir='ltr'>οὐ</span> 
     </span>
    </p>
   </div>
   <div class='ocr_carea' id='block_1_98' title="bbox 346 4786 1927 4865">
    <p class='ocr_par' dir='ltr' id='par_1_98' title="bbox 346 4786 1927 4865">
     <span class='ocr_line' id='line_1_98' title="bbox 346 4786 1927 4865; baseline -0.003 -20"><span class='ocrx_word' id='word_1_788' title='bbox 346 4793 545 4865; x_wconf 75' lang='grc' dir='ltr'><strong>χρῄζει</strong></span> <span class='ocrx_word' id='word_1_789' title='bbox 573 4792 666 4844; x_wconf 72' lang='grc' dir='ltr'><strong>τοῦ</strong></span> <span class='ocrx_word' id='word_1_790' title='bbox 696 4790 814 4845; x_wconf 78' lang='grc' dir='ltr'><strong>καθ’</strong></span> <span class='ocrx_word' id='word_1_791' title='bbox 848 4791 1076 4844; x_wconf 71' lang='grc' dir='ltr'><strong>ἕκαστον</strong></span> <span class='ocrx_word' id='word_1_792' title='bbox 1112 4790 1475 4860; x_wconf 72' lang='grc' dir='ltr'><strong>μεταδιδόντος</strong></span> <span class='ocrx_word' id='word_1_793' title='bbox 1515 4791 1544 4841; x_wconf 87' lang='lat'><strong>6</strong></span> <span class='ocrx_word' id='word_1_794' title='bbox 1584 4790 1760 4841; x_wconf 81' lang='grc' dir='ltr'><strong>ἐκεῖνο</strong></span> <span class='ocrx_word' id='word_1_795' title='bbox 1790 4786 1927 4840; x_wconf 76' lang='grc' dir='ltr'><strong>κατὰ</strong></span> 
     </span>
    </p>
   </div>
   <div class='ocr_carea' id='block_1_99' title="bbox 343 4876 1930 4955">
    <p class='ocr_par' dir='ltr' id='par_1_99' title="bbox 343 4876 1930 4955">
     <span class='ocr_line' id='line_1_99' title="bbox 343 4876 1930 4955; baseline -0.006 -17"><span class='ocrx_word' id='word_1_796' title='bbox 343 4886 453 4955; x_wconf 82' lang='grc' dir='ltr'><strong>τὴν</strong></span> <span class='ocrx_word' id='word_1_797' title='bbox 482 4885 641 4952; x_wconf 76' lang='grc' dir='ltr'><strong>φύσιν</strong></span> <span class='ocrx_word' id='word_1_798' title='bbox 667 4883 760 4947; x_wconf 80' lang='grc' dir='ltr'><strong>ὢν,</strong></span> <span class='ocrx_word' id='word_1_799' title='bbox 783 4884 919 4952; x_wconf 82' lang='grc' dir='ltr'><strong>ὅπερ</strong></span> <span class='ocrx_word' id='word_1_800' title='bbox 944 4884 974 4933; x_wconf 89' lang='lat'><strong>6</strong></span> <span class='ocrx_word' id='word_1_801' title='bbox 1005 4882 1188 4952; x_wconf 85' lang='grc' dir='ltr'><strong>Πατὴρ</strong></span> <span class='ocrx_word' id='word_1_802' title='bbox 1222 4876 1360 4934; x_wconf 76' lang='grc' dir='ltr'><strong>εἶναι</strong></span> <span class='ocrx_word' id='word_1_803' title='bbox 1389 4880 1760 4933; x_wconf 80' lang='grc' dir='ltr'><strong>πεπίστευται’</strong></span> <span class='ocrx_word' id='word_1_804' title='bbox 1795 4878 1930 4948; x_wconf 79' lang='grc' dir='ltr'>μᾶ).-</span> 
     </span>
    </p>
   </div>
   <div class='ocr_carea' id='block_1_100' title="bbox 345 4973 1928 5046">
    <p class='ocr_par' dir='ltr' id='par_1_100' title="bbox 345 4973 1928 5046">
     <span class='ocr_line' id='line_1_100' title="bbox 345 4973 1928 5046; baseline -0.005 -17"><span class='ocrx_word' id='word_1_805' title='bbox 345 4977 448 5029; x_wconf 76' lang='grc' dir='ltr'>λον</span> <span class='ocrx_word' id='word_1_806' title='bbox 477 4976 531 5027; x_wconf 77' lang='grc' dir='ltr'><strong>δὲ</strong></span> <span class='ocrx_word' id='word_1_807' title='bbox 561 4974 900 5046; x_wconf 80' lang='grc' dir='ltr'><strong>τρανὼτερόν</strong></span> <span class='ocrx_word' id='word_1_808' title='bbox 946 4991 1003 5026; x_wconf 86' lang='grc' dir='ltr'><strong>τε</strong></span> <span class='ocrx_word' id='word_1_809' title='bbox 1045 4977 1136 5026; x_wconf 79' lang='grc' dir='ltr'><strong>καὶ</strong></span> <span class='ocrx_word' id='word_1_810' title='bbox 1165 4973 1542 5046; x_wconf 80' lang='grc' dir='ltr'><strong>φανερώτερον</strong></span> <span class='ocrx_word' id='word_1_811' title='bbox 1558 4973 1928 5040; x_wconf 70' lang='grc' dir='ltr'><strong>εἰπείννἜχει</strong></span> 
     </span>
    </p>
   </div>
   <div class='ocr_carea' id='block_1_101' title="bbox 347 5060 1930 5138">
    <p class='ocr_par' dir='ltr' id='par_1_101' title="bbox 347 5060 1930 5138">
     <span class='ocr_line' id='line_1_101' title="bbox 347 5060 1930 5138; baseline -0.005 -17"><span class='ocrx_word' id='word_1_812' title='bbox 347 5066 557 5129; x_wconf 82' lang='grc' dir='ltr'><strong>καλῶς.</strong></span> <span class='ocrx_word' id='word_1_813' title='bbox 590 5067 654 5119; x_wconf 87' lang='grc' dir='ltr'><strong>Τί</strong></span> <span class='ocrx_word' id='word_1_814' title='bbox 689 5067 878 5138; x_wconf 78' lang='grc' dir='ltr'><strong>χρῄζει</strong></span> <span class='ocrx_word' id='word_1_815' title='bbox 908 5066 1004 5136; x_wconf 83' lang='grc' dir='ltr'><strong>τῆς</strong></span> <span class='ocrx_word' id='word_1_816' title='bbox 1034 5065 1129 5119; x_wconf 82' lang='grc' dir='ltr'><strong>τοῦ</strong></span> <span class='ocrx_word' id='word_1_817' title='bbox 1165 5064 1373 5132; x_wconf 78' lang='grc' dir='ltr'><strong>[ἰατρὸς</strong></span> <span class='ocrx_word' id='word_1_818' title='bbox 1404 5061 1558 5131; x_wconf 75' lang='grc' dir='ltr'><strong>δόξης</strong></span> <span class='ocrx_word' id='word_1_819' title='bbox 1587 5063 1614 5112; x_wconf 88' lang='lat'><strong>6</strong></span> <span class='ocrx_word' id='word_1_820' title='bbox 1643 5061 1761 5113; x_wconf 78' lang='grc' dir='ltr'>ὅλον</span> <span class='ocrx_word' id='word_1_821' title='bbox 1793 5060 1930 5131; x_wconf 81' lang='grc' dir='ltr'>ἔχων</span> 
     </span>
    </p>
   </div>
   <div class='ocr_carea' id='block_1_102' title="bbox 346 5151 1930 5228">
    <p class='ocr_par' dir='ltr' id='par_1_102' title="bbox 346 5151 1930 5228">
     <span class='ocr_line' id='line_1_102' title="bbox 346 5151 1930 5228; baseline -0.004 -18"><span class='ocrx_word' id='word_1_822' title='bbox 346 5160 416 5210; x_wconf 79' lang='grc' dir='ltr'><strong>ὲν</strong></span> <span class='ocrx_word' id='word_1_823' title='bbox 444 5157 618 5228; x_wconf 80' lang='grc' dir='ltr'><strong>ἐαυτῷ</strong></span> <span class='ocrx_word' id='word_1_824' title='bbox 650 5158 742 5210; x_wconf 77' lang='grc' dir='ltr'><strong>τὸν</strong></span> <span class='ocrx_word' id='word_1_825' title='bbox 791 5159 1047 5227; x_wconf 81' lang='grc' dir='ltr'><strong>Πατέρα,</strong></span> <span class='ocrx_word' id='word_1_826' title='bbox 1105 5155 1316 5216; x_wconf 67' lang='grc' dir='ltr'><strong>οὐδενὸς</strong></span> <span class='ocrx_word' id='word_1_827' title='bbox 1368 5153 1476 5204; x_wconf 77' lang='grc' dir='ltr'><strong>τῶν</strong></span> <span class='ocrx_word' id='word_1_828' title='bbox 1524 5154 1580 5204; x_wconf 81' lang='grc' dir='ltr'><strong>ὲν</strong></span> <span class='ocrx_word' id='word_1_829' title='bbox 1635 5151 1712 5221; x_wconf 78' lang='grc' dir='ltr'><strong>τῷ</strong></span> <span class='ocrx_word' id='word_1_830' title='bbox 1756 5152 1930 5222; x_wconf 84' lang='grc' dir='ltr'><strong>Πατρί</strong></span> 
     </span>
    </p>
   </div>
   <div class='ocr_carea' id='block_1_103' title="bbox 346 5242 1925 5322">
    <p class='ocr_par' dir='ltr' id='par_1_103' title="bbox 346 5242 1925 5322">
     <span class='ocr_line' id='line_1_103' title="bbox 346 5242 1925 5322; baseline -0.004 -18"><span class='ocrx_word' id='word_1_831' title='bbox 346 5251 740 5320; x_wconf 80' lang='grc' dir='ltr'><strong>θεωρουμένων</strong></span> <span class='ocrx_word' id='word_1_832' title='bbox 774 5250 1160 5322; x_wconf 71' lang='grc' dir='ltr'><strong>ὑερηρημένου;</strong></span> <span class='ocrx_word' id='word_1_833' title='bbox 1197 5249 1279 5310; x_wconf 89' lang='grc' dir='ltr'><strong>τίς</strong></span> <span class='ocrx_word' id='word_1_834' title='bbox 1319 5247 1376 5300; x_wconf 82' lang='grc' dir='ltr'><strong>δὲ</strong></span> <span class='ocrx_word' id='word_1_835' title='bbox 1411 5245 1502 5298; x_wconf 68' lang='grc' dir='ltr'><strong>καὶ</strong></span> <span class='ocrx_word' id='word_1_836' title='bbox 1536 5249 1567 5314; x_wconf 79' lang='grc' dir='ltr'>ἡ</span> <span class='ocrx_word' id='word_1_837' title='bbox 1603 5242 1696 5297; x_wconf 80' lang='grc' dir='ltr'><strong>τοῦ</strong></span> <span class='ocrx_word' id='word_1_838' title='bbox 1725 5244 1925 5297; x_wconf 79' lang='grc' dir='ltr'><strong>Παντο-</strong></span> 
     </span>
    </p>
   </div>
   <div class='ocr_carea' id='block_1_104' title="bbox 345 5337 1931 5414">
    <p class='ocr_par' dir='ltr' id='par_1_104' title="bbox 345 5337 1931 5414">
     <span class='ocr_line' id='line_1_104' title="bbox 345 5337 1931 5414; baseline -0.006 -19"><span class='ocrx_word' id='word_1_839' title='bbox 345 5342 620 5413; x_wconf 79' lang='grc' dir='ltr'><strong>κρὰτορος</strong></span> <span class='ocrx_word' id='word_1_840' title='bbox 662 5341 807 5406; x_wconf 80' lang='grc' dir='ltr'><strong>ἀξία,</strong></span> <span class='ocrx_word' id='word_1_841' title='bbox 864 5339 928 5414; x_wconf 79' lang='grc' dir='ltr'><strong>ἧς</strong></span> <span class='ocrx_word' id='word_1_842' title='bbox 979 5342 1240 5412; x_wconf 67' lang='grc' dir='ltr'><strong>ἀμέτοχον</strong></span> <span class='ocrx_word' id='word_1_843' title='bbox 1291 5343 1318 5392; x_wconf 84' lang='lat'><strong>6</strong></span> <span class='ocrx_word' id='word_1_844' title='bbox 1369 5337 1627 5406; x_wconf 76' lang='grc' dir='ltr'><strong>Εὑνὸμιος</strong></span> <span class='ocrx_word' id='word_1_845' title='bbox 1677 5337 1765 5388; x_wconf 82' lang='grc' dir='ltr'><strong>τὸν</strong></span> <span class='ocrx_word' id='word_1_846' title='bbox 1805 5337 1931 5388; x_wconf 62' lang='lat' dir='ltr'><strong>rm</strong></span> 
     </span>
    </p>
   </div>
   <div class='ocr_carea' id='block_1_105' title="bbox 343 5429 1930 5503">
    <p class='ocr_par' dir='ltr' id='par_1_105' title="bbox 343 5429 1930 5503">
     <span class='ocr_line' id='line_1_105' title="bbox 343 5429 1930 5503; baseline -0.004 -17"><span class='ocrx_word' id='word_1_847' title='bbox 343 5433 746 5502; x_wconf 52' lang='grc' dir='ltr'><strong>ἀποφαίνεταη</strong></span> <span class='ocrx_word' id='word_1_848' title='bbox 789 5434 1097 5500; x_wconf 68' lang='grc' dir='ltr'><strong>λεγέτωσαν</strong></span> <span class='ocrx_word' id='word_1_849' title='bbox 1133 5435 1227 5503; x_wconf 73' lang='grc' dir='ltr'><strong>μὲν</strong></span> <span class='ocrx_word' id='word_1_850' title='bbox 1256 5429 1343 5484; x_wconf 77' lang='grc' dir='ltr'><strong>οὖν</strong></span> <span class='ocrx_word' id='word_1_851' title='bbox 1375 5432 1421 5482; x_wconf 84' lang='grc' dir='ltr'>οἱ</span> <span class='ocrx_word' id='word_1_852' title='bbox 1455 5430 1604 5497; x_wconf 52' lang='lat' dir='ltr'><strong>cogo‘.</strong></span> <span class='ocrx_word' id='word_1_853' title='bbox 1651 5431 1773 5499; x_wconf 78' lang='grc' dir='ltr'><strong>παρ’</strong></span> <span class='ocrx_word' id='word_1_854' title='bbox 1806 5430 1930 5481; x_wconf 77' lang='grc' dir='ltr'><strong>ἐαυ-</strong></span> 
     </span>
    </p>
   </div>
   <div class='ocr_carea' id='block_1_106' title="bbox 1204 5644 1712 5706">
    <p class='ocr_par' dir='ltr' id='par_1_106' title="bbox 1204 5644 1712 5706">
     <span class='ocr_line' id='line_1_106' title="bbox 1204 5644 1712 5706; baseline -0.006 -6"><span class='ocrx_word' id='word_1_855' title='bbox 1204 5647 1247 5679; x_wconf 73' lang='grc'><strong>⁸⁹</strong></span> <span class='ocrx_word' id='word_1_856' title='bbox 1293 5647 1450 5700; x_wconf 78' lang='lat' dir='ltr'><strong>Joan.</strong></span> <span class='ocrx_word' id='word_1_857' title='bbox 1532 5664 1582 5706; x_wconf 74' lang='grc' dir='ltr'><strong>ν,</strong></span> <span class='ocrx_word' id='word_1_858' title='bbox 1626 5644 1712 5699; x_wconf 71' lang='grc' dir='ltr'><strong>Η.</strong></span> 
     </span>
    </p>
   </div>
   <div class='ocr_carea' id='block_1_107' title="bbox 1427 5715 1887 5783">
    <p class='ocr_par' dir='ltr' id='par_1_107' title="bbox 1427 5715 1887 5783">
     <span class='ocr_line' id='line_1_107' title="bbox 1427 5715 1887 5783; baseline -0.007 -10"><span class='ocrx_word' id='word_1_859' title='bbox 1427 5719 1471 5748; x_wconf 74' lang='grc'><strong><em>⁵⁵</em></strong></span> <span class='ocrx_word' id='word_1_860' title='bbox 1511 5715 1644 5773; x_wconf 82' lang='lat' dir='ltr'><strong>Joel.</strong></span> <span class='ocrx_word' id='word_1_861' title='bbox 1692 5731 1751 5783; x_wconf 85' lang='lat' dir='ltr'><strong>ll,</strong></span> <span class='ocrx_word' id='word_1_862' title='bbox 1796 5716 1887 5772; x_wconf 70' lang='lat'><strong>28.</strong></span> 
     </span>
    </p>
   </div>
   <div class='ocr_carea' id='block_1_108' title="bbox 439 5639 1106 5708">
    <p class='ocr_par' dir='ltr' id='par_1_108' title="bbox 439 5639 1106 5708">
     <span class='ocr_line' id='line_1_108' title="bbox 439 5639 1106 5708; baseline -0.001 -8"><span class='ocrx_word' id='word_1_863' title='bbox 439 5639 684 5702; x_wconf 62' lang='lat' dir='ltr'><strong>&quot;Eiod.</strong></span> <span class='ocrx_word' id='word_1_864' title='bbox 763 5662 946 5708; x_wconf 78' lang='lat' dir='ltr'><strong>xxxw.</strong></span> <span class='ocrx_word' id='word_1_865' title='bbox 1020 5649 1106 5701; x_wconf 76' lang='lat'><strong>&#39;55.</strong></span> 
     </span>
    </p>
   </div>
   <div class='ocr_carea' id='block_1_109' title="bbox 361 5713 1350 5780">
    <p class='ocr_par' dir='ltr' id='par_1_109' title="bbox 361 5713 1350 5780">
     <span class='ocr_line' id='line_1_109' title="bbox 361 5713 1350 5780; baseline 0.003 -13"><span class='ocrx_word' id='word_1_866' title='bbox 361 5713 418 5745; x_wconf 81' lang='grc'><strong>⁸³</strong></span> <span class='ocrx_word' id='word_1_867' title='bbox 452 5715 608 5771; x_wconf 80' lang='lat' dir='ltr'><strong>Hebr.</strong></span> <span class='ocrx_word' id='word_1_868' title='bbox 660 5735 698 5780; x_wconf 83' lang='grc' dir='ltr'><strong>ι,</strong></span> <span class='ocrx_word' id='word_1_869' title='bbox 738 5716 830 5770; x_wconf 66' lang='lat'><strong>25.</strong></span> <span class='ocrx_word' id='word_1_870' title='bbox 907 5720 954 5748; x_wconf 76' lang='lat'><strong>”</strong></span> <span class='ocrx_word' id='word_1_871' title='bbox 990 5719 1109 5772; x_wconf 88' lang='lat' dir='ltr'><strong>Act.</strong></span> <span class='ocrx_word' id='word_1_872' title='bbox 1160 5733 1219 5777; x_wconf 84' lang='lat' dir='ltr'><strong>tt.</strong></span> <span class='ocrx_word' id='word_1_873' title='bbox 1265 5719 1350 5770; x_wconf 81' lang='lat' dir='ltr'><strong>t&#39;i.</strong></span> 
     </span>
    </p>
   </div>
   <div class='ocr_carea' id='block_1_110' title="bbox 695 5807 1343 5872">
    <p class='ocr_par' dir='ltr' id='par_1_110' title="bbox 695 5807 1343 5872">
     <span class='ocr_line' id='line_1_110' title="bbox 695 5807 1343 5872; baseline 0.008 -6"><span class='ocrx_word' id='word_1_874' title='bbox 695 5808 962 5867; x_wconf 74' lang='lat' dir='ltr'><strong>PATBOL.</strong></span> <span class='ocrx_word' id='word_1_875' title='bbox 1001 5807 1117 5868; x_wconf 81' lang='lat' dir='ltr'><strong>Gn.</strong></span> <span class='ocrx_word' id='word_1_876' title='bbox 1153 5809 1343 5872; x_wconf 73' lang='lat' dir='ltr'><strong>XLV.</strong></span> 
     </span>
    </p>
   </div>
   <div class='ocr_carea' id='block_1_111' title="bbox 1811 5643 2332 5706">
    <p class='ocr_par' dir='ltr' id='par_1_111' title="bbox 1811 5643 2332 5706">
     <span class='ocr_line' id='line_1_111' title="bbox 1811 5643 2332 5706; baseline -0.004 -8"><span class='ocrx_word' id='word_1_877' title='bbox 1811 5645 1859 5676; x_wconf 79' lang='grc'><strong>⁶⁰</strong></span> <span class='ocrx_word' id='word_1_878' title='bbox 1897 5644 2086 5698; x_wconf 82' lang='lat' dir='ltr'><strong>Matth.</strong></span> <span class='ocrx_word' id='word_1_879' title='bbox 2129 5661 2220 5706; x_wconf 84' lang='lat' dir='ltr'><strong>vn,</strong></span> <span class='ocrx_word' id='word_1_880' title='bbox 2281 5643 2332 5696; x_wconf 84' lang='lat'><strong>8.</strong></span> 
     </span>
    </p>
   </div>
   <div class='ocr_carea' id='block_1_112' title="bbox 1967 5711 2408 5784">
    <p class='ocr_par' dir='ltr' id='par_1_112' title="bbox 1967 5711 2408 5784">
     <span class='ocr_line' id='line_1_112' title="bbox 1967 5711 2408 5784; baseline -0.007 -15"><span class='ocrx_word' id='word_1_881' title='bbox 1967 5717 2016 5746; x_wconf 77' lang='lat'><strong>“</strong></span> <span class='ocrx_word' id='word_1_882' title='bbox 2049 5714 2206 5773; x_wconf 82' lang='lat' dir='ltr'><strong>Joan.</strong></span> <span class='ocrx_word' id='word_1_883' title='bbox 2246 5731 2288 5784; x_wconf 84' lang='grc' dir='ltr'><strong>ι,</strong></span> <span class='ocrx_word' id='word_1_884' title='bbox 2321 5711 2408 5767; x_wconf 81' lang='grc'><strong>18.</strong></span> 
     </span>
    </p>
   </div>
   <div class='ocr_carea' id='block_1_113' title="bbox 2035 4507 3616 4587">
    <p class='ocr_par' dir='ltr' id='par_1_113' title="bbox 2035 4507 3616 4587">
     <span class='ocr_line' id='line_1_113' title="bbox 2035 4507 3616 4587; baseline -0.01 -13"><span class='ocrx_word' id='word_1_885' title='bbox 2035 4508 2216 4575; x_wconf 84' lang='lat' dir='ltr'><strong>nolit?</strong></span> <span class='ocrx_word' id='word_1_886' title='bbox 2265 4517 2400 4572; x_wconf 88' lang='lat' dir='ltr'><strong>Nam</strong></span> <span class='ocrx_word' id='word_1_887' title='bbox 2437 4516 2658 4587; x_wconf 87' lang='lat' dir='ltr'><strong>proprie</strong></span> <span class='ocrx_word' id='word_1_888' title='bbox 2697 4511 3122 4568; x_wconf 88' lang='lat' dir='ltr'><strong>communicatio</strong></span> <span class='ocrx_word' id='word_1_889' title='bbox 3161 4510 3276 4564; x_wconf 84' lang='lat' dir='ltr'><strong>sive</strong></span> <span class='ocrx_word' id='word_1_890' title='bbox 3315 4507 3616 4578; x_wconf 88' lang='lat' dir='ltr'><strong>impertitio</strong></span> 
     </span>
    </p>
   </div>
   <div class='ocr_carea' id='block_1_114' title="bbox 2033 4598 3612 4677">
    <p class='ocr_par' dir='ltr' id='par_1_114' title="bbox 2033 4598 3612 4677">
     <span class='ocr_line' id='line_1_114' title="bbox 2033 4598 3612 4677; baseline -0.011 -11"><span class='ocrx_word' id='word_1_891' title='bbox 2033 4611 2236 4666; x_wconf 87' lang='lat' dir='ltr'><strong>dicitur</strong></span> <span class='ocrx_word' id='word_1_892' title='bbox 2265 4609 2332 4664; x_wconf 92' lang='lat' dir='ltr'><strong>de</strong></span> <span class='ocrx_word' id='word_1_893' title='bbox 2378 4623 2444 4663; x_wconf 89' lang='lat' dir='ltr'><strong>eo</strong></span> <span class='ocrx_word' id='word_1_894' title='bbox 2473 4607 2565 4677; x_wconf 94' lang='lat' dir='ltr'><strong>qui</strong></span> <span class='ocrx_word' id='word_1_895' title='bbox 2593 4621 2622 4660; x_wconf 82' lang='grc' dir='ltr'>ο</span> <span class='ocrx_word' id='word_1_896' title='bbox 2669 4605 2832 4659; x_wconf 92' lang='lat' dir='ltr'><strong>domo</strong></span> <span class='ocrx_word' id='word_1_897' title='bbox 2863 4602 3092 4673; x_wconf 82' lang='lat' dir='ltr'><strong>gloriam</strong></span> <span class='ocrx_word' id='word_1_898' title='bbox 3135 4615 3243 4653; x_wconf 90' lang='lat' dir='ltr'><strong>non</strong></span> <span class='ocrx_word' id='word_1_899' title='bbox 3284 4598 3477 4653; x_wconf 87' lang='lat' dir='ltr'><strong>habet:</strong></span> <span class='ocrx_word' id='word_1_900' title='bbox 3526 4598 3612 4666; x_wconf 78' lang='lat' dir='ltr'><strong>cui</strong></span> 
     </span>
    </p>
   </div>
   <div class='ocr_carea' id='block_1_115' title="bbox 2034 4687 3612 4758">
    <p class='ocr_par' dir='ltr' id='par_1_115' title="bbox 2034 4687 3612 4758">
     <span class='ocr_line' id='line_1_115' title="bbox 2034 4687 3612 4758; baseline -0.011 0"><span class='ocrx_word' id='word_1_901' title='bbox 2034 4703 2251 4758; x_wconf 66' lang='lat' dir='ltr'><strong>aiiuude</strong></span> <span class='ocrx_word' id='word_1_902' title='bbox 2289 4701 2488 4756; x_wconf 86' lang='lat' dir='ltr'><strong>habere</strong></span> <span class='ocrx_word' id='word_1_903' title='bbox 2536 4713 2640 4752; x_wconf 93' lang='lat' dir='ltr'><strong><em>non</em></strong></span> <span class='ocrx_word' id='word_1_904' title='bbox 2681 4711 2744 4751; x_wconf 78' lang='lat' dir='ltr'><strong>ex</strong></span> <span class='ocrx_word' id='word_1_905' title='bbox 2784 4703 2975 4750; x_wconf 88' lang='lat' dir='ltr'><strong>natura</strong></span> <span class='ocrx_word' id='word_1_906' title='bbox 3007 4691 3346 4747; x_wconf 89' lang='lat' dir='ltr'><strong>adnascitur.</strong></span> <span class='ocrx_word' id='word_1_907' title='bbox 3379 4688 3484 4744; x_wconf 87' lang='lat' dir='ltr'><strong>Sed</strong></span> <span class='ocrx_word' id='word_1_908' title='bbox 3522 4687 3612 4742; x_wconf 91' lang='lat' dir='ltr'><strong>ubi</strong></span> 
     </span>
    </p>
   </div>
   <div class='ocr_carea' id='block_1_116' title="bbox 2034 4779 3613 4861">
    <p class='ocr_par' dir='ltr' id='par_1_116' title="bbox 2034 4779 3613 4861">
     <span class='ocr_line' id='line_1_116' title="bbox 2034 4779 3613 4861; baseline -0.01 -13"><span class='ocrx_word' id='word_1_909' title='bbox 2034 4809 2142 4848; x_wconf 88' lang='lat' dir='ltr'><strong>una</strong></span> <span class='ocrx_word' id='word_1_910' title='bbox 2165 4792 2465 4861; x_wconf 89' lang='lat' dir='ltr'><strong>eademque</strong></span> <span class='ocrx_word' id='word_1_911' title='bbox 2489 4799 2682 4844; x_wconf 87' lang='lat' dir='ltr'><strong>natura</strong></span> <span class='ocrx_word' id='word_1_912' title='bbox 2711 4784 3216 4856; x_wconf 87' lang='lat' dir='ltr'><strong>comprehenditur,</strong></span> <span class='ocrx_word' id='word_1_913' title='bbox 3244 4798 3350 4836; x_wconf 92' lang='lat' dir='ltr'><strong>non</strong></span> <span class='ocrx_word' id='word_1_914' title='bbox 3387 4779 3613 4850; x_wconf 85' lang='lat' dir='ltr'><strong>indiget,</strong></span> 
     </span>
    </p>
   </div>
   <div class='ocr_carea' id='block_1_117' title="bbox 2031 4873 3614 4954">
    <p class='ocr_par' dir='ltr' id='par_1_117' title="bbox 2031 4873 3614 4954">
     <span class='ocr_line' id='line_1_117' title="bbox 2031 4873 3614 4954; baseline -0.01 -13"><span class='ocrx_word' id='word_1_915' title='bbox 2031 4893 2090 4941; x_wconf 89' lang='lat' dir='ltr'><strong>ut</strong></span> <span class='ocrx_word' id='word_1_916' title='bbox 2124 4884 2228 4940; x_wconf 86' lang='lat' dir='ltr'><strong>sibi</strong></span> <span class='ocrx_word' id='word_1_917' title='bbox 2268 4883 2547 4954; x_wconf 88' lang='lat' dir='ltr'><strong>sigillatim</strong></span> <span class='ocrx_word' id='word_1_918' title='bbox 2591 4878 2978 4942; x_wconf 88' lang='lat' dir='ltr'><strong>communicet,</strong></span> <span class='ocrx_word' id='word_1_919' title='bbox 3011 4875 3101 4945; x_wconf 90' lang='lat' dir='ltr'><strong>qui</strong></span> <span class='ocrx_word' id='word_1_920' title='bbox 3138 4873 3268 4928; x_wconf 92' lang='lat' dir='ltr'><strong>illud</strong></span> <span class='ocrx_word' id='word_1_921' title='bbox 3297 4881 3381 4928; x_wconf 89' lang='lat' dir='ltr'><strong>est</strong></span> <span class='ocrx_word' id='word_1_922' title='bbox 3415 4889 3614 4929; x_wconf 75' lang='lat' dir='ltr'><strong>secun-</strong></span> 
     </span>
    </p>
   </div>
   <div class='ocr_carea' id='block_1_118' title="bbox 2031 4961 3608 5041">
    <p class='ocr_par' dir='ltr' id='par_1_118' title="bbox 2031 4961 3608 5041">
     <span class='ocr_line' id='line_1_118' title="bbox 2031 4961 3608 5041; baseline -0.01 -11"><span class='ocrx_word' id='word_1_923' title='bbox 2031 4977 2158 5030; x_wconf 89' lang='lat' dir='ltr'><strong>dum</strong></span> <span class='ocrx_word' id='word_1_924' title='bbox 2209 4982 2482 5035; x_wconf 85' lang='lat' dir='ltr'><strong>naturam,</strong></span> <span class='ocrx_word' id='word_1_925' title='bbox 2528 4971 2674 5041; x_wconf 89' lang='lat' dir='ltr'><strong>quod</strong></span> <span class='ocrx_word' id='word_1_926' title='bbox 2723 4969 2942 5040; x_wconf 88' lang='lat' dir='ltr'><strong>quidem</strong></span> <span class='ocrx_word' id='word_1_927' title='bbox 2995 4967 3154 5023; x_wconf 84' lang='lat' dir='ltr'><strong>Pater</strong></span> <span class='ocrx_word' id='word_1_928' title='bbox 3191 4980 3312 5022; x_wconf 84' lang='lat' dir='ltr'><strong>esse</strong></span> <span class='ocrx_word' id='word_1_929' title='bbox 3347 4961 3608 5020; x_wconf 73' lang='lat' dir='ltr'><strong>creditur.</strong></span> 
     </span>
    </p>
   </div>
   <div class='ocr_carea' id='block_1_119' title="bbox 2032 5054 3612 5120">
    <p class='ocr_par' dir='ltr' id='par_1_119' title="bbox 2032 5054 3612 5120">
     <span class='ocr_line' id='line_1_119' title="bbox 2032 5054 3612 5120; baseline -0.01 -1"><span class='ocrx_word' id='word_1_930' title='bbox 2032 5068 2143 5120; x_wconf 91' lang='lat' dir='ltr'><strong>lmo</strong></span> <span class='ocrx_word' id='word_1_931' title='bbox 2195 5079 2322 5119; x_wconf 83' lang='lat' dir='ltr'><strong>vero</strong></span> <span class='ocrx_word' id='word_1_932' title='bbox 2369 5065 2574 5119; x_wconf 84' lang='lat' dir='ltr'><strong>certius</strong></span> <span class='ocrx_word' id='word_1_933' title='bbox 2621 5072 2674 5116; x_wconf 87' lang='lat' dir='ltr'><strong>et</strong></span> <span class='ocrx_word' id='word_1_934' title='bbox 2723 5060 3069 5116; x_wconf 83' lang='lat' dir='ltr'><strong>manifestius</strong></span> <span class='ocrx_word' id='word_1_935' title='bbox 3113 5054 3612 5114; x_wconf 68' lang='lat' dir='ltr'><strong>dicerezPrzeclare</strong></span> 
     </span>
    </p>
   </div>
   <div class='ocr_carea' id='block_1_120' title="bbox 2031 5149 3613 5224">
    <p class='ocr_par' dir='ltr' id='par_1_120' title="bbox 2031 5149 3613 5224">
     <span class='ocr_line' id='line_1_120' title="bbox 2031 5149 3613 5224; baseline -0.011 -12"><span class='ocrx_word' id='word_1_936' title='bbox 2031 5159 2211 5212; x_wconf 87' lang='lat' dir='ltr'><strong>habet.</strong></span> <span class='ocrx_word' id='word_1_937' title='bbox 2243 5155 2382 5223; x_wconf 81' lang='lat' dir='ltr'><strong>Quid</strong></span> <span class='ocrx_word' id='word_1_938' title='bbox 2417 5155 2592 5210; x_wconf 88' lang='lat' dir='ltr'><strong>Patris</strong></span> <span class='ocrx_word' id='word_1_939' title='bbox 2629 5154 2799 5224; x_wconf 86' lang='lat' dir='ltr'><strong>gloria</strong></span> <span class='ocrx_word' id='word_1_940' title='bbox 2840 5153 3064 5224; x_wconf 87' lang='lat' dir='ltr'><strong>indiget,</strong></span> <span class='ocrx_word' id='word_1_941' title='bbox 3103 5152 3194 5223; x_wconf 93' lang='lat' dir='ltr'><strong>qui</strong></span> <span class='ocrx_word' id='word_1_942' title='bbox 3236 5151 3290 5204; x_wconf 93' lang='lat' dir='ltr'><strong>in</strong></span> <span class='ocrx_word' id='word_1_943' title='bbox 3319 5149 3497 5214; x_wconf 86' lang='lat' dir='ltr'><strong>seipso</strong></span> <span class='ocrx_word' id='word_1_944' title='bbox 3525 5150 3613 5196; x_wconf 87' lang='lat' dir='ltr'><strong>to-</strong></span> 
     </span>
    </p>
   </div>
   <div class='ocr_carea' id='block_1_121' title="bbox 2037 5232 3611 5305">
    <p class='ocr_par' dir='ltr' id='par_1_121' title="bbox 2037 5232 3611 5305">
     <span class='ocr_line' id='line_1_121' title="bbox 2037 5232 3611 5305; baseline -0.01 -2"><span class='ocrx_word' id='word_1_945' title='bbox 2037 5260 2147 5303; x_wconf 86' lang='lat' dir='ltr'><strong>tum</strong></span> <span class='ocrx_word' id='word_1_946' title='bbox 2197 5248 2411 5304; x_wconf 85' lang='lat' dir='ltr'><strong>Patrem</strong></span> <span class='ocrx_word' id='word_1_947' title='bbox 2460 5248 2657 5302; x_wconf 84' lang='lat' dir='ltr'><strong>habet:</strong></span> <span class='ocrx_word' id='word_1_948' title='bbox 2711 5263 2832 5300; x_wconf 87' lang='lat' dir='ltr'><strong>cum</strong></span> <span class='ocrx_word' id='word_1_949' title='bbox 2867 5261 2896 5299; x_wconf 87' lang='lat' dir='ltr'><strong>a</strong></span> <span class='ocrx_word' id='word_1_950' title='bbox 2947 5245 3119 5299; x_wconf 92' lang='lat' dir='ltr'><strong>nihilo</strong></span> <span class='ocrx_word' id='word_1_951' title='bbox 3168 5253 3353 5294; x_wconf 88' lang='lat' dir='ltr'><strong>eorum</strong></span> <span class='ocrx_word' id='word_1_952' title='bbox 3397 5249 3517 5305; x_wconf 66' lang='lat' dir='ltr'><strong>quae</strong></span> <span class='ocrx_word' id='word_1_953' title='bbox 3556 5232 3611 5285; x_wconf 88' lang='lat' dir='ltr'><strong>in</strong></span> 
     </span>
    </p>
   </div>
   <div class='ocr_carea' id='block_1_122' title="bbox 2037 5323 3612 5410">
    <p class='ocr_par' dir='ltr' id='par_1_122' title="bbox 2037 5323 3612 5410">
     <span class='ocr_line' id='line_1_122' title="bbox 2037 5323 3612 5410; baseline -0.009 -20"><span class='ocrx_word' id='word_1_954' title='bbox 2037 5338 2198 5394; x_wconf 80' lang='lat' dir='ltr'><strong>Patre</strong></span> <span class='ocrx_word' id='word_1_955' title='bbox 2227 5339 2602 5410; x_wconf 83' lang='lat' dir='ltr'><strong>intelliguntur</strong></span> <span class='ocrx_word' id='word_1_956' title='bbox 2630 5338 2700 5392; x_wconf 88' lang='lat' dir='ltr'><strong>sit</strong></span> <span class='ocrx_word' id='word_1_957' title='bbox 2746 5337 2967 5391; x_wconf 85' lang='lat' dir='ltr'><strong>avulsus</strong></span> <span class='ocrx_word' id='word_1_958' title='bbox 3017 5342 3069 5388; x_wconf 83' lang='lat' dir='ltr'><strong>et</strong></span> <span class='ocrx_word' id='word_1_959' title='bbox 3095 5325 3416 5398; x_wconf 77' lang='lat' dir='ltr'><strong>separatus?</strong></span> <span class='ocrx_word' id='word_1_960' title='bbox 3454 5323 3612 5390; x_wconf 76' lang='lat' dir='ltr'><strong>Qua:-</strong></span> 
     </span>
    </p>
   </div>
   <div class='ocr_carea' id='block_1_123' title="bbox 2037 5425 3612 5501">
    <p class='ocr_par' dir='ltr' id='par_1_123' title="bbox 2037 5425 3612 5501">
     <span class='ocr_line' id='line_1_123' title="bbox 2037 5425 3612 5501; baseline -0.011 -17"><span class='ocrx_word' id='word_1_961' title='bbox 2037 5445 2160 5484; x_wconf 82' lang='lat' dir='ltr'><strong>natn</strong></span> <span class='ocrx_word' id='word_1_962' title='bbox 2194 5430 2600 5501; x_wconf 80' lang='lat' dir='ltr'><strong>Omnipotentis</strong></span> <span class='ocrx_word' id='word_1_963' title='bbox 2645 5430 2897 5498; x_wconf 83' lang='lat' dir='ltr'><strong>dignitas,</strong></span> <span class='ocrx_word' id='word_1_964' title='bbox 2950 5425 3107 5493; x_wconf 87' lang='lat' dir='ltr'><strong>cujus</strong></span> <span class='ocrx_word' id='word_1_965' title='bbox 3159 5426 3430 5473; x_wconf 74' lang='lat' dir='ltr'><strong>exsortem</strong></span> <span class='ocrx_word' id='word_1_966' title='bbox 3489 5430 3612 5469; x_wconf 74' lang='lat' dir='ltr'><strong>esse</strong></span> 
     </span>
    </p>
   </div>
   <div class='ocr_carea' id='block_1_124' title="bbox 2431 5625 3609 5708">
    <p class='ocr_par' dir='ltr' id='par_1_124' title="bbox 2431 5625 3609 5708">
     <span class='ocr_line' id='line_1_124' title="bbox 2431 5625 3609 5708; baseline -0.01 -13"><span class='ocrx_word' id='word_1_967' title='bbox 2431 5645 2471 5673; x_wconf 84' lang='lat'>“</span> <span class='ocrx_word' id='word_1_968' title='bbox 2526 5639 2822 5708; x_wconf 86' lang='lat' dir='ltr'><strong>Philipp.u,</strong></span> <span class='ocrx_word' id='word_1_969' title='bbox 2860 5633 2940 5687; x_wconf 86' lang='lat' dir='ltr'><strong>tl.</strong></span> <span class='ocrx_word' id='word_1_970' title='bbox 3044 5631 3086 5662; x_wconf 70' lang='grc' dir='ltr'><strong>δ’</strong></span> <span class='ocrx_word' id='word_1_971' title='bbox 3127 5627 3284 5683; x_wconf 83' lang='lat' dir='ltr'><strong>Joan.</strong></span> <span class='ocrx_word' id='word_1_972' title='bbox 3328 5644 3461 5695; x_wconf 79' lang='lat' dir='ltr'><strong>xvu,</strong></span> <span class='ocrx_word' id='word_1_973' title='bbox 3520 5625 3609 5683; x_wconf 72' lang='grc'><strong>10.</strong></span> 
     </span>
    </p>
   </div>
   <div class='ocr_carea' id='block_1_125' title="bbox 3195 5791 3271 5853">
    <p class='ocr_par' dir='ltr' id='par_1_125' title="bbox 3195 5791 3271 5853">
     <span class='ocr_line' id='line_1_125' title="bbox 3195 5791 3271 5853; baseline 0 0"><span class='ocrx_word' id='word_1_974' title='bbox 3195 5791 3271 5853; x_wconf 79' lang='grc'><strong>17</strong></span> 
     </span>
    </p>
   </div>
  </div>
