4068 6148
459 284 565 338 ὗὲὶῦ
1711 277 1764 328 S.
1801 269 2123 328 GliEGORII
2160 271 2454 326 NYSSENI
3588 256 3688 313 5‘2!

461 395 656 448 Filium
690 391 989 446 Eunomius
1018 391 1287 447 aﬂirmat?
1316 393 1419 460 Qui
1452 396 1615 465 igitur
1636 397 1779 464 apud
1805 394 2017 463 seipsus
2049 395 2094 451 Α

2208 410 2264 456 ς,
2313 393 2407 445 καὶ
2460 389 2686 444 ἐνώπιον
2739 389 2914 445 αὐτῶν
2967 386 3358 454 ἐπιστήμονες,
3417 376 3483 431 τὰ
3534 377 3699 446 γήϊνα

461 491 590 536 sunt
627 485 922 553 sapientes,
955 493 1008 539 et
1035 500 1218 540 coram
1260 488 1456 556 seipsis
1482 488 1737 551 scientes,
1770 484 2056 542 terrestria

2201 501 2401 556 [ματα⁸
2441 484 2512 547 οί,
2549 481 2730 546 καθώς
2762 499 2926 553 φησιν
2955 481 2984 532 6
3018 477 3328 549 Προφήτης,
3362 473 3425 525 ἐκ
3448 469 3552 539 γῆς
3588 485 3695 535 φω-

469 576 742 643 proferant
791 575 1084 646 dogmata:
1140 579 1254 648 qui.
1303 582 1446 635 sicut
1494 580 1573 634 ait
1625 581 1912 650 propheta,
1963 597 2025 635 ex

2201 578 2362 639 ὄντες.
2406 576 2557 630 Ὅσοι
2599 574 2655 627 δὲ
2689 570 3098 644 προσκυνοῦμεν
3129 567 3220 619 τὸν
3239 561 3434 631 Λόγον,
3472 559 3566 612 καὶ

466 677 606 720 terra
653 682 838 721 vocem
869 669 1058 723 edunt.
1109 669 1218 725 Nos
1262 687 1389 726 vero
1430 674 1523 741 qui
1552 649 1787 725 Verbum
1836 672 2027 724 adora-

2201 667 2386 737 ηθείας
2427 666 2592 737 ἐσμὲν
2621 665 2890 737 μαθηταὶ,
2929 661 3125 732 μᾶλλον
3157 658 3212 710 δὲ
3247 651 3383 708 εἶναι
3412 649 3699 722 εὐχόμεθα,

468 775 608 818 tnzts,
646 767 699 813 et
734 762 979 817 veritatis
1021 777 1214 818 sumus
1251 763 1528 830 discipuli,
1589 763 1696 815 imo
1748 777 1874 815 vero
1907 775 2028 814 esse

2201 760 2272 830 βέ
2313 758 2514 829 ταύτην
2549 757 2996 828 παραδράμωμεν
3027 749 3126 822 τὴν
3159 747 3339 830 φωνὴν
3375 742 3702 812 ἀθεώρητον·

468 851 800 916 gloriamur;
843 868 1017 922 neque
1068 853 1206 907 hanc
1263 867 1448 906 vocem
1485 867 1592 906 non
1631 850 1924 922 perfectam
1981 855 2036 903 et

2201 849 2355 918 Ξαμεν
2375 849 2482 918 γὰρ
2505 848 2586 899 ὅτι
2602 845 2816 898 πάντων
2838 843 2944 894 τῶν
2971 825 3267 908 ὀνομάτων,
3291 835 3357 888 δι’
3380 827 3454 886 ὧν
3476 832 3535 884 τὸ
3557 831 3709 882 Θεῖον

468 942 858 1009 inexploratam
914 954 1297 1012 prmlereamus
1349 966 1362 996 :
1419 944 1624 998 scimus
1684 943 1826 997 enim
1890 939 2035 1009 quod

2201 939 2550 1008 ’.σημαίνεται
2570 977 2584 1000 ,
2617 936 2738 988 τινὰ
2774 934 2872 1004 μὲν
2901 928 3200 985 ἐνδεικτικέι
3227 927 3328 996 τῆς
3354 924 3504 984 Θείας
3542 937 3709 990 μεγαι

469 1032 712 1086 omnium
772 1035 1052 1089 nominum
1121 1037 1321 1106 quibus
1376 1035 1584 1089 Numen
1655 1031 2035 1103 signiﬁcatur,

2201 1028 2386 1097 ισύνης
2434 1029 2598 1089 ἐστὶν,
2637 1024 2773 1078 αὐτὰ
2814 1025 2899 1092 ἐφ’
2930 1018 3139 1073 ἑαυτῶν
3189 1013 3458 1084 λεγόμενά
3515 1029 3572 1064 τε
3621 1011 3718 1064 καὶ

471 1123 717 1192 quedam
787 1133 933 1179 certe
1002 1099 1152 1179 sunt'
1205 1125 1399 1179 divina:
1451 1099 1752 1192 majestatis
1816 1120 2040 1174 demon-

2205 1119 2432 1188 ούμενα·
2468 1118 2587 1170 τινὰ
2617 1117 2666 1169 δὲ
2694 1118 2810 1178 ταῖς
2842 1113 2980 1182 ὑπὲρ
3013 1112 3159 1182 ἡμᾶς
3191 1125 3248 1160 τε
3283 1107 3375 1159 καὶ
3411 1105 3588 1156 πᾶσαν
3618 1099 3718 1169 τὴν

473 1189 741 1280 strativa,
801 1232 921 1288 qua:
982 1218 1095 1287 ipsa
1172 1217 1224 1269 in
1299 1189 1606 1285 semetipsis
1676 1213 1933 1267 dicuntur
1991 1219 2044 1264 et

2201 1211 2321 1262 τίσιν
2360 1208 2659 1278 ἐνεργείαις
2697 1203 3108 1273 ἐπονομάζεται.
3153 1200 3322 1251 Ὅταν
3366 1194 3465 1265 μὲν
3495 1191 3602 1262 γὰρ
3631 1189 3723 1242 λέ-

475 1304 892 1374 intelliguntur:
947 1308 1191 1375 quaedam
1247 1321 1374 1360 vero
1411 1321 1472 1359 ex
1508 1306 1590 1357 his
1637 1301 2044 1373 operationibus

2201 1321 2232 1355 :t
2283 1303 2309 1353 6
2359 1301 2496 1362 θεῖος
2539 1298 2889 1359 Ἀπόστολος,
2942 1292 3237 1362 ἀφθάρτῳ,
3284 1280 3724 1375 ἀοράτῳαμόνῳ

479 1414 601 1466 quae
635 1405 854 1467 propter
896 1415 993 1453 nos
1022 1406 1075 1452 et
1103 1413 1315 1451 omnem
1343 1405 1645 1450 creaturam
1681 1396 1840 1458 ﬁunt,
1878 1392 2046 1446 deno-

2201 1391 2298 1462 ιςρῷ
2343 1389 2481 1460 Θεῷ,
2533 1388 2624 1442 καί⁸
2667 1386 2735 1439 τὰ
2781 1381 3026 1448 τοιαῦτα,
3078 1379 3145 1434 τὰ
3191 1372 3571 1446 παραστατικὰ
3623 1369 3727 1438 τῆς

479 1463 778 1544 minantur.
803 1488 937 1544 Cum
966 1489 1114 1544 enim
1148 1487 1281 1544 dicit
1331 1488 1554 1542 divinus
1611 1485 1928 1554 Apostolus,
1963 1481 2049 1535 in-

2201 1480 2548 1552 ιτερκειμένης
2585 1478 2864 1548 δυνάμεως
2894 1476 3138 1544 νοήματα
3170 1468 3259 1522 διὰ
3300 1467 3408 1519 τῶν
3446 1463 3732 1554 ὀνομάτων

480 1580 854 1649 corruptibili,
878 1580 1162 1645 invisibili,
1193 1580 1293 1634 soli
1335 1577 1566 1647 sapienti
1601 1552 1709 1629 Deo
1738 1575 1804 1636 ",
1839 1581 1891 1628 et
1932 1586 2051 1641 quae

2201 1576 2354 1628 ιύτων
2414 1572 2763 1625 ἐνδείκνυται.
2815 1570 2982 1620 Ὅταν
3051 1565 3106 1617 δέ
3156 1561 3371 1629 λέγεται
3422 1556 3570 1624 παρᾶ
3617 1552 3733 1606 τῶν

479 1670 788 1739 ejusmodi:
850 1687 945 1740 per
975 1672 1085 1726 haec
1121 1669 1341 1724 nomina
1400 1668 1651 1722 notiones
1689 1680 1810 1735 quae
1871 1677 2053 1732 super-
2087 1726 2099 1740 '

2201 1665 2408 1738 Ραφῶνο
2442 1661 2740 1733 οἰκτίρμων
2798 1658 2891 1710 καὶ
2933 1655 3199 1724 ἐλεήμων,
3240 1647 3522 1708 πολυέλεος
3545 1683 3558 1706 ,
3594 1641 3732 1711 ἀλη-

475 1760 808 1814 eminentem
845 1761 1142 1830 potentiam
1197 1766 1615 1830 repraesentant,
1669 1753 2050 1812 ostenduntur.
2086 1726 2099 1780 1

2201 1726 2321 1819 ἰνδέ,
2352 1726 2602 1825 Χριστὸς,
2627 1726 2857 1819 Κύριος,
2898 1744 3100 1816 ἰατρὸς,
3127 1740 3350 1811 ποιμὴν,
3384 1736 3522 1797 ὁδὸς,
3549 1733 3734 1830 ἄρτος,

484 1852 618 1906 Cum
678 1861 857 1908 autem
922 1853 976 1907 in
1030 1852 1330 1924 Scripturis
1371 1852 1705 1914 misericors,
1749 1850 2056 1911 miserator,

2201 1850 2330 1919 ηγὴ,
2359 1845 2628 1918 βασιλεὺς,
2654 1840 2897 1909 κτίστης,
2928 1832 3276 1908 δημιουργὸς,
3302 1824 3739 1899 ὑπερασπιστὴς,

486 1948 716 2001 multum
748 1947 1088 2009 misericors,
1117 1961 1302 2008 verax,
1335 1944 1611 2009 Christus,
1647 1941 1927 2003 Dominus,
1955 1953 2063 1993 me-

2213 1943 2305 1995 ὲπὶ
2335 1939 2550 1993 πάντων
2579 1935 2673 1988 καὶ
2711 1932 2798 1986 διὰ
2829 1932 3064 1992 πάντων,
3099 1927 3126 1979 6
3165 1927 3221 1978 ἐν
3249 1925 3380 1976 πᾶσι
3414 1920 3481 1973 τὰ
3523 1917 3706 1970 πάντα
3725 1929 3736 1940 ·

487 2036 662 2100 (licus,
686 2044 902 2107 pastor,
937 2037 1043 2095 via,
1067 2037 1251 2105 panis,
1299 2034 1443 2097 fons,
1503 2049 1620 2096 rex,
1662 2039 1896 2094 creator,
1930 2043 2062 2083 con-

2201 2034 2331 2087 αῦτα
2370 2033 2464 2086 καὶ
2500 2029 2568 2084 τὰ
2611 2024 2830 2081 τοιαῦτα
2874 2020 2981 2074 τῶν
3023 2020 3079 2072 ἐν
3125 2018 3192 2088 τῇ
3232 2014 3408 2068 κτίσει
3452 2007 3604 2080 παρὰ
3644 2006 3742 2074 τῆς

489 2129 654 2190 ditor,
683 2136 984 2198 protector,
1021 2099 1417 2197 propugnator,
1449 2125 1540 2195 qui
1573 2132 1657 2179 cst
1701 2123 1755 2176 in
1783 2121 2060 2184 omnibus,

2201 2126 2309 2189 είας
2345 2119 2751 2193 φιλανθρωπίας
2792 2110 3197 2184 ἐνεργουμένων
3231 2102 3601 2198 περιέχει
3645 2099 3746 2169 ἐμ·-

485 2228 544 2275 et
597 2234 692 2288 per
723 2219 928 2279 onrnia,
964 2218 1057 2287 qui
1086 2218 1139 2271 in
1173 2217 1426 2272 omnibus
1457 2215 1662 2281 omnia,
1703 2214 1817 2268 hrec
1840 2221 1895 2268 et
1921 2213 2064 2281 ejus-

2208 2236 2349 2271 ασιν.
2369 2216 2440 2268 Τὸ
2468 2215 2645 2268 τοίνυν
2675 2210 2768 2264 τοῦ
2796 2203 3228 2274 παντοκράτορος
3252 2199 3421 2268 δνομα
3443 2196 3552 2256 τοῖς
3579 2194 3743 2262 ἀκρι-

493 2310 639 2365 modi
668 2325 855 2364 eorum
892 2325 1012 2379 qua:
1037 2311 1091 2363 in
1119 2317 1368 2363 creatura
1397 2322 1425 2360 a
1458 2307 1642 2360 divina
1674 2306 1728 2359 in
1763 2321 1936 2375 genus
1964 2305 2066 2358 hu-

2203 2313 2276 2375 ὦς
2304 2310 2642 2376 ἐξετάζουσιν
2671 2303 2998 2376 εὑρίσκεται,
3038 2300 3110 2372 μὴ
3145 2296 3270 2350 ἄλλο
3296 2311 3346 2346 τι
3371 2291 3628 2361 σημαῖνον
3655 2283 3743 2336 ἐπὶ

495 2418 718 2457 manum
748 2402 1125 2457 benevolentia
1163 2400 1502 2463 efﬁciuntur,
1559 2399 1828 2452 illustrem
1888 2397 2068 2451 conti-

2201 2408 2265 2476 ἧς
2284 2404 2430 2465 Θείας
2448 2401 2746 2470 δυνάμεως,
2766 2395 2872 2467 ἥτὸ
2896 2395 3031 2466 πρός
3053 2393 3104 2445 τί
3128 2407 3240 2452 πως
3261 2387 3402 2456 ἔχειν
3423 2383 3516 2452 τὴν
3534 2392 3743 2474 κρατηῖ

496 2507 629 2550 nent
679 2493 1154 2564 signiﬁcationem.
1205 2489 1386 2556 Quare
1439 2488 1824 2543 omnitenentis
1871 2501 2067 2540 nomen

2209 2495 2328 2564 ικὴν
2355 2492 2460 2545 τῶν
2494 2493 2549 2542 ἐν
2573 2491 2637 2558 τῇ
2671 2481 3253 2554 κτίσενθεωρουμὲνων
3275 2476 3570 2546 ἐνέργειαν,
3595 2469 3633 2539 ἡ
3654 2469 3747 2519 τοῦ

498 2558 807 2655 penitus'et
839 2594 1031 2639 exacte
1055 2584 1471 2652 quuirentibus
1502 2596 1609 2636 non
1643 2579 1788 2633 aliud
1831 2579 1962 2650 quid
2017 2578 2071 2632 in

2201 2582 2607 2654 παντοκράτορος
2662 2577 2900 2648 ἔμφασις
2955 2569 3364 2626 ὑποδείκνυσιν·
3406 2563 3595 2633 ὥσπερ
3645 2558 3755 2626 γὰρ

498 2678 682 2732 divina
730 2677 970 2747 potentia
1019 2674 1330 2743 signiﬁcare
1375 2673 1682 2736 invenitur,
1734 2686 1895 2740 quam
1929 2667 2074 2740 quod

2201 2679 2274 2730 6x
2303 2674 2367 2729 ἂν
2397 2671 2578 2743 ἰατρὸς
2607 2665 2674 2740 ἦν
2714 2669 2761 2720 εί
2813 2667 2886 2737 μὴ
2934 2665 3043 2717 τῶν
3079 2659 3374 2714 νοσούντων
3417 2655 3614 2724 χάριν,
3651 2648 3758 2702 οὐδ’

503 2771 592 2822 illa
625 2768 706 2822 vis
731 2775 785 2821 et
813 2767 1079 2835 operatio,
1103 2781 1222 2834 quae
1255 2765 1506 2819 universa
1544 2779 1666 2832 qua:
1698 2763 1750 2815 in
1801 2761 2076 2815 creatione

2201 2773 2242 2822 tv
2269 2768 2513 2838 ἐλεήμων
2533 2780 2590 2816 τε
2617 2760 2709 2814 καὶ
2729 2757 3027 2829 οἰκτίρμων
3054 2754 3148 2807 καὶ
3169 2750 3238 2804 τὰ
3257 2746 3480 2802 τοιαῦτα
3511 2757 3760 2796 κατωνο-

502 2856 922 2913 considerantur
969 2855 1246 2919 continet,
1311 2851 1710 2922 quodammodo
1765 2851 1830 2906 ad
1872 2850 2073 2920 aliquid

2201 2835 2410 2925 ιάζετο,
2446 2859 2492 2909 εἰ
2527 2854 2599 2926 μὴ
2633 2853 2718 2906 διὰ
2744 2851 2832 2904 τὸν
2867 2844 3150 2917 οἰκτιρμοῦ
3180 2860 3238 2894 τε
3271 2841 3364 2895 καὶ
3398 2837 3546 2891 ἐλέου
3575 2835 3767 2904 δεόμεο

503 2949 756 3006 refertur.
795 2946 910 3002 Hoc
937 2945 1325 3002 omnitenentis
1360 2944 1600 3000 ostendit
1629 2944 1860 2999 illustris
1895 2941 2076 3014 appel-

2201 2969 2299 3005 νον·
2331 2948 2501 3010 οὕτως
2528 2946 2645 2999 οὐδὲ
2687 2941 3078 3012 παντοκράτωρ
3101 2978 3113 3000 ,
3147 2937 3194 2988 εί
3228 2934 3300 3005 μὴ
3336 2934 3484 2984 πᾶσα
3512 2930 3546 2998 ἠ
3584 2927 3766 2988 κτίσις

508 3043 635 3096 latio
663 3058 677 3105 ;
704 3038 1161 3111 quemadmodmn
1194 3038 1336 3093 cnim
1367 3035 1612 3092 medicus
1648 3051 1756 3090 non
1789 3044 1936 3090 esset
1968 3035 2073 3090 nisi

2201 3042 2272 3095 τοῦ
2308 3037 2764 3111 περικρατοῦντος
2796 3032 2962 3102 αὐτὴν
2985 3071 2998 3091 ,
3030 3029 3123 3082 καὶ
3169 3029 3224 3080 ἐν
3265 3024 3345 3094 τῷ
3383 3018 3522 3076 εἶναι
3563 3035 3772 3088 συντη-

504 3133 885 3204 azgrotantium
920 3145 1126 3198 causa;
1161 3144 1335 3200 neque
1367 3129 1676 3191 miscrator,
1717 3141 1894 3196 neque
1923 3127 2086 3181 mise-

509 3227 683 3278 ricors
711 3232 766 3279 et
787 3237 906 3295 quze
937 3230 1068 3277 sunt
1092 3220 1386 3292 ejusmodi,
1423 3220 1930 3289 cognominaretur,
1982 3221 2088 3275 nisi

509 3325 730 3389 pr0pter
759 3331 884 3372 eum
913 3315 1007 3388 qui
1037 3314 1391 3370 miseratione
1439 3321 1491 3366 ct
1527 3312 1904 3367 misericordia
1941 3313 2087 3366 indi-

509 3422 639 3480 get:
685 3409 766 3464 sic
792 3423 973 3478 neque
1011 3408 1356 3476 omnipotens
1383 3404 1498 3457 sive
1531 3404 1938 3467 cunctitcncns,
1985 3403 2092 3458 nisi

509 3508 763 3556 creatura
816 3499 998 3552 omnis
1048 3496 1317 3565 indigeret
1365 3509 1430 3548 eo
1467 3493 1559 3562 qui
1612 3493 1784 3562 ipsam
1843 3500 2095 3562 potenter

512 3589 908 3659 complectatur
938 3587 1075 3642 etin
1107 3595 1299 3640 natura
1348 3601 1446 3641 sua
1480 3595 1787 3641 conservet.
1822 3585 2093 3652 Quemad-

517 3681 741 3735 modum
768 3680 934 3749 igitur
966 3678 1214 3734 medicus
1255 3678 1315 3732 ﬁt
1339 3677 1391 3732 ei
1421 3677 1515 3749 qui
1555 3677 1838 3734 curatione
1869 3678 2094 3748 indiget,

517 3780 598 3828 sic
630 3773 976 3843 omnipotens
1011 3771 1126 3827 sive
1173 3770 1558 3827 cunctitenens
1589 3771 1638 3825 ci
1668 3771 1762 3841 qui
1820 3770 2096 3826 contineri

519 3873 684 3935 eget;
725 3872 779 3918 et
805 3861 1262 3934 quemadmodum
1303 3864 1394 3933 qui
1452 3863 1591 3918 bene
1651 3863 1838 3918 valent
1882 3862 2096 3917 medico

519 3975 629 4013 non
661 3973 798 4029 opus
847 3957 1070 4022 habent,
1103 3955 1200 4012 sed
1258 3957 1351 4026 qui
1389 3956 1531 4010 male
1577 3955 1782 4009 habent
1809 3955 1876 4007 ηε
1917 3955 2000 4011 sic
2027 3970 2096 4009 ex

519 4049 880 4120 consequenti
911 4047 1172 4120 prmclare
1203 4047 1331 4101 licet
1372 4043 1577 4100 inferre
1620 4059 1730 4099 non
1762 4044 1998 4115 amplius
2032 4045 2100 4097 il-

524 4149 634 4199 lum
663 4143 980 4198 continente
1008 4141 1124 4196 sive
1171 4147 1536 4195 conservante
1585 4137 1828 4206 indigere
1892 4137 1946 4190 in
1991 4151 2100 4207 quo

525 4243 718 4292 natura
745 4242 830 4290 est
867 4233 1091 4288 omnino
1133 4233 1339 4287 erroris
1383 4231 1573 4286 nescia
1603 4238 1657 4286 et
1703 4244 1865 4286 casus
1897 4231 2101 4285 omnis-

523 4345 630 4398 que
672 4327 992 4382 mutationis
1025 4339 1243 4394 expers.
1308 4323 1446 4378 Cum
1498 4323 1664 4393 igitur
1715 4323 2101 4378 cunctitenens

2192 3116 2408 3207 ροῦντός
2443 3131 2641 3183 ἐδέετο.
2699 3125 2907 3180 Οὐκοῦν
2955 3123 3141 3192 ὥσπερ
3190 3116 3370 3189 ἰατρὸς
3413 3113 3491 3184 τῷ
3526 3112 3771 3183 δεομένῳ

2188 3227 2286 3294 τῆς
2323 3220 2616 3292 Θεραπείας
2658 3217 2886 3286 γίνεται,
2930 3212 3071 3267 οῦτω
3106 3209 3198 3263 καὶ
3246 3204 3654 3275 παντοκράτωρ
3697 3199 3772 3272 τῷ

2189 3317 2440 3388 χρῄζοντι
2464 3311 2556 3366 τοῦ
2581 3307 2930 3382 κρατεῖσθαιο
2969 3307 3063 3357 καὶ
3095 3302 3283 3371 ὥσπερ
3311 3300 3371 3352 ού
3401 3296 3590 3368 χρείαν
3627 3295 3775 3366 ἔχου-

2194 3425 2275 3461 σιν
2313 3406 2361 3458 οί
2403 3401 2676 3472 ἰσχύοντες
2711 3394 2915 3469 ἰατροῦ,
2947 3394 3057 3446 ἀλλ’
3096 3393 3142 3444 οἱ
3176 3388 3361 3451 κακῶς
3397 3387 3622 3456 ἔχοντες
3646 3401 3658 3414 ·
3687 3380 3776 3436 οὔ·

2191 3515 2297 3561 τως
2324 3499 2387 3550 ἐκ
2413 3493 2508 3548 τοῦ
2537 3488 2828 3547 ἀκολούθου
2857 3484 3032 3547 καλῶς
3055 3479 3199 3534 ἔστιν
3225 3481 3415 3538 εἰπεῖν,
3450 3475 3659 3545 μηκέτι
3685 3469 3774 3526 τοῦ

2192 3586 2514 3661 κρατοῦντος
2542 3579 2763 3656 χρῄζειν
2791 3578 3027 3642 ἐκεῖνον,
3061 3576 3116 3626 ἐν
3143 3566 3186 3640 ᾧ
3214 3571 3274 3623 τὸ
3306 3566 3540 3628 ἀπλανὲς
3576 3583 3648 3618 τε
3688 3562 3778 3617 καὶ

2194 3657 2584 3752 ἀμετάπτωτον
2613 3676 2646 3743 ή
2685 3669 2844 3741 φύσις
2875 3668 3006 3738 ἔχει.
3039 3661 3244 3718 Οὐκοῦν
3272 3662 3398 3714 ὅταν
3425 3657 3522 3726 τῆς
3559 3669 3776 3711 παντο-

2195 3771 2422 3838 κράτωρ
2458 3766 2639 3837 φωνῆς
2665 3761 3005 3830 ἀκούσωμεν,
3041 3755 3198 3809 τοῦτο
3228 3750 3473 3820 νοοῦμεν,
3503 3746 3567 3801 τὶ
3604 3746 3772 3800 πάντα

2195 3862 2284 3915 τὸν
2307 3835 2436 3912 (θεον
2470 3835 2526 3909 ἐν
2558 3854 2635 3924 τῷ
2674 3848 2810 3905 εἶναι
2843 3847 3104 3916 συνέχειν,
3132 3844 3231 3896 ὅσα
3257 3857 3314 3893 τε
3343 3835 3531 3907 νοητὰ,
3564 3837 3659 3889 καὶ
3680 3837 3776 3888 ὅσα

2196 3957 2294 4024 τῆς
2327 3951 2516 4018 ὑλικῆς
2550 3950 2665 4000 ἐστι
2704 3943 2935 4012 φύσεως.
2977 3936 3074 3990 Διὰ
3103 3932 3260 3988 τοῦτο
3297 3931 3405 4001 γὰρ
3440 3929 3664 3999 κατέχει
3690 3926 3776 3979 τὸν

2199 4017 2361 4116 γύρον
2400 4017 2496 4111 τῆξ
2520 4040 2641 4109 γῆς,
2670 4035 2756 4088 διὰ
2784 4032 2940 4087 τοῦτο
2962 4029 3073 4099 ἕχει
3101 4029 3158 4080 ἐν
3181 4027 3248 4095 τῇ
3275 4022 3416 4094 χειρὶ
3445 4020 3547 4116 τῇς
3583 4021 3686 4089 γῆς
3713 4017 3778 4071 τὰ

2200 4113 2431 4208 πέρατα,
2463 4133 2548 4184 διὰ
2577 4129 2733 4182 τοῦτο
2767 4120 3162 4196 περιλαμϐάνει
3193 4117 3282 4170 τὸν
3311 4113 3541 4185 οὐρανὸν
3567 4117 3634 4184 τῇ
3663 4126 3780 4163 σπι-

2201 4200 2370 4298 Οαμῇ,
2407 4224 2493 4278 διὰ
2531 4220 2687 4274 τοῦτο
2717 4214 3040 4288 περιμετρεῖ
3076 4213 3143 4281 τῇ
3189 4209 3331 4279 χειρὶ
3374 4200 3783 4298 τὸώῦδωρηδιᾶ

2202 4321 2360 4374 τοῦτο
2400 4316 2496 4386 τὴν
2533 4311 2726 4382 νοητὴν
2765 4311 2945 4360 πᾶσαν
2985 4303 3160 4358 κτίσιν
3191 4304 3248 4354 ἐν
3291 4296 3470 4368 ἐαυτῷ
3515 4295 3780 4368 περιέχει,

526 4419 921 4489 παντοκράτωρ
954 4432 1152 4472 nomen
1207 4415 1482 4480 audimus,
1522 4415 1626 4469 hoc
1677 4422 1862 4470 mente
1909 4416 2099 4470 conci-

2209 4414 2296 4466 ἵνα
2334 4409 2512 4463 πάντα
2539 4408 2595 4459 ἐν
2631 4403 2709 4474 τῷ
2745 4399 2884 4454 εἶναι
2925 4397 3062 4469 μένῃ
3100 4396 3167 4465 τῇ
3202 4391 3520 4463 περιεκτικῇ
3564 4387 3784 4456 δυνάμει

527 4515 762 4582 piamus,
795 4526 989 4578 nempe
1021 4508 1191 4565 Deum
1243 4508 1424 4563 omnia
1455 4509 1509 4562 in
1555 4521 1657 4563 suo
1713 4520 1835 4562 esse
1863 4505 1987 4561 sive
2046 4506 2102 4560 in

2211 4497 2702 4575 περικρατούμενα.

531 4618 629 4656 sua
657 4611 848 4656 natura
871 4610 926 4655 et
962 4600 1199 4655 essentia
1225 4600 1532 4664 continere,
1563 4609 1616 4654 et
1643 4614 1764 4670 quae
1792 4598 2148 4668 intelligentia
2211 4571 2438 4665 solaque
2462 4597 2645 4646 mente
2674 4592 2999 4651 cernuntur,
3067 4589 3123 4637 et
3183 4592 3305 4650 quae
3369 4571 3661 4670 materiali.
3697 4582 3785 4623 na-

532 4706 653 4748 tura
685 4703 958 4750 constant.
988 4693 1221 4763 ldeoque
1272 4703 1430 4748 terrae
1482 4707 1670 4764 gyrum
1738 4691 1854 4748 sive
1909 4695 2096 4748 orbem
2130 4662 2396 4753 continet,
2430 4695 2653 4757 propter
2692 4683 2797 4736 hoc
2835 4681 2890 4733 in
2959 4691 3126 4731 manu
3177 4672 3339 4727 habet
3407 4676 3568 4722 terra:
3630 4662 3783 4722 ﬁnes,

536 4799 753 4859 propter
783 4789 1022 4844 eamdem
1054 4804 1276 4844 causam
1325 4789 1521 4844 coalqu
1565 4787 2164 4858 palmo-complectitur
2190 4789 2260 4850 “,
2291 4792 2510 4856 propter
2549 4785 2651 4835 hoc
2685 4778 2867 4848 ipsum
2937 4786 3138 4843 aquam
3207 4782 3373 4822 manu
3437 4771 3784 4818 commensu-

538 4889 876 4950 rat,proptcr
915 4880 1148 4950 idipsutn
1201 4897 1416 4936 omnem
1474 4883 1852 4951 incorpoream
1893 4888 1947 4935 et
1992 4881 2096 4936 sub
2135 4879 2553 4950 intelligentiam
2586 4872 2868 4929 cadentem
2906 4874 3218 4922 creaturam
3281 4861 3334 4914 in
3411 4860 3527 4927 seip
3562 4870 3596 4951 ο
3648 4865 3788 4907 com-

537 4968 843 5040 prehendit,
878 4977 935 5023 ut
956 4971 1139 5023 omnia
1165 4971 1219 5024 in
1255 4987 1354 5024 suo
1381 4985 1502 5026 csse
1533 4971 1646 5024 sive
1676 4986 1725 5024 ιιι
1760 4985 1858 5025 sua
1896 4977 2094 5024 natura
2135 4945 2392 5023 maneant
2435 4964 2674 5038 potentia
2748 4956 3228 5028 comprehensiva,
3295 4951 3407 5006 sive
3451 4945 3787 5013 continente,

537 5058 935 5128 comprehensa
968 5067 1021 5113 et
1057 5070 1333 5115 contenta.

609 5153 744 5220 Quis
769 5150 932 5222 igitur
959 5152 1004 5206 is
1030 5153 1100 5207 sit
1122 5154 1215 5222 qui
1239 5155 1421 5206 omnia
1457 5155 1508 5207 in
1544 5156 1801 5209 omnibus
1826 5162 2108 5224 operatur,

539 5245 904 5317 inquiramus.
956 5243 1092 5310 Quis
1139 5255 1222 5298 est
1267 5243 1359 5315 qui
1416 5247 1598 5300 omnia
1638 5248 1785 5314 fecit,
1842 5246 1960 5300 sine
2005 5261 2116 5316 quo

543 5341 677 5396 nihil
731 5355 921 5395 eorum
971 5352 1092 5408 quae
1152 5346 1282 5392 sunt
1311 5343 1565 5393 constat?
1623 5337 1758 5404 Quis
1793 5346 1878 5393 est
1922 5341 1975 5392 in
2009 5352 2118 5407 quo

546 5441 672 5486 sunt
704 5432 887 5487 omnia
917 5429 1159 5494 condita,
1181 5437 1236 5483 et
1265 5429 1316 5482 in
1345 5443 1452 5498 quo
1481 5445 1602 5500 quae
1627 5437 1754 5484 sunt
1788 5443 2116 5498 permanen-

551 5523 678 5574 tiam
713 5523 960 5576 habent?
1004 5521 1057 5574 In
1095 5537 1202 5590 quo
1259 5522 1512 5584 vivimus,
1566 5535 1865 5583 movemur,
1925 5526 1976 5571 et
2035 5535 2122 5572 su-

620 5698 666 5728 "
708 5699 728 5752 Ι
767 5699 1004 5757 'I’imcth.
1041 5720 1080 5772 ι,
1116 5703 1201 5758 17.
1278 5705 1324 5737 ⁸⁸
1362 5699 1553 5757 Matth.
1591 5714 1666 5767 ιιι
1708 5696 1789 5752 i9"

2290 5151 2384 5212 Τίς
2426 5144 2517 5202 οῦν
2557 5149 2584 5201 ὁ
2617 5146 2792 5199 πάντα
2826 5145 2882 5196 ἐν
2924 5142 3089 5194 πᾶσιν
3130 5132 3389 5205 ἐνεργῶν,
3431 5128 3786 5194 ἐξετάσωμεν.

2223 5244 2318 5306 Τίς
2362 5243 2390 5294 6
2419 5240 2597 5293 πάντα
2630 5238 2880 5307 ποιήσας,
2910 5227 2969 5287 οὗ
3007 5229 3175 5301 χωρὶς
3202 5225 3310 5280 τῶν
3343 5223 3509 5277 ὀντων
3550 5219 3692 5307 ἐστὶ.
3705 5215 3791 5307 οὑξ

2337 5352 2352 5400 ;
2388 5332 2482 5395 Τίς
2510 5334 2654 5384 ἐστιν
2691 5299 2754 5382 ἐν
2781 5320 2826 5394 ᾧ
2854 5325 2923 5379 τὰ
2957 5299 3132 5376 πάντα
3169 5315 3412 5384 ἐκτίσθη,
3457 5310 3544 5366 καὶ
3577 5311 3636 5361 ἐν
3661 5299 3702 5372 ᾧ
3729 5305 3790 5400 τὰ

2225 5428 2352 5480 ὅντα
2379 5426 2475 5497 τὴν
2511 5422 2766 5493 διαμονὴν
2797 5419 2937 5489 exat;
2992 5416 3081 5470 Ἑν
3121 5412 3226 5466 τίνι
3267 5409 3444 5481 ζῶμεν
3481 5403 3572 5457 καὶ
3617 5395 3792 5454 κινού-

2234 5517 2371 5588 μεθα
2408 5518 2501 5570 καὶ
2533 5515 2723 5585 ἐσμὲν;
2748 5513 2840 5575 Τίς
2883 5513 2908 5564 ὁ
2933 5509 3000 5563 τὰ
3037 5504 3376 5574 πάνταὲχων
3406 5503 3457 5552 ἐν
3479 5490 3792 5562 ἐαυτῷ,ὖσα

1867 5698 1913 5730 ⁸⁸
1950 5699 2054 5756 lsa.
2089 5695 2269 5762 1L,l2.
