4068 6148
404 280 513 338 525

1529 274 1807 330 CONTRA
1849 270 2246 339 EUNOMIUM,
2285 271 2412 326 LIB.
2455 271 2516 326 11.

3551 267 3654 322 ςὶϐ

402 398 434 451 6
463 392 654 465 Πατὴρ
673 393 786 462 ἔχει
809 409 822 456 ;
852 388 958 462 ἆρα
982 385 1283 459 ἀγνοοῦμεν
1313 391 1391 446 ἔτι
1421 393 1507 446 διὰ
1531 393 1637 446 τῶν
1663 391 1982 465 εἰρημένων,

2095 404 2210 446 mus
2232 390 2302 443 “‘3
2329 389 2463 456 Quis
2488 399 2571 445 est
2597 387 2687 442 ille
2714 387 2804 457 qui
2839 387 2894 442 in
2921 387 3101 458 seipso
3132 386 3296 442 habet
3323 387 3507 441 omnia
3534 363 3657 455 qua:

401 491 493 543 τὸν
521 489 614 563 ἐπὶ
648 488 863 542 πάντων
885 486 1015 540 Θεὸν
1047 486 1132 540 :6v
1162 487 1266 541 ὑπὸ
1304 488 1394 542 τοῦ
1426 489 1635 543 Παύλου
1669 490 1839 552 οὕτως
1868 491 1983 542 ὀνο-

407 579 739 650 μαζόμενον,
766 577 854 630 τὸν
888 577 1091 647 Κύριον
1125 577 1280 648 ἡμῶν
1332 579 1540 648 Ἰησοῦν
1579 579 1670 632 τὸν
1709 579 1980 648 Χριστόν;

409 671 502 731 Ὃς
541 668 721 721 πάντα
752 668 809 720 ὲν
853 669 916 738 τῇ
950 668 1096 738 χειρὶ
1133 667 1201 721 τὰ
1239 667 1331 720 τοῦ
1367 669 1580 739 [ἰατρὸς
1611 667 1768 738 ἔχων,
1804 668 1985 731 καθὼς

403 761 564 824 αὑτός
604 777 768 828 φησι,
801 759 1214 830 περιδέδρακται
1251 760 1461 822 πάντως
1495 759 1581 812 διὰ
1612 761 1709 829 τῆς
1743 759 1982 828 πολυχώα

405 870 501 923 ρου
555 850 722 904 αὐτοῦ
765 850 1018 920 παλάμης
1071 849 1179 903 τῶν
1218 851 1468 913 πάντων,
1508 851 1602 903 καὶ
1640 852 1833 921 κρατεῖ
1881 849 1984 901 τῶν

406 941 950 1013 περιδεδραγμένων,
1000 939 1092 993 καὶ
1141 940 1312 1003 οὐδεὶς
1361 939 1503 1011 αἴρει
1553 942 1618 993 ἐκ
1664 943 1762 1008 τῆς
1804 938 1984 1009 χειρὸς

404 1033 570 1087 αὑτοῦ
610 1033 707 1086 τοῦ
755 1033 1080 1103 κρατοῦντος
1132 1035 1196 1102 τῇ
1266 1033 1407 1102 χειρὶ
1459 1033 1569 1085 τῶν
1629 1032 1876 1094 πάντων;
1923 1029 1984 1083 Εἰ

408 1121 500 1177 οὖν
550 1127 723 1178 πάντα
758 1124 892 1194 ἔχει,
947 1124 1038 1176 καὶ
1088 1126 1283 1193 κρατεῖ
1327 1117 1402 1176 ὧν
1445 1123 1579 1192 ἔχει,
1614 1122 1667 1174 τί
1715 1122 1842 1176 ἄλλο
1893 1121 1986 1173 καὶ

409 1215 528 1284 οὐχὶ
586 1213 1008 1282 παντοκράτωρ
1063 1215 1282 1276 πάντως
1337 1215 1502 1275 ἐστὶν,
1548 1215 1576 1266 6
1615 1212 1832 1283 κρατῶν
1876 1214 1986 1265 τῶν

413 1306 655 1369 «av-cun;
711 1304 770 1355 Εἰ
815 1302 871 1355 δὲ
919 1303 1067 1371 λέγοι
1107 1305 1140 1373 ἡ
1183 1303 1392 1372 αἵρεσις
1441 1303 1524 1355 ὅτι
1566 1301 1660 1354 καὶ
1718 1301 1813 1354 τοῦ
1855 1299 1984 1353 Υίοῦ

415 1396 510 1450 καὶ
547 1394 637 1447 τοῦ
668 1393 984 1464 Πνεύματος
1016 1395 1209 1465 κρατεῖ
1247 1396 1275 1447 6
1328 1394 1552 1464 Πατὴρ,
1593 1391 1808 1462 πρῶτον
1848 1392 1982 1444 ἀπο-

414 1486 737 1551 ἅιξάτωσαν
775 1487 856 1538 ὅτι
899 1485 1134 1556 τρεπτῆς
1169 1487 1283 1538 ἐστι
1321 1485 1532 1554 φύσεως
1561 1486 1590 1538 6
1623 1484 1752 1547 Υἱὸς
1801 1482 1893 1536 καὶ⁵
1926 1483 1994 1548 τὸ,

414 1579 638 1648 Πνεῦμα
681 1577 740 1630 τὸ
778 1577 950 1644 ἅγιον,
998 1578 1092 1629 καὶ
1138 1576 1258 1630 τότε
1295 1577 1390 1629 τὸν
1424 1576 1728 1646 κρατοῦντα
1759 1573 1835 1645 τῷ
1861 1591 1987 1644 τρε-

412 1669 635 1739 πομένῳ
669 1667 1115 1738 ὲπιστησάτωσαν
1135 1681 1148 1694 ·
1197 1666 1285 1719 ἵνα
1311 1667 1378 1735 τῇ
1421 1664 1626 1718 ἄνωθεν
1659 1663 1987 1736 ἐγγινομένη

413 1759 652 1830 βοηθείᾳ.
691 1759 826 1830 μένῃ
847 1757 909 1810 τὸ
939 1756 1327 1828 κρατούμενον,
1351 1757 1486 1825 πρὸς
1517 1756 1576 1809 τὸ
1597 1757 1764 1809 κακὸν
1783 1756 1988 1826 ἀμετά-

412 1866 644 1902 πτωτον.
696 1849 758 1901 Εί
811 1849 867 1902 δὲ
921 1848 1269 1910 ἀνεπίδεκτος
1313 1847 1510 1910 κακίας
1551 1850 1584 1917 ἠ
1637 1847 1752 1900 θεία
1791 1847 1986 1916 φύσις,

411 1941 683 2012 ἄτρεπτὸς
722 1957 781 1994 τε
807 1940 900 1993 καὶ
927 1939 1298 2004 ἀναλλοίωτος,
1333 1941 1426 1992 καὶ
1445 1941 1530 1993 ἀεὶ
1557 1939 1816 2002 ὡσαύτως
1837 1939 1948 2009 ἔχει
1973 1954 1987 1968 ⁶

413 2037 501 2095 εἰς.
520 2033 573 2087 τί
595 2032 688 2085 τοῦ
715 2031 1042 2104 κρατοῦντος
1064 2031 1404 2104 ὲπιδεήσεται
1426 2050 1440 2097 ;
1476 2032 1542 2084 Ἠ
1575 2031 1639 2084 δι’
1667 2032 1863 2099 ἑαυτῆς
1887 2032 1992 2085 πᾶ-

415 2141 510 2177 σαν
537 2122 907 2195 ἐπικρατοῦσα
933 2121 1028 2195 τὴν
1061 2123 1255 2186 κτίσιν,
1284 2122 1420 2192 αὑτὴ
1450 2122 1507 2174 δὲ
1535 2121 1628 2175 τοῦ
1669 2121 1993 2192 κρατοῦντος

417 2215 489 2287 μὴ
513 2215 741 2285 δεομένη
764 2212 852 2266 διὰ
875 2213 936 2266 :6
958 2212 1239 2282 ἄτρεπτον.
1268 2212 1366 2264 Διά
1391 2212 1546 2265 τοῦτο
1573 2214 1632 2265 ὲν
1667 2212 1744 2282 τῷ
1767 2213 1992 2284 ὀνόματι

414 2306 506 2361 τοῦ
559 2305 798 2376 Χριστοῦ
839 2305 945 2356 πᾶν
1003 2304 1131 2371 γόνυ
1189 2304 1461 2372 κάμπτει,
1516 2305 1853 2374 ἐπουρανίων
1901 2305 1994 2358 καὶ

415 2396 672 2464 ἐπιγείων
706 2393 800 2447 καὶ
843 2391 1234 2461 καταχθονίων.
1278 2393 1352 2444 Οὐ
1394 2392 1500 2464 γὰρ
1532 2393 1597 2446 ἂν
1643 2394 1908 2463 ἔκαμψεν,
1947 2395 1993 2446 εί

419 2487 493 2558 μὴ
520 2487 614 2540 τὸν
641 2488 734 2540 ἐπὶ
759 2483 1002 2554 σωτηρίᾳ
1029 2483 1330 2553 κρατοῦντα
1357 2484 1573 2546 πάντως
1602 2484 1891 2551 ἐγίνωσκε.
1921 2486 1994 2538 Τὸ

416 2578 471 2631 δὲ
507 2577 684 2646 λέγειν
722 2577 790 2646 τῇ
819 2573 1116 2642 ἀγαθότητι
1153 2571 1244 2624 τοῦ
1289 2571 1501 2643 Πατρὸς
1541 2572 1632 2625 τὸν
1675 2573 1999 2645 Υἰὸνγεγεν-

420 2675 647 2742 νῆσθαι,
677 2671 831 2725 οὐδὲν
875 2665 1002 2718 ἄλλο
1050 2664 1199 2717 ἐστὶν
1241 2665 1273 2734 ἢ
1314 2665 1393 2728 εἰς
1430 2665 1490 2717 τὸ
1537 2665 1796 2735 ὁμότιμον
1835 2663 1995 2716 αὑτὸν

424 2755 754 2824 καταστῆσαι
781 2757 892 2818 τοῖς
935 2755 1183 2824 ἐσχάτοις
1211 2755 1309 2826 τῆς
1349 2756 1596 2817 κτίσεως.
1630 2755 1694 2808 Τί
1738 2754 1843 2825 γὰρ
1878 2755 1996 2824 ούχὶ

430 2844 796 2926 τῇἀγαθότητι
818 2846 909 2900 τοῦ
937 2845 1294 2915 πεποιηκότος
1320 2842 1482 2916 ἦλθεν
1513 2847 1591 2909 εἰς
1612 2845 1855 2914 γένεσιν;
1881 2845 1998 2897 Τίνι

433 2932 698 3004 λογίζεται
726 2938 758 3007 ἡ
786 2937 880 3006 τῆς
906 2937 1252 3008 ἀνθρωπίνης
1291 2937 1506 3006 φύσεως
1535 2938 1868 3009 κατασκευὴ,
1909 2956 1998 2991 πο-

431 3027 608 3100 νηρίᾳ,
653 3027 684 3097 ἤ
717 3027 1004 3098 ἀγαθότητι
1043 3026 1137 3080 τοῦ
1181 3029 1540 3099 ποιήσαντος;
1584 3029 1700 3082 Τίνι
1738 3029 1854 3100 δὲή
1890 3029 1996 3081 τῶν
2025 3061 2066 3116 C

426 3119 580 3183 ζώων
625 3120 867 3188 γένεσις,
901 3121 934 3189 ἡ
961 3119 1069 3172 τῶν
1125 3121 1306 3187 φυτῶν
1353 3138 1412 3173 τε
1459 3122 1552 3173 καὶ
1601 3121 1998 3192 βλαστημάτων

425 3211 614 3281 φύσις;
639 3213 791 3266 οὐδέν
821 3215 968 3266 ἐστιν
993 3213 1022 3265 ὃ
1057 3213 1130 3284 μὴ
1160 3216 1224 3283 τῇ
1257 3213 1549 3282 ἀγαθότητι
1587 3215 1681 3267 τοῦ
1714 3214 2002 3285 πεποιηκό-

422 3322 510 3367 τος
533 3303 656 3374 ἔσχε
691 3305 790 3374 τὴν
820 3305 1052 3372 γένεσιν.
1087 3307 1264 3376 Ὅπερ
1294 3300 1387 3357 οὖν
1419 3305 1511 3358 ἐπὶ
1541 3306 1758 3360 πάντων
1784 3309 1811 3360 6
1843 3307 2001 3374 λόγος

421 3395 540 3465 ὁρᾷ,
578 3393 737 3447 τοῦτο
777 3396 804 3446 6
852 3395 1110 3464 Εὑνόμιος
1155 3393 1234 3464 τῷ
1284 3393 1398 3464 Υίῷ
1441 3394 1548 3447 ἀπὸ
1595 3395 2000 3466 φιλανθρωπίας

423 3481 702 3553 χαρίζεται
729 3499 742 3512 °
784 3482 846 3534 τὺ
874 3483 930 3536 δὲ
973 3483 1046 3552 μὴ
1096 3483 1422 3553 μερίσασθαι
1467 3482 1603 3552 πρὸς
1644 3483 1734 3536 τὸν
1781 3484 2000 3554 Πατέρα

423 3573 519 3643 τὴν
547 3573 732 3626 ούσίαν
763 3574 796 3644 ἦ
823 3573 921 3644 τὴν
962 3572 1117 3638 ἀξίαν
1138 3614 1152 3636 ,
1181 3573 1214 3643 ἢ
1250 3573 1348 3625 ὅσα
1374 3573 1595 3626 τοιαῦτα
1628 3574 1884 3645 φλυαρῶν
1923 3576 2001 3628 δι-

423 3663 721 3735 εξέρχεται,
751 3664 849 3735 ἤδη
891 3667 948 3716 ὲν
976 3665 1086 3726 τοῖς
1113 3665 1240 3736 περὶ
1268 3664 1358 3717 τοῦ
1396 3664 1604 3735 Πατρὸς
1646 3666 1824 3734 λόγοις
1866 3683 2000 3738 προ-

425 3752 805 3823 εξελήλεκται·
853 3752 928 3815 ὼς
975 3753 1151 3823 μάτην
1192 3752 1357 3807 αὐτοῦ
1401 3753 1573 3808 ταῦτα
1614 3756 1708 3808 καὶ
1739 3756 1858 3826 δίχα
1895 3757 2004 3809 δια-

425 3843 572 3906 νοίας
619 3842 1038 3914 προσρίψαντος.
1082 3844 1215 3897 Οὐδὲ
1262 3847 1370 3916 γὰρ
1410 3847 1541 3914 ἡμῖν
1584 3847 1698 3906 τοῖς
1731 3847 1788 3912 ἐξ
1839 3847 2002 3918 ἀλλή-

424 3931 530 3987 λων
561 3935 918 4004 τικτομένοις,
953 3935 1138 3998 οὐσίας
1173 3935 1433 4008 διαίρεσις
1473 3936 1714 4003 γίνεται·
1744 3936 1865 4000 ὅλος
1893 3939 2001 4010 γὰρ

425 4025 483 4076 ὲν
514 4025 732 4097 ἑκάστῳ
770 4026 918 4096 μένει
946 4028 1043 4098 τῆς
1070 4026 1254 4090 οὐσίας
1291 4029 1320 4080 6
1348 4027 1524 4095 λόγος,
1552 4028 1610 4079 ὲν
1634 4027 1713 4098 τῷ
1745 4045 2004 4102 γεγεννη-

352 4154 364 4163 -
430 4116 575 4187 μένῳ
601 4119 695 4170 καὶ
725 4117 802 4187 τῷ
825 4118 1167 4188 γεννήσαντι,
1201 4116 1324 4171 οὔτε
1361 4120 1418 4171 ὲν
1443 4118 1520 4188 τῷ
1555 4119 1811 4188 γεννῶντι
1841 4120 2004 4190 μείω-

429 4225 530 4273 σιν,
567 4207 692 4263 οὔτε
720 4211 775 4261 ὲν
805 4209 882 4280 τῷ
923 4210 1300 4280 γεγεννημένῳ
1328 4208 1553 4279 αὔξησιν
1585 4209 1680 4262 τοῦ
1720 4210 1880 4278 λόγου
1906 4211 2002 4280 τῆς

426 4302 613 4367 οὐσίας
637 4301 1024 4372 λαμϐάνοντος.
1060 4303 1117 4356 '0
1139 4302 1195 4356 δὲ
1225 4302 1324 4372 τῆς
1354 4303 1508 4367 ἀξίας
1532 4303 1564 4374 ἢ
1593 4290 1692 4373 τῆς
1725 4303 2000 4372 βασιλείας

2081 480 2241 536 Pater
2269 481 2468 536 habet?
2493 481 2572 534 An
2598 481 3025 550 ignorantum-ex
3063 478 3149 533 his
3177 493 3298 546 quae
3328 477 3474 532 dicta
3503 483 3655 539 sunt,

2083 589 2203 629 eum
2236 589 2357 628 esse
2391 571 2484 642 qui
2533 587 2698 642 super
2752 571 2934 625 omnia
2964 570 3107 626 Deus
3159 579 3245 624 est
3302 584 3331 621 a
3372 567 3540 622 Paulo
3575 568 3659 621 sic

2086 662 2417 726 nominatus,
2445 660 2711 715 Dominus
2748 667 2936 716 noster
2963 659 3126 716 Jesns
3182 658 3526 721 Christus",
3562 657 3658 726 qui

2083 758 2266 810 omnia
2301 758 2354 810 in
2397 773 2560 810 manu
2591 772 2712 825 quae
2744 766 2872 811 sunt
2902 755 3080 814 Patris
3108 756 3291 814 habet,
3347 754 3491 808 sicut
3545 753 3662 822 ipse

2085 845 2256 899 dicit:
2299 845 2485 900 omnia
2515 845 2732 914 quidem
2763 845 3100 914 amplissima
3148 859 3245 898 sua
3283 843 3460 910 palma
3512 855 3662 894 com-

2086 935 2276 1003 plcxus
2303 942 2408 999 est,
2442 942 2496 988 et
2524 935 2919 1004 comprehensa
2949 936 3193 989 continet
3252 935 3546 1002 imperans,
3609 941 3664 984 et

2085 1025 2266 1079 nullus
2298 1023 2366 1079 de
2395 1039 2556 1078 manu
2591 1025 2773 1078 omnia
2799 1024 3133 1080 continentis
3184 1018 3354 1079 tollit?
3379 1025 3435 1078 Si
3488 1025 3656 1096 igitur

2085 1115 2270 1169 omnia
2326 1115 2509 1179 habet,
2548 1116 2594 1170 si
2624 1117 2864 1171 continet
2883 1124 2952 1171 σοι
3001 1117 3268 1186 gubernat
3302 1131 3422 1186 quae
3477 1117 3659 1183 habet,

2085 1206 2216 1276 quid
2249 1205 2394 1260 aliud
2422 1221 2648 1275 prorsus
2677 1206 2793 1275 ipse
2814 1214 2895 1261 est
2915 1222 3078 1276 quam
3104 1209 3492 1280 παντοκράτωρ
3526 1223 3664 1264 cun-

2087 1298 2356 1353 ctiteneus
2393 1299 2640 1352 omnium
2674 1297 2968 1362 Dominus,
3011 1301 3101 1369 qui
3143 1308 3290 1356 tenet
3327 1303 3510 1356 omnia
3564 1316 3664 1371 po-

2088 1397 2263 1444 tenter
2301 1395 2356 1443 et
2408 1389 2492 1444 his
2554 1389 2912 1444 dominatur?
2968 1387 3122 1454 Quod
3162 1391 3206 1444 si
3247 1391 3467 1446 haeresis
3519 1391 3666 1444 dicat

2086 1481 2231 1550 quod
2264 1479 2426 1533 Pater
2459 1479 2657 1534 Filium
2701 1491 2755 1536 et
2795 1481 3056 1549 Spiritum
3106 1484 3369 1547 continet,
3428 1483 3661 1552 primum

2087 1573 2462 1627 demonstrent
2497 1570 2693 1626 Filium
2724 1581 2777 1627 et
2810 1574 3071 1643 Spiritum
3102 1583 3350 1629 sanctum
3395 1590 3516 1630 esse
3543 1591 3664 1628 mu—

2088 1663 2274 1717 tabilis
2301 1669 2532 1727 naturai,
2566 1677 2630 1716 ac
2660 1672 2789 1717 tunc
2820 1664 2867 1718 ei
2898 1665 2991 1734 qui
3047 1665 3278 1718 vertitur
3310 1680 3375 1719 ac
3423 1673 3666 1720 mutatur

2091 1757 2241 1811 illum
2273 1756 2364 1825 qui
2401 1757 2681 1810 contineat
2733 1757 3053 1826 prmllciant,
3111 1765 3169 1810 ut
3233 1773 3469 1826 superne
3508 1759 3666 1812 inna-

2091 1854 2278 1899 scente
2307 1845 2510 1898 auxilio
2539 1855 2756 1899 maneat
2792 1846 2844 1899 id
2887 1847 3031 1916 quod
3089 1847 3404 1902 continetur
3455 1848 3521 1900 ad
3553 1864 3666 1901 ma-

2091 1936 2202 1990 lum
2233 1937 2696 1992 incommutabile.
2723 1937 2880 2004 Quod
2905 1940 2950 1994 si
2978 1940 3096 1994 vitii
3120 1948 3203 1994 est
3226 1940 3453 2009 incapax
3481 1940 3665 1995 divina

2091 2037 2308 2091 natura,
2342 2027 2684 2093 invertibilis,
2736 2029 3113 2094 immutabilis,
3147 2045 3248 2086 nec
3302 2030 3560 2085 deﬁciens
3611 2030 3666 2083 in

2091 2118 2583 2173 consummationis
2611 2120 2781 2181 exitu,
2829 2135 3152 2191 semperque
3175 2121 3365 2176 eodem
3416 2122 3576 2176 modo
3607 2136 3668 2176 se

2092 2210 2278 2273 habet,
2307 2209 2375 2264 ad
2409 2210 2539 2279 quid
2567 2225 2633 2265 eo
2656 2211 2747 2281 qui
2777 2213 3052 2267 contineat
3075 2213 3380 2284 indigebit?
3409 2213 3538 2280 Quze
3571 2227 3670 2282 per

2093 2301 2325 2369 seipsam
2352 2315 2568 2355 onmem
2597 2302 2838 2357 continet
2860 2311 3189 2369 creaturam,
3218 2305 3533 2359 continente
3563 2305 3672 2358 alio

2093 2407 2202 2447 non
2238 2392 2466 2462 indiget,
2501 2393 2630 2463 quia
2661 2394 2733 2448 sit
2768 2394 3084 2450 mutationis
3118 2405 3172 2449 et
3197 2396 3526 2452 inversionis
3576 2411 3670 2450 ex-

2093 2501 2241 2556 pers.
2286 2485 2582 2555 Propterea
2617 2486 2670 2539 in
2705 2487 2926 2540 nomine
2951 2485 3078 2540 Jesu
3109 2502 3268 2542 omne
3312 2503 3451 2558 genu
3482 2503 3540 2542 se
3571 2486 3669 2541 ﬁc-

2094 2578 2192 2631 ctit
2231 2577 2736 2647 supercmlestium,
2771 2578 3111 2634 terrestrium
3164 2587 3216 2632 et
3285 2579 3672 2634 subterraneo-

2095 2685 2216 2724 rum
2237 2670 2307 2723 “.
2349 2667 2468 2722 Non
2497 2676 2676 2724 autem
2713 2683 2772 2724 se
2803 2668 3063 2733 ﬂecteret,
3113 2671 3215 2725 nisi
3271 2671 3672 2740 praedominan-

2098 2765 2203 2811 tem
2229 2766 2282 2812 et
2312 2760 2684 2814 continentem
2717 2775 2814 2830 pro
2837 2775 3024 2815 eorum
3051 2761 3228 2816 salute
3259 2763 3475 2831 penitus
3502 2779 3672 2833 agno-

2097 2856 2294 2902 sceret.
2326 2854 2396 2901 At
2428 2865 2556 2904 vero
2587 2850 2768 2904 dicere
2796 2849 2974 2906 Patris
3006 2851 3246 2905 bonitate
3275 2850 3470 2907 Filium
3509 2869 3673 2924 gene—

2097 2947 2275 2994 ratum
2299 2956 2443 3003 esse,
2467 2943 2603 2996 nihil
2637 2943 2782 2996 aliud
2806 2950 2911 3006 est,
2943 2957 3102 3010 quam
3131 2943 3308 3016 ipsum
3341 2947 3673 3002 constituere

2099 3041 2152 3087 et
2191 3033 2435 3102 redigere
2479 3034 2544 3086 ad
2577 3035 2915 3089 consimilem
2975 3037 3234 3092 honorem
3292 3054 3413 3092 cum
3469 3038 3674 3093 inﬁmis

2100 3125 2388 3179 creaturis.
2418 3123 2558 3189 Quid
2592 3126 2736 3179 enim
2770 3143 2879 3180 non
2906 3127 3024 3196 ejus
3048 3129 3138 3198 qui
3175 3128 3299 3184 fecit
3330 3130 3574 3184 bonitate
3606 3131 3671 3185 ad

2100 3217 2504 3284 generationem
2570 3218 2860 3285 pervenit?
2911 3219 3000 3273 cui
3067 3221 3366 3290 imputatur
3423 3221 3676 3277 humanae

2100 3315 2310 3360 natura:
2359 3307 2724 3370 constructio,
2783 3307 3114 3377 improbitati
3156 3325 3224 3364 an
3267 3309 3497 3365 bonitati
3555 3313 3675 3382 ejus

2101 3397 2194 3467 qui
2226 3397 2396 3452 fecit?
2423 3401 2511 3453 cui
2550 3399 2862 3453 animalium
2893 3395 3222 3470 generatio?
3276 3403 3582 3472 plantarum
3622 3414 3677 3458 et

2101 3489 2406 3557 germinum
2471 3489 2713 3541 natura?
2768 3485 2912 3541 Nihil
2961 3497 3045 3542 est
3106 3489 3248 3558 quod
3311 3504 3421 3543 non
3477 3490 3677 3545 habeat

2103 3595 2262 3635 suum
2292 3589 2471 3633 ortum
2497 3595 2563 3633 ex
2599 3579 2839 3633 bonitate
2869 3578 2989 3648 ejus
3010 3579 3101 3648 qui
3141 3579 3286 3634 fecit.
3329 3580 3482 3647 Quod
3512 3582 3678 3652 igitur

2103 3667 2156 3720 in
2184 3666 2438 3721 omnibus
2469 3667 2611 3721 ratio
2636 3667 2922 3736 perspicit,
2960 3667 3012 3720 id
3043 3667 3342 3725 Eunomius
3393 3685 3458 3724 ex
3514 3670 3677 3726 bene-

2101 3755 2335 3811 volentia
2371 3753 2512 3810 Filio
2549 3756 2914 3826 gratiﬁcatur.
2945 3755 3103 3821 Quod
3135 3767 3316 3813 autem
3354 3757 3527 3814 Filius
3561 3776 3668 3812 non

2102 3861 2225 3900 cum
2259 3845 2419 3902 Patre
2440 3848 2735 3902 essentiam
2764 3848 2846 3902 vel
2888 3849 3226 3917 majestatem
3261 3851 3566 3921 participet,
3623 3858 3679 3905 et

2102 3954 2445 4009 quaecunque
2476 3938 2606 3993 talia
2647 3939 2902 4008 nugando
2935 3948 2989 3995 et
3022 3941 3342 3998 blaterando
3399 3944 3678 4013 persequi-

2103 4038 2192 4082 tur
2221 4029 2545 4090 Eunomius.
2571 4029 2684 4098 jam
2717 4029 2772 4084 in
2811 4030 3160 4085 sermonibus
3186 4032 3251 4086 de
3304 4029 3463 4085 Patre
3491 4045 3678 4099 repre-

2102 4121 2272 4176 hensa
2310 4129 2438 4176 sunt
2469 4131 2520 4178 et
2546 4121 2798 4184 refutata,
2837 4130 2894 4176 ut
2928 4123 3018 4192 qui
3060 4123 3174 4178 haec
3206 4121 3407 4176 frustra
3454 4133 3509 4177 et
3552 4123 3678 4177 abs—

2101 4227 2206 4281 que
2237 4214 2348 4267 ulla
2381 4212 2736 4282 intelligentia
2774 4212 3083 4282 proiecerit.
3116 4212 3300 4283 Neque
3331 4213 3474 4266 enim
3519 4213 3677 4267 nobis

2102 4303 2228 4359 licet
2259 4319 2324 4358 ex
2355 4311 2546 4359 mutuo
2581 4312 2700 4360 satu
2738 4305 3094 4359 nascentibus
3131 4305 3382 4359 essentize
3433 4305 3489 4358 ﬁt
3541 4305 3682 4359 (Ιίνὶ-

431 4395 699 4467 μερισμὸς
731 4398 820 4450 ἐπὶ
855 4395 948 4450 τοῦ
990 4397 1166 4451 πάντα
1194 4397 1406 4468 ἔχοντος
1432 4399 1500 4452 τὰ
1521 4398 1614 4452 τοῦ
1648 4400 1879 4470 Πατρὸς,
1911 4399 1995 4452 οὐ-

2105 4396 2188 4450 sio
2210 4437 2224 4458 ,
2257 4402 2370 4450 tota
2395 4396 2539 4449 enim
2575 4397 2628 4449 in
2659 4409 2990 4464 unoquoque
3021 4393 3274 4450 essentia:
3302 4405 3483 4450 manet
3516 4397 3676 4461 ratio,

429 4485 484 4537 δε
492 4486 644 4554 μίαν·
664 4487 922 4551 διάνοιαν,
942 4484 1078 4555 πλὴν
1097 4482 1190 4540 τοῦ
1209 4485 1426 4555 ἔλεγχον
1448 4481 1584 4539 εἶναι
1604 4486 1704 4556 τῆς
1725 4486 1994 4550 ἀσεϐείας.

429 4573 637 4629 Οὐκοῦν
676 4575 924 4646 περιττὸν
961 4574 1027 4628 ἃν
1059 4575 1144 4646 είη
1181 4577 1293 4639 τοῖς
1328 4577 1586 4639 τοιούτοις
1621 4578 1999 4650 συμπλεκόμε-

429 4684 516 4722 νον
543 4669 624 4732 είς
649 4667 915 4738 ἀμετρίαν
940 4667 1240 4721 ἀποτείνειν
1264 4668 1352 4721 τὸν
1377 4668 1552 4736 λόγον.

2105 4493 2159 4540 et
2191 4486 2246 4540 in
2279 4485 2464 4556 genito
2491 4492 2544 4540 et
2573 4486 2848 4556 gignente,
2877 4501 3071 4556 neque
3093 4486 3146 4540 in
3175 4495 3470 4556 generante
3501 4485 3680 4540 immi-

2105 4577 2412 4639 nutionem,
2464 4591 2640 4645 neque
2669 4577 2722 4629 in
2758 4577 2942 4645 genito
2976 4579 3371 4631 incrementum
3428 4575 3681 4632 essentia:

2108 4668 2249 4722 ratio
2303 4667 2514 4736 recipit.
2555 4665 2848 4736 Dignitatis
2891 4675 3070 4721 autem
3106 4669 3190 4723 vel
3245 4668 3396 4738 regni
3457 4667 3680 4738 partitio

431 4763 486 4817 in
513 4777 578 4818 eo
607 4763 699 4831 qui
729 4762 914 4816 omnia
949 4777 1069 4830 qua:
1094 4771 1220 4816 sunt
1249 4761 1432 4817 Patris
1463 4763 1625 4818 habet
1669 4765 1873 4818 nullam
1906 4762 2327 4832 intelligentiam
2401 4762 2584 4823 habet,
2654 4761 2750 4816 sed
2820 4761 3114 4832 impietatis
3157 4773 3340 4817 notam
3405 4771 3458 4818 et
3519 4779 3681 4835 argn-

431 4860 694 4908 mentum.
729 4851 1069 4920 Superﬁuum
1103 4852 1266 4921 igitur
1307 4853 1470 4908 fuerit
1494 4854 1696 4909 talibus
1752 4855 2138 4923 complicatum
2174 4855 2229 4906 in
2270 4853 2596 4907 immensum
2631 4851 2952 4922 protrahere
2990 4867 3322 4907 sermonem.

503 4943 646 5013 Πρδς
677 4943 736 4996 δὲ
765 4943 844 5000 εά
881 4943 1076 5014 ἐφεξῆς
1111 4944 1320 5007 τούτοις
1357 4944 1720 5016 μετέλθωμεν.
1753 4945 1993 5010 Δεδοξα-

438 5031 658 5100 σμένον
683 5072 698 5096 ,
741 5034 874 5102 φησὶ
901 5074 914 5093 ,
956 5034 1114 5100 παρὰ
1163 5033 1269 5088 τοῦ
1307 5037 1533 5102 Πατρός
1581 5037 1694 5103 πρὸ
1749 5037 1995 5092 αἰών-ων.

447 5123 841 5178 Ἀττοδέδεικται
878 5125 977 5194 τῆς
1019 5125 1277 5194 ἀληθείας
1315 5128 1342 5179 ὁ
1379 5127 1569 5194 λόγος,
1619 5130 1682 5197 τῇ
1727 5128 2002 5200 μαρτυρίᾳ

438 5212 539 5265 τῶν
567 5213 776 5284 Elepth
805 5214 1220 5285 κρατυνάμενος.
1254 5216 1421 5269 Τοῦτο
1457 5217 1564 5287 γὰρ
1603 5217 1704 5287 τῆς
1731 5218 2001 5289 ἡμετέρας

437 5304 667 5368 πίστεώς
693 5307 809 5357 ἐστι
839 5305 900 5356 τὸ
929 5307 1240 5373 κεφάλαιον,
1272 5308 1352 5360 ὅτι
1387 5307 1534 5378 παρά
1559 5307 1652 5360 τοῦ
1682 5308 1898 5379 Πατρὸς
1945 5309 2004 5372 ἐξ

439 5395 604 5448 ἀῖδίου
626 5396 909 5460 δοξάζεται
940 5399 969 5450 6
1001 5398 1147 5462 Υἱός.
1177 5399 1249 5451 T6
1270 5399 1376 5470 γὰρ
1409 5399 1513 5469 πρὸ
1539 5397 1632 5452 τοῦ
1657 5399 1849 5461 αἰῶνος
1877 5400 2002 5452 ταὺ-

440 5485 499 5538 τό
545 5488 658 5540 ἐστι
690 5488 766 5558 τῷ
810 5489 963 5560 ἀϊδίῳ
993 5491 1133 5558 κα,τά
1161 5491 1264 5561 τὴν
1291 5490 1493 5544 ἔννοιαν
1516 5532 1529 5555 ,
1569 5490 1709 5544 οὕτω
1737 5492 1835 5563 τῆς
1870 5509 2000 5563 προ-

521 5664 564 5696 ⁶⁶
599 5661 716 5716 Art.
765 5679 895 5725 xm,
935 5664 1025 5720 ‘28.
1102 5666 1142 5698 ⁶¹
1180 5663 1410 5735 Philipp.
1442 5681 1500 5731 ιι,
1542 5666 1625 5722 Η.
1703 5668 1746 5700 ⁸³
1779 5665 1908 5721 ibid.
1959 5665 2036 5719 l0.

2177 4944 2259 4998 Ad
2306 4959 2368 4999 ea
2420 4959 2543 5014 quae
2586 4954 2891 5011 sequuntur
2925 4959 3235 5016 pergamus.
3275 4944 3678 5016 Cleri/iratum.

2106 5035 2326 5104 inquit,
2366 5052 2398 5088 α
2447 5034 2608 5089 Patre
2643 5049 2764 5089 ante
2815 5037 3030 5090 saecula.
3069 5036 3330 5094 Veritatis
3371 5052 3678 5094 sermonem

2104 5128 2455 5182 inimicorum
2513 5128 2823 5182 testimonio
2879 5127 3194 5182 conﬁrmari
3247 5129 3678 5182 demonstratum

2107 5229 2209 5276 est.
2244 5220 2363 5275 Hoc
2396 5220 2541 5275 enim
2578 5220 2702 5275 ﬁdei
2737 5229 2936 5276 nostra:
2967 5229 3255 5290 eaputest,
3287 5217 3431 5286 quod
3459 5230 3488 5268 a
3524 5214 3682 5269 Patre

2107 5328 2174 5368 cx
2201 5313 2355 5368 omni
2377 5313 2676 5367 aeternitate
2699 5310 2869 5367 Filius
2899 5313 3251 5382 gloriﬁcatur.
3285 5307 3416 5360 Nam
3435 5313 3559 5361 ante
3581 5321 3682 5361 saa-

2110 5405 2320 5470 culum,
2356 5405 2498 5459 idem
2531 5413 2616 5461 est
2647 5403 2790 5474 quod
2825 5403 2894 5457 ab
2933 5409 3138 5457 azterno
3181 5399 3479 5454 secundum
3535 5398 3683 5453 noti-

2114 5496 2265 5560 tiam,
2308 5496 2388 5552 sic
2427 5497 2710 5568 pmphetia
2759 5493 2916 5548 nobis
2952 5492 3343 5560 interpretante
3388 5493 3532 5561 quod
3585 5486 3684 5542 Dei
