4054 6150
343 238 444 296 ί-ΞῚ

1560 255 1619 309 S.
1654 254 1975 311 GBEGORH
2002 251 2295 311 NYSSENI

3471 251 3576 307 5‘28

342 376 605 423 aeternum
640 378 744 433 cst,
775 367 827 421 in
869 367 1066 436 quibus
1098 370 1173 424 ait
1204 385 1215 420 :
1247 370 1350 435 Qui
1392 384 1466 425 est
1518 383 1638 429 ante
1686 376 1903 429 uacula.

2009 376 2235 445 φητείας
2264 373 2666 445 ἑρμηνευούσης
2712 374 2843 443 ἡμῖν
2874 370 2966 425 τοῦ
3012 368 3147 423 Θεοῦ
3179 369 3240 422 τὸ
3283 368 3480 435 ἀΐδιον,
3521 370 3580 423 ὲν

344 458 513 528 lgitur
543 461 589 514 si
624 474 745 514 esse
776 466 902 513 ante
933 460 1135 514 saecula
1174 468 1327 515 extra
1368 476 1528 517 omne
1584 465 1907 535 principium

343 560 470 608 est:
527 551 616 604 ille
652 550 744 619 qui
796 558 922 607 ante
976 553 1175 607 sarcula
1227 552 1365 608 Filio
1408 554 1596 609 tribuit
1647 556 1906 625 gloriam,

344 644 514 697 multo
537 642 687 712 prius
716 643 819 711 ipsi
846 644 1233 713 sempiternam
1260 661 1359 700 suo
1386 646 1693 702 testimonio
1716 649 1911 703 asserit

340 735 759 802 cxsistenziam;
810 750 916 790 non
942 737 1085 791 enim
1122 737 1174 792 id
1213 738 1357 807 quod
1405 754 1509 792 non
1555 747 1676 803 est,
1726 740 1820 795 sed
1856 740 1910 794 id

343 830 489 899 quod
524 837 610 884 cst
647 844 877 899 prorsus
922 830 1281 898 glorificatur.
1334 830 1530 887 Postea
1577 847 1706 886 vero
1758 832 1910 888 blas-

344 922 571 989 phemiae
601 928 793 975 contra
827 920 1091 990 Spiritum
1125 929 1375 976 sanctum
1409 922 1511 976 sibi
1558 923 1658 992 ipsi
1701 924 1909 977 semina

344 1012 585 1080 spargit;
620 1028 728 1065 non
761 1020 819 1064 ut
862 1009 1055 1064 Filium
1089 1011 1389 1081 glorificet,
1426 1013 1521 1067 sed
1561 1026 1618 1067 ιιι
1650 1014 1703 1066 in
1737 1012 1909 1082 Spiri-

344 1112 458 1156 tum
492 1112 744 1157 sanctum
792 1105 1123 1159 temulentus
1167 1104 1555 1158 debacchetur.
1604 1103 1736 1157 Nam
1780 1085 1913 1158 dum

343 1195 457 1247 vult
489 1192 752 1262 Spiritum
796 1203 1044 1249 sanctum
1074 1202 1279 1263 partem
1311 1209 1431 1248 esse
1462 1195 1718 1264 angelicae.
1760 1205 1909 1263 pote-

348 1287 529 1347 statis,
566 1286 669 1339 hoc
708 1286 948 1354 profudit
984 1305 994 1338 :
1028 1302 1150 1338 cum
1191 1285 1346 1348 dixit,
1376 1285 1721 1353 Gloriﬁcatur
1750 1303 1780 1338 a
1805 1288 1910 1353 spi-

342 1381 451 1432 ritu
478 1394 568 1446 per
593 1378 842 1433 sa'culttm
887 1388 938 1431 et
967 1378 1029 1430 ab
1069 1378 1210 1429 omni
1249 1376 1502 1429 rationali
1536 1387 1585 1430 et
1623 1377 1909 1445 generabili

341 1470 587 1522 essentia.
621 1467 699 1522 Ac
734 1468 778 1521 si
824 1468 970 1529 nulla
1006 1467 1228 1520 omnino
1265 1475 1407 1520 esset
1459 1467 1599 1519 inter
1643 1465 1905 1535 Spiritum

343 1567 613 1624 sanctum,
644 1567 699 1613 et
721 1558 979 1627 quidquid
1008 1557 1245 1628 gignitur
1277 1556 1604 1622 differentia,
1636 1558 1903 1627 siquidem

342 1650 423 1701 sic
466 1648 750 1702 Dominum
789 1647 1025 1717 Spiritus
1070 1657 1295 1702 sanctus
1331 1648 1629 1716 gloriﬁcat,
1663 1650 1807 1702 sicut
1853 1657 1905 1703 et

343 1740 449 1792 alia
486 1741 665 1793 omnia
702 1740 768 1793 de
801 1740 1002 1809 quibus
1028 1740 1295 1808 Pmpheta
1326 1748 1547 1793 enarrat
1570 1780 1583 1803 ,
1628 1740 1803 1808 angeli
1852 1747 1905 1793 ct

342 1838 661 1899 potestates,
693 1839 746 1885 et
770 1831 1032 1885 ctelorum
1060 1830 1183 1883 creti
1215 1837 1268 1883 et
1299 1847 1417 1898 qum
1447 1846 1607 1898 supra
1642 1829 1904 1883 mundum

339 1927 424 1975 est
461 1936 627 1991 aqua,
674 1930 728 1974 et
768 1936 888 1991 quae
927 1930 1054 1976 sunt
1089 1936 1153 1975 ex
1181 1929 1324 1975 terra
1353 1922 1532 1975 omnia
1558 1961 1571 1981 ,
1604 1920 1902 1988 dracones,

340 2012 556 2081 abyssi,
604 2013 779 2083 ignis,
826 2012 1036 2083 grando
1058 2054 1071 2077 ,
1105 2013 1228 2071 nix,
1264 2013 1486 2082 glacies,
1519 2014 1903 2083 spiritus.pro-

340 2101 512 2165 cella,
549 2109 763 2155 montes
791 2109 843 2155 et
880 2116 1069 2155 omnes
1100 2102 1302 2160 colles,
1343 2102 1483 2169 ligna
1526 2102 1804 2155 fructifera
1852 2110 1906 2155 et

341 2206 530 2245 omnes
561 2190 731 2257 cedri,
762 2192 970 2252 bestiae,
1002 2190 1277 2259 iumenta,
1309 2192 1518 2258 reptilia
1566 2201 1621 2247 et
1663 2193 1904 2246 volucria

344 2292 574 2351 pennata
603 2283 667 2336 ".
702 2281 757 2335 Si
784 2282 948 2351 igitur
973 2296 1097 2335 cum
1144 2281 1229 2336 his
1259 2282 1392 2335 dicit
1430 2283 1591 2335 etiam
1640 2282 1901 2351 Spiritum

343 2380 589 2426 sanctum
614 2373 910 2443 gloriﬁcare
935 2369 1152 2431 Filium,
1180 2388 1345 2424 unum
1380 2371 1574 2423 horum
1602 2386 1724 2425 esse
1746 2387 1903 2440 pror-

344 2480 439 2519 sus
467 2474 521 2519 et
564 2466 704 2520 idem
741 2466 901 2535 impia
936 2464 1045 2519 Deo
1086 2464 1301 2519 rebellis
1334 2464 1516 2535 lingua
1562 2465 1901 2533 pronuntiat.

412 2727 543 2792 Quae
597 2737 898 2796 sequuntur
958 2729 1216 2797 deinceps
1270 2732 1411 2785 male
1461 2730 1790 2786 cohaerentia
1850 2742 1905 2789 et

341 2824 598 2869 contexta
626 2817 748 2871 dico
778 2818 1034 2885 prteclztrc
1068 2834 1126 2873 se
1154 2819 1354 2873 habere
1390 2820 1435 2874 si
1486 2826 1903 2889 practermittan-

343 2916 450 2959 tur.
486 2904 601 2959 Non
633 2907 775 2975 quod
808 2907 917 2962 sint
964 2908 1163 2961 invicta
1217 2918 1378 2977 atque
1428 2911 1899 2982 inexpugnabilia,

2010 460 2091 528 οἷς
2120 482 2281 535 φησιν
2299 508 2312 530 ,
2367 465 2427 517 '0
2452 463 2731 530 ὑπάρχων
2755 462 2867 530 πρὸ
2888 460 3005 515 τῶν
3025 460 3269 513 αἰώνων.
3304 460 3365 511 Εἰ
3398 454 3490 511 οὖν
3510 459 3572 511 τὸ

2012 554 2276 624 ὑπάρχειν
2311 553 2416 625 πρὸ
2450 552 2556 605 τῶν
2586 553 2815 617 αἰώνων,
2850 552 3027 619 πάσης
3058 550 3230 620 ἀρχῆς
3274 551 3419 601 ἐστιν
3449 547 3580 614 ὲξώ-

2008 661 2197 715 τερονσ
2242 647 2270 697 ὀ
2314 644 2411 715 τὴν
2446 643 2766 714 προαιώνιον
2799 641 2875 710 τῷ
2928 639 3041 709 Υίῷ
3090 638 3359 701 ἀνατιθεὶς
3402 638 3577 702 δόξαν,

2011 733 2145 787 πολὺ
2181 734 2440 804 πρότερον
2478 732 2627 803 αὑτῷ
2647 733 2746 801 τὴν
2774 730 2831 793 ἐξ
2857 730 3024 783 amico
3058 728 3581 799 προσεμαρτύρησεν

2012 824 2264 896 ὕπαρξιν.
2302 828 2373 879 Οὐ
2405 826 2513 896 γὰρ
2544 824 2605 877 τὸ
2637 823 2711 894 μὴ
2742 821 2831 889 ὃν,
2857 821 2991 874 ἀλλὰ
3013 822 3074 873 τὸ
3101 821 3159 873 ὃν
3185 821 3403 884 πάντως
3423 820 3579 886 δοξά-

2010 916 2181 980 ζεται.
2210 918 2363 969 Μετὰ
2393 916 2566 969 ταῦτα
2593 914 2683 976 δὲ,
2715 914 2814 984 τῆς
2856 912 2994 965 κατὰ
3025 912 3115 981 τού
3146 913 3299 980 ἁγίου
3329 912 3581 982 Πνεύμα-

2008 1024 2099 1070 τος
2155 1007 2499 1076 βλασφημίας
2542 1006 2717 1077 ἑαυτῷ
2766 1007 2835 1060 τὰ
2879 1006 3165 1076 σπέρματα
3216 1004 3576 1057 καταϐάλλει’

2008 1100 2104 1167 οὑχ
2139 1099 2225 1151 ἶνα
2258 1098 2345 1150 τὸν
2376 1098 2500 1149 Υἰδν
2532 1097 2729 1167 δοξάσῃ
2754 1137 2768 1160 ,
2823 1096 2936 1149 ἀλλ’
2968 1097 3055 1149 ἵνα
3086 1095 3161 1165 τῷ
3192 1094 3467 1164 Πνεύματι
3498 1095 3580 1166 τῷ

2010 1192 2151 1261 ἁγίῳ
2179 1191 2575 1262 ἐμπαροινήσῃ.
2612 1190 2941 1260 Βουλόμενος
2970 1188 3077 1259 γὰρ
3132 1188 3296 1257 μέρος
3327 1187 3427 1256 τῆς
3475 1189 3578 1256 ἀγο

2008 1281 2229 1351 γελικῆς
2284 1281 2564 1350 δυνάμεως
2616 1279 2894 1344 ἀποδεῖξαι
2926 1280 2987 1331 τὸ
3021 1279 3241 1348 Πνεῦμα
3290 1279 3349 1331 τὸ
3400 1280 3575 1346 ἆγιον,

2008 1372 2166 1425 τοῦτο
2193 1373 2557 1443 προσέρριψεν
2583 1413 2597 1437 ,
2632 1372 2835 1434 εἰπὼν,
2876 1373 2957 1424 ὅτι
3008 1372 3409 1439 Δοξαςὶτμενον
3458 1372 3575 1426 ὑπὸ

2008 1464 2113 1518 τοῦ
2154 1464 2493 1531 πνεύματος
2535 1462 2859 1535 δι’ναὶῶνος
2882 1503 2897 1525 ,
2933 1467 3030 1516 καὶ
3088 1461 3289 1527 πάσης
3324 1461 3577 1530 λογικῆς

2008 1553 2105 1606 καὶ
2139 1551 2433 1622 γπνητῆς
2469 1553 2714 1615 οὐσίας·
2762 1551 2839 1614 ὡς
2879 1551 3146 1621 μηδεμίαν
3206 1545 3342 1602 εἶναι
3384 1551 3574 1620 διαφο-

2011 1643 2109 1714 ρὰν
2137 1643 2213 1713 τῷ
2239 1643 2514 1713 Πνεύματι
2542 1640 2619 1711 τῷ
2650 1642 2788 1711 ἁγίῳ
2832 1642 2960 1711 πρὸς
3010 1643 3116 1694 πᾶν
3164 1641 3223 1692 τὸ
3272 1641 3573 1710 γινόμενον,

2008 1736 2163 1805 εἴπερ
2195 1734 2335 1786 οὕτω
2358 1733 2567 1799 δοξάζει
2598 1734 2687 1785 τὸν
2718 1734 2920 1804 Κύριον
2948 1732 3007 1784 τὸ
3040 1730 3262 1801 Πνεῦμα
3298 1732 3358 1783 τὸ
3398 1733 3577 1799 ἆγιον,

2026 1829 2103 1889 ὡς
2133 1826 2225 1880 καὶ
2245 1826 2312 1878 τὰ
2341 1824 2475 1878 ἄλλα
2503 1824 2676 1876 πάντα
2700 1825 2825 1894 περὶ
2851 1816 2924 1876 ὧν
2950 1822 3283 1895 ὁῐῐροερήτης
3304 1821 3574 1885 διέξεισιν,

2006 1921 2054 1971 οἰ
2083 1919 2299 1986 ἄγγελοι
2331 1917 2421 1969 καὶ
2452 1918 2505 1968 αἰ
2527 1916 2801 1986 δυνάμεις,
2818 1918 2921 1969 καὶ
2943 1915 3049 1967 τῶν
3074 1914 3316 1985 οὐρανῶν
3343 1916 3390 1965 οἰ
3412 1914 3578 1983 ούρα-

2005 2011 2106 2075 νοὶ,
2138 2011 2227 2064 καὶ
2254 2010 2315 2062 τὸ
2343 2009 2707 2079 ὑπερκόσμιον
2734 2008 2875 2078 ὑδωρ
2894 2051 2908 2074 ,
2940 2008 3035 2062 καὶ
3059 2006 3126 2059 τὰ
3154 2010 3215 2058 ὲκ
3241 2005 3344 2073 γῆς
3374 2006 3573 2066 πάντα,

2004 2102 2312 2172 δράκοντες,
2350 2100 2595 2164 ἄϐυσσοι,
2633 2099 2764 2170 πῦρ,
2801 2091 3199 2166 χάλαζα,χιὼν,
3222 2093 3573 2165 κρύσταλλος,

2006 2193 2223 2263 πνεῦμα
2274 2191 2615 2258 καταιγίδος,
2650 2188 2717 2242 τὰ
2769 2188 2867 2258 ὄρη
2926 2188 3019 2240 καὶ
3058 2186 3253 2249 πάντες
3287 2187 3333 2237 οἱ
3373 2184 3571 2254 βουνοὶ,

2007 2283 2136 2349 ξύλα
2169 2282 2493 2354 καρποφόρα
2557 2282 2651 2334 καὶ
2683 2281 2852 2333 πᾶσαι
2884 2276 3063 2348 κέδροι
3091 2320 3103 2341 ,
3147 2277 3216 2330 τὰ
3246 2276 3408 2346 Θηρία
3480 2277 3573 2328 καὶ

2006 2375 2185 2429 πάντα
2215 2375 2284 2427 τὰ
2327 2379 2532 2446 κτήνη,
2570 2374 2772 2443 ἑρπετὰ
2803 2374 2898 2425 καὶ
2950 2370 3169 2424 πετεινὰ
3210 2369 3477 2441 πτερωτά.
3506 2370 3569 2421 Ei

2003 2461 2095 2518 οὖν
2130 2466 2264 2535 μετᾶ
2293 2465 2495 2517 τούτων
2540 2465 2685 2531 λέγει
2719 2462 2961 2529 δοξάζειν
3013 2463 3105 2512 τὸν
3156 2460 3357 2530 Κύριον
3385 2459 3477 2511 καὶ
3510 2457 3572 2510 τὸ

2005 2556 2227 2626 Πνεῦμα
2252 2555 2312 2607 τὸ
2339 2556 2491 2623 ἆγιον
2515 2594 2529 2617 ,
2560 2555 2616 2607 ἓν
2659 2554 2860 2607 τούτων
2888 2549 3024 2605 εἶναι
3056 2553 3270 2615 πάντως
3301 2552 3391 2604 καὶ
3420 2550 3572 2615 αὐτὸ,

2005 2650 2037 2716 ἡ
2071 2646 2332 2715 θεομάχος
2365 2647 2718 2714 ἀποφαίνεται
2750 2645 2991 2711 γλῶσσα.

2077 2738 2156 2791 Τὰ
2203 2738 2258 2789 δὲ
2314 2737 2505 2806 ἐφεξῆς
2537 2736 2744 2799 τούτοις
2790 2736 3173 2806 ἁσυναρτήτως
3208 2734 3577 2804 προσκείμενα

2004 2826 2303 2897 ὑπερϐῆναί
2338 2843 2477 2895 φημι
2502 2826 2609 2877 δεῖν
2645 2825 2821 2887 καλῶς
2864 2824 3038 2893 ἔχειν,
3082 2824 3177 2891 οὑχ
3202 2824 3275 2884 ὼς
3319 2822 3576 2891 ἁλήπτως

2004 2917 2211 2987 ἔχοντα,
2242 2917 2358 2968 ἀλλ’
2379 2916 2453 2978 ὡς
2476 2916 2746 2985 δυνάμενα
2778 2914 2871 2967 καὶ
2902 2914 3050 2983 παρὰ
3077 2914 3183 2965 τῶν
3209 2911 3577 2965 εὐσεϐούντων

342 2996 434 3050 sed
463 2996 605 3065 quod
634 3011 661 3048 a
701 2996 784 3064 pie
814 2998 1175 3051 sentientibus
1204 3000 1310 3053 dici
1351 3001 1595 3069 possint,
1632 3004 1899 3071 siquidem

2005 3007 2286 3076 λέγεσθαι,
2318 3008 2470 3077 εἴπερ
2496 3005 2836 3075 διαζευχθείη
2873 3005 2970 3073 τῆς
3012 3004 3355 3073 κακοτρόπου
3396 3002 3573 3072 ἐμφά-

339 3094 525 3147 esscnt
568 3100 598 3138 a
648 3087 877 3157 maligna
923 3089 1295 3144 enuntiatione
1342 3092 1633 3159 disjuncta.
1686 3094 1817 3147 Nam
1855 3098 1901 3151 si

340 3174 469 3245 quid
503 3176 573 3231 ab
623 3177 741 3248 ipso
791 3194 979 3232 eorum
1031 3196 1151 3249 qua:
1203 3181 1271 3234 ad
1325 3182 1579 3250 pietatem
1634 3186 1904 3252 pertinent

341 3267 679 3336 proponitur,
716 3268 767 3321 id
800 3270 904 3325 tale
944 3285 1042 3339 pro
1076 3286 1199 3325 esca
1234 3280 1289 3325 et
1320 3273 1573 3326 illecebra
1606 3276 1902 3343 simplicio-

340 3358 493 3413 ribus
514 3360 829 3429 porrigitur,
851 3369 908 3413 ut
936 3362 1097 3425 simul
1128 3376 1249 3414 cum
1278 3362 1362 3415 his
1393 3363 1686 3429 impietatis
1711 3366 1902 3421 hamus

338 3447 715 3504 absorbeatur.
767 3451 902 3504 Cum
966 3452 1109 3503 enim
1172 3451 1400 3504 dixisset
1455 3453 1741 3521 quaedam,
1782 3470 1903 3526 qua:

338 3539 502 3591 etiam
546 3539 751 3595 diceret
799 3540 1243 3605 ecclesiasticus,
1280 3541 1495 3610 adjicit,
1539 3542 1780 3600 obediens
1833 3547 1902 3600 ad

338 3645 517 3681 eorum
548 3645 661 3698 qua:
690 3638 810 3681 sunt
842 3630 1106 3696 opificium
1137 3640 1185 3684 et
1214 3636 1630 3702 generationem,
1659 3638 1899 3693 obediens

340 3719 408 3771 ad
456 3736 658 3773 onment
702 3718 1174 3787 dispensationem,
1226 3741 1327 3777 non
1365 3743 1429 3780 ex
1472 3728 1762 3784 obedientia
1808 3731 1903 3786 hoc

340 3810 560 3879 adeptus
589 3820 646 3862 ut
686 3821 821 3865 esset
854 3811 991 3865 Deus
1020 3812 1194 3868 Filius
1222 3857 1236 3880 ,
1265 3817 1355 3870 sed
1386 3821 1509 3887 quia
1536 3822 1603 3873 sit
1634 3819 1807 3876 Filius
1853 3834 1900 3877 et

339 3903 543 3971 genitus
589 3899 900 3971 Unigenitus
926 3901 1089 3966 Deus,
1117 3905 1292 3972 factus
1334 3908 1574 3963 obediens
1610 3912 1665 3963 in
1710 3912 1898 3977 verbis,

339 3992 579 4046 obediens
610 3995 663 4046 in
696 3996 953 4061 operibus.
990 3998 1153 4067 Atqui
1191 4001 1315 4067 quis
1343 4015 1530 4053 eorum
1575 4004 1666 4069 qui
1716 4004 1769 4057 in
1821 4005 1905 4057 di-

340 4079 481 4133 vinis
514 4081 738 4137 vocibus
785 4084 984 4138 versati
1041 4095 1094 4138 ct
1136 4088 1417 4141 exercitati
1471 4100 1596 4144 sunt
1650 4093 1899 4157 nesciat,

339 4171 557 4241 quando
599 4187 630 4226 a
678 4188 873 4244 magno
916 4174 1083 4230 Paulo
1116 4177 1320 4231 dictum
1349 4189 1463 4243 est,
1498 4188 1549 4234 et
1589 4182 1691 4236 hoc
1738 4184 1902 4239 semel

340 4274 549 4319 tantum
595 4266 662 4322 de
713 4267 863 4336 ipso,
897 4268 1041 4337 quod
1069 4269 1331 4326 obcdiens
1366 4270 1539 4327 factus
1570 4272 1748 4327 est“?
1776 4290 1899 4328 cum

2006 3113 2161 3159 σεως.
2201 3097 2261 3148 Εἰ
2296 3097 2402 3165 γάρ
2432 3112 2483 3146 τι
2512 3096 2603 3148 καὶ
2644 3095 2959 3164 πρόσκειται
3000 3094 3129 3163 παρ’
3160 3092 3321 3145 αὑτοῦ
3355 3093 3461 3144 τῶν
3496 3093 3575 3153 εἰς

2003 3186 2281 3239 εὐσέϐειαν
2313 3186 2689 3238 συντεινόντων
2711 3227 2724 3247 ,
2766 3185 2887 3236 ἀντὶ
2919 3184 3280 3252 δελεάσματος
3314 3183 3374 3235 τὸ
3404 3182 3576 3235 τοιοῦ-

2001 3293 2091 3329 τον
2116 3278 2229 3337 τοῖς
2257 3275 2658 3345 ἀκεραιοτέροις
2685 3273 3043 3343 προτείνεται,
3068 3274 3153 3326 ἵνα
3188 3272 3571 3343 συγκαταποθῇ

2003 3365 2210 3427 τούτοις
2247 3366 2338 3417 καὶ
2378 3366 2437 3417 τὸ
2468 3365 2566 3434 τῆς
2598 3365 2847 3427 ἀσεϐείας
2879 3365 3195 3433 ἄγκιστρον.
3238 3363 3418 3415 Εἰπὼν
3465 3362 3575 3431 γάρ

2002 3470 2124 3507 τινα
2154 3454 2295 3525 ἅπερ
2334 3454 2398 3507 ἂν
2429 3455 2521 3507 καὶ
2554 3456 2581 3507 ὀ
2644 3453 3096 3524 ὲκκλησιαστικὸς
3132 3451 3307 3513 εἴποι,
3350 3452 3573 3522 προστί-

2004 3542 2181 3611 θησιν,
2216 3542 2499 3608 Ὑπήκοος
2524 3542 2673 3610 πρὸς
2698 3542 2811 3608 τὴν
2834 3541 2951 3594 τῶν
2977 3541 3166 3595 ὄντων
3189 3541 3575 3610 δημιουργίαν

2002 3634 2101 3686 καί
2120 3633 2380 3701 γένεσιν,
2411 3633 2678 3698 ὑπήκοος
2706 3634 2852 3700 πρὸς
2883 3634 3089 3687 πᾶσαν
3117 3632 3435 3698 διοίκησιν,
3462 3634 3574 3686 οὐκ

1998 3720 2070 3776 ἐκ
2097 3720 2207 3789 τῆς
2234 3722 2506 3789 ὑπακοῆς
2551 3722 2910 3790 προσλαϐὼν
2938 3724 3002 3775 τὸ
3035 3719 3187 3777 εἶναι
3237 3722 3368 3788 Υἱός
3406 3721 3568 3787 Θεὸς,

2002 3814 2139 3867 ἀλλ’
2170 3814 2237 3865 ἐκ
2258 3814 2364 3867 τοῦ
2400 3812 2530 3878 Υἱὸς
2551 3809 2701 3867 εἶναι
2728 3814 2822 3867 καὶ
2848 3813 3203 3883 γεννηθῆναι
3227 3812 3568 3881 Μονογενὴς

2006 3903 2186 3968 Θεὸς,
2218 3906 2535 3974 γενόμενος
2587 3904 2852 3969 ὑπήκοος
2898 3905 2968 3957 ἐν
3012 3906 3249 3973 λόγοις,
3306 3903 3575 3969 ὑπήκοος

2002 3996 2070 4048 ἐν
2090 3995 2299 4064 ἔργοις.
2334 3998 2522 4049 Καίτοι
2555 3996 2636 4059 τίς
2665 3998 2765 4048 οὐκ
2795 3993 2900 4048 οἶδε
2940 3996 3047 4048 τῶν
3085 3998 3203 4058 ταῖς
3235 3996 3408 4059 Θείαις
3435 3994 3573 4048 καϐ-

2002 4087 2353 4160 ωμιληκότων
2396 4091 2598 4157 φωναῖς
2622 4128 2635 4151 ,
2693 4088 2820 4140 ποτε
2850 4087 3060 4158 εἴρηται
3093 4087 3239 4158 παρὰ
3276 4087 3366 4140 τοῦ
3406 4089 3572 4157 μεγά-

2002 4181 2092 4234 λου
2126 4181 2335 4234 Παύλου
2437 4180 2716 4234 καὶτοῦτο
2767 4183 2849 4250 ἐφ’
2881 4182 3028 4245 ἅπαξ
3075 4182 3202 4251 περὶ
3248 4181 3448 4245 αὑτοῦ,
3488 4183 3567 4234 ὃτι

2005 4274 2239 4341 ὑπήκοος
2273 4273 2487 4340 ἐγένετο
2512 4292 2525 4338 ;
2568 4274 2694 4326 Ὅτε
2720 4274 2825 4344 γὰρ
2853 4273 2943 4326 ἐπὶ
2976 4273 3052 4342 τῷ
3086 4273 3372 4344 πληρῶσαι
3398 4273 3456 4325 τὸ
3485 4272 3570 4324 διὰ

337 4355 504 4420 enim,
541 4363 599 4408 ut
638 4371 734 4425 per
756 4372 974 4412 crucem
1008 4358 1327 4429 adimpleret
1361 4363 1697 4431 mysterium,
1732 4366 1901 4430 venit,

2007 4362 2099 4416 τοῦ
2136 4365 2366 4434 σταυροῦ
2398 4366 2689 4434 μυστήριον
2715 4361 2895 4434 ἦλθεν,
2926 4368 2953 4417 ὁ
2992 4365 3230 4427 κενώσας
3294 4366 3483 4422 ἑαυτὸν
3514 4364 3570 4415 ἐν

337 4459 461 4499 cum
488 4446 725 4515 seipsum
739 4448 1037 4505 exinanivit
1054 4451 1106 4504 in
1129 4451 1301 4506 forma
1320 4454 1485 4515 servi,
1508 4470 1631 4508 cum
1666 4456 1904 4524 seipsum

339 4537 599 4592 humilem
629 4546 683 4593 et
722 4540 992 4608 ahjectutn
1027 4542 1257 4611 praebuit
1332 4544 1385 4596 in
1432 4543 1666 4600 hominis
1711 4546 1906 4601 simili-

336 4625 525 4682 tudine
550 4636 604 4680 et
635 4628 826 4697 ﬁgura,
864 4630 1116 4685 inventus
1148 4642 1205 4684 ut
1230 4633 1392 4686 homo
1424 4633 1475 4687 in
1510 4635 1696 4688 humili
1731 4635 1905 4690 ltOtni-

338 4732 467 4770 num
517 4728 748 4781 natura,
804 4727 936 4776 tunc
992 4722 1250 4777 obcdicns
1292 4724 1520 4778 eﬂicitur
1557 4725 1648 4794 qui
1687 4738 1903 4782 nostras

338 4808 637 4874 assumpsit
674 4810 1014 4867 infirmitates
1049 4822 1103 4867 et
1152 4813 1371 4869 morbos
1407 4816 1673 4883 gestavit,
1712 4817 1902 4872 inobe-

336 4897 618 4964 dientiam,
647 4900 759 4954 sive
787 4907 1184 4959 contumaciam
1217 4905 1492 4960 hominum
1524 4923 1620 4961 sua
1647 4910 1902 4967 obedien-

337 4990 413 5046 tia
444 4990 684 5062 perfecte
718 5002 940 5059 sanans,
976 5007 1034 5049 ut
1062 4998 1180 5066 ejus
1216 4998 1413 5059 vibice,
1457 5000 1571 5055 sive
1599 5002 1767 5056 livore
1804 5020 1903 5058 no-

336 5094 513 5139 strum
543 5090 830 5139 sanarctur
858 5087 1073 5149 vulnus.
1108 5097 1159 5141 ct
1191 5104 1407 5158 prOprta
1438 5100 1629 5157 morte,
1658 5108 1895 5149 commu-

335 5192 458 5233 nem
489 5175 769 5231 hominum
814 5186 1040 5231 mortem
1078 5178 1352 5243 aboleret,
1388 5191 1515 5236 tunc
1544 5192 1762 5254 propter
1802 5202 1901 5240 nos

338 5264 514 5323 factus
538 5276 622 5322 est
650 5265 938 5330 obediens,
987 5265 1129 5320 sicut
1162 5278 1215 5321 et
1255 5280 1532 5337 peccatum
1581 5280 1634 5325 et
1677 5275 1902 5330 maledi-

335 5355 480 5423 Ctio,
527 5357 642 5413 sive
696 5357 1001 5413 exsecratio
1037 5365 1263 5427 propter
1301 5359 1766 5428 dispensationem
1802 5379 1902 5433 pro

338 5447 499 5503 nobis
535 5458 842 5521 susceptam
885 5448 1060 5506 factus
1106 5459 1209 5514 est,
1250 5464 1373 5505 cum
1415 5458 1606 5506 natura
1643 5453 1747 5509 hoc
1793 5471 1901 5511 non

410 5626 455 5659 "
490 5625 634 5680 Psal.
682 5644 900 5693 cxu'ttt,
932 5628 963 5683 8
995 5644 1145 5700 seqq.
1227 5629 1272 5662 “
1315 5628 1550 5700 Philipp.
1580 5646 1639 5697 ll,
1686 5630 1740 5685 8.

2008 4456 2072 4525 τῇ
2111 4454 2202 4507 τοῦ
2253 4454 2438 4508 δούλου
2491 4459 2704 4527 μορφῇ,
2740 4456 2832 4508 καὶ
2882 4455 3223 4517 ταπεινώσας
3262 4454 3451 4506 ἑαυτὸν
3496 4452 3571 4522 τῷ

2007 4547 2099 4599 τοῦ
2134 4547 2419 4618 ἀνθρώπου
2448 4550 2749 4619 ὀμοιώματί
2790 4567 2845 4601 τε
2883 4550 2975 4601 καὶ
3015 4549 3289 4617 σχήματι,
3331 4546 3571 4616 εὑρεθεὶς

2007 4637 2081 4698 ώς
2107 4636 2389 4708 ἄνθρωπος
2439 4641 2495 4690 ἐν
2538 4640 2602 4708 τῇ
2648 4642 2874 4708 ταπεινῇ
2908 4638 3015 4690 τῶν
3052 4635 3353 4707 ἀνθρώπων
3390 4636 3568 4703 φύσει,

2004 4728 2124 4781 τότε
2164 4729 2399 4798 ὑπήκοος
2435 4729 2662 4797 γίνεται,
2691 4731 2719 4781 ὁ
2747 4730 2844 4791 τὰς
2868 4727 3150 4789 ἀσθενείας
3178 4725 3333 4796 ἡμῶν
3373 4724 3571 4777 ἀναλα-

2005 4818 2143 4883 ϐὼν,
2183 4821 2401 4883 καὶτὰς
2449 4821 2632 4883 νόσους
2667 4820 2965 4889 βαστάσας,
2994 4819 3089 4888 τὴν
3142 4816 3424 4887 παρακοὴν
3462 4814 3570 4865 τῶν

2005 4908 2304 4979 ἀνθρώπων
2330 4910 2415 4964 διὰ
2453 4912 2548 4981 τῆς
2593 4911 2724 4974 ἰδίας
2751 4911 2994 4980 ὑπακοῆς
3023 4908 3344 4977 ἐξιώμενος,
3378 4906 3464 4959 ἵνα
3496 4903 3571 4973 τῷ

2007 5000 2231 5070 μώλωπι
2259 5001 2419 5054 αὑτοῦ
2451 5002 2510 5054 τὸ
2548 5004 2813 5073 ἡμέτερον
2847 5002 3061 5070 ἰάσηται
3090 5000 3329 5070 τραῦμα,
3357 4999 3452 5050 καὶ
3486 4995 3573 5047 διὰ

2002 5093 2095 5145 τοῦ
2128 5093 2254 5147 ίδίου
2286 5093 2512 5147 θανάτου
2538 5094 2629 5146 τὸν
2659 5093 2833 5147 κοινὸν
2874 5092 3103 5145 Θάνατον
3133 5088 3240 5141 τῶν
3269 5085 3571 5157 ἀνθρώπων

2002 5183 2297 5256 ἐξαφανίσῃ
2325 5228 2339 5246 ,
2369 5186 2488 5237 τότε
2550 5186 2613 5237 δι’
2644 5187 2790 5256 ἡμᾶς
2830 5186 3065 5254 ὑπήκοος
3093 5181 3299 5249 γίνεται
3326 5219 3339 5241 ,
3375 5178 3450 5239 ὡς
3481 5177 3573 5228 καὶ

2003 5275 2240 5345 ἁμαρτία
2269 5276 2360 5328 καὶ
2387 5276 2597 5345 κατάρα
2633 5276 2719 5327 διὰ
2760 5274 2857 5345 τὴν
2895 5274 3034 5343 ὑπὲρ
3074 5269 3228 5341 ἡμῶν
3268 5265 3573 5335 οἰκονομίαν

2003 5366 2232 5433 ἐγένετο,
2258 5368 2317 5421 οὐ
2355 5368 2513 5435 φύσει
2545 5367 2700 5420 τοῦτο
2722 5365 2815 5431 ὢν,
2840 5364 2976 5417 ἀλλὰ
3000 5362 3143 5417 κατὰ
3169 5355 3572 5429 φιλανθρωπίαν

2001 5459 2305 5529 γενόμενος.
2350 5461 2453 5513 Τὸν
2512 5460 2568 5512 δὲ
2620 5459 2888 5513 τοσούτων
2943 5453 3197 5513 ὑπακοῶν
3256 5448 3571 5517 κατάλογον,
