4054 6150
445 325 551 383 529

1569 323 1849 380 CONTRA
1890 319 2282 385 EUNOMIUM,
2323 319 2451 375 LIB.
2495 319 2558 375 ll.

3587 323 3706 378 551)-

445 436 596 505 παρὰ
646 433 802 498 ποίας
834 433 1078 505 ἐδιδάχθη
1105 435 1359 506 Γραφῆς;
1391 436 1463 487 T6
1492 435 1728 489 ἐναντίον
1769 433 1867 504 μὲν
1919 431 2010 487 οὖν

2125 436 2206 498 sit,
2243 435 2336 490 sed
2362 443 2586 502 propter
2617 445 2857 485 amorem
2889 441 2942 486 et
2967 431 3406 489 benevolentiam
3438 433 3493 487 in
3521 434 3693 490 homi-

446 529 595 581 πᾶσα
623 526 973 590 θεόπνευστος
1001 527 1192 599 Γραφὴ
1251 528 1350 598 τὴν
1381 527 1702 597 αὐθεντικὴν
1745 526 1894 596 αὑτῷ
1921 527 2014 579 καὶ

443 617 908 688 αὐτοκρατορικὴν
957 621 1367 690 προσμαρτυρεῖ
1419 617 1666 683 ἐξουσίαν
1692 659 1706 684 ,
1761 618 2009 686 λέγουσα,

444 708 638 774 Αὐτὸς
666 710 814 773 εἷπε,
864 709 962 763 καὶ
993 709 1368 779 ἐγενήθησαν
1391 749 1407 774 ,
1440 709 1622 774 αὐτὸς
1653 709 2012 775 ἐνετείλατο,

444 798 540 851 καί
567 798 958 865 ἐκτίσθησαν.
991 799 1157 869 Δῆλον
1183 799 1290 870 γὰρ
1315 800 1395 852 ὅτι
1424 797 1596 853 ταῦτά
1627 816 1789 869 φησιν
1815 799 1842 849 6
1869 800 2012 869 Προ-

445 889 624 959 φήτης
699 889 824 960 περὶ
861 888 952 941 τοῦ
991 887 1058 942 τά
1091 889 1378 959 σύμπαντα
1416 889 1668 958 φέροντος
1705 888 1782 959 τῷ
1813 890 2014 960 ῥήματι

443 979 542 1049 τῆς
564 979 846 1050 δυνάμεως
879 979 1064 1044 αὑτοῦ,
1091 972 1150 1032 οὗ
1182 981 1213 1049 ὴ
1244 979 1479 1046 ἐξουσία,
1514 981 1693 1034 πᾶσαν
1713 979 1898 1034 οὐσίαν
1922 980 2016 1032 καὶ

447 1068 608 1138 φύσιν
633 1109 646 1133 ,
685 1070 777 1122 καὶ
826 1069 1003 1123 πάντα
1031 1069 1096 1123 τά
1127 1071 1184 1122 ἐν
1228 1073 1293 1139 τῇ
1324 1070 1497 1122 κτίσει
1540 1069 1803 1141 νοούμενα
1835 1087 1892 1122 τε
1924 1070 2016 1123 καὶ

448 1159 720 1230 ὁρώμενα,
746 1161 803 1212 ἐν
837 1160 972 1231 μόνῃ
1015 1162 1080 1229 τῇ
1120 1158 1212 1212 τοῦ
1240 1159 1540 1230 θελήματος
1577 1161 1718 1230 ὁρμῇ
1760 1161 2018 1231 συνεστή-

452 1265 599 1302 σατο.
637 1248 804 1302 Πόθεν
826 1250 1000 1302 τοίνυν
1031 1248 1341 1320 κινούμενος
1373 1252 1401 1303 6
1425 1248 1706 1319 Εὑνόμιος,
1739 1251 2016 1320 μυριοτρό-

451 1356 567 1402 πως
603 1338 924 1410 ἐπιφημίξει
955 1338 1032 1410 τῷ
1060 1338 1268 1408 βασιλεῖ
1287 1337 1386 1408 τῆς
1416 1337 1642 1403 κτίσεως
1667 1339 1724 1394 τὸ
1755 1339 2014 1409 ὑπήκοον,

459 1429 746 1501 ’Υπήκοος,
761 1431 953 1500 λέγων,
974 1431 1105 1502 πρὸς
1123 1428 1301 1481 πᾶσαν
1323 1429 1678 1500 δημιουργίαν
1697 1470 1712 1494 ,
1761 1430 1853 1484 καὶ
1883 1429 2016 1500 πρὸς

455 1522 626 1573 πᾶσαν
653 1520 914 1590 διοίκησιν
951 1522 1187 1589 ὑπήκοος
1212 1560 1227 1585 ,
1252 1522 1490 1591 ὑπήκοος
1521 1523 1578 1574 ἐν
1601 1521 1779 1589 λόγοις
1807 1521 1902 1574 καὶ
1925 1521 2016 1590 ἕρ-

449 1613 802 1681 γοις;Καίτοι
830 1614 990 1666 παντὶ
1021 1614 1177 1682 δῆλον
1209 1614 1268 1667 τὸ
1295 1613 1534 1668 τοιοῦτόν
1591 1615 1758 1678 ἐστιν,
1795 1614 1876 1666 ὃτι
1921 1612 2016 1684 μό-

449 1723 536 1769 νος
561 1707 617 1757 ἐν
650 1705 826 1773 λόγοις
859 1722 917 1758 τε
952 1707 1045 1758 καὶ
1086 1705 1264 1776 ἔργοις
1294 1705 1467 1778 ἑτέρῳ
1497 1725 1576 1770 τις
1611 1707 1846 1776 ὑπήκοος
1873 1707 2018 1774 γίνε-

2118 541 2246 580 num
2273 541 2445 595 genus
2475 527 2652 581 factus
2683 533 2781 578 est.
2815 522 3016 578 Harum
3062 539 3191 579 vero
3239 527 3692 583 tantarum'obe-

2117 619 2444 674 dientiarum
2466 619 2795 688 catalogum,
2817 631 2883 671 ex
2904 629 3141 684 quanam
3167 613 3448 683 Scriptura
3468 617 3695 674 edoctus

2117 710 2233 765 est?
2268 708 2474 763 Contra
2499 707 2718 780 quidem
2748 707 2927 760 omnis
2961 705 3227 762 divinitus
3255 707 3520 776 inspirata
3544 707 3693 763 Seri-

2118 809 2277 870 ptura
2331 801 2381 854 ei
2416 815 2682 854 summam
2714 797 3053 866 majestatem
3087 807 3142 852 et
3170 798 3489 866 primariam
3541 810 3693 870 pote—

2117 899 2314 945 statem
2339 905 2401 944 ac
2428 905 2639 944 merum
2676 889 2962 957 imperium
3005 887 3265 958 assignat,
3305 901 3430 943 cum
3460 889 3694 958 aithse

2118 981 2278 1046 dixit,
2310 988 2358 1032 et
2389 980 2535 1048 facta
2555 988 2676 1032 sunt
2694 1018 2708 1041 ,
2742 980 2852 1048 ipse
2882 977 3175 1044 mandavit,
3201 982 3248 1032 et
3273 989 3453 1034 creata
3479 990 3602 1033 sunt
3626 980 3690 1033 “.

2115 1071 2470 1141 Perspicuum
2512 1079 2594 1125 est
2625 1070 2768 1125 enim
2797 1071 2941 1140 quod
2966 1071 3080 1126 lucc
3107 1072 3183 1125 ait
3217 1071 3486 1141 PrOpheta
3526 1073 3594 1127 de
3627 1087 3692 1126 eu

2115 1165 2208 1234 qui
2249 1179 2361 1220 suae
2395 1163 2649 1233 potentiae
2676 1162 2844 1216 verbo
2871 1161 2976 1216 fert
3004 1164 3260 1218 universa
3287 1164 3332 1196 “
3361 1181 3374 1218 :
3411 1165 3570 1234 cujus
3601 1180 3694 1232 po-

2119 1263 2286 1310 testas
2308 1269 2522 1309 onmem
2553 1255 2844 1308 essentiam
2870 1261 2925 1308 et
2950 1263 3224 1318 naturam,
3260 1262 3316 1310 et
3355 1258 3538 1308 omnia
3571 1273 3694 1325 qua:

2119 1347 2172 1400 in
2197 1354 2449 1400 creatura
2477 1345 2857 1415 intelliguntur
2898 1353 2954 1398 et
2987 1354 3315 1410 cernuntur,
3351 1348 3468 1401 solo
3503 1348 3694 1401 volun-

2119 1437 2250 1492 tatis
2288 1437 2492 1506 impetu
2533 1445 2587 1490 et
2631 1445 2765 1490 nutu
2804 1435 3070 1490 condidit.
3113 1435 3265 1491 Unde
3304 1436 3470 1506 igitur
3515 1435 3698 1490 Euno-

2117 1528 2264 1583 mius
2307 1535 2650 1590 commotus,
2699 1527 2876 1582 modis
2916 1527 3144 1581 inﬁnitis
3183 1528 3236 1581 in
3275 1542 3400 1596 rege
3429 1536 3693 1582 creatura:

2121 1617 2489 1673 obedientiam
2523 1617 2804 1675 celebrati
2833 1633 2957 1672 cum
2996 1618 3093 1679 ait,
3117 1617 3390 1672 (lbediens
3433 1619 3498 1674 ad
3533 1635 3693 1673 otnnc

2121 1708 2394 1776 Opiﬁcium
2417 1717 2472 1763 et
2501 1706 2787 1772 fabricam,
2820 1709 2887 1763 ad
2918 1723 3136 1763 omnem
3163 1709 3690 1766 administrationem

446 1815 555 1860 ται,
585 1797 612 1849 6
642 1798 806 1868 μήπω
829 1797 926 1865 τὴν
949 1797 1189 1862 ἐξουσίαν
1211 1797 1304 1850 τοῦ
1328 1800 1496 1850 ποιεῖν
1523 1796 1763 1869 ἀκριϐῶς
1785 1797 1817 1867 ἢ
1838 1797 2019 1864 λέγειν

2125 1799 2423 1864 obediens,
2474 1800 2738 1854 obediens
2784 1800 2840 1853 in
2896 1799 3250 1855 sermonibus
3304 1807 3360 1855 et
3412 1800 3692 1869 operibus.

449 1889 702 1959 ἁλήπτως
743 1889 801 1940 ἐν
849 1886 1026 1958 ἑαυτῷ
1058 1886 1411 1958 κατορθώσας
1432 1904 1443 1917 ·
1481 1887 1615 1941 ἀλλὰ
1649 1887 1784 1957 πρὸς
1817 1888 1906 1939 τὸν
1941 1887 2018 1938 δι-

447 1978 708 2032 δάσκαλον
740 1978 932 2031 ἑαυτοῦ
967 1979 1059 2031 καὶ
1087 1977 1437 2049 καθηγεμόνα
1468 1977 1680 2050 βλέπων
1703 2019 1717 2044 ,
1746 1979 1865 2040 ταῖς
1890 1977 2014 2029 ὑπο-

449 2073 644 2143 θήκαις
671 2071 878 2124 ἐκείνου
903 2071 960 2124 τὸ
984 2072 1040 2122 ἐν
1069 2073 1180 2130 τοῖς
1207 2069 1384 2137 λόγοις
1412 2086 1468 2122 τε
1499 2069 1590 2122 καὶ
1624 2071 1680 2122 ἐν
1705 2070 1814 2130 τοῖς
1839 2066 2018 2138 ἔργοις

449 2163 672 2232 ἀκριϐὲς
708 2162 1105 2216 ἐκπαιδεύεται.
1143 2161 1215 2214 Τὸ
1257 2161 1313 2213 δὲ
1366 2162 1464 2232 τὴν
1496 2160 1696 2229 Σοφίαν
1729 2159 2018 2212 ἐπιστάτου

451 2253 668 2322 χρῄζειν
702 2251 905 2304 οἴεσθαι
946 2253 1041 2305 καὶ
1071 2251 1390 2305 διδασκάλου
1416 2292 1430 2316 ,
1458 2249 1550 2303 τοῦ
1583 2250 1680 2318 τὴν
1702 2246 2019 2303 ἀκολουθίαν

447 2341 480 2412 ἦ
515 2342 610 2413 τὴν
641 2342 986 2414 δικαιοσύνην
1011 2343 1145 2414 πρὸς
1183 2343 1242 2394 τὸ
1266 2341 1382 2394 δέον
1414 2342 1550 2410 αὑτῇ
1577 2339 2018 2405 κατευθύνοντος,

452 2434 618 2504 μόνης
642 2434 739 2504 τῆς
777 2433 1040 2504 Εὑνομίου
1072 2433 1369 2502 φαντασίας
1403 2432 1571 2484 ἐστίν.
1603 2429 1713 2482 Καὶ
1756 2429 1884 2499 περὶ
1926 2427 2017 2480 τυῦ

450 2525 660 2597 Πατρός
693 2542 876 2596 φησιν,
903 2526 984 2578 ὅτι
1016 2525 1212 2587 Πιστὸς
1248 2526 1304 2577 ἐν
1341 2524 1520 2592 λόγοις
1548 2563 1562 2586 ,
1593 2522 1688 2574 καὶ
1733 2520 1921 2582 πιστὸς
1963 2520 2020 2571 ἐν

448 2615 655 2686 ἐργοις’
689 2615 766 2687 τῷ
791 2616 847 2668 δὲ
874 2616 988 2686 Υἱῷ
1015 2617 1074 2669 τὸ
1119 2617 1308 2671 πιστὸν
1358 2617 1414 2669 ἐν
1468 2617 1578 2678 τοῖς
1607 2612 1918 2683 γενομένοις
1961 2627 2022 2663 τε

449 2710 541 2761 καί
567 2709 875 2777 λεγομένοις
893 2709 995 2762 οὑκ
1027 2708 1424 2779 ἐμαρτύρησεν,
1446 2706 1562 2760 ἀλλ’
1591 2706 1828 2776 ὑπήκοον
1862 2702 2022 2756 αὑτὸν

449 2804 507 2855 ἐν
551 2801 728 2870 λόγοις
774 2799 910 2855 εἶναι
935 2842 948 2866 ,
975 2803 1069 2854 καὶ
1100 2802 1158 2854 οὑ
1200 2799 1388 2853 πιστὸν
1432 2803 1766 2870 ἀπεφήνατο.
1807 2795 1893 2857 Ὠς
1938 2793 2025 2847 διὰ

453 2892 670 2945 πάντων
695 2885 769 2944 ὧν
792 2891 940 2960 λέγει
969 2891 1070 2960 τὴν
1103 2891 1220 2943 κατ’
1248 2890 1411 2943 αὐτοῦ
1450 2888 1792 2960 βλασφημίαν
1821 2885 1880 2938 τὸ
1908 2882 2024 2938 ἴσον

451 2982 596 3053 ἔχειν
623 2997 634 3009 ·
670 2981 730 3034 τὸ
772 2981 830 3034 δὲ
886 2981 1068 3053 μωρόν
1120 2997 1178 3034 τε
1224 2982 1317 3035 καὶ¹
1347 2980 1658 3050 ἀδιανόητον
1695 2979 1789 3048 τῆς
1823 2975 2024 3047 μεταξὺ

448 3073 655 3127 τούτων
685 3072 1108 3142 παρεντεθείσης
1142 3073 1352 3144 ρήσεως
1374 3111 1388 3134 ,
1436 3072 1634 3142 πρέπει
1664 3072 1800 3141 τάχα
1847 3072 2022 3140 σιωπῇ

451 3165 738 3235 παρελθεῖν
763 3205 776 3230 ,
810 3165 882 3235 μή
913 3181 997 3226 τις
1023 3163 1129 3216 τῶν
1176 3163 1594 3233 ἀπερισκέπτων
1637 3163 1936 3232 ἐπιγελάσῃ
1959 3163 2026 3232 τῇ

455 3260 773 3330 ματαιότητι
801 3298 815 3322 ,
843 3255 1098 3326 δακρύειν
1123 3255 1241 3309 δέον
1270 3255 1363 3308 ἐπὶ
1389 3257 1455 3325 τῇ
1488 3254 1595 3306 τῶν
1626 3253 1811 3323 ψυχῶν
1848 3253 2027 3306 αὑτῶν

452 3349 694 3420 ἀπωλείᾳ.
720 3391 734 3414 ,
783 3348 815 3419 ἢ
847 3348 1011 3417 γελᾷν
1049 3348 1141 3399 ἐπὶ
1171 3349 1237 3416 τῇ
1285 3345 1465 3416 μωρίᾳ
1513 3344 1618 3398 τῶν
1662 3345 1855 3413 λόγων.
1893 3345 2028 3414 Φησὶ

452 3443 558 3514 γὰρ
580 3445 608 3497 6
640 3443 798 3511 σοφὸς
827 3437 984 3503 οὗτος
1016 3439 1109 3493 καὶ
1147 3437 1609 3509 περιεσκεμμένος
1639 3437 2024 3506 δογματιστὴς,

454 3535 551 3587 οὐκ
580 3535 644 3585 ἐκ
668 3533 763 3602 τῆς
787 3531 1030 3601 ὑπακοῆς
1077 3530 1237 3583 αὑτὸν
1265 3528 1588 3600 προσλαϐεῖν
1621 3529 1680 3581 τὸ
1714 3524 1852 3581 εἶναι
1879 3529 2019 3580 Υἱόν.

458 3625 523 3677 Ὦ
543 3625 637 3694 τῆς
667 3623 943 3694 ἀγχινοίας
967 3637 980 3650 °
1019 3621 1094 3682 ὡς
1123 3619 1434 3685 ἀναγκαίως
1482 3619 1610 3688 περὶ
1661 3615 1864 3669 τούτων
1897 3619 2028 3685 ἡμῖν

455 3714 746 3788 διορίζεται
779 3717 790 3768 !
817 3716 938 3767 ’Ότι
969 3714 1030 3766 οὑ
1064 3713 1329 3784 πρότερον
1375 3711 1612 3780 ὑπήκοος
1646 3709 1863 3776 ἐγένετο
1885 3750 1900 3774 ,
1939 3710 2029 3762 καὶ

433 3807 574 3866 ,τότε
597 3806 726 3870 Υἱὸς
749 3847 764 3872 ,
792 3805 912 3858 οὑδὲ
936 3803 1312 3876 πρεσϐυτέραν
1346 3801 1452 3871 χρὴ
1487 3801 1625 3852 νοεῖν
1653 3800 1749 3869 τὴν
1784 3799 2029 3869 ὑπακοὴν

456 3897 617 3952 αὑτοῦ
641 3899 738 3968 τῆς
762 3898 1083 3968 γεννήσεως.
1107 3896 1170 3948 Et
1199 3893 1256 3947 δὲ
1287 3892 1360 3963 μὴ
1384 3892 1815 3962 προσδιωρίσατο
1837 3890 2027 3954 ταῦτα,

457 3989 538 4052 τίς
565 3988 708 4042 οὕτω
735 3987 915 4060 μωρὸς
941 3989 1034 4040 καὶ
1064 3983 1268 4053 ἠλίθιος
1311 3978 1378 4052 ἦν
1397 4021 1412 4048 ,
1457 3982 1533 4043 ὡς
1568 3980 1756 4051 μισθὸν
1785 3980 2030 4049 ὑπακοῆς

457 4081 707 4152 οἰηθῆναι
731 4079 878 4149 παρὰ
906 4077 999 4133 τοῦ
1025 4075 1235 4147 Πατρός
1274 4073 1421 4143 αὑτῷ
1442 4072 1683 4126 δεδόσθαι
1707 4072 1806 4142 τὴν
1837 4073 2029 4143 γέννη-

461 4190 564 4239 σιν,
596 4172 675 4242 τῷ
705 4171 809 4242 πρὸ
837 4171 933 4240 τῆς
956 4169 1260 4238 γεννήσεως
1281 4165 1676 4236 ἐπιδειξαμένῳ
1701 4164 1762 4217 τὸ
1783 4162 2031 4226 εὐπειθὲς

460 4266 551 4318 καὶ
590 4263 865 4333 ὑπήκοον;
906 4261 1042 4314 Ἀλλ’
1078 4261 1164 4315 ἵνα
1216 4260 1290 4330 μὴ
1339 4257 1645 4328 προχείρως
1691 4273 1772 4319 τις
1823 4257 1888 4307 ἐκ
1931 4253 2032 4324 τῆς

459 4357 644 4420 ἀνοίας
690 4355 799 4409 τῶν
846 4354 1151 4425 λεγομένων
1189 4353 1472 4422 κατασυρῇ
1503 4350 1637 4421 πρὸς
1675 4349 1766 4403 τὸν
1799 4347 2029 4418 γέλωτα,

2121 1890 2430 1957 Quinetiam
2471 1890 2576 1945 hoc
2602 1890 2830 1944 cuilibet
2863 1897 2946 1946 est
2979 1891 3328 1960 perspicuum
3365 1899 3418 1947 et
3463 1892 3693 1955 clarum,

2119 1984 2261 2054 quod
2302 1983 2452 2041 solus
2494 1983 2550 2037 in
2581 1983 2930 2040 sermonibus
2966 1995 3022 2038 et
3053 1985 3310 2054 operibus
3343 1985 3499 2039 alteri
3541 1983 3696 2054 quis-

2119 2074 2264 2143 piam
2313 2073 2369 2126 ﬁt
2401 2074 2686 2135 obediens,
2712 2074 2806 2144 qui
2841 2075 3085 2130 nondum
3113 2087 3306 2131 exacte
3339 2076 3572 2132 faciendi
3601 2075 3696 2129 ha—

2121 2165 2294 2220 bitum
2328 2165 2416 2218 vel
2445 2164 2665 2218 dicendi
2700 2164 2909 2234 absque
2943 2180 3132 2221 errore
3172 2176 3226 2221 et
3274 2164 3703 2235 reprehensione

2121 2256 2176 2310 in
2210 2256 2392 2325 seipse
2419 2254 2668 2325 perfecit,
2696 2257 2794 2311 sed
2827 2257 2884 2311 in
2913 2272 3073 2312 suum
3114 2259 3436 2328 magistrum
3474 2267 3527 2312 et
3561 2272 3699 2328 prr—

2119 2356 2397 2417 ceptorem
2446 2347 2670 2403 intuens
2715 2349 3002 2419 praeceptis
3047 2349 3197 2406 illius
3226 2349 3372 2420 quod
3403 2349 3457 2403 in
3493 2364 3698 2405 sermo-

2123 2441 2285 2497 nibus
2319 2453 2373 2496 οι
2399 2441 2656 2510 operibus
2696 2450 3014 2496 accuratum
3066 2449 3151 2498 est
3202 2452 3257 2497 et
3312 2442 3558 2496 limatum
3617 2443 3683 2495 iu-

2123 2531 2354 2586 struitur
2379 2538 2433 2585 et
2457 2530 2726 2586 eruditur.
2755 2529 2956 2586 Putare
2991 2539 3175 2585 autem
3214 2531 3552 2600 Sapientiam
3585 2545 3698 2584 ma-

2124 2620 2298 2690 gistro
2320 2626 2374 2674 et
2407 2620 2631 2675 doctore
2651 2619 2893 2689 indigere
2911 2635 2978 2675 eo
2999 2620 3092 2690 qui
3111 2620 3196 2676 vel
3220 2620 3696 2681 consecutionem,

2124 2710 2206 2764 vel
2234 2709 2503 2780 justitiam
2539 2708 2608 2763 ad
2647 2709 2700 2763 id
2730 2709 2876 2779 quod
2910 2710 2961 2764 ei
2986 2725 3125 2778 opus
3152 2717 3237 2766 est
3268 2709 3494 2780 dirigat,
3527 2709 3707 2765 solius

2125 2798 2379 2854 Eunomii
2435 2799 2664 2854 visionis
2711 2806 2816 2854 est.
2867 2799 2946 2852 Ac
2983 2798 3050 2853 de
3087 2797 3247 2853 Patre
3296 2799 3509 2867 inquit,
3553 2797 3698 2867 quod

2127 2889 2301 2945 ﬁdelis
2339 2889 2396 2945 in
2434 2889 2786 2945 sermonibus
2835 2899 2890 2946 et
2939 2889 3115 2944 ﬁdeiis
3173 2891 3227 2944 in
3286 2890 3503 2955 verbis;
3561 2889 3704 2944 Filio

2127 2989 2306 3036 autem
2339 2979 2481 3050 quod
2519 2979 2674 3036 ﬁdele
2701 2989 2786 3036 est
2819 2981 2875 3034 in
2899 2979 3061 3036 dictis
3102 2988 3158 3036 et
3187 2981 3353 3036 factis
3393 2993 3502 3034 non
3539 2980 3700 3033 attri-

2128 3074 2265 3136 buit,
2305 3072 2400 3127 sed
2432 3072 2610 3142 ipsum
2645 3072 3013 3136 obedientem,
3055 3086 3164 3127 non
3198 3071 3432 3138 ﬁdelem,
3474 3073 3528 3125 in
3581 3087 3700 3126 ser-

2130 3163 2382 3220 monibus
2411 3170 2464 3217 et
2495 3162 2754 3231 operibus
2786 3162 3180 3232 pronuntiavit.
3200 3161 3276 3215 lta
3309 3171 3366 3216 ut
3399 3177 3492 3232 per
3519 3161 3700 3216 omnia

2127 3270 2248 3326 qua:
2283 3255 2399 3324 ipse
2435 3255 2674 3319 asserit,
2713 3254 2968 3324 impietas
3025 3264 3080 3310 et
3131 3255 3473 3324 blasphemia
3509 3265 3702 3313 contra

2127 3348 2308 3417 ipsum
2342 3345 2570 3416 perinde
2612 3353 2666 3400 et
2699 3345 2985 3415 aequaliter
3030 3361 3090 3401 se
3135 3345 3370 3416 habeat;
3417 3351 3704 3404 stultitiam

2127 3447 2305 3491 autem
2323 3443 2379 3491 et
2399 3437 2693 3491 amentiam
2714 3436 3003 3492 verborum
3031 3437 3448 3509 interiectorum
3480 3452 3704 3511 praestat

2128 3526 2365 3584 fortasse
2397 3527 2618 3584 silentio
2649 3529 2951 3584 involutam
2982 3532 3284 3601 praeterire,
3330 3548 3399 3587 ne
3447 3533 3573 3602 quis
3619 3533 3706 3588 in—

2127 3620 2506 3676 consultorum
2556 3631 2612 3676 et
2661 3621 3128 3691 improvidorum,
3173 3624 3368 3680 borum
3414 3625 3706 3680 vanitatem

2127 3706 2395 3774 derideat,
2429 3725 2557 3763 cum
2583 3710 2768 3780 potius
2799 3712 3036 3766 ﬂendum
3061 3721 3207 3768 esset
3234 3723 3459 3785 propter
3495 3716 3708 3770 anima.

2129 3814 2250 3853 rum
2287 3800 2534 3870 ipsorum
2573 3803 2892 3867 interitum,
2943 3820 3108 3873 quam
3155 3805 3443 3861 ridendum
3489 3817 3710 3877 propter

2129 3907 2448 3948 sermonum
2479 3894 2769 3950 stultitiam
2808 3903 2864 3949 et
2911 3895 3244 3954 fatuitatem.
3293 3897 3384 3952 Ait
3424 3900 3567 3952 ollim
3608 3900 3712 3954 iste

2129 3983 2350 4051 Sapiens
2403 3991 2457 4037 et
2505 3983 2890 4040 consideratus
2933 3985 3296 4054 dogmatista,
3342 4001 3450 4040 non
3477 4003 3542 4040 ex
3579 3987 3711 4040 obe—

2133 4073 2337 4129 tlientia
2361 4077 2539 4144 ipsum
2563 4076 2871 4146 accepisse,
2901 4086 2961 4130 ut
2990 4080 3062 4131 sit
3089 4076 3279 4132 Filius.
3311 4079 3351 4130 Ο
3385 4077 3661 4131 solertiam
3694 4079 3706 4130 Ξ

2131 4179 2296 4232 quam
2347 4167 2662 4221 necessario
2695 4167 2764 4221 de
2798 4167 2885 4221 his
2937 4167 3097 4222 nobis
3129 4168 3382 4222 disserit!
3415 4166 3570 4230 Quod
3601 4182 3710 4220 non

2131 4255 2285 4323 prius
2316 4256 2576 4312 obediens
2613 4256 2790 4312 fartus
2841 4266 2921 4312 est
2947 4297 2966 4322 ,
3000 4265 3056 4312 et
3096 4266 3224 4311 tunc
3275 4255 3448 4311 Filius
3471 4293 3486 4317 ,
3535 4271 3710 4324 neque

2133 4356 2347 4417 oportet
2401 4349 2709 4418 intelligere
2758 4349 3125 4404 obedientiam
3179 4348 3300 4419 ejus
3361 4349 3712 4418 generatione

459 4449 706 4512 νοπσάτω
737 4449 819 4502 ὄτι
849 4447 961 4518 ἔχει
1010 4463 1064 4499 τι
1115 4445 1210 4498 καὶ
1254 4446 1288 4516 ἡ
1338 4443 1518 4514 μωρία
1563 4442 1671 4496 τῶν
1721 4439 2022 4511 λεγομένων

2134 4438 2522 4507 antiquiorem.
2551 4437 2708 4504 Quod
2735 4440 2779 4494 si
2806 4441 2922 4495 haec
2952 4440 3177 4496 minime
3202 4439 3562 4504 distinxisset,
3587 4439 3712 4509 quis

457 4539 706 4611 δακρύων
745 4535 913 4602 ἄξιον.
949 4538 1014 4591 Ὃ
1059 4535 1168 4606 γὰρ
1219 4534 1464 4605 βούλεται
1501 4533 1908 4588 κατασκευάσαι
1942 4531 2030 4584 διὰ

459 4631 685 4696 τούτων,
717 4629 956 4684 τοιοῦτόν
983 4631 1149 4690 ἐστιν,
1183 4627 1266 4680 ὅτι
1303 4626 1461 4696 φύσις
1506 4625 1654 4696 αὑτῷ
1682 4628 1827 4678 ἐστιν
1853 4626 1886 4693 ή
1928 4623 2028 4676 ὑπ-

461 4722 622 4792 ακοή.
675 4721 763 4784 Ὠς
805 4720 938 4790 μηδὲ
965 4717 1307 4789 βουλουμένῳ
1333 4714 1554 4771 δυνατὸν
1589 4714 1840 4784 γενέσθαι
1867 4713 1928 4767 τὸ
1953 4714 2028 4784 μὴ

461 4814 699 4885 ὑπήκοον
727 4806 886 4866 εἶναι.

2137 4529 2208 4584 ita
2241 4527 2422 4584 fatuus
2455 4537 2510 4584 et
2549 4529 2805 4594 stolidus,
2835 4539 2894 4585 ut
2929 4530 3235 4587 mercedem
3262 4530 3585 4586 obedientia:
3609 4547 3711 4601 pu-

2142 4629 2214 4677 tct
2239 4636 2268 4675 a
2308 4619 2474 4677 Patre
2507 4621 2608 4692 ipsi
2642 4621 2828 4676 datam
2858 4638 2980 4678 esse
3017 4623 3458 4692 generationem,
3491 4622 3584 4692 qui
3616 4637 3714 4676 an-

2137 4726 2356 4784 tequam
2388 4724 2545 4771 ortus
2575 4722 2722 4770 esset
2746 4729 2900 4770 suam
2930 4715 2985 4770 in
3024 4716 3264 4786 parendo
3296 4716 3612 4772 facilitatem
3661 4722 3715 4770 et

2136 4807 2193 4862 in
2218 4807 2522 4863 obediendo
2543 4808 2884 4862 alacritatem
2914 4807 3286 4864 ostendisset?
3314 4807 3407 4863 sed
3430 4823 3498 4862 ne
3514 4808 3636 4877 quis
3657 4806 3713 4860 in

459 4915 712 4976 promptu
741 4921 809 4960 ex
830 4903 1102 4958 dictorum
1133 4899 1368 4955 amentia
1397 4907 1452 4966 et
1483 4896 1736 4953 vecordia
1769 4895 1882 4950 risu
1933 4895 2229 4964 quatiatur,
2281 4896 2547 4968 intelligat
2599 4895 2746 4966 quod
2779 4896 2895 4951 hac
2927 4895 3150 4952 fatuitas
3201 4904 3256 4952 et
3278 4895 3714 4964 stultiloquentia

463 4999 668 5069 aliquid
706 4996 963 5066 lacrymis
1025 4994 1250 5063 dignum
1300 4989 1515 5044 habeat.
1589 4989 1745 5055 Quod
1790 4989 1935 5044 enim
1979 4987 2096 5042 vult
2136 5002 2231 5057 per
2254 4987 2369 5042 haec
2395 4987 2686 5052 conﬁcere,
2716 4988 2824 5043 tale
2851 4996 2956 5054 est,
2991 4988 3137 5060 quod
3166 4997 3362 5045 natura
3392 4989 3440 5044 ei
3471 4995 3556 5044 est
3585 4989 3714 5042 obe-

463 5091 686 5145 dientia.
734 5091 814 5144 ita
855 5097 914 5142 ut
961 5086 1125 5142 etiam
1194 5083 1240 5140 si
1293 5083 1424 5138 velit
1474 5081 1590 5136 ﬁeri
1663 5097 1773 5136 non
1839 5081 2046 5152 possit,
2094 5087 2152 5134 ut
2192 5081 2458 5138 obediens
2489 5095 2596 5136 non
2625 5081 2714 5137 sit.

533 5179 782 5234 Τοιοῦτον
839 5177 949 5250 γὰρ
1015 5177 1176 5231 αὑτὸν
1234 5174 1670 5230 κατεσκευάσθαι
1708 5173 1896 5244 λέγει,
1957 5181 2036 5238 ὡς

462 5278 612 5347 πρὸς
662 5275 940 5342 ὑπακοὴν
981 5274 1180 5342 μόνην
1210 5269 1324 5338 τὴν
1381 5270 1572 5339 φύσιν
1607 5268 1794 5322 αὑτοῦ
1830 5268 2031 5334 ἐπιτη-

462 5369 633 5434 δείως
669 5367 850 5436 ἔχειν.
880 5364 1144 5433 Καθάπερ
1191 5361 1299 5416 τῶν
1345 5360 1591 5431 ὀργάνων
1622 5360 1684 5413 τὸ
1725 5359 1859 5430 πρός
1912 5375 2033 5411 τινα

462 5459 634 5512 τύπον
659 5453 1158 5526 ἐσχηματισμένον,
1190 5455 1365 5506 ἐκεῖνο
1405 5451 1466 5504 τὸ
1498 5445 1634 5514 εἶδος
1669 5451 1886 5506 ἐντυποῖ
1914 5450 2030 5502 κατ’

463 5552 712 5621 ἀνάγκην
744 5549 822 5620 τῷ
856 5548 1203 5622 ὑποκειμένῳ
1229 5589 1242 5613 ,
1287 5546 1421 5615 ὅπερ
1459 5547 1486 5598 ό
1519 5542 1796 5614 χαλκεύων
1829 5545 1891 5613 τῇ
1940 5540 2030 5596 τοῦ

538 5731 585 5763 ⁸⁵
630 5733 772 5786 l’sat.
816 5740 1041 5795 chvnt,
1075 5729 1127 5782 5.
1205 5727 1246 5760 °°
1289 5724 1449 5782 llcbr.
1497 5739 1533 5796 ι,
1566 5725 1617 5779 5.

2212 5263 2342 5318 Tale
2397 5261 2654 5331 quiddam
2708 5261 2947 5332 seipsum
3013 5260 3393 5318 construxisse
3451 5255 3714 5322 afﬁrmat,

2139 5356 2276 5424 quod
2304 5355 2372 5409 ad
2401 5355 2753 5410 obedientiam
2781 5355 2951 5409 solam
2983 5364 3178 5407 natura
3208 5350 3322 5418 ejus
3355 5348 3718 5401 cortvenienter

2141 5464 2195 5502 se
2223 5447 2433 5511 habeat,
2459 5445 2916 5517 quemadmodum
2947 5445 3374 5497 instrumentum
3409 5438 3540 5493 illud
3570 5437 3714 5508 quod

2141 5541 2208 5595 ad
2249 5541 2482 5611 aliquem
2519 5548 2706 5610 typum
2737 5538 2852 5592 sive
2889 5534 3120 5589 formam
3157 5530 3558 5587 conformatum
3600 5537 3720 5592 est,
