4054 6150
373 143 418 182 ὸ

351 343 449 398 531

1551 347 1607 401 S.
1641 344 1967 403 GREGORII
2007 347 2294 404 NYSSENI

3487 349 3589 405 53‘!

355 460 669 514 necessario
685 473 802 514 eam
825 460 1059 530 speciem
1083 461 1340 530 imprimit
1373 465 1612 517 materiae
1643 464 1920 533 subjectae,

2036 465 2252 538 Βργάνου
2282 471 2589 539 κατασκευῇ
2625 469 2914 524 ἐναπέθετο
2938 511 2950 534 ,
3049 469 3147 522 οὑκ
3188 467 3302 520 ἔστι
3339 464 3588 534 δύναμις,

355 564 518 618 quam
536 548 754 618 quidem
782 550 1131 608 instrumenti
1161 551 1505 608 fabricationi
1535 555 1726 610 indidit
1753 555 1919 610 fabri-

355 648 554 704 cator,
605 642 693 696 cui
747 642 1110 699 instrumento
1158 660 1266 700 non
1305 652 1391 700 est
1446 645 1681 702 facultas
1719 655 1922 702 rectam

357 730 558 785 lineam
593 729 826 787 faciendi
882 733 936 787 in
983 733 1230 803 subjecto
1283 735 1428 804 quod
1474 736 1595 805 ejus
1637 736 1924 805 vestigium

355 819 591 888 excepit,
625 819 672 874 si
699 821 952 875 machina
985 821 1147 876 fuerit
1174 824 1460 879 rircularis
1481 864 1496 888 ,
1531 827 1614 880 vel
1659 826 1922 879 circulum

357 911 680 966 ostendendi
712 928 807 981 per
833 921 1040 984 typum,
1081 915 1128 971 si
1159 915 1224 969 ad
1257 927 1460 970 rectam
1498 918 1693 972 lineam
1727 918 1924 988 [igura-

359 1007 474 1054 tum
516 1001 589 1057 sit
612 1002 1060 1060 instrumentum.
1103 1006 1322 1072 Quanta
1353 1008 1423 1062 sit
1456 1017 1639 1062 autem
1678 1009 1803 1062 talis
1833 1021 1928 1060 co-

361 1093 637 1160 gitationis
670 1105 723 1150 et
767 1097 1136 1168 intelligentiae
1169 1099 1502 1170 blasphemia
1535 1107 1589 1154 et
1619 1099 1928 1154 exsecrabi-

363 1185 430 1239 lis
493 1185 782 1255 impietas,
837 1191 967 1259 quid
1024 1207 1248 1248 necesse
1311 1200 1397 1248 est
1448 1203 1634 1246 nostra
1686 1191 1930 1245 oratione

363 1277 624 1341 revelare,
658 1295 782 1334 cum
809 1296 908 1336 vox
949 1284 1068 1351 ipsa
1103 1283 1356 1339 haeretica
1389 1283 1780 1339 absurditatem
1821 1283 1932 1334 cla-

365 1366 557 1421 mitet?
587 1369 642 1422 Si
683 1371 827 1424 enim
863 1382 1086 1443 propter
1128 1374 1231 1429 hoc
1275 1374 1534 1430 obediens
1565 1415 1578 1438 ,
1629 1374 1754 1443 quia
1807 1371 1931 1426 talis

367 1466 528 1514 natus
577 1467 703 1527 est,
759 1478 939 1533 neque
991 1481 1114 1520 cum
1177 1467 1418 1520 humana
1464 1474 1660 1520 natura
1711 1477 1933 1534 prorsus

365 1551 578 1620 mquale
615 1551 799 1608 habet.
824 1553 1106 1624 Siquidem
1137 1557 1294 1612 nobis
1323 1557 1504 1611 anima
1527 1563 1610 1611 est
1635 1557 1823 1620 libera,
1849 1556 1933 1609 sui

363 1643 506 1710 juris
545 1659 804 1714 compos,
843 1646 1051 1702 nullius
1083 1647 1327 1702 dominio
1362 1647 1698 1716 mancipata,
1746 1655 1936 1714 sponte

367 1751 467 1791 sua
500 1737 835 1806 arbitrioque
862 1753 964 1794 suo
1001 1739 1145 1809 quod
1186 1739 1290 1794 sibi
1321 1739 1502 1806 placet
1527 1746 1579 1792 et
1609 1745 1822 1808 gratum
1853 1746 1936 1792 est

366 1826 593 1896 eligens.
625 1827 729 1893 Qui
768 1838 950 1884 autem
1001 1839 1215 1884 natura:
1262 1830 1572 1884 necessitati
1617 1828 1938 1898 subjugatus

367 1925 472 1984 est,
498 1928 756 1988 operatur
778 1934 1015 1990 semper,
1040 1921 1151 1974 imo
1183 1935 1312 1975 vero
1335 1922 1638 1991 perpetitur
1680 1923 1939 1978 obedien-

367 2006 499 2059 tiam
535 2021 548 2057 :
581 2014 745 2076 atque
774 2008 940 2062 etiam
981 2008 1028 2062 si
1071 2008 1224 2072 nolit,
1262 2010 1363 2063 hoc
1396 2008 1580 2064 facere
1599 2011 1720 2079 ejus
1744 2019 1937 2065 natura

370 2110 479 2149 non
511 2095 810 2165 indulgeat.
847 2096 920 2150 Ex
962 2112 1026 2150 eo
1061 2098 1206 2151 enim
1254 2097 1399 2165 quod
1453 2099 1525 2152 sit
1578 2099 1721 2154 ﬁlius
1762 2109 1814 2154 et
1857 2102 1938 2155 sic

369 2195 532 2240 natus
554 2225 570 2250 ,
617 2187 876 2241 obediens
918 2185 1098 2241 factus
1131 2195 1216 2242 cst
1257 2188 1311 2240 iu
1346 2188 1512 2242 dictis
1535 2228 1549 2252 ,
1588 2197 1644 2243 et
1679 2190 1937 2246 obediens

372 2273 426 2326 in
466 2273 647 2331 factis.
682 2274 726 2329 0
755 2285 1033 2346 stuporem
1058 2284 1113 2330 et.
1137 2277 1447 2331 vecordiam
1481 2277 1752 2347 dogmatis
1779 2273 1793 2326 ε
1819 2295 1939 2333 ver-

368 2363 454 2419 bis
478 2365 739 2421 obediens
768 2364 1011 2422 Verbum
1056 2367 1215 2431 facis,
1243 2375 1298 2421 et
1330 2375 1510 2422 mente
1551 2368 1802 2438 concipis
1829 2368 1935 2422 alia

373 2451 545 2509 Verba
562 2465 689 2510 ante
708 2453 945 2512 Verbum
993 2458 1136 2528 quod
1168 2469 1251 2514 est
1279 2474 1374 2528 per
1402 2459 1696 2515 essentiam
1725 2477 1735 2510 :
1766 2469 1821 2514 et
1853 2460 1936 2514 iu-

369 2549 454 2596 ter
490 2541 729 2598 Verbum
771 2545 917 2615 quod
949 2553 1069 2601 erat
1117 2547 1174 2600 in
1225 2548 1518 2617 principio,
1564 2547 1772 2603 scilicet
1817 2562 1935 2602 me-

368 2635 516 2690 dium
548 2643 631 2690 est
653 2646 706 2691 ct
735 2637 1080 2706 interjectum
1117 2637 1262 2690 aliud
1299 2637 1555 2701 Verbum,
1586 2637 1836 2708 principii
1868 2637 1936 2693 ad

369 2727 547 2794 ipsum
577 2728 955 2782 transmittens
988 2728 1343 2784 voluntatem.
1378 2728 1489 2785 Nec
1511 2731 1640 2784 illud
1669 2745 1837 2784 unum
1853 2737 1938 2785 est

376 2813 610 2870 Verbum
639 2855 656 2881 ,
689 2816 786 2872 sed
824 2818 981 2886 plura
1025 2826 1154 2873 sunt
1191 2819 1438 2890 quaedam
1463 2813 1657 2886 Verba,
1684 2834 1806 2889 quae
1844 2834 1938 2889 per

372 2907 612 2962 medium
645 2908 896 2978 principii
964 2917 1018 2964 et
1051 2907 1212 2964 Verbi
1253 2910 1321 2964 ab
1351 2909 1610 2965 Eunomia
1647 2912 1939 2966 transtibu-

305 3003 309 3008 “
369 3000 570 3065 lantur,
606 3006 660 3054 et
691 3016 810 3070 quae
841 3008 900 3055 ut
931 3002 1067 3071 ipsis
1092 3002 1239 3058 lubet
1272 3001 1436 3072 hujus
1469 3003 1779 3058 obedientia
1809 3004 1940 3058 abu-

2022 556 2054 627 ἦ
2086 557 2213 611 εὑθὺ
2247 559 2464 627 ποιῆσαι
2493 559 2569 629 τῷ
2616 559 2991 630 ὑποδεχομένῳ
3030 559 3089 611 τὸ
3125 557 3267 627 ἴχνος
3290 597 3304 622 ,
3349 556 3396 608 εἰ
3432 571 3589 625 περι-

2024 648 2194 717 φερὴς
2218 647 2299 719 εἴη
2330 652 2365 720 ἡ
2398 650 2646 721 ἐργασία,
2671 651 2703 721 ἢ
2731 650 2926 704 κύκλον
2957 649 3123 714 δεῖξαι
3156 648 3240 702 διὰ
3267 647 3357 701 τοῦ
3393 644 3587 710 τύπου,

2024 741 2073 791 εί
2121 742 2238 793 κατ’
2271 741 2482 796 εὐθεῖαν
2539 743 3003 812 ἐσχηματισμένον
3036 740 3187 810 τύχοι
3232 739 3292 791 τὸ
3339 737 3586 808 ὄργανον.

2026 830 2189 883 Ὅσον
2228 831 2284 884 δὲ
2317 833 2414 903 τῆς
2456 832 2707 904 τοιαύτης
2740 833 2975 896 διανοίας
3014 832 3130 883 ἐστὶ
3157 832 3216 883 τὸ
3251 829 3587 899 βλάσφημον.

2024 921 2076 973 τί
2128 922 2232 992 χρὴ
2291 922 2376 975 διὰ
2430 924 2536 976 τῶν
2597 923 2878 995 ἡμετέρων
2931 920 3363 976 ὲκκαλύπτεσθαι
3396 919 3588 986 λόγων,

2027 1013 2194 1082 αὑτῆς
2217 1017 2313 1084 τῆς
2338 1015 2614 1084 αἱρετικῆς
2648 1016 2832 1083 φωνῆς
2870 1014 2966 1084 τὴν
2991 1012 3218 1065 ἀτοπίαν
3254 1009 3498 1081 βοὼσης;
3530 1009 3591 1060 Et

2027 1105 2133 1175 γὰρ
2159 1103 2243 1156 διὰ
2273 1104 2430 1156 τοῦτο
2457 1105 2692 1176 ὑπήκοος
2714 1146 2728 1168 ,
2758 1106 2891 1158 διότι
2937 1103 3174 1166 τοιοῦτος
3207 1101 3440 1170 ἐγένετο,
3475 1099 3592 1152 οὑδὲ

2029 1195 2164 1266 πρὸς
2191 1195 2535 1268 ἀνθρωπίνην
2566 1197 2724 1266 φύσιν
2755 1198 2967 1258 πάντως
2997 1196 3058 1249 τὸ
3103 1190 3218 1247 ἴσον
3260 1193 3392 1262 ἔχει.
3423 1191 3594 1261 Εἴπερ

2031 1287 2159 1356 ἡμῖν
2204 1286 2301 1356 μὲν
2334 1287 2678 1354 αὑτεξούσιός
2707 1288 2853 1340 ἐστιν
2898 1288 2930 1356 ή
2974 1284 3121 1356 ψυχὴ
3154 1283 3246 1338 καὶ
3280 1281 3592 1342 ἀδέσποτος,

2030 1378 2500 1448 αὐτοκρατορικῶς
2531 1379 2825 1449 αἱρουμένη
2857 1377 2976 1431 κατ’
3011 1375 3254 1440 ἐξουσίαν
3280 1373 3338 1425 τὺ
3364 1369 3596 1424 καταθύ-

2036 1485 2154 1538 μιον
2176 1485 2188 1498 ο
2225 1469 2252 1520 ὁ
2285 1468 2341 1520 δὲ
2396 1469 2604 1540 ἀνάγκη
2634 1469 2846 1537 φύσεως
2893 1465 3294 1536 ὑπεζευγμένος
3316 1502 3331 1526 ,
3390 1461 3598 1531 ἐνεργεῖ

2032 1557 2119 1611 διὰ
2171 1559 2368 1622 παντὸς
2393 1601 2406 1623 ,
2443 1559 2640 1629 μᾶλλον
2681 1558 2737 1612 δὲ
2786 1559 2982 1627 πάσχει
3028 1557 3124 1627 τὴν
3161 1555 3441 1624 ὑπακοήν
3479 1551 3599 1603 οὑδὲ

2035 1650 2082 1701 εἰ
2119 1647 2192 1719 μὴ
2244 1648 2484 1718 βούλοιτο
2532 1649 2688 1702 τοῦτο
2736 1651 2906 1702 ποιεῖν
2946 1645 3330 1718 συγχωρούσης
3368 1645 3465 1714 τῆς
3496 1642 3598 1712 φύ-

2040 1758 2192 1804 σεως.
2235 1742 2326 1794 Ἐκ
2367 1741 2475 1811 γὰρ
2501 1741 2594 1794 τοῦ
2626 1741 2751 1804 Υἱὸς
2779 1735 2914 1794 εἶναι
2938 1740 3031 1792 καὶ
3059 1736 3380 1807 γεγενῆσθαι
3409 1735 3599 1798 οὕτως,

2039 1831 2274 1901 ὑπήκοος
2314 1829 2532 1898 γέγονεν
2562 1832 2617 1884 ὲν
2648 1829 2844 1896 λόγοις,
2885 1828 2979 1881 καὶ
3012 1828 3248 1895 ὑπήκοος
3293 1826 3349 1877 ὲν
3394 1824 3595 1894 ἔργοις.

2043 1925 2106 1976 Ὤ
2147 1925 2242 1994 τῆς
2284 1923 2637 1991 ἀναισθησίας
2668 1922 2759 1975 τοῦ
2807 1919 3316 1992 δόγματοςίΛόγοις
3364 1918 3603 1988 ὑπήκοον

2036 2012 2125 2066 τὸν
2171 2014 2342 2079 Λόγον
2365 2014 2534 2074 ποιεῖς
2558 2049 2572 2072 ,
2620 2012 2710 2063 καὶ
2747 2011 3082 2080 προεπινοεῖς
3111 2006 3202 2059 τοῦ
3251 2005 3399 2067 ὄντος
3428 2003 3602 2068 Λόγου

2033 2098 2238 2168 Λόγους
2261 2098 2500 2171 ἑτέρους·
2537 2103 2629 2154 καὶ
2655 2099 2923 2172 μεσιτεύει
2965 2097 3059 2152 τοῦ
3091 2099 3147 2149 ὲν
3178 2099 3243 2168 τῇ
3287 2097 3426 2166 ἀρχῇ
3452 2093 3603 2155 ὄντος

2034 2193 2208 2260 Λόγου
2264 2191 2448 2262 ἕτερος
2494 2192 2664 2258 Λόγος
2708 2191 2806 2260 τῆς
2861 2190 3035 2261 ἀρχῆς
3087 2187 3221 2258 πρὸς
3275 2185 3436 2238 αὑτὸν
3483 2183 3601 2235 δια-

2036 2283 2359 2353 πορθμεύων
2391 2283 2451 2336 τὸ
2505 2282 2780 2352 βούλημα.
2839 2283 2948 2335 Καὶ
2976 2280 3074 2350 οὑχ
3119 2275 3200 2342 εἷς
3243 2269 3426 2339 οὗτος,
3466 2271 3602 2328 ἀλλὰ

2036 2375 2132 2426 καὶ
2177 2372 2421 2437 πλείονές
2468 2371 2572 2424 εἰσί
2627 2388 2771 2434 τινες
2811 2370 3012 2440 Λόγοι,
3065 2370 3115 2422 οἱ
3165 2368 3251 2420 διὰ
3303 2365 3465 2436 μέσου
3503 2363 3599 2432 τῆς

2036 2462 2209 2534 ἀρχῆς
2275 2462 2370 2515 καὶ
2399 2461 2491 2514 τοῦ
2517 2461 2692 2529 Λόγου
2748 2460 2896 2530 παρὰ
2923 2457 3015 2512 τοῦ
3052 2457 3316 2528 Εὑνομίου
3347 2468 3596 2524 παρενει-

2040 2554 2292 2626 ρόμενοι,
2333 2552 2426 2605 καὶ
2479 2552 2610 2623 πρὸς
2663 2552 2724 2604 τὸ
2777 2551 2966 2604 δοκοῦν
3019 2551 3201 2613 αὑτοῖς
3261 2551 3326 2619 τῇ
3387 2549 3599 2617 ὑπακοῇ

2037 2643 2200 2716 αὑτοῦ
2229 2640 2662 2713 καταχρώμενοι.
2709 2642 2867 2695 Ἀλλὰ
2913 2641 2966 2694 τί
3017 2641 3122 2712 χρὴ
3173 2644 3240 2712 τῇ
3287 2640 3604 2710 ματαιότητι

2035 2736 2142 2788 τῶν
2169 2735 2474 2805 λεγομένων
2501 2734 2890 2804 ὲνδιατρίῧεινς
2923 2735 3091 2786 Παντὶ
3121 2733 3228 2803 γὰρ
3257 2731 3410 2800 δῆλόν
3435 2733 3602 2794 ἐστιν,

2037 2828 2116 2881 ὅτι
2151 2828 2243 2880 καὶ
2290 2829 2377 2880 ὅτε
2419 2828 2446 2879 ό
2495 2827 2701 2890 Παῦλος
2739 2823 2891 2878 εἶπεν
2939 2826 3095 2878 αὑτὸν
3129 2824 3454 2894 γεγενῆσθαι
3511 2823 3608 2876 ὑπ-

2039 2921 2220 2989 ήκοον,
2250 2913 2368 2971 εἷπε
2403 2919 2458 2971 δὲ
2505 2919 2678 2980 οὑτως
2715 2917 2875 2970 αὑτὸν
2903 2915 3224 2985 γεγενῆσθαι
3253 2957 3267 2980 ,
3304 2915 3482 2985 σάρκα
3514 2915 3607 2967 καὶ

2036 3008 2240 3072 δοῦλον,
2274 3007 2370 3061 καὶ.
2395 3007 2639 3079 κατάραν
2673 3007 2766 3060 καὶ
2800 3006 3071 3077 ἁμαρτίαν
3098 3005 3163 3057 δι’
3204 3007 3348 3074 ἡμᾶς
3377 3005 3606 3073 γενόμε-

369 3098 578 3146 tentur.
612 3090 717 3147 Sed
743 3092 871 3162 quid
891 3093 944 3147 in
963 3093 1156 3148 horum
1183 3094 1456 3149 dictorum
1477 3095 1711 3150 vanitate
1731 3094 1937 3150 diutius

2039 3117 2158 3164 vov,
2198 3099 2317 3152 οὑδὲ
2347 3099 2469 3152 τότε
2519 3101 2547 3153 6
2582 3099 2783 3170 Κύριος
2814 3099 2910 3168 τῆς
2943 3098 3127 3167 δόξης,
3162 3099 3189 3150 6
3219 3097 3318 3166 τῆς
3347 3099 3607 3167 αἰσχύνης
3660 3168 3666 3174 ι

370 3184 647 3239 immorari
693 3200 915 3241 necesse
965 3186 1087 3242 est?
1125 3187 1309 3242 Cuivis
1361 3190 1506 3244 enim
1558 3189 1936 3259 perspicuum,

369 3275 511 3344 quod
544 3275 760 3345 quando
784 3275 984 3332 Paulus
1011 3277 1148 3332 dixit
1181 3281 1355 3348 ipsum
1392 3279 1593 3334 factum
1625 3281 1792 3336 fuisse
1813 3283 1941 3336 obe-

366 3367 641 3432 dieutem,
693 3367 774 3422 sic
807 3368 944 3422 dixit
993 3369 1455 3439 quemadmodum
1495 3371 1628 3425 dicit
1677 3380 1731 3426 et
1763 3372 1940 3440 ipsum

371 3457 572 3513 factum
599 3459 766 3513 fuisse
787 3474 1006 3513 carnem
1032 3467 1085 3512 et
1113 3469 1412 3524 servum,et
1434 3462 1863 3516 exsecrationem
1888 3471 1942 3517 et

371 3560 650 3621 peccatum
682 3558 902 3618 propter
928 3564 1050 3612 nos,
1077 3565 1253 3620 neque
1282 3558 1411 3605 tunc
1444 3551 1706 3606 Dominus
1731 3553 1938 3621 glorias,

371 3639 608 3695 dedecus
650 3645 995 3707 aspernatus,
1022 3647 1076 3693 et
1105 3639 1161 3694 in
1191 3654 1356 3696 carne
1401 3642 1707 3712 passionem
1764 3643 1942 3698 susci-

373 3732 548 3797 piens,
573 3737 840 3800 potestate
871 3745 1082 3785 summa
1113 3738 1167 3786 et
1198 3730 1367 3786 libera
1412 3733 1652 3802 seipsum
1687 3733 1938 3802 privavit,

371 3821 560 3876 dicens
584 3820 649 3883 ",
687 3818 882 3875 Solvite
941 3822 1188 3890 templum
1223 3822 1340 3885 hoc,
1383 3831 1432 3876 et
1471 3823 1525 3877 in
1561 3821 1726 3878 tribus
1756 3822 1938 3877 diebus

372 3917 543 3982 ipsum
598 3913 858 3968 excitabo.
912 3911 977 3967 Et
1019 3915 1238 3975 iterum,
1276 3913 1473 3968 Nullus
1525 3915 1663 3968 tollit
1697 3916 1933 3968 animam

372 4022 541 4060 meam
577 4021 609 4058 a
652 4021 764 4068 me;
819 4013 1126 4074 potestatem
1171 4004 1336 4058 habeo
1390 4006 1614 4072 ponendi
1656 4007 1848 4074 ipsam,
1891 4015 1941 4060 et

369 4107 673 4167 potestatem
703 4098 866 4156 habeo
896 4097 1194 4151 resumendt'
1225 4099 1414 4165 ipsam.
1463 4098 1527 4150 Et
1573 4113 1695 4150 cum
1744 4098 1810 4151 ad
1859 4099 1942 4169 ip-

371 4205 492 4245 sum
541 4189 765 4261 prepius
812 4197 1165 4244 accesserunt
1203 4203 1266 4242 ea
1296 4195 1457 4241 nocte
1496 4204 1617 4258 quae
1661 4189 1779 4258 ejus
1815 4204 1940 4258 pas-

371 4282 580 4337 sionem
602 4281 906 4352 praecessit,
938 4281 1026 4349 qui
1082 4279 1229 4334 l'erro
1259 4287 1312 4334 et
1333 4279 1496 4350 lignis
1537 4281 1729 4334 armati
1760 4291 1939 4347 erant,

368 4390 562 4431 omnes
589 4381 891 4430 retrorsum
920 4371 1138 4435 evertit,
1178 4387 1300 4426 cum
1335 4372 1436 4426 hoc
1471 4371 1626 4439 dixit,
1662 4372 1771 4444 Ego
1801 4391 1938 4428 sum.

369 4466 437 4520 Et
469 4480 662 4520 rursus
691 4466 903 4520 latrone
951 4464 1296 4533 supplicante
1323 4473 1381 4516 ut
1413 4465 1498 4518 sui
1536 4479 1743 4518 memor
1773 4476 1936 4531 esset,
1972 4449 2015 4503 Ῑ)

1993 4579 1996 4581 ·
2041 4560 2096 4612 δὲ
2123 4557 2214 4610 καὶ
2257 4557 2289 4624 ἡ
2327 4551 2660 4622 πολύτροπος
2688 4547 2828 4617 αῦτη
2861 4548 3104 4617 μεσιτεία
3127 4589 3140 4613 ,
3192 4552 3257 4620 ἦν
3301 4550 3609 4620 ἐπιθρυλλεῖ

369 4573 526 4613 suam
565 4558 621 4612 in
664 4555 921 4612 omnibus
949 4563 1273 4624 potestatem
1317 4556 1579 4616 ostendit,
1619 4572 1742 4611 cum
1777 4557 1938 4621 dixit,

359 4648 534 4703 Hodie
565 4664 767 4702 mecum
828 4646 932 4699 eris
993 4647 1045 4698 in
1106 4647 1377 4715 paradiso.
1433 4647 1489 4701 Si
1537 4648 1704 4718 igitur
1763 4667 1941 4720 neque

370 4746 620 4805 tempore
661 4736 940 4804 passionis
970 4750 998 4789 a
1041 4746 1312 4806 potestate
1358 4748 1682 4808 separatur:
1719 4741 1937 4795 ubinam

371 4824 589 4880 tandem
620 4825 843 4881 haeresis
893 4826 1290 4897 subjectionem
1320 4827 1485 4899 Regis
1515 4831 1701 4898 gloriae
1729 4832 1940 4899 conSpi-

369 4914 493 4970 cit?
552 4913 810 4980 Quaenam
871 4917 985 4972 haec
1044 4920 1211 4972 etiam
1278 4919 1596 4973 multimoda
1660 4922 1942 4975 meditatio

370 5021 534 5077 quam
561 5005 616 5060 in
641 5003 751 5060 Deo
773 5006 961 5075 jactat,
986 5007 1180 5065 dicens
1209 5009 1565 5065 mediatorem
1599 5011 1652 5065 in
1682 5013 1938 5079 decretis,

373 5097 728 5154 mediatorem
761 5098 815 5151 in
856 5096 1134 5169 lege?Non
1166 5101 1281 5154 haec
1305 5102 1370 5155 ab
1395 5103 1503 5156 alta
1530 5118 1665 5158 voce
1695 5104 1939 5174 Apostoli

371 5206 562 5247 sumus
608 5188 812 5256 edocti,
845 5191 938 5260 qui
995 5191 1091 5256 ait,
1144 5192 1287 5261 quod
1343 5195 1513 5264 legem
1559 5197 1939 5250 mandatorum

369 5299 641 5340 evacuans
671 5284 789 5339 suis
824 5283 1193 5349 documentis,
1233 5287 1320 5342 hic
1350 5296 1434 5343 est
1477 5289 1742 5343 mediator
1767 5287 1858 5342 Dei
1884 5297 1938 5344 et

369 5377 673 5443 hominum,
737 5392 861 5431 cum
911 5377 1050 5432 dixit
1107 5378 1209 5434 hoc
1261 5379 1436 5450 ipsum
1483 5383 1740 5444 werbum,
1795 5384 1936 5452 quod

367 5463 522 5519 linus
544 5462 688 5520 Deus
740 5476 846 5532 est,
892 5484 1036 5525 unus
1082 5471 1351 5526 mediator
1399 5472 1491 5527 Dei
1537 5481 1591 5528 ct
1627 5471 1934 5537 hominum,

379 5550 546 5610 homo
579 5556 831 5615 Christus
877 5559 1054 5618 Jesus.
1101 5563 1293 5618 Totum
1349 5566 1504 5623 nobis
1553 5566 1640 5622 hic
1693 5565 1933 5637 mystcrii

448 5732 490 5769 ⁸⁷
540 5730 696 5788 Joan.
741 5751 802 5803 tl,
856 5739 937 5793 i9.

2041 3191 2487 3260 καταφρονήσας,
2521 3189 2614 3242 καὶ
2657 3191 2722 3259 τῇ
2759 3189 2923 3259 σαρκὶ
2970 3188 3027 3240 τὸ
3077 3186 3246 3250 πάθος
3281 3186 3608 3256 ἀναδεξάμε-

2040 3297 2158 3344 νος,
2191 3280 2288 3350 τῆς
2345 3277 2663 3348 αὑθεντικῆς
2716 3277 2963 3343 ἐξουσίας
3019 3277 3206 3330 ἑαυτὸν
3259 3275 3604 3347 ἡλλοτρίωσε,

2039 3369 2212 3438 λέγων
2235 3410 2248 3432 ,
2283 3369 2518 3422 Λύσατε
2549 3368 2656 3421 τὸν
2691 3367 2843 3421 ναὸν
2881 3367 3129 3430 τοῦτον,
3172 3366 3268 3419 καὶ
3315 3367 3382 3419 ἐν
3411 3366 3608 3433 τρισὶν

2041 3462 2283 3530 ἡμέραις
2315 3457 2493 3527 ἐγερῶ
2517 3460 2718 3512 αὑτό-ν.
2747 3459 2856 3510 Καὶ
2888 3457 3068 3523 πάλιν,
3092 3456 3300 3521 Οὐδεὶς
3319 3455 3468 3523 αἴρει
3493 3454 3608 3520 τὴν

2040 3551 2251 3622 ψυχήν
2266 3568 2384 3619 μου
2410 3551 2510 3604 ἀπ’
2532 3549 2704 3619 ἐμοῦ⁶
2725 3549 3013 3611 ἐξουσίαν
3037 3549 3153 3617 ἔχω
3182 3547 3365 3600 θεῖναι
3389 3545 3604 3612 αὐτὴν,

2041 3644 2137 3697 καί
2174 3641 2465 3707 ἐξουσίαν
2491 3640 2608 3707 ἐχω
2649 3638 2835 3692 πάλιν
2865 3638 3072 3691 λαϐεῖν
3111 3637 3324 3706 αὑτήν.
3371 3637 3479 3689 Kal.
3519 3637 3606 3689 ὅτε

2041 3735 2412 3804 προσήγγισαν
2451 3729 2598 3798 αὑτῷ
2626 3731 2766 3782 κατὰ
2794 3729 2891 3800 τὴν
2931 3729 3036 3800 πρὸ
3058 3728 3152 3781 τοῦ
3179 3729 3384 3792 πάθους
3412 3728 3603 3793 νύκτα,

2040 3827 2089 3878 oi
2117 3825 2192 3896 τῷ
2219 3823 2418 3896 σιδήρῳ
2443 3822 2534 3874 καὶ
2567 3822 2676 3882 τοῖς
2705 3819 2879 3886 ξύλοις
2912 3820 3370 3890 καθωπλισμένοι,
3403 3821 3606 3882 πάντας

2040 3917 2236 3980 αὑτοὺς
2262 3917 2340 3978 είς
2368 3915 2429 3967 τὸ
2461 3913 2692 3966 κατόπιν
2735 3911 2995 3982 ἀνέτρεψε
3037 3912 3124 3964 διὰ
3155 3910 3248 3964 τοῦ
3286 3913 3456 3964 εἰπεῖν
3477 3951 3491 3976 ,
3527 3911 3608 3964 ὅτι

2041 4008 2189 4076 Ἐγώ
2225 4009 2338 4075 ειμι
2366 4017 2384 4034 ⁸
2409 4005 2502 4057 καὶ
2533 4002 2690 4056 πάλιν
2744 4001 2836 4054 τοῦ
2885 4001 3080 4074 λῃστοῦ
3134 4003 3504 4066 ἱκετεύσαντος
3550 4005 3607 4057 ἐν

2047 4103 2229 4172 μνήμῃ
2263 4098 2393 4166 παρ’
2423 4093 2585 4150 αὑτοῦ
2613 4094 2862 4162 γενέσθαι
2888 4132 2903 4157 ,
2937 4093 3102 4158 ἔδειξε
3134 4095 3230 4165 τὴν
3266 4096 3358 4148 ἐπὶ
3392 4097 3607 4150 πάντων

2042 4190 2286 4258 ἐξουσίαν
2311 4227 2324 4247 ,
2355 4188 2411 4237 ὲν
2452 4179 2532 4247 οἷς
2575 4200 2728 4254 φησι,
2758 4182 3025 4252 Σήμερον
3056 4185 3180 4253 μετ’
3208 4185 3352 4253 ἐμοῦ
3391 4186 3505 4252 ἔσῃ
3540 4187 3609 4238 ἐν

2041 4281 2120 4347 τῷ
2174 4277 2530 4347 παραδείσῳ.
2565 4275 2628 4327 Εἰ
2674 4274 2851 4328 τοίνυν
2891 4273 3008 4326 οὑδὲ
3068 4277 3123 4327 ὲν
3173 4273 3249 4344 τῷ
3296 4274 3471 4345 καιρῷ
3515 4274 3604 4328 τοῦ

2044 4375 2246 4436 πάθους
2275 4371 2374 4440 τῆς
2411 4367 2655 4434 ἐξουσίας
2702 4365 3030 4435 χωρίζεται,
3075 4364 3178 4417 ποῦ
3205 4381 3332 4418 ποτε
3359 4365 3543 4434 βλέπει
3573 4367 3606 4434 ἡ

2043 4469 2251 4538 αἵρεσις
2290 4461 2384 4515 τοῦ
2418 4459 2678 4530 βασιλέως
2706 4457 2804 4528 τῆς
2842 4457 2997 4527 δόξης
3029 4455 3087 4509 τὸ
3123 4456 3471 4523 ὑπεξούσιονς
3514 4459 3608 4520 Τίς

2042 4649 2116 4719 τῷ
2143 4645 2262 4715 Θεῷ
2285 4687 2298 4708 ,
2331 4641 2554 4712 μεσίτην
2585 4638 2756 4706 λέγων
2786 4639 2842 4690 ὲν
2873 4637 3140 4707 δόγμασι,
3178 4639 3400 4709 μεσίτην
3431 4643 3488 4692 ὲν
3520 4640 3607 4692 νό-

2046 4734 2161 4810 μῳ;
2210 4737 2285 4789 οὺ
2341 4731 2514 4785 ταῦτα.
2567 4728 2718 4800 παρὰ
2756 4727 2856 4797 τῆς
2897 4728 3104 4799 ὑψηλῆς
3149 4729 3243 4782 τοῦ
3287 4730 3606 4785 Ἀποστόλου

2043 4832 2222 4901 φωνῆς
2270 4826 2699 4896 ἐπαιδεύθημεν·
2737 4827 2794 4888 ὃς
2829 4841 2992 4894 φησιν
3019 4865 3032 4888 ,
3070 4825 3150 4878 ὅτι
3179 4825 3268 4877 τὸν
3313 4825 3474 4895 νόμον
3502 4826 3608 4877 τῶν

2044 4921 2270 4978 ἐντολῶν
2309 4920 2662 4990 καταργήσας
2711 4918 2821 4978 τοῖς
2857 4916 3046 4968 ἑαυτοῦ
3105 4916 3402 4986 δόγμασιν,
3457 4913 3609 4980 0616;

2045 5017 2190 5068 ἐστιν
2214 5013 2242 5064 ὁ
2275 5009 2497 5079 μεσίτης
2524 5003 2658 5057 Θεοῦ
2702 5004 2794 5056 καὶ
2850 5002 3171 5074 ἀνθρώπων.
3219 5003 3402 5057 Εἰπὼν
3456 5005 3608 5058 τοῦτο

2043 5109 2103 5161 τὸ
2139 5105 2285 5176 ῥῆμα
2309 5141 2323 5164 ,
2353 5103 2432 5155 ὅτι
2468 5092 2561 5159 Εἷς
2587 5095 2746 5160 Θεὸς,
2800 5096 2894 5148 καὶ
2941 5091 3022 5159 εἷς
3077 5097 3300 5166 μεσίτης
3337 5097 3471 5150 Θεοῦ
3516 5098 3608 5150 καὶ

2045 5191 2380 5264 ἀνθρώπων,
2426 5183 2706 5254 ἄνθρωπος
2753 5183 2984 5254 Χριστὸς
3031 5185 3232 5255 Ἰησοῦς
3258 5203 3272 5218 .
3321 5186 3441 5240 ὅλον
3478 5189 3608 5258 ἡμῖν

2047 5281 2276 5338 ἐνταῦθα
2297 5280 2388 5332 τὸν
2434 5273 2634 5328 σκοπὸν
2661 5272 2752 5326 τοῦ
2790 5276 3090 5346 μυστηρίου
3135 5275 3221 5329 διὰ
3259 5277 3357 5345 τῆς
3384 5278 3478 5331 τοῦ
3515 5294 3605 5346 με·

2046 5376 2190 5430 σίτου
2242 5371 2438 5434 λέξεως
2475 5363 2741 5418 διαλαϐὼν
2769 5407 2782 5428 ,
2823 5365 3169 5435 ἀπεκάλυψεν
3193 5385 3204 5397 ·
3247 5369 3282 5422 ό
3325 5367 3380 5420 δὲ
3412 5368 3605 5430 σκοπὸς

2044 5460 2193 5528 0616;
2227 5465 2405 5514 ἐστιν·
2439 5455 2648 5525 ἀπέστη
2692 5454 2778 5508 διὰ
2821 5457 2920 5526 τῆς
2948 5456 3038 5509 τοῦ
3103 5457 3478 5527 ἀντικειμένου
3508 5475 3604 5510 κει-

2045 5560 2166 5622 κίας
2201 5551 2330 5609 ποτὲ
2366 5550 2427 5605 τὸ
2459 5545 2816 5618 ἀνθρώπινον,
2851 5549 2944 5601 καὶ
2966 5551 3030 5620 τῇ
3061 5547 3297 5619 ἁμαρτίᾳ
3323 5547 3606 5617 δουλωθὲν,
