4054 6150
393 313 499 370 555

1509 309 1784 368 CONTRA
1823 307 2214 371 EUNOMIUM,
2253 307 2378 360 LIB.
2418 304 2479 358 11.

3536 289 3648 354 531⁵

389 427 485 484 καὶ
508 425 608 498 τῆς
648 425 816 489 ὅντως
844 426 1174 498 ήλλοτριώθη
1207 429 1370 498 ζωῆς.
1420 429 1792 484 Ἀνακαλεῖται
1823 424 1958 498 μετὰ

2064 437 2289 492 scopum
2348 416 2664 474 mediatoris
2706 415 2925 470 nomine
2976 415 3294 484 complexus
3331 405 3634 468 revelavitt

389 519 563 573 ταῦτα
601 517 661 570 τὸ
695 517 885 571 ἑαυτοῦ
934 519 1154 589 πλάσμα
1184 523 1212 573 6
1241 521 1334 574 τοῦ
1378 521 1690 592 πλάσματος
1734 521 1956 593 Κύριος,

389 609 486 663 καὶ
524 608 734 677 γίνεται
777 609 1056 680 ἄνθρωπος
1089 611 1227 682 μετὰ
1249 612 1342 666 τοῦ
1378 608 1514 668 εἶναι
1545 613 1673 676 Θεός
1697 631 1710 642 ·
1739 615 1960 666 κάκεῖνο

386 698 507 752 ὅλον
531 697 626 763 ὣν,
669 699 764 752 καὶ
789 699 943 752 τοῦτο
967 700 1086 753 ὅλον
1116 701 1406 772 γενόμενος
1429 719 1442 733 ·
1489 703 1584 755 κα)⁸
1616 701 1787 764 οὕτως
1835 718 1958 752 συν-

388 786 666 856 ανεκράθη
692 785 810 856 Θεῷ
833 787 892 840 τὸ
914 787 1269 858 ἀνθρώπινον,
1295 790 1389 843 τοῦ
1416 789 1556 843 κατὰ
1585 788 1816 860 Χριστὸν
1861 791 1926 842 άν
1944 818 1956 828 -

389 875 608 948 θρώπου
661 877 760 946 τὴν
821 878 1098 948 μεσιτείαν
1146 879 1538 951 ἐργασαμένου.
1596 874 1666 950 ᾯ
1718 879 1808 933 6:5:
1860 881 1959 950 τῆς

387 967 790 1036 ἀναληφθείσης
829 969 959 1038 ἡμῖν
995 970 1204 1039 ἀρχῆς,
1242 971 1362 1024 ὅλον
1414 973 1478 1041 τῇ
1512 970 1736 1041 δυνάμει
1765 988 1958 1026 συναν-

387 1055 598 1126 εκράθη
642 1057 702 1108 τὸ
747 1055 990 1126 φύραμα.
1037 1058 1187 1111 Ἐπεὶ
1235 1054 1324 1111 οῦν
1375 1059 1400 1111 ό
1447 1060 1670 1130 μεσίτης
1703 1063 1819 1125 ἐνὸς
1859 1064 1958 1116 οὐκ

389 1146 557 1212 ἔστιν,
584 1149 612 1198 6
643 1147 699 1200 δὲ
727 1146 858 1210 Θεὸς
889 1142 968 1210 εἷς
999 1149 1162 1214 ἐστιν,
1191 1149 1344 1202 οὐδὲν
1373 1152 1484 1214 τοῖς
1515 1152 1822 1222 προσώποις
1847 1157 1959 1218 τοῖς

390 1241 448 1291 ἐν
502 1242 568 1310 τῇ
621 1238 798 1291 πίστει
832 1238 1285 1309 παραδεδομένοις
1333 1241 1760 1312 ὲμμεριζόμενος
1789 1285 1803 1308 ,
1861 1245 1959 1314 μία

391 1329 498 1399 γὰρ
531 1332 564 1400 ἡ
601 1329 792 1400 θεότης
818 1331 875 1382 ἐν
908 1331 1078 1400 Πατρί
1112 1347 1170 1383 τε
1215 1331 1309 1384 καὶ¹
1340 1331 1452 1401 Υίῷ
1478 1375 1492 1398 ,
1544 1334 1635 1386 καὶ
1680 1334 1958 1406 Πνεύματι

393 1421 531 1491 ἁγίῳ
561 1435 577 1451 ⁶
629 1419 715 1473 διὰ
763 1419 919 1473 τοῦτο
951 1420 1154 1484 γίνεται
1203 1423 1428 1493 μεσίτης
1480 1423 1626 1488 ἅπαξ
1659 1426 1687 1478 6
1721 1425 1954 1497 Κύριος,

392 1512 526 1566 Θεοῦ
566 1513 656 1565 καὶ
703 1511 1043 1582 ἀνθρώπων,
1086 1514 1370 1567 συνάπτων
1417 1514 1509 1566 τὸν
1554 1513 1837 1584 ἄνθρωπον
1892 1515 1957 1568 δι’

391 1597 584 1652 ἑαυτοῦ
622 1601 687 1669 τῇ
728 1599 960 1668 θεότητι.
1004 1600 1163 1654 Ἀλλὰ
1196 1601 1287 1654 καὶ
1322 1601 1411 1655 διὰ
1440 1602 1532 1655 τοῦ
1569 1603 1708 1657 κατὰ
1749 1604 1840 1656 τὸν
1873 1621 1961 1674 με-

391 1691 543 1761 σίτην
575 1692 840 1761 νοήματος
862 1691 919 1745 τὸ
943 1692 1159 1756 εὐσεϐὲς
1188 1693 1286 1763 τῆς
1318 1692 1550 1758 πίστεως
1583 1693 1955 1764 ἐδιδάχθημενο

388 1785 419 1834 6
450 1781 558 1853 γὰρ
611 1783 836 1853 μεσίτης
879 1783 1010 1836 Θεοῦ
1059 1784 1153 1837 καὶ
1187 1784 1492 1854 ἀνθρώπων
1522 1785 1709 1857 ὥσπερ
1738 1786 1834 1855 τῆς
1868 1789 1959 1839 άν-

390 1872 667 1944 θρωπίνης
697 1873 908 1944 φύσεως
946 1873 1043 1944 τὴν
1090 1875 1371 1928 κοινωνίαν
1425 1874 1672 1940 ἐδέξατο,
1708 1877 1768 1929 οὺ
1810 1893 1961 1946 νομι-

391 1964 536 2028 σθεὶς
564 1965 848 2036 ἄνθρωπος
867 2006 881 2031 ,
902 1965 1039 2019 ἀλλὰ
1069 1965 1302 2034 γεγονὼς
1342 1965 1482 2020 κατὰ
1512 1966 1789 2038 ἀλήθειαν,
1818 1969 1958 2022 οὕτω

391 2057 482 2110 καὶ
516 2057 762 2127 ἀληθινὸς
794 2058 926 2120 Θεὸς
951 2055 1026 2111 ὢν
1047 2098 1062 2122 ,
1112 2058 1212 2111 οὐκ
1266 2058 1554 2130 ἐπωνυμίᾳ
1598 2063 1957 2132 τετιμημένος

391 2147 536 2199 ἐστὶν
582 2147 741 2218 ψιλῆς
763 2149 860 2218 τῆς
894 2148 1144 2220 θεότητος
1162 2190 1178 2214 ,
1208 2148 1282 2213 ὡς
1311 2151 1337 2201 6
1360 2150 1622 2220 Εύνόμιος
1652 2152 1916 2222 βούλεται.

2059 515 2149 570 hic
2179 523 2359 568 autem
2396 525 2598 580 scapus
2635 515 2756 563 est:
2789 505 3087 562 adversarii
3115 503 3320 558 malitia
3361 501 3634 571 quondam

2061 608 2355 662 humanum
2391 618 2560 674 genus
2596 617 2625 654 a
2653 599 2764 653 Deo
2811 597 3106 658 defecerat,
3137 603 3191 650 et
3237 602 3464 664 peccato
3517 608 3636 647 ser-

2060 702 2254 765 vierat,
2300 707 2354 753 et
2411 711 2440 750 a
2489 709 2617 751 vera
2675 693 2785 747 vita
2840 691 3136 744 alienatum
3198 694 3338 742 erat.
3398 684 3641 739 Revocat

2061 801 2247 863 postea
2281 805 2440 847 suum
2471 788 2811 859 ﬁgmentum,
2839 784 2933 852 qui
2967 780 3208 850 ﬁgmenti
3236 777 3500 832 Dominus
3531 785 3634 839 est,

2057 893 2111 940 et
2157 884 2216 936 ﬁt
2257 882 2422 936 homo
2470 895 2592 934 cum
2637 893 2702 932 eo
2747 875 2840 945 qui
2883 879 2968 928 est
3003 870 3166 932 Deus,
3201 875 3254 922 et
3281 865 3416 921 illud
3462 873 3637 920 totum

2059 990 2184 1031 cum
2211 979 2378 1036 esset,
2406 981 2460 1026 et
2490 971 2592 1024 hoc
2624 976 2796 1022 totum
2846 962 3060 1018 factus:
3105 969 3160 1016 et
3210 959 3291 1013 sic
3340 957 3488 1028 quod
3538 958 3647 1012 hu-

2059 1081 2278 1123 manum
2301 1071 2406 1127 est,
2437 1076 2559 1116 cum
2605 1059 2716 1114 Deo
2755 1062 3115 1126 temperatum
3157 1058 3262 1114 est,
3298 1051 3517 1104 homine
3545 1051 3636 1120 qui

2059 1157 2361 1214 secundum
2406 1153 2686 1208 Christum
2736 1155 2844 1210 est,
2903 1145 3290 1201 mediationem
3355 1151 3634 1212 operante.

2058 1252 2160 1308 Cui
2205 1265 2303 1321 per
2344 1253 2656 1315 assumptas
2685 1259 2714 1297 a
2750 1241 2910 1297 nobis
2961 1239 3232 1310 primitias
3279 1244 3392 1290 tota
3435 1235 3650 1288 virtute

2058 1346 2466 1411 contemperata
2493 1345 2578 1392 est
2609 1349 2814 1391 massa.
2846 1331 3114 1398 Quoniam
3163 1329 3330 1399 igitur
3366 1327 3636 1380 mediator

2058 1435 2223 1490 unius
2250 1448 2357 1488 non
2391 1437 2496 1492 est,
2529 1427 2674 1482 Deus
2711 1433 2890 1481 autem
2927 1437 3071 1476 unus
3093 1429 3195 1483 est,
3227 1433 3407 1487 neque
3433 1418 3488 1470 in
3519 1429 3642 1484 per-

2059 1525 2212 1580 sonis
2240 1523 2294 1577 in
2337 1520 2441 1575 ﬁde
2480 1518 2698 1573 traditis
2746 1517 2801 1570 in
2856 1525 3036 1584 partes
3081 1509 3412 1564 distributus
3462 1520 3475 1556 :
3531 1519 3648 1556 una-

2057 1618 2204 1674 enim
2269 1612 2441 1670 deitas
2493 1611 2548 1666 in
2605 1609 2786 1676 Patre,
2831 1605 2990 1669 Filio,
3043 1612 3097 1659 et
3151 1601 3359 1672 Spiritu
3409 1604 3639 1654 sancto:

2059 1714 2346 1780 propterea
2376 1703 2435 1758 ﬁt
2475 1701 2744 1756 mediator
2787 1696 2956 1753 semel
2995 1695 3278 1755 Dominus,
3308 1688 3402 1744 Dei
3449 1695 3504 1741 et
3541 1686 3637 1738 ho-

2062 1777 2577 1865 minum-copulatis
2615 1790 2888 1845 hominem
2916 1803 3010 1857 per
3040 1783 3393 1853 semetipsum
3429 1777 3639 1833 deitati.

2061 1891 2202 1957 Quin
2234 1889 2397 1944 etiam
2431 1885 2652 1938 notione
2687 1894 2782 1951 per
2815 1877 3170 1932 mediatorem
3205 1876 3469 1940 concepta
3520 1867 3640 1921 ﬁdei

2059 1981 2316 2052 pietatem
2333 1974 2658 2030 didicimus:
2692 1970 2959 2025 mediator
2976 1968 3119 2023 enim
3141 1966 3232 2022 Dei
3257 1973 3309 2020 et
3333 1962 3641 2020 hominum,

2061 2064 2516 2142 quemadmodum
2590 2063 2847 2117 humana:
2919 2067 3129 2115 natura:
3204 2053 3643 2111 communionem

2064 2140 2291 2228 accepit,
2339 2170 2448 2209 non
2493 2158 2718 2222 putatus
2759 2151 2951 2212 homo,
2999 2145 3095 2203 sed
3133 2153 3295 2200 natus
3342 2140 3644 2199 secundum

392 2237 694 2302 veritatem,
720 2240 800 2294 sic
827 2240 987 2294 etiam
1016 2254 1178 2294 verus
1207 2239 1348 2297 Deus
1377 2248 1460 2295 es:
1491 2257 1598 2296 non
1629 2257 1992 2316 cognomento
2030 2259 2242 2306 tantum
2297 2247 2598 2301 honoratus
2649 2242 2810 2297 nudm
2859 2239 3102 2305 deitatis,
3158 2244 3219 2293 ut
3278 2235 3396 2291 vult
3453 2231 3641 2286 Euno-

393 2349 556 2392 mtus.

461 2429 601 2480 Ὅσα
638 2428 695 2480 δέ
742 2431 854 2492 τοῖς
907 2429 1208 2501 εἰρημένοις
1253 2430 1612 2502 προστίθησι,
1650 2434 1749 2504 τῆς
1793 2436 1962 2506 αὐτῆς

390 2522 572 2586 ἀνοίας
598 2523 798 2593 ἔχεται,
835 2522 1030 2593 μᾶλλον
1062 2523 1116 2576 δὲ
1147 2522 1462 2586 κακονοίας·
1503 2525 1631 2577 Υίὸν
1661 2527 1768 2598 γὰρ
1798 2529 1960 2581 αὑτὸν

392 2614 579 2678 εἰπὼν,
611 2613 668 2665 ὃν
697 2616 753 2667 ἐν
783 2617 895 2677 τοῖς
927 2613 1108 2686 μικρῷ
1129 2614 1359 2685 πρόσθεν
1387 2615 1715 2685 εἰρημένοις,
1745 2619 1960 2671 κτιστὸν

392 2701 528 2758 εἶναι
559 2706 740 2774 σαφῶς
767 2705 1174 2776 διωρίσατο,καὶ
1200 2708 1483 2777 Μονογενῆ
1501 2707 1632 2761 Θεὸν
1663 2709 1956 2779 ὀνομάσας,

391 2794 449 2846 ὃν
482 2793 621 2862 μετὰ
647 2793 981 2855 τῶν,λοιπῶν
1015 2795 1119 2848 τῶν
1144 2796 1230 2849 διὰ
1262 2797 1360 2866 τῆς
1398 2797 1628 2862 κτίσεως
1659 2800 1959 2867 γεγονότων

393 2883 698 2953 ἠρίθμησεν
741 2922 757 2948 ,
812 2883 1019 2952 ὅμοιον
1067 2881 1189 2936 εἶπε
1249 2885 1327 2950 τῷ
1378 2886 1773 2954 γεννήσαντι,
1831 2891 1956 2942 κατ’

393 2971 702 3039 ἐξαίρετον
730 2973 1046 3042 ὁμοιότητα
1062 2973 1276 3042 μόνον,
1309 2975 1455 3026 κατὰ
1479 2974 1592 3043 τὴν
1619 2976 1958 3037 ἰδιάζουσαν

392 3060 654 3115 ἔννοιαν.
690 3063 808 3134 Χρὴ
838 3062 1013 3116 τοίνυν
1039 3063 1386 3134 διασταλῆναι
1411 3065 1620 3136 πρῶτον
1654 3066 1744 3120 τοῦ
1773 3069 1958 3138 ὁμοίου

395 3153 453 3205 τὸ
499 3153 928 3224 σημαινόμενον,
983 3155 1229 3225 ποσαχῶς
1279 3156 1337 3208 ἐν
1379 3160 1442 3228 τῇ
1500 3160 1832 3230 καταχρήσει
1863 3161 1960 3231 τῆς

2131 2431 2264 2498 Quae
2311 2433 2492 2480 autem
2540 2423 2625 2478 his
2674 2421 2836 2477 dirlis
2867 2419 3056 2488 adjicit
3093 2419 3341 2474 eamdem
3372 2417 3646 2487 resipiant

2061 2520 2376 2583 amentiam,
2404 2516 2486 2571 vel
2518 2515 2701 2586 potius
2740 2511 3177 2567 malevolentiam
3206 2523 3220 2562 :
3252 2507 3461 2563 Filium-
3485 2510 3639 2563 enim

2062 2612 2238 2681 ipsum
2273 2623 2398 2663 cum
2439 2605 2696 2665 dixisset,
2727 2617 2886 2671 quem
2936 2601 2989 2654 in
3026 2600 3114 2654 his
3156 2615 3277 2668 quae
3317 2600 3480 2668 paulo
3522 2609 3668 2652 ante-

2061 2702 2205 2757 dicta
2247 2700 2486 2762 fuerunt,
2530 2695 2660 2766 quid
2696 2702 2940 2748 creatum
2974 2706 3097 2747 esse
3141 2699 3328 2759 aperte
3361 2703 3414 2744 et
3439 2690 3664 2744 diser-iw

2063 2789 2447 2848 determinavit
2488 2803 2501 2838 :
2551 2795 2604 2840 et
2648 2783 3000 2853 Unigenitum
3061 2769 3230 2836 Deum
3288 2780 3665 2840 nominasset..-

2063 2899 2224 2955 quem
2265 2896 2389 2935 cum
2433 2867 2663 2946 reliquis
2692 2874 2959 2930 creaturis
3006 2871 3460 2928 connumeravit.
3499 2873 3651 2924 simi-

2065 2973 2163 3026 lem
2191 2970 2327 3025 dixit
2355 2967 2580 3039 genitori
2615 2975 2820 3020 tantum
2859 2962 3180 3032 prwcellenli
3209 2970 3257 3015 et
3285 2961 3477 3014 eximia
3519 2976 3669 3029 quam

2064 3063 2188 3115 dam
2211 3059 2590 3124 similitudine,
2639 3056 2923 3112 secundum
2961 3056 3231 3125 propriam
3261 3065 3308 3107 et
3332 3053 3649 3122 peculiarem

2066 3154 2328 3209 notitiam.
2363 3150 2606 3205 Primum
2646 3149 2812 3219 igitur
2851 3148 3047 3202 similis
3083 3145 3412 3216 signiﬁcatio
3448 3144 3649 3198 distin-

397 3242 681 3314 συνηθείας
710 3243 943 3312 λέγεται.
970 3241 1084 3298 Εἴθ’
1123 3244 1294 3309 οὕτως
1334 3247 1426 3299 ἐπὶ
1451 3247 1546 3318 τὴν
1584 3249 1826 3315 ἐξέτασιν
1856 3251 1961 3304 τῶν

2067 3246 2279 3319 guenda
2311 3252 2415 3310 est,
2456 3252 2592 3314 quot
2617 3242 2796 3296 modis
2829 3242 2884 3294 in
2915 3239 3092 3295 abusu
3123 3237 3536 3292 consueuidinis
3566 3235 3648 3288 di-

398 3335 769 3405 προκειμένων
807 3335 998 3388 ἐλθεῖν.
1030 3336 1251 3407 Πρῶτον
1285 3337 1382 3406 μὲν
1414 3336 1522 3407 γὰρ
1553 3339 1653 3392 ὅσα
1684 3339 1963 3409 παραψεύ-

395 3426 541 3479 δεται
578 3425 675 3490 τὰς
713 3425 992 3496 αἰσθήσεις
1022 3427 1198 3497 ἡμῶν,
1226 3429 1284 3480 οὐ
1324 3427 1391 3481 τὰ
1416 3429 1687 3500 αὑτὰλμέν
1716 3430 1962 3500 ἀλλήλοις

395 3515 543 3579 ὄντα,
579 3516 720 3568 κατὰ
744 3515 843 3585 τὴν
872 3514 1052 3584 φύσιν,
1085 3516 1234 3588 παρὰ
1283 3517 1339 3569 δέ
1384 3534 1526 3580 τινος
1573 3518 1680 3571 τῶν
1723 3537 1964 3589 παρεπο-

399 3606 573 3676 μένων
615 3608 725 3670 τοῖς
763 3606 1141 3676 ὑποκειμένοις
1162 3648 1173 3670 ,
1217 3608 1488 3678 σχήματος
1520 3607 1660 3677 λέγω
1693 3610 1786 3663 καὶ
1817 3609 1962 3680 χρώ-

401 3715 564 3767 ματος
609 3699 702 3751 καὶ
752 3696 881 3770 ήχου
906 3740 920 3764 ,
971 3700 1064 3753 καὶ
1096 3699 1204 3752 τῶν
1235 3701 1332 3753 ὅσα
1363 3699 1452 3752 διὰ
1483 3700 1722 3766 γεύσεως
1760 3717 1820 3752 τε
1874 3703 1966 3754 καὶ

397 3790 714 3862 ὀσφρήσεως
770 3791 864 3844 καὶ
921 3792 1063 3862 ἁφῆς
1118 3793 1209 3844 τὸν
1264 3793 1671 3863 παραλογισμὺν
1731 3795 1962 3858 ἐμποιεῖ.

403 3883 569 3936 Ἀλλα
610 3885 706 3953 μὲν
727 3883 824 3954 τὴν
847 3882 1026 3952 φύσιν,
1061 3884 1221 3953 ἕτερα
1251 3885 1306 3937 δὲ
1337 3885 1464 3954 παρ’
1497 3885 1531 3939 ὃ.
1556 3885 1796 3952 πέφυκεν
1829 3882 1966 3938 εἶναι

399 3974 817 4045 ὑποκρινόμενα,
841 3974 1010 4028 ταῦτα
1039 3976 1235 4046 ὁμοίως
1259 3975 1401 4046 ἔχειν
1429 3978 1462 4046 ἡ
1503 3975 1756 4047 συνήθεια
1783 3977 1926 4045 λέγει
1949 3993 1964 4010 ο

398 4061 506 4118 οἷον
558 4065 685 4118 ὅταν
742 4067 776 4134 ἡ
813 4064 1015 4135 ἄψυχος
1059 4065 1155 4136 ὓλη
1210 4069 1473 4138 μορφωθῇ
1509 4067 1596 4120 διὰ
1639 4070 1737 4137 τῆς
1772 4069 1967 4138 τέχνης

398 4157 535 4227 πρός
560 4174 678 4209 τινα
713 4156 850 4222 ζώου
889 4156 1153 4228 μίμησιν,
1182 4157 1267 4210 διὰ
1305 4157 1511 4228 γλυφῆς
1553 4159 1585 4230 ἢ
1629 4159 1964 4230 ζωγραφίας,

400 4249 432 4320 ἢ
464 4248 812 4320 πλάσματος,
848 4249 1030 4318 ὅμοιον
1070 4248 1286 4316 λέγεται
1333 4249 1411 4318 τῷ
1447 4247 1737 4320 ἀρχετύπῳ
1766 4249 1825 4302 τὸ
1878 4248 1968 4318 μί-

402 4358 578 4412 μημα.
615 4339 879 4392 Ἐνταῦθα
927 4339 1033 4411 γὰρ
1059 4339 1191 4412 άλλη
1225 4340 1324 4410 μὲν
1369 4339 1462 4392 τοῦ
1515 4339 1652 4403 ζὼου
1703 4341 1734 4409 ἡ
1773 4338 1965 4408 φύσις,

401 4432 561 4502 ἑτέρα
585 4430 640 4483 δέ
669 4430 767 4500 τῆς
794 4429 1277 4500 παραψευδομένης
1297 4430 1394 4501 τὴν
1422 4430 1542 4499 ὕψιν
1571 4429 1660 4484 διὰ
1683 4429 1967 4500 χρώματος

404 4521 564 4590 μόνον
593 4521 686 4573 καὶ
720 4520 1013 4589 σχήματος.
1047 4519 1152 4572 Τοῦ
1192 4518 1249 4570 δὲ
1287 4518 1452 4573 αὑτοῦ
1494 4519 1666 4582 εἴδους
1706 4522 1821 4573 ἐστὶ
1869 4520 1968 4587 τῆς

2063 3340 2226 3394 citur.
2264 3336 2469 3391 Deinde
2515 3333 2596 3387 sic
2649 3331 2716 3386 ad
2773 3330 3176 3401 propositorum
3227 3327 3648 3397 exquisitionezn

2064 3431 2410 3487 veniendum.
2460 3427 2703 3481 Primum
2754 3424 2975 3495 quidem
3029 3435 3374 3492 quaecunque
3431 3427 3651 3474 nostros

2065 3541 2262 3581 sensus
2293 3523 2508 3584 fallunt,
2542 3534 2670 3574 cum
2696 3528 2892 3572 natura
2915 3531 3026 3570 non
3050 3514 3162 3569 sint
3188 3514 3332 3567 inter
3356 3527 3414 3566 se
3436 3510 3649 3572 eadem,

2065 3616 2159 3672 sed
2191 3615 2258 3670 ab
2289 3615 2471 3682 aliquo
2499 3625 2688 3668 eorum
2719 3623 2841 3679 qua:
2865 3606 3109 3676 subjecta
3129 3609 3539 3672 consequuntur
3562 3616 3654 3653 ac-

2065 3706 2298 3767 cidente,
2335 3703 2508 3772 ﬁgura
2550 3702 2674 3756 dico
2719 3709 2774 3756 et
2805 3700 3009 3762 colore,
3038 3707 3090 3753 et
3121 3711 3279 3758 sono,
3318 3702 3372 3749 et
3408 3708 3529 3763 quae
3558 3708 3655 3761 per

2066 3811 2284 3873 gustum
2321 3805 2378 3852 et
2419 3795 2706 3851 odoratum
2740 3802 2794 3847 et
2833 3802 3035 3847 tactum
3067 3805 3328 3847 sensuum
3376 3789 3649 3858 deceptio-

2067 3908 2188 3946 nem
2221 3892 2540 3960 ingenerant
2569 3905 2581 3940 :
2635 3901 2758 3941 cum
2803 3885 2909 3938 alia
2955 3882 3170 3954 quidem
3199 3884 3309 3938 sint
3345 3879 3647 3937 secundum

2068 3981 2345 4055 propriam
2407 3987 2694 4038 naturam,
2755 3975 2860 4029 alia
2907 3989 3036 4031 vero
3088 3987 3250 4043 quam
3301 3987 3421 4042 qua
3461 3984 3673 4026 revera.

2067 4081 2194 4129 sunt
2225 4087 2347 4128 esse
2377 4071 2706 4126 simulentur
2726 4067 2870 4121 :hzec
2901 4065 3156 4122 similiter
3183 4079 3244 4120 se
3285 4063 3487 4118 habere
3519 4077 3672 4116 con--

2068 4163 2304 4222 suetudo
2331 4161 2466 4216 dicit
2506 4179 2518 4215 :
2560 4160 2708 4215 velut
2742 4172 2867 4211 cum
2904 4156 3142 4210 inanima
3185 4152 3413 4207 materia
3455 4151 3522 4205 ad
3557 4151 3652 4204 ali-

2067 4257 2229 4325 cujus
2263 4253 2516 4308 animalis
2559 4251 2852 4321 imaginem
2897 4254 3013 4303 arte
3052 4246 3233 4315 aliqua
3262 4245 3544 4316 etﬁngitun
3567 4241 3649 4294 vel

2069 4346 2375 4416 sculptura,
2407 4346 2492 4398 vel
2543 4345 2779 4413 pictura,
2814 4341 2899 4396 vel
2946 4337 3196 4404 ﬁetrice;
3229 4335 3374 4405 quod
3406 4334 3648 4388 efﬁctum

2068 4447 2153 4496 est
2189 4445 2244 4493 et
2281 4437 2572 4499 imitatum,
2621 4434 2939 4504 archetypo,
2993 4429 3047 4483 id
3088 4438 3172 4484 est
3205 4425 3502 4495 exemplari
3539 4427 3650 4494 pri-

2071 4529 2328 4599 migenio,
2357 4526 2534 4582 simile
2563 4525 2779 4580 dicitur.
2817 4523 2918 4578 Hic
2953 4522 3099 4577 enim
3131 4520 3246 4574 alia
3272 4519 3489 4588 quidem
3525 4518 3646 4570 ani-

399 4610 712 4681 ὁμοιότητος
731 4651 744 4675 ,
783 4611 876 4662 καλ¹
906 4611 938 4679 ἡ
979 4611 1035 4662 ἐν
1069 4607 1356 4680 κατόπτρῳ
1384 4609 1545 4662 εἰκὼν
1569 4651 1583 4674 ,
1617 4611 1712 4680 τῆς
1737 4610 1961 4681 ἀρχετύ-

2072 4622 2230 4675 malis
2264 4627 2478 4684 natura,
2514 4619 2619 4671 alia
2645 4632 2772 4671 vero
2800 4615 3041 4671 materiae
3083 4615 3261 4669 visum
3298 4611 3648 4667 ementientis

404 4719 503 4754 που
537 4701 750 4772 μορφῆς
773 4702 1017 4769 ἐναργεῖς
1041 4701 1281 4771 φέρουσα
1307 4700 1404 4762 τὰς
1429 4699 1692 4769 ἐμφάσεις
1716 4738 1731 4763 ,
1775 4701 1834 4752 ού
1866 4699 1971 4771 μὴν

404 4793 578 4845 ἐκεῖνο
611 4792 752 4845 κατὰ
780 4793 875 4861 τὴν
909 4789 1067 4860 φύσιν
1088 4786 1240 4854 οὖσα,
1263 4791 1400 4860 ὅπερ
1425 4789 1542 4842 ἐστὶ
1562 4789 1620 4842 τὸ
1645 4790 1968 4862 ἀρχέτυπον.

415 4881 682 4945 Ὡσαύτως
715 4883 807 4934 καὶ
840 4879 938 4951 τὴν
981 4881 1148 4954 ἀκοὴν
1189 4879 1300 4933 ἐστι
1330 4879 1392 4932 τὸ
1431 4877 1548 4934 ῐσον
1591 4879 1780 4933 παθεῖν
1800 4921 1815 4947 ,
1845 4881 1970 4932 ὅταν

401 4991 483 5037 τις
513 4973 610 5046 τὴν
639 4973 819 5044 φωνὴν
845 4973 945 5043 τῆς
970 4973 1190 5044 ἀηδόνος
1219 4972 1296 5042 τῷ
1321 4973 1504 5043 οἰκείῳ
1531 4973 1749 5042 φθόγγῳ
1776 4971 1971 5043 μιμού-

405 5083 598 5136 μενος,
652 5065 840 5137 ὀρνέου
871 5066 1044 5118 δοκεῖν
1095 5064 1468 5136 ἐπακροᾶσθαι
1504 5064 1602 5135 τὴν
1650 5065 1817 5136 άκοὴν
1844 5065 1972 5118 ἀνα·

404 5158 586 5230 πείσῃ.
626 5158 830 5227 Πάσχει
877 5157 931 5210 δὲ
976 5158 1066 5210 τὸν
1124 5155 1361 5210 τοιοῦτον
1419 5156 1824 5226 παραλογισμὸν
1878 5155 1972 5209 καὶ

403 5250 435 5320 ή
469 5249 686 5318 γεῦσις,
719 5249 844 5302 ὅταν
874 5248 902 5300 ὀ
928 5248 1022 5302 τοῦ
1059 5247 1270 5320 καρποῦ
1299 5247 1406 5300 τῶν
1440 5248 1616 5300 σύκων
1637 5247 1806 5317 χυμὸς
1829 5286 1844 5310 ,
1873 5248 1972 5316 τὴν

400 5340 492 5394 τοῦ
537 5341 749 5412 μέλιτος
782 5341 970 5413 ἡδονὴν
1000 5341 1356 5412 ὑποκρίνηται
1380 5355 1393 5370 ο
1435 5341 1547 5409 ἔχει
1579 5339 1686 5410 γάρ
1715 5357 1767 5391 τι
1798 5339 1972 5402 ἐοικὸς

405 5431 536 5502 πρὸς
564 5432 665 5503 τὴν
711 5431 1022 5502 γλυκύτητα
1054 5431 1145 5485 τοῦ
1195 5432 1406 5501 μέλιτος
1435 5433 1461 5484 6
1486 5430 1656 5502 χυμὸς
1699 5430 1799 5500 τῆς
1828 5429 1972 5484 ὀπώ-

403 5538 498 5590 ρας
526 5540 540 5554 ο
569 5521 710 5576 οὕτω
737 5522 803 5575 δι’
831 5522 1140 5592 ὁμοιότητος
1175 5521 1286 5577 ἔστι
1327 5521 1791 5594 παραλογισθῆναί
1839 5539 1970 5574 ποτε

401 5615 492 5668 καὶ
536 5613 635 5685 τὴν
682 5613 978 5684 ὄσφρησιν,
1035 5614 1158 5666 ὅταν
1191 5616 1219 5667 ὀ
1265 5613 1433 5685 ἀτμὸς
1484 5614 1580 5684 τῆς
1619 5613 1965 5684 χαμαιμήλου

401 5703 630 5776 βοτάνης
656 5747 669 5774 ,
704 5703 834 5758 αὐτὸ
858 5701 915 5756 τὸ
947 5702 1139 5767 εὑῶδες
1166 5703 1328 5775 μῆλον
1355 5706 1415 5774 τῇ
1445 5704 1666 5775 simiai-gr
1696 5703 1963 5775 μιμούμεο

2065 4720 2118 4766 et
2151 4711 2392 4765 fallentis
2436 4709 2557 4764 solo
2602 4710 2788 4764 colore
2833 4717 2884 4763 et
2941 4706 3131 4777 ﬁgura.
3171 4704 3422 4774 Ejusdem
3467 4710 3652 4756 autem

2067 4802 2266 4872 speciei
2301 4801 2684 4856 similitudinis
2729 4807 2833 4867 cst,
2883 4813 3006 4866 quae
3053 4797 3108 4851 in
3159 4797 3385 4866 speculo
3427 4800 3649 4864 apparot

2066 4892 2268 4960 imago,
2299 4891 2630 4960 exemplaris
2669 4889 2856 4945 forma:
2887 4887 3164 4943 evidentes
3203 4884 3448 4940 referens
3483 4898 3649 4954 appa-

2070 4983 2316 5045 ritiones,
2349 4990 2682 5036 cumtamen
2717 4995 2823 5035 non
2859 4979 2930 5034 sit
2967 4978 3100 5032 illud
3142 4976 3447 5034 secundum
3488 4984 3649 5029 natu-

2069 5088 2209 5134 ram,
2266 5073 2411 5142 quod
2474 5073 2694 5142 quidem
2756 5078 2840 5126 est
2906 5069 3290 5139 primigenium
3349 5065 3645 5135 exemplar.

2069 5161 2272 5218 Eodem
2331 5161 2492 5217 modo
2550 5163 2719 5218 etiam
2775 5159 3000 5216 auditus
3030 5159 3293 5220 afﬁcitur,
3343 5165 3397 5210 et
3442 5153 3659 5222 :equale-

2069 5254 2327 5324 quiddam
2356 5254 2681 5323 perpetitur,
2709 5267 2833 5306 cum
2871 5251 2994 5322 quis
3023 5251 3243 5321 proprio
3276 5259 3414 5299 sono
3453 5257 3645 5296 vocem

2068 5344 2318 5400 luscinia:
2365 5345 2593 5399 imitans
2644 5359 2800 5398 avem
2858 5341 3050 5396 audire
3089 5340 3191 5392 sibi
3241 5334 3408 5390 videri
3459 5333 3652 5386 auditi:

2077 5433 2431 5504 persuaserit.
2490 5431 2622 5488 Tale
2677 5431 2932 5502 quiddam
2988 5427 3150 5481 fallax
3219 5431 3273 5477 et
3339 5421 3646 5491 captiosum

2077 5535 2268 5594 gustus
2312 5524 2560 5594 percipit,
2619 5538 2742 5577 cum
2785 5521 2998 5574 fructus
3042 5515 3239 5569 ﬁcuum
3271 5526 3434 5580 sapor
3473 5511 3648 5566 mellis

2076 5615 2403 5685 voluptatem
2428 5615 2686 5669 simulat:
2719 5625 2883 5680 sapor
2908 5607 3053 5660 enim
3091 5605 3241 5658 illius
3269 5602 3486 5659 fructus
3517 5601 3648 5673 quid

2072 5705 2248 5762 simile
2275 5705 2436 5761 habet
2464 5718 2586 5758 cum
2629 5701 2801 5756 mellis
2831 5695 3115 5754 dulcedine
3151 5713 3165 5752 :
3209 5693 3289 5750 sic
3315 5694 3483 5749 etiam
3515 5703 3652 5762 qua—
