4068 6148
423 240 529 298 5'55

1675 259 1732 314 S.
1763 260 2090 319 GREGORII
2131 263 2432 320 NYSSENI
3607 264 3710 318 5.55

423 364 551 419 dam
621 367 979 426 similitudine
1043 371 1308 430 odoratus
1367 376 1665 448 aliquando
1721 381 1992 454 decipitur

2134 403 2260 452 νος,
2292 385 2548 458 ἀπατήσῃ
2591 384 2689 456 τὴν
2727 383 2997 455 αἴσθησιν.
3042 385 3146 438 Τὸν
3191 384 3354 438 αὐτὸν
3402 383 3460 437 δὲ
3511 385 3713 458 τρόπον

425 469 551 510 eum
587 473 757 529 vapor
801 461 1138 521 chamaemeli
1184 466 1367 523 herlirc
1426 471 1606 540 ipsum
1659 473 1862 528 malum
1897 476 2014 531 sive

422 564 644 618 pomum
691 551 937 608 suaviter
985 557 1141 613 olens
1199 559 1347 616 dulci
1395 565 1730 633 aspiratione
1784 567 2011 624 imitans

422 652 646 694 sensum
695 639 991 712 deceperit.
1040 647 1186 703 Idem
1233 652 1400 705 tactui
1441 654 1658 718 accidit,
1709 655 2014 712 similitudo

420 727 568 780 enim
595 732 749 785 vario
773 733 936 789 modo
961 736 1250 793 veritatem
1284 743 1570 799 mentitur.
1604 743 1886 814 Siquidem
1925 761 2014 800 ar-

421 827 655 888 genteus
706 840 966 882 nummus
1017 829 1101 883 vel
1149 847 1346 897 terens,
1387 836 1616 904 aequalis
1673 853 1797 890 cum
1846 853 2014 892 aureo

2116 479 2210 531 καὶ
2243 481 2300 532 ἐν
2333 481 2398 550 τῇ
2426 479 2536 548 ἀφῇ
2581 477 2837 541 ποικίλως
2879 480 2911 549 ἡ
2943 479 3202 548 ὁμοιότης
3225 475 3570 546 διαψεύδεται
3613 476 3712 547 τὴν

2117 568 2392 640 ἀλήθειαν.
2434 568 2654 640 Ἐπειδὴ
2700 567 2972 639 ἀργυροῦν
3004 567 3037 638 ἢ
3069 567 3298 636 χάλκεον
3327 565 3572 636 νόμισμα
3609 566 3712 618 ἰσο-

2120 659 2347 729 μέγεθες
2385 659 2462 730 τῷ
2490 659 2676 732 χρυσῷ
2701 700 2716 720 ,
2757 659 2852 714 καὶ
2895 659 3034 714 κατὰ
3065 658 3159 711 τὸν
3192 655 3431 727 σταθμὸν
3457 696 3472 720 ,
3505 654 3709 725 ὁμοίως

2117 749 2258 820 ἔχων
2303 753 2422 806 ἀντὶ
2460 752 2553 805 τοῦ
2609 751 2812 822 χρυσοῦ
2870 750 3142 821 νομισθῇ,
3191 749 3264 820 μὴ
3315 747 3708 818 ὲπικρινούσης

2118 846 2212 914 τῆς
2246 844 2422 913 ὅψεως
2454 845 2552 916 τὴν
2583 845 2864 916 ἀλήθειαν.

421 911 818 981 magnitudinis
849 922 904 970 et
934 919 1183 986 ejusdem
1219 921 1499 990 ponderis,
1533 925 1711 980 simile
1741 926 2002 996 quiddam
2044 911 2179 986 cum
2223 911 2392 991 aureo
2426 937 2630 993 habere
2662 936 3092 1002 existimabitur,
3133 936 3249 991 visu
3321 952 3426 990 non
3495 934 3707 990 discer-

417 1009 587 1058 nente
619 1006 928 1062 veritatem.

491 1093 617 1152 Haec
671 1101 864 1171 paucis
902 1106 1231 1173 generaliter
1275 1108 1421 1162 dicta
1469 1119 1599 1164 sunt
1659 1112 1725 1165 de
1774 1113 1842 1168 iis
1885 1129 2007 1182 qua:

418 1200 644 1260 propter
672 1192 1090 1251 similitudinem
1143 1200 1439 1268 quamdam
1487 1218 1750 1258 sensuum
1797 1205 2006 1259 instru-

418 1292 604 1338 menta
639 1284 910 1343 fallaciter
965 1289 1272 1362 decipiunt,
1328 1293 1456 1348 dum
1509 1295 1656 1350 aliud
1701 1297 1834 1367 quid
1883 1314 2005 1352 esse

419 1390 585 1439 quam
625 1387 755 1432 sunt
817 1389 1101 1450 putantur.
1165 1383 1379 1441 Liceret
1436 1387 1614 1441 adhuc
1658 1390 2006 1447 accuratiore

419 1466 807 1547 disquisitione
854 1488 1164 1530 sermonem
1198 1477 1431 1533 dilatare
1485 1495 1579 1547 per
1625 1495 1687 1533 ea
1727 1496 1847 1546 quae
1879 1497 2002 1535 cum

420 1560 531 1615 sint
565 1560 762 1618 diversi
787 1568 1004 1635 generis
1032 1568 1176 1623 inter
1207 1586 1287 1637 se,
1337 1587 1403 1624 ex
1450 1573 1634 1642 aliqua
1673 1584 1856 1630 tamen
1908 1590 2003 1629 eo-

418 1666 541 1706 rum
578 1655 948 1712 accidentium
983 1675 1104 1727 quae
1145 1676 1260 1716 rem
1304 1673 1741 1732 consequuntur,
1771 1667 2002 1722 alterum

417 1744 577 1800 alteri
607 1746 790 1802 simile
822 1765 946 1805 esse
977 1750 1350 1807 existimatur.
1399 1754 1658 1826 Nunquid
1706 1756 2007 1814 Eunomius

417 1835 580 1890 talem
612 1839 906 1906 quamdam
962 1843 1344 1901 similitudinis
1393 1847 1634 1915 speciem
1686 1849 1908 1916 jactitat
1951 1849 2006 1902 iu

416 1922 600 1979 Filio?
634 1925 741 1982 Sed
778 1945 885 1984 non
925 1945 990 1986 eo
1013 1935 1267 1990 amentiae
1304 1946 1358 1990 et
1393 1938 1622 1993 insaniae
1656 1941 1890 2003 venerit,
1930 1949 1988 1994 ut

417 2016 670 2073 fallacem
697 2029 748 2074 et
785 2020 1185 2080 fraudulentam
1228 2028 1650 2086 similitudinem
1693 2033 1746 2086 in
1775 2035 2006 2088 veritate

416 2111 846 2180 contempletur.
897 2113 1113 2172 Rursus
1163 2118 1325 2172 aliam
1361 2121 1775 2178 similitudinem
1827 2125 1880 2180 in
1921 2126 2006 2179 di-

415 2201 624 2255 vinitus
654 2203 923 2272 inspirata
960 2208 1246 2279 Scriptura
1282 2211 1576 2268 didicimus
1604 2216 1674 2270 ab
1706 2231 1772 2269 eo
1794 2218 1888 2286 qui
1917 2219 2006 2272 di-

414 2290 497 2343 xit
531 2290 868 2373 :OFaciamus
897 2297 1157 2354 hominem
1183 2300 1252 2353 ad
1279 2303 1558 2372 imaginem
1585 2316 1825 2360 nostram
1855 2317 1905 2361 et
1930 2311 2003 2361 si-

415 2383 769 2440 militudinem
793 2390 856 2442 “.
894 2389 998 2446 Sed
1030 2408 1142 2449 non
1179 2395 1379 2466 opinor
1412 2398 1745 2454 Eunumium
1779 2403 1830 2456 in
1864 2403 2004 2459 Filio

413 2485 470 2529 et
501 2477 660 2535 Patre
692 2481 833 2536 lianc
877 2483 1262 2544 similitudinis
1315 2492 1556 2559 speciem
1619 2495 1998 2560 considerare,

413 2576 475 2621 ut
497 2571 748 2626 eumdem
807 2590 931 2628 cum
968 2575 1190 2633 homine
1245 2580 1600 2651 Unigenitum
1651 2585 1819 2640 Deum
1873 2602 2000 2641 esse

414 2660 756 2726 pronuntiet.
788 2662 1008 2718 Scimus
1045 2667 1212 2721 etiam
1259 2669 1421 2723 aliam
1455 2672 1837 2731 similitudinis
1879 2691 2002 2746 spe-

418 2749 582 2812 ciem,
635 2768 800 2823 quatn
861 2756 916 2808 in
977 2757 1164 2811 mundi
1211 2762 1492 2818 creatione
1549 2763 1616 2819 de
1653 2765 1783 2820 Setlt
1821 2782 2001 2821 sermo

410 2841 643 2898 allirmat
672 2864 684 2900 :
723 2845 912 2900 Genui!
947 2849 1118 2903 Adam
1163 2851 1287 2906 Seth
1316 2855 1386 2908 ad
1413 2857 1695 2926 imaginem
1725 2871 1772 2914 et
1812 2862 2001 2914 simili-

413 2934 648 2989 tudinem
681 2955 834 2992 suam
864 2942 931 3004 ⁸³,
963 2957 1128 3012 quam
1159 2945 1378 3013 quidem
1409 2948 1454 3004 si
1510 2952 1642 3005 dicit
1676 2951 1995 3020 Eunomius,

412 3041 523 3081 non
569 3027 690 3098 ejus
723 3035 1030 3089 orationem
1082 3037 1478 3107 repudiandum
1511 3057 1632 3098 esse
1681 3059 1993 3100 censemus.

416 3118 516 3174 llic
541 3121 687 3174 enim
723 3139 903 3194 neque
945 3138 1142 3183 natura
1177 3145 1366 3186 eorum
1411 3150 1531 3204 quae
1572 3135 1714 3190 inter
1740 3153 1800 3192 se
1828 3139 1987 3192 simi-

414 3211 643 3266 litudine
667 3217 1005 3272 conveniunt
1035 3219 1238 3285 differt,
1281 3231 1335 3276 et
1365 3224 1660 3281 character
1685 3235 1740 3281 et
1781 3230 1996 3298 species

407 3305 850 3363 communionem
882 3309 1104 3366 habent.
1163 3312 1288 3368 Ηιιιρ
1319 3324 1372 3370 et
1407 3318 1536 3368 talia
1569 3327 1721 3381 sunt,
1755 3335 1877 3389 quae
1929 3322 1995 3376 de

410 3395 672 3451 similium
703 3398 1012 3456 diﬂ'erentia
1037 3413 1092 3458 et
1121 3405 1444 3461 discrimine
1467 3423 1566 3462 nos
1585 3408 1992 3476 intelleximus;

409 3482 695 3538 videamus
745 3486 922 3554 igitur,
988 3491 1053 3542 ad
1121 3493 1252 3559 quid
1320 3495 1620 3564 respiciens
1673 3499 1995 3566 Eunomius,

409 3573 668 3624 eximiam
699 3574 845 3628 illam
887 3579 1303 3636 similitudinem
1346 3599 1470 3638 cum
1535 3587 1694 3646 Patre
1749 3595 1997 3650 attribuit

410 3660 573 3725 Filio,
625 3662 814 3720 dicens
856 3707 868 3726 ,
905 3671 1131 3726 similem
1187 3691 1298 3730 esse
1341 3678 1388 3730 ei
1427 3680 1518 3744 qui
1569 3685 1746 3751 genuit
1797 3688 1997 3743 eximia

407 3753 643 3820 quadam
677 3755 1020 3814 similitudine
1041 3773 1090 3816 et
1123 3768 1345 3835 propria
1380 3773 1611 3836 notione,
1658 3791 1759 3829 non
1789 3787 1844 3830 ut
1890 3778 1996 3833 Pa-

412 3846 485 3897 tri
516 3844 757 3913 Patrem.
797 3869 897 3906 non
949 3858 1086 3910 enim
1128 3870 1249 3912 sunt
1291 3861 1396 3914 duo
1437 3863 1647 3920 Patres.
1704 3866 1853 3922 lianc
1903 3885 1997 3939 per

408 3939 789 3995 excellentiam
822 3943 1236 4003 similitudinem
1284 3949 1403 4004 Filii
1437 3968 1562 4008 cum
1612 3957 1770 4012 Patre
1802 3970 1992 4014 osten-

408 4031 538 4087 dere
565 4033 866 4103 pollicitus,
898 4042 1174 4108 quomodo
1208 4059 1314 4098 non
1358 4048 1619 4102 convenit
1675 4050 1984 4121 intelligere

410 4123 590 4194 ipsum
624 4127 880 4196 similem,
913 4145 1168 4188 sermone
1190 4137 1433 4205 astruit;
1493 4155 1617 4193 cum
1673 4143 1815 4196 enim
1851 4144 1992 4199 dixit

409 4217 559 4286 quod
590 4235 699 4276 non
736 4229 795 4276 ut
818 4221 978 4280 Pater
1001 4223 1150 4281 Patri
1179 4230 1378 4285 similis
1411 4240 1515 4297 est,
1547 4238 1783 4289 astruxit
1803 4239 1992 4304 verbo,

409 4310 557 4380 quod
593 4327 702 4367 non
727 4314 800 4370 sit
833 4316 1055 4372 similis.
1099 4320 1162 4374 Et
1199 4336 1396 4378 rursus
1439 4340 1564 4378 cum
1601 4327 1806 4396 adjecit
1847 4333 1994 4400 quod

2184 1113 2367 1167 Ταῦτα
2387 1113 2619 1182 γενικῶς
2641 1113 2853 1185 εἴρηται
2883 1113 2950 1166 δι’
2982 1113 3202 1180 ὀλίγων,
3231 1114 3330 1166 ὅσα
3357 1113 3426 1167 δι’
3456 1114 3709 1187 ὁμοιότη-

2110 1206 2199 1269 τός
2238 1223 2380 1267 τινος
2425 1205 2516 1258 τὸν
2565 1204 2976 1276 παραλογισμὺν
3015 1205 3237 1274 ἐμποιεῖ
3275 1208 3387 1265 τοῖς
3444 1206 3704 1278 αἰσθητη-

2115 1299 2267 1368 ρίοις,
2302 1297 2428 1350 ἄλλο
2461 1314 2514 1350 τι
2543 1299 2671 1366 παρ’
2702 1297 2729 1349 ὅ
2767 1297 2882 1349 ἔστι
2913 1296 3263 1366 νομιζόμενα.
3297 1296 3516 1362 Ἔξεστι
3543 1297 3597 1349 δὲ
3617 1297 3706 1353 διὰ

2111 1390 2549 1462 φιλοπονωτέρας
2603 1389 2704 1458 τῆς
2753 1387 3073 1453 ἐξετάσεως,
3132 1386 3402 1441 πλατῦναι
3459 1387 3544 1439 διὰ
3595 1389 3704 1441 τῶν

2113 1483 2452 1553 πραγμάτων
2507 1481 2600 1534 τὸν
2661 1480 2839 1550 λόγον,
2901 1481 2999 1533 ὅσα
3060 1480 3391 1551 έτερογενῶς
3444 1481 3541 1550 μὲν
3591 1481 3702 1550 ἔχει

2113 1574 2462 1646 προσάλληλα
2486 1591 2499 1604 ·
2535 1573 2623 1627 διὰ
2657 1573 2713 1625 δέ
2742 1589 2887 1636 τινος
2910 1572 3018 1625 τῶν
3044 1572 3446 1642 παρεπομένων
3488 1571 3704 1642 ὁμοιοῦ-

2115 1669 2240 1721 σθαι
2261 1667 2315 1719 τὶ
2345 1666 2532 1737 ἓτερον
2549 1664 2626 1736 τῷ
2646 1665 2816 1735 ἑτέρῳ
2829 1662 3107 1734 νομίζεται
3125 1678 3138 1692 ⁸
3171 1658 3279 1734 ἆρα
3297 1663 3369 1732 μή
3393 1681 3445 1717 τι
3462 1663 3703 1718 τοιοῦτον
3735 1700 3745 1707 -

2108 1757 2423 1827 ὁμοιότητος
2466 1753 2605 1819 εἶδος
2647 1754 2960 1825 ὲπιθρυλλεῖ
3007 1754 3086 1826 τῷ
3126 1753 3276 1825 Υίῷ;
3322 1755 3463 1808 Ἀλλ’
3498 1755 3598 1809 οὐκ
3635 1755 3704 1808 ἂν

2107 1851 2190 1912 είς
2222 1847 2380 1902 τοῦτο
2430 1847 2818 1919 παραπληξίας
2873 1847 3035 1906 ἔλθοι,
3093 1847 3234 1901 ὥστε
3281 1847 3380 1919 τὴν
3412 1848 3701 1920 ἀπατηλήν

2106 1941 2399 2012 ὁμοιότητα
2453 1941 2546 1993 ἐπὶ
2609 1939 2709 2008 τῆς
2755 1939 3012 2010 ἀληθείας
3052 1938 3290 2008 βλέπειν.
3335 1939 3506 1994 Πάλιν
3535 1941 3703 2011 ἄλλην

2105 2034 2396 2104 ὁμοιότητα
2427 2036 2482 2087 ἐν
2504 2035 2569 2104 τῇ
2593 2031 2933 2102 θεοπνεύστῳ
2957 2031 3145 2102 Γραφῇ
3166 2030 3521 2102 ἐδιδάχθημεν
3554 2033 3705 2103 παρὰ

2106 2124 2200 2178 τοῦ
2236 2124 2502 2188 εἰπόντος,
2527 2124 2610 2178 ὅτι
2635 2121 2984 2191 Ποιήσωμεν
3009 2123 3326 2189 ἄνθρωπον
3341 2125 3468 2175 κατ’
3497 2125 3704 2176 εἰκόνα

2106 2214 2400 2284 ἡμετέραν
2419 2214 2515 2268 καί
2539 2213 2668 2268 καθ’
2697 2214 3000 2282 ὁμοίωσιν.
3048 2213 3185 2264 Ἀλλ’
3211 2212 3308 2265 οὐκ
3339 2213 3404 2266 ἂν
3435 2209 3586 2283 οῐμαι
3606 2213 3698 2265 τὸν

2106 2308 2366 2378 Εὐνόμιον
2397 2309 2489 2360 ἐπὶ
2519 2305 2612 2360 τοῦ
2649 2305 2780 2358 Υίοῦ
2809 2307 2901 2359 καὶ
2933 2305 3025 2358 τοῦ
3059 2306 3272 2376 Πατρδς
3294 2305 3454 2358 τοῦτο
3478 2306 3698 2375 βλέπειν

2104 2403 2166 2454 τὸ
2201 2397 2337 2463 εἶδος
2373 2401 2470 2469 τῆς
2493 2397 2830 2468 ὁμοιότητος,
2867 2397 2942 2460 ὡς
2971 2398 3169 2452 ταύτὸν
3197 2396 3274 2467 τῷ
3307 2396 3576 2466 ἀνθρώπῳ
3601 2396 3693 2449 τὸν

2120 2493 2402 2562 Μονογενῆ
2436 2491 2568 2545 Θεὸν
2598 2479 3014 2561 ἀποφήνασθαιί
3062 2491 3297 2560 Οἴδαμεν
3360 2491 3453 2544 καὶ
3509 2490 3699 2559 ἕτερον

2103 2585 2419 2655 ὁμοιότητος
2454 2579 2612 2645 εἶδος,
2641 2584 2777 2652 ὅπερ
2823 2584 2880 2634 ἐν
2925 2585 2990 2652 τῇ
3021 2580 3380 2652 κοσμογενείᾳ
3419 2581 3703 2653 φησὶπερὶ

2102 2677 2196 2730 τοῦ
2230 2676 2336 2746 Σὴο
2385 2676 2414 2726 ὁ
2465 2675 2618 2741 λόγος
2641 2691 2655 2705 ·
2689 2675 2770 2726 ὅτι
2811 2671 3135 2742 Ἑγέννησε
3166 2674 3271 2726 τὸν
3304 2673 3430 2740 Σὴθ
3470 2677 3502 2727 ὁ
3529 2673 3705 2743 Ἀδὰμ

2103 2767 2253 2821 κατὰ
2279 2767 2344 2820 τὸ
2370 2762 2528 2830 εἶδες
2550 2765 2735 2818 αὐτοῦ
2757 2764 2853 2817 καὶ
2879 2765 3025 2818 κατὰ
3056 2764 3170 2831 τὴν
3199 2767 3536 2834 ὁμοιότητα.
3561 2767 3702 2836 ὅπερ

2102 2859 2148 2909 εί
2189 2858 2385 2924 λέγοιὸ
2421 2855 2822 2925 Εὑνὸμιος,ούκ
2855 2854 3160 2924 ἀπόϐλητον
3197 2856 3289 2908 τὸν
3328 2855 3486 2923 λόγον
3518 2858 3705 2911 ποιού-

2105 2950 2262 3020 μεθα.
2329 2948 2595 3001 Ἐνταῦθα
2645 2947 2774 3017 γὰρ,
2835 2946 2958 2998 οὔτε
3001 2950 3032 3017 ἡ
3074 2949 3234 3015 φύσις
3276 2948 3386 3000 τῶν
3447 2950 3703 3019 ἀλλήλοις

2100 3041 2470 3112 ὁμοιουμένων
2501 3041 2776 3112 διάφορος,
2826 3041 2918 3093 καὶ
2956 3041 2984 3091 ὁ
3013 3041 3300 3113 χαρακτὴρ
3333 3041 3431 3095 καὶ
3469 3042 3532 3094 τὸ
3555 3039 3701 3106 εἶδος

2099 3134 2197 3206 τὴν
2223 3134 2506 3187 κοινωνίαν
2540 3133 2652 3204 ἔχει
2679 3151 2692 3165 ·
2723 3131 2893 3186 ταῦτα
2921 3135 3011 3186 καὶ
3044 3134 3112 3187 τά
3138 3133 3362 3189 τοιαῦτά
3388 3137 3558 3198 ἐστιν,
3589 3135 3697 3188 ὅσα

2104 3226 2229 3295 περὶ
2259 3225 2356 3295 τῆς
2385 3223 2481 3277 τοῦ
2513 3225 2699 3294 ὁμοίου
2731 3223 2991 3295 διαφορᾶς
3021 3227 3182 3296 ἡμεῖς
3212 3223 3700 3296 ὲνοήσαμεν.”Ιδωο

2104 3333 2202 3385 μεν
2231 3316 2409 3368 τοίνυν
2449 3316 2584 3387 πρὸς
2607 3317 2660 3369 τί
2695 3316 2907 3386 βλέπων
2928 3318 2954 3369 ὁ
2977 3317 3261 3386 Εὑνὸμιος,
3287 3315 3386 3388 τὴν
3416 3317 3699 3387 ἐξαίρετον

2099 3406 2314 3478 ἐκείνην
2342 3408 2634 3478 ὁμοιότητα
2655 3408 2790 3479 πρὸς
2818 3408 2907 3462 τὸν
2935 3409 3153 3479 Πατέρα
3172 3411 3445 3480 μαρτυρεῖ
3469 3409 3546 3480 τῷ
3579 3408 3697 3479 Υἱῷ

2099 3497 2291 3566 λέγων,
2310 3497 2513 3569 ὅμοιον
2531 3499 2685 3553 εἶναι
2708 3499 2784 3564 τῷ
2812 3498 3167 3568 γεννήσαντι
3184 3499 3377 3568 μόνον
3393 3500 3521 3552 κατ’
3541 3499 3699 3564 ἐξαι-

2092 3607 2273 3659 pstor
2288 3591 2604 3659 ὁμοιότητα
2628 3589 2776 3642 κατὰ
2792 3588 2908 3658 τὴν
2929 3586 3272 3650 ἰδιάζουσαν
3295 3589 3556 3656 ἔννοιαν,
3575 3593 3645 3643 οὺ
3650 3608 3689 3658 χ

2098 3683 2178 3748 ὡς
2208 3682 2385 3750 "arpi
2409 3679 2748 3748 Πατέρα.οὺ
2766 3679 2874 3749 γάρ
2890 3683 3009 3734 εισι
3024 3679 3134 3734 δύο
3149 3677 3546 3749 Πατέρες.Τὴν
3566 3696 3697 3732 κατ-

2099 3773 2278 3843 εξαίρε
2291 3791 2374 3825 τον
2397 3771 2688 3843 ὁμοιότητα
2700 3769 2790 3822 τοῦ
2809 3769 2934 3822 Υἰοῦ
2950 3769 3084 3840 πρὸς
3093 3769 3184 3822 τὸν
3197 3769 3416 3838 Πατέρα
3428 3768 3702 3824 δεικνύειν

2099 3865 2588 3934 ἐπαγγειλάμενος,
2604 3863 2750 3924 ὅπως
2773 3860 2848 3932 μὴ
2884 3867 3150 3931 προσήκει
3179 3862 3318 3912 νοεῖν
3340 3861 3497 3913 αὐτὸν
3509 3859 3702 3928 ὅμοιον

2098 3957 2498 4021 κατασκευάζει
2529 3955 2605 4026 τῷ
2627 3955 2788 4025 λόγῳ.
2827 3952 3008 4006 Εἰπὼν
3042 3951 3151 4022 γὰρ
3176 3953 3256 4005 ὃτι
3285 3953 3384 4022 ούχ
3407 3951 3481 4014 ὡς
3515 3950 3704 4021 [la-cpi.

2099 4052 2289 4122 Πατὴρ
2319 4051 2512 4115 ἔοικεν,
2547 4046 2918 4102 κατεσκεύασε
2954 4045 3031 4116 τῷ
3073 4045 3244 4116 λόγῳ,
3281 4045 3360 4097 ὅτι
3393 4045 3491 4096 οὐκ
3524 4045 3696 4098 ἔοικε.

2098 4144 2208 4197 Καὶ
2234 4143 2396 4196 πάλιν
2420 4141 2696 4213 προσθεὶς,
2721 4141 2800 4193 ὄτι
2822 4137 2947 4193 οὗτε
2968 4138 3042 4200 ὡς
3061 4139 3342 4208 ἁγεννήτῳ
3365 4136 3688 4206 ἀγέννητος,

2099 4237 2192 4289 καὶ
2245 4235 2332 4288 διὰ
2384 4233 2541 4287 τοῦτο
2595 4234 2795 4286 ἀπεῖπε
2821 4233 2959 4284 νοεῖν
2995 4231 3086 4284 ἐπὶ
3119 4229 3213 4284 τοῦ
3259 4228 3392 4281 Υἱοῦ
3427 4227 3568 4296 πρὸς
3601 4227 3697 4279 τὸν

2100 4327 2320 4399 Πατέρα
2351 4325 2449 4396 τὴν
2489 4324 2811 4394 ὁμοιότητα’
2851 4320 2969 4375 εἶτα
2999 4320 3444 4390 ὲπαγαγὼν,οὖτε
3470 4321 3545 4383 ὡς
3580 4317 3700 4388 Υῖῷ

408 4419 586 4471 neque
621 4406 766 4461 sicut
807 4408 1052 4479 ingenito
1101 4412 1400 4484 ingenitus,
1450 4429 1738 4488 propterea
1777 4425 1997 4491 negavit

2107 4419 2254 4484 Υἱὸς,
2278 4418 2460 4489 τρίτον
2487 4416 2732 4485 ἐπήγαγε
2759 4414 2955 4485 νόημα,
2986 4413 3050 4466 δι’
3075 4408 3134 4468 οὗ
3159 4413 3471 4466 παντάπασι
3497 4411 3587 4463 τὸν
3601 4409 3697 4462 τοῦ

406 4496 462 4549 in
494 4494 632 4552 Filio
663 4516 788 4554 eum
824 4499 988 4558 Patre
1029 4505 1488 4574 similitudinem;
1525 4511 1730 4569 deinde
1759 4517 1993 4585 subjun-

404 4603 542 4656 gens
577 4592 720 4660 quod
754 4609 934 4663 neque
971 4604 1028 4648 ut
1072 4595 1215 4652 Filio
1246 4598 1443 4666 Filius,
1493 4604 1718 4658 tertium
1773 4608 1987 4663 induxit

406 4681 775 4752 intellectum,
822 4703 932 4758 quo
962 4705 1192 4760 prorsus
1222 4693 1492 4749 rationem
1525 4697 1725 4754 similis
1775 4715 1996 4768 perver-

404 4773 496 4826 tit.
545 4772 643 4829 Hie
678 4777 842 4845 igitur
876 4783 1130 4852 proprias
1163 4786 1405 4841 rationes
1443 4789 1715 4857 sequitur,
1761 4790 1995 4846 demon-

407 4863 734 4918 strationem
789 4867 985 4924 similis
1028 4886 1125 4940 per
1171 4874 1647 4930 constructionem
1691 4876 1986 4934 dissimilis

406 4955 782 5025 faciens.Ejus
813 4970 992 5014 autem
1026 4964 1243 5031 sapiens
1273 4972 1327 5018 et
1357 4965 1589 5035 simplex
1616 4967 1826 5024 dictum
1859 4986 1994 5026 exa-

405 5047 705 5112 tninemus,
786 5049 934 5119 quod
1013 5052 1569 5113 determinationilius
1635 5061 1995 5119 demonstrat.

406 5137 604 5194 Filium
639 5141 786 5195 enim
823 5138 972 5194 Patri
1021 5143 1258 5196 similem
1297 5161 1421 5200 esse
1457 5163 1581 5201 cum
1614 5148 1772 5214 dixit,
1813 5159 1996 5205 tutum

405 5231 587 5286 reddit
618 5232 888 5298 auditum,
953 5250 1063 5288 non
1097 5246 1351 5304 oportere
1401 5240 1546 5293 sicut
1587 5241 1802 5297 Patrem
1849 5243 1996 5300 Patri

405 5320 606 5380 Filium
635 5327 874 5382 similem
908 5342 1031 5382 esse
1067 5327 1390 5399 intelligere.
1413 5329 1546 5397 Quis
1576 5345 1756 5388 autem
1800 5335 1879 5391 sic
1907 5335 1989 5388 in-

405 5422 492 5469 ter
515 5415 765 5476 homines
787 5421 1041 5490 stupidus
1059 5430 1112 5475 et
1147 5422 1524 5493 intelligentiae
1563 5440 1780 5495 expers,
1808 5434 1868 5481 ιιι
1902 5426 1986 5481 Fi-

405 5503 540 5560 lium
570 5505 717 5564 Patri
752 5513 990 5578 similem
1035 5529 1156 5570 esse
1187 5531 1312 5568 cum
1363 5514 1637 5575 didicerit.
1701 5518 1766 5572 ad
1815 5517 1992 5576 Patris

483 5683 529 5714 "'
581 5682 718 5740 Gen.
776 5703 835 5753 ll,
891 5689 978 5743 ‘26.
1057 5691 1098 5725 ‘3'
1135 5692 1267 5747 Gen.
1305 5710 1356 5762 ι’,
1411 5697 1460 5751 3.

2107 4510 2293 4582 ὁμοίου
2322 4507 2699 4579 παραφέρεται
2732 4505 2908 4574 λόγον.
2944 4496 3112 4567 Οὗτος
3137 4504 3237 4574 μὲν
3273 4498 3366 4556 οὖν
3399 4504 3512 4564 τοῖς
3545 4501 3698 4565 ἰδίοις

2107 4602 2296 4653 ’έπεται
2325 4597 2637 4666 λόγοις,τὴν
2666 4594 2759 4647 τοῦ
2782 4593 2966 4664 ὁμοίου
2993 4591 3263 4657 ἀπόδειξιν
3295 4590 3385 4645 διὰ
3406 4591 3502 4661 τῆς
3525 4608 3700 4644 κατα·

2109 4689 2304 4759 σκευῆς
2340 4687 2433 4741 τοῦ
2458 4685 2712 4758 ἀνομοίου
2759 4683 3097 4755 ποιούμενος.
3143 4683 3519 4754 Ἑξετάσωμεν
3552 4683 3610 4735 δὲ
3638 4683 3700 4736 τὸ

2109 4781 2268 4849 σοφὸν
2298 4779 2463 4833 αὐτοῦ
2499 4779 2593 4833 καὶ
2627 4777 2850 4840 ἁπλοῦν,
2879 4776 2906 4829 ὁ
2926 4779 3036 4839 τοῖς
3067 4776 3366 4847 διορισμοῖς
3399 4775 3700 4830 ἐπιδείκνυ-

2105 4889 2213 4926 ται.
2249 4873 2380 4925 Υίὸν
2406 4871 2513 4942 γὰρ
2541 4869 2711 4939 Πατρὶ
2736 4870 2918 4938 ὅμοιον
2952 4862 3089 4919 εἶναι
3119 4865 3307 4926 εἰπὼν,
3337 4865 3698 4930 άσφαλίζεται

2105 4968 2205 5036 τὴν
2235 4965 2423 5035 ἀκοὴν,
2464 4965 2539 5035 μὴ
2572 4962 2679 5016 δεῖν
2709 4963 2784 5024 ὡς
2833 4961 3049 5033 Πατέρα
3087 4960 3263 5029 Πατρὶ
3299 4958 3388 5010 τὸν
3429 4957 3563 5010 Υίδν
3589 4959 3696 5011 ἐοι-

2107 5061 2259 5113 κέναι
2292 5061 2451 5113 νοεῖν.
2477 5057 2571 5120 Τίς
2600 5056 2655 5109 δὲ
2681 5053 2852 5118 οὕτως
2873 5055 2930 5107 ὲν
2951 5052 3256 5123 ἀνθρώποις
3283 5051 3531 5119 ἀνόητος,
3550 5049 3694 5103 ὥστε

2108 5151 2235 5205 Υἱὺν
2269 5151 2452 5220 ὅμοιον
2481 5146 2558 5218 τῷ
2599 5146 2772 5215 Πατρὶ
2823 5141 3012 5216 μαθὼν
3051 5138 3211 5205 εἶναι,
3250 5143 3329 5205 εἰς
3352 5140 3452 5212 τὴν
3481 5140 3694 5212 Ila-cpe;

2108 5245 2244 5316 πρὸς
2277 5243 2371 5296 τὸν
2396 5242 2613 5314 Πατέρα
2630 5239 2923 5312 ὁμοιότητα
2944 5239 3056 5301 τοῖς
3080 5236 3359 5306 λογισμοῖς
3375 5234 3691 5304 ὲναχθῆναις

2099 5334 2234 5389 Οὐδὲ
2257 5333 2332 5397 ὼς
2367 5331 2499 5402 Υίῷ,
2532 5331 2684 5401 φησὶ,
2719 5328 2844 5383 Υἱὸν
2869 5345 2883 5359 ο
2924 5327 3086 5382 πάλιν
3131 5325 3188 5379 τὸ
3222 5321 3340 5378 ἴσον
3389 5325 3445 5376 ὲν
3483 5322 3562 5392 τῷ
3617 5322 3690 5374 δι-

2097 5423 2309 5498 ορισμῷ
2340 5426 2373 5495 ὴ
2409 5423 2676 5495 δριμύτης
2704 5419 3028 5492 ἔχει.ῐῙατρὶ
3059 5418 3188 5472 Υἱδν
3233 5418 3417 5486 ὅμοιον
3448 5411 3586 5469 εἶναι
3619 5415 3690 5467 εί-

2104 5518 2243 5585 πὼν,
2280 5519 2341 5572 τὸ
2383 5518 2456 5589 μὴ
2485 5517 2594 5572 δεῖν
2644 5516 2720 5581 ὡς
2749 5515 2884 5588 πρὸς
2942 5513 3068 5568 Υἰδν
3120 5511 3276 5567 ἄλλον
3311 5511 3512 5581 ὁμοεως
3546 5509 3689 5581 ἔχειν
