4054 6150
380 310 488 368 537

1522 309 1800 366 CONTRA
1834 308 2223 374 EUNOMIUM,
2265 310 2394 370 LIB.
2438 313 2502 367 ll.

3530 327 3632 384 558

379 422 842 498 προσδιορίζεται.
888 424 1073 479 Ταῦτα
1126 425 1236 479 τῶν
1299 425 1512 496 σεμνῶν
1557 424 1650 478 τοῦ
1699 426 1944 496 Εύνομίοι

2067 439 2192 480 cum
2226 425 2389 482 Patre
2423 428 2838 488 similitudinem
2867 435 3222 492 adducatur?
3266 437 3452 511 Neque
3491 444 3636 501 sicut

370 519 662 588 δογμάτων
695 517 811 568 ἐστὶ
863 515 932 570 τὰ
981 519 1278 588 μυστήρια,
1317 519 1384 571 δι’
1413 511 1488 572 ὧν
1533 517 1829 589 σοφώτεροι
1855 518 1962 571 τῶν

374 610 552 662 ἀλλων
582 612 630 662 oi
664 609 901 680 μαθηταὶ
937 610 1101 663 αὐτοῦ
1133 612 1372 678 γίνονται
1398 649 1412 673 ,
1447 611 1710 680 μαθόντες
1737 611 1818 662 ὅτι
1850 610 1966 663 Πα-

375 702 463 770 τρὶ
502 699 631 762 Υἱὸς
663 698 875 762 ἐοικὼς,
900 703 997 771 οὐχ
1031 702 1144 773 Tit?)
1180 703 1374 759 ἔοικεν.
1413 703 1489 759 Οὐ
1529 705 1637 774 γάρ
1683 705 1800 756 ἔστι
1837 701 1963 766 Υἱὸς

375 792 566 863 Πατήρ
586 809 598 821 ·
633 793 751 844 οὐδὲ
801 793 877 855 ὡς
905 795 1184 864 ἀγεννήτῳ
1215 796 1528 865 ἀγέννητος.
1557 792 1636 849 Οὐ
1661 795 1769 862 γὰρ
1804 794 1963 862 ἀγέν-

375 885 531 953 νητός
566 887 712 937 ἐστιν
744 887 772 938 ὀ
798 886 944 949 Υἱός.
979 887 1052 939 To
1083 885 1137 940 δὲ
1164 887 1283 940 καθ’
1307 889 1452 957 ἡμᾶς
1490 888 1802 957 μυστήριον,
1829 886 1956 940 ὅταν

375 977 594 1045 Πατέρα
619 977 769 1048 εἴπῃ,
803 977 932 1030 Υίοῦ
958 979 1176 1050 Πατέρα
1209 978 1426 1041 πάντως
1451 976 1842 1037 διακελεύεται,
1861 976 1956 1030 καὶ

372 1069 500 1120 ὅταν
531 1067 656 1120 Υίὸν
682 1068 950 1140 ὀνομάσῃ,
993 1071 1204 1140 Πατρὸς
1233 1071 1358 1123 Υἱὸν
1392 1069 1630 1122 διδάσκει
1665 1070 1821 1120 νοεῖν.
1846 1068 1954 1120 Καὶ

371 1159 524 1212 οὐδὲν
571 1161 668 1230 τῆς
723 1164 984 1229 περιττῆς
1037 1160 1241 1231 ταύτης
1298 1159 1489 1228 σοφίας
1540 1159 1701 1230 μέχρι
1736 1157 1828 1210 καὶ
1858 1159 1952 1212 νῦν

371 1250 691 1320 ἐδεήθημεν.
730 1251 904 1304 Ὥστε.
920 1251 1006 1304 διὰ
1054 1252 1268 1323 Πατρὸς
1294 1253 1387 1306 καὶ
1426 1250 1555 1304 Υίοῦ
1589 1249 1682 1303 δύο
1703 1246 1952 1317 Πατέρας

369 1341 404 1410 ἦ
432 1340 524 1394 δύο
550 1343 707 1406 rich;
729 1342 1097 1410 ὑποτίθεσθαι,
1131 1345 1206 1407 ὡς
1236 1344 1542 1412 ἀγεννήτων
1569 1340 1755 1394 δυάδα.

2072 515 2211 570 Filio
2243 516 2465 583 Filium,
2498 521 2696 591 inquit.
2724 522 2938 581 Rursus
2964 530 3208 585 eamdem
3233 533 3342 586 vim
3382 534 3545 592 habet
3578 539 3636 594 in

2065 608 2169 663 hoc
2198 611 2434 665 termino
2459 614 2579 682 ejus
2620 616 2916 674 subtilitas.
2973 619 3120 676 Patri
3155 621 3349 679 Filium
3400 628 3635 684 similem

2065 714 2187 754 esse
2214 715 2340 755 cum
2372 703 2532 772 dixit,
2571 722 2677 760 non
2707 719 2961 778 oportere
2995 712 3138 767 sicut
3183 730 3306 769 cum
3336 715 3477 772 Filio
3526 720 3636 775 alio

2062 792 2320 880 similiter
2349 810 2407 849 se
2436 795 2636 852 habere
2676 800 3023 857 determinat.
3058 805 3180 860 llaec
3219 817 3346 863 sunt
3384 812 3634 880 gravium

2062 877 2316 934 Eunomii
2359 884 2706 940 decretorum
2749 893 3030 960 mysteria,
3084 896 3286 965 quibus
3326 877 3446 968 ejus
3497 901 3636 956 ﬁunt

2061 971 2322 1063 disci-puli
2357 977 2480 1032 aliis
2528 981 2923 1052 sapientiores,
2963 1001 3088 1040 cum
3122 987 3435 1045 didicerunt
3485 993 3634 1063 quod

2061 1061 2208 1118 Patri
2241 1064 2414 1123 Filius
2446 1070 2663 1138 similis,
2700 1073 2837 1127 Filio
2866 1077 3063 1133 similis
3105 1095 3214 1134 non
3255 1091 3358 1135 est.
3393 1061 3515 1137 Non
3548 1094 3634 1140 est

2061 1156 2206 1209 enim
2239 1157 2407 1215 Filius
2439 1160 2642 1229 Pater;
2671 1181 2845 1235 neque
2881 1169 3020 1223 sicut
3059 1171 3299 1240 ingenito
3331 1173 3626 1244 ingenitus,

2060 1261 2170 1300 non
2203 1250 2348 1303 enim
2403 1261 2487 1306 est
2522 1253 2690 1311 Filius
2732 1257 3028 1324 ingenitus.
3087 1261 3404 1332 Mysterium
3448 1273 3630 1320 autem

2060 1338 2208 1406 quod
2231 1352 2316 1395 est
2339 1345 2642 1400 secundum
2680 1364 2803 1412 nos,
2851 1367 2977 1405 cum
3010 1351 3226 1408 Patrem
3255 1351 3476 1421 dixerit,
3507 1355 3631 1412 Filii

371 1434 585 1490 Patrem
622 1437 847 1491 omnino
875 1437 1031 1506 jubet
1073 1438 1400 1505 intelligere.
1433 1435 1620 1505 Neque
1645 1433 1822 1486 adhuc
1841 1430 1942 1484 hac
1977 1445 2386 1500 supervacanea
2421 1442 2687 1508 sapientia
2717 1444 3072 1516 indiguimus.
3125 1447 3203 1504 lta
3234 1458 3293 1504 ut
3365 1468 3462 1522 per
3525 1451 3627 1507 Pa-

373 1539 506 1583 trem
541 1538 594 1584 et
626 1529 846 1591 Filium,
893 1531 1029 1586 duos
1055 1531 1242 1587 Patres
1278 1541 1330 1586 et
1355 1533 1494 1586 duos
1541 1529 1708 1584 Filios
1741 1531 2035 1597 supponat,
2060 1535 2316 1597 tanquam
2346 1535 2717 1604 ingenitorum
2749 1541 3092 1598 dualitatem.

442 1621 506 1674 Τί
548 1621 604 1672 δὲ
641 1620 886 1690 βούλεται
935 1625 968 1692 ἡ
1021 1622 1186 1693 πολλὴ
1228 1625 1355 1694 περὶ.
1409 1623 1470 1675 τὸ
1519 1622 1809 1690 ἀγέννητον
1848 1617 1938 1670 τοῦ

2118 1619 2260 1683 Quid
2301 1632 2481 1679 autem
2520 1628 2646 1682 velit
2686 1629 2832 1684 circa
2857 1631 3156 1703 ingenitum
3194 1644 3404 1691 tantum
3435 1635 3618 1692 Euno-

367 1711 631 1782 Εὐνομίου
670 1713 890 1783 σπουδὴ.
939 1713 1194 1776 πολλάκις
1228 1716 1322 1784 μὲν
1356 1714 1455 1785 ἤδη
1494 1714 1820 1784 δεδήλωται·
1850 1712 1946 1763 καὶ

365 1805 459 1858 νῦν
486 1805 542 1858 δὲ
580 1806 742 1859 πάλιν
771 1805 836 1858 δι’
856 1807 1051 1874 ὀλίγων
1081 1809 1380 1877 εἰρήσεται.
1425 1807 1539 1876 Τῆς
1568 1805 1676 1876 γὰρ
1709 1804 1802 1858 τοῦ
1838 1805 1946 1857 Πα-

363 1897 487 1966 τρὺς
514 1898 790 1967 σημασίας
830 1898 1099 1967 μηδεμίαν
1119 1899 1253 1970 πρὸς
1270 1899 1359 1951 τὸν
1377 1897 1504 1950 Υἱδν
1525 1896 1789 1967 διαφορὰν
1807 1895 1948 1948 κατὰ

363 1989 462 2059 τὴν
489 1988 648 2057 φύσιν
683 1989 1116 2059 ἐνδεικνυμένης,
1162 1991 1210 2041 εἰ
1243 1989 1402 2058 μέχρι
1432 1987 1636 2040 τούτων
1674 1987 1765 2040 τὸν
1791 1986 1947 2054 λόγον

365 2081 609 2152 ἔστησεν,
639 2074 738 2134 οὐκ
767 2083 832 2136 ἂν
864 2082 1020 2153 ἔσχεν
1047 2083 1200 2151 ἰσχὺν
1229 2082 1260 2151 ἡ
1297 2081 1538 2145 ἀσέϐεια,
1566 2079 1668 2149 τῆς
1712 2078 1948 2148 φυσικῆς

365 2173 472 2225 τῶν
497 2173 775 2242 ὀνομάτων
809 2176 1014 2237 ἑννοίας
1045 2177 1103 2226 οὐ
1152 2174 1594 2245 παραδεχομὲνης
1621 2172 1680 2226 τὸ
1707 2173 1823 2226 κατ’
1861 2172 1949 2225 οὐ·

366 2264 482 2316 σίαν
500 2264 796 2336 ἀλλότριον.
815 2265 930 2318 Νῦν
949 2266 1004 2318 δὲ
1033 2267 1328 2335 ἀγέννητον
1361 2267 1453 2318 καὶ
1469 2265 1725 2337 γεννητὸν
1749 2263 1942 2332 λέγων,

363 2355 547 2426 ἐπειδὴ
583 2355 785 2426 ἀμεσός
814 2358 928 2409 ἐστι
967 2357 1102 2427 πρὸς
1136 2356 1338 2426 ἄλληλα
1378 2357 1488 2409 τῶν
1522 2355 1802 2426 ὀνομάτων
1825 2355 1947 2407 τού-

361 2461 469 2496 των
498 2447 530 2515 ή
564 2446 896 2508 ἐναντίωσις,
948 2447 1021 2509 ὡς
1054 2447 1246 2516 θνητοῦ
1283 2447 1376 2500 xui.
1421 2446 1714 2510 ἀθανάτου,
1742 2446 1836 2498 καὶ
1859 2445 1947 2498 λο-

362 2534 551 2601 γικῶν,
601 2537 695 2589 καὶ
749 2537 978 2605 ἀλόγων,
1040 2539 1133 2590 καὶ
1177 2537 1394 2590 πάντων
1434 2537 1544 2589 τῶν
1577 2535 1948 2606 ὁμοιοτρόπως

362 2627 790 2696 ἐκφωνουμένων
831 2667 846 2688 .
895 2629 993 2681 ὅσα
1037 2629 1124 2681 διὰ
1152 2629 1259 2682 τῶν
1308 2629 1451 2682 κατά
1490 2629 1549 2682 τὸ
1581 2629 1822 2682 ἐναντίον
1853 2646 1950 2698 ση-

365 2720 702 2789 μαινομένων
719 2719 966 2789 ἀλλήλοις
996 2721 1482 2791 ἀντικαθέστηκεν,
1507 2721 1707 2774 ἔδωκεν
1737 2720 1851 2772 ὁδὸν
1881 2722 1946 2790 τῇ

361 2808 681 2878 βλασφημίᾳ
702 2809 790 2861 διά
811 2809 921 2860 τῶν
969 2810 1247 2879 ὀνομάτων
1277 2810 1483 2864 τούτων
1511 2827 1523 2840 ·
1559 2809 1698 2863 ὥστε
1725 2809 1823 2880 τὴν
1855 2808 1947 2861 τοῦ

357 2901 556 2970 θνητοῦ
610 2901 748 2971 πρὸς
793 2901 853 2952 τὸ
897 2900 1162 2954 ἀθάνατον
1202 2902 1466 2971 διαφορὰν
1499 2904 1557 2954 ὲν
1587 2901 1663 2972 τῷ
1704 2900 1948 2972 γεννητῷ

357 2991 498 3064 πρὸς
534 2992 594 3044 τὸ
629 2991 921 3061 ἀγέννητον
941 2991 1298 3063 ὲνθεωρῆσαι.
1338 2994 1446 3045 Καὶ
1472 2995 1659 3066 ὥσπερ
1690 2995 1821 3066 ἄλλη
1849 2995 1942 3048 τοῦ

358 3087 552 3159 θνητοῦ
583 3087 676 3140 καὶ
705 3088 836 3158 ἄλλη
868 3089 960 3141 τοῦ
983 3090 1248 3143 ἀθανάτου
1275 3093 1303 3161 ἡ
1341 3090 1524 3160 φύσις,
1555 3091 1647 3144 καὶ
1689 3091 1780 3145 τοῦ
1807 3092 1945 3162 λογι-

356 3180 452 3234 κοῦ
483 3183 578 3234 καὶ
607 3179 701 3233 τοῦ
737 3181 933 3250 ἀλόγου
968 3181 1260 3253 ἀσύμϐατα
1294 3184 1433 3236 κατὰ
1479 3184 1578 3257 τὴν
1607 3185 1794 3239 οὐσίαν
1827 3185 1944 3238 ἐστὶ

357 3272 424 3326 τὰ
453 3271 736 3343 ἰδιώματα,
769 3273 912 3327 οὕτω
942 3273 1186 3344 βούλεται
1206 3274 1372 3346 ἄλλην
1399 3276 1496 3347 μὲν
1524 3277 1616 3329 τοῦ
1648 3278 1942 3348 ἀγεννήτου

357 3367 764 3419 κατασκευάσαι
796 3367 893 3436 τὴν
928 3367 1107 3436 φύσιν,
1135 3367 1302 3438 ἄλλην
1335 3369 1389 3421 δὲ
1421 3370 1518 3440 τὴν
1539 3368 1633 3422 τοῦ
1655 3369 1939 3440 γεννητοῦ.

358 3457 474 3511 Ἵνα
535 3457 726 3528 ὥσπερ
793 3459 1105 3530 ὑποχείριος
1147 3459 1224 3530 τῷ
1258 3461 1462 3529 λογικῷ
1489 3463 1522 3530 ὴ
1556 3461 1747 3529 ἄλογος
1783 3461 1944 3531 φύσις

353 3547 848 3620 δεδημιούργηται,
910 3549 1084 3612 οὕτως
1137 3550 1223 3602 διὰ
1266 3550 1504 3621 φυσικῆς
1546 3552 1794 3620 ἀνάγκης
1842 3551 1943 3603 ὑπ-

355 3641 682 3711 εζευγμένον
728 3643 805 3713 τῷ
851 3644 1129 3714 ἀγεννήτῳ
1171 3643 1230 3695 τὺ
1258 3644 1515 3714 γεννητὸν
1548 3643 1806 3716 ἐπιδείξῃ.
1852 3642 1943 3695 Διὸ

357 3733 616 3787 συνάπτει
642 3733 720 3804 τῷ
752 3735 1031 3804 ἀγεννήτῳ
1059 3733 1120 3786 τὸ
1143 3732 1236 3786 τοῦ
1268 3733 1715 3804 Παντοκράτορος
1748 3732 1938 3802 ὄνομα,

351 3825 384 3879 ὀ
414 3827 513 3879 οὐκ
543 3827 622 3890 είς
657 3825 1020 3898 προνοητικὴν
1051 3824 1347 3896 ἐνέργειαν,
1379 3825 1453 3889 ὡς
1488 3823 1776 3895 προλαϐὼν
1803 3825 1830 3877 ὀ
1856 3824 1942 3876 λό-

355 3935 449 3987 γος
479 3917 777 3982 ὑπέδειξεν,
803 3918 916 3971 ἀλλ’
937 3919 1015 3980 εἰς
1043 3916 1369 3988 τυραννικὴν
1390 3915 1636 3981 ἐξουσίαν
1663 3917 1940 3988 μεταλαμ-

355 4012 506 4066 ϐάνει
533 4011 631 4083 τὴν
673 4011 969 4082 ἑρμηνείαν
1009 4011 1102 4064 τοῦ
1145 4011 1609 4081 Παντοκράτορος.
1651 4010 1738 4072 Ὡς
1777 4010 1938 4081 μέρος

354 4104 450 4174 τῆς
471 4103 780 4174 ἀρχομένης
800 4121 860 4155 τε
891 4103 985 4156 καὶ
1014 4102 1326 4174 ὑποχειρίου
1346 4102 1559 4170 φύσεως
1587 4101 1680 4156 καὶ
1696 4103 1786 4154 τὸν
1812 4102 1938 4154 Υίὸν

356 4198 600 4264 ποιῆσαι,
633 4196 770 4266 μετὰ
803 4196 1016 4249 πάντων
1049 4194 1369 4248 δουλεύοντα
1397 4193 1473 4262 τῷ
1493 4193 1578 4246 διὰ
1604 4193 1704 4263 τῆς
1740 4210 1940 4263 τυραν-

2046 1711 2140 1763 mii
2169 1713 2434 1780 studium,
2473 1733 2614 1786 saepe
2645 1721 2863 1790 quidem
2886 1722 2997 1791 jam
3038 1725 3374 1780 declaratum
3423 1736 3540 1796 est;
3577 1737 3633 1784 et

2049 1819 2194 1856 nunc
2220 1805 2418 1859 iterum
2457 1811 2650 1877 paucis
2682 1811 2918 1868 dicetur.
2967 1814 3102 1869 Cum
3152 1818 3298 1872 cnim
3337 1817 3517 1875 Patris
3555 1822 3632 1876 si-

2048 1898 2329 1968 gniﬁcatio
2363 1902 2566 1954 nullam
2601 1919 2724 1957 cum
2761 1903 2898 1960 Filio
2937 1906 3297 1964 diti‘erentiam
3328 1912 3630 1967 secundum

2049 2000 2304 2045 naturam
2344 1994 2703 2061 demonstret,
2763 1999 2805 2052 si
2848 2000 2913 2053 ad
2947 2000 3061 2055 hzec
3094 2018 3268 2072 usque
3316 2019 3630 2059 sermonem

2050 2081 2408 2150 inhibuisset,
2455 2089 2658 2142 nullam
2693 2091 2798 2142 vim
2843 2091 3124 2148 habuisset
3174 2095 3455 2164 impietas;
3503 2097 3632 2164 quia

2051 2177 2323 2231 naturalis
2378 2176 2572 2231 horum
2629 2181 2912 2235 nominum
2969 2185 3166 2238 notitia
3220 2201 3330 2239 non
3390 2186 3632 2239 admittit

2052 2267 2196 2336 quod
2227 2269 2624 2323 estsecundum
2651 2275 2944 2328 essentiam
2983 2275 3242 2329 alienum.
3267 2276 3421 2331 Nunc
3445 2285 3627 2332 autem

2055 2358 2359 2428 ingenitum
2390 2369 2442 2415 ct
2484 2364 2724 2433 genitura
2751 2364 2958 2430 dicens,
2987 2368 3258 2438 siquidem
3296 2369 3486 2423 horum
3531 2384 3630 2424 no—

2059 2445 2272 2506 milium
2321 2455 2463 2508 inter
2497 2470 2556 2509 se
2598 2456 2909 2512 immediata
2942 2467 3025 2512 est
3069 2465 3451 2526 contrarietas,
3485 2462 3629 2517 sicut

2050 2547 2300 2599 mortalis
2330 2555 2382 2601 et
2431 2547 2780 2611 immortalis,
2831 2559 2884 2604 et
2924 2551 3273 2605 rationalium
3310 2561 3362 2608 et
3410 2554 3630 2609 irratio-

2051 2637 2282 2701 naliuni,
2323 2646 2377 2692 et
2403 2641 2647 2693 omnium
2686 2657 2807 2711 qua:
2838 2643 3003 2697 simili
3049 2645 3210 2698 modo
3248 2645 3625 2710 enuntiantur,

2050 2743 2394 2798 quaecunque
2431 2745 2526 2799 per
2558 2729 2861 2799 signiﬁcata
2893 2735 3172 2786 contraria
3210 2734 3351 2788 inter
3368 2750 3427 2788 se
3457 2750 3630 2804 oppo-

2052 2815 2363 2884 suerimus;
2421 2834 2516 2886 per
2549 2817 2666 2872 hanc
2723 2822 2946 2873 numina
2985 2821 3126 2874 viam
3177 2821 3532 2892 blasphemia:
3575 2831 3630 2878 et

2054 2904 2234 2973 impia:
2259 2907 2458 2974 lingua:
2492 2907 2786 2975 patefecit;
2841 2908 2910 2960 ita
2944 2916 3001 2961 ut
3032 2925 3151 2962 eam
3181 2925 3300 2979 qum
3323 2917 3406 2964 est
3431 2919 3630 2963 morta-

2054 2997 2119 3050 lis
2154 2997 2220 3049 ad
2254 2995 2562 3052 immortale
2602 2999 2968 3053 dlﬂ'crentiam
3005 3002 3058 3054 in
3089 3003 3274 3071 genito
3316 3002 3380 3058 ad
3413 3003 3626 3072 ingeni-

2053 3095 2167 3141 tum
2193 3090 2644 3157 contemplemur.
2678 3090 3214 3160 thuemadmodum
3243 3093 3346 3145 alia
3376 3101 3457 3146 est
3479 3108 3627 3146 mor-

2053 3181 2197 3245 talis,
2250 3181 2356 3234 alia
2416 3181 2744 3237 immortalis
2796 3191 3010 3246 natura,
3047 3191 3100 3236 et
3136 3183 3416 3238 rationalis
3461 3192 3626 3253 atque

2052 3257 2390 3327 irrationalis
2420 3274 2778 3342 proprietates
2809 3273 3110 3328 secundum
3161 3275 3457 3329 essentiam
3489 3289 3628 3331 con-

2049 3381 2246 3435 gruere
2283 3366 2430 3418 nullo
2468 3365 2629 3418 modo
2651 3373 2898 3433 possunt,
2929 3365 3020 3418 sed
3051 3365 3284 3418 maxime
3319 3365 3622 3420 dissident:

2051 3459 2130 3514 sic
2162 3460 2278 3512 vult
2317 3457 2621 3512 Eunomius
2659 3459 2819 3512 aliam
2870 3457 3087 3526 quidem
3137 3457 3365 3527 ingeniti
3414 3458 3625 3511 consti-

2050 3557 2203 3603 tuere
2233 3557 2510 3614 naturam,
2562 3548 2724 3602 aliam
2761 3563 2890 3602 vero
2921 3547 3111 3617 geniti.
3149 3545 3216 3601 Ut
3256 3547 3618 3617 quemadmo-

2049 3638 2178 3692 dum
2234 3640 2488 3692 rationali
2534 3639 2753 3694 subdita
2811 3639 3231 3709 mancipataque
3284 3639 3620 3696 irrationalis

2048 3739 2248 3784 natura
2281 3739 2464 3786 creata
2495 3738 2612 3785 est:
2650 3731 2732 3786 sic
2757 3732 2993 3784 naturali
3019 3732 3347 3788 necessitate
3372 3732 3618 3801 ingeni-to

2048 3824 2290 3895 genitum
2323 3823 2674 3892 subiugatum
2711 3831 2762 3875 et
2797 3822 3070 3877 addictum
3085 3823 3440 3878 demonstret.
3464 3823 3614 3889 Quo—

2047 3915 2192 3969 circa
2224 3915 2466 3984 ingenito
2515 3928 2711 3967 nomen
2743 3911 3142 3983 Omnipotentis
3194 3914 3433 3981 copulat,
3472 3914 3620 3985 quod

2047 4022 2156 4061 non
2205 4007 2273 4062 ad
2332 4004 2651 4077 providendi
2710 4005 3104 4075 operationem,
3160 4005 3304 4060 sicut
3355 4014 3620 4074 praecepta

2047 4098 2339 4152 occasione
2377 4097 2554 4151 oratio
2603 4095 3030 4163 demonstravit,
3081 4096 3174 4150 sed
3215 4094 3619 4164 Omnipotentis

2045 4190 2552 4261 interpretationem
2591 4189 2647 4242 in
2698 4188 3038 4258 tyrannicam
3076 4193 3397 4256 potestatem
3439 4193 3620 4239 trans-

355 4289 510 4358 νικῆς
539 4287 784 4353 ἐξουσίας
826 4286 1113 4358 κρατοῦντι
1154 4285 1292 4339 κατὰ
1317 4285 1376 4338 τὸ
1399 4281 1514 4338 ἴσον
1544 4285 1651 4338 τῶν
1676 4285 1894 4339 πάντων
1920 4301 1934 4314 ·

2050 4279 2170 4334 l'ert.
2215 4278 2290 4332 Ita
2329 4285 2387 4331 ut
2418 4286 2630 4347 partem
2660 4289 2870 4329 natura:
2905 4275 3166 4343 subjectae
3194 4282 3248 4329 et
3297 4275 3620 4345 mancipatus

353 4380 448 4433 καὶ
481 4382 561 4433 ὅτι
598 4380 730 4450 πρὸς
755 4379 911 4432 τοῦτο
935 4378 1144 4449 βλέπων
1171 4381 1291 4441 ταῖς
1321 4377 1598 4441 τοιαύταις
1621 4379 1816 4449 χρῆται
1843 4376 1937 4432 τοῦ

354 4471 514 4538 λόγου
549 4469 871 4532 διαστολαῖς,
908 4470 970 4522 ἐκ
997 4467 1104 4520 τῶν
1136 4468 1508 4539 ὑποκειμένων
1542 4466 1940 4538 σαφηνισθήσε-

355 4579 464 4616 ται.
491 4561 675 4616 Εἰπὼν
695 4561 804 4631 γὰρ
827 4562 1008 4613 ἐκεῖνα
1023 4560 1091 4614 τὰ
1113 4561 1250 4630 σοφά
1270 4577 1327 4613 τε
1349 4561 1442 4614 καὶ
1467 4577 1532 4613 πε
1544 4560 1934 4632 ριεσκεμμένα,

354 4654 434 4706 ὅτι
470 4651 595 4706 οὔτε
628 4653 699 4717 ὡς
743 4653 921 4722 Πατρὶ
963 4653 1104 4705 ἔοικε
1148 4652 1357 4722 Πατὴρ,
1389 4651 1507 4705 οὐδὲ
1533 4651 1607 4714 ὼς
1633 4651 1746 4722 Υίῷ
1773 4651 1900 4714 mg
1920 4667 1932 4681 ·

358 4745 536 4798 καίτοι
589 4761 653 4812 γε
688 4744 912 4814 οὐδεμία
972 4745 1118 4797 ἐστὶν
1167 4745 1380 4816 ἀνάγκη
1431 4744 1669 4797 ἑοικέναι
1718 4745 1937 4806 πάντως

358 4833 537 4902 Πατρὶ
588 4834 826 4905 Πατέρα,
855 4833 947 4886 καὶ
985 4833 1095 4904 Υἱῷ
1126 4833 1253 4886 Υἱόν
1272 4851 1285 4864 ·
1342 4834 1522 4906 πατὴρ
1555 4834 1662 4906 γάρ
1688 4835 1770 4899 τίς
1789 4836 1935 4888 ἐστιν

359 4923 418 4974 ὲν
448 4922 681 4994 Αἰθίοψι,
716 4923 897 4996 πατὴρ
930 4924 1022 4978 καὶ
1047 4925 1104 4977 ὲν
1133 4923 1390 4986 Σκύθαις,
1415 4927 1508 4978 καὶ
1535 4927 1647 4988 υίὸς
1673 4926 1933 4995 ἑκατέρου

354 5013 580 5076 τούτων,
621 5015 784 5085 μέλας
815 5017 911 5087 μὲν
935 5017 963 5069 ὁ
994 5014 1086 5067 τοῦ
1109 5013 1382 5076 Αἰθίοπος,
1407 5013 1731 5088 λευκόχρους
1763 5017 1818 5072 δὲ
1842 5019 1936 5072 καὶ

353 5105 735 5178 ὑποχρυσίζων
773 5106 914 5159 κατά
971 5106 1068 5177 τὴν
1111 5106 1286 5176 κόμην
1321 5106 1349 5157 ὀ
1380 5107 1609 5179 Σκύθης.
1644 5110 1753 5162 Καὶ
1783 5110 1934 5165 οὐδὲν

358 5195 561 5266 μᾶλλον
582 5197 671 5251 διά
702 5197 763 5252 τὸ
795 5197 1005 5268 πατέρα
1025 5192 1164 5250 εἶναι
1187 5197 1464 5268 ἑκάτερον,
1491 5199 1612 5253 οὔτε
1633 5201 1719 5253 διά
1735 5203 1825 5255 τὸν
1840 5203 1934 5255 Αί-

355 5287 518 5341 θίοπα
543 5292 573 5343 ὀ
601 5288 813 5359 Σκύθης
840 5289 1169 5360 μελαίνεται,
1198 5288 1319 5343 οὔτε
1349 5289 1435 5344 διὰ
1466 5290 1558 5345 τὸν
1591 5292 1804 5364 Σκύθην
1848 5295 1935 5348 ἀλ-

353 5380 590 5435 λοιοῦται
623 5381 683 5434 τὸ
731 5381 888 5453 σῶμα
923 5381 1059 5452 πρὸς
1083 5381 1144 5435 τὸ
1168 5382 1358 5436 λευκὸν
1396 5381 1490 5436 τοῦ
1527 5383 1800 5450 Αἰθίοπος.

2043 4369 2209 4425 etiam
2238 4367 2434 4423 Filium
2470 4367 2636 4420 faciat
2661 4382 2784 4422 cum
2802 4365 3058 4420 omnibus
3080 4365 3347 4420 creaturis
3375 4365 3620 4420 servien-

2042 4470 2150 4518 tem
2191 4462 2242 4517 ei
2272 4461 2366 4531 qui
2400 4459 2689 4530 tyrannica
2722 4465 2990 4528 potestate
3027 4457 3315 4528 aequaliter
3359 4458 3617 4514 omnibus

2041 4551 2293 4620 imperat.
2323 4547 2477 4614 Quod
2509 4555 2688 4602 autem
2723 4548 2789 4602 ad
2823 4548 2925 4602 hoc
2953 4547 3251 4618 respiciens
3277 4548 3480 4602 talibus
3511 4549 3619 4602 uti-

2042 4648 2132 4698 tur
2161 4642 2452 4697 verborum
2486 4640 2959 4704 distinctionibus,
3003 4653 3080 4696 ‘ex
3126 4641 3391 4711 subjectis
3429 4649 3619 4713 postea

2043 4733 2508 4790 manifestabitur.
2541 4734 2678 4788 Cum
2705 4734 2850 4788 enim
2887 4733 2977 4788 illa
3008 4733 3170 4788 docta
3187 4743 3241 4788 et
3272 4734 3617 4790 considerata

2044 4827 2293 4898 protulit,
2353 4827 2499 4898 quod
2536 4841 2713 4897 neque
2773 4827 2918 4880 sicut
2966 4825 3116 4879 Patri
3167 4825 3362 4882 similis
3408 4826 3620 4883 videtur

2042 4919 2242 4986 Pater;
2281 4937 2458 4991 neque
2494 4921 2638 4977 sicut
2676 4919 2820 4974 Filio
2864 4918 3036 4974 Filius
3069 4919 3410 4991 (quanquam
3468 4921 3618 4974 nulla

2042 5012 2342 5067 necessitas
2375 5012 2522 5082 cogit
2557 5011 2740 5066 dicere
2766 5025 2996 5080 prorsus
3023 5008 3168 5064 Patri
3210 5007 3427 5064 Patrem
3467 5008 3619 5064 simi-

2044 5105 2149 5161 lem
2180 5104 2374 5171 videri,
2405 5113 2457 5159 et
2484 5102 2624 5158 Filio
2654 5102 2874 5160 Filium.
2919 5103 3081 5160 Pater
3106 5105 3251 5160 enim
3299 5105 3496 5174 aliquis
3533 5111 3618 5158 est

2038 5199 2183 5254 inter
2223 5195 2514 5266 Aithiopes
2538 5206 2720 5268 ;pater
2745 5199 2907 5253 etiam
2936 5198 3077 5253 inter
3122 5195 3388 5264 Scythas;
3422 5199 3616 5248 horum

2038 5293 2327 5361 utriusque
2352 5290 2518 5354 (ilius,
2541 5291 2696 5360 niger
2720 5290 2938 5360 quidem
2967 5289 3112 5343 ﬁlius
3141 5285 3437 5353 Ethiopis,
3477 5281 3618 5337 albi-

2044 5386 2195 5441 color
2229 5397 2360 5437 vero
2396 5387 2450 5438 et
2496 5395 2710 5438 comam
2760 5381 3087 5436 subauream
3130 5375 3340 5429 habens
3388 5370 3613 5443 Scytha.

357 5473 420 5528 Et
451 5477 624 5532 nihilo
677 5480 849 5547 magis
903 5479 1033 5548 quia
1095 5488 1243 5548 pater
1285 5479 1357 5534 sit
1417 5487 1670 5551 uterque,
1737 5499 1916 5556 neque
1955 5493 2181 5558 propter
2245 5481 2594 5551 1Ethiopem,
2634 5478 2840 5550 Scytha
2882 5473 3168 5544 nigrescit,
3235 5484 3415 5539 neque
3484 5483 3616 5542 pro-

356 5580 476 5636 pter
503 5567 766 5641 Scytham
800 5585 998 5639 corpus
1035 5567 1310 5640 Ethiopis
1354 5572 1629 5652 albescit),

439 5661 580 5715 Ἀλλ’
613 5664 763 5733 ὅμως
793 5660 962 5715 εἰπὼν
998 5662 1169 5715 ταῦτα
1215 5665 1355 5716 κατά
1391 5664 1450 5717 τὸ
1474 5665 1706 5736 ἀρέσκον
1728 5669 1877 5740 αὐτῷ
1905 5671 1933 5722 ὀ

356 5753 644 5826 Εὑνόμιος,
677 5755 977 5824 ἐπήγαγεν,
1012 5753 1090 5806 ὅτι
1131 5753 1362 5823 Ὄμοιός
1385 5756 1553 5811 ἐστιν
1582 5759 1660 5826 ὡς
1701 5761 1833 5827 Υἱὸς
1855 5760 1935 5826 τῷ

2111 5667 2500 5723 Verumtamen
2533 5677 2655 5717 cum
2686 5662 2799 5715 haec
2835 5657 3068 5714 dixisset
3108 5654 3433 5720 Eunomius,
3471 5655 3615 5713 sicut

2043 5761 2089 5817 ei
2128 5758 2353 5829 placuit,
2387 5754 2691 5825 subjunxit,
2723 5752 2867 5822 quod
2905 5749 3102 5806 similis
3129 5757 3211 5805 cst
3256 5747 3399 5802 sicut
3438 5749 3613 5802 Filius
