4054 6150
497 301 602 356 539

1745 292 1802 347 S.
1841 291 2164 348 GREGOBII
2201 294 2491 350 NYSSENI

3648 297 3750 352 510

501 411 669 470 Patri.
705 409 808 467 Sed
839 427 962 466 cum
999 407 1273 482 ejusmodi
1303 407 1445 464 ratio
1469 408 1872 474 similitudinis,
1925 409 2071 479 quod

2183 413 2378 480 Πατρί.
2401 411 2506 464 Τοῦ
2539 412 2597 465 δὲ
2635 410 2870 464 τοιούτου
2913 411 3072 478 λόγου
3100 412 3160 464 τὸ
3195 410 3335 463 κατά
3377 413 3466 481 τὴν
3498 409 3657 478 φύσιν
3679 414 3756 464 cl-

499 504 798 562 secundum
828 512 1077 558 naturam
1106 511 1190 558 est
1220 502 1502 572 proprium
1525 501 1890 568 demonstret,
1931 499 2078 554 sicut

501 597 552 650 in
585 594 714 650 Seth
736 602 789 649 et
819 595 872 648 in
894 593 1102 648 Adamo
1134 593 1394 648 divinitus
1418 592 1684 662 inspirata
1721 599 1956 647 testatur
1980 591 2080 646 do-

499 685 704 751 ctrina;
739 685 890 754 parvi
918 685 1127 740 faciens
1157 694 1211 738 et
1243 699 1341 754 pro
1379 685 1552 739 nihilo
1599 685 1807 739 habens
1859 684 2080 752 dogma-

499 777 626 830 tista
657 775 1019 845 intelligentes
1058 775 1362 838 auditores,
1395 776 1613 828 inanem
1655 774 1949 843 Subjunxit
1984 788 2080 842 ap-

503 867 815 937 pellationis
851 865 971 920 Filii
1004 865 1536 934 interpretationem,
1579 865 1754 934 ipsum
1784 865 2076 934 imaginem

503 967 556 1011 et
601 958 839 1026 sigillum
911 955 1316 1026 Omnipotentis
1366 956 1702 1026 operationis
1741 955 2076 1009 deﬁniendo.

507 1046 679 1101 Filius
710 1049 847 1101 enim
881 1057 980 1109 est,
1005 1046 1202 1116 inquit,
1221 1047 1396 1115 imago
1422 1055 1471 1099 et
1497 1045 1734 1115 sigillum
1755 1045 2078 1112 operationis

503 1140 611 1193 sire
657 1140 900 1210 eﬂiraciaz
931 1137 1336 1207 Omnipotentis.
1372 1135 1483 1190 lloc
1517 1137 1692 1204 ipsum
1735 1135 1967 1204 primum
1985 1134 2077 1203 qui

504 1246 665 1285 aures
719 1231 1003 1285 audientes
1048 1229 1213 1283 habet
1263 1226 1599 1282 consideret.
1653 1225 1942 1290 Quodnam
1989 1233 2076 1280 est

504 1321 637 1376 illud
695 1321 1035 1391 Operationis
1075 1320 1356 1392 sigillum?
1401 1317 1593 1373 Omnis
1635 1317 1780 1372 enim
1829 1319 2078 1396 operatio

505 1413 656 1467 ineo
707 1413 800 1482 qui
855 1413 1120 1477 elaborat,
1166 1411 1219 1466 id
1263 1410 1408 1481 quod
1454 1410 1791 1474 elaboratur,
1841 1418 2075 1481 spectat.

503 1503 640 1556 Cum
679 1510 860 1556 autem
896 1502 1040 1572 quod
1089 1502 1387 1572 peragitur,
1426 1499 1723 1570 periei-tum
1761 1508 1852 1553 aut
1888 1508 2078 1557 trans-

505 1600 686 1646 actum
733 1591 917 1656 fuerit,
956 1607 1051 1662 per
1086 1608 1144 1646 se
1195 1607 1299 1644 non
1341 1589 1561 1644 substat
1609 1591 1839 1659 ipsamct
1882 1606 2079 1660 opera-

503 1683 627 1736 tio:
665 1683 813 1736 velut
867 1697 1067 1736 cursus
1128 1681 1376 1752 operatio
1416 1695 1537 1749 quae
1593 1680 1649 1734 lit
1697 1681 1947 1750 pedibus,
1994 1692 2079 1737 est

504 1775 709 1828 motio:
753 1779 1006 1827 cessante
1052 1774 1294 1826 motione
1345 1787 1454 1826 non
1509 1773 1746 1842 amplius
1793 1775 1846 1826 in
1898 1774 2078 1844 seipsa

505 1863 759 1918 subsistit
784 1863 1052 1933 operatio.
1089 1863 1234 1918 Idem
1260 1864 1366 1918 dici
1395 1871 1573 1933 potest
1609 1865 1662 1918 in
1703 1865 1850 1918 omni
1886 1881 1942 1920 re
1958 1881 2079 1934 qua:

505 1956 807 2026 suscipitur
829 1955 1062 2028 agenda,
1097 1957 1182 2010 vel
1233 1955 1542 2020 tractanda,
1602 1956 1859 2011 videlicet
1900 1958 2076 2012 aetio-

504 2064 626 2102 nem
663 2050 834 2118 ipsam
863 2064 1083 2104 cessare
1118 2050 1280 2103 simul
1313 2063 1436 2102 cum
1458 2064 1625 2118 opera
1658 2059 1712 2103 et
1743 2049 1925 2104 studio
1958 2051 2079 2120 ejus

505 2142 598 2210 qui
659 2141 804 2194 circa
847 2156 969 2196 eam
1019 2141 1271 2207 laborat;
1305 2142 1578 2195 actionem
1631 2155 1759 2195 vero
1797 2142 1973 2210 ipsam
2023 2142 2078 2195 in

505 2234 685 2302 scipsa
721 2248 827 2286 non
861 2233 1184 2295 subsistere,
1232 2233 1277 2287 si
1315 2247 1491 2302 neque
1529 2232 1599 2287 sit
1639 2233 1786 2286 ullus
1816 2233 1908 2302 qui
1951 2247 2083 2302 ope-

506 2331 656 2376 retur
687 2321 742 2375 in
801 2321 1088 2390 proposito
1132 2321 1237 2376 sibi
1281 2335 1446 2390 opere
1478 2328 1533 2374 et
1565 2319 1773 2382 studio,
1813 2321 1895 2374 vel
1933 2321 1980 2376 si
2032 2322 2080 2376 is

505 2413 599 2483 qui
627 2412 870 2466 elaborat
908 2412 976 2466 ab
1009 2426 1174 2482 Opere
1215 2411 1536 2467 cessaverit.
1577 2409 1719 2476 Quid
1753 2409 1919 2481 igitur
1949 2410 2081 2467 dicit

506 2520 630 2560 esse
659 2519 754 2574 per
788 2505 1022 2572 seipsam
1058 2503 1461 2572 operationem,
1503 2516 1627 2571 quae
1658 2517 1834 2572 neque
1878 2510 1964 2557 est
1989 2518 2078 2558 es-

507 2597 709 2660 sentia,
733 2610 911 2666 neque
945 2593 1235 2648 character
1254 2592 1368 2648 sive
1397 2591 1589 2662 ﬁgura,
1618 2607 1796 2662 neque
1828 2591 2082 2647 substan-

507 2687 617 2742 tia?
648 2685 814 2756 Igitur
841 2685 962 2753 ejus
991 2683 1136 2753 quod
1181 2699 1293 2737 non
1327 2684 1582 2738 subsistit
1624 2684 1809 2752 ipsum
1839 2683 1916 2736 ait
1957 2698 2082 2738 esse

510 2776 898 2839 simulacrum;
933 2775 1036 2828 hoc
1066 2782 1248 2828 autem
1283 2774 1426 2841 quod
1453 2789 1563 2828 non
1585 2775 1872 2829 exsistenti
1902 2774 2082 2829 simile

510 2877 614 2930 est,
643 2881 820 2936 neque
879 2867 1054 2934 ipsum
1110 2865 1332 2920 omnino
1385 2872 1470 2920 est
1501 2883 1514 2917 :
1550 2865 1664 2920 haec
1712 2866 1962 2919 inanium
1999 2875 2083 2921 cst

511 2959 856 3014 decretorum
888 2967 1207 3027 portentosa
1241 2957 1476 3023 vanitas,
1510 2955 1737 3011 credere
1766 2956 1820 3010 in
1852 2957 1903 3010 id
1937 2956 2082 3026 quod

512 3067 623 3106 non
653 3058 760 3106 est.
795 3048 950 3115 Quod
987 3049 1130 3103 enim
1161 3065 1270 3102 non
1315 3050 1427 3104 enti
1477 3049 1656 3104 simile
1690 3057 1795 3111 est,
1847 3064 1956 3103 non
2000 3057 2084 3103 est

515 3141 623 3196 ullo
653 3156 876 3210 prorsus
908 3140 1089 3194 modo.
1146 3139 1189 3194 O
1231 3139 1418 3207 Paule,
1475 3155 1508 3195 ο
1548 3140 1811 3204 Joannes,
1847 3157 1878 3194 o
1918 3156 2084 3194 evan-
2110 3114 2152 3170 c

512 3219 827 3306 gelistarum
849 3245 902 3288 et
934 3234 1305 3304 apostolorum
1344 3233 1542 3302 reliqui
1582 3237 1802 3288 cretus!
1845 3232 2082 3298 Quinam

510 3325 811 3380 virulentas
843 3340 970 3378 suas
999 3325 1214 3392 linguas
1246 3331 1437 3377 contra
1459 3331 1694 3377 vestram
1720 3339 1909 3377 vocem
1955 3340 2086 3378 exa-

511 3414 717 3468 cuunt?
774 3413 1006 3479 Quinam
1038 3413 1358 3467 caelestibus
1400 3413 1596 3466 vestris
1643 3413 1938 3467 tonitribus
1994 3429 2084 3466 ra-

513 3517 675 3555 nosas
705 3517 834 3556 suas
850 3501 1253 3570 voceseStygia
1292 3501 1708 3571 paludeexcitas
1739 3504 2086 3572 obtrudunt?

514 3588 653 3654 Quid
682 3588 848 3656 igitur
877 3589 1010 3642 dicit
1049 3588 1273 3642 tonitrui
1315 3590 1496 3642 lilius?
1568 3591 1633 3643 In
1665 3593 1930 3661 principio
1963 3604 2083 3648 erat

525 3677 769 3742 Verbum,
797 3688 845 3732 et
879 3677 1100 3732 Verbum
1132 3688 1244 3732 erat
1298 3685 1436 3748 apud
1471 3680 1632 3734 Deum
1653 3721 1668 3745 ,
1719 3691 1767 3736 et
1799 3682 1935 3737 Deus
1973 3696 2085 3738 erat

531 3768 748 3822 Verbum
776 3771 844 3823 '°.
875 3769 1014 3835 Quid
1047 3770 1133 3825 ille
1151 3773 1242 3840 qui
1268 3779 1390 3841 post
1418 3773 1589 3838 illum,
1614 3775 1693 3826 vel
1725 3775 1971 3831 aliusille
1993 3777 2087 3846 qui

517 3859 662 3912 intra
696 3860 937 3913 cmlestia
965 3859 1124 3929 adyta
1150 3869 1203 3915 et
1231 3862 1476 3916 sacraria
1519 3871 1711 3928 raptus
1740 3861 1864 3926 fuit,
1909 3866 2002 3932 qui
2030 3865 2084 3918 in

517 3946 1104 4018 paradisoiuitiatus“,
1125 3963 1232 4002 non
1265 3949 1318 4002 in
1350 3950 1547 4017 vulgus
1575 3949 1844 4004 ell‘ercnda
1873 3951 2095 4010 didicit?

519 4035 612 4091 Sic
683 4036 882 4104 inquit,
919 4036 1023 4101 Qui
1050 4052 1167 4088 cum
1208 4037 1275 4089 sit
1307 4036 1554 4103 splendor
1601 4037 1787 4106 gloria:
1813 4047 1862 4090 et
1913 4040 2086 4108 ﬁgura

517 4129 625 4181 sive
677 4143 922 4194 expressa
972 4128 1146 4197 imago
1184 4128 1297 4196 ejus
1349 4128 1662 4181 substantia:
1681 4128 1749 4180 ".
1785 4129 1924 4192 Quid
1962 4141 2086 4200 post

517 4217 617 4272 hos
646 4217 781 4271 dicit
803 4217 1183 4287 ventriloquus
1216 4218 1360 4273 iste?
1395 4218 1669 4288 Sigillum,
1716 4219 1916 4289 inquit,
1952 4237 2084 4292 ope-

518 4308 749 4362 rationis
783 4306 1214 4376 Omnipotentis:
1236 4309 1457 4362 tertium
1492 4308 1670 4377 ipsum
1716 4317 1839 4379 post
1871 4309 2084 4366 Patrem

519 4398 670 4462 facit,
713 4413 741 4451 a
770 4413 876 4451 non
908 4397 1213 4452 cxsistente
1268 4397 1357 4450 illa
1391 4397 1712 4468 operatione
1761 4399 2082 4468 mediatuui,

2178 505 2324 555 κεῖον
2353 502 2702 573 δεικνυμένου
2721 516 2734 529 °
2765 501 2838 564 ὼς
2872 503 2962 554 ἐπὶ
2994 503 3086 555 τοῦ
3132 501 3237 572 Σὴο
3268 502 3363 554 καὶ
3389 500 3483 554 τοῦ
3525 500 3696 570 ’Δδάμ
3721 503 3755 572 ἠ

2178 590 2533 653 θεόπνευστος
2569 593 2832 661 μαρτυρεί
2879 590 3193 644 διδασκαλία
3215 608 3230 621 ο
3265 592 3434 661 μικρά
3467 590 3758 661 φροντίσας

2175 685 2203 735 6
2235 682 2599 752 δογματιστὴς
2634 680 2739 734 τῶν
2782 680 3019 743 συνετῶς
3055 677 3439 751 ἀκροωμένων,
3469 681 3570 751 τὴν
3595 678 3756 750 κενὴν

2177 773 2457 842 ἐπήγαγεν
2504 771 2800 843 ἑρμηνείαν
2833 773 2930 840 τῆς
2972 770 3066 824 τοῦ
3100 770 3229 824 Υίοῦ
3263 770 3653 842 προσηγορίας,
3681 773 3756 822 εί-

2177 864 2307 916 κόνα
2330 864 2420 916 καὶ
2450 865 2720 934 σφραγῖδα
2746 865 2844 934 τῆς
2876 862 2969 915 τοῦ
3002 861 3445 931 Παντοκράτορος
3479 855 3756 930 ἐνεργείας

2176 953 2338 1004 αὐτὸν
2377 951 2719 1024 ὁρισάμενος.
2741 953 2871 1018 Υἱός
2913 951 3024 1021 γάρ
3050 953 3200 1016 ἐστι,
3226 951 3408 1022 φησὶν,
3457 949 3634 1004 εἰκὼν
3659 950 3756 1004 καὶ

2177 1045 2435 1113 σφραγὶς
2459 1043 2566 1113 τῆς
2595 1045 2699 1098 τοῦ
2738 1043 3217 1112 Πιιντοκράτορος
3253 1044 3568 1112 ἐνεργείας.
3618 1044 3756 1097 Δύτό

2181 1153 2269 1206 μοι
2295 1135 2452 1188 τοῦτο
2483 1137 2697 1204 πρῶτον
2720 1139 2747 1190 6
2777 1135 2915 1206 ἔχων
2955 1130 3069 1188 ὦτα
3098 1136 3316 1188 ἀκούειν
3353 1133 3752 1203 ἐπισκεψάσθω.

2177 1230 2272 1290 Τίς
2301 1231 2445 1282 ἐστιν
2470 1231 2502 1299 ἡ
2533 1229 2632 1297 τῆς
2662 1228 2938 1298 ἐνεργείας
2978 1227 3243 1298 σφραγίς;
3274 1228 3427 1279 Πᾶσα
3457 1229 3567 1296 γὰρ
3607 1228 3756 1298 ὲνὲρ-

2177 1335 2300 1388 γεια
2349 1321 2405 1371 ὲν
2437 1317 2535 1388 μὲν
2565 1317 2640 1388 τῷ
2673 1317 2988 1372 ὲκπονοῦντι
3038 1318 3097 1371 τὸ
3139 1318 3571 1388 σπουδαζόμενον
3625 1319 3755 1372 θεω-

2180 1412 2374 1482 ρεῖται.
2436 1409 2839 1480 Περαιωθέντος
2885 1409 2940 1462 δὲ
2996 1408 3090 1462 τοῦ
3137 1409 3604 1479 σπουδαζομένου,
3638 1411 3754 1464 καθ’

2177 1504 2374 1574 ἑαυτὴν
2405 1503 2501 1572 οὐχ
2534 1503 2837 1572 ὑφέστηκεν
2871 1518 2885 1532 ο
2921 1497 3030 1555 οἷον
3057 1501 3305 1572 ἐνέργεια
3349 1501 3441 1554 τοῦ
3472 1501 3692 1572 δρόμου,
3721 1505 3753 1573 ἡ

2178 1596 2268 1651 διὰ
2297 1596 2404 1650 τῶν
2448 1595 2625 1649 ποδῶν
2653 1598 2768 1648 ἐστι
2803 1596 3014 1667 κίνησις
3039 1614 3052 1626 ο
3085 1595 3437 1664 παυσαμένης
3468 1594 3523 1648 δὲ
3549 1595 3646 1664 τῆς
3674 1613 3755 1647 κι-

2179 1686 2405 1757 νήσεως,
2456 1687 2639 1739 οὐκέτι
2689 1686 2836 1740 ἐστὶν
2857 1687 2942 1754 ἐφ’
2977 1685 3177 1755 ἑαυτῆς
3205 1686 3238 1755 ἡ
3263 1684 3532 1753 ἐνέργεια.
3569 1685 3753 1750 υῦτως

2113 1761 2150 1813 Β
2181 1779 2275 1830 καὶ
2318 1778 2406 1828 ἐπὶ
2438 1777 2635 1839 παντὸς
2680 1776 2826 1830 ἐστιν
2869 1775 3298 1845 ἐπιτηδεύματος
3335 1775 3396 1828 τὸ
3427 1770 3540 1827 ἴσον
3563 1775 3752 1839 εἰπεῖν,

2179 1869 2246 1938 τῇ
2279 1865 2598 1937 σπουδῇτοῦ
2635 1867 2760 1936 περί
2813 1883 2862 1918 τι
2898 1865 3186 1928 πονοῦντος
3233 1866 3628 1936 συναπολήγειν
3664 1865 3755 1919 καὶ

2178 1958 2276 2029 τὴν
2306 1958 2584 2028 ἐνέργειαν
2611 1973 2623 1986 ·
2675 1957 2759 2026 ἐφ’
2803 1959 3002 2027 ἑαυτῆς
3032 1957 3086 2010 δὲ
3133 1957 3232 2010 οὐκ
3257 1954 3421 2010 οὖσαν
3446 1955 3569 2009 οὔτε
3604 1959 3752 2028 ἐνερ-

2180 2048 2402 2115 γούντός
2434 2064 2576 2109 τινος
2605 2047 2703 2118 τὴν
2738 2045 3104 2118 προκειμένην
3127 2046 3303 2116 ἑαυτῷ
3342 2047 3596 2117 σποιδὴν,
3633 2046 3754 2098 οὔτε

2180 2142 2228 2192 εί
2257 2139 2352 2209 τῆς
2376 2137 2609 2208 σπουδῆς
2629 2139 2936 2207 ἀπολήξειε.
2963 2138 3027 2190 Τί
3049 2133 3142 2190 οὖν
3167 2138 3313 2207 λέγει
3331 2133 3467 2191 εἶναι
3489 2139 3608 2191 καθ’
3632 2141 3754 2192 ἐαυ-

2180 2231 2278 2300 τὴν
2310 2230 2408 2301 τὴν
2439 2229 2737 2302 ἐνέργειαν,
2764 2230 2860 2300 τὴν
2895 2229 3017 2283 οὔτε
3056 2231 3244 2284 οὐσίαν
3281 2227 3466 2296 οὖσαν,
3497 2230 3620 2284 οὔτε
3655 2250 3752 2302 χα-

2185 2321 2452 2392 ρακτῆρα,
2487 2318 2610 2372 οὔτε
2659 2319 2987 2387 ὑπόστασιν;
3015 2319 3222 2373 Οὐκοῦν
3268 2319 3362 2373 τοῦ
3387 2321 3751 2374 ἀνυποστάτου

2182 2413 2343 2466 αὑτὸν
2374 2408 2526 2465 εἶπεν
2572 2411 2823 2483 ὁμοίωμα
2845 2427 2860 2444 ⁸
2907 2413 2968 2465 τὸ
2995 2412 3050 2465 δὲ
3086 2411 3164 2483 τῷ
3196 2414 3527 2484 ἀνυπάρκτῳ
3550 2414 3750 2484 ὅμοιον,

2182 2505 2301 2559 οὐδὲ
2323 2505 2451 2557 αὐτὸ
2484 2504 2700 2567 πάντως
2730 2504 2876 2556 ἐστίν
2901 2520 2914 2534 ·
2950 2503 3089 2574 αὕτη
3136 2504 3242 2557 τῶν
3271 2505 3442 2558 κενῶν
3472 2505 3754 2574 δογμάτων

2181 2598 2214 2667 ὴ
2245 2595 2527 2666 τερατεία,
2571 2595 2632 2648 τὸ
2665 2594 2940 2648 πιστεύειν
2990 2597 3068 2658 είς
3118 2595 3179 2649 τὸ
3211 2597 3284 2667 μὴ
3307 2596 3386 2650 δν.
3424 2595 3497 2648 Τὸ
3541 2596 3646 2668 γὰρ
3682 2595 3754 2665 μὴ

2181 2687 2259 2757 τῷ
2307 2687 2419 2740 ὄντι
2464 2687 2670 2756 ὅμοιον,
2729 2687 2829 2738 ούκ
2882 2685 2998 2740 ἔστι
3048 2688 3282 2751 πάντως.
3318 2684 3387 2740 Ὦ
3427 2686 3630 2748 Παῦλε,
3665 2687 3756 2739 καὶ

2195 2777 2436 2847 Ἰωάννη,
2465 2779 2560 2830 καὶ
2593 2779 2621 2829 6
2647 2776 2830 2840 λοιπὸς
2864 2775 2970 2829 τῶν
3003 2776 3406 2846 εύαγγελιστῶν
3432 2795 3489 2830 τε
3518 2777 3611 2830 καὶ
3649 2775 3755 2828 τῶν

2185 2870 2496 2922 ἀποστόλων
2536 2869 2692 2940 χορός
2716 2884 2729 2897 ·
2765 2869 2908 2931 τίνες
2937 2870 3003 2938 τῇ
3039 2868 3278 2940 ὑμετέρᾳ
3320 2869 3468 2938 φωνῇ
3500 2867 3596 2930 τὰς
3621 2866 3758 2920 [066-

2185 2959 2306 3023 λους
2327 2960 2574 3029 γλώσσας
2608 2959 2812 3012 ἑαυτῶν
2839 2958 3217 3023 ἀνϐοπλίξουσι
3239 2976 3252 3024 ;
3279 2959 3431 3021 Τίνες
3458 2961 3576 3022 ταῖς
3605 2959 3759 3029 οὐρα-

2185 3051 2326 3116 νίαις
2359 3050 2512 3121 ὑμῶν
2545 3051 2792 3121 βρονταῖς
2821 3051 2918 3114 τὰς
2951 3050 3312 3123 βατραχώδεις
3341 3050 3547 3103 ἑαυτῶν
3577 3049 3757 3119 φωνὰς

2187 3141 2595 3211 ἀντεγείρουσιζ
2627 3136 2800 3193 Τίοῦν
2833 3140 2980 3208 λέγει
3015 3143 3042 3194 6
3067 3141 3179 3204 υίὸς
3218 3142 3316 3211 τῆς
3358 3140 3616 3211 βροντῆς;
3664 3142 3760 3193 Ἰιῖν

2185 3233 2343 3300 ἀρχῇ
2373 3227 2492 3300 ἦνό
2516 3232 2724 3300 Λόγος,
2773 3233 2866 3285 καὶ
2891 3236 2923 3286 ό
2955 3234 3143 3302 Λόγος
3169 3230 3246 3304 ἦν
3291 3234 3438 3302 πρὸς
3462 3235 3566 3288 τὸν
3589 3235 3759 3298 Θεὸν,

2187 3322 2283 3375 καὶ
2309 3321 2452 3386 Θεὸς
2481 3317 2558 3391 ἦν
2610 3325 2641 3374 ὀ
2682 3323 2890 3392 Λόγος.
2926 3323 2990 3374 Τί
3023 3322 3079 3375 δὲ
3120 3325 3148 3375 6
3197 3327 3314 3394 μετ’
3349 3328 3574 3390 ἐκεῖνον,
3604 3326 3764 3390 ἄλλος

2189 3415 2413 3475 ἐκεῖνος,
2439 3411 2467 3465 6
2500 3413 2650 3477 ἐντὸς
2683 3414 2790 3468 τῶν
2835 3415 3100 3486 οὐρανίων
3139 3416 3346 3470 ἀδύτων
3393 3418 3702 3488 γενόμενος,
3735 3421 3767 3472 6

2187 3505 2244 3555 ὲν
2277 3503 2353 3574 τῷ
2379 3503 2690 3575 παραδείσῳ
2728 3504 2951 3576 μυηθεὶς
2980 3505 3047 3558 τὰ
3075 3507 3541 3579 ἀπόρῤητα;“Ων,
3575 3510 3764 3578 φησὶν,

2190 3596 2556 3666 ἀπαύγασμα
2583 3595 2692 3664 τῆς
2724 3595 2926 3664 δόξης,
2946 3599 3040 3651 καὶ
3059 3598 3359 3668 χαρακτὴρ
3373 3597 3483 3667 τῆς
3499 3601 3768 3654 ὑποστά-

2186 3701 2335 3752 σεως
2360 3684 2565 3739 αὐτοῦ.
2586 3684 2649 3737 Τί
2675 3686 2812 3755 μετά
2842 3685 3062 3750 τούτους
3085 3687 3229 3754 λέγει
3256 3687 3284 3738 ὀ
3304 3689 3763 3759 ἐγγαστρίμυθοςς

2191 3783 2454 3852 Σφραγὶς,
2486 3778 2639 3852 φησὶ,
2682 3779 2781 3847 τῆς
2839 3779 3116 3848 ἐνεργείας
3167 3778 3260 3831 τοῦ
3295 3780 3760 3851 Παντοκράτορος·

2191 3867 2367 3937 τρίτον
2393 3867 2554 3921 αὑτὸν
2587 3867 2726 3937 μετά
2764 3868 2854 3922 τὸν
2895 3870 3114 3942 Πατέρα
3143 3873 3302 3935 ποιεῖ,
3333 3873 3398 3941 τῇ
3427 3871 3763 3942 ἀνυπάρκτῳ

2187 3959 2369 4030 ἐκείνῃ
2429 3961 2678 4031 ἐνεργείᾳ.
2734 3965 3179 4034 μεσιτευόμενονο
3212 3964 3408 4034 μᾶλλον
3434 3963 3490 4016 δὲ
3525 3965 3662 4035 πρὸς
3701 3965 3763 4018 τὸ

2186 4046 2372 4099 δοκοῦν
2411 4051 2475 4119 τῇ
2533 4049 2838 4121 ἀνυπαρξίᾳ
2889 4052 3246 4122 τυπούμενον.
3293 4053 3598 4124 Ἐνεργείας
3642 4055 3761 4107 ἐστὶ

2189 4140 2421 4209 σφραγὶς
2458 4143 2484 4192 6
2504 4143 2561 4192 ἐν
2591 4142 2730 4214 ἀρχῇ
2761 4141 2856 4208 ὢν,
2889 4144 3060 4212 Λόγος
3107 4145 3259 4207 Θεὸς,
3287 4145 3378 4197 καὶ
3409 4148 3472 4216 τῇ
3499 4147 3759 4214 ἀῖδιότητι

2185 4231 2285 4300 τῆς
2338 4231 2514 4303 ἀρχῆς
2560 4231 2668 4286 τῶν
2716 4235 2883 4288 ὄντων
2912 4235 3363 4306 ἐνθεωρούμενος,
3401 4239 3756 4307 δΜονογενὴς

2187 4320 2335 4386 Θεὸς,
2384 4326 2415 4376 ό
2455 4321 2542 4375 ὢν
2567 4324 2637 4378 ὲν
2657 4321 2780 4391 τοῖς
2805 4327 3053 4392 κόλποις
3074 4327 3178 4380 τοῦ
3209 4329 3456 4396 Πατρός,
3477 4330 3504 4381 6
3522 4327 3588 4380 τά
3619 4329 3758 4398 σύμ-

2188 4428 2363 4465 παντα
2403 4413 2606 4485 ,φέρων
2653 4415 2732 4485 τῷ
2783 4418 2985 4489 ῥήματι
3039 4419 3137 4488 τῆς
3176 4418 3456 4488 δυνάμεως
3503 4418 3685 4481 αὐτοῦ,
3729 4422 3758 4472 6

519 4489 630 4542 imo
666 4504 797 4542 vero
861 4504 891 4540 a
941 4503 1048 4542 non
1097 4488 1424 4542 exsistentia
1483 4498 1542 4542 ut
1591 4489 1726 4544 libet
1766 4490 2082 4545 formatum.

2191 4501 2419 4572 ποιητὴς
2479 4503 2586 4556 τῶν
2618 4504 2850 4569 αἰώνων,
2913 4505 2971 4571 ἐξ
3029 4500 3088 4558 οἵ)
3122 4506 3188 4559 τὰ
3237 4508 3450 4570 πάντα,
3483 4507 3575 4559 καὶ
3608 4507 3672 4560 δι’
3698 4502 3758 4559 οὗ

517 4579 863 4650 Operatiouis
907 4590 994 4634 est
1025 4579 1262 4648 sigillum
1316 4581 1407 4636 ille
1445 4581 1538 4650 qui
1573 4590 1657 4636 est
1699 4581 1752 4635 in
1791 4581 2084 4651 principio,

518 4668 754 4724 Verbum
785 4668 946 4731 Deus,
983 4677 1036 4723 et
1061 4669 1154 4738 qui
1183 4669 1236 4722 in
1267 4671 1573 4724 :eteruitate
1606 4671 1860 4741 principii
1893 4687 2084 4726 eorum

517 4771 639 4825 qum
672 4767 799 4810 sunt
844 4757 1150 4825 inspicitur,
1187 4757 1520 4827 Unigenitus
1564 4758 1726 4822 Deus,
1781 4762 1870 4824 qui
1914 4772 1988 4815 est
2033 4763 2085 4816 in

519 4846 718 4901 sinibus
758 4847 959 4913 Patris,
990 4850 1081 4918 qui
1131 4847 1234 4902 fert
1264 4849 1518 4905 universa
1567 4853 1731 4905 verbo
1765 4868 1878 4907 suae
1909 4856 2086 4908 virtu-

432 4993 438 4999 _
519 4939 611 4998 tis,
649 4937 738 5006 qui
765 4935 938 4989 factor
965 4948 1049 4993 est
1075 4941 1422 5004 saeculorum,
1449 4957 1516 4994 ex
1547 4957 1656 5010 quo
1679 4945 1884 5011 omnia,
1913 4955 1965 4999 et
1985 4961 2082 5016 per

516 5043 680 5098 quem
711 5027 921 5088 omnia,
951 5029 1044 5095 qui
1067 5037 1227 5084 terra:
1256 5033 1500 5087 continet
1531 5033 1818 5102 ambitum,
1853 5038 1944 5105 qui
1968 5053 2086 5091 coe-

518 5121 628 5176 lum
653 5121 836 5190 palmo
861 5121 1295 5189 cumpreheudit,
1315 5125 1406 5192 qui
1429 5140 1590 5177 manu
1618 5125 1843 5180 metitur
1861 5145 2080 5197 aquam,

514 5213 610 5281 qui
639 5211 820 5266 omnia
853 5225 974 5280 qua:
1001 5221 1127 5264 sunt
1157 5215 1474 5281 complexus
1497 5216 1658 5280 est",
1677 5219 1766 5286 qui
1792 5218 1842 5270 in
1865 5220 2085 5274 excelsis

521 5304 768 5358 habitans
803 5302 1028 5356 humilia
1057 5303 1266 5371 respicit
1289 5304 1356 5366 ⁷⁸,
1397 5306 1506 5360 imo
1537 5323 1665 5362 vero
1714 5309 1948 5366 intuitus
1977 5324 2082 5374 cst,

517 5404 574 5447 ut
603 5412 821 5452 omnem
853 5403 1010 5450 terra:
1044 5395 1230 5451 orbem
1263 5396 1475 5467 sibiipsi
1516 5401 1813 5455 scalicllum
1848 5402 2082 5471 faciat",

587 5587 628 5617 "‘
658 5587 814 5644 Joan.
891 5608 924 5653 ι,
991 5593 1038 5646 Ι.

1147 5595 1190 5626 τί
1234 5593 1274 5647 ΙΙ
1359 5594 1483 5651 Cor.
1552 5613 1629 5662 xz,
1689 5597 1719 5651 Ξ
1770 5613 1919 5668 seqq.

530 5658 574 5690 "
613 5658 714 5713 isa.
748 5674 888 5726 uri,
940 5663 982 5714 Ι.

2027 5601 2264 5659 "lichr.
2339 5621 2369 5672 I,
2440 5608 2490 5660 2.

2191 4592 2258 4644 τὰ
2307 4594 2479 4646 πάντα
2500 4639 2513 4660 ,
2563 4598 2591 4650 6
2628 4595 2871 4665 κατέχων
2909 4598 2998 4649 τὸν
3027 4595 3191 4668 γύρον
3223 4600 3319 4668 τῆς
3350 4598 3472 4668 γῆς,
3506 4599 3534 4650 6
3560 4599 3758 4669 διειλη-

2194 4681 2306 4751 φὼς
2333 4683 2423 4736 τὸν
2451 4686 2676 4756 οὐρανὸν
2705 4688 2973 4759 σπιθαμῇ,
3004 4691 3031 4742 6
3057 4688 3401 4759 περιμετρῶν
3430 4691 3493 4759 τῇ
3531 4691 3674 4758 χειρὶ
3701 4689 3761 4739 τὸ

2193 4773 2359 4847 ὕδωρ,
2391 4777 2419 4829 6
2442 4777 2933 4848 περιδεδραγμένος
2979 4779 3192 4832 πάντων
3223 4778 3332 4830 τῶν
3365 4779 3555 4838 ὄντων.
3610 4783 3640 4833 o'
3693 4779 3760 4831 ὲν

2190 4866 2452 4932 ὑψηλοῖς
2479 4868 2768 4937 κατοικῶν
2797 4869 2890 4923 καὶ
2913 4869 2980 4923 τὰ
3019 4869 3263 4924 ταπεινὰ
3286 4868 3538 4939 ἐφορῶν,
3565 4870 3758 4940 μᾶλλον

2191 4954 2248 5006 δὲ
2285 4956 2502 5024 ἐπιδὼν,
2526 4959 2611 5011 ἵνα
2633 4963 2828 5030 ποιήσῃ
2865 4963 3042 5013 πᾶσαν
3089 4964 3188 5032 τὴν
3221 4962 3544 5033 οἰκουμένην
3587 4960 3759 5030 ὲαυτῷ

2195 5045 2504 5110 ὑποπόδιον,
2543 5049 2619 5120 τῷ
2654 5049 2784 5121 ἴχνει
2815 5051 2906 5105 τοῦ
2947 5052 3117 5120 Λόγου
3149 5053 3549 5107 ὲντυπωοεῐσαν
3572 5071 3584 5083 ·
3616 5055 3758 5122 ἐνερ-

2192 5137 2344 5205 τείας
2382 5139 2492 5193 ἐστὶ
2521 5144 2775 5212 σφραγὶς,
2805 5146 2836 5214 ἡ
2867 5145 3046 5215 μορφὴ
3067 5144 3160 5197 τοῦ
3189 5145 3342 5198 Θεοῦ.
3369 5145 3582 5200 Οὐκοῦν
3616 5145 3758 5213 ἐνέρ-

2192 5230 2314 5295 γειά
2337 5233 2481 5284 ἐστιν
2499 5235 2526 5286 6
2549 5234 2699 5300 Θεὸς,
2729 5237 2827 5304 οὐχ
2857 5236 3170 5301 ὑπόστασις.
3197 5239 3304 5292 Καὶ
3325 5239 3428 5310 μὴν
3453 5238 3584 5291 αὐτὸ
3608 5236 3765 5290 τοῦτο

2191 5321 2556 5391 διερμηνεύων
2589 5324 2796 5394 φησὶνὸ
2829 5325 3057 5391 Παῦλος,
3083 5328 3163 5380 ὅτι
3205 5329 3492 5398 χαρακτήρ
3525 5328 3666 5379 ἐστιν
3697 5325 3755 5374 ού

2190 5415 2287 5482 τῆς
2309 5413 2606 5482 ἐνεργείας,
2641 5414 2774 5468 ἀλλά
2793 5416 2891 5486 τῆς
2914 5417 3262 5480 ὑποστάσεως
3282 5435 3295 5448 ·
3331 5418 3363 5489 ἢ
3394 5418 3451 5472 τὸ
3483 5417 3578 5488 τῆς
3605 5413 3755 5482 δόξης

2601 5608 2644 5640 ⁷³
2709 5609 2811 5666 lsa.
2877 5629 2984 5679 χι,
3051 5613 3129 5666 l2.
3208 5615 3252 5644 τ’
3315 5612 3457 5668 Psal.
3521 5627 3654 5675 ειη,
