4068 6148
301 311 397 365 541

1444 310 1720 365 CONTRA
1751 308 2153 373 EUNOMIUM,
2194 308 2319 362 LIB.
2361 312 2426 362 ll.

3460 310 3562 366 532

297 422 644 494 άταύγασμα
695 424 928 493 σφραγίς
972 425 1117 476 ἐστιν
1180 424 1459 496 ἐνεργείας
1503 427 1657 479 Θεοῦ.
1695 429 1757 479 Ὢ
1795 429 1866 497 τῆ

1995 425 2156 481 Verbi
2204 426 2449 495 vestigiis
2503 424 2847 493 impressum.
2905 424 3251 496 Operationis
3283 433 3371 483 est
3411 428 3563 499 sigil-

294 514 527 579 ἀσεϐοῦς
593 514 836 586 ἀμαθίας
860 533 871 544 ·
928 515 981 568 τί
1009 516 1170 587 μέσον
1215 518 1330 569 ἐστὶ
1372 518 1463 571 τοῦ
1501 518 1635 571 Θεοῦ
1667 520 1760 573 καὶ
1793 520 1889 587 τῆς

295 606 467 660 άῶίου
489 606 703 677 μορφῆς
728 624 741 671 ;
765 607 867 658 τίνι
886 606 938 659 δὲ
958 607 1303 676 μεσιτεύεταε
1318 608 1449 679 πρὸς
1471 609 1559 661 τὸν
1575 610 1891 679 χαρακτῆρα

296 699 495 768 ἑαυτῆς
524 699 556 769 ἡ
590 700 889 762 ὑπόστασις
916 716 929 763 ;
966 700 1017 751 τί
1048 700 1102 752 δὲ
1148 700 1350 769 μεταξὺ
1375 704 1573 753 νοεῖται
1608 701 1705 771 τῆς
1734 701 1891 771 δόξης

293 794 389 846 καὶ¹
431 792 525 845 τοῦ
589 793 1055 862 ἀπαυγάσματοςς
1105 793 1263 846 Ἀλλὰ
1307 793 1559 846 τοιούτων
1588 793 1756 845 ὄντων
1789 796 1884 845 καὶ

294 882 583 945 τοσούτων,
621 882 686 933 δι’
724 876 799 934 ὧν
848 882 907 933 τὸ
965 882 1248 951 μεγαλεῖον
1296 885 1731 953 ἁνακηρύσσεται
1788 884 1882 935 τοῦ

298 974 571 1027 Δεσπότου
602 975 699 1037 τῆς
744 974 994 1038 κτίσεως,
1034 974 1181 1045 παρὰ
1218 974 1326 1026 τῶν
1357 974 1800 1043 πεπιστευμένων
1823 976 1884 1026 se

296 1071 558 1137 κήρυγμα
579 1105 593 1126 ,
625 1060 713 1116 οἷα
746 1066 873 1135 περὶ
894 1066 1059 1118 αὑτοῦ
1093 1066 1421 1135 διεξέρχεται
1460 1066 1487 1116 ὁ
1510 1066 1605 1134 τῆς
1639 1066 1881 1117 ἀποστα-

295 1159 416 1220 σίας
474 1156 801 1227 πρόδρομος,
854 1157 904 1209 τί
955 1157 1136 1225 λέγει;
1183 1159 1272 1221 Ὡς
1324 1158 1547 1219 εἰκόνα,
1598 1157 1751 1226 φησι,
1784 1156 1881 1208 καὶ

294 1249 597 1317 σφραγῖδα
646 1246 843 1313 πάσης
889 1248 999 1315 τῆς
1029 1246 1135 1300 τοῦ
1200 1246 1683 1314 Παντοκράτορος
1724 1247 1884 1313 ἐνερ-

298 1340 463 1408 γείας
486 1339 582 1390 καὶ
611 1338 931 1407 δυνάμεως.
963 1340 1083 1401 Πῶς
1105 1338 1524 1409 παραγράφεται
1551 1338 1646 1399 τὰς
1670 1337 1761 1389 τοῦ
1785 1354 1881 1405 με-

297 1430 466 1497 γάλου
496 1428 697 1481 Παύλου
723 1431 934 1497 φωνάς;
966 1430 1171 1493 ἐκεῖνός
1190 1446 1372 1500 φησιν,
1404 1428 1634 1482 ὄτιΘεοῦ
1651 1427 1878 1497 δύναμίς

297 1522 450 1571 ἐστιν
493 1521 520 1572 ὁ
563 1519 709 1583 Υἱὸς,
763 1515 913 1582 οὗτος
943 1519 996 1571 δὲ
1046 1521 1211 1574 αὑτὸν
1250 1519 1515 1590 σφραγῖδα
1540 1519 1687 1586 λέγει
1716 1517 1875 1571 δυνά-

298 1626 462 1679 μεως,
498 1610 617 1678 οὐχὶ
645 1608 889 1678 δύναμιν.

1999 520 2130 584 lum,
2155 518 2247 573 Dei
2290 518 2483 571 forma.
2514 516 2681 587 Igitur
2721 518 2862 575 Deus
2890 528 2973 573 est
3001 520 3267 589 operatio,
3297 536 3404 575 non
3426 522 3559 575 sub-

1996 613 2217 664 stantia.
2252 606 2413 679 Atqui
2459 609 2518 663 D.
2553 610 2754 664 Paulus
2796 611 2899 665 hoc
2946 613 3122 680 ipsum
3167 613 3557 683 interpretans,
3640 642 3645 647 -

1992 704 2139 766 ait”,
2159 695 2454 755 Character
2470 711 2574 766 est,
2604 703 2653 755 id
2675 711 2757 755 est
2781 719 3039 772 expressa
3081 704 3278 774 imago,
3300 721 3407 758 non
3432 721 3560 774 ope-

1988 792 2225 844 rationis
2260 790 2352 844 sed
2385 790 2743 853 substantire;
2776 792 2859 843 vel
2892 792 3080 859 gloriae
3108 794 3365 861 splendor
3403 794 3558 864 sigil-

1986 882 2096 933 lum
2154 889 2237 933 est
2298 881 2633 948 operationis
2692 880 2805 935 Dei.
2860 880 2905 935 Ο
2964 882 3184 950 impiam
3240 884 3553 939 inscitiam!

1984 970 2254 1037 Quidnam
2288 979 2370 1023 est
2403 971 2641 1024 medium
2674 971 2815 1024 inter
2852 971 3017 1025 Deum
3054 981 3108 1026 et
3148 982 3404 1029 azternam
3445 974 3557 1029 for-

1984 1062 2167 1113 mam?
2202 1060 2239 1111 Α
2273 1076 2384 1127 quo
2410 1068 2589 1113 autem
2630 1062 2901 1113 mediatur
2928 1062 2994 1115 ad
3042 1062 3412 1117 characterem
3470 1063 3554 1118 sui

1984 1151 2157 1221 ipsius
2190 1151 2548 1204 substantia?
2573 1152 2846 1216 Quidnam
2867 1153 3187 1224 intelligitur
3206 1155 3553 1223 interjcctnm

1984 1244 2126 1296 inter
2154 1243 2380 1313 gloriam
2412 1250 2465 1295 et
2499 1242 2893 1311 splendorem?
2924 1243 3028 1298 Sed
3069 1261 3192 1298 cum
3226 1252 3304 1298 tot
3341 1258 3394 1298 et
3427 1245 3555 1299 talia

1985 1333 2113 1394 sint,
2153 1348 2247 1401 per
2279 1348 2398 1400 qua:
2449 1329 2793 1400 magnificum
2826 1330 3039 1385 Domini
3080 1342 3347 1387 creaturae
3377 1333 3444 1387 ab
3468 1332 3554 1388 his

1983 1422 2075 1491 qui
2140 1420 2498 1474 crediderunt
2553 1420 2881 1488 praedicatur
2938 1420 3266 1488 pratcouium
3299 1454 3312 1477 ν
3366 1420 3554 1491 qualia

1984 1512 2257 1580 percurrit
2288 1511 2354 1563 de
2391 1524 2455 1563 eo
2482 1508 2810 1563 defectionis
2847 1524 3176 1578 prmeursor.
3212 1511 3341 1580 quid
3373 1510 3546 1564 dicit?

1985 1594 2256 1666 Tanquam
2272 1598 2574 1666 imaginem,
2604 1600 2803 1669 inquit,
2838 1609 2888 1653 et
2942 1601 3174 1669 sigillum
3212 1603 3383 1655 omnis
3432 1618 3554 1671 ope—

295 1699 515 1751 rationis
550 1708 600 1751 et
640 1700 849 1751 virtutis
884 1696 1288 1765 Omnipotcntis.
1338 1696 1621 1762 Quomodo
1677 1694 1856 1763 magni
1896 1689 2047 1743 Pauli
2086 1704 2247 1742 voces
2302 1703 2584 1757 perperam
2662 1692 3012 1744 transcribit?
3071 1692 3161 1747 Ille
3234 1693 3332 1757 ait,
3402 1695 3549 1763 quod

295 1791 381 1844 Dei
414 1793 591 1845 virtus
622 1792 737 1845 site
771 1790 1007 1859 potentia
1038 1798 1122 1843 est
1170 1788 1359 1854 Filius,
1420 1789 1510 1845 hic
1558 1789 1734 1855 ipsum
1776 1784 2013 1855 sigillum
2038 1780 2257 1834 virtutis
2284 1790 2553 1845 autumat,
2590 1796 2697 1834 non
2732 1782 3014 1835 virtutem.

361 1880 471 1932 Καὶ
505 1880 667 1932 πάλιν
708 1876 1063 1931 ὲπαναλαόὼν
1099 1878 1189 1930 τὸν
1226 1877 1403 1945 λόγον,
1434 1872 1521 1929 οἷα
1557 1879 1669 1939 τοῖς
1701 1878 1853 1948 εἰρη-

2032 1870 2109 1924 Ac
2140 1885 2333 1924 rursus
2360 1871 2591 1939 repetito
2616 1886 2890 1936 sermone,
2928 1872 3108 1939 qualia
3143 1872 3226 1927 his
3252 1890 3372 1942 qua:
3403 1875 3548 1931 dicta

296 1969 475 2039 μένοις
502 1968 890 2039 προστίθησινς
929 1968 1228 2037 Σφραγῖδα
1257 1968 1403 2036 λέγει
1441 1966 1563 2020 τῶν
1600 1968 1705 2021 τοῦ
1740 1970 1861 2020 Πα-

294 2061 429 2127 τρός
466 2061 657 2128 ἔργων
686 2060 783 2112 καὶ
824 2058 1275 2127 βουλευμάτων.
1327 2058 1508 2120 Ποίοις
1548 2058 1728 2128 ἔργοις
1773 2057 1863 2110 τοῦ

296 2153 503 2222 Πατρός
540 2155 688 2205 ἐστιν
724 2153 946 2222 ὄμοιος;
990 2151 1081 2204 τὸν
1125 2151 1327 2221 κόσμον
1366 2151 1580 2214 πάντως
1609 2153 1742 2221 ὲρεῖ,
1775 2150 1865 2202 καὶ

293 2242 360 2295 τὰ
388 2245 444 2295 ἐν
472 2243 621 2313 αὑτῷ
654 2243 832 2296 πάντα
854 2260 867 2273 ο
906 2242 1037 2295 ἀλλὰ
1072 2242 1175 2313 μὴν
1207 2243 1385 2295 πάντα
1415 2240 1585 2294 ταῦτα
1631 2240 1721 2293 τοῦ
1756 2242 1867 2293 Μο-

292 2332 541 2400 νογενοῦς
593 2333 727 2404 ἔργα
779 2330 915 2387 εἶναι
981 2333 1040 2386 τὸ
1099 2334 1431 2400 Εῦαγγέλιον
1489 2332 1864 2403 ἐμαρτύρησε.

293 2421 470 2483 Ποίοις
517 2423 695 2474 τοίνυν
737 2422 917 2491 ἔργοις
964 2422 1057 2475 τοῦ
1111 2422 1322 2492 Πατρὸς
1364 2421 1651 2491 ώμοιώοη;
1691 2423 1863 2474 Τίνων

290 2510 507 2577 ἐγένετο
546 2511 719 2580 ἔργων
758 2511 1026 2581 σφραγίςς
1075 2512 1209 2563 Ποία
1247 2510 1303 2563 δὲ
1344 2509 1537 2581 Γραφὴ
1592 2507 1864 2579 σφραγῖδα

289 2600 396 2652 τῶν
443 2601 726 2670 πατρικῶν
769 2600 945 2671 ἔργων
995 2601 1155 2653 αὑτὸν
1192 2602 1669 2671 προσηγόρευσεν;
1716 2600 1777 2650 Εἰ
1804 2598 1863 2650 δέ

290 2708 374 2753 τις
418 2690 568 2759 αὐτῷ
618 2693 709 2743 καὶ
742 2691 898 2744 τοῦτο
940 2693 1056 2761 δοίη
1086 2733 1099 2754 ,
1127 2693 1187 2744 τὸ
1226 2693 1487 2746 πλάσσειν
1524 2692 1712 2759 λόγους
1744 2690 1864 2743 κατ’

302 2781 554 2846 ἐξουσίαν
582 2781 654 2842 ὡς
682 2782 922 2849 βούλεται
948 2800 960 2813 ·
998 2782 1102 2834 κᾶν
1145 2784 1176 2852 ἡ
1215 2781 1403 2852 Γραφὴ
1429 2780 1500 2851 μὴ
1526 2781 1860 2843 συντίθεται,

300 2871 513 2923 εἰπάτω
542 2873 664 2922 ποῖα
712 2872 798 2923 τοῦ
847 2873 1055 2942 Πατρός
1092 2874 1237 2924 ἐστιν
1277 2873 1411 2942 ἔργα
1440 2872 1547 2925 τῶν
1583 2871 1733 2942 παρὰ
1767 2869 1861 2923 τοῦ

302 2961 434 3014 Υἱοῦ
488 2963 777 3031 γεγονότων
828 2965 1222 3034 κεχωρισμένα,
1274 2962 1347 3017 ὧν
1417 2966 1682 3034 σφραγῖδα
1717 2963 1862 3031 λέγει

290 3051 385 3104 τὸν
446 3053 571 3105 Υἱὸν
609 3054 959 3123 γεγενῆσθαις
1002 3056 1175 3125 Ἔργα
1227 3055 1318 3107 τοῦ
1351 3055 1525 3124 Λόγου
1569 3055 1636 3107 τὰ
1682 3055 1851 3123 ὁρατὰ

291 3141 469 3195 πάντα
495 3142 589 3194 καὶ
609 3142 675 3194 τὰ
699 3144 926 3213 ἀόρατα·
955 3146 1011 3195 ὲν
1038 3147 1146 3206 τοῖς
1168 3144 1460 3216 ὁρωμένοις
1476 3147 1502 3196 ό
1526 3144 1725 3213 κόσμος
1741 3144 1864 3207 ὅλος

1962 1961 2075 2029 jam
2112 1960 2331 2015 fuerunt
2365 1960 2553 2013 addit?
2607 1956 2853 2030 Sigillum
2892 1962 3072 2016 Patris
3101 1980 3313 2032 operum
3354 1978 3401 2020 et
3439 1986 3549 2023 ver-

1965 2051 2148 2103 borum
2192 2060 2241 2103 et
2285 2052 2652 2105 consiliorum.
2703 2051 2913 2117 Quibus
2946 2057 3206 2123 operibus
3240 2059 3419 2113 Patris
3464 2071 3551 2115 est

1967 2141 2202 2195 similis?
2229 2141 2490 2194 mundum
2521 2142 2709 2210 procul
2741 2142 2908 2196 dubio
2935 2143 3096 2207 dicet,
3121 2153 3174 2198 et
3203 2141 3322 2215 quae
3350 2150 3403 2203 in
3429 2149 3547 2217 ipso

1967 2237 2095 2281 sunt
2121 2228 2324 2282 omnia.
2357 2226 2746 2281 Verumtamen
2773 2228 2886 2281 hth
2910 2231 3092 2283 omnia
3128 2232 3401 2303 Uulgeniti
3425 2252 3549 2290 esse

1966 2334 2133 2388 opera
2185 2318 2539 2388 Evangelium
2591 2326 2849 2373 testatur.
2907 2320 3118 2386 Quibus
3160 2324 3323 2393 igitur
3370 2326 3547 2381 Patris

1966 2410 2225 2478 operibus
2260 2410 2454 2464 similis
2482 2410 2658 2463 factus
2685 2420 2768 2465 est
2790 2412 2813 2464 ?
2836 2427 3068 2481 quorum
3094 2429 3319 2482 operum
3356 2416 3536 2473 factus

1965 2508 2050 2554 est
2096 2498 2533 2570 sigillum?Quaa
2582 2509 2763 2556 autem
2802 2500 3086 2572 Scriptura
3131 2507 3307 2574 ipsum
3355 2517 3539 2577 pater-

1968 2605 2164 2643 norum
2208 2605 2433 2659 operum
2476 2591 2720 2657 sigillum
2770 2596 3112 2649 nominavit?
3140 2596 3293 2661 Quod
3328 2600 3374 2653 si
3420 2601 3544 2669 quis

1969 2681 2071 2735 hoc
2108 2682 2272 2736 etiam
2319 2683 2587 2735 Eunomio
2617 2684 2851 2748 dederit,
2899 2688 3103 2757 tingere
3149 2704 3429 2745 sermones
3477 2692 3542 2744 ad

1967 2772 2176 2825 libitum
2200 2778 2364 2841 prout
2404 2773 2517 2842 ipse
2546 2775 2817 2831 voluerit.
2845 2778 3059 2831 etiamsi
3106 2779 3389 2849 Scriptura
3435 2799 3542 2837 non

1966 2861 2232 2916 concedat
2261 2862 2440 2915 :dieat
2483 2879 2671 2932 quaeso
2709 2880 2955 2934 quaenam
2985 2868 3162 2923 Patris
3209 2881 3337 2925 sunt
3380 2888 3543 2942 opera

1966 2954 2035 3007 ab
2067 2953 2152 3008 his
2181 2968 2302 3022 qua:
2330 2961 2459 3007 sunt
2497 2970 2525 3007 a
2554 2954 2691 3010 Filio
2722 2956 2863 3012 facta
2898 2968 3167 3027 separata,
3200 2976 3430 3030 quorum
3471 2964 3544 3017 si-

1966 3044 2154 3113 gilium
2188 3043 2321 3099 dicit
2358 3042 2553 3101 Filium
2586 3048 2793 3101 luisse?
2822 3034 2999 3117 Opera
3033 3046 3196 3106 Verbi
3238 3054 3418 3107 omnia
3454 3069 3544 3109 as-

1968 3136 2259 3205 pectabilia
2276 3143 2330 3190 et
2351 3138 2762 3205 inaspectabilia
2784 3158 2795 3191 :
2821 3140 2872 3192 in
2895 3141 2981 3195 his
3000 3157 3120 3211 quae
3139 3143 3244 3197 sub
3262 3153 3541 3214 aspectum

288 3232 464 3285 καὶτὰ
484 3234 540 3284 ὲν
566 3233 712 3302 αὐτῷ
738 3234 934 3295 πάντα,
960 3235 1016 3285 ὲν
1040 3236 1147 3295 τοῖς
1168 3234 1417 3303 άοράτοις
1442 3236 1472 3301 ἡ
1498 3233 1863 3303 ύπερκόσμιος

1970 3226 2192 3291 cadunt,
2222 3235 2373 3281 totus
2406 3227 2642 3283 mundus
2675 3237 2728 3282 et
2759 3245 2881 3298 quae
2921 3233 2976 3285 in
3024 3218 3143 3301 ipso
3184 3213 3542 3288 continentur

286 3323 463 3385 κτίσις
520 3326 654 3376 Ποῖα
695 3324 872 3375 τοίνυν
905 3324 1251 3376 ὑπολείπεται
1286 3324 1391 3387 ἔξω
1422 3324 1526 3376 τῶν
1559 3325 1851 3394 ὁρωμένων

284 3431 344 3466 τε
376 3412 468 3464 καὶ
488 3414 1211 3487 ἀοράτωιέργατοῦΠατρὸς
1244 3416 1327 3481 ἐφ’
1374 3414 1579 3467 ἑαυτῶν
1630 3415 1864 3485 θεωρού-

290 3520 450 3572 μενα,
486 3497 559 3556 ὧν
636 3504 909 3574 σφραγῖδα
941 3504 1086 3573 λέγει
1118 3504 1207 3557 τὸν
1240 3505 1363 3557 Υίὸν
1395 3504 1749 3573 γεγενῆσθαι;
1795 3506 1863 3557 Ἢ

283 3596 428 3663 τάχα
484 3595 644 3649 πάλιν
688 3596 780 3648 ἐπὶ
823 3596 912 3648 τὸν
956 3595 1163 3667 δυσώδη
1211 3598 1309 3666 τῆς
1360 3598 1621 3667 αἱρέσεως
1674 3596 1863 3665 ἔμετον

283 3686 546 3756 ἐπανήξει
576 3688 1097 3759 στενοχωρούμενος,
1126 3688 1221 3740 καὶ
1255 3688 1395 3753 λέξει
1420 3689 1577 3756 ἔργον
1602 3683 1737 3740 εἶναι
1764 3686 1857 3740 τοῦ

282 3778 500 3849 Πατρός
517 3780 607 3831 τὸν
630 3779 785 3839 Υἱόν;
813 3779 933 3841 Πῶς
957 3775 1049 3831 οῦν
1076 3780 1308 3848 σφραγὶς
1329 3780 1541 3846 γίνεται
1564 3779 1670 3830 τών
1690 3778 1863 3847 ἔργων

282 3868 492 3921 τούτων
520 3870 548 3920 ὀ
581 3869 725 3932 Υἱός
760 3870 929 3932 Αὐτὸς
960 3870 1055 3934 ὢν,
1089 3870 1162 3933 ὣς
1190 3888 1351 3942 φησιν
1381 3869 1560 3931 αὐτὸς,
1591 3869 1650 3921 τὸ
1674 3869 1851 3938 ἔργον,

284 3956 325 4025 ἢ
362 3957 453 4009 τὸν
487 3958 650 4010 αὑτὸν
680 3959 827 4026 λέγει
880 3961 971 4012 καὶ
1010 3961 1188 4029 ἔργον,
1225 3962 1317 4013 καὶ
1364 3960 1524 4030 ἔργου
1579 3961 1858 4028 ὁμοίωμα;

283 4048 534 4101 Δεδόσθω
580 4050 787 4103 ταῦτα’
822 4052 1028 4104 εἰπάτω
1076 4053 1143 4105 τὰ
1177 4053 1337 4105 λοιπᾶ
1371 4052 1504 4121 ἔργα
1528 4092 1542 4115 ,
1593 4045 1666 4103 ὦν
1716 4052 1862 4118 λέγει

284 4140 619 4210 δημιουργὸν
645 4140 735 4193 τὸν
781 4142 1018 4213 Πατέρα,
1050 4139 1130 4206 οἷς
1158 4147 1186 4197 ὁ
1220 4144 1344 4205 Υἱὸς
1379 4142 1636 4212 ὡμοιώθη
1657 4158 1668 4169 ·
1705 4143 1862 4212 εἴπερ

282 4231 375 4285 διὰ
410 4233 507 4301 τῆς
542 4233 835 4302 σφραγῖδος
861 4238 969 4286 νοεῖ
992 4235 1049 4287 τὸ
1076 4235 1341 4304 ὁμοίωμα.
1376 4236 1565 4297 Ποίους
1592 4235 1647 4287 δὲ
1674 4234 1862 4301 λόγους

286 4323 483 4386 ἇλὶους
513 4323 603 4377 τοῦ
632 4324 843 4392 Πατρός
864 4321 1004 4377 οἶδεν
1034 4328 1061 4378 ὁ
1084 4326 1361 4395 Εὑνόμιος,
1395 4326 1542 4397 παρὰ
1568 4326 1659 4378 τὸν
1693 4326 1778 4379 ἀεὶ
1803 4327 1860 4377 ἐν

287 4416 363 4484 τῷ
415 4418 587 4487 Πατρὶ
636 4418 763 4470 ὅντα
804 4419 992 4486 Λόγον,
1042 4418 1100 4470 ὃν
1140 4419 1405 4489 σφραγῖδα
1466 4416 1739 4487 ὀνομάζει,
1769 4416 1860 4467 τὸν

289 4508 498 4578 κυρίως
527 4511 620 4561 καὶ
648 4508 862 4579 ἀληθῶς
894 4510 990 4562 καὶ
1021 4510 1249 4581 πρώτως
1281 4510 1409 4564 ὄντα
1438 4527 1497 4562 τε
1540 4512 1633 4561 καὶ
1662 4510 1857 4578 ὀνομα-
1894 4542 1933 4595 D

288 4594 516 4666 ζόμενον
549 4600 716 4666 Λόγον
735 4614 750 4663 ;
771 4600 907 4669 Πρὸς
934 4603 1063 4653 ποῖα
1097 4600 1151 4652 δὲ
1181 4600 1519 4669 βουλεύματα
1554 4599 1737 4669 βλέπει
1762 4600 1860 4668 τῆς

290 4690 382 4741 τοῦ
419 4690 550 4742 Θεοῦ
587 4692 775 4759 σοφίας
824 4693 1233 4763 κεχωρισμένα,
1266 4691 1346 4755 οἷς
1375 4692 1651 4762 ὁμοιοῦται
1688 4694 1720 4761 ἡ
1764 4693 1857 4744 τοῦ

294 4779 432 4831 Θεοῦ
478 4781 658 4848 σοφία,
711 4784 945 4852 σφραγὶς
987 4784 1241 4853 γινομένη
1300 4782 1406 4836 τῶν
1458 4782 1857 4852 βουλευμάτωνς

300 4872 490 4941 Ὁρᾶτε
519 4873 575 4924 τὸ
601 4874 911 4943 ἀδιάκριτον
936 4877 1026 4927 καὶ
1056 4876 1455 4946 ἀπερίσκεπτον
1479 4874 1571 4926 καὶ
1594 4873 1858 4944 συρφετὸν

289 4962 380 5014 τοῦ
412 4962 590 5031 λόγου,
618 4960 705 5016 οἷα
731 4963 824 5017 τοῦ
854 4967 1148 5037 μυστηρίου
1178 4966 1611 5029 κατασκευάζει;
1641 4967 1792 5034 Μήτε
1821 4966 1856 5019 ἆ

290 5054 433 5121 λέγει
472 5057 854 5123 ἐπιστάμενος,
887 5058 1025 5127 μήτε
1061 5058 1187 5128 περὶ
1220 5058 1365 5118 τίνος
1394 5058 1535 5108 ποιεῖ
1558 5056 1647 5108 τὸν
1677 5056 1854 5123 λόγον.

300 5144 357 5195 ὐ
397 5143 503 5214 γὰρ
530 5146 647 5197 ὅλον
678 5146 816 5214 ἔχων
850 5148 907 5198 ἐν
938 5146 1115 5216 ἑαυτῷ
1151 5148 1242 5199 τὸν
1276 5148 1493 5216 Πατέρα
1517 5186 1533 5211 ,
1579 5148 1670 5199 καὶ
1697 5149 1754 5199 ἐν
1781 5147 1858 5217 τῷ

292 5236 461 5305 Πατρὶ
493 5238 612 5297 ὅλος
656 5237 753 5299 ὦν,
804 5238 877 5300 ὡς
911 5240 1079 5307 Λόγος
1119 5242 1212 5292 καὶ
1247 5239 1414 5309 Σοφία
1456 5240 1551 5291 καὶ
1589 5238 1815 5307 δύναμις
1840 5279 1854 5300 ,

290 5324 380 5377 καὶ
414 5327 643 5397 ἀλήθεια
690 5328 785 5379 καὶ
821 5330 1106 5400 χαρακτὴρ
1148 5332 1239 5383 καὶ
1284 5330 1657 5398 ἀπαύγασμα,
1702 5328 1862 5389 αὑτός

292 5418 433 5469 ἐστιν
480 5418 536 5469 ἐν
576 5419 653 5486 τῷ
701 5420 874 5488 Πατρὶ
913 5420 980 5471 τὰ
1020 5421 1221 5473 πάντα·
1268 5421 1366 5473 οὐκ
1396 5420 1569 5472 ἄλλων
1612 5418 1770 5471 τινών
1806 5420 1862 5469 ἐν

292 5508 365 5576 τῷ
399 5509 570 5579 Πατρὶ
606 5510 710 5579 πρὸ
737 5509 902 5564 αὑτοῦ
938 5510 1354 5581 Θεωρουμένων·
1390 5513 1551 5564 εἰκὼν
1578 5511 1860 5579 γινόμενος

298 5601 383 5652 καὶ
415 5602 651 5671 σφραγλς
681 5600 774 5653 καὶ
818 5602 1087 5673 ὁμοίωμα.
1123 5599 1248 5657 Εἶτα
1282 5604 1561 5676 χαρίζεται
1590 5602 1737 5673 αὐτῷ
1770 5600 1859 5653 τὴν

378 5767 418 5801 ⁷⁸
449 5776 618 5833 Hebr.
672 5794 714 5847 ι,
747 5778 808 5834 5.

1968 3318 2188 3371 omnia:
2248 3319 2303 3371 in
2354 3318 2440 3372 his
2476 3334 2600 3387 qua:
2654 3334 2875 3373 sensum
2924 3322 3205 3374 oculorum
3254 3323 3538 3393 elIugiunt,

1965 3411 2145 3464 omnis
2205 3410 2669 3478 supermundialis
2725 3420 2999 3464 creatura.
3060 3411 3319 3477 Qua-nam
3378 3414 3542 3486 igitur

1968 3510 2183 3555 restant
2215 3510 2368 3556 extra
2408 3518 2470 3557 ea
2520 3519 2641 3572 quae
2694 3504 3136 3574 conspiciuntur,
3174 3511 3227 3558 et
3268 3520 3389 3574 quae
3434 3521 3540 3559 non

1965 3594 2142 3648 oculis
2168 3602 2471 3648 cernuntur
2521 3595 2695 3650 Patris
2725 3611 2889 3664 opera
2939 3596 2991 3648 in
3025 3597 3222 3664 seipsis
3271 3606 3538 3665 spectata,

1964 3700 2195 3753 quorum
2246 3684 2334 3738 Dei
2388 3683 2583 3738 Filium
2616 3694 2865 3739 autumat
2916 3686 3087 3741 fuisse
3133 3688 3531 3755 sigillum?An

1964 3775 2197 3830 fortasse
2224 3776 2416 3830 iterum
2444 3777 2508 3829 ad
2535 3779 2936 3843 graveolentem
2968 3778 3239 3832 haereseos
3262 3779 3528 3839 vomitum

1964 3866 2161 3919 redibit
2194 3866 2247 3919 in
2278 3877 2490 3920 arctum
2536 3874 2866 3929 coarctatus,
2910 3876 2965 3921 et
2999 3868 3143 3922 dicet
3183 3866 3379 3922 Filium
3415 3884 3539 3924 esse

1963 3972 2101 4026 opus
2123 3957 2344 4012 Patris?
2372 3957 2647 4025 quomodo
2676 3959 2838 4029 igitur
2879 3959 3117 4029 sigillum
3165 3958 3361 4012 horum
3399 3975 3534 4028 ope-

1965 4064 2083 4102 rum
2126 4046 2361 4101 efficitur
2388 4047 2598 4105 Filius?
2628 4051 2746 4119 ipse
2780 4065 2904 4103 cum
2928 4050 3019 4114 sit,
3049 4050 3347 4111 utasserit,
3375 4065 3535 4119 opus,

1964 4155 2031 4194 an
2064 4141 2313 4195 eumdem
2345 4140 2476 4194 dicit
2506 4142 2669 4194 etiam
2701 4155 2843 4210 opus
2865 4149 2917 4195 et
2940 4142 3120 4209 operis
3140 4140 3539 4194 simulacrum?

1965 4232 2078 4285 hth
2109 4232 2306 4284 dentur
2347 4248 2358 4283 :
2400 4231 2547 4283 dicat
2598 4231 2806 4300 reliqua
2855 4246 3018 4300 opera
3079 4245 3311 4299 quorum
3364 4229 3535 4282 fabri-

1963 4328 2202 4373 catorem
2238 4326 2291 4371 et
2345 4319 2593 4386 Opificetn
2636 4315 2846 4371 Patrem
2882 4318 3129 4379 alIirmat,
3184 4317 3384 4383 quibus
3435 4316 3538 4370 fuit

1963 4411 2135 4465 Filius
2164 4410 2532 4464 assimilatus:
2562 4409 2828 4478 siquidem
2869 4424 2963 4478 per
2990 4409 3228 4478 sigillum
3286 4408 3536 4480 intelligit

1964 4503 2341 4559 simulacrum.
2371 4500 2628 4565 Qutenam
2676 4500 2782 4552 alia
2832 4500 2997 4553 verba
3031 4498 3207 4554 Patris
3240 4500 3393 4552 novit
3420 4499 3529 4553 En-

1967 4591 2187 4646 nomius
2221 4598 2416 4658 praeter
2452 4589 2581 4640 illud
2610 4588 2754 4656 quod
2791 4589 2843 4640 in
2868 4587 3027 4643 Patre
3050 4604 3264 4657 semper
3290 4597 3375 4642 est
3410 4588 3538 4644 Ver-

1966 4684 2117 4743 bum,
2159 4681 2301 4750 qnod
2334 4679 2568 4749 sigillum
2606 4677 3099 4746 nominat,proprie
3129 4686 3183 4730 et
3203 4692 3331 4732 vere
3348 4678 3537 4746 primi-

1963 4782 2051 4827 tus
2080 4773 2222 4843 quod
2260 4780 2342 4826 est
2369 4780 2422 4826 et
2453 4770 2770 4824 nominatur
2804 4767 3035 4822 Verbum
3058 4767 3174 4822 ?Ad
3203 4786 3322 4839 qua:
3352 4780 3534 4824 autem

1964 4865 2196 4920 consilia
2221 4863 2445 4929 respicit
2471 4877 2500 4914 a
2534 4860 2626 4914 Dei
2648 4860 2914 4929 sapientia
2935 4867 3185 4928 separata
3214 4875 3278 4915 ac
3298 4860 3534 4924 divulsa,

1962 4956 2161 5027 quibus
2180 4958 2236 5009 lit
2254 4954 2451 5009 similis
2472 4951 2562 5006 Dei
2593 4952 2882 5020 sapientia,
2900 4950 3038 5004 facta
3062 4949 3148 5005 Dei
3167 4952 3532 5006 cnnsiliormn
3626 4996 3635 5005 .

1963 5041 2231 5115 sigillum?
2258 5040 2450 5094 Videte
2483 5038 2811 5108 indigestam
2852 5047 3015 5107 atqtte
3058 5039 3534 5094 inconsideratam

1963 5136 2146 5189 faacem
2181 5145 2231 5187 et
2272 5130 2561 5187 collui‘iem
2592 5130 2879 5185 orationis.
2912 5130 3084 5197 Quale
3126 5131 3395 5184 construit
3426 5144 3538 5197 my-

1962 5223 2223 5279 sterium?
2249 5237 2423 5291 neque
2449 5236 2569 5289 quae
2585 5220 2716 5273 dicit
2740 5221 2941 5287 sciens,
2965 5236 3137 5290 neque
3154 5220 3350 5286 dequo
3373 5214 3535 5268 verba

1968 5316 2121 5370 facit.
2152 5314 2256 5379 Qui
2290 5314 2433 5368 enim
2468 5321 2641 5365 totum
2697 5312 2861 5365 habet
2905 5314 2957 5365 in
2997 5313 3181 5378 seipsn
3216 5306 3448 5367 Patrem,
3482 5313 3537 5359 et

1969 5409 2063 5477 qui
2102 5414 2251 5459 totus
2294 5412 2378 5460 est
2410 5408 2463 5457 in
2494 5402 2676 5466 Patre,
2712 5412 2770 5454 ut
2809 5402 3041 5454 Verbum
3073 5406 3125 5452 et
3159 5393 3438 5463 Sapientia
3481 5403 3536 5449 et

1968 5500 2167 5558 virtus,
2215 5505 2270 5550 et
2319 5496 2522 5549 veritas
2566 5503 2619 5549 et
2668 5493 2953 5545 character
2987 5496 3041 5542 et
3084 5486 3380 5556 splendor;
3422 5485 3536 5555 ipse

1967 5594 2134 5648 estin
2185 5588 2345 5643 Patre
2374 5587 2594 5642 omnia:
2646 5598 2770 5638 cum
2818 5596 2927 5634 non
2966 5581 3069 5634 alia
3116 5580 3168 5633 in
3203 5576 3363 5635 Patre
3410 5585 3537 5633 ante
