4054 6150
232 280 334 337 ὕαίὸ

1385 274 1660 332 CONTRA
1698 271 2081 340 EUNOMIUM,
2115 271 2240 330 LIB.
2284 273 2344 328 ll.

3375 280 3484 337 566'

233 388 617 465 βλασφημίαν,
653 388 720 442 δι’
764 387 929 457 αὐτῆς
978 387 1074 458 τῆς
1117 387 1211 440 τοῦ
1265 389 1470 460 Κυρίου
1519 387 1807 459 ὁμολογίας

1919 387 2204 456 phemiam,
2255 400 2352 455 per
2399 383 2538 442 hanc
2597 383 2770 454 ipsam
2801 383 3018 440 Domini
3077 385 3479 445 confessionem

232 480 640 553 κρατυνομένην
658 486 675 502 ⁸
697 478 877 531 τούτου
907 478 1062 548 χάριν
1085 480 1238 548 φησὶ,
1269 479 1380 533 Τὸν
1410 479 1502 532 ἐπ’
1535 477 1809 546 ἐσχάτων

231 573 353 626 τῶν
407 568 644 640 ἡμερῶν
685 569 1010 636 γενόμενον
1041 568 1377 636 ἄνθρωπον,
1425 571 1534 624 οὐκ
1584 569 1810 622 ἀναλα-

234 650 438 717 ϐόντα
471 664 578 716 τὸν
629 661 697 714 ἐκ
751 658 960 727 ψυχῆς
997 659 1093 713 καὶ
1145 659 1411 729 σώματος
1473 659 1805 727 ἄνθρωπον.

250 755 390 824 Ἐγὼ
418 755 474 807 δὲ
500 755 680 806 πᾶσαν
719 752 1210 823 διερευνησάμενος
1243 751 1340 820 τὴν
1369 751 1722 804 θεόπνευστόν
1749 767 1808 804 τε

237 848 332 902 καὶ
369 847 530 915 άγίαν
573 843 816 915 Γραφὴν,
856 844 952 912 οὐχ
980 845 1094 912 ὁρῶ
1134 842 1336 913 ταύτην
1364 842 1463 912 τὴν
1501 841 1682 912 φωνὴν
1713 843 1809 908 ὲγ-

241 935 657 1008 γεγραμμένην,
703 935 786 987 ὄτι
823 933 990 1004 μόνην
1019 933 1118 1003 τὴν
1156 934 1333 1004 σάρκα
1361 933 1483 1003 δίχα
1510 933 1685 1003 ψυχῆς
1705 971 1719 995 ,
1752 933 1815 1018 ἐν⁴

235 1026 318 1096 τῷ
345 1024 520 1094 καιρῷ
547 1023 647 1091 τῆς
667 1021 808 1076 κατὰ
834 1021 1118 1092 ἄνθρωπον
1134 1021 1464 1091 οἰκονομίας,
1486 1024 1513 1076 6
1539 1023 1605 1074 τὰ
1634 1023 1812 1075 πάντα

239 1118 472 1186 ποιήσας
504 1116 582 1176 εἰς
615 1112 806 1166 ἑαυτὸν
833 1113 1136 1176 ἀνεδέξατο.
1181 1115 1519 1181 Ἀναγκαίως
1545 1110 1636 1167 οὖν
1675 1115 1811 1184 πρός

238 1223 299 1260 τε
324 1205 417 1258 τὸν
447 1202 645 1257 σκοπὸν
668 1202 766 1272 τῆς
799 1203 1070 1274 σωτηρίας
1093 1205 1124 1273 ἡ
1135 1203 1249 1272 μῶν
1277 1203 1517 1272 βλέπων,
1548 1204 1642 1257 καὶ
1675 1203 1810 1274 πρὸς

238 1298 309 1352 τά
335 1297 580 1366 δόγματα
607 1295 713 1348 τῶν
734 1295 1013 1365 Πατέρων,
1032 1297 1125 1348 καὶ
1148 1295 1283 1365 πρὸς
1308 1294 1405 1356 τὰς
1427 1294 1812 1357 θεοπνεύστους

242 1388 458 1458 φωνὰς,
493 1387 588 1456 τὴν
623 1387 680 1438 ἐν
726 1385 805 1456 τῷ
851 1387 1006 1456 μέρει
1051 1384 1222 1455 τούτῳ
1267 1383 1811 1452 κατασκευαζομένην

239 1476 497 1530 ἀσέϐειαν
546 1474 816 1543 διελέγξαι
881 1473 1232 1545 πειράσομαι.
1276 1468 1478 1524 Ἦλθεν
1529 1474 1556 1524 6
1611 1472 1812 1542 Κύριος

242 1568 476 1638 ζητῆσαι
526 1566 620 1618 καὶ
669 1566 838 1618 σῶσαι
887 1564 947 1616 τὸ
997 1563 1274 1626 ἀπολωλός
1298 1580 1311 1592 ·
1363 1560 1609 1615 ἀπώλετο
1647 1561 1704 1614 δὲ
1750 1562 1812 1614 οὐ

242 1659 436 1729 σῶμα,
471 1657 585 1710 ἀλλ’
619 1656 738 1720 ὅλος
771 1655 799 1706 6
831 1654 1117 1726 ἄνθρωπος
1160 1654 1268 1707 ἀπὸ
1295 1653 1471 1724 ψυχῆς
1505 1669 1814 1722 συγκεκρα-

1910 475 2289 531 conﬁrmatam
2319 494 2332 530 :
2361 473 2523 542 hujus
2553 475 2631 528 rei
2685 475 2861 543 gratia
2893 474 3048 538 dicit,
3116 491 3232 530 eum
3283 479 3375 548 qui
3421 482 3480 534 in

1909 565 2205 621 novissimis
2234 565 2414 617 diebus
2448 563 2620 632 [actus
2649 575 2727 618 est
2759 564 2945 629 homo,
2981 583 3085 620 non
3131 569 3482 636 assumpsisse

1909 658 2168 712 hominem
2201 656 2380 708 anima
2423 663 2472 708 et
2521 671 2733 724 corpore
2786 665 3132 710 constantem.
3177 657 3288 728 Ego
3351 674 3480 714 vero

1911 762 2131 804 omnem
2165 745 2431 802 divinitus
2461 746 2781 814 inspiratam
2812 753 2866 800 et
2895 760 3106 801 sacram
3141 747 3480 817 Scripturam

1911 847 2311 908 perscrutatus,
2349 839 2489 892 hanc
2543 851 2731 891 vocem
2794 837 3054 906 scriptam
3127 853 3233 892 non
3287 840 3478 906 video,

1911 931 2055 1000 quod
2103 930 2274 985 solam
2326 943 2547 983 carnem
2601 928 2808 996 absque
2863 928 3067 994 anima,
3124 929 3178 983 in
3237 937 3482 1000 tempore

1913 1017 2212 1073 secundum
2246 1017 2520 1073 hominem
2556 1016 2982 1086 dispensationis
3010 1017 3102 1087 qui
3133 1020 3314 1073 omnia
3352 1019 3482 1077 fecit

1913 1108 1967 1161 in
2005 1108 2246 1177 seipsum
2273 1107 2614 1174 assumpsit;
2663 1109 2980 1162 necessario
3030 1108 3196 1178 igitur
3240 1111 3305 1165 ad
3361 1126 3485 1167 sco-

1912 1213 2038 1268 pum
2087 1198 2281 1253 salutis
2320 1208 2520 1253 nostrae
2566 1197 2887 1267 respiciens,
2917 1207 2972 1253 et
3001 1201 3065 1253 ad
3098 1199 3321 1255 Patrum
3384 1203 3476 1259 de-

1912 1298 2081 1350 creta,
2119 1297 2174 1343 et
2227 1288 2295 1342 ad
2327 1289 2590 1344 divinitus
2650 1289 2861 1344 amatas
2898 1304 3061 1345 voces
3109 1301 3482 1348 constructam

1915 1379 1966 1432 in
2007 1380 2107 1431 hac
2142 1387 2296 1449 parte
2335 1379 2666 1449 impietatem
2711 1380 3040 1449 redarguere
3083 1383 3346 1437 conabor.
3378 1382 3484 1439 Ve-

1916 1470 1998 1525 nit
2038 1469 2299 1528 Dominus
2351 1481 2408 1526 ut
2439 1479 2705 1540 quaereret
2733 1481 2788 1526 et
2837 1474 3046 1527 salvum
3099 1471 3303 1529 faceret
3338 1475 3484 1544 quod

1915 1559 2170 1627 perierat.
2223 1558 2464 1614 Perierat
2507 1571 2684 1615 autem
2734 1576 2839 1615 non
2892 1577 3126 1631 corpus,
3180 1563 3276 1618 sed
3337 1573 3490 1620 totus

1914 1652 2078 1705 homo
2107 1669 2170 1707 ex
2206 1657 2387 1709 anima
2417 1663 2882 1726 contemperatus.
2946 1656 3011 1710 Et
3071 1659 3117 1712 si
3189 1659 3366 1714 verius
3399 1659 3483 1714 lo-

244 1751 422 1822 μένος.
460 1751 570 1804 Καὶ
598 1750 646 1802 εἰ
669 1747 774 1819 χρὴ
816 1749 903 1802 τὸν
937 1747 1296 1818 ἀληθέστερον
1317 1748 1488 1798 εἰπεῖν
1521 1744 1695 1811 λόγον,
1721 1742 1813 1796 τοῦ

1919 1744 2192 1812 quendum
2223 1753 2326 1811 est,
2361 1757 2487 1801 ante
2541 1762 2746 1817 corpus
2803 1749 2984 1802 anima
3027 1750 3284 1818 perierat.
3346 1749 3486 1804 Nam

243 1842 491 1912 σώματος
513 1843 546 1911 ή
571 1840 718 1911 ψυχὴ
745 1837 1119 1910 προαπώλετο.
1164 1839 1227 1890 Ἠ
1253 1837 1358 1906 γὰρ
1389 1834 1661 1906 παρακοὴ,
1684 1851 1810 1904 προ-

241 1935 523 2005 αιρέσεως,
549 1934 609 1985 ού
639 1933 910 2002 σώματος,
938 1930 1179 2001 ἁμαρτία
1201 1931 1347 1982 ἐστίν
1372 1947 1382 1958 ·
1413 1928 1539 1980 ἴδιον
1561 1928 1615 1979 δὲ
1638 1927 1814 1997 ψυχῆς

243 2027 276 2095 ἡ
307 2025 623 2096 προαίρεσις
645 2065 662 2091 ,
694 2025 786 2092 ἀφ’
827 2020 894 2094 ἦς
930 2023 1078 2074 πᾶσα
1107 2023 1140 2092 ὴ
1182 2021 1278 2090 τῆς
1313 2019 1528 2088 φύσεως
1559 2018 1814 2090 συμφορὰ.

241 2115 340 2187 τὴν
378 2115 550 2185 ἀρχὴν
581 2115 736 2184 ἔσχεν
755 2131 768 2144 ·
830 2114 905 2176 ώς
940 2116 1209 2184 μαρτυρεί
1245 2115 1357 2177 τοῖς
1383 2113 1559 2181 λόγοις
1589 2114 1620 2182 ἡ
1647 2113 1816 2182 ἀψευο

240 2205 336 2277 δὴς
366 2207 456 2259 τοῦ
501 2204 636 2258 Θεοῦ
669 2204 865 2275 ἀπειλὴ
887 2214 900 2230 ⁸
935 2202 1017 2255 ὅτι
1071 2207 1128 2256 ἐν
1231 2203 1296 2256 ἂν
1328 2204 1516 2273 ἡμέρα
1567 2203 1674 2256 τῶν
1705 2206 1816 2255 ἁπ-

244 2296 629 2368 ηγορευμένων
651 2296 914 2364 ἅψωνται,
939 2294 1313 2364 ἁνυπερθέτως
1327 2293 1726 2364 συναφθήσεται
1748 2295 1816 2363 τῇ

246 2386 445 2460 βρώσει
471 2391 497 2440 6
527 2388 774 2449 Θάνατος.
827 2384 1022 2438 Διπλοῦ
1045 2386 1099 2438 δὲ
1127 2385 1277 2450 ὄντος
1311 2385 1404 2438 τοῦ
1430 2384 1817 2456 ἀνθρωπιίν]ου

246 2478 655 2548 συγκράματος,
688 2475 1033 2546 καταλλήλως
1070 2475 1189 2530 καθ’
1222 2477 1478 2546 ἑκάτερον
1512 2476 1819 2544 ἐνεργεῖται

243 2570 272 2622 6
302 2571 551 2635 θάνατος,
596 2568 695 2637 τῆς
723 2566 916 2636 διπλῆς
947 2566 1090 2635 ζωῆς
1121 2565 1448 2634 ἐνεργούσης
1489 2565 1568 2635 τῷ
1601 2581 1821 2634 νεκρου-

248 2659 393 2729 μένῳ
420 2658 518 2727 τὴν
558 2656 830 2727 στέρησιν.
861 2653 1118 2724 Σώματος
1157 2653 1254 2722 μὲν
1283 2657 1390 2724 γάρ
1419 2655 1534 2705 ἐστι
1571 2652 1816 2715 θάνατος,

245 2751 279 2817 ἡ
310 2749 418 2801 τῶν
453 2746 821 2816 αἰσθητηρίων
858 2745 1040 2807 σϐέσις
1064 2784 1079 2806 ,
1111 2745 1206 2797 καὶ
1240 2746 1273 2814 ἡ
1310 2745 1446 2814 πρὸς
1473 2744 1538 2797 τὰ
1577 2745 1813 2816 συγγενῆ

243 2841 348 2894 τῶν
395 2839 674 2907 στοιχείων
707 2837 965 2897 διάλυσις.
1016 2835 1190 2903 Ψυχὴ
1224 2835 1299 2899 δὲ,
1343 2835 1526 2904 φησὶν,
1556 2835 1593 2902 ἡ
1635 2837 1819 2904 ἀμαρ-

247 2930 540 2992 τὰνουσα,
577 2926 730 2994 αὐτὴ
764 2924 1166 2979 ἀποθανεῖται.
1214 2924 1482 2994 Ἂμαρτία
1510 2925 1568 2978 δέ
1607 2927 1754 2979 ἐστιν
1788 2927 1821 2995 ἡ

246 3021 336 3074 τοῦ
379 3019 516 3072 Θεοῦ
551 3018 935 3088 ἁλλοτρίωσις,
981 3017 1038 3078 ὅς
1079 3017 1224 3067 ἐστιν
1273 3016 1306 3086 ἡ
1351 3015 1575 3086 ἀληθινή
1619 3033 1679 3068 τε
1728 3016 1821 3068 καὶ

1915 1835 2305 1899 inohedientia,
2347 1838 2632 1893 electionis
2671 1839 2786 1894 sive
2824 1840 3143 1904 voluntatis,
3198 1856 3306 1895 non
3368 1857 3482 1896 cor-

1914 1926 2063 1996 poris
2098 1939 2381 1996 peccatum
2413 1939 2518 1984 est.
2548 1929 2770 1999 Propria
2816 1940 2901 1985 est
2936 1940 3117 1986 autem
3149 1932 3345 1987 animae
3374 1933 3490 1988 ele-

1915 2018 2044 2080 ctio,
2086 2033 2117 2071 a
2155 2033 2259 2086 qua
2310 2022 2488 2074 omnis
2546 2030 2756 2075 natura:
2801 2023 3086 2079 calamitas
3148 2024 3477 2093 principium

1916 2107 2126 2172 habuit,
2178 2119 2236 2162 ut
2291 2110 2475 2164 verbis
2509 2119 2739 2164 testatur
2779 2111 3199 2182 haudquaquam
3252 2114 3487 2169 mendax

1917 2195 2010 2251 Dei
2051 2199 2350 2263 minitatio,
2393 2201 2536 2268 quod
2583 2202 2640 2255 in
2675 2219 2783 2270 quo
2807 2202 2894 2256 die
2935 2203 3236 2271 prohibitos
3275 2204 3490 2259 fructus

1918 2289 2210 2359 tetigerint,
2249 2294 2367 2346 sine
2398 2295 2748 2349 cunctatione
2788 2295 2905 2348 esui
2959 2309 3108 2349 mors
3163 2296 3482 2350 cohaerebit.

1916 2379 2050 2435 Cum
2081 2392 2261 2436 autem
2293 2387 2362 2438 sit
2410 2384 2609 2454 duplex
2662 2385 2896 2440 hominis
2935 2387 3319 2455 compositum,
3355 2402 3489 2442 con-

1918 2480 2173 2541 gruenter
2205 2474 2258 2526 in
2288 2483 2581 2544 utrumque
2623 2491 2771 2531 mors
2803 2477 3037 2546 duplicis
3101 2479 3223 2531 vita:
3258 2494 3487 2534 munere

1921 2562 2200 2632 iungentis
2230 2581 2333 2620 suo
2364 2567 2412 2620 ei
2445 2568 2539 2636 qui
2564 2568 2798 2621 moritur
2821 2569 3181 2638 privationem
3206 2578 3496 2638 Operatur:

1920 2655 2170 2722 corporis
2203 2656 2420 2724 quidem
2474 2673 2624 2713 mors
2678 2667 2784 2722 est,
2843 2674 3106 2714 sensuum
3157 2662 3491 2715 instrumen-

1923 2752 2098 2798 torum
2131 2748 2448 2810 cxstinctio,
2478 2755 2531 2802 ct
2568 2749 2621 2802 in
2657 2758 2883 2820 cognata
2930 2751 3198 2806 elementa
3251 2753 3490 2808 dissolu-

1922 2837 2016 2890 tio.
2048 2837 2242 2890 Anima
2274 2847 2481 2903 autem,
2514 2840 2710 2910 inquit,
2752 2858 2868 2911 qum
2887 2846 3204 2910 peccauerit,
3233 2845 3347 2912 ipsa
3378 2861 3491 2899 mo—

1923 2929 2087 2982 rietur
2121 2930 2188 2980 7°.
2217 2928 2504 2985 Peccatum
2543 2941 2720 2985 autem
2755 2945 2839 2988 est
2887 2949 2915 2986 a
2951 2933 3060 2988 Deo
3089 2937 3361 3000 alienatio,
3394 2937 3490 3006 qui

1923 3027 2006 3072 est
2039 3034 2165 3072 vera
2196 3020 2422 3089 solaque
2453 3021 2580 3076 vita.
2613 3021 2806 3077 Multas
2842 3023 3009 3092 igitur
3038 3039 3307 3079 annorum
3362 3041 3490 3080 cen-

252 3114 387 3184 μόνη
419 3111 549 3180 ζωή.
586 3108 796 3162 Οὐκοῦν
829 3105 1028 3170 πολλὰς
1060 3107 1196 3159 ἐτῶν
1231 3107 1594 3170 ἑκατοντάδας
1617 3107 1817 3160 ἐπεϐίω

1921 3110 2096 3164 turias
2127 3117 2252 3178 post
2285 3111 2793 3179 praevaricationem
2838 3111 3065 3182 insuper
3117 3114 3250 3168 vixit
3309 3126 3492 3182 proto-

251 3203 388 3274 μετὰ
413 3203 510 3273 τὴν
552 3201 834 3270 παρακοὴν
862 3199 891 3250 6
926 3198 1365 3268 πρωτόπλαστος,
1385 3199 1497 3251 ἀλλ’
1519 3201 1546 3251 ὁ
1567 3198 1697 3261 Θεὸς
1720 3199 1820 3251 οὐκ

247 3293 510 3364 ἐψεύσατο
553 3291 719 3345 εἰπών
745 3310 756 3322 ·
794 3292 891 3343 Ἑν
918 3285 957 3362 ᾗ
991 3289 1066 3342 ἂν
1096 3289 1285 3358 ἡμέρᾳ
1311 3289 1554 3359 φάγητε,
1589 3290 1820 3353 θανάτῳ

248 3383 665 3440 ἀποθανεῖσθε.
703 3381 801 3435 Διὰ
829 3380 936 3450 γὰρ
965 3380 1058 3433 τοῦ
1094 3380 1516 3452 ἀλλοτριωθῆναι
1541 3382 1700 3435 αὑτὸν
1723 3382 1821 3452 τῆς

248 3476 418 3537 ὅντως
447 3474 589 3544 ζωῆς
613 3512 628 3537 ,
673 3471 982 3543 αὐθημερὸν
1025 3469 1276 3541 ἐκυρώθη
1307 3473 1425 3524 κατ’
1473 3472 1634 3524 αὑτοῦ
1660 3473 1692 3542 ἡ
1727 3471 1818 3524 τοῦ

250 3568 476 3622 θανάτου
509 3566 801 3633 ἀπόφασις.
845 3564 997 3617 Μετὰ
1041 3563 1214 3616 ταῦτα
1258 3563 1314 3615 δὲ
1350 3563 1560 3634 χρόνοις
1594 3563 1819 3633 ὕστερον

250 3657 342 3712 καὶ
366 3659 395 3710 6
421 3655 728 3727 σωματικὸς
747 3653 826 3723 τῷ
860 3651 1030 3722 Ἀδὰμ
1055 3651 1456 3722 ἐπηκολούθησε
1481 3652 1725 3715 θάνατος.
1762 3653 1820 3705 '0

247 3747 425 3800 τοίνυν
475 3746 560 3799 διὰ
605 3746 762 3798 τοῦτο
809 3744 1000 3809 ἐλθὼν,
1036 3744 1122 3797 ἵνα
1161 3742 1372 3816 ζητήσῃ
1425 3745 1519 3797 καὶ
1568 3743 1714 3814 σώσῃ
1762 3743 1822 3796 τὸ

249 3835 546 3900 ἀπολωλὸς,
577 3836 712 3905 ὅπερ
743 3835 802 3887 ὲν
838 3837 902 3906 τῇ
934 3833 1222 3906 παραϐολῇ
1254 3835 1282 3887 6
1313 3834 1514 3904 ποιμὴν
1552 3832 1822 3903 πρόϐατον

248 3926 505 3997 ὀνομάζει
531 3941 543 3953 °
579 3925 672 3978 καὶ
708 3924 952 3995 εὑρίσκει
985 3924 1046 3975 τὸ
1094 3923 1372 3986 ἀπολωλὸς
1401 3964 1416 3990 ,
1451 3924 1545 3976 καὶ
1580 3923 1822 3992 ἀναλαμ-

248 4015 403 4074 ϐάνει
434 4017 528 4070 ἐπὶ
560 4015 668 4069 τῶν
702 4016 846 4069 ἰδίων
873 4014 1038 4084 ὤμων
1067 4015 1186 4068 ὅλον
1215 4014 1276 4068 τὸ
1304 4014 1592 4084 πρόϐατον,
1627 4016 1686 4068 οὐ
1724 4016 1820 4086 μό-

249 4126 346 4178 νην
373 4107 472 4181 τὴν
504 4107 596 4160 τοῦ
634 4106 906 4178 προϐάτου
938 4107 1128 4179 δοράν·
1174 4109 1259 4160 ἵνα
1289 4108 1472 4177 ἄρτιον
1500 4111 1702 4181 ποιήσῃ
1730 4109 1822 4162 τὸν

248 4197 340 4252 τοῦ
371 4198 507 4252 Θεοῦ
534 4197 846 4269 ἄνθρωπον,
877 4197 964 4250 διὰ
992 4198 1170 4269 ψυχῆς
1193 4215 1252 4250 τε
1281 4199 1374 4251 καὶ
1411 4197 1661 4268 σώματος
1690 4201 1822 4252 ἀνα-

251 4290 521 4360 κραθέντα
552 4289 688 4360 πρὸς
717 4289 814 4360 τὴν
840 4287 1089 4356 θεότητα.
1122 4289 1231 4342 Καὶ
1258 4288 1430 4352 οὕτως
1457 4289 1606 4342 οὐδὲν
1638 4289 1820 4360 ἀφῆκε

251 4381 350 4450 τῆς
373 4380 591 4450 φύσεως
623 4379 777 4451 ἡμῶν
805 4378 833 4431 ὃ
862 4379 961 4432 οὐκ
991 4379 1249 4432 ἀνέλαϐεν
1286 4381 1314 4432 6
1348 4379 1488 4434 κατὰ
1517 4381 1695 4434 πάντα
1724 4398 1821 4433 πε-

251 4470 580 4540 πειραμένος
613 4469 731 4523 καθ’
766 4469 1056 4540 ὁμοιότητα
1081 4510 1092 4529 ,
1128 4469 1296 4539 χωρὶς
1329 4470 1622 4541 ἁμαρτίας.
1671 4473 1734 4524 Ἥ
1761 4471 1820 4525 δὲ

249 4561 394 4631 ψυχὴ
427 4560 674 4632 ἁμαρτία
706 4561 804 4613 οὐκ
843 4559 1010 4624 ἐστιν,
1037 4559 1172 4613 ἀλλὰ
1209 4559 1429 4631 δεκτικὴ
1453 4561 1725 4634 ἁμαρτίας
1762 4562 1822 4626 ἐξ

252 4654 511 4718 ἀϐουλίας
530 4653 749 4722 ἐγένετο
767 4691 780 4716 ,
808 4652 874 4722 ἣν
899 4651 987 4704 διὰ
1013 4650 1172 4704 τοῦτο
1203 4651 1423 4719 ἁγιάζει
1461 4651 1548 4705 διὰ
1570 4653 1668 4722 τῆς
1689 4653 1826 4723 πρὸς

254 4744 444 4798 ἑαυτὸν
489 4743 846 4814 ἀνακράσεως
865 4761 879 4774 ο
909 4743 995 4796 ἵνα
1021 4745 1087 4814 τῇ
1117 4743 1336 4813 ἀπαρχῇ
1375 4741 1494 4794 ὅλον
1519 4741 1824 4816 συναγιάσῃ

249 4835 312 4890 τὸ
333 4835 583 4906 φύραμα.
620 4829 696 4889 υῦ
728 4835 885 4905 χάριν
919 4835 1064 4887 καὶὸ
1095 4833 1322 4902 ἄγγελος
1354 4833 1570 4904 μηνύων
1593 4833 1669 4904 τῷ
1710 4835 1823 4886 Ἰω-

253 4927 364 5000 σὴφ
384 4928 486 4998 τὴν
522 4927 627 4980 τῶν
660 4926 869 4998 ἐχθρῶν
912 4925 1005 4979 τοῦ
1050 4926 1254 4997 Κυρίου
1295 4924 1602 4991 ἀπώλειαν,
1631 4926 1819 4994 φησὶν,

251 5019 334 5070 ὅτι
365 5017 736 5084 Τεθνήκασιν
757 5020 810 5070 οἱ
835 5015 1146 5085 ζητοῦντες
1174 5014 1290 5083 τὴν
1317 5014 1531 5085 ψυχὴν
1556 5015 1662 5068 τοῦ
1688 5029 1844 5068 παι--

251 5107 406 5162 δίου.
433 5107 544 5160 Καὶ
583 5109 611 5159 6
645 5106 848 5177 Κύριος
881 5104 1018 5176 πρὸς
1049 5105 1175 5168 τοὺς
1211 5104 1493 5167 Ἰουδαίους
1536 5103 1703 5172 λέγει,
1739 5105 1821 5157 ὅτι

249 5200 489 5268 Ζητεῖτέ
507 5216 580 5269 με
600 5197 965 5262 ἀποκτεῖναι,
991 5196 1306 5265 ἄνθρωπον
1326 5194 1392 5260 ὃς
1413 5194 1525 5263 τὴν
1537 5193 1825 5260 ἀλήθειαν

248 5291 394 5360 ὑμῖν
433 5289 777 5358 lucanica;
830 5289 1147 5359 Ἀνθρωπος
1186 5287 1242 5340 δὲ
1289 5287 1352 5340 τὸ
1395 5287 1488 5340 τοῦ
1533 5285 1816 5357 ἀνθρώπου

250 5379 414 5450 σῶμα
433 5379 495 5432 οὐ
518 5379 754 5447 λέγεται,
779 5378 914 5433 ἀλλὰ
932 5378 993 5430 τὸ
1010 5377 1068 5444 ἐξ
1091 5375 1414 5448 ἀμφοτέρων
1445 5376 1821 5448 συγκείμενον.

248 5473 362 5527 Καὶ
390 5473 554 5526 πάλιν
589 5472 722 5542 φησὶ
749 5471 884 5542 πρὸς
917 5471 1136 5532 αὐτοὺς,
1165 5469 1245 5521 ὅτι
1281 5467 1436 5537 Ἐμοὶ
1457 5465 1697 5536 χολᾶτε,
1735 5467 1824 5523 ὅτι

1923 3200 2129 3269 plastus
2160 3201 2342 3265 homo,
2387 3201 2480 3256 sed
2513 3200 2656 3255 Deus
2680 3218 2788 3256 non
2827 3212 2910 3258 est
2947 3207 3205 3260 mentitus
3237 3223 3360 3260 cum
3407 3207 3490 3262 di-

1923 3290 2002 3342 xit
2038 3306 2051 3340 :
2086 3289 2152 3343 In
2182 3307 2286 3358 qua
2311 3291 2394 3344 die
2423 3291 2773 3356 comederitis,
2811 3303 2975 3347 morte
3001 3297 3313 3350 moriemini.
3352 3297 3490 3352 Pro-

1921 3392 2104 3450 pterea
2131 3384 2280 3436 enim
2318 3387 2462 3453 quod
2497 3385 2767 3440 alienatus
2795 3384 2898 3440 fuit
2947 3393 3002 3440 et
3034 3402 3258 3442 aversus
3297 3390 3411 3457 ipse
3459 3405 3490 3443 a

1920 3489 2048 3528 vera
2082 3475 2192 3527 vita
2220 3515 2234 3539 ,
2265 3475 2384 3543 ipso
2428 3475 2514 3530 die
2561 3476 2773 3529 ﬁrmata
2825 3484 2879 3530 et
2926 3485 3037 3530 rata
3100 3476 3198 3531 fuit
3229 3481 3489 3535 adversus:

1922 3580 2044 3620 eum
2075 3566 2268 3620 mortis
2293 3568 2586 3621 sententia.
2611 3565 2806 3621 Postea
2843 3581 2973 3621 vero
2998 3567 3304 3623 [abeuntihus
3332 3573 3492 3626 annis

1922 3669 2070 3708 mors
2091 3656 2393 3724 corporalis
2427 3655 2692 3714 Adamum
2721 3669 3016 3712 consecuta
3047 3666 3150 3712 est.
3183 3658 3286 3724 Qui
3323 3661 3492 3729 igitur

1923 3753 2148 3813 propter
2188 3746 2294 3799 hoc
2327 3747 2495 3808 venit.
2529 3753 2590 3799 ut
2619 3757 2889 3815 quareret
2945 3758 3000 3802 et
3050 3759 3292 3804 servaret
3344 3751 3494 3821 quod

1924 3836 2182 3904 perierat,
2230 3835 2282 3890 id
2318 3839 2464 3906 quod
2500 3837 2554 3890 in
2588 3837 2849 3905 parabola
2899 3847 3086 3906 pastor
3118 3853 3271 3893 ovem
3311 3843 3491 3897 nomi-

1927 3935 2020 3980 nat
2071 3945 2086 3980 :
2119 3935 2173 3983 et
2207 3927 2414 3982 invenit
2445 3927 2588 3998 quod
2637 3929 2907 3998 perierat,
2952 3938 3006 3985 et
3056 3944 3220 4000 super
3252 3931 3497 3988 bmneris

1923 4017 2037 4070 suis
2068 4023 2231 4070 totam
2263 4017 2496 4072 assumit
2528 4033 2707 4083 orem,
2740 4035 2851 4074 non
2883 4020 3055 4076 solam
3102 4021 3220 4075 ovis
3258 4022 3493 4090 pellem:

1924 4115 1982 4160 ut
2009 4107 2276 4176 integrum
2315 4107 2407 4162 Dei
2446 4108 2724 4164 hominem
2758 4109 3009 4163 redderet
3043 4111 3226 4164 animo
3269 4117 3324 4163 et
3369 4124 3488 4163 cor-

1923 4209 2054 4264 pore
2085 4195 2150 4249 ad
2177 4196 2516 4251 divinitatem
2549 4206 2992 4267 retempcratum,
3023 4207 3078 4252 et
3107 4198 3181 4250 ita
3229 4198 3362 4261 nihil
3395 4213 3496 4253 na-

1923 4294 2057 4338 turae
2104 4292 2308 4339 nostra}
2337 4285 2566 4350 dimisit,
2604 4287 2752 4356 quod
2791 4302 2898 4340 non
2956 4287 3047 4340 ille
3107 4289 3494 4355 assumpserit,

1924 4373 2016 4444 qui
2047 4388 2144 4443 per
2167 4375 2348 4428 omnia
2388 4381 2630 4431 tentatus
2668 4383 2752 4431 est
2782 4391 2878 4446 per
2915 4375 3322 4430 similitudinem
3370 4377 3489 4432 abs-

1924 4480 2031 4534 que
2054 4475 2279 4536 peccato
2299 4467 2369 4520 ⁸⁰.
2409 4466 2605 4520 Anima
2663 4475 2842 4521 autem
2903 4482 3015 4522 non
3069 4475 3154 4522 est
3188 4476 3494 4536 peccatum,

1924 4556 2020 4610 sed
2053 4557 2260 4626 peccati
2307 4572 2402 4628 per
2433 4557 2857 4627 imprudentiam
2916 4566 2970 4612 et
3001 4558 3217 4614 consilii
3257 4560 3495 4628 inopiam

1924 4638 2096 4716 capax
2141 4645 2283 4704 facta
2310 4654 2414 4712 est,
2461 4661 2624 4715 quam
2661 4656 2947 4715 propterea
2991 4661 3090 4716 per
3147 4646 3494 4716 temperatio-

1926 4752 2051 4791 nem
2083 4737 2198 4791 sive
2231 4737 2300 4792 ad
2335 4738 2578 4807 seipsum
2611 4737 3043 4807 assumptionem
3079 4736 3405 4802 sanctiﬁcat,
3435 4745 3496 4793 ut

1927 4844 2024 4898 per
2048 4829 2321 4899 primitias
2349 4837 2516 4884 totam
2551 4829 2856 4885 sanctiﬁcet
2890 4844 3146 4886 massam.
3172 4829 3343 4899 Cujus
3371 4846 3496 4902 gra-

1924 4921 1996 4973 tia
2058 4920 2220 4975 etiam
2282 4923 2506 4991 angelus
2561 4921 2803 4991 Josepho
2864 4921 3211 4976 inimicorum
3281 4921 3496 4979 Domini

1923 5009 2190 5065 nuntians
2221 5010 2521 5076 interitum,
2555 5013 2651 5078 ait,
2683 5015 2829 5082 quod
2861 5013 3062 5069 Mortui
3085 5023 3206 5068 sunt
3237 5017 3328 5088 qui
3350 5029 3494 5084 quc-

1924 5101 2111 5157 rebant
2147 5103 2381 5156 animum
2407 5104 2555 5171 pueri
2575 5104 2642 5160 θ’.
2679 5104 2744 5158 Et
2770 5104 3033 5162 Dominus
3063 5105 3130 5160 ad
3158 5105 3376 5160 Judmos
3409 5104 3493 5157 di—

1927 5195 2041 5249 cit:
2074 5195 2324 5263 Quwritis
2360 5212 2440 5250 me
2474 5197 2784 5265 interﬁcere,
2809 5199 3067 5253 hominem
3103 5199 3192 5267 qui
3224 5199 3494 5251 veritatem

1923 5287 2128 5346 locutus
2158 5305 2274 5346 sum
2304 5289 2446 5343 vobis
2467 5289 2549 5342 "?
2579 5290 2740 5344 homo
2775 5299 2956 5346 autem
3008 5287 3244 5343 hominis
3293 5299 3495 5352 corpus

1927 5395 2037 5436 non
2073 5381 2294 5447 dicitur,
2321 5381 2413 5435 sed
2444 5381 2588 5451 quod
2616 5398 2678 5437 ex
2711 5383 2977 5436 ambobus
3011 5383 3245 5433 conslat.
3277 5374 3342 5428 Et
3395 5375 3498 5429 ite.-

1929 5485 2051 5524 rum
2094 5470 2160 5524 ad
2192 5486 2286 5526 eos
2319 5470 2484 5526 dicit:
2524 5470 2663 5525 Milli
2692 5471 3003 5544 succenseﬂs
3043 5467 3167 5536 quia
3209 5473 3372 5519 totum
3404 5463 3496 5520 ἰοο

319 5656 366 5688 τ’
406 5653 608 5710 Ezech.
640 5666 794 5716 xvut,
818 5650 908 5706 20.
984 5650 1031 5683 “
1070 5647 1234 5705 Hebr.
1274 5666 1346 5716 tv,
1393 5650 1480 5706 l5.
1556 5651 1596 5684 ⁸⁸
1645 5649 1806 5705 Matth

1956 5618 2048 5704 ΞΟ.
2123 5651 2167 5684 θ’
2200 5650 2357 5706 Joan.
2381 5666 2496 5716 vui,
2521 5607 2620 5706 40.
