4068 6148
570 302 674 358 547

1838 290 1897 347 S.
1937 290 2263 349 GREGORI]
2301 289 2591 348 NYSSENI

3709 287 3815 340 543

569 414 762 465 minem
812 396 998 462 sanum
1031 408 1179 477 e/feci
1210 408 1264 461 in
1290 407 1513 463 sabbato
1538 409 1605 462 ⁸³.
1650 408 2015 463 Manifestavit
2046 426 2141 463 au-

2247 410 2397 464 ὅλον
2421 410 2735 477 ἄνθρωπον
2762 407 2898 475 ὑγιῆ
2924 407 3183 475 ἐποίησα
3204 405 3274 459 ὲν
3298 401 3571 466 σαϐϐάτῳ
3595 443 3610 456 .
3654 404 3822 472 Ἐφα-

570 510 678 554 ιειιι
738 500 908 552 totius
972 499 1209 553 hominis
1274 500 1577 562 notionem,
1645 502 1699 554 in
1738 502 1861 556 aliis
1922 501 2139 570 quidem

568 590 878 659 Evangeliis
935 589 1001 643 ad
1060 605 1186 645 eum
1239 592 1332 659 qui
1373 605 1469 660 per
1508 592 1763 645 lectulum
1800 593 1855 646 in
1902 592 2140 647 medium

568 681 783 735 laxatus
812 689 897 735 est
927 682 1041 735 sive
1080 680 1377 745 demissus,
1412 697 1538 737 cum
1581 682 1754 736 dixit:
1789 682 2143 736 Dimittuntur

568 771 665 824 tibi
701 768 1000 835 peccata“,
1040 787 1162 839 quae
1222 772 1415 825 anima:
1446 784 1530 827 εει
1588 773 1820 828 sanatio.
1876 772 1940 825 Et
1988 773 2140 835 illud,

569 862 737 932 Surge
787 872 836 914 et
885 862 1097 915 ambula
1137 863 1202 928 ⁸⁸,
1260 866 1405 933 quod
1442 864 1508 916 ad
1543 879 1763 918 carnem
1799 865 2044 934 respicit.
2080 864 2145 917 Et

567 954 621 1007 in
665 953 960 1023 Evangelio
993 955 1293 1008 secundum
1320 954 1611 1021 Joannem,
1641 964 1994 1025 posteaquam
2024 972 2144 1011 cor-

567 1046 684 1115 pori
731 1047 1019 1100 sanitatem
1084 1045 1254 1109 dedit,
1310 1048 1550 1100 animam
1612 1048 1775 1101 etiam
1833 1064 1863 1101 a
1923 1050 2144 1119 proprio

568 1137 758 1190 morbo
782 1136 1049 1199 liberavit,
1083 1137 1138 1189 in
1185 1136 1387 1206 quibus
1420 1136 1552 1191 dicit
1584 1156 1596 1190 :
1650 1137 1827 1192 Sanus
1851 1139 2024 1208 factus
2066 1156 2141 1205 es,

569 1229 681 1282 noli
707 1229 930 1295 amplius
962 1244 1197 1296 peccare,
1228 1245 1292 1281 ne
1317 1231 1444 1298 quid
1476 1230 1568 1282 tibi
1592 1230 1820 1284 deterius
1844 1232 2140 1285 accidat":

569 1322 697 1375 inde
732 1322 818 1374 ille
848 1329 1078 1389 utraque
1107 1328 1259 1389 parte
1294 1329 1516 1377 curatus
1547 1323 1674 1385 fuit,
1722 1323 1902 1375 animo
1940 1331 1993 1377 et
2019 1338 2144 1377 cor-

570 1427 722 1481 pore.
755 1410 846 1464 Sic
873 1412 1037 1465 etiam
1077 1410 1140 1465 D.
1179 1410 1377 1465 Paulus
1409 1414 1503 1476 ait,
1548 1419 1611 1465 ut
1657 1412 1795 1465 duos
1834 1420 2045 1466 crearet
2088 1413 2143 1466 in

572 1504 754 1573 seipse
785 1502 838 1555 in
867 1517 1067 1555 novum
1104 1503 1398 1557 hominem.
1438 1501 1504 1554 Et
1540 1502 1621 1555 sic
1663 1502 1715 1554 in
1749 1511 1995 1571 tempore
2020 1518 2146 1571 pas-

571 1592 745 1648 siouis
784 1592 1050 1661 praedicit,
1088 1607 1240 1645 suam
1293 1593 1528 1645 animam
1585 1594 1891 1647 voluntarie
1942 1608 1971 1646 a
2025 1609 2148 1647 cor-

570 1696 701 1753 pore
731 1684 950 1751 pr0prio
976 1682 1279 1744 discedere,
1298 1682 1484 1735 dicens
1509 1680 1733 1735 :Nultus
1758 1684 1894 1735 tollit
1913 1684 2145 1737 animam

2244 502 2448 571 νέρωσε
2475 500 2532 552 δὲ
2565 499 2626 551 τὸ
2672 496 2764 549 τοῦ
2811 498 2932 549 ὅλου
2968 498 3184 568 νόημα,
3238 498 3294 548 ὲν
3347 494 3444 563 μὲν
3477 494 3590 555 τοῖς
3639 492 3818 554 ἄλλοις

2244 590 2632 659 Εὐαγγελίοις,
2671 590 2805 660 πρὸς
2836 590 2925 642 τὸν
2953 589 3041 642 διὰ
3090 589 3191 657 τῆς
3233 587 3419 655 κλίνης
3458 587 3516 639 ὲν
3548 585 3628 655 τῷ
3673 584 3820 654 μέσῳ

2245 682 2649 752 κεχαλασμένον
2678 680 2866 742 εἰπὼν,
2901 678 3219 749 Ἀφέωνταί
3261 692 3377 731 σου
3410 680 3469 730 αἱ
3497 677 3774 746 ἁμαρτίαι
3800 691 3815 705 ’

2245 777 2380 846 ὅπερ
2414 773 2597 844 ψυχῆς
2622 775 2767 825 ἐστιν
2795 774 2935 834 ἴασις
2956 788 2969 801 ο
3004 771 3096 823 καὶ
3121 770 3201 822 ὅτι
3238 771 3498 837 Ἐγειραι
3535 766 3632 820 καί
3662 782 3821 832 περι-

2245 865 2411 918 πάτει
2431 880 2443 894 ⁸
2499 866 2636 933 ὅπερ
2657 865 2735 926 εἰς
2768 862 2864 932 τὴν
2900 861 3075 929 σάρκα
3121 858 3327 929 βλέπει.
3384 858 3469 908 Ἐν
3496 857 3550 909 δὲ
3579 856 3657 926 τῷ
3680 854 3822 909 κατὰ

2258 957 2545 1024 Ἰωάννην,
2579 954 2717 1026 μετὰ
2761 954 2821 1005 τό
2866 954 3047 1006 δοῦναι
3094 952 3191 1022 τὴν
3236 951 3448 1017 ὑγίειαν
3488 948 3565 1019 τῷ
3608 947 3817 1019 σώματι

2246 1048 2339 1099 καὶ
2371 1047 2467 1116 τὴν
2498 1046 2675 1116 ψυχὴν
2708 1044 3075 1115 ἐλευθερώσας
3107 1044 3204 1113 τῆς
3252 1042 3387 1103 ἰδίας
3426 1041 3604 1105 νόσου,
3642 1042 3701 1092 ὲν
3742 1036 3819 1103 οἷς

2247 1154 2432 1205 φησιν,
2460 1138 2541 1188 ὅτι
2577 1134 2775 1203 Ὑγιὴς
2806 1132 3076 1202 γέγονας,
3099 1130 3310 1199 μηκέτι
3342 1129 3643 1197 ἁμάρτανε
3669 1143 3683 1157 ⁶
3739 1128 3819 1178 ἐν·

2250 1226 2438 1279 τεῦθεν
2462 1228 2490 1279 ὁ
2514 1228 2580 1279 δι’
2617 1226 2938 1295 ἀμφοτέρων
2967 1221 3455 1293 τεθεραπευμένος,
3483 1220 3540 1273 ὲν
3574 1218 3722 1288 ψυχῇ
3761 1232 3818 1269 τε

2245 1317 2387 1385 λέγω
2423 1320 2514 1371 καὶ
2547 1316 2780 1386 σώματι.
2823 1315 2978 1368 Οὕτω
3008 1314 3115 1384 γάρ
3147 1330 3278 1382 φησι
3328 1312 3420 1363 καὶ
3454 1311 3700 1374 Παῦλος,
3736 1309 3817 1361 ἵνα

2246 1413 2372 1474 τοὺς
2408 1410 2500 1463 δύο
2544 1411 2703 1482 κτίσῃ
2742 1411 2799 1462 ὲν
2839 1408 3018 1477 ὲαυτῷ
3051 1410 3130 1469 εἰς
3168 1407 3264 1459 ἕνα
3296 1403 3480 1457 καινὸν
3511 1402 3816 1472 ἄνθρωπον.

2248 1503 2357 1555 Καὶ
2397 1501 2566 1564 οὕτως
2596 1504 2654 1555 ὲν
2698 1501 2775 1570 τῷ
2824 1499 3001 1570 καιρῷ
3039 1498 3132 1552 τοῦ
3184 1498 3389 1561 πάθους
3430 1495 3719 1566 προλέγει,
3764 1494 3820 1547 τὸ

2248 1594 2508 1656 ἑκουσίως
2539 1593 2836 1662 ἀποστῆναι
2870 1593 2968 1661 τὴν
2996 1588 3189 1643 ἑαυτοῦ
3219 1588 3397 1659 ψυχὴν
3428 1587 3534 1640 ἀπὸ
3556 1587 3649 1639 τοῦ
3687 1586 3819 1639 ἰδίου

2252 1683 2519 1753 σώματος,
2552 1683 2725 1751 λέγων
2746 1697 2759 1710 '
2786 1680 2996 1746 Οὐδεὶς
3015 1681 3165 1747 αἷρει
3195 1679 3307 1745 τὴν
3332 1676 3543 1745 ψυχήν
3562 1694 3685 1744 μου
3717 1676 3820 1730 ἀπ’

572 1790 743 1829 meam
783 1790 815 1825 a
837 1790 916 1827 me
942 1787 959 1825 :
983 1774 1072 1828 sed
1096 1790 1186 1843 ego
1216 1791 1350 1843 pono
1381 1775 1550 1841 ipsam
1578 1790 1609 1826 a
1639 1776 1830 1842 meipso
1856 1791 1874 1829 :
1909 1785 2141 1842 potesta-

2247 1751 2413 1844 ἐμοῦ·
2442 1776 2577 1829 ἀλλ’
2600 1774 2713 1843 ἐγὼ
2734 1776 2927 1843 τίθημι
2949 1772 3144 1838 αὐτὴν
3168 1771 3268 1825 ἀπ’
3303 1766 3583 1838 ἐμαυτοῦ.
3622 1766 3824 1830 Ὲξου-

572 1875 672 1920 tem
694 1865 856 1919 habeo
877 1866 1102 1934 ponendi
1119 1867 1353 1919 animam
1386 1882 1555 1918 meam
1584 1876 1631 1920 et
1654 1875 1961 1933 potestatem
1982 1868 2145 1922 habeo

570 1961 759 2012 iterum
792 1975 907 2012 eam
939 1958 1178 2011 sumendi
1201 1959 1267 2009 θ’.
1295 1960 1468 2027 Atque
1494 1960 1657 2013 etiam
1689 1960 1949 2028 propheta
1979 1959 2145 2013 David

568 2049 871 2105 secundum
913 2051 1093 2118 magni
1130 2049 1275 2103 Petri
1320 2051 1819 2120 interpretationem
1866 2052 1920 2104 in
1967 2052 2145 2121 ipsum

573 2140 915 2208 prOSpiciens
949 2141 1126 2192 dixit:
1171 2139 1293 2192 Non
1328 2141 1651 2208 derelinques
1701 2142 1934 2193 animam
1978 2158 2145 2195 meam

568 2228 627 2280 in
662 2226 902 2294 inferno,
957 2242 1115 2294 neque
1153 2224 1304 2279 dabis
1345 2235 1585 2278 sanctum
1619 2235 1769 2279 tuum
1821 2226 1993 2280 videre
2037 2245 2149 2281 cor-

570 2320 863 2387 ruptionem
887 2318 954 2371 3".
1013 2315 1105 2370 Sic
1140 2318 1387 2386 apostolo
1425 2317 1582 2371 Petro
1622 2317 1841 2371 effatum
1885 2318 2148 2387 interpre-

571 2418 721 2464 tante
802 2410 869 2471 ‘9,
924 2408 1069 2479 quod
1107 2423 1283 2477 neque
1317 2409 1498 2462 anima
1552 2409 1672 2477 ejus
1719 2409 1911 2463 relicta
1960 2416 2043 2463 est
2092 2409 2143 2462 in

569 2500 821 2559 inferno,
879 2514 1056 2568 neque
1112 2513 1239 2551 caro
1294 2498 1467 2567 ipsius
1524 2498 1657 2552 vidit
1717 2499 2142 2569 corruptionem.

570 2590 703 2643 Nam
743 2589 1001 2642 divinitas
1036 2595 1091 2642 et
1149 2596 1274 2641 ante
1329 2602 1574 2654 carnem,
1617 2596 1671 2643 et
1728 2590 1781 2642 in
1844 2605 2028 2654 carne,
2088 2595 2143 2642 et

571 2691 694 2753 post
738 2682 1047 2750 passionem
1099 2678 1287 2734 eodem
1346 2686 1506 2733 modo
1560 2696 1617 2734 se
1654 2680 1835 2741 habet,
1894 2689 1947 2735 et
2000 2680 2143 2750 quod

568 2780 687 2827 erat
719 2781 913 2825 natura
950 2786 1163 2839 semper
1189 2777 1294 2832 est,
1342 2777 1396 2823 et
1431 2770 1483 2822 in
1538 2778 1802 2824 aeternum
1845 2778 2141 2839 permanet.

570 2864 631 2918 In
690 2865 943 2933 passione
1002 2872 1180 2916 autem
1224 2862 1478 2915 humanm
1518 2871 1763 2926 naturae,
1829 2878 1926 2932 pro
1985 2864 2145 2918 nobis

569 2956 1033 3024 dispensationem
1093 2954 1349 3022 explevit,
1415 2953 1651 3006 animam
1706 2953 1772 3006 ad
1836 2962 2050 3023 tempus
2114 2968 2143 3006 a

2246 1868 2391 1921 σίαν
2428 1866 2548 1936 ἔχω
2589 1868 2777 1920 θεῖναι
2808 1865 2924 1933 τὴν
2969 1863 3182 1933 ψυχήν
3208 1879 3359 1931 μου,
3394 1860 3489 1913 καὶ
3531 1859 3824 1923 ἐξουσίαν

2244 1960 2362 2028 ἔχω
2400 1957 2587 2011 πάλιν
2626 1958 2833 2011 λαϐεῖν
2869 1955 3087 2022 αὐτήν.
3138 1954 3298 2007 Ἀλλὰ
3341 1954 3435 2007 καὶ
3476 1955 3505 2005 ὁ
3536 1950 3824 2021 προφήτης

2246 2048 2408 2102 Δαὸὶδ
2433 2049 2575 2102 κατά
2601 2048 2699 2118 τὴν
2741 2046 3034 2118 ἑρμηνείαν
3071 2045 3163 2098 τοῦ
3201 2045 3437 2116 μεγάλου
3481 2044 3716 2113 Πέτρου,
3744 2042 3821 2104 εἰς

2247 2140 2409 2193 αὑτὸν
2451 2138 2833 2211 προορώμενος
2866 2133 3036 2200 εἶπεν,
3080 2137 3160 2188 ὅτι
3207 2137 3327 2188 Οὐκ
3366 2134 3823 2204 ἐγκαταλείψεις

2245 2230 2360 2297 τὴν
2389 2229 2599 2298 ψυχήν
2636 2246 2748 2293 μου
2773 2231 2860 2293 εἰς
2893 2226 3076 2294 ᾅδην,
3104 2225 3245 2279 οὐδὲ
3274 2224 3491 2291 δώσεις
3516 2225 3624 2278 τὸν
3652 2224 3825 2278 ὅσιόν

2246 2338 2361 2376 σου
2399 2321 2545 2374 ἰδεῖν
2577 2319 2904 2388 διαφθοράν
2928 2337 2939 2348 ·
2983 2318 3125 2371 οὓτω
3153 2316 3245 2370 τοῦ
3276 2316 3574 2370 ἀποστόλου
3609 2316 3819 2385 Πέτρου

2246 2414 2306 2466 τὸ
2333 2413 2495 2483 ῥητὸν
2529 2410 2993 2482 ἐρμηνεύσαντος,
3026 2411 3107 2462 ὅτι
3140 2408 3262 2461 οὔτε
3298 2410 3330 2479 ἡ
3359 2408 3504 2478 ψυχὴ
3540 2407 3707 2460 αὑτοῦ
3741 2408 3823 2474 ὲγο

2247 2504 2573 2573 κατελείφθη
2611 2504 2689 2563 εἰς
2730 2500 2821 2552 τὸν
2856 2500 3009 2570 ᾅδην,
3069 2498 3192 2551 οὗτε
3236 2500 3267 2567 ὴ
3304 2497 3440 2568 σὰρξ
3491 2497 3659 2550 αὑτοῦ
3718 2493 3822 2549 εἶδε

2250 2594 2645 2666 διαφθοράν.’11
2676 2593 2783 2663 γὰρ
2810 2593 2996 2661 θεότης
3044 2594 3132 2647 καὶ
3170 2591 3275 2661 πρὸ
3303 2590 3403 2659 τῆς
3440 2589 3643 2659 σαρκὸς
3670 2629 3685 2651 ,
3732 2590 3824 2641 καὶ

2247 2689 2304 2739 ἐν
2340 2690 2405 2756 τῇ
2443 2686 2606 2754 σαρκὶ
2633 2724 2646 2746 ,
2680 2685 2771 2736 καὶ
2805 2685 2943 2754 μετὰ
2970 2685 3031 2735 τὸ
3064 2682 3234 2746 πάθος
3273 2682 3359 2735 ἀεὶ
3400 2679 3665 2743 ὡσαύτως
3692 2681 3821 2749 ἔχει,

2245 2779 2273 2831 ὃ
2296 2774 2363 2849 ἦν
2386 2781 2449 2847 τῇ
2476 2777 2635 2846 φύσει
2667 2776 2895 2829 πάντοτε
2924 2773 3055 2828 οὖσα
3110 2774 3202 2828 καὶ
3237 2777 3312 2837 εἰς
3352 2775 3435 2826 ἀεὶ
3469 2774 3819 2843 διαμένουσα.

2258 2870 2345 2921 Ἐν
2377 2868 2432 2921 δὲ
2457 2867 2533 2937 τῷ
2573 2867 2727 2920 πάθει
2765 2866 2865 2934 τῆς
2898 2863 3244 2936 ἀνθρωπίνης
3275 2852 3511 2931 φύσεως,
3550 2863 3650 2933 τὴν
3684 2862 3825 2931 ὑπὲρ

2244 2962 2403 3032 ἡμῶν
2441 2960 2751 3029 οἰκονομίαν
2793 2958 3078 3027 ἐπλήρωσε
3105 2996 3119 3019 ,
3156 2955 3482 3020 διαζεύξασα
3509 2952 3611 3024 τὴν
3648 2951 3826 3022 ψυχὴν

569 3063 800 3119 corpore
844 3047 1164 3117 disjnngens
1206 3064 1218 3099 :
1256 3046 1348 3100 sed
1391 3061 1419 3099 a
1459 3054 1657 3100 neutro
1716 3055 1970 3115 separata
2026 3053 2139 3111 est,

2248 3053 2381 3124 πρὸς
2406 3051 2594 3121 καιρὸν
2628 3052 2689 3102 ἐκ
2718 3049 2809 3103 τοῦ
2843 3049 3091 3118 σώματος
3115 3087 3129 3111 ,
3157 3043 3491 3116 χωρισθεῖσα
3525 3042 3581 3094 δὲ
3606 3042 3827 3094 οὐδετέ-

568 3139 659 3194 cui
692 3138 857 3195 semel
897 3145 1305 3206 contemperata
1335 3146 1441 3192 est.
1485 3136 1548 3189 Et
1576 3137 1772 3191 iterum
1823 3136 2017 3192 dissita
2050 3151 2145 3190 co-

511 3217 513 3220 d
568 3233 796 3303 pulavit.
831 3230 907 3283 lta
947 3239 1004 3283 ut
1035 3230 1485 3299 consequentiam
1520 3236 1572 3283 et
1605 3229 1933 3297 principium
1982 3228 2144 3282 dede-

571 3323 643 3376 rit
673 3323 823 3375 onmi
864 3321 1114 3373 humanm
1138 3326 1350 3372 naturae
1379 3318 1802 3372 resurrectionis
1832 3334 1861 3370 a
1892 3318 2142 3384 mortuis,

570 3426 629 3468 ut
664 3423 839 3469 totum
872 3412 1016 3480 quod
1055 3418 1139 3465 est
1175 3408 1535 3475 corruptibile
1561 3408 1750 3461 induat
1779 3408 2146 3477 incorruptio-

570 3520 716 3567 nezn,
744 3511 798 3557 et
852 3501 996 3570 quod
1040 3500 1271 3553 mortale
1330 3507 1415 3552 est
1456 3500 1920 3554 immortalitatem
1942 3500 2009 3553 9°.
2038 3499 2144 3553 Pri-

572 3594 740 3648 mitiis
776 3593 984 3646 nostris
1020 3606 1115 3661 per
1151 3589 1600 3660 temperationem
1636 3605 1758 3643 cum
1786 3590 1893 3645 Deo
1924 3592 1977 3644 in
2008 3591 2145 3648 divi-

571 3699 697 3740 nam
759 3693 1006 3737 naturam
1064 3681 1512 3737 transiormatis:
1554 3681 1696 3735 sicut
1754 3681 1890 3735 dixit
1950 3679 2143 3736 Petrus

560 3779 707 3850 quod
738 3772 1015 3825 Dominum
1050 3772 1221 3839 ipsum
1246 3779 1295 3824 et
1323 3769 1595 3824 Christum
1645 3770 1766 3839 fecit
1828 3771 1967 3825 Deus
2007 3771 2145 3824 hunc

570 3870 740 3935 ipsum
759 3865 961 3928 Iesum,
991 3881 1143 3935 quem
1176 3881 1263 3918 vos
1295 3864 1439 3916 cruci
1469 3864 1738 3932 suﬁ’ixistis
1758 3866 1827 3929 9‘;
1867 3864 2145 3933 multaque

568 3975 634 4015 ex
666 3957 974 4027 Evangeliis
1021 3956 1085 4009 ad
1116 3954 1486 4010 defensionem
1544 3955 1709 4023 hujus
1750 3955 2026 4025 opinionis
2090 3964 2144 4009 et

569 4049 855 4106 sententiae
902 4063 1115 4102 sumere
1175 4062 1489 4116 possumus.
1548 4046 1831 4112 Quomodo
1881 4045 2143 4102 Dominus

568 4158 665 4214 per
697 4140 901 4194 Christi
933 4138 1324 4193 humanitatem
1359 4135 1619 4191 mundum
1663 4136 1765 4190 sibi
1804 4135 1907 4205 ipsi
1946 4151 2142 4190 recon-

565 4236 781 4297 cilians,
817 4234 1009 4286 animze
1043 4240 1097 4285 et
1134 4231 1350 4300 corpori
1388 4228 1708 4284 beneﬁcium
1749 4244 1812 4282 ex
1848 4243 1907 4284 se
1961 4226 2142 4299 profe-

565 4336 713 4380 etum
755 4323 1066 4378 hominibus
1105 4320 1478 4391 dispertiendo
1511 4321 1720 4385 tribuit,
1789 4320 1979 4374 volens
2013 4319 2139 4390 qui-

564 4416 686 4470 dem
718 4430 811 4483 per
841 4414 1100 4475 animam,
1139 4412 1415 4480 attingens
1438 4424 1566 4463 vero
1597 4425 1693 4478 per
1744 4424 1938 4479 corpus
1974 4429 1986 4463 :

563 4514 710 4561 esset
739 4517 1205 4573 supervacaneum
1246 4502 1427 4555 omnia
1464 4511 1883 4571 persequentem
1919 4500 2137 4554 confer-

565 4605 676 4648 tam
713 4594 925 4646 turbam
954 4594 1203 4647 oratione
1233 4607 1548 4662 congerere.

636 4684 770 4736 Illud
810 4696 988 4737 autem
1032 4698 1157 4736 cum
1217 4684 1380 4737 dictis
1438 4683 1710 4751 adjecero,
1783 4682 1848 4737 ad
1912 4698 1974 4738 ea
2015 4697 2136 4752 quae

564 4773 819 4842 deinceps
876 4782 1177 4842 sequuntur
1226 4789 1485 4844 pergam:
1536 4773 1820 4827 Dissolvite
1879 4774 2130 4842 templum

564 4860 659 4910 hoc
682 4868 729 4911 et
767 4860 907 4911 intra
939 4873 1039 4914 tres
1065 4861 1175 4915 dies
1200 4860 1439 4915 excitabo
1473 4861 1726 4927 ipsum".
1764 4862 2133 4929 Quemadmo-

563 4951 693 5003 dum
734 4965 830 5004 nos
858 4966 953 5018 per
986 4954 1224 5005 animam
1254 4960 1308 5007 et
1339 4968 1558 5021 corpus,
1584 4957 1842 5023 templum
1870 4956 2135 5010 eﬂicimur

564 5042 657 5096 Dei
700 5041 753 5094 in
784 5041 941 5095 nobis
968 5042 1264 5098 habitantis
1296 5057 1347 5100 et
1379 5047 1806 5101 inambulantis:
1845 5049 1924 5103 sic
1968 5050 2129 5104 etiam

562 5132 824 5187 Dominus
851 5132 1110 5199 templum
1145 5134 1409 5197 nominat,
1464 5139 1605 5205 quod
1634 5154 1697 5190 ex
1731 5145 1963 5207 utroque
1993 5153 2130 5193 con-

559 5228 745 5279 ﬂatum
778 5233 881 5287 est,
916 5222 1074 5291 cujus
1101 5225 1298 5279 solutio
1330 5229 1524 5281 anima:
1551 5245 1577 5281 a
1626 5245 1858 5299 corpore
1887 5230 2128 5284 dissolu-

560 5322 763 5373 tionem
790 5315 1082 5384 signiiicat.
1117 5315 1271 5381 Quod
1301 5320 1344 5371 si
1377 5317 1653 5390 Evangelii
1702 5336 1891 5375 vocem
1953 5321 2131 5390 profe-

559 5419 701 5477 rant,
745 5410 812 5464 Et
858 5410 1079 5466 Verbum
1135 5424 1259 5462 caro
1314 5411 1513 5479 factum
1551 5411 1723 5481 est",
1765 5412 1921 5485 quasi
1982 5414 2130 5467 nulla

629 5608 675 5638 ⁸³
702 5605 860 5679 Joan.
895 5624 987 5670 vn,
1016 5609 1087 5661 20
1118 5625 1237 5679 sqq.

559 5677 647 5731 10.
724 5677 769 5707 "
799 5677 919 5731 Act.
956 5694 1016 5743 ιι,
1055 5680 1142 5733 27.

1314 5608 1357 5640 ⁸⁸
1388 5608 1574 5661 Matth.
1605 5624 1681 5666 ις.
1706 5607 1759 5663 2.
1837 5609 1881 5639 ⁸⁵
1916 5607 2047 5660 Luc.
2074 5623 2124 5669 ν,
2158 5607 2222 5662 18
2249 5623 2371 5678 sqq.

1223 5682 1266 5714 ’θ
1309 5682 1326 5737 ι
1356 5681 1481 5736 Cor.
1512 5696 1597 5747 xv,
1638 5678 1723 5733 55.
1802 5680 1843 5711 ⁹¹
1875 5678 1996 5733 Act.
2030 5678 2141 5744 ",3

2282 5680 2326 5711 ⁹¹
2359 5677 2513 5733 Joan.
2544 5693 2605 5743 ιι,
2638 5678 2720 5733 19.
2798 5679 2843 5710 ’³
2876 5677 3033 5734 Joau.
3074 5695 3111 5744 ι,
3154 5677 3239 5733 Η.

2250 3162 2341 3214 ρου
2461 3141 2610 3205 ἅπαξ
2648 3138 3055 3211 συνανεκράθη,
3108 3138 3201 3189 καὶ
3238 3136 3398 3189 πάλιν
3445 3134 3511 3185 τὰ
3558 3133 3830 3185 διεστῶτα

2249 3234 2534 3302 συνάψασα
2554 3273 2567 3295 ,
2610 3233 2751 3285 ὥστε
2782 3230 3100 3285 ἀκολουθίαν
3130 3230 3223 3282 καὶ
3256 3227 3429 3299 ἀρχὴν
3457 3227 3643 3280 δοῦναι
3674 3227 3830 3299 πάσῃ

2248 3328 2313 3396 τῇ
2340 3325 2657 3395 ἀνθρωπίνῃ
2692 3324 2850 3393 φύσει
2878 3324 2972 3393 τῆς
2998 3325 3059 3375 ἐκ
3084 3320 3290 3392 νεκρῶν
3322 3320 3710 3381 ἀναστάσεως·
3740 3320 3832 3372 ἵνα

2244 3418 2305 3470 τὸ
2334 3417 2568 3487 φθαρτὸν
2593 3416 2738 3471 ἆπαν
2766 3415 3049 3485 ἐνδύσηται
3078 3412 3403 3481 ἀφθαρσίαν,
3432 3413 3521 3464 καὶ
3549 3411 3607 3463 τὸ
3628 3409 3833 3480 θνητὸν

2246 3507 2344 3577 τὴν
2374 3507 2673 3560 ἀθανασίαν
2697 3523 2711 3536 ·
2738 3510 2835 3576 τῆς
2869 3506 3123 3575 ἁπαρχῆς
3149 3503 3303 3573 ἡμῶν
3328 3502 3413 3555 διὰ
3446 3502 3546 3572 τῆς
3572 3500 3708 3572 πρὸς
3734 3502 3831 3554 τὸν

2246 3602 2378 3655 Θεὸν
2417 3601 2773 3672 ἀνακράσεως
2841 3600 2920 3662 εἰς
2958 3598 3105 3651 θείαν
3136 3591 3826 3665 φύσιν’μεταποιηθείσης·

2248 3692 2427 3754 καθὼς
2454 3688 2605 3745 εἶπεν
2639 3694 2666 3744 ό
2701 3692 2940 3764 Πέτρος,
2975 3690 3054 3742 ὅτι
3088 3689 3302 3758 Κύριον
3333 3686 3517 3741 αὐτὸν
3549 3687 3649 3738 καὶ
3681 3687 3827 3754 Χριι

2244 3784 2396 3837 στὸν
2444 3784 2735 3851 ἐποίησεν
2764 3785 2795 3835 ό
2854 3782 2998 3846 Θεὸς
3018 3821 3031 3843 ,
3071 3781 3288 3833 τοῦτον
3316 3779 3423 3831 τὸν
3486 3776 3722 3845 Ἰησοῦν
3749 3776 3826 3832 ὃν

2244 3874 2411 3943 ὑμεῖς
2434 3874 2855 3941 ἐσταυρώσατε
2876 3887 2890 3903 ο
2918 3872 3012 3925 καὶ
3037 3871 3206 3924 πολλὰ
3238 3871 3332 3923 τοῦ
3353 3868 3595 3923 τοιούτου
3616 3870 3829 3939 δόγμα-

2244 3984 2333 4029 τος
2394 3968 2457 4019 ὲκ
2483 3966 2590 4018 τῶν
2627 3964 2796 4033 ἁγίων
2833 3964 3183 4032 Εὑαγγελίων
3219 3964 3363 4016 ἐστιν
3392 3964 3471 4024 είς
3504 3961 3824 4031 συμμαχίαν

2242 4057 2449 4109 λαϐεῖν·
2484 4056 2598 4118 πῶς
2624 4058 2651 4108 ό
2684 4054 2887 4126 Κύριος
2914 4055 2990 4125 τῷ
3026 4055 3167 4109 κατά
3195 4055 3428 4125 Χριστὸν
3461 4054 3818 4124 ἀνθρωπίνῳ,

2241 4146 2330 4198 τὸν
2358 4145 2560 4213 κόσμον
2597 4143 2770 4213 ἐαυτῷ
2801 4143 3191 4196 καταλλάσσων
3212 4184 3225 4207 ,
3255 4143 3549 4213 ὲπεμέρισε
3581 4146 3647 4213 τῇ
3672 4142 3822 4212 ψυχῇ

2240 4252 2298 4287 τε
2330 4235 2422 4286 καὶ
2454 4233 2530 4303 τῷ
2551 4234 2757 4302 σώματι
2790 4232 2886 4304 τὴν
2926 4236 3055 4304 παρ’
3075 4234 3237 4286 αὑτοῦ
3260 4234 3551 4304 γινομένην
3593 4235 3704 4295 τοῖς
3725 4235 3825 4285 ἁνο

2243 4321 2483 4393 θρώποις
2512 4321 2859 4393 εὐεργεσίαν⁶
2897 4323 3067 4375 θέλων
3105 4322 3204 4391 μὲν
3233 4322 3322 4374 διὰ
3347 4323 3447 4390 τῆς
3488 4321 3685 4390 ψυχῆς,
3730 4322 3826 4389 ὲφ-

2042 4409 2134 4463 sed
2173 4415 2213 4467 D
2242 4414 2544 4484 απτόμενος
2574 4414 2630 4467 δὲ
2652 4415 2740 4467 διὰ
2764 4414 2856 4467 τοῦ
2886 4414 3161 4483 σώματος’
3195 4413 3327 4466 ἀλλὰ
3353 4412 3601 4484 περιττὸν
3632 4411 3698 4463 ἂν
3730 4412 3824 4483 εἴη

2247 4506 2423 4559 πάντα
2450 4506 2711 4570 διεξιόντα
2736 4546 2750 4570 ,
2787 4507 2943 4576 ὄχλον
2965 4508 3279 4574 ἐπεισάγειν
3302 4504 3379 4575 τῷ
3404 4505 3566 4575 λόγῳ.

2326 4682 2527 4735 Ἐκεῖνο
2559 4682 2614 4735 δὲ
2654 4685 2763 4744 τοῖς
2794 4681 3104 4751 εἰρημένοις
3135 4680 3213 4733 ἔτι
3250 4678 3510 4752 προσθεὶς
3532 4720 3546 4741 ,
3581 4679 3717 4750 πρὸς
3756 4680 3823 4733 τὰ

2241 4775 2434 4844 ἐφεξῆς
2467 4774 2862 4844 μεταὸήσομαιο
2891 4774 3128 4826 Λύσατε
3147 4772 3252 4825 τὸν
3276 4771 3427 4825 ναὸν
3446 4770 3682 4833 τοῦτον,
3720 4772 3822 4825 καὶ

2240 4868 2309 4920 ὲν
2336 4868 2533 4934 τρισὶν
2569 4866 2812 4934 ἡμέραις
2843 4864 3024 4935 ἐγερῶ
3054 4866 3256 4917 αὐτόν.
3303 4865 3512 4933 ’Ὠσπερ
3539 4865 3700 4932 ἡμεῖς
3732 4863 3823 4916 διὰ

2239 4958 2413 5027 ψυχῆς
2454 4958 2547 5010 καὶ
2596 4956 2843 5027 σώματος
2900 4957 3026 5019 ναὸς
3061 4955 3325 5026 γινόμεθα
3354 4954 3445 5006 τοῦ
3481 4954 3822 5017 ἐνοικοῦντος

2241 5051 2298 5100 ἐν
2336 5050 2468 5117 ἡμῖν
2499 5048 2590 5099 καὶ
2635 5047 3137 5119 ἐμπεριπατοῦντος
3165 5085 3178 5109 ,
3212 5044 3383 5107 οὕτως
3422 5046 3514 5097 καὶ
3553 5048 3580 5097 ὁ
3614 5044 3822 5115 Κύριος

2238 5139 2361 5192 ναὸν
2393 5138 2646 5208 ὀνομάζει
2675 5139 2736 5191 τὸ
2769 5139 3196 5208 συναμφότερον,
3231 5131 3291 5190 οὗ
3333 5140 3364 5205 ἠ
3403 5137 3557 5201 λύσις
3590 5140 3689 5207 τὴν
3718 5137 3819 5206 τῆς

2236 5232 2415 5301 ψυχῆς
2441 5233 2505 5283 ὲκ
2530 5232 2622 5284 τοῦ
2653 5230 2902 5300 σώματος
2936 5230 3190 5299 σημαίνει
3216 5229 3475 5282 διάλυσιν.
3511 5230 3574 5282 Εἰ
3599 5229 3653 5282 δὲ
3682 5247 3815 5299 προ-

2234 5321 2455 5390 φέρουσι
2487 5322 2584 5391 τὴν
2629 5322 2722 5374 τοῦ
2763 5319 3097 5387 Εὑαγγελξου
3148 5320 3352 5389 φωνὴν.
3401 5320 3483 5372 ὅτι
3524 5321 3589 5373 ’0
3621 5320 3818 5386 Λόγος

2232 5412 2389 5480 σὰρξ
2431 5412 2701 5481 ἐγίνετο,
2742 5413 2817 5476 ώς
2864 5412 2951 5465 διὰ
2992 5412 3083 5465 τοῦ
3130 5413 3205 5483 μὴ
3260 5411 3816 5483 συμμνημονευθῆναι

2451 5605 2670 5659 "Jonn.
2698 5624 2751 5671 v,
2782 5606 2866 5660 Η.
2945 5608 2987 5638 ⁸⁷
3029 5606 3185 5661 Joan.
3213 5606 3377 5671 x,18.
3458 5610 3501 5640 ⁸³
3540 5607 3685 5662 l‘sal.
3714 5617 3809 5666 XV.
