4068 6148
335 279 437 335 5ί9

1477 281 1754 338 CONTRA
1782 284 2166 355 EUNOHIUM,
2207 289 2331 344 LIB.
2377 289 2436 344 ll.

3486 292 3589 348 550

335 394 429 444 καὶ
449 389 546 462 τὴν
565 389 766 461 ψυχὴν,
787 392 1283 457 κατασκευάζεσθαι
1300 393 1358 446 τὸ
1376 396 1578 467 ἄψυχον
1597 399 1901 470 ἀνειλῆφθαι

2018 405 2214 461 animae
2244 406 2383 460 facta
2422 407 2958 472 commemoratione,
2983 421 3113 462 caro
3142 407 3337 463 animae
3389 422 3586 480 expers

332 483 430 553 τὴν
475 483 655 554 σάρκα
684 501 696 512 ·
746 483 1064 554 μαθέτωσαν
1103 486 1182 538 ὅτι
1234 485 1461 556 σύνηθές
1508 490 1622 543 ἐστι
1672 493 1737 562 τῇ
1785 493 1901 564 ἁγίᾳ

2016 503 2294 564 assumpta
2322 496 2508 563 fuerit,
2541 497 2759 552 discant
2791 497 2842 552 id
2891 512 3062 553 sacrae
3098 497 3394 568 Scriptum
3427 501 3583 556 fami-

333 577 522 647 Γραφῇ
603 575 682 646 τῷ
711 577 864 646 μέρει
894 577 1428 651 συμπεριλαμϐάνειν
1455 581 1514 633 τὸ
1539 581 1676 636 ὅλον.
1719 585 1776 637 Ὀ
1804 585 1913 657 γάρ

329 671 519 731 είπὼν,
561 670 643 722 ὅτι
673 669 830 736 Πρὸς
857 669 942 721 ’σὲ
973 668 1139 724 πᾶσα
1185 672 1342 740 σὰρξ
1376 672 1506 740 ἥξει
1532 715 1547 738 ,
1587 675 1647 726 ού
1685 692 1912 746 κεχωρι-

331 760 538 831 σμένην
566 759 677 813 τῶν
711 760 900 830 ψυχῶν
939 761 1037 832 τὴν
1089 763 1268 832 σάρκα
1317 763 1464 831 λέγει
1497 763 1574 834 τῷ
1601 764 1768 836 Κριτῇ
1804 784 1911 820 πα-

330 850 716 921 ραστήσεσθαι.
759 851 870 904 Καὶ
905 850 997 904 τὸν
1036 851 1228 904 Ἰακὼὸ
1260 854 1317 905 ὲν
1343 854 1713 925 ἑϐδομήκοντα
1747 857 1908 910 πέντε

324 941 524 1012 ψυχαῖς
550 943 648 995 ἐπὶ
686 943 788 1010 τὴν
809 943 1082 1011 Αἴγυπτον
1115 946 1426 999 καταϐάντα
1461 947 1613 1018 παρά
1631 948 1730 1018 τῆς
1765 949 1910 1002 ιστο-

327 1034 448 1104 ρίας
483 1032 841 1097 ἀκούσαντες,
887 1033 980 1086 καὶ
1029 1034 1127 1104 τὴν
1168 1036 1346 1106 σάρκα
1398 1039 1536 1106 μετὰ
1563 1038 1672 1091 τῶν
1718 1039 1908 1109 ψυχῶν

325 1125 646 1195 ὲνσήσαμεν.
685 1123 872 1187 Οὖτως
903 1121 996 1178 οὖν
1030 1126 1122 1177 καὶ
1144 1127 1172 1177 ὁ
1200 1126 1371 1193 Λόγος
1399 1127 1538 1198 σάρξ
1575 1129 1865 1199 γενόμενος
1885 1169 1901 1194 ,

323 1216 452 1284 ὃλην
484 1214 623 1284 μετά
651 1215 748 1284 τῆς
785 1215 987 1285 σαρκὸς
1022 1216 1120 1285 τὴν
1150 1217 1500 1289 ἀνθρωπίνην
1539 1220 1768 1274 ἀνέλαὸε
1803 1221 1904 1290 φύε

327 1321 430 1357 σιν.
465 1303 628 1356 ’Ὅθεν
654 1305 746 1357 καὶ
773 1303 830 1356 τὸ
860 1307 1048 1376 πεινῇν
1075 1306 1169 1358 καὶ
1187 1306 1248 1358 τὸ
1272 1305 1450 1378 διψῇν,
1477 1309 1574 1362 καὶ
1623 1311 1682 1364 τὸ
1703 1312 1903 1383 δειλιᾷν

326 1392 423 1446 καὶ
453 1392 516 1445 τὸ
538 1392 838 1461 φοϐεῖσθαι,
869 1395 964 1446 καὶ
991 1393 1051 1446 τὸ
1072 1394 1380 1465 ἐπιθυμεῖν,
1404 1397 1495 1450 καὶ
1515 1397 1576 1450 τὸ
1599 1398 1898 1465 καθεύδειν,

327 1485 423 1538 καὶ
455 1483 517 1538 τὸ
561 1484 934 1554 ταράττεσθαι,
966 1485 1060 1537 καὶ
1099 1485 1157 1538 τὸ
1185 1486 1462 1558 δακρύειν,
1499 1488 1588 1541 καὶ
1619 1489 1797 1545 πάντα
1831 1492 1900 1545 τά

323 1577 553 1632 τοιαῦτα
578 1575 838 1644 γίνεσθαι,
871 1577 929 1628 ὲν
964 1575 1114 1646 αὐτῷ
1139 1577 1322 1648 χώραν
1352 1577 1507 1648 ἔσχεν
1531 1592 1548 1609 ⁶
1579 1579 1701 1633 οὔτε
1729 1581 1838 1654 γὰρ
1863 1585 1896 1655 ή

2013 585 2148 642 liare
2167 602 2311 653 esse,
2346 596 2502 658 parte
2539 589 2722 658 aliqua
2759 596 2932 643 totum
2965 591 3273 659 complecti.
3306 589 3410 656 Qui
3437 593 3582 648 enim

2012 677 2167 742 dixit,
2198 679 2280 732 Ad
2316 689 2363 733 te
2387 681 2556 735 omnis
2590 697 2714 734 caro
2741 680 2985 746 veniet“,
3018 695 3125 735 non
3174 691 3481 752 separatam
3517 684 3586 737 ab

2011 770 2209 825 animis
2241 786 2484 838 carnem,
2517 772 2582 826 ad
2613 773 2855 842 judicent
2904 780 3193 828 venturam
3248 791 3371 830 esse
3429 776 3580 830 dicit.

2009 855 2075 910 Et
2103 856 2281 913 Jacob'
2301 874 2424 914 cum
2467 862 2812 931 septuaginta
2843 862 3044 916 animis
3075 863 3128 916 in
3162 862 3456 933 Egyptum
3486 864 3584 919 de-

2010 943 2294 1000 scendisse
2318 985 2332 1009 ,
2371 961 2437 1001 ex
2480 947 2726 1004 historiis
2771 964 2873 1004 nos
2905 951 2995 1020 qui
3039 952 3378 1015 audimus”,
3416 955 3581 1009 etiam

2007 1046 2226 1087 carnem
2259 1049 2378 1089 cum
2410 1035 2606 1092 animis
2637 1037 3008 1106 intelligimus.
3038 1036 3128 1094 Sic
3160 1043 3321 1095 etiam
3342 1040 3580 1098 Verbum

2006 1137 2136 1178 caro
2174 1125 2378 1178 factum
2421 1132 2591 1181 totam
2624 1143 2748 1182 cum
2784 1144 2949 1183 carne
3000 1131 3292 1186 humanam
3329 1143 3579 1189 naturam

2005 1215 2324 1284 assumpsit.
2361 1215 2516 1271 Unde
2580 1225 2637 1270 ct
2680 1219 2895 1274 esurire
2947 1228 3001 1274 et
3055 1222 3228 1286 sitire,
3266 1222 3579 1285 formidare.

2002 1307 2377 1372 extimescere,
2401 1311 2809 1380 concupiscere,
2833 1311 3260 1380 obdormiscere,
3290 1317 3497 1370 turbari
3530 1325 3586 1371 et

2001 1398 2353 1471 illacrymari,
2397 1411 2449 1456 et
2485 1418 2606 1474 qua:
2667 1411 2795 1458 sunt
2845 1405 3116 1474 ejusmodi
3175 1407 3228 1460 in
3283 1422 3350 1462 eo
3399 1409 3579 1462 locum

2001 1489 2306 1544 habuerunt
2363 1510 2377 1547 :
2437 1508 2614 1564 neque
2641 1495 2785 1549 enim
2822 1494 3081 1550 divinitas
3125 1497 3343 1567 propria
3386 1509 3584 1554 natura

1999 1581 2134 1636 tales
2182 1581 2410 1638 affectus
2460 1586 2720 1654 suscipit;
2769 1601 2946 1656 neque
3001 1602 3129 1642 caro
3159 1604 3255 1658 per
3290 1604 3349 1644 se
3378 1589 3433 1644 in
3471 1590 3578 1644 illis

324 1667 515 1736 θεότης
548 1670 691 1718 κατὰ
724 1665 823 1734 τὴν
858 1665 991 1718 ἰδίαν
1026 1665 1185 1734 φύσιν
1234 1683 1285 1718 τι
1317 1667 1553 1722 τοιοῦτον
1581 1671 1894 1740 ἀναδέχεται

2000 1677 2099 1734 est,
2128 1671 2172 1725 si
2205 1672 2382 1727 anima
2414 1689 2538 1728 cum
2579 1690 2806 1746 corpore
2838 1691 2948 1731 non
2976 1684 3061 1732 est
3087 1679 3398 1748 conjuncta.

324 1755 514 1818 πάθος,
554 1754 679 1807 οὔτε
717 1754 838 1807 καθ’
871 1754 1071 1826 ἑαυτὴν
1094 1756 1126 1826 ἡ
1153 1753 1290 1824 σὰρξ
1322 1758 1378 1807 ὲν
1410 1758 1638 1823 ἐκείνοις
1663 1759 1892 1827 γίνεται,
1930 1745 1970 1798 Β

327 1845 398 1916 μὴ
425 1843 606 1914 ψυχῆς
642 1841 1117 1913 συνδιατιθεμένης
1139 1842 1214 1913 τῷ
1239 1844 1469 1914 σώματι.

391 1937 501 1990 Καὶ
535 1935 662 2006 περὶ
694 1935 792 2005 μὲν
833 1935 930 2005 τῆς
963 1936 1041 1996 είς
1088 1935 1178 1987 τὸν
1227 1937 1352 1989 Υίὸν
1399 1923 1744 2008 βλασφημίας
1773 1955 1896 1991 τοσ-
1970 1943 1976 1950 ’

323 2029 492 2081 αῦτα·
530 2027 729 2097 ἴδωμεν
763 2025 818 2078 δὲ
846 2026 940 2078 καὶ
967 2027 1068 2080 ὅσα
1095 2027 1224 2098 περὶ
1261 2027 1353 2080 τοῦ
1397 2027 1552 2096 ἁγίου
1585 2028 1898 2098 Πνεύματος

319 2120 676 2190 διεξέρχεται.
731 2117 887 2172 Μετά
936 2117 1112 2182 τοῦτο,
1152 2120 1541 2188 Πιστεύομεν,
1591 2121 1770 2190 φησὶν,
1812 2124 1900 2186 εἰς

321 2211 427 2265 τὸν
463 2211 862 2278 Παράκλητον
902 2209 968 2262 τὸ
1013 2211 1255 2279 Πνεῦμα
1288 2210 1398 2278 τῆς
1435 2212 1739 2280 ἀληθείας.
1759 2212 1900 2280 Ἐγὼ

319 2302 376 2355 δὲ
403 2302 560 2372 δῆλον
590 2297 747 2371 οἶμαι
781 2301 946 2354 πᾶσιν
973 2295 1114 2354 εἶναι
1151 2304 1264 2364 τοῖς
1296 2301 1731 2371 ἐντυγχάνουσιν,
1764 2304 1897 2373 πρὸς

324 2395 352 2448 ὅ
398 2411 452 2446 τι
488 2392 703 2462 βλέπων
738 2392 1080 2463 παρατρέπει
1103 2391 1201 2462 τὴν
1231 2391 1334 2444 ὑπὸ
1364 2393 1456 2445 τοῦ
1487 2395 1690 2464 Κυρίου
1724 2411 1899 2465 παρα-

321 2485 565 2540 δοθεῖσαν
591 2485 688 2556 τῆς
716 2484 954 2548 πίστεως
988 2483 1201 2538 ἔκθεσιν
1234 2485 1290 2535 ὲν
1321 2486 1430 2546 τοῖς
1466 2485 1593 2555 περὶ
1649 2485 1738 2538 τοῦ
1767 2485 1896 2539 Υίοῦ

325 2579 416 2630 καὶ
463 2577 676 2647 Πατρὸς
723 2575 922 2643 λόγοις.
979 2573 1090 2644 Τῆς
1142 2575 1368 2637 ἀτοπίας
1418 2575 1618 2646 ταύτης
1663 2577 1896 2645 ἀπελεγ-

320 2667 566 2738 χθείσης,
591 2669 740 2738 ὅμως
760 2667 816 2720 δὲ
847 2665 938 2719 καὶ
966 2665 1060 2719 νῦν
1088 2666 1154 2719 δι’
1175 2665 1368 2734 ὀλίγων
1387 2667 1474 2719 τὸν
1506 2667 1703 2720 σκοπὸν
1731 2665 1896 2721 αὑτοῦ

319 2758 423 2828 τῆς
475 2758 808 2827 κακουργίας
867 2756 1096 2827 φανερὸν
1150 2757 1483 2827 καταστῆσαι
1545 2757 1894 2827 πειράσομαι.

336 2846 428 2909 Ὠς
457 2850 566 2918 γὰρ
600 2850 711 2900 ἐκεῖ
741 2847 957 2918 Πατέρα
988 2848 1088 2900 οὐκ
1121 2843 1293 2910 εἶπεν,
1325 2848 1409 2900 ῖνα
1443 2846 1516 2916 μὴ
1547 2851 1612 2918 τῇ
1642 2848 1896 2918 ἀῖδιότητι

325 2937 424 2990 τοῦ
476 2939 687 3008 Πατρὸς
725 2938 811 2991 τὸν
849 2939 973 2991 Υἰὸν
1015 2937 1436 3008 συνενδείξηται,
1470 2939 1590 2991 οὐδὲ
1635 2939 1724 2991 τὸν
1771 2940 1898 2993 Υίὸν

322 3029 630 3095 ὠνόμασεν,
683 3029 767 3082 ἵνα
811 3029 886 3099 μὴ
926 3030 1024 3101 τὴν
1065 3031 1206 3084 κατὰ
1249 3031 1347 3100 τὴν
1386 3028 1544 3097 φύσιν
1594 3030 1897 3098 οἰκειότητα

316 3123 385 3192 τῇ
423 3123 574 3191 φωνῇ
604 3119 772 3192 ταύτῃ
802 3122 1235 3194 συμπαραστήσῃ
1257 3137 1272 3151 ⁸
1299 3121 1440 3174 οὕτω
1473 3121 1564 3173 καὶ
1591 3119 1682 3173 νῦν
1709 3121 1768 3173 οὐ
1808 3120 1895 3172 λέ-

319 3230 405 3280 γει
436 3213 663 3282 Πνεῦμα
708 3213 880 3280 ἅγιον,
933 3213 1020 3266 ἵνα
1067 3212 1141 3284 μὴ
1169 3213 1229 3266 τὸ
1275 3212 1558 3284 μεγαλεῖον
1600 3211 1698 3280 τῆς
1741 3209 1896 3281 δόξης

319 3304 481 3359 αὐτοῦ
529 3305 711 3357 καὶτὸ
761 3304 904 3359 κατά
953 3305 1129 3358 πάντα
1179 3304 1456 3374 ἡνωμένον
1502 3303 1674 3374 Πατρί
1708 3319 1764 3355 τε
1804 3303 1898 3356 καὶ

321 3395 434 3466 Titi)
459 3394 547 3448 διὰ
572 3395 667 3448 τοῦ
696 3395 956 3464 ὀνόματος
987 3395 1175 3449 τούτου
1206 3395 1632 3467 συνομολογήσῃ.
1681 3396 1896 3467 Ἐπειδὴ

318 3489 426 3560 γὰρ
450 3487 528 3558 τῷ
544 3491 658 3542 Πατ
668 3489 719 3559 ρ“ι
739 3489 831 3541 καὶ
850 3487 926 3558 τῷ
947 3489 1075 3558 Υἱῷ,
1095 3488 1235 3542 κατά
1259 3489 1317 3542 τὸ
1335 3485 1448 3541 ἴσον
1470 3490 1503 3560 ἦ
1529 3507 1586 3542 τε
1615 3489 1707 3542 τοῦ
1721 3491 1898 3544 [Irmi-

316 3595 504 3648 ματος
543 3580 637 3632 καὶ
686 3581 718 3649 ἡ
767 3579 861 3632 τοῦ
907 3579 1078 3650 ἁγίου
1119 3579 1308 3650 κλῆσις
1343 3580 1493 3652 παρά
1537 3581 1635 3651 τῆς
1678 3582 1898 3652 Γραφῆς

323 3671 694 3742 ἐφαρμόζεται
735 3671 988 3742 (πνεῦμα
1029 3672 1138 3743 γὰρ
1165 3675 1194 3726 ὁ
1231 3673 1382 3736 Θεὸς,
1413 3673 1507 3726 καὶ
1546 3672 1763 3743 πνεῦμα
1794 3673 1898 3744 πρὸ

295 3762 616 3834 ,προσώπου
664 3761 820 3834 ἡμῶν
858 3763 1089 3834 Χριστὸς
1132 3763 1354 3836 Κύριος,
1391 3765 1482 3818 καὶ
1512 3763 1664 3832 ἆγιος
1697 3764 1899 3834 Κύριος

321 3854 350 3906 δ
379 3853 532 3920 Θεὸς,
582 3854 674 3908 καὶ
702 3849 782 3918 εἷς
817 3854 990 3922 ἅγιος,
1023 3850 1102 3918 εἷς
1132 3854 1332 3927 Κύριος
1371 3853 1578 3925 Ἰησοῦς
1609 3853 1896 3926 Χριστὸς),

324 3947 408 4000 ἵνα
441 3949 517 4018 μή
547 3964 632 4010 τις
660 3946 888 4016 γένηται
929 3949 1040 4010 τοῖς
1081 3947 1368 4000 ἀκούουσιν
1391 3947 1547 4014 ἁγίου
1583 3944 1898 4016 Πνεύματος

322 4039 550 4110 εὐσεϐὴς
573 4038 662 4091 διὰ
690 4037 893 4092 τούτων
928 4038 1212 4110 ὑπόληψις,
1248 4040 1280 4108 ή
1313 4037 1401 4091 διὰ
1441 4037 1502 4090 τὸ
1543 4040 1895 4090 κοινωνεῖν“τε

320 4130 396 4200 τῷ
426 4131 603 4200 Πατρὶ
630 4129 722 4183 καὶ⁹
758 4130 836 4200 τῷ
878 4129 992 4201 Υίῷ
1036 4129 1137 4199 τῆς
1169 4129 1380 4196 ἐνδόξου
1415 4128 1660 4200 κλήσεως
1691 4129 1900 4198 ἐγγινο-

326 4221 457 4292 μένη
479 4238 490 4249 ·
523 4221 715 4275 τούτου
743 4222 901 4292 χάριν
927 4221 1447 4293 παρακρουσάμενος
1475 4220 1573 4292 τὴν
1602 4219 1770 4290 ἀκοὴν
1791 4218 1898 4271 τῶν

322 4313 583 4383 ἀνοήτων,
621 4312 718 4382 τῆς
753 4312 901 4384 παρά
949 4312 1082 4366 Θεοῦ
1126 4312 1545 4385 προεκτεθείσης
1578 4312 1810 4374 πίστεως
1840 4311 1898 4366 ὲν

2068 1935 2146 1988 Ac
2175 1934 2390 2004 quidem
2418 1935 2484 1990 de
2518 1935 2875 2006 blasphemia,
2907 1936 2958 1991 id
3001 1944 3106 2001 est,
3134 1937 3300 2008 impio
3325 1938 3577 1995 convicio

1997 2025 2052 2079 in
2086 2023 2280 2080 Filium
2327 2027 2419 2082 Dei
2460 2027 2574 2083 haec
2609 2030 2718 2083 sint
2752 2028 3019 2084 hactenus
3052 2030 3218 2084 dicta.
3243 2029 3360 2084 Jam
3396 2031 3578 2085 videa-

1999 2132 2120 2173 mus
2151 2134 2270 2187 quze
2302 2118 2371 2173 de
2422 2127 2613 2174 saneto
2659 2118 2863 2188 Spiritu
2913 2128 3213 2190 percenset.
3271 2121 3402 2176 Post
3449 2122 3573 2188 hoc,

1999 2206 2293 2273 Credimus,
2329 2211 2525 2280 inquit,
2555 2212 2606 2264 in
2641 2209 2977 2264 Paracletum
3025 2210 3278 2278 Spiritum
3315 2213 3572 2268 veritatis.

1999 2301 2108 2371 Ego
2135 2311 2315 2356 autem
2356 2303 2565 2356 clarum
2607 2318 2728 2356 esse
2751 2303 3007 2356 omnibus
3036 2303 3271 2356 arbitror
3310 2304 3402 2373 qui
3459 2305 3574 2359 haec

1998 2393 2204 2463 legunt,
2237 2395 2303 2448 ad
2338 2394 2467 2463 quid
2501 2395 2804 2463 respiciens
2834 2410 2864 2448 a
2893 2394 3121 2447 Domino
3159 2394 3277 2449 fidei
3316 2397 3572 2450 traditam

1997 2487 2388 2555 expasitioncm
2465 2488 2518 2540 in
2580 2486 2924 2542 sermonibus
2973 2485 3042 2539 de
3095 2484 3232 2540 Filio
3289 2494 3344 2540 et.
3414 2486 3575 2544 Patre

1999 2580 2277 2649 pervertit.
2335 2579 2596 2646 Quamvis
2655 2579 2819 2648 hujus
2884 2578 3197 2632 absurditas
3272 2580 3406 2634 satis
3457 2581 3568 2649 jam

2000 2667 2162 2721 fuerit
2212 2666 2464 2733 refutata,
2503 2683 2649 2721 nunc
2684 2677 2863 2721 tamen
2920 2668 3110 2736 paucis
3172 2668 3350 2722 verbis
3408 2668 3572 2738 huius

1998 2757 2210 2811 fallacis
2242 2759 2457 2812 astutia:
2513 2773 2736 2827 scopum
2775 2756 3079 2826 patefacere
3125 2774 3346 2829 operam
3402 2764 3566 2817 dabo.

2001 2848 2070 2904 Ut
2116 2849 2260 2902 enim
2299 2850 2409 2904 illic
2447 2848 2662 2902 Patrem
2704 2862 2813 2902 non
2879 2849 3038 2912 dixit,
3093 2865 3160 2904 ne
3220 2867 3341 2905 cum
3396 2851 3574 2911 Patris

1997 2938 2298 2993 aeternitate
2325 2937 2520 2991 Filium
2557 2939 2764 3007 pariter
2797 2937 3131 3004 ostenderet,
3168 2957 3340 3010 neque
3375 2943 3571 2999 Filium

2000 3029 2322 3093 nominavit,
2381 3044 2447 3082 ne
2483 3043 2599 3082 eam
2651 3041 2771 3097 quae
2827 3027 3127 3082 secundum
3191 3041 3439 3087 naturam
3468 3041 3574 3103 cst,

2002 3120 2420 3174 familiaritatem
2472 3128 2526 3173 et
2589 3119 3056 3174 necessitudinem
3109 3120 3212 3174 hac
3249 3139 3381 3177 voce
3410 3125 3574 3180 simul

1999 3219 2437 3282 repra-sentaret,
2495 3212 2574 3265 sic
2636 3217 2690 3264 et
2753 3226 2902 3264 nunc
2957 3227 3064 3265 non
3123 3212 3254 3266 dicit
3310 3215 3570 3284 Spiritum

1999 3316 2272 3369 sanctum,
2307 3320 2372 3358 ne
2399 3303 2739 3371 majestatem
2772 3303 2956 3372 gloria:
3002 3303 3176 3372 ipsius
3207 3312 3259 3358 et
3300 3306 3440 3372 quod
3478 3321 3575 3376 per

1997 3398 2178 3451 munia
2210 3395 2354 3449 Patri
2386 3402 2441 3448 et
2473 3392 2611 3448 Filio
2661 3394 2870 3447 unitum
2917 3401 3020 3453 est,
3060 3393 3162 3448 hoc
3209 3395 3328 3463 ipso
3354 3396 3574 3452 nomine

1998 3488 2248 3544 confiteri
2302 3493 2607 3557 cogeretur.
2639 3483 3085 3554 Quandoquidem
3141 3487 3284 3539 enim
3343 3486 3486 3540 Patri
3519 3496 3576 3541 et

1998 3579 2136 3633 Filio
2168 3593 2234 3632 ex
2264 3591 2421 3645 aequo
2444 3591 2567 3630 cum
2605 3573 2837 3644 Spiritus
2872 3581 2984 3628 tum
3012 3574 3172 3628 etiam
3205 3585 3382 3637 sancti
3429 3594 3572 3631 nun-

1998 3669 2217 3739 cupalio
2280 3669 2334 3720 in
2387 3682 2542 3720 sacra
2583 3664 2866 3734 Scriptura
2921 3665 3366 3720 accommodatur
3407 3665 3572 3736 (Deus

1997 3760 2142 3816 enim
2175 3765 2260 3813 est
2309 3758 2556 3827 spiritus,
2596 3764 2650 3809 et
2698 3755 2922 3824 spiritus
2967 3763 3092 3809 ante
3139 3772 3430 3824 personam
3469 3775 3571 3812 rio--

1998 3858 2166 3906 stram
2219 3848 2474 3903 Christus
2524 3846 2786 3901 Dominus
2839 3863 2852 3898 :
2925 3854 2978 3898 et
3036 3855 3258 3901 sanctus
3314 3847 3571 3905 Dominus

2001 3943 2164 4008 Deus,
2236 3950 2289 3997 et
2345 3956 2488 4014 unus
2556 3946 2817 4000 sanctus,
2883 3954 3026 3993 unus
3080 3937 3347 3995 Dominus
3404 3940 3570 3997 Jcsus

1998 4035 2293 4106 Christus).
2318 4051 2384 4089 ne
2413 4049 2518 4105 qua
2551 4032 2897 4090 audientibus
2932 4047 3027 4102 per
3057 4031 3170 4086 lure
3192 4034 3375 4096 verba,
3396 4031 3571 4100 Spiri-

1997 4137 2086 4184 tus
2120 4128 2294 4183 sam-ti
2327 4127 2413 4195 pia
2441 4133 2494 4179 et
2520 4123 2774 4192 religiosa
2828 4122 3241 4193 ingeneraretur
3266 4123 3470 4190 Opinio,
3505 4138 3568 4176 ex

1997 4234 2064 4274 eo
2107 4219 2271 4272 insita
2295 4216 2439 4286 quod
2465 4215 2699 4284 Spiritus
2728 4221 2951 4268 sanctus
2996 4227 3342 4265 communem
3377 4211 3572 4266 habeat

1999 4323 2124 4363 cum
2155 4305 2314 4360 Patre
2348 4315 2401 4358 et
2425 4303 2561 4358 Filio
2584 4304 2848 4357 illustrem
2881 4302 3323 4370 appellationem,
3368 4301 3572 4356 idcirco

320 4406 384 4474 τῇ
410 4403 709 4474 παραδόσει
730 4402 833 4464 ,τοῦ
867 4403 1164 4474 μυστηρίου
1197 4403 1527 4456 ύπαλλὰσσει
1557 4402 1620 4456 τά
1650 4403 1890 4473 ῥήματα-⁵

2000 4401 2337 4455 indoctorum
2361 4405 2414 4451 et
2443 4396 2737 4450 amentium
2757 4393 2998 4448 auditum
3019 4392 3210 4446 fallens
3237 4401 3289 4446 et
3321 4392 3568 4458 eludens,

319 4491 510 4562 ὥσπερ
559 4491 882 4562 ὁδοποιήσας
931 4492 1020 4546 διά
1067 4491 1168 4562 τῆς
1199 4492 1515 4556 ἀκολουθίας
1553 4493 1755 4562 ταύτης
1797 4492 1892 4563 τὴν

320 4583 458 4636 κατὰ
499 4581 596 4634 τοῦ
647 4581 958 4654 Πνεύματος
1004 4582 1099 4636 τοῦ
1149 4583 1304 4650 ἁγίου
1357 4584 1626 4638 ἀσέϐειαν.
1675 4586 1736 4636 Et
1787 4585 1894 4655 γὰρ

321 4674 468 4729 εἶπεν
494 4686 578 4739 ὅτι
597 4674 932 4746 Πιστεύομεν
959 4678 1036 4739 είς
1057 4675 1118 4729 τὸ
1145 4675 1366 4746 Πνεῦμα
1393 4676 1452 4728 τὸ
1474 4676 1647 4744 ἅγιον,
1671 4675 1896 4746 Πνεῦμα

320 4768 377 4821 δὲ
410 4771 438 4821 ὁ
470 4769 625 4832 Θεὸς,
664 4768 998 4838 ὑπέκρουσεν
1037 4769 1102 4822 ἂν
1135 4771 1162 4822 ὁ
1195 4768 1262 4822 τά
1291 4767 1409 4820 θεῖα
1442 4767 1892 4837 πεπαιδευμένος,

320 4861 400 4914 ὅτι
443 4862 508 4915 Εἰ
548 4861 655 4932 χρὴ
706 4859 981 4913 πιστεύειν
1039 4861 1116 4922 εἰς
1180 4859 1241 4912 τὸ
1295 4857 1521 4927 Πνεῦμα
1575 4857 1635 4910 τὸ
1703 4857 1892 4926 ἆγιον·

321 4953 538 5023 πνεῦμα
569 4953 632 5016 ,δὲ
665 4955 693 5005 ὁ
722 4952 853 5015 Θεὸς
887 4948 1241 5021 ὀνομάζεται·
1275 4950 1376 5002 οὐκ
1409 4949 1536 5003 ἄλλο
1554 4967 1605 5001 τι
1643 4949 1783 5002 κατὰ
1797 4948 1895 5020 τὴν

321 5045 480 5114 φύσιν
525 5045 694 5107 ἐστὶν,
725 5043 759 5113 ἢ
800 5043 974 5095 ἐκεῖνο
1007 5041 1224 5104 πάντως
1251 5040 1280 5093 ὃ
1310 5039 1399 5093 διὰ
1429 5039 1536 5093 τῶν
1570 5040 1749 5093 αὐτῶν
1782 5040 1899 5092 ὀνο-

323 5136 510 5204 μάτων
539 5133 744 5206 κυρίως
789 5131 1237 5203 κατονομάζεται.
1275 5132 1414 5184 Ὂσα
1437 5130 1544 5201 γὰρ
1579 5131 1637 5183 οὐ
1666 5130 1897 5200 ψευδῶς,

320 5226 440 5280 οὐδὲ
489 5228 555 5279 ἐκ
589 5225 1005 5295 καταχρήσεως,
1031 5223 1167 5276 ἀλλά
1197 5222 1398 5295 κυρίως
1443 5221 1547 5274 ὑπὸ
1582 5220 1689 5273 τῶν
1717 5220 1895 5281 αὐτῶν

321 5319 598 5390 ὀνομάτων
631 5316 905 5388 δηλοῦται,
955 5316 1159 5368 τούτων
1198 5313 1411 5384 ἀνάγκη
1443 5313 1590 5365 πᾶσα
1637 5311 1765 5382 μίαν
1803 5310 1898 5364 καὶ

322 5405 418 5475 τὴν
447 5405 618 5478 αὐτὴν
647 5403 1023 5476 ὁμολογεῖσθαι
1049 5401 1233 5472 φύσιν,
1279 5403 1378 5473 τὴν
1423 5405 1534 5466 τοῖς
1584 5401 1767 5463 αὐτοῖς
1801 5417 1897 5471 ση-

327 5497 658 5570 μαινομένην
688 5495 930 5565 ὀνὸμασι.
963 5494 1060 5548 Διά
1089 5495 1261 5549 ταῦτα
1295 5493 1575 5555 σιωπήσας
1609 5491 1704 5561 τὴν
1746 5491 1895 5564 παρὰ

392 5670 433 5701 ⁸⁵
465 5675 615 5732 Psal.
644 5689 794 5740 LXIV,
825 5675 877 5731 5.
952 5677 996 5709 "
1031 5673 1166 5730 Gen.
1210 5688 1354 5741 vai,
1376 5672 1480 5740 27;
1507 5673 1626 5728 Act.
1657 5688 1753 5735 vn,
1789 5671 1874 5727 14.

2001 4507 2030 4546 a
2062 4491 2170 4546 Deo
2191 4489 2454 4560 exposita:
2503 4487 2624 4540 fidei
2662 4487 2715 4538 in
2777 4484 3074 4538 traditione
3109 4484 3352 4553 mysterii
3405 4485 3571 4540 verba

2000 4583 2250 4636 immutat.
2301 4587 2354 4634 et
2397 4578 2638 4640 invertit,
2696 4587 2952 4644 tanquam
2993 4573 3084 4628 hic
3117 4574 3257 4628 viam
3318 4582 3572 4630 sternens

2000 4690 2097 4744 per
2127 4673 2269 4727 hanc
2291 4668 2736 4738 consequentiam
2765 4667 2831 4720 ad
2864 4667 3194 4736 impietatem
3219 4674 3409 4722 contra
3445 4667 3572 4739 Spi.

2001 4769 2164 4822 ritum
2198 4775 2468 4819 sanctum.
2497 4760 2554 4813 Si
2586 4760 2730 4814 enim
2775 4759 3010 4813 dixisset
3038 4758 3324 4814 Credimus
3351 4759 3404 4814 in
3447 4758 3573 4829 Spi-

2001 4859 2168 4912 ritum
2205 4862 2478 4916 sanctum,
2522 4851 2762 4920 Spiritus
2809 4859 2987 4904 autem
3035 4850 3173 4906 Deus
3210 4858 3323 4915 est;
3373 4851 3465 4920 qui
3514 4851 3568 4905 in

1999 4950 2200 5005 divinis
2225 4946 2476 5002 eruditus
2515 4950 2628 5008 est,
2663 4945 3092 5010 subcrt-puisset,
3125 4941 3182 4993 Si
3220 4943 3272 4995 in
3305 4941 3567 5011 Spiritum

2000 5048 2248 5097 sanctum
2290 5036 2617 5092 credendum
2662 5042 2744 5088 est
2770 5034 3037 5102 ,Spiritns
3075 5039 3255 5084 autem
3297 5031 3436 5086 Deus
3469 5046 3572 5085 no-

2001 5129 2261 5188 minatur,
2323 5140 2431 5179 non
2463 5123 2610 5177 aliud
2665 5121 2793 5192 quid
2832 5120 3128 5175 secundum
3168 5129 3416 5174 naturam
3485 5125 3570 5171 est

2001 5219 2092 5273 ille
2129 5216 2355 5288 omnipo
2385 5215 2478 5284 qui
2516 5229 2610 5284 per
2633 5211 2830 5267 eadem
2867 5212 3086 5266 nomina
3131 5208 3568 5278 cognominatur.

2001 5308 2135 5363 Nam
2189 5321 2532 5378 quaecunque
2578 5320 2685 5358 non
2740 5303 2896 5368 falso,
2953 5317 3051 5356 nec
3098 5316 3160 5353 ex
3218 5299 3416 5358 abusa,
3476 5298 3570 5351 sed

2002 5401 2221 5472 proprie
2272 5413 2368 5469 per
2432 5397 2618 5453 eadem
2665 5395 2884 5450 nomina
2934 5392 3319 5450 declarantur,
3373 5385 3570 5440 borum

2004 5505 2166 5546 unam
2195 5489 2548 5558 eamdemque
2568 5494 2818 5542 naturam
2851 5495 3074 5537 necesse
3114 5485 3195 5531 est
3239 5475 3462 5532 omnino
3493 5475 3574 5532 fa-
3616 5548 3619 5551 γ
