4068 6148
469 279 571 338 851

1677 268 1735 323 8.
1775 265 2102 324 GREGOBII
2157 263 2451 321 NYSSENI

3619 259 3726 315 552

471 395 600 460 teri,
623 407 746 465 quae
764 391 956 448 iisdem
973 389 1289 446 nominibus
1316 388 1679 460 signiﬁcatur.
1707 385 2052 458 Quapropter

2154 383 2245 438 τοῦ
2282 383 2486 454 Κυρίου
2542 377 2988 450 νομοθετηθεῖσαν
3058 380 3115 432 ὲν
3156 381 3222 450 τῇ
3281 378 3460 432 πίστει
3519 377 3722 448 φωνὴν,

476 484 694 543 silentio
717 482 913 534 tacitus
938 479 1221 535 involvens
1247 495 1278 534 a
1308 479 1537 535 Domino
1565 479 1621 533 in
1649 477 1752 533 ﬁde
1783 479 2050 548 prolatam

473 584 530 632 et
551 574 903 630 constitutam
929 586 1141 634 vocem,
1165 570 1462 637 Credimus,
1489 569 1690 640 inquit,
1717 571 1772 624 in
1799 568 2044 622 Pararle-

472 677 603 729 tum,
637 664 692 718 id
719 671 822 728 est,
877 665 1278 718 consolatorem
1334 671 1387 717 et
1421 661 1884 717 conﬁrmatorem.
1939 657 2052 728 Ego

471 765 654 813 autem
690 756 746 809 in
768 754 1320 822 divinitusinspirata
1351 753 1638 821 Scriptura
1697 750 1800 804 hoc
1853 763 2052 802 nomen

469 863 596 905 esse
623 860 912 901 commune
944 843 1126 899 Patris
1153 852 1208 899 et
1239 844 1360 898 Filii
1388 843 1578 897 didici.
1614 840 1786 896 Filius
1811 841 1954 895 enim
1984 854 2052 893 ex

470 953 629 1009 sequo
655 947 710 992 et
729 937 804 992 sei
815 950 970 1005 psum
1003 943 1171 1005 atque
1199 934 1363 989 etiam
1397 935 1660 1003 Spiritum
1686 940 1934 988 sanctum
1960 947 2056 985 no-

470 1031 648 1084 minat
675 1029 1039 1092 Paraeletum,
1066 1029 1120 1083 id
1161 1036 1268 1093 est,
1313 1028 1736 1082 consolatorem.
1779 1023 1939 1084 Pater
1961 1039 2056 1080 ve-

474 1136 538 1175 ro
560 1137 656 1192 per
689 1136 812 1190 quae
832 1129 1090 1191 operatur
1125 1120 1469 1190 paraclesim,
1501 1119 1556 1172 id
1599 1127 1682 1172 est
1728 1117 2052 1170 consolatio-

473 1231 612 1277 nem,
669 1229 866 1270 nomen
928 1216 1212 1284 paracleti,
1263 1214 1315 1268 id
1385 1223 1471 1270 est
1511 1213 1886 1274 consolatorie,
1947 1211 2053 1266 sibi

474 1318 703 1374 prorsus
741 1304 999 1358 vindicat.
1043 1303 1162 1357 Non
1214 1305 1357 1359 enim
1417 1304 1512 1374 qui
1555 1318 1696 1375 opus
1721 1303 1978 1372 paracleti
1999 1309 2053 1356 et

474 1393 840 1449 consolatoris
873 1392 1002 1446 facit
1037 1430 1050 1453 ,
1093 1405 1290 1448 nomen
1345 1397 1530 1464 operis
1585 1393 1928 1466 dedignatur.
1991 1391 2054 1446 Et

478 1483 625 1536 enim
653 1481 818 1535 David
850 1483 914 1535 ad
948 1481 1307 1534 Patremdicit
1336 1500 1349 1535 :
1383 1481 1481 1547 Tu,
1505 1498 1535 1534 ο
1563 1481 1798 1546 Domine,
1831 1480 2058 1534 auxilia-

479 1582 562 1626 tus
611 1589 664 1626 es
706 1572 834 1626 mihi
882 1581 929 1626 et
979 1573 1282 1626 consolatus
1334 1588 1388 1626 es
1449 1588 1528 1625 me
1551 1573 1689 1636 ’θ-θτ,
1722 1580 1776 1627 et
1825 1587 2054 1643 magnus

473 1664 770 1732 Apostolus
803 1664 990 1716 eadem
1017 1662 1086 1717 de
1114 1661 1275 1716 Patre
1313 1670 1582 1728 recenset,
1603 1661 1730 1716 dum
1757 1663 1912 1728 dicit,
1955 1661 2054 1715 Be-

2150 475 2539 542 Πιστεύομεν,
2572 473 2755 540 φησιν,
2792 473 2877 535 είς
2905 474 3010 524 τὸν
3040 470 3446 538 παράκλητον.
3495 470 3640 538 Ἐγὼ
3669 471 3726 523 δι

2151 567 2245 621 καὶ
2272 566 2405 620 αὐτὸ
2430 564 2586 618 τοῦτο
2612 564 2670 616 τὸ
2683 563 2852 632 ὄνομα
2877 563 3054 616 κοινὸν
3083 564 3284 633 ἔμαθον
3310 558 3449 616 εἶναι
3465 564 3729 633 παρὰτῆς

2153 656 2506 710 θεοπνεύστου
2538 655 2779 726 Γραῂς,
2812 654 3021 724 Πατρός
3049 671 3107 706 τε
3139 654 3231 706 καὶ
3267 653 3399 706 Υίοῦ
3432 654 3526 708 καὶ
3558 653 3728 706 Πνεύ-

2157 763 2326 815 ματος
2368 745 2544 813 ἁγίου.
2590 743 2647 797 '0
2688 743 2796 812 γὰρ
2841 743 2969 804 Υἱὸς
2997 742 3192 812 ἐπίσης
3231 744 3421 797 ἑαυτόν
3453 761 3512 796 τε
3542 745 3638 796 καὶ
3670 744 3730 797 τὸ

2153 837 2380 906 Πνεῦμα
2415 837 2476 889 τὸ
2509 835 2662 904 ἅγιον
2703 833 2956 904 ὀνομάζει
2998 834 3366 905 Παράκλητον.
3405 835 3464 888 '0
3507 836 3562 889 δὲ
3611 837 3728 890 Πα-

2153 931 2257 1003 τὴρ
2289 930 2353 983 δι’
2384 922 2459 982 ὧν
2497 929 2708 998 ἐνεργεῖ
2729 925 2824 998 τὴν
2865 926 3226 998 παράκλησιν,
3274 929 3564 981 οἰκειοῦται
3593 929 3730 983 πάν-

2153 1039 2261 1086 τως
2292 1020 2386 1074 τοῦ
2416 1018 2762 1091 παρακλήτου
2803 1019 2864 1070 τὸ
2892 1018 3079 1088 ὄνομα.
3128 1019 3200 1071 Ού
3231 1018 3339 1088 γὰρ
3370 1019 3432 1090 δὴ
3462 1020 3522 1072 τὸ
3569 1020 3730 1090 ἔργον

2155 1114 2321 1168 ποιῶν
2351 1112 2444 1164 τοῦ
2478 1109 3084 1181 παρακλήτου,ἀπαξιοί
3121 1109 3214 1162 τοῦ
3248 1111 3409 1180 ἔργου
3444 1113 3505 1165 τὸ
3536 1114 3722 1182 ὄνομα.

2158 1207 2225 1258 Ὅ
2265 1222 2326 1258 τε
2359 1203 2468 1274 γὰρ
2509 1201 2674 1256 Δαϐὶδ
2723 1201 2858 1271 πρὸς
2915 1201 3006 1254 τὸν
3037 1203 3255 1272 Πατέρα
3305 1205 3486 1274 φησιν,
3536 1206 3617 1258 ὃτι
3645 1207 3727 1260 Σὺ

2153 1292 2690 1364 Κύριε,ἐὸοήθησάς
2725 1311 2827 1362 μοι
2859 1295 2952 1346 καί
2980 1293 3397 1362 παρεκάλεσάς
3425 1313 3503 1365 με
3522 1314 3534 1327 ·
3567 1299 3658 1352 καὶ
3701 1301 3730 1352 ὁ

2158 1387 2330 1458 μέγας
2371 1384 2689 1447 Ἀπόστολος
2717 1383 2786 1436 τὰ
2837 1384 2975 1437 αὐτὰ
3004 1388 3128 1456 περὶ
3155 1387 3248 1439 τοῦ
3285 1377 3497 1458 Πατρὸς
3527 1388 3730 1461 διεξέρ-

2155 1495 2326 1550 χεται,
2356 1478 2547 1546 λέγων,
2598 1477 2940 1547 Εὐλογητὸς
2983 1481 3015 1531 ὁ
3050 1479 3193 1545 Θεὸς
3235 1479 3332 1533 καί
3381 1482 3583 1548 Πατὴρ
3625 1483 3729 1537 τοῦ

2155 1571 2376 1638 Κυρίου
2392 1568 2560 1639 ἡμῶν
2591 1569 2794 1631 Ἰησοῦ
2826 1570 3100 1637 Χριστοῦ,
3134 1574 3166 1624 ὀ
3195 1572 3560 1640 παρακαλῶν
3574 1574 3731 1643 ἡμᾶς

2155 1664 2252 1716 ἐπὶ
2291 1661 2457 1730 πάσῃ
2490 1661 2564 1728 τῇ
2595 1662 2793 1729 θλίψει
2823 1661 3008 1728 ἡμῶν.
3047 1663 3150 1714 Τὸν
3184 1663 3239 1714 δὲ
3268 1663 3396 1715 Υἱὺν
3421 1667 3448 1716 ὁ
3479 1665 3730 1737 Ἰωάννης

475 1753 712 1808 nedictus
750 1753 887 1806 Deus
931 1763 980 1806 et
1028 1753 1192 1807 Pater
1218 1753 1435 1811 Domini
1479 1756 1647 1810 nostri
1676 1753 1804 1809 Jesu
1833 1753 2052 1818 Christi,

2157 1757 2213 1807 ἐν
2246 1755 2342 1826 μιᾷ
2368 1753 2473 1806 τῶν
2498 1752 2814 1805 Καθολικῶν
2852 1753 3176 1807 Ἐπιστολῶν
3208 1754 3499 1826 διαρρήδην
3536 1757 3732 1829 ὀνομά-

474 1846 564 1915 qui
608 1845 912 1899 consolatur
961 1861 1054 1898 nos
1108 1846 1163 1898 in
1217 1849 1357 1899 omni
1389 1846 1725 1901 tribulatione
1755 1860 1937 1900 nostra
1959 1845 2051 1901 ’δε

476 1933 676 1988 Filium
715 1944 894 1988 autem
926 1934 1164 1990 Joannes
1197 1935 1250 1989 in
1281 1952 1388 1990 una
1409 1936 1812 1991 Catholicarum
1843 1933 2056 2004 Episto-

473 2028 652 2081 larum
681 2035 868 2097 aperte
902 2029 1142 2080 nominat
1169 2028 1500 2096 paracletum
1527 2028 1595 2094 ",
1634 2027 1688 2079 id
1733 2037 1818 2082 est
1865 2044 2055 2080 conso-

479 2118 717 2171 latorem.
748 2119 922 2186 Atque
964 2119 1083 2186 ipse
1126 2117 1386 2174 Dominus
1418 2133 1513 2187 per
1547 2134 1611 2173 ea
1658 2120 1818 2172 verba
1858 2118 2057 2190 quibus

479 2209 635 2274 dixit,
668 2226 726 2263 se
754 2209 918 2261 alium
959 2208 1117 2262 nobis
1148 2208 1442 2262 missurum
1485 2223 1610 2264 esse
1654 2209 1985 2278 paracleturn
2015 2209 2055 2274 ί,

478 2301 531 2357 id
553 2310 658 2367 est,
691 2300 1100 2362 consolatorem,
1135 2299 1201 2355 de
1258 2299 1465 2370 Spiritu
1504 2302 1754 2370 loquens,
1787 2301 1842 2355 in
1877 2302 2058 2371 seipse

2157 1845 2238 1910 ζει
2268 1845 2631 1916 παράκλητον.
2672 1846 2780 1898 Καὶ
2812 1845 2971 1908 αὐτὸς
3015 1845 3073 1898 δὲ
3108 1847 3136 1898 ὁ
3161 1846 3384 1918 Κύριος,
3419 1849 3486 1902 δι’
3510 1845 3585 1906 ὧν
3610 1848 3730 1907 εἷπε

2157 1938 2253 1991 καὶ
2297 1937 2453 1991 ἄλλον
2506 1935 2852 2009 παράκλητον
2892 1938 3022 2007 ἡμῖν
3067 1938 3552 2010 ἀποσταλήσεσθαι,
3604 1943 3734 2014 περὶ⁸

2156 2028 2247 2082 τοῦ
2282 2028 2598 2098 Πνεύματος
2629 2027 2822 2096 λέγων,
2854 2028 2938 2094 ἐφ’
2981 2027 3171 2080 ἑαυτοῦ
3216 2029 3433 2094 πάντως
3469 2031 3528 2085 τὸ
3562 2032 3734 2105 ὄνομα

2156 2117 2312 2172 τοῦτο
2337 2117 2775 2188 προωμολόγησε.
2806 2117 3006 2187 Διπλῆς
3029 2117 3085 2170 δὲ
3111 2117 3273 2189 οὔσης
3294 2120 3393 2188 τῆς
3421 2120 3514 2174 τοῦ
3543 2137 3733 2190 παρα-

2158 2209 2368 2263 καλεῖν
2399 2208 2693 2279 σημασίας,
2730 2210 2857 2278 μιᾶς
2904 2209 3021 2280 μὲν,
3047 2209 3133 2262 διὰ
3165 2209 3270 2265 τῶν
3304 2212 3607 2282 τιμητικῶν
3638 2215 3734 2283 ρη-

2163 2301 2347 2372 μάτων
2375 2317 2436 2354 τε
2463 2301 2556 2355 καὶ
2589 2301 2904 2371 σχημάτων,
2949 2301 3086 2370 ὑπὲρ
3116 2294 3190 2354 ὧν
3217 2302 3280 2354 ἄν
3313 2319 3455 2366 τινος
3491 2304 3735 2373 δεόμενοι

480 2403 710 2461 prcrsus
734 2391 837 2444 hoc
867 2405 1064 2445 nomen
1105 2401 1230 2446 ante
1265 2390 1554 2447 confessus
1585 2400 1686 2447 est.
1715 2391 1848 2447 Cum
1879 2400 2052 2447 autem

2159 2397 2446 2465 τύχωμεν,
2489 2394 2570 2454 είς
2622 2391 2965 2462 συμπάθειαν
3001 2393 3161 2445 αὑτὸν
3206 2395 3570 2461 ἐπαγόμενοι·
3619 2397 3738 2449 ἑτέ-

481 2481 645 2550 hujus
667 2481 812 2535 verbi
841 2481 1179 2552 παρακαλεῖν
1204 2482 1513 2554 (consolari)
1545 2482 1616 2538 sit
1638 2483 1832 2552 duplex
1861 2483 2052 2554 signiﬁ-

2163 2503 2262 2558 ρας
2287 2484 2343 2538 δὲ
2368 2487 2466 2553 τῆς
2494 2485 2892 2554 θεραπευτικῆς
2918 2482 3026 2535 τῶν
3052 2482 3296 2553 ψυχικῶν
3333 2502 3391 2538 τε
3425 2487 3520 2538 καὶ
3554 2503 3738 2556 σωμαο

480 2574 643 2639 catio,
664 2589 770 2626 una
790 2574 1007 2642 quidem
1036 2589 1130 2643 per
1147 2574 1444 2628 honorilica
1471 2576 1632 2627 verba
1653 2582 1705 2628 et
1727 2575 1924 2646 ﬁguras
1947 2573 2052 2644 qui-

2160 2577 2326 2630 τικῶν
2371 2575 2708 2646 παθημάτων
2747 2573 3006 2638 ἐπινοίας,
3044 2575 3153 2628 τῶν
3192 2577 3311 2629 καθ’
3347 2579 3606 2648 ἑκάτερον
3643 2596 3738 2649 ση-

479 2665 582 2719 bus
603 2681 726 2718 eum
743 2681 851 2732 quo
873 2664 1178 2733 indigemus
1208 2665 1272 2718 ad
1293 2666 1821 2719 commiscrationem
1845 2665 2052 2719 adduci-

2165 2670 2503 2738 μαινομένων
2533 2667 2726 2736 ἐπίσης
2755 2667 2788 2736 ή
2824 2667 2950 2734 ἁγία
2983 2668 3020 2719 Γ
3025 2666 3170 2739 ρσφὴ
3215 2673 3629 2741 προσμαρτυρεῖ
3671 2673 3736 2742 τῇ

479 2772 604 2812 mus
628 2764 682 2811 et
713 2755 982 2810 ﬂectimus
1009 2773 1022 2809 :
1052 2757 1220 2810 altera
1246 2771 1374 2809 vero
1401 2757 1592 2810 notitia
1629 2757 1870 2812 curati-ix
1895 2766 1978 2812 est
2009 2766 2052 2812 et

2164 2763 2284 2833 θείᾳ
2318 2763 2473 2831 φύσει
2521 2761 2614 2814 τοῦ
2665 2763 3013 2832 παρακλήτου
3057 2762 3155 2833 τὴν
3211 2764 3432 2818 ἔννοιαν.
3480 2764 3598 2818 Νῦν
3641 2767 3739 2836 μὲν

480 2848 723 2902 sanatrix
760 2846 1114 2900 aﬂlictionum
1161 2848 1327 2901 animi
1356 2856 1409 2901 et
1438 2849 1721 2917 corporis;
1777 2849 2052 2918 utriusque

2162 2854 2267 2926 γὰρ
2297 2855 2323 2906 ὁ
2355 2852 2562 2915 Παῦλος
2599 2852 2698 2918 τὴν
2741 2854 2988 2923 ἰατρικὴν
3029 2853 3186 2922 ἡμῶν
3218 2855 3307 2906 τοῦ
3340 2855 3473 2908 Θεοῦ
3507 2856 3738 2928 δύναμιν

481 2939 771 3009 signiﬁeati
800 2955 866 2994 ex
891 2953 1048 3009 aequo
1085 2948 1274 2992 sancta
1312 2939 1591 3008 Scriptura
1627 2950 1832 2994 natura:
1866 2942 2052 2996 divinae

2162 2945 2249 2998 διὰ
2281 2945 2380 3014 τῆς
2428 2943 2826 3013 παρακλήσεως
2871 2945 3000 3013 ἡμῖν
3048 2945 3365 3016 παρίστησι,
3414 2947 3623 3016 λέγων·
3676 2952 3740 3003 '0

480 3031 755 3085 notionem
778 3031 1032 3100 paracleti
1057 3032 1312 3100 assignat.
1335 3028 1493 3084 Modo
1512 3031 1728 3100 quidem
1748 3031 1949 3086 Paulus
1967 3032 2052 3087 Dei

2163 3027 2528 3098 παρακαλῶν
2577 3030 2712 3094 τοὺς
2735 3031 3067 3095 ταπεινοὺς,
3124 3035 3538 3100 παρεκάλεσεν
3580 3038 3741 3106 ἡμᾶς

481 3124 804 3178 sanatricem
829 3124 999 3177 nostri
1020 3124 1272 3176 virtutem
1299 3138 1392 3192 per
1417 3124 1736 3192 paraclesim
1762 3139 2052 3194 repraesen-

2163 3119 2232 3171 ἐν
2263 3117 2337 3185 τῇ
2367 3119 2668 3185 παρουσίᾳ
2707 3119 2894 3174 Τίτου.
2946 3121 3113 3175 Πάλιν
3150 3123 3204 3176 δὲ
3239 3125 3377 3178 κατὰ
3408 3126 3506 3198 τὴν
3547 3129 3756 3199 ἑτέραν·

480 3223 578 3276 tat,
598 3214 802 3278 dicens,
838 3213 1515 3280 Quiconsolaturhumites,
1544 3215 1845 3270 consolatus
1866 3227 1941 3270 est
1970 3233 2052 3272 no:

2162 3209 2398 3262 διάνοιαν
2423 3209 2557 3279 πρὸς
2584 3210 2708 3272 τοὺς
2735 3210 3048 3280 Κορινθίους
3077 3214 3322 3282 γράφων,
3351 3215 3521 3269 ταῦτα
3556 3218 3741 3283 διέξει-

480 3307 620 3363 Deus
651 3307 705 3359 in
731 3305 953 3359 adventu
987 3304 1150 3359 Titi'.
1184 3303 1398 3358 Rursus
1427 3306 1479 3358 in
1511 3308 1682 3361 altera
1711 3307 2052 3378 intelligentia

2165 3315 2267 3357 σιν,
2307 3298 2387 3350 ὅτι
2430 3297 2596 3365 Ὑπὲρ
2627 3299 2880 3366 Χριστοῦ
2904 3302 3308 3368 πρεσϐεύομεν
3331 3302 3410 3367 ὡς
3436 3303 3542 3357 τοῦ
3588 3306 3739 3359 Θεοῦ

481 3401 594 3453 sive
620 3398 1016 3468 signiﬁcatione
1034 3397 1099 3449 ad
1115 3395 1429 3450 Corinthios
1449 3396 1697 3452 scribens
1723 3397 1835 3451 haec
1853 3410 2052 3465 narrat,

2163 3390 2657 3456 παρακαλοῦντος
2683 3389 2757 3442 δι’
2781 3388 2968 3458 ἡμῶν.
2995 3392 3246 3460 Δεόμεθα
3277 3393 3428 3461 ὑπὲρ
3455 3395 3734 3462 Χριστοῦ,

480 3489 590 3545 Pro
605 3489 812 3542 Christo
831 3487 1084 3556 legatione
1100 3487 1366 3555 fungimur
1379 3497 1624 3556 tanquam
1641 3487 1745 3541 Deo
1757 3491 2052 3545 exhortante

2154 3480 2577 3550 καταλλάγητε
2605 3480 2683 3546 τῷ
2713 3480 2853 3546 Θεῷ.

480 3597 573 3648 per
593 3579 1062 3632 nos.0bsecramus
1089 3595 1183 3647 pro
1205 3578 1437 3644 Christo,
1455 3583 1870 3636 reconciliamini
1895 3584 1998 3638 Deo
2016 3585 2059 3639 ³.

553 3673 684 3734 Qua?
716 3685 838 3722 cum
873 3671 944 3722 ila
977 3670 1107 3732 sim.
1153 3674 1712 3746 quomodocunqueiu
1736 3675 1940 3744 Spiritu
1967 3693 2052 3731 no-

2232 3662 2448 3715 Τούτων
2507 3659 2600 3715 οὖν
2646 3661 2818 3723 οὕτως
2865 3661 3126 3730 ἑχόντων,
3183 3663 3329 3725 ὅπως
3380 3662 3445 3715 ἂν
3495 3663 3590 3718 ἐπὶ
3644 3666 3736 3719 τοῦ

482 3775 606 3815 men
643 3760 908 3814 Paracleti
949 3761 1306 3825 intellexeris,
1360 3777 1468 3817 non
1522 3779 1550 3818 a
1586 3762 1766 3820 Patris
1827 3765 2052 3838 Filiique

2162 3755 2474 3824 Πνεύματος
2521 3754 2718 3824 νοήσῃς
2748 3753 2842 3806 τοῦ
2897 3754 3248 3824 παρακλήτου
3294 3755 3354 3806 τὸ
3402 3755 3593 3826 ὄνομα,
3639 3759 3737 3828 τῆς

483 3854 868 3908 connnunione
919 3853 1218 3909 secundum
1275 3861 1569 3925 utrumque
1628 3858 2052 3928 signiﬁcatorum

2158 3847 2252 3901 τοῦ
2283 3847 2492 3918 Πατρός
2525 3863 2582 3898 τε
2614 3847 2708 3899 καὶ
2735 3845 2829 3898 τοῦ
2872 3845 3002 3896 Υίοῦ
3049 3845 3347 3908 κοινωνίας,
3379 3845 3501 3900 καθ’
3549 3849 3739 3901 ἑκάτε-

481 3944 748 4000 discedes.
779 3943 895 3998 Non
922 3945 1090 4014 igitur
1111 3945 1164 3998 in
1193 3945 1294 3999 hac
1337 3955 1492 4015 parte
1517 3963 1691 4017 neque
1722 3949 1910 4003 volens
1945 3949 2052 4019 Spi-

2165 3958 2255 4011 ρον
2283 3941 2390 3993 τῶν
2424 3937 2860 4011 σημαινομένων,
2891 3939 2990 3990 οὐκ
3040 3939 3388 4008 άποστήσεις.
3438 3940 3649 3994 Οὐκοῦν
3679 3943 3737 3994 ὲν

479 4036 621 4090 ritus
647 4033 818 4088 sancti
845 4033 1073 4102 gloriam
1096 4031 1404 4101 deprimere
1436 4035 1634 4104 potuit,
1662 4035 1794 4089 illud
1827 4038 1875 4090 ei
1901 4039 2052 4091 attri-

2157 4029 2235 4100 τῷ
2266 4031 2422 4101 μέρει
2446 4030 2616 4100 τούτῳ
2646 4029 2766 4082 οὐδὲ
2792 4027 3109 4098 βουλόμενος
3144 4029 3605 4100 κατασμικρύνειν
3639 4033 3736 4103 τὴν

480 4124 654 4179 buens
671 4123 814 4192 quod
833 4123 1049 4192 quidem
1079 4120 1224 4174 Patri
1254 4130 1308 4174 et
1335 4121 1473 4177 Filio
1497 4118 1744 4179 a'sancta
1776 4124 2052 4195 Scriptura

2157 4121 2249 4175 τοῦ
2289 4122 2444 4191 ἁγίου
2479 4120 2792 4189 Πνεύματος
2820 4119 2974 4184 δόξαν
3005 4119 3307 4189 δεδύνηται,
3357 4123 3530 4176 έκεῖνο
3563 4140 3736 4193 προσ-

483 4215 796 4271 ascribitur.
831 4213 1094 4283 Spiritum
1129 4220 1308 4266 autem
1339 4213 1582 4266 veritatis
1607 4229 1730 4266 cum
1784 4214 1918 4268 dixit
1947 4216 2052 4269 Eu-

2160 4214 2450 4286 μαρτυρῶν
2501 4211 2667 4282 αὐτῷ,
2702 4213 2837 4283 ὅπερ
2880 4212 2974 4266 καὶ
3020 4212 3098 4282 τῷ
3147 4212 3320 4281 Ilasz
3362 4215 3453 4266 καὶ
3500 4214 3576 4282 τῷ
3622 4215 3732 4284 Υίῷ

481 4306 717 4370 nomius,
755 4306 870 4373 ipse
896 4303 1138 4374 quidem,
1171 4305 1313 4358 sicut
1347 4304 1560 4373 opinor,
1598 4304 1700 4359 hac
1729 4321 1859 4361 voce
1884 4308 2052 4362 voluit

2156 4307 2309 4377 παρὰ
2341 4306 2440 4373 τῆς
2467 4305 2625 4372 ἁγίας
2655 4305 2876 4374 Γραφῆς
2902 4303 3231 4356 ἀνατίθεται.
3271 4305 3492 4374 Πνεῦμα
3516 4305 3571 4357 δὲ
3598 4305 3733 4375 ἀλη-

480 4397 610 4467 quid
637 4397 915 4451 subditum
951 4403 1219 4451 astruere.
1250 4394 1531 4466 Siquidem
1567 4398 1769 4451 veritas
1801 4398 2052 4455 Christus

2159 4396 2306 4459 θείας
2335 4394 2502 4448 εἰπὼν
2545 4393 2825 4461 Εὐνόμιος,
2859 4392 3020 4455 αὐτὸς
3053 4393 3173 4463 μὲν,
3211 4393 3287 4454 ὡς
3312 4388 3482 4462 οἶμαι,
3509 4392 3570 4444 τὸ
3599 4393 3736 4447 ὐπο-

482 4497 591 4545 est.
622 4486 771 4541 illum
823 4496 1000 4541 autem
1036 4487 1301 4558 Spiritum
1332 4489 1576 4544 veritatis
1609 4489 1930 4544 nominavit.
1976 4491 2052 4546 Ac

2155 4487 2357 4558 χείριον
2387 4483 2658 4555 ἠϐουλήθη
2701 4485 2788 4536 διὰ
2818 4485 2917 4552 τῆς
2949 4484 3206 4552 τοιαύτης
3243 4486 3592 4554 παραστῆσαι
3623 4503 3735 4554 φω-

482 4578 527 4633 si
563 4578 685 4647 quis
710 4577 854 4631 dicat
885 4589 1192 4632 creaturam
1231 4579 1477 4634 veritatis
1513 4595 1635 4634 esse
1665 4588 1716 4634 et
1751 4581 2050 4646 subditum,

479 4668 732 4721 nesciens
781 4668 924 4737 quod
979 4667 1120 4721 Deus
1155 4669 1366 4737 justitia
1423 4669 1652 4736 dicitur;
1711 4686 1888 4740 neque
1921 4687 2055 4728 sane

482 4765 784 4812 creaturam
812 4759 1040 4827 justitia:
1084 4758 1250 4812 Deum
1291 4760 1667 4830 intelligimus.
1717 4763 1897 4826 Quare
1925 4777 2050 4816 cum

476 4849 744 4921 Spiritum
764 4850 1008 4903 veritatis
1028 4849 1341 4914 didicimus,
1375 4850 1478 4905 hac
1500 4867 1629 4906 voce
1666 4853 1774 4906 Deo
1799 4853 2049 4907 decoram

480 4937 893 5005 intelligentiam
949 4939 1280 5008 accepimus,
1321 4940 1472 4993 illato
1515 4956 1768 4995 sermone
1795 4941 1862 4995 ad
1901 4956 2055 5012 pra:-

478 5029 719 5085 stantius
773 5035 827 5081 et
885 5029 1078 5082 melius
1108 5031 1262 5098 quasi
1313 5045 1475 5086 manu
1529 5033 1699 5089 ducti.
1731 5033 1866 5086 Cum
1904 5032 2052 5086 enim

478 5120 614 5173 dixit
647 5116 1210 5188 Dominus,8piritum
1233 5122 1488 5182 veritatis,
1529 5123 1712 5177 statim
1745 5123 2051 5191 subiunxit,

475 5212 565 5280 qui
613 5228 647 5264 a
702 5209 865 5263 Patre
901 5209 1137 5278 procedit
1161 5211 1201 5262 ⁸.
1233 5211 1385 5274 Quod
1418 5213 1634 5281 quidem
1686 5213 1819 5267 nulli
1857 5227 2045 5267 eorum

478 5317 597 5370 quae
624 5303 677 5355 in
713 5303 992 5356 creatione
1020 5301 1507 5371 intelligunturvox
1534 5303 1742 5357 Domini
1775 5304 2044 5368 attribuit,

476 5407 584 5448 non
617 5395 684 5451 iis
713 5412 831 5466 qua:
864 5395 1135 5458 videntur,
1167 5407 1274 5447 non
1312 5393 1418 5448 illis
1446 5410 1563 5464 quae
1589 5397 1835 5450 obtutum
1858 5396 2047 5451 oculo-

545 5549 662 5620 ’f'f"
694 5545 833 5620 Psat:
858 5555 1095 5613 Lx'xxvn,
1118 5551 1199 5605 l7.
1280 5551 1326 5584 ⁸⁸
1357 5549 1398 5606 ll
1430 5552 1553 5608 Cor,
1575 5571 1611 5620 ι,
1634 5554 1688 5619 5,
1713 5555 1759 5609 4.,

474 5631 530 5686 v,
566 5617 656 5672 20.
732 5618 754 5648 ⁸
803 5618 960 5674 Jo..n.
988 5637 1073 5689 xv,
1107 5621 1196 5677 26,

1856 5554 1901 5585 ν’
1925 5553 1939 5606 Ι
1964 5553 2118 5610 Joan.
2139 5570 2198 5619 ιι,
2226 5554 2277 5607 l.

2154 4580 2270 4648 νῆς.
2318 4575 2536 4640 Ἐπειδὴ
2577 4575 2799 4644 ἀλήθεια
2841 4576 2938 4646 μὲν
2988 4574 3016 4624 ὁ
3059 4575 3291 4644 Χριστός
3325 4575 3504 4627 ἐστιν’
3559 4575 3737 4627 ἐκεῖνο

2153 4667 2209 4720 δὲ
2263 4663 2485 4735 Πνεῦμα
2534 4664 2790 4735 ἀληθείας
2845 4665 3144 4734 ὠνόμασεν.
3202 4665 3288 4726 Ὠς
3343 4666 3396 4717 εί
3446 4681 3530 4728 τις
3586 4664 3735 4733 λέγοι

2154 4761 2338 4828 κτῆμα
2376 4758 2474 4827 τῆς
2501 4756 2754 4826 ἀληθείας
2787 4751 2924 4809 εἷναι
2955 4756 3047 4809 καὶ
3075 4755 3403 4826 ὑποχείριον,
3434 4757 3534 4809 οὐκ
3578 4756 3736 4819 εἰδὼς

2153 4849 2235 4901 ὅτι
2280 4847 2590 4917 δικαιοσύνη
2621 4847 2649 4898 ὁ
2678 4845 2806 4909 Θεὸς
2839 4846 3053 4913 λέγεται
3076 4863 3088 4874 ·
3123 4847 3217 4898 καὶ
3249 4847 3306 4897 οὺ
3337 4847 3508 4914 δήπου
3548 4847 3734 4916 κτῆμα

2154 4939 2253 5006 τῆς
2282 4939 2625 5008 δικαιοσύνης
2661 4937 2752 4989 τὸν
2799 4936 2931 4989 Θεὸν
2973 4938 3295 5008 ὲνοήσαμεν.
3337 4936 3498 4988 Ὥστε
3536 4937 3632 4990 καὶ
3674 4937 3734 4989 τὸ

2153 5028 2377 5099 Πνεῦμα
2408 5028 2506 5098 τῆς
2552 5027 2810 5098 ἀληθείας
2856 5027 3135 5098 μαθόντες,
3167 5027 3265 5096 τὴν
3294 5027 3572 5097 θεοπρεπῆ
3618 5026 3738 5080 διά--

2152 5139 2300 5177 νοιαν
2323 5119 2470 5191 παρὰ
2497 5122 2594 5189 τῆς
2618 5121 2798 5188 φωνῆς
2825 5116 3147 5188 ἐδεξάμεθα,
3173 5117 3252 5186 τῷ
3270 5118 3560 5187 ὲπαχθέντι
3588 5118 3732 5188 λόγῳ

2156 5214 2291 5283 πρὸς
2315 5213 2375 5265 τὸ
2401 5213 2644 5287 κρεῖττον
2669 5209 3186 5281 χειραγωγούμενοι.
3222 5206 3405 5260 Εἰπὼν
3433 5210 3542 5280 γὰρ
3565 5211 3591 5260 ὁ
3619 5209 3736 5271 3.15--~

2157 5321 2289 5376 ριος,
2329 5302 2398 5359 Τὸ
2429 5301 2672 5370 Πνεῦμα
2704 5300 2812 5368 τῆς
2842 5301 3144 5367 ἀληθείας,
3173 5301 3454 5370 ἐπήγαγεν
3483 5300 3666 5364 είθὺς.
3695 5299 3728 5352 ὃ

2155 5395 2313 5464 παρὰ
2338 5393 2442 5446 τοῦ
2472 5391 2700 5459 Πατρός
2726 5390 3310 5461 ἐκπορεύεται.”υπερ
3331 5389 3504 5443 οὐδενὶ
3530 5389 3640 5442 τῶν
3673 5391 3733 5443 ἐν

2369 5553 2385 5584 ¹
2422 5550 2894 5619 Joan.xvt,7,15.
2970 5552 2990 5581 ³
3022 5549 3062 5603 ll
3092 5550 3218 5606 Cor.
3240 5565 3338 5616 vn,
3361 5548 3415 5604 6.
3494 5544 3578 5602 ³11
3598 5547 3726 5603 Cor.
