4054 6150
335 256 544 314 553-

1465 258 1742 327 CONTRA
1776 271 2170 338 ’EUNOMIUM,
2199 272 2330 328 LIB.
2374 265 2436 328 n.‘

3501 271 3616 338 55'.

334 380 408 448 τῇ
438 376 611 431 κτίσει
638 382 940 450 νοουμένων
971 384 1001 453 ἡ
1049 382 1198 455 φωνὴ
1232 385 1325 438 τοῦ
1356 388 1561 459 Κυρίου
1599 406 1916 461 προσεμαρ-

2030 405 2141 442 rum
2167 389 2452 460 eﬂ‘ugiunt,
2491 405 2599 445 non
2626 392 2862 456 thronis,
2904 409 3012 450 non
3037 397 3454 467 principatibus,
3487 415 3595 454 non

337 474 595 544 τύρησεν,
625 475 685 526 ού
714 477 823 537 τοῖς
847 477 1162 546 ὁρωμένοις,
1195 479 1258 532 οὐ
1297 482 1406 544 τοῖς
1428 482 1700 551 ἀοράτοις,
1723 483 1783 534 ού
1807 483 1925 552 θρό-

341 566 584 628 νοις,·ούκ
596 568 810 637 ἀρχαῖς,
826 570 924 621 οὐκ
942 569 1230 635 ἐξουσίαις,
1243 573 1304 624 οὐ
1321 573 1542 644 κυριότη
1552 591 1652 636 σιν,
1667 574 1767 626 οὐκ
1779 574 1923 644 ἄλλῳ

340 657 445 710 τινὶ
487 657 871 729 ὀνομαζομένῳ
899 661 1159 731 ὀνόματι·
1203 661 1325 715 οὕτε
1361 665 1420 718 ἐν
1441 663 1520 733 τῷ
1548 664 1704 718 αἰῶνι
1724 665 1922 735 τούτῳ,

341 747 464 801 οὔτε
480 750 536 802 ἐν
554 748 632 820 τῷ
650 749 912 817 μέλλοντι.
935 747 1008 806 Οὗ
1025 753 1202 806 τοίνυν
1224 755 1372 806 πᾶσα
1395 756 1427 824 ἠ
1447 755 1621 816 κτίσις
1635 755 1921 826 ἀμέτοχος,

342 842 499 912 δῆλον
526 841 592 894 ἂν
621 841 704 913 εἴη
737 844 950 908 πάντως
971 846 1051 898 ὅτι
1089 846 1247 900 τοῦτο
1285 846 1386 915 τῆς
1420 846 1676 900 ἀκτίστου
1710 848 1924 916 φύσεως

345 934 470 987 ίδιόν
487 936 602 987 ἐστι
623 936 716 989 καὶ
739 937 1034 1008 ἐξαίρετον.
1054 931 1222 1002 Οὗτος
1241 938 1298 992 δὲ
1323 939 1595 993 πιστεύειν
1613 939 1822 995 κελεύει
1845 943 1925 1004 είς

341 1030 431 1082 τὸν
466 1029 786 1101 καθηγητὴν
807 1032 904 1100 τῆς
931 1031 1228 1095 εὐσεϐείας.
1263 1032 1470 1086 Οὐκοῦν
1505 1034 1809 1087 πιστευέτω
1844 1036 1923 1099 εἰς

343 1123 432 1178 τὸν
461 1123 673 1177 Παῦλόν
706 1142 764 1178 τε
794 1125 887 1178 καὶ
920 1125 1226 1194 Βαρνάϐαν,
1260 1127 1353 1179 καὶ
1381 1125 1556 1191 Τίτον,
1585 1127 1676 1179 καὶ
1702 1128 1926 1180 Σιλουα-

344 1217 454 1278 νὺν,
476 1217 566 1270 καὶ
581 1217 862 1285 Τιμόθεον,
883 1218 978 1271 καῖ¹
998 1218 1205 1281 πάντας
1229 1218 1470 1282 ἐκείνους
1487 1219 1554 1270 δι’
1571 1213 1646 1272 ὧν
1669 1220 1804 1290 πρὸς
1827 1219 1924 1290 τὴν

345 1305 528 1357 πίστιν
566 1305 1050 1377 καθωδηγῆθημεν.
1088 1306 1229 1379 Εί[ς]
1269 1310 1378 1378 γὰρ
1419 1307 1479 1360 τὸ
1518 1308 1924 1380 καθηγούμενον

345 1397 425 1460 εἰς
459 1397 738 1451 εὐσέϐειαν
777 1399 912 1468 μετὰ
941 1399 1032 1452 τοῦ
1055 1399 1272 1470 Πατρὸς
1304 1399 1399 1452 καὶ⁸
1419 1399 1548 1452 Υίοῦ
1575 1401 1922 1454 πιστεύεσθαι

345 1490 474 1560 χρῆν
524 1489 722 1551 πάντες
771 1492 819 1542 οἱ
871 1492 1148 1563 προφῆται
1196 1490 1290 1543 καὶν
1336 1489 1646 1560 νομοθέται,
1681 1492 1778 1544 καὶ
1818 1508 1924 1544 πα-

344 1579 619 1649 τριάρχαι,
636 1579 875 1650 κήρυκές
896 1597 952 1632 τε
975 1581 1068 1632 καὶ
1084 1580 1485 1648 εύαγγελισταὶ,
1503 1581 1597 1634 καὶ
1615 1581 1919 1647 ἀπόστολοι,

347 1673 603 1742 ποιμένες
647 1689 707 1724 τε
752 1673 846 1725 καὶ
889 1674 1196 1728 διδάσκαλοι
1233 1677 1509 1746 ὀμοτίμως
1561 1676 1744 1746 ἔχουσι
1786 1678 1922 1748 πρὸς

343 1765 402 1816 τὸ
418 1763 641 1834 Πνεῦμα
674 1764 734 1817 τὺ
761 1763 1247 1836 ἆγιον,καθηγηταὶ
1269 1770 1380 1829 τοῖς
1403 1768 1519 1836 μετ’
1549 1769 1792 1832 ἐκείνους
1821 1770 1922 1839 τῆς

345 1855 624 1920 εὐσεϐείας
671 1857 971 1926 γενόμενοι.
1020 1859 1375 1926 Γενόμενος,
1413 1859 1594 1930 φησιν,
1638 1860 1756 1913 ὑπὸ
1817 1860 1924 1914 τοῦ

340 1950 536 2019 μόνου
579 1951 726 2004 Θεοῦ
753 1950 850 2004 διὰ
879 1952 983 2005 τοῦ
1014 1952 1412 2020 Μονογενοῦς.
1468 1952 1926 2021 Ἀνακεφαλαιοῦ-

347 2058 434 2093 ται
487 2042 664 2093 πᾶσαν
698 2040 862 2094 αὐτοῦ
910 2040 1006 2110 τὴν
1051 2041 1302 2095 ἀσέϐειαν
1336 2042 1423 2094 διὰ
1453 2041 1561 2096 τῶν
1597 2044 1920 2114 εἰρημένων,

348 2129 516 2182 Πάλιν
551 2129 710 2199 μόνον
751 2131 885 2183 Θεὸν
927 2129 1018 2182 τὸν
1058 2131 1277 2200 Πατέρα
1307 2131 1665 2201 κατονομάζει
1711 2131 1926 2202 ὀργάνῳ

345 2220 682 2292 κεχρημένον
710 2221 787 2291 τῷ
819 2223 1116 2289 Μονογενεῖ
1137 2222 1274 2293 πρὸς
1305 2223 1404 2292 τὴν
1445 2222 1789 2293 κατασκευὴν
1830 2221 1924 2274 τοῦ

345 2314 680 2383 Πνεύματος.
724 2314 891 2368 Ποίαν
920 2313 1095 2386 εὑρὼν
1137 2316 1200 2367 ἐκ
1245 2314 1346 2384 τῆς
1381 2314 1598 2384 Γραφῆς
1629 2313 1787 2366 σκιὰν
1832 2313 1925 2365 τοῦ

346 2404 588 2458 τοιούτου
623 2406 910 2475 νοήματος,
946 2402 1118 2457 ταῦτα
1164 2405 1372 2475 τολμᾷ;
1419 2405 1515 2458 Ἐκ
1550 2404 1710 2466 ποίας
1751 2404 1926 2474 ἀρχῆς

344 2497 411 2550 δι’
446 2495 739 2550 ἀκολούθου
779 2496 918 2568 πρὸς
945 2497 1006 2549 τὸ
1053 2495 1261 2573 τοιοῦτο
1295 2495 1468 2566 πέρας
1499 2494 1781 2566 προήγαγε
1827 2494 1925 2562 τὴν

345 2588 634 2655 ἁσέϐειαν;
687 2589 783 2651 Τίς
818 2587 925 2641 τῶν
954 2587 1353 2657 εὐαγγελιστῶν
1381 2603 1548 2657 φησι;
1581 2586 1664 2649 τίς
1697 2584 1929 2636 ἀπόστο-

344 2681 474 2748 λο;;
533 2682 619 2746 τίς
697 2672 1011 2752 προφήτης;
1071 2682 1185 2735 Πᾶν
1245 2681 1344 2752 μὲν
1399 2676 1493 2734 οῦν
1564 2680 1625 2732 τὸ
1687 2677 1930 2732 ἐναντίον

347 2775 495 2826 πᾶσα
522 2772 715 2843 Γραφὴ
753 2772 1124 2838 θεόπνευστος,
1159 2775 1192 2842 ἡ
1226 2772 1328 2857 διὰ.
1374 2772 1472 2841 τῆς
1521 2770 1804 2836 ἐπιπνοίας
1833 2771 1948 2857 τοῦ.

343 2865 666 2934 Πνεύματος
731 2866 1140 2934 ἁναγραφεῖσα,
1203 2853 1468 2936 μαρτυρεῖ
1523 2865 1601 2936 τῷ
1654 2865 1931 2935 Πνεύματι

342 2958 446 3027 τὴν
508 2955 755 3027 θεότητα.
821 2951 947 3009 Οἷον
1001 2957 1277 3026 (κρεῖττον
1330 2958 1438 3026 γὰρ
1491 2957 1556 3010 δι’
1595 2958 1771 3010 αὐτῶν
1822 2956 1932 3008 τῶν

346 3049 664 3121 μαρτυριῶν
707 3049 984 3113 ἀποδεῖξαι
1017 3049 1105 3102 τὸν
1137 3049 1322 3118 λόγον)
1395 3050 1444 3102 οἱ
1487 3048 1741 3111 λαϐόντες
1773 3048 1930 3114 ἐξου-

347 3143 468 3195 σίαν
505 3141 600 3194 τοῦ
634 3141 796 3194 τέκνα
825 3141 959 3194 Θεοῦ
991 3141 1263 3210 γενέσθαι,
1295 3140 1628 3213 μαρτυροῦσι
1654 3140 1732 3211 τῷ
1756 3140 1926 3193 Πνεύ-

348 3249 478 3302 ματι
507 3215 605 3301 τὴν
653 3230 900 3300 θεότητα.
933 3231 1030 3294 Τίς
1059 3231 1168 3303 γὰρ
1195 3233 1396 3300 ἀγνοεῖ
1440 3231 1537 3300 τὴν
1585 3229 1677 3283 τοῦ
1721 3229 1926 3300 Κυρίου

349 3322 564 3393 φωνὴν,
615 3321 698 3375 ὅτι
736 3323 798 3373 Οἱ
821 3323 884 3373 ἐκ
913 3320 1005 3373 τοῦ
1043 3320 1358 3391 Πνεῦματος
1392 3320 1761 3391 γεννηθέντες,
1793 3318 1926 3372 Θεοῦ

347 3414 511 3467 τέκνα
543 3413 713 3476 εἰσίνς
751 3411 907 3465 Οῦτω
934 3411 1042 3483 γὰρ
1065 3411 1360 3482 διαρρήδην
1390 3413 1660 3481 μαρτυρεῖ
1685 3410 1763 3480 τῷ
1788 3411 1929 3481 ἁγίῳ

350 3503 624 3573 Πνεύματι
677 3503 784 3556 τῶν
829 3503 923 3556 τοῦ
969 3503 1105 3555 Θεοῦ
1146 3503 1356 3556 τέκνων·
1385 3499 1483 3572 τὴν
1530 3504 1801 3572 γέννησιν,
1852 3503 1930 3554 εί-

347 3591 486 3656 πὼν,
535 3593 616 3645 ὃτι
660 3591 887 3659 Ὥσπερ
925 3591 989 3644 τὸ
1036 3590 1476 3660 γεγεννημένον
1519 3592 1587 3644 ἐκ
1633 3591 1744 3659 τῆς
1781 3607 1930 3659 σαρ-

350 3677 482 3749 κόςξ
508 3681 664 3751 σάρξ
688 3685 860 3736 ἐστιν
880 3698 894 3713 ’
933 3683 1121 3748 οὕτως
1157 3683 1254 3735 καὶ
1291 3683 1360 3735 τὸ
1398 3683 1836 3752 γεγεννημένον
1861 3683 1930 3736 ἐκ

349 3776 456 3829 τοῦ
506 3776 866 3843 πνεύματος,
903 3772 1146 3841 πνεῦμά
1185 3774 1375 3826 ἐστιν.
1419 3775 1575 3826 Ὅσοι
1602 3774 1659 3827 δὲ
1692 3773 1796 3826 ὑπὸ
1834 3773 1929 3827 τοῦ

351 3867 666 3940 Πνεύματος
713 3866 1103 3938 ἐγεννήθησαν,
1153 3866 1289 3920 Θεοῦ
1345 3868 1509 3923 τέκνα
1560 3867 1935 3938 προσηγορεύο

351 3963 543 4031 θησαν.
581 3960 768 4024 Οῦτως
798 3961 892 4014 καὶ
923 3960 1016 4013 τοῦ
1047 3959 1255 4031 Κυρίου
1289 3959 1376 4013 διὰ
1404 3958 1499 4011 τοῦ
1534 3961 1929 4030 προσφυσήμα-

350 4071 440 4116 τος
471 4053 762 4116 δεδωκότος
793 4054 906 4116 τοῖς
961 4052 1228 4114 μαθηταῖς
1273 4049 1332 4102 τὸ
1377 4049 1600 4119 Πνεῦμα
1648 4051 1706 4102 τὸ
1755 4050 1929 4117 ἆγιον,

352 4147 516 4216 φησὶν
559 4149 588 4199 6
638 4144 904 4216 Ἰωάννης,
940 4143 1035 4197 Ἐκ
1055 4142 1152 4198 τοῦ
1175 4140 1542 4214 πληρώματος
1576 4141 1740 4194 αὐτοῦ
1771 4144 1932 4212 ἡμεῖς

352 4238 551 4304 rgum-eg
578 4234 862 4304 ἐλάϐομεν.
899 4234 990 4286 Ἑν
1014 4231 1162 4302 αὐτῷ
1190 4233 1246 4286 δὲ
1272 4235 1541 4285 κατοικεῖν
1567 4233 1627 4284 τὸ
1660 4233 1932 4302 πλήρωμα

349 4329 446 4397 τῆς
485 4327 752 4396 θεότητος,
781 4329 810 4379 ὀ
849 4325 1019 4395 μέγας
1046 4313 1256 4388 Παῦλος
1284 4323 1732 4395 διαμαρτύρεται.
1776 4323 1933 4376 Ἀλλά

2027 483 2406 550 potestatibus,
2432 498 2542 538 non
2574 485 3062 554 dominationibus,
3096 505 3204 544 non
3234 491 3324 544 alii
3379 493 3470 559 qui
3502 510 3601 548 no-

2028 575 2173 628 mine
2205 575 2384 644 aliquo
2437 577 2792 643 nominatur;
2826 594 3003 649 neque
3053 584 3215 636 etiam
3251 583 3304 637 in
3347 583 3451 638 hoc
3494 601 3600 639 sa:-

2025 663 2148 718 culo
2179 679 2356 735 neque
2388 666 2442 720 in
2471 666 2674 724 futuro.
2721 670 2892 739 Cujus
2930 672 3094 741 igitur
3137 675 3317 729 omnis
3349 683 3601 730 creatura

2023 769 2222 824 expers
2245 763 2348 822 est,
2381 759 2732 829 perspicuum
2764 759 2932 816 fuerit
2956 765 3180 818 omnino
3213 766 3317 820 hoc
3345 767 3603 823 increatm

2025 857 2238 904 natura:
2267 851 2544 920 proprium
2603 867 2723 907 esse
2761 861 2816 906 et
2861 857 3197 924 praecipuum
3254 859 3384 912 :hic
3416 867 3599 916 autem

2022 938 2180 1008 jubet
2207 940 2432 996 credere
2469 942 2547 1012 (in
2574 943 2894 1012 magistrum
2947 945 3211 1016 pietatis).
3239 949 3603 1020 Ergocredat

2026 1029 2080 1082 in
2123 1029 2369 1096 Paulum,
2412 1042 2466 1086 et
2502 1032 2826 1100 Barnabam,
2865 1044 2919 1089 et
2948 1036 3156 1104 Titum,
3193 1047 3247 1093 et
3278 1040 3600 1111 Sylvanum,

2025 1127 2079 1175 et
2104 1120 2472 1186 Timotheum,
2505 1139 2806 1195 omnesque
2851 1128 2973 1182 illos
2995 1144 3090 1197 per
3117 1146 3255 1198 quos
3322 1135 3388 1184 ad
3444 1134 3602 1186 ﬁdem

2025 1213 2240 1268 deducti
2276 1213 2499 1270 fuimus.
2531 1214 2665 1269 Nam
2695 1217 2742 1271 si
2768 1217 2820 1270 in
2857 1218 2909 1272 id
2939 1220 3084 1287 quod
3119 1220 3184 1273 ad
3211 1222 3465 1290 pietatem
3501 1225 3605 1278 du-

2025 1305 2100 1358 cit
2131 1319 2256 1358 cum
2283 1304 2440 1360 Patre
2471 1314 2524 1360 et
2555 1304 2696 1360 Filio
2723 1309 2946 1364 credere
2971 1319 3205 1380 Oportet,
3233 1328 3421 1370 omnes
3475 1333 3605 1386 pro—

2025 1396 2200 1465 phetae
2235 1406 2290 1450 et
2337 1397 2697 1467 legislatores,
2746 1401 3091 1470 patriarclue,
3139 1419 3529 1476 przeconesque
3549 1420 3607 1464 et

2026 1485 2374 1554 evangelista:
2426 1495 2482 1540 et
2537 1490 2769 1557 apostoli
2830 1499 3189 1562 pastoresque
3247 1504 3302 1549 et
3349 1495 3607 1553 doctores

2026 1578 2143 1645 pari
2205 1577 2410 1633 honore
2468 1594 2593 1633 cum
2636 1579 2842 1650 Spiritu
2889 1592 3080 1638 sancto
3131 1585 3423 1642 decorandi
3455 1599 3607 1656 sum,

2027 1669 2154 1738 quia
2197 1669 2416 1725 fuerunt
2465 1671 2533 1725 iis
2576 1673 2670 1740 qui
2718 1681 2843 1742 post
2883 1674 3007 1729 illos
3054 1677 3166 1729 nati
3211 1687 3339 1732 sunt
3387 1680 3608 1747 pietatis

1957 1751 1996 1806 Β
2026 1762 2296 1828 praestites
2324 1773 2380 1817 et
2413 1763 2679 1833 magistri.
2719 1764 2941 1829 Factus,
3005 1767 3205 1838 inquit,
3243 1787 3275 1822 a
3329 1772 3445 1826 solo
3500 1772 3608 1827 Deo

2028 1868 2121 1918 per
2158 1850 2528 1922 Unigenitum;
2563 1855 2616 1908 in
2652 1847 2919 1910 summam
2960 1867 3014 1912 et
3047 1866 3210 1927 caput
3265 1860 3460 1930 redigit
3487 1878 3609 1916 om-

2028 1945 2152 1997 nem’
2181 1959 2334 1997 suam
2365 1944 2715 2014 impietatem,
2736 1962 2832 2016 per
2853 1946 2969 2002 haec
2989 1947 3156 2003 dicta.
3187 1948 3401 2006 Rursus
3428 1953 3604 2007 solum

2030 2030 2197 2086 Deum
2228 2031 2440 2086 Patrem
2472 2033 2717 2089 nominat
2741 2036 3101 2092 instrumento
3129 2054 3286 2093 usum
3319 2039 3609 2109 Unigenito

2028 2121 2093 2176 ad
2116 2125 2584 2179 constructionem
2614 2125 2873 2195 Spiritus.
2896 2127 3200 2194 Quamnam
3223 2146 3289 2186 ex
3324 2132 3609 2202 Scriptura

2028 2217 2277 2270 umbram
2310 2217 2625 2286 hujusmodi
2657 2220 2899 2274 uotionis
2922 2229 3118 2277 nactus
3149 2223 3264 2278 hazc
3289 2225 3495 2279 audet?
3529 2225 3609 2280 Ex

2029 2322 2137 2376 quo
2163 2307 2435 2377 principio
2487 2324 2584 2378 per
2609 2311 3052 2366 consecutionem
3087 2315 3152 2368 ad
3183 2315 3349 2370 talem
3383 2317 3610 2370 conclu-

2029 2399 2241 2454 sionem
2278 2401 2534 2470 produxit
2588 2403 2962 2473 impietatem?
3015 2409 3277 2475 Quisnam
3335 2414 3610 2483 evangeli-

2029 2500 2242 2547 starum
2277 2493 2380 2549 hoc
2415 2495 2589 2550 dicit?
2619 2498 2744 2567 quis
2769 2501 3100 2568 apostolus?
3132 2504 3256 2572 quis
3305 2504 3611 2573 propheta?

2030 2583 2255 2639 omnino
2287 2586 2506 2655 quidem
2541 2590 2882 2643 contrarium
2915 2592 3094 2646 omnis
3127 2607 3156 2644 a
3203 2591 3312 2647 Deo
3345 2592 3611 2662 inspirata

2033 2673 2320 2746 Scriptura
2367 2677 2549 2732 aﬂlatu
2584 2678 2828 2750 Spiritus
2860 2680 3160 2751 descripta,
3197 2682 3454 2737 deitatem
3486 2683 3611 2753 Spi-

2030 2768 2163 2822 ritui
2198 2783 2298 2824 suo
2324 2771 2641 2826 testimonio
2655 2775 2876 2839 asserit,
2909 2774 3142 2843 exempli
3170 2777 3366 2844 gratia,
3387 2784 3610 2844 praestat

2031 2865 2174 2915 enim
2205 2862 2541 2919 testimoniis
2566 2865 2869 2920 orationem
2891 2849 3269 2922 demonstrare
3288 2907 3301 2929 ,
3329 2869 3416 2936 qui
3453 2883 3612 2922 accc~

2032 2964 2232 3025 perunt
2261 2961 2587 3024 potestatem
2619 2965 2683 3011 ut
2723 2957 2815 3016 Dei
2847 2959 2938 3014 ﬁlii
2984 2961 3198 3026 ﬁerent,
3229 2977 3332 3015 suo
3361 2942 3611 3016 testimo:

2035 3048 2127 3099 nio
2158 3045 2385 3115 Spiritui
2433 3047 2716 3102 vindicant
2749 3049 3113 3106 divinitatem.
3165 3051 3298 3118 Quis
3332 3053 3474 3107 enim
3505 3051 3612 3104 Do-

2033 3133 2167 3186 mini
2207 3149 2394 3188 vocem
2431 3136 2682 3205 ignorat?
2711 3136 2815 3202 Qui
2847 3153 2913 3191 ex
2951 3138 3158 3208 Spiritu
3188 3142 3302 3194 nati
3349 3152 3478 3196 sunt
3513 3141 3610 3194 ﬁlii

2034 3224 2125 3278 Dei
2156 3232 2287 3279 sunt
2304 3226 2346 3279 ⁵.
2376 3224 2469 3279 Sic
2503 3226 2648 3280 enim
2674 3235 2863 3295 aperte
2895 3227 3121 3297 Spiritui
3147 3240 3341 3284 sancto
3375 3232 3611 3285 ﬁliorum

2031 3315 2123 3369 Dei
2153 3318 2560 3386 generationem
2614 3321 2872 3384 ascribit,
2929 3335 3054 3374 cum
3107 3321 3244 3375 dixit
3291 3322 3608 3386 :Quemad-

2031 3410 2244 3460 modum
2290 3407 2429 3477 quod
2482 3424 2547 3462 ea:
2597 3427 2754 3465 carne
2798 3413 3030 3481 genitum
3083 3423 3180 3474 est,
3209 3429 3334 3466 caro
3379 3422 3501 3467 est:
3533 3414 3612 3466 ita

2029 3499 2194 3551 etiam
2240 3503 2378 3570 quod
2408 3516 2472 3554 ex
2498 3502 2688 3568 spiritu
2720 3505 2956 3571 genitum
2997 3513 3073 3557 est
3101 3505 3316 3572 spiritus
3351 3513 3450 3568 est,
3480 3504 3610 3572 qui-

2032 3605 2249 3660 cunque
2299 3607 2330 3644 a
2382 3591 2591 3662 Spiritu
2651 3596 2818 3664 geniti
2879 3585 3008 3650 sunt
3058 3595 3150 3649 ﬁlii
3208 3595 3300 3649 Dei
3357 3595 3612 3664 appellati

2036 3684 2224 3738 sunt“.
2262 3682 2355 3737 Sic
2387 3685 2552 3738 etiam
2580 3698 2702 3739 cum
2743 3685 3008 3741 Dominus
3050 3701 3146 3756 per
3185 3702 3344 3741 suum
3372 3686 3612 3739 amatum

2034 3775 2325 3845 discipulis
2345 3776 2586 3831 dedisset
2606 3774 2866 3846 Spiritum
2889 3787 3167 3841 sanctum,
3202 3779 3278 3832 ait
3307 3777 3546 3832 Joannes
3565 3779 3612 3837 ⁷.

2041 3870 2116 3926 Ex
2148 3869 2481 3940 plenitudine
2515 3869 2634 3937 ejus
2667 3883 2859 3923 omnes
2918 3870 3251 3938 accepimus.
3299 3871 3355 3922 In
3408 3884 3473 3924 eo
3506 3883 3612 3922 au-

2034 3967 2141 4014 tem
2172 3959 2483 4014 inhabitare
2514 3959 2913 4029 plenitudinem
2954 3961 3174 4015 deitatis
3213 3975 3442 4029 magnus
3469 3959 3615 4012 Pau-

2034 4052 2120 4107 lus
2171 4053 2516 4107 testiﬁcatur.
2549 4052 2692 4118 Quin
2741 4053 2906 4107 etiam
2940 4069 3033 4122 per
3062 4053 3382 4122 prophetam
3419 4051 3612 4104 Isaiam

2033 4143 2101 4198 de
2138 4159 2201 4198 ea
2249 4159 2372 4212 quae
2401 4144 2508 4199 sibi
2540 4143 2684 4198 facta
2714 4155 2796 4198 est
2822 4144 2916 4198 Dei
2953 4145 3318 4214 apparitione,
3351 4157 3474 4195 cum
3528 4143 3615 4195 vi-

2035 4234 2116 4287 dit
2155 4234 2436 4289 sedentem
2476 4235 2530 4289 in
2575 4235 2777 4289 throno
2812 4235 3032 4293 excelso
3066 4244 3119 4289 et
3160 4236 3372 4289 elevato
3399 4275 3414 4297 ,
3469 4233 3613 4286 anti-

2037 4324 2196 4392 quior
2227 4325 2450 4379 traditio
2479 4323 2694 4379 Patrem
2724 4340 2846 4379 esse
2877 4325 3010 4378 dicit
3033 4340 3157 4378 eum
3191 4326 3284 4394 qui
3328 4325 3480 4378 visus
3506 4334 3611 4378 est.

353 4424 444 4473 καὶ
484 4419 562 4472 ἔτι
602 4419 688 4472 διὰ
709 4418 802 4471 τοῦ
838 4419 1116 4488 προφήτου
1160 4417 1378 4469 Ἡσαΐου
1413 4419 1540 4488 περὶ
1568 4418 1669 4486 τῆς
1700 4417 1928 4487 γενομέ-

2039 4414 2144 4469 Sed
2173 4413 2410 4469 Joannes
2432 4415 2763 4483 evangelista
2793 4416 2860 4468 ad
2882 4415 3166 4470 Dominum
3191 4414 3357 4467 refert
3376 4413 3611 4483 prophe-

351 4530 447 4582 νης
487 4511 635 4581 αὐτῷ
682 4509 1031 4578 θεοφανείας,
1083 4511 1171 4561 ὅτε
1222 4505 1327 4562 εἶδε
1373 4510 1465 4562 τὸν
1503 4509 1809 4580 καθήμενον
1841 4509 1932 4562 ἐπὶ

353 4606 542 4676 θρήνου
593 4603 798 4675 ὑψηλοῦ
843 4605 936 4656 καὶ
989 4602 1336 4673 ἐπηρμένου,
1384 4605 1416 4670 ἡ
1473 4603 1568 4672 μὲν
1607 4602 1932 4671 ἀρχαιοτέρα

354 4697 650 4767 παράδοσις
692 4696 783 4748 τὸν
830 4695 1052 4766 Πατέρα
1092 4691 1230 4748 εἶναι
1275 4693 1422 4763 λέγει
1467 4694 1557 4746 τὸν
1599 4694 1858 4762 ὀφθέντα*
1905 4694 1933 4744 ὀ

352 4787 407 4839 δὲ
445 4785 835 4856 εύαγγελιστὴς
886 4786 1155 4854 Ἰωάννης,
1194 4785 1274 4847 είς
1305 4784 1396 4836 τὸν
1435 4784 1639 4854 Κύριον
1672 4783 1932 4854 ἀναφέρει

353 4878 450 4946 τὴν
485 4877 841 4948 προφητείαν,
871 4876 1043 4944 λέγων
1072 4877 1202 4946 περὶ
1237 4876 1347 4928 τῶν
1380 4877 1452 4946 μὴ
1498 4876 1932 4928 πεπιστευκότων

318 4988 327 4999 ·
366 4966 637 5020 Ἰουδαίων
668 4966 766 5029 τὰς
799 4966 876 5035 τῷ
925 4967 1178 5039 προφήτῃ
1213 4965 1471 5034 ῥηθείσας
1525 4967 1651 5035 περὶ
1686 4965 1779 5018 τοῦ
1827 4967 1936 5018 Κυ-

357 5057 475 5126 ρίου
522 5057 735 5125 φωνάς,
785 5059 866 5111 ὅτι
919 5058 1108 5112 Ταῦτα
1149 5055 1319 5112 εἶπεν
1369 5059 1638 5125 Ἡσαΐας,
1677 5061 1775 5113 ὅτε
1815 5057 1935 5114 εἶδε

359 5148 474 5214 τὴν
496 5147 684 5211 δόξαν
711 5148 918 5212 αὐτοῦ,
949 5150 1047 5203 καὶ
1075 5149 1346 5218 ἐλάλησε
1376 5151 1506 5219 περὶ
1542 5151 1748 5206 αὑτοῦ.
1794 5153 1852 5205 Ὁ
1878 5155 1934 5206 δὲ

359 5236 537 5307 μέγας
564 5237 772 5301 Παῦλος
816 5237 894 5309 τῷ
929 5239 1066 5309 ἁγίῳ
1099 5239 1377 5309 Πνεύματι
1407 5240 1499 5292 τὸν
1541 5241 1702 5294 αὐτὸν
1745 5241 1932 5296 τοῦτον

357 5326 513 5396 λόγον
545 5331 1086 5402 προσεμαρτύρησεν,
1124 5334 1182 5384 ὲν
1220 5335 1286 5403 τῇ
1325 5332 1593 5405 γενομένῃ
1622 5333 1768 5404 αὐτῷ
1801 5335 1937 5405 πρὸς

356 5420 486 5482 τοὺς
533 5420 816 5484 Ἰουδαίους
857 5422 998 5475 κατὰ
1044 5423 1141 5493 τὴν
1175 5423 1392 5494 Ῥώμην
1436 5425 1760 5497 δημηγορίᾳ.
1811 5428 1937 5479 Ὅτε

359 5512 546 5583 φησιν,
575 5512 772 5576 Καλῶς
817 5509 936 5565 εἷπε
982 5516 1110 5584 περὶ
1144 5516 1297 5585 ὑμῶν
1329 5517 1389 5570 τὸ
1421 5517 1642 5588 Πνεῦμα
1669 5519 1731 5571 τὸ
1759 5519 1934 5586 ἅγιον,

428 5670 453 5702 ⁵
485 5669 646 5728 Joan.
679 5687 756 5736 ιιι,
790 5673 842 5728 6.
920 5671 940 5701 ⁸
965 5669 1120 5726 Joan.
1147 5688 1186 5735 ι,
1216 5674 1302 5728 15.
1381 5678 1400 5708 ⁷
1434 5674 1592 5735 Joan.
1630 5696 1721 5749 xx,
1753 5680 1842 5736 ‘22.
1919 5684 1928 5716 ⁸

2030 5697 2079 5736 a.
2119 5695 2190 5748 v1,
2229 5679 2280 5733 l.

685 5767 963 5828 ΡΑτιιοι..
1008 5762 1127 5830 Gn.
1173 5766 1362 5831 XLV.

2035 4509 2190 4570 tiam,
2229 4507 2420 4561 dicens
2475 4507 2542 4561 de
2577 4505 2782 4562 ludatis
2815 4508 2908 4576 qui
2943 4522 3051 4560 non
3105 4505 3477 4571 crediderunt,
3520 4522 3617 4561 eas

2035 4613 2199 4653 voces
2231 4613 2352 4667 quae
2386 4612 2414 4649 a
2451 4597 2682 4651 Domino
2703 4599 2978 4668 praphetae
3007 4597 3165 4651 dictae
3195 4597 3435 4652 fuerunt.
3469 4597 3614 4658 Hazc.
3667 4647 3670 4654 .

2037 4691 2276 4761 inquit",
2305 4691 2441 4744 dixit
2485 4689 2691 4753 Isaias,
2723 4690 2935 4760 quando
2979 4691 3107 4743 vidit
3141 4690 3368 4758 gloriam
3414 4689 3526 4758 ejus
3566 4698 3616 4742 et

2037 4785 2240 4838 locutus
2279 4794 2357 4838 est
2403 4784 2466 4837 de
2502 4801 2561 4837 eo
2593 4787 2634 4836 ο.
2683 4783 2910 4852 Magnus
2953 4799 3082 4837 vero
3127 4782 3331 4837 Paulus
3364 4783 3614 4836 eumdem

2039 4892 2347 4934 sermonem
2379 4877 2611 4946 Spiritui
2635 4883 2828 4930 sancto
2863 4875 3134 4938 attribuit,
3173 4875 3225 4927 in
3260 4888 3323 4928 ea
3350 4873 3618 4929 concione

2038 4983 2203 5038 quam
2233 4968 2349 5038 ipse
2374 4966 2562 5021 Roma:
2591 4967 2781 5021 habuit
2809 4966 2873 5019 ad
2907 4965 3146 5030 Judzeos,
3181 4981 3306 5020 cum
3339 4964 3436 5028 ait.
3470 4963 3617 5016 Bene

2038 5061 2173 5114 dixit
2201 5061 2267 5114 de
2302 5059 2455 5114 vobis
2506 5045 2748 5128 Spiritus
2779 5068 3027 5120 sanctus,
3065 5059 3212 5127 quod
3269 5057 3458 5111 auditu
3512 5066 3613 5104 au-

2038 5152 2202 5206 dietis
2231 5159 2286 5205 et
2309 5166 2419 5205 non
2454 5149 2771 5218 intelligetis
2808 5167 2821 5203 :
2856 5150 3180 5210 ostendens,
3217 5149 3362 5202 sicut
3394 5144 3611 5211 opinor.

2038 5259 2134 5312 per
2165 5243 2308 5296 hanc
2351 5248 2596 5297 sanctam
2630 5240 2970 5315 Scripturam
2990 5243 3057 5305 ¹⁸,
3087 5238 3229 5309 quod
3261 5235 3440 5289 omnis
3472 5232 3615 5285 visio

2039 5333 2278 5387 divinior
2341 5333 2631 5403 omnisque
2720 5332 2813 5387 Dei
2882 5332 3188 5402 apparitio,
3252 5337 3419 5393 atque
3493 5337 3614 5374 om-

2042 5427 2125 5480 nis
2157 5440 2337 5480 sermo
2388 5427 2480 5495 qui
2532 5441 2597 5480 ex
2661 5441 2892 5494 persona
2947 5422 3042 5474 Dei
3101 5418 3335 5474 dicitur,
3366 5411 3432 5466 de
3457 5410 3620 5466 Patre

2039 5529 2092 5577 et
2149 5521 2214 5575 de
2264 5518 2404 5574 Filio
2453 5525 2510 5573 et
2587 5517 2655 5572 de
2725 5515 2932 5586 Spiritu
3005 5515 3194 5563 sancto
3273 5503 3616 5574 intelligitur.

2875 5671 2920 5709 ⁸ο
2945 5669 3067 5726 Act.
3099 5683 3296 5729 xxvm,
3327 5663 3420 5733 9.5,
3453 5661 3544 5720 26.

3221 5757 3294 5819 18

2356 5677 2376 5709 ⁹
2403 5673 2560 5736 Joan,
2586 5689 2684 5744 xu,
2708 5671 2797 5728 41.
