4068 6148
1682 254 1758 311 'S.
1803 253 2130 312 οιιΕοοιιιι
2168 254 2457 311 NYSSENI

3651 240 3756 303 5536

503 381 743 451 '1’ropter
797 378 898 430 hoc
930 374 1128 430 Davide
1157 372 1372 427 dicente
1411 371 1563 442 quod
1599 371 1684 426 ad
1743 375 1878 426 iram
1905 371 2076 427 Deum

2179 373 2258 425 ὅτι
2287 373 2422 443 ἀκοῇ
2452 370 2732 436 ἀκούσετε,
2776 370 2867 422 καὶ
2907 367 2964 422 οὑ
3017 366 3093 437 μὴ
3135 367 3356 435 συνῆτε·
3400 363 3634 430 δεικνὺς.
3680 375 3756 436 ὼς

518 471 946 538 provocavcrunt
993 465 1048 517 in
1097 464 1337 526 deserto,
1396 470 1452 517 et
1501 462 1986 516 exacerbaverunt
2021 461 2077 517 in

515 556 713 611 terra"
757 554 1061 626 inaquosag
1104 553 1400 622 Apostolus
1429 552 1506 606 ad
1529 551 1792 622 Spiritum
1832 561 2082 608 sanctum

510 645 678 700 refert
709 658 773 700 ea
804 658 927 713 quae
960 645 1028 698 ab
1051 643 1316 700 lsraeli-tis
1332 650 1533 697 contra
1565 642 1734 697 Deum
1761 642 1902 697 facta
1932 651 2080 708 sunt,

511 735 591 788 sic
620 734 685 789 ad
705 735 929 789 verbum
955 735 1228 798 scribens,
1270 731 1539 798 Quocirca
1569 733 1715 788 sicut
1746 732 1885 788 dicit
1909 731 2084 803 Spiri-

513 835 600 881 tus
645 835 871 891 sanctus
901 845 912 878 :
956 824 1140 881 Nofite
1162 825 1427 880 obdurare
1461 824 1632 879 corda
1659 834 1826 880 vestra
1865 826 1996 879 sicut
2029 827 2084 880 in

510 915 908 970 exacerbatione
971 916 1028 968 in
1097 915 1182 970 die
1247 916 1551 968 tentatianis
1601 915 1654 968 in
1701 913 1942 978 deserto,
1991 914 2083 968 ubi

513 1016 841 1061 tentaverunt
891 1024 971 1061 me
1015 1017 1190 1076 patres
1239 1006 1541 1061 vestri"'“
1582 1025 1596 1061 :
1643 1013 1698 1060 et
1743 1006 1846 1060 alia
1899 1005 2084 1060 omnia

513 1111 756 1166 person-re
797 1097 1034 1168 Spiritus
1081 1097 1257 1153 sancti
1291 1097 1540 1162 ascribit,
1579 1112 1916 1168 quaecunque
1957 1111 2086 1167 pro-

513 1190 694 1258 phetia
733 1189 842 1246 Deo
867 1190 1076 1244 tribuit.
1115 1189 1228 1256 ‘Qui
1285 1199 1485 1244 autem
1517 1204 1618 1244 nos
1643 1211 1647 1217 ·
1673 1203 1770 1258 per
1825 1189 1941 1243 hac
1981 1188 2080 1242 do-

514 1289 693 1350 gmata
721 1289 830 1336 tres
860 1280 992 1337 deos
1020 1280 1222 1352 ﬁngere
1254 1279 1525 1348 jactitant,
1574 1279 1815 1332 nondum
1849 1277 2081 1333 fortasse

515 1386 616 1428 nec
644 1387 934 1428 numerare
957 1373 1301 1427 didicerunt."
1319 1370 1384 1425 Si
1413 1371 1758 1426 enim-Filius
1786 1381 1839 1425 et
1862 1369 2027 1424 Pater
2055 1383 2086 1423 a

513 1478 576 1521 se
599 1463 832 1519 invicem
861 1465 918 1518 in
956 1463 1170 1518 dualem
1221 1462 1673 1534 signiﬁcationem
1715 1475 1822 1515 non
1872 1461 2086 1530 disper-

513 1554 727 1610 tiuntur
761 1556 949 1627 (unum
979 1555 1122 1609 enim
1141 1562 1288 1617 sunt,
1320 1569 1430 1608 non
1443 1554 1550 1607 duo
1572 1552 1869 1608 secundum
1895 1565 2086 1606 vocem

514 1641 753 1705 Domini,
787 1658 952 1696 unum
1005 1643 1168 1697 etiam
1217 1641 1454 1710 Spiritus
1519 1640 2087 1719 sanctus),quomodo

2185 460 2358 536 οἶμαι,
2383 463 2449 517 δι’
2479 463 2648 532 αὑτῆς
2689 461 2789 530 τῆς
2819 460 2979 528 ἁγίας
3005 457 3248 529 Γραφῆς,
3277 457 3360 508 ὅτι
3394 456 3542 509 πᾶσα
3585 456 3756 508 ὀπτα-

2187 556 2276 608 σία
2305 553 2568 625 θειοτέρα,
2603 553 2697 605 καὶ
2721 553 2868 605 πᾶσα
2890 549 3196 618 θεοφάνεια,
3226 546 3319 601 καὶ
3363 546 3470 609 πᾶς
3505 545 3660 613 λόγος
3691 547 3754 597 ἐκ

2185 645 2474 714 προσώπου
2505 643 2640 698 Θεοῦ
2683 643 2992 712 λεγόμενος,
3027 642 3121 693 ἐπὶ
3157 639 3250 692 τοῦ
3293 637 3506 709 Πατρὺς
3532 638 3754 702 νοεῖται,

2164 740 2280 792 ·κα“ι
2311 737 2402 790 ἐπὶ
2430 735 2524 790 τοῦ
2551 734 2702 800 Υἱοῦ,
2729 734 2824 788 καὶ
2853 733 2945 786 ἐπὶ
2978 731 3071 786 τοῦ
3112 730 3250 785 Πνεύ
3259 745 3423 802 ματος
3454 727 3548 781 τοῦ
3576 725 3752 796 ἁγίου.

2185 830 2284 885 Διά
2325 829 2480 884 τοῦτο
2507 828 2600 882 τοῦ
2647 826 2810 882 Δαὸὶδ
2855 825 3118 888 εἰπόντος,
3153 823 3236 876 ὅτι
3275 820 3632 892 παρὼργισαν
3664 817 3756 870 τὸν

2184 919 2330 973 Θεὸν.
2344 922 2402 972 ἐν
2429 920 2496 988 τῇ
2526 919 2734 989 ἐρήμῳ,
2767 915 2862 969 καὶ
2894 912 3213 984 παρώξυναν
3247 911 3410 966 αὑτὸν
3445 909 3503 962 ἐν
3557 910 3628 978 γῇ
3661 906 3757 960 ἀν-

2180 1010 2351 1081 ύδρῳ,
2375 1011 2405 1062 6
2427 1008 2757 1070 .Ἀπόστο).ος
2792 1007 2871 1069 είς
2893 1004 2954 1058 τὸ
2980 1002 3204 1072 Πνεῦμα
3233 999 3294 1053 τδ
3318 1001 3469 1068 ἅγιον
3500 995 3756 1066 ἀναφέρει

2167 1098 2253 1152 ·τά
2297 1101 2478 1171 παρα-ί
2492 1098 2598 1152 τῶν
2638 1095 2983 1166 Ἰσραηλιτῶν
3039 1092 3182 1147 κατά
3231 1091 3323 1145 τοῦ
3364 1088 3498 1142 Θεοῦ
3533 1103 3758 1155 γεγενη-

2189 1188 2346 1258 μένα,
2380 1187 2551 1252 οὕτως
2594 1186 2809 1258 γράψας
2840 1183 2915 1255 τῷ
2960 1185 3163 1254 ῥήματι
3232 1181 3342 1244 Διὸ,
3400 1177 3580 1241 καθὼς
3613 1177 3756 1244 λέγει

2163 1281 2246 1334 ’τὸ
2276 1280 2586 1351 Πσεεῦμαητδ
2618 1280 2789 1347 ἅγιον,
2815 1275 2909 1345 Μὴ
2955 1273 3334 1342 σκληρύνητε
3375 1271 3482 1336 τὰς
3513 1269 3756 1336 καρδίας

2187 1369 2355 1442 ὑμῶν
2383 1373 2462 1437 ὡς
2493 1372 2562 1425 ἐν
2597 1369 2676 1436 τῷ
2708 1363 3182 1437 παραπικρασμῷ
3212 1361 3361 1417 κατὰ
3391 1361 3506 1442 rip:
3531 1360 3757 1430 ἡμέραν

2157 1487 2162 1490 ·
2186 1436 2652 1532 τοῦ-πειρασμοῦ
2677 1462 2746 1514 ἐνν
2773 1436 2848 1527 τῇ
2876 1457 3093 1527 ἐρήμῳ.
3126 1451 3197 1512 οὗ
3229 1436 3559 1522 ἐπειρασᾶν
3601 1468 3678 1520 με
3703 1452 3758 1503 οἱ

2190 1551 2436 1621 πατέρες
2457 1549 2750 1620 dmidium).
2779 1549 2845 1603 τὰ
2884 1548 3019 1602 ἄλλα
3045 1548 3216 1600 πάντα
3249 1543 3325 1615 τῷ
3361 1539 3755 1614 προσώπῳ·τοῦ

2181 1627 2344 1712 ’ἁγίου
2376 1644 2687 1712 Πνεύματος
2721 1640 3060 1710 ἀνατίθησιν,
3103 1639 3203 1691 ὅσα
3225 1638 3260 1706 ἡ
3291 1633 3593 1705 προφητεία
3623 1629 3756 1702 πρὸς

514 1747 681 1787 unum
731 1748 852 1786 cum
919 1749 1028 1788 uno
1084 1733 1434 1800 conjunctum
1495 1732 1551 1785 in
1625 1708 1788 1784 trium
1861 1730 2080 1784 deorum

2193 1708 2324 1784 Θεὸν
2357 1708 2636 1801 ἀναφέρει.
2672 1730 2734 1781 Οἱ
2762 1729 2818 1781 δὲ
2843 1708 2989 1796 τρεῖς
3020 1729 3148 1796 ἡμῖν
3171 1724 3324 1794 θεοὺς
3348 1721 3436 1776 διὰ
3458 1720 3564 1776 τῶν
3589 1717 3758 1772 τοιού-

511 1837 801 1879 numerum
861 1822 1233 1880 discinditur!
1270 1823 1354 1878 vel
1412 1823 1570 1893 plane
1599 1821 1946 1892 perspicuum
2002 1830 2086 1876 est

509 1915 656 1987 quod
693 1916 877 1971 nullus
923 1916 1078 1970 nobis
1107 1916 1270 1968 trium
1302 1913 1529 1970 deorum
1568 1927 1858 1968 numerum
1891 1911 1945 1964 in
1973 1910 2086 1964 eri-

511 2021 638 2062 men
673 2009 916 2071 vertcrit,
964 2007 1059 2076 qui
1087 2022 1196 2061 non
1252 2007 1406 2076 prius
1427 2006 1558 2074 ipse
1601 2000 2088 2058 deorum'dualita-

512 2105 621 2152 tem
681 2099 904 2168 proprio
957 2097 1212 2168 dogmate
1267 2095 1583 2151 astruxerit.
1645 2093 1865 2147 Duobus
1937 2091 2083 2156 enim

511 2203 682 2242 unum
713 2189 805 2257 qui
839 2187 1008 2251 addit,
1044 2188 1344 2243 ternarium
1381 2187 1606 2241 deorum
1649 2197 1937 2237 numerum
1969 2197 2083 2250 per-

510 2277 664 2342 ﬁcit;
697 2293 726 2331 a
765 2278 965 2348 quibus
1011 2287 1190 2354 autem
1221 2291 1364 2332 unus
1396 2277 1538 2331 Deus
1576 2273 1854 2334 adoratur,
1884 2273 1936 2324 in
1986 2285 2080 2325 no-

513 2370 664 2426 mine
695 2369 872 2425 Patris
901 2380 953 2425 et
980 2369 1100 2424 Filii
1127 2380 1180 2424 et
1211 2370 1447 2440 Spiritus
1477 2368 1680 2433 sancti,
1695 2380 1869 2437 quem
1904 2365 2083 2419 locum

514 2460 676 2517 habet
707 2462 871 2515 trium
903 2461 1126 2516 deorum
1152 2461 1504 2515 criminatio?

2192 1841 2298 1876 των
2355 1819 2802 1893 ἐπιθρυλλοῦντες
2858 1819 3176 1888 δογμάτων,
3223 1815 3376 1868 οὖπω
3433 1813 3576 1882 τάχα
3639 1810 3758 1864 οὑδέ

2172 1913 2441 1984 ,ἀριθμεῖν
2480 1910 2850 1981 ἐδιδάχθησαν.
2881 1910 2944 1961 Εἰ
2990 1907 3097 1979 γὰρ
3147 1909 3175 1960 6
3221 1905 3531 1968 1'i6;-xa.\'6
3572 1901 3759 1973 Πατὴρ

2153 2005 2251 2056 κού
2289 2003 2598 2074 μερίζονται
2628 1999 2992 2070 ἀπ’-ἀλλήλων
3019 1999 3099 2061 εἰς
3143 1997 3330 2068 δυῖκὴν
3366 1995 3639 2067 σημασίαν
3670 1994 3762 2065 (ἓν

2191 2096 2299 2166 γάρ
2323 2097 2449 2157 εἱσι,
2484 2095 2579 2147 καὶ
2599 2094 2719 2162 οὑχὶ
2741 2092 2852 2156 δύο,
2877 2091 3017 2146 κατά
3047 2090 3144 2156 τὴν
3188 2088 3282 2142 τοῦ
3312 2087 3518 2158 Κυρίου
3555 2086 3757 2155 φωνήν·

2187 2187 2244 2239 ἓν
2276 2187 2333 2239 δὲ
2369 2187 2464 2240 καὶ
2497 2185 2557 2238 τὸ
2571 2184 2805 2254 Πνεῦμα
2841 2183 2901 2235 τὸ
2927 2181 3138 2250 ἆγιον),
3172 2178 3290 2243 πῶς
3314 2179 3376 2232 τὸ
3406 2179 3485 2230 ἐνὶ
3518 2178 3762 2231 συντιθέ-

2193 2278 2472 2348 μενονείς
2521 2274 2686 2346 τριῶν
2710 2283 2712 2285 ’
2737 2273 2872 2326 θεῶν
2897 2271 3124 2342 ἀριθμὸν
3155 2267 3581 2338 διασχίζεταιίῆ
3608 2265 3764 2336 δῆλον

2180 2367 2594 2432 ιπάντωςιέστὶν,
2623 2367 2704 2419 ὃτι
2731 2365 2829 2417 οὑκ
2854 2364 2918 2418 ἄν
2947 2380 3028 2426 τις
3051 2361 3420 2415 ἐπικαλέσειεν
3441 2361 3573 2444 ημῖν
3599 2358 3763 2428 τριῶν

2191 2459 2328 2512 θεῶν
2362 2459 2611 2530 ἀριθμὸν,
2647 2459 2720 2529 μὴ
2767 2458 3026 2527 πρότερον
3051 2442 3211 2516 αὑτὸς
3243 2450 3377 2504 θεῶν
3415 2442 3664 2504 δυάδι-,ἐν
3687 2448 3764 2519 τῷ

483 2551 626 2622 visit?
653 2552 885 2623 δόγματι
912 2553 1350 2616 κατασκευάζων.
1387 2556 1512 2617 Τοῖς
1537 2553 1644 2626 γὰρ
1671 2542 1764 2609 δύο
1789 2555 1848 2608 τὸ
1887 2555 1944 2608 ἓν
1973 2555 2370 2626 συντιθέμενον,
2406 2556 2503 2625 τὴν
2528 2554 2744 2626 Τριάδα·
2762 2554 2867 2606 τῶν
2908 2553 3042 2606 θεῶν
3085 2552 3452 2622 ἀπεργάζεται
3473 2565 3487 2580 ⁸
3529 2549 3661 2622 παρ’
3689 2548 3762 2603 ῶν

507 2645 564 2698 δὲ
587 2642 674 2708 ἐἷς
707 2646 1266 2716 προσκυνεῖταιθεὸς,
1309 2649 1396 2701 ἐπ’
1431 2649 1888 2721 ὀνόματιΠατρὸς
1913 2651 2008 2704 καὶ
2039 2647 2166 2704 Υἱοῦ
2194 2650 2284 2704 καὶ
2311 2648 2839 2719 Πνεύματοςνάγίου,
2873 2647 3026 2702 ποίαν
3058 2642 3168 2714 ἕχει
3197 2642 3380 2715 χώραν
3405 2641 3572 2712 ἡτῶν
3601 2641 3765 2710 τριῶν

507 2736 646 2790 θεῶν
683 2736 981 2807 κατηγορία
999 2755 1015 2804 ;

579 2828 690 2882 Sed
759 2845 972 2885 omnem
1045 2830 1647 2888 Eunomiisermonem
1706 2849 2070 2889 resumamus.

507 2917 730 2983 Factus,
774 2922 968 2990 inquit,
1011 2938 1042 2974 a
1071 2923 1183 2975 solo
1231 2922 1338 2976 Deo
1382 2939 1472 2991 per
1510 2923 1843 2995 Um'genimm
1885 2933 1935 2979 et
1969 2924 2071 2978 hic.

2263 2832 2400 2886 Ἀλλ’
2426 2832 2852 2903 ἐπαναλάϐωμεν
2881 2832 3059 2886 πάντα
3099 2830 3191 2883 τοῦ
3240 2828 3504 2899 Εὑνομίου
3545 2826 3636 2878 τὸν
3682 2825 3764 2879 λό-

2179 2940 2296 2993 γον.
2321 2927 2674 2994 Γενόμενος,
2711 2925 2895 2994 φησὶν,
2931 2925 3088 2993 παρὰ
3125 2920 3232 2975 τοῦ
3257 2916 3633 2990 μόνου-Θεοῦ
3668 2916 3764 2969 διὰ

504 3010 766 3077 Quaenam
811 3013 976 3083 igitur
1009 3015 1123 3068 haec
1155 3024 1262 3099 est_
1282 3014 1704 3078 demonstratio,
1742 3025 1790 3070 et
1830 3017 1912 3068 hic
1945 3032 1963 3069 :
2018 3031 2080 3068 an

2189 3013 2296 3068 τοῦ
2342 3015 2719 3082 Μονογενοῦς
2747 3014 3059 3068 καὶτοῦτο.
3094 3013 3189 3076 Τίς
3220 3008 3310 3065 οὖν
3352 3009 3628 3075 ἀπόδειξις
3669 3008 3761 3061 τοῦ

508 3105 654 3157 hunc
686 3120 852 3158 unum
903 3120 1027 3160 esse
1075 3120 1264 3160 eorum
1314 3120 1436 3175 qua:
1491 3106 1559 3160 ab
1595 3104 1884 3176 Unigenito
1945 3106 2087 3162 facta

507 3197 680 3250 sunt?
719 3197 897 3250 omnia
929 3213 1027 3268 per
1081 3197 1268 3268 ipsum
1287 3212 1410 3253 esse
1440 3196 1581 3251 facta
1627 3200 1853 3252 omnino
1881 3197 2083 3263 dicent,

504 3293 559 3341 et
613 3287 667 3340 in
716 3289 970 3344 omnibus
1014 3289 1473 3358 comprehensum
1522 3303 1645 3343 esse
1690 3297 1745 3342 et
1791 3288 1955 3344 hunc.
2003 3289 2085 3343 Ad

503 3393 644 3447 quos
676 3378 953 3440 dicemus,
977 3379 1167 3434 Omnia
1209 3395 1300 3446 per
1342 3380 1508 3444 ipsum
1545 3379 1704 3445 facta
1743 3389 1885 3432 sunt.
1931 3378 2088 3434 Sicut
2131 3416 2143 3426 -

465 3477 686 3522 ιιιιιιοιιι
715 3471 788 3521 ait
814 3469 1014 3523 Paulus
1040 3471 1103 3533 “,
1142 3469 1282 3522 facta
1325 3477 1452 3525 sunt
1524 3469 1870 3540 aspectabilia
1904 3479 1958 3525 et
1999 3472 2086 3527 in-

506 3559 884 3626 aspectabilia,
917 3559 1122 3625 throni,
1155 3568 1471 3628 potestates,
1505 3561 1870 3633 principatus,
1905 3562 2083 3618 domi-

507 3649 779 3711 nationes,
816 3649 1072 3716 virtutes;
1109 3650 1162 3704 in
1184 3653 1565 3709 annumeratis
1594 3665 1776 3710 autem
1816 3670 1913 3725 per
1932 3656 2085 3711 thro-

512 3754 614 3794 nos
662 3748 714 3793 et
762 3749 1057 3809 potestates
1087 3730 1378 3798 Cherubim
1417 3752 1472 3799 et
1508 3744 1789 3815 Serapbim
1881 3747 2084 3804 Paulus

511 3832 830 3898 complexus
861 3843 947 3886 est
981 3852 994 3889 :
1027 3835 1134 3888 huc
1175 3851 1350 3905 usque
1385 3837 1586 3891 omnia.
1618 3836 1877 3909 Spiritum
1904 3848 2081 3892 autem

507 3933 782 3987 sanctum,
807 3932 992 3993 utpote
1024 3927 1114 3994 qui
1145 3937 1229 3982 cst
1253 3943 1416 3997 super
1446 3936 1696 3983 naturam
1728 3943 1916 3983 eorum
1962 3945 2083 3998 qua:

501 4023 689 4068 creata
724 4025 870 4081 sunt,
921 4019 974 4069 in
1021 4019 1434 4074 enumeratione
1478 4034 1667 4073 eorum
1704 4035 1825 4088 qum
1848 4028 1976 4073 sunt
1996 4028 2079 4072 la-

503 4107 645 4162 citus
673 4108 934 4176 praeteriit
958 4125 971 4171 ;
1000 4124 1178 4178 neque
1197 4108 1554 4174 factumesse,
1579 4125 1752 4180 neque
1776 4111 2079 4179 subjectum

501 4214 602 4268 per
629 4214 759 4254 suos
804 4215 1087 4255 sermones
1147 4201 1306 4255 nobis
1353 4201 1757 4268 demonstrans,
1813 4202 1905 4258 sed
1938 4202 2080 4258 sicut

2190 3108 2485 3162 καὶτοῦτο
2506 3108 2565 3160 ἓν
2587 3108 2694 3160 τῶν
2722 3108 2870 3179 παρά
2899 3106 2992 3159 τοῦ
3013 3103 3347 3174 Μονογενοῢς
3378 3098 3516 3157 εἶναι
3539 3119 3554 3166 ;
3582 3103 3763 3154 Πάντα

2188 3203 2253 3254 δι’
2303 3201 2468 3254 αὑτοῦ
2508 3201 2833 3270 γεγενῆσθαι
2876 3199 3092 3262 πάντως
3139 3196 3353 3267 ἐροῦσιν
3380 3233 3394 3260 ,
3443 3193 3591 3246 ἐν-δέ
3646 3193 3762 3253 ταῖς

2189 3295 2324 3346 πᾶσι
2358 3291 2846 3363 συμπεριειλῆεξθαι
2890 3291 2984 3343 καὶ
3019 3288 3197 3353 τοῦτο,
3231 3288 3364 3358 πρὸς
3403 3285 3494 3348 οὓς
3530 3283 3762 3363 ἐροῦμεν

2188 3384 2268 3435 ὃτι
2294 3382 2489 3436 Πάντα
2517 3382 2589 3435 δι’
2616 3381 2802 3435 αὑτοῦ
2837 3381 3091 3451 ἐγένετο·
3135 3380 3350 3448 ἐγένετο
3394 3377 3470 3440 δὲ,
3509 3373 3691 3436 καθὼς
3732 3373 3764 3425 6

2123 3472 2621 3556 _'Ha'3)t6t;-tp'qmv,
2649 3471 2824 3542 όρατά
2877 3473 2972 3525 καὶ
3005 3471 3232 3542 ἀόρατα,
3267 3468 3473 3540 θρόνοι,
3498 3464 3761 3531 ἐξουσίαι,

2186 3565 2372 3635 ἀρχαὶ,
2419 3566 2752 3636 κυριότητες,
2789 3565 3066 3634 δυνάμεις
3091 3564 3146 3615 ἐν
3181 3562 3239 3615 δὲ
3285 3563 3397 3624 τοῖς
3441 3557 3765 3629 ἀπηριθμη-

2189 3659 2368 3728 μένοις
2391 3658 2479 3711 διὰ
2506 3658 2612 3710 τῶν
2648 3657 2850 3728 θρόνων
2879 3673 2939 3708 τε
2967 3655 3060 3709 καὶ
3085 3654 3190 3707 τῶν
3219 3653 3526 3722 δυνάμεων,
3552 3651 3622 3704 τὰ
3661 3651 3766 3703 Χε-

2175 3750 2384 3820 ρουϐὶμ
2416 3750 2507 3803 καὶ
2531 3749 2598 3802 τὰ
2630 3748 2874 3819 Σεραιρὶμ
2899 3748 3003 3800 ὑπὸ
3025 3746 3118 3799 τοῦ
3152 3743 3362 3800 Παύλου
3386 3743 3724 3797 κατείλεκται
3744 3755 3758 3767 ·

2188 3841 2291 3904 ἓως
2319 3839 2508 3892 τούτου
2564 3839 2627 3892 τά
2685 3839 2880 3891 πάντα.
2917 3838 2989 3890 Τὸ
3027 3837 3082 3890 δὲ
3123 3835 3346 3904 Πνεῦμα
3379 3834 3438 3886 τὸ
3478 3833 3653 3902 ἅγιον,
3686 3832 3766 3894 ὡς

2190 3931 2331 4000 ὑπὲρ
2355 3931 2450 3999 τὴν
2489 3930 2650 3998 φύσιν
2697 3931 2801 3983 τῶν
2843 3931 3140 3998 γεγονότων
3173 3930 3228 3981 ἐν
3269 3930 3335 3998 τῇ
3383 3926 3766 3996 ἀπαριθμήσει

2182 4020 2289 4072 τῶν
2322 4019 2490 4073 όντων
2517 4022 2545 4072 6
2583 4019 2791 4079 Παῦλος
2819 4019 3222 4090 ἀπεσιώπησεν,
3241 4016 3363 4070 οὒτε
3390 4017 3449 4068 τὸ
3480 4016 3765 4083 γενέσθαι,

2190 4107 2312 4161 οὔτε
2348 4109 2408 4161 τὸ
2434 4109 2792 4178 ὑποτετάχθαι
2823 4109 2910 4163 διά
2937 4110 3045 4162 τῶν
3072 4107 3265 4163 ἑαυτοῦ
3297 4107 3466 4176 λόγων
3497 4109 3628 4177 ἡμῖν
3674 4108 3772 4157 ἐν·

2175 4191 2492 4271 -δειξάμενος
2520 4216 2532 4230 ⁶
2591 4201 2704 4254 ἀλλ’
2749 4200 2936 4272 ὥσπερ
2983 4203 3012 4255 6
3041 4201 3325 4272 Προφήτης
3370 4199 3568 4267 ἀγαθὸν
3595 4239 3609 4262 ,
3660 4199 3772 4251 καὶ

499 4288 773 4360 Propheta
803 4292 868 4354 ’⁵,
899 4291 1100 4344 bonum
1129 4299 1182 4345 et
1206 4300 1413 4346 rectum
1442 4301 1496 4346 et
1522 4291 1712 4346 ducem
1741 4307 1800 4347 se
1830 4294 2076 4362 praeben-

2189 4293 2364 4357 εὑθὲς,
2393 4293 2486 4346 καὶ
2506 4292 2826 4362 ἡγεμονικὸν
2852 4290 3106 4362 ὀνομάζει
3133 4293 3192 4344 τὸ
3230 4292 3449 4362 Πνεῦμα
3478 4291 3537 4343 τὸ
3572 4289 3766 4357 ἅγιον,

497 4388 608 4435 tem
641 4381 904 4450 Spiritum
938 4390 1188 4436 sanctum
1207 4384 1475 4447 nominat,
1504 4396 1600 4451 per
1629 4382 1825 4437 ducem
1853 4397 1912 4439 se
1940 4398 2076 4452 prte-

498 4472 740 4537 bentem,
773 4473 1126 4544 principalem
1163 4473 1498 4544 signiﬁcans.
1530 4474 1620 4529 Sic
1651 4476 1814 4529 etiam
1844 4459 2077 4542 Aposto-

498 4563 589 4617 lus
617 4564 868 4618 omniain
891 4565 1144 4619 omnibus
1157 4566 1370 4635 operari
1390 4573 1553 4635 prout
1571 4566 1710 4628 vult,
1733 4579 1987 4620 asserens
2008 4565 2072 4630 ¹⁶,

501 4657 829 4711 auctoritate
881 4657 1094 4728 plenam
1153 4666 1476 4728 potestatem
1529 4658 1774 4728 Spiritus
1821 4657 2073 4726 dignitati

500 4747 773 4800 attribuit.
809 4747 1070 4804 Dominus
1098 4750 1516 4806 autcmliberam
1550 4750 1668 4817 ejus
1698 4749 1998 4819 potentiam
2023 4758 2076 4804 et

498 4837 870 4905 Operationem
921 4826 975 4893 in
1027 4856 1279 4895 sermone
1311 4856 1434 4894 cum
1483 4838 1780 4896 Nicodemo
1804 4840 2067 4907 declarat,

498 4927 711 4988 dicens,
743 4924 976 4994 Spiritus
997 4931 1086 4984 ubi
1119 4933 1231 4984 vult
1265 4933 1432 5000 spirat
1457 4932 1519 4985 ⁸⁷.
1573 4930 1860 4997 Quomodo
1903 4935 2072 5003 igitur

498 5016 799 5071 Eunmnius
862 5017 1001 5074 hunc
1034 5021 1232 5074 asserit
1276 5037 1442 5074 unum
1493 5035 1617 5078 esse
1667 5039 1854 5078 eorum
1883 5040 2006 5094 quae
2041 5039 2071 5078 a

495 5108 634 5163 Filio
654 5107 874 5162 condita
899 5112 1606 5182 suut,aeterna:subjectioni
1622 5113 2073 5176 condemnatum?

494 5201 730 5264 omnino,
765 5199 961 5269 inquit,
987 5199 1300 5268 subjectum.
1338 5200 1453 5254 Non
1484 5200 1727 5272 intelligo
1753 5215 1858 5271 qua
1884 5203 2069 5272 subje-

493 5295 693 5349 ctionis
728 5293 910 5364 specie
939 5308 1064 5348 cum
1095 5293 1278 5347 subdit
1335 5294 1428 5363 qui
1461 5293 1747 5364 imperium
1780 5300 1834 5348 et
1864 5294 2064 5364 princi-

494 5394 678 5452 patum
732 5386 893 5442 habct
925 5404 937 5440 :
985 5401 1088 5440 vox
1144 5387 1289 5441 enim
1323 5387 1436 5442 haec
1468 5387 1520 5441 in
1553 5396 1741 5443 sancta
1783 5386 2066 5457 Scriptura

497 5476 776 5544 multiplex
825 5485 931 5546 est,
963 5478 1258 5549 multisque
1292 5479 1468 5534 modis
1491 5478 1814 5548 intelligitur
1842 5487 1894 5532 et
1924 5477 2065 5532 dici-

567 5587 606 5657 f‘
628 5586 786 5657 Psal.
827 5609 968 5657 xeiv,
1003 5593 1055 5650 9.

486 5653 541 5689 '“
566 5654 588 5709 Ι
612 5655 739 5714 Cor.
769 5675 864 5728 xu,
903 5653 988 5716 li.
1068 5666 1108 5696 ¹⁷
1137 5663 1289 5719 Joan.
1328 5679 1410 5730 ιιι,
1437 5667 1488 5721 8.

1170 5596 1283 5626 ¹²ι¹³
1327 5593 1490 5648 Hebr.
1538 5610 1623 5661 ιιι,
1659 5594 1721 5661 8;
1753 5593 1895 5652 Psal.
1935 5609 2078 5663 xcw,
2127 5596 2158 5650 3
2207 5609 2327 5666 S‘lq'

2182 4384 2268 4437 διὰ
2305 4384 2398 4436 τοῦ
2421 4383 2745 4454 ἡγεμονικοῦ
2787 4384 2847 4438 τὸ
2881 4385 3104 4455 ἀρχικὸν
3141 4383 3538 4454 ἐνδεικνύμενος
3562 4399 3576 4413 ο
3608 4381 3777 4437 οὕτω

2183 4477 2277 4529 καὶ
2299 4477 2327 4529 6
2354 4475 2668 4538 Ἀπόστολος
2688 4474 2862 4529 πάντα
2881 4479 2936 4528 ἐν
2955 4477 3117 4529 πᾶσιν
3141 4477 3401 4547 ἐνεργεῖν,
3426 4473 3606 4538 καθὼς
3630 4473 3778 4544 βού-

2180 4567 2350 4632 λεται,
2383 4564 2763 4636 διοριζόμενος,
2794 4567 2893 4636 τὴν
2939 4565 3255 4636 αὑθεντικὴν
3293 4565 3539 4630 ἐξουσίαν
3587 4583 3782 4637 προσ-

2185 4661 2452 4734 μαρτυρεῖ
2495 4661 2561 4730 τῇ
2604 4659 2729 4730 ἀξίᾳ
2760 4655 2857 4713 τοῦ
2903 4659 3245 4730 Πνεύματος·
3279 4659 3307 4710 6
3332 4657 3388 4710 δὲ
3422 4658 3625 4728 Κύριος
3666 4658 3779 4728 τὴν

2181 4750 2524 4818 αὐτεξούσιον
2569 4749 2733 4804 αὑτοῦ
2767 4749 2992 4821 δύναμίν
3025 4767 3083 4804 τε
3130 4750 3223 4803 καὶ
3265 4748 3545 4820 ἐνέργειαν
3586 4750 3650 4802 ἐν
3689 4750 3779 4821 τῷ

2177 4844 2314 4914 πρὸς
2353 4843 2659 4912 Νικόδημον
2702 4841 2842 4912 λόγῳ
2872 4839 3109 4911 φανερὰν
3137 4841 3299 4903 ποιεῖ,
3335 4839 3528 4907 λέγων,
3562 4840 3654 4894 ὅτι
3697 4843 3778 4897 Τὸ

2179 4929 2425 5000 Πνεῦμα
2462 4930 2614 4984 ὅπου
2642 4930 2799 4984 θέλει
2837 4930 2990 4983 πνεῖ.
3023 4929 3144 4994 Πῶς
3185 4925 3276 4983 οὖν
3302 4929 3396 4982 καὶ
3417 4931 3445 4982 ὀ
3489 4930 3777 5000 Εὑνόμιις

2175 5023 2235 5074 ἓν
2267 5023 2535 5076 καὶτοῦτο
2556 5023 2662 5076 τῶν
2691 5024 2988 5092 γεγονότων
3014 5019 3153 5078 εἶναι
3182 5023 3330 5093 παρά
3371 5022 3466 5075 τοῦ
3494 5023 3638 5076 Υἱοῦ
3687 5026 3776 5078 δι·

2174 5114 2446 5184 ορίςεται,
2473 5118 2535 5185 τῇ
2574 5116 2728 5187 ἀϊδίῳ
2763 5118 3005 5187 ὑποταγῇ
3039 5114 3583 5184 καταδεδικασμένονς
3614 5118 3780 5169 K00-

2174 5204 2336 5270 άπαξ
2357 5211 2487 5284 γὰρ,
2505 5209 2687 5278 φησιν,
2707 5210 3180 5278 ὑποτεταγμένον
3197 5224 3211 5237 ’
3232 5207 3330 5260 οὑκ
3349 5201 3467 5260 οἶδα
3489 5206 3639 5278 ποίῳ
3667 5207 3780 5275 τῆς

2176 5296 2450 5365 ὑποταγῆς
2486 5297 2613 5350 εἴδει
2671 5299 2731 5351 τὸ
2763 5298 3084 5369 ἡγεμονικόν
3122 5314 3179 5350 τε
3213 5297 3305 5350 καὶ
3343 5294 3569 5366 ἀρχικὸν
3626 5297 3778 5351 ὑπο-

2174 5386 2386 5450 ζεύξας.
2442 5388 2757 5460 Πολύσημος
2803 5390 2910 5460 γάρ
2956 5389 3243 5460 ἡτοιαύτη
3289 5387 3441 5458 φωνὴ
3498 5388 3665 5458 παρὰ
3706 5393 3780 5464 τῇ

2175 5477 2302 5547 ἁγίᾳ
2333 5479 2543 5549 Γραφῇ,
2567 5483 2658 5533 καὶ
2687 5481 3036 5552 πολυτρόπως
3059 5481 3319 5551 νοουμὲνη
3344 5481 3435 5533 καὶ
3451 5479 3781 5555 λεγομένη.

2440 5596 2482 5628 ιδ
2532 5597 2742 5653 Coloss.
2791 5600 2945 5669 ι,16.
3059 5599 3101 5630 ³⁵
3143 5597 3287 5653 Psal.
3321 5594 3489 5665 1.,12,
3522 5594 3628 5668 13,
3675 5601 3771 5657 Η.
