4054 6150
437 260 544 322 557

1543 272 1828 329 CONTRA
1867 268 2258 337 EUNOMIUM,
2300 269 2428 324 LIB.
2469 268 2535 324 ll.

3591 279 3699 335 558

439 377 551 432 Kal.
576 376 685 468 γάρ
707 378 800 432 καὶ
835 378 932 452 τὴν
974 381 1165 451 ἄλογον
1209 384 1371 453 φύσιν
1400 385 1762 458 ὑποτετάχθαι
1803 387 1965 459 φησὶν
1985 390 2014 440 6

2124 392 2225 439 tur.
2262 383 2473 440 Etenim
2506 393 2758 438 naturam
2814 385 3044 442 rationis
3083 397 3364 458 expertem
3398 389 3702 460 subjectam

435 466 753 536 Προφήτης,
787 471 882 524 καὶ
930 475 1055 537 τοὺς
1103 476 1160 527 ὲν
1205 477 1428 548 πολέμῳ
1460 481 1898 552 κεκρατημένους
1936 481 2014 551 τῷ

435 558 585 630 αὑτῷ
613 560 810 628 ὑπάγει
839 561 1082 633 ὀνόματι,
1113 566 1207 620 καὶ
1255 568 1471 633 δούλους
1503 573 1614 633 τοῖς
1647 571 1795 635 ἰδίοις
1825 571 2015 624 δεσπό-

433 667 556 714 ταις
605 651 1003 708 ὑποτάσσεσθαι
1056 659 1333 728 νομοθετεῖ
1369 661 1397 713 6
1438 660 1779 727 ’Ᾱπόστολος,
1806 663 1900 715 καὶ
1946 661 2014 716 τὰ

436 739 603 795 τέκνα
625 742 682 793 ἐν
711 743 954 816 ὑποταγῇ
993 745 1136 817 ἔχειν
1161 750 1286 813 τοὺς
1316 751 1412 821 τῆς
1441 752 1738 824 ἱερωσύνης
1758 771 2017 827 προεστη-

438 832 604 896 κότας
650 833 1046 889 διακελεύεταιο
1103 839 1178 904 ὡς
1213 842 1311 911 τῆς
1352 843 1640 914 γινομένης
1677 844 1806 916 παρ’
1835 846 2014 899 αὑτῶν

436 922 683 989 ἀταξίας,
712 925 834 979 καθ’
863 928 1155 999 ὁμοιότητα
1184 930 1292 985 τῶν
1339 932 1486 985 Ἠλεὶ
1529 935 1624 988 τοῦ
1672 937 1859 1008 ἱερέως
1885 939 2016 991 παί-

435 1012 564 1078 δων,
589 1015 668 1077 είς
690 1016 818 1078 τοὺς
852 1018 1094 1089 πατέρας
1123 1021 1522 1096 διαϐαινούσης.
1564 1026 1725 1081 Ἀλλὰ
1762 1030 1852 1082 καὶ
1881 1031 2016 1084 πάν-

437 1122 546 1158 των
591 1106 699 1159 τῶν
750 1108 1049 1178 ἀνθρώπων
1092 1112 1188 1182 τὴν
1235 1116 1372 1184 πρὸς
1417 1117 1506 1170 τὸν
1545 1117 1676 1172 Θεὸν
1714 1121 2012 1195 ὑποταγὴν,

435 1196 564 1250 ὅταν
594 1198 881 1264 ἑνωθέντες
910 1204 957 1255 oi
990 1204 1188 1268 πάντες
1226 1206 1492 1276 ἀλλήλοις,
1525 1210 1612 1263 διὰ
1654 1213 1751 1282 τῆς
1780 1213 2014 1277 πίστεως

439 1287 499 1339 ἓν
529 1289 690 1358 σῶμα
722 1290 814 1342 τοῦ
862 1291 1066 1364 Κυρίου
1103 1293 1197 1347 τοῦ
1233 1296 1292 1350 ὲν
1317 1299 1480 1352 πᾶσιν
1507 1299 1658 1364 ὄντος
1705 1301 2018 1378 γενώμεθα,Ι

437 1379 533 1434 τοῦ
583 1381 715 1434 Υἱοῦ
763 1385 899 1455 πρὸς
927 1387 1020 1440 τὸν
1053 1389 1272 1461 Πατέρα
1311 1392 1590 1464 ὑποταγὴν
1627 1395 1655 1446 6
1697 1395 2016 1461 Ἀπόστολος

439 1469 605 1538 λέγει,
647 1472 746 1541 τῆς
795 1477 942 1547 παρὰ
981 1479 1195 1533 πάντων
1222 1481 1561 1553 ὁμοθυμαδὸν
1603 1487 1892 1558 γινομένης
1937 1489 2014 1559 τῷ

439 1562 553 1634 Υἱῷ
604 1569 1023 1638 προσκυνήσεως
1050 1571 1199 1640 παρά
1230 1590 1290 1625 τε
1336 1573 1443 1626 τῶν
1486 1576 1858 1645 ἐπουρανίων,
1922 1583 2015 1632 καὶ

437 1654 545 1708 τῶν
561 1657 836 1724 ἐπιγείων,
851 1661 944 1712 καὶ
959 1661 1065 1715 τῶν
1083 1663 1467 1734 καταχθονίων,
1487 1668 1564 1729 είς
1580 1669 1680 1737 τὴν
1696 1668 1788 1721 τοῦ
1804 1669 2015 1740 Πατρὸς

2116 493 2239 533 esse
2263 478 2398 532 dicit
2429 476 2700 548 Propheta
2727 478 2796 543 ιθ,
2838 488 2892 533 et
2918 480 3063 534 bello
3100 481 3347 537 devictos
3398 483 3571 538 eidem
3600 499 3705 538 no-

2117 569 2249 623 mini
2281 568 2526 638 subjicit,
2565 575 2618 623 et
2648 583 2838 625 servos
2877 570 2992 626 suis
3030 571 3268 627 dominis
3301 573 3498 642 subjici
3528 576 3707 630 sancit

2116 661 2412 730 Apostolus
2442 660 2580 725 ¹⁹·²⁰,
2617 669 2671 715 et
2704 661 2998 717 sacerdotii
3026 664 3362 733 praestitibus
3411 681 3542 721 suos
3567 667 3706 721 ﬁlios

2117 753 2171 806 in
2206 752 2548 821 subjectione
2577 752 2776 808 habere
2818 755 3092 823 przccipit,
3129 758 3253 826 quia
3292 756 3358 810 ab
3400 756 3534 827 ipsis
3564 756 3708 811 facta

2117 843 2387 907 confusio,
2421 843 2486 897 ad
2512 844 2926 900 similitudinem
2978 847 3213 901 ﬁliorum
3245 847 3326 902 Eli
3378 848 3705 910 sacerdotis.

2116 936 2171 988 in
2220 942 2401 1003 patres
2457 935 2686 989 tran’sit.
2750 935 2893 1002 Quin
2945 938 3104 992 etiam
3139 939 3380 993 omnium
3424 938 3717 993 hominum‘

2115 1027 2514 1096 subjectionem
2572 1028 2690 1083 sive
2749 1029 3172 1086 submissionem
3237 1030 3305 1084 ad
3357 1029 3548 1094 Deum,
3576 1042 3710 1088 cum

2115 1133 2306 1174 omnes
2350 1117 2585 1172 invicem
2623 1119 2764 1173 uniti
2818 1136 2916 1189 per
2940 1121 3099 1175 ﬁdem
3161 1138 3330 1176 unum
3363 1136 3565 1192 corpus
3597 1123 3709 1175 Doo

2116 1210 2272 1274 mini,
2309 1210 2404 1280 qui
2429 1217 2512 1264 est
2548 1211 2601 1263 in
2625 1210 2904 1274 omnibus,
2941 1211 3118 1267 ell'ecti
3149 1211 3414 1267 fuerimus
3442 1230 3454 1266 :
3482 1211 3604 1266 Filii
3637 1212 3707 1266 ad

2115 1301 2331 1358 Patrem
2384 1303 2782 1373 subjectionem
2811 1305 3102 1374 Apostolus
3125 1304 3280 1371 dicit,
3338 1320 3463 1358 eum
3495 1305 3564 1360 ab
3589 1319 3709 1359 om-

2116 1394 2278 1448 nibus
2325 1409 2431 1448 uno
2479 1409 2751 1450 consensu
2781 1395 2920 1450 Filio
2952 1397 3194 1451 exhibita
3228 1396 3496 1459 adoratio,
3526 1411 3556 1450 a
3587 1411 3705 1451 caa-

2117 1483 2365 1548 lestibus,
2407 1486 2760 1541 terrestribus
2798 1495 2853 1540 et
2888 1485 3344 1543 subterrcstribus
3382 1487 3448 1540 ad
3491 1485 3705 1542 Patrem

2066 1639 2068 1641 ν
2119 1583 2360 1630 transeat
2419 1583 2473 1630 et
2528 1578 2821 1648 pertingat.
2854 1578 2945 1632 Sic
2993 1578 3208 1634 dicente
3248 1579 3437 1644 Paulo,
3471 1579 3617 1650 quod
3641 1578 3709 1633 Ei

2116 1665 2356 1733 ﬂectetur
2403 1684 2553 1722 onme
2601 1685 2734 1738 genu
2789 1670 3093 1735 cazlestium,
3133 1673 3456 1726 terrestrium
3503 1683 3553 1725 et
3585 1673 3710 1725 sub-

435 1747 593 1814 δὸξαν
629 1750 1008 1824 διαϐαινούσης
1028 1772 1039 1784 ·
1067 1753 1238 1819 οὕτως
1274 1757 1517 1820 εἰπόντος
1544 1759 1636 1812 τοῦ
1675 1760 1908 1824 Παύλου,
1934 1761 2014 1814 ὅτι

2124 1764 2498 1821 ιειϊοηεοπιιηι,
2532 1769 2581 1811 et
2609 1759 2779 1812 omnis
2825 1760 3006 1829 lingua
3057 1761 3393 1830 conﬁtebitur
3425 1760 3562 1830 quod
3602 1759 3708 1815 Do-

438 1840 608 1905 Αὐτῷ
636 1843 856 1912 κάμψει
888 1845 1011 1901 πᾶν
1035 1848 1182 1916 γόνυ
1231 1848 1600 1918 ἐπουρανίων
1627 1851 1722 1905 καὶ
1749 1852 2024 1922 ἐπιγείων

439 1931 538 1985 καὶ
571 1936 1005 2002 καταχθονίων,
1037 1936 1135 1990 καὶ
1169 1937 1336 1993 πᾶσα
1368 1939 1619 2009 γλῶσσα
1657 1941 2022 2013 ἐξομολογή-

438 2038 629 2089 σεται,
653 2025 740 2078 ὅτι
769 2025 984 2095 Κύριος
1011 2029 1250 2097 Ἰησοῦς
1268 2031 1522 2098 Χριστὸς
1548 2037 1634 2098 εις
1663 2031 1848 2096 δόξαν
1876 2037 2022 2090 Θεοῦ

439 2113 776 2184 Πατρός-,Οὔ
794 2120 1106 2190 γενομένου,
1125 2122 1215 2176 τὸν
1245 2123 1302 2174 ἐν
1333 2125 1496 2177 πᾶσιν
1513 2125 1638 2178 ὄντα
1657 2126 1784 2181 Υίὸν
1809 2126 1896 2180 διὰ
1927 2129 2024 2200 τῆς

439 2207 547 2260 τῶν
572 2208 807 2277 πάντων,
832 2210 890 2263 ὲν
913 2205 993 2272 οἷς
1021 2213 1165 2264 ἐστιν
1184 2213 1213 2264 6
1233 2212 1383 2280 Υἱὸς,
1409 2214 1685 2285 ὑποταγῆς
1713 2216 1870 2269 αὑτὸν
1901 2217 2026 2270 ὑπο-

441 2299 736 2354 τάσσεσθαι
794 2301 872 2373 τῷ
916 2303 1195 2373 Πατρὶ,ἠ
1243 2305 1453 2374 μεγάλη
1498 2305 1590 2360 τοῦ
1633 2306 1844 2360 Παύλου
1905 2309 2022 2361 δια-

443 2391 752 2446 ϐεϐαιοῦται
785 2395 964 2463 σοφία.
991 2394 1123 2448 Τίνα
1151 2392 1244 2449 οὖν
1291 2395 1603 2466 ὲπιθρυλλεῖ
1638 2397 1716 2467 τῷ
1747 2399 2021 2469 Πνεύματι

441 2483 538 2555 τὴν
569 2484 819 2553 καθάπαξ
847 2488 1122 2557 ὑποταγὴν
1151 2490 1178 2541 ὀ
1201 2488 1493 2558 Εὑνόμιος;
1536 2490 1635 2543 οὐκ
1656 2489 1802 2546 ἐστιν
1831 2491 1893 2543 ὲκ
1925 2492 2023 2560 τῆς

444 2576 835 2646 προσριφείσης
862 2577 989 2646 παρ’
1018 2577 1179 2630 αὑτοῦ
1209 2578 1520 2648 διδαχθῆναι
1547 2582 1730 2650 φωνῆς
1758 2578 1866 2632 τῶν
1906 2580 2022 2632 ἀλό-

443 2684 575 2736 γων,
603 2669 636 2737 ἢ
667 2667 776 2720 τῶν
813 2667 1193 2739 αἰχμαλώτων,
1227 2669 1260 2738 ἢ
1291 2669 1400 2721 τῶν
1430 2669 1677 2734 οἰκετῶν,
1707 2669 1738 2739 ἦ
1782 2669 1889 2722 τῶν
1916 2688 2020 2725 σω-

444 2759 846 2830 φρονιζομένων
875 2761 1098 2825 τέκνων,
1125 2758 1158 2829 ἢ
1185 2759 1292 2812 τῶν
1332 2758 1419 2811 διὰ
1468 2760 1566 2830 τῆς
1614 2760 1892 2831 ὑποταγῆς
1925 2777 2024 2814 σω-

444 2850 711 2919 ζομένων.
737 2851 805 2902 Ἢ
840 2851 949 2920 γάρ
977 2853 1112 2921 πρὸς
1148 2853 1238 2905 τὸν
1266 2852 1398 2905 Θεὸν
1426 2853 1534 2905 τῶν
1561 2852 1864 2924 ἀνθρώπων
1894 2856 2024 2907 ὑπο-

442 2943 606 3011 ταγὴ,
643 2943 883 3014 σωτηρία
927 2946 1038 3007 τοῖς
1077 2943 1536 3013 ὑποτασσομένοις
1570 2944 1700 2996 ἐστί.
1739 2945 1895 2998 Κατὰ
1924 2947 2022 3017 τὴν

441 3033 536 3086 τοῦ
591 3037 872 3105 Προφήτου
922 3034 1104 3106 φωνὴν
1149 3036 1181 3104 ἦ
1236 3051 1430 3104 φησιν,
1497 3035 1893 3091 ὑποτάσσεσθαι
1945 3037 2022 3106 τῷ

2123 1843 2296 1912 minus
2322 1841 2477 1899 Iesus
2507 1845 2770 1911 Christus,
2802 1850 2870 1900 ad
2900 1848 3126 1918 gloriam
3158 1848 3257 1902 Dei
3294 1849 3553 1903 Patris".
3587 1848 3708 1915 Quo

2123 1933 2266 1988 facto
2312 1934 2508 1990 Filium
2555 1939 2646 2010 qui
2697 1939 2751 1993 in
2806 1940 3062 1995 omnibus
3108 1949 3210 2006 est,
3245 1955 3340 2011 per
3374 1940 3617 1995 omnium
3650 1940 3708 1994 in

2123 2028 2321 2095 quibus
2362 2036 2446 2083 est
2467 2029 2635 2086 Filius
2684 2031 3084 2100 subjectionem
3117 2032 3296 2101 ipsum
3324 2031 3473 2086 Patri
3509 2031 3708 2100 subjici

2123 2133 2316 2186 magna
2364 2117 2518 2172 Pauli
2565 2120 2856 2174 conﬁrmat
2895 2121 3188 2190 sapientia.
3241 2121 3414 2187 Quam
3447 2123 3611 2193 igitur
3637 2122 3708 2177 de

2129 2208 2327 2280 Spiritu
2349 2208 2719 2264 omnimodam
2747 2211 3146 2281 subjectionem
3180 2213 3483 2269 Eunomius
3505 2214 3707 2285 praedi-

2121 2300 2246 2353 cat?
2285 2299 2362 2352 Ex
2413 2315 2550 2355 voce
2609 2302 2859 2372 projecta
2897 2305 2965 2358 ab
3011 2306 3130 2374 ipso
3179 2321 3286 2359 non
3344 2306 3470 2361 licet
3499 2307 3706 2372 doceri,

2122 2390 2352 2444 rationis
2374 2393 2678 2460 expertium
2711 2409 2778 2446 an
2832 2395 3192 2464 captivorum,
3229 2410 3297 2450 an
3356 2395 3706 2461 famulorum,

2123 2495 2189 2534 an
2226 2482 2542 2548 liberorum,
2607 2485 2698 2554 qui
2749 2485 2814 2539 ad
2857 2486 3181 2541 modestiam
3208 2494 3261 2540 et
3290 2488 3707 2556 temperantiam

2122 2573 2508 2642 instituuntur,
2541 2575 2624 2630 vel
2662 2593 2850 2631 eorum
2909 2578 3000 2647 qui
3051 2594 3144 2646 per
3171 2578 3566 2648 subjectionem
3593 2586 3710 2634 ser-

2123 2673 2340 2720 vantur.
2368 2665 2502 2722 Nam
2532 2667 2599 2721 ad
2625 2668 2790 2724 Deum
2819 2669 3099 2724 hominum
3144 2672 3411 2740 subjectio
3446 2673 3596 2727 salus
3624 2681 3710 2726 est

2123 2754 2208 2811 bis
2225 2756 2318 2825 qui
2342 2758 2728 2827 subjiciuntur.
2759 2746 3074 2813 Secundum
3107 2759 3388 2830 Pr0phetaa
3409 2759 3710 2815 dictionem

2124 2863 2243 2916 quae
2276 2849 2351 2902 ait
2384 2864 2398 2903 :
2434 2849 2625 2905 Nonne
2657 2852 2764 2906 Deo
2792 2853 3025 2923 subjecza
3053 2854 3150 2906 erit
3189 2853 3368 2906 anima
3405 2869 3542 2916 mea,
3575 2868 3711 2923 quo-

2124 2940 2267 2992 niam
2295 2939 2359 2992 ab
2391 2942 2501 3008 ipso
2551 2943 2670 3012 (per
2714 2944 3133 3011 subjectionem)
3169 2945 3407 2999 salutare
3433 2961 3604 2998 meum
3634 2944 3710 2995 “1’

2126 3028 2201 3082 ita
2226 3039 2283 3084 ut
2312 3031 2385 3085 sit
2411 3029 2702 3112 subjectio,
2742 3035 2995 3089 interitus
3020 3035 3363 3090 salutiferam
3386 3036 3707 3090 remedium.

441 3125 563 3198 Θεῷ
602 3091 946 3198 τὴνίέινχὴν,
997 3091 1181 3198 ἐπειδὴ
1224 3091 1352 3199 παρ’
1382 3091 1545 3180 αὑτοῦ
1573 3128 1780 3196 γίνεται
1813 3129 1899 3182 διὰ
1928 3091 2023 3202 τῆς

2129 3119 2595 3185 Quemadmodum
2620 3109 2786 3194 igitur
2815 3127 3086 3181 medicina
3124 3128 3230 3182 fert
3248 3143 3402 3197 Opem
3437 3135 3712 3198 aegrotan-

445 3221 719 3290 ὑποταγῆς
752 3221 811 3272 τὸ
845 3221 1108 3290 σωτήριον
1129 3237 1140 3248 ⁸
1171 3219 1246 3283 ὡς
1285 3215 1422 3272 εἶναι
1463 3219 1560 3290 τὴν
1595 3219 1891 3290 ὑποταγὴν,
1924 3221 2022 3292 τῆς

443 3311 716 3375 ἀπωλείας
763 3310 1134 3382 ἁλεξιτήριον.
1186 3312 1394 3383 Ὥσπερ
1438 3312 1616 3366 τοίνυν
1665 3315 1880 3386 ἰατρικὴ
1913 3319 2023 3379 τοῖς

444 3402 657 3458 νοσοῦσι
675 3402 1236 3468 σπουδάζεται,οὖτως
1262 3406 1354 3459 καὶ
1376 3407 1408 3475 ἡ
1441 3405 1685 3477 ὑποταγὴ
1711 3409 1820 3470 τοῖς
1837 3408 2022 3477 δεομέ-

443 3511 553 3557 νοις
580 3498 676 3565 τῆς
699 3495 1068 3566 σωτηρίας.Τὸ
1085 3495 1138 3548 δὲ
1156 3494 1378 3566 Πνεῦμα
1395 3495 1456 3548 τὸ
1476 3495 1628 3564 ἅγιον
1647 3498 1706 3548 τὸ
1730 3497 2022 3561 ζωοποιοῦν

443 3588 513 3641 τὰ
534 3588 732 3651 πάντα,
765 3588 922 3652 ποίας
950 3588 1125 3652 ἐνδεές
1165 3591 1279 3641 ἐστι
1310 3588 1452 3659 ζωῆς
1474 3629 1489 3652 ,
1520 3589 1606 3643 ἵνα
1646 3588 1734 3642 διὰ
1760 3589 1858 3660 τῆς
1893 3592 2047 3650 ὑπο-κ

442 3681 615 3750 ταγῆς
652 3680 748 3751 τὴν
779 3681 1049 3750 σωτηρίαν
1098 3679 1272 3751 ἑαυτῷ
1313 3682 1763 3752 κατακτῆσηται;
1808 3683 2022 3754 Ἐπειδὴ

446 3771 622 3823 τοίνυν
667 3770 788 3822 οὔτε
815 3771 923 3823 ἀπό
967 3770 1291 3834 τινοςκθείας
1334 3771 1514 3840 φωνῆς
1546 3771 1608 3822 τὸ
1634 3772 1871 3826 τοιοῦτον
1907 3775 2024 3827 ἑπι-

447 3847 692 3934 θρυλλεῖν
722 3863 834 3932 ἔχει
865 3862 941 3932 τῷ
963 3863 1258 3933 Πνεύματι,
1291 3862 1412 3916 οὔτε
1444 3865 1508 3916 ἐκ
1541 3865 1638 3934 τῆς
1668 3864 1775 3917 τῶν
1799 3867 2023 3918 εἰκότων

446 3953 720 4024 λογισμῶν
749 3953 1066 4017 ἀκολουθίας
1095 3952 1296 4023 ταύτην
1321 3992 1335 4016 ,
1363 3952 1505 4006 κατὰ
1536 3953 1627 4006 τοῦ
1671 3955 1825 4022 ἁγίου
1857 3956 2025 4008 Πνεύ-

451 4060 618 4112 ματος
659 4043 757 4114 τὴν
783 4042 1129 4114 βλασφημίαν
1157 4043 1432 4113 προήκατο
1459 4057 1472 4070 ·
1506 4042 1665 4113 δῆλον
1695 4043 1759 4096 ἂν
1798 4043 1882 4115 εἴη
1914 4047 2025 4106 τοῖς

449 4131 573 4186 νοῦν
602 4133 833 4204 ἔχουσιν,
863 4134 944 4186 ὅτι
976 4132 1379 4204 ἁσυνηγόρητον
1411 4132 1680 4186 ἐκτίθεται
1709 4136 1829 4188 κατ’
1860 4134 2024 4188 αὑτοῦ

449 4226 547 4296 τὴν
602 4226 888 4291 ἀσέϐειαν,
943 4225 1064 4278 οὔτε
1107 4226 1380 4296 μαρτυρία
1433 4226 1540 4278 τινὶ
1597 4225 2024 4298 Γραφικῇ,οὑτε

453 4320 558 4390 μὴν
589 4318 878 4388 ἀκολουθίᾳ
905 4317 1176 4388 λογισμῶν
1207 4318 1636 4388 κρατυνομένην.

522 4389 851 4480 Προστίθησι
870 4409 927 4462 δὲ
955 4408 1182 4473 τούτοις,
1201 4409 1280 4460 ὅτι
1313 4409 1458 4461 Οὔτε
1479 4409 1629 4461 κατὰ
1654 4409 1759 4464 τὸν
1774 4412 2024 4480 Πατέρα,

453 4499 589 4552 οὔτε
617 4496 696 4562 τῷ
726 4498 904 4566 Πατρί
932 4497 1498 4565 συναριθμούμενος,
1525 4493 1613 4562 εἷς
1639 4498 1747 4566 γάρ
1771 4500 1900 4553 ἐστι
1930 4502 2029 4555 καὶ

445 4591 636 4659 μόνος
691 4588 892 4656 Πατὴρ
929 4591 960 4642 ὀ
1007 4587 1104 4640 ἐπὶ
1142 4586 1382 4640 πάντων
1412 4587 1555 4652 Θεός
1578 4603 1592 4616 °
1622 4589 1759 4642 οὔτε
1799 4590 1879 4655 τῷ
1922 4590 2029 4656 Tia")

452 4681 983 4749 συνεξισούμενος,
1000 4679 1336 4749 μονογενὴς
1371 4680 1480 4748 γάρ
1507 4680 1678 4733 ἐστιν
1697 4683 1729 4733 ὀ
1759 4681 1912 4747 Υἱὸς,
1937 4686 2030 4736 oi)-

455 4769 597 4824 δέῪα
629 4772 787 4839 ἔχων
831 4769 1107 4839 ὁμογενῆ.
1174 4768 1314 4838 Ἐγὼ
1362 4770 1479 4840 μὲν,
1515 4769 1628 4837 εἴγε
1684 4769 1842 4838 μόνον
1873 4768 2028 4821 τοῦτο

455 4861 531 4930 τῷ
558 4861 703 4931 λόγῳ
733 4861 1060 4932 προσέθηκε,
1089 4862 1148 4913 τὸ
1176 4861 1252 4932 μὴ
1277 4857 1414 4914 εἶναι
1443 4860 1655 4930 πατέρα
1693 4859 1785 4913 τοῦ
1809 4860 1938 4913 Υίοῦ
1967 4861 2027 4913 τὸ

457 4952 680 5022 Πνεῦμα
713 4953 774 5004 τὸ
834 4951 1020 5021 ἅγιον,
1056 4951 1286 5022 μάταιον
1331 4951 1427 5004 καὶ
1472 4951 1678 5015 τούτοις
1726 4950 1883 5024 ῷμην
1923 4955 2032 5015 τοῖς

457 5043 609 5113 παρὰ
628 5043 853 5114 μηδενὸς
870 5044 1211 5114 άμφισόητου
1219 5043 1402 5114 μένοις
1424 5044 1833 5114 ἐμφιλοχωρεῖν,
1849 5047 2031 5098 ἐκεῖνα

457 5135 585 5204 περὶ
614 5135 778 5186 αὑτοῦ
821 5137 958 5188 νοεῖν
1008 5133 1304 5197 κωλύοντα,
1334 5134 1476 5204 ἆπερ
1505 5133 1611 5185 οὐδ’
1644 5133 1710 5186 ἂν
1750 5134 1857 5200 τῷν
1887 5135 2032 5201 ,ἄγαν

454 5240 537 5286 τις
583 5225 825 5295 ἀνοήτων
867 5226 1233 5296 ὑπονοήσειεν.
1280 5223 1494 5296 Ἐπειδὴ
1533 5223 1588 5276 δὲ
1631 5223 1718 5277 διὰ
1747 5224 1851 5276 τῶν
1885 5225 2031 5277 ἀνοι-

456 5312 619 5364 κείων
648 5329 707 5364 τε
756 5315 848 5366 καὶ
892 5313 1275 5385 ἀπροσκόλλων
1313 5313 1739 5378 κατασκευάζειν
1771 5315 2033 5385 ἐπιχειρεῖ

454 5403 553 5470 τὴν
586 5402 860 5467 ἀσέϐειαν,
887 5403 953 5455 δι’
992 5397 1065 5455 ὧν
1103 5401 1176 5472 μὴ
1205 5397 1339 5454 εἶναι
1387 5400 1535 5468 λέγει
1573 5398 1666 5453 τοῦ
1696 5399 2034 5468 Μονογενοῦς

458 5493 670 5562 πατέρα
693 5493 751 5546 τὸ
781 5492 1005 5563 Πνεῦμα
1031 5494 1094 5546 τὸ
1117 5493 1288 5562 ἆγιον,
1314 5492 1401 5545 διὰ
1432 5492 1636 5546 τούτων
1666 5491 2034 5545 ἀποδεικνύειν

2129 3211 2296 3275 tibus,
2350 3212 2432 3267 sic
2461 3214 2731 3282 subjectio
2786 3216 2966 3270 salute
3026 3216 3421 3286 indigentibus.
3476 3218 3544 3270 At
3584 3233 3711 3271 vero

2132 3293 2371 3374 Spiritus
2419 3314 2668 3372 sanctus,
2705 3307 2797 3375 qui
2826 3307 3008 3362 omnia
3033 3308 3293 3373 viviﬁcat,
3326 3324 3561 3378 quanam
3597 3310 3712 3363 vita

2131 3393 2359 3465 indiget.
2383 3403 2440 3450 ut
2463 3412 2559 3466 per
2581 3397 2982 3467 subjectionem
3006 3400 3236 3457 salutem
3275 3401 3376 3456 sibi
3403 3401 3504 3470 ipsi
3530 3402 3715 3470 acqui-

2129 3489 2537 3555 rat?Quoniam
2573 3491 2742 3560 igitur
2800 3497 2976 3560 neque
2997 3491 3066 3545 ab
3101 3492 3209 3544 ulla
3259 3491 3440 3546 divina
3471 3491 3713 3547 dictione

2131 3584 2234 3636 tale
2263 3583 2394 3652 quid
2424 3583 2492 3637 de
2523 3583 2729 3652 Spiritu
2777 3585 3059 3654 divulgare
3087 3594 3264 3654 potest
3289 3602 3303 3651 ;
3352 3599 3526 3654 neque
3555 3599 3620 3639 ex
3646 3599 3714 3639 ea

2131 3688 2250 3742 quae
2273 3673 2331 3727 ﬁt
2357 3676 2662 3730 rationibus
2690 3677 3070 3746 probabilibus
3123 3678 3532 3740 consecmione,
3571 3676 3721 3730 hanc

2131 3774 2322 3819 contra
2359 3763 2624 3835 Spiritum
2653 3777 2908 3822 sanetum
2965 3768 3356 3838 blasphemiam
3401 3766 3710 3838 prompsit:

2129 3857 2477 3926 perspicuum
2527 3863 2675 3911 certe
2726 3856 2888 3911 fuerit
2929 3873 3063 3911 sana
3123 3867 3302 3913 mente
3351 3857 3595 3928 praeditis
3655 3866 3713 3912 et

2130 3954 2277 4001 recte
2301 3947 2666 4002 sentientibus
2694 3947 3032 4015 hominibus,
3073 3951 3219 4020 quod
3248 3952 3388 4005 hanc
3406 3951 3712 4020 patrocinio

2131 4048 2406 4094 carentem
2440 4040 2705 4095 adversus
2730 4041 2909 4109 ipsum
2943 4041 3151 4110 profert
3192 4042 3523 4110 impietatem
3551 4059 3564 4093 :
3590 4056 3713 4110 quae

2133 4145 2306 4200 neque
2335 4132 2445 4183 ullo
2469 4131 2676 4201 scripto
2707 4132 3038 4195 testimonio,
3068 4147 3246 4201 neque
3289 4131 3397 4184 ulla
3431 4131 3712 4184 rationum

2133 4221 2522 4276 consecutione
2549 4220 2913 4275 conﬁrmatur
2941 4262 2952 4274 .

2207 4395 2302 4452 llis
2333 4405 2512 4450 autem
2545 4395 2756 4464 adjicit,
2802 4395 2982 4459 Neque
3017 4397 3297 4450 secundum
3345 4397 3580 4462 Patrem,
3617 4415 3710 4454 ne-

2134 4506 2230 4560 que
2250 4504 2369 4542 cum
2401 4488 2560 4542 Patre
2595 4497 2996 4541 annumeratur.
3039 4487 3186 4542 Unus
3217 4490 3353 4541 enim
3378 4498 3454 4542 est
3487 4499 3534 4543 et
3564 4492 3709 4545 solus

2111 4577 2329 4640 .Pater,
2367 4577 2457 4646 qui
2507 4577 2561 4629 in
2603 4575 2845 4629 omnibus
2889 4575 3050 4638 Deus,
3092 4593 3254 4646 neque
3289 4593 3409 4630 eum
3434 4576 3578 4632 Fiiio
3618 4596 3714 4633 ex-

2135 4677 2394 4738 wquatur,
2431 4669 2729 4738 unigenitus
2765 4669 2902 4721 enim
2931 4679 3008 4721 est
3054 4666 3252 4731 Filius,
3279 4669 3482 4722 nullum
3515 4670 3712 4726 habens

2135 4757 2486 4826 congenitum.
2553 4757 2698 4827 Ergo
2727 4759 2982 4828 equidem
3031 4759 3078 4813 si
3117 4761 3220 4814 hoc
3254 4761 3429 4814 solum
3463 4763 3710 4818 orationi

2136 4849 2470 4914 addidisset,
2523 4849 2784 4920 Spiritum
2849 4858 3098 4905 sanctum
3145 4851 3543 4922 Filii-patrem
3601 4870 3714 4908 non

2138 4957 2282 5008 esse,
2315 4957 2509 4996 vanum
2541 4942 2793 5012 putarem
2826 4943 2879 4997 in
2911 4944 2999 4998 his
3027 4945 3094 5000 de
3126 4946 3327 5015 quibus
3364 4948 3548 5001 nullus
3573 4961 3712 5001 eon-

2138 5034 2460 5087 troversiam
2524 5041 2726 5100 movet,
2779 5034 3084 5102 immorari,
3130 5051 3255 5091 cum
3304 5038 3395 5091 illa
3457 5037 3526 5092 de
3590 5036 3709 5104 ipso

2139 5124 2426 5192 prohibeat
2466 5125 2790 5195 intelligere,
2831 5141 2953 5194 qua:
2997 5143 3176 5198 neque
3218 5127 3520 5182 amentium
3552 5125 3707 5192 quis-

2142 5230 2302 5285 quam
2351 5217 2740 5284 suspicaretur.
2798 5215 2906 5273 Sed
2944 5221 3073 5288 quia
3107 5235 3205 5289 per
3249 5217 3489 5273 absurda
3535 5224 3591 5271 et
3625 5215 3708 5268 in-

2139 5305 2523 5359 convenientia
2569 5320 2747 5375 neque
2798 5308 3133 5361 cohaerentia
3182 5307 3521 5374 impietatem
3574 5318 3708 5359 eon—

2143 5402 2357 5450 struere
2385 5402 2638 5457 conatur,
2691 5411 2786 5461 per
2825 5411 2888 5449 ea
2921 5410 3042 5464 quae
3070 5394 3224 5458 dicit,
3263 5393 3528 5461 Spiritum
3577 5407 3706 5448 san-

2143 5495 2292 5540 ctum
2321 5501 2431 5541 non
2462 5500 2586 5541 esse
2623 5485 2898 5557 Unigeniti
2941 5493 3172 5554 patrem,
3203 5499 3299 5553 per
3331 5484 3447 5538 haec
3481 5485 3706 5539 demon-

535 5691 576 5722 ³⁸
609 5688 755 5745 Psal,
795 5703 915 5753 vin,
952 5685 1005 5742 8.
1090 5687 1206 5719 ¹⁹-³⁰
1233 5685 1429 5758 Ephes.
1461 5702 1533 5761 γι,
1570 5687 1635 5761 5_;
1682 5687 1897 5746 Coloss.
1922 5701 2003 5758 ιιι,

2193 5689 2233 5722 ³⁸
2263 5686 2496 5756 Philipp.
2531 5701 2591 5753 ιι,
2631 5685 2714 5756 l0,
2745 5685 2829 5740 ll.
2910 5685 2952 5717 "
2988 5682 3133 5740 Psal.
3155 5696 3266 5750 ut,
3295 5682 3351 5736 9..

419 5827 498 5846 unx‘

755 5975 780 5993 \
