4068 6148
422 236 525 291 550

1655 238 1711 293 S.
1755 238 2080 295 CBEGORII
2119 241 2411 298 NYSSENI

3574 246 3674 305 560

424 354 598 404 Strarc
622 356 817 418 putans
842 364 961 403 esse
988 348 1295 416 subjectum
1319 357 1371 403 et
1400 350 1794 421 mancipatum,
1827 353 1989 422 hujus

2110 357 2334 426 ›ίόμενο;
2363 357 2422 409 τὸ
2444 352 2582 410 εἶναι
2614 358 3046 430 ὑποτεταγμένον
3074 359 3167 413 καὶ
3197 359 3529 432 ὑποχείριον.
3552 358 3675 412 τοὺα

423 442 601 510 gratia
645 441 710 493 ad
759 440 921 509 hujus
970 442 1224 497 amentia:
1271 443 1752 512 reprehensionem
1800 445 1993 499 horum

423 532 715 586 verborum
749 533 1080 587 mentionem
1126 533 1251 588 feci.
1286 534 1388 600 Qui
1435 534 1704 604 Spiritum
1744 545 1996 591 sanctum

425 622 570 675 Patri
620 622 929 691 subjectum
973 638 1033 679 se
1083 624 1465 680 demonstrare
1516 626 1807 695 Opinatur,
1871 642 1999 696 pro-

426 721 603 781 pterea
638 710 792 780 quod
822 710 1063 781 Spiritus
1091 727 1199 767 non
1247 720 1331 767 est
1361 712 1634 784 Unigeniti
1676 722 1852 784 pater,
1886 730 1993 785 qua

425 801 755 855 necessitate
786 803 895 856 tale
912 802 1052 871 quid
1097 802 1353 856 conﬁcit?
1392 803 1529 869 Quia
1565 812 1719 874 pater
1760 820 1869 859 non
1901 807 1992 870 sit,

425 889 634 943 idcirco
676 905 911 960 prorsus
964 892 1037 946 sit
1091 891 1397 960 subjectus.
1453 893 1508 948 Si
1561 895 1998 951 demonstratum

422 990 567 1036 esset
608 982 749 1037 idem
794 984 1127 1054 signiﬁcatu,
1166 996 1373 1053 patrem
1425 1001 1547 1041 esse
1593 996 1648 1043 et
1682 998 1997 1059 tyrannum,

424 1087 769 1142 consequens
809 1082 957 1130 esset
991 1075 1264 1130 intellecta
1299 1077 1588 1146 tyrannide
1633 1078 1686 1132 in
1720 1088 1873 1149 patre
1911 1095 1999 1135 as-

425 1180 607 1220 serere
641 1167 906 1235 Spiritum
950 1166 1265 1236 subjectum
1318 1177 1372 1223 et
1407 1169 1746 1224 submissum
1782 1187 1905 1226 esse
1950 1173 2000 1226 ei

426 1257 519 1326 qui
566 1267 836 1325 potestate
887 1260 1289 1326 praeemineret.
1340 1259 1497 1324 Quod
1548 1261 1593 1314 si
1654 1277 1749 1331 per
1790 1257 1997 1331 patrem

428 1350 618 1402 relatio
661 1352 726 1402 ad
766 1351 933 1404 ﬁlium
964 1352 1078 1406 sola
1110 1353 1433 1423 intelligitur
1464 1373 1476 1407 :
1514 1356 1661 1408 nulla
1706 1364 1885 1410 autem
1921 1364 2001 1426 ty-

427 1443 652 1495 rannica
692 1449 747 1495 et
793 1442 1086 1511 imperiosa
1139 1444 1241 1497 hac
1286 1459 1419 1499 voce
1477 1446 1759 1500 inducitur
1812 1447 1997 1501 notio:

425 1535 703 1605 quomodo
731 1551 1075 1605 consequens
1105 1544 1187 1591 est
1225 1537 1493 1606 Spiritum
1527 1553 1650 1593 esse
1697 1539 1998 1604 subditum,

426 1642 494 1681 ex
524 1641 589 1680 eo
620 1626 762 1694 quod
795 1642 902 1681 non
934 1628 1005 1682 sit
1037 1627 1166 1682 Filii
1196 1628 1596 1698 pater?Neque
1616 1628 1777 1693 Filio,
1803 1631 1999 1700 inquit,

427 1717 589 1770 simul
619 1726 949 1786 exa'quatur,
982 1719 1257 1788 quomodo
1291 1719 1406 1773 haec
1444 1720 1618 1773 dicit?
1666 1719 1820 1785 Quod
1856 1722 2001 1775 enim

427 1805 769 1861 immutabile
796 1814 1115 1877 est,.neque
1142 1808 1308 1863 ullius
1344 1811 1474 1863 mali
1514 1825 1715 1880 capax,
1751 1811 2003 1881 quodque

430 1896 978 1967 sempereodemque
1010 1899 1173 1953 modo
1202 1901 1256 1953 in
1286 1901 1435 1956 bono
1461 1886 1997 1971 permanet,.nullain

430 1986 591 2040 habet
621 1987 973 2043 differentiam
1008 1990 1059 2042 in
1078 1988 1215 2046 Filio
1241 1999 1294 2045 et
1318 1990 1542 2062 Spiritu.
1574 1994 1647 2046 Ex
1677 2009 1832 2064 :cquo
1856 1995 2000 2055 enim

428 2078 573 2147 quod
620 2077 1033 2148 incorruptibile
1060 2088 1143 2135 est
1188 2081 1240 2134 in
1271 2080 1475 2152 Spiritu
1517 2098 1545 2135 a
1597 2084 1839 2152 pernicie
1878 2084 1993 2138 sive

429 2172 780 2239 corruptione
824 2172 1063 2226 alienum
1119 2180 1224 2240 est,
1280 2180 1334 2227 et
1366 2173 1509 2243 quod
1556 2182 1749 2227 natura
1804 2175 2003 2229 bonum

427 2272 533 2327 est,
564 2264 753 2319 eodem
786 2264 945 2333 plane
987 2265 1149 2319 modo
1198 2280 1227 2318 a
1263 2267 1543 2320 contrario
1587 2275 1859 2321 secretum
1899 2275 1999 2321 est.

428 2355 495 2409 Et
549 2357 693 2426 quod
746 2357 799 2409 in
853 2356 1004 2410 omni
1058 2358 1201 2412 bono
1252 2357 1551 2427 perfectum
1594 2369 1699 2424 est,
1752 2357 2006 2414 similiter

426 2449 546 2503 sine
579 2447 793 2503 defectu
831 2447 994 2501 habet
1041 2448 1193 2517 quod.
1218 2449 1341 2518 plus
1371 2456 1474 2504 est.

498 2538 626 2593 llaec
654 2548 833 2593 autem
869 2540 1055 2593 omnia
1098 2539 1165 2593 de
1204 2539 1413 2610 Spiritu
1444 2548 1639 2596 sancto
1686 2540 1917 2596 afﬁrmat
1950 2548 2005 2597 et

428 2633 587 2687 docet
624 2647 654 2685 a
695 2632 804 2686 Deo
845 2632 1107 2701 inspirata
1161 2631 1464 2701 Scriptura,
1522 2633 1748 2697 bonum,
1791 2632 2006 2702 sapien-

420 2737 561 2793 iem,
593 2739 647 2783 et
673 2729 1167 2798 ineorruptibilem,
1192 2737 1247 2783 et
1275 2729 1662 2795 immortalem,
1695 2736 1856 2797 atque
1889 2743 2005 2783 0m-

430 2821 520 2875 nia
548 2821 761 2876 excelsa
798 2828 853 2877 et
887 2820 1000 2876 Deo
1040 2822 1238 2876 decora
1285 2836 1446 2875 sensa
1482 2820 1649 2874 animi
1686 2829 1741 2874 et
1766 2820 2004 2874 nomina

429 2911 658 2982 Spiritui
687 2922 880 2969 sancto
915 2914 1227 2983 assignans.
1252 2912 1309 2966 Si
1344 2913 1509 2982 igitur
1540 2913 1593 2966 in
1629 2912 1779 2966 nullo
1808 2912 2003 2965 horum

431 3006 752 3060 imminutus
781 3014 881 3071 est,
915 3004 968 3058 in
1002 3019 1110 3075 quo
1145 3005 1571 3074 inaequalitatem
1598 3001 1721 3056 Filii
1749 3011 1803 3057 et
1828 3003 2004 3073 Spiri-
2032 3040 2076 3099 ο

434 3105 521 3150 tus
556 3094 855 3153 Eunomius
890 3097 1217 3151 dimetitur?
1251 3094 1561 3167 Unigenilus
1594 3096 1731 3150 enim
1774 3102 1873 3160 est,
1921 3094 2007 3148 in-

418 3184 787 3258 -quit,.Filius,
813 3186 1017 3240 nullum
1035 3186 1257 3256 fratrem
1280 3185 1477 3239 habens
1495 3186 1869 3254 similigenam.
1899 3182 2005 3237 Sed

430 3278 500 3333 de
528 3293 594 3333 eo
632 3278 776 3349 quod
813 3294 918 3333 non
948 3285 1198 3349 oporteat
1244 3292 1369 3331 cum
1406 3274 1670 3330 fratribus
1705 3274 2009 3343 intelligere

432 3366 819 3438 Unigcnitum,
873 3369 927 3429 in
982 3384 1234 3424 sermone
1288 3366 1355 3420 de
1407 3365 1777 3435 primogenito
1830 3363 2008 3418 omnis

426 3466 699 3514 creatura:
751 3460 1140 3513 disseruimus.
1184 3457 1356 3522 Quod
1404 3464 1584 3509 autem
1634 3457 1702 3510 ab
1758 3455 1860 3509 hoc
1913 3469 2011 3525 per

434 3550 697 3603 malitiam
729 3557 782 3603 et
805 3549 1218 3617 improbitatem
1248 3546 1558 3618 projectum
1582 3553 1687 3608 est,
1716 3546 1873 3601 decet
1899 3560 2008 3599 non

375 3666 388 3679 -
435 3639 814 3695 indiseussum
841 3651 1007 3710 atque
1039 3656 1147 3694 non
1170 3641 1540 3695 examinatum
1562 3647 2008 3710 prsetercurrere.

434 3729 570 3784 Nam
601 3745 725 3784 cum
759 3730 1193 3785 ecclesiasticum
1224 3730 1419 3799 dogma
1470 3744 1635 3784 unam
1679 3728 1734 3782 in
1770 3727 1930 3783 Patre
1956 3735 2011 3781 et

434 3817 599 3881 Filio,
645 3827 699 3873 et
742 3818 949 3888 Spiritu
997 3830 1191 3875 sancto
1218 3820 1474 3875 virtutem
1504 3828 1559 3874 et
1589 3819 1914 3884 bonitatem,
1955 3826 2011 3873 et

435 3909 758 3973 essentiam,
802 3916 861 3963 et
908 3909 1133 3978 gloriam
1175 3910 1291 3963 sive
1333 3908 1700 3977 maiestatem,
1747 3918 1799 3964 et
1828 3909 2012 3963 omnia

439 4016 560 4071 qua:
610 4008 739 4055 sunt
780 4000 1052 4069 ejusmodi
1115 4000 1399 4069 praedicet,
1446 4009 1671 4071 excepta
1708 4000 2013 4054 differentia

434 4109 558 4166 quae
586 4101 670 4148 est
698 4092 998 4149 secundum
1020 4106 1294 4161 personas
1316 4110 1329 4146 :
1352 4091 1442 4145 hic
1464 4104 1593 4144 eum
1624 4090 1737 4144 vult
1767 4106 2013 4145 commu-

436 4201 560 4242 nem
596 4185 777 4241 faeere
811 4199 935 4240 cum
968 4193 1219 4237 creatura
1258 4181 1534 4253 Unigeniti
1561 4181 2013 4251 essentiam,_pri-

436 4277 772 4349 mogenitum
819 4276 997 4345 ipsum
1032 4274 1164 4329 dicit
1211 4275 1391 4329 omnis
1420 4282 1685 4328 creaturae
1716 4272 2012 4328 secundum

2100 464 2193 498 του
2225 449 2381 518 χάριν
2402 447 2479 510 εἰς
2503 448 2720 518 ἔλεγχον
2754 450 2851 519 τῆς
2877 451 3061 512 ἀνοίας
3082 448 3245 503 αὑτοῦ
3276 449 3384 502 τῶν
3416 450 3677 521 ῥημάτων

2100 536 2304 589 τούτων
2338 536 2433 606 τὴν
2485 539 2707 609 μνήμην
2736 538 3099 610 ἐποιησάμην.
3139 540 3236 602 Ὃς
3256 540 3424 591 οῐεται
3456 538 3677 592 ἀποδει-

2102 627 2283 681 κνύειν
2330 628 2764 698 ὑποτεταγμένον
2811 629 2887 699 τῷ
2922 630 3097 700 Ιῐατρὶ
3141 629 3203 683 τὸ
3231 629 3489 699 Πνεῦμα,
3540 628 3677 681 διότι

2101 716 2201 768 οὑκ
2234 717 2348 768 ἔστι
2372 718 2552 788 πατὴρ
2576 718 2669 770 τοῦ
2692 719 3027 787 Μονογενοῦς
3049 719 3113 791 τὸ,
3137 718 3360 789 Πνεῦμα
3377 737 3390 749 ·
3416 721 3480 772 ὲκ
3518 720 3677 780 ποίας

2103 807 2209 879 γὰρ
2234 809 2476 878 ἀνάγκης
2516 810 2575 862 τὸ
2614 809 2851 863 τοιοῦτον
2893 812 3393 876 κατασκευάζεται,
3426 812 3499 873 ὡς
3527 812 3576 864 εί
3603 812 3677 882 μὴ

2101 898 2283 970 πατὴρ
2327 899 2407 968 εἴη
2436 901 2528 953 καὶ¹
2552 901 2908 971 ὑποτετάχθαι
2936 902 3183 966 πάντως;
3218 902 3282 956 Εί
3312 903 3409 972 μὲν
3434 898 3526 956 οῦν
3553 905 3679 956 ἀπο-

2100 988 2337 1041 δέδεικτο
2387 992 2578 1044 ταυτὸν
2617 988 2754 1045 εἶναι
2797 993 2876 1063 τῷ
2919 994 3298 1063 σημαινομένῳ
3340 995 3549 1065 πατέρα
3582 996 3675 1047 καὶ

2102 1078 2384 1149 τύραννον,
2416 1081 2703 1136 ἀκόλουθον
2736 1080 2824 1153 ἦν,
2864 1085 2990 1154 περὶ
3033 1083 3123 1137 τὸν
3154 1084 3369 1154 πατέρα
3390 1084 3677 1156 νοηθείσςης

2100 1171 2200 1238 τῆς
2245 1170 2577 1241 τυραννίδος,
2620 1174 2981 1243 ὑποτετάχθαι
3015 1173 3192 1242 λέγειν
3227 1174 3288 1227 τὸ
3330 1173 3551 1244 Πνεῦμα
3601 1173 3679 1243 τῷ

2103 1260 2243 1315 κατὰ
2273 1262 2369 1332 τὴν
2405 1262 2651 1327 ἐξουσίαν
2684 1265 2987 1335 προέχοντι.
3029 1267 3091 1318 Ei
3116 1265 3177 1317 δὲ
3220 1264 3310 1319 διά
3339 1264 3432 1317 τοῦ
3476 1266 3678 1337 πατρὸς

2100 1355 2133 1423 ἡ
2181 1354 2313 1423 πρὸς
2346 1353 2435 1406 τὸν
2484 1355 2594 1408 υἱὸν
2637 1355 2818 1424 σχέσις
2856 1359 3055 1409 νοεῖται
3103 1357 3261 1427 μόνη,
3296 1358 3454 1411 οὐδὲν
3492 1359 3552 1412 δὲ
3584 1377 3675 1411 τυ-

2107 1443 2351 1513 ραννικὸν
2400 1443 2494 1497 καὶ
2542 1444 2943 1510 ἐξουσιαστικὸν
2990 1445 3165 1515 νόημα
3196 1445 3285 1498 διὰ
3332 1445 3534 1516 ταύτης
3578 1445 3678 1514 τῆς

2104 1534 2284 1603 φωνῆς
2312 1534 2703 1604 παρεισάγεται
2719 1550 2732 1562 ·
2767 1534 2882 1597 πῶς
2903 1534 3184 1588 ἀκολουθεῖ
3206 1534 3284 1606 τῷ
3312 1535 3389 1607 μὴ
3415 1532 3553 1588 εἶναι
3575 1554 3680 1590 πα-

2103 1624 2235 1694 τέρα
2262 1624 2355 1677 τοῦ
2382 1624 2510 1676 Υἱοῦ
2533 1624 2593 1677 τὸ
2628 1624 2985 1694 ὑποτετάχθαι
3023 1626 3084 1678 τὸ
3120 1626 3375 1697 Πνεῦμα;
3411 1628 3559 1680 Οὔτε
3599 1626 3679 1691 τῷ

2036 1708 2077 1763 Β
2104 1714 2231 1779 Υἱῷ,
2278 1715 2435 1785 φησὶ,
2476 1715 3010 1783 συνεξισούμενον.
3039 1716 3163 1779 Πῶς
3196 1717 3367 1771 ταῦτά
3414 1735 3546 1787 φησι
3571 1735 3584 1782 ;
3607 1718 3678 1770 Τὸ

2106 1806 2209 1877 γάρ
2229 1805 2352 1858 οὔτε
2372 1807 2464 1859 καὶ
2488 1806 2753 1877 ἄτρεπτον
2775 1807 2868 1860 καὶ
2887 1806 3057 1861 κακοῦ
3076 1808 3291 1871 πάντως
3312 1809 3675 1873 ἀνεπίδεκτον,

2106 1900 2199 1951 καὶ
2242 1899 2340 1951 ἀεὶ
2387 1899 2644 1963 ὡσαύτως
2675 1900 2733 1952 ὲν
2765 1898 2841 1971 τῷ
2881 1900 3069 1971 ἀγαθῷ
3108 1901 3391 1971 διαμένον,
3425 1901 3680 1971 οὐδεμίαν

2107 1989 2215 2060 ἔχει
2262 1989 2617 2061 παραλλαγὴν
2650 1990 2742 2042 ἐπὶ
2794 1989 2887 2043 τοῦ
2919 1992 3049 2045 Υἱοῦ
3097 1992 3191 2045 καὶ
3218 1991 3311 2045 τοῦ
3342 1990 3673 2057 Πνεύματος.

2119 2082 2344 2151 Ἐπίσης
2357 2081 2464 2152 γὰρ
2486 2081 2547 2133 τὸ
2586 2080 2678 2133 τοῦ
2713 2082 3027 2152 Πνεύματος
3059 2083 3333 2153 ἄφθαρτον
3359 2085 3449 2154 τῆς
3475 2082 3677 2152 φθορᾶς

2106 2173 2477 2243 ἠλλοτρίωται,
2510 2174 2602 2227 καὶ
2635 2174 2695 2227 τὸ
2741 2177 2804 2246 τῇ
2856 2174 3015 2243 φύσει
3050 2175 3251 2244 ἀγαθὸν
3289 2174 3551 2237 ὡσαύτως
3584 2172 3676 2225 τοῦ

2107 2266 2343 2320 ἐναντίου
2372 2264 2847 2335 κεχώρισται.Καὶ
2880 2265 2939 2320 τὸ
2964 2269 3021 2319 ἐν
3053 2267 3212 2320 παντὶ
3246 2264 3433 2336 ἀγαθῷ
3455 2265 3675 2330 τέλειον,

2106 2356 2305 2427 ὁμοίως
2327 2354 2591 2418 ἀνενδεῶς
2618 2355 2727 2426 ἔχει
2751 2353 2842 2408 τοῦ
2871 2355 3130 2420 πλείονος.

2175 2537 2360 2592 Ταῦτα
2386 2537 2439 2590 δὲ
2467 2537 2642 2606 λέγειν
2674 2537 2800 2608 περὶ
2828 2536 2922 2591 τοῦ
2949 2538 3261 2609 Πνεύματος
3286 2538 3459 2591 πάντα
3511 2537 3543 2607 ἡ
3571 2537 3679 2590 θεό-

2109 2646 2371 2692 πνευστος
2420 2628 2659 2681 διδάσκει
2692 2629 2882 2699 Γραφὴ
2902 2670 2916 2693 ,
2946 2628 3147 2696 ἀγαθὸν
3167 2671 3181 2695 ,
3213 2630 3307 2682 καὶ
3357 2628 3540 2696 σοφὸν,
3585 2628 3677 2681 καὶ

2107 2720 2380 2791 ἄφθαρτον
2408 2760 2423 2783 ,
2456 2720 2548 2772 καὶ
2581 2719 2876 2785 ἀθάνατον,
2910 2722 3004 2774 καὶ
3048 2722 3224 2773 πάντα
3244 2721 3313 2774 τὰ
3347 2720 3536 2792 ’ὑψηλά
3588 2720 3678 2774 καὶ

2106 2811 2175 2865 τά
2228 2812 2502 2881 θεοπρεπῆ
2543 2811 2785 2881 νοήματά
2815 2828 2875 2864 τε
2912 2813 3005 2865 καὶ
3048 2813 3287 2883 ὀνόματα
3333 2829 3683 2883 προσμαρτυ-

2110 2906 2278 2978 ροῦσα
2308 2904 2385 2976 τῷ
2428 2906 2722 2977 Πνεύματι.
2777 2904 2840 2958 Et
2870 2900 2961 2959 οῦν
3002 2905 3059 2957 ὲν
3090 2906 3262 2959 οὐδενὶ
3288 2905 3493 2959 τούτων
3526 2905 3685 2975 ἠλάτ-

2108 3014 2298 3064 τωται,
2333 2999 2392 3050 ὲν
2416 2997 2520 3051 τίνι
2545 2997 2605 3049 τὸ
2630 2997 2810 3050 ἄνισον
2838 2995 2930 3049 τοῦ
2961 2996 3092 3049 Υἱοῦ
3123 2997 3215 3050 καὶ
3242 2995 3335 3049 τοῦ
3367 2996 3683 3066 Πνεύματος

2108 3090 2385 3160 διαμετρεῖ
2417 3091 2445 3141 ὁ
2476 3089 2769 3158 Εὑνόμιος;
2802 3087 3152 3158 ’Μονοτενὴς
3180 3087 3291 3157 γάρ
3313 3088 3464 3152 ἐστι,
3498 3090 3681 3158 φησὶν,

2111 3186 2143 3236 ό
2166 3182 2315 3248 Υἱὸς,
2338 3181 2554 3235 οὐδένα
2577 3180 2733 3250 ἔχων
2755 3180 3022 3249 ἀδελφὸν
3060 3180 3340 3250 ὁμογενῆ.
3374 3180 3536 3233 Ἀλλά
3557 3179 3684 3249 περὶ

2109 3271 2202 3324 τοῦ
2235 3270 2308 3341 μὴ
2335 3270 2442 3322 δεῖν
2475 3269 2611 3339 μετὰ
2638 3268 2877 3338 ἀδελφῶν
2903 3271 3043 3323 νοεῖν
3073 3270 3164 3322 τὸν
3194 3270 3494 3341 Μονογενῆ,
3524 3270 3582 3322 ἐν
3607 3267 3684 3338 τῷ

2111 3363 2253 3432 λόγῳ
2288 3361 2366 3431 τῷ
2404 3361 2531 3430 περὶ
2563 3361 2656 3413 τοῦ
2686 3361 3031 3429 πρωτοτόκου
3082 3362 3262 3432 πάσης
3309 3362 3409 3432 τῆς
3456 3362 3684 3422 κτίσεως

2111 3452 2480 3522 διειλήφαμεν.
2520 3451 2593 3504 Τὸ
2622 3450 2678 3503 δὲ
2722 3451 2871 3522 παρὰ
2898 3450 3085 3504 τούτου
3114 3452 3208 3505 νῦν
3236 3452 3328 3505 ’διά
3354 3451 3683 3521 κακουργῖας

2112 3544 2411 3617 προσριφὲν
2435 3542 2513 3614 τῷ
2534 3543 2695 3613 λόγῳ,
2718 3544 2981 3614 προσήκει
3010 3544 3083 3614 μὴ
3106 3545 3486 3616 παραδραμεῖν
3507 3544 3688 3609 ἀνεξέ-

2112 3652 2328 3690 ταστον.
2359 3635 2465 3689 Τοῦ
2493 3635 2600 3704 γὰρ
2646 3634 3097 3705 ἐκκλησιαστικοῦ
3130 3636 3404 3706 δόγματος
3442 3637 3590 3706 μίαν,
3631 3638 3687 3688 ἐν

2113 3727 2284 3800 Πατρί
2301 3745 2360 3781 τε
2386 3727 2479 3780 καὶ
2505 3727 2617 3797 Υίῷ
2644 3727 3223 3798 καὶΠνεύματιάγίῳ,
3247 3728 3474 3797 δύναμίν
3507 3748 3567 3782 τε
3599 3730 3688 3783 καὶ

2115 3818 2423 3889 ἀγαθότητα
2453 3818 2543 3871 καὶ
2572 3818 2758 3871 οὐσίαν
2799 3820 2889 3871 καὶ
2925 3818 3102 3885 δόξαν,
3138 3819 3230 3872 καὶ
3274 3819 3451 3873 πάντα
3483 3819 3551 3872 τὰ
3582 3836 3689 3873 τοι-

2109 3912 2251 3965 αῦτα
2301 3909 2855 3981 κηρ’ύσσοντος,’πλὴν
2888 3913 2987 3980 τῆς
3029 3910 3172 3965 κατὰ
3212 3911 3311 3975 τὰς
3360 3913 3692 3974 ὑποστάσεις

2115 4001 2396 4071 διαφορᾶς,
2420 3993 2573 4064 οὗτος
2596 4001 2723 4053 ὅταν
2747 3999 2845 4071 μὲν
2872 3999 3127 4070 βούληται
3163 4002 3530 4071 κοινοποιῆσαι
3556 4003 3692 4071 πρὸς

2115 4095 2214 4162 τὴν
2245 4093 2422 4147 κτίσιν
2459 4092 2553 4146 τοῦ
2589 4092 2929 4161 Μονογενοῦς
2957 4094 3055 4165 τὴν
3101 4094 3305 4158 οὐσίαν,
3348 4096 3694 4167 πρωτότοκον

2117 4185 2277 4239 αὑτὸν
2292 4185 2441 4253 λέγει
2474 4184 2654 4255 πάσης
2683 4184 2783 4255 τῆς
2811 4184 3060 4249 κτίσεως,
3085 4185 3225 4240 κατά
3246 4186 3343 4258 τὴν
3370 4187 3695 4257 προαιώνιον

2119 4273 2386 4345 ὓπαρξιν,
2422 4272 2626 4341 ἀδελφὰ
2666 4273 2759 4326 τοῦ
2796 4274 2999 4345 Κυρίου
3034 4275 3210 4329 πάντα
3239 4274 3307 4328 τά
3337 4277 3394 4328 ὲν
3420 4278 3480 4345 τῇ
3515 4274 3695 4328 κτίσει

438 4376 566 4423 ante
590 4376 851 4423 teternum
882 4365 1281 4427 exsistentiam,
1313 4363 1498 4418 omnia
1520 4379 1641 4433 quae
1679 4364 1735 4417 in
1764 4370 2008 4417 creatura

2119 4365 2382 4435 νοούμενα
2401 4363 2489 4415 διὰ
2516 4362 2616 4432 τῆς
2645 4362 2826 4433 φωνῆς
2846 4364 3048 4435 ταύτης
3075 4360 3213 4418 εἶναι
3239 4364 3696 4434 ἀποφαινόμενος.

440 4462 821 4531 intelliguntur
844 4460 944 4514 hac
966 4474 1096 4513 voce
1115 4473 1237 4514 esse
1260 4457 1457 4513 fratres
1478 4456 1691 4511 Domini
1715 4454 2011 4509 afﬁrmans.

439 4552 843 4622 Primogenitus
896 4551 1041 4606 enim
1088 4566 1199 4605 non
1252 4564 1442 4605 eorum
1495 4549 1590 4619 qui
1634 4557 1764 4603 sunt
1812 4546 2014 4603 diversi

440 4644 679 4713 generis,
712 4643 805 4698 sed
842 4656 1032 4696 eorum
1067 4641 1160 4710 qui
1185 4639 1429 4709 ejusdem
1468 4648 1597 4694 sunt
1619 4637 1857 4709 generis,
1893 4652 2015 4691 om-

443 4734 575 4787 nino
613 4733 1007 4802 primogenitus
1041 4743 1143 4787 est.
1177 4731 1315 4786 Cum
1365 4737 1545 4785 autem
1601 4745 1631 4783 a
1679 4728 2018 4784 connexione

439 4824 562 4880 sive
589 4824 897 4879 cohaesione
915 4839 1039 4894 quae
1073 4831 1156 4878 est
1187 4838 1306 4878 cum
1335 4822 1472 4876 Filio
1490 4820 1754 4890 Spiritum
1781 4820 2016 4885 divellit,

449 4913 798 4989 Unigenilum
844 4914 1021 4983 ipsum
1067 4913 1220 4979 dicit,
1279 4928 1388 4967 non
1451 4912 1736 4966 habentem
1800 4910 2019 4965 fratrem

404 5066 409 5071 ,
445 5018 830 5078 congenerem,
873 5005 987 5059 sive
1020 5004 1264 5074 ejusdem
1298 5004 1544 5073 generis,
1570 5019 1679 5057 non
1728 5011 1788 5057 ut
1817 5004 2022 5074 absque

446 5097 711 5154 fratribus
742 5094 921 5163 ipsum
962 5093 1245 5163 intelligat,
1283 5093 1378 5148 sed
1426 5103 1484 5149 ut
1525 5108 1621 5161 per
1657 5093 1759 5148 hoc
1805 5093 1873 5148 de
1895 5094 2021 5161 Spi-

446 5193 554 5247 ritu
588 5186 735 5260 quod
782 5184 1083 5241 secundum
1133 5184 1428 5238 essentiam
1479 5184 1719 5238 alienum
1765 5191 1851 5240 est
1884 5198 2021 5237 con-

445 5288 645 5336 struat.
681 5276 816 5332 Nam
854 5275 1116 5346 Spiritum
1147 5282 1398 5328 sanctum
1434 5276 1654 5329 fratrem
1679 5273 1889 5329 Domini
1915 5290 2022 5329 non

447 5371 719 5439 appellare
746 5383 815 5423 ex
846 5366 1129 5436 Scriptura
1164 5363 1471 5418 didicimus.
1506 5364 1610 5418 Sed
1640 5380 1746 5419 non
1775 5371 2025 5433 oportere

449 5459 713 5527 Spiritum
746 5457 991 5529 ejusdem
1022 5456 1261 5529 generis,
1304 5455 1358 5510 id
1395 5462 1500 5521 est,
1535 5455 1858 5511 substantia:
1899 5470 2022 5509 cum

452 5546 590 5601 Filio
634 5548 838 5613 dicere,
868 5564 934 5605 ex
981 5548 1132 5603 nullo
1179 5547 1488 5602 divinorum
1538 5546 1868 5615 scriptorum
1908 5545 2025 5600 loco

454 5640 881 5697 demonstratur.
914 5640 986 5717 .Si
1034 5639 1180 5697 enim
1211 5639 1387 5695 virtus
1414 5636 1630 5695 viviﬁca
1674 5637 1730 5693 in
1763 5635 1925 5695 Patre
1971 5644 2024 5694 et

2128 4457 2189 4509 '0
2227 4456 2335 4526 γάρ
2376 4452 2739 4525 πρωτότοκος,
2778 4454 2837 4506 οὑ
2881 4453 2988 4506 τῶν
3017 4455 3373 4524 ἑτερογενῶν,
3403 4454 3539 4507 ἀλλά
3582 4453 3708 4508 τῶν

2119 4544 2393 4616 ὁμογενῶν
2448 4542 2664 4606 πάντως
2713 4543 2829 4595 ἐστὶ
2873 4545 3236 4613 πρωτότοκος.
3282 4546 3451 4597 Ὅταν
3497 4544 3553 4597 δὲ
3596 4545 3710 4615 τῆς

2121 4637 2257 4705 πρὸς
2286 4634 2378 4687 τὸν
2409 4633 2532 4687 Υἱὸν
2574 4632 2867 4702 συναφείας
2904 4633 3186 4703 ἀποσχίζει
3213 4633 3274 4686 τὸ
3308 4635 3553 4705 Πνεῦμα,
3582 4636 3713 4688 Μο-

2120 4724 2311 4794 νογενῆ
2352 4723 2513 4777 αὑτὸν
2543 4722 2713 4787 λέγει,
2743 4722 2817 4792 μὴ
2849 4722 3040 4792 ἔχοντα
3064 4723 3291 4801 ἀδελφὸν
3324 4724 3583 4794 ὁμογενῆ,
3605 4728 3719 4799 οὑχ

2123 4817 2210 4870 ἵνα
2256 4814 2384 4869 ἄνευ
2430 4813 2673 4881 ἀδελφῶν
2702 4812 2863 4865 αὑτὸν
2889 4814 3077 4883 νοήσῃ,
3110 4813 3222 4866 ἀλλ’
3258 4814 3346 4867 ἴνα
3390 4814 3480 4867 διά
3508 4814 3719 4871 τούτου

2123 4904 2508 4976 κατασκευάσῃ
2541 4904 2668 4976 περὶ
2691 4900 2784 4956 τοῦ
2806 4902 3123 4973 Πνεύματος
3146 4904 3207 4957 τὸ
3231 4904 3370 4957 κατά
3397 4905 3497 4975 τὴν
3515 4906 3724 4960 οὐσίαν

2122 4995 2420 5065 ἀλλότριον.
2452 4995 2525 5046 Τὸ
2558 4995 2652 5065 μὲν
2675 4995 2783 5064 γὰρ
2816 4994 2890 5064 μὴ
2922 4992 3101 5062 λέγειν
3130 4993 3359 5063 ἀδελφὸν
3391 4994 3452 5047 τὺ
3472 4996 3727 5068 Πνεῦμα

2123 5088 2183 5141 τὸ
2218 5086 2390 5155 ἅγιον,
2428 5084 2577 5155 παρά
2603 5085 2702 5155 τῆς
2730 5084 2953 5155 Γραφῆς
2984 5084 3416 5155 μεμαθήκαμεν·
3446 5086 3508 5139 τὸ
3541 5086 3607 5141 δὲ
3642 5092 3726 5162 μὴ

2123 5180 2230 5232 δεῖν
2273 5178 2529 5249 ὁμογενὲς
2569 5175 2644 5247 τῷ
2676 5175 2790 5247 Υίῷ
2814 5176 2993 5244 λέγειν
3027 5175 3088 5228 τὸ
3127 5176 3373 5247 Πνεῦμα,
3406 5179 3728 5249 οὐδαμόθεν

2125 5273 2189 5324 ἐκ
2212 5271 2319 5323 τῶν
2373 5268 2532 5322 θείων
2587 5268 2964 5322 ἀποδείκνυται
3010 5268 3203 5336 λόγων.
3238 5269 3300 5321 Ei
3329 5269 3437 5340 γὰρ
3469 5269 3535 5340 δὴ
3571 5269 3729 5334 ζωο-

2125 5362 2277 5424 ποιὸς
2319 5360 2546 5430 δύναμις
2577 5361 2634 5411 ὲν
2683 5360 2859 5431 Πατρὶ
2892 5362 2983 5412 καὶ
3013 5358 3149 5430 Υἱῷ,
3197 5360 3592 5415 ἀποδείκνυται
3624 5365 3730 5419 καὶ

2126 5454 2182 5506 ἐν
2214 5450 2489 5521 Πνεύματι
2514 5450 2671 5520 ἁγίῳ,
2710 5449 2849 5502 κατὰ
2877 5450 2975 5520 τὴν
3006 5450 3098 5503 τοῦ
3135 5450 3466 5518 Εὑαγγελίου
3488 5455 3727 5523 φωνήν,

2126 5544 2190 5596 Ei
2216 5541 2276 5594 τὸ
2312 5540 2587 5610 ἄφθαρτον
2613 5556 2672 5591 τε
2711 5540 2803 5592 καὶ
2833 5539 3096 5609 ἄτρεπτον
3139 5538 3232 5593 καὶ
3276 5538 3336 5591 τὸ
3372 5537 3552 5592 κακοῦ
3589 5558 3735 5597 παν-

2128 5633 2218 5699 τὸς
2264 5631 2626 5699 ἀνεπίδεκτον,
2658 5632 2706 5684 εί
2748 5629 2808 5683 τὺ
2842 5629 3042 5701 ἀγαθόν
3074 5647 3131 5685 τε
3182 5632 3275 5685 καὶ
3320 5628 3471 5691 sil-0kg
3523 5632 3637 5686 καὶ
3667 5636 3735 5689 τὸ
