4068 6148
418 295 520 355 561

1539 269 1815 364 CONTRA
1857 308 2245 380 EUNOMIUM,
2289 309 2415 367 Lm.
2458 312 2521 368 ιι.

3578 314 3680 371 562

423 411 763 484 ἡγεμονικὸν,
797 414 890 468 καὶ
919 414 978 469 rb
1027 416 1203 471 πάντα
1233 419 1290 472 ἐν
1311 422 1474 475 πᾶσιν
1518 424 1772 496 ἐνεργοῦν
1816 424 1977 486 καθὼς

2099 427 2256 492 Filio,
2305 429 2715 484 demonstratur
2761 429 2922 485 etiain
2972 430 3026 485 in
3068 430 3274 501 Spiritu
3321 437 3534 497 sancto,
3588 449 3673 489 se—

415 503 698 573 βιυλεται,
736 504 784 556 εἰ
821 510 997 560 πάντα
1027 509 1097 562 τὰ
1137 509 1359 563 τοιαῦτα
1392 511 1651 576 ὡσαύτως
1682 513 1828 568 ἔστιν
1869 515 1997 568 ἰδεῖν

415 594 506 645 ἐπὶ
535 594 747 664 Πατρός
783 581 1122 650 τε-καιΥἱοῦ
1167 602 1260 653 καὶ
1299 602 1612 672 Πνεύματος
1649 604 1805 671 ἁγίου
1829 621 1842 634 ·
1874 605 1991 668 πῶς

414 683 530 737 [στι
560 684 650 738 διὰ
676 685 772 754 τῆς
805 688 861 739 ὲν
889 687 1096 752 τούτοις
1121 692 1445 762 ταύτότητος
1471 693 1532 745 rb
1568 694 1876 763 ὲτερογενὲς
1909 698 1996 750 ὲν-

414 774 641 844 νοῆσαι;
670 775 881 828 Οὐκοῦν
908 777 969 830 rb
991 779 1066 849 μὴ
1095 779 1705 854 δεῖιιάδελφότητάτινα
1745 787 1870 857 περὶ
1902 788 1993 842 τὸν

411 871 690 943 Μονογενῆ
712 872 956 944 θεωρεῖν,
993 877 1020 928 ὁ
1049 876 1146 948 τῆς
1172 879 1451 945 εὐσεϐείας
1472 882 1776 937 συντίθεται
1801 884 1988 953 λόγοςέ

416 960 473 1014 rb
502 962 557 1015 δὲ
587 963 661 1033 μὴ
691 960 829 1018 εἷναι
853 965 930 1035 τῷ
954 967 1067 1038 Υἱῷ
1095 970 1349 1038 ὁμογενὲς
1376 971 1435 1024 rb
1468 971 1713 1042 Πνεῦμα,
1745 974 1822 1044 τῷ
1845 974 1993 1028 εὐθεῖ

412 1053 472 1106 τὸ
501 1054 686 1122 εὐθὲς,
710 1056 995 1128 τῷἀγαθῷ
1030 1060 1090 1112 τὸ
1120 1061 1340 1129 ἀγαθὸν,
1363 1062 1448 1132 ,τῷ
1485 1063 1734 1135 ζωοποιῷ
1766 1067 1826 1119 rb
1855 1067 1988 1131 ζωο-

415 1144 594 1210 ποιὸν,
628 1147 784 1200 τοῦτο
821 1149 920 1218 τῆς
954 1150 1232 1220 αἱρετικῆς
1280 1154 1611 1222 κακουργίας
1662 1154 1725 1207 ὲκ
1767 1154 1866 1224 τῆς
1893 1155 1987 1208 τοῦ

417 1231 575 1300 λόγου
601 1235 915 1305 ἀκολουθίας
954 1237 1141 1304 σαφῶς
1173 1238 1567 1295 ἀποδέδεικται.

2105 519 2344 573 ειηιιΙυηι
2376 518 2652 589 Evangelii
2688 519 3048 576 edictionem:
3071 523 3128 575 si
3161 522 3304 590 quod
3348 521 3678 594 incorrupti-

2104 610 2212 664 bile
2267 620 2320 664 et
2360 609 2833 672 incommutabile,
2861 611 3113 681 quodque
3166 611 3374 666 nullius
3421 613 3559 666 mali-
3593 623 3677 669 est

2104 717 2297 772 capax,
2333 702 2377 756 si
2407 701 2552 772 quod
2585 703 2785 756 bonum
2810 709 2863 756 et
2891 711 3123 767 rectum,
3145 710 3201 757 et
3226 704 3372 773 quod
3405 704 3675 774 principe.

2105 802 2216 848 tum
2249 794 2432 858 habet,
2474 803 2527 849 et
2556 794 2703 864 quod
2739 794 2921 848 omnia
2955 795 3012 848 in
3037 795 3290 850 omnibus
3322 794 3484 850 efficit
3513 804 3673 864 prout

2104 883 2216 936 vult
2255 903 2266 936 :
2305 883 2347 935 si
2389 884 2574 936 omnia
2599 898 2720 952 quae
2748 883 3034 938 sunt-talia
3067 885 3262 939 eodem
3291 885 3454 939 modo
3488 885 3674 941 videre

2100 975 2224 1030 licet
2251 975 2303 1028 in
2339 973 2518 1036 Patre,
2565 983 2621 1029 et
2645 974 2792 1029 Filio
2817 984 2870 1030 et
2900 976 3103 1045 Spiritu
3152 985 3363 1041 sancto,
3396 977 3672 1046 quomodo

2101 1067 2228 1120 licet
2259 1065 2360 1119 hac
2399 1065 2683 1120 identitate
2721 1067 2866 1136 quod
2903 1068 3354 1137 diversi-generis
3388 1077 3472 1122 est
3506 1067 3669 1121 intel-

2099 1154 2298 1224 ligere?
2341 1153 2456 1209 Non
2492 1155 2655 1224 igitur
2703 1163 2955 1225 oportere
3003 1156 3241 1225 aliquam
3275 1155 3675 1209 fraternitatem

2099 1244 2154 1300 in
2187 1244 2476 1317 Unigenito
2509 1261 2735 1301 cernere
2774 1235 2992 1316 pietatis
3015 1248 3286 1302 consentit
3321 1262 3520 1302 sermo.
3562 1246 3675 1300 Sed

423 1323 684 1392 Spiritum
731 1341 836 1379 non
875 1341 998 1382 esse
1045 1342 1168 1382 cum
1209 1326 1348 1383 Filio
1390 1329 1635 1399 ejusdem
1683 1333 1920 1402 generis,
1969 1333 2022 1388 id
2060 1345 2181 1401 est,
2239 1337 2581 1398 substantiae,
2625 1345 2830 1392 rectum
2905 1353 3028 1392 cum
3081 1347 3250 1402 recto,
3293 1319 3492 1392 bonum
3543 1353 3665 1391 eum

421 1416 585 1480 bono,
641 1415 910 1470 viviﬁcum
965 1432 1089 1472 cum
1127 1419 1365 1486 viviﬁeo,
1409 1421 1528 1482 hoc.
1557 1422 1824 1501 iizeretiCae
1867 1440 1989 1481 esse
2025 1429 2334 1496 pravitatis,
2361 1446 2436 1486 ex;
2461 1431 2690 1485 rationis
2725 1429 3114 1484 consecutione
3189 1439 3372 1498 aperte
3437 1429 3666 1484 demon~

419 1518 643 1564 stratum
669 1518 773 1565 εει.

486 1603 550 1655 Τί
576 1599 666 1657 οὖν
698 1603 784 1658 διὰ
810 1606 1023 1681 ,τούτων
1065 1608 1379 1664 κολοϐοῦται
1423 1613 1458 1682 ἡ
1495 1612 1846 1683 μεγαλειότης
1890 1614 1981 1666 τοῦ

417 1691 756 1760 Πνεύματος;
788 1693 950 1749 Οὐδὲν
979 1697 1086 1766 γάρ
1116 1698 1230 1750 ἐστι
1255 1699 1314 1752 rb
1359 1700 1692 1771 πλεονασμὸν
1724 1702 1757 1772 ἢ
1797 1701 1984 1770 ὐφεσιν

415 1782 708 1852 ἐμποιῆσαι
742 1783 1035 1854 δυνάμενον
1059 1787 1122 1839 ὲκ
1168 1787 1274 1840 τῶν
1307 1789 1621 1861 θεοπρεπῶν
1668 1793 1980 1862 νοημάτων·

413 1861 487 1924 ὧν
523 1871 741 1925 πάντων
784 1873 918 1926 κατά
953 1873 1013 1953 rb
1047 1869 1164 1928 ἶσον
1212 1865 1614 1948 ἒπιλεγομένων
1654 1861 1837 1950 τῷητε
1879 1881 1986 1951 Υίῷ

418 1961 511 2012 καὶ
547 1960 624 2030 τῷ
669 1962 946 2032 Πνεύματι
981 1967 1131 2035 παρὰ
1177 1970 1274 2038 τῆς
1307 1969 1475 2036 ἁγίας
1507 1969 1748 2041 Γραφῆς,
1779 1973 1835 2024 ὲν
1883 1972 1985 2025 τίνι

416 2050 600 2120 βλέπει
625 2052 686 2104 rb
709 2051 920 2122 ἄνισον;
952 2057 1064 2109 υύκ
1103 2056 1169 2111 ἂν
1216 2060 1387 2112 εἰπεῖν
1416 2060 1546 2130 ἔχοι.
1586 2061 1744 2114 Ἀλλά
1775 2063 1986 2133 γυμνὴν

416 2143 507 2195 καὶ
550 2144 942 2214 ἀκατάσκευον,
981 2149 1070 2202 καὶ
1121 2150 1386 2221 μηδεμιᾶς
1424 2153 1738 2236 ἠρτημένην
1765 2154 1984 2208 ἀκολου-

415 2231 532 2294 θίας
562 2232 661 2302 τὴν
705 2234 846 2288 κατὰ
877 2235 972 2289 τοῦ
1019 2238 1170 2306 ἁγίου
1207 2239 1519 2310 Πνεύματος
1556 2231 1816 2313 προφέρει
1859 2243 1986 2296 ἀσέ-

414 2322 581 2379 ϐειαν.
603 2324 754 2378 Οὔτε
771 2325 898 2394 μὴν
931 2328 1114 2395 ἄλλῳ,
1141 2333 1292 2401 φησὶ,
1319 2331 1432 2385 τινὶ
1459 2335 1978 2402 συντασσόμενον.

421 2410 729 2468 Ἁπάντων
744 2417 854 2484 γὰρ
867 2417 1192 2487 ἀναϐέϐηκε
1210 2421 1327 2475 τῶν
1341 2421 1438 2476 διὰ
1456 2423 1559 2478 τοῦ
1578 2425 1713 2480 Υἱοῦ
1736 2425 1978 2496 γενομέ-

409 2522 531 2560 νων
551 2508 912 2576 ποιημάτων,
935 2513 1184 2579 γενέσει,
1210 2514 1307 2566 καὶ
1335 2515 1536 2582 φύσει,
1559 2515 1655 2569 καὶ
1687 2515 1856 2585 δόξῃ,
1881 2519 1978 2572 καὶ

409 2593 644 2661 γνώσει,
662 2597 742 2662 ὡς
757 2597 990 2666 ,πρῶτον
1003 2603 1178 2670 ἔργον
1198 2603 1293 2656 καὶ
1311 2603 1633 2672 κράτιστον
1646 2607 1751 2660 τοῦ
1774 2612 1975 2663 Μονο-

409 2685 640 2754 γενοῦς,
652 2687 942 2756 μέγιστόν
966 2709 1027 2745 τε
1049 2693 1146 2746 καὶ
1171 2693 1523 2749 κάλλιστον.
1557 2698 1696 2765 Ἐγὼ
1724 2698 1858 2752 δὲτὸ
1881 2700 1988 2770 μὲν.

412 2773 729 2829 ἀπαίδευτον
752 2779 843 2830 καὶ
868 2781 1206 2852 συρφετῶδες
1242 2785 1578 2856 τῆςιλέξεως,
1617 2789 1794 2854 ἄλλοις
1832 2809 1978 2861 κωμ-

415 2862 570 2930 ῳδεῖν
597 2866 896 2936 καταλείψω
928 2883 942 2900 ⁸
975 2872 1385 2943 ἀπρεπὲς.εῐναι
1415 2879 1612 2949 κρίνων
1643 2883 1976 2955 πρεσϐυτικῇ

417 2954 702 3044 πολιᾷῗτὴν
731 2957 786 3012 ἐν
810 2964 919 3024 τοῖς
941 2964 1180 3034 ῥήμασιν
1201 2967 1554 3023 ἀπαιδευσίαν
1580 2975 1874 3044 προφέρειν
1901 2954 1978 3044 τῷ

411 3041 689 3098 ἀσεϐοῦντι
727 3049 804 3112 είς
837 3050 925 3103 rbv
976 3055 1441 3125 προσκυνούμενον
1480 3059 1647 3128 Λόγον
1670 3077 1684 3090 ·
1707 3064 1882 3116 ἐκεῖνο
1922 3064 1978 3117 δὲ

2163 1612 2302 1680 Quid
2336 1613 2501 1683 igitur
2527 1629 2622 1684 per
2650 1614 2764 1668 hzec
2786 1612 3320 1683 Spiritus-majestas
3359 1616 3538 1672 minus
3570 1618 3673 1673 ha-r

2092 1705 2222 1759 bet?
2246 1703 2405 1758 Nulla
2438 1712 2522 1759 est
2557 1706 2700 1760 enim
2746 1720 2812 1759 ex
2865 1705 2950 1760 his
3003 1703 3110 1759 Deo
3139 1704 3354 1760 decoris
3383 1717 3444 1761 et-
3467 1724 3663 1768 conve-

2094 1796 2369 1850 nientibus
2402 1797 2720 1851 notionihus
2751 1810 2868 1866 qum
2901 1797 2985 1850 vel
3016 1795 3438 1852 redundantiam
3468 1800 3524 1853 in
3554 1815 3670 1856 uno

2091 1887 2172 1940 vel
2205 1884 2638 1940 imminutionem
2683 1886 2736 1938 in
2783 1886 2954 1939 altero
3000 1887 3172 1954 possit
3212 1886 3487 1952 inserere;
3540 1905 3662 1960 quae

2088 1977 2272 2030 omnia
2303 1992 2426 2030 eum
2461 1993 2526 2032 ex
2556 1992 2712 2046 aequo
2744 1977 3000 2031 dicantur
3033 1992 3061 2030 a
3094 1992 3248 2031 sacra
3282 1977 3564 2048 Scriptura
3593 1982 3669 2036 de

2088 2065 2225 2121 Filio
2256 2077 2309 2123 et
2338 2068 2406 2120 de
2435 2067 2660 2136 Spiritu,
2687 2069 2740 2121 in
2777 2084 2886 2137 quo
2913 2069 3292 2124 animadvertit
3322 2071 3670 2142 inrequalitaw

2085 2159 2232 2212 tem?
2263 2168 2411 2224 certe
2460 2175 2568 2214 non
2604 2168 2788 2228 posset
2837 2159 3041 2214 dicere.
3093 2161 3200 2215 Sed
3246 2163 3444 2217 nudam
3484 2174 3539 2218 et
3577 2166 3668 2219 in--

2085 2251 2452 2319 compositam
2487 2260 2542 2305 et
2588 2265 2655 2306 ex
2697 2252 2846 2304 nul-la
2899 2254 3288 2309 consecutione
3336 2257 3672 2324 pendentem

2085 2337 2348 2394 adversus
2409 2337 2674 2408 Spiritum
2734 2347 2985 2394 sanctum
3037 2340 3244 2409 profert
3300 2344 3654 2413 impietatem.

2091 2424 2272 2495 Neque
2312 2443 2430 2480 cum
2457 2428 2569 2481 alio
2593 2427 2843 2496 quodam,
2876 2429 3082 2498 inquit,
3127 2431 3425 2488 ordinatur.
3463 2434 3669 2490 Omniw

2083 2521 2224 2572 enim
2247 2507 2548 2589 opera-qua:
2575 2534 2666 2586 per
2695 2517 2896 2572 Filium
2932 2529 3056 2572 sunt
3110 2521 3254 2587 facta
3315 2539 3654 2591 superaueri-

2087 2610 2188 2676 dit,
2248 2619 2388 2676 ortu,
2424 2619 2636 2672 natura,
2678 2610 2874 2677 gloria,
2935 2611 3252 2678 cognitione,
3312 2624 3366 2666 ιιι
3424 2615 3671 2682 primum-

2082 2717 2208 2771 opus
2238 2711 2287 2756 et
2347 2703 2596 2770 optimum
2657 2698 2942 2770 Uuigeuili,
3000 2702 3388 2772 maximumque
3432 2714 3480 2757 et
3534 2707 3670 2775 put--

2080 2792 2415 2845 acerrimum.
2467 2789 2579 2860 Ego
2620 2796 2800 2844 autem
2860 2788 3133 2842 inscitiam
3183 2798 3236 2842 et
3289 2791 3664 2846 colluvionem.

2080 2881 2336 2937 dictionis
2369 2881 2492 2936 aliis
2515 2879 2723 2934 comice
2755 2877 3108 2932 deridendam
3140 2881 3470 2947 relinquam:
3501 2882 3653 2942 iude-

2081 2988 2268 3027 corum
2301 2972 2698 3041 esse-judicans
2737 2971 2897 3025 senili
2929 2970 3174 3033 canitiei,
3214 2972 3504 3026 verborum
3535 2974 3653 3030 ine—

2081 3067 2221 3136 ptias
2254 3065 2493 3133 objicere
2517 3063 2567 3118 ei
2594 3064 2686 3133 qui
2709 3064 2872 3132 impie
2898 3064 3010 3133 agit
3041 3065 3093 3117 in
3122 3063 3357 3138 Verbum
3390 3064 3480 3119 Dei
3505 3067 3664 3135 quod.

407 3135 700 3206 προσθήσω
744 3143 808 3209 τῇ
859 3143 1100 3208 ἐξετάσει
1129 3146 1226 3198 Ἐί
1257 3147 1472 3203 πάντων
1515 3151 1820 3222 ἀναϐέϐηκε
1870 3155 1975 3207 τῶν

2081 3135 2292 3210 anohis
2324 3154 2602 3208 adoratur.
2636 3153 2772 3207 Illud
2801 3163 2979 3206 autem
3010 3135 3399 3210 exatninationi
3433 3157 3668 3212 addant:-

402 3225 495 3278 τοῦ
524 3227 652 3280 Υἰοῦ
678 3233 1016 3300 ποιημάτιον
1045 3235 1106 3288 rb
1137 3236 1392 3308 Πνεῦμα’
1433 3245 1702 3312 χρήσομαι
1734 3245 1844 3314 γὰρ
1876 3247 1970 3298 αὐ-

402 3318 492 3371 τοῦ
520 3322 586 3390 τῇ
619 3321 1058 3398 σεσολοικισμένη
1083 3328 1250 3400 ταύτῃ
1274 3330 1366 3383 καλ⁵
1389 3333 1600 3403 ἀνοήτῳ
1632 3339 1809 3406 φωνῇ,⁴
1839 3338 1973 3405 μᾶλ-

403 3411 489 3462 λον
516 3410 572 3462 δὲ
612 3412 749 3482 πρὸς
786 3415 846 3466 rb
892 3417 1221 3488 σαφέστερον
1256 3421 1344 3475 διὰ
1380 3422 1480 3492 τῆς
1509 3424 1746 3493 ἐμαυτοῦ
1771 3426 1968 3492 λέξεως

404 3501 736 3571 παραστήσω
753 3503 815 3555 rb
844 3504 1018 3575 νόημα
1049 3523 1062 3537 ’
1089 3511 1137 3561 εἰ
1173 3511 1388 3564 πάντων
1430 3513 1646 3584 προέχει
1678 3516 1784 3569 τῶν
1823 3517 1973 3586 παρά

403 3590 658 3644 τοῦΎίοῦ
680 3595 1344 3662 γεγονότων,ἀσύντακτόν
1375 3603 1489 3656 ἐστι
1511 3606 1574 3674 τῇ
1608 3605 1764 3678 λοιπῇ
1799 3608 1972 3662 κτίσει

401 3681 470 3734 rb‘
491 3681 714 3753 Πνεῦμα
757 3685 820 3738 rb
868 3681 1040 3754 ἅγιον.
1072 3689 1182 3742 Καὶ
1212 3693 1260 3744 εί
1297 3693 1622 3760 πλεονεκτεῖ,
1660 3697 1840 3761 καθώς
1872 3717 1972 3769 φη-

405 3789 486 3826 σιν
516 3777 543 3827 ὁ
573 3775 854 3846 Εὐνόμιος,
885 3778 964 3848 τῷ
992 3781 1096 3851 πρὸ
1120 3781 1227 3836 τῶν
1253 3783 1424 3840 ἄλλων
1453 3787 1704 3854 γενέσθαι
1722 3807 1735 3819 ’
1759 3789 1971 3860 ἀνάγκη

404 3864 548 3916 πᾶσα
574 3865 668 3917 καὶ
695 3868 784 3919 ἐπὶ
810 3868 910 3938 τῆς
942 3870 1106 3941 ἄλλης
1133 3873 1361 3938 κτίσεως
1391 3875 1459 3929 τὰ
1488 3880 1564 3948 τῇ.
1593 3880 1803 3945 γενέσει
1833 3882 1972 3934 κατά

401 3951 496 4021 τὴν
544 3955 696 4019 τάξιν
743 3959 1090 4029 προήκοντα,
1121 3962 1230 4015 τῶν
1263 3964 1459 4037 ἐφεξῆς
1501 3968 1662 4023 αὐτὸν
1693 3971 1972 4041 ὁμολογεῖν

401 4048 783 4119 προτιμότερα.
833 4051 994 4105 Ἀλλά
1043 4055 1150 4124 μὴν
1196 4057 1294 4122 τῆς
1322 4057 1425 4110 τοῦ
1469 4059 1756 4130 ἀνθρώπου
1808 4081 1972 4118 κατα-

401 4137 600 4208 σκευῆς
638 4141 669 4212 ἡ
689 4143 795 4197 τῶν
816 4144 1022 4213 ἀλόγων
1046 4150 1356 4223 προϋπέστη
1377 4152 1556 4221 φύσις.
1577 4154 1782 4208 Οὐκοῦν
1808 4174 1972 4212 κατα-

401 4231 656 4283 σκευάσει
689 4233 904 4300 πάντως
944 4235 1032 4289 διὰ
1056 4239 1258 4294 τούτων
1281 4244 1676 4316 προτιμοτέραν
1704 4243 1840 4302 εἶναι
1875 4251 1971 4319 τῆς

399 4317 618 4389 λογικῆς
663 4321 849 4386 οὐσίας
892 4324 988 4395 τὴν
1033 4327 1245 4396 ἄλογον.
1305 4330 1462 4386 Οὕτω
1517 4335 1608 4387 καὶ
1636 4334 1666 4386 ὁ
1698 4335 1838 4388 Κάῖν
1876 4317 1970 4388 τοῦ

403 4408 568 4461 Ἅϐελ
621 4413 884 4482 κρείττων
921 4416 1061 4471 κατά
1102 4419 1195 4472 τὸν
1242 4421 1336 4474 τοῦ
1369 4424 1634 4494 Εὐνομίου
1665 4425 1823 4494 λόγον
1859 4427 1968 4480 δει-

399 4501 675 4572 χθήσεται,
721 4510 1063 4578 προτερεύων
1106 4511 1182 4582 τῷ
1214 4515 1388 4584 χρόνῳ
1434 4517 1574 4570 κατά
1599 4519 1696 4589 τὴν
1733 4520 1962 4586 γένεσιν.
2000 4504 2044 4557 D

398 4593 552 4646 Οὐτω
577 4597 675 4648 καὶ
697 4597 804 4650 τῶν
841 4601 906 4651 ὲκ
931 4603 1027 4670 τῆς
1050 4602 1152 4673 γῆς
1176 4605 1457 4674 φυομένων
1497 4609 1773 4674 ἁπάντων,
1808 4609 1934 4662 ἐλάτ
1951 4641 1966 4650 -

395 4699 502 4736 των
537 4685 632 4738 καὶ
667 4688 1065 4761 καταδεεστέρα
1104 4693 1137 4763 ἡ
1173 4694 1281 4747 τῶν
1323 4693 1536 4768 ἄστρων
1569 4698 1730 4766 φύσις
1762 4700 1967 4754 ἀναδει-

397 4773 670 4845 χθήσεται.
709 4779 789 4831 Τά
816 4780 914 4850 μὲν
941 4783 1047 4854 γὰρ
1079 4771 1328 4858 τῇτρίτη
1367 4785 1475 4840 τῶν
1524 4789 1744 4859 ἡμερῶν
1772 4791 1835 4843 ἐκ
1865 4791 1963 4860 τῆς

397 4863 494 4933 γῆς
537 4867 886 4934 ἐξανέτειλεν,
931 4873 979 4924 ot
1027 4874 1084 4926 δὲ
1136 4876 1358 4946 μεγάλοι
1420 4877 1700 4949 φωστῆρες
1753 4881 1846 4933 καὶ
1895 4881 1962 4934 τὰ

397 4953 563 5026 ἄστρα
595 4958 793 5024 πάντα,
844 4961 984 5016 κατὰ
1021 4965 1117 5035 τὴν
1145 4966 1411 5037 τετάρτην
1458 4968 1782 5038 γεγενῆσθαι
1816 4971 1965 5041 παρά

392 5047 482 5098 τοῦ
534 5049 778 5114 Μωσέως
825 5054 1154 5125 ἱστόρηνται.
1209 5057 1366 5111 Ἀλλά
1412 5060 1520 5128 μὴν
1571 5061 1744 5123 οὐδεὶς
1792 5059 1965 5125 οὓτως

392 5134 635 5206 ἀνόητος,
652 5140 729 5202 ὡς
743 5141 850 5193 τῶν
873 5144 1136 5214 οὐρανίων
1159 5147 1448 5220 θαυμάτων
1469 5151 1566 5220 τὴν
1581 5152 1774 5221 γηϊνην
1803 5153 1963 5206 ποίαν

394 5228 789 5297 προτιμοτέραν
807 5231 894 5284 διὰ
917 5233 985 5286 τά
1004 5236 1095 5288 τοῦ
1123 5238 1310 5308 χρόνου
1345 5241 1606 5309 πρεσϐεῖα
1621 5241 1956 5308 λογίσασθαι·

394 5311 423 5406 ᾖ
452 5315 529 5406 re?
557 5317 695 5406 ξςὰῖν
727 5320 906 5376 δοῦναι
959 5327 1097 5380 κατὰ
1135 5329 1228 5381 τοῦ
1265 5331 1430 5384 ’Ἅϐελ
1469 5331 1538 5383 τά
1575 5332 1896 5402 νικητήρια,
1927 5335 1958 5406 ἢ

393 5398 678 5470 ὑποξεῦξαι
703 5413 814 5473 τοῖς
845 5412 1056 5482 ἀλόγοις
1085 5417 1172 5470 τὸν
1201 5418 1481 5491 ἄνθρωπον
1511 5421 1601 5474 τὸν
1634 5421 1749 5491 μετ’
1778 5423 1959 5476 ἐκεῖνα

393 5491 695 5562 γενόμενον.
734 5501 846 5554 Οὐκ
902 5504 1008 5574 ἄρα
1051 5508 1173 5564 νοῦν
1203 5509 1311 5582 ἔχει
1339 5513 1458 5566 τινὰ
1497 5513 1559 5566 τὸ
1593 5514 1737 5585 παρά
1768 5514 1956 5569 τούτου

464 5669 512 5704 ³³
547 5670 681 5728 Gen.
717 5689 753 5742 ι,
782 5676 833 5734 6.
925 5731 936 5739 _

2077 3247 2134 3302 Si
2168 3249 2348 3302 omnia
2380 3246 2499 3301 Filii
2531 3245 2746 3315 Opiﬁcia
2782 3244 2922 3315 (qua:
2948 3247 3226 3314 ποιήματα
3262 3247 3440 3316 vocat)
3475 3248 3652 3317 Spiri-

2075 3350 2164 3396 tus
2190 3336 2624 3409 superascendit,
2659 3342 2781 3390 utar
2809 3335 2955 3391 enim
2994 3334 3115 3403 ejus
3152 3336 3252 3388 hac
3305 3336 3561 3391 insolenti
3597 3347 3650 3396 et

2075 3434 2264 3490 insana
2311 3446 2476 3498 voce;
2531 3431 2642 3484 imo
2675 3443 2805 3483 vero
2854 3437 2913 3482 ut
2967 3427 3170 3482 clarius
3227 3429 3667 3494 res-elucescat,
3731 3502 3735 3505 _

2073 3541 2191 3581 mea
2219 3525 2456 3579 dictione
2487 3521 2810 3576 sententiam
2853 3520 3150 3588 exprimam
3181 3535 3192 3569 ε
3221 3520 3270 3572 si
3300 3535 3472 3575 exeo
3503 3522 3650 3590 quod

2072 3617 2253 3672 omnia
2279 3630 2399 3685 quae
2427 3630 2456 3667 a
2482 3612 2616 3668 Filio
2639 3619 2768 3668 sunt
2797 3609 2934 3665 facta
2957 3609 3226 3664 antecedit
3249 3609 3506 3679 Spiritus,
3524 3626 3670 3666 eum.

2074 3712 2219 3765 nulla
2251 3709 2356 3762 alia
2384 3713 2637 3762 creatura
2666 3693 2926 3772 componi
2954 3710 3132 3772 potest
3161 3718 3336 3772 neque
3361 3698 3643 3758 ordinari:

2071 3806 2126 3852 et
2163 3791 2822 3865 si,quemadmodumait
2861 3791 3185 3859 Eunomius,
3232 3793 3283 3845 in
3320 3807 3385 3846 eo
3415 3809 3647 3864 exsupe-

2073 3895 2156 3939 rat
2203 3896 2258 3940 et
2304 3887 2426 3955 plus
2472 3884 2643 3938 habet.
2663 3881 2808 3952 quod
2850 3881 3026 3937 factus
3073 3884 3146 3936 sit
3193 3893 3319 3937 ante
3362 3885 3467 3938 alia
3504 3903 3516 3939 :
3551 3900 3646 3939 ne-

2071 3992 2224 4031 cesse
2271 3983 2356 4030 est
2398 3975 2562 4030 etiam
2610 3974 2802 4042 ipsum.
2834 3971 3014 4036 fateri,
3063 3973 3208 4041 quod
3259 3973 3312 4025 in
3348 3973 3497 4027 omni
3543 3973 3644 4027 alia

2072 4075 2362 4131 creatura,
2419 4081 2544 4133 qua:
2587 4072 2710 4118 ortu
2762 4064 3062 4118 secundum
3105 4063 3350 4116 ordinem
3400 4071 3644 4131 praeeunt

2072 4159 2425 4230 sequentibus
2459 4164 2586 4212 sunt
2618 4155 3034 4224 praestabiliora.
3064 4153 3228 4221 Atqui
3253 4152 3490 4206 hominis
3533 4152 3643 4206 for-

2072 4250 2309 4304 matione
2338 4249 2642 4303 belluarum
2666 4255 2856 4300 natura
2886 4243 3034 4312 prior
3057 4241 3285 4296 exstitit.
3321 4240 3396 4293 Ex
3425 4241 3511 4296 his
3544 4242 3644 4311 igi-

2073 4349 2158 4394 tur
2183 4338 2472 4393 concludet
2517 4345 2767 4390 naturam
2808 4333 3050 4387 rationis
3075 4340 3375 4400 expertem,
3419 4333 3644 4387 rationis

2073 4431 2336 4502 participe
2362 4429 2586 4482 omnino
2628 4423 3062 4495 praestantiorem
3094 4437 3235 4478 esse.
3279 4422 3371 4476 Sic
3400 4422 3502 4476 hac
3531 4421 3642 4475 Eu-

2072 4520 2242 4576 nomii
2283 4520 2492 4574 ratione
2519 4517 2652 4572 Cain
2695 4515 2865 4570 Abele
2909 4515 3103 4568 melior
3133 4513 3636 4569 demonstrabitur:

2074 4611 2221 4683 prior
2248 4609 2393 4664 enim
2423 4616 2506 4664 est
2549 4615 2799 4676 tempore
2842 4603 3142 4659 secundum
3173 4611 3372 4656 ortum.
3408 4603 3499 4657 Sic
3527 4619 3642 4658 om-

2071 4702 2233 4756 nibus
2264 4713 2387 4767 qua:
2410 4712 2481 4752 ex
2516 4704 2661 4751 terra
2694 4695 3018 4757 funduntur,
3046 4692 3286 4747 siderum
3316 4700 3510 4746 natura
3539 4694 3641 4746 mi-

2069 4807 2171 4846 nor
2202 4799 2257 4846 et
2288 4787 2511 4843 inferior
2538 4785 2876 4841 ostendetur.
2913 4783 3006 4836 llla
3055 4782 3322 4853 siquidem
3357 4785 3518 4837 tertio
3555 4783 3642 4837 die

2067 4900 2132 4940 ex
2174 4891 2320 4938 terra
2349 4886 2539 4936 exorta
2573 4884 2721 4933 sunt.
2749 4877 2820 4929 At.
2856 4890 3052 4945 magna
3088 4875 3204 4930 haec
3245 4875 3451 4928 lumina
3489 4883 3541 4929 et
3570 4875 3641 4928 si-

2070 4975 2200 5029 dera
2227 4971 2412 5026 omnia
2455 4977 2648 5037 quarto
2685 4966 2776 5022 die
2809 4974 2992 5020 creata
3024 4981 3146 5022 esse
3195 4979 3224 5018 a
3276 4964 3424 5020 illose
3454 4964 3638 5033 prodi-

2069 5069 2185 5116 tum
2214 5067 2300 5115 est
2330 5059 2396 5110 ’³.
2431 5056 2820 5112 Verumtamen
2874 5054 3057 5108 nullus
3098 5060 3183 5108 est
3231 5059 3340 5106 tam
3373 5067 3400 5102 a
3432 5050 3641 5103 ratione

2069 5153 2260 5208 devius
2291 5157 2343 5205 et
2373 5162 2584 5212 amens,
2610 5154 2670 5199 ut
2711 5143 3031 5200 cmlestibus
3065 5143 3174 5197 illis
3210 5139 3492 5193 miraculis
3526 5144 3638 5191 ter-

2067 5250 2296 5296 restrem
2337 5237 2582 5300 herbam,
2615 5235 2886 5304 praecipuo
2919 5232 3179 5300 temporis
3205 5227 3330 5295 jure
3371 5233 3636 5294 praestan-

2070 5333 2260 5388 tiorem
2285 5345 2408 5385 esse
2446 5327 2761 5383 existimet:
2797 5335 2890 5380 aut
2926 5322 3018 5393 qui
3066 5319 3237 5374 Caino
3268 5325 3457 5369 contra
3494 5317 3631 5370 Ahe-

2067 5425 2169 5479 lem
2205 5423 2293 5477 det
2318 5419 2558 5476 victoria:
2588 5417 2829 5488 praemia,
2866 5421 2958 5468 aut
2987 5410 3078 5480 qui
3122 5405 3302 5461 brutis
3339 5405 3629 5460 animanti-

2067 5517 2167 5571 bus
2201 5514 2476 5570 homidem
2512 5511 2788 5580 subjuget,
2839 5503 3096 5576 quoniam
3131 5499 3200 5555 sit
3241 5503 3360 5566 post
3416 5497 3505 5553 illa
3550 5492 3632 5546 fa—
