4010 6156
315 277 424 337 563

1580 251 1642 321 VS.
1677 259 2007 320 GREGORH
2031 254 2326 317 NYSSENI

3459 242 3562 298 56.1

318 413 465 462 ctus.
494 397 710 456 Nullam
755 397 922 466 igitur
964 392 1134 450 habet
1185 389 1476 450 rationem,
1509 385 1654 456 quod
1697 387 1766 441 ab
1818 401 1885 440 eo

2001 379 2311 448 λεγόμενον,
2343 376 2424 430 ὅτι
2478 374 2566 428 διὰ
2617 374 2678 426 τδ
2722 371 2829 444 πρὸ
2878 370 2987 426 τῶν
3033 369 3206 425 ἄλλων
3232 365 3485 435 γενέσθαι
3511 364 3570 421 ιῑδ

319 493 606 559 asseritur,
637 490 789 560 quod
817 486 950 558 quia
991 492 1120 541 ante
1165 482 1272 538 alia
1319 480 1555 548 Spiritus
1592 479 1662 534 sit
1707 487 1883 542 ortus,

318 582 779 640 honorabiliorem
832 586 1088 654 naturam
1131 574 1296 630 habet
1349 573 1417 628 iis
1460 587 1582 642 quae
1627 570 1886 640 deinceps

317 673 585 746 producta
612 669 857 728 fuerunt.

383 761 682 819 Videamus
726 769 910 816 autem
953 757 1137 830 qualia
1183 756 1370 827 gloriae
1401 751 1639 822 Spiritus
1693 746 1893 820 gratiﬁ-

313 862 491 921 catur,
521 855 614 925 qui
651 853 799 907 hunc
835 866 867 906 a
895 849 1019 904 Filii
1062 846 1448 904 communione
1493 843 1697 900 divisit.
1744 841 1890 898 Unus

312 948 475 1009 enim,
509 944 705 1014 inquit.
732 952 782 998 et
807 943 893 996 hic
932 953 1048 995 cum
1080 940 1170 1004 sit,
1199 947 1248 992 et
1273 938 1473 1005 primus
1501 943 1553 990 et
1580 934 1745 1002 solus,
1777 950 1891 987 om-

314 1037 470 1092 nibus
506 1035 638 1090 Filii
681 1033 923 1104 operibus
965 1031 1268 1102 prmcettens
1297 1027 1582 1083 secundum
1609 1027 1890 1081 essentiam

314 1139 364 1181 et
399 1127 698 1182 naturalem
729 1125 1061 1196 dignitatem,
1101 1137 1305 1176 omnem
1339 1119 1691 1188 operationem
1716 1128 1765 1172 et
1793 1119 1890 1174 do-

316 1221 541 1274 ctrinam
571 1220 865 1288 perﬁciens,
891 1217 1027 1271 sicut
1062 1213 1205 1267 Filio
1231 1213 1532 1282 placetﬁqui
1561 1213 1791 1266 mittitur
1827 1213 1890 1264 ab

315 1313 432 1379 ipso
461 1319 512 1364 et
536 1310 599 1362 ab
630 1311 742 1376 ipso
771 1307 983 1374 accipit,
1013 1315 1060 1359 et
1087 1304 1370 1358 annuntiat
1398 1304 1463 1356 iis
1491 1302 1581 1372 qui
1604 1302 1894 1356 instituun-

319 1412 426 1466 tur,
456 1409 504 1456 et
544 1400 783 1454 veritatis
828 1398 937 1450 dua:
967 1407 1065 1451 est.
1101 1394 1353 1458 Omnem,
1399 1393 1597 1464 inquit,
1649 1393 1893 1448 muneris

316 1491 657 1545 functionem
682 1490 799 1545 sive
827 1489 1196 1558 operationem
1227 1475 1280 1541 et
1311 1487 1616 1558 doctrinam
1652 1483 1890 1553 Spiritus

319 1590 546 1637 sanctus
586 1580 912 1651 perﬁciens:
949 1595 1112 1649 quam
1165 1577 1577 1648 operationem?
1620 1585 1802 1631 utrum
1835 1576 1898 1629 il-

317 1673 424 1727 lam
455 1687 619 1742 quam
649 1674 810 1727 etiam
841 1671 1001 1724 Pater
1046 1677 1100 1724 et
1129 1667 1302 1722 Filius
1338 1666 1641 1723 secundum
1665 1665 1892 1742 “Domini

316 1764 568 1826 verbum,
596 1769 877 1832 operatur,
924 1761 1015 1830 qui
1050 1775 1223 1829 usque
1257 1759 1420 1814 modo
1449 1738 1682 1812 salutem
1701 1756 1896 1809 huma-

317 1870 444 1924 nam
476 1862 756 1924 Operatur,
796 1854 879 1907 vel
925 1853 1086 1906 aliam
1125 1851 1362 1920 aliquam
1405 1858 1601 1920 prazter
1639 1848 1816 1903 hanc?
1851 1845 1896 1900 si

317 1947 541 2016 quidem
584 1946 675 1998 illa
722 1953 999 2014 operatur,
1044 1943 1292 1998 eamdem
1343 1957 1467 1997 cum
1519 1941 1611 1996 illo
1668 1955 1898 2009 prorsus

316 2039 576 2094 virtutem
621 2045 676 2093 et
714 2046 968 2091 naturam
998 2037 1179 2099 habet,
1233 2043 1287 2090 et
1330 2035 1527 2090 diversi
1557 2034 1772 2104 generis
1806 2031 1898 2086 Dei

319 2139 517 2186 natura
548 2131 602 2184 in
628 2146 694 2184 eo
730 2132 908 2183 locum
943 2145 1050 2182 non
1097 2128 1276 2182 habet.
1312 2126 1380 2180 Ut
1416 2127 1560 2182 enim
1593 2128 1636 2180 si
1669 2126 1796 2194 quid
1835 2139 1898 2178 ea

319 2239 444 2294 qua:
489 2223 632 2293 ignis
673 2221 856 2283 allicit,
903 2219 1140 2276 ediceret
1197 2218 1558 2272 illuminanda
1605 2225 1659 2272 et
1706 2216 1898 2270 calefa-

321 2315 516 2373 ciendo
543 2315 732 2370 eodem
757 2313 938 2379 modo,
970 2313 1112 2382 ignis
1144 2322 1228 2366 est
1254 2311 1475 2366 omnino
1503 2330 1516 2364 :
1541 2311 1623 2365 sic
1654 2310 1701 2364 si
1734 2309 1899 2378 Spiri-

318 2418 413 2466 tus
442 2410 620 2466 Patris
663 2423 828 2478 opera
874 2407 1024 2473 facit,
1067 2405 1312 2476 ejusdem
1355 2420 1477 2461 cum
1516 2407 1636 2474 ipso
1683 2405 1898 2473 penitus

321 2515 533 2558 natura:
567 2517 691 2558 esse
737 2500 982 2556 conﬁteri
1039 2514 1266 2554 necesse
1304 2508 1406 2553 est.
1453 2497 1608 2562 Quod
1668 2496 1714 2552 si
1771 2495 1900 2565 quid

321 2594 471 2650 aliud
519 2603 714 2663 praeter
761 2593 993 2648 salutem
1047 2599 1294 2646 nostram
1340 2596 1616 2658 operatur,
1665 2595 1721 2641 et
1762 2587 1805 2639 si
1847 2587 1900 2639 in

322 2687 509 2755 aliquo
537 2700 726 2739 eorum
757 2699 876 2753 qua:
913 2691 1043 2752 sunt
1086 2680 1366 2735 contraria
1399 2679 1738 2733 demonstrat
1781 2677 1902 2745 ejus

308 2776 723 2847 operationem,
765 2775 907 2828 alius
937 2781 1149 2826 natura:
1176 2779 1230 2825 et
1257 2770 1512 2824 essentia:
1543 2784 1638 2838 per
1662 2769 1776 2822 haec
1806 2768 1902 2822 de-

320 2869 744 2926 monstrabitur.
775 2866 1162 2921 Verumtamen
1197 2864 1461 2934 Spiritum
1505 2864 1782 2916 viviticare
1819 2863 1892 2914 si-

319 2960 528 3014 militer
555 2973 678 3013 cum
702 2957 864 3011 Patre
903 2963 956 3011 et
991 2954 1130 3008 Filio
1159 2953 1398 3008 Verbum
1433 2954 1609 3022 ipsum
1635 2951 1898 3007 testiﬁca-

321 3059 433 3105 tur.
467 3047 832 3114 Quamobrem
869 3045 1131 3114 Spiritum
1166 3059 1194 3096 a
1225 3043 1404 3098 Patris
1438 3041 1670 3112 Filiique
1701 3049 1895 3095 natura
1927 3057 1966 3112 ς

320 3157 435 3196 non
479 3138 716 3194 alienum
753 3153 846 3208 per
880 3137 1066 3192 eadem
1109 3150 1274 3206 opera
1307 3141 1361 3188 et
1405 3134 1596 3190 effecta
1647 3147 1899 3203 compro-

317 3232 434 3285 hat.
469 3229 536 3284 Et
566 3229 746 3283 Patris
790 3228 1166 3298 operationem
1199 3233 1252 3280 et
1281 3225 1587 3280 doctrinam
1634 3224 1898 3294 Spiritum

319 3323 533 3380 eﬂicere
581 3324 724 3378 sicut
767 3323 984 3378 videtur
1011 3319 1168 3385 Filio,
1206 3334 1315 3373 non
1357 3318 1684 3372 inficiamur.
1722 3316 1899 3370 Unam

321 3417 468 3471 enim
497 3416 830 3471 voluntatem
873 3412 1054 3466 Patris
1091 3419 1147 3466 et
1186 3410 1307 3467 Eilii
1351 3417 1406 3463 et
1452 3407 1691 3478 Spiritus
1720 3409 1899 3462 sancti

320 3516 534 3561 naturae
566 3504 880 3560 communio
897 3511 1150 3557 testatur.
1177 3500 1358 3566 Quare
1389 3500 1433 3554 si
1468 3501 1599 3554 illud
1624 3500 1740 3554 vult
1776 3497 1901 3568 Spi-

319 3599 465 3654 ritus
493 3605 738 3663 sanctus,
769 3595 914 3666 quod
939 3593 1078 3648 Filio
1099 3593 1332 3656 videtur,
1368 3595 1680 3646 communio
1709 3592 1904 3646 volun-

321 3691 456 3745 tatis
510 3687 805 3743 manifesto
856 3684 1111 3741 essentize
1163 3685 1430 3738 unitatem
1485 3682 1907 3749 ostendit:sed,

325 3784 434 3850 Qui
469 3783 718 3844 mittitur,
750 3780 844 3843 ait,
876 3779 940 3832 ab
980 3779 1113 3847 ipso,
1143 3786 1190 3831 et
1224 3779 1287 3830 ab
1331 3777 1444 3845 ipso
1476 3778 1684 3843 accipit,
1727 3787 1776 3830 et
1806 3793 1901 3830 an-

323 3875 539 3930 nuntiat
566 3871 790 3926 eruditis
820 3880 869 3925 et
915 3871 1156 3925 ueritatis
1193 3869 1302 3922 dna:
1341 3878 1438 3923 est.
1471 3868 1587 3924 Nisi
1615 3869 1731 3922 haec
1763 3885 1900 3937 pra:-

323 3968 557 4024 dixisset
587 3965 654 4019 de
689 3964 919 4033 Spiritu,
946 3963 1108 4032 plane
1149 3962 1218 4016 de
1263 3962 1444 4030 aliquo
1476 3961 1618 4015 inter
1651 3962 1902 4016 homines

324 4062 551 4116 doctore
582 4057 699 4113 haec
733 4055 842 4111 dici
889 4053 1120 4108 audiens
1161 4053 1521 4106 existimaret.
1559 4051 1706 4106 idem
1757 4053 1902 4106 enim

323 4161 410 4212 est
440 4153 583 4207 mitti
616 4157 671 4224 et
697 4148 961 4219 delegari,
991 4154 1044 4224 et
1077 4145 1212 4199 nihil
1241 4159 1271 4200 e
1299 4145 1462 4199 domo
1494 4146 1578 4198 vel
1611 4160 1675 4198 ex
1711 4159 1770 4198 se
1807 4144 1931 4197 lia--

320 4249 474 4312 bere.
505 4245 599 4301 sed
641 4257 860 4298 sumere
886 4256 953 4296 ex
986 4237 1254 4294 mittentis
1299 4237 1414 4293 sive
1455 4236 1756 4306 delegantis
1785 4251 1908 4307 gra-

321 4343 420 4405 tia,
456 4349 511 4395 et
552 4338 640 4393 his
687 4336 780 4407 qui
817 4335 1088 4390 docentur
1131 4331 1298 4386 verba
1347 4330 1684 4395 ministrare,
1738 4338 1903 4400 atque

322 4429 643 4486 errantibus
675 4425 922 4482 veritatis
966 4439 1026 4480 se
1060 4422 1252 4478 ducem
1306 4420 1565 4491 praebere.
1602 4419 1726 4475 Haec
1753 4409 1897 4475 enim

320 4519 508 4574 omnia
538 4518 701 4574 etiam
731 4529 876 4571 nunc
906 4524 1187 4586 pastorum
1217 4521 1380 4582 atque
1412 4513 1699 4568 doctorum
1749 4522 1899 4578 sunt,

319 4611 486 4678 mitti,
522 4611 795 4680 accipere,
832 4607 1182 4670 annuntiare,
1234 4607 1454 4670 docere,
1488 4607 1774 4661 veritatem
1806 4621 1902 4675 po-

321 4717 454 4758 nere
483 4709 537 4757 et
569 4701 825 4756 fundare:
869 4711 989 4770 qua:
1032 4696 1264 4770 Spiritui
1298 4705 1489 4753 sancto
1533 4697 1763 4769 largitur
1792 4696 1905 4752 Eu-

320 4795 564 4851 nomius.
608 4792 742 4848 Cum
795 4802 975 4847 autem
1029 4800 1155 4846 ante
1215 4792 1330 4846 hrec
1387 4791 1616 4846 dixisset
1662 4835 1678 4861 ,
1756 4792 1900 4864 quod

320 4890 482 4943 etiam
523 4901 660 4939 unus
690 4891 769 4938 est
805 4885 1005 4952 primus
1035 4893 1084 4938 et
1123 4883 1267 4938 satus
1316 4891 1365 4936 et
1411 4881 1652 4936 omnibus
1693 4881 1904 4951 prazcel-

319 4984 429 5034 tens
464 4994 484 5035 :
517 4977 562 5034 si
601 4975 869 5031 hactenus
909 4991 1218 5030 sermonem
1253 4974 1625 5037 terminasset,
1654 4974 1904 5029 decreto—

317 5087 441 5125 rum
502 5068 755 5126 veritatis
807 5075 1075 5137 patronus
1126 5066 1278 5120 visus
1327 5073 1489 5121 esset.
1555 5065 1708 5122 Unus
1757 5065 1901 5120 enim

316 5179 447 5221 vere
487 5165 582 5236 qui
636 5159 1077 5232 inseparabiliter
1137 5159 1193 5212 in
1236 5175 1346 5212 uno
1401 5158 1803 5223 consideratur,
1851 5168 1905 5213 et

319 5257 529 5326 primu.-
562 5257 616 5312 in
648 5256 824 5328 primo
847 5247 903 5308 et
931 5253 1086 5308 solus
1117 5251 1172 5306 in
1225 5252 1365 5305 solo.
1399 5250 1472 5306 Ut
1497 5252 1642 5305 enim
1677 5252 1903 5321 spiritus

247 5343 254 5348 ’
323 5351 564 5406 hominis
611 5352 703 5421 qui
741 5359 827 5406 est
867 5347 922 5403 in
966 5347 1108 5417 ipso,
1159 5355 1213 5400 et
1253 5344 1370 5414 ipse
1418 5344 1603 5405 homo,
1633 5359 1777 5398 unus
1819 5349 1905 5398 est

327 5441 512 5505 homo,
545 5443 626 5497 sic
652 5453 706 5498 et
735 5433 975 5515 Spiritus
1012 5439 1104 5494 Dei
1139 5438 1233 5509 qui
1277 5440 1330 5492 in
1360 5437 1560 5508 ipso.ct
1597 5435 1714 5506 ipse
1741 5433 1901 5497 Deus,

328 5547 476 5584 unus
519 5546 644 5586 vere
686 5544 739 5586 et
780 5535 1000 5605 proprie
1043 5533 1360 5588 nominatus
1404 5527 1572 5584 fuerit
1628 5527 1772 5582 Deus
1801 5547 1814 5584 :
1847 5535 1900 5580 et

331 5623 545 5692 primus
578 5631 631 5676 et
673 5624 845 5690 solus,
895 5625 991 5695 qui
1023 5641 1132 5680 non
1165 5631 1353 5696 posset
1396 5621 1465 5678 ab
1495 5637 1560 5678 eo
1592 5622 1646 5676 in
1686 5637 1794 5692 quo
1822 5632 1904 5678 est

333 5711 600 5794 separari.
633 5710 789 5768 Nunc
820 5723 996 5770 autem
1023 5731 1144 5771 cum
1181 5715 1402 5786 adjecit,
1451 5713 1750 5782 prmrcltcns
1795 5730 1905 5769 om-

1992 469 2214 538 Πνεῦμα
2236 513 2250 535 ,
2295 464 2692 539 προτιμοτέραν
2726 464 2838 534 ἔχει
2887 461 2996 516 τῶν
3037 459 3233 530 ἐφεξῆς
3270 457 3568 527 γεγονότων

1990 560 2090 631 τὴν
2121 560 2301 630 φύσιν.

2065 716 2291 787 Ἰδωμεν
2325 715 2382 770 δὲ
2406 716 2500 770 καὶ
2527 709 2616 768 οἶα
2641 711 2918 784 χαρίζεται
2944 701 3010 781 τῇ
3040 706 3168 781 δόξῃ
3195 706 3289 762 τοῦ
3313 703 3569 774 Πνεῦμα-

1991 825 2081 871 τος
2157 808 2186 860 ὁ
2227 808 2327 878 τῆς
2380 807 2516 878 πρὸς
2559 805 2652 859 τὸν
2694 804 2825 856 Υἰὸν
2875 801 3157 864 κοινωνίας
3207 798 3570 869 ἁπομερίσας.

1992 894 2098 964 Εἷς
2123 897 2252 968 γὰρ,
2285 898 2468 969 φησιν,
2490 897 2588 951 καὶ
2619 891 2797 960 οὗτος
2829 892 2935 957 ὢν,
2968 891 3066 946 καὶ
3089 889 3320 959 πρῶτος
3345 888 3442 940 καὶ
3469 888 3573 957 μόο

1992 1006 2116 1054 νος,
2144 987 2242 1041 καὶ
2281 987 2524 1042 πάντων
2548 985 2830 1055 προῦχων
2859 983 2980 1037 τῶν
3005 983 3110 1036 τοῦ
3148 979 3286 1035 Υίοῦ
3325 977 3575 1047 ποιημά-

1994 1096 2113 1132 των
2145 1079 2295 1132 κατὰ
2343 1077 2457 1146 τὴν
2494 1077 2714 1131 οὐσίαν
2762 1073 2860 1128 καί
2910 1072 3026 1141 τὴν
3056 1069 3328 1141 φυσικὴν
3369 1068 3570 1132 ἀξίαν,

1996 1169 2199 1224 πᾶσαν
2214 1168 2514 1238 ἐνέργειαν
2547 1167 2644 1220 καὶ
2669 1165 3070 1220 διδασκαλίαν
3102 1161 3396 1227 ἐξανύων,
3427 1161 3578 1212 κατὰ

1994 1262 2059 1314 τὸ
2112 1260 2332 1314 δοκοῦν
2369 1258 2448 1324 τῷ
2502 1256 2631 1323 Υὶῷ,
2675 1254 3050 1325 πεμπόμενος
3082 1253 3181 1305 ὑπ’
3229 1250 3440 1313 αὑτοῦ,
3475 1241 3574 1301 καί

1995 1352 2128 1421 παρ’
2156 1350 2341 1406 αὑτοῦ
2367 1345 2704 1418 λαμϐάνων,
2735 1346 3122 1416 ἀναγγέλλων
3146 1341 3268 1408 τοῖς
3304 1339 3576 1393 παιδευο-

1991 1447 2215 1517 μένοις,
2247 1443 2345 1496 καὶ
2375 1439 2482 1510 τῆς
2528 1440 2814 1507 ἀληθείας
2845 1437 3201 1506 ἡγούμενος.
3251 1433 3438 1486 Πᾶσάν
3470 1448 3576 1500 φη-

1997 1554 2081 1589 σιν
2115 1520 2390 1605 ἐνέργειαν
2441 1531 2534 1584 καὶ
2578 1527 2922 1583 διδασκαλίαν
2975 1525 3217 1589 ἐξανύειν
3259 1523 3320 1576 τὸ
3352 1521 3576 1591 Πνεῦμα.

1996 1624 2055 1676 τὸ
2081 1622 2254 1688 ἅγιον.
2284 1620 2449 1673 Ποίαν
2490 1619 2797 1690 ὲνέργειανς
2835 1615 3069 1685 Πότερον
3120 1613 3336 1682 ἐκείνην
3367 1611 3436 1682 ἣν
3483 1612 3577 1663 καὶ

1928 1725 1968 1782 Β
1995 1718 2023 1769 6
2059 1714 2249 1780 Πατὴρ
2278 1713 2370 1766 καὶ
2393 1713 2422 1764 6
2462 1711 2590 1771 Υἱὸς
2635 1708 2774 1762 κατὰ
2810 1707 2902 1760 τὸν
2941 1710 3034 1759 τοῦ
3067 1704 3274 1777 Κυρίου
3299 1704 3455 1772 λόγον
3493 1704 3577 1754 ἐν-

2000 1807 2168 1877 εργεῖ,
2188 1806 2216 1856 6
2241 1802 2344 1866 ἕως
2372 1803 2494 1871 ἄρτι
2519 1800 2877 1870 ἐργαζόμενος
2904 1798 3000 1868 τὴν
3031 1795 3375 1869 ἀνθρωπίνην
3401 1811 3577 1864 σωτη-

2003 1895 2197 1965 ρίαν,ἥ
2230 1893 2394 1962 ἄλλην
2425 1891 2548 1945 τινὰ
2579 1890 2727 1961 παρὰ
2750 1888 2988 1959 ταύτην;
3025 1889 3086 1940 Εἰ
3130 1887 3226 1957 μὲν
3258 1886 3366 1958 γάρ
3395 1887 3578 1939 ἐκεῖνα

1999 1982 2310 2050 ἐργάζεται,
2341 1981 2442 2051 τὴν
2474 1979 2644 2049 αὐτὴν
2680 1977 2872 2046 ἐκείνῳ
2899 1977 3116 2037 πάντως
3142 1975 3368 2044 δύναμίν
3401 1992 3459 2027 τε
3484 1973 3577 2027 καὶ

2002 2076 2161 2143 φύσιν
2190 2074 2300 2144 ἔχει
2323 2089 2336 2103 ·
2371 2073 2464 2125 καὶ
2493 2070 2552 2124 τὸ
2577 2069 2670 2123 τοῦ
2713 2069 2849 2121 Θεοῦ
2883 2067 3190 2140 ἑτερο-(ενές
3230 2067 3322 2118 ἐπὶ
3353 2065 3445 2118 τοῦ
3472 2085 3581 2119 τοι-

2000 2167 2154 2219 ούτου
2185 2165 2368 2236 χώραν
2411 2165 2510 2216 οὐκ
2548 2163 2681 2232 ἔχει.
2729 2163 2816 2225 Ὠς
2851 2160 2959 2232 γὰρ
2986 2161 3036 2212 εί
3075 2177 3126 2211 τι
3169 2159 3237 2212 τὰ
3279 2159 3370 2212 τοῦ
3410 2159 3581 2230 πυρδς

2001 2257 2272 2326 ἐνεργοίη,
2302 2255 2515 2324 λάμπον
2563 2270 2623 2305 τε
2677 2251 2771 2305 καί
2811 2251 3099 2322 θερμαῖνον
3144 2248 3436 2312 ὡσαύτως,
3471 2249 3584 2319 πῦρ

2003 2345 2392 2406 ὲστνπάντως’
2424 2342 2595 2404 οὕτως
2618 2343 2665 2394 εί
2704 2341 2770 2394 τὰ
2795 2341 2884 2392 τοῦ
2918 2341 3131 2410 Hae-pb;
3157 2339 3292 2410 ἔργα
3323 2340 3380 2392 τὸ
3407 2337 3579 2392 Πνεῦ-

2007 2455 2079 2506 μα
2114 2435 2384 2503 ποιεί,τῆς
2418 2435 2585 2502 αὐτῆς
2616 2431 2760 2504 αὐτῷ
2796 2433 3012 2494 πάντως
3038 2430 3250 2500 φύσεως
3284 2425 3421 2483 εἶναι
3451 2432 3580 2501 ὁμο--

2002 2527 2257 2594 λογεῖται.
2295 2525 2358 2576 Et
2390 2525 2448 2577 δὲ
2491 2523 2617 2577 ἄλλο
2658 2539 2711 2574 τι
2763 2521 2910 2592 παρὰ
2963 2521 3060 2589 τὴν
3107 2519 3379 2589 σωτηρίαν
3425 2517 3584 2588 ἡμῶν

2003 2618 2249 2688 ἐνεργεῖ,
2284 2616 2376 2667 καὶ
2409 2612 2487 2677 εἴς
2536 2631 2585 2665 τι
2631 2611 2740 2665 τῶν
2776 2611 3030 2663 ἐναντίων
3071 2608 3438 2688 ἐπιδείκνοται
3484 2607 3584 2677 τὴν

2003 2705 2300 2774 ἐνέργειαν,
2338 2701 2504 2771 ἄλλης
2535 2699 2742 2768 φύσεώς
2773 2717 2831 2751 τε
2875 2701 2968 2752 καὶ
3019 2698 3204 2761 οὐσίας
3234 2681 3344 2749 διιὶιχ
3379 2696 3584 2748 τούτων

2003 2794 2456 2865 ἐπιδειχθήσεται.
2511 2792 2668 2845 Ἀλλὰ
2711 2791 2816 2861 μὴν
2858 2789 3141 2854 ζωοποιεῖν
3166 2788 3367 2859 ὁμοίιος
3406 2787 3585 2858 Πατρὶ

2003 2886 2097 2939 καὶ
2126 2884 2239 2954 Υίῷ
2281 2884 2340 2938 τὸ
2385 2883 2608 2953 Πνεῦμα
2658 2882 2818 2945 αὐτὸς
2860 2883 2888 2933 ὁ
2914 2880 3087 2949 Λόγος
3135 2877 3582 2948 διαμαρτύρεται.

2003 2977 2212 3032 Οὐκοῦν
2245 2977 2304 3030 τὸ
2345 2978 2418 3048 μὴ
2470 2975 2840 3041 ἀπεξενῶσθαι
2872 2975 3087 3038 πάντως
3124 2973 3222 3042 τῆς
3253 2991 3312 3025 τε
3346 2972 3439 3026 τοῦ
3471 2975 3588 3027 Πα-

1999 3070 2128 3137 τρδς
2151 3070 2241 3121 καὶ
2270 3069 2368 3137 τῆς
2405 3070 2498 3120 τοῦ
2545 3065 2676 3120 Υἱοῦ
2738 3065 2954 3135 φύσεως
2989 3065 3049 3118 τὸ
3085 3062 3339 3135 Πνεῦμα,
3366 3063 3452 3117 διὰ
3485 3064 3585 3133 τῆς

1999 3157 2324 3226 ταυτότητος
2355 3155 2465 3207 τῶν
2505 3155 2890 3225 ἐνεργημάτων
2923 3153 3254 3224 παρίσταται
3288 3168 3302 3183 ⁸
3331 3151 3428 3205 καὶ
3466 3153 3584 3203 Πα-

1999 3249 2126 3319 τρὺς
2154 3249 2432 3319 ἐνέργειαν
2462 3247 2554 3298 καὶ
2586 3246 2930 3300 διδασκαλίαν
2967 3244 3210 3309 ἐξανύειν
3243 3243 3303 3297 τὸ
3331 3243 3578 3314 Πνεῦμα,

2000 3336 2140 3388 κατὰ
2168 3336 2228 3388 τὸ
2258 3334 2447 3388 δοκοῦν
2484 3334 2560 3405 τῷ
2592 3334 2728 3405 Υἱῷ,
2758 3335 2818 3387 οὐ
2856 3333 3160 3405 μαχόμεθα.
3194 3334 3289 3386 Ἐν
3319 3332 3425 3404 γάρ
3463 3331 3580 3402 βού-

2001 3428 2063 3497 λη
2076 3446 2148 3498 μα
2174 3422 2312 3480 εἶναι
2336 3424 2546 3498 Πατρός
2569 3444 2626 3479 τε
2649 3427 2743 3479 καὶ
2774 3425 2902 3478 Υίοῦ
2935 3426 3027 3478 καὶ
3060 3424 3377 3495 Πνεῦματος
3401 3424 3578 3492 ἁγίου,

1999 3523 2032 3589 ὴ
2055 3522 2153 3589 τῆς
2169 3521 2383 3590 φύσεως
2402 3520 2657 3574 κοινωνία
2673 3509 3118 3590 διαμαρτύρεται.
3143 3520 3306 3573 Ὥστε
3338 3521 3384 3571 εἰ
3409 3521 3588 3572 ἐκεῖνο

2005 3611 2249 3680 βούλεται
2275 3612 2333 3664 τὸ
2370 3612 2596 3683 Πνεῦμα
2623 3611 2682 3664 τὸ
2723 3611 2875 3680 ἅγιον
2907 3610 2935 3663 ὃ
2955 3610 3102 3664 δοκεῖ
3136 3608 3214 3681 τῷ
3241 3610 3373 3680 Υίῷ,
3405 3613 3438 3680 ἠ
3471 3628 3587 3663 κοι-

2002 3704 2168 3758 νωνία
2199 3703 2291 3757 τοῦ
2331 3704 2629 3776 θελήματος
2663 3701 2850 3771 σαφῶς
2898 3702 3197 3773 παρίστησι
3240 3701 3339 3772 τὴν
3366 3701 3464 3770 τῆς
3489 3703 3584 3755 οὐ-

2005 3797 2123 3858 σίας
2159 3795 2382 3864 ἑνότητα
2403 3812 2415 3824 ·
2457 3793 2614 3856 ἀλλὰ,
2656 3793 3060 3862 Πεμπόμενος,
3092 3791 3274 3862 φησὶν,
3309 3793 3445 3858 παρ’
3478 3794 3587 3845 αὺ-

2004 3890 2128 3948 τοῦ,
2169 3887 2265 3941 καὶ
2307 3887 2441 3955 παρ’
2467 3885 3013 3953 αὺτοῦλαμϐἀνων,
3048 3885 3145 3937 καὶ
3186 3882 3584 3953 ἀναγγέλλων

2003 3981 2125 4043 τοῖς
2149 3979 2621 4049 παιδευομένοις,
2651 3978 2746 4030 καὶ
2776 3976 2887 4045 τῆς
2917 3975 3202 4044 ἀληθείας
3227 3977 3581 4046 ἡγούμενος.

2005 4074 2066 4125 Εἰ
2105 4074 2177 4143 μὴ
2209 4073 2523 4144 προειρήκει
2557 4070 2729 4124 ταῦτα
2771 4070 2900 4141 περὶ
2939 4067 3033 4121 τοῦ
3074 4069 3410 4139 Πνεῦμα-σος,
3443 4069 3584 4122 πάν-

2003 4183 2110 4228 τως
2156 4165 2220 4218 ἂν
2280 4165 2407 4235 περί
2454 4181 2596 4226 τινος
2645 4162 2754 4215 τῶν
2790 4163 2847 4216 ἐν
2897 4160 3202 4232 ἀνθρώποις
3251 4162 3582 4216 διδασκάλων

2004 4258 2177 4313 ταῦτα
2195 4256 2447 4326 λέγεσθαι
2479 4258 2506 4309 ὁ
2543 4256 2754 4309 ἀκούων
2790 4254 3054 4325 ἐνόμισεν.
3089 4255 3296 4308 Ταυτὸν
3333 4255 3440 4326 γάρ
3467 4254 3579 4306 ἐστι

2005 4352 2084 4423 τῷ
2111 4347 2420 4421 πέμπεσθαι
2448 4349 2508 4401 τὸ
2542 4343 2984 4411 ἀποστέλλεσθαι,
3018 4348 3109 4401 καὶ
3147 4347 3208 4399 τὸ
3238 4347 3402 4417 μηδὲν
3435 4347 3581 4400 οἰκο-

2008 4446 2098 4498 θεν
2136 4443 2300 4512 ἔχειν,
2331 4441 2446 4494 ἀλλ’
2487 4440 2551 4492 ἐκ
2591 4443 2691 4510 τῆς
2725 4441 2942 4510 χάριτος
2975 4439 3271 4510 λαμϐάνειν
3307 4437 3400 4492 τοῦ
3444 4439 3584 4491 ἀπο-

2005 4533 2330 4596 στέλλοντος,
2364 4530 2456 4583 καὶ
2496 4529 2760 4582 διακονεῖν
2793 4532 2907 4592 τοῖς
2938 4528 3348 4599 διδασκομένοις
3385 4529 3451 4580 τά
3483 4528 3585 4599 ῥή-

2007 4641 2150 4694 ματα
2174 4661 2188 4684 ,
2217 4622 2309 4675 καὶ
2353 4618 2707 4692 καθηγεῖσθαι
2743 4620 2842 4690 τῆς
2882 4621 3139 4689 ἀληθείας
3165 4622 3278 4683 τοῖς
3305 4619 3589 4690 πλανωμέ-

2004 4733 2132 4778 νοις.
2157 4715 2339 4767 Ταῦτα
2393 4715 2500 4785 γὰρ
2545 4713 2719 4767 πάντα
2758 4713 2850 4765 καὶ
2898 4709 3007 4764 τῶν
3058 4712 3153 4764 νῦν
3199 4712 3469 4782 ποιμένων
3523 4728 3587 4764 τε

2005 4808 2100 4860 καὶ
2138 4805 2469 4859 διδασκάλων
2520 4804 2667 4864 ἐστὶ,
2688 4803 3038 4874 πέμπεσθαι,
3067 4804 3390 4874 λαμϐάνειν,
3417 4804 3589 4873 ἀναγ-

2005 4898 2233 4966 γέλλειν,
2264 4897 2555 4958 διδάσκειν,
2597 4894 2944 4948 ὑποτίθεσθαι
2984 4893 3081 4964 τὴν
3111 4894 3365 4965 ἀλήθειαν
3397 4911 3411 4924 ·
3441 4876 3591 4966 ἅπερ

2005 4987 2285 5059 χαρίζεται
2334 4983 2412 5054 τῷ
2447 4984 2721 5053 Πνεῦματι
2771 4983 2848 5054 τῷ
2889 4984 3025 5054 ἁγίῳ
3081 4984 3360 5053 Εὑνόμιος.
3401 4984 3590 5039 Εἰπὼν

2003 5078 2060 5130 δὲ
2114 5077 2218 5149 πρὸ
2263 5076 2503 5142 τούτων,
2564 5075 2647 5129 ὅτι
2705 5077 2817 5132 Καὶ
2873 5071 2962 5142 εἷς
3007 5078 3138 5129 ἐστι
3200 5077 3298 5130 καὶ
3353 5076 3589 5145 πρῶτος

2005 5168 2100 5222 καὶ
2117 5169 2326 5238 μόνος,
2366 5167 2464 5221 καὶ
2515 5165 2759 5220 πάντων
2802 5168 3116 5236 προῦχων·
3171 5170 3219 5220 εἰ
3255 5167 3358 5231 ἕως
3393 5169 3589 5221 τούτου

2003 5261 2094 5314 τὸν
2120 5237 2272 5328 λόγον
2303 5259 2552 5332 ἔστησεν,
2589 5261 2888 5330 συνήγορος
2939 5259 3004 5313 ἂν
3032 5259 3140 5313 τῶν
3178 5260 3276 5329 τῆς
3330 5237 3616 5329 ἀληθείας.

2005 5351 2176 5423 ἐφάνη
2204 5351 2508 5422 δογμάτων.
2547 5345 2643 5415 Εἷς
2672 5351 2780 5422 γὰρ
2809 5351 2886 5415 ὡς
2913 5350 3129 5420 ἀληθῶς
3171 5353 3316 5404 ἐστιν
3340 5352 3367 5404 6
3391 5350 3589 5421 ἀχωρί·

2007 5460 2144 5521 ora);
2194 5442 2251 5496 ὲν
2297 5441 2376 5513 τῷ
2417 5441 2499 5495 ἐνὶ
2528 5440 2897 5512 θεωρούμενος
2923 5482 2937 5505 ,
2977 5442 3071 5496 καὶ
3099 5441 3313 5513 πρῶτος
3356 5443 3384 5494 6
3420 5444 3476 5495 ἐν
3508 5439 3588 5510 τῷ

2006 5533 2224 5605 πρώτῳ,
2255 5535 2348 5588 καὶ
2383 5535 2542 5604 μόνος
2571 5536 2600 5586 6
2629 5534 2686 5585 ἐν
2712 5532 2789 5603 τῷ
2823 5533 2986 5604 μόνῳ.
3008 5534 3093 5597 Ὠς
3125 5534 3233 5604 γὰρ
3280 5535 3339 5586 τὸ
3369 5530 3583 5604 πνεῦμα

2004 5625 2096 5680 τοῦ
2124 5624 2411 5696 ἀνθρώπου
2433 5625 2493 5676 τὸ
2550 5625 2609 5677 ἐν
2637 5623 2909 5695 αὑτῷνκαὶ
2949 5626 3110 5688 αὐτὸς
3139 5627 3167 5678 ὁ
3195 5617 3582 5696 ἄνθρωπος,είς

2005 5720 2151 5773 ἐστιν
2192 5718 2505 5790 ἄνθρωπος,
2535 5717 2705 5782 οῦτως
2735 5719 2825 5770 καὶ
2859 5716 2918 5769 τὸ
2965 5715 3186 5789 Πνεῦμα
3231 5715 3320 5771 τοῦ
3358 5712 3492 5768 θεοῦ
3522 5709 3583 5766 τὸ
