4054 6150
411 241 518 300 563

1538 241 1818 312 CONTRA
1854 250 2242 320 EUNOHIUM,
2284 252 2413 316 LIB.
2452 251 2522 308 Il.

3485 253 3489 262 ’
3569 264 3676 323 566

413 365 473 417 ἐν
502 361 778 433 αὐτῷ,καὶ
805 361 965 426 αὐτὸς
1003 363 1031 417 6
1056 359 1299 435 Θεὸς,εἴς
1342 367 1408 421 ἂν
1433 367 1636 438 κυρίως
1662 370 1986 442 ὀνομασθείη

2105 367 2259 427 nibus
2296 366 2430 424 Filii
2457 372 2730 440 operibus,
2792 370 3076 433 turbidam.
3121 369 3488 434 inversionem
3541 393 3674 436 esse

413 452 585 519 Θεὸς,
621 453 714 506 καὶ
749 452 960 523 πρῶτος
994 453 1087 507 καὶ
1136 454 1315 526 μόνος,
1362 459 1692 530 χωρισθῆναι
1739 462 1848 515 ἀπὸ
1898 461 1992 515 τοῦ

410 546 474 597 ἐν
505 537 550 612 ᾧ
577 547 726 596 ἐστιν
755 544 815 596 οὐ
848 545 1160 615 δυνάμενος.
1209 547 1322 601 Νῦν
1342 549 1397 603 δὲ
1425 550 1683 622 προσθεὶς
1715 551 1797 616 τὸ,
1829 552 2000 610 Πάν-ι,

412 651 530 687 των
543 633 829 703 προῦχων
848 633 966 689 τῶν
995 636 1101 692 τοῦ
1124 638 1261 692 Υἱοῦ
1283 641 1625 709 ποιημάτων
1643 656 1656 672 ’
1680 643 1992 714 ἀνατροπὴν

413 722 639 794 θολερὰν
669 723 761 777 τὸν
814 723 1131 802 βλάσφημον
1181 727 1374 782 ἑαυτοῦ
1404 729 1558 796 λόγον
1602 730 1876 800 ἀπέδειξε,
1911 731 1990 804 τῷ

415 806 492 859 ὄπ
499 825 569 862 ου
587 807 747 863 θέλει
767 810 1010 868 πνέοντι
1027 815 1119 868 καὶ.
1134 814 1330 868 πάντα
1343 816 1412 869 ἐν
1426 817 1614 878 πᾶσιν
1630 820 2018 892 ἐνεργοῦντιν.

414 902 482 971 τῇ
518 900 657 974 πρὸς
690 901 761 955 τὰ
811 903 974 958 λοιπά
1006 905 1115 960 τῶν
1145 909 1466 978 ποιημάτων
1517 913 1802 983 συγκρίσει
1850 932 1992 986 παρ,

418 990 611 1062 έχοντα
633 994 1047 1066 προτιμότερον.

488 1086 714 1158 Ἰδωμεν
739 1086 796 1152 δὲ
829 1087 920 1142 καὶ¹
949 1088 1050 1144 ὅσα
1073 1089 1278 1156 τούτοις
1302 1091 1638 1166 προσέθηκεν
1657 1111 1671 1125 ι
1698 1093 2004 1166 Ἀτιάζὶον,

417 1179 603 1248 φησιν,
635 1176 778 1244 τοὺς
804 1177 1030 1248 ἁγίους.
1063 1179 1230 1234 Τοῦτο
1275 1183 1368 1236 ὲπὶ
1408 1181 1500 1241 τοῦ
1549 1184 1762 1254 Πατρός
1793 1201 1852 1238 τε
1899 1184 1992 1240 καὶ

413 1271 510 1324 τοῦ
539 1269 683 1324 Υίοῦη
710 1288 794 1334 τις
838 1270 1031 1339 λέγων,
1074 1271 1288 1344 ἀληθῶς
1342 1274 1474 1344 ἐρεῖ.
1513 1273 1600 1329 Ἐν
1648 1269 1729 1339 οἷς
1776 1277 1884 1346 γὰρ
1926 1276 1992 1330 ἂν

415 1366 635 1434 γένηται
660 1367 689 1419 6
722 1365 892 1433 ἅγιος,
922 1366 1109 1434 ἁγίους
1134 1370 1295 1434 ποιεῖ,
1331 1369 1407 1432 ὠς
1434 1371 1525 1423 καὶ
1559 1371 1587 1422 6
1613 1370 1816 1440 ἀγαθὸς
1857 1374 1994 1442 ἀγα-

416 1456 540 1520 θοὺς
576 1455 1166 1525 ἀπεργάζεται.”Αγιος
1210 1457 1267 1512 δὲ
1317 1458 1408 1514 καὶ
1458 1458 1661 1527 ἀγαθὸς
1706 1462 1736 1512 ὁ
1799 1458 2001 1530 Πατὴρ

414 1543 508 1594 καὶ
535 1543 563 1594 6
600 1541 726 1606 Υίὺς
752 1543 845 1596 καὶ
870 1543 929 1595 τὸ
959 1543 1178 1614 Πνεῦμα
1201 1544 1262 1598 τὸ
1291 1543 1464 1612 ἅγιον,
1500 1546 1682 1610 καθὼς
1718 1548 1992 1604 ἀποδέδει-

413 1647 557 1685 κται.
590 1631 1042 1702 Μυσταγωγπῶν,
1093 1633 1224 1705 φησὶ
1245 1673 1262 1697 ,
1300 1635 1441 1711 τοὺς
1497 1639 1860 1705 προσιόντας
1911 1639 1992 1706 τῷ

408 1722 735 1796 μυστηρίῳ.
769 1722 940 1776 Τοῦτο
983 1724 1162 1788 καλῶς
1203 1725 1315 1795 ἔχει
1355 1725 1531 1795 λέγειν
1578 1728 1704 1798 περὶ
1749 1727 1992 1782 Ἀπολλὼ

410 1813 503 1867 τοῦ
556 1813 659 1885 τὴν
705 1815 928 1883 φυτείαν
973 1814 1184 1869 Παύλου
1231 1815 1560 1880 ποτίζοντος.
1612 1819 1835 1872 Φυτεύει
1895 1820 2008 1890 μὲν-

411 1903 517 1976 γὰρ
559 1903 647 1966 διὰ
695 1904 793 1974 τῆς
829 1903 1185 1975 καθηγήσεως
1231 1908 1260 1962 ὁ
1312 1906 1648 1972 Ἀπόστολος,
1691 1908 1899 1970 ποτίζει
1935 1909 1993 1963 δὲ

414 1995 688 2066 βαπτίζων
714 1997 742 2050 6
779 1996 1069 2061 Ἀπολλὼς,
1115 1998 1203 2056 διὰ
1247 2000 1345 2069 τῆς
1398 2001 1664 2070 μυστικῆς
1702 2002 1995 2072 ἀναγεννή-

413 2103 548 2151 σεως
590 2088 880 2159 προσάγων
923 2089 1046 2152 τοὺς
1100 2087 1250 2159 παρὰ
1298 2091 1508 2150 Παύλου
1559 2092 1994 2162 πατηχουμένους

407 2177 488 2248 τῷ
545 2178 850 2252 μυστηρίῳ.
899 2179 1112 2236 Οὐκοῦν
1168 2183 1248 2245 εἰς
1309 2181 1372 2233 τὸ
1428 2159 1869 2252 ὀμότίμονωᾶγει
1915 2182 1998 2252 τῷ

345 2319 361 2332 ,
424 2271 658 2326 Ἀπολλὼ
691 2272 751 2325 τὸ
791 2271 888 2326 διὰΔ
913 2271 1004 2326 τοῦ
1035 2273 1412 2344 βαπτίσματος
1454 2274 1692 2328 τελειοῦν
1738 2276 1863 2338 τοὺς
1897 2275 1992 2328 ἀν-

412 2363 682 2434 θρώπους.
713 2363 1030 2433 Διανέμων,
1059 2364 1242 2435 φησὶν,
1281 2365 1488 2421 πᾶσαν
1516 2364 1762 2434 δωρεάν.
1806 2365 1993 2436 Τούτῳ

411 2455 504 2507 καὶ
534 2457 694 2526 ἡμεῖς
719 2455 1092 2525 συντιθέμεθα.
1119 2458 1232 2514 Πᾶν
1260 2456 1390 2528 γὰρ,
1417 2457 1445 2510 ὃ
1468 2457 1520 2510 τί
1547 2456 1652 2527 περ
1674 2459 1818 2512 ἐστιν
1851 2457 1988 2524 ἀγα-

411 2545 523 2608 θὸν,
550 2544 657 2599 τῶν
699 2545 794 2599 τοῦ
842 2546 995 2615 ἁγίου
1042 2546 1358 2618 Πνεῦματος
1399 2547 1615 2618 δωρεῶν
1660 2548 1814 2618 μερίς
1851 2549 1987 2602 ἐστι.

413 2637 742 2707 Συνεργῶν,
773 2641 928 2710 φησῒ,
963 2638 1085 2704 τοῖς
1107 2640 1343 2706 πιστοῖς
1380 2642 1466 2706 είς
1495 2641 1862 2707 κατανόησιν
1891 2640 1991 2695 καὶ

410 2730 659 2798 θεωρίαν
684 2728 804 2784 τῶν
828 2729 1311 2800 διατεταγμένον.
1334 2731 1454 2784 Τῶν
1472 2731 1530 2785 δὲ
1544 2731 1693 2801 παρὰ
1719 2731 1862 2794 τίνος
1879 2730 1994 2787 διας

409 2819 760 2890 τεταγμένων
786 2821 862 2891 μὴ
888 2820 1164 2892 προσθεὶς,
1193 2821 1490 2892 ἀμφίϐολον
1516 2821 1606 2875 τὸν
1630 2822 1786 2890 λόγον
1806 2825 1991 2894 emo;—

414 2929 530 2976 σεν,
561 2913 670 2965 εἴτε
693 2911 885 2984 ὀρθῶς,
914 2913 1022 2966 εἴτε
1049 2913 1141 2968 καὶ
1171 2914 1246 2976 ὡς
1276 2914 1474 2984 ἑτέρως
1502 2914 1634 2995 ἔχει.
1674 2915 1812 2969 Ἀλλ’
1834 2917 1993 2986 ἡμεῖς

2050 497 2056 504 ι
2097 460 2326 531 impium
2365 469 2422 517 et
2473 462 2859 533 blasphemum
2909 479 3070 520 suum
3103 479 3413 526 sermonem
3450 467 3672 525 demon-

2095 553 2313 618 stravit,
2348 562 2538 608 contra
2590 569 2715 610 eum
2756 554 2851 623 qui
2897 553 2988 608 ubi
3013 556 3126 609 vult
3159 556 3325 622 spirat
3359 557 3426 621 ³⁸,
3474 566 3528 614 ει
3575 561 3672 630 qui

2095 643 2271 696 omnia
2301 642 2356 698 in
2391 643 2632 698 omnibus
2660 653 2906 713 operatur
2937 644 3005 708 "v,
3037 659 3160 700 cum
3192 645 3242 699 ei
3265 661 3361 714 per
3390 662 3665 718 compara-

2093 730 2300 803 tionem
2335 747 2461 786 cum
2487 733 2716 803 reliquis
2742 734 3016 792 creaturis
3044 733 3508 792 honorabiliorem
3546 754 3658 811 gra-

2094 822 2226 880 dum
2253 822 2369 880 sive
2399 823 2580 882 locum
2615 822 2849 880 tribuit..

2169 1076 2462 1138 Videamus
2506 1087 2694 1138 autem.
2729 1094 2856 1150 quae
2878 1081 3041 1138 etiam
3072 1081 3174 1136 his
3195 1080 3394 1151 adjecit
3415 1084 3665 1142 :‘Sancti-
3696 1067 3699 1073 ’

2094 1168 2282 1235 ﬁcans,
2315 1168 2515 1239 inquit,
2540 1179 2750 1232 sanctos
2773 1211 2792 1236 ,
2833 1171 2938 1226 hoc
2973 1172 3042 1226 de
3072 1171 3230 1240 Patre
3256 1184 3310 1228 et
3335 1172 3475 1230 Filio
3504 1178 3667 1232 simul

2092 1260 2219 1333 quis
2249 1260 2440 1320 dicens
2472 1275 2599 1316 vere
2629 1261 2961 1328 enuntiabit.
3002 1265 3068 1320 In
3093 1265 3292 1334 quibus
3321 1268 3472 1324 enim
3505 1268 3670 1326 fuerit

2095 1357 2344 1416 sanctus,
2395 1361 2619 1408 sanctos
2664 1351 2816 1417 facit,
2851 1353 2996 1420 sicut
3026 1355 3400 1416 etiambonus
3443 1372 3568 1413 cum
3597 1360 3669 1414 sit

2095 1442 2270 1498 bonos
2300 1440 2482 1500 eﬂicit.
2522 1439 2785 1510 Sanctus,
2829 1445 3029 1514 bonus,
3065 1446 3246 1514 Pater,
3286 1457 3341 1506 ct
3367 1449 3560 1517 Filius,
3614 1460 3670 1509 et

2096 1532 2332 1604 Spiritus
2357 1540 2604 1601 sanctus,
2637 1535 2781 1602 sicut
2804 1519 3240 1598 demonstratum
3286 1547 3389 1599 est.
3414 1540 3667 1606 Initium,

2093 1621 2291 1694 inquit,
2319 1641 2407 1679 eos
2423 1627 2516 1694 qui
2535 1626 2790 1682 accedunt
2810 1628 2880 1686 ad
2904 1630 3244 1698 mysterium;
3287 1631 3390 1684 hoc
3410 1631 3670 1700 praeclare

2095 1721 2270 1783 potest
2306 1715 2493 1771 dicere
2535 1716 2602 1772 de
2642 1717 2838 1786 Apollo
2891 1721 3285 1789 plantationem
3334 1719 3488 1775 Pauli
3541 1721 3669 1774 irri-

2093 1807 2344 1874 gaute".
2385 1805 2608 1862 Planlat
2635 1809 2782 1865 enim
2813 1811 3111 1878 Apostolus
3154 1827 3252 1880 per
3293 1812 3666 1881 magisterium

2093 1897 2212 1952 sive
2240 1897 2681 1965 institutionem;
2716 1899 2858 1969 rigat
2884 1909 3064 1956 autem
3092 1901 3285 1970 Apollo
3315 1901 3662 1972 baptizando,

2093 2001 2191 2054 per
2232 1990 2524 2058 mysticam
2564 1991 2679 2044 sive
2723 1991 2985 2046 initialem
3027 1993 3496 2062 regenerationem
3570 2009 3666 2048 cos

2093 2079 2185 2148 qui
2210 2093 2240 2132 a
2265 2079 2436 2136 Paulo
2466 2081 2894 2138 instituebantur
2918 2082 3198 2140 adducens
3221 2085 3284 2139 ad
3318 2086 3661 2154 mysterium.

2095 2168 2252 2226 Hunc
2305 2169 2472 2240 igitur
2511 2169 2718 2226 honore
2756 2185 2940 2240 parem
2994 2169 3125 2225 facit
3171 2187 3297 2226 cum
3329 2172 3543 2241 Apollo,
3578 2182 3668 2227 ut-

2093 2267 2218 2328 pote
2237 2259 2329 2328 qui
2349 2274 2447 2330 per
2466 2259 2800 2330 baptismum
2817 2261 3066 2320 homines
3088 2262 3284 2319 initiet.
3311 2261 3668 2326 Distribuens,

2091 2350 2286 2420 inquit,
2317 2353 2461 2405 muni
2491 2368 2642 2406 omne
2669 2349 2887 2410 donum.
2919 2352 3059 2410 Huic
3084 2355 3246 2410 etiam
3269 2369 3370 2408 nos
3402 2354 3669 2424 astipula-

2090 2456 2212 2496 mur
2255 2457 2265 2492 :
2307 2441 2676 2511 quodcunque
2696 2443 2842 2495 enim
2867 2442 3070 2501 bonum
3095 2451 3200 2507 est,
3227 2444 3467 2512 Spiritus
3489 2445 3668 2500 sancti

2090 2531 2362 2588 donarunt
2395 2547 2525 2602 pars
2557 2540 2661 2588 est.
2695 2531 3020 2602 Cooperans,
3074 2533 3274 2603 inquit,
3319 2534 3562 2602 ﬁdelibus
3596 2535 3684 2588 ad‘

2090 2624 2436 2693 cognitionem
2466 2633 2517 2678 et
2536 2625 2946 2693 speculationem
2963 2624 3258 2691 jussorum.
3292 2627 3335 2678 A
3352 2639 3460 2694 quo
3485 2634 3690 2682 autem-

2085 2711 2392 2782 jussorum,
2441 2713 2573 2781 quia
2606 2727 2717 2768 non
2744 2713 2962 2780 adjecit,
3006 2711 3326 2781 ambiguum
3357 2726 3695 2767 sermonem-

2090 2803 2332 2872 reliquit,
2381 2803 2494 2860 sive
2526 2810 2676 2858 recte
2710 2803 2827 2858 Sive
2866 2804 3031 2858 etiam
3066 2802 3224 2858 aiiter
3255 2816 3343 2856 res
3394 2816 3454 2858 se
3482 2801 3668 2858 habet.

2092 2893 2196 2948 Sed
2229 2908 2329 2948 nos
2358 2893 2547 2962 pietati
2578 2891 2726 2962 quod
2758 2892 2964 2946 dictum
2993 2898 3078 2948 est
3103 2891 3487 2946 adhibebimus
3511 2891 3668 2957 brevi

409 3005 476 3074 τῇ
505 2982 756 3074 εὐσεϐείᾲ
779 3003 838 3056 τὸ
862 3003 1148 3074 εἰρημένον
1173 2982 1510 3075 προσέξομεν
1623 3004 1807 3075 ὀλίγης
1833 2982 1994 3076 προσ·

2097 2983 2420 3051 adiectione.
2476 2984 2759 3054 Siquidem
2807 2983 2922 3038 sive
2976 2997 3158 3040 sermo
3198 2982 3500 3051 sapientiae,
3553 2983 3671 3038 sive

411 3073 605 3164 θήκης.
652 3073 866 3164 Ἐπειδὴ
1067 3094 1176 3147 εἴτε
1220 3073 1376 3163 λόγος
1413 3073 1633 3163 σοφίας,
1681 3073 1791 3148 εἴτε
1839 3073 1994 3164 λόγος

2097 3089 2279 3130 sermo
2299 3075 2658 3145 cognitionis,
2691 3075 2807 3132 sive
2839 3073 2994 3138 ﬁdes,
3023 3074 3136 3130 sive
3170 3074 3531 3144 recuperatio,
3556 3075 3674 3130 sive

411 3184 684 3251 γνώσεως,
714 3183 825 3238 είτε
881 3183 1084 3249 πίστις,
1135 3185 1245 3237 εἴτε
1297 3184 1600 3254 ἀντίληψις,
1641 3186 1752 3238 εῐτε
1797 3179 1996 3257 κυϐἐρέ

411 3290 586 3345 νησις,
627 3274 737 3327 εἴτε
787 3292 840 3328 τι
886 3274 1071 3344 ἕτερον
1117 3275 1174 3327 ὲν
1221 3266 1333 3338 τοῖς
1375 3274 1640 3338 σώζουσιν
1676 3277 1826 3346 ἡμᾶς
1860 3277 2017 3334 ἀναο-

412 3363 740 3435 γέγραπται,
780 3364 964 3419 ταῦτα
992 3362 1186 3417 πάντα
1204 3363 1434 3433 ἐνεργεῖ
1448 3364 1514 3418 τὸ
1547 3364 1615 3418 ἐν
1635 3365 1734 3420 καὶ
1762 3365 1828 3418 τὸ
1847 3366 1997 3422 αὐτὸ

414 3455 674 3522 Πνεῦμα,
719 3453 987 3524 διαιροῦν
1033 3455 1153 3521 tota
1189 3454 1422 3522 ἑκάστῳ
1455 3457 1648 3521 καθὼς
1682 3457 1994 3520 βούλεται·

411 3549 602 3606 τούτου
641 3547 826 3600 ἕνεκεν
857 3547 957 3600 οὐκ
980 3545 1355 3616 ἀποϐάλλομεν
1380 3546 1473 3600 τοῦ
1502 3547 1764 3617 Εὐνομίου
1790 3547 1880 3602 τὸν
1908 3549 1995 3601 λό-

415 3653 531 3704 γον,
566 3638 809 3702 εἰπόντος
833 3639 1113 3708 συνεργεῖν
1138 3637 1199 3690 τὸ
1230 3635 1452 3706 Πνεῦμα
1487 3641 1599 3701 τοῖς
1627 3640 1837 3701 πιστοῖς
1861 3638 1996 3710 πρὸς

417 3730 740 3800 κατανόησιν
768 3730 863 3782 καὶ
896 3728 1128 3802 θεωρίαν
1159 3729 1268 3782 τῶν
1302 3731 1430 3800 παρ’
1450 3729 1614 3782 αὐτοῦ
1647 3730 1996 3800 διατεταγμέ-

416 3837 520 3873 νων
553 3819 659 3873 τοῦ-
699 3818 1038 3890 Πνεύματος,
1075 3817 1162 3872 διὰ
1198 3817 1259 3872 τὸ
1304 3818 1479 3872 πάντα
1525 3821 1656 3889 ἡμῖν
1700 3820 1768 3874 τὰ
1813 3821 1993 3889 ἀγαθὰ

416 3910 717 3979 διδάγματα
738 3909 868 3982 παρ’
900 3909 1064 3964 αὐτοῦ
1085 3907 1452 3978 διατετάχθαι.
1488 3907 1775 3976 Ὑπηκῶν,
1811 3911 1994 3980 φησὶν,

415 4001 780 4072 εὐχομένοις.
827 4000 1028 4060 Τούτου
1070 3998 1162 4054 τοῦ
1193 4000 1356 4070 ῥητοῦ
1389 3998 1487 4070 τὴν
1516 3999 1775 4062 διάνοιαν,
1813 4000 1994 4070 μωρὸν

415 4092 483 4144 ἂν
530 4091 614 4162 είη
672 4089 813 4145 κατὰ
869 4090 1105 4162 σπουδὴν
1155 4090 1499 4160 ἀπελέγχειν,
1554 4087 1784 4148 αὐτόθεν
1834 4090 1998 4144 πᾶσιν

417 4182 613 4252 ἐπίσης
638 4180 732 4234 τοῦ
769 4180 976 4250 γελοίου
1008 4199 1068 4234 τε
1095 4181 1190 4236 καὶ
1231 4183 1457 4252 ἀνοήτου
1500 4180 1599 4250 τῆς
1647 4179 1843 4244 λέξεως
1872 4178 2000 4233 ταύ-

416 4289 516 4342 της
547 4273 998 4344 προφαινομένου.
1024 4272 1119 4337 Τίς
1145 4272 1252 4344 γὰρ
1275 4273 1416 4327 οὕτω
1437 4272 1752 4344 παράφορος
1783 4271 1877 4326 καὶ
1903 4272 2002 4342 τῆς

2095 3167 2440 3238 gubernatio,
2489 3167 2608 3222 sive
2639 3166 2771 3236 quid
2802 3167 2952 3221 aliud
2995 3166 3138 3221 inter
3166 3175 3228 3220 ea
3258 3181 3380 3236 quae
3426 3179 3527 3221 nos
3554 3180 3673 3221 ser-

2094 3269 2227 3315 vant
2279 3257 2546 3328 scriptum
2597 3265 2715 3322 est,
2755 3256 2866 3312 lum:
2917 3257 3096 3310 omnia
3138 3265 3387 3324 operatur
3425 3272 3561 3310 unus
3619 3267 3690 3310 et-

2097 3351 2238 3406 idem
2272 3349 2527 3419 Spiritus,
2557 3346 2794 3402 dividens
2814 3346 3034 3416 propria
3066 3346 3250 3414 cuique
3271 3355 3426 3414 prout
3449 3346 3560 3400 vult
3582 3347 3626 3379 ³⁷
3649 3359 3669 3399 :

2088 3440 2254 3511 hujus
2285 3453 2451 3495 causa
2482 3453 2592 3494 non
2641 3437 2998 3508 repudiamus
3029 3434 3282 3492 Eunomii
3333 3450 3668 3502 sermonem,

2095 3545 2220 3586 cum
2250 3530 2389 3586 dixit
2417 3529 2677 3597 Spiritum
2706 3529 2990 3599 cooperari
3025 3527 3276 3582 ﬁdelibus
3309 3528 3376 3583 ad
3405 3528 3672 3598 cognitio-

2097 3638 2220 3678 nem
2257 3629 2311 3677 et
2355 3620 2868 3690 contemplationem
2903 3635 3093 3674 eorum
3128 3635 3248 3688 qua:
3285 3620 3353 3674 ab
3401 3620 3519 3689 ipso
3545 3617 3673 3688 Spi-

2098 3715 2212 3772 ritu
2253 3714 2408 3782 jussa
2441 3720 2569 3766 sunt
2600 3719 2654 3766 et
2684 3711 2968 3773 ordinata;
3022 3711 3150 3780 quia
3179 3712 3359 3765 omnia
3403 3711 3547 3765 bona
3575 3709 3673 3764 de-

2098 3811 2247 3860 creta
2275 3802 2435 3858 nobis
2480 3801 2554 3856 ab
2602 3801 2723 3869 ipso
2750 3799 3010 3854 mandata
3050 3808 3179 3854 sunt
3207 3809 3261 3855 et
3301 3800 3496 3856 edicta.
3533 3797 3672 3854 Suco

2098 3896 2298 3958 cinens,
2335 3893 2530 3963 inquit,
2586 3889 3041 3959 supplicantibus:
3075 3891 3240 3960 hujus
3274 3892 3403 3947 dicti
3437 3899 3692 3947 mentem.

2099 3988 2328 4044 stultum
2364 3985 2532 4042 fuerit
2577 3984 2722 4040 serio
2759 3985 3108 4053 redarguere,
3159 3998 3282 4038 cum
3312 4000 3378 4038 ex
3409 3984 3526 4052 ipso
3556 3998 3675 4036 om-

2099 4082 2262 4137 nibus
2279 4078 2570 4135 ridiculum
2593 4077 2800 4149 pariter
2822 4083 2878 4130 et
2901 4075 3153 4132 insanum
3176 4074 3276 4127 hac
3295 4074 3411 4143 ipsa
3435 4073 3674 4128 dictione
3693 4101 3696 4104 ~

2100 4170 2236 4225 satis
2283 4176 2559 4239 appareat.
2590 4166 2729 4232 Quis
2779 4165 2925 4222 enim
2967 4165 3040 4220 ita
3092 4164 3294 4218 mentis
3342 4177 3582 4232 praeceps
3621 4171 3677 4217 ct

2099 4270 2316 4322 νβαοτε.
2363 4276 2414 4324 et
2452 4263 2523 4321 ab
2558 4256 2907 4333 intelligentia
2935 4256 3200 4324 dimolus,
3232 4269 3290 4314 ut
3317 4266 3592 4326 exspectet
3642 4263 3674 4303 3

415 4339 651 4427 διανοίας
668 4339 1004 4435 ἐξεστηκὼς,
1030 4364 1103 4427 ὡς
1137 4339 1420 4434 ἀναμεῖναι
1449 4339 1754 4434 πα’ρἠμῶν
1780 4339 1995 4431 μαθεῖν,

2104 4346 2264 4402 nobis
2292 4346 2502 4409 doceri,
2539 4345 2684 4414 quod
2717 4345 2954 4416 Spiritus
2981 4351 3209 4402 sanctus
3234 4355 3341 4396 non
3370 4350 3453 4395 est
3487 4339 3679 4394 tintin-

417 4455 499 4508 ὅτι
534 4454 635 4507 οὐκ
671 4453 784 4508 ἐστι
813 4453 998 4507 κώδων
1025 4454 1056 4524 ἢ
1087 4453 1241 4516 πίθος
1270 4454 1514 4516 διάκενος
1557 4452 1618 4505 τὸ
1663 4449 1889 4522 Πνεῦμα
1934 4451 1996 4509 τὸ

418 4546 573 4614 ἅγιον
590 4587 607 4614 ,
641 4541 754 4602 οἶόν
778 4563 885 4602 τινιι
921 4545 1102 4617 πληγῇ
1150 4547 1219 4616 τῇ
1251 4541 1399 4615 φωνῇ
1439 4543 1533 4598 τοῦ
1569 4543 1870 4614 εὐχομένου.
1895 4543 2000 4595 ὐπ-

419 4636 565 4706 ηχῶν
594 4637 685 4690 καὶ
707 4635 1020 4706 δονεύμενος
1043 4652 1058 4701 ;
1093 4633 1367 4705 Ὁδηγῶν,
1391 4634 1544 4702 φησὶ,
1575 4634 1726 4702 πρὸς
1749 4633 1816 4694 τὸ
1840 4647 1996 4701 συμ-

419 4729 622 4799 φέρον.
653 4728 824 4783 Τοῦτο
860 4729 955 4782 καὶ
983 4728 1013 4780 6
1038 4727 1227 4798 Πατὴρ
1258 4729 1352 4782 καὶ
1393 4727 1422 4780 6
1441 4725 1568 4795 Υἱὸς
1603 4723 1805 4796 ὁμοίως
1833 4726 2003 4778 ποιεῖ..

430 4818 653 4890 ὐδηγεῖ·
682 4818 792 4889 γὰρ
818 4817 950 4871 ὡσεὶ
977 4816 1246 4888 πρόϐατον
1275 4816 1367 4870 τδν
1408 4814 1626 4886 Ἰωσὴφ.
1661 4813 1757 4866 καὶ
1785 4812 2001 4884 ὡδήΥτΓ

421 4928 514 4964 σεν
538 4909 614 4974 ὡς
649 4910 894 4980 πρόϐατα
935 4909 1027 4963 τὸν
1067 4907 1190 4963 λαὸν
1219 4907 1404 4962 αὐτοῦ.
1453 4907 1561 4960 Καὶ
1590 4906 1650 4959 τὸ
1681 4903 1905 4974 Πνεῦμα
1939 4905 2002 4956 τὸ

420 5001 622 5072 ἀγαθὸν
653 5001 1003 5072 ὀδηγεῦὴμᾶς
1049 5002 1106 5052 ὲν
1129 5001 1198 5070 γῇ
1227 4999 1431 5069 εὐθείᾳ.
1472 4997 1812 5066 Κωτύνων,
1844 4997 1998 5067 φησὶ,

421 5091 571 5161 πρὸς
601 5092 932 5147 εὐσέϐειαν.
968 5090 1103 5144 Θεοῦ
1133 5090 1291 5161 ἔργον
1321 5091 1350 5143 6
1389 5088 1552 5142 Δαϐὶδ
1579 5088 1726 5158 λέγει
1753 5086 1891 5141 εἶναι
1941 5085 2007 5142 τδ

421 5186 481 5239 ὲν
517 5183 766 5257 εὐσεϐείᾳ
805 5183 1093 5256 κρατύνειν
1138 5183 1232 5236 τὸν
1280 5180 1585 5252 ἄνθρωπον.
1635 5181 2001 5248 Κραταίωσις

421 5277 532 5349 γάρ
559 5293 680 5348 μου
705 5275 803 5330 καί
827 5271 1140 5343 καταφυγή
1177 5290 1296 5342 μου
1321 5268 1390 5327 εἴ
1403 5271 1506 5336 σὺ,
1536 5270 1700 5342 φησὶν
1723 5273 1752 5324 6
1783 5271 2005 5342 Προφή-

420 5383 525 5436 της
547 5384 560 5397 ο
589 5367 685 5418 καὶ
715 5365 931 5433 Κύριος
963 5362 1301 5432 κραταίωμα
1330 5361 1438 5416 τοῦ
1465 5360 1620 5416 λαοῦ
1661 5360 1877 5416 αὐτοῦ’
1906 5361 2005 5414 καὶ

417 5446 783 5536 αὐτὸςδώσει
793 5452 1153 5522 δύναμινκαῑ
1169 5453 1531 5522 κραταίωσιν
1551 5449 1630 5518 τῷ
1649 5451 1776 5517 λαῷ
1796 5452 2002 5506 αὐτοῦ.

497 5565 546 5600 ’⁸
571 5565 731 5622 Joan.
761 5581 843 5627 Ill,
877 5567 930 5620 8.
1006 5565 1053 5600 “
1089 5565 1108 5619 1
1141 5566 1260 5622 Cor.
1289 5583 1386 5631 xu,
1421 5565 1472 5622 6.
1549 5565 1593 5598 η
1626 5565 1648 5622 ι
1682 5564 1807 5622 σοι’.
1833 5563 1998 5631 ιιι,.6.

425 5639 494 5707 '5;
527 5654 657 5705 ιιι,
689 5637 738 5694 ι.
823 5637 868 5670 ³ο
899 5635 1044 5692 Psal.
1088 5652 1278 5705 xxvm,
1314 5637 1402 5691 11..

2103 4437 2367 4499 nabulum
2414 4445 2508 4500 aut
2549 4437 2754 4494 dolium
2790 4439 2975 4501 inane,
3007 4432 3293 4505 quivelut
3333 4430 3466 4486 ictui
3513 4430 3688 4485 alicui.

2103 4527 2464 4600 Supplicantis
2519 4526 2639 4582 voci
2702 4528 2968 4584 subsonet
3017 4533 3073 4582 et
3119 4523 3370 4580 succinat
3416 4522 3682 4591 agitatus?

2103 4621 2378 4688 Deducens
2416 4619 2472 4672 in
2501 4618 2660 4684 viam,
2695 4618 2892 4686 inquit,
2935 4618 3029 4674 sed
3064 4616 3133 4670 ad
3161 4614 3216 4668 id
3244 4613 3382 4684 quod
3409 4612 3684 4668 conducit:

2103 4711 2208 4780 hoc
2239 4710 2404 4776 etiam
2449 4707 2608 4766 Pater
2647 4716 2702 4762 et
2736 4705 2910 4765 Filius
2943 4706 3198 4762 similiter
3246 4705 3408 4772 facit;
3457 4702 3680 4760 deducit

2105 4804 2252 4860 enim
2283 4802 2430 4862 velut
2457 4815 2612 4856 ovem
2642 4797 2865 4868 Ioseph,
2889 4807 2945 4855 et
2971 4797 3196 4854 deduxit
3229 4798 3548 4852 velut-ovem
3578 4809 3694 4865 ρο·-

2106 4896 2294 4966 pulum
2341 4910 2504 4958 suum
2527 4894 2594 4956 ³⁸,
2649 4900 2706 4948 ει
2743 4890 3004 4961 Spiritus
3034 4896 3260 4946 sanctus
3295 4905 3398 4946 nos
3442 4889 3499 4944 in
3531 4887 3696 4942 viam-

2105 4993 2311 5040 rectam
2350 4985 2591 5040 deducit.
2637 4981 3001 5052 Conﬁrmans,
3049 4979 3245 5050 inquit,
3300 4980 3369 5034 ad
3401 4981 3679 5049 pietatem:

2108 5077 2203 5134 Dei
2234 5091 2374 5147 opus
2399 5075 2565 5130 Datid
2598 5089 2722 5130 esse
2744 5072 2896 5138 dicit,
2935 5072 3210 5136 hominem
3244 5072 3298 5126 in
3333 5071 3531 5140 pietate
3551 5083 3682 5121 con-

2108 5168 2345 5222 ﬁrmare.
2376 5167 2658 5234 Quoniam
2687 5165 3074 5234 ﬁrmamentum
3119 5180 3289 5217 meum
3331 5171 3380 5214 et
3421 5159 3680 5228 refugium

2107 5278 2275 5322 meum
2306 5276 2360 5314 es
2392 5272 2481 5325 tu,
2512 5257 2689 5328 inquit
2727 5257 2999 5327 Propheta
3033 5259 3098 5322 ³⁸,
3130 5267 3178 5310 et
3208 5253 3463 5307 Dominus
3492 5253 3680 5316 ﬁrma.-

2109 5361 2340 5408 mentum
2378 5349 2557 5419 populi
2611 5349 2724 5413 sui,
2767 5358 2816 5402 et
2859 5349 2968 5418 ipse
3007 5347 3155 5402 dabit
3198 5346 3440 5400 virtutem
3478 5348 3525 5392 et
3581 5338 3681 5404 ﬁr-

2109 5444 2394 5506 mationem
2441 5439 2633 5508 populo
2677 5456 2776 5493 suo
2815 5439 2882 5491 ³ο.
2926 5437 3051 5494 Haec
3092 5435 3274 5507 igitur,
3302 5432 3347 5485 si
3375 5427 3517 5481 dicta
3555 5431 3681 5480 sunt

2094 5562 2136 5595 "
2172 5557 2343 5614 [ϐοΐ.
2381 5571 2477 5622 xu,
2512 5555 2597 5609 ll.
2675 5553 2719 5585 ’⁸
2750 5551 2893 5606 Psal.
2927 5566 3112 5616 uxrx,
3151 5550 3204 5602 9.
3297 5547 3340 5579 ²⁹
3369 5541 3512 5597 Psal.
3552 5555 3677 5601 Lxx.
