4010 6156
339 216 448 278 667

1620 212 1677 271 5.
1716 212 2042 272 GREGORII
2078 214 2367 272 NYSSENI

3492 211 3592 268 568

343 336 651 395 secundum
671 343 904 394 mentem
922 336 1215 407 prophetae;
1236 332 1451 390 deit'atis
1475 334 1712 405 Spiritus
1734 336 1908 392 sancti

2035 337 2220 391 )ύκοῦν
2256 336 2427 390 ταῦτα
2458 335 2507 387 εί
2548 334 2687 388 κατὰ
2713 333 2801 387 τὸν
2841 329 3171 403 προφητικὸν
3200 327 3414 400 εἴρηται
3444 325 3597 393 νοῦν,

343 434 479 483 sunt
525 426 855 482 testimonia.
889 424 1045 490 Quod
1093 426 1141 479 si
1190 424 1488 495 prophetiae
1538 426 1916 491 adversentur,

346 533 447 588 per
476 518 581 572 hoc
619 517 798 587 ipsum
829 524 1121 571 accusatur
1150 517 1507 585 blasphemia,
1551 518 1679 587 quia
1710 520 1917 573 sanctis

346 608 628 679 prophetis
672 607 951 662 contraria
992 622 1243 663 sermone
1285 617 1489 663 censet.
1526 608 1733 664 Deinde
1762 610 1915 674 dicit,

343 697 659 752 illuminans
686 699 894 752 animas
920 697 1117 752 lumine
1145 698 1488 768 cognitionis:
1514 697 1655 751 hanc
1685 699 1916 769 gratiam

344 797 399 843 ct
431 788 582 843 Patri
626 797 680 842 et
706 786 848 842 Filio
878 795 932 843 et
964 787 1190 858 Spiritui
1234 796 1425 843 sancto
1465 787 1687 857 pietatis
1736 804 1918 844 sermo

300 944 301 947 η
346 880 597 935 ascribit.
628 880 721 933 Illa
742 880 889 934 enim
928 880 1261 935 illuminatio
1284 895 1315 933 a
1349 879 1553 934 Davide
1582 882 1915 946 nominatur,

295 951 302 976 ’
348 981 404 1024 et
430 970 581 1023 illinc
613 969 795 1022 lumen
827 969 1157 1039 cognitionis
1203 969 1269 1025 iis
1299 970 1391 1039 qui
1424 970 1803 1026 illuminantur
1835 973 1919 1026 in-

351 1059 627 1115 nascitur.
662 1057 927 1113 Similiter
950 1060 1223 1113 rationum
1257 1062 1505 1130 purgatio
1533 1063 1833 1131 proprium,
1862 1070 1921 1116 ut

351 1150 427 1204 ait
480 1148 762 1219 Scriptura
783 1148 850 1213 ³¹,
903 1149 1122 1203 virtutis
1166 1148 1399 1204 Domini.
1450 1149 1588 1205 Nam
1640 1151 1917 1221 Splendor,

350 1239 524 1311 gloria
559 1247 612 1294 et
639 1239 926 1293 character
959 1238 1275 1293 substantiae
1314 1240 1689 1310 purgationem
1724 1255 1918 1311 pecca-

352 1339 537 1383 torum
594 1336 905 1383 nostrorum
953 1327 1099 1382 fecit.
1155 1328 1357 1385 Arcere
1406 1330 1716 1395 daemonas,
1772 1331 1918 1401 quod

358 1413 598 1485 Spiritus
622 1418 901 1487 pr0prium
935 1417 1068 1471 dicit
1092 1417 1410 1483 Eunomius,
1442 1419 1544 1474 hoc
1590 1421 1751 1475 etiam
1789 1412 1943 1475 facit“

355 1508 671 1577 unigenitus
712 1506 874 1571 Deus,
903 1507 995 1576 qui
1028 1506 1216 1562 dicens
1240 1500 1493 1574 daemoni,
1538 1506 1661 1565 Tibi
1689 1508 1917 1578 impero,

355 1598 606 1653 attribuit
643 1596 830 1651 virtuti
878 1596 1115 1666 Spiritus
1139 1598 1328 1653 dicens
1358 1617 1371 1653 :
1408 1598 1467 1654 Si
1508 1615 1597 1669 ego
1637 1601 1691 1653 in
1719 1595 1920 1668 Spiritu

2020 429 2120 497 τῆς
2174 428 2425 498 θεότητος
2481 424 2575 478 τοῦ
2619 425 2930 494 Πνεύματος
2982 420 3255 491 μαρτυρία
3304 417 3491 472 ἐστίν’
3542 418 3590 471 el

2020 520 2075 571 δὲ
2106 517 2436 572 ἐναντιοῦται
2470 520 2535 587 τῇ
2574 514 2895 586 προφητείᾳ,
2942 512 3007 564 δι’
3038 510 3204 563 αὑτοῦ
3246 509 3437 562 τούτου
3472 525 3601 562 κατ-

2020 610 2296 679 ηγορεῑται
2341 608 2374 677 ἡ
2420 604 2753 676 βλασφημία,
2798 604 2876 655 ὅτι
2922 602 3032 663 τοῖς
3073 600 3247 667 ἁγίοις
3289 600 3596 668 προφήταις

2019 697 2346 761 ἀντιδοξάζει
2369 696 2446 767 τῷ
2466 696 2626 765 λόγῳ.
2650 691 2783 747 Εἶτά
2803 709 2963 763 φησι·
2987 689 3249 751 Φωτίζων
3264 691 3371 754 τὰς
3392 689 3594 758 ψυχὰς

2020 785 2098 853 τῷ
2124 789 2268 857 φωτὶ
2301 787 2407 855 τῆς
2434 788 2731 856 γνὼσεως.’
2755 784 2969 855 Ταύτην
2994 784 3151 854 χάριν
3183 784 3356 852 Πατρί
3372 848 3377 859 ι
3400 799 3457 834 τε
3501 783 3595 834 καὶ

2021 880 2134 949 Υίῷ
2164 880 2255 933 καὶ
2292 878 2566 948 Πνεύματι
2598 877 2737 946 ἁγίῳ
2774 877 2803 928 6
2851 876 2950 944 τῆς
2987 873 3266 936 εὐσεϐείας
3311 871 3593 941 ἀνατίθησι

2019 971 2192 1038 λόγος.
2231 970 2465 1030 Ἐκεῖνος
2490 968 2600 1038 γὰρ
2631 966 2905 1035 φωτισμδς
2937 965 3088 1036 παρὰ
3129 963 3223 1017 τοῦ
3272 963 3434 1016 Δαϐὶδ
3477 963 3597 1015 ὀνο-

2022 1060 2268 1131 μάζεται,
2296 1058 2390 1111 καὶ
2414 1057 2620 1110 ἐκεῖθεν
2649 1056 2708 1108 τδ
2730 1055 2845 1124 φῶς
2871 1055 2969 1125 τῆς
2995 1054 3246 1122 γνώσεως
3286 1057 3397 1117 τοῖς
3434 1071 3596 1122 φωτι-

2019 1153 2262 1224 ζομένοις
2291 1152 2578 1221 ἐγγίνεται.
2619 1152 2889 1215 Ὡσαύτως
2919 1151 2974 1203 δὲ
3003 1150 3151 1219 καὶὴ
3186 1146 3450 1217 κάθαρσις
3488 1144 3598 1197 τῶν

2018 1242 2313 1311 λογισμῶν,
2355 1242 2505 1305 ἴδιον,
2541 1240 2615 1304 ὣς
2639 1257 2798 1311 φησιν
2836 1242 2863 1292 6
2892 1239 3082 1306 Λόγος,
3122 1232 3222 1305 τ’ῆς
3257 1234 3349 1286 τοῦ
3393 1231 3598 1299 Κυρίου

2017 1332 2311 1401 δυνάμεως.
2347 1331 2419 1384 Τὸ
2446 1331 2553 1401 γὰρ
2581 1330 2919 1401 ἀπαύγασμα
2943 1329 3042 1399 τῆς
3067 1327 3223 1397 δόξης
3253 1325 3347 1377 καὶ
3368 1327 3396 1377 ὁ
3424 1341 3596 1394 χαρα-

2019 1421 2157 1492 κτὴρ
2186 1421 2284 1491 τῆς
2318 1422 2667 1484 ὑποστάσεως
2693 1422 2783 1474 τὸν
2818 1418 3152 1490 καθαρισμὸν
3180 1415 3295 1469 τῶν
3318 1413 3601 1484 ἁμαρτιῶν

2019 1512 2178 1584 ήμῶν
2218 1513 2538 1583 ἐποιήσατοο
2576 1511 2638 1564 τὸ
2670 1512 2725 1565 δὲ
2763 1512 3046 1581 ἀπείργειν
3089 1509 3214 1572 τοὺς
3257 1506 3533 1576 δαίμονας,
3568 1504 3609 1556 δ

2022 1598 2117 1652 τοῦ
2148 1598 2460 1668 Πνεύματος
2504 1598 2631 1651 ἴδιόν
2659 1616 2821 1670 φησιν
2865 1598 2894 1649 6
2928 1597 3206 1666 Εὑνόμιος,
3248 1594 3403 1648 τοῦτο
3442 1592 3535 1645 καὶ
3570 1594 3604 1643 6

354 1687 456 1741 Dei
478 1687 631 1755 ejicio
653 1685 915 1739 daemonia
940 1687 1007 1738 ³³.
1047 1685 1436 1753 Quarenonest
1466 1687 1708 1757 Spiritus
1738 1689 1921 1759 gloriae

2035 1688 2316 1760 μονογενὴς
2344 1689 2495 1754 Θεὸς,
2528 1691 2556 1741 ὁ
2592 1673 2769 1750 lli-wi
2810 1689 2889 1759 τῷ
2932 1688 3165 1758 δαίμονι,
3189 1688 3270 1739 ὅτι
3304 1684 3441 1753 Ἐγὼ
3481 1686 3607 1737 ἐπι-

354 1777 636 1832 demolitio
680 1775 989 1831 daemonum
1039 1776 1277 1831 sublatio
1304 1817 1319 1841 ,
1359 1778 1450 1832 sed
1483 1780 1804 1833 constitutio
1837 1780 1921 1833 di-

353 1868 497 1923 vinae
543 1867 664 1937 ejus
693 1875 747 1923 et
779 1867 1239 1939 supereminentis
1280 1868 1515 1923 virtutis.
1554 1868 1919 1941 Afgrotantes,

356 1959 558 2028 inquit,
597 1974 812 2021 curans,
842 1960 1081 2026 inﬁrmos
1116 1976 1334 2022 sanans,
1367 1961 1583 2031 afﬂictos
1618 1962 1920 2025 consolans,

360 2051 592 2102 labentes
622 2049 846 2117 erigens,
890 2047 1191 2101 laborantes
1223 2050 1481 2117 reﬁciens,
1530 2050 1644 2103 haec
1678 2058 1805 2105 sunt
1839 2053 1924 2119 pie

357 2138 715 2193 sentientium
749 2138 817 2192 de
849 2148 1041 2191 sancto
1072 2138 1287 2207 Spiritu
1305 2140 1490 2194 verba.
1521 2138 1639 2193 Non
1660 2141 1803 2195 enim
1833 2143 1924 2195 alii

358 2229 561 2284 borum
591 2227 859 2297 cujusque
881 2226 1173 2283 efﬁcaciam
1202 2243 1365 2297 quam
1398 2230 1506 2284 Deo
1528 2231 1651 2299 quis
1681 2233 1927 2303 assigna-

356 2320 500 2375 verit
541 2336 555 2371 :
603 2320 649 2375 si
698 2319 864 2390 igitur
912 2334 1034 2389 qua:
1078 2320 1261 2374 nullus
1292 2328 1469 2390 potest
1502 2320 1715 2377 edicere
1762 2339 1925 2393 quam

360 2410 514 2466 solus
553 2409 716 2473 Deus,
772 2410 895 2464 haec
932 2410 1135 2465 virtute
1173 2410 1411 2479 Spiritus
1455 2410 1593 2466 ellici
1639 2412 1927 2468 confirmat

360 2502 607 2567 haeresis,
648 2502 960 2557 obtinemus
991 2514 1089 2570 pro
1122 2501 1320 2570 quibus
1357 2502 1557 2557 obnixe
1599 2510 1653 2557 et
1687 2505 1930 2560 studiose

361 2593 742 2647 contendimus
780 2593 941 2647 etiam
976 2593 1044 2646 ab
1084 2591 1324 2646 inimicis
1363 2592 1765 2650 testimonium:
1817 2608 1927 2663 quo

358 2682 524 2737 modo
572 2696 605 2734 a
651 2680 761 2735 Deo
808 2680 942 2749 petit
971 2679 1240 2749 Propheta
1296 2681 1635 2736 sanationem
1694 2684 1921 2740 dicens:

360 2770 616 2828 Miserere
649 2772 755 2824 mei
779 2772 1025 2840 quoniam
1061 2772 1305 2841 inﬁrmus
1346 2790 1484 2839 sum,
1516 2791 1648 2828 sana
1695 2793 1795 2843 me,
1822 2777 1932 2831 Do-

364 2862 526 2924 mine,
577 2862 826 2929 quoniam
873 2859 1186 2914 conturbata
1231 2872 1351 2915 sunt
1402 2879 1523 2917 ossa
1568 2881 1683 2917 mea
1706 2867 1771 2918 ³³,
1823 2866 1932 2921 Deo

364 2952 501 3006 dicit
532 2950 721 3015 Isaias,
744 2951 842 3004 Ras
870 2949 1101 3019 deﬂuens
1130 2967 1161 3003 a
1198 2959 1244 3004 te
1271 2952 1551 3007 remedium
1593 2964 1671 3008 est
1704 2954 1832 3022 ipsis
1863 2957 1926 3009 ³⁵.
1957 2992 1999 3049 c

364 3038 544 3106 Atque
574 3036 874 3091 errantium
906 3038 1317 3094 conversionem
1354 3054 1491 3109 opus
1524 3041 1616 3096 Dei
1654 3059 1774 3099 esse
1807 3060 1933 3115 pro-

373 3127 827 3195 phetiatestatur.
870 3126 1193 3181 Erracerunt
1227 3130 1394 3194 enim,
1428 3131 1627 3201 inquit,
1652 3134 1704 3186 in
1730 3134 1935 3189 deserto

367 3224 416 3272 el
446 3220 599 3287 aquis
619 3227 827 3272 carente
855 3218 968 3272 loco
995 3219 1059 3271 ³⁸.
1092 3218 1295 3273 Deinde
1318 3220 1622 3290 subjunxit,
1641 3220 1939 3280 Etdeduxit

366 3326 456 3364 eos
495 3310 548 3364 in
593 3319 789 3364 rectam
821 3313 981 3372 viam,
1028 3321 1084 3364 ut
1114 3312 1570 3380 proﬁciscerentur
1594 3315 1649 3366 in
1677 3316 1939 3370 civitatem

373 3402 720 3454 habitationis
740 3400 806 3453 ³⁸.
841 3400 926 3463 Et,
958 3399 1098 3455 Dum
1131 3411 1447 3455 converteret
1480 3402 1740 3457 Dominus
1774 3409 1941 3473 capti-

368 3490 582 3544 vitatem
614 3490 745 3543 Sion
765 3488 833 3542 ³⁷.
869 3487 1129 3542 Similiter
1168 3488 1492 3545 amictorum
1536 3495 1841 3550 consolatio
1874 3498 1941 3552 ad

370 3579 544 3636 Deum
582 3579 834 3641 refertur,
874 3579 953 3633 sic
984 3578 1152 3633 Paulo
1193 3580 1447 3637 dicente:
1463 3583 1774 3641 Benedictus
1806 3589 1941 3644 Deus

374 3681 422 3725 et
455 3671 620 3725 Pater
652 3670 864 3724 Domini
902 3671 1069 3723 nostri
1113 3670 1241 3726 Jesu
1272 3671 1468 3727 Christi
1500 3676 1591 3744 qui
1637 3682 1945 3734 consolatur

372 3779 471 3819 nos
513 3764 568 3815 in
610 3763 759 3816 omni
793 3762 1128 3817 tribulatione
1170 3772 1351 3817 nostra
1374 3765 1441 3820 ⁸⁸.
1480 3766 1545 3820 Et
1580 3766 1849 3839 Propheta
1878 3790 1945 3827 ex

374 3870 611 3927 persona
635 3852 729 3908 Dei
746 3856 839 3918 ait,
852 3850 917 3907 In
941 3854 1276 3909 tribulatione
1298 3857 1533 3911 invocavi
1552 3869 1600 3913 et
1622 3861 1790 3916 inveni
1815 3874 1861 3916 te
1874 3864 1941 3917 ³³.

374 3947 701 4003 Labentium
753 3953 932 4000 autem
966 3947 1191 4010 erectio,
1244 3948 1474 4003 inﬁnitis
1515 3950 1691 4006 modis
1724 3968 1755 4006 a
1792 3968 1947 4008 sacra

380 4036 663 4107 Scriptura
715 4035 784 4090 ad
818 4035 1031 4088 Domini
1081 4036 1381 4105 potentiam
1434 4037 1687 4092 refertur.
1749 4040 1948 4097 Pulsus

376 4145 582 4183 eversus
622 4143 737 4181 sum
767 4136 823 4179 ut
850 4124 1111 4191 caderem,
1147 4136 1195 4181 et
1232 4125 1485 4181 Dominus
1523 4132 1748 4198 suscepit
1776 4149 1857 4186 me
1877 4134 1945 4187 “.

378 4220 466 4282 Et,
502 4220 635 4274 Cum
677 4217 920 4273 ceciderit
956 4233 1059 4271 non
1100 4216 1381 4272 eollidetur
1413 4220 1539 4289 quia
1571 4218 1825 4277 Dominus
1855 4242 1947 4279 su-

2023 1782 2205 1835 τάσσω
2237 1798 2339 1846 σοι,
2372 1781 2782 1852 προσμαρτυρεῖ
2806 1783 2871 1851 τῇ
2901 1779 3124 1850 δυνάμει
3150 1778 3243 1830 τοῦ
3262 1776 3401 1829 Πνεύ
3411 1793 3607 1845 ματος,

2024 1874 2194 1941 λέγων
2213 1889 2226 1901 ο
2260 1875 2329 1926 Et
2359 1872 2428 1925 δὲ
2459 1872 2573 1940 ἐγὼ
2609 1872 2679 1924 ἐν
2712 1872 3009 1940 Πνεύματι
3053 1868 3203 1923 Θεοῦ
3228 1865 3499 1920 ἐκϐάλλω
3530 1866 3626 1917 τὰ

2024 1966 2312 2033 δαιμόνια.
2342 1964 2504 2016 ’Ὥστε
2535 1964 2633 2016 ούκ
2676 1962 2791 2014 ἐστι
2840 1960 3155 2027 καθαίρεσις
3190 1959 3287 2029 τῆς
3314 1957 3470 2026 δόξης
3506 1954 3612 2007 τοῦ

2024 2054 2339 2124 Πνεύματος
2364 2055 2397 2123 ἡ
2426 2052 2533 2112 τῶν
2554 2052 2822 2122 δαιμόνων
2846 2053 3141 2122 ἀναίρεσις,
3179 2049 3313 2102 ἀλλὰ
3350 2048 3621 2107 σύστασις

2024 2143 2123 2212 τῆς
2174 2142 2323 2205 Θείας
2387 2139 2550 2194 αὑτοῦ
2600 2140 2697 2193 καῖ
2739 2137 3108 2209 ὑπερεχούσης
3150 2135 3450 2202 δυνάμεως.
3503 2132 3621 2184 Νο-

2027 2233 2308 2297 σοῦντας,
2354 2233 2507 2302 φησὶ,
2553 2230 2909 2298 θεραπεύων,
2953 2224 3407 2295 ἀρρωστοῦντας
3450 2221 3623 2289 ἰώμε-

2027 2342 2152 2389 νος,
2183 2324 2568 2391 θλιϐομένους
2615 2320 2999 2388 παρακαλῶν,
3038 2315 3397 2380 ὀκλάζοντας
3429 2315 3622 2379 ἀνορ-

2008 2413 2178 2479 θῶν,
2231 2411 2569 2474 πονοῦντας
2626 2407 3061 2477 ἀνακτώμενος.
3116 2407 3300 2459 Ταῦτα
3350 2404 3458 2456 τῶν
3516 2404 3621 2455 εἰε-

2032 2499 2326 2553 σεὸούντων
2346 2498 2477 2567 περὶ
2499 2498 2591 2551 τοῦ
2623 2499 2776 2566 ἁγίου
2801 2496 3115 2566 Πνεύματός
3136 2496 3249 2547 ἐστι
3270 2492 3336 2545 τὰ
3366 2495 3612 2562 ῥήματα.

2030 2591 2103 2644 Οὐ
2147 2591 2255 2661 γάρ
2300 2590 2365 2644 ἂν
2410 2590 2553 2659 ἄλλῳ
2590 2605 2673 2651 τις
2718 2587 2941 2655 ἀναθείη
2986 2586 3191 2639 τούτων
3239 2585 3467 2637 ἑκάστου
3512 2582 3631 2653 τὴν

2031 2681 2305 2750 ἐνέργειαν
2328 2681 2465 2751 πλὴν
2496 2680 2573 2751 τῷ
2609 2678 2746 2749 Θεῷ.
2791 2681 2853 2731 Εί
2877 2677 3056 2731 τοίνυν
3086 2678 3227 2746 άπερ
3254 2675 3465 2736 οὐδενός
3494 2676 3616 2727 ἐστι

2032 2774 2220 2835 ποιεῖν,
2250 2772 2280 2841 ἢ
2312 2770 2444 2824 Θεοῦ
2478 2771 2659 2841 μόνου,
2686 2768 2855 2823 ταῦτα
2878 2770 2942 2839 τῇ
2977 2768 3199 2838 δυνάμει
3221 2767 3314 2819 τοῦ
3354 2766 3618 2836 Πνεύμαο

2032 2881 2122 2926 τος
2150 2863 2482 2933 ἐνεργεῖσθαι
2507 2860 2905 2915 διαϐεϐαιοῦται
2932 2861 2965 2930 ἡ
2994 2859 3224 2928 αἵρεσις,
3251 2858 3445 2927 ἔχομεν
3472 2859 3619 2928 ὑπὲρ

2032 2948 2106 3007 ὧν
2140 2954 2508 3023 σπουδάζομεν
2546 2954 2639 3005 καὶ
2673 2952 2772 3017 τὴν
2820 2951 2969 3020 παρὰ
2998 2950 3108 3004 τῶν
3155 2948 3364 3020 ἐχθρῶν
3405 2965 3619 3018 μαρτυ-

2042 3045 2214 3114 ρίαν“;
2236 3045 2354 3107 πῶς
2393 3043 2543 3115 παρὰ
2590 3044 2683 3096 τοῦ
2730 3043 2863 3095 Θεοῦ
2907 3044 2934 3094 6
2976 3040 3269 3111 Προφήτης
3316 3037 3470 3109 ζητεῖ
3515 3039 3635 3109 τὴν

2039 3134 2209 3196 ἴασιν,
2251 3134 2455 3200 λέγων·
2495 3131 2787 3199 Ἐλέησόν
2830 3148 2925 3200 με,
2968 3132 3162 3198 Κύριε,
3209 3129 3297 3182 ὅτι
3346 3130 3620 3194 ἀσθενής

2038 3227 2182 3292 είμι.
2206 3224 2396 3277 "Iaca!
2416 3240 2510 3292 με,
2540 3224 2732 3289 Κύριε,
2756 3221 2844 3274 ὅτι
2870 3220 3163 3288 ἐταράχθη
3195 3220 3265 3273 τὰ
3286 3219 3437 3293 ὀστᾷ
3458 3236 3613 3287 μου.

2041 3315 2131 3385 Τῷ
2151 3314 2268 3383 Θεῴ
2289 3313 2438 3381 λέγει
2468 3314 2495 3365 6
2528 3312 2769 3374 Ἡσαΐας,
2792 3312 2872 3363 ὅτι
2904 3311 2963 3367 'H
2987 3310 3205 3378 δρόσος
3235 3310 3272 3376 ἠ
3300 3309 3457 3378 παρὰ
3473 3310 3614 3370 σοῦ,

2044 3407 2187 3475 ἴαμα
2214 3403 2414 3467 αὐτοῖς
2441 3405 2628 3456 ἐστιν.
2660 3404 2767 3456 Καὶ
2804 3403 2902 3472 τὴν
2939 3403 3047 3453 τῶν
3094 3400 3460 3470 πλανωμένων
3496 3401 3619 3452 ἐπι-

2044 3494 2298 3564 στροφὴν,
2332 3492 2464 3545 Θεοῦ
2496 3492 2654 3562 ἔργον
2684 3488 2820 3545 εἶναι
2850 3494 2882 3561 ή
2918 3489 3220 3560 προφητεία
3259 3489 3615 3559 μαρτύρεται.

2056 3585 2522 3651 Ἐπλανήθησαν
2553 3585 2680 3653 γὰρ,
2724 3582 2907 3652 φησὶν,
2946 3581 3015 3633 ἐν
3056 3579 3131 3648 τῇ
3182 3580 3378 3648 ἐρήμῳ
3412 3580 3482 3632 ἑν
3509 3581 3618 3634 ἁν-

2042 3680 2217 3745 ύδρῳ.
2250 3680 2357 3731 Καὶ
2382 3680 2675 3748 ἐπήγαγεν,
2699 3678 2779 3729 ὅτι
2802 3677 2909 3729 Καὶ
2944 3674 3258 3744 ὡδήγησεν
3280 3674 3501 3739 αὐτοὺς
3531 3677 3621 3739 εις

2046 3770 2187 3831 ὁδὸν
2216 3769 2471 3831 εὐθεῖαν,
2496 3768 2603 3821 τοῦ
2632 3764 2990 3833 πορευθῆναι
3015 3768 3101 3832 εις
3130 3766 3311 3818 πόλιν
3342 3781 3621 3829 κατοικη-

2044 3853 2269 3921 τηρίου.
2301 3852 2430 3917 Καὶ,
2471 3852 2567 3906 Ἐν
2592 3849 2672 3916 τῷ
2701 3850 3056 3919 ἐπιστρέψαι
3088 3850 3317 3917 Κύριον
3346 3846 3463 3914 τὴν
3494 3849 3624 3915 αἰχ-

2042 3943 2359 4011 μαλωσίαν
2378 3942 2549 3998 Σιών.
2584 3942 2860 4006 Ὡσαύτως
2882 3943 2938 3997 δέ
2966 3942 3060 3995 καὶ
3092 3942 3123 4012 ἡ
3156 3940 3265 3993 τῶν
3291 3937 3637 4008 θλιϐομένιςυν⁸

2049 4041 2389 4111 παράκλησις
2459 4041 2537 4101 είς
2586 4038 2715 4090 Θεὸν
2765 4036 3118 4105 ἀναφέρεται,
3167 4034 3340 4095 οὕτως
3378 4032 3620 4091 εἰπόντος

2049 4131 2140 4184 τοῦ
2184 4131 2431 4184 Παύλου·
2479 4125 2822 4195 Εὐλογητὸς
2869 4126 2900 4177 ὁ
2946 4126 3089 4190 Θεὸς
3132 4124 3228 4178 καὶ
3270 4121 3473 4190 Πατὴρ
3516 4119 3616 4173 τοῦ

2052 4227 2271 4290 Κυρίου
2331 4218 2500 4288 ἡμῶν
2557 4218 2759 4284 Ἰησοῦ
2809 4216 3063 4285 Χριστοῦ
3088 4256 3102 4280 ,
3169 4219 3203 4269 ό
3270 4210 3617 4281 παρακαλῶν

378 4319 571 4365 stentat
587 4327 703 4364 eum
725 4326 887 4362 manu
914 4324 1014 4362 sua
1037 4308 1101 4361 “.
1140 4308 1224 4373 Et,
1258 4309 1511 4364 Dominus
1529 4313 1681 4381 erigit
1697 4314 1855 4369 elisos
1880 4316 1934 4368 “.

2052 4313 2207 4382 ἡμᾶς
2231 4312 2327 4364 ἐπὶ
2358 4308 2527 4377 πάσῃ
2561 4308 2635 4375 τῇ
2664 4308 2865 4376 θλίψει
2894 4307 3079 4376 ἡμῶν,
3108 4306 3216 4358 Καὶ
3245 4306 3273 4357 6
3314 4302 3615 4376 Προφήτης,

379 4398 771 4453 Laborantium
818 4396 1085 4451 recreatio
1132 4396 1249 4451 sive
1284 4396 1605 4453 refocillatio
1641 4399 1737 4455 Dei
1783 4402 1952 4459 bene-

380 4490 631 4545 volentia:
682 4495 737 4542 in
785 4487 1064 4543 hominum
1100 4502 1277 4557 genus
1316 4489 1719 4547 confessionem
1750 4494 1949 4550 habet:

381 4582 649 4652 siquidem
670 4580 818 4651 quod
839 4595 905 4634 ex
930 4579 1211 4648 pmphetia
1236 4580 1548 4646 didicimus,
1574 4593 1629 4639 et
1657 4586 1745 4639 hic
1764 4591 1910 4643 novit
1934 4606 1946 4640 :

382 4671 836 4744 quemadmodum
869 4686 1049 4727 sermo
1094 4671 1263 4725 dicit:
1304 4671 1538 4727 Posuisti
1586 4675 1951 4735 tribulationcs

381 4781 540 4833 super
563 4763 739 4817 dorsis
779 4765 1007 4827 nostris;
1042 4764 1385 4818 conscendere
1414 4766 1585 4833 fecisti
1634 4768 1865 4825 homines
1898 4774 1954 4825 in

380 4858 555 4926 capita
590 4865 772 4909 nostra
796 4873 813 4908 :
862 4858 1219 4923 percurrimus
1251 4872 1341 4924 per
1372 4858 1538 4925 ignem
1567 4868 1616 4911 et
1652 4876 1865 4929 aquam,
1905 4873 1954 4916 et

378 4948 612 5003 eduxiin
640 4963 733 4999 nos
765 4947 819 4998 in
852 4946 1180 5015 refrigerium
1207 4947 1275 4999 ".

378 5043 619 5108 μένους.
664 5040 726 5094 'll
773 5041 831 5093 δὲ
873 5041 980 5093 τῶν
1030 5042 1331 5095 πονούντων
1374 5044 1686 5111 ἀνάκτησις,
1738 5048 1834 5118 τῆς
1902 5050 1995 5102 τοῦ

2058 4407 2123 4457 ἐκ
2154 4403 2442 4472 προσώπου
2474 4400 2568 4453 τοῦ
2604 4398 2738 4451 Θεοῦ
2763 4416 2926 4468 φησιν
2945 4417 2957 4429 ·
3003 4401 3105 4452 Ἔν
3131 4398 3329 4464 θλίψει
3358 4391 3623 4447 ἐπικαλέ-

2058 4512 2254 4565 σομαι,
2294 4494 2392 4546 καὶ
2442 4489 2789 4559 εὑρησάμην
2830 4506 2919 4543 σε.
2962 4490 3026 4541 'H
3071 4489 3127 4541 δὲ
3161 4487 3266 4539 τῶν
3297 4485 3627 4549 όκλαξόντων

2059 4586 2374 4657 άνόρθωσις,
2405 4582 2779 4655 μυριπρὸπως
2805 4582 2908 4633 ὑπὸ
2932 4581 3030 4649 τῆς
3056 4579 3275 4649 Γραφῆς
3304 4579 3383 4639 εἰς
3408 4577 3506 4645 τὴν
3533 4572 3624 4625 τοῦ

2060 4680 2264 4749 Κυρίου
2293 4676 2520 4747 δύναμιν
2548 4675 2887 4745 ἀναφέρεται.
2916 4673 3138 4738 Ὠσθεὶς
3161 4670 3501 4738 ἀνετράπην
3523 4664 3627 4719 τοῦ

2060 4771 2289 4835 πεσεῖν,
2318 4770 2414 4825 καὶ
2452 4772 2483 4822 ὁ
2514 4770 2724 4835 Κύριος
2755 4765 3108 4820 ἀντελάϐετό
3132 4779 3282 4832 μου·
3315 4763 3431 4825 καὶ,
3456 4763 3626 4812 Ὅταν

2060 4864 2217 4931 πέσῃ
2244 4864 2315 4915 οὐ
2354 4857 2920 4927 καταρῤαχθήσεται,
2950 4856 3039 4908 ὅτι
3071 4856 3282 4922 Κύριος
3300 4849 3628 4917 ἀντιστηρί·

2063 4954 2136 5014 ζει
2182 4954 2346 5022 χεῖρα
2388 4952 2600 5005 αὐτοῦ’
2649 4950 2761 5014 καὶ,
2798 4952 3009 5015 Κύριος
3043 4946 3279 5013 ἀνορθοῖ
3313 4945 3629 5012 κατεῤῥαγ-

2068 5052 2201 5103 Θεοῦ
2255 5048 2659 5119 φιλανθρωπίας
2716 5047 2813 5114 τὴν
2865 5043 3150 5114 ὁμολογίαν
3200 5042 3343 5110 ἔχει’
3397 5041 3553 5110 εἴπερ
3603 5034 3631 5087 ὅ

386 5136 534 5201 παρὰ
584 5136 682 5204 τῆς
729 5134 1061 5205 προφητείας
1114 5134 1403 5205 ἐμάθομεν,
1434 5139 1525 5190 καὶ
1558 5134 1707 5202 οὗτος
1748 5141 1950 5212 ἐνόησε.
1991 5144 2187 5207 Καθὼς
2232 5146 2259 5196 ό
2304 5144 2458 5211 λόγος
2506 5141 2687 5210 φησὶν,
2736 5140 2813 5191 ὅτι
2865 5140 3040 5192 Ἕθου
3092 5136 3327 5203 θλίψεις
3370 5135 3467 5186 ἐπὶ
3522 5129 3631 5184 τῶν

385 5223 805 5299 νώτων
866 5227 1222 5293 ἐπεϐίϐασας
1248 5228 1594 5296 ἀνθρώπους
1632 5232 1726 5285 ἐπὶ
1764 5234 1870 5299 τὰς
1916 5239 2178 5306 κεφαλὰς
2229 5234 2392 5305 ἡμῶν
2419 5252 2430 5264 ·
2479 5232 2799 5301 διήλθομεν
2851 5230 2947 5283 διὰ
2995 5228 3183 5295 πηιῳὸς
3237 5226 3333 5279 καὶ
3388 5224 3625 5285 ὕδατος,

391 5316 490 5371 καί
518 5316 803 5387 ἐξήγαγες
832 5318 987 5392 ἡμᾶς
1018 5321 1103 5385 εις
1140 5320 1485 5390 ἀναψυχήν.

472 5499 512 5530 ³¹
563 5498 724 5553 llebr.
764 5515 803 5560 ι,
854 5500 907 5555 5,.

401 5568 445 5600 ³⁷
481 5568 623 5622 Psal.
655 5583 813 5623 cxxv.
848 5570 898 5623 1.

405 5650 562 5705 (μην,
590 5637 639 5691 8.

1011 5506 1054 5536 ³²
1093 5503 1225 5559 Luc.
1274 5522 1330 5566 ll,
1384 5505 1469 5559 9.0.
1551 5506 1594 5535 ³³
1641 5504 1780 5560 Psal.
1826 5522 1899 5563 γι.
1944 5507 1997 5559 3.

1008 5575 1049 5605 ³⁸
1088 5577 1122 5626 ll
1148 5578 1272 5627 (lor.
1311 5592 1346 5633 ι,
1375 5575 1427 5628 4.
1542 5575 1585 5606 ⁸³
1615 5574 1759 5630 Psal.
1800 5592 1869 5639 tv,
1895 5574 1949 5628 2.

719 5638 761 5668 ⁸³
788 5637 928 5693 Psal.
964 5654 1085 5706 va,
1124 5646 1203 5710 ll,
1246 5646 1325 5699 1:2.

3320 5498 3362 5529 ⁸⁶
3404 5494 3529 5619 init:5
3558 5487 3625 5613 δῖ.

3532 5578 3556 5616 s
3593 5590 3625 5610 ι.

3532 5578 3605 5616 Sili
3612 5595 3627 5610 ο

2744 5500 2786 5530 ³⁸
2824 5497 2966 5553 Psal.
2996 5514 3138 5559 CXVI,
3172 5500 3223 5551 4.

2727 5571 2767 5601 ⁶¹
2802 5569 3175 5636 Psal.xu'v1,
3208 5569 3296 5625 ‘24.

2127 5504 2168 5537 "‘
2209 5502 2311 5557 Isa.
2361 5517 2503 5565 xxvr,
2552 5502 2633 5553 19.

2052 5576 2107 5623 ,⁸ο
2138 5574 2282 5628 Psal.
2325 5587 2492 5637 cxvu,
2530 5572 2611 5625 l5.
