4010 6156
305 323 416 386 τεο

1440 312 1727 369 (ΞΟΝἸΊὶΑΔ
1762 308 2150 380 EUNOMIUM‘,
2193 314 2323 370 LIB.
2363 316 2429 371 Il.

3465 313 3568 371 570

378 445 559 515 Μέχρι
589 439 689 526 μὲν
725 431 818 491 οῦν
846 434 1058 499 τούτου,
1086 432 1182 488 διὰ
1202 432 1304 503 τῆς
1328 432 1434 485 τῶν
1456 432 1666 526 ἐχθρῶν
1697 447 1889 526 μαρτρ.

2077 432 2353 489 Hactenus
2383 428 2605 503 quidem
2640 430 2988 488 inimicorum
3017 435 3348 499 testimonio,
3390 435 3567 506 Spit-io

312 538 433 608 ρίας
464 520 838 586 ἀποδείκνυται
882 526 945 578 τὸ
996 524 1278 595 μεγαλεῖον
1310 521 1404 574 τοῦ
1444 520 1790 590 Πνεύματοςο
1836 521 1895 573 ὲν

308 629 362 681 δὲ
390 628 502 687 τοῖς
529 620 727 690 ἐφεξῆς
756 616 916 670 πάλιν
958 614 1035 685 τῷ
1076 611 1334 683 αἱρετικῷ
1365 611 1609 681 βορϐόρῳ
1639 611 1698 662 τὸ
1729 608 1896 683 καθα-

312 718 399 787 ρὸν
420 716 521 784 τῆς
550 710 832 772 εὐσεϐείας
860 705 1310 775 καταμολύνεται.
1331 705 1468 773 Φησὶ
1498 701 1608 770 γὰρ
1644 702 1771 771 περὶ
1798 698 1892 752 τοῦ

310 806 671 874 Πνεῦματος,
741 801 823 853 ὅτι
885 797 1011 863 Τοῖς
1068 794 1515 865 ἀγωνιζομένοις
1566 789 1888 859 ὑποφωνεῒ.

310 901 476 953 Τοῦτο
505 898 565 951 δὲ
599 896 702 965 τῆς
741 893 975 963 ἐσχάτης
1024 889 1208 952 ἀνοίας
1255 905 1315 940 τε
1364 886 1457 939 καὶ
1498 885 1753 945 ἀσεϐείας
1796 882 1893 951 τὴν

308 988 643 1061 κατηγορίαν
677 986 811 1055 ἔχει.
853 983 941 1036 Ἐν
968 982 1076 1051 γὰρ
1100 982 1212 1043 τοῖς
1245 979 1498 1043 σταδίοις,
1530 977 1578 1029 οἱ
1616 976 1723 1046 μὲν
1743 976 1892 1043 ἀγω-

308 1080 587 1135 νοθετοῦσι
641 1080 754 1137 τοῖς
800 1074 1049 1144 μέλλουσι
1093 1072 1189 1142 τὴν
1226 1070 1518 1141 ἀθλητικὴν
1565 1071 1721 1139 ἰσχὺν
1770 1072 1890 1122 ἐπι-

308 1170 615 1226 δείκνυσθαι
640 1184 652 1197 ·
686 1170 733 1220 οἱ
763 1166 820 1219 δὲ
843 1169 910 1235 τῇ
930 1164 1154 1234 δυνάμει
1184 1165 1275 1216 καὶ
1303 1166 1368 1233 τῇ
1391 1162 1554 1233 τέχνῃ
1584 1160 1692 1215 τῶν
1718 1161 1891 1215 ἄλλων

310 1264 654 1335 προέχοντες,
682 1259 820 1329 ὑπὲρ
845 1257 945 1327 τῆς
979 1258 1135 1326 νίκης
1163 1254 1403 1320 ἀθλοῦσι,
1438 1254 1573 1324 πρὸς
1609 1254 1735 1316 τοὺς
1773 1253 1891 1305 κατ’

311 1355 558 1426 ἀλλήλων
582 1351 794 1421 ἀγῶνας
822 1348 1197 1417 ἀποδυόμενοι·
1243 1346 1292 1399 οἱ
1334 1347 1390 1399 δὲ
1435 1346 1610 1398 λοιποὶ
1651 1346 1771 1407 ταῖς
1805 1345 1892 1395 εὑ‹

312 1450 486 1509 νοίαις
531 1445 662 1516 πρὸς
706 1442 831 1504 τοὺς
878 1438 1184 1509 ἀγωνιστὰς
1238 1438 1601 1508 μεριζόμενοι,
1634 1438 1780 1500 ὅπως
1823 1436 1891 1493 ἂν

311 1539 513 1610 σχῶσιν
545 1537 769 1597 ἕκαστος
810 1531 936 1601 περί
968 1548 1088 1584 τινα
1133 1529 1240 1583 τῶν
1276 1528 1523 1599 ἀθλητῶν
1554 1528 1789 1599 σπουδῆς
1829 1545 1889 1583 τε

309 1631 403 1685 καὶ
442 1626 753 1687 διαθέσεως,
796 1624 854 1675 ἔν
894 1620 971 1691 τῷ
1011 1619 1187 1690 καιρῷ
1239 1619 1338 1689 τῆς
1391 1617 1709 1687 συμπλοκῆς
1755 1618 1889 1671 ὑπο..

306 1717 575 1787 φωνοῦσιν
599 1732 613 1745 ·
640 1715 673 1785 ἢ
712 1715 806 1767 καλ⁸
852 1711 914 1764 τό
957 1710 1189 1781 προϊδεῖν
1214 1708 1310 1779 τὴν
1346 1707 1568 1778 βλάϐην,
1601 1707 1634 1779 ἢ
1664 1708 1724 1759 τὸ
1757 1724 1891 1777 μνη-

308 1809 502 1879 σθῆναι
547 1804 944 1874 παλαίσματος,
977 1802 1010 1871 ἢ
1060 1800 1121 1853 τὸ
1157 1799 1389 1869 φυλάξαι
1428 1799 1517 1853 διὰ
1556 1799 1652 1869 τῆς
1694 1799 1888 1869 τέχνης

307 1896 504 1951 ἑαυτὸν
538 1892 944 1948 ἀκατάπτωτον.
977 1890 1070 1952 Είς
1096 1888 1213 1941 τίνα
1242 1888 1419 1940 τοίνυν
1455 1887 1606 1953 τάξιν
1628 1888 1689 1940 τὸ
1723 1888 1890 1942 Πνεῦ-

309 2007 388 2061 μα
416 1986 482 2040 τὸ
514 1986 670 2053 ἆγιον
710 1983 1027 2051 καθίστησιν
1072 1981 1101 2033 ό
1130 1979 1431 2049 Εὑνόμιος,
1482 1979 1547 2031 ὲκ
1596 1979 1703 2033 τῶν
1746 1980 1889 2051 εἰρη-

308 2078 488 2150 μένων
525 2074 912 2144 κατανοήσατε·
957 2073 1014 2124 ἐν
1052 2070 1160 2141 γὰρ
1196 2072 1307 2133 τοῖς
1352 2070 1586 2133 σταδίοις
1609 2110 1624 2134 ,
1654 2070 1761 2123 τῶν
1793 2072 1889 2141 μὲν

304 2164 808 2236 ἀγωνοθετούντων,
829 2162 937 2215 τῶν
958 2161 1014 2214 δὲ
1038 2161 1333 2230 κρινόντων
1352 2162 1451 2232 τὴν
1473 2160 1699 2231 νόμιμον
1727 2161 1890 2230 ἀθλη-

307 2277 416 2325 σιν,
443 2258 550 2311 τῶν
587 2256 644 2310 δὲ
670 2252 1104 2324 ἀγωνιζομένων,
1125 2251 1231 2306 τῶν
1260 2252 1315 2304 δὲ
1338 2254 1449 2314 τοῖς
1472 2250 1889 2322 ἀγωνιζομένοις

308 2346 761 2416 ὑποφωνούντων,
777 2343 970 2406 οἵτινες
994 2340 1373 2411 ὁμολογοῦνται
1394 2342 1527 2395 πολὺ
1550 2342 1655 2395 τῶν
1672 2342 1892 2396 ἀθλούν-

303 2456 418 2493 των
446 2433 586 2490 εἶναι
616 2433 1055 2505 καταδεέστερον
1101 2432 1177 2495 ὡς
1218 2432 1314 2485 ἕνα
1344 2432 1451 2485 τῶν
1490 2435 1555 2486 ὲκ
1589 2433 1682 2487 τοῦ
1718 2435 1888 2504 δήμου

308 2528 620 2598 θεωμένων,
648 2525 683 2595 ἦ
710 2541 830 2576 τινα
859 2521 966 2576 τῶν
991 2523 1099 2585 τοῖς
1128 2520 1384 2591 ἀθληταῖς
1413 2522 1888 2592 ὑπηρετουμένων,

307 2623 370 2676 τὸ
398 2618 623 2688 Πνεῦμα
653 2615 715 2669 τὸ
748 2615 899 2682 ἅγιον
940 2613 1047 2685 ὁρᾷ
1086 2614 1114 2666 ὁ
1142 2611 1401 2682 Εὑνόμιος
1421 2628 1435 2639 ·
1463 2611 1492 2664 ὅ
1519 2613 1655 2683 μήτε
1688 2612 1891 2680 ἀγωνο-

309 2712 479 2777 θετεῖ,
512 2710 648 2780 μήτε
685 2706 859 2777 κρίνει
897 2705 993 2775 τὴν
1026 2703 1202 2772 νίκην,
1246 2706 1381 2774 μήτε
1430 2703 1565 2773 πρὸς
1614 2702 1704 2756 τὸν
1748 2704 1890 2756 ἀντί-

314 2804 488 2857 πάλον
535 2798 873 2868 ἀγωνίζεται,
923 2796 1058 2849 ἀλλά
1104 2796 1171 2849 δι’
1219 2795 1617 2863 ὑποφωνήσεως
1643 2797 1893 2863 συνεργεῖ

323 2893 426 2963 μὲν
455 2890 587 2959 πρὸς
623 2889 718 2958 τὴν
746 2888 900 2957 νίκην
938 2886 1109 2940 οὐδέν.
1138 2883 1276 2938 Οῦτε
1312 2885 1420 2957 γάρ
1450 2890 1887 2959 συναγωνίζεται,

316 2980 448 3033 εὖτε
479 2979 576 3048 τὴν
609 2977 740 3048 πρὸς
769 2977 900 3030 αὐτὸ
926 2975 1082 3030 τοῦτο
1113 2975 1339 3046 δύναμιν
1370 2977 1616 3047 ἐμποιεῖσ
1649 2980 1890 3049 βούλεται

2002 526 2089 575 tus
2124 522 2385 592 majestas
2431 531 2493 578 et:
2515 523 2917 593 magnificentia
2949 525 3317 580 demonstrata
3368 536 3472 581 est.
3508 527 3566 583 ln

1999 616 2357 683 sequentibus
2401 624 2582 670 autem
2633 616 2890 671 haeretico
2942 616 3055 671 luto
3101 618 3326 685 pietatis
3358 621 3568 687 puritas

1996 709 2420 761 contaminatur.
2462 707 2723 761 Autumat
2747 706 2891 761 enim
2920 707 2989 762 de
3022 707 3254 776 Spiritu,
3282 713 3425 778 quod
3455 728 3565 764 rer-

2000 796 2231 850 tantibus
2285 797 2600 851 subclamat.
2640 796 2751 852 Hoc
2790 807 2970 853 autem
3016 807 3283 854 extremae
3318 804 3567 856 amentia:

1997 893 2050 939 et
2081 886 2375 955 impietatis
2422 887 2629 941 crimen
2676 887 2858 941 habet.
2913 885 3048 940 Nam
3092 889 3147 942 in
3199 890 3414 956 stadiis,
3472 892 3564 945 alii

1994 975 2215 1043 quidem
2261 976 2558 1029 certamina
2592 976 2887 1030 instituunt
2916 984 2979 1030 ct.
3010 977 3327 1048 designant,
3352 982 3565 1035 athleti-

1996 1081 2127 1120 cum.
2179 1066 2346 1121 robur
2381 1075 2658 1123 ostentare
2695 1070 3077 1139 cupientibus;
3123 1073 3214 1127 alii
3252 1089 3379 1128 vero
3414 1075 3463 1127 vi
3510 1084 3566 1127 et

1995 1168 2112 1213 arte
2138 1159 2261 1215 aliis
2291 1160 2717 1228 praestantiores,
2739 1161 2806 1216 de
2834 1163 3061 1218 victoria
3090 1164 3305 1220 fortiter.
3329 1173 3573 1231 certant,

1994 1250 2061 1304 ad
2116 1252 2414 1305 certamina
2456 1259 2643 1307 mutua
2701 1268 2823 1308 sese
2865 1262 3157 1321 exuentes;
3213 1258 3405 1326 reliqui
3437 1273 3565 1311 vero

1993 1338 2368 1394 benevolentia
2395 1355 2523 1410 erga
2552 1349 2851 1397 certatores
2885 1343 3071 1411 divisi,
3105 1354 3273 1413 prout
3298 1346 3479 1400 studio
3510 1356 3564 1402 et

1993 1428 2271 1485 voluntate
2325 1431 2381 1485 in
2432 1431 2673 1501 aliquem
2730 1434 3055 1489 athletarum
3106 1437 3340 1507 quisque
3396 1438 3563 1492 fuerit

1994 1518 2242 1587 affectus,
2302 1520 2358 1575 in
2412 1524 2727 1591 complexus
2777 1524 2896 1581 sive
2939 1540 3270 1596 congressus
3324 1539 3564 1597 ietltpore

1994 1611 2320 1677 subclamat,
2352 1626 2449 1666 seu
2492 1613 2618 1683 quia
2648 1613 2908 1669 damnum
2946 1615 3274 1683 prteridcrit»,
3311 1632 3405 1671 seu
3434 1618 3562 1687 quia

1992 1701 2307 1759 luctaminis
2361 1705 2690 1771 meminerit,
2742 1707 2827 1761 vel
2873 1708 2999 1777 quia
3053 1716 3169 1763 arte
3216 1724 3314 1765 sua
3358 1712 3563 1765 caverit

1992 1808 2061 1847 ne
2089 1806 2393 1850 corrueret.
2446 1795 2504 1850 In
2535 1812 2644 1867 quo
2680 1797 2847 1868 igitur
2877 1798 3067 1853 ordine
3111 1799 3411 1858 Eunomius
3440 1802 3564 1872 Spi-

1991 1884 2154 1937 ritum
2194 1893 2442 1940 sanctum
2482 1887 2812 1941 constituit?
2858 1904 2923 1944 ex
2958 1889 3044 1944 his
3083 1906 3203 1959 qua:
3237 1892 3382 1946 dicta
3431 1902 3569 1947 sunt

1990 1973 2290 2044 intelligite.
2344 1973 2401 2029 In
2436 1976 2629 2033 stadiis
2679 1976 2823 2031 enim
2875 1992 2998 2032 cum
3043 1978 3213 2049 aliqui
3259 1983 3560 2036 certamina

2004 2075 2233 2134 ponant,
2283 2066 2375 2120 alii
2422 2082 2552 2121 vero
2579 2067 2833 2136 judicent
2868 2069 2935 2124 de
2974 2070 3213 2139 legitima
3242 2073 3574 2138 certatione,

1991 2156 2079 2210 alii
2111 2166 2290 2211 autem
2317 2166 2549 2221 certent,
2586 2159 2677 2213 alii
2696 2175 2823 2214 vero
2841 2162 3178 2216 certantibus
3200 2163 3558 2225 subclamcnt,

1990 2231 2083 2316 qui
2116 2247 2335 2317 quidem
2376 2248 2715 2306 certantibus
2745 2251 2919 2305 multo
2959 2251 3247 2308 inferiores
3290 2268 3387 2321 pro
3431 2266 3567 2309 con-

1994 2337 2141 2393 fesso
2192 2339 2494 2395 habentur:
2532 2349 2590 2397 ut
2638 2356 2808 2396 unum
2860 2356 2891 2396 e
2932 2344 3131 2413 populo
3175 2347 3569 2413 spectantium,

1994 2430 2075 2483 vel
2105 2430 2339 2499 aliquem
2382 2446 2571 2486 eorum
2615 2432 2708 2503 qui
2746 2431 2965 2487 athletis
3009 2435 3344 2498 ministrant,
3378 2436 3561 2489 Euno-

1990 2522 2134 2574 mius
2166 2522 2431 2591 Spiritum
2470 2531 2719 2578 sanctum
2758 2524 2919 2588 videt,
2957 2527 3051 2594 qui
3081 2541 3257 2595 neque
3282 2537 3557 2584 certamen

1992 2609 2244 2675 instituit,
2294 2626 2471 2681 neque
2507 2611 2575 2666 de
2609 2613 2845 2667 victoria
2883 2614 3114 2683 jutlicat,
3150 2632 3323 2687 neque
3367 2627 3566 2673 contra

1991 2702 2365 2758 adversarium
2392 2711 2586 2768 certat,
2615 2703 2710 2759 scd
2735 2719 2833 2759 sua
2856 2706 3284 2762 suhclamatione
3302 2709 3366 2762 ad
3392 2710 3562 2763 victo-

1993 2795 2130 2848 riam
2159 2794 2294 2849 nihil
2321 2802 2664 2864 cuoperatur.
2701 2793 2821 2849 Non
2869 2796 3010 2850 enim
3044 2805 3347 2863 concertat,
3387 2814 3561 2867 neque

1993 2887 2060 2941 ad
2103 2887 2205 2941 hoc
2244 2887 2421 2956 ipsum
2455 2897 2729 2941 certamen
2770 2887 2876 2941 vim
2926 2887 3146 2954 inserit;
3186 2891 3562 2943 tantummodo

1992 2978 2108 3032 vult
2138 2987 2193 3031 ut
2220 2977 2309 3033 ille
2342 2978 2429 3031 cui
2465 2978 2623 3043 favet,
2663 2993 2727 3031 ex
2762 2978 2982 3032 athletis
3014 2994 3122 3033 non
3156 2982 3430 3035 secundus
3477 2984 3561 3036 vel

312 3073 372 3126 δὲ
408 3071 586 3141 μόνον,
622 3068 697 3139 μὴ
741 3068 987 3137 δεύτερον
1014 3065 1288 3135 δειχθῆναι
1325 3067 1433 3119 τῶν
1470 3066 1772 3123 ἀντιπάλων
1802 3072 1889 3127 τὸν

2002 3069 2227 3123 inferior
2264 3068 2588 3123 declaretur.
2630 3068 2794 3137 Atqui
2839 3067 3042 3123 Paulus
3081 3078 3252 3124 certat
3296 3072 3566 3127 adversus

311 3158 449 3231 παρ’
477 3159 641 3212 αὑτοῦ
674 3157 1123 3227 σπουδαζόμενον.
1170 3158 1279 3210 Καὶ
1320 3158 1531 3224 Παῦλος
1562 3161 1660 3231 μὲν
1692 3162 1891 3232 ἀγωνί-

312 3254 467 3317 ζεται
509 3251 645 3321 πρὸς
662 3251 772 3313 ’τὰς
805 3248 996 3319 ἀρχὰς,
1023 3249 1157 3319 πρὸς
1184 3249 1283 3313 τὰς
1333 3249 1597 3316 ἐξουσίας,
1624 3255 1717 3307 καὶ
1757 3256 1892 3326 πρὸς

310 3346 441 3407 τοὺς
470 3341 915 3412 κοσμοκράτορας
954 3339 1048 3392 τοῦ
1083 3340 1326 3403 σκότους,
1353 3342 1445 3396 καὶ
1471 3342 1607 3412 πρὸς
1635 3343 1701 3397 τὰ
1728 3362 1890 3398 πνευ-

315 3434 524 3507 ματικά
566 3434 665 3502 τῆς
713 3430 974 3501 πονηρίας
1022 3432 1080 3497 ὲν
1128 3434 1241 3494 τοῖς
1292 3433 1652 3503 ἐπουρανίοις.
1709 3436 1784 3490 Τὸ
1834 3437 1891 3490 δὲ

320 3524 552 3595 Πνεῦμα
575 3523 673 3593 τῆς
718 3521 995 3592 δυνάμεως
1037 3521 1157 3591 οὐχὶ
1188 3521 1421 3592 ἐνισχύει
1471 3525 1595 3590 τοὺς
1635 3526 1890 3597 ἀθλητὰς,

312 3612 436 3666 οὐδὲ
461 3610 697 3681 διανέμει
726 3612 837 3673 τοῖς
869 3608 1125 3679 ἀθληταῖς
1163 3610 1231 3663 τὰ
1257 3612 1585 3681 χαρίσματα,
1627 3612 1894 3683 διαιροῦν

315 3703 690 3772 ιδίᾳέκάστῳ
713 3700 906 3765 καθὼς
934 3701 1243 3771 βούλεται,
1279 3702 1414 3756 ἀλλά
1444 3705 1602 3775 μέχρι
1648 3707 1740 3759 τοῦ
1768 3709 1893 3761 ὑπο-

316 3798 519 3865 φωνεῖν
545 3796 654 3857 τοῖς
680 3792 1139 3864 συμπλεκομένοις
1158 3792 1255 3863 τὴν
1275 3792 1500 3864 δύναμιν
1527 3796 1656 3866 ἔχει.

382 3886 611 3951 Πάλιν,
659 3885 828 3954 φησὶ,
870 3882 1367 3951 δειλανδροῦντας
1403 3889 1734 3954 θρασύνων.
1753 3890 1888 3943 Ἀλλ’

315 3975 473 4040 οὗτος
499 3978 596 4047 μὲν
620 3977 902 4029 ἀκολουθεῖ
922 3976 1064 4029 κατά
1095 3979 1186 4030 τὸν
1207 3976 1399 4030 ἑαυτοῦ
1425 3978 1579 4047 λόγον
1602 3983 1665 4051 τῇ
1697 3981 1892 4051 προλα-

314 4071 492 4142 ϐούσῃ
519 4069 658 4123 κατά
677 4069 769 4122 τοῦ
786 4068 925 4122 Πνεύ
933 4085 1099 4139 ματος
1130 4069 1465 4141 βλασφημίᾳ,
1484 4075 1705 4143 φανεροῖ
1721 4074 1777 4127 δὲ
1799 4076 1891 4127 καὶ

314 4164 405 4217 διὰ
448 4162 544 4215 τοῦ
571 4160 762 4232 ἐχθροῦ
792 4162 1056 4232 στόματος
1092 4162 1287 4234 ἑαυτὴν
1325 4166 1357 4233 ἠ
1399 4164 1640 4234 ἀλήθεια.
1669 4166 1891 4230 Οὐδενὸς

318 4256 427 4326 γάρ
450 4255 602 4306 ἐστιν
625 4254 810 4323 ἑτέρου
855 4252 1052 4325 θάρσος
1081 4254 1327 4323 ἐμποιεῖν
1348 4256 1458 4318 τοῖς
1478 4255 1890 4329 δειλαινομένοις

310 4345 345 4413 ἢν
371 4344 505 4400 Θεοῦ
529 4344 709 4413 μόνου,
726 4344 971 4412 λέγοντος
995 4341 1073 4412 τῷ
1091 4343 1351 4397 δειλιῶντι
1376 4361 1390 4374 ο
1406 4345 1502 4413 Μὴ
1526 4347 1733 4416 φοϐοῦ,
1741 4349 1890 4417 μετὰ

1996 3160 2355 3231 principatus,
2390 3159 2652 3213 adversus
2696 3166 3016 3228 potestates,
3060 3160 3325 3217 adversus
3374 3166 3561 3220 mundi

1996 3258 2247 3319 potentes
2276 3247 2620 3303 tenebrarum
2648 3248 2811 3317 hujus
2842 3250 3048 3309 saeculi,
3079 3258 3133 3304 et
3161 3251 3422 3308 adversus
3452 3256 3563 3323 spi-

1994 3339 2215 3393 ritualia
2245 3338 2496 3409 nequitia:
2520 3338 2575 3392 in
2603 3338 2941 3393 cmlestihus.
2978 3338 3217 3409 Spiritus
3250 3350 3430 3397 autem
3456 3345 3563 3400 vir-

1995 3433 2127 3487 tutis
2181 3446 2291 3485 non
2344 3429 2453 3483 vim
2501 3438 2555 3486 et
2601 3430 2769 3485 robur
2820 3431 3039 3487 athletis
3090 3434 3321 3500 confert,
3387 3451 3564 3506 neque

1996 3520 2354 3597 luctatoribus
2401 3520 2544 3574 dona
2601 3535 2701 3575 sua
2760 3520 3009 3591 largitur,
3078 3520 3315 3579 dividens
3374 3526 3559 3595 cuique

1992 3620 2148 3677 prout
2178 3611 2310 3678 uult,
2374 3610 2469 3665 sed
2499 3610 2784 3681 hucusque
2815 3619 3025 3668 tantum
3058 3623 3116 3669 ut
3147 3617 3560 3672 conserentibus

1994 3698 2315 3763 su-bclamet,
2341 3699 2449 3753 vim
2490 3699 2675 3754 habet.

2062 3878 2286 3947 Rursus,
2328 3880 2524 3951 inquit,
2568 3883 2902 3939 meticulosos
2948 3895 2997 3939 et
3044 3888 3261 3956 pavidos
3308 3894 3557 3950 audentes

1992 3970 2177 4024 reddit.
2215 3970 2313 4025 Hic
2342 3971 2559 4041 quidem
2592 3988 2694 4028 suo
2726 3989 2977 4031 sermone
3009 3977 3397 4049 blasphemiam
3430 4000 3559 4052 prae-

1989 4062 2270 4118 cedentem
2296 4063 2564 4128 sequitur,
2609 4064 2704 4119 sed
2736 4065 2939 4121 veritas
2973 4068 3207 4137 scipsam
3242 4086 3334 4139 per
3362 4088 3425 4127 os
3463 4075 3559 4127 ἱιιὶο

1991 4153 2117 4207 mici
2158 4152 2488 4208 manifestat.
2518 4153 2737 4209 Nullius
2776 4158 2920 4210 enim
2969 4158 3193 4215 alterius
3220 4168 3302 4215 cst
3330 4177 3559 4230 expave-

1991 4241 2271 4297 scentibus
2301 4242 2553 4295 fiduciam
2575 4251 2628 4298 et
2655 4244 2819 4298 animi
2855 4248 3193 4314 praesentiam
3219 4249 3556 4318 ingenerare,

1991 4348 2153 4404 quam
2190 4333 2361 4387 solius
2402 4331 2518 4397 Dei,
2555 4334 2649 4403 qui
2685 4335 2818 4388 dicit
2852 4336 3113 4389 metuenti
3144 4356 3156 4388 :
3187 4336 3315 4390 Noli
3358 4342 3556 4405 timere,

316 4432 436 4488 σοῦ
457 4434 567 4503 γάρ
589 4434 723 4502 ειμι,
741 4431 929 4501 μηδὲν
946 4432 1201 4486 εὐλαϐοῦ
1218 4450 1230 4461 ·
1257 4432 1333 4497 ὣς
1353 4438 1555 4505 φησινό
1585 4434 1889 4509 Προφήτης,

1999 4434 2162 4478 tecum
2182 4424 2317 4476 enim
2335 4438 2452 4475 sum
2465 4422 2532 4489 “,
2550 4423 2682 4475 nihil
2702 4423 3007 4491 reformida,
3028 4425 3170 4479 sicut
3185 4426 3313 4481 dicit
3326 4427 3558 4500 Prophe-

329 4525 476 4578 Ἐὰν
505 4522 614 4593 γὰρ
659 4521 926 4590 πορευθῶ
972 4523 1041 4576 ἐν
1076 4521 1247 4592 μέσῳ
1293 4524 1469 4589 σκιᾶς
1509 4525 1786 4591 θανάτου,
1815 4530 1888 4582 οὑ

316 4609 733 4678 φοϐηθήσομαι
766 4608 939 4673 κακὰ,
964 4610 1050 4663 ὅτι
1081 4610 1162 4663 σὺ
1181 4612 1307 4679 μετ’
1327 4612 1471 4680 ἐμοῦ
1495 4609 1566 4666 εἷ.
1613 4614 1770 4667 ’Δλλά
1794 4617 1887 4669 καὶ

320 4699 482 4764 αὐτὸς
526 4700 555 4751 ὁ
601 4698 877 4768 Δεσπότης
910 4700 1043 4770 πρὸς
1084 4699 1209 4761 τοὺς
1255 4699 1565 4763 δειλιῶντάς
1607 4719 1757 4772 φησι,
1789 4705 1884 4771 Μὴ

319 4792 710 4867 ταρασσέσθω
766 4792 805 4859 ἡ
860 4790 1069 4858 καρδία
1126 4787 1320 4857 ὑμῶν,
1380 4789 1535 4859 μηδὲ
1582 4792 1850 4847 δειλιάτω
1871 4811 1885 4825 ·

320 4883 435 4947 καὶ,
466 4882 526 4935 Τί
572 4880 756 4935 δειλοί
777 4881 941 4946 ἐστε,
976 4880 1382 4949 blnda-uarat;
1426 4881 1538 4944 καὶ,
1585 4884 1883 4951 Θαρσεῖτε,

315 4973 432 5042 ἐγώ
457 4975 571 5041 είμι
590 4989 603 5002 ·
624 4972 711 5042 μὴ
738 4972 1045 5041 φοϐεῖσθε·
1077 4973 1171 5024 καὶ
1216 4972 1395 5036 πάλιν,
1443 4975 1737 5042 Θαρσεῖτε,
1774 4976 1887 5046 ἐγὼ

313 5064 603 5131 νενίκηκα
651 5063 760 5115 τὸν
807 5063 1054 5132 κόσμον.
1110 5062 1317 5116 Οὐκοῦν
1375 5064 1467 5116 καὶ
1522 5064 1740 5129 ἄκοντος
1793 5067 1884 5120 τοῦ

314 5152 601 5222 Εὐνομίου,
638 5151 705 5205 δι’
746 5152 916 5220 αὐτῆς
942 5151 1042 5221 τῆς
1089 5150 1349 5221 πολεμίας
1394 5152 1577 5222 φωνῆς
1620 5152 1885 5225 δείκνυσιν

254 5242 257 5243 ⁷
314 5243 513 5312 ἑαυτὴν
541 5244 574 5312 ἡ
623 5241 890 5296 εὐσέϐεια.
943 5242 1229 5311 Συμφωνεῖ
1277 5240 1334 5293 δὲ
1380 5243 1471 5294 καὶ
1507 5245 1535 5295 ό
1577 5243 1773 5313 ἐφεξῆς
1811 5246 1886 5313 τῷ

312 5333 605 5402 προάγοντι
635 5332 825 5400 λόγος’
870 5331 1182 5397 Ἁπάντων,
1218 5334 1368 5403 φησὶ,
1403 5333 1750 5401 κηδόμενος,
1786 5338 1882 5389 καὶ

310 5420 518 5475 πᾶσαν
548 5422 835 5491 φροντίδα
866 5423 963 5475 καὶ
994 5423 1277 5491 πρόνοιαν
1302 5425 1738 5493 εἰσφερόμενος.
1775 5427 1884 5479 Μό-

311 5528 407 5565 νου
439 5514 545 5584 γάρ
577 5515 724 5567 ἐστιν
748 5514 820 5579 ὼς
858 5514 1071 5585 ἀληθῶς
1111 5514 1202 5567 τοῦ
1238 5515 1369 5567 Θεοῦ
1404 5517 1462 5569 τὸ
1491 5516 1746 5586 κήδεσθαι
1791 5520 1881 5571 καὶ

387 5620 433 5653 ⁸⁸
465 5622 623 5681 Joan.
662 5642 735 5694 γι,
767 5625 856 5681 20.
966 5627 1008 5659 "
1037 5626 1179 5683 Psal.
1211 5642 1343 5693 xm,
1376 5626 1429 5682 2i.

316 5704 432 5760 xw,
459 5694 547 5759 3,5.

1529 5626 1572 5659 “1
1615 5627 1767 5685 Joan.
1798 5647 1902 5701 xw,
1928 5633 2017 5687 ‘27.
2097 5632 2138 5662 ⁸⁷
2182 5631 2369 5686 Matth.
2398 5649 2509 5697 vm,
2534 5633 2620 5685 ‘28.

1990 4524 2044 4570 ta
2077 4535 2089 4570 :
2118 4514 2175 4569 Si
2201 4516 2339 4569 enim
2365 4513 2700 4568 ambularem
2725 4515 2779 4568 in
2808 4514 2978 4569 medio
3002 4515 3202 4571 umbra:
3225 4520 3428 4585 mortis,
3455 4538 3557 4575 non

1990 4607 2177 4662 timebo
2196 4606 2363 4671 mala,
2389 4608 2639 4675 quoniam
2657 4617 2714 4659 tu
2732 4623 2930 4661 mecum
2948 4625 3001 4662 es
3020 4610 3085 4661 "'.
3106 4608 3246 4675 Quin
3264 4613 3424 4666 etiam
3441 4616 3557 4684 ipsc

1988 4699 2250 4755 Dominus
2272 4698 2339 4751 ad
2354 4705 2656 4753 metuentes
2678 4699 2808 4753 dicit
2827 4697 2932 4755 :Ne
2947 4702 3185 4755 turbetur
3204 4720 3291 4756 cor
3308 4716 3554 4770 vestrum,

1988 4808 2145 4860 neque
2167 4789 2488 4858 formidet“.
2510 4789 2593 4853 Et,
2619 4790 2759 4855 Quid
2776 4792 2947 4844 timidi
2961 4794 3333 4855 estismtodica;
3355 4798 3558 4865 ﬁdei"?

1988 4880 2074 4945 Et,
2098 4880 2377 4949 Conﬁdite,
2399 4877 2509 4950 Ego
2528 4896 2674 4935 sum:
2693 4882 2855 4935 nolite
2878 4884 3057 4937 timere
3070 4884 3305 4956 “,atque
3330 4889 3555 4943 iterum:

1988 4971 2267 5040 Conﬁdite,
2281 4988 2371 5041 ego
2386 4971 2481 5025 vici
2498 4970 2819 5025 mundum“.
2837 4971 3198 5039 Quamobrem
3214 4978 3383 5034 invito
3394 4982 3555 5035 etiam

1990 5061 2286 5126 Eunomia,
2326 5077 2421 5131 per
2456 5061 2706 5116 hostilem
2730 5079 2926 5118 Noccm
2954 5064 3188 5135 scipsam
3224 5070 3557 5124 demonstrat

1987 5154 2179 5223 pietas.
2206 5152 2397 5207 Sermo
2410 5154 2570 5208 etiam
2585 5154 2675 5223 qui
2699 5155 2954 5226 deinceps
2976 5159 3224 5227 sequitur
3238 5160 3554 5227 praecedenti

1988 5255 2271 5300 consonat.
2308 5245 2575 5311 Omnium,
2604 5246 2799 5317 inquit,
2820 5265 3002 5301 curam
3029 5250 3243 5312 habens,
3278 5259 3327 5302 et
3356 5264 3554 5301 omnem

1989 5357 2168 5393 curam
2189 5349 2235 5394 et
2256 5340 2635 5408 providentiam
2666 5340 2916 5409 inferens.
2970 5338 3152 5393 Solius
3178 5340 3319 5393 enim
3351 5344 3433 5392 est
3466 5338 3555 5393 Dei

1988 5449 2113 5487 vere
2126 5434 2365 5485 omnium
2381 5431 3028 5501 cogitationetnctcuram
3056 5430 3272 5491 habere,
3309 5429 3384 5481 sic
3405 5428 3556 5483 Davi-

1989 5523 2054 5578 dc
2072 5538 2264 5592 magno
2295 5523 2542 5577 dicente:
2586 5521 2695 5590 Ego
2738 5521 3003 5573 mendicus
3037 5534 3151 5570 sum
3186 5528 3232 5571 et
3260 5534 3475 5589 pauper,
3510 5531 3557 5575 et

2730 5628 2771 5660 ⁸⁸
2813 5627 2974 5682 Marc.
3014 5641 3088 5693 γι,
3127 5626 3214 5681 50.
3320 5630 3363 5662 δ’
3400 5630 3555 5687 Joaa.
