4010 6156
267 313 377 376 B73

1414 301 1696 362 CONTRA
1734 300 2122 373 EUNOMIUM,
2160 301 2289 360 LIB.
2329 302 2413 358 lll.

3414 310 3518 371 574

266 427 587 498 παλαίστρᾳ
624 421 716 479 τοῦ
756 421 1013 493 ψεύδους,
1049 421 1127 486 είς
1164 420 1287 486 τοὺς
1332 421 1468 491 ὑπὲρ
1499 421 1597 492 τῆς
1641 422 1855 493 ἀπάτης

1959 421 2123 477 tertio
2170 430 2361 477 contra
2405 421 2661 493 pietatem
2711 394 2831 494 pc;
2854 424 3202 497 striptionem
3245 420 3535 497 pulverem-

268 523 491 591 ἀγῶνας
532 517 722 571 ἑαυτὸν
766 513 1115 586 ἐπιρρώσας·
1158 513 1471 582 ἀναγκαίως
1513 513 1607 565 κοιλ⁸
1649 510 1744 566 νῦν
1786 512 1852 567 δι’

204 660 211 669 ,
270 611 428 683 ήμῶν
472 612 501 663 6
539 608 642 677 τῆς
686 603 942 674 ἀληθείας
974 603 1128 673 λόγος
1185 602 1324 674 πρὸς
1359 603 1460 673 τὴν
1497 600 1591 654 τοῦ
1627 599 1855 671 ψεύδους

270 701 585 774 ἀνατροπὴν
623 695 1019 767 ἀντεγείρεται,
1048 694 1125 765 τῷ
1153 692 1410 764 νικοποιῷ
1437 709 1497 746 τε
1526 692 1619 747 καὶ
1648 693 1860 760 ἀγωνο-

270 793 398 864 Θέτῃ
450 793 552 863 τῆς
577 792 738 862 νίκης
763 788 979 851 ἀναθεὶς
1002 786 1100 850 τὰς
1121 786 1360 851 ἐλπίδας,
1392 785 1487 840 καὶ
1516 783 1631 855 ἅμα
1658 787 1723 856 τῇ
1754 801 1857 839 κα-

202 906 211 913 ·
272 884 524 954 κοτεχνίᾳ
554 880 664 936 τῶν
700 881 795 935 τοῦ
829 879 1073 934 ἐναντίου
1109 877 1504 947 παλαισμάτων
1534 875 1860 947 ἐνδυναμοῦ-

275 994 453 1047 μενος.
486 973 892 1045 Ὀμολογοῦμεν
915 971 1023 1042 γάρ
1045 970 1487 1038 ἀνεπαισχύντως
1510 968 1688 1038 ἡμεῖς,
1715 968 1856 1037 μήτε

272 1067 398 1121 τινά
419 1066 576 1134 λόγον
596 1065 683 1119 διὰ
711 1063 1007 1136 ῥητορικῆς
1035 1060 1367 1129 τεθηγμένον
1388 1058 1478 1111 ἐπὶ
1504 1059 1628 1123 τοὺς
1644 1057 1858 1126 ἀγῶνας

272 1156 757 1229 παρεσκευάσθαι,
806 1154 942 1227 μήτε
984 1151 1263 1220 δεινότητα
1309 1147 1653 1218 διαλεκτικῆς
1702 1147 1858 1216 ἀγχι-

273 1249 424 1311 νοίας
446 1249 524 1311 εἰς
557 1244 871 1317 συμμαχίαν
910 1241 1052 1296 κατά
1086 1240 1193 1294 τῶν
1230 1239 1695 1309 ἀντιτεταγμένων
1727 1253 1857 1307 προ-

273 1337 586 1402 ϐάλλεσθαι,
611 1336 645 1407 ῆ
675 1336 767 1389 καὶ
794 1335 893 1405 τὴν
919 1333 1176 1403 ἀλήθειαν
1205 1330 1463 1393 πολλάκις
1497 1329 1577 1393 είς
1600 1327 1856 1384 ὑπόνοιαν

272 1428 507 1499 ψεύδους
535 1427 626 1480 ἐπὶ
656 1426 764 1479 τῶν
791 1423 1031 1495 ἀπείρων
1069 1422 1530 1494 ἀντιμεθίστησιν.
1569 1418 1729 1474 Ἀλλά
1757 1421 1857 1492 μία

272 1519 507 1588 δύναμις
534 1515 625 1571 τοῦ
660 1518 718 1571 ὲν
758 1517 889 1587 ήμίν
931 1508 1091 1582 λόγου
1138 1513 1278 1567 κατά
1315 1510 1407 1566 τοῦ
1447 1509 1674 1581 ψεύδους
1716 1511 1851 1565 ὲστί.

272 1610 497 1681 Πρῶτον
526 1609 625 1680 μὲν
651 1607 814 1670 αὐτὸς
837 1608 865 1659 6
886 1604 1139 1675 ἀληθινὸς
1154 1600 1349 1670 Λόγος,
1364 1602 1517 1673 ἰσχὺς
1541 1599 1633 1654 τοῦ
1658 1601 1856 1672 ἡμετέ-

281 1718 395 1773 ρου,
429 1700 527 1771 τὴν
564 1697 871 1761 παίδευσιν,
897 1694 1034 1750 ἀλλὰ
1075 1694 1266 1764 σοφὸν,
1306 1693 1369 1745 ἐκ
1414 1691 1854 1763 προπαιδεύσεως

1954 512 2156 593 excitat
2186 513 2243 568 in
2272 521 2490 569 assueta
2536 516 2637 570 sibi
2668 517 2920 585 palaestra
2974 516 3278 585 mendacii,
3326 522 3394 575 ad
3423 525 3525 578 ite-

1956 603 2125 657 randa
2159 620 2258 674 pro
2296 621 2481 664 errore
2516 609 2817 663 certamina
2857 609 3096 679 seipsum
3135 611 3522 671 corroborans:

1954 687 2271 748 necessario
2303 699 2467 755 etiam
2502 714 2648 755 nunc
2688 715 2785 770 per
2813 716 2917 757 nos
2961 702 3208 758 veritatis
3241 720 3424 761 sermo
3455 708 3524 761 ad

1957 787 2227 843 mendacii
2279 791 2618 845 eversionem
2676 801 2868 846 contra
2920 793 3165 862 exsurgit
3217 794 3271 848 in
3330 802 3521 850 aucto-

1956 894 2069 934 rem
2099 880 2343 937 victoria:
2373 891 2427 938 et
2461 882 2842 953 agonothctam
2878 883 2968 953 (id
3005 893 3127 949 est,
3165 886 3522 941 certaminum

1955 974 2420 1044 eonstitutorem),
2464 983 2629 1031 totam
2670 975 2911 1030 victoria:
2951 991 3101 1045 spem
3126 992 3415 1046 reponens,
3445 982 3521 1033 si-

1956 1062 2071 1115 mul
2121 1064 2283 1117 etiam
2338 1080 2402 1118 ex
2455 1064 2751 1121 adversarii
2813 1080 2977 1135 prava
3032 1063 3326 1121 luctatione
3376 1056 3522 1124 vires

1956 1152 2273 1221 concipiens
2315 1162 2369 1207 et
2411 1153 2690 1224 colligens.
2727 1151 2838 1208 Nos
2887 1154 3031 1209 enim
3072 1155 3276 1226 absque
3314 1157 3522 1226 pudore

1956 1241 2319 1305 confitemur,
2382 1257 2560 1312 neque
2612 1225 2846 1312 aliquam
2897 1225 3197 1297 orationem
3250 1225 3522 1299 rhetorico

1957 1330 2185 1387 artiﬁcio
2215 1333 2546 1387 elaboratam
2574 1339 2629 1387 et
2660 1332 3024 1386 acuminatam
3077 1332 3145 1386 ad
3200 1333 3523 1387 certandum

1954 1440 2291 1497 praeparasse
2328 1444 2341 1478 :
2371 1440 2547 1494 neque
2574 1424 2872 1481 dialecticae
2903 1424 3222 1480 subtilitatis
3249 1425 3524 1481 solertiam

1955 1523 2007 1571 et
2041 1515 2392 1571 acrimoniam
2426 1513 2492 1567 ad
2526 1514 2786 1568 auxilium
2817 1522 2871 1570 et
2907 1514 3277 1570 defensionem
3330 1523 3524 1571 contra

1955 1621 2018 1661 ea
2044 1621 2162 1675 quae
2192 1605 2261 1659 ab
2285 1606 2618 1660 adversariis
2648 1613 2775 1660 sunt
2798 1606 3009 1677 objecta
3033 1607 3378 1677 protendere,
3402 1624 3524 1679 qua:

1955 1698 2117 1750 etiam
2151 1697 2428 1751 veritatem
2457 1696 2510 1750 in
2539 1697 2903 1767 suspicionem
2942 1697 3206 1751 mendacii
3243 1698 3383 1769 apud
3422 1700 3523 1753 im-

272 1791 521 1861 γενέσοαι
544 1789 758 1861 πρῶτον
784 1786 1172 1861 διακελεύεται,
1202 1778 1300 1837 εἶθ’
1342 1781 1511 1846 οὕτως
1534 1784 1632 1853 τὴν
1661 1783 1725 1836 ὲκ
1756 1782 1854 1853 τῆς

1957 1787 2161 1855 peritos
2189 1788 2444 1842 traducit.
2479 1787 2586 1861 Sed
2617 1787 2789 1843 nostri
2826 1788 3097 1844 sermonis
3144 1790 3304 1843 unica
3348 1790 3523 1843 virtus

279 1878 585 1951 Παροιμεας
614 1880 863 1935 παιδείαν
882 1880 1101 1950 χωρεῖν.
1128 1876 1443 1948 Φρονήσεως
1472 1874 1581 1946 γὰρ
1604 1870 1741 1927 εἶναι
1767 1873 1853 1926 λό-

250 1990 401 2043 ,γους
440 1972 592 2041 φησὶ,
632 1969 721 2023 διά
748 1969 988 2040 στροφῆς
1015 1964 1107 2021 τὸν
1149 1965 1349 2020 σκοπὸν
1390 1962 1851 2028 ὲκκαλύπτοντας.

274 2054 346 2117 τὸ
371 2065 477 2132 γὰρ
511 2060 587 2132 μὴ
611 2060 698 2114 ἐπ’
723 2059 935 2122 εὐθείας
962 2056 1249 2127 νοούμενον
1301 2052 1539 2127 στροφῆς
1559 2070 1701 2116 τινος
1722 2054 1853 2126 χρῇ..

273 2154 353 2218 ζει
380 2152 517 2224 πρὸς
537 2150 637 2210 τὴν
662 2148 756 2203 τοῦ
780 2148 1158 2219 κεκρυμμένου
1182 2143 1507 2215 κατάληψιν.
1534 2144 1642 2197 Καὶ
1667 2143 1854 2217 ὥσπερ

270 2247 300 2298 6
329 2238 538 2307 Παῦλος
607 2238 860 2305 ἀλλάξειν
892 2238 1085 2292 ἑαυτοῦ
1119 2236 1216 2307 τὴν
1258 2236 1441 2307 φωνὴν
1471 2233 1854 2307 ἐπηγγείλατο,

276 2335 481 2407 μέλλων
519 2319 867 2404 μετατιθέναι
895 2331 993 2401 τὴν
1025 2328 1266 2401 ἱστορίαν
1300 2330 1379 2391 είς
1407 2325 1673 2400 τροπικὴν
1716 2325 1854 2377 Θεω-

273 2427 395 2497 ρίαν
413 2443 427 2457 ’
450 2424 623 2488 οὕτως
648 2420 883 2477 ἐνταῦθα
910 2423 943 2492 ή
970 2418 1077 2474 τῶν
1104 2417 1501 2489 κεκρυμμένων
1528 2416 1855 2487 φανέρωσις,

275 2518 483 2590 στροφὴ
504 2515 597 2568 τοῦ
629 2514 790 2582 λόγου
821 2512 970 2585 παρὰ
995 2511 1087 2564 τοῦ
1122 2508 1468 2580 Σολομῶντος
1495 2504 1857 2577 κατονομάζε-

270 2626 359 2664 ται
382 2626 394 2638 ·
442 2607 518 2672 ὡς
543 2606 603 2659 οὐ
631 2605 930 2676 δυναμένου
955 2601 1350 2672 κατανοηοῆναι
1377 2598 1467 2652 τοῦ
1494 2599 1721 2660 κάλλους
1749 2596 1859 2650 τῶν

271 2698 583 2771 νοημάτων,
614 2697 663 2749 εί
691 2696 763 2767 μή
797 2712 880 2756 τις
907 2692 1003 2747 τοῦ
1029 2692 1186 2761 λόγου
1215 2692 1276 2743 τὸ
1314 2690 1743 2759 προφαινόμενον
1779 2689 1858 2749 εἰς

272 2790 337 2843 τὸ
393 2787 629 2858 ἓμπαλιν
667 2782 1007 2856 ἀναστρέψας
1033 2822 1048 2845 ,
1086 2779 1184 2835 ἴδοι
1224 2779 1321 2850 τὴν
1364 2773 1880 2849 ἀποκεκρυμμένην

276 2878 455 2949 αὐγὴν
484 2877 578 2930 τοῦ
605 2877 886 2947 νοήματος.
921 2870 1047 2927 Οἴον
1077 2873 1170 2924 ἐπὶ
1200 2870 1293 2926 τοῦ
1324 2869 1523 2942 πτεροῦ
1550 2871 1854 2940 συμϐαίνει,

275 2962 321 3038 ᾧ
344 2969 485 3024 κατά
515 2967 575 3021 τὸ
600 2968 810 3038 οὐραῖον
835 2968 860 3020 6
886 2963 1031 3028 ταὼς
1059 2960 1481 3024 καλλωπίζεται.
1520 2960 1643 3014 Ἐπὶ
1667 2961 1857 3015 τούτου

271 3062 387 3132 γάρ
411 3062 443 3114 6
470 3060 571 3131 μὲν
600 3058 669 3111 τὰ
702 3052 845 3112 νῶτα
873 3056 967 3110 τοῦ
1000 3054 1200 3127 πτεροῦ
1237 3053 1592 3125 θεασάμενος,
1626 3054 1767 3108 κατά
1793 3055 1855 3109 τὸ

269 3151 510 3216 ἀκαλλές
537 3168 596 3204 τε
629 3150 720 3205 καὶ
747 3151 1012 3223 ἄμορφον,
1044 3149 1373 3218 καταφρονεῖ
1412 3147 1629 3209 πάντως
1656 3147 1732 3209 ὡς
1767 3147 1857 3199 εὐ⁴
1882 3147 1911 3197 ‘1

269 3246 458 3309 τελοῦς
481 3244 576 3299 τοῦ
607 3242 902 3313 θεάματος.
928 3242 990 3295 Εἰ
1015 3241 1072 3293 δέ
1094 3256 1178 3302 τις
1207 3236 1549 3309 ἀναστρέψας
1574 3236 1737 3291 αὑτοῦ
1760 3236 1857 3309 τὴν

271 3338 464 3408 ἑτέραν
483 3334 604 3405 ὄψιν
627 3332 959 3405 προδείξειεν
980 3372 994 3396 ,
1024 3332 1127 3402 ὁρᾷ
1148 3330 1246 3400 τὴν
1272 3327 1517 3399 ποικῦιην
1542 3319 1858 3400 ζωγραφίαν

271 3428 370 3493 τῆς
404 3424 643 3497 φύσεως,
686 3424 780 3476 καὶ
805 3422 897 3475 τὸν
921 3422 1149 3492 ἡμιτελῆ
1182 3419 1378 3474 κύκλον
1411 3420 1467 3471 ἔν
1506 3420 1761 3491 πορφυρᾷ
1790 3422 1856 3491 τῇ

275 3519 419 3589 βαφῇ
452 3515 596 3570 κατά
621 3515 683 3568 τὸ
714 3514 879 3585 μέσον
920 3511 1288 3584 ὲκλάμποντα,
1321 3511 1414 3563 καὶ
1446 3510 1539 3565 τὸν
1570 3508 1856 3580 χρυσοειδῆ

273 3610 403 3672 περὶ
431 3607 523 3660 τὸν
554 3606 754 3660 κύκλον
782 3604 940 3675 ἀέρα,
965 3607 1077 3668 τοῖς
1102 3602 1420 3676 πολυχρόοις
1453 3601 1585 3673 ίρισι
1626 3602 1765 3656 κατά
1797 3600 1857 3655 τὸ

274 3699 442 3773 ἀκρον
469 3696 830 3769 διεζωσμένον
850 3712 916 3773 ,τε
945 3696 1041 3749 καὶ
1063 3695 1429 3767 λαμπόμενον.
1475 3690 1627 3746 Ἐπεὶ
1648 3689 1740 3747 οὖν
1770 3693 1858 3745 οὺ-

274 3792 363 3845 δὲν
395 3790 474 3861 τῷ
506 3790 782 3862 προχείρῳ
818 3788 919 3859 τῆς
955 3787 1156 3854 λέξεως
1197 3786 1383 3840 ἔπεστι
1420 3784 1647 3849 κάλλοςο
1683 3784 1857 3839 Πᾶσα

274 3884 402 3954 γὰρ,
443 3883 628 3954 φησὶν,
676 3882 714 3950 ἠ
758 3880 909 3945 δόξα
940 3877 1049 3948 τῆς
1077 3878 1367 3948 θυγατρὸς
1406 3875 1513 3930 τοῦ
1551 3875 1856 3942 ,ϐασιλέως

273 3976 524 4040 ἔσωθεν,
554 3974 625 4028 ἐν
650 3973 776 4039 τοῖς
797 3971 1049 4042 χρυσοῖς
1077 3969 1336 4040 νοήμασι
1358 3968 1438 4034 τῷ
1468 3964 1708 4035 κρυπτῷ
1733 3966 1856 4020 δια-

273 4066 604 4135 λάμπουσα
638 4065 876 4131 κόσμῳ·
921 4061 1233 4130 ἀναγκαίως
1276 4063 1305 4114 6
1333 4055 1580 4129 Σολομὼν
1617 4058 1727 4125 τοῖς
1765 4058 1854 4112 ev-

276 4157 603 4227 τυγχάνουσι
631 4153 709 4224 τῷ
741 4153 927 4223 βιϐλίῳ
955 4151 1127 4222 τούτῳ
1164 4150 1260 4222 τὴν
1288 4149 1382 4204 τοῦ
1423 4150 1580 4218 λόγου
1618 4147 1854 4220 στροφὴν

278 4245 628 4310 ὑποτίθεται,
670 4245 758 4298 ἵνα
787 4243 874 4297 διὰ
902 4243 1092 4297 τούτου
1133 4244 1368 4313 νοήσωσι
1409 4241 1722 4312 παραϐολὴν
1761 4241 1855 4295 καὶ

278 4338 552 4393 σκοτεινὸν
580 4337 757 4405 λόγον,
792 4336 976 4407 ῥήσεις
1001 4352 1060 4388 τε
1099 4334 1277 4403 σοφῶν
1302 4333 1392 4387 καὶ
1417 4333 1731 4403 αἰνίγματα.

1955 1878 2216 1934 adversus
2249 1880 2590 1935 mendacium
2626 1885 2730 1935 est.
2761 1877 2839 1932 Ac
2869 1879 3101 1950 primum
3145 1880 3363 1950 quidem
3404 1880 3529 1950 ipse

1952 1984 2114 2023 verus
2138 1968 2326 2025 Sermo
2347 2008 2360 2031 ,
2387 1965 2500 2023 sive
2522 1967 2754 2025 Verbum
2777 2012 2791 2035 ,
2825 1970 2993 2026 robur
3023 1972 3291 2026 sermonis
3312 1973 3482 2027 nostri
3504 2014 3531 2039 ,

1952 2059 2310 2114 eruditionem
2345 2061 2625 2127 suscipere
2658 2061 2937 2131 prmeipit,
2982 2061 3077 2116 sed
3119 2063 3416 2133 sapientem
3455 2079 3523 2117 ex

1954 2150 2307 2205 antecedente
2338 2150 2654 2217 disciplina:
2690 2149 2884 2205 deinde
2913 2151 2993 2211 sic
3022 2166 3088 2206 ex
3116 2152 3409 2207 Proverbio
3440 2151 3526 2206 di-

1954 2242 2238 2312 sciplinam
2293 2257 2507 2311 capere.
2558 2241 2867 2296 Prudentire
2911 2244 3055 2296 enim
3098 2259 3257 2310 esse,
3306 2242 3482 2314 inquit
3504 2285 3533 2310 ,_

1954 2348 2235 2388 sermones
2264 2333 2354 2404 qui
2407 2349 2502 2403 per
2543 2332 2909 2387 inversionem
2952 2350 3177 2404 scopum
3244 2336 3524 2406 detegunt.

1953 2421 2106 2488 Quod
2136 2423 2281 2477 enim
2317 2429 2670 2479 recto'sensu
2720 2439 2830 2478 non
2874 2432 3053 2492 potest
3103 2423 3361 2495 intelligi,
3399 2442 3551 2481 νει-α’

1954 2510 2105 2565 sione
2130 2511 2308 2580 aliqua
2334 2510 2536 2581 indiget
2559 2553 2572 2578 ,
2604 2520 2663 2565 ut
2691 2512 2742 2566 id
2771 2513 2911 2581 quod
2962 2512 3014 2566 in
3044 2513 3313 2582 ejusmodi
3344 2516 3531 2571 verbis

1954 2602 2224 2655 occultum
2251 2601 2413 2665 latet,
2440 2603 2962 2671 comprehendatur:
2990 2614 3043 2659 et
3063 2605 3534 2674 quemadmodum-
3624 2618 3631 2633 ‘

1953 2690 2155 2744 Paulus
2189 2691 2240 2744 in
2278 2692 2538 2760 tropicam
2571 2692 2683 2747 sive
2717 2693 3060 2764 allegoricam
3097 2697 3531 2764 speculationem-

1953 2766 2234 2834 liistoriam
2261 2781 2627 2836 translaturus
2647 2823 2661 2845 ,
2685 2798 2744 2838 sc
2774 2798 2926 2837 suam
2953 2800 3167 2854 quoque
3193 2802 3376 2843 vocem
3406 2804 3527 2843 mu-

1955 2878 2193 2924 taturum
2237 2886 2360 2926 esse
2401 2873 2726 2942 promisit‘:
2777 2874 2857 2929 sic
2895 2875 3000 2930 hoc
3045 2874 3101 2931 in
3144 2878 3265 2933 loco
3309 2878 3524 2939 abdito-

1955 2976 2076 3014 rum
2111 2961 2408 3015 declaratio
2429 3002 2445 3027 ,
2486 2964 2757 3020 sermonis
2797 2965 3063 3032 inversio,
3097 2969 3179 3023 vel
3213 2985 3525 3027 sermonum

1958 3053 2211 3107 versutia:
2239 3068 2269 3106 a
2301 3050 2594 3108 Solomone
2628 3057 2978 3111 nominantur
3008 3059 3105 3131 (a).
3144 3058 3312 3126 Quasi
3348 3065 3529 3120 notio-

1958 3160 2086 3198 num
2120 3144 2472 3215 pulchritudo
2505 3154 2686 3209 mente
2729 3149 3115 3218 comprehendi
3160 3164 3271 3208 non
3315 3158 3524 3225 possit,

1958 3238 2063 3294 nisi
2099 3238 2221 3309 quis
2255 3238 2525 3294 sermonis
2569 3241 2742 3310 prima
2784 3242 2967 3311 specie
3013 3252 3160 3299 retro
3206 3262 3392 3312 versa,
3426 3265 3525 3303 no-

1960 3330 2126 3386 tionis
2157 3331 2426 3385 occultum
2457 3330 2750 3402 splendore
2790 3335 3109 3402 inspexerit.
3158 3337 3525 3403 Quemadmo-

1958 3423 2086 3478 dum
2132 3423 2185 3477 in
2239 3438 2301 3478 ea
2349 3438 2524 3493 penna
2574 3423 2876 3494 contingit,
2920 3436 3024 3494 qua
3069 3427 3122 3482 in
3172 3429 3342 3483 cauda
3390 3448 3537 3502 pavo

1960 3514 2277 3567 adornatur.
2309 3512 2364 3567 Si
2397 3514 2520 3584 quis
2552 3515 2695 3569 enim
2740 3529 2971 3584 pennam
3017 3532 3044 3569 a
3086 3525 3237 3589 tergo
3281 3531 3525 3578 contem-

1959 3604 2139 3673 platus
2177 3603 2370 3671 fuerit,
2417 3614 2639 3675 propter
2678 3607 2861 3662 nescio
2902 3608 3030 3678 quid
3072 3609 3418 3667 invenustum
3462 3630 3528 3671 ac

1959 3693 2203 3749 deforme
2224 3735 2238 3761 ,
2273 3695 2416 3773 quod
2449 3695 2505 3748 in
2539 3711 2602 3750 ea
2634 3707 2897 3768 apparet,
2935 3701 3156 3777 omnino
3185 3703 3524 3773 despexerit,

1958 3791 2215 3855 tanquam
2244 3786 2348 3845 vile
2383 3785 2600 3855 aliquod
2631 3795 2682 3842 ct
2715 3787 2867 3841 nihili
2902 3788 3207 3855 faciendum
3245 3805 3529 3864 spectacu-

1959 3875 2091 3929 lum.
2122 3874 2276 3942 Quod
2311 3875 2355 3930 si
2388 3876 2512 3945 quis
2548 3876 2763 3951 inversa
2792 3893 2966 3946 penna
2996 3879 3114 3949 ejus
3144 3883 3372 3938 alterum
3402 3902 3529 3955 pro-

1962 3973 2207 4035 spectum
2231 3964 2566 4030 ostenderit,
2598 3967 2802 4021 variam
2826 3976 3034 4024 natura:
3051 3970 3318 4041 picturam
3345 3977 3526 4031 intue-

1958 4055 2124 4119 bitur,
2155 4064 2207 4111 et
2237 4056 2640 4112 semicirculum
2670 4073 2944 4129 purpurea
2972 4060 3209 4117 tinctura
3254 4065 3309 4118 in
3349 4050 3528 4120 inedio

1959 4148 2279 4203 emicantem
2297 4190 2312 4215 ,
2338 4159 2391 4204 et
2419 4149 2807 4206 circumfusum
2832 4166 2957 4206 aera
2984 4153 3189 4207 circulo
3214 4170 3375 4210 aurea
3403 4172 3528 4225 spe—

1959 4240 2043 4294 cie
2069 4240 2362 4304 nitentem,
2402 4240 2630 4310 ejusque
2681 4243 3049 4297 summitatem
3091 4245 3527 4304 multicoloribus

1954 4322 2190 4385 ‘iridibus
2219 4331 2455 4385 cinctam
2497 4340 2549 4385 et
2599 4342 2831 4388 venusto
2880 4334 3172 4404 splendore
3206 4333 3521 4407 fulgentem.

277 4432 458 4498 Quare
485 4446 610 4485 cum
643 4431 695 4484 in
724 4428 988 4484 orationis
1015 4427 1190 4499 primo
1212 4435 1498 4498 prospectu
1523 4429 1670 4481 nulla
1699 4427 1841 4482 inest
1877 4423 2228 4497 pulchritudo
2263 4443 2274 4479 :
2308 4424 2492 4480 Omnis
2516 4426 2679 4490 enim,
2708 4428 2903 4497 inquit,
2930 4427 3102 4498 gloria
3136 4431 3264 4499 ﬁlia:
3298 4436 3431 4503 regis
3461 4436 3529 4489 ab

279 4529 442 4591 intus,
483 4526 539 4579 in
590 4523 766 4577 aureis
796 4520 1234 4576 intellectionibus
1266 4520 1468 4575 occulto
1499 4520 1760 4591 refulgens
1801 4518 2064 4574 ornalu‘:
2103 4516 2414 4571 necessario
2450 4514 2706 4571 Solomon
2733 4558 2747 4582 ,
2783 4518 2927 4574 hunc
2966 4520 3162 4575 librum
3202 4508 3526 4594 legentibus.

278 4633 589 4676 sermonem
616 4619 883 4673 invertere
919 4614 1197 4687 praecepit,
1238 4620 1298 4668 ut
1329 4612 1433 4667 hoc
1470 4611 1631 4667 modo
1663 4611 1967 4682 intelligant
1998 4609 2314 4681 parabolam
2339 4614 2395 4664 et
2422 4607 2717 4664 obscurum
2746 4626 3053 4667 sermonem
3074 4652 3089 4678 ,
3121 4615 3285 4672 verba
3314 4620 3529 4691 sapicn.

278 4723 394 4770 tum
422 4721 478 4769 et
510 4711 798 4781 aenigmata
826 4708 1073 4765 eorum’.

350 4808 537 4862 Ταῦτα
562 4808 741 4859 τοίνυν
763 4803 1117 4876 περιεχούσης
1132 4803 1228 4873 τῆς
1251 4801 1632 4873 Παροιμιακῆς
1654 4800 1853 4871 ταύτης

2025 4799 2357 4870 Cumigitur
2393 4800 2505 4857 haec
2531 4799 2894 4859 Proverbialis
2931 4805 3181 4864 doctrina
3213 4809 3315 4867 ista
3352 4816 3532 4871 conti-

278 4897 657 4960 διδασκαλίας,
693 4894 845 4948 οὐδὲν
890 4893 955 4948 ἄν
997 4911 1080 4957 τις
1127 4893 1235 4945 τῶν
1267 4889 1666 4964 εὐφρονούντων
1707 4890 1860 4957 ἀνεξ-

279 4988 524 5051 ετάστως
552 5003 613 5038 τε
658 4985 754 5037 καὶ
780 4983 1104 5053 ἀθεωρήτως
1140 4981 1248 5034 τῶν
1277 4983 1342 5034 ὲκ
1380 4978 1480 5048 τῆς
1521 4979 1701 5051 βίϐλου
1729 4979 1859 5034 ταύ-

281 5094 381 5146 της
424 5072 851 5147 προφερομένων
884 5071 1131 5137 δέξεται,
1171 5069 1278 5124 κᾶν
1308 5070 1390 5123 ὅτι
1426 5066 1658 5139 μάλιστα
1688 5071 1858 5140 σαφὲς

226 5226 233 5231 Ᾱ
282 5170 343 5220 ὲκ
373 5166 466 5221 τοῦ
509 5165 802 5238 προχείρου
853 5163 946 5216 καὶ
976 5160 1250 5233 γνώριμον
1316 5160 1593 5231 τυγχάνει.
1637 5161 1859 5227 Πάντως

284 5257 393 5330 γὰρ
423 5257 620 5312 ὕπεστί
647 5271 730 5318 τις
759 5254 853 5307 καὶ
881 5255 989 5316 τοῖς
1016 5243 1302 5324 προδήλοις
1326 5247 1464 5306 εἶναι
1483 5251 1697 5305 δοκοῦσι
1720 5253 1860 5307 κατά

283 5347 575 5420 ἀναγωγὴν
613 5345 837 5416 θεωρία.
870 5344 934 5397 El
979 5344 1035 5397 δὲ
1076 5342 1146 5397 τά
1192 5342 1458 5414 πρόχειρα
1497 5342 1598 5412 τῆς
1638 5342 1862 5415 Γραφῆς

244 5492 253 5507 '
355 5481 373 5514 ⁸
408 5481 590 5538 Galat.
622 5495 697 5545 tv,
733 5480 825 5536 ΞΟ.
902 5482 923 5512 ¹
951 5479 1097 5536 Psal.
1127 5495 1275 5546 κων,
1300 5480 1385 5535 ﬂ.
1463 5480 1484 5512 ³
1511 5477 1671 5534 Prov.
1698 5496 1735 5546 ι,
1762 5479 1816 5536 6.

1958 4900 2088 4949 neat
2113 4911 2125 4948 :
2157 4893 2251 4963 qui
2281 4900 2429 4948 recte
2458 4901 2636 4963 sapit,
2667 4894 2802 4949 nihil
2823 4886 3012 4952 eorum
3037 4915 3159 4969 quae
3184 4917 3252 4958 ex
3280 4904 3422 4963 libro
3449 4909 3533 4963 ci-

1960 4992 2168 5049 tantur,
2200 4984 2603 5042 inconsiderate
2631 4993 2684 5042 et
2721 4995 2923 5046 temere
2958 4991 3229 5062 accipiet;
3279 5000 3530 5066 quamvis

1959 5076 2093 5131 illud
2122 5077 2294 5147 prima
2324 5076 2500 5131 fronte
2528 5078 2759 5134 maxime
2785 5090 3030 5151 apertum
3061 5091 3115 5138 et
3143 5087 3418 5156 cognitum
3446 5088 3531 5141 vi-

1960 5167 2173 5223 deatur.
2195 5167 2431 5224 Omnino
2460 5168 2603 5223 enim
2631 5170 2793 5224 etiam
2820 5171 2875 5227 in
2899 5173 2985 5228 his
3005 5190 3126 5245 quae
3149 5176 3300 5230 valde
3320 5176 3533 5245 perspi-

1965 5272 2065 5312 cua
2093 5265 2377 5329 putantur,
2404 5260 2592 5314 subest
2617 5276 2713 5331 per
2741 5276 3021 5335 anagogen
3044 5303 3060 5327 ,
3087 5265 3138 5319 id
3164 5275 3249 5318 est
3282 5264 3528 5334 ﬁgurant,

1966 5364 2071 5421 qua
2102 5351 2410 5407 intellectus
2433 5350 2500 5407 ad
2526 5352 2720 5408 altiora
2750 5354 3092 5421 subvehitur,
3122 5354 3527 5425 contemplatio.

353 5622 429 5692 (a)
472 5620 1238 5709 Sap._vttt,§,rsicrhabetur;
1265 5622 1732 5709 Siltnttltitudinem
1767 5626 2002 5709 scientia:
2030 5628 2294 5688 desiderat
2317 5636 2431 5707 quis
2458 5651 2475 5691 :
2502 5635 2600 5692 scit
2619 5634 2886 5704 prwterita
2906 5640 2953 5688 et
2976 5632 3038 5688 de
3068 5631 3264 5701 futuris
3287 5637 3533 5709 resumat,

283 5700 385 5752 scit,
414 5692 687 5749 versutia:
723 5706 1052 5760 sermonum,
1088 5701 1135 5745 et
1171 5692 1539 5749 dissolutione:
1578 5706 2028 5767 argumentorum.
