4010 6156
505 333 615 390 εἶτε

1777 333 1836 391 S.
1875 330 2542 390 GREGORIINYSSE‘NF

3653 328 3752 385 5'76

501 449 890 518 Quod'si'qua:
927 445 1108 502 facilia
1145 454 1377 503 suntet
1427 447 1480 501 in
1531 455 1784 518 promptu
1854 450 1908 503 in
1976 447 2077 502 hac

2181 447 2385 518 ταύτης
2442 445 2753 514 ἀναγκαίως
2805 444 3053 517 ἐπιζητεῖ
3108 445 3206 516 τὴν
3255 445 3748 519 λεπτομερεστέραν

501 544 783 613 Scriptura
827 542 1143 596 necessario
1189 541 1531 596 subtiliorem
1579 541 1985 610 inquisitionem
2025 549 2080 594 et

496 631 956 689 exaniinationem
984 632 1295 702 postulant,
1321 639 1528 701 quanto
1560 631 1730 702 magis
1760 631 1849 684 illa
1881 631 2080 700 quibus

497 725 792 796 plurimum
843 722 987 777 inest
1022 723 1377 778 obscuritatis
1409 735 1460 778 et
1493 723 1862 786 diﬂicultatis,
1910 738 1973 777 ex
2015 738 2077 777 ea

496 833 617 887 qua:
639 816 763 870 inde
785 816 1044 879 sumitur,
1068 815 1379 884 cognitione
1399 824 1450 868 et
1472 814 1858 884 intelligentia?
1878 812 2078 879 QUam-

447 955 452 984 ᾖ
496 911 683 962 ob'rem
742 908 1094 976 exquiramus
1141 922 1204 961 ex
1255 909 1544 963 verborum
1615 913 1877 960 contextu
1932 905 2077 960 illius

499 1000 637 1061 loci,
671 999 716 1053 si
749 1013 909 1067 quem
943 996 1294 1052 maniiestum
1325 1013 1545 1053 sensum
1577 997 1739 1052 hab‘ct
1769 997 2079 1067 proposito-

498 1106 618 1145 rum
652 1089 838 1144 lectio.
878 1088 1153 1144 Describit
1183 1103 1365 1145 sermo
1389 1084 1754 1154 Sapientiam,
1796 1103 2077 1143 sermones

497 1182 763 1252 quosdam
791 1197 860 1236 ex
895 1181 1116 1251 propria
1150 1195 1382 1251 persona
1413 1188 1782 1234 enarrantem.
1824 1179 1941 1234 Scit
1975 1194 2074 1233 au-

497 1284 606 1330 tem
638 1275 919 1331 studiosus
951 1275 1109 1344 plane
1133 1316 1146 1339 ,
1180 1288 1300 1343 qua:
1327 1273 1381 1326 in
1412 1288 1478 1327 eo
1511 1273 1632 1326 loco
1660 1271 1952 1336 dicuntur;
1982 1270 2077 1325 ubi

501 1365 810 1436 Sapientia,
842 1365 896 1418 in
937 1364 1168 1419 consilio
1219 1363 1464 1419 habitare
1508 1380 1567 1420 se
1626 1363 1885 1434 praedicat
1906 1365 1948 1428 ⁸,
1981 1363 2079 1417 ad;

495 1469 658 1516 vocat
682 1468 862 1514 autem
891 1457 1258 1527 cognitionem
1283 1456 1610 1510 et‘notitiam
1631 1496 1644 1522 ,
1673 1453 2076 1526 possessionem

496 1566 630 1606 vero
658 1549 792 1604 dicit
825 1563 884 1605 se
919 1548 1121 1602 habere
1169 1546 1545 1601 fertitudinem
1594 1555 1664 1600 et'
1693 1543 2036 1614 prudentiam
2059 1582 2074 1606 ,

496 1641 613 1710 ipsa
647 1647 824 1693 autem
855 1637 1169 1692 nominatur
1204 1634 1561 1704 intelligentia
1583 1676 1596 1698 ,
1631 1635 1683 1688 in
1719 1634 1823 1689 viis
1851 1632 2077 1703 justitiae

494 1747 554 1787 se
577 1731 858 1785 ambulare
879 1770 894 1793 ,
921 1737 975 1783 et
1005 1729 1057 1781 in
1087 1727 1263 1781 medio
1291 1727 1610 1781 semitarum
1634 1725 2077 1794 jiidicii'conver-

493 1823 645 1878 sari:
678 1820 812 1876 dicit
844 1821 1010 1875 etiam
1054 1833 1157 1889 per
1202 1833 1262 1873 se
1311 1833 1464 1882 reges
1514 1831 1776 1887 regnare,
1823 1823 2071 1885 potentes

487 1914 761 1984 justitiam
795 1911 1126 1975 decernere,
1163 1919 1218 1964 et
1252 1915 1413 1963 terra:
1445 1921 1559 1962 sua:
1600 1917 1865 1977 tyrannos
1897 1903 2074 1959 domi-

493 2005 635 2059 nari.
680 2003 835 2070 Quod
876 2003 1022 2058 enim
1068 2017 1134 2056 ex
1179 2000 1265 2054 his
1300 2013 1421 2068 qua:
1451 1998 1597 2052 dicta
1628 2004 1758 2052 sunt
1787 1997 1879 2066 qui
1912 2002 2074 2050 recta:

495 2095 724 2148 rationis
749 2093 958 2164 judicio
987 2108 1121 2148 usus
1155 2090 1318 2146 fuerit
1349 2089 1485 2143 nihil
1520 2097 1724 2144 temere
1751 2097 1805 2144 et
1831 2087 2074 2143 inconsi—

494 2187 682 2241 derate
713 2201 776 2240 ex
812 2199 877 2238 eo
911 2199 1076 2239 sensu
1115 2182 1207 2252 qui
1255 2181 1309 2236 in
1341 2189 1598 2252 promptu
1639 2189 1723 2235 est
1786 2188 1842 2234 et
1899 2179 2073 2248 prima

499 2276 682 2330 fronte
725 2283 989 2345 apparet,
1027 2274 1274 2328 admittet
1298 2311 1312 2334 ,
1357 2272 1534 2328 cuivis
1574 2281 1662 2326 est
1700 2271 2070 2341 perspicuum.

497 2365 634 2419 Nam
667 2365 712 2420 si
750 2380 845 2434 per
873 2366 1018 2418 illam
1056 2365 1451 2434 adpetentiam
1487 2378 1640 2433 reges
1673 2364 2070 2433 provehuntur,

503 2463 557 2509 et
587 2457 652 2508 ab
685 2455 801 2523 lpsa
835 2454 1003 2508 robur
1030 2453 1190 2508 habet
1237 2454 1528 2522 tyrannis:
1576 2452 1800 2507 omnino
1843 2460 1928 2507 est
1980 2467 2074 2506 ne-

495 2546 830 2609 cessarium,
889 2543 1212 2614 sapientiam
1265 2543 1642 2616 tyranniﬁ'cam
1693 2545 1855 2599 nobis
1904 2560 2072 2614 appa-

492 2650 616 2690 rere
637 2675 651 2699 ,
682 2645 849 2704 atque
877 2649 1065 2690 eorum
1099 2635 1198 2703 qui
1224 2634 1472 2702 improbe
1505 2633 1558 2686 in
1593 2650 1760 2704 regno
1785 2634 2072 2688 dominan-

494 2739 604 2790 tur,
639 2727 868 2781 crimina
916 2725 970 2778 in
1015 2725 1251 2794 seipsam
1292 2725 1617 2780 transferre.
1671 2724 1776 2778 Sed
1821 2725 2074 2780 novimus

494 2819 633 2873 alios
669 2833 846 2887 reges,
885 2815 979 2886 qui
1023 2831 1055 2868 a
1097 2815 1364 2884 sapientia
1395 2831 1521 2870 vere
1554 2813 1914 2869 ad'mternum
1945 2816 2074 2869 tinc—

499 2925 607 2978 que
638 2923 829 2962 carens
860 2907 1143 2960 ducuntur.
1167 2905 1453 2974 imperium
1479 2944 1494 2970 ,
1525 2905 1776 2959 videlicet
1809 2921 2074 2974 pauperes

493 3001 710 3070 spiritu,
729 3013 960 3068 quorum
987 2996 1264 3066 possessio
1283 3011 1507 3065 regnum
1529 3005 1612 3052 est
1631 2997 1895 3051 caelorum
1922 3016 1934 3050 :
1966 2997 2076 3051 sic-

494 3100 555 3144 ut
603 3088 898 3152 Dominus,
953 3087 1045 3156 qui
1078 3095 1163 3140 est
1204 3085 1470 3155 sapientia
1519 3084 1815 3156 Evangelii,
1850 3087 2076 3154 promit-

492 3178 655 3234 tit":
689 3178 824 3233 tales
882 3142 1046 3232 etiam
1098 3142 1348 3246 potentes
1389 3142 1776 3246 intelligimits,
1833 3142 1924 3246 qui
1978 3176 2065 3230 ad-
2103 3142 2149 3204 c

492 3273 689 3326 v‘ersus
723 3268 995 3340 appetitus
1028 3278 1082 3323 et
1115 3269 1401 3338 passiones
1436 3268 1736 3336 potentiam
1776 3275 2072 3331 exercent,

492 3363 587 3433 qui
623 3377 730 3416 non
765 3362 1011 3416 serviunt
1047 3358 1303 3427 potestati
1354 3358 1585 3425 peccati,
1618 3357 1709 3426 qui
1745 3358 1801 3410 in
1833 3360 1942 3411 vita
1976 3374 2074 3412 sna

492 3465 756 3522 tanquam
802 3453 988 3508 tabula
1029 3450 1267 3519 quadam
1317 3448 1583 3519 justitiam
1617 3450 1946 3505 inscribunt.
1985 3450 2075 3505 Sic

494 3545 658 3598 etiam
705 3542 998 3595 laudabilis
1025 3541 1312 3609 tyrannis,
1367 3541 1742 3608 quzc'auxilio
1793 3542 2113 3613 sapientiae,

494 3633 812 3705 passionum
845 3632 959 3688 sive
990 3630 1279 3685 all'cctuum
1312 3631 1725 3700 democratiam,
1773 3633 1827 3686 in
1874 3635 2072 3689 mentis

495 3723 874 3781 monarchiatn
902 3732 1188 3795 postquam
1219 3726 1582 3790 converterit,
1612 3740 1674 3780 ea
1703 3742 1822 3796 quae
1853 3728 1991 3782 male
2017 3728 2072 3782 in

493 3816 802 3871 libertatem
833 3815 1049 3870 frenum
1068 3814 1320 3870 mordent
1340 3822 1394 3869 et
1418 3815 1654 3870 ferocius
1678 3818 1987 3881 exsultant,
2018 3819 2072 3872 in

495 3905 811 3964 servitutem
847 3906 1066 3977 redigit.
1108 3904 1304 3960 O'mnia
1351 3907 1654 3976 corporalia
1699 3915 1754 3962 et
1794 3909 2073 3962 terrestria

2182 538 2446 602 ἐξέτασιν,
2476 538 2623 606 πόσῳ
2658 535 2855 608 μᾶλλον
2877 539 3059 590 ὲκεῖνα
3089 534 3170 601 οἷς
3201 537 3334 590 πολὺ
3363 538 3426 591 τὸ
3460 539 3666 609 ἀσαφές
3695 561 3750 596 τε

2183 631 2274 682 καὶ
2304 627 2674 698 δυσθεώρητον
2702 628 2765 680 ὲκ
2786 627 2897 697 ’τῆς
2932 627 3159 679 αὐτόθεν
3194 627 3310 680 ἐστὶ
3344 631 3750 699 κατανοήσεως;

2194 720 2564 789 Ἐξετάσωμεν
2595 720 2772 773 τοίνυν
2819 719 2880 772 ὲκ
2923 719 3021 790 τῆς
3072 718 3198 788 περὶ
3239 718 3327 770 τὸν
3359 721 3522 772 τόπον
3551 721 3754 773 ἐκεῖνον

2183 811 2547 882 συμφράσεως
2568 811 2674 863 τῶν
2706 810 2984 883 ῥημάτων,
3017 809 3070 862 εί
3094 827 3146 862 τι
3172 809 3341 878 σαφὲς
3372 811 3406 880 ἡ
3438 809 3548 864 τῶν
3576 829 3755 882 παρα-

2181 903 2447 973 κειμένων
2474 901 2773 969 ἀνάγνωσις
2794 901 2904 970 έχει
2923 939 2935 953 .
2961 900 3362 971 Προδιαγράφει
3383 901 3482 971 τὴν
3505 903 3702 969 Σοφίαν
3729 905 3757 955 ὀ

2179 995 2353 1063 λόγος,
2389 995 2573 1065 ῥήσεις
2600 994 2752 1056 τινάς
2789 993 2848 1058 ἐξ
2875 993 3073 1046 οἰκείου
3106 993 3405 1058 διεξιοῦσαν
3440 995 3752 1066 προσώπουο

2180 1086 2465 1140 ἐπίσταται
2491 1086 2787 1148 δὲ’πάντως
2814 1086 2842 1136 ὁ
2867 1084 3168 1154 φιλομαθὴς
3211 1085 3281 1137 τά
3305 1086 3364 1138 ἐν
3388 1085 3465 1155 τῷ
3491 1086 3640 1156 τόπῳ
3668 1087 3755 1139 λε-

2179 1179 2416 1249 γόμενα·
2451 1179 2581 1232 ὅπου
2618 1181 2950 1249 κατασκηνοῖ
2979 1178 3079 1248 μὲν
3109 1177 3297 1248 βουλὴν
3325 1180 3359 1247 ἡ
3416 1177 3604 1246 Σοφία,
3634 1180 3756 1231 ὲπι-

2180 1271 2421 1323 καλεῖται
2446 1268 2501 1321 δὲ
2529 1267 2843 1336 γνῶσιν-καὶ
2867 1266 3094 1334 ἔννοιαν,
3119 1268 3303 1337 κτῆμα
3322 1267 3378 1321 δὲ
3401 1267 3544 1337 ἔχειν
3569 1269 3752 1340 φησὶν,

2183 1363 2334 1434 ἰσχύν
2361 1379 2418 1415 τε
2454 1361 2548 1415 καὶ
2581 1360 2841 1432 φρόνησιν
2867 1377 2878 1390 ·
2913 1359 3052 1430 αὐτὴ
3077 1360 3131 1412 δὲ
3162 1359 3485 1431 ὀνομάζεται
3523 1361 3752 1426 σύνεσις’

2179 1459 2238 1510 ὲν
2289 1456 2428 1518 ὁδοῖς
2471 1455 2528 1509 δὲ
2582 1455 2902 1526 περιπατεῖν
2938 1452 3315 1522 δικαιοσύνης,
3353 1453 3447 1506 καὶ
3484 1454 3755 1523 ἀναμέσον

2177 1547 2311 1602 ὁδῶν
2343 1545 2707 1616 δικαιώματος
2737 1543 3192 1616 ἀναστρέφεσθαι.
3223 1545 3360 1613 Φησὶ
3382 1543 3440 1596 δὲ
3475 1543 3541 1596 δι’
3561 1545 3756 1616 ἑαυτῆς

2180 1639 2484 1710 βασιλεύειν
2515 1637 2640 1699 τοὺς
2677 1635 3060 1706 βασιλεύοντας
3087 1678 3102 1703 ,
3135 1635 3492 1707 δὶκαιοσύνην-
3525 1638 3757 1708 γράφειν

2176 1732 2302 1794 τοὺς
2346 1727 2802 1791 δυναστεύοντας,
2848 1725 2943 1780 καὶ
2988 1726 3085 1797 τῆς
3143 1726 3350 1780 ἑαυτῶν
3395 1731 3758 1798 κατακρατεῖν

2178 1821 2281 1890 γῆς
2306 1819 2432 1883 τοὺς
2458 1818 2772 1887 τυράννους.
2799 1816 2922 1870 Ὅτι
2949 1814 3057 1887 γὰρ
3082 1817 3232 1870 οὐδὲν
3264 1817 3366 1870 τῶν
3400 1817 3710 1888 εἰρημένων
3732 1821 3760 1872 6

2179 1908 2556 1980 λελογισμένος
2595 1907 2961 1973 ἀνεξετάστως
3005 1908 3069 1960 ὲκ
3113 1907 3209 1976 τῆς
3259 1907 3473 1977 ἑτοίμου
3521 1907 3760 1974 διανοίας

2179 1999 2556 2073 προσδέχεται,
2579 1999 2742 2052 παντὶ
2761 1997 2918 2068 δῆλόν
2941 1999 3107 2050 ἐστιν.
3128 1999 3191 2050 Ei
3219 1998 3327 2069 γὰρ
3351 1999 3401 2050 οἱ
3429 1997 3666 2068 βασιλεῖς
3693 2000 3761 2054 δι’

2179 2093 2400 2162 ἐκείνης.
2427 2095 2524 2146 έπί’
2544 2092 2641 2162 τὴν
2669 2091 2985 2146 δυναστείαν
3009 2094 3359 2163 προάγονται,
3385 2093 3479 2145 καλ⁵
3503 2093 3632 2163 παρ’
3663 2093 3765 2144 αὐ-

2177 2190 2276 2255 τῆς
2305 2188 2339 2256 ὴ
2370 2184 2749 2254 τυραννὶςτὴν
2791 2185 2941 2254 ἰσχὺν
2971 2183 3084 2256 ἔχει
3104 2201 3118 2215 ·
3149 2185 3360 2256 ἀνάγκη
3391 2187 3537 2239 πᾶσα
3563 2203 3766 2256 τυραν-

2179 2277 2389 2330 νοποιὸν
2421 2276 2549 2344 ἡμῖν
2580 2274 2680 2345 τὴν
2721 2274 2910 2343 σοφίαν
2938 2275 3296 2345 ἀναφανῆναι,
3333 2277 3428 2328 καὶ
3455 2276 3561 2328 τῶν
3592 2293 3763 2348 πονη-

2183 2365 2290 2435 ρῶς
2312 2367 2370 2418 ὲν
2406 2364 2649 2435 βασιλείᾳ.
2670 2364 3144 2419 δυναστευσάντων
3196 2367 3273 2428 είς
3306 2367 3503 2437 ἑαυτὴν
3535 2384 3762 2437 μετατιο

2181 2455 2326 2508 θέναι
2358 2455 2456 2519 τὰς
2491 2455 2746 2526 μέμψεις.
2791 2454 2930 2508 Ἀλλ’
2964 2454 3186 2525 οἴδαμεν
3218 2453 3474 2525 βασιλέας
3496 2457 3620 2520 τοὺς
3655 2457 3766 2511 ὑπὸ

2177 2549 2273 2618 τῆς
2301 2547 2490 2615 σοφίας
2522 2547 2688 2610 ὅντως
2722 2549 2801 2611 εἰς
2825 2547 2922 2619 τὴν
2953 2547 3307 2618 ἀτελεύτητον
3353 2550 3639 2619 προϊόντας
3672 2553 3768 2622 ἁρ-

2181 2639 2300 2709 χὴν,
2326 2638 2454 2700 τοὺς
2491 2638 2741 2706 πτωχοὺς
2779 2637 2855 2708 τῷ
2899 2639 3170 2708 πνεύματι
3200 2656 3212 2669 ’
3242 2632 3318 2692 ὧν
3346 2640 3529 2710 κτῆμα
3571 2643 3603 2711 ή
3654 2642 3770 2696 τῶν

2179 2726 2422 2798 οὐρανῶν
2455 2727 2572 2777 ἐστι
2610 2725 2884 2795 βασιλείαο
2917 2725 3097 2788 καθὼς
3123 2728 3152 2778 ό
3194 2725 3417 2796 Κύριος,
3451 2727 3508 2789 ὃς
3548 2728 3706 2780 ἐστιν
3737 2731 3766 2799 ἠ

2182 2819 2343 2888 σοφία
2371 2816 2464 2870 τοῦ
2508 2817 2864 2886 Εὐαγγελίου,
2911 2816 3425 2886 κατεπαγγέλλεται.
3477 2817 3767 2882 Τοιούτους

2181 2911 2274 2964 καὶ
2314 2910 2454 2975 τοὺς,
2483 2910 2749 2974 δυνάστας
2791 2908 3427 2980 έπιγινώσκομεν,,τοὺς
3463 2909 3604 2963 κατά
3655 2912 3767 2964 τῶν

2181 2999 2368 3054 παθῶν
2397 2999 2852 3064 δυναστεύοντας,
2885 3001 3011 3062 τοὺς
3049 2999 3120 3069 μὴ
3164 2998 3548 3067 δουλουμένους
3578 3002 3642 3070 τῇ
3679 3002 3767 3053 δυ-

2181 3092 2404 3163 ναστείᾳ
2439 3093 2536 3162 τῆς
2586 3091 2889 3161 ἁμαρτίας·
2936 3092 2985 3144 οἳ
3041 3091 3288 3158 καθάπερ
3329 3090 3497 3160 δέλτῳ
3540 3092 3649 3143 τινὶ
3695 3092 3769 3162 τῷ

2183 3181 2295 3250 ἰδίῳ
2324 3180 2423 3249 βίῳ
2453 3179 2550 3251 τὴν
2578 3179 2925 3252 δικαιοσύνην
2955 3179 3343 3250 ἐγγράφουσιν.
3380 3179 3567 3243 Οὕτως
3599 3182 3701 3235 καὶ
3735 3185 3772 3252 ἡ

2179 3272 2438 3342 ἐπαινετὴ
2462 3273 2734 3342 τυραννὶς,
2765 3274 2830 3343 τῇ
2860 3271 3148 3342 συμμαχίᾳ
3180 3271 3281 3341 τῆς
3317 3273 3505 3340 σοφίας
3529 3272 3623 3343 τὴν
3656 3274 3783 3326 τῶν.

2178 3360 2367 3414 παθῶν
2398 3361 2768 3433 δημοκρατίαν
2799 3363 2878 3423 είς
2903 3361 3000 3431 τὴν
3027 3359 3118 3413 τοῦ
3149 3361 3241 3413 νοῦ
3271 3361 3561 3431 μοναρχίαν
3594 3377 3770 3429 μεται-

2181 3454 2523 3518 σκευάσασα,
2576 3454 2907 3522 δουλαγωγεῖ
2965 3453 3033 3507 τὰ
3089 3453 3272 3517 κακῶς
3324 3455 3403 3517 εἰς
3446 3451 3768 3524 ἐλευθερίαν

2180 3547 2544 3618 ἀφηνιάζοντα
2564 3565 2578 3578 ο
2610 3547 2787 3600 πάντα
2814 3547 2883 3600 τά
2918 3549 3201 3616 σωματικά
3227 3564 3286 3599 τε
3314 3547 3407 3600 καὶ
3434 3549 3594 3617 γήϊνα
3617 3547 3768 3616 λέγω

2179 3639 2522 3708 φρονήματα.
2569 3637 2647 3691 ΊΙ’
2677 3638 2785 3708 γάρ
2816 3637 2950 3707 σὰρξ
2989 3637 3247 3708 ἐπιθυμεῖ
3296 3637 3436 3690 κατά
3473 3637 3566 3690 τοῦ
3596 3640 3767 3690 πνεύ-

2183 3747 2369 3800 ματος,
2403 3731 2498 3783 καὶ
2526 3733 2590 3800 τῇ
2627 3725 2768 3801 ἀρχῇ
2796 3730 2894 3800 τῆς
2923 3729 3103 3798 ψυχῆς
3127 3729 3503 3782 ἐπανίσταται.
3545 3729 3764 3799 Ταύτης

2178 3817 2272 3875 οὖν
2314 3823 2505 3892 κρατεῖ
2538 3822 2634 3890 τῆς
2668 3822 2769 3891 γῆς
2806 3822 2835 3872 ὁ
2871 3821 3110 3884 τοιούτος
3160 3820 3439 3890 τύραννος,
3469 3817 3536 3892 ἦς
3579 3823 3768 3893 ἄρχων

2183 3911 2385 3982 ἐτάχθη
2413 3911 2552 3964 κατά
2577 3911 2675 3983 τὴν
2705 3911 2929 3983 πρώτην
2953 3912 3127 3965 κτίσιν
3153 3912 3256 3964 ὑπὸ
3280 3912 3372 3964 τοῦ
3399 3912 3588 3979 Λόγου.

494 4001 732 4070 cogitata
762 4011 816 4054 et
845 3999 1027 4054 studia
1063 3998 1328 4066 intelligo.
1361 3995 1508 4051 C'aro
1550 3998 1692 4052 enim
1727 4001 2070 4070 concupiscit
2101 4003 2366 4060 adversus
2397 4005 2650 4074 spiritum
2691 4005 2711 4036 ‘
2747 4013 2800 4060 et
2827 4014 3018 4061 contra
3054 4005 3220 4059 animi
3253 4005 3538 4074 imperium
3568 4021 3766 4060 exsur-

492 4094 573 4165 git
597 4109 612 4146 :
649 4091 778 4144 huic
807 4091 973 4162 igitur
1007 4098 1166 4145 terra:
1193 4087 1511 4143 dominatur
1540 4088 1645 4144 iste
1671 4097 1971 4158 tyrannus,.
1992 4091 2151 4160 cujus
2177 4093 2432 4163 princeps
2457 4094 2755 4150 secundum
2786 4097 3014 4166 primam
3043 4097 3371 4153 creationem
3409 4113 3437 4150 a
3472 4096 3649 4151 Verbo
3679 4106 3767 4152 est

495 4186 810 4244 ordinatus.

567 4281 723 4335 Sicut
770 4280 935 4350 igitur
969 4278 1085 4334 haec
1138 4280 1210 4335 ab
1264 4280 1522 4336 omnibus
1586 4288 1732 4335 recte
1790 4282 2076 4337 sentienti-

496 4374 600 4427 bus
651 4371 1045 4435 conceduntur,
1110 4386 1233 4424 cum
1294 4371 1390 4424 tali
1447 4369 1800 4440 intelligentia
1851 4371 2075 4442 legenda

2269 4285 2356 4343 Ὠς
2395 4287 2571 4339 τοίνυν
2617 4287 2785 4340 ταῦτα
2841 4291 2990 4360 παρά
3029 4290 3244 4342 πάντων
3284 4289 3616 4360 ὁμολογεῖται
3647 4287 3765 4341 τῶν

2183 4377 2618 4447 εύφρονούντων,
2658 4379 2794 4449 μετά
2825 4380 3078 4450 τοιαύτης
3121 4381 3357 4444 διανοίας
3385 4378 3763 4447 ἀναγινώσκει

494 4479 618 4519 cssc
673 4463 853 4534 potius
917 4476 1090 4530 quam-
1137 4477 1260 4515 cum
1309 4476 1373 4517 ea
1424 4478 1548 4532 quia}:
1601 4464 1969 4518 corticetenus
2020 4464 2073 4518 in

2185 4469 2307 4522 σθαι
2343 4469 2541 4538 μᾶλλον
2574 4470 2607 4540 ἢ
2650 4471 2786 4541 μετά
2817 4471 2918 4541 τῆς
2960 4474 3073 4534 τοῖς
3114 4473 3299 4540 ῥητοῖς
3337 4469 3762 4540 ὲπιφαινομένης

497 4555 678 4611 verbis
757 4565 988 4623 apparet
1053 4552 1223 4621 prima
1293 4553 1473 4608 fronte
1543 4554 1749 4608 oblata.
1837 4552 1927 4607 Sic
2007 4569 2074 4608 ex

497 4647 892 4715 consequentia
929 4652 1360 4698 consentaneum
1412 4653 1533 4710 est,
1586 4647 1948 4699 cohan'entem
1990 4645 2075 4702 his

497 4751 688 4790 vocem
757 4736 905 4788 illam
971 4736 1367 4805 conscriptam,
1438 4751 1547 4790 non
1623 4737 1948 4806 simpliciter
2020 4745 2075 4792 et

499 4826 836 4894 inexplorato
903 4826 973 4880 ab
1042 4826 1128 4881 his
1189 4826 1283 4894 qui
1359 4834 1505 4880 recte
1569 4827 1787 4896 sapiunt
1837 4826 2074 4882 ad‘mitti:

503 4915 562 4971 Si
595 4915 992 4971 annuntiavero
1049 4917 1227 4980 vobis,
1285 4916 1487 4985 inquit,
1537 4932 1599 4970 ea
1655 4934 1777 4987 quae
1831 4917 2078 4987 quotidie

500 5011 660 5072 tiunt,
695 5015 751 5061 et
793 5006 841 5061 si
871 5007 925 5061 in
957 5008 1280 5062 memoriam
1328 5022 1660 5062 revocavere
1689 5023 1979 5063 numerare
2012 5022 2075 5061 ea

499 5116 621 5172 qua:
665 5114 696 5153 a
733 5099 937 5153 saeculo
990 5099 1134 5152 facta
1185 5106 1347 5160 sunt,
1400 5099 1653 5154 Dominus
1709 5100 1900 5153 crearit
1933 5116 2012 5154 me
2031 5101 2075 5153 τ.

499 5191 643 5261 Quid
677 5188 810 5244 mihi
855 5188 922 5242 ad
956 5188 1099 5242 hanc
1139 5189 1522 5244 vocem?dicet
1561 5206 1755 5246 servus
1797 5189 2076 5254 dictionis,

497 5284 594 5354 qui
643 5281 977 5353 syllabarum
1019 5294 1156 5334 sono
1201 5279 1439 5333 adh-.cret
1483 5279 1714 5335 Judaico
1765 5296 1938 5335 more.
1994 5283 2075 5333 An

499 5393 606 5431 non
649 5374 766 5430 hinc
803 5373 1098 5427 verborqu
1139 5372 1478 5426 constructio
1507 5372 1722 5426 videtur
1749 5386 1938 5426 eorum
1982 5387 2076 5425 au-

501 5468 676 5531 ditui,
708 5467 801 5539 qui
840 5466 1164 5522 attentiores
1200 5473 1351 5527 sunt,
1406 5465 1592 5518 nescio
1634 5467 1764 5534 quid
1808 5465 2075 5535 peregrini

500 5568 554 5613 et
597 5560 722 5613 novi
780 5559 1141 5628 ingenerare?
1197 5559 1254 5614 Si
1309 5557 1705 5612 annuntiavcro
1759 5557 1914 5609 vobis
1955 5572 2076 5626 qua:

577 5752 918 5830 ‘Prov.vut,
945 5761 1032 5819 12.
1108 5761 1128 5794 ⁵
1173 5759 1359 5816 Matth.
1386 5777 1434 5828 ν,
1475 5759 1530 5814 '5.
1610 5758 1628 5792 ⁸
1659 5757 1837 5814 Galat.
1867 5775 1915 5824 ν,
1955 5758 2035 5810 17.

2179 4557 2318 4613 κατὰ
2344 4559 2402 4611 τὸ
2429 4559 2718 4630 πρόχειρον
2736 4576 2752 4592 ο
2780 4559 2953 4622 οὕτως
2979 4560 3123 4623 εἰκός
3147 4562 3293 4612 ἐστιν
3327 4560 3391 4612 ὲκ
3417 4557 3511 4612 τοῦ
3535 4557 3732 4612 ἁκολού
3749 4589 3762 4597 -

2178 4650 2272 4705 θου
2295 4651 2577 4723 προσεχῶς
2602 4651 2808 4715 τούτοις
2833 4652 2930 4719 τὴν
2957 4651 3139 4721 φωνὴν
3166 4649 3381 4720 ἐκείνην
3410 4665 3764 4720 συγγεγραμ-

2183 4742 2373 4813 μένην,
2408 4742 2482 4813 μὴ
2514 4742 2698 4806 ἁπλῶς
2729 4760 2789 4795 τε
2821 4743 2912 4796 καὶ
2943 4743 3314 4807 ἀνεξετάστως
3345 4742 3504 4812 παρὰ
3533 4741 3641 4795 τῶν
3676 4739 3764 4794 eii-

2179 4833 2516 4903 φρονούντων
2539 4850 2615 4885 πα
2623 4833 2961 4904 ραδεχθῆναν
2991 4829 3115 4885 Ἐὰν
3127 4829 3429 4900 ἀναγγείλω
3445 4833 3475 4884 ὑ
3485 4835 3594 4903 μῖν,
3607 4849 3681 4902 φη
3690 4831 3761 4894 al,

2183 4923 2251 4975 τά
2278 4923 2403 4976 καθ’
2428 4925 2640 4995 ἡμέραν
2670 4925 2953 4993 γινόμενα,
2987 4921 3342 4992 μνημονεύσω
3372 4921 3442 4976 τά
3467 4920 3529 4988 ἐξ
3568 4922 3764 4983 αἰῶνος

2186 4997 2686 5084 ἁπαριθμήσασθαι,
2742 5014 2958 5080 Κύριος
3011 5011 3215 5064 ἔκτισέ
3241 5025 3349 5079 pe;
3384 5012 3450 5063 Τί
3503 5028 3593 5081 μοι
3626 5009 3764 5080 πρὸς

2185 5104 2646 5174 ταύτην,ὲρεί,τὴν
2670 5103 2902 5173 φωνὴν,ὁ
2927 5103 3026 5171 τῆς
3047 5103 3240 5168 λέξεως
3260 5101 3466 5168 δοῦλος,
3487 5104 3516 5155 ὁ
3543 5101 3618 5172 τῷ
3645 5102 3765 5171 imp

2186 5195 2293 5248 τῶν
2336 5193 2611 5247 συλλαϐῶν
2667 5193 2970 5257 Ἰουδαϊκῶς
3004 5193 3486 5265 προσκαθήμενος;
3529 5189 3654 5263 τΑρ’
3701 5192 3763 5243 ού

2183 5286 2330 5338 δοκεῖ
2365 5285 2611 5355 ξενισμὸν
2662 5288 2908 5357 ἐμποιεῖν
2957 5288 3024 5355 τῇ
3072 5286 3208 5355 ἀκοῇ
3247 5284 3353 5339 τῶν
3400 5287 3764 5337 ἐπιστατικως

2183 5376 2356 5443 τέρων
2409 5377 2445 5443 ἡ
2497 5374 2780 5440 σύνταξιςς
2830 5375 2955 5428 Ἐὰν
3001 5374 3306 5438 άναγγείλω
3347 5371 3586 5444 ύμῖν·τά
3637 5370 3762 5424 καθ’

2183 5462 2394 5532 ἡμέραν
2424 5464 2703 5532 γινόμενα,
2730 5465 3174 5532 Κύριοςὲκτισέ
3202 5481 3296 5533 με.
3316 5465 3400 5526 Ὠς
3427 5463 3520 5516 ἐὰν
3556 5460 3626 5531 μὴ
3670 5463 3766 5513 ἀνι

2184 5553 2412 5624 αγγείλῃ
2438 5555 2506 5608 τά
2530 5556 2650 5609 καθ’
2673 5556 2882 5627 ἡμέραν
2911 5556 3186 5626 γινόμενα,
3224 5555 3360 5610 κατά
3384 5553 3441 5608 τὺ
3471 5551 3765 5608 ἀκόλουθον

2118 5757 2317 5812 7Prov.
2354 5773 2471 5826 vui,
2507 5757 2597 5810 2'2.
