4054 6150
343 210 482 293 ,επ

1442 207 1742 263 comma
1777 205 2170 278 EUNOMIUM,
2203 205 2332 262 ua
2367 205 2452 262 ιιι.

3499 208 3614 266 επ

375 324 469 378 καὶ
496 324 558 377 τὸ
582 322 824 377 ἐκτίσθαι
847 323 1059 388 πάντως
1083 323 1391 393 ἀρνήσεται.
1428 322 1485 374 Ὀ
1514 323 1622 395 γὰρ
1648 324 1833 390 εἰπὼν,
1866 327 1947 378 ὅτι

2052 322 2300 393 quotidie
2332 321 2488 382 ﬁunt,
2536 318 2790 372 Dominus
2839 319 3028 374 creavit
3052 336 3165 375 me.
3199 319 3367 385 Quasi
3411 319 3516 376 nisi
3543 337 3622 375 ea

375 412 505 466 Ἐὰν
523 411 826 480 ἀναγγεῖλω
838 415 1112 484 ἐκτίσθην,
1125 412 1320 465 δέδωκε
1342 416 1478 465 νοεῖν
1501 415 1638 466 κατά
1653 415 1714 468 τὸ
1733 415 1948 467 σιωπὼ-

380 521 574 574 μενον,
606 503 686 554 ὅτι
709 502 825 557 Οὐκ
859 503 1112 574 ὲκτίσθην
1142 503 1235 555 ἐὰν
1275 505 1347 572 μὴ
1378 504 1700 572 ἀναγγείλω.
1739 505 1952 572 Κύριος

375 593 578 646 ἔκτισε-ἐ
604 609 700 662 με,
738 593 922 662 φησιν,
945 593 1141 663 ἀρχὴν
1167 594 1321 648 ὁδῶν
1345 597 1549 659 αὐτοῦ,
1568 597 1658 659 εις
1678 593 1820 663 ἔργα
1846 596 1952 648 αὑ-

377 683 506 746 τοῦ,
536 684 642 752 πρὸ
670 685 762 736 τοῦ
790 685 982 749 αἰῶνος
1011 686 1335 756 ὲθεμελὶωσέ
1364 705 1431 757 με
1459 688 1516 740 έν
1541 687 1706 757 ἀρχῇ,
1736 685 1841 757 πρὸ
1861 686 1952 739 τοῦ

373 775 468 846 τὴν
493 775 596 844 γῆν
624 777 865 845 ποιῆσαι,
895 776 1002 848 πρὸ
1030 777 1122 830 τοῦ
1149 779 1246 841 τὰς
1273 778 1542 840 ἀϐύσσους
1572 779 1818 848 ποιῆσαι,
1846 777 1953 848 πρὸ

373 865 466 918 τοῦ
512 867 793 936 προελθεῖν
825 867 942 930 τὰς·
958 869 1139 939 πηγὰς
1170 871 1278 922 τῶν
1311 870 1550 933 ὑδάτων,
1589 869 1694 939 πρὸ
1724 869 1817 922 τοῦ
1851 868 1950 939 ὅρη

272 1001 274 1004 μ
359 959 734 1030 ’ἑδρασθῆναιο
769 960 874 1030 πρὸ
906 960 962 1014 δὲ
992 960 1441 1030 πάντωνβουνῶν
1461 963 1632 1031 γεννᾷ
1664 977 1756 1031 με.
1789 961 1885 1023 Τίς
1917 962 1948 1030 ἡ

380 1051 540 1120 καινὴ
578 1050 678 1120 τῆς
714 1051 1056 1120 κατασκευῆς
1099 1051 1520 1121 τοῦκτίσματος
1553 1051 1740 1104 τούτου
1771 1050 1950 1115 τάξις;

380 1143 604 1214 Πρῶτον
642 1142 917 1207 κτίζεται,
960 1143 1051 1195 καὶ
1095 1143 1236 1212 μετὰ
1274 1141 1431 1195 τοῦτο
1458 1141 1829 1212 θεμελιοῦται,
1858 1143 1953 1195 καὶ

374 1236 497 1287 τότε
524 1234 794 1302 γεννᾶται.
830 1232 1024 1303 Κύριος
1065 1233 1307 1304 ἐποίησε,
1330 1233 1505 1305 φησὶ,
1528 1227 1716 1305 ,χώρας
1765 1234 1952 1303 ἀοική-

376 1341 520 1387 τους,
569 1324 660 1375 xui.
702 1323 845 1394 ἄκρα
882 1322 1171 1394 οἰκούμενα
1206 1325 1304 1394 τῆς
1344 1323 1434 1377 ὑπ’
1486 1323 1732 1394 οὐρανόν.
1794 1325 1951 1376 Ποῖον

372 1415 579 1486 Κύριον
608 1414 757 1482 λέγει
785 1413 968 1484 χώρας
1010 1416 1264 1486 ἀοικήτου
1307 1415 1538 1486 ποιητὴν
1564 1414 1673 1467 -καὶ
1703 1414 1952 1483 οἰκουμέ-

376 1524 504 1578 νης;
539 1508 762 1571 Πάντως
785 1507 876 1559 τὸν
908 1508 1001 1560 καὶ
1029 1507 1124 1578 τὴν
1151 1508 1339 1575 σοφίαν
1361 1509 1684 1579 ποιήσαντα.
1723 1507 1820 1560 Ἐκ
1843 1505 1950 1574 γὰρ

376 1595 468 1647 τοῦ
494 1595 658 1648 αὑτοῦ
685 1595 971 1665 προσώπου
1005 1598 1095 1649 καὶ
1120 1588 1274 1661 οὗτος
1312 1598 1561 1660 κάκεῖνος
1577 1598 1611 1648 ὁ
1637 1596 1813 1664 λόγος,
1839 1597 1866 1648 ὅ
1888 1612 1948 1647 τε

375 1686 455 1750 τὸ,
495 1687 735 1740 Ἕκτισέ
759 1704 836 1754 με
861 1687 1277 1756 Κύριος,λέγων
1298 1726 1312 1751 ,
1344 1689 1492 1742 καὶὸ
1521 1689 1830 1759 προστιθεὶς
1865 1689 1949 1752 τὸ,
1983 1669 2027 1724 Β

365 1779 672 1844 ’Ἐποίησε
691 1779 906 1846 Κύριος
926 1779 1115 1846 χώρας
1135 1779 1230 1832 καὶ
1252 1780 1587 1846 ἀοικήτους.
1607 1780 1815 1834 Οὐκοῦν
1831 1781 1951 1833 ἐπί-

378 1885 476 1938 σης
497 1868 604 1920 τῶν
627 1869 719 1921 δύο
743 1869 1070 1940 δημιουργὸς
1095 1869 1244 1923 ἔσται
1269 1872 1298 1923 6
1325 1871 1548 1942 Κύριος,
1571 1872 1742 1942 αὐτῆς
1765 1888 1823 1924 τε
1852 1874 1951 1942 τῆς

379 1959 590 2028 σοφίας,
606 1959 808 2030 καὶτῆς
831 1961 1153 2031 οἰκουμένης
1167 1979 1226 2014 τε
1239 1962 1331 2015 καὶ
1341 1963 1598 2033 ἀοικήτου
1615 1963 1818 2034 χώρας.
1838 1962 1948 2016 Ποῦ

373 2049 554 2102 τοίνυν
600 2050 671 2104 τὰ
694 2051 890 2104 πάντα
915 2052 1011 2105 διὰ
1039 2051 1146 2106 τοῦ
1184 2053 1319 2107 Υἱοῦ
1344 2054 1600 2122 ἐγένετο,
1639 2056 1735 2108 καὶ
1771 2055 1950 2124 χωρὶς

374 2142 562 2196 αὐτοῦ
601 2142 740 2196 οὐδὲ
760 2141 858 2206 ἐν;
884 2143 946 2195 Εἰ
981 2142 1089 2212 γὰρ
1122 2143 1150 2196 6
1179 2144 1339 2206 αὐτὸς
1367 2145 1569 2215 Κύριος
1611 2147 1704 2198 καὶ
1734 2146 1831 2216 τὴν
1859 2163 1950 2198 σο-

377 2235 505 2302 φίαν
539 2233 730 2298 κτίζει,
771 2235 836 2304 ἣν
868 2233 993 2286 ἀντὶ
1028 2233 1120 2286 τοῦ
1165 2234 1293 2286 Υἱοῦ
1329 2237 1466 2289 νοεῖν
1502 2234 1946 2306 συμϐουλεύουσι,

377 2319 471 2372 καὶ
502 2319 570 2371 τὰ
596 2320 714 2372 καθ’
742 2321 967 2374 ἕκαστον
992 2321 1090 2373 ὅσα
1184 2322 1358 2387 κτίσις
1387 2322 1521 2393 ἔχει,
1549 2324 1666 2388 πῶς
1698 2325 1948 2395 ἀληθεύει

376 2412 406 2462 6
450 2410 650 2481 ὑψηλὸς
708 2411 977 2480 Ἰωάννης,
1032 2413 1209 2466 πάντα
1261 2413 1432 2482 λέγων
1459 2415 1541 2468 ιδι’
1584 2415 1747 2468 αὐτοῦ
1795 2433 1950 2484 γεγε-

375 2503 602 2573 νῆσθαι;
646 2503 1083 2573 ’Δντιφθέγγεται
1108 2503 1215 2575 γὰρ
1308 2507 1499 2577 Γραφὴ
1523 2507 1659 2580 αὕτη
1689 2509 1823 2579 πρὸς
1848 2509 1948 2580 τὴν

376 2595 467 2647 τοῦ
513 2594 838 2662 Εὑαγγελίου
868 2596 1069 2667 φωνὴν,
1097 2596 1174 2667 τῷ
1206 2596 1302 2668 τὴν
1337 2599 1527 2667 σοφίαν
1557 2601 1822 2665 κτίσαντι,
1852 2604 1950 2673 τῆς

365 2687 629 2757 ,ἀοικήτου
671 2703 728 2738 τε
764 2686 857 2739 καὶ
901 2688 1221 2758 οἰκουμένης
1267 2689 1449 2761 χώρας
1493 2693 1807 2747 ἀνατιθεῖσα
1850 2695 1949 2765 τὴν

375 2776 593 2844 ποίησιν
613 2793 626 2803 ⁸
669 2773 809 2826 οὕτω
842 2775 896 2828 δὲ
927 2777 1019 2828 καὶ
1056 2774 1128 2828 τὰ
1162 2777 1356 2847 ἐφεξῆς
1392 2777 1568 2832 πάντα
1601 2779 1784 2850 Θρὸνον
1815 2780 1946 2833 Θεοῦ

361 2882 495 2917 τινα
534 2864 885 2934 διεξέρχεται,
920 2867 1003 2917 ἐπ’
1042 2867 1258 2937 ἀνέμων
1298 2854 1722 2939 ἁφοριζόμενονξ
1754 2871 1948 2942 ἰσχυρὰ

377 2953 622 3024 γίνεσθαι
649 2954 717 3006 τὰ
745 2955 854 3008 ἄνω
878 2954 1012 3024 νέφη
1042 2956 1210 3024 λέγει,
1237 2957 1330 3010 καὶ
1356 2959 1612 3027 ἀσφαλεῖς
1643 2961 1739 3024 τὰς
1779 2962 1947 3014 ὑπου-

367 3045 595 3117 ,ρανίους
643 3045 845 3115 πηγὰς,
880 3047 972 3099 καὶ
1008 3047 1177 3102 πολλὰ
1205 3048 1423 3102 τοιαῦτα
1460 3051 1699 3122 περιέχει
1733 3054 1767 3123 ἡ
1807 3053 1947 3123 σύμ-

375 3154 602 3207 φρασις,
657 3137 852 3206 πολλὴν
890 3136 1248 3209 ἐπιζητοῦντα
1286 3140 1384 3209 τὴν
1429 3141 1515 3194 διὰ
1550 3141 1750 3213 λεπτῆς
1805 3161 1947 3208 τινος

375 3229 468 3282 καὶ
487 3229 799 3300 διορατικῆς
830 3230 1024 3299 φρενὸς
1046 3231 1440 3302 εὑρισκομένην
1467 3237 1526 3287 ὲν
1551 3237 1664 3298 τοῖς
1691 3242 1946 3307 προειρη-

377 3320 558 3390 μένοις
581 3319 834 3374 διάνοιαν.
871 3321 966 3385 Τίς
989 3324 1018 3374 6
1049 3324 1133 3376 ἐπ’
1161 3325 1376 3394 ἀνέμων
1409 3326 1797 3396 ἀφοριζόμενος
1820 3326 1948 3400 θρό-

375 3427 496 3475 νος;
544 3411 640 3474 Τίς
678 3413 711 3481 ἡ
747 3411 1015 3480 ἀσφάλεια
1047 3411 1154 3466 τῶν
1190 3413 1296 3466 ὑπὸ
1323 3415 1413 3468 τὸν
1445 3415 1670 3485 οὐρανὸν
1712 3417 1942 3487 πηγῶν;

376 3494 500 3562 Πῶς
538 3501 731 3570 ἰσχυρά
757 3499 963 3567 γίνεται
992 3500 1062 3554 τά
1097 3501 1207 3556 ἄνω
1239 3502 1408 3573 νέφη;
1450 3504 1512 3556 Et
1553 3505 1660 3577 γάρ
1692 3523 1774 3567 τις
1809 3505 1946 3576 πρὸς

375 3590 444 3643 τὰ
467 3591 764 3661 φαινόμενα
793 3591 964 3662 κρίνοι
988 3591 1079 3644 τὸν
1101 3592 1276 3661 λόγον,
1308 3593 1508 3664 πολλὴν
1526 3597 1745 3666 εὑρήσει
1769 3595 1946 3666 μάχην

375 3682 484 3736 τῶν
509 3681 847 3753 πραγμάτων
883 3682 1018 3754 πρὸς
1038 3683 1106 3736 τὰ
1128 3684 1413 3755 λεγόμενα.
1437 3685 1532 3748 Τίς
1554 3687 1660 3758 γὰρ
1681 3689 1780 3741 οὐκ
1806 3683 1946 3741 οἶδεν

375 3775 458 3828 ὅτι
489 3773 556 3827 τὰ
589 3773 732 3845 ἄκρα
762 3773 860 3844 τῆς
889 3774 981 3826 ὑπ’
1017 3774 1263 3845 οὐρανὸν,
1297 3776 1331 3844 ἢ
1375 3774 1453 3845 τῷ
1476 3775 1596 3828 λίαν
1633 3775 1946 3846 καθομιλεῖν

375 3868 440 3936 τῇ
457 3864 549 3916 τοῦ
569 3864 721 3935 ἡλίου
747 3863 1061 3935 θερμότητι,
1083 3864 1116 3934 ἢ
1140 3863 1217 3935 τῷ
1241 3865 1360 3919 καθ’
1386 3866 1690 3938 ὑπερϐολὴν
1717 3869 1948 3937 ἀφεστά-

375 3973 484 4016 ναι,
514 3954 601 4007 διὰ
631 3954 728 4024 τὴν
759 3955 881 4008 καθ’
911 3955 1166 4025 ἑκάτερον
1200 3956 1469 4028 ἀμετρίαν
1495 3958 1643 4011 ἐστὶν
1676 3960 1903 4032 ἀοίκητα
1929 3977 1944 4026 ;

374 4045 440 4098 τά
477 4044 576 4114 μὲν
607 4044 750 4114 ξηρά
788 4061 848 4097 τε
883 4045 977 4097 καὶ
1008 4045 1200 4116 διακαῆ
1231 4046 1377 4118 πέρα
1407 4046 1500 4101 τοῦ
1545 4050 1763 4121 μετρίου
1804 4051 1946 4119 γινό-

379 4150 514 4205 μενα
531 4149 547 4163 ο
568 4133 636 4187 τὰ
664 4133 719 4186 δὲ
751 4132 829 4204 τῷ
853 4133 1003 4204 ὑγρῷ
1036 4133 1414 4202 πλεονάζοντα,
1443 4138 1538 4191 καὶ
1565 4140 1947 4212 κατεψυγμένα

375 4223 462 4278 διὰ
490 4224 590 4294 τῆς
618 4223 852 4294 πήξεως·
887 4227 1112 4279 οἰκεῖται
1138 4227 1194 4280 δὲ
1225 4229 1360 4298 μόνα
1388 4230 1488 4284 ὅσα
1529 4234 1630 4301 τῆς
1656 4233 1774 4286 καθ’
1815 4234 1946 4288 ἑκά-

2054 426 2176 480 quae
2204 410 2342 464 ﬁunt
2377 408 2808 472 annuntiaverit,
2844 409 2896 462 vi
2938 411 3348 467 consecutionis
3374 426 3435 466 se
3468 425 3623 466 crea-

2055 511 2167 554 tum
2199 515 2427 570 prorsus
2459 501 2701 569 negabit.
2736 499 2840 566 Qui
2872 501 3017 555 enim
3053 501 3212 564 dixit,
3234 502 3291 559 Si
3329 502 3624 556 annuntia-

2052 603 2183 646 vero
2223 600 2441 646 creatus
2483 606 2629 656 sum,
2665 593 2863 646 animo
2887 592 3298 660 intelligendum
3324 592 3488 646 tacite
3527 594 3624 648 de-

2053 683 2152 746 dit,
2185 684 2329 751 quod
2356 684 2473 739 Non
2497 689 2716 736 creatus
2751 697 2895 746 sum,
2927 682 3034 736 nisi
3062 684 3486 738 annuntiavero.
3522 683 3625 738 Do-

2056 773 2228 825 minus
2251 783 2444 827 creavit
2478 789 2575 836 me,
2604 773 3149 842 inquit.-principium
3175 775 3379 828 ciarum
3406 792 3624 829 suarum

2053 865 2122 918 ad
2174 882 2332 934 opera
2396 867 2555 933 ejus;
2613 875 2737 918 ante
2801 867 3061 920 saeculum
3118 864 3367 920 fundavit
3425 881 3510 922 me
3568 867 3624 921 in

2037 957 2349 1026 principio,
2385 965 2675 1025 antequam
2701 962 2928 1020 terram,
2957 964 3247 1027 antequam
3281 959 3512 1030 abyssos
3546 960 3624 1014 fc-

2053 1049 2256 1110 cisset,
2313 1048 2635 1116 priusquam
2697 1045 2884 1101 cientes
2941 1061 3208 1116 aquarum
3274 1051 3620 1120 erupissent,

2051 1140 2378 1210 priusquam
2418 1146 2633 1192 montes
2665 1138 3101 1204 cssent‘ﬁrmati,
3139 1147 3264 1194 ante
3293 1156 3486 1197 omnes
3509 1145 3625 1196 col-

2051 1229 2131 1284 les
2178 1228 2367 1298 genuit
2423 1243 2527 1283 me.
2560 1228 2703 1294 Quis
2762 1244 2938 1284 novus
2975 1232 3406 1287 constructionis
3458 1234 3623 1302 hujus

2050 1329 2315 1376 creaturae
2336 1321 2507 1375 ordo?
2531 1321 2765 1390 primum
2792 1331 3012 1376 creatur
3039 1330 3092 1376 et
3119 1331 3304 1390 postea
3338 1323 3616 1389 fundatur,

2052 1421 2167 1465 tum
2201 1427 2335 1466 vero
2379 1411 3206 1480 etiamgeneratum-Dominus,
3257 1413 3456 1483 inquit,
3493 1414 3625 1469 fecit

2049 1503 2304 1573 regiones
2336 1520 2444 1559 non
2483 1504 2775 1566 hahitatas,
2806 1511 2861 1558 et
2901 1505 3281 1560 extremitates
3317 1514 3474 1561 terra)
3503 1521 3626 1576 qua!

2051 1598 2371 1651 incoluntur
2418 1597 2520 1652 sub
2559 1595 2724 1651 cmlo.
2759 1594 2987 1662 Qualem
3011 1595 3312 1651 Dominum
3365 1597 3498 1652 dicit
3536 1614 3625 1653 re-

2055 1690 2235 1761 gionis
2268 1690 2492 1744 inculta:
2521 1697 2576 1744 et
2615 1688 2874 1742 habitata:
2903 1687 3206 1742 faetorem?
3231 1686 3468 1742 Omnino
3497 1704 3623 1744 eum

2054 1779 2146 1848 qui
2185 1777 2507 1846 sapientiam
2550 1776 2675 1831 fecit
2709 1793 2722 1830 :
2753 1790 2816 1830 ex
2868 1773 3056 1829 eadem
3097 1775 3243 1828 enim
3292 1788 3527 1842 persona
3569 1780 3624 1828 et

2056 1869 2144 1924 hic
2177 1875 2232 1922 et
2260 1868 2350 1922 ille
2386 1879 2592 1929 sermo,
2623 1874 2679 1918 et
2707 1864 2799 1934 qui
2831 1858 3221 1924 dieit,-Creavit
3249 1861 3622 1927 meDominus,

2053 1957 2225 2027 etqni
2259 1953 2639 2024 adjicit,.Fecit
2685 1953 2942 2007 Dominus
2991 1953 3225 2022 regiones
3275 1953 3435 2006 etiam
3465 1953 3621 2006 inha-

2053 2045 2272 2114 bitatas.
2307 2043 2475 2112 Igitur
2500 2042 2784 2112 aequaliter
2828 2043 3062 2096 duorum
3090 2041 3340 2096 conditor
3368 2043 3475 2096 erit
3513 2041 3624 2096 Do-

2053 2137 2259 2198 minus,
2296 2135 2580 2203 ipsiusqne
2611 2132 2926 2202 sapientiae,-
2958 2143 3012 2186 et
3049 2123 3209 2187 terrai
3237 2147 3359 2203 quae
3403 2133 3623 2186 habita-

2053 2236 2143 2280 tur
2174 2237 2226 2282 et
2260 2240 2380 2294 quae
2421 2239 2531 2279 non
2567 2225 2870 2278 habitatur.
2902 2224 3186 2289 Quomodo
3235 2225 3402 2294 igitur
3443 2225 3621 2278 onmiu

2035 2333 2141 2386 .per
2194 2315 2396 2369 Filium
2435 2315 2599 2384 ,facta
2655 2323 2810 2378 sunt,
2859 2323 2909 2367 et
2967 2315 3079 2368 sine
3147 2308 3262 2384 ipso
3316 2315 3621 2370 niltil'?Si

2049 2409 2196 2464 enim
2224 2407 2366 2463 idem
2397 2405 2661 2462 Dominus
2693 2413 2748 2460 et
2787 2407 3109 2477 sapientiam
3139 2414 3288 2462 creat
3316 2410 3500 2478 (quam
3516 2422 3623 2478 pro

2042 2499 2190 2554 Filio
2229 2500 2533 2570 intelligere
2561 2498 2905 2567 consulunt),
2937 2507 2990 2552 et
3031 2499 3242 2569 singula
3276 2515 3398 2570 quae
3437 2509 3620 2555 creata

2029 2602 2214 2647 “sunt:
2244 2590 2520 2660 quomodo
2549 2590 2800 2645 sublimis
2819 2587 3073 2644 Joannes
3101 2605 3287 2644 verum
3320 2590 3473 2654 dicit,
3496 2605 3620 2646 om-

2051 2685 2142 2738 nia
2181 2698 2275 2752 per
2324 2684 2502 2753 ipsum
2547 2681 2698 2736 facta
2739 2683 2896 2737 esse?
2937 2682 3271 2736 contradicit
3304 2683 3457 2738 enim
3505 2684 3622 2738 hac

2048 2776 2333 2844 Scriptura
2363 2775 2484 2828 voci
2517 2773 2815 2843 Evangelii,
2848 2773 2898 2827 ei
2929 2773 3021 2843 qui
3059 2774 3384 2843 sapientiam
3407 2774 3620 2828 creavit

2049 2867 2424 2922 inhabitabilis
2459 2876 2512 2921 et
2545 2865 2862 2933 habitabilis
2891 2866 3130 2935 regionis
3162 2865 3494 2922 creationem
3528 2881 3618 2922 as-

2049 2965 2296 3032 signans.
2333 2960 2424 3014 Sic
2453 2958 2620 3013 etiam
2658 2957 2854 3012 omnia
2899 2972 3020 3027 qua:
3053 2957 3310 3027 deinceps
3355 2967 3613 3012 enarrat:

2051 3053 2307 3106 thronum
2345 3049 2635 3120 quemdam
2690 3048 2784 3103 Dei
2822 3063 2966 3116 esse,
3018 3064 3183 3120 super
3221 3049 3399 3104 ventis
3439 3050 3618 3104 deter-

2047 3145 2334 3205 minatnm,
2382 3156 2504 3210 qua:
2552 3154 2718 3210 supra
2763 3148 2894 3194 sunt
2945 3139 3114 3194 nubes
3157 3141 3360 3194 ﬁrmari
3415 3141 3512 3204 ait,
3562 3151 3618 3194 et

2047 3241 2195 3287 tutos
2265 3230 2622 3286 subcmlestes
2669 3227 2868 3291 fontes,
2902 3236 2956 3282 et
2999 3228 3166 3281 multa
3203 3229 3331 3282 talia
3375 3230 3618 3298 comple-

2038 3328 2216 3382 ctitur
2243 3322 2522 3380 orationis
2566 3327 2876 3383 contextus,
2906 3335 3026 3389 qum
3073 3321 3261 3375 subtili
3298 3321 3530 3390 quadam
3562 3332 3618 3376 et

2039 3416 2349 3488 perspicaci
2389 3421 2573 3470 mente
2613 3413 2667 3466 in
2700 3412 2977 3483 prtedictis
3015 3412 3376 3481 excogitatam
3419 3414 3618 3482 requi—

2046 3518 2175 3565 runt
2217 3506 2654 3577 intelligentiam.
2709 3505 2844 3570 Quis
2886 3519 3052 3573 super
3105 3503 3284 3558 ventis
3322 3503 3616 3560 distinctus

2046 3599 2316 3655 thronus?
2363 3597 2494 3662 Quae
2540 3596 2810 3651 securitas
2863 3595 2978 3651 sive
3026 3601 3144 3647 tuta
3181 3594 3340 3649 sedes
3385 3594 3614 3649 fontium

2045 3689 2138 3760 qui
2187 3689 2290 3744 sub
2327 3687 2469 3742 cmlo
2523 3685 2690 3740 sunt?
2731 3683 3006 3754 quomodo
3048 3683 3216 3737 ﬁrma:
3261 3683 3396 3738 ﬁunt
3441 3687 3617 3742 nubes

2045 3795 2167 3850 qua:
2200 3793 2420 3834 sursum
2455 3775 2622 3831 sunt?
2653 3776 2698 3830 si
2730 3776 2853 3844 quis
2882 3791 2949 3830 ex
2983 3789 3047 3830 ea
3084 3790 3208 3844 quae
3235 3785 3460 3847 apparet
3488 3794 3614 3848 spe-

2046 3872 2129 3926 cie
2159 3884 2466 3926 sermonem
2493 3867 2721 3936 judicet,
2768 3882 3020 3936 magnam
3074 3882 3255 3922 rerum
3306 3885 3616 3940 repugnan-

2041 3961 2178 4015 tiam
2229 3974 2354 4014 cum
2402 3959 2471 4013 iis
2503 3972 2625 4025 qua:
2673 3956 2934 4010 dicuntur
2986 3955 3244 4012 inveniet.
3279 3957 3414 4024 Quis
3467 3961 3643 4032 enim,

2045 4052 2262 4122 ignorat
2311 4055 2554 4104 extrema
2593 4055 2752 4102 terrae
2801 4048 2906 4102 sub
2945 4048 3106 4112 cmlo,
3149 4049 3232 4104 vel
3279 4050 3616 4116 quia-nimis

2046 4143 2178 4198 solis
2216 4140 2385 4196 calori
2419 4140 2531 4195 sint
2574 4137 2753 4193 aiiinia
2787 4145 2844 4193 et
2877 4139 3205 4210 propinqua,
3237 4141 3319 4192 vel
3352 4141 3481 4208 quia
3525 4157 3617 4194 su-

2046 4247 2143 4302 pra
2189 4231 2408 4287 modum
2457 4231 2660 4286 distent
2705 4227 3003 4298 disjur/cta,
3054 4238 3281 4299 propter
3327 4230 3617 4300 utriusque

373 4323 532 4386 τερον
558 4314 666 4367 τῶν
687 4313 942 4369 ἐναντίων
967 4318 1265 4389 ἀκρότητος
1288 4321 1483 4391 ἐπίσης
1511 4322 1837 4394 ἀπῴκισται.
1881 4326 1944 4379 Ei

2049 4322 2553 4376 immoderationem
2577 4336 2685 4375 non
2715 4321 2948 4375 habitari
2975 4321 3169 4389 posse?
3199 4320 3368 4374 altera
3390 4322 3612 4391 quidem

375 4409 430 4461 δὲ
459 4407 521 4460 τὸ
561 4407 723 4477 μέσον
756 4410 852 4478 τῆς
879 4409 982 4480 γῆς
1009 4409 1114 4462 ὑπὸ
1144 4410 1252 4465 τῶν
1290 4412 1590 4484 ἀνθρώπων
1615 4415 1940 4485 διείληπται,

375 4499 493 4562 πῶς
520 4498 589 4551 τὰ
620 4497 763 4572 ἄκρα
801 4499 947 4567 λέγει
977 4501 1075 4571 τῆς
1105 4501 1194 4554 ὑπ’
1228 4502 1453 4574 οὐρανὸν
1485 4507 1748 4560 οἰκεῖσθαι
1775 4509 1807 4578 ή
1840 4525 1945 4561 πα-

374 4591 592 4662 ροιμία;
621 4592 716 4655 Τίς
742 4591 849 4663 γὰρ
879 4591 1030 4662 ἰσχὺς
1067 4591 1425 4672 ένθεωρηθείη
1459 4598 1572 4659 τοῖς
1604 4598 1838 4666 νέφεσιν,
1867 4601 1944 4662 ὡς

375 4681 658 4752 ἀληθεύειν
685 4682 776 4735 τὸν
809 4682 964 4750 λόγον
1003 4685 1144 4737 κατά
1174 4685 1273 4755 τὴν
1311 4685 1596 4758 πρόχειρον
1623 4689 1850 4752 ἔννοιαν,
1886 4691 1945 4753 ὃς

376 4790 540 4843 φησιν
584 4773 780 4845 ίσχυρά
819 4774 1142 4846 γεγενῆσθαι
1187 4776 1254 4829 τὰ
1293 4777 1404 4832 ἄνω
1430 4779 1593 4848 νέφη;
1617 4779 1941 4851 Μανώτερος

374 4863 482 4932 γὰρ
508 4863 594 4926 τίς
625 4864 771 4916 ἐστιν
803 4863 993 4934 ἀτμὸς,
1029 4866 1063 4935 ἡ
1103 4865 1196 4918 τοῦ
1242 4866 1435 4936 νέφους
1479 4867 1638 4936 φύσις
1670 4869 1810 4923 κατά
1851 4871 1942 4924 τὸν

375 4955 510 5028 ἀέρα
540 4957 901 5028 διαχεόμενος*
930 4958 988 5020 ὃς
1010 4959 1282 5029 ἐποχεῖται
1313 4960 1411 5030 μὲν
1436 4959 1514 5030 τῷ
1533 4962 1762 5034 ἐναερίῳ
1782 4963 1942 5016 πνεύ-

376 5062 506 5114 ματι
534 5045 622 5100 διὰ
650 5047 850 5116 πολλὴν
886 5045 1188 5118 λεπτότητα
1217 5042 1427 5116 ’κοῦφος
1457 5049 1767 5120 γενόμενος,
1814 5053 1941 5120 συρ-

375 5136 522 5206 ρυεὶς
544 5135 598 5189 δὲ
620 5137 755 5208 πρὸς
780 5137 968 5191 ἑαυτὸν
987 5139 1053 5190 ὲκ
1080 5139 1178 5209 τῆς
1205 5139 1609 5208 συμπιλήσεως,
1633 5140 1940 5194 διεκπίπτει

372 5227 465 5280 τοῦ
496 5226 780 5298 ἀνέχοντος
807 5228 1136 5301 πνεύματος,
1169 5230 1382 5299 σταγὼν
1420 5230 1611 5302 βαρεῖα
1641 5232 1939 5300 γινόμενος.

373 5317 468 5381 Τίς
497 5314 589 5371 οὖν
624 5321 770 5373 ἐστιν
799 5323 856 5374 ὲν
878 5321 1087 5386 τούτοις
1113 5324 1147 5391 ἡ
1187 5323 1339 5392 ἰσχὺς
1372 5323 1428 5375 ὲν
1456 5317 1538 5385 οἷς
1572 5321 1796 5392 οὐδεμία
1831 5326 1944 5387 τοῖς

371 5405 699 5478 ἁπτομένοις
723 5399 1004 5481 ἀντίληψις
1029 5409 1268 5479 γίνεται;
1303 5412 1376 5465 Τὸ
1403 5411 1511 5482 γὰρ
1543 5410 1711 5481 μανὸν
1734 5409 1824 5464 τοῦ
1851 5410 1943 5464 ἀέ-

442 5585 474 5656 '_
494 5583 654 5644 Joan.
683 5602 721 5655 ι,
753 5587 805 5641 ⁸5.

2048 4414 2198 4469 sicca
2242 4421 2296 4467 et
2343 4419 2479 4467 testu
2533 4411 2796 4467 ferventia
2830 4412 2975 4465 ultra
3028 4411 3365 4465 moderatam
3413 4422 3619 4482 tempe-

2051 4504 2186 4558 riem
2215 4518 2374 4568 esse;
2417 4503 2591 4557 altera
2631 4517 2758 4556 vero
2799 4500 3024 4555 humido
3056 4501 3421 4556 redundantia
3453 4503 3619 4572 frigo-

2051 4594 2205 4649 ribus
2238 4600 2293 4648 et
2325 4591 2540 4662 pruinis
2573 4591 2886 4661 obriguisse
2917 4609 2930 4645 :
2961 4589 3279 4645 habitantur
3324 4600 3504 4646 autem
3554 4609 3616 4646 ea

2050 4686 2165 4740 sola
2197 4700 2317 4755 quae
2353 4685 2421 4740 ab
2463 4693 2692 4754 utraque
2729 4685 3075 4740 estremitate
3107 4684 3389 4754 aequaliter
3423 4685 3616 4742 dissita

2049 4784 2179 4832 sunt
2204 4785 2258 4831 et
2295 4790 2544 4832 seorsum
2581 4775 2870 4829 collocata.
2905 4776 3062 4842 Quod
3101 4776 3147 4831 si
3181 4787 3338 4830 teme
3375 4779 3614 4833 medium

2049 4869 2118 4923 ab
2173 4869 2489 4923 hominibus
2540 4877 2843 4938 occupatur
2895 4877 2951 4924 et
3007 4871 3286 4937 incolitur,
3341 4876 3619 4943 quomodo

2048 4967 2294 5016 extrema
2344 4960 2495 5014 orbis
2542 4961 2646 5014 sub
2692 4961 2832 5015 cmlo
2862 4961 3094 5016 habitari
3139 4962 3271 5018 dicit
3314 4968 3622 5034 parcentia?

2049 5051 2180 5117 Quae
2211 5065 2376 5120 porro
2407 5050 2661 5108 fortitudo
2685 5057 2737 5110 in
2776 5051 3015 5108 nubibus
3055 5056 3288 5124 spectari
3329 5065 3528 5125 potest,
3560 5065 3620 5108 ut

2047 5155 2215 5194 verus
2261 5154 2444 5194 sermo
2484 5153 2608 5194 esse
2661 5140 2834 5207 possit
2865 5156 2929 5196 ex
2966 5157 3029 5197 ea
3063 5159 3184 5214 quae
3230 5144 3404 5212 prima
3439 5143 3618 5196 fronte

2048 5231 2294 5286 occurrit
2319 5228 2698 5298 intelligentia,
2734 5231 2826 5299 qui
2855 5233 3052 5288 asserit
3082 5234 3267 5288 ﬁrmas
3298 5233 3472 5286 factas
3495 5246 3617 5285 esse

2049 5329 2103 5376 et
2137 5320 2345 5376 validas
2377 5320 2552 5374 nubes
2584 5321 2828 5376 sursum?
2860 5322 3059 5377 Rarior
3091 5331 3176 5376 est
3222 5323 3366 5376 enim
3397 5324 3614 5390 quidam

2050 5427 2218 5483 vapor
2247 5411 2413 5469 nubis
2447 5417 2666 5481 natura,
2702 5427 2801 5483 per
2843 5427 3022 5469 aerem
3055 5411 3285 5467 diﬁ‘usus
3317 5427 3333 5463 :
3360 5411 3452 5481 qui
3486 5425 3614 5482 pro-
