4010 6156
428 203 536 261 579

1680 181 1742 238 S.
1782 180 2109 239 CREGORII
2140 178 2439 237 NYSSENI

3570 168 3676 229 580

432 325 549 387 pter
574 312 797 367 multam
830 302 1151 359 tenuitatem
1180 296 1329 353 aerio
1359 291 1555 365 spiritu
1583 292 1991 362 supervehitur,

2124 308 2193 355 >ος
2218 291 2313 345 καὶ
2354 289 2695 359 εὐδιάχυτον,
2735 288 2827 340 καὶ
2859 287 2951 340 ἐπὶ
2979 286 3073 340 τοῦ
3108 287 3297 355 νέφους
3348 283 3495 337 ἐστιν
3540 281 3682 337 ἰδεῖν.

429 384 567 463 levis
602 416 723 457 cum
754 399 846 457 sit,
886 392 1165 465 continens
1192 396 1375 442 autem
1413 385 1467 438 in
1498 384 1741 453 seipsum
1775 398 1840 437 ex
1865 398 1998 437 con-

429 496 692 552 cretione,
742 485 967 547 decidit,
990 495 1113 535 cum
1142 478 1255 547 jam
1288 476 1469 529 aerius
1498 474 1588 528 ille
1622 473 1849 543 spiritus
1879 486 2002 526 sus.

431 587 609 638 tinere
681 593 788 632 non
842 574 1038 643 possit,
1089 570 1216 624 dum
1272 574 1422 638 gutta
1474 566 1588 619 sive
1639 564 1783 618 stilla
1821 560 2002 631 gravis

427 674 679 730 edicitur.
728 668 1012 734 Quodnam
1064 662 1231 733 igitur
1270 659 1438 713 robur
1479 657 1532 711 in
1563 656 1650 710 his
1697 669 1817 724 qua‘.
1855 660 2002 707 tactu

430 758 655 813 minime
690 764 919 825 possunt
954 747 1331 820 apprehendi?
1363 744 1495 798 Nam
1535 744 1587 797 in
1622 743 1764 797 nube
1816 757 1999 796 acrem

429 862 615 903 rarum
657 854 711 900 et
766 843 965 897 diﬂ‘usu
1016 840 1232 894 facilem
1284 836 1471 889 videre
1518 833 1664 886 licet.
1712 828 2002 895 Quomodo

430 952 623 992 rursus
658 937 712 990 in
748 944 1034 989 ventorum
1086 927 1330 984 instabili
1375 936 1569 978 natura
1617 922 1838 976 divinus
1872 919 2004 974 deii-

430 1033 581 1085 nitur
629 1027 898 1083 thronus?
936 1023 1049 1077 Hoc
1094 1029 1273 1074 autem
1321 1015 1467 1086 quod
1516 1015 1718 1069 dicitur
1769 1013 2002 1082 primum

433 1118 633 1181 creari,
661 1127 778 1169 tum
812 1114 1030 1167 demum
1079 1101 1352 1178 generari,
1398 1111 1452 1158 et
1501 1103 1642 1155 inter
1672 1101 2003 1155 creationem

2101 376 2226 441 Πῶς
2266 379 2321 431 δὲ
2358 378 2515 431 πάλιν
2545 378 2637 430 ἐπὶ
2676 379 2741 446 τῇ
2789 377 3004 447 ἀστάτῳ
3052 376 3159 429 τῶν
3193 375 3414 445 ἀνέμων
3460 371 3617 441 φύσει
3658 372 3685 423 ό

2102 468 2243 531 θεῖος
2270 469 2587 539 ἀφορίζεται
2611 468 2795 538 θρόνος
2815 486 2829 534 ;
2852 468 2926 519 Τὸ
2947 468 3002 521 δὲ
3028 467 3239 537 πρῶτον
3268 464 3569 529 κτίζεσθαι,
3596 464 3689 517 καλ⁸

2106 561 2197 613 ἐπὶ
2227 560 2369 612 τέλει
2398 560 2576 628 λέγειν
2605 558 2916 628 γεννᾶσθαι,
2938 558 3032 611 καὶ
3062 558 3147 610 διὰ
3174 558 3341 630 μέσου
3367 555 3576 609 τούτων
3606 554 3690 607 Oe-

2110 650 2440 721 μελιοῦσθαι,
2472 651 2592 704 τίνα
2620 650 2774 718 λόγον
2805 649 2948 703 εἴποι
2974 667 3061 713 τις
3088 650 3151 702 ἂν
3178 649 3319 719 ἔχειν
3342 650 3462 710 ταῖς
3488 646 3691 709 κοιναῖς

2107 760 2165 795 τε
2198 743 2290 795 καὶ
2325 743 2633 813 προχείροις
2673 744 2900 806 ἐννοίαις
2949 740 3348 812 συμϐαίνοντα;
3379 741 3451 792 Τό
3486 757 3544 791 τε
3589 739 3693 807 πρὸ

2108 833 2310 886 τούτων
2360 833 2706 905 ὲπαπορηθὲν
2747 837 2805 887 ἐν
2849 834 2926 905 τῷ
2967 834 3129 904 λόγῳ,
3168 832 3286 895 πῶς
3332 831 3694 903 ήάναγγελία

2109 924 2219 976 τῶν
2252 922 2372 977 καθ’
2406 926 2617 996 ἡμέραν
2659 925 2974 995 γινομένων,
3027 926 3120 978 καὶ
3160 926 3191 993 ή
3231 924 3418 994 μνήμη
3458 923 3557 993 τῆς
3602 922 3692 985 ἐξ-

2112 1014 2494 1087 αριθμημένης
2523 1016 2631 1069 τῶν
2659 1017 2717 1080 ἐξ
2753 1016 2966 1082 αἰῶνος,
2996 1017 3184 1088 ὥσπερ
3209 1016 3356 1070 αἰτία
3381 1033 3463 1078 τις
3489 1014 3695 1082 γίνεται

2110 1106 2204 1157 τοῦ
2236 1106 2479 1167 ἐκτίσθαι
2509 1108 2659 1178 παρά
2688 1107 2782 1161 τοῦ
2812 1108 2945 1161 Θεοῦ
2969 1109 3066 1178 τὴν
3096 1108 3283 1177 σοφίαν
3309 1108 3523 1175 λέγειν;

431 1219 488 1263 et
514 1206 919 1278 generationem
951 1198 1189 1259 fundari,
1217 1211 1380 1265 quam
1406 1194 1673 1247 rationem
1699 1205 1823 1244 cum
1893 1195 2276 1250 communibus
2341 1205 2396 1249 et
2461 1198 2515 1249 in
2560 1207 2811 1266 promptu
2843 1198 3038 1268 positis
3113 1205 3503 1267 congruentem
3549 1194 3694 1248 noti-

434 1298 527 1353 tiis
558 1298 761 1351 habere
807 1293 932 1363 quis
966 1288 1206 1344 dixerit?
1245 1285 1556 1351 Quinetiam
1589 1282 1719 1336 illud
1776 1281 1843 1334 de
1887 1296 1996 1350 quo
2028 1283 2139 1353 jam
2170 1294 2295 1341 ante
2331 1287 2637 1343 dubitatum
2671 1298 2755 1345 est
2815 1290 2869 1343 in
2903 1306 3179 1351 sermone,
3248 1288 3526 1359 quomodo
3598 1304 3697 1341 an-

437 1390 710 1445 nuntiatio
749 1399 937 1439 eorum
970 1396 1089 1450 qua:
1128 1378 1264 1432 ﬁunt
1302 1374 1564 1446 quotidie,
1613 1381 1668 1429 et
1731 1373 2041 1427 recordatio
2113 1379 2513 1435 numerationis
2570 1396 2759 1435 eorum
2819 1396 2940 1451 quae
3000 1396 3031 1434 a
3091 1381 3294 1436 saeculo
3346 1387 3496 1444 sunt,
3548 1378 3696 1433 velut

439 1494 607 1535 causa
642 1474 889 1546 quaedam
920 1482 1001 1527 est
1041 1467 1261 1523 dicendi
1300 1466 1625 1536 sapientiam
1656 1478 1687 1517 a
1718 1465 1827 1519 Deo
1857 1474 2101 1519 creatam
2132 1470 2297 1523 esse?
3070 1462 3075 1465 θ

514 1568 785 1635 Quoniam
816 1566 984 1635 igitur
1019 1578 1087 1617 cx
1128 1561 1215 1615 his
1241 1574 1362 1629 qua:
1398 1559 1544 1612 dicta
1570 1564 1697 1611 sunt
1730 1558 1875 1611 clare
1910 1556 2007 1610 de-

2180 1562 2387 1615 Οὑκοῦν
2419 1564 2603 1635 ἐπειδὴ
2634 1564 2904 1618 δέδεικται
2934 1562 3183 1634 φανερῶς
3216 1562 3303 1615 διά
3333 1561 3440 1614 τῶν
3467 1562 3696 1631 εἰρημέ-

441 1668 807 1719 monstratum
840 1666 924 1711 est
954 1656 1008 1709 in
1042 1655 1129 1708 his
1158 1652 1295 1705 nihil
1322 1651 1429 1705 tale
1456 1664 1598 1713 esse,
1637 1663 1736 1702 cur
1763 1648 2014 1717 inexplo-

442 1762 564 1813 rato
603 1759 657 1807 et
690 1746 1099 1803 inconsiderate
1140 1744 1231 1797 hic
1278 1757 1459 1797 sermo
1508 1740 1848 1804 admittatur,
1885 1754 2015 1809 ope-

428 1854 516 1895 rae
544 1837 780 1908 pretium
806 1834 912 1889 erit
943 1834 1119 1887 instar
1156 1831 1513 1899 reliquorum,
1542 1838 1595 1883 et
1632 1828 1734 1882 hoc
1759 1830 1903 1898 quod
1928 1828 2015 1882 di-

441 1931 605 1993 ritur,
642 1925 899 1979 Dominus
926 1923 1123 1977 creavit
1164 1938 1265 1983 me,
1297 1935 1404 1974 non
1437 1935 1499 1974 ex
1533 1934 1595 1972 ea
1627 1934 1747 1988 quae
1777 1919 1827 1971 vi
1864 1919 2015 1973 verbi

444 2020 794 2086 ingeneratur
847 2014 1006 2068 nobis
1052 2010 1431 2081 intelligentia,
1480 2009 1853 2074 interpretari,
1909 2009 2006 2064 sed

443 2107 592 2161 omni
634 2106 938 2159 attentione
989 2110 1043 2155 et
1077 2102 1363 2171 diligentia
1404 2100 1705 2168 inquirere,
1749 2100 1898 2168 quod
1930 2101 2017 2168 pic

446 2214 543 2269 per
584 2198 698 2251 haec
748 2198 914 2250 verba
959 2194 1304 2262 intelligitur.
1339 2190 1545 2244 Verum
1599 2191 1885 2244 enimvero
1935 2206 2019 2245 ac-

444 2296 638 2344 curate
686 2296 739 2340 et
790 2285 858 2339 ad
919 2283 1182 2337 amussim
1229 2281 1634 2350 pr0positorum
1689 2282 2016 2335 sententiam

450 2379 745 2447 concipere
773 2390 963 2429 eorum
994 2376 1234 2428 solorum
1263 2373 1446 2436 fuerit,
1476 2374 1568 2441 qui
1596 2373 1799 2443 Spiritu
1828 2380 2020 2427 sancto

402 2452 600 2525 ‘ducti
652 2468 1054 2539 profunditates
1092 2473 1432 2527 scrutantur,
1478 2463 1772 2533 sciuntquc
1808 2464 1910 2517 fari
1964 2463 2020 2517 in

449 2560 652 2629 spiritu
689 2559 874 2612 divina
908 2556 1193 2627 mysteria.
1224 2554 1330 2609 Sed
1376 2555 1429 2608 in
1464 2554 1552 2608 his
1584 2556 1767 2609 verbis
1794 2555 1861 2608 de
1896 2555 2022 2623 qui-

450 2653 553 2705 bus
602 2652 802 2719 agitur,
864 2658 1075 2703 tantum
1125 2647 1304 2700 oratio
1353 2654 1545 2699 nostra
1605 2646 2016 2709 immorabitur,

450 2749 716 2811 quantum
750 2740 946 2794 suliicit
971 2746 1029 2791 ut
1064 2753 1252 2791 eorum
1288 2752 1489 2805 scopus
1532 2751 1640 2789 non
1678 2737 2023 2793 imliscussus

450 2839 507 2889 et
552 2833 928 2901 incxploratus
957 2828 1419 2898 prmtermittatur.
1450 2828 1586 2893 Quis
1628 2829 1793 2898 igitur
1836 2838 2025 2884 noster

2116 1670 2242 1717 νων,
2272 1655 2435 1723 μηδὲν
2458 1656 2513 1709 ὲν
2539 1656 2745 1719 τούτοις
2779 1655 3015 1708 τοιοῦτον
3037 1652 3192 1720 εἶναι,
3218 1655 3293 1717 ὡς
3327 1644 3698 1719 ἀνεξετάστως

2112 1762 2171 1797 τε
2218 1747 2311 1797 καὶ
2352 1745 2677 1817 ἀθεωρήτως
2723 1747 3125 1819 παραδεχθῆναι
3165 1746 3256 1799 τὸν
3304 1745 3479 1814 λόγον,
3515 1744 3699 1807 καλῶς

2116 1834 2181 1886 ἂν
2221 1833 2332 1905 ἔχοι
2370 1835 2490 1893 καθ’
2519 1838 2810 1907 ὁμοιότητα
2838 1838 2945 1891 τῶν
2981 1836 3201 1901 λοιπῶν,
3237 1836 3330 1888 καὶ
3357 1835 3435 1901 τὸ,
3477 1837 3697 1902 Κύριος

2114 1922 2316 1977 ἕκτισέ
2342 1941 2437 1992 με,
2470 1914 2544 1996 μὴ
2577 1926 2718 1979 κατά
2744 1926 2840 1997 τὴν
2874 1926 3098 1979 αὐτόθεν
3138 1927 3269 1995 ἡμῖν
3305 1927 3367 1977 ἐκ
3398 1925 3493 1978 τοῦ
3522 1927 3701 1995 ῥήμα-

2115 2030 2205 2076 τος
2270 2016 2621 2086 ὲγγινομένην
2671 2016 2908 2070 διάνοιαν
2950 2016 3292 2087 ἑρμηνεύειν,
3343 2015 3477 2069 ἀλλά
3514 2014 3701 2085 ζητεῖν

2118 2103 2258 2156 κατά
2290 2108 2467 2159 πᾶσαν
2502 2108 2773 2177 προσοχὴν
2795 2125 2853 2159 τε
2884 2106 2977 2160 καὶ
3005 2106 3335 2176 ἐπιμέλειαν,
3364 2104 3425 2158 τὸ
3454 2104 3703 2167 εὐσεϐῶς

2116 2194 2203 2247 διά
2232 2196 2324 2248 τοῦ
2357 2197 2646 2266 λεγομένου
2683 2197 2987 2266 νοούμενον.
3034 2197 3192 2249 Ἀλλὰ
3224 2196 3284 2248 τὸ
3316 2194 3413 2265 μὲν
3454 2194 3704 2264 ἀκριϐῶς

2119 2287 2497 2358 κατειληφέναι
2526 2291 2624 2358 τὴν
2670 2289 2777 2341 τῶν
2820 2288 3193 2359 προκειμένων
3227 2286 3488 2351 διάνοιαν,
3523 2286 3706 2356 μόνων

2120 2372 2184 2426 ἂν
2208 2376 2292 2445 εἴη
2314 2376 2421 2429 τῶν
2447 2377 2523 2446 τῷ
2550 2377 2690 2447 ἀγίῳ
2714 2376 2989 2446 Πνεύματι
3022 2376 3088 2428 τὰ
3112 2375 3247 2446 βάθη
3276 2372 3701 2445 διερευνώντων.

2121 2467 2212 2518 καὶ
2243 2466 2421 2519 λαλεῖν
2454 2467 2828 2537 ἐπισταμένων
2859 2468 2915 2519 ὲν
2941 2466 3208 2536 πνεύματι
3242 2466 3309 2518 τὰ
3345 2465 3463 2518 θεῖα
3493 2468 3707 2535 μυστή-

2125 2575 2234 2629 ρια.
2268 2558 2404 2628 Παρ’
2449 2558 2604 2628 ἡμῶν
2645 2559 2700 2611 δὲ
2732 2560 2982 2612 τοσοῦτον
3032 2560 3089 2610 ἐν
3116 2560 3228 2621 τοῖς
3269 2558 3650 2629 προκειμένοις
3680 2560 3712 2611 ό

2122 2650 2275 2717 λόγος
2306 2650 2754 2720 ἀσχοληθήσεται,
2779 2651 2901 2702 ὅσον
2929 2650 3000 2720 μὴ
3029 2650 3200 2720 πάντη
3235 2649 3494 2719 περιιδεῖν
3522 2647 3613 2700 τὸν
3641 2649 3711 2701 ὲν

2121 2742 2329 2804 τούτοις
2350 2741 2549 2794 σκοπὸν
2574 2741 2900 2812 ἀθεώρητον.
2936 2740 3031 2803 Τίς
3060 2737 3151 2793 οὖν
3182 2743 3209 2793 ὁ
3232 2740 3495 2810 ἡμέτερος
3514 2739 3711 2807 λόγος;

2126 2835 2239 2887 Οὐκ
2269 2833 2435 2897 ἔστιν,
2484 2827 2656 2902 οἶμαι,
2687 2832 2909 2895 δυνατὸν
2943 2830 3038 2902 τὴν
3079 2832 3142 2883 ὲκ
3194 2830 3340 2893 θείας
3388 2828 3715 2899 ἐλλάμψεως

455 2922 673 2978 sermo?
724 2921 863 2985 ﬁeri,
914 2921 1131 2989 opinor,
1185 2918 1409 2972 minime
1450 2928 1648 2987 potest,
1695 2920 2020 2988 sapientiam

2129 2926 2415 2995 γινομένην
2440 2923 2495 2976 ἐν
2524 2940 2627 2975 τινι
2661 2921 2869 2989 σοφίαν,
2901 2922 3068 2991 μόνην
3089 2921 3287 2991 ταύτην
3314 2921 3432 2990 δίχα
3462 2921 3570 2973 τῶν
3606 2920 3717 2971 λοι-

384 3053 405 3059 -
455 3028 575 3084 quae
600 3029 663 3067 ex
689 3012 872 3066 divina
904 3010 1312 3064 illuminatioue
1340 3008 1418 3071 ﬁt,
1452 3010 1592 3063 hanc
1614 3012 1784 3065 solam
1818 3011 2023 3080 absque

456 3105 678 3174 reliquis
712 3104 884 3159 sancti
923 3104 1161 3173 Spiritus
1192 3102 1353 3157 donis
1394 3104 1649 3171 cuiquam
1684 3102 1898 3167 adesse,
1928 3103 2023 3157 sed

456 3197 678 3249 omnino
725 3204 955 3264 oportet,
1010 3196 1175 3249 simul
1232 3209 1355 3248 cum
1408 3194 1510 3247 hac
1558 3194 1859 3263 prophetiae
1902 3208 2025 3261 gra—

457 3289 584 3340 tiam
634 3287 750 3341 sive
780 3286 981 3339 donum
1030 3299 1383 3339 concurrere.
1437 3283 1495 3337 Si
1552 3286 1696 3337 enitn
1742 3285 2027 3353 sapientiae

458 3379 736 3448 proprium
782 3386 886 3443 est,
931 3378 1217 3431 veritatem
1273 3391 1463 3430 eorum
1503 3390 1624 3443 quae
1669 3383 1798 3429 sunt
1846 3376 2027 3428 animo

457 3468 956 3538 comprehendere;
1007 3466 1292 3534 prophetia
1330 3478 1459 3517 vero
1492 3462 1800 3517 futurorum
1852 3465 2029 3518 conti-

460 3568 550 3611 net
608 3554 1056 3614 declarationem,
1129 3552 1318 3604 nullus
1376 3550 1679 3619 perfectum
1748 3552 2028 3620 sapientia:

458 3647 665 3701 donum
696 3643 858 3696 fuerit
897 3649 1253 3704 consecutus,
1290 3640 1387 3710 qui
1430 3655 1539 3694 non
1573 3640 1892 3709 prophetica
1935 3656 2027 3695 co-

461 3733 780 3804 operatione
828 3730 994 3785 futuri
1043 3731 1413 3801 cognitionem
1471 3716 2024 3800 coniplexus'fuerit.

463 3824 735 3892 Quoniam
773 3823 936 3890 igitur
974 3837 1081 3875 non
1108 3823 1400 3875 humanam
1433 3822 1670 3889 aliquam
1708 3823 2027 3892 sapientiam

464 3916 677 3982 sibiipsi
708 3913 947 3967 vindicat
982 3912 1266 3976 Solomon,
1311 3926 1434 3965 cum
1468 3913 1627 3974 dixit,
1665 3912 1803 3965 Deus
1852 3911 2030 3965 docuit

464 4020 546 4057 me
574 4004 888 4071 sapientiam
925 4004 968 4065 ',
1007 4006 1061 4054 et
1108 4016 1296 4055 omnes
1326 4015 1607 4054 sermones
1644 4016 1772 4054 suos
1801 4000 1908 4053 Deo
1952 4011 2031 4052 at-

464 4098 677 4161 tribuit,
715 4112 838 4150 eum
880 4096 973 4157 ait,
1008 4093 1114 4147 Mei
1146 4108 1407 4147 sermones
1444 4093 1572 4145 dicti
1607 4103 1725 4145 sunt
1766 4109 1796 4144 a
1829 4092 1936 4144 Deo
1962 4094 2028 4156 ¹⁰,

2124 3014 2239 3067 πῶν
2270 3014 2618 3084 χαρισμάτων
2648 3012 2739 3065 τοῦ
2772 3012 3085 3081 Πνεύματος
3109 3010 3525 3082 παραγίνεσθαι,
3557 3010 3704 3065 ἀλλὰ

2124 3103 2228 3174 χρὴ
2260 3104 2477 3165 πάντως
2515 3102 2875 3155 συνεισελθεῖν
2900 3102 3071 3171 ταύτῃ
3118 3104 3210 3154 καὶ
3243 3102 3341 3172 τῆς
3372 3101 3716 3172 προφητείας

2125 3195 2221 3264 τὴν
2255 3194 2434 3263 χάριν.
2466 3193 2528 3244 Εἰ
2560 3194 2667 3263 γὰρ
2698 3193 2828 3246 ἴδιον
2863 3194 3053 3263 σοφίας
3080 3194 3245 3254 ἐστὶν,
3281 3195 3313 3261 ἠ
3342 3194 3439 3263 τῆς
3467 3192 3573 3245 τῶν
3600 3192 3710 3243 ὅν-

2125 3303 2232 3337 των
2258 3284 2509 3355 ἀληθείας
2532 3284 2855 3355 κατάληφις,
2886 3284 3187 3355 προφητεία
3214 3283 3269 3335 δὲ
3297 3284 3396 3353 τὴν
3425 3283 3533 3335 τῶν
3570 3281 3709 3353 μελ-

2126 3376 2322 3428 λόντων
2352 3377 2595 3444 περιέχει
2630 3377 2947 3445 σαφήνειαν,
2979 3375 3076 3426 οὐκ
3106 3373 3170 3426 ἂν
3212 3374 3270 3424 ὲν
3294 3372 3373 3442 τῷ
3410 3373 3600 3443 τελείῳ
3623 3390 3716 3436 τις

2126 3467 2227 3535 τῆς
2269 3466 2461 3535 σοφίας
2507 3467 2589 3535 εἴη
2624 3466 2940 3535 χαρίσματι,
2976 3464 3048 3535 μὴ
3094 3464 3181 3517 διά
3220 3467 3317 3534 τῆς
3364 3463 3716 3534 προφητικῖκ

2132 3560 2443 3629 συνεργείας
2497 3557 2918 3629 συμπεριλαϐών
2952 3560 3015 3628 τῇ
3065 3554 3262 3623 γνώσει
3296 3556 3386 3607 καὶ
3412 3554 3472 3607 τὸ
3514 3555 3711 3623 ἐσόμε-

2129 3666 2238 3701 νον.
2288 3650 2439 3701 Ἐπεὶ
2483 3645 2573 3703 οῦν
2608 3651 2707 3701 οὐκ
2742 3648 3089 3717 ἀνθρωπίνην
3127 3646 3250 3699 τινὰ
3294 3645 3482 3713 σοφίαν
3531 3645 3713 3715 ἑαυτῷ

2130 3742 2540 3811 προσμαρτυρεῖ
2570 3739 2839 3809 Σολομὼν,
2872 3741 2899 3791 ὁ
2934 3737 3125 3801 εἰπὼν,
3156 3738 3236 3790 ὅτι
3274 3737 3337 3790 '0
3378 3736 3525 3801 Θεὸς
3554 3735 3713 3789 δεδί-

2130 3830 2275 3899 δαχέ
2312 3848 2387 3897 με
2411 3831 2652 3899 σοφίαν,
2688 3830 2781 3881 καὶ
2822 3830 3002 3883 πάντα
3039 3828 3129 3880 τὸν
3172 3828 3301 3897 παρ’
3326 3826 3520 3879 ἑαυτοῦ
3554 3826 3712 3893 λόγον

2134 3920 2407 3983 ἀνατιθεὶς
2458 3921 2533 3991 τῷ
2559 3920 2695 3989 Θεῷ,
2726 3921 2783 3971 ὲν
2829 3914 2909 3981 οἷς
2940 3936 3123 3988 φησιν,
3170 3920 3251 3971 ὅτι
3284 3921 3348 3971 Οἱ
3379 3918 3507 3986 ἐμοὶ
3542 3918 3711 3985 λόγοι

2132 4013 2392 4081 εἴρηνται
2406 4011 2523 4064 ἀπὸ
2543 4010 2711 4075 Θεοῦ,
2727 4011 2902 4072 καλῶς
2919 4009 2981 4063 διν
3009 4010 3117 4080 ἔχοι
3139 4010 3236 4080 τὴν
3260 4008 3707 4079 ἀναμεμιγμένην

2132 4107 2197 4175 τῇ
2233 4094 2391 4174 σοφίᾳ
2416 4103 2750 4173 προφητείαν
2791 4104 2848 4153 ὲν
2878 4102 2953 4171 τῷ
2987 4102 3139 4172 μέρει
3178 4102 3354 4171 τούτῳ
3383 4100 3481 4170 τῆς
3515 4114 3704 4168 παροι-

466 4191 729 4261 ρτεεοιοτθ
765 4202 1010 4259 agemus,
1060 4186 1106 4240 si
1152 4185 1443 4238 admistam
1486 4183 1767 4252 sapientiae
1797 4184 2021 4253 prophe-

2138 4195 2265 4263 μίας
2299 4194 2765 4263 διερευνήσασθαι.
2801 4197 2982 4265 Φαμὲν
3025 4192 3203 4247 τοίνυν
3237 4194 3317 4246 ὅτι
3365 4196 3421 4246 ὲν
3467 4192 3563 4260 μὲν
3594 4192 3703 4253 τοῖς

465 4284 593 4335 tiam
629 4281 681 4333 in
717 4280 817 4333 hac
862 4287 1014 4348 parte
1050 4276 1323 4346 proverbii
1380 4274 1546 4343 hujus
1593 4286 2026 4343 perscrutemur.

464 4372 606 4442 Ergo
649 4371 884 4425 dicimus
919 4369 1064 4439 quod
1114 4369 1166 4421 in
1202 4367 1286 4421 his
1321 4381 1443 4435 quae
1490 4366 1635 4419 hunc
1681 4366 1859 4419 locum
1894 4382 2033 4435 prae-

463 4464 667 4518 cedunt
704 4460 886 4515 verbis
933 4475 1058 4513 cum
1113 4458 1721 4527 dixisset,sapientiam
1777 4465 1875 4517 sibi
1932 4461 2034 4511 do-

471 4575 611 4614 mum
650 4556 943 4625 wdiﬁcasse
984 4552 1047 4611 ¹¹.
1085 4550 1273 4603 carnis
1318 4548 1530 4602 Domini
1564 4549 2031 4602 constructionem

462 4660 561 4712 per
594 4644 739 4696 hunc
761 4657 1068 4696 sermonem
1109 4642 1340 4695 obscure
1383 4640 1625 4705 iudicat;
1659 4654 1767 4693 non
1792 4639 1937 4693 enim
1975 4638 2029 4690 in

466 4734 648 4787 alieno
689 4733 971 4785 domicilio
998 4746 1123 4785 vera
1161 4731 1428 4800 sapientia
1464 4730 1745 4794 habitavit,
1781 4729 1875 4784 sed
1924 4729 2031 4783 sibi

466 4822 804 4877 domicilium
858 4839 923 4876 ex
972 4822 1224 4889 virginali
1273 4834 1507 4889 corpore
1566 4821 1879 4875 aediﬁcavit.
1935 4819 2034 4874 llic

468 4924 650 4970 autem
680 4915 822 4982 quod
854 4930 920 4967 ex
962 4914 1230 4968 ambobus
1279 4914 1492 4966 unitum
1527 4921 1631 4976 est,
1660 4909 1837 4967 Verbo
1874 4914 2034 4966 attri-

467 5010 606 5071 buit,
642 5022 708 5061 ex
733 5007 894 5061 domo
921 5008 1044 5061 dico
1070 5015 1123 5060 et
1166 5005 1431 5073 sapientia
1461 5019 1583 5073 qua:
1612 5003 1834 5058 domum
1868 5004 2037 5058 aedili-

466 5102 631 5165 cavit,
665 5098 717 5153 id
764 5104 870 5163 est,
916 5114 983 5151 ex
1013 5097 1349 5149 humanitate
1381 5104 1585 5149 etcum
1630 5094 1851 5149 homine
1897 5104 2034 5149 tem-

468 5198 655 5259 perata
686 5188 801 5244 sive
836 5186 1128 5255 conjuncta
1166 5184 1387 5246 deitate,
1420 5183 1613 5237 horum
1655 5184 1875 5253 utrique
1904 5199 2034 5238 con-

464 5298 630 5351 gruas
673 5292 729 5336 et
779 5278 1173 5336 convenientes
1210 5289 1376 5329 voces
1432 5276 1835 5341 accommodat,
1876 5286 1934 5331 ut
1978 5278 2033 5332 in

468 5372 773 5445 Evangeliis
818 5372 931 5428 ﬁeri
967 5370 1151 5426 videre
1183 5367 1331 5431 licet,
1366 5368 1424 5422 in
1458 5366 1661 5436 quibus
1702 5384 1905 5436 sermo,
1941 5372 2033 5439 qui

1031 5564 1074 5595 ⁸ο
1112 5560 1247 5617 ibid.

538 5562 558 5594 ⁹
585 5560 714 5632 Sap.
745 5563 951 5629 ωτι.
1031 5564 1074 5595 ⁸ο
1112 5560 1247 5617 ibid.
1328 5556 1555 5635 “_Prov.
1592 5574 1665 5625 ιι,
1705 5559 1759 5617 Ι.

2140 4283 2244 4350 πρὸ
2276 4281 2462 4334 τούτου
2486 4281 2661 4348 λόγοις
2688 4284 2873 4348 εἰπὼν,
2897 4284 3006 4351 τὴν
3030 4283 3253 4352 σοφίαν
3288 4281 3467 4349 ἑαυτῇ
3491 4280 3706 4346 ᾠκοδο-

2134 4370 2385 4438 μηκέναι
2406 4365 2708 4435 τόνοῒκον,
2734 4371 2828 4441 τὴν
2848 4372 2943 4441 τῆς
2965 4372 3163 4442 σαρκὸς
3192 4371 3283 4424 τοῦ
3310 4372 3509 4441 Κυρίου
3540 4387 3710 4423 κατα-

2142 4460 2339 4531 σκευὴν
2374 4461 2461 4514 διὰ
2499 4460 2592 4513 τοῦ
2615 4461 2772 4527 λόγου
2812 4464 3204 4515 αἰνίσσεται·οὐ
3240 4464 3350 4532 γὰρ
3370 4467 3426 4516 ἐν
3448 4462 3709 4532 ἀλλοτρίῳ

2139 4552 2524 4621 οἰκοδομήματι
2548 4553 2581 4620 ἡ
2612 4551 2835 4623 ἀληθινὴ
2862 4554 3019 4621 σοφία
3043 4553 3377 4625 κατῴκησεν,
3403 4553 3519 4605 ἀλλ’
3542 4554 3705 4621 ἑαυτῇ

2138 4644 2200 4696 τὸ
2223 4644 2530 4713 οἰκητήριον
2558 4645 2620 4695 ἐκ
2655 4643 2749 4695 τοῦ
2776 4643 3102 4714 παρθενικοῦ
3149 4642 3396 4712 σώματος
3433 4641 3709 4712 ᾠκοδομή-

2138 4752 2287 4789 σατο.
2331 4734 2591 4788 Ἐνταῦθα
2624 4734 2677 4787 δὲ
2710 4735 2768 4787 τὺ
2813 4735 3007 4787 ἑνωθὲν
3039 4736 3095 4801 ἐξ
3122 4733 3445 4804 ἀμφοτέρων
3460 4730 3540 4801 τῷ
3556 4733 3709 4800 Λόγῳ

2140 4827 2481 4897 προστίθησι,
2530 4827 2622 4880 τοῦ
2659 4844 2719 4879 τε
2751 4829 2898 4880 οἴκου
2932 4827 3074 4895 λέγω
3117 4829 3210 4880 καὶ
3252 4827 3349 4895 τῆς
3388 4825 3580 4893 σοφίας
3612 4823 3708 4892 τῆς

2138 4919 2567 4989 οἱκοδομησάσης
2609 4920 2698 4971 τὸν
2732 4915 2897 4982 οἷκον,
2933 4920 3076 4972 τοῦτ’
3112 4919 3277 4982 ἔστιν,
3313 4918 3375 4971 ἐκ
3407 4934 3465 4969 τε
3496 4916 3589 4969 τοῦ
3620 4917 3710 4968 ἁν-

2139 5010 2407 5079 θρωπίνου
2433 5011 2525 5063 καὶ
2550 5012 2612 5063 ἐκ
2635 5011 2733 5081 τῆς
2762 5010 3158 5081 ἀνακραθείσης
3178 5009 3257 5079 τῷ
3294 5008 3567 5079 ἀνθρώπῳ
3593 5005 3708 5059 Θεό-

2138 5118 2317 5171 τητος,
2366 5102 2607 5172 ἑκατέρῳ
2645 5101 2701 5153 δὲ
2738 5101 2941 5154 τούτων
2972 5101 3272 5171 ἐφαρμόζει
3305 5101 3403 5162 τὰς
3443 5097 3710 5165 καταλλή-

2140 5192 2262 5255 λους
2293 5211 2350 5245 τε
2376 5194 2468 5246 καὶ
2498 5192 2811 5263 πρεπούσας
2832 5193 3033 5261 φωνὰς,
3066 5192 3247 5256 καθὼς
3284 5193 3429 5244 ἐστιν
3464 5191 3589 5242 [δεῖν
3618 5186 3705 5239 καὶ

2141 5284 2199 5336 ὲν
2237 5285 2346 5346 τοῖς
2394 5284 2744 5353 Εὑαγγελίοις
2775 5284 3074 5352 γινόμενον,
3106 5286 3162 5335 ὲν
3193 5278 3272 5345 οἷς
3302 5284 3329 5334 ό
3371 5282 3525 5348 λόγος
3572 5274 3707 5329 κατὰ

2142 5373 2201 5425 τὸ
2228 5375 2530 5444 πρόσφορον
2566 5374 2643 5444 τῷ
2686 5375 3025 5444 ὑποκειμένῳ
3056 5372 3448 5444 διεξαγόμενος,
3491 5366 3579 5422 διὰ
3612 5364 3707 5435 μὲν
