4054 6150
423 203 524 260 53‘!

1524 185 1814 241 CONTRA
1851 178 2231 237 EUNOMR'M.
2278 173 2393 229 .LlB
2438 174 2532 229 Ill.

3565 163 3663 219 δεῖ

422 317 528 384 ’τῆς
556 308 969 379 ὑψηλοτέραςτε
991 299 1445 372 καὶθεοπρεποῦς
1477 298 1746 369 σημασίας
1776 295 1834 349 τὸ
1861 295 2001 347 θεῖον

2127 307 2208 344 πο
2243 290 2322 344 rei
2370 287 2630 356 subjcctm
2682 281 2970 339 commodo
3002 281 3312 346 deducitur,
3353 293 3452 349 per
3491 279 3658 330 excel-

398 430 400 432 ·
429 404 764 458 ἐνδείκνυται
791 418 802 430 ·
831 399 916 452 διὰ.
939 399 993 450 δὲ
1016 396 1114 466 τῆς
1140 391 1476 466 χαμαιζήλου
1516 407 1575 442 τε
1605 388 1696 442 καὶ
1721 386 1997 454 ταπεινῆς,

431 498 493 550 τὸ
541 477 896 564 ἀνθρώπινον.
925 489 1108 551 Οῦτως
1160 486 1307 539 ἐστιν
1358 485 1482 536 ἰδεῖν
1529 483 1621 534 καὶ
1655 483 1711 533 ἐν
1741 478 1817 549 τῷ
1847 477 2034 548 μέρει’

422 586 606 655 τούτῳ
648 580 998 652 προφητικῶς
1041 579 1132 631 τὸν
1166 575 1485 645 Σολομῶντα
1531 570 1863 639 κινούμενον,
1910 565 2004 619 καὶ

431 677 552 730 ὅλον
609 671 1028 744 παραδεδωκότα
1077 668 1137 722 τὸ
1182 668 1278 737 τῆς
1329 663 1636 732 οἰκονομίας
1685 660 1999 731 μυστήριον.

432 768 593 834 Λέγει
622 764 729 834 γὰρ
777 763 1041 833 πρότερον
1074 760 1171 831 μὲν
1203 757 1300 828 τὴν
1328 753 1648 826 προαιὼνιον
1679 752 1774 822 τῆς
1818 749 2005 816 σοφίας

425 859 660 928 ’δύναμιν
682 857 774 909 καὶ
807 854 1106 924 ἐνέργειαν,
1132 853 1187 904 ἐν
1209 843 1289 913 οἷς
1313 847 1389 918 τῷ
1417 844 1784 914 Εὐαγγελιστῇ
1807 843 2006 913 τρόπον

427 950 557 1002 κτινά
575 954 668 1001 καὶ
692 946 778 999 ἐπ’
800 945 979 998 αὐτῶν
997 942 1103 995 τῶν
1127 944 1194 1012 pq
1205 940 1386 1010 μάτων
1409 935 1761 1006 συμφέρεται.
1793 933 1876 994 Ὡς
1899 930 2006 1001 γὰρ

435 1041 641 1100 ἐκεῖνος
672 1039 738 1105 τῇ
791 1029 1338 1103 περιληπτικῇ’φωνῇ
1379 1024 1596 1076 πάντων
1633 1019 1793 1074 αὐτὸν
1837 1019 2009 1071 αἴτιον

433 1130 530 1182 καὶ
562 1121 892 1197 δημιουργὸν
935 1115 1286 1190 ἀντεκήρυξεν,
1326 1114 1497 1176 οὕτως
1524 1113 1552 1163 ό
1595 1107 1846 1179 Σολομὼν
1879 1107 2006 1176 παρ’

437 1217 600 1272 αὐτοῦ
624 1212 951 1284 γεγενῆσθαι
979 1210 1046 1264 τὰ
1074 1208 1383 1263 καθέκαστα
1409 1205 1555 1270 λέγει
1580 1201 1649 1253 τὰ
1673 1201 1729 1252 ἐν
1752 1197 1829 1268 τῷ
1849 1197 2010 1249 παντὶ

437 1307 831 1378 ἀριθμούμενα.
862 1303 998 1372 Φησὶ
1017 1300 1142 1368 γὰρ,
1160 1299 1242 1351 ὅτι
1273 1300 1304 1350 ό
1329 1295 1555 1360 Θεὸςὲν
1579 1290 1655 1359 τῇ
1680 1291 1868 1359 σοφίᾳ
1883 1291 2011 1342 ἐθε-

432 1402 694 1472 μελίωσε
716 1397 830 1464 τὴν
853 1394 987 1465 γῆν,
1011 1393 1298 1462 ἡτοίμασε
1320 1390 1386 1442 δὲ
1407 1386 1698 1456 οὐρανοὺς
1709 1386 1777 1438 ἐν
1787 1382 2010 1453 φρονή-

439 1510 556 1555 σει,
579 1490 673 1543 καὶ
697 1491 796 1542 ὅσα
829 1486 1036 1547 τούτοις
1060 1483 1198 1536 κατά
1214 1482 1274 1534 τὸ
1297 1478 1582 1533 ἀκόλουθον
1602 1479 1789 1531 ἕπεται
1808 1476 1905 1545 τῆς
1924 1476 2012 1527 αὖα

437 1581 536 1649 τῆς
561 1581 794 1649 ἐχόμενα
821 1575 1073 1638 διανοίας.
1093 1575 1200 1626 Καὶ
1216 1572 1290 1634 ὼς
1310 1571 1374 1624 ἂν
1393 1570 1467 1641 μὴ
1491 1568 1670 1639 δοκοίη
1693 1567 1788 1638 τὴν
1808 1565 2012 1638 δωρεὰν

2105 382 2302 436 siorem
2341 379 2559 448 Deoque
2609 377 2866 432 decoram
2921 373 3343 444 Signiﬁcantiam
3384 369 3527 441 quod
3581 369 3696 421 ἀίει.

2104 473 2292 525 vinum
2337 477 2422 524 est
2470 468 2733 534 ostendit,
2768 481 2865 538 per
2911 463 3168 518 humilem
3211 475 3341 515 vero
3389 471 3443 514 et
3472 458 3673 513 demis-

2105 579 2244 627 sam,
2281 561 2426 631 quod
2460 569 2544 614 cst
2592 559 2934 612 humanum:
2966 555 3049 609 sic
3088 553 3253 608 etiam
3295 551 3352 605 in
3388 551 3488 604 hac
3519 557 3673 618 patte

2105 655 2232 710 licet
2268 653 2582 724 perspicere
2607 649 2957 704 Solomonem
2991 646 3311 716 prOphetice
3337 650 3670 698 commotum

2109 754 2282 800 totum
2313 743 2604 798 tradidisse
2628 739 2952 795 oeconomia
2981 739 3096 793 sive
3133 734 3527 790 incarnationfs
3559 749 3674 804 my-

2107 838 2357 892 sterium.
2391 836 2532 888 Dicit
2573 833 2717 888 enim
2769 829 3050 902 sapientiae
3083 829 3336 883 virtutem
3384 833 3437 880 et
3479 839 3674 894 opera-

2105 929 2310 982 tionem
2338 925 2506 978 fuisse
2538 931 2663 976 ante
2695 921 2917 982 saecula,
2952 919 3006 972 in
3033 918 3230 987 quibus
3252 915 3486 986 quodam
3513 913 3674 966 modo

2113 1015 2468 1088 Evangelistae
2489 1015 2545 1067 in
2594 1013 2729 1083 ipsis
2765 1010 2946 1065 verbis
2981 1009 3276 1065 consentit.
3311 1007 3386 1060 Ut
3414 1008 3560 1064 enim
3583 1005 3676 1058 ille

2108 1107 2407 1163 universali
2449 1107 2564 1160 sive
2606 1103 3061 1174 comprehensiva
3097 1101 3333 1171 quadam
3363 1114 3517 1161 voce,
3557 1113 3678 1152 om-

2109 1201 2257 1253 nium
2292 1199 2469 1268 ipsum
2525 1204 2805 1250 auctorem
2837 1201 2890 1247 et
2931 1194 3270 1247 conditorem
3309 1190 3626 1259 praedicavit
3659 1207 3672 1244 :

2111 1290 2190 1344 sic
2218 1289 2485 1343 Solomon
2524 1286 2594 1340 ab
2637 1285 2759 1356 ipso
2797 1292 3081 1355 procreata
3128 1297 3251 1337 esse
3285 1282 3419 1336 dicit
3464 1281 3676 1350 singula

2109 1395 2230 1449 ηοω
2261 1380 2317 1432 in
2369 1380 2628 1432 universo
2663 1382 3073 1431 enumerantur.
3107 1373 3289 1441 Inquit
3332 1373 3501 1433 enim,
3524 1369 3672 1436 quod

2113 1471 2257 1525 Deus
2297 1471 2558 1539 sapientia
2603 1475 2798 1521 terram
2829 1465 3108 1534 fundavit;
3153 1462 3470 1532 praeparavit
3505 1455 3708 1512 autent

2113 1564 2270 1616 razlos
2306 1563 2365 1614 in
2401 1561 2703 1630 prudentia,
2733 1567 2786 1613 et
2816 1571 3152 1628 qumcunque
3195 1561 3500 1625 sequuntur
3534 1566 3681 1606 eam-

431 1675 536 1742 τῆς
571 1675 628 1724 ἐν
675 1670 983 1742 ἀνθρώποις
1024 1666 1222 1736 ἀρετῆς
1253 1663 1512 1732 περιορᾷν
1559 1659 1968 1730 ἀμνημόνευτον
1991 1674 2004 1686 ·

2127 1653 2234 1707 lem
2287 1652 2541 1706 habentia
2593 1649 2983 1704 sententiam"
3017 1647 3228 1716 .Atque
3280 1659 3350 1699 ne
3398 1643 3682 1697 videretur

433 1764 602 1816 πάλιν
632 1765 694 1816 ἐκ
729 1761 1018 1833 προσώπου
1057 1759 1156 1827 τῆς
1194 1755 1390 1825 Σοφίας
1427 1755 1662 1820 διέξεισι,
1707 1752 1899 1820 λέγων,
1936 1746 2009 1804 ὧν

429 1854 624 1924 ἀμικρῷ
653 1853 884 1924 πρόσθεν
931 1847 1432 1921 ἐμνημονεύσαμεν,
1460 1843 1542 1910 τὸ,
1564 1843 2011 1909 Κατεσκήνωσα

433 1945 680 2012 βουλὴν
703 1943 1045 2012 καὶ-γνῶσιν
1066 1940 1163 1994 καὶ
1189 1941 1431 1993 ἔννοιαν
1448 1954 1462 1968 '
1483 1939 1580 1991 καὶ
1606 1937 1722 1990 ὅσα
1754 1936 1861 2004 τῆς
1882 1951 2012 1988 νοε-

433 2035 549 2105 ρᾶς
585 2052 650 2089 τε
680 2035 776 2088 καί
799 2028 1266 2102 ἐπιστημονικῆς
1290 2028 1684 2092 διδασκαλίας
1715 2026 1867 2080 ἐστι’.

512 2295 698 2348 Ταῦτα
733 2293 827 2347 καὶ
853 2292 921 2345 τὰ
949 2290 1169 2345 τοιαῦτα
1195 2289 1496 2354 διεξελθὼν,
1524 2287 1717 2355 ἐπάγει
1749 2287 1844 2339 καὶ
1891 2285 2016 2355 περὶ

436 2385 540 2454 τῆς
566 2382 707 2437 κατὰ
731 2381 820 2435 τὸν
860 2379 1141 2451 ἄνθρωπον
1177 2377 1485 2446 οἰκονομίας
1533 2371 1900 2433 διδασκαλίαν,
1928 2369 2017 2423 διὰ

442 2477 496 2530 τί
537 2475 692 2544 σὰρξ
718 2479 749 2528 ό
783 2475 972 2543 Λόγος
1000 2470 1256 2540 ἐγένετο.
1288 2465 1526 2536 Φανεροῦ
1564 2465 1672 2534 γὰρ
1698 2465 1896 2518 ἅπασιν
1926 2462 2017 2515 ὅν-

443 2584 557 2629 τος,
585 2568 666 2620 ὅτι
696 2565 846 2618 οὐδὲν
895 2565 952 2616 ἐν
987 2561 1160 2632 ἑαυτῷ
1193 2559 1406 2613 κτιστὸν
1438 2558 1470 2628 ἢ
1515 2555 1832 2608 ἐπείσακτον
1868 2555 1896 2605 ό
1925 2552 2018 2604 ἐπὶ

443 2657 662 2709 πάντων
690 2653 802 2724 ἔχει
829 2651 980 2715 Θεὸς,
1004 2651 1064 2703 οὐ
1088 2649 1333 2718 δύναμιν,
1360 2645 1420 2698 οὐ
1458 2642 1668 2711 σοφίαν,
1699 2641 1758 2693 ού
1793 2638 1928 2708 φῶς,
1955 2639 2015 2690 οὐ

441 2749 624 2814 λόγον,
656 2747 716 2798 οὐ
751 2744 916 2814 ζωὴν,
951 2743 1050 2794 οὐκ
1089 2739 1363 2810 ἀλήθειαν,
1411 2735 1532 2789 οὐδὲ
1563 2735 1699 2796 ὅλως
1726 2751 1776 2786 τι
1817 2731 1923 2784 τῶν
1961 2732 2018 2783 ἐν

445 2836 526 2907 τῷ
551 2833 876 2904 πληρώματι
899 2830 993 2883 τοῦ
1019 2829 1160 2882 θείου
1189 2828 1383 2881 κόλπου
1415 2823 1828 2895 θεωρουμένων,
1879 2821 2020 2890 ἅπερ

448 2928 628 2982 πάντα
664 2925 829 2985 ἐστὶν,
869 2925 897 2975 ό
930 2919 1218 2990 μονογενὴς
1255 2918 1405 2981 Θεὸς,
1439 2917 1499 2969 '0
1525 2913 1608 2969 ὢν
1631 2914 1700 2968 ἐν
1729 2912 1851 2978 τοῖς
1875 2912 2020 2965 κόλ-

448 3034 589 3082 ποις
614 3014 719 3069 τοῦ
761 2985 1011 3080 Πατρός,
1049 2985 1148 3064 οὐκ
1174 2985 1238 3064 ἀν
1273 3025 1377 3061 τινι
1408 3007 1516 3060 τῶν
1548 3007 1602 3059 ἐν
1637 3007 1714 3074 τῷ
1743 3004 1862 3074 Θεῷ
1899 3005 2025 3056 θεω-
2047 2985 2092 3042 C

453 3106 736 3180 ρουμένων
814 3103 1050 3171 εὐλόγως
1108 3097 1478 3171 ὲφαρμοσθείη
1533 3098 1594 3149 τὸ
1646 3095 1744 3166 τῆς
1794 3095 2024 3156 κτίσεως

451 3199 641 3268 ὄνομα.
675 3197 838 3248 Ὥστε
879 3195 1050 3247 εἰπεῖν
1078 3191 1168 3244 τὸν
1193 3193 1250 3244 ἐν
1283 3190 1359 3260 τῷ
1388 3187 1564 3258 Πατρὶ
1604 3187 1753 3248 Υίὸν,
1783 3185 1816 3256 ἢ
1848 3186 1938 3238 τὸν
1967 3186 2024 3237 ἐν

451 3292 518 3360 τῇ
547 3290 686 3360 ἀρχῇ
721 3287 911 3354 Λόγον,
944 3285 977 3354 ἢ
1009 3283 1068 3336 τὸ
1097 3283 1153 3335 ἐν
1181 3281 1259 3352 τῷ
1293 3281 1429 3350 φωτὶ
1475 3279 1612 3348 φῶς,
1657 3279 1688 3350 ἢ
1724 3278 1822 3342 τὴν
1860 3278 1916 3329 ἐν
1955 3279 2021 3348 τῇ

455 3382 568 3452 ζωῇ
596 3379 760 3451 ζωὴν,
787 3379 820 3450 ἢ
851 3377 947 3448 τὴν
978 3379 1034 3430 ἐν
1057 3378 1123 3446 τῇ
1156 3374 1316 3444 σοφία
1344 3373 1554 3441 σοφίαν,
1584 3373 1667 3425 ὅτι
1696 3373 1909 3438 Κύριος
1932 3370 2028 3423 ἔκ-

455 3473 589 3526 τισέ
617 3488 713 3541 με.
746 3472 808 3523 Ει
846 3470 953 3540 γὰρ
991 3466 1182 3537 κτιστὴ
1216 3465 1308 3519 τοῦ
1343 3463 1476 3518 Θεοῦ
1513 3466 1546 3534 ὴ
1583 3463 1760 3532 σοφία,
1795 3461 2030 3533 Χριστὸς

457 3565 516 3618 δὴ
543 3563 677 3617 Θεοῦ
700 3562 925 3632 δύναμις
955 3560 1049 3613 καὶ
1074 3557 1208 3611 Θεοῦ
1243 3556 1420 3626 σοφία,
1462 3556 1782 3609 ἐπείσακτον
1818 3555 2031 3616 πάντως

459 3656 615 3726 ἔσχεν
631 3656 658 3706 ό
678 3653 808 3715 Θεὸς
829 3652 925 3723 τὴν
944 3651 1156 3720 σοφίαν,
1185 3648 1308 3701 ὒστε
1319 3666 1406 3720 ρον
1424 3650 1489 3701 ἐκ
1508 3648 1849 3716 κατασκευῆς
1868 3661 2032 3715 προσ-

459 3744 662 3807 λαϐὼν,
689 3743 718 3795 ὃ
750 3742 822 3814 μὴ
849 3741 998 3812 παρὰ
1026 3741 1124 3811 τὴν
1147 3739 1366 3811 πρώτην
1394 3736 1558 3809 εἶχεν.
1600 3737 1759 3790 Ἀλλά
1789 3737 1893 3808 μὴν
1915 3739 1943 3789 ὁ
1973 3739 2031 3789 ἐν

462 3836 574 3896 τοῖς
609 3832 829 3895 κόλποις
861 3831 938 3884 ὢν
977 3829 1071 3882 τοῦ
1099 3829 1312 3896 Πατρὸς
1361 3828 1612 3880 οὐδέποτε
1651 3825 1802 3878 κενὸν
1839 3822 2030 3878 ἐαυτοῦ

463 3925 650 3978 δίδωσι
673 3925 811 3978 νοεῖν
839 3922 929 3975 τὸν
956 3921 1208 3992 πατρῴον
1233 3917 1451 3982 κόλπον,
1486 3919 1592 3989 ἄρα
1612 3919 1673 3970 οὐ
1704 3916 1810 3970 τῶν
1836 3917 2033 3983 ἔξωθεν

467 4012 916 4083 ἐγγεγενημένων
969 4011 1086 4064 ἐστὶ
1138 4009 1341 4080 κόλπῳ.
1392 4007 1550 4060 Ἀλλά
1599 4006 1799 4069 παντὸς
1831 4005 2036 4074 ἀγαθοῦ

468 4106 742 4177 πλήρωμα
765 4103 861 4167 ὢν,
892 4104 1107 4164 πάντως
1137 4105 1194 4155 ἐν
1218 4100 1294 4172 τῷ
1321 4099 1497 4172 Πατρὶ
1527 4100 1726 4152 νοεῖται
1760 4100 1788 4151 ὁ
1817 4098 1875 4150 ὲν
1896 4097 2037 4168 ἀρχῇ

468 4195 567 4260 ὣν,
598 4196 700 4248 οὐκ
719 4193 1001 4264 ἀναμένων
1040 4193 1100 4245 τὸ
1127 4193 1214 4246 διὰ
1245 4191 1472 4254 κτίσεως
1503 4191 1561 4243 ἐν
1595 4189 1742 4259 αὐτῷ
1767 4188 2039 4258 γενέσθαι,

2115 1747 2319 1800 donum
2348 1745 2569 1798 virtutis
2601 1758 2722 1812 qua:
2748 1748 2829 1795 est
2861 1741 2914 1793 in
2953 1739 3267 1792 hominibus
3295 1735 3515 1792 silentio
3545 1747 3683 1802 pra:-

2118 1838 2337 1891 teritum
2391 1835 2717 1903 despicere:
2753 1846 2947 1886 rursus
2993 1845 3056 1884 ex
3099 1841 3334 1897 persona
3380 1823 3680 1893 Sapientia:

2120 1927 2312 1997 pergit,
2361 1925 2549 1980 dicens
2613 1938 2676 1978 ea
2710 1937 2832 1992 qua:
2863 1921 3025 1992 paulo
3055 1927 3186 1973 ante
3230 1913 3683 1972 commemoravi—

2117 2033 2241 2072 mus
2280 2035 2294 2070 :
2355 2015 2741 2069 Contubernale
2791 2014 2950 2067 habui
3015 2011 3290 2068 consilium
3335 2018 3385 2062 et
3428 2006 3685 2077 cognitio-

2117 2123 2232 2161 nem
2261 2116 2310 2160 et
2350 2107 2749 2174 intelligentiam
2773 2120 2792 2168 ,'
2837 2114 2884 2158 et
2928 2117 3245 2172 q-uu'cunque
3275 2098 3610 2169 intelligentia
3634 2104 3684 2151 et

2119 2198 2390 2254 scientiam
2420 2197 2675 2266 gignentia
2703 2205 2822 2249 sunt
2848 2194 3123 2247 doctrinm.

2191 2288 2316 2341 llaec
2354 2297 2407 2342 et
2458 2303 2579 2355 quae
2623 2297 2751 2340 sunt
2802 2283 3114 2352 hujusmodi
3156 2287 3511 2353 persecutus,
3554 2280 3687 2336 sub-

2117 2381 2300 2450 jungit
2328 2378 2632 2433 doctrinam
2661 2393 2782 2447 quae
2810 2384 2893 2432 est
2924 2377 2990 2430 de
3033 2375 3446 2444 dispensatione
3488 2387 3688 2428 secuno

2121 2471 2253 2526 dum
2283 2471 2575 2530 hominem,
2608 2469 2659 2522 id
2690 2477 2794 2534 est,
2819 2469 2887 2523 de
2911 2466 3075 2522 Verbi
3103 2466 3498 2531 incarnatione,
3525 2479 3689 2534 quam

2123 2566 2195 2620 ob
2224 2579 2447 2619 causam
2507 2561 2729 2616 Verbum
2781 2578 2903 2614 caro
2935 2561 3134 2630 factum
3173 2568 3250 2613 est
3291 2559 3354 2614 ".
3399 2557 3533 2610 Nam
3568 2572 3692 2610 cum

2123 2657 2198 2712 sit
2226 2657 2572 2726 perspicuum
2602 2654 2859 2709 omnibus
2884 2649 3029 2722 quod
3059 2651 3196 2705 nihil
3230 2651 3286 2704 in
3317 2651 3500 2720 scipso
3535 2663 3694 2703 crea-

2125 2756 2240 2801 tum
2279 2748 2362 2802 vel
2403 2746 2762 2800 adventitium
2796 2744 2958 2798 habet
2992 2744 3083 2798 ille
3113 2744 3206 2812 qui
3234 2749 3321 2796 est
3353 2742 3404 2794 in
3436 2739 3694 2794 omnibus

2127 2838 2292 2904 Deus,
2339 2853 2448 2892 non
2482 2839 2758 2903 virtutem,
2791 2851 2901 2890 non
2958 2835 3304 2905 sapientiam,
3357 2848 3466 2887 non
3497 2833 3694 2895 lucem,

2128 2944 2238 2982 non
2284 2929 2574 2992 rationem,
2611 2943 2721 2982 non
2773 2927 2961 2990 vitam,
3005 2942 3114 2981 non
3159 2925 3469 2988 veritatem,
3519 2937 3697 2990 neque

2131 3019 2354 3074 omnino
2385 3019 2680 3088 quidquam
2714 3033 2900 3073 eorum
2931 3033 3050 3088 quae
3078 3019 3130 3071 in
3164 3017 3499 3086 plenitudine
3525 3016 3696 3070 divini

2135 3113 2291 3168 sinus
2325 3111 2772 3180 conspiciuntur,
2822 3123 2942 3177 qua:
2981 3108 3200 3177 quidem
3248 3108 3428 3163 omnia
3458 3115 3542 3161 est
3576 3107 3698 3160 uni-

2136 3204 2351 3275 ge‘nitus
2385 3203 2550 3266 Deus,
2582 3205 2671 3273 qui
2705 3210 2781 3256 est
2827 3203 2881 3254 in
2934 3203 3144 3272 sinibus
3162 3200 3557 3266 Patris”,nulli
3602 3214 3696 3254 eo-

2136 3312 2257 3350 rum
2289 3311 2409 3366 quae
2447 3297 2501 3349 in
2526 3294 2635 3349 Deo
2664 3302 2964 3350 cernuntur
3001 3285 3295 3348 creationis
3324 3308 3518 3346 nomen
3550 3298 3700 3346 recte

2135 3393 2189 3440 et
2233 3384 2623 3438 convenienter
2651 3383 2852 3452 poterit
2887 3382 3174 3452 applicari.
3282 3379 3358 3434 lta
3406 3388 3466 3432 ut
3502 3395 3701 3432 conve-

2135 3476 2251 3531 niat
2296 3475 2495 3529 Filium
2545 3475 2637 3544 qui
2690 3482 2775 3529 est
2826 3474 2883 3528 in
2931 3473 3112 3535 Patre,
3168 3473 3251 3526 vel
3286 3471 3519 3526 Verbum
3555 3470 3700 3540 quod

2133 3572 2253 3620 erat
2292 3564 2347 3617 in
2391 3563 2682 3634 principio,
2713 3563 2796 3616 vel
2846 3562 2901 3616 in
2952 3563 3072 3616 luce
3116 3560 3322 3624 lucem,
3356 3561 3442 3614 vel
3492 3561 3546 3613 in
3587 3561 3700 3612 vita

2134 3655 2324 3718 vitam,
2356 3654 2440 3708 vel
2483 3654 2537 3707 in
2581 3652 2848 3723 sapientia
2894 3653 3214 3722 sapientiam
3259 3651 3471 3717 dicere,
3516 3649 3696 3706 Domi-

2139 3760 2237 3796 nus
2265 3744 2455 3796 creavit
2487 3758 2588 3796 me.
2695 3740 2752 3795 Si
2785 3741 2929 3796 enim
2964 3751 3145 3796 creata
3173 3748 3258 3796 est
3293 3741 3385 3796 Dei
3417 3742 3706 3811 sapientia,

2139 3832 2394 3887 Christus
2427 3841 2607 3887 autem
2655 3831 2751 3886 Dei
2794 3833 2970 3887 virtus
3017 3839 3072 3886 et
3119 3833 3412 3903 sapientia,
3458 3833 3706 3888 adventi-

2139 3925 2273 3978 tiam
2319 3923 2566 3995 profecto
2616 3923 2760 3979 Deus
2807 3925 2999 3979 habuit
3037 3925 3384 3994 sapientiam,
3432 3926 3706 3994 posterius

2139 4016 2272 4088 quid
2306 4033 2369 4072 ex
2420 4015 2701 4072 creat-ioue
2742 4016 2993 4086 adeptus,
3026 4017 3170 4087 quod
3211 4032 3322 4070 non
3352 4017 3507 4084 prius
3543 4016 3708 4071 babe—

2140 4109 2255 4164 bat.
2293 4106 2676 4162 Verumtamen
2719 4107 2813 4177 qui
2853 4115 2938 4161 est
2983 4107 3037 4160 in
3080 4107 3292 4161 sinibus
3329 4104 3530 4169 Patris,
3567 4121 3709 4158 nun-

2142 4215 2306 4270 quam
2339 4199 2522 4275 sejpso
2551 4213 2782 4252 vacuum
2818 4197 2951 4252 sinit
2985 4197 3286 4265 intelligere
3324 4196 3502 4249 sinum
3534 4202 3714 4263 pater-

468 4287 546 4350 ὡς
572 4287 639 4340 ἂν
676 4287 884 4356 μήποτε
915 4284 1068 4348 κενὸς
1105 4283 1325 4352 ἀγαθῶν
1349 4285 1376 4336 ό
1402 4281 1594 4352 Πατὴρ
1617 4281 1857 4351 νοηθείη.
1901 4277 2027 4332 Ἀλλ’

2146 4303 2297 4351 num,
2340 4289 2473 4342 nihil
2517 4288 2662 4342 enim
2713 4302 2901 4342 eorum
2946 4301 3066 4356 quae
3098 4286 3445 4340 extrinsecus
3493 4286 3715 4355 ingenc—

470 4377 500 4428 ό
529 4378 585 4430 ἐν
616 4377 683 4446 τῇ
713 4374 970 4445 ἁῖδιότητι
1000 4373 1101 4442 τῆς
1156 4373 1423 4442 πατρικῆς
1450 4371 1700 4442 θεότητος
1733 4365 1871 4422 εῖναι
1893 4367 2044 4422 νοού-

477 4489 656 4543 μενος,
705 4472 791 4524 ἀεὶ
828 4472 885 4523 ἐν
915 4469 1063 4539 αὐτῷ
1107 4468 1223 4520 ἐστι
1243 4483 1256 4496 ·
1287 4465 1526 4536 ¹δύναμις
1551 4465 1626 4518 ὢν
1659 4465 1754 4518 καὶ
1788 4463 1920 4534 ζωὴ,
1949 4461 2045 4514 καὶ

474 4564 721 4634 ἀλήθεια,
750 4563 842 4615 καὶ
874 4561 989 4630 φῶς
1016 4561 1111 4612 καὶ
1141 4559 1320 4628 σοφία,
1353 4558 1540 4612 καὶτὰ
1568 4557 1808 4612 τοιαῦτα.
1838 4553 2045 4610 Οὐκοῦν

475 4654 574 4705 οὐκ
607 4655 670 4706 ὲκ
695 4652 789 4705 τοῦ
821 4651 963 4703 θείου
1008 4667 1067 4702 τε
1097 4649 1190 4703 καὶ
1237 4647 1513 4718 ἀκηράτου
1561 4648 1706 4699 ἐστὶν
1733 4649 1765 4717 ἠ
1802 4645 2047 4700 Ἕκτισέ

474 4761 549 4814 με
584 4743 755 4814 φωνὴ,
795 4742 928 4796 ἀλλά
955 4740 1133 4804 καθὼς
1169 4739 1404 4811 εἴρηται,
1435 4739 1500 4792 ἐκ
1521 4737 1614 4791 τοῦ
1647 4738 2045 4807 ἀνακραθέντος

482 4835 599 4889 κατ’
637 4831 1083 4903 οίκονομίανᾶπὸ
1111 4831 1211 4900 τῆς
1240 4829 1463 4899 κτιστῆς
1485 4829 1640 4900 ἡμῶν
1667 4828 1902 4897 φύσεως.

2149 4387 2364 4444 rantur,
2399 4385 2482 4433 est
2509 4379 2564 4432 in
2604 4381 2752 4434 sinu.
2785 4378 2890 4433 Sed
2910 4375 3098 4433 omnis
3113 4377 3242 4432 boni
3273 4391 3396 4430 cum
3427 4377 3500 4432 sit
3529 4378 3718 4447 pleni-

2149 4468 2314 4532 tudo,
2377 4467 2603 4522 omninb
2658 4469 2712 4521 in
2769 4466 2931 4520 Patre
2977 4465 3301 4534 intelligitur
3337 4465 3432 4536 qui
3480 4472 3599 4520 erat
3656 4468 3714 4521 in

2151 4560 2446 4632 principio,
2496 4575 2606 4614 non
2637 4567 2964 4629 exspectans
3001 4559 3058 4612 in
3093 4557 3339 4628 ipsopor
3383 4560 3718 4615 creationem

2151 4666 2296 4716 esse,
2340 4667 2410 4707 ne
2457 4651 2755 4721 aliquando
2784 4649 2968 4715 Pater,
3010 4649 3168 4706 bonis
3198 4665 3411 4708 vacuus
3437 4661 3491 4708 et
3521 4653 3722 4708 inanis

2151 4751 2334 4800 mente
2389 4744 2600 4814 ooncipi
2647 4746 2838 4814 possit.
2882 4742 2985 4798 Sed
3032 4745 3131 4813 qui
3182 4744 3235 4799 in
3275 4746 3582 4801 aeternitate
3627 4760 3723 4816 pa-

2152 4844 2323 4890 ternae
2371 4833 2593 4891 deitatis
2636 4849 2760 4890 esse
2793 4834 3138 4904 intelligitur,
3191 4834 3247 4889 in
3295 4835 3416 4905 ipso
3464 4845 3548 4892 est
3581 4851 3725 4892 sem-

485 4928 834 4994 per:'virtus
867 4941 990 4979 cum
1041 4924 1115 4979 sit
1147 4932 1200 4978 et
1228 4923 1337 4977 vita
1387 4929 1441 4977 et
1477 4923 1701 4986 veritas,
1758 4925 1848 4979 lux
1922 4933 1977 4982 et
2020 4927 2289 4996 sapientia
2339 4935 2394 4982 et
2441 4943 2562 4998 quae
2609 4936 2738 4983 sunt
2787 4927 2937 4991 talia,
2989 4927 3138 4982 haud
3207 4929 3380 4999 igitur
3427 4929 3543 4984 haec
3596 4943 3722 4991 vox,

483 5018 690 5075 Creavit
729 5021 900 5081 me,de
929 5034 994 5074 eo
1028 5018 1172 5088 quod
1219 5017 1464 5073 divinum
1500 5027 1668 5073 estet
1711 5019 2134 5090 incorruptibile
2185 5022 2503 5092 accipienda
2549 5030 2656 5087 est,
2710 5021 2808 5078 sed
2885 5024 3038 5079 sicut»
3069 5023 3278 5079 dictum
3345 5036 3448 5089 est,
3511 5023 3586 5077 de
3660 5040 3725 5080 eo

486 5111 628 5184 quod
681 5127 778 5182 per
832 5110 1264 5165 incarnationem
1322 5116 1788 5176 contemperatutn
1851 5119 1938 5165 est
1986 5125 2052 5165 ex
2092 5121 2276 5166 creata
2309 5120 2508 5166 natura
2543 5121 2749 5166 nostra.

555 5202 680 5265 Πῶς
708 5196 801 5255 οῦν
833 5202 865 5270 ἡ
916 5201 1053 5272 αὑτὴ
1084 5201 1180 5254 καὶ
1219 5199 1316 5270 τὴν
1369 5199 1471 5270 γῆν
1501 5197 1760 5269 Θεμελιοί,
1794 5202 1887 5252 καὶ
1931 5201 2060 5264 τοὺς

488 5293 746 5365 οὐρανοὺς
781 5290 1078 5362 έτοιμάζει,
1113 5291 1206 5343 καὶ
1233 5290 1330 5355 τὰς
1359 5289 1627 5352 ἀϐύσσους
1665 5290 2057 5361 ἀναῤῥήγνυσι,

479 5385 648 5454 ’σοφία
677 5383 770 5436 καὶ
818 5383 1074 5454 φρόνησις
1108 5383 1434 5454 καλουμένη,
1465 5383 1558 5436 καὶ
1609 5380 1841 5436 ἐνταῦθα
1885 5382 2062 5447 κτίζε-

2235 5201 2522 5267 Quomodo
2571 5202 2740 5273 igitur
2766 5203 2955 5260 eadem
2996 5212 3195 5260 terram
3225 5205 3388 5258 etiam
3431 5198 3626 5254 fundat
3672 5213 3728 5258 et

2167 5295 2337 5352 caelos
2383 5304 2672 5365 prteparat,
2729 5304 2782 5351 et
2819 5296 3048 5368 abyssos
3094 5292 3416 5365 peruumpit,
3460 5289 3728 5358 sapientia

2170 5393 2223 5440 et
2257 5386 2571 5459 prudentia,
2600 5395 2653 5446 et
2684 5388 2902 5446 divinus
2930 5401 3131 5444 sensus
3157 5383 3249 5454 qui
3289 5387 3541 5448 vocatur,
3561 5379 3734 5437 etiam

567 5571 612 5603 "
664 5569 826 5625 Prov.
855 5585 973 5640 vm,
1002 5571 1071 5625 2i
1108 5586 1226 5641 sqq.
1306 5572 1348 5605 "
1381 5571 1537 5628 Joan.
1582 5586 1620 5639 ι,
1659 5526 1746 5626 ιλ.
1825 5571 1868 5603 η
1890 5569 2022 5626 ibid.
2086 5569 2172 5625 18.
