4054 6150
407 216 514 274 583

1666 197 1728 254 S.
1760 195 2097 256 'GREGORI]
2136 196 2227 252 ΝΥ
2236 196 2427 253 SSENI

3553 206 3654 261 531

413 332 516 385 hoc
557 327 613 383 in
644 325 767 381 loco
793 330 1016 378 creatur
1042 318 1108 373 ad
1158 331 1385 388 operum
1420 314 1794 386 principium?
1846 313 1975 368 Non

2091 332 2179 367 ται
2204 314 2281 377 εἰς
2316 314 2490 384 ἔργων
2514 314 2688 386 ἀρχήν
2714 314 2860 380 ;οὐκ
2884 316 3034 379 ἄνευ,
3072 317 3255 388 φησιν,
3286 316 3466 380 αἰτίας
3492 319 3657 387 μεγὰ-

416 422 614 492 inquit,
666 420 870 486 absque
894 428 1089 483 magna
1116 425 1281 465 causa
1311 409 1437 464 talis
1493 410 1765 480 particeps
1800 407 1981 478 operis

412 514 704 566 adhibetur
743 506 1101 576 dispensatio,
1153 503 1205 557 id
1233 510 1339 567 est,
1379 502 1615 555 humana
1644 499 1850 553 Christi
1884 513 1983 551 na-

410 614 554 656 tura.
605 599 808 653 Verum
855 594 1299 666 quandoquidem
1347 593 1596 651 homines
1628 606 1817 646 eorum
1862 606 1981 660 qua:

409 700 632 760 accepto
664 688 919 743 mandato
948 689 1243 742 observare
1279 696 1333 741 et
1369 684 1652 739 custodire
1680 683 1982 737 debuerant

406 796 469 832 ex
498 795 597 833 sua
626 778 891 831 memoria
919 793 1013 846 per
1044 775 1441 830 contumaciam
1469 781 1523 827 et
1557 772 1979 827 iuobedientiam

406 870 735 938 expulerunt
764 869 1019 938 gratiam,
1057 868 1329 921 bonorum
1374 865 1548 930 obliti,
1599 871 1888 934 propterea
1923 870 1982 915 ut

406 963 562 1016 vobis
589 960 970 1014 annuutiarem
1002 973 1122 1029 quae
1158 957 1406 1027 quotidie
1435 957 1505 1010 ob
1533 964 1773 1010 vestram
1827 955 1979 1007 salu-

406 1060 513 1108 tem
562 1054 725 1115 liunt,
794 1061 847 1106 e‘t
896 1052 953 1105 in
1012 1050 1329 1105 memoriam
1374 1047 1693 1101 reducerem
1746 1061 1808 1100 ea
1862 1061 1984 1112 qua:

408 1151 537 1196 sunt
596 1160 624 1195 a
676 1144 897 1206 smru‘lo,
962 1138 1337 1196 enumerando
1401 1138 1556 1191 vobis
1622 1153 1685 1191 ea
1750 1150 1979 1205 quorum

411 1234 734 1288 memoriam
791 1234 1092 1289 amisistis:
1136 1231 1258 1285 Non
1308 1233 1442 1284 enim
1484 1246 1671 1283 novtun
1720 1229 1982 1298 quoddam

412 1324 760 1393 Evangelium
809 1340 946 1377 mmo
1008 1323 1287 1385 annuntio,
1351 1320 1438 1374 sed
1496 1332 1719 1373 uestram
1765 1320 1817 1372 in
1871 1320 1981 1387 pri-

409 1414 609 1466 stinum
666 1423 863 1467 statum
915 1412 1299 1467 restitutionem
1353 1410 1582 1474 molior;
1616 1409 1780 1478 hujus
1810 1412 1983 1480 gratia

408 1519 509 1575 ego
574 1506 669 1574 qui
732 1519 947 1573 semper
1002 1517 1146 1566 sum,
1208 1511 1429 1556 creatus
1488 1500 1589 1563 fui,
1652 1501 1743 1571 qui
1811 1502 1978 1565 nulla,

407 1606 468 1653 ut
534 1610 733 1661 essem,
810 1594 1116 1663 inligebam
1197 1593 1497 1647 creatione.
1580 1592 1658 1646 lla
1740 1598 1800 1644 ut
1876 1592 1978 1646 sim

2083 405 2182 475 λης
2224 407 2257 476 ἡ
2292 405 2510 476 τοιαύτη
2562 410 2901 477 συπθεργεῖται
2945 410 3243 478 οἰκονομία.
3289 408 3424 462 ’Ἀλλ’
3474 411 3657 479 ἐπειδὴ

2083 496 2192 549 τῶν
2227 497 2699 567 παραφυλακτέων
2751 500 2879 569 ἡμῖν
2920 500 3017 569 τὴν
3056 500 3271 571 ἐντολὴν
3312 500 3568 564 λαϐόντες
3610 504 3657 553 οί

2086 589 2362 658 ἄνθρωποι
2379 589 2627 653 ἐξέϐαλον
2646 592 2744 661 τῆς
2774 592 2991 662 μνήμης
3012 593 3107 664 τὴν
3136 594 3294 664 χάριν
3317 593 3404 647 διὰ
3431 593 3532 663 τῆς
3558 608 3660 645 πα-

2087 681 2286 750 ρακοῆς
2319 682 2377 734 ἐν
2402 684 2467 751 τῇ
2502 681 2608 735 τῶν
2642 683 2860 751 ἀγαθῶν
2892 682 3029 754 λήθῃ
3061 684 3362 754 γενόμενοι,
3388 683 3477 737 διὰ
3501 684 3659 736 τοῦτο

2083 771 2169 823 ἵνα
2202 773 2507 840 ἁναγγείλω
2534 774 2695 827 πάλιν
2726 775 2854 845 ὑμῖν
2880 776 2947 829 τὰ
2968 776 3089 829 καθ’
3119 776 3329 848 ἡμέραν
3362 775 3455 828 ἐπὶ
3483 792 3659 845 σωτη-

2088 864 2178 934 ρίᾳ
2203 864 2482 934 γινόμενα,
2506 866 2601 918 καὶ
2628 866 2925 938 ἀναμνήσω
2953 867 3021 921 τὰ
3042 867 3101 933 ἐξ
3133 868 3659 941 αἱῶνος,ἁπαριθμη-

2084 956 2315 1026 σάμενος
2356 951 2430 1009 ὧν
2460 959 2811 1013 ἐπελάθεσθε·
2843 963 2925 1031 03’;
2964 963 3075 1029 γὰρ
3108 964 3320 1016 καινόν
3358 980 3411 1017 τι
3446 979 3660 1032 arata-ro

2084 1046 2276 1115 γὲλλω
2298 1046 2415 1101 νῦν
2444 1050 2829 1119 Εὐαγγέλιον,
2860 1051 3020 1105 ἀλλὰ
3057 1053 3171 1120 τὴν
3193 1055 3279 1119 εἷς
3315 1055 3382 1106 τὸ
3410 1054 3660 1123 ἀρχαῖον

2086 1140 2584 1194 ἀποκατάστασιν
2604 1141 2771 1210 ὑμῶν
2794 1145 3276 1211 πραγματεύομαι
3297 1159 3311 1173 ⁶
3347 1144 3535 1198 τούτου
3562 1144 3657 1217 χᾶ.-

2088 1247 2168 1301 ριν
2194 1231 2447 1302 ἐκτίσοην
2472 1234 2499 1284 6
2522 1232 2607 1284 ἀεὶ
2636 1231 2731 1295 ὢν,
2763 1232 2856 1284 καὶ
2889 1232 3054 1301 μηδὲν
3089 1232 3182 1285 τοῦ
3210 1234 3494 1305 κτισθῆναι
3522 1236 3655 1305 πρὸς

2083 1319 2141 1372 τὸ
2175 1316 2311 1372 εἷναι
2334 1320 2604 1389 δεόμενος.
2643 1320 2803 1371 Ὥστε
2842 1337 2906 1389 με
2931 1320 3180 1385 γενέσθαι
3216 1322 3390 1392 ἀρχὴν
3420 1322 3552 1374 ὁδῶν
3579 1324 3657 1385 εἰς

2082 1412 2149 1465 τὰ
2177 1412 2314 1483 ἔργα
2356 1412 2448 1465 τοῦ
2480 1412 2634 1475 Θεοῦ,
2675 1414 2800 1476 τοὺς
2839 1413 3157 1483 ἀνθρώπους
3200 1412 3357 1480 λέγω.
3389 1414 3499 1483 Τῆς
3545 1415 3656 1485 γάρ

2082 1501 2200 1554 ὁδοῦ
2232 1503 2327 1571 τῆς
2366 1500 2588 1572 πρώτης
2629 1502 3090 1572 καταφθαρείσης,
3124 1502 3236 1554 ἔδει
3287 1502 3446 1556 πάλιν
3480 1506 3659 1571 ἐγκαι-

2082 1592 2327 1663 νισθῆναι
2379 1595 2488 1657 τοῖς
2545 1592 2913 1663 πλανωμένοις
2944 1594 3063 1647 ὁδὸν
3105 1593 3416 1664 πρόσφατόν
3460 1612 3519 1646 τε
3561 1596 3655 1648 καὶ

408 1688 733 1757 principium
784 1685 994 1738 viarum
1037 1682 1103 1737 ad
1145 1697 1309 1752 opera
1358 1682 1474 1746 Dei,
1524 1683 1775 1737 homines
1829 1682 1973 1736 dico.

2086 1682 2285 1746 ζῶσαν,
2310 1681 2473 1734 αὑτὸν
2508 1681 2630 1752 ἐμὲ,
2664 1684 2723 1745 ὃς
2756 1684 2870 1752 εἰμι
2903 1683 3039 1745 ὁδός.
3073 1684 3182 1735 Καὶ
3202 1684 3285 1736 ὅτι
3313 1684 3449 1754 πρὸς
3482 1684 3541 1736 τὸ
3570 1686 3656 1737 ἀν·

408 1778 541 1831 Nam
572 1782 830 1844 corrupta
864 1774 953 1827 via
983 1774 1183 1842 prima,
1218 1773 1358 1825 viam
1404 1780 1681 1826 recentem
1718 1780 1772 1827 et
1799 1771 1975 1827 vivam

409 1868 723 1923 errantibus
752 1865 1001 1918 innovari
1025 1879 1218 1919 rursus
1248 1863 1554 1932 oportebat,
1585 1878 1781 1933 nempe
1807 1864 1979 1933 meip-

408 1974 526 2013 sum
592 1957 685 2026 qui
719 1971 840 2010 sum
872 1955 977 2008 via.
1012 1954 1166 2020 Quod
1206 1954 1274 2009 ad
1307 1954 1703 2008 humanitatem
1756 1955 1980 2023 respicit

414 2049 680 2104 sententia
716 2043 1430 2113 verbi.‘Creavitme,nobis
1474 2043 1821 2099 manifestius
1848 2043 1976 2097 red-

413 2142 493 2195 dit
536 2141 652 2195 suis
678 2138 863 2193 verbis
897 2136 1117 2190 divinus
1181 2135 1509 2205 Apostolus,
1567 2136 1768 2205 quibus
1820 2134 1978 2205 jubet

406 2232 630 2288 induere
691 2229 978 2283 Dominum
1028 2225 1213 2281 Jesum
1248 2226 1525 2297 Christum
1562 2227 1607 2257 ¹¹
1644 2243 1658 2290 ;
1718 2235 1978 2295 praeterea

408 2324 499 2377 ubi
556 2321 748 2376 eodem
785 2319 1016 2389 repetito
1046 2330 1301 2372 sermone
1334 2316 1489 2379 dicit,
1526 2315 1740 2369 Induite
1786 2330 1976 2368 novum

405 2414 663 2467 hominem
686 2412 774 2481 qui
803 2409 1086 2464 secundum
1118 2408 1281 2461 Deum
1311 2416 1517 2460 creatus
1539 2416 1616 2459 est
1641 2405 1685 2437 “
1705 2446 1719 2461 .
1751 2406 1808 2460 Si
1831 2407 1977 2459 enim

406 2504 625 2558 unicum
664 2510 749 2557 est
804 2503 1044 2557 salutare
1095 2498 1493 2560 indumentum,
1532 2498 1634 2551 hoc
1660 2506 1839 2551 autem
1892 2505 2005 2550 est—

404 2596 679 2658 Christus,
711 2608 819 2646 non
853 2593 1017 2644 alium
1044 2591 1169 2660 quis
1193 2588 1395 2642 dixerit
1436 2598 1636 2657 prauer
1684 2587 1971 2641 Christum

404 2700 526 2753 esse
561 2698 759 2736 novum
795 2683 1091 2743 hominem,
1124 2695 1248 2734 eum
1298 2680 1391 2748 qui
1444 2679 1744 2735 secundum
1804 2677 1974 2732 Deum

404 2782 624 2829 creatus
662 2784 763 2829 est.
804 2772 915 2828 Sed
955 2774 1164 2826 clarum
1216 2782 1324 2841 est,
1360 2773 1505 2843 quod
1553 2773 1645 2842 qui
1695 2771 1975 2826 Christum

402 2866 601 2929 induit,
640 2881 836 2921 novum
869 2866 1045 2919 induit
1071 2865 1370 2927 hominem,
1401 2880 1523 2919 eum
1550 2865 1644 2934 qui
1670 2864 1973 2920 secundum

405 2959 573 3013 Deum
609 2966 823 3013 creatus
856 2966 960 3013 est.
999 2958 1162 3012 Solus
1189 2958 1334 3012 enim
1366 2957 1455 3011 hic
1494 2972 1622 3012 vere
1673 2965 1727 3012 et
1758 2957 1978 3027 preprie

403 3067 580 3106 novus
608 3052 926 3106 nominatur
956 3050 1141 3114 homo,
1177 3051 1269 3120 qui
1295 3066 1404 3104 non
1428 3065 1524 3118 per
1547 3057 1708 3104 notas
1741 3059 1796 3104 et
1842 3064 1981 3102 con-

404 3153 591 3199 suetas
627 3152 837 3196 uaturte
868 3143 986 3196 vias
1023 3142 1076 3195 in
1114 3142 1395 3196 hominum
1420 3142 1527 3195 vita
1548 3142 1836 3210 apparuit:
1882 3140 1979 3195 sed

401 3235 659 3290 inusitata
687 3235 932 3303 quaadmn
958 3241 1011 3288 et
1031 3232 1327 3303 peculiaris
1356 3232 1410 3286 in
1439 3232 1543 3285 hoc
1574 3232 1693 3285 solo
1716 3232 1979 3285 innovata

399 3332 486 3380 est
515 3326 743 3379 creatio.
775 3324 987 3378 Idcirco
1031 3323 1097 3377 ad
1128 3325 1271 3377 hunc
1315 3322 1693 3375 admirabilem
1722 3331 1776 3376 et
1823 3323 1980 3375 inau-

400 3414 571 3467 ditum
615 3414 988 3483 generationis
1029 3411 1250 3465 modum
1304 3411 1607 3479 respiciens
1660 3410 1977 3480 Apostolus,

399 3501 655 3555 eumdem
693 3516 896 3554 novum
946 3501 1224 3554 hominem
1280 3498 1583 3554 secundum
1621 3499 1789 3553 Deum
1821 3514 1979 3555 crea-

400 3600 516 3646 tum
551 3592 818 3655 nominat,
851 3601 905 3644 et
936 3590 1002 3644 ad
1032 3591 1271 3644 divinam
1304 3592 1527 3646 intuens
1555 3600 1809 3646 naturam
1832 3608 1978 3648 crea-

401 3682 531 3733 tioni
560 3680 723 3747 hujus
756 3680 883 3732 novi
934 3679 1171 3735 hominis
1218 3689 1661 3751 attemperatam,
1693 3681 1976 3739 Christum

398 3772 653 3841 appellat.
673 3771 854 3836 Quare
880 3785 978 3840 pro
1011 3786 1122 3824 uno
1146 3778 1200 3825 et
1250 3772 1441 3827 eodem
1472 3774 1610 3828 duas
1652 3776 1778 3844 poni
1812 3778 1976 3830 vo'ces

400 3869 609 3914 certum
636 3866 739 3925 est,
763 3870 815 3913 et
843 3860 986 3913 hanc
1017 3875 1229 3925 vocem,
1276 3860 1483 3917 Christi
1512 3863 1661 3927 dico,
1721 3872 1774 3920 ει
1821 3867 1971 3919 illam

399 3950 525 4004 ηονὶ
553 3950 790 4004 hominis
817 3950 1116 4005 secundum
1137 3949 1304 4005 Deum
1336 3955 1527 4007 creati.

467 4039 738 4106 Quoniam
785 4041 953 4111 igitur
1009 4040 1264 4096 Christus
1301 4043 1571 4112 sapientia
1600 4055 1706 4108 est,
1768 4046 1974 4101 intelli-

398 4146 531 4201 gens
562 4130 781 4184 auditor
817 4144 1125 4185 sermonem
1166 4130 1497 4196 consideret,
1536 4141 1590 4187 et
1634 4149 1825 4189 eorum
1879 4137 1972 4205 qui

396 4223 558 4277 nobis
589 4221 973 4287 adversantur,
996 4227 1049 4275 et
1078 4228 1349 4285 nostrum,
1384 4230 1440 4277 et
1470 4223 1835 4293 judicet-uter
1861 4229 1974 4296 pie-

2085 1772 2395 1843 θρώπινονή
2411 1770 2750 1830 τοῦ,¹Έκτισέ
2770 1772 3066 1843 με,διάνοια
3090 1772 3291 1842 βλέπει,
3325 1774 3656 1844 σαφέστερον

2085 1865 2213 1934 ἡμῖν
2263 1861 2419 1914 τοῦτο
2456 1860 2747 1931 παρίστησι
2782 1862 2868 1915 διὰ
2910 1862 3019 1916 τῶν
3051 1864 3195 1917 ἰδίων
3240 1865 3413 1933 λόγων
3461 1868 3488 1918 6
3513 1866 3654 1930 θεῖος

2104 1951 2443 2015 Ἀπόστολος,
2480 1952 2537 2003 ἐν
2569 1945 2652 2014 οἷς
2698 1950 3083 2018 διακελεύεται,
3109 1952 3192 2006 δτι
3213 1953 3531 2008 Ἐνδύσασθε
3564 1955 3655 2008 τὸν

2084 2043 2288 2112 Κύριον
2332 2042 2536 2113 Ἰησοῦν
2573 2041 2828 2111 Χριστὸν,
2862 2044 2956 2095 καὶ
2986 2043 3121 2112 πρὸς
3158 2043 3369 2107 τούτοις
3395 2046 3525 2098 ὅπου
3565 2046 3654 2098 τὸν

2082 2132 2243 2184 αὐτὸν
2264 2132 2620 2186 ἐπαναλαϐὼν
2637 2133 2793 2203 λόγον
2811 2137 2993 2206 φησὶν,
3022 2136 3392 2190 Ἐνδύσασθε
3416 2136 3652 2188 torum-

2081 2222 2192 2275 νὺν
2212 2222 2526 2291 ἄνθρωπον
2553 2224 2659 2278 τὸν
2684 2227 2833 2279 κατὰ
2855 2227 3003 2281 Θεὸν
3027 2227 3440 2281 κτισθένταΈὶ
3471 2226 3575 2295 γὰρ
3596 2224 3653 2277 ἓν

2088 2312 2184 2383 μέν
2216 2314 2333 2366 ἐστι
2365 2314 2424 2366 τὸ
2462 2316 2727 2385 σωτήριον
2764 2314 2989 2385 ἔνδυμα,
3023 2314 3179 2368 τοῦτο
3204 2316 3261 2368 δέ
3293 2317 3440 2368 ἐστιν
3471 2318 3499 2369 6
3526 2316 3656 2386 Χρι-

2086 2405 2228 2469 στὸς,
2269 2404 2370 2457 οὐκ
2401 2405 2465 2458 ἂν
2494 2406 2651 2459 ἄλλον
2682 2425 2765 2470 τις
2791 2406 2933 2460 εἴποι
2967 2406 3118 2478 παρὰ
3141 2408 3230 2460 τὸν
3260 2409 3492 2479 Χριστὸν
3520 2404 3656 2461 εἶναι

2084 2495 2176 2548 τὸν
2210 2496 2393 2548 καινὸν
2415 2496 2697 2567 ἄνθρωπον
2725 2497 2814 2550 τὸν
2836 2497 2976 2551 κατὰ
3001 2498 3131 2550 Θεὸν
3156 2499 3464 2551 κτισθέντα.
3501 2497 3658 2551 Ἀλλὰ

2082 2585 2259 2653 δῆλον,
2289 2586 2371 2639 ὄτι
2403 2589 2431 2639 6
2455 2586 2543 2638 τὸν
2571 2588 2801 2658 Χριστὸν
2838 2587 3194 2658 ἐνδυσάμενος
3244 2588 3333 2641 τὸν
3356 2589 3538 2642 καινὸν
3568 2591 3653 2640 ἐν-

2082 2673 2293 2727 δέδυται
2339 2672 2641 2745 ἄνθρωπον,
2685 2674 2775 2727 τὸν
2810 2676 2950 2729 κατὰ
2987 2676 3116 2727 Θεὸν
3144 2674 3454 2729 κτισθέντα.
3483 2675 3657 2737 Μόνος

2083 2761 2191 2835 γὰρ
2215 2759 2365 2827 οὗτος
2408 2764 2482 2826 ὡς
2515 2764 2727 2835 άληθῶς
2752 2764 2935 2827 καινὸς
2974 2764 3176 2836 κυρίως
3207 2764 3528 2834 ὀνομάζεται
3556 2766 3646 2818 ἇν-

2085 2857 2319 2928 θρωπος,
2339 2855 2397 2919 ὃς
2414 2855 2535 2926 οὐχὶ
2552 2855 2639 2909 διὰ
2653 2856 2758 2908 τῶν
2778 2855 3067 2926 γνωρίμων
3083 2872 3141 2908 τε
3171 2854 3264 2907 καὶ
3286 2855 3527 2926 συνήθων
3555 2856 3657 2925 τῆς

2085 2948 2298 3016 φύσεως
2336 2947 2469 3000 ὁδῶν
2501 2948 2556 2998 ἐν
2584 2944 2661 3015 τῷ
2694 2945 2800 2998 τῶν
2839 2944 3139 3015 ἀνθρώπων
3181 2946 3351 3016 ἐφάνη
3385 2945 3507 3015 βίῳ,
3544 2945 3654 2998 ἀλλ’

2083 3037 2456 3109 ἐξηλλαγμένη
2484 3054 2566 3099 τις
2592 3037 2684 3088 καὶ
2708 3035 2982 3099 ίδιάζουσα
3006 3035 3097 3087 ἐπὶ
3122 3034 3285 3105 μόνου
3303 3034 3491 3088 τούτου
3510 3039 3657 3088 ἐκαι⁸

2081 3127 2348 3196 νοτομήθη
2382 3131 2414 3195 ή
2446 3125 2641 3186 κτίσις.
2685 3124 2783 3176 Διὰ
2813 3124 2968 3176 τοῦτο
3010 3123 3100 3175 τὸν
3134 3124 3295 3176 αὑτὸν
3323 3126 3459 3195 πρός
3500 3142 3558 3177 τε
3600 3124 3657 3177 τὸ

2081 3217 2379 3286 παράδοξον
2415 3216 2513 3287 τῆς
2544 3217 2848 3284 γεννήσεως
2879 3216 3111 3286 βλέπων,
3158 3217 3338 3270 καινὸν
3379 3217 3657 3287 ἄνθρωπον

2080 3309 2222 3361 κατὰ
2277 3307 2407 3361 Θεὸν
2450 3306 2737 3360 κτισθέντα
2784 3307 3173 3377 κατονομάζει,
3232 3309 3325 3360 καὶ
3375 3309 3513 3379 πρὸς
3562 3308 3657 3378 τὴν

2080 3398 2228 3451 θείαν
2280 3398 2442 3467 φύσιν
2491 3399 2631 3468 ὁρῶν
2685 3398 2783 3468 τὴν
2825 3399 3190 3469 ἐγκραθεῖσαν
3235 3402 3300 3470 τῇ
3350 3400 3521 3452 κτίσει
3565 3399 3656 3452 τοῦ

2081 3488 2269 3543 καινοῦ
2303 3488 2493 3541 τούτου
2522 3488 2833 3560 ἀνθρώπου,
2860 3491 3096 3560 Χριστὸν
3121 3490 3538 3560 προσαγορεύει.
3572 3492 3659 3554 Ὡς

2079 3581 2306 3644 καθενὸς
2342 3582 2436 3634 καὶ
2469 3583 2560 3634 τοῦ
2599 3582 2763 3634 αὑτοῦ
2802 3582 2898 3645 τὰς
2929 3582 3021 3635 δύο
3073 3583 3285 3636 κεῖσθαι
3320 3584 3523 3653 φωνὰς,
3556 3585 3657 3653 τήν

2077 3692 2137 3727 τε
2166 3674 2259 3726 τοῦ
2286 3673 2522 3743 Χριστοῦ
2556 3674 2719 3742 λέγω,
2756 3675 2847 3727 καὶ
2891 3675 2991 3745 τὴν
3019 3675 3110 3729 τοῦ
3150 3674 3335 3729 καινοῦ
3366 3674 3655 3746 ἀνθρώπου

2076 3768 2167 3823 τοῦ
2207 3768 2346 3822 κατὰ
2378 3768 2508 3820 Θεὸν
2548 3767 2879 3831 κτισθέντος.

2159 4049 2310 4103 Ἐπεὶ
2338 4043 2430 4101 οὖν
2457 4047 2690 4117 Χριστὸς
2713 4049 2746 4118 ἡ
2781 4046 2941 4116 σοφία
2964 4048 3131 4113 ἐστὶν,
3162 4049 3190 4101 6
3218 4049 3435 4112 συνετὸς
3454 4050 3654 4120 ἀκροα-

2073 4144 2172 4215 τὴς
2214 4143 2601 4214 ἐπισκεψάσθω
2636 4144 2725 4198 τὸν
2763 4143 2920 4212 λόγον
2987 4143 3094 4197 τῶν
3126 4161 3184 4196 τε
3222 4132 3650 4214 προμαχομένων

2076 4239 2227 4307 ἡμῖν,
2259 4237 2353 4290 καὶ
2382 4237 2472 4289 τὸν
2503 4236 2791 4307 ἡμέτερον,
2822 4236 2917 4289 καὶ
2952 4235 3191 4307 κρινάτω
3221 4236 3311 4288 τὸν
3338 4236 3651 4288 εὐσεϐέστε-

395 4313 494 4367 tati
529 4313 703 4382 magis
727 4319 994 4382 congruat
1022 4318 1076 4366 et
1102 4322 1505 4369 consentaneus
1533 4315 1624 4370 sit.
1667 4316 1801 4372 Uter
1844 4333 1963 4372 ma-

2080 4342 2190 4395 ρον.
2227 4324 2322 4387 Τίς
2366 4323 2565 4395 μᾶλλον
2611 4323 2706 4387 τὰς
2736 4324 3058 4395 θεοπρεπεῖς
3084 4324 3289 4388 ἐννοίας
3311 4327 3366 4377 ἐν
3400 4325 3476 4394 τῷ
3505 4323 3650 4395 ρητῷ

394 4405 479 4476 gis
508 4403 617 4459 Deo
655 4404 886 4459 decoras
941 4404 1333 4475 intelligentias
1365 4405 1419 4458 in
1453 4404 1600 4461 dicto
1651 4416 1966 4474 conservet,

396 4514 463 4551 an
487 4498 583 4566 qui
612 4498 852 4552 universi
872 4498 1188 4552 Creatorem
1207 4503 1261 4550 et
1291 4495 1584 4552 Dominum
1617 4500 1819 4554 factum
1846 4516 1969 4557 esse

394 4588 607 4655 definit,
630 4598 685 4643 et
708 4587 970 4644 servienti
1021 4595 1292 4643 creaturae
1349 4589 1559 4644 honore
1594 4606 1784 4660 parem
1833 4606 1968 4646 con-

395 4678 597 4743 struit;
638 4690 708 4729 an
752 4676 934 4746 potius
963 4675 1055 4744 qui
1085 4675 1154 4729 ad
1207 4677 1671 4746 dispensationem
1711 4679 1970 4734 incarna-

394 4766 564 4819 tionis
589 4766 911 4833 respiciens,
942 4774 1125 4821 servat
1149 4766 1297 4837 quod
1320 4769 1563 4837 opinioni
1583 4769 1650 4825 de
1672 4769 1969 4829 divinitate

360 4926 364 4939 γ
395 4865 451 4910 ει
475 4856 542 4910 de
570 4855 911 4912 humanitate
936 4861 1218 4925 convenit,
1253 4868 1307 4914 et
1332 4868 1456 4929 apte
1487 4863 1778 4931 congruit:
1816 4879 1968 4935 mag-

395 4964 468 5003 no
501 4946 672 5000 Paulo
710 4948 813 5001 hoc
858 4950 1164 5018 praesertim
1196 4951 1394 5021 dogma
1423 4953 1837 5021 comprobante,
1871 4956 1964 5024 qui

394 5039 450 5094 in
484 5054 626 5093 novo
654 5034 878 5095 homine
906 5042 1238 5097 creationem
1268 5043 1512 5112 respicit,
1546 5052 1600 5099 et
1624 5046 1679 5099 in
1721 5062 1848 5102 vera
1880 5064 1967 5103 sa-

397 5131 603 5201 pientia
632 5136 958 5199 potestatem
996 5132 1317 5187 creationis.
1354 5133 1667 5198 Quinetiam
1696 5139 1964 5194 orationis

394 5217 531 5271 ordo
561 5217 725 5287 hujus
787 5231 986 5272 sensus
1022 5219 1471 5286 contemplationi
1507 5224 1801 5279 consentit.
1848 5222 1965 5280 Nisi

392 5309 537 5363 enim
575 5309 631 5363 ln
664 5308 827 5364 nobis
854 5310 1064 5364 viarum
1113 5310 1442 5380 principium
1492 5322 1738 5368 creatum
1790 5326 1959 5383 esset,

394 5413 501 5451 non
532 5414 745 5466 eorum,
774 5415 895 5470 qua:
933 5408 1243 5469 sperantur,
1271 5401 1595 5455 saaculorum
1639 5404 1962 5461 fundamen-

395 5494 509 5540 tum
536 5488 741 5556 jactum
770 5490 997 5557 fuisset;
1037 5506 1144 5545 non
1190 5489 1367 5547 factus
1398 5492 1558 5547 nobis
1598 5505 1743 5553 esset
1774 5494 1957 5554 Domi-

468 5578 512 5655 f‘
557 5579 715 5637 Rom.
767 5600 886 5654 xui,
942 5585 1027 5642 M.
1107 5585 1149 5617 “
1182 5583 1382 5655 Ephes.
1419 5601 1492 5658 iv,
1531 5586 1611 5647 24.

2079 4414 2353 4480 διασώζει,
2382 4417 2410 4469 6
2438 4414 2528 4468 τὸν
2564 4413 2658 4466 τοῦ
2690 4415 2887 4478 παντὸς
2915 4416 3153 4485 Κτίστην
3184 4417 3275 4468 καὶ
3315 4417 3518 4487 Κύριον
3552 4433 3648 4469 πες-

2079 4507 2333 4575 ποιῆσθαι
2362 4506 2746 4577 διοριζόμενος,
2776 4508 2869 4561 καὶ
2904 4510 2968 4577 τῇ
3003 4507 3325 4578 δουλευούσῃ
3359 4508 3528 4562 κτίσει
3554 4526 3650 4561 κα-

2075 4598 2431 4661 τασκευάζων
2467 4598 2758 4668 ὁμότιμον·
2794 4598 2827 4667 ἢ
2877 4599 3078 4669 μᾶλλον
3116 4600 3144 4650 6
3177 4599 3312 4669 πρὸς
3360 4600 3459 4669 τὴν
3509 4601 3651 4652 οἰκο-

2077 4690 2267 4760 νομίαν
2293 4689 2456 4761 ὁρῶν,
2491 4691 2585 4743 καὶ
2611 4690 2897 4760 φυλάσσων
2936 4693 3000 4761 τῇ
3029 4708 3087 4743 τε
3122 4692 3249 4761 περὶ
3277 4691 3337 4743 τὸ
3366 4692 3525 4753 θεῖον,
3557 4693 3650 4746 καὶ

2073 4783 2140 4851 τῇ
2175 4780 2303 4851 περὶ
2328 4780 2389 4832 τὸ
2413 4779 2748 4850 ἀνθρώπινον
2775 4781 3038 4850 ὑπολήψει
3065 4782 3126 4834 τὸ
3158 4785 3481 4853 πρόσφορον.
3506 4784 3651 4854 Συμ-

2070 4869 2477 4943 μαρτυροῦντος
2496 4871 2588 4924 τοῦ
2616 4872 2851 4941 μεγάλου
2888 4871 3099 4924 Παύλου
3128 4872 3202 4942 τῷ
3228 4872 3474 4941 δόγματι,
3510 4873 3569 4936 ὃς
3592 4874 3649 4925 ὲν

2069 4963 2169 5032 μὲν
2192 4961 2269 5031 τῷ
2312 4961 2481 5032 καινῷ
2510 4962 2780 5035 ἀνθρώπῳ
2820 4963 2918 5034 τὴν
2951 4963 3127 5015 κτίσιν
3167 4962 3373 5033 βλέπει,
3405 4966 3462 5016 ἐν
3492 4965 3547 5017 δὲ
3580 4968 3643 5035 τῇ

2063 5049 2288 5120 ἀληθινῇ
2317 5050 2477 5121 σοφίᾳ
2504 5051 2601 5122 τὴν
2622 5051 2865 5115 ἐξουσίαν
2883 5051 2983 5121 τῆς
3004 5053 3251 5115 κτίσεως.
3272 5053 3566 5123 Συμδαίνει
3589 5055 3643 5107 δὲ

2064 5142 2157 5193 καὶ
2192 5139 2397 5211 ήτὰξις
2433 5141 2526 5193 τοῦ
2568 5142 2725 5209 λόγου
2784 5146 2848 5213 τῇ
2877 5142 3080 5214 θεωρίᾳ
3124 5143 3219 5197 τοῦ
3257 5145 3545 5215 δόγματος.
3584 5146 3643 5197 Εἰ

2072 5229 2182 5300 γάρ
2209 5230 2283 5299 μὴ
2314 5230 2533 5301 ἐκτίσθη
2586 5234 2643 5284 ὲν
2682 5234 2811 5302 ἡμῖν
2844 5235 2876 5304 ὴ
2908 5233 3014 5286 τῶν
3039 5233 3171 5287 ὁδῶν
3207 5235 3369 5306 ἀρχὴ,
3409 5237 3507 5288 οὐκ
3533 5238 3598 5289 ἂν
3619 5238 3647 5290 6

2072 5320 2177 5373 τῶν
2236 5322 2700 5393 προσδοκωμένων
2753 5325 2962 5379 αἰώνων
3017 5326 3263 5397 θεμέλιος
3313 5328 3643 5399 κατεϐλήθη,

2069 5411 2178 5464 οὐδ’
2199 5411 2264 5464 ἂν
2283 5412 2497 5480 ἐγένετο
2520 5416 2648 5484 ἡμῖν
2676 5418 2703 5467 6
2729 5415 2930 5485 Κύριος
2951 5416 3153 5485 Πατὴρ
3188 5418 3291 5471 τοῦ
3309 5417 3642 5487 μέλλοντος

2065 5502 2300 5569 αἰῶνος,
2338 5505 2385 5556 εἰ
2434 5506 2507 5577 μὴ
2555 5507 2693 5561 κατὰ
2726 5509 2812 5564 τὸν
2855 5510 3082 5564 Ἡσαΐαν
3139 5509 3346 5562 παιδίον
3379 5510 3637 5582 ἐγεννήθη
