4010 6156
322 237 431 295 585

1451 243 1725 301 CONTRA
1766 242 2155 312 EUNOMIUM,
2195 245 2326 302 LIB.
2364 245 2454 300 111.

3480 238 3582 296 586

323 362 478 432 ἡμῖν,
510 359 604 412 καὶ
637 358 840 428 ἐκλήθη
864 359 926 412 τὸ
953 359 1122 430 δνομα
1154 359 1318 415 αὐτοῦ
1344 375 1358 390 ·
1390 363 1458 416 τά
1485 380 1543 416 τε
1563 363 1696 419 ἄλλα
1726 365 1901 418 πάντα

2017 378 2133 427 nus,
2195 366 2354 419 Pater
2378 359 2543 430 futuri
2565 359 2765 418 sa'cuh'.
2802 361 2909 418 nisi
2951 359 3252 417 secundum
3324 353 3511 413 Isaiam
3540 357 3582 388 ιτ

325 454 428 505 ὅσα
454 453 483 504 6
510 451 794 520 προφήτης
838 451 1087 521 ὠνόμασε
1113 468 1125 482 ·
1155 453 1248 505 καὶ
1283 453 1420 523 μετά
1443 454 1679 522 πάντων,
1705 457 1906 524 Πατὴρ

323 541 434 594 τοῦ
457 541 786 608 μέλλοντος
811 539 1047 607 αἰῶνος.
1067 543 1335 614 Πρότερον
1359 541 1452 599 οὖν
1483 546 1670 614 γέγονε
1693 547 1752 600 τὸ
1768 549 1906 602 κατὰ

322 631 420 700 τὴν
445 629 742 700 παρθενίαν
775 632 1094 702 μυστήριον,
1125 633 1220 685 καὶ
1253 635 1285 704 ή
1325 635 1452 705 περὶ
1481 635 1541 687 τὸ
1563 635 1734 698 πάθος
1765 639 1908 690 οἰκο-

323 722 506 792 νομία.
540 723 650 774 Καὶ
686 723 807 774 τότε
841 723 890 774 οἱ
936 723 1088 791 σοφοὶ
1125 725 1224 795 τῆς
1256 725 1492 789 πίστεως
1531 728 1908 796 ἀρχιτέκτονες

323 815 413 867 τὸν
441 812 691 884 θεμέλιον
711 814 811 884 τῆς
832 813 1066 879 πίστεως
1087 816 1465 870 κατεϐἀλοντο.
1493 814 1660 881 Οὗτος
1677 819 1735 872 δέ
1762 821 1906 872 ἐστιν

325 905 354 954 6
384 903 638 974 Χριστὸς,
653 909 686 959 ό
697 906 898 975 Πατὴρ
913 908 1018 962 τοῦ
1031 908 1358 978 μέλλοντος
1369 904 1602 974 αἰῶνος,
1618 903 1662 977 ᾧ
1691 913 1907 963 ἐποικο-

324 997 567 1065 δομεῖται
617 997 650 1065 ἡ
697 995 806 1047 τῶν
843 996 1211 1066 ἀτελευτήτων
1266 999 1475 1054 αίὼνων
1530 1002 1664 1071 ζωή.
1706 1001 1905 1054 Τούτου

325 1086 381 1138 δὲ
415 1084 728 1154 γενομένου,
765 1084 850 1136 ἵνα
883 1088 940 1137 ἐν
980 1085 1194 1154 ἑκάστῳ
1225 1087 1333 1140 τῶν
1374 1089 1811 1142 πεπιστευκότων
1841 1087 1906 1140 τά

330 1176 448 1228 θεῖα
489 1175 773 1244 θελήματα
804 1174 898 1228 τοῦ
948 1177 1304 1246 εὐαγγελικοῦ
1338 1180 1522 1250 νόμου,
1564 1181 1657 1234 καὶ
1693 1180 1761 1232 τὰ
1791 1197 1907 1233 ποι-

332 1267 457 1320 κίλα
485 1267 578 1320 τοῦ
608 1267 760 1336 ἁγίου
795 1269 1112 1339 Πνεύματος
1139 1272 1452 1342 χαρίσματα
1491 1273 1734 1342 γένηται,
1765 1273 1908 1342 ἆπερ

333 1359 512 1412 πάντα
555 1359 827 1428 τροπικῶς
865 1361 1006 1414 κατά
1039 1378 1158 1415 τινα
1206 1365 1459 1434 προσφυῆ
1505 1366 1778 1435 σημασίαν
1806 1365 1906 1435 ὅρη

334 1451 431 1504 καὶ
463 1450 948 1522 βουνοὺςὼομάζει
971 1454 1004 1522 ή
1037 1453 1154 1505 θεία
1181 1454 1398 1524 Γραφή·
1435 1457 1533 1524 τὴν
1561 1456 1906 1526 δικαιοσύνην

337 1541 436 1609 μὲν
469 1540 568 1611 ὅρη
594 1540 728 1594 Θεοῦ
767 1541 1127 1612 ὀνομάζουσα,
1159 1543 1227 1595 τὰ
1262 1544 1319 1596 δὲ
1344 1545 1584 1614 κρίματα
1639 1545 1908 1609 ἀϐύσσους

331 1629 826 1700 προσαγορεύουσα,
842 1632 946 1700 γῆν
957 1633 1011 1684 δὲ
1023 1633 1119 1702 τὴν
1139 1634 1244 1688 ὑπὸ
1254 1635 1344 1689 τοῦ
1359 1636 1530 1704 Λόγου
1547 1639 1906 1709 σπειρομένην

2009 457 2269 524 parvulus
2302 469 2440 525 puer
2469 453 2629 507 nobis
2664 461 2828 508 natus
2855 461 3024 517 esset,
3057 463 3109 506 ct
3123 451 3245 518 ejus
3274 465 3472 504 nomen
3500 463 3590 502 vo-

2008 555 2192 601 catum
2229 554 2400 609 esset,
2433 554 2487 600 et
2519 553 2710 598 caetera
2748 560 2867 613 qua:
2895 544 3162 612 propheta
3201 542 3482 600 nominat,
3531 547 3588 589 et

2007 653 2130 691 cum
2181 638 2460 703 omnibus,
2507 635 2668 690 Pater
2716 635 2882 704 futuri
2929 633 3130 687 smculi.
3195 633 3358 686 Prius
3419 631 3587 699 igitur

2010 730 2463 800 fuitmysterium
2510 729 2654 798 quod
2695 730 2747 782 in
2781 727 2992 797 virgine
3028 727 3233 780 factum
3266 733 3370 787 est,
3425 730 3588 791 atque

2008 822 2098 876 illa
2134 824 2187 875 in
2219 823 2475 891 passione
2506 820 2866 889 dispensatio.
2921 819 3100 887 Atque
3128 825 3258 869 tunc
3309 815 3587 883 sapientes

2009 912 2135 966 ﬁdei
2171 912 2455 966 architecti
2508 911 2622 964 sive
2674 911 2951 979 principes
3014 909 3149 962 fabri
3202 908 3322 963 ﬁdei
3385 908 3585 960 funda-

2009 1010 2249 1057 mentum
2297 1010 2615 1072 pnsuerunt.
2657 999 2757 1054 Hic
2783 1010 2966 1055 autem
3017 1007 3102 1056 est
3128 997 3398 1062 Christus,
3426 995 3586 1052 Pater

2008 1095 2178 1162 futuri
2207 1095 2410 1157 swculi,
2443 1109 2607 1163 super
2633 1109 2742 1163 quo
2762 1094 3062 1148 aediﬁcatur
3079 1093 3402 1146 saeculorum
3425 1091 3582 1144 ﬁnem

2007 1200 2282 1254 nunquam
2308 1184 2690 1238 habiturorum
2726 1187 2855 1238 vita.
2913 1183 3069 1248 Quod
3114 1181 3312 1235 factum
3342 1181 3462 1243 fuit,
3528 1187 3584 1232 ut

2008 1278 2062 1330 in
2101 1291 2432 1345 unoquoque
2463 1276 2806 1330 credentium
2839 1276 3040 1329 divina:
3086 1276 3398 1328 voluntates
3451 1272 3610 1341 legis-

2009 1368 2372 1439 Evangelicre,
2439 1375 2494 1422 et
2527 1367 2678 1421 varia
2731 1367 2905 1422 sancti
2959 1365 3202 1434 Spiritus
3238 1365 3380 1417 dona
3431 1363 3583 1425 ﬁ-nt,

2008 1476 2130 1530 quae
2163 1461 2347 1514 omnia
2405 1459 2618 1530 trepice
2659 1459 2961 1513 secundum
2995 1455 3285 1526 quamdam
3341 1465 3585 1524 agnatam

2009 1553 2125 1606 sive
2153 1551 2518 1605 adhmrentem
2573 1547 2998 1620 signiﬁcantiam
3058 1555 3272 1601 montes
3305 1553 3360 1600 et
3413 1545 3582 1599 colles

2011 1641 2258 1695 nominat
2289 1639 2573 1710 Scriptura
2594 1639 2807 1692 divina.
2838 1636 3114 1692 Justitiam
3149 1634 3369 1703 quidem
3421 1647 3579 1685 mon-

329 1721 422 1775 καὶ
450 1721 906 1792 καρποφοροῦσαν
931 1722 1020 1775 τὸν
1044 1724 1305 1794 πολύχουν
1327 1703 1558 1797 καρπόν.
1593 1729 1662 1780 Ἢ
1677 1703 1767 1793 -ὼς
1793 1703 1904 1782 ἑτέ-

2017 1741 2092 1788 les
2120 1731 2214 1787 Dei
2247 1733 2558 1793 nominans,
2604 1729 2812 1799 judicia
2845 1743 2972 1782 vero
3002 1728 3230 1796 abyssos
3265 1725 3572 1793 appellans.

333 1813 502 1880 ρωθεν
539 1814 690 1885 παρά
737 1813 814 1883 τῷ
849 1815 1014 1868 Δαϐὶδ
1049 1815 1148 1884 μὲν
1192 1819 1412 1888 εἰρήνην
1477 1819 1565 1872 διὰ
1603 1821 1712 1875 τῶν
1741 1822 1902 1893 ὀρῶν,

328 1904 676 1974 δικαιοσύνην
715 1905 772 1958 δὲ
804 1904 890 1957 διὰ
926 1907 1034 1958 τῶν
1077 1905 1279 1975 βουνῶν
1310 1907 1697 1979 διδασκόμεθα·
1735 1911 1902 1979 ἀναγ-

330 1995 499 2057 καίως
529 1996 588 2046 ὲν
617 1997 730 2058 τοῖς
764 1998 972 2058 πιστοῖς
1008 1997 1040 2065 ἡ
1080 1997 1238 2064 σοφία
1268 2000 1542 2063 γεννᾶται,
1583 1999 1675 2052 καὶ
1703 1999 1905 2071 ἀληθὴς

327 2087 356 2137 ὀ
380 2085 574 2152 Λόγος.
619 2085 678 2137 '0
705 2085 811 2154 γὰρ
846 2085 901 2136 ὲν
924 2087 1036 2144 τοῖς
1062 2085 1374 2156 δεξαμένοις
1396 2087 1558 2141 αὐτὸν
1590 2087 1685 2152 ὣν,
1710 2092 1766 2142 ὲν
1795 2093 1908 2154 τοῖς

330 2176 583 2238 ἀπίστοις
637 2173 788 2227 οῦπω
817 2175 1100 2246 ἐγεννήθη.
1141 2177 1259 2230 Ἵνα
1312 2173 1406 2230 οῦν
1453 2178 1624 2233 ταῦτα
1650 2181 1744 2233 καὶ
1777 2183 1905 2252 παρ’

331 2269 462 2336 ἡμῖν
493 2267 740 2336 γένηται.
790 2266 895 2338 χρὴ
940 2267 1030 2320 τὸν
1071 2267 1272 2321 τούτων
1315 2269 1644 2341 δημιουργὸν
1687 2271 1746 2324 ἐν
1778 2273 1907 2343 ἡμῖν

331 2357 678 2426 γεννηθῆναι.
712 2357 864 2409 Οῦτω
892 2357 948 2410 δὲ
973 2359 1062 2410 καὶ
1088 2361 1156 2413 τὰ
1187 2360 1384 2430 ἐφεξῆς
1408 2360 1617 2425 τούτοις
1654 2363 1795 2416 κατὰ
1817 2365 1908 2417 τὸν

332 2447 522 2517 εἱρμὸν
557 2445 745 2498 τοῦτον
799 2448 1222 2518 κατανοήσομεν.
1269 2451 1392 2503 Ἐὰν
1439 2450 1547 2521 γάρ
1586 2451 1818 2523 γεννηθῇ
1852 2455 1908 2506 ὲν

333 2540 462 2608 ἡμῖν
506 2539 539 2608 ἡ
573 2539 750 2607 σοφία,
805 2538 922 2590 τότε
959 2541 1108 2609 παρὰ
1143 2539 1234 2592 τοῦ
1263 2540 1394 2593 Θεοῦ
1443 2545 1908 2608 κατασκευάζεται

334 2631 390 2682 ὲν
430 2629 645 2699 ἑκάστῳ
703 2631 737 2698 ἦ
766 2647 824 2681 τε
859 2629 1009 2699 χώρα
1055 2632 1146 2683 καὶ
1174 2633 1206 2701 ἡ
1246 2632 1518 2701 ἀοίκητος.
1548 2632 1718 2705 Χὼρα
1747 2636 1844 2706 μὲν
1874 2639 1906 2707 ή

334 2719 599 2792 δεχομένη
629 2721 722 2774 τοῦ
769 2721 942 2790 Λόγου
985 2721 1082 2792 τὴν
1137 2725 1362 2792 σπορὰν,
1396 2725 1488 2778 καὶ
1534 2725 1631 2796 τήν
1682 2726 1904 2798 ἄροσιν

343 2813 595 2883 ἀοίκητος
633 2813 688 2864 δὲ
730 2815 762 2883 ἡ
803 2813 912 2865 τῶν
941 2814 1191 2884 πονηρῶν
1234 2816 1532 2887 οἰκητόρων
1569 2819 1910 2889 χωριζομένη

348 2902 578 2973 καρδία·
623 2905 715 2956 καὶ
756 2904 928 2968 οὕτως
967 2905 1116 2958 ἔσται
1163 2906 1316 2974 ἡμῶν
1367 2908 1398 2977 ἡ
1431 2907 1641 2977 οἴκησις
1683 2912 1912 2965 ἐπὶτῶν

2008 1833 2207 1878 terram
2224 1831 2403 1876 autem
2427 1836 2456 1875 a
2477 1821 2654 1876 Verbo
2684 1827 2856 1874 satam
2875 1829 2928 1874 et
2946 1818 3206 1872 ferentem
3232 1815 3586 1878 multiplicem

2006 1923 2059 1970 et
2077 1915 2359 1986 copiosum
2383 1914 2642 1968 fructum.
2667 1911 2766 1968 Vel
2795 1914 2939 1968 sicut
2972 1910 3099 1964 alibi
3119 1923 3146 1961 a
3177 1907 3382 1961 Davide
3427 1906 3592 1959 doce-

2007 2020 2149 2067 mur,
2169 2019 2266 2074 per
2283 2010 2493 2056 montes
2510 2001 2731 2072 quidem
2753 2017 2963 2070 pacem,
2984 2015 3080 2070 per
3100 1999 3268 2053 colles
3286 1995 3591 2064 verojusti-

2008 2097 2173 2159 tiam;
2221 2096 2538 2150 necessario
2580 2095 2634 2148 in
2668 2094 2920 2149 ﬁdelibus
2961 2091 3233 2161 sapientia
3270 2094 3587 2158 generatur,

2007 2195 2062 2240 et
2106 2201 2290 2240 verum
2316 2184 2591 2250 Verbum;
2639 2184 2731 2253 qui
2762 2182 2908 2237 enim
2945 2190 3028 2236 est
3077 2181 3132 2233 in
3177 2179 3265 2232 his
3295 2177 3386 2246 qui
3424 2191 3583 2230 accc-

2011 2285 2208 2347 perunt
2265 2276 2467 2345 ipsum,
2523 2275 2574 2328 in
2627 2289 2738 2329 non
2783 2271 3137 2327 credentibus
3183 2268 3428 2323 nondum
3480 2273 3586 2321 est.

2010 2367 2083 2421 Ut
2131 2365 2296 2435 igitur
2347 2365 2463 2418 hac
2506 2363 2668 2419 nobis
2713 2363 3102 2425 innascanlur,
3161 2365 3378 2429 oportet
3401 2371 3590 2410 eorum

2009 2457 2318 2514 eﬁ‘ectorem
2369 2458 2421 2511 in
2460 2457 2620 2512 nobis
2651 2455 2826 2511 nasci.
2859 2455 2951 2508 Sic
2979 2461 3158 2508 autem
3191 2459 3245 2508 et
3273 2467 3393 2521 quae
3419 2450 3577 2504 dein-

2009 2563 2138 2618 ceps
2188 2554 2492 2616 sequuntur
2545 2547 2648 2600 hoc
2701 2545 2821 2615 ipso
2873 2560 3016 2600 nexu
3078 2543 3466 2611 intelligemus.
3525 2538 3586 2593 Si

2010 2639 2154 2693 enim
2199 2638 2250 2691 in
2296 2637 2453 2692 nobis
2482 2638 2666 2706 genita
2705 2635 2871 2691 fuerit
2907 2634 3198 2704 sapientia,
3230 2640 3361 2686 tunc
3393 2646 3422 2683 a
3482 2628 3594 2683 Deo

2011 2728 2349 2784 construitur
2393 2728 2448 2781 in
2482 2740 2815 2796 unoquoque
2853 2731 2908 2777 ct
2953 2722 3105 2792 regio
3143 2735 3263 2790 qum
3293 2717 3591 2780 habitatur,

2011 2828 2066 2874 et
2101 2835 2224 2896 quae
2259 2835 2366 2873 non
2421 2818 2731 2872 habitatur:
2784 2815 2937 2884 regio
2982 2813 3205 2882 quidem
3255 2807 3591 2866 habitabilis.

2012 2924 2132 2979 quae
2161 2909 2333 2962 divini
2369 2907 2529 2962 Verbi
2579 2907 2848 2962 sationem
2899 2903 3098 2973 recipit
3143 2910 3197 2956 et
3252 2901 3592 2967 arationem;

345 2996 531 3065 ἄκρων
558 2995 652 3064 τῆς
677 2995 792 3064 γῆς.
833 2997 1049 3066 Ἐπειδὴ
1077 2997 1184 3066 γὰρ
1213 2997 1310 3066 τῆς
1332 2997 1434 3067 γῆς
1459 2998 1520 3052 τὸ
1551 3000 1650 3069 μέν
1677 3019 1730 3053 τι
1751 3002 1913 3072 βάθος

2017 3000 2226 3054 inculta
2259 3006 2442 3052 autem
2485 2997 2602 3052 sive
2653 2993 3052 3057 inhabitabilis,
3090 3007 3186 3046 cor
3215 2990 3360 3060 quod
3398 3005 3425 3043 a
3462 3005 3591 3059 per-

342 3085 512 3148 ἐστὶν,
540 3086 599 3138 τὸ
627 3085 682 3138 δὲ
723 3085 1054 3149 ἐπιπόλαιον,
1091 3089 1218 3140 ὅταν
1247 3105 1331 3151 τις
1367 3089 1443 3161 μὴ
1471 3090 1722 3160 ὑπόγειος
1755 3094 1914 3165 γένη-

2017 3092 2193 3147 versis
2221 3098 2274 3146 et
2294 3089 2477 3160 pravis
2493 3087 2892 3142 habitatoribus
2919 3092 2973 3140 et
2996 3084 3190 3138 incolis
3209 3081 3504 3145 deseritur,
3540 3087 3596 3134 et

339 3196 429 3232 ται
460 3179 595 3250 μηδὲ
643 3179 1010 3252 σπηλαιώδης,
1045 3183 1102 3233 ἐν
1130 3181 1206 3252 τῷ
1249 3182 1316 3234 τὰ
1347 3183 1497 3236 κάτω
1538 3187 1782 3256 φρονεῖν·
1807 3180 1916 3249 οἷός
1961 3205 1964 3207 ·

341 3275 456 3326 ἐστι
481 3272 591 3326 τῶν
630 3274 688 3326 ἐν
726 3273 970 3344 ἁμαρτία
998 3273 1214 3337 ζώντων
1246 3276 1274 3326 6
1302 3275 1434 3341 βίος,
1461 3275 1567 3329 τῶν
1600 3278 1917 3349 ἐμπεπηγόο

339 3381 448 3418 των
480 3368 548 3435 τῇ
578 3365 930 3434 ἀνυποστάτῳ
951 3363 1040 3417 τοῦ
1058 3361 1219 3432 βυθοῦ
1239 3365 1363 3433 ἰλύῖ,
1391 3364 1474 3430 οἷς
1495 3367 1710 3438 ἀληθῶς
1740 3370 1918 3444 φρέαρ

341 3458 493 3509 ἐστὶν
537 3459 570 3526 ἡ
622 3456 756 3526 ζωὴ,
807 3457 949 3509 κατὰ
989 3456 1086 3526 τὴν
1135 3456 1454 3527 ψαλμῳδίαν
1485 3459 1584 3531 τὴν
1621 3460 1912 3530 λέγουσα-θ’

342 3546 509 3613 Μηδὲ
552 3548 832 3615 συσχέτω
859 3547 950 3599 ἐπ’
979 3547 1083 3612 ἐμὲ
1131 3547 1315 3617 ερρέορ
1364 3548 1430 3601 τὸ
1471 3551 1665 3618 στόμα
1709 3552 1915 3606 αὐτοῦ.

356 3639 482 3692 Ἐὰν
512 3632 605 3690 οὖν
633 3655 716 3700 τις
741 3638 1157 3708 ἐγγεννηθείσης
1186 3638 1332 3707 αὐτῷ
1359 3640 1456 3709 τῆς
1491 3641 1684 3707 σοφίας
1713 3641 1782 3694 τά
1809 3643 1920 3696 ἄνω

348 3730 540 3798 φρονῇ,
569 3727 822 3780 τοσοῦτον
854 3728 952 3796 τῆς
977 3729 1076 3797 γῆς
1107 3730 1501 3797 ἐφαπτόμενος,
1533 3733 1654 3784 ὅσον
1683 3735 1921 3802 sativa?-

347 3838 459 3885 κες,
495 3816 649 3882 οὗτος
674 3822 741 3873 τὰ
769 3821 910 3890 ἄκρα
937 3821 1034 3890 τῆς
1062 3822 1152 3872 ὑπ’
1185 3822 1410 3892 οὐρανὸν
1441 3826 1597 3886 οἰκεῖ,
1629 3826 1728 3876 οὐκ
1751 3827 1921 3895 ἐμϐα-

349 3912 523 3965 θύνων
570 3911 650 3982 τῷ
681 3912 852 3981 γηΐνῳ
902 3913 1208 3982 φρονήματι
1229 3929 1241 3942 ’
1276 3913 1447 3983 τούτῳ
1475 3914 1566 3966 τὸν
1604 3917 1828 3987 οὐρανὸν
1863 3921 1921 3971 ὲν

349 4003 529 4073 ἑαυτῷ
557 4004 679 4056 ἀντὶ
731 4004 829 4074 τῆς
865 4005 966 4074 γῆς
1015 4004 1352 4074 ὲτοιμάζοντι
1397 4007 1430 4076 ή
1465 4006 1624 4075 σοφία
1669 4009 1918 4081 πάρεστι.

350 4094 460 4146 Καὶ
492 4094 620 4146 ὅταν
645 4093 740 4164 τὴν
769 4094 876 4146 τῶν
905 4092 1111 4147 ἀνωθεν
1150 4095 1324 4162 νεφῶν
1368 4095 1713 4150 διδασκαλίαν
1776 4101 1924 4170 ίσχυ-

355 4183 452 4254 ράν
479 4183 659 4254 ἐαυτῷ
698 4186 857 4246 ποιεῖ,
884 4188 962 4244 εἰς
988 4183 1149 4256 ἔργον
1183 4187 1330 4253 ἄγων
1361 4189 1428 4241 τὰ
1467 4189 1922 4260 παραγγέλματα.

350 4276 449 4342 τήν
480 4290 540 4326 τε
570 4273 810 4343 μεγάλην
846 4275 939 4327 καὶ
974 4274 1279 4344 εὐρύχωρον
1299 4275 1399 4344 τῆς
1423 4278 1618 4341 κακίας
1649 4278 1924 4335 θάλασσαν

2018 3183 2099 3238 sic
2129 3181 2235 3236 erit
2273 3180 2433 3234 nobis
2462 3177 2725 3232 habitatio
2774 3177 2826 3230 in
2854 3176 3084 3230 summis
3117 3183 3279 3229 terra:
3319 3173 3590 3242 partibus.

2020 3272 2303 3344 Siquidem
2336 3280 2496 3327 terra;
2545 3284 2674 3340 pars
2724 3268 2970 3337 quaedam
3003 3273 3084 3324 est
3113 3263 3405 3334 profunda,
3446 3277 3593 3333 qua:-

2019 3366 2142 3422 dam
2188 3379 2308 3434 qua:
2347 3365 2402 3418 in
2461 3362 2805 3417 extremitate
2854 3357 3078 3421 eminet,
3116 3371 3240 3410 cum
3298 3354 3422 3423 quis
3483 3365 3592 3405 non

2021 3459 2412 3515 subterraneus
2465 3469 2640 3522 neque
2689 3465 3026 3506 cavernosus
3085 3448 3268 3509 fuerit,
3300 3447 3428 3500 dum
3475 3459 3596 3512 qum

2021 3557 2152 3605 sunt
2176 3548 2434 3605 deorsum
2470 3546 2650 3614 sapit;
2694 3543 2874 3612 qualis
2909 3547 2994 3596 est
3026 3540 3137 3594 vita
3183 3553 3376 3592 eorum
3411 3537 3500 3606 qui
3541 3537 3595 3589 in

2021 3646 2249 3710 peccato
2294 3639 2503 3697 vivunt.
2555 3635 2649 3704 qui
2692 3634 2744 3688 in
2791 3634 2921 3686 limo
2970 3629 3222 3701 profundi
3266 3643 3372 3682 non
3415 3627 3596 3681 subsi-

2023 3737 2200 3788 stente
2249 3737 2376 3784 sunt
2418 3726 2609 3781 inﬁxi:
2669 3724 2870 3793 quibus
2918 3733 3116 3791 puteus
3166 3734 3294 3774 vere
3342 3719 3451 3770 vita
3490 3725 3593 3776 est,

2023 3819 2322 3875 secundum
2353 3815 2552 3871 Psalmi
2589 3823 2848 3867 cantum:
2883 3811 3064 3881 Neque
3096 3818 3280 3880 urgeat
3322 3824 3478 3877 super
3515 3823 3594 3859 me

2023 3919 2209 3980 puteus
2246 3924 2302 3962 os
2357 3921 2512 3960 suum
2543 3905 2608 3958 μ’.
2649 3902 2709 3957 Si
2761 3903 2886 3973 quis
2941 3903 3128 3972 igitur,
3189 3908 3478 3970 postquam
3537 3899 3589 3950 in

2024 4004 2143 4072 ipso
2171 3999 2353 4054 divina
2383 3997 2543 4053 fuerit
2575 3997 2756 4067 genita
2781 3996 3073 4066 sapientia,
3115 4010 3234 4063 qua:
3263 4008 3424 4061 supra
3472 4000 3598 4044 sunt

2026 4093 2244 4163 sapiat:
2287 4089 2627 4144 tantumdem
2662 4097 2820 4143 terra:
2867 4089 3143 4156 attingens
3191 4092 3454 4153 quantum
3502 4097 3598 4134 ne-

2027 4200 2180 4239 cesse
2228 4192 2330 4249 est,
2388 4183 2476 4236 hic
2522 4190 2764 4236 extrema
2800 4187 2961 4233 terra:
3000 4179 3102 4231 sub
3145 4175 3286 4230 coelo
3341 4172 3594 4225 habitat:

2030 4291 2136 4330 non
2161 4276 2214 4330 in
2247 4282 2496 4329 terrenas
2512 4272 2876 4342 cogitationes
2902 4269 3218 4323 demersus:
3247 4264 3376 4317 huic
3398 4263 3597 4316 malum

353 4367 416 4435 τῇ
451 4363 674 4434 ἀκριϐεῖ
719 4364 960 4434 πολιτεία
1013 4363 1262 4436 καθάπερ
1305 4368 1444 4434 ἠϊόνι
1497 4371 1602 4422 τινὶ
1637 4370 1914 4440 διαλαϐὼν,

2017 4361 2134 4420 'sibi
2165 4366 2287 4420 loco
2317 4373 2476 4417 terra:
2509 4360 2836 4432 praeparanti
2866 4357 3136 4428 sapientia
3167 4354 3396 4409 assistit.
3435 4353 3598 4407 Cum-

351 4455 550 4508 κωλύει
594 4457 655 4509 τὸ
700 4456 974 4527 ἕμπαστον
1023 4456 1165 4528 ὓδωρ
1209 4458 1455 4528 προϊέναι
1503 4460 1596 4512 τοῦ
1638 4463 1920 4533 στόματος.

357 4545 471 4600 Κᾶν
509 4547 568 4598 ὲν
615 4542 816 4614 πηγαῖς
845 4546 1087 4617 καταχθῇ
1137 4545 1214 4615 τῷ
1241 4547 1338 4615 τῆς
1385 4547 1731 4612 διδασκαλίας
1771 4553 1924 4622 χαρί-

355 4650 542 4702 σματι,
575 4635 692 4704 μετ’
725 4635 1022 4703 ἀσφαλείας
1053 4636 1298 4706 προχέων
1330 4635 1422 4688 τοῦ
1457 4636 1615 4703 λόγου
1646 4638 1706 4691 τὸ
1743 4644 1886 4710 νᾶμα
1907 4658 1921 4671 ο

353 4722 428 4786 ὡς
453 4725 526 4795 μή
551 4741 656 4777 τινι
692 4727 991 4794 παρασχεῖν
1017 4727 1078 4777 τὸ
1099 4726 1283 4789 ποτὸν,
1313 4725 1432 4777 ἀντὶ
1457 4725 1699 4797 καθαροῦ
1737 4728 1923 4794 ὓδατος

355 4814 664 4886 ἀνατροπὴν
706 4815 952 4883 θολερὰν,
1000 4816 1102 4868 κᾶν
1136 4815 1459 4887 ὑπεραρθεὶς
1508 4817 1686 4889 πάσης
1732 4823 1924 4893 γηῖνης

357 4905 586 4976 βάσεως,
617 4905 850 4977 διαέριος
901 4905 977 4976 τῷ
1011 4907 1108 4977 βίῳ
1155 4907 1398 4978 γένηται,
1435 4910 1526 4962 ἐπὶ
1553 4909 1654 4980 τῆς
1684 4929 1926 4984 πνευμα-

352 4999 512 5069 τικῆς
543 4998 790 5067 βεϐηκὼς
821 4999 1111 5064 πολιτείας,
1128 4999 1194 5070 ἥν
1221 5000 1454 5071 ἀνέμους
1477 5004 1504 5054 6
1537 5003 1694 5072 λόγος
1715 5005 1926 5076 ὠνόμα-

355 5105 475 5142 σεν·
508 5090 649 5146 ὥστε
694 5092 768 5153 είς
841 5089 1028 5160 θρόνον
1071 5089 1165 5144 τοῦ
1219 5092 1278 5143 ὲν
1333 5091 1482 5162 αὑτῷ
1532 5094 1922 5167 καθιδρυμένου

355 5181 734 5252 ἀφορισθῆναι.
778 5177 902 5242 υἷος·
952 5176 1020 5251 ἦν
1069 5181 1096 5232 ό
1154 5180 1363 5244 Παῦλος
1416 5182 1794 5254 ἀφωρισμένος
1844 5191 1925 5253 εἰς

358 5267 706 5335 Εὑαγγὲλιον,
730 5266 806 5327 εἰς
836 5268 896 5321 τὸ
917 5267 1167 5335 γενέσθαι
1209 5266 1398 5331 σκεῦος
1429 5266 1678 5336 ἐκλογῆς,
1708 5271 1801 5324 τοῦ
1833 5272 1926 5341 βα-

360 5361 549 5411 στάσαι
595 5359 655 5410 τὸ
683 5361 853 5429 ὄνομα
889 5358 982 5412 τοῦ
1028 5359 1183 5425 Θεοῦ,
1215 5360 1289 5422 ὡς
1336 5359 1492 5423 ἄλλος
1543 5361 1700 5431 Λόγῳ
1739 5363 1926 5435 θρόνος

359 5450 594 5516 ἐγένετο,
619 5451 648 5502 6
676 5451 764 5502 τὸν
792 5451 981 5502 ἑαυτοῦ
1007 5449 1397 5520 καθιδρυμένον
1429 5450 1731 5520 βαστάζων.
1760 5455 1926 5510 Ὅταν

359 5540 531 5593 ταῦτα
557 5541 651 5594 καὶ
673 5541 740 5594 τὰ
763 5541 982 5594 τοιαῦτα
1010 5541 1346 5612 κατορθωθῇ,
1374 5541 1515 5596 ὥστε
1543 5544 1925 5616 εὐφραίνεσθαι

433 5630 474 5661 ⁸⁷
508 5631 633 5686 lsai.
659 5647 738 5696 ιι,
769 5631 821 5684 6.
897 5632 939 5663 ¹³
978 5631 1122 5686 Psal.
1161 5647 1352 5698 uvm,
1384 5632 1468 5685 16.

651 5722 920 5785 Parnm.
966 5723 1084 5784 Gn.
1131 5724 1325 5786 XLV.

2029 4473 2136 4528 que
2168 4455 2472 4510 doctrinam
2519 4453 2827 4506 caelestium
2863 4449 3090 4503 nubium
3131 4444 3362 4498 validam
3406 4451 3459 4498 et
3511 4443 3592 4502 ﬁr-

2031 4563 2172 4603 mam
2207 4547 2311 4602 sibi
2347 4544 2500 4605 facit,
2528 4543 2595 4596 ad
2626 4557 2765 4612 opus
2813 4554 3078 4593 revocans
3110 4542 3408 4607 praerepta;
3452 4547 3598 4604 mag-

2029 4653 2267 4708 numque
2297 4644 2350 4692 et
2372 4635 2672 4706 spatiosum
2705 4632 2958 4685 vitiorum
2990 4644 3140 4683 mare
3175 4633 3434 4681 accurata
3455 4626 3596 4680 bene

2025 4731 2240 4786 vivendi
2273 4730 2482 4783 ratione
2510 4736 2767 4796 tanquam
2788 4725 2972 4778 littore
2992 4721 3228 4792 quodam
3252 4719 3594 4789 dispesceus,
3650 4755 3655 4760 ρ

2031 4821 2398 4876 turbulentam
2445 4831 2640 4888 aquam
2695 4831 2760 4870 ex
2819 4829 2916 4868 ore
2966 4827 3068 4866 suo
3129 4809 3400 4879 proﬂuere
3464 4821 3594 4878 pro-

2032 4915 2202 4969 hibet.
2229 4912 2384 4979 Quod
2426 4911 2473 4966 si
2513 4910 2580 4964 ad
2615 4907 2790 4963 fontes
2826 4906 2989 4960 fuerit
3028 4903 3304 4957 adductus
3329 4899 3599 4955 doctrinm

2030 5007 2174 5062 dono
2203 5004 2348 5076 quod
2383 5002 2526 5057 Deus
2561 4999 2924 5072 gratiﬁcatur,
2971 5005 3102 5050 tunc
3136 5009 3259 5048 cum
3305 4991 3601 5047 securitate

2029 5097 2180 5154 verbi
2223 5093 2507 5167 profundit
2559 5093 2806 5156 laticem,
2833 5091 2909 5145 ita
2955 5097 3016 5145 ut
3054 5104 3160 5142 non
3207 5084 3370 5140 alicui
3406 5089 3595 5150 potum

2029 5204 2128 5259 pro
2155 5201 2294 5258 aqua
2311 5200 2447 5256 pura
2473 5183 2748 5240 turbidam
2770 5181 3110 5238 eversionem
3142 5177 3401 5246 przebeat.
3440 5171 3502 5220 lit
3547 5168 3590 5221 si

2031 5294 2198 5350 supra
2229 5293 2444 5332 omnem
2478 5284 2751 5330 terrenum
2774 5287 3022 5344 gressum
3043 5267 3386 5324 sublimatus,
3415 5258 3597 5312 aerius

2032 5372 2146 5425 sive
2175 5368 2480 5439 Spiritualis
2512 5367 2731 5422 vivendi
2768 5367 2979 5418 ratione
3009 5360 3184 5413 factus
3215 5353 3400 5410 fuerit,
3434 5351 3598 5420 spiri«

2033 5460 2197 5514 talem
2267 5459 2513 5527 politiam
2574 5458 2689 5511 sive
2745 5449 3215 5508 conversationem
3277 5441 3595 5511 ingressus.

2032 5565 2198 5621 quam
2237 5556 2430 5604 ventos
2475 5545 2778 5602 nominavit
2817 5540 3038 5596 divinus
3082 5548 3285 5588 sermo:
3333 5533 3408 5586 ita
3451 5540 3510 5586 ut
3542 5533 3596 5585 in

3266 5716 3342 5776 19
