4010 6156
431 265 534 320 587

1601 313 1604 316 .
1663 272 1720 326 S.
1763 267 2087 327 GREGORH
2117 259 2404 320 NYSSENI

3576 243 3680 301 583

431 387 690 440 thronum
738 384 857 452 ejus
902 384 994 454 qui
1049 385 1100 438 in
1143 385 1261 455 ipso
1311 386 1580 448 consedit,
1636 396 1948 457 segrege-tur
1989 406 1998 442 :

2108 382 2208 453 ἤδη
2244 380 2334 433 τὸν
2367 380 2422 432 ὲν
2466 371 2642 444 ἐαυτῷ
2683 373 2781 444 τὴν
2824 370 3148 442 οίκουμένην
3182 365 3277 422 τοῦ
3319 363 3452 417 Θεοῦ
3485 376 3680 457 -συντε-

431 477 609 545 qualis
658 475 758 528 fuit
805 475 1006 530 Paulus
1057 484 1377 545 segregatus
1411 478 1476 531 ad
1526 475 1900 547 Evangelinm,
1947 488 2004 532 ut

431 577 576 622 esset
617 581 711 621 vas
760 567 1047 622 electionis
1097 578 1150 622 et
1187 568 1352 622 ferret
1392 583 1589 623 nomen
1628 569 1716 623 Dei
1755 571 1830 622 '9:
1872 577 2005 624 tunc

431 661 576 713 velut
607 662 747 716 alius
777 659 934 715 Verbi
961 662 1189 718 thronus
1214 663 1387 719 factus
1418 672 1524 725 est,
1545 664 1635 734 qui
1663 664 1795 717 illud
1827 670 2004 734 geSIat

427 751 570 818 quod
618 753 670 805 in
718 753 837 817 ipso
895 753 1164 807 consedit.
1233 755 1366 807 Cum
1434 755 1548 810 hmc
1611 764 1665 810 et.
1712 771 1831 824 qum
1873 763 2003 810 sunt

426 841 548 910 ejus
583 844 797 909 generis
839 842 1150 912 perfecerit,
1212 846 1283 899 ita
1334 855 1390 899 ut
1427 847 1637 900 lauetur
1687 847 1778 900 ille
1809 847 1900 915 qui
1945 847 1999 900 in

429 933 609 1001 seipse
643 943 843 987 terram
876 950 904 987 a
937 933 1045 988 Deo
1071 936 1368 989 habitatum
1398 939 1613 1005 penitus
1637 937 2002 993 absolveritet

429 1023 798 1092 compleverit,
836 1026 1076 1092 gaudens
1101 1029 1244 1096 quod
1281 1043 1387 1081 non
1421 1029 1714 1082 belluarum
1737 1045 1998 1099 quarum-

427 1114 565 1167 dam.
601 1114 838 1169 ferarum
874 1124 927 1170 et
961 1118 1191 1173 rationis
1213 1122 1542 1188 expertium,
1577 1121 1671 1175 sed
1716 1121 1998 1174 hominum

429 1211 583 1271 pater
615 1203 790 1259 factus
820 1217 923 1271 est,
963 1209 1058 1275 qui
1096 1233 1102 1239 -
1139 1205 1231 1261 ﬁlii
1256 1208 1454 1263 divinae
1482 1217 1610 1262 sunt
1639 1209 1998 1278 cogitationes

425 1301 480 1347 et
510 1308 694 1358 sensa,
728 1311 848 1364 quze
876 1297 942 1350 ad
975 1298 1214 1351 divrnam
1248 1299 1534 1370 imaginem
1576 1300 1993 1355 conformantur

429 1399 527 1452 per
560 1382 724 1439 fidem
787 1387 839 1440 in
890 1403 1014 1442 eum
1073 1391 1163 1458 qui
1225 1390 1277 1443 in
1338 1391 1496 1444 nobis
1551 1400 1771 1446 creatus
1809 1400 1892 1448 est
1945 1399 1998 1446 et

429 1474 764 1545 genitus:(a)
819 1478 956 1533 fides
972 1487 1150 1534 autem
1170 1497 1304 1536 voce
1331 1481 1388 1533 D.
1410 1481 1562 1536 Pauli
1585 1483 1994 1538 fundamentum

430 1563 772 1634 intelligitur,
802 1584 905 1637 per
938 1585 1100 1639 quam
1147 1572 1398 1628 ﬁdelibus
1442 1573 1794 1642 ingeneratur
1845 1575 1995 1644 sapi-

428 1651 598 1716 entia,
621 1663 675 1710 et
693 1657 872 1712 omnia
898 1674 1016 1727 qua:
1051 1669 1180 1714 sunt
1210 1661 1355 1714 dicta
1405 1670 1684 1731 operatur:
1717 1671 1847 1718 tunc
1875 1664 1995 1733 ejus

2107 449 2360 530 λέσαντα,
2403 463 2847 536 εὐφραινόμενον,
2878 462 2960 514 ὃτι
2987 461 3107 529 οὐχι¹
3135 457 3339 529 θηρίων
3387 449 3551 504 τινῶν
3589 467 3684 503 και

2105 563 2333 628 ἀλόγων,
2380 557 2492 610 ἀλλ’
2523 551 2822 625 ἀνθρώπων
2877 551 3062 621 πατὴρ
3098 549 3333 617 ἐγένετο,
3375 539 3521 598 οὗτοι
3545 542 3588 594 δ’
3617 541 3684 594 ἂν

2104 651 2212 708 εἷεν
2253 653 2302 705 oi
2333 648 2584 710 θεοειδεῖς
2617 645 2886 715 λογισμοὶ,
2915 645 2965 696 οῖ
3009 641 3149 696 κατὰ
3182 640 3279 709 τὴν
3310 632 3460 690 θείαν
3497 634 3685 686 εἰκόνα
3765 698 3772 702 _

2107 744 2490 817 μορφούμενοι,
2534 737 2748 806 διὰιτῆς
2779 737 2857 799 είς
2882 736 2972 788 τὸν
3011 731 3298 786 κτισθέντα
3329 731 3386 782 ἐν
3425 724 3686 817 ἡμῖνκαὶ

2101 815 2430 904 γεννηθέντα
2472 828 2729 891 πίστεωςο
2781 829 2816 896 ἡ
2870 826 2927 878 δὲ
2959 824 3139 886 πίστις
3178 820 3319 875 κατά
3342 820 3441 890 τὴν
3466 815 3684 870 Παύλου

2102 925 2286 995 φωνὴν
2309 925 2337 975 ὁ
2359 921 2604 992 θεμέλιος
2627 921 2842 980 νοεῖται,
2870 916 2935 968 δι’
2961 910 3028 986 ἧς
3049 915 3304 982 γεννᾶται
3329 913 3442 973 τοῖς
3469 911 3685 970 πιστοῖς

2102 1019 2134 1087 ὴ
2162 1015 2344 1085 σοφία,
2375 1014 2468 1068 καὶ
2490 1011 2667 1066 πάντα
2691 1009 2757 1062 τὰ
2787 1006 3052 1078 εἰρημένα
3071 1002 3403 1104 ,ἐργάζεταιο
3426 1001 3545 1104 τότε
3577 997 3685 1104 ματ·

2101 1108 2291 1180 κάριος
2319 1103 2531 1175 ἀληθῶς
2562 1105 2589 1154 ό
2627 1100 2719 1153 τοῦ
2755 1096 3178 1168 κατωρθωκότος
3217 1093 3425 1161 γίνεται
3461 1089 3574 1159 βίος
3589 1104 3616 1180 ’Δ
3633 1089 3685 1154 ᾧ

2102 1176 2332 1270 ἁρμόζει
2359 1196 2451 1250 καὶ
2482 1191 2904 1264 ὲπευφραίνεται
2941 1191 3000 1240 ὲν
3027 1185 3192 1239 παντὶ
3226 1181 3459 1254 καιρῷή
3496 1176 3682 1270 σοφία,

2098 1266 2321 1364 τῷνκαθ
2352 1289 2562 1362 ἡμέραν
2587 1287 2730 1354 αὐτῇ
2758 1282 2894 1353 μόνῃ
2925 1275 3395 1350 προσχαιρομένῳ.
3425 1266 3685 1364 Εὐερραί-

2099 1362 2262 1438 νεται
2281 1384 2387 1451 γὰρ
2406 1384 2436 1434 ό
2454 1379 2668 1446 Κύριος
2691 1375 2789 1428 ἐπὶ
2813 1371 2938 1437 τοῖς
2957 1371 3150 1433 ὁσίοις
3163 1365 3368 1421 αὐτοῦ·
3390 1362 3489 1417 καί
3509 1362 3686 1416 ἐνοὺο

2092 1473 2256 1541 ρανῷ
2276 1471 2427 1542 χαρὰ
2457 1472 2678 1538 γίνεται
2707 1465 2805 1519 ἐπὶ
2825 1463 2948 1528 τοῖς
2965 1457 3334 1529 σωζομένοις.
3367 1453 3476 1508 Καὶ
3496 1456 3525 1506 ό
3544 1454 3587 1506 Χ
3596 1469 3685 1523 ρι-

2101 1567 2222 1628 στὸς
2270 1563 2458 1633 Πατὴρ
2503 1562 2595 1613 ἐπὶ
2624 1558 2699 1628 τῷ
2735 1553 3065 1610 ἀνασωθέντι
3101 1549 3201 1619 υἱῷ
3236 1543 3502 1618 ἑορτάζει.
3547 1543 3686 1596 Τού-

2098 1675 2204 1709 των
2237 1657 2294 1710 δὲ
2342 1657 2469 1724 παρ’
2498 1651 2655 1723 ἡμῶν
2689 1647 2956 1717 ἐπιδρομῇ
3012 1642 3307 1713 ῥηθέντων,
3343 1641 3378 1691 ό
3398 1636 3684 1706 φιλόπονος

429 1739 522 1807 qui
559 1741 637 1793 sic
667 1742 937 1809 perfectus
957 1755 1011 1801 et
1041 1751 1298 1804 omnibus
1329 1752 1504 1806 modis
1531 1752 1812 1806 absolutus
1836 1752 1997 1806 fuerit

2105 1748 2369 1817 ἀναγνοὺς
2410 1745 2508 1813 τῆς
2559 1743 2709 1805 θείας
2746 1737 2971 1810 Γραφῆς
3014 1734 3084 1788 τὰ
3120 1733 3311 1803 ἐδάφη.
3362 1741 3684 1800 προσαρμο-

430 1829 534 1882 vita
566 1846 692 1885 vere
716 1832 870 1888 beata
897 1835 1165 1893 efﬁcitur:
1209 1841 1370 1910 eique
1397 1841 1546 1895 omni
1583 1850 1825 1911 tempore
1861 1857 1996 1896 con-

429 1921 595 1972 sentit
625 1929 676 1975 et
708 1927 1016 1993 congaudct
1051 1931 1340 1998 sapientia,
1366 1933 1459 2002 qui
1483 1932 1727 2000 quotidie
1749 1935 1849 1986 hac
1881 1935 1999 1988 sola

428 2007 742 2065 delectatur.
777 2013 914 2066 Nam
947 2017 1198 2072 Dominus
1229 2021 1443 2074 Ia’tatur
1473 2024 1527 2075 in
1561 2029 1755 2077 sanctis
1781 2026 1889 2078 suis
1915 2025 1995 2078 ὀε

427 2109 474 2152 ct
517 2100 570 2152 in
609 2105 736 2154 cwlo
775 2106 1026 2170 gaudium
1067 2110 1124 2176 ﬁt
1161 2126 1316 2176 super
1345 2113 1423 2166 his
1460 2115 1549 2182 qui
1592 2115 1724 2168 salui
1763 2116 1895 2183 ﬁunt
1930 2117 1996 2168 ¹¹.

430 2187 495 2241 Ει
535 2189 784 2248 Christus
816 2193 974 2249 Pater
1008 2209 1225 2266 prepter
1257 2197 1427 2255 lilium
1473 2205 1564 2272 qui
1597 2205 1783 2260 salvus
1823 2206 1999 2260 factus

427 2285 530 2343 est,
572 2277 770 2335 festum
798 2285 1058 2340 celebrat.
1087 2288 1183 2343 llis
1207 2304 1235 2343 a
1260 2292 1417 2347 nobis
1450 2294 1657 2347 cursim
1681 2303 1734 2349 et
1763 2297 2001 2350 breviter

427 2367 609 2435 dictis,
652 2369 955 2431 industrius
989 2384 1038 2431 et
1076 2379 1250 2436 solers
1286 2382 1473 2446 lector,
1507 2384 1599 2452 qui
1623 2384 1818 2439 divinae
1853 2384 1999 2440 Scri-

425 2467 598 2526 pturae
628 2465 934 2531 pavimenta
967 2471 1259 2537 percurrit,
1320 2472 1404 2529 his
1437 2476 1858 2543 speculamentis
1888 2478 2002 2533 sive

423 2555 972 2611 commentationibus
1019 2561 1394 2616 accommodet
1450 2564 1738 2633 aenigmata
1789 2565 1862 2634 (id
1918 2572 2001 2618 est

424 2638 657 2695 obscura
677 2644 952 2702 involucra
978 2665 1097 2719 quae
1114 2653 1296 2708 verbis
1328 2654 1474 2709 aliud
1509 2655 1822 2723 praeterunt,
1854 2656 1998 2710 aliud

2103 1843 2252 1896 σάτω
2290 1841 2402 1902 τοῖς
2451 1837 2768 1907 θεωρήμασι
2810 1833 2880 1885 τὰ
2927 1831 3252 1899 αἰνίγματα·
3282 1824 3585 1893 δοκιμάσας
3631 1821 3684 1874 ει

2107 1931 2180 2002 μὴ
2210 1948 2282 1982 πα
2295 1929 2495 1999 ραπολὺ
2537 1925 2784 1997 κρεῖττόν
2817 1925 2933 1975 ἐστι
2971 1920 3104 1990 πρὸς
3133 1917 3293 1971 τοῦτο
3325 1915 3540 1985 βλέπειν
3567 1911 3683 2002 eis-

2104 1999 2226 2073 σθαι
2255 2018 2356 2088 τὴν
2385 2014 2493 2069 τῶν
2531 2013 2865 2084 αἰνιγμάτων
2908 2009 3166 2069 διάνοιαν,
3201 2006 3292 2059 καὶ
3339 2004 3412 2074 μὴ
3453 2001 3589 2054 κατά
3617 1999 3684 2052 τὸ

2103 2107 2441 2181 προσχείρως
2479 2103 2893 2173 ὑπονοούμενον.
2931 2100 3003 2153 Οὐ
3035 2098 3143 2169 γάρ
3175 2099 3289 2150 ἐστι
3327 2093 3552 2147 δυνατὸν
3581 2090 3683 2160 τὴν

2101 2201 2193 2254 τοῦ
2234 2199 2476 2252 Ἰωάννου
2505 2195 2782 2263 θεολογίαν
2807 2191 2978 2262 ἀληθῆ
3007 2188 3349 2260 νομισθῆναι,
3372 2184 3471 2255 τὴν
3503 2184 3683 2236 πάντα

2100 2291 2168 2344 τὰ
2223 2287 2508 2342 κτισθέντα
2566 2286 2726 2356 ἔργον
2779 2279 2922 2336 εἷναι
2967 2280 3060 2334 τοῦ
3112 2279 3286 2346 Λόγου
3335 2275 3685 2345 ὐμνήσασαν,

2101 2385 2260 2454 εἴπερ
2292 2381 2522 2436 ἐνταῦθα
2549 2383 2576 2434 ό
2604 2381 2700 2450 τὴν
2719 2377 2906 2445 σοφίαν
2925 2376 3136 2440 κτίσας,
3157 2373 3271 2444 μετ’
3297 2370 3468 2439 αὐτῆς
3491 2368 3584 2421 καὶ
3608 2367 3683 2419 τὰ

2103 2477 2237 2530 ἀλλα
2267 2475 2441 2528 πάντα
2483 2469 2839 2538 πεποιηκέναι
2881 2465 3206 2519 πιστεύοιτο.
3238 2461 3434 2515 Οὐκέτι
3475 2459 3582 2529 γάρ
3607 2459 3682 2510 δι’

2105 2567 2316 2634 ἐκείνης
2349 2565 2498 2616 ἔσται
2540 2561 2607 2614 τὰ
2649 2561 2845 2622 πάντα,
2880 2556 3014 2611 ἀλλὰ
3058 2554 3194 2626 μετὰ
3236 2553 3452 2608 πάντων
3495 2549 3680 2619 ἐκείνη

2103 2659 2210 2708 τῶν
2236 2655 2534 2723 γεγονότων
2564 2651 2687 2722 ἀριθ
2697 2649 3022 2720 μηθήσεται.

425 2731 676 2788 δθηείδιιε
713 2737 954 2805 lenem),
980 2743 1238 2812 probans,
1256 2759 1323 2799 an
1347 2757 1452 2796 non
1478 2743 1648 2796 multo
1682 2743 1876 2797 melius
1897 2753 1979 2797 est
2009 2745 2321 2797 existimare
2348 2741 2454 2794 huc
2485 2740 2680 2794 intueri
2707 2737 3026 2792 sententiam
3051 2733 3420 2802 aenigmatum,
3444 2741 3552 2782 non
3575 2741 3679 2780 au-

425 2829 531 2877 tem
576 2825 641 2879 ad
675 2840 798 2879 eum
846 2843 1066 2882 sensum
1105 2847 1194 2894 qm
1239 2833 1445 2900 primus
1485 2835 1748 2888 occurrit.
1796 2831 1914 2888 Non
1955 2835 2097 2889 enim
2138 2833 2199 2886 D.
2252 2832 2478 2888 Joannis
2509 2829 2778 2898 theologia
2827 2842 2950 2881 vera
2988 2835 3163 2894 potest
3203 2820 3528 2884 existimari,
3557 2832 3680 2886 quas

425 2914 604 2967 omnia
643 2923 828 2969 creata
867 2930 1008 2985 opus
1038 2916 1196 2972 Verbi
1241 2934 1365 2973 esse
1402 2921 1740 2991 praedicausi
1766 2923 1982 2993 quidem
2023 2923 2111 2976 hic
2146 2923 2237 2991 qui
2271 2918 2592 2990 sapientiam
2618 2917 3104 2986 ereavit,cumipsa
3125 2917 3227 2971 alia
3270 2908 3453 2963 omnia
3483 2907 3680 2962 feeisse

425 3005 700 3060 credatur.
729 3007 842 3061 Non
885 3009 1028 3063 enim
1054 3010 1288 3079 amplius
1323 3015 1583 3079 perillam
1608 3022 1770 3065 erunt
1808 3013 2012 3074 omnia,
2059 3016 2150 3071 sed
2193 3030 2314 3066 cum
2361 3013 2616 3065 omnibus
2647 3015 2845 3061 creatis
2902 3006 2990 3059 illa
3025 2999 3532 3057 connumerabitur.

494 3096 647 3162 Quod
704 3109 880 3154 autem
939 3102 1006 3155 ad
1094 3102 1194 3155 hoc
1277 3103 1576 3172 respiciunt
1649 3105 2072 3173 mnigmaticmc

429 3204 634 3250 voces,
697 3192 942 3260 sequenti
1025 3192 1282 3263 deinceps
1347 3209 1598 3249 sermone
1679 3196 1994 3259 evolvitur,

428 3279 519 3347 qui
564 3280 733 3334 dicit:
780 3281 937 3335 Nunc
973 3282 1176 3353 itaque,
1219 3284 1319 3352 ﬁli,
1353 3285 1478 3336 audi
1521 3302 1618 3338 me.
1693 3285 1888 3338 Beatus
1920 3294 1997 3340 est

424 3369 514 3436 qui
547 3385 686 3423 meas
717 3372 826 3424 vias
849 3372 1078 3425 custodit
1107 3374 1150 3402 ²²
1176 3392 1188 3426 :
1228 3373 1365 3435 vias,
1397 3372 1605 3425 scilicet
1636 3372 1704 3424 ad
1741 3373 1995 3426 virtutem

424 3461 623 3524 aditus,
655 3479 886 3531 quarum
919 3464 1250 3532 principium
1289 3464 1347 3516 ﬁt
1377 3463 1660 3532 sapientia:
1681 3465 1994 3532 acquisitio.

423 3553 557 3616 Quis
601 3553 764 3620 igitur
801 3555 867 3606 ad
921 3555 1065 3608 hanc
1100 3555 1340 3608 divinam
1383 3557 1603 3610 intuens
1654 3555 1994 3625 Scripturam

424 3658 530 3696 non
565 3643 761 3711 impios
781 3644 982 3711 pariter
1008 3655 1061 3699 et
1080 3646 1442 3715 sycophantas
1466 3647 1713 3703 veritatis
1741 3649 1995 3705 inimicos

423 3734 709 3788 censebit?
770 3733 972 3803 lmpios
1022 3737 1266 3806 quidem,
1307 3739 1435 3807 quia
1493 3739 1820 3794 ineffabilem
1871 3742 1993 3795 utri-

423 3826 589 3894 geniti
623 3824 716 3880 Dei
776 3827 1138 3894 maiestatem,
1175 3840 1439 3898 quantum
1475 3833 1530 3898 in
1590 3832 1723 3900 ipsis
1755 3841 1859 3895 est,
1896 3833 1991 3886 de-

425 3923 720 3976 struentes,
755 3926 1023 3972 creatura:
1072 3919 1411 3990 adjungunt:
1448 3938 1616 3976 unum
1647 3938 1838 3977 eorum
1875 3938 1994 3992 quae

423 4007 490 4060 ab
520 4007 638 4076 ipso
669 4007 931 4077 producta
979 4020 1105 4065 sunt
1147 4010 1436 4066 Dominum
1488 4013 1868 4068 demonstrare
1902 4015 1992 4069 oh-

423 4101 547 4153 nixe
579 4100 991 4165 contendentes,
1039 4103 1201 4171 cujus
1226 4103 1566 4173 unigenitum
1599 4112 1684 4158 est
1724 4103 1778 4158 in
1809 4107 1994 4160 omnia

420 4187 730 4255 imperium.
761 4187 1136 4258 Sycophantas
1157 4206 1305 4251 vero,
1342 4191 1392 4243 id
1425 4202 1506 4246 est
1543 4191 1989 4254 calumniatores,

420 4273 546 4343 quia
580 4288 702 4327 cum
756 4277 820 4328 ad
877 4276 1014 4330 tales
1067 4277 1393 4332 astruendas
1448 4277 1734 4347 opiniones
1787 4280 1990 4334 nullam

421 4364 644 4418 omnino
675 4365 782 4419 illis
812 4367 1157 4422 occasionem
1209 4382 1366 4421 sacra
1403 4367 1686 4436 Scriptura
1733 4371 2011 4440 praebeat,‘

419 4455 576 4523 quasi
627 4455 777 4510 illinc
812 4457 1186 4512 testimonium
1221 4457 1539 4526 educeutes,
1572 4460 1836 4518 adversus
1870 4461 1986 4531 pie.
2021 4496 2064 4550 ι)

420 4553 584 4598 tatem
617 4554 920 4600 armantur.
952 4547 1221 4612 Quoniam
1270 4549 1436 4619 igitur
1466 4549 1674 4602 nullam
1709 4565 1775 4605 ex
1813 4550 1990 4605 sacris

421 4636 574 4689 libris
609 4653 796 4691 vocem
826 4640 1115 4694 ostendere
1151 4649 1400 4709 possunt,
1436 4655 1558 4709 quae
1593 4640 1812 4709 quidem
1837 4649 1990 4696 ante-

419 4734 676 4778 :eternam
718 4728 983 4794 unigeniti
1016 4728 1107 4782 Dei
1139 4729 1364 4798 gloriam
1402 4744 1524 4782 cum
1553 4729 1800 4798 subjecta
1833 4745 1988 4784 crea-

420 4824 543 4865 tura
592 4812 788 4866 intucri
829 4816 1109 4881 consulat;
1160 4817 1245 4869 his
1289 4832 1319 4870 a
1364 4818 1522 4871 nobis
1569 4819 1984 4884 demonstratis,

422 4905 679 4972 prarclarc
705 4906 867 4958 habet
903 4907 1121 4974 pietatis
1148 4908 1600 4963 senuonicontra
1641 4911 1986 4966 mendacium

423 4997 661 5052 victoria:
717 4999 932 5065 praemia
975 5000 1324 5066 adjudicare,
1381 5009 1544 5069 atque
1603 5001 1687 5056 his
1734 5005 1986 5058 omnibus

419 5088 736 5144 artiﬁciosis
798 5088 1079 5140 nmniuum
1147 5089 1590 5157 impositionibns
1627 5093 1986 5161 repudiatis,

417 5181 616 5248 quibus
655 5185 963 5232 creaturam
998 5193 1119 5230 cum
1157 5187 1426 5240 creatore,
1462 5189 1512 5232 ct
1547 5179 1814 5232 facturam
1861 5196 1984 5235 cum

419 5272 626 5326 factore
669 5269 961 5340 c0puiaut:
1007 5268 1254 5321 conﬁteri
1318 5271 1776 5338 quemadmodum
1829 5271 1988 5326 docet

486 5455 528 5483 ι’
557 5453 676 5504 Act.
711 5467 785 5515 ix,
816 5452 838 5504 1
897 5463 1018 5519 sqq.
1095 5450 1138 5480 ’⁵
1171 5446 1312 5503 Psal.
1347 5463 1611 5511 Lxxxvm,
1639 5450 1691 5503 8.

2176 3108 2298 3155 Ὅτι
2337 3105 2392 3155 δὲ
2443 3103 2572 3173 πρὸς
2620 3099 2776 3152 τοῦτο
2820 3100 3106 3168 βλέπουσιν
3158 3094 3214 3146 αί
3259 3087 3676 3160 αἰνιγματώδεις

2098 3194 2292 3262 φωναὶ,
2323 3193 2411 3245 διὰ
2455 3191 2547 3244 τοῦ
2578 3193 2774 3260 ἐφεξῆς
2817 3191 2974 3257 λόγου
3018 3185 3201 3256 σαφῶς
3249 3181 3672 3240 ὲκκαλύπτεται,

2097 3285 2154 3345 ὅς
2194 3300 2324 3351 φησι
2345 3300 2356 3311 '
2393 3283 2522 3336 Νῦν
2565 3279 2678 3344 οὖν,
2700 3282 2812 3348 vis,
2867 3280 3137 3334 ἄκουσόν
3157 3290 3290 3344 μου·
3323 3275 3438 3339 καὶ,
3468 3269 3666 3326 Maud-

2089 3389 2221 3437 ριος
2250 3371 2316 3436 ὃς
2362 3371 2467 3435 τὰς
2503 3371 2644 3439 ἐμὰς
2689 3369 2868 3434 ὀδοὺς
2915 3367 3243 3433 φυλάσσεν
3290 3365 3442 3426 ὁδοὺς
3473 3360 3672 3433 δηλαδὴ

2096 3462 2269 3528 λέγων
2331 3462 2427 3524 τὰς
2473 3461 2608 3530 πρὸς
2633 3462 2730 3532 τὴν
2777 3460 2978 3530 ἀρετὴν
3019 3458 3262 3526 ἐφόδους,
3301 3449 3375 3509 ὧν
3413 3456 3556 3525 ἀρχὴ
3585 3453 3669 3521 γί-

2096 3572 2239 3606 νεται
2261 3554 2357 3620 τῆς
2384 3554 2624 3624 σοφίαςὴ
2658 3554 2866 3623 κτῆσις.
2898 3552 2994 3614 Τίς
3017 3551 3195 3604 τοίνυν
3225 3549 3359 3618 πρὸς
3390 3548 3490 3618 τὴν
3523 3547 3669 3600 θείαν

2099 3643 2307 3712 βλέπων
2335 3643 2553 3713 Γραφὴν
2584 3643 2684 3694 οὐκ
2717 3642 2927 3702 ἀσεϐεῖς
2949 3658 3008 3692 τε
3038 3638 3173 3710 ὁμοῦ
3205 3639 3299 3692 καὶ¹
3329 3637 3668 3705 συκοφάντας

2095 3732 2385 3798 εἶναιτοὺς
2419 3733 2644 3804 ἐχθροὺς
2689 3733 2786 3803 τῆς
2827 3730 3084 3802 ἀληθείας
3117 3729 3476 3798 συνθήσεται;
3519 3729 3670 3780 ’Δσε-

2096 3827 2208 3889 ϐεῖς
2239 3826 2354 3896 μὲν,
2387 3827 2468 3878 ὃτι
2510 3825 2608 3894 τὴν
2642 3823 2877 3894 ἄρρητον
2910 3821 3003 3874 τοῦ
3061 3819 3378 3891 μονογενοῦς
3413 3819 3549 3872 Θεοῦ
3587 3818 3670 3872 δό-

2096 3919 2210 3985 ξαν,
2246 3920 2368 3972 ὅσον
2417 3919 2502 3971 ἐπ’
2549 3919 2752 3984 αὐτοῖς,
2809 3916 3146 3978 καθελόντες,
3190 3916 3256 3984 τῇ
3315 3911 3490 3966 κτίσει
3548 3928 3670 3964 συν-

2094 4011 2353 4063 άπτουσιν
2379 4025 2390 4037 ·
2419 4010 2476 4062 ἓν
2497 4010 2605 4062 τῶν
2627 4028 2700 4062 πα
2711 4009 2755 4077 ρ’
2783 4006 2949 4062 αὐτοῦ
2974 4005 3271 4076 γεγονότων
3295 4001 3668 4058 ἀποδεικνύειν

2095 4101 2518 4165 φιλονεικοῦντες
2557 4100 2648 4152 τὸν
2691 4098 2915 4170 Κύριον,
2947 4093 3007 4151 οὗ
3051 4094 3336 4167 μονογενές
3373 4095 3488 4146 ἐστι
3528 4090 3665 4146 κατά

2095 4192 2311 4245 πάντων
2340 4191 2399 4243 τὸ
2430 4191 2645 4260 κράτος.
2678 4188 3025 4256 Συκοφάντας
3055 4187 3131 4248 δὲ,
3169 4187 3249 4240 ὅτι
3277 4184 3544 4255 μηδεμίαν
3569 4182 3665 4233 αὐ-

2092 4284 2203 4342 τοῖς
2235 4282 2328 4350 τῆς
2359 4281 2578 4351 Γραφῆς
2608 4280 2740 4350 πρὸς
2773 4279 2868 4341 τὰς
2897 4277 3148 4338 τοιαύτας
3180 4273 3468 4344 ὑπολήψεις
3493 4271 3654 4340 ἀφορ·

2098 4375 2202 4443 μὴν
2230 4373 2668 4442 παρασχομένης,
2695 4372 2769 4433 ὡς
2799 4369 3006 4423 ἐκεῖθεν
3027 4368 3352 4438 ἐπαγόμενοι
3384 4364 3480 4434 τὴν
3521 4379 3656 4433 μαρ-

2093 4463 2279 4533 τυρίαν
2300 4463 2440 4517 κατὰ
2465 4463 2562 4531 τῆς
2583 4460 2860 4524 εὐσεϐείας
2879 4460 3206 4523 ὁπλίζονται.
3243 4456 3393 4509 Ἐπεὶ
3414 4451 3505 4508 οὖν
3532 4452 3659 4524 παρ’

2097 4553 2306 4616 οὐδενὸς
2332 4552 2512 4623 ἔχουσι
2537 4552 2642 4604 τῶν
2671 4552 2837 4620 ἁγίων
2864 4550 3093 4622 Γραφῶν
3121 4547 3380 4614 ἐπιδεῖξαί
3408 4563 3528 4599 τινα
3561 4561 3674 4613 φω-

2097 4643 2211 4714 νὴν,
2247 4644 2366 4714 ἥτις
2403 4644 2501 4713 τὴν
2527 4641 2849 4714 προαιώνιον
2881 4641 2975 4694 τοῦ
3011 4638 3328 4710 μονογενοῦς
3349 4636 3486 4690 Θεοῦ
3511 4634 3665 4700 δόξαν

2098 4734 2238 4802 μετὰ
2270 4733 2366 4803 τῆς
2399 4732 2707 4802 ὑποχειρίου
2743 4731 2972 4794 κτίσεως
2990 4732 3120 4801 ὁρᾷν
3161 4727 3537 4798 συμϐουλεύει,
3567 4742 3664 4778 κα-

2094 4824 2199 4886 λῶς
2231 4823 2296 4877 ἂν
2335 4825 2444 4894 ἔχει
2489 4822 2691 4876 τούτων
2735 4824 2866 4892 ἡμῖν
2905 4821 3327 4892 ἀποδειχθέντων
3355 4819 3456 4890 ἢδη
3498 4833 3648 4888 προσ-

2099 4916 2503 4988 μαρτυρηθῆναι
2526 4915 2604 4986 τῷ
2634 4915 2733 4978 τῆς
2760 4913 3040 4976 εὐσεϐείας
3073 4914 3215 4982 λόγῳ
3245 4911 3384 4964 κατά
3412 4909 3506 4964 τοῦ
3533 4907 3664 4978 ψεύ-

2092 5006 2214 5069 δους
2246 5007 2314 5059 τὰ
2357 5008 2670 5076 νικητήρια,
2716 5005 2808 5058 καὶ
2840 5004 3015 5068 πάσας
3043 5004 3220 5058 αὐτῶν
3252 5001 3349 5066 τὰς
3376 5001 3663 5071 ὀνομαστι-

2093 5099 2193 5159 κὰς
2222 5097 2417 5160 ταύτας
2438 5096 2778 5166 τεχνολογίας
2805 5095 3252 5166 παρωσαμένους,
3275 5092 3342 5145 δι’
3363 5085 3440 5145 ὧν
3468 5108 3660 5163 συναρ-

2096 5187 2315 5257 μὸζουσι
2354 5189 2412 5243 τὸ
2461 5185 2663 5256 κτίσμα
2691 5187 2767 5256 τῷ
2802 5189 3066 5248 κτίσαντι,
3114 5188 3208 5239 καὶ
3251 5185 3309 5237 τὸ
3346 5184 3554 5254 ποίημα
3584 5181 3658 5249 τῷ

2093 5282 2404 5350 ποιήσαντι⁹
2439 5280 2755 5348 ’ὁμολογεῖ-ν,
2791 5279 2973 5341 καθὼς
3017 5279 3250 5333 διδάσκει
3284 5280 3344 5333 τὸ
3386 5279 3445 5344 ἐξ
3494 5278 3657 5346 οὐρα-

1769 5454 1807 5483 "-
1847 5452 1976 5508 Luc.
2019 5472 2112 5520 xv,
2157 5457 2240 5511 10.
2316 5461 2360 5488 ¹²
2400 5457 2558 5512 Prov.
2607 5474 2692 5522 Ill,
2725 5458 2806 5510 15.

484 5630 563 5696 (α)
593 5629 769 5688 Locus
789 5635 1074 5692 obscurus.
1106 5634 1200 5692 sed
1242 5651 1272 5690 e
1308 5633 1492 5688 Grmca
1517 5633 1658 5688 LXX
1701 5638 2056 5709 luterpretum
2102 5643 2348 5698 versione
2372 5640 2630 5696 Proverb.
2655 5656 2751 5695 vm
2791 5639 3198 5712 intelligendus.
