4054 6150
369 287 475 346 580

1488 288 1765 344 CONTRA
1806 288 2197 354 EUNOMIUM,
2234 287 2362 345 LIB.
2397 287 2489 343 III.

3526 285 3630 340 390

366 401 477 459 νῶν
504 401 853 472 Εὐαγγέλιον,
877 403 1011 457 Υἱὸν
1036 402 1367 472 ἀγαπητὸν,
1390 404 1452 457 οὐ
1482 405 1653 471 νόθον,
1676 406 1794 460 οὐδὲ
1816 405 1947 461 ὐπό-

2064 406 2405 477 Evangelium
2452 420 2482 459 e
2520 403 2678 460 cmlis
2716 400 2963 458 auditum
2992 439 3007 466 ,
3042 398 3242 453 Filiam
3273 398 3522 452 dilectum
3549 397 3620 461 ”,

367 496 589 567 ϐλητον.
636 497 703 566 τῇ
748 494 805 547 δὲ
830 494 924 557 τοῦ
966 494 1095 548 Υἱοῦ
1145 498 1294 566 φωνῇ
1346 498 1529 549 πᾶσαν
1571 497 1667 568 τὴν
1710 499 1944 571 φυσικὴν

367 589 678 657 οίκειοτητα
707 585 1313 657 συμπαραδεξαμένους,
1347 588 1495 641 Θεὸν
1518 589 1809 657 ἀληθινὸν
1842 590 1948 643 τὸν

368 679 438 732 ἐκ
467 677 574 731 τοῦ
610 675 900 744 ἀληθινοῦ
931 677 1078 731 Θεοῦ
1106 677 1282 746 λέγειν
1307 695 1322 710 ο
1353 680 1446 732 καὶ
1479 678 1546 732 τά
1567 680 1742 732 πάντα
1772 680 1948 733 ὡσαύ-

370 787 482 834 τως
513 770 600 822 ἐπ’
628 768 792 822 αὐτοῦ
819 768 1114 836 πιστεύειν,
1147 767 1246 823 ὅσα
1260 770 1316 823 ὲν
1330 769 1406 841 τῷ
1430 771 1602 841 Πατρὶ
1628 772 1943 842 καθορᾶταν

364 863 505 917 ,διότι
536 860 598 913 ἓν
630 860 757 925 εἱσι,
802 861 897 913 καὶ
924 862 981 913 ὲν
1005 860 1083 931 τῷ
1105 860 1278 932 ἑτέρῳ
1306 864 1503 916 νοεῖται
1525 862 1587 916 τὸ
1616 864 1820 936 ἕτερον,
1851 866 1948 935 οὐχ

371 948 734 1021 ὐπερπίπτον,
778 948 879 1001 οὐκ
932 948 1338 1020 ἐλαττούμενον,
1383 952 1444 1003 οὐ
1483 951 1626 1005 κατά
1666 970 1790 1007 τινα
1828 953 1947 1007 θεο-

373 1040 558 1112 πρεπῆ
587 1054 646 1092 τε
678 1039 772 1092 καὶ
810 1040 1014 1119 ἀγαθὸν
1051 1043 1375 1113 χαρακτῆρα
1423 1042 1946 1117 παρηλλαγμένον,ἢ

372 1127 587 1183 ἁλλοιού
596 1142 776 1198 μενον.

438 1218 681 1283 Φανερᾶς
715 1216 895 1270 τοίνυν
922 1216 1026 1287 τῆς
1053 1217 1190 1289 πρὸς
1221 1216 1410 1272 ἑαυτὸν
1451 1216 1630 1288 μάχης
1662 1218 1756 1272 τοῦ
1787 1220 1950 1272 Εὐνο-

372 1308 500 1373 μίου
528 1307 900 1378 γεγενημένης
918 1347 934 1370 ,
986 1309 1044 1361 ἐν
1091 1303 1173 1370 οἷς
1204 1309 1421 1362 ἐναντία
1447 1309 1618 1378 λέγων
1644 1309 1819 1381 ἑαυτῷ
1846 1312 1950 1364 ἀπ-

369 1396 714 1465 ελέλεγκται,
769 1398 869 1450 νῦν
899 1398 997 1467 μὲν
1023 1398 1112 1454 διὰ
1143 1399 1204 1452 τὸ
1236 1401 1559 1472 γεννηθῆναι
1591 1402 1732 1455 κατὰ
1765 1402 1928 1472 φύσιν

371 1486 513 1556 λέγω
552 1486 663 1541 δεῖν
691 1487 850 1541 αὐτὸν
884 1488 1012 1543 Υίὺν
1041 1490 1400 1561 ὀνομάζεσθαι
1424 1509 1439 1525 ο
1490 1493 1652 1546 πάλιν
1686 1493 1743 1547 δὲ
1776 1494 1863 1547 διὰ
1890 1494 1951 1547 τὸ

374 1581 692 1650 κτισθῆναι,
743 1580 939 1651 μηκέτι
988 1581 1146 1647 Υἱὸν,
1209 1582 1346 1637 ἀλλὰ
1404 1584 1615 1656 ποίημα
1671 1585 1946 1654 λέγεσθαι.

375 1673 680 1742 Προσήκειν
704 1667 856 1743 οἶμαι
884 1674 975 1727 τὸν
995 1676 1267 1746 νουνεχῶς
1285 1675 1379 1731 καὶ
1404 1677 1768 1741 ὲπιστατικῶς
1795 1679 1952 1732 ἐπατ-

358 1750 522 1827 ίοντα,
571 1763 758 1834 ἐπειδὴ
787 1763 884 1816 οὐκ
917 1763 1188 1834 ἐνδέχεται
1231 1762 1325 1817 δύο
1356 1765 1676 1836 μαχομένων
1700 1766 1951 1837 ἀλλήλοις

2052 509 2161 549 non
2194 494 2421 549 nothum
2468 495 2583 550 sive
2614 492 2999 556 adulterinum,
3050 507 3159 545 non
3196 489 3630 561 supposititium,

2049 594 2104 641 ct
2155 586 2317 641 simul
2352 585 2477 639 Filii
2513 600 2647 641 voce
2684 599 2900 639 onmem
2926 583 3232 637 naturalem
3256 581 3632 650 cognationem

2048 674 2399 747 accipientes,
2444 676 2609 730 Deum
2642 691 2820 730 ueritm
2849 674 2913 728 de
2950 673 3058 727 Deo
3094 690 3210 728 vero
3250 673 3453 735 dicere,
3482 671 3634 726 simio

2049 767 2285 837 literque
2317 768 2500 821 omnia
2532 767 2587 820 in
2631 767 2749 837 ipso
2775 764 2997 821 credere
3017 805 3031 829 ,
3061 779 3182 833 quae
3216 765 3269 817 in
3303 763 3464 817 Patre
3497 778 3634 816 con-

2050 859 2391 928 spiciuntur:
2430 859 2559 928 quia
2602 872 2769 912 unum
2823 863 2972 919 sunt,
3011 863 3065 910 et
3111 855 3164 908 in
3198 856 3364 909 altero
3402 853 3634 907 alterum

2049 950 2412 1021 intelligitur:
2464 964 2571 1004 non
2615 948 3065 1019 superineidens,
3098 962 3208 1002 non
3259 947 3634 1010 ii‘nminutum,

2050 1057 2160 1096 non
2215 1041 2513 1099 secundum
2570 1040 2806 1109 aliquem
2861 1037 2972 1093 Deo
3026 1038 3285 1093 decorum
3333 1045 3387 1092 et
3429 1036 3633 1092 bonum

2045 1133 2417 1187 characterem
2450 1131 2817 1187 immutatum.
2852 1130 2936 1185 vel
2974 1129 3124 1184 aliud
3155 1128 3383 1183 factum.

2122 1223 2198 1295 (a)
2229 1224 2364 1278 Cum
2393 1237 2523 1293 ergo
2543 1223 2614 1277 sit
2643 1221 2931 1277 manifesta
2963 1221 3215 1275 Eunomii
3252 1235 3441 1275 secum
3472 1234 3634 1288 repu-

2050 1315 2292 1386 gnantia,
2329 1313 2381 1368 in
2412 1313 2616 1384 quibus
2647 1313 2860 1382 sibiipsi
2892 1312 3276 1366 contradicere
3307 1313 3635 1380 redargutus

2051 1414 2153 1469 est,
2191 1420 2333 1459 nunc
2370 1404 2590 1473 quidem
2640 1404 2766 1474 quia
2815 1404 2887 1458 sit
2927 1404 3147 1473 genitus
3192 1401 3493 1457 secundum
3537 1415 3630 1454 na-

2052 1494 2378 1561 turam,dico
2400 1495 2575 1566 ipsum
2602 1503 2851 1564 oportere
2872 1493 3067 1548 Filium
3092 1493 3360 1548 mminari
3384 1512 3396 1547 :
3421 1506 3633 1553 rursus.

2051 1587 2177 1658 quia
2207 1587 2278 1641 sit
2304 1596 2543 1651 creatus,
2572 1601 2680 1641 non
2708 1586 2942 1654 amplius
2982 1584 3199 1642 Filium.
3231 1583 3327 1638 sed
3367 1583 3632 1638 facturam

2051 1678 2178 1733 dici.
2208 1676 2516 1732 Convenire
2551 1686 2683 1747 puto
2728 1692 2853 1731 eum
2909 1677 3003 1748 qui
3055 1686 3261 1731 attente
3294 1684 3347 1730 et
3403 1675 3638 1730 scienter

2053 1768 2226 1835 audit,
2273 1754 2531 1837 quoniam
2580 1767 2816 1822 duorum
2862 1768 3004 1822 inter
3055 1784 3114 1822 se
3161 1768 3516 1838 pugnantium
3570 1782 3635 1820 ex

374 1853 566 1920 λόγων,
595 1856 737 1907 κατὰ
762 1854 823 1907 τὸ
851 1854 963 1909 ἴσον
992 1856 1049 1908 ὲν
1069 1857 1312 1928 ἐκατέρῳ
1337 1857 1397 1910 τὸ
1424 1857 1619 1928 ἀληθὲς
1642 1857 1947 1929 εὑρεθῆναι,

2064 1876 2207 1932 equo
2253 1874 2569 1915 sermonum
2599 1860 2657 1914 in
2699 1868 3256 1926 utroqueverumnon
3273 1854 3637 1925 contingitin-

373 1944 697 2000 ἀποϐάλλειν
735 1945 794 2010 ἐξ
822 1947 1144 2019 ἀμφοτέρων
1176 1949 1236 2001 τὸ
1275 1949 1468 2012 ἀσεϐές
1498 1967 1556 2003 τε
1589 1950 1680 2003 καὶ
1709 1949 1952 2022 βλάσφη-

378 2053 498 2105 μον,
542 2036 602 2090 τὸ
641 2038 777 2091 κατὰ
807 2039 867 2092 τὸ
910 2038 1116 2109 κτίσμα
1156 2040 1300 2108 λέγω
1343 2041 1437 2093 καὶ
1469 2041 1678 2112 ποίημα
1705 2059 1717 2072 ·
1764 2040 1951 2096 θέσθαι

375 2128 431 2181 δὲ
461 2129 606 2199 μόνῳ
642 2128 721 2200 τῷ
755 2131 891 2202 πρὸς
925 2132 1207 2186 εὐσέϐειαν
1235 2132 1480 2203 βλέποντι
1504 2134 1577 2205 τῷ
1614 2133 1754 2189 κατὰ
1792 2134 1952 2204 φύσιν

375 2220 719 2289 ὁμολογοῦντι
740 2225 1019 2293 προσεῖναι
1039 2224 1116 2295 τῷ
1145 2228 1425 2295 μονογενεῖ
1442 2226 1560 2299 Θεῷ
1586 2227 1684 2298 τὴν
1711 2226 1803 2281 τοῦ
1835 2227 1950 2281 υἱοῦ

378 2311 748 2381 προσηγορίαν
770 2328 781 2341 ·
828 2312 903 2376 ὡς
936 2312 1000 2366 ἂν
1032 2314 1121 2367 καὶ
1148 2314 1237 2368 διά
1267 2315 1364 2386 τῆς
1391 2315 1499 2370 τῶν
1528 2316 1735 2390 ἐχθρῶν
1768 2317 1951 2387 φωνῆς

376 2402 405 2453 ὁ
431 2400 843 2470 τῆςηεύσεϐείας
865 2401 1021 2470 λόγος
1049 2403 1162 2474 ἔχοι
1183 2405 1282 2476 τὴν
1308 2405 1585 2462 σύστασιν.

449 2492 636 2559 Λέγων
666 2492 722 2545 δὲ
748 2492 929 2556 πάλιν,
954 2494 1236 2549 ἀναλαϐὼν
1260 2496 1318 2550 ὃν
1340 2495 1399 2562 ἐξ
1422 2497 1595 2570 ἀρχῆς
1622 2499 1786 2553 αὐτοῦ
1811 2517 1953 2571 παρ-

380 2579 582 2652 εθέμην
612 2580 790 2650 λόγον’
845 2584 1151 2651 Γεννητὸν
1185 2585 1348 2649 ὄντα,
1374 2587 1526 2657 φησὶ,
1560 2583 1669 2639 τὸν
1686 2584 1821 2642 Υιὸν
1855 2589 1953 2643 καὶ

379 2668 647 2740 γέννημα
671 2669 872 2740 λέγειν
912 2674 981 2726 οὐ
1021 2676 1476 2743 παραιτούμεθα,
1505 2674 1613 2744 τῆς
1650 2680 1953 2749 γεννηθεί-

379 2776 502 2828 σης
519 2761 707 2829 αὐτῆς
728 2765 962 2830 οὐσίας,
987 2764 1086 2818 καὶ
1109 2763 1219 2832 τῆς
1237 2767 1345 2821 τοῦ
1373 2767 1505 2821 υἱοῦ
1527 2750 1953 2839 προσηγυρίας.

379 2852 497 2919 τὴν
515 2855 798 2921 τοιαύτην
814 2854 932 2908 τῶν
957 2857 1263 2925 ὀνομάτων
1288 2859 1694 2929 οἱκειοιομένης
1711 2862 1953 2932 σχέσιν.

381 2941 538 3004 Τέως
566 2942 662 3010 μὲν
678 2938 771 2996 οὖν
795 2946 821 2996 ὁ
838 2945 1093 3016 κριτικῶς
1115 2945 1221 2998 τῶν
1250 2946 1555 3018 λεγομένων
1576 2948 1807 3017 ἀκούων,
1830 2952 1952 3004 τού-

380 3045 478 3082 του
505 3030 824 3101 μεμνήσθω,
851 3033 929 3085 ὅτι
961 3032 1058 3104 τὴν
1087 3033 1435 3104 γεννηθεῖσαν
1460 3037 1626 3104 λέγει,
1659 3039 1733 3102 ὡς
1762 3040 1959 3111 μηκέτι

387 3122 526 3192 μήτε
560 3121 657 3193 τὴν
686 3125 1009 3195 ὰγεννησίαν
1044 3127 1179 3197 μήτε
1213 3128 1310 3199 τὴν
1342 3128 1610 3201 γέννησιν,
1635 3134 1749 3185 ἀντ’
1771 3133 1961 3197 οὐσίας

385 3210 932 3282 παραλαμϐάνεσθαι*
991 3215 1105 3268 ἀλλ’
1170 3216 1275 3287 ἰδία
1305 3218 1401 3287 μὲν
1437 3217 1533 3290 τὴν
1567 3221 1754 3275 οὐσίαν
1780 3238 1961 3294 παρα-ι
1988 3201 2030 3258 C

384 3300 776 3372 λαμϐάνεσθαι,
832 3304 936 3378 ἰδίᾳ
976 3304 1032 3359 δὲ
1078 3307 1136 3360 τὸ
1182 3300 1505 3381 γεννηθῆναι
1563 3311 1755 3383 αὐτὴν,
1806 3311 1839 3384 ἦ
1888 3311 1964 3386 μὴ

386 3395 747 3465 γεννηθῆναι,
804 3394 893 3450 διά
924 3396 1031 3450 τῶν
1051 3398 1534 3471 ἐπιθεωρουμένων
1576 3403 1712 3475 αὐτῇ
1744 3403 1966 3475 ἰδιωμά-

387 3504 496 3540 των
526 3486 922 3544 κατανοεῖσθαι.
953 3489 1384 3564 Φιλοπονὼτερον
1412 3493 1468 3546 δὲ
1497 3493 1587 3547 τὸν
1612 3494 1742 3565 περὶ
1772 3496 1963 3549 τούτου

388 3577 546 3643 λόγον
579 3577 1022 3648 κατανοήσωμεν.
1063 3580 1292 3634 Οὐσίαν
1341 3583 1736 3651 γεγεννῆσθαι
1794 3585 1964 3654 λέγει,

401 3668 540 3721 rm
565 3666 634 3720 δὲ
669 3664 824 3721 εἶναι
854 3665 964 3734 τῆς
990 3673 1386 3738 τεννηθείσης
1414 3675 1628 3740 οὐσίας
1657 3674 1722 3728 τὸ
1758 3675 1963 3745 ὄνομα.

405 3758 548 3810 Ἀλλ’
593 3758 650 3809 ἐν
696 3756 905 3818 τούτοις
947 3759 974 3810 ὁ
1025 3759 1154 3827 παρ’
1196 3759 1355 3828 ἡμῶν
1397 3760 1553 3829 λόγος
1592 3762 1682 3815 διὰ
1721 3762 1814 3817 δύο
1859 3765 1968 3820 τῶν

385 3847 649 3902 ἒναντίων
705 3848 910 3916 ἐλέγξει
960 3848 1149 3916 λόγον·
1191 3850 1310 3914 ὲνδς
1356 3854 1452 3921 μὲν
1495 3854 1593 3924 τῆς
1636 3857 1969 3928 κακουργίας

280 3988 287 3995 .
390 3937 489 4009 τὴν
532 3938 904 4010 ἐπιχείρησινο
958 3940 1143 4010 ἑτέρου
1175 3940 1231 3994 δὲ
1272 3944 1369 4012 τῆς
1412 3942 1533 3997 καθ’
1578 3944 1737 4017 ἡμῶν
1762 3947 1971 4018 ἐπιχει-

398 4028 607 4100 ρήσεως
647 4029 747 4099 τὴν
792 4029 1027 4083 ἀτονίαν.
1080 4032 1393 4105 Κακουργεῖ
1431 4035 1529 4106 μὲν
1559 4036 1686 4107 γὰρ,
1722 4038 1971 4109 γέννησιν

394 4118 580 4196 οὐσίαις
631 4120 823 4189 λέγων,
870 4122 956 4176 ἵνα
992 4126 1377 4197 κατασκευάσῃ
1423 4126 1518 4198 τὴν
1566 4129 1703 4199 πρὸς
1736 4128 1973 4201 ἀλλήλας

396 4210 506 4265 τῶν
529 4211 726 4267 οὐσιῶν
762 4215 1098 4282 ἐναντίωσιν,
1129 4217 1206 4287 τῷ
1226 4218 1464 4289 γεννητῷ
1493 4238 1551 4273 τε
1579 4222 1672 4274 καὶ
1698 4223 1974 4294 ἀγεννήτῳ

397 4305 532 4376 πρὸς
554 4307 846 4379 ἑτερότητα
880 4308 1092 4377 φύσεως
1117 4310 1516 4381 διεσχισμένας.
1584 4313 1893 4384 Ἐλέγχεται
1918 4315 1972 4368 δὲ

394 4397 458 4450 τὺ
483 4397 581 4468 τῆς
603 4398 995 4471 ἐπιχειρήσεως
1029 4402 1236 4469 ἄτονον,
1267 4403 1334 4456 δι’
1369 4403 1546 4457 αὐτῶν
1574 4397 1647 4458 ὧν
1676 4407 1709 4476 ἡ
1737 4423 1974 4479 κακουρ-

397 4488 497 4557 γία
531 4492 1020 4556 κατασκευάζεται.
1061 4494 1119 4547 Ὀ
1146 4493 1255 4565 γὰρ
1280 4495 1632 4566 γεγεννῆσθαι
1660 4496 1757 4569 τὴν
1789 4498 1975 4552 οὐσίαν

397 4577 589 4644 εἰπὼν,
614 4579 802 4651 ἕτερόν
822 4599 874 4636 τι
894 4584 994 4656 τὴν
1029 4583 1279 4655 γέννησιν
1310 4581 1446 4638 εἶναι
1483 4587 1631 4657 παρὰ
1660 4589 1757 4659 τὴν
1789 4589 1978 4643 οὐσίαν

400 4672 587 4741 σαφῶς
621 4673 915 4745 διορίζεται
951 4715 967 4741 ,
1010 4681 1082 4738 ὡς
1117 4676 1193 4747 μὴ
1236 4676 1301 4730 ἂν
1347 4677 1406 4729 τὸ
1445 4679 1838 4749 σημαινόμενον
1881 4681 1979 4753 τῆς

398 4766 705 4835 γεννήσεως
734 4764 812 4836 τῷ
859 4766 958 4835 τῆς
999 4766 1188 4830 οὐσίας
1235 4767 1646 4838 ὲφαρμοσθῆναι
1689 4768 1848 4838 λόγῳ.
1902 4771 1977 4823 Οὐ

401 4856 511 4923 γὰρ
538 4856 673 4927 ὅπερ
704 4858 762 4909 ὲν
808 4855 1020 4920 πολλοῖς
1053 4859 1443 4924 κατεσκεύασε,
1483 4858 1641 4912 τοῦτο
1683 4861 1774 4913 καὶ
1813 4862 1870 4913 ὲν
1903 4860 1981 4932 τῷ

403 4947 564 5019 μέρει
592 4947 770 5019 τούτῳ
805 4949 1121 5021 πεποίηκεν.
1180 4950 1346 5003 Ὥστε
1379 4951 1548 5021 αὐτὴν
1580 4952 1754 5005 εἰπεῖν
1794 4951 1981 5005 οὐσίαν

401 5036 541 5105 εἶναι
584 5040 683 5110 τὴν
726 5040 1006 5110 γέννησιν,
1059 5041 1195 5096 ἀλλὰ
1226 5041 1550 5113 γεννηθῆναι
1594 5043 1846 5114 ὁμολογεῖ
1882 5044 1980 5117 τὴν

400 5131 609 5197 οὐσίαν,
647 5131 721 5194 ὡς
758 5131 1179 5204 διακεκριμένην
1220 5134 1307 5202 ἐφ’
1342 5133 1611 5205 ἑκατέρας
1654 5135 1836 5205 φωνῆς
1867 5139 1981 5201 τοῖς

400 5222 690 5276 ἁκούουσιν
720 5223 1036 5291 ἐγγενέσθαι
1072 5226 1172 5297 τὴν
1196 5224 1425 5280 ἔννοιαν.
1449 5225 1611 5279 Ἀλλο
1641 5226 1749 5298 γάρ
1773 5244 1826 5279 τι
1854 5228 1970 5298 νόη-

292 5352 309 5375 ,
405 5331 483 5383 μα
511 5313 718 5380 γίνεται
748 5313 825 5384 τῷ
855 5314 936 5367 ὅτι
972 5314 1236 5387 ἐγεννήθη
1271 5317 1583 5377 ἀκούσαντι.
1620 5318 1713 5371 καὶ
1741 5316 1868 5371 ἄλλο
1893 5317 1980 5372 διὰ

402 5411 497 5465 τοῦ
540 5412 638 5481 τῆς
662 5410 843 5474 οὐσίας
873 5411 1152 5480 ὀνόματος.
1216 5409 1554 5480 Σαιρέστερος
1588 5407 1645 5460 δὲ
1688 5408 1881 5476 γένοιτ’
1914 5408 1980 5463 ἂν

403 5502 539 5571 ἡμῖν
582 5500 687 5553 ὐπὸ
720 5498 831 5552 τῶν
868 5498 1282 5569 ὑποδειγμάτων
1317 5500 1346 5552 ὁ
1382 5498 1555 5568 λόγος.
1606 5494 1770 5553 Εἶπεν
1817 5501 1874 5553 ὲν
1902 5499 1979 5571 τῷ

478 5610 526 5642 ³³
560 5610 753 5665 Matth.
785 5624 868 5674 ιιι,
904 5609 990 5675 l7;
1028 5625 1162 5672 xvu,
1187 5609 1242 5664 5.

482 5704 562 5777 (a)
585 5703 686 5760 llic
709 5711 844 5775 puto
875 5703 1046 5757 multa
1072 5701 1283 5759 deesse.

2011 4547 2052 4601 D

2054 1949 2256 2016 veniri,
2296 1965 2362 2006 ex
2379 1950 2642 2005 ambobus
2665 1951 2809 2020 quod
2828 1958 2909 2005 est
2928 1949 3155 2019 impium
3177 1955 3230 2002 et
3254 1945 3631 2015 blasphemum

2054 2041 2365 2112 repudiare,
2399 2041 2546 2110 quod
2594 2038 2899 2096 secundum
2931 2046 3238 2093 creaturam
3271 2042 3326 2091 et
3356 2033 3634 2088 iacturam

2052 2131 2275 2187 estdico
2294 2148 2308 2197 ;
2327 2129 2581 2186 assentiri
2607 2138 2788 2184 autem
2807 2129 2906 2185 soli
2936 2128 3000 2182 ad
3021 2127 3275 2198 pietatem
3297 2121 3565 2195 spectanti
3585 2127 3639 2175 et

2054 2223 2352 2286 conﬁtenti,
2403 2221 2548 2292 quod
2600 2220 2903 2276 secundum
2926 2227 3178 2273 naturam
3218 2215 3322 2286 ipsi
3358 2213 3638 2284 unigenito

2056 2312 2164 2369 Deo
2224 2313 2321 2367 ﬁlii
2353 2313 2644 2383 appellatio
2684 2311 2963 2380 competit,
2995 2317 3054 2363 ut
3089 2308 3254 2373 etiam
3287 2304 3637 2360 inimicorum

2056 2418 2188 2460 voce
2229 2404 2448 2473 pietatis
2484 2418 2666 2457 sermo
2704 2400 3062 2455 conﬁrmetur
3098 2408 3153 2452 ct
3181 2407 3480 2452 asscratur.

2125 2492 2374 2565 Repetito
2431 2502 2609 2548 autem
2672 2492 2844 2561 ipsius
2907 2508 3067 2560 quem
3119 2490 3188 2542 ali
3247 2488 3404 2542 initio
3466 2498 3639 2555 appo-

2057 2584 2141 2639 sui
2202 2598 2484 2638 sermone:
2574 2580 2838 2649 Cem‘tum,
2905 2582 3100 2651 inquit,
3168 2576 3361 2634 Filium
3399 2592 3532 2637 esse,
3590 2581 3641 2628 et

2055 2690 2304 2744 gennema
2335 2673 2440 2727 sive
2464 2674 2757 2742 progeniem
2786 2672 2959 2724 dicere
2985 2687 3085 2723 non
3103 2672 3110 2678 ’
3131 2684 3432 2722 recusamus
3463 2682 3482 2720 :
3522 2681 3641 2718 cum

2056 2766 2172 2832 ipsa
2221 2764 2398 2834 genita
2435 2765 2663 2818 essentia
2695 2804 2708 2825 ,
2771 2771 2820 2816 et
2870 2761 2971 2830 ﬁlii
3020 2758 3306 2828 appellatio
3354 2757 3511 2810 talem
3550 2771 3645 2807 no-

2057 2857 2258 2910 minam
2283 2855 2593 2909 relationem
2623 2852 2726 2908 sibi
2765 2852 3030 2906 vindicare
3081 2850 3269 2920 possit.
3336 2847 3413 2902 Eo
3461 2862 3637 2917 usque

2058 2946 2302 3016 quidem,
2342 2946 2435 3016 qui
2484 2961 2609 3000 cum
2646 2943 2857 3014 judicio
2904 2959 2967 2997 ea
3001 2956 3121 3012 qua:
3162 2940 3425 2995 dicuntur
3472 2939 3643 2999 audit,

2061 3038 2225 3108 hujus
2252 3038 2581 3100 meminerit,
2619 3036 2763 3106 quod
2816 3034 3054 3106 genitam
3079 3031 3377 3087 essentiam
3405 3029 3558 3092 dicit,
3589 3038 3647 3083 ut

2061 3129 2171 3185 non
2202 3129 2710 3198 ampliusnaturam
2739 3124 3111 3195 generationis
3157 3128 3435 3191 expertem
3471 3135 3649 3190 neque

2063 3220 2472 3293 generationem
2524 3233 2621 3288 pro
2649 3217 2765 3286 ipsa
2793 3216 3034 3271 essentia
3082 3228 3400 3278 sumamus;
3435 3212 3528 3267 sed
3559 3226 3650 3266 se-

2064 3312 2295 3384 paratim
2343 3310 2562 3381 quidem
2608 3296 2927 3375 cssenliam,
2972 3306 3264 3378 separatim
3301 3320 3431 3359 vero
3478 3305 3648 3373 ipsam

2064 3404 2302 3475 genitam
2357 3417 2501 3465 esse,
2554 3402 2636 3457 rel
2681 3418 2787 3455 non
2843 3402 3102 3472 genitam,
3156 3415 3250 3469 per
3291 3396 3652 3468 proprietates

2064 3511 2186 3566 quae
2209 3495 2265 3550 in
2296 3494 2416 3564 ipsa
2442 3494 2881 3571 conspiciuntur,
2922 3491 3311 3560 intelligamus.
3353 3488 3459 3543 Sed
3490 3502 3652 3541 necu-

2065 3586 2241 3641 ratius
2283 3585 2351 3640 de
2391 3585 2496 3641 hoc
2545 3599 2855 3640 sermonem
2892 3582 3324 3636 consideremus.
3355 3578 3652 3632 Essentiam

2067 3678 2295 3745 genitam
2317 3693 2429 3731 esse
2460 3675 2616 3740 dicit,
2654 3673 2858 3728 Filium
2896 3690 3013 3728 vero
3051 3673 3291 3727 essentia:
3328 3671 3518 3742 genita:
3543 3686 3654 3724 esse

2069 3785 2277 3823 nomen.
2327 3766 2433 3823 Sed
2479 3768 2533 3822 in
2571 3767 2659 3821 his
2690 3767 2785 3837 qui
2836 3774 3026 3821 noster
3067 3773 3153 3819 est
3202 3778 3402 3830 sermo,
3437 3761 3654 3816 duobus

2069 3860 2365 3917 contrariis
2395 3867 2585 3931 arguet
2618 3874 2929 3914 sermonem
2967 3876 2980 3911 :
3023 3873 3131 3911 uno
3180 3855 3398 3925 quidem
3446 3853 3652 3923 impro-

2072 3954 2259 4009 bitatis
2306 3953 2422 4008 sive
2467 3952 2687 4005 malitia:
2717 3958 3015 4005 conatum:
3073 3948 3245 4002 altero
3287 3960 3415 4000 vero
3460 3952 3652 3998 contra

2073 4063 2174 4103 nos
2213 4045 2544 4101 incursionis
2578 4044 3026 4098 imbecillitatem.
3075 4040 3308 4109 Maligne
3338 4036 3483 4092 enim
3519 4035 3651 4105 agit,

2073 4138 2202 4192 dum
2243 4138 2376 4192 dicit
2418 4136 2826 4208 generationem
2866 4134 3139 4194 essentiae,
3183 4140 3243 4185 ut
3290 4128 3652 4185 essentiarum

2074 4229 2215 4282 inter
2239 4244 2296 4283 se
2316 4229 2752 4281 contrarietatem
2784 4232 3014 4289 astruat,
3048 4223 3175 4277 dum
3211 4235 3304 4275 eas
3330 4220 3383 4272 in
3415 4218 3466 4272 id
3507 4215 3650 4286 quod

2074 4318 2314 4389 genitum
2347 4325 2433 4373 est
2466 4327 2525 4370 et
2570 4333 2680 4371 non
2728 4317 2994 4386 genitum,
3034 4313 3102 4367 ad
3150 4309 3514 4366 diﬁ‘ereutiam
3556 4321 3645 4361 na-

2078 4401 2236 4473 turae,
2266 4406 2480 4460 dividit.
2513 4405 2776 4474 Arguitur
2813 4403 2977 4457 etiam
3025 4398 3398 4471 aggressionis
3441 4410 3554 4451 suae
3599 4394 3651 4448 in

2080 4511 2180 4550 nos
2210 4494 2576 4554 imbecillitas,
2605 4507 2699 4562 per
2728 4492 2960 4560 ipsamet
2994 4504 3115 4558 quae
3143 4487 3264 4557 ejus
3295 4485 3500 4540 malitia
3540 4497 3655 4537 mo-

2081 4589 2232 4643 litur.
2266 4585 2368 4652 Qui
2391 4584 2536 4640 enim
2566 4582 2860 4639 essentiam
2897 4580 3133 4651 genitam
3166 4593 3287 4634 esse
3316 4577 3474 4639 dixit,
3507 4574 3651 4629 aliud

2080 4678 2341 4749 quiddam
2410 4690 2533 4729 esse
2615 4666 3286 4745 generationem'prazter
3357 4665 3654 4721 essentiam

2082 4779 2270 4842 aperte
2296 4768 2512 4832 deﬁnit;
2549 4766 2621 4821 ita
2648 4775 2706 4821 ut
2746 4765 2888 4835 quod
2932 4760 3302 4835 generationis
3331 4758 3551 4813 nomine
3582 4758 3650 4811 si-

2082 4863 2393 4934 gniﬁcatur,
2455 4877 2564 4916 non
2615 4858 2868 4915 essentia:
2922 4855 3119 4909 rationi
3177 4852 3484 4907 conveniat.
3534 4847 3653 4903 Non

2082 4930 2229 5010 enim
2272 4951 2415 5022 quod
2455 4951 2510 5006 in
2556 4949 2743 5004 multis
2784 4946 3040 5008 astruxit,
3090 4944 3194 4999 hoc
3243 4942 3406 4997 etiam
3448 4940 3505 4994 in
3551 4930 3657 4991 hac

2088 5052 2242 5114 parte
2276 5042 2434 5099 fecit:
2469 5045 2542 5096 ita
2569 5049 2627 5096 ut
2655 5039 2801 5093 dicat
2824 5037 2997 5107 ipsam
3024 5034 3318 5091 essentiam
3342 5046 3463 5087 esse
3492 5042 3656 5099 gene-

2086 5138 2377 5198 rationem,
2411 5132 2507 5189 sed
2552 5131 2791 5202 genitam
2831 5141 2955 5182 esse
2988 5124 3282 5180 conﬁtetur
3325 5116 3651 5202 essentiam:
3691 5171 3694 5174 ,

2085 5229 2160 5281 ita
2189 5234 2247 5281 ut
2276 5240 2372 5297 per
2414 5200 2702 5293 utramque
2750 5233 2937 5274 vocem
2976 5216 3231 5273 distincta
3263 5211 3410 5265 notio
3456 5200 3656 5297 animis

2086 5317 2420 5373 audientium
2455 5292 2825 5386 ingeneretur.
2857 5309 2978 5363 Alia
2995 5308 3142 5364 enim
3173 5301 3325 5358 notio
3351 5292 3656 5386 concipitur

2086 5408 2142 5462 in
2179 5409 2360 5462 animo
2402 5380 2543 5476 ejus.
2567 5404 2660 5474 qui
2715 5401 2886 5463 audit,
2932 5395 3079 5466 quod
3129 5390 3345 5462 genitus
3395 5390 3516 5439 est:
3551 5380 3654 5435 alia

2086 5514 2216 5556 vero
2257 5514 2350 5570 per
2386 5495 2637 5554 essentia:
2670 5506 2889 5549 nomen.
2930 5487 3035 5539 Sed
3081 5477 3451 5547 exetuplorum
3499 5487 3656 5545 appo-
