4054 6150
0 1928 92 2096 ἔ

0 2136 68 2304 ἓ

0 2303 70 2468 Ξ

0 2820 73 2948 ,ξξ

0 2739 72 2764 ,1.

15 2775 70 2798 ’⁸-

9 2820 72 2844 η.

15 2847 36 2862 ε

0 2859 72 2908 ..³

1 2923 18 2962 .'
43 2927 70 2948 η

11 2983 14 2986 _
53 2961 70 2980 ο

0 2995 72 3044 ιυξ

0 3123 33 3142 ⁸.

0 3154 30 3168 ι..

0 3171 72 3222 ..³

0 3544 70 3684 6;;

533 240 630 294 591
1760 243 1818 296 S.
1897 240 2222 297 GRECORII
2257 241 2552 298 NYSSEM
3664 241 3770 297 59‘!

531 356 728 410 sitione
756 353 1042 408 dilucidior
1075 353 1229 406 nobis
1277 353 1362 409 fiet
1403 370 1604 411 sermo.
1659 355 1793 411 Dicit
1837 360 1887 411 in
1925 359 2083 412 Evan-

2204 358 2514 425 Εὐαγγελίῳ
2540 360 2567 411 ὀ
2596 356 2816 428 Κύριος,
2841 359 2921 410 ὅτι
2951 353 3413 427 προσεγγιζούσης
3433 354 3531 424 τῆς
3560 351 3767 419 ὠδῖνος,

532 467 562 516 g
586 452 672 499 ~iio
725 447 980 499 Dominus
1017 445 1080 506 ’⁵,
1116 446 1258 514 quod
1310 447 1705 517 propinquante
1746 460 1932 517 partus
1971 467 2094 503 cru-

532 542 697 600 «intu,
729 539 922 592 mulier
969 546 1053 592 est
1097 538 1149 591 iu
1190 539 1400 603 dolore,
1452 541 1564 594 sive
1597 539 1874 597 tristitiam
1897 542 2087 598 habet:

530 639 715 697 postea
746 645 869 682 vero
897 631 1154 699 gaudium
1191 630 1406 699 gaudet,
1448 635 1573 700 quia
1606 641 1764 685 natus
1808 642 1892 687 est
1937 633 2096 686 homo

530 719 834 774 inmundo.
873 718 940 772 Ut
983 719 1146 788 igitur
1189 720 1240 772 in
1295 721 1394 772 hac
1448 729 1599 787 parte
1651 718 1756 771 duo
1815 734 1973 772 sensa
2029 719 2097 772 ab

529 810 819 878 Evangelia
843 811 1077 866 disrreta
1106 811 1401 874 discimus,
1429 828 1594 865 unmn
1620 810 1854 880 quidem.
1884 819 2094 880 partum

527 917 684 970 quem
715 917 808 971 per
837 905 1239 970 generationem
1277 903 1672 967 intelleximus;
1710 903 1935 957 alterum
1966 916 2096 955 vero

527 994 756 1061 idipsum
809 993 951 1061 quod
987 993 1041 1045 fit
1077 1008 1141 1045 ex
1181 1001 1336 1060 partu
1376 1011 1388 1046 :
1440 1007 1548 1045 non
1590 994 1735 1046 enim
1785 999 1970 1060 partus
2011 998 2095 1045 est

527 1083 706 1145 lmmn,
749 1084 840 1137 sed
894 1100 989 1152 per
1015 1091 1226 1153 partum
1261 1084 1451 1137 homo:
1481 1084 1561 1137 sic
1605 1095 1656 1136 et
1700 1082 1752 1134 in
1799 1081 1900 1136 hoc
1949 1081 2092 1146 loco,

523 1189 644 1226 eum
680 1174 978 1228 Eunomius
1004 1177 1338 1230 concesserit
1369 1175 1606 1243 genitam
1635 1189 1756 1227 esse
1777 1174 2091 1236 essentiam,

527 1266 691 1333 priori
726 1266 942 1334 quidem
977 1267 1143 1319 verbo
1177 1265 1318 1334 quod
1359 1281 1424 1319 ex
1455 1265 1636 1334 aliquo
1669 1271 1751 1318 est
1774 1263 1949 1317 edocti
1998 1281 2095 1318 su-

526 1372 646 1410 mus
672 1375 684 1410 :
719 1364 977 1425 sequente
1009 1371 1136 1409 vero
1162 1356 1336 1425 ipsum
1363 1355 1666 1422 subjectum
1699 1353 2090 1416 intelleximus,

523 1445 609 1496 eui
642 1460 705 1498 ex
750 1445 932 1513 aliquo
965 1451 1050 1498 est
1088 1445 1460 1498 subsistentia.
1513 1442 1566 1496 Si
1608 1443 1771 1512 igitur
1821 1442 1967 1495 aliud
2008 1450 2092 1495 est

521 1535 773 1588 essentia:
815 1534 1196 1603 significatum,
1225 1534 1380 1596 ,aliud
1408 1549 1536 1587 vero
1579 1550 1682 1587 vox
1724 1533 2090 1602 generationis

520 1625 822 1693 intelligere
853 1610 1128 1692 supponit,
1161 1623 1320 1677 docta
1360 1631 1666 1676 commenta
1700 1622 1832 1691 ipsis
1869 1629 2091 1690 repente

520 1721 864 1773 corruerunt,
899 1715 1042 1767 velut
1089 1713 1277 1767 frivola
1309 1728 1436 1767 vasa
1472 1712 1655 1765 fictilia
1685 1711 1894 1775 collisa,
1928 1719 2090 1779 atque
2123 1693 2164 1750 Β

521 1807 663 1859 inter
697 1821 753 1859 se
787 1805 1088 1861 confracta.
1145 1804 1262 1857 Non
1310 1805 1453 1858 enim
1501 1803 1733 1872 amplius
1780 1802 1860 1856 eis
1908 1801 2089 1855 licebit

517 1897 680 1966 geniti
715 1911 837 1949 cum
883 1897 1125 1964 ingenito
1157 1894 1512 1950 differentiam
1560 1894 1615 1946 in
1654 1891 1776 1946 Filii
1826 1899 1878 1946 et
1912 1890 2088 1946 Patris

518 1991 787 2040 essentias
833 1985 1314 2048 transferentibus,
1369 1986 1531 2040 simul
1577 1984 1644 2038 ad
1680 2000 1768 2038 res
1804 1984 2086 2037 nominum

519 2081 662 2132 inter
709 2094 768 2132 se
825 2079 1244 2148 repugnantiam
1291 2077 1612 2131 transferre.
1656 2077 1793 2130 Cum
1833 2077 1977 2130 enim
2021 2075 2088 2129 ab

520 2171 784 2224 Eunomio
815 2171 884 2225 sit
922 2185 1244 2224 concessum
1293 2170 1530 2239 genitam
1579 2183 1700 2221 esse.
1747 2167 2044 2221 essentiam
2069 2203 2083 2227 ,

516 2262 972 2333 quemadmodum
1004 2261 1309 2330 exemplum
1343 2259 1728 2329 Evangelicum
1767 2259 1911 2311 hunc
1958 2272 2086 2311 sen-

514 2371 636 2409 sum
671 2355 938 2424 explicat,
973 2354 1026 2407 in
1071 2368 1179 2422 quo
1227 2351 1506 2405 hominem
1552 2360 1737 2403 natum
1791 2363 1912 2402 esse
1960 2363 2084 2403 cum

514 2447 838 2509 didicimus,
877 2463 983 2499 non
1032 2446 1303 2500 hominem
1359 2443 1502 2497 idem
1562 2456 1682 2496 esse
1747 2456 1870 2494 cum
1919 2455 2085 2511 gene-

516 2542 727 2595 ratione
782 2539 1185 2600 intelleximus,
1241 2535 1335 2590 sed
1393 2534 1672 2603 propriam
1735 2533 1792 2586 in
1855 2540 2085 2602 utroque

514 2634 734 2686 nurnine,
773 2632 1048 2685 notionem
1100 2625 1645 2696 comprehendimus,
1690 2639 1800 2702 non
1847 2625 2082 2693 amplius

515 2726 690 2776 locum
741 2721 960 2774 habebit
1019 2718 1243 2772 Interesis
1293 2732 1413 2785 quae
1461 2732 1556 2785 per
1602 2716 1870 2785 ejusmodi
1919 2731 2082 2771 voces

513 2816 878 2870 essentiarum
910 2812 1281 2865 diversitatem
1311 2824 1412 2862 suo
1445 2808 1696 2879 dogmate
1725 2807 1988 2863 decernit.

585 2904 652 2959 Ut
680 2917 858 2958 autem
891 2901 1234 2954 manifestius
1280 2899 1437 2953 nobis
1487 2899 1554 2954 de
1600 2899 1685 2955 his
1714 2915 1896 2954 sermo
1926 2915 2078 2955 reve-

515 3002 672 3062 letur,
702 2998 780 3052 sic
814 3008 1007 3048 rursus
1055 2993 1195 3062 quod
1229 2992 1552 3062 proponitur
1582 2990 1902 3047 diducamus
1929 3005 1946 3045 :
1975 2990 2080 3044 Na-
2106 3022 2148 3079 ϐ

510 3101 687 3145 turam
715 3090 1004 3142 humanam
1038 3100 1066 3137 a
1096 3083 1368 3154 principio
1390 3097 1512 3136 cum
1544 3083 1797 3138 omnibus
1833 3081 1954 3136 fecit
1984 3082 2074 3136 ille

509 3183 601 3253 qui
637 3181 952 3235 universum
1003 3174 1279 3237 condidit,
1334 3189 1398 3228 ac
1437 3184 1722 3244 postquam
1768 3173 1946 3228 factus
1995 3179 2079 3227 est

509 3274 714 3336 Adam,
745 3279 878 3324 tunc
913 3268 1314 3339 generationem
1349 3281 1471 3335 quae
1514 3265 1570 3318 fit
1607 3281 1672 3319 ex
1717 3272 1904 3318 mutuo
1930 3279 2081 3318 com-

511 3367 668 3435 plexu
713 3359 1023 3416 hominibus
1070 3358 1342 3419 instituit,
1387 3372 1510 3410 cum
1543 3356 1720 3421 dixit,
1760 3355 1994 3410 Crescite
2013 3365 2073 3409 .et

507 3451 935 3523 multiplicamini
971 3451 1036 3500 ⁸⁸.
1073 3447 1208 3501 Cum
1243 3448 1408 3516 igitur
1453 3448 1585 3502 Abel
1630 3462 1726 3516 per
1770 3449 2076 3517 generatio.

509 3564 629 3601 nem
662 3544 940 3602 substitit,
971 3540 1094 3608 quis
1122 3553 1270 3592 sanae
1299 3539 1498 3592 mentis
1530 3553 1754 3608 compos
1785 3556 1892 3593 non
1921 3539 2076 3595 dixe-

507 3641 609 3698 rit.
641 3636 942 3692 secundmn
979 3636 1120 3690 idem
1161 3635 1412 3688 humana:
1456 3631 1825 3700 generationis
1867 3631 2074 3701 signifi-

506 3737 724 3790 catum,
767 3728 972 3796 absque
1012 3725 1363 3796 generatione
1409 3724 1674 3777 Adamum
1719 3723 2075 3780 substitisse?

508 3821 756 3873 Attamen
802 3819 1010 3888 primus
1061 3818 1222 3872 homo
1271 3824 1442 3869 totum
1493 3815 1548 3868 in
1594 3814 1774 3884 seipse
1825 3814 2076 3870 humanae

508 3910 758 3966 essentia:
783 3909 1072 3964 terminum
1102 3908 1291 3962 habuit
1320 3927 1332 3960 :
1361 3915 1414 3960 et
1448 3905 1539 3975 qui
1569 3921 1634 3960 ex
1666 3906 1758 3960 illo
1785 3915 2074 3976 generatus

509 4011 627 4066 est,
659 4001 910 4057 similiter
943 4001 996 4055 in
1040 3999 1232 4055 eadem
1276 3999 1529 4054 essentia:
1573 3999 1783 4053 ratione
1832 3999 2074 4054 subscri-

443 4131 446 4133 -
507 4093 672 4146 bitur.
720 4091 874 4157 Quod
916 4091 960 4145 si
1002 4093 1182 4160 genita
1214 4089 1456 4144 essentia
1482 4088 1726 4153 diversa,
1761 4088 1828 4143 ab
1857 4104 1920 4143 ea
1953 4105 2074 4158 qua:

503 4183 681 4252 genita
730 4197 838 4235 non
869 4188 953 4235 est
982 4187 1416 4242 construeretur,
1446 4193 1554 4232 non
1587 4178 1834 4247 utrisque
1883 4179 2070 4232 eadem

502 4274 754 4328 essentia:
787 4274 928 4327 ratio
956 4276 1308 4340 competeret.
1358 4269 1600 4334 Quorum
1643 4269 1787 4323 enim
1833 4269 2070 4324 essentia

2199 451 2254 501 ὲν
2280 449 2421 518 λύπη
2452 448 2656 515 γίνεται
2691 451 2722 517 ἡ
2758 451 2890 518 γυνή
2917 463 2929 477 '
2998 447 3134 516 μετά
3169 445 3338 500 ταῦτα
3365 446 3421 498 δὲ
3450 447 3623 515 χαρὰν
3653 451 3770 514 χαι⁹

2202 558 2302 610 ρει,
2327 541 2406 594 ὅτι
2432 539 2691 610 ἐγεννήθη
2715 540 2996 607 ἄνθρωπος
3018 540 3095 600 είς
3119 538 3206 590 τὸν
3229 537 3449 607 κόσμον.
3487 537 3571 598 Ὠς
3591 538 3770 589 τοίνυν

2197 635 2254 684 ἐν
2286 632 2363 702 τῷ
2399 633 2552 703 μέρει
2580 631 2752 702 τούτῳ
2780 631 2872 683 δύο
2915 631 3161 698 νοήματα
3203 629 3592 698 διακεκριμένα
3619 630 3769 699 παρὰ

2197 722 2293 777 τοῦ
2323 723 2652 791 Εὐαγγελίου
2682 721 3046 790 μανθάνομεν,
3074 719 3130 773 ἓν
3162 721 3279 787 μὲν,
3312 720 3398 771 τὸν
3423 719 3579 772 τόκον
3604 720 3662 774 ὃν
3683 723 3768 775 διά

2196 817 2292 883 τῆς
2315 815 2617 884 γεννήσεως
2648 815 2974 883 ὲνοήσαμεν’
3015 811 3204 881 ἕτερον
3234 811 3288 865 δὲ
3322 811 3456 864 αὐτὸ
3490 811 3551 863 τὸ
3583 815 3645 864 ὲκ
3673 813 3767 866 τοῦ

2194 906 2353 958 τόκου
2383 905 2661 973 γινόμενον
2692 919 2707 933 ο
2751 904 2810 956 οὐ
2838 903 2945 970 γὰρ
2978 905 3004 954 6
3031 902 3184 968 τόκος
3223 901 3370 954 ἐστὶν
3402 905 3430 954 6
3463 901 3765 973 ἄνθρωπος,

2195 994 2328 1047 ἀλλὰ
2358 995 2444 1047 διὰ
2483 993 2575 1046 τοῦ
2603 994 2760 1046 τόκου
2793 995 2820 1045 ὀ
2842 992 3146 1062 ἄνθρωπος’
3208 992 3348 1044 οὕτω
3388 992 3482 1045 καὶ
3514 992 3765 1055 ἐνταῦθα,

2194 1087 2288 1138 τοῦ
2327 1085 2587 1154 Εὐνομίου
2611 1085 2934 1155 γεννηθῆναι
2961 1086 3058 1154 τὴν
3087 1085 3273 1136 οὐσίαν
3305 1083 3763 1154 ὁμολογήσαντος·

2194 1177 2271 1248 τῷ
2306 1177 2403 1247 μὲν
2443 1177 2736 1247 προάγοντι
2781 1179 2982 1246 ῥήματι
3013 1177 3072 1228 τὸ
3116 1176 3179 1228 ἐκ
3222 1193 3366 1239 τινος
3391 1176 3762 1246 ἐδιδάχθημεν,

2195 1271 2272 1340 τῷ
2301 1271 2357 1323 δὲ
2385 1271 2601 1338 ἐφεξῆς,
2631 1269 2762 1321 αὐτὸ
2786 1269 2845 1320 τὸ
2876 1268 3232 1337 ὑποκείμενον
3261 1267 3588 1338 ὲνοήσαμεν,
3621 1261 3665 1334 ᾧ
3704 1268 3766 1319 ἐκ

2193 1363 2285 1414 τοῦ
2314 1362 2456 1436 τινός
2503 1365 2646 1414 ἐστιν
2671 1364 2703 1430 ὴ
2758 1361 3067 1422 ὑπόστασις.
3119 1361 3180 1411 Εἰ
3227 1353 3318 1412 οὖν
3357 1358 3484 1413 ἄλλο
3511 1359 3624 1428 ’μέν
3652 1359 3764 1410 ἐστι

2192 1457 2290 1524 τῆς
2315 1455 2498 1516 οὐσίας
2532 1454 2590 1506 τὸ
2626 1453 3045 1522 σημαινόμενον’
3112 1452 3296 1522 ἕτερον
3347 1452 3402 1504 δὲ
3442 1454 3475 1522 ή
3517 1451 3616 1519 τῆς
3641 1468 3764 1515 γεν-

2193 1547 2397 1614 νήσεως
2431 1545 2581 1614 φωνὴ
2611 1547 2753 1597 νοεῖν
2785 1543 3115 1604 ὑποτίθεται,
3147 1543 3524 1595 διαπέπτωκεν
3555 1540 3766 1609 ἀθρόως

2193 1634 2376 1696 αὐτοῖς
2402 1634 2470 1685 τὰ
2500 1631 2636 1701 σοιρά
2657 1633 3046 1702 μηχανήματα,
3065 1629 3252 1700 ὥσπερ
3273 1629 3568 1700 ὀστράκινα
3598 1628 3762 1699 σκεύη

2190 1725 2436 1796 ἀλλήλοις
2462 1723 2853 1795 προσαχθέντα,
2880 1723 2971 1776 καὶ
2992 1723 3058 1776 δι’
3081 1723 3322 1794 ἀλλήλων
3347 1721 3757 1791 διατρυφθέντα.

2190 1816 2384 1870 Οὐκέτι
2417 1815 2523 1885 γὰρ
2557 1817 2736 1879 αὐτοῖς
2763 1813 2972 1880 ἐξέσται
2996 1817 3094 1886 τὴν
3121 1813 3213 1868 τοῦ
3239 1814 3495 1884 γεννητοῦ
3535 1814 3670 1884 πρὸς
3706 1815 3766 1866 τὸ

2189 1905 2478 1976 ἀγέννητον
2502 1905 2780 1974 διαστολὴν
2799 1906 2892 1957 ἐπὶ
2913 1905 3010 1974 τῆς
3031 1903 3124 1957 τοῦ
3152 1903 3279 1956 Υίοῦ
3309 1905 3402 1956 καὶ
3430 1902 3522 1956 τοῦ
3557 1905 3764 1974 [ἰατρὸς

2188 1994 2374 2056 οὐσίας
2394 1995 2808 2064 μεταφέρουσιν,
2825 1994 3264 2064 συμμεταφέρειν
3281 1995 3372 2046 ἐπὶ
3385 1992 3453 2046 τά
3469 1993 3764 2063 πράγματα

2188 2081 2285 2152 τὴν
2315 2082 2665 2158 προσάλληλα
2697 2081 2806 2134 τῶν
2839 2083 3115 2152 ὀνομάτων
3139 2083 3336 2152 μάχην.
3381 2081 3762 2151 Ὀμολογηθέν-

2187 2189 2276 2235 τος
2302 2172 2409 2242 γὰρ
2444 2173 2592 2243 παρά
2632 2173 2725 2225 τοῦ
2756 2173 3018 2243 Εὐνομίου
3065 2173 3144 2225 ὅτι
3199 2172 3464 2244 ἐγεννήθη
3501 2173 3535 2242 ἡ
3585 2173 3760 2236 οὐσία,

2189 2263 2368 2326 καθὼς
2418 2265 2510 2317 καὶ
2554 2263 2614 2316 τὸ
2661 2263 3010 2332 εὐαγγελικόν
3043 2263 3343 2334 ὑπόδειγμα
3375 2264 3472 2334 τὴν
3510 2263 3761 2332 τοιαύτην

2188 2353 2476 2425 ἐρμηνεύει
2497 2353 2752 2412 διάνοιαν,
2774 2357 2828 2404 ἐν
2843 2347 2887 2420 ᾧ
2912 2352 2999 2405 τὸν
3017 2351 3299 2422 ἄνθρωπον
3317 2352 3640 2421 γεννηθῆναι
3663 2370 3761 2421 μα-

2187 2445 2387 2506 θόντες,
2417 2444 2476 2496 οὐ
2507 2443 2698 2496 ταύτὸν
2731 2445 3028 2513 ὲνοήσαμεν
3057 2445 3120 2512 τῇ
3155 2444 3403 2512 γεννήσει
3433 2443 3519 2494 τὸν
3552 2442 3758 2513 ἄνθρω-

2187 2550 2307 2595 πον,
2341 2532 2452 2584 ἀλλ’
2478 2531 2605 2584 ἴδιον
2632 2532 2714 2598 ἐφ’
2744 2530 3002 2599 ἐκατέρου
3024 2529 3130 2581 τῶν
3159 2528 3435 2598 ὀνομάτων
3466 2527 3760 2596 ἐδεξάμεθα

2186 2627 2382 2696 νόημα,
2411 2624 2590 2677 οὐκέτι
2617 2623 2798 2695 χώραν
2828 2622 2937 2686 ἕξει
2970 2622 3184 2685 πάντως
3217 2623 3249 2690 ἡ
3284 2623 3493 2691 αἵρεσις
3525 2620 3620 2692 τὴν
3656 2623 3761 2674 ἐτε-

2188 2718 2384 2788 ρότήτα
2412 2715 2517 2768 τῶν
2546 2714 2738 2767 οὐσιῶν
2771 2713 2859 2768 διὰ
2885 2713 2994 2766 τῶν
3033 2712 3288 2766 τοιούτων
3339 2712 3529 2780 φωνῶν
3556 2713 3758 2782 δογμα-

2182 2808 2424 2871 τίζουσα.

2264 2898 2350 2959 Ὠς
2381 2897 2423 2950 δ’
2452 2897 2517 2950 ἂν
2549 2895 2779 2966 μάλιστα
2813 2895 3138 2963 σαφέστερον
3170 2894 3299 2963 ἡμῖν
3327 2895 3354 2945 ὁ
3396 2893 3520 2962 περὶ
3556 2893 3758 2947 τούτων

2181 2989 2336 3058 λόγος
2375 2988 2778 3058 ἐκκαλυφθείη,
2837 2988 3035 3040 οὑτωσὶ
3084 2986 3144 3038 τὸ
3196 2985 3552 3055 προκείμενον
3599 2988 3757 3040 πάλιν

2181 3081 2600 3153 διαληψώμεθαο
2631 3079 2880 3148 Ἐποίησε
2925 3077 3021 3148 τὴν
3050 3076 3394 3148 ἀνθρωπίνην
3443 3077 3601 3144 φύσιν
3636 3076 3784 3132 κατ”

2179 3172 2349 3243 ἀρχὰς
2370 3171 2506 3242 μετά
2537 3171 2752 3224 πάντων
2780 3171 2806 3221 6
2833 3168 2892 3241 τὸ
2912 3171 3019 3221 πᾶν
3047 3167 3473 3238 συστησάμενος,
3500 3170 3594 3221 καὶ
3622 3172 3757 3239 μετά

2179 3263 2238 3314 τὸ
2275 3261 2526 3330 γενέσθαι
2551 3259 2640 3312 τὸν
2674 3258 2860 3329 ’Λδάμ,
2892 3259 3010 3310 τότε
3043 3256 3138 3327 τὴν
3160 3256 3217 3322 ἐξ
3246 3256 3488 3328 ἀλλήλων
3508 3259 3754 3330 γέννησιν

2177 3355 2290 3415 τοῖς
2340 3349 2645 3422 ἀνθρώποις
2687 3349 3110 3420 ἐνομοθέτησεν,
3169 3347 3368 3412 εἰπὼν,
3410 3349 3754 3412 Αὑξάνεσθε

2179 3443 2280 3497 καὶ
2313 3437 2714 3510 πληθύνεσθε.
2771 3440 2878 3492 Τοῦ
2909 3440 3085 3493 τοίνυν
3126 3439 3283 3491 Ἀὄὲλ
3317 3440 3752 3516 γεννητῶςέὺποοι

2181 3534 2421 3596 στάντος,
2449 3531 2530 3596 τίς
2576 3532 2676 3585 οὐκ
2705 3530 2768 3584 ἂν
2807 3531 2951 3584 εἴποι
2983 3531 3090 3582 τῶν
3113 3525 3172 3582 εὖ
3221 3530 3579 3600 φρονούντων,
3634 3535 3752 3585 κατ’

2177 3624 2309 3678 αὐτὸ
2353 3625 2412 3677 τὸ
2463 3624 2560 3694 τῆς
2599 3623 2945 3696 ἀνθρωπίνης
2990 3624 3294 3692 γεννήσεως
3338 3623 3748 3693 σημαινόμενον,

2176 3719 2484 3787 ἀγεννήτως
2514 3717 2603 3770 τὸν
2643 3715 2813 3787 Ἀδάμ
2861 3717 3190 3786 ὑποστῆναις
3233 3715 3394 3769 ’Λλλὰ
3422 3715 3528 3787 μὴν
3549 3718 3576 3770 6
3605 3715 3749 3786 πρῶ-

2176 3826 2266 3872 τος
2299 3809 2606 3880 ἄνθρωπος,
2641 3809 2760 3862 ὅλον
2793 3809 2949 3879 ἔσχεν
2979 3809 3036 3860 ἐν
3070 3807 3246 3878 ἑαυτῷ
3279 3808 3380 3878 τῆς
3408 3807 3749 3878 ἀνθρωπίνης

2175 3902 2360 3964 οὐσίας
2380 3901 2469 3953 τὸν
2492 3901 2636 3972 ὅρον,
2659 3902 2753 3954 καὶ
2783 3901 2811 3952 6
2841 3899 2900 3964 ἐξ
2927 3901 3133 3952 ἐκείνου
3163 3899 3459 3970 γεννηθεὶς,
3492 3899 3748 3959 ὡσαύτως

2175 3994 2233 4044 ὲν
2276 3991 2523 4063 τῷαύτῷ
2563 3992 2662 4062 τῆς
2706 3992 2893 4055 οὐσίας
2935 3991 3312 4062 ὑπογράφεται
3362 3991 3526 4062 λόγῳ.
3583 3991 3646 4043 Εἰ
3692 3990 3746 4042 δὲ

2174 4083 2306 4152 ἄλλη
2338 4101 2421 4146 τις
2453 4085 2485 4154 ἡ
2525 4083 2843 4153 γεννηθεῖσα
2881 4083 3039 4136 οὐσία
3073 4083 3224 4154 παρὰ
3252 4083 3350 4153 τὴν
3376 4082 3448 4152 μὴ
3473 4081 3745 4150 γεννηθεῖ-

2175 4193 2273 4228 σαν
2293 4175 2740 4241 κατεσκευάζετο,
2765 4177 2864 4229 οὐκ
2885 4174 2949 4228 ἂν
2973 4175 3057 4227 ἐπ’
3079 4176 3400 4246 ἀμφοτέρων
3424 4176 3452 4226 6
3474 4174 3634 4236 αὐτὸς
3653 4173 3743 4240 τῆς

2173 4268 2358 4328 οὐσίας
2392 4267 2600 4337 ἥρμοσε
2652 4266 2826 4335 λόγος.
2893 4260 2992 4320 Ὧν
3033 4267 3141 4338 γὰρ
3194 4269 3226 4337 ἡ
3278 4267 3432 4319 οὐσία
3474 4267 3741 4336 διάφορος,

501 4364 712 4416 diversa
733 4403 748 4429 ,
799 4363 993 4414 borum
1030 4374 1136 4412 non
1171 4364 1253 4412 est
1281 4357 1466 4411 eadem
1502 4359 1754 4412 essentia:
1784 4359 1924 4411 ratio
1954 4360 2068 4413 sive

2184 4358 2379 4412 τούτων
2411 4358 2530 4411 οὐδὲ
2567 4360 2595 4412 6
2621 4358 2776 4428 λόγος
2805 4359 2949 4412 ἐστὶν
2977 4362 3004 4412 6
3034 4359 3194 4422 αὐτὸς
3217 4359 3316 4428 τῆς
3348 4358 3552 4420 οὐσίας.
3598 4358 3746 4411 Ἐπεὶ

501 4451 763 4504 definitio.
815 4449 1082 4515 Quoniam
1134 4448 1299 4517 igitur
1343 4446 1534 4500 iisdem
1581 4447 1896 4517 designatur
1943 4464 2070 4517 pro-

501 4540 823 4610 prietatibus
852 4546 906 4593 et
929 4553 991 4594 ea
1020 4553 1141 4608 qum
1165 4547 1249 4592 est
1275 4537 1433 4600 Adze,
1465 4546 1516 4592 et
1543 4553 1604 4591 ea
1633 4554 1753 4608 quae
1778 4547 1861 4594 est
1887 4540 2070 4596 Abelis
2109 4539 2113 4544 ’

499 4631 734 4684 essentia
761 4673 774 4694 ,
828 4643 1054 4683 necesse
1107 4635 1191 4682 est
1234 4629 1458 4681 omnino
1497 4632 1550 4680 in
1597 4628 1863 4682 ambobus
1905 4644 2068 4682 unam

499 4722 792 4776 essentiam
825 4735 946 4774 esse
975 4719 1221 4774 confiteri
1253 4736 1267 4772 :
1297 4719 1460 4772 alium
1494 4726 1673 4773 autem
1705 4728 1870 4789 atque
1901 4721 2066 4776 alium

503 4815 554 4866 in
590 4812 783 4866 eadem
817 4820 1011 4865 natura
1041 4811 1423 4866 demonstrari.
1454 4809 1588 4864 Nam
1636 4812 1806 4866 Adam
1853 4820 1908 4868 et
1935 4813 2065 4868 Abel

503 4906 554 4957 iu
589 4910 796 4957 naturae
829 4904 1038 4957 ratione
1073 4919 1215 4958 unus
1244 4901 1353 4956 duo
1378 4910 1540 4956 sunt:
1571 4903 1662 4958 sed
1690 4903 1741 4956 iu
1769 4907 2070 4976 proprieta-

502 4998 646 5052 tibus
676 5010 795 5063 quae
826 4994 879 5048 in
912 4994 1153 5061 ipsormn
1187 5000 1418 5062 utroque
1452 5001 1771 5058 cernuntur,
1811 4995 2066 5049 inconfu-

499 5105 619 5144 sum
657 5088 798 5141 inter
829 5101 888 5139 se
919 5085 1118 5142 habent
1149 5086 1461 5140 discrimen.
1506 5084 1622 5140 Non
1657 5087 1822 5158 igitur
1850 5089 2068 5158 proprie

497 5178 600 5232 dici
635 5185 841 5247 potest,
877 5173 1020 5245 quod
1052 5175 1222 5227 Adam
1267 5177 1559 5230 essentiam
1611 5193 1639 5230 a
1690 5179 1871 5246 seipso
1904 5180 2063 5232 aliam

498 5273 612 5324 sive
639 5269 911 5323 diversam
943 5265 1161 5335 genuit,
1200 5265 1292 5319 sed
1330 5267 1554 5331 melius,
1588 5268 1733 5334 quod
1776 5284 1840 5322 ex
1883 5269 2063 5337 seipso

497 5358 681 5427 genuit
711 5359 874 5410 alium
906 5356 1146 5424 seipsum
1175 5372 1187 5406 :
1221 5369 1342 5406 cum
1377 5369 1482 5420 quo
1509 5357 1686 5408 omnis
1711 5356 1829 5423 ejus
1860 5359 1948 5426 qui
1978 5374 2064 5426 ge-

501 5451 616 5503 nuit
646 5451 896 5504 esseutia:
934 5447 1071 5500 ratio
1101 5446 1260 5500 simul
1292 5445 1435 5500 edita
1470 5454 1570 5501 est.
1610 5446 1764 5511 Quod
1801 5448 1964 5516 igitur
1995 5450 2061 5506 de

571 5625 616 5656 "'
643 5623 800 5679 Joan.
858 5641 966 5688 xw,
1000 5627 1090 5680 2|.
1168 5626 1211 5657 ’³
1252 5625 1449 5681 Cenes.
1485 5639 1520 5691 t,
1561 5622 1650 5679 28.

2174 4447 2266 4502 οὖν
2310 4451 2421 4512 τοῖς
2472 4449 2653 4512 αὐτοῖς
2703 4449 3161 4520 χαρακτηρίζεται
3197 4449 3478 4520 ἱδιώμασιν
3516 4449 3550 4519 ἥ
3575 4446 3743 4501 τετοῦ

2189 4543 2355 4612 Ἀδὰμ
2383 4543 2476 4595 καὶ
2499 4543 2530 4612 ἡ
2556 4541 2646 4595 τοῦ
2681 4541 2833 4594 Ἀϐὲλ
2859 4542 3015 4595 οὐσία
3041 4559 3052 4572 ·
3083 4543 3231 4595 πᾶσα
3255 4543 3463 4612 ἀνάγκη
3499 4540 3625 4611 μίαν
3651 4539 3744 4610 μὲν

2175 4635 2358 4689 οὐσίαν
2397 4636 2482 4686 ἐπ’
2516 4636 2840 4705 ἀμφοτέροις
2882 4631 3020 4687 εἶναι
3061 4633 3403 4688 συντίθεσθαι
3430 4650 3443 4663 ⁸
3496 4633 3653 4688 ἀλλον
3689 4633 3742 4687 δὲ

2176 4729 2268 4780 καὶ
2297 4728 2450 4780 ἄλλον
2481 4728 2569 4780 τὸν
2599 4728 2656 4778 ἐν
2684 4730 2750 4797 τῇ
2779 4727 2912 4797 αὐτῇ
2946 4726 3102 4794 φύσει
3125 4726 3492 4796 δεικνύμενον.
3553 4725 3612 4777 '0
3639 4724 3743 4798 γάρ

2188 4819 2358 4889 Ἀδὰμ
2387 4821 2480 4871 καὶ
2507 4821 2534 4871 6
2575 4818 2731 4872 Ἀ6Ξελ
2760 4820 2817 4871 ὲν
2857 4819 2934 4888 τῷ
2964 4818 3106 4887 λόγῳ
3154 4818 3254 4887 τῆς
3298 4817 3529 4886 φύσεως,
3566 4811 3647 4880 εἷς
3694 4816 3742 4867 οἱ

2174 4909 2266 4962 δύο
2289 4909 2420 4961 εἰσίν
2440 4925 2455 4940 ·
2480 4911 2538 4962 ὲν
2566 4909 2623 4962 δὲ
2645 4911 2754 4971 τοῖς
2786 4908 3267 4978 ἐπιθεωρουμένοις
3300 4907 3543 4976 ἑκατέρῳ
3569 4904 3743 4957 αὐτῶν

2177 4999 2476 5069 ἰδιώμασιν,
2523 4999 2824 5069 ἀσύγχυτον
2872 4998 3051 5069 ἔχουσι
3099 4998 3196 5066 τὴν
3232 4999 3325 5050 ἀπ’
3355 4997 3600 5067 ἀλλήλων
3634 4995 3744 5049 διά-

2174 5108 2372 5160 κρισιν.
2421 5089 2628 5143 Οὐκοῦν
2657 5093 2755 5142 οὐκ
2782 5089 2896 5142 ἔστι
2921 5090 3121 5161 κυρίως
3157 5091 3349 5152 εἰπεῖν,
3380 5089 3460 5141 ὅτι
3503 5089 3531 5140 ὁ
3577 5087 3743 5156 Ἀδὰμ

2171 5183 2357 5235 οὐσίαν
2387 5185 2515 5251 παρ’
2546 5182 2707 5234 αὐτὸν
2739 5182 2902 5252 ἄλλην
2924 5182 3227 5250 ἐγέννησεν,
3259 5180 3393 5233 ἀλλά
3435 5179 3633 5249 μᾶλλον
3663 5181 3739 5232 ὅτι

2171 5271 2228 5337 ἐξ
2265 5273 2456 5327 ἑαυτοῦ
2488 5272 2773 5340 ἐγέννησεν
2799 5272 2952 5326 ἄλλον
2985 5272 3173 5324 ἑαυτόν
3202 5289 3214 5301 ·
3249 5263 3292 5338 ᾧ
3319 5271 3424 5333 πᾶς
3448 5272 3476 5322 6
3513 5270 3613 5340 τῆς
3648 5268 3739 5322 τοῦ

2169 5367 2525 5434 γεννήσαντος
2575 5364 2758 5427 οὐσίας
2799 5362 3166 5432 συναπετέχθη
3203 5362 3377 5430 λόγος.
3432 5361 3607 5430 Ὅπερ
3651 5354 3738 5411 οὖν

2167 5455 2258 5505 ἐπὶ
2287 5453 2384 5522 τῆς
2436 5454 2779 5524 ἀνθρωπίνης
2819 5453 3209 5526 μεμαθήκαμεν
3253 5452 3489 5522 φύσεως,
3519 5451 3603 5503 διά
3645 5451 3738 5518 τῆς
