4010 6156
1574 186 1577 187 ν
1668 132 1701 171 \

285 310 386 367 593

1382 315 1665 372 comas
1704 310 2095 383 EUMONIUM,
2138 314 2267 371 LIB.
2331 312 2421 371 ιιι.

3425 308 3529 364 5θὶ

284 432 423 488 κατά
451 431 509 485 τὸ
538 431 825 487 ἀκόλουθον
856 433 960 488 ὑπὸ
989 435 1083 488 τοῦ
1104 435 1260 502 λόγου
1287 437 1693 509 προδειχθείσης
1716 439 1846 508 ήμίν

1954 443 2144 491 natura
2178 437 2412 492 ﬂuuiana
2435 434 2723 489 didicimus
2746 473 2761 497 ,
2805 448 2868 487 ea
2910 428 3318 500 consequentiae
3355 426 3530 482 dedu-

281 523 518 593 ὁδηγίας,
566 522 724 576 τοῦτο
751 522 902 594 οἴμαι
928 527 1037 579 δεῖν
1065 527 1156 581 καὶ
1188 529 1409 600 ὲπὶπήν
1440 530 1715 601 ἀκήρατον
1744 531 1852 584 τῶν

283 616 439 669 θείων
466 615 750 686 δογμάτων
776 614 1100 689 κατανόησιν
1125 622 1205 684 είς
1234 620 1457 691 όδηγίαν
1484 621 1687 674 λαϐεῖν.
1741 623 1855 675 Πᾶ-

284 724 381 761 σαν
407 708 516 779 γὰρ
538 708 787 780 σαρκώδη
817 710 911 763 καὶ
932 710 1120 781 ὑλικὴν
1148 711 1355 767 ἔννοιαν
1374 714 1480 766 τῶν
1501 714 1656 767 θείων
1683 731 1741 766 τε
1761 715 1855 768 καὶ

285 798 501 869 ὑψηλῶν
532 799 816 870 δογμάτων
838 802 1277 872 ἀποσεισάμενοι,
1308 805 1722 874 ἀσφαλεστάτην
1742 805 1857 871 ἕξο-

287 907 382 960 μεν
431 888 522 944 διὰ
571 889 668 944 τοῦ
720 892 1183 963 καταλειπομένου
1231 896 1521 965 νοήματος,
1584 897 1711 948 ὅταν
1765 896 1856 948 ὲκ-

284 977 527 1048 καθαρθῇ
570 976 681 1031 τῶν
722 979 1006 1046 τοιούτων,
1061 982 1158 1051 τὴν
1204 982 1295 1036 ἐπὶ
1334 984 1401 1037 τά
1444 983 1621 1055 ὑψηλά
1666 1002 1726 1038 τε
1764 986 1858 1038 καὶ

282 1062 969 1141 ἀπρόσιταάειραγωγίαν.
1032 1072 1399 1144 ὐμολογεῖται
1436 1076 1545 1148 γάρ
1578 1078 1672 1131 καὶ⁸
1707 1078 1857 1148 παρά

281 1158 389 1212 τῶν
422 1159 681 1213 ἐναντίων
704 1159 793 1213 τὸν
822 1162 916 1213 ἐπὶ
941 1163 1156 1217 πάντων
1186 1164 1312 1218 ὄντα
1336 1165 1487 1231 Θεὸν,
1521 1168 1739 1239 Πατέρα
1763 1168 1855 1222 τοῦ

280 1244 626 1314 ,Μονογενοῦς
667 1242 770 1297 καὶ
811 1246 951 1306 εἶναι
997 1254 1091 1307 καὶ
1129 1253 1411 1324 λέγεσθαι,
1461 1257 1595 1312 ἀλλὰ
1640 1258 1856 1312 καὶτὸν

283 1339 567 1419 Μονογενῆ
586 1340 715 1394 Θεὸν
744 1341 834 1395 τὸν
868 1343 932 1397 ὲκ
958 1343 1051 1398 τοῦ
1082 1347 1293 1411 Πατρὸς
1318 1346 1465 1413 ὄντα,
1491 1351 1744 1419 γεννητὸν
1770 1351 1858 1405 διὰ

283 1427 347 1479 τὸ
374 1428 693 1498 γεννηθῆναι
714 1430 1189 1501 κατονομάζουσιν.
1254 1429 1405 1488 Ἐπεὶ
1435 1432 1525 1490 οὖν
1565 1440 1621 1491 ὲν
1650 1439 1858 1510 ἀνθρώ-

286 1534 410 1581 ποις
441 1519 501 1571 τὸ
536 1520 625 1572 τοῦ
662 1521 870 1592 πατρὸς
896 1523 1063 1593 ὄνομα
1092 1524 1522 1598 συνεζευγμένας
1554 1528 1666 1600 ἔχει
1703 1531 1857 1595 τινὰς

283 1609 571 1679 ἐμφάσεις,
599 1604 672 1663 ὧν
703 1612 734 1680 ή
763 1613 1038 1684 ἀκήρατος
1066 1615 1416 1688 ἠλλοτρίωται
1448 1620 1607 1687 φύσις
1630 1639 1643 1652 ·
1681 1623 1856 1676 πάντα

280 1700 546 1770 προσήκει
577 1703 674 1754 ὅσα
704 1704 832 1775 περὶ
878 1704 973 1776 τὴν
1017 1706 1267 1780 σαρκώδη
1299 1710 1392 1764 τοῦ
1435 1713 1642 1784 πατρὸς
1675 1731 1845 1786 σημα·

1955 529 2136 583 ctione
2175 544 2295 597 quae
2326 536 2451 581 ante
2494 542 2523 581 a
2562 527 2720 581 nobis
2752 526 2962 579 ratione
2998 523 3372 577 demonstrata
3405 525 3524 583 est,

1955 620 2060 675 hoc
2083 619 2276 684 etiam,
2309 630 2362 672 ιιι
2386 618 2598 672 facilius
2626 618 2689 671 ad
2719 614 3188 685 inrorruptihilem
3216 612 3526 665 divinorum

1955 710 2296 765 decretorum
2328 709 2690 780 cognitionem
2727 707 3012 770 ducamur,
3051 703 3376 760 sumendum
3407 717 3531 757 csse

1957 800 2210 854 arbitror.
2234 797 2366 853 Nam
2396 814 2517 851 cum
2547 812 2760 851 omnem
2793 795 3074 848 carnalem
3105 801 3158 848 et
3190 791 3528 846 materialem

1957 906 1987 944 a
2015 888 2214 944 divinis
2247 896 2301 942 et
2333 886 2564 941 excelsis
2617 884 2854 939 decretis
2905 881 3303 938 removerimus
3353 879 3533 934 notio-

1958 995 2117 1043 nem,
2152 994 2219 1033 ει
2252 979 2462 1047 reliquo
2503 975 2702 1030 mentis
2755 982 3011 1045 perceptu
3058 974 3260 1027 talibus
3306 987 3533 1042 perpur—

1957 1079 2101 1141 gato,
2133 1069 2198 1123 ad
2232 1069 2483 1124 sublimia
2510 1077 2561 1122 et
2593 1067 2873 1122 inaccessa
2907 1076 3113 1121 certam
3143 1073 3198 1120 et
3225 1064 3531 1134 expeditam

1958 1161 2101 1215 viam
2138 1161 2480 1214 habebimus.
2517 1159 2831 1213 Adversarii
2876 1160 3020 1211 enim
3050 1157 3380 1211 conﬁtentur
3409 1171 3532 1210 eum

1958 1253 2049 1323 qui
2088 1252 2140 1305 in
2175 1251 2427 1306 omnibus
2456 1258 2541 1305 cst
2572 1250 2712 1305 Deus
2734 1292 2747 1312 ,
2774 1249 2988 1304 Patrem
3014 1248 3295 1318 Unigeniti
3332 1256 3385 1301 et
3414 1235 3541 1300 esse

1958 1352 2013 1398 et
2055 1343 2161 1397 dici
2184 1385 2198 1406 ,
2233 1344 2531 1411 quinetiam
2564 1340 2908 1410 unigenitum
2956 1338 3123 1394 Deum
3161 1339 3252 1409 qui
3281 1354 3345 1392 ev
3381 1337 3537 1390 Patre

1956 1444 2071 1503 est,
2104 1442 2388 1506 propterea
2418 1434 2561 1504 quod
2600 1445 2680 1488 est
2712 1418 2954 1500 genitus,
2991 1446 3115 1487 eum
3169 1430 3409 1500 genitum
3440 1444 3539 1482 no-

1957 1529 2184 1583 minant.
2216 1526 2484 1593 Quoniam
2517 1540 2646 1581 vero
2678 1526 2848 1595 patris
2876 1540 3074 1579 nomen
3112 1524 3255 1578 inter
3290 1522 3537 1575 homines

1955 1620 2277 1688 conjunctas
2304 1635 2486 1675 secum
2519 1618 2682 1672 habet
2709 1616 2973 1687 quasdam
3003 1615 3314 1684 cmphases,
3339 1613 3393 1667 id
3418 1619 3499 1667 est
3523 1653 3536 1673 ,

1955 1711 2406 1782 signiﬁcationes,
2439 1726 2469 1764 a
2499 1711 2703 1781 quibus
2733 1708 3061 1763 immortalis
3087 1716 3280 1761 natura
3311 1719 3539 1776 prorsus

281 1787 404 1841 σίαν
433 1788 593 1842 ύλικά
619 1791 864 1862 νοήματα
886 1795 1306 1866 συνεισέρχεται,
1331 1791 1522 1853 καταλί
1532 1818 1714 1866 ποντα,
1740 1803 1850 1856 θεο-

1959 1808 2042 1857 εει
2076 1801 2275 1856 aliena:
2317 1816 2503 1856 onnes
2531 1815 2650 1871 qua:
2680 1801 2826 1855 circa
2854 1800 3129 1853 carnalem
3167 1799 3342 1865 patris
3372 1797 3540 1866 signi—

283 1880 468 1949 πρεπῆ
497 1897 619 1935 τινα
656 1881 890 1937 διάνοιαν
927 1887 1265 1959 ὲμφαντικὴν
1302 1891 1469 1961 μόνης
1500 1893 1598 1963 τῆς
1638 1896 1856 1966 γνησιό-
1881 1877 1893 1891 ’

281 1985 443 2039 τητος
473 1971 567 2023 ἐπὶ
597 1971 847 2027 τοῦ,Θεοῦ
873 1977 964 2029 καὶ
991 1978 1199 2050 Πατρὸς
1230 1981 1657 2040 ἐντυπώσασθαι.
1708 1987 1858 2042 Ἐπεὶ

280 2053 373 2110 οὖν
396 2059 459 2111 οὐ
494 2061 656 2129 μόνον
684 2063 783 2116 ὃσα
818 2066 848 2136 ή
885 2066 1019 2137 σὰρξ
1050 2071 1189 2122 νοεῖν
1215 2071 1523 2128 ὑποτίθεται
1552 2077 1616 2147 τῇ
1646 2077 1738 2130 τοῦ
1766 2079 1858 2132 ἀν-

282 2147 556 2217 θρωπίνου
592 2155 793 2225 πατρὸς
834 2157 1011 2229 ἐννοίᾳ
1052 2161 1664 2234 συγκαταλαμϐάνεται,
1722 2169 1856 2224 ἀλλά

281 2239 376 2293 καὶ
399 2241 799 2317 διαστηματική
832 2265 913 2306 τις
937 2248 1112 2303 ἔννοια
1136 2240 1523 2310 συνεπικλοεῖται
1554 2259 1769 2324 πάντως
1787 2264 1852 2332 τῇ

279 2331 594 2406 ἀνθρωπίνῃ
627 2337 944 2408 πατρὰτητι,
991 2340 1167 2406 καλῶς
1207 2344 1273 2397 ἂν
1299 2344 1409 2415 ἔχοι
1442 2346 1520 2417 τῷ
1559 2331 1854 2422 σωματικῷ

279 2423 438 2493 ῥύπῳ
486 2424 582 2479 καὶ
621 2426 721 2498 τὴν
749 2428 1179 2503 διαστηματικὴν
1212 2433 1417 2490 ἔννοιαν
1455 2438 1545 2491 ἐπὶ
1579 2440 1677 2510 τῆς
1704 2441 1856 2506 θείας

279 2515 704 2571 συναποϐάλλειν
753 2521 1077 2591 γεννήσεως,
1132 2523 1208 2588 ὡς
1259 2524 1326 2579 ἂν
1376 2530 1708 2599 πανταχόθεν
1757 2535 1853 2585 ἐκ·

277 2604 607 2676 πλυνθείσης
636 2608 732 2677 τῆς
757 2609 947 2680 ὑλικῆς
972 2611 1247 2679 ἰδιότητος,
1265 2616 1557 2688 καθαρεύει
1581 2621 1774 2686 παντὸς
1790 2624 1850 2677 οὺ

277 2697 440 2764 μόνον
470 2697 771 2767 ὲμπαθοῦς,
810 2700 943 2754 ἀλλὰ
972 2703 1063 2755 καὶ
1104 2703 1527 2777 διαστηματικοῦ
1561 2713 1851 2782 νοήματος,

274 2788 316 2857 ἠ
340 2787 676 2859 ὑπερέχουσα
711 2791 979 2863 γέννησις.
1042 2794 1251 2849 Οὐκοῦν
1283 2800 1311 2852 ὁ
1346 2800 1568 2872 Πατέρα
1605 2804 1695 2857 τὸν
1722 2805 1854 2861 Θεὸν

277 2877 480 2946 λέγων,
507 2883 573 2950 τῇ
606 2881 696 2933 τοῦ
732 2878 865 2937 εἶναι
899 2884 989 2938 τὸν
1013 2885 1144 2939 Θεὸν
1178 2890 1374 2959 ἐννοίᾳ,
1411 2893 1505 2946 καὶ
1539 2895 1604 2949 τό
1633 2912 1683 2949 τι
1714 2891 1853 2951 εἶναι

284 2969 768 3042 συμπεριλήψεται.
793 2967 863 3045 ᾯ
895 2975 1003 3047 γὰρ
1029 2977 1137 3030 ἀπό
1170 2996 1313 3044 τινος
1345 2982 1517 3054 ἀρχῆς
1554 2984 1669 3037 ἐστι
1695 2986 1756 3038 τὸ
1780 2983 1854 3040 εἷο

276 3077 389 3124 ναι,
415 3059 586 3132 τούτῳ
614 3064 705 3117 καὶ
736 3065 798 3119 τό
826 3084 877 3119 τι
896 3063 1034 3121 εἶναι
1067 3071 1282 3135 πάντως
1301 3075 1409 3128 ἀπό
1429 3092 1570 3140 τινος
1601 3077 1849 3150 ἄρχεται·

271 3146 454 3244 ἐφ’-οῦ
493 3152 547 3206 δὲ
575 3154 635 3207 τὸ
666 3150 804 3208 εἶναι
840 3158 937 3211 ούκ
972 3160 1192 3231 ἦρξατο,
1229 3164 1347 3217 οὐδὲ
1388 3166 1444 3219 εἴ
1472 3186 1524 3221 τι
1564 3146 1849 3244 ἀλλο-περὶ

270 3242 437 3334 αὐτὸν
455 3244 760 3334 θεωρεῖται,
774 3248 881 3302 ἀπό
899 3267 1040 3315 τινος
1058 3254 1157 3323 τὴν
1178 3254 1350 3327 ἀρχὴν
1377 3257 1510 3329 ἔχει.
1554 3260 1713 3315 Ἀλλά
1745 3242 1848 3334 μήν

270 3333 468 3404 Πατὴρ
500 3332 529 3385 ό
549 3334 699 3398 Θεὸς,
729 3336 923 3390 ούκοῦν
951 3339 1011 3403 ἐξ
1042 3341 1211 3396 ἀϊδίου
1246 3346 1393 3398 ἐστὶν
1416 3348 1552 3419 ὅπερ
1574 3332 1755 3406 ἔστιν,

268 3422 384 3495 γὰρ
404 3426 638 3493 ἐγένετο,
656 3426 770 3480 ἀλλ’
793 3428 905 3483 ἔστι
924 3431 1143 3503 Πατήρ·
1175 3436 1267 3488 ἐπὶ
1286 3437 1421 3491 Θεοῦ
1454 3439 1606 3512 γάρδ
1637 3438 1726 3514 ἦν,
1755 3445 1851 3497 καὶ

268 3514 389 3567 εστι
420 3516 690 3570 καὶ-ἔσται
713 3534 724 3546 ·
764 3521 813 3571 εί
835 3519 889 3572 δέ
921 3522 974 3575 τί
996 3539 1124 3576 ποτε
1155 3525 1228 3598 μὴ
1267 3523 1355 3597 ἦν,
1406 3529 1529 3583 οὔτε
1555 3530 1700 3586 ἔστιν
1726 3533 1849 3589 οὔτε

268 3606 429 3696 ἔσται
454 3628 465 3640 ·
496 3610 556 3662 ού
579 3610 936 3683 γάρντοιούτου
959 3617 1097 3678 τινὸς
1122 3619 1469 3675 πεπίστευται
1486 3620 1622 3677 εἶναι
1640 3625 1846 3696 Πατὴρ,

267 3689 338 3751 οὗ
369 3699 537 3769 χωρὶς
564 3701 785 3767 εὐσεϐές
825 3705 973 3758 ἐστιν
998 3708 1082 3774 ἐφ’
1112 3708 1302 3761 ἑαυτοῦ
1334 3728 1460 3764 ποτε
1499 3712 1590 3766 τὸν
1623 3689 1851 3768 Θεὸν

268 3807 364 3843 ναι
392 3790 586 3860 λέγειν.
635 3793 790 3864 Ζωῆς
811 3796 920 3867 γάρ
944 3797 1057 3851 ἐστι
1086 3800 1266 3872 πατὴρ
1286 3803 1313 3854 ό
1346 3804 1555 3873 Πατὴρ,
1596 3806 1850 3877 ἀληθείας

267 3895 335 3933 τε
359 3880 452 3932 καί
467 3880 688 3968 σοφίας,
717 3883 809 3935 καὶ
830 3884 1007 3952 φωτὸς
1028 3886 1119 3938 καὶ
1138 3888 1409 3958 ἀγιασμοῦ
1436 3892 1528 3942 καὶ
1546 3891 1846 3961 δυνάμεως,

271 3971 371 4024 καὶ
393 3972 609 4025 πάντων
634 3973 744 4027 τῶν
767 3974 1042 4040 τοιούτων,
1083 3978 1182 4031 ὅσα
1214 3981 1242 4031 ὀ
1282 3981 1591 4052 Μονογενής
1617 3985 1730 4037 ἐστι
1757 3986 1849 4039 καὶ

268 4063 791 4132 δνομάζεται.”οταν
810 4067 986 4120 τοίνυν
1007 4069 1152 4140 παρά
1163 4069 1270 4124 τῶν
1286 4072 1493 4144 ἐχθρῶν
1507 4077 1848 4129 κατασκευά-

270 4151 434 4222 ζηται
476 4152 537 4205 τὸ
568 4154 642 4225 μὴ
685 4150 822 4209 εἷναί
854 4173 983 4210 ποτε
1017 4158 1150 4226 φῶς,
1184 4162 1284 4215 οὐκ
1315 4158 1450 4227 οἶδα,
1481 4164 1624 4228 τίνος
1648 4165 1848 4219 πλείων

269 4241 423 4294 ἐστὶν
449 4244 482 4313 ή
515 4241 706 4314 ζημία,
742 4245 968 4316 πότερον
988 4247 1153 4302 αὐτοῦ
1184 4251 1279 4304 τοῦ
1306 4252 1499 4319 φωτὸς,
1528 4254 1656 4307 ὅταν
1687 4255 1761 4326 μὴ
1789 4257 1848 4309 τὸ

271 4330 390 4399 φῶς
404 4326 463 4405 ᾗ,
479 4332 519 4404 ἢ
534 4332 629 4386 τοῦ
642 4333 877 4404 ἔχοντος,
891 4334 1020 4390 ὅταν
1035 4332 1110 4407 μὴ
1119 4333 1216 4407 ἔχῃ
1224 4336 1282 4390 τὸ
1292 4337 1405 4405 φῶς
1415 4374 1429 4390 .
1440 4342 1595 4397 Οὕτω
1608 4345 1704 4398 καὶ
1719 4344 1846 4419 περὶ

1875 3118 1924 3182 ϐ

1959 1893 2230 1948 licentiam
2285 1900 2625 1947 concurrunt
2668 1892 2981 1947 materiales
3019 1899 3321 1961 conceptus
3364 1889 3534 1943 relin-

1958 1994 2245 2057 quentcm,
2278 1984 2433 2039 decet
2465 1984 2759 2055 quamdam
2796 1983 2907 2039 Deo
2936 1984 3189 2039 decoram
3228 1982 3540 2050 intelligenv

1958 2078 2084 2131 tiam
2116 2076 2286 2131 solius
2314 2076 2697 2145 germanitatis
2732 2073 2967 2129 indicem
2990 2115 3003 2136 ,
3035 2074 3090 2128 in
3131 2073 3242 2127 Deo
3290 2079 3356 2137 ct,
3379 2071 3540 2124 Patre

1958 2167 2273 2222 informare.
2306 2165 2759 2235 Quandoquidem
2807 2165 2971 2235 igitur
3011 2179 3117 2218 non
3164 2163 3343 2218 solum
3389 2176 3537 2230 qure-

1955 2272 2190 2327 cumque
2235 2270 2366 2310 caro
2416 2255 2723 2325 intelligere
2778 2256 3051 2323 suggerit,
3104 2254 3300 2309 notitia
3358 2253 3531 2321 patris

1955 2347 2177 2402 humani
2212 2345 2769 2416 comprehenduntur,
2804 2346 2898 2401 sed
2929 2346 3095 2401 etiam
3130 2345 3418 2400 intervallo
3448 2344 3531 2396 di-

1955 2438 2152 2493 stincta
2190 2437 2434 2508 quaedam
2461 2435 2612 2491 notio
2641 2451 2765 2490 cum
2798 2435 3126 2505 paternitatc
3159 2434 3397 2487 humana
3422 2447 3539 2485 om-

1954 2531 2085 2585 nino
2116 2539 2297 2583 mente
2326 2527 2660 2597 concipitur,
2692 2526 2951 2597 prwclare
2981 2525 3176 2579 habeat
3202 2565 3217 2589 ,
3257 2524 3310 2577 in
3342 2524 3538 2576 divina:

1953 2618 2320 2690 generationis
2346 2615 2805 2686 contemplatione
2832 2630 2939 2669 una
2966 2629 3089 2668 eum
3117 2612 3395 2683 corporeis
3417 2627 3538 2666 scr-

1953 2712 2115 2766 dibus
2158 2710 2308 2765 illam
2338 2708 2501 2764 etiam
2544 2707 2948 2762 intervallarem
2992 2706 3270 2759 notionem
3317 2705 3538 2772 penitus

1954 2802 2220 2872 abjicere,
2254 2811 2312 2855 ut
2339 2803 2491 2855 omni
2522 2814 2585 2855 ex
2623 2809 2778 2870 parte
2807 2797 2953 2852 eluta
2990 2795 3255 2850 materiali
3292 2794 3540 2865 proprie-

1954 2901 2092 2955 tate,
2131 2893 2223 2946 illa
2256 2892 2674 2961 supereminens
2707 2891 2989 2961 generatio
3024 2903 3133 2942 non
3171 2887 3348 2943 solum
3383 2887 3532 2939 omni

1953 2983 2205 3048 turbido,
2259 2981 2354 3037 sed
2403 2983 2566 3036 etiam
2613 2980 2901 3035 intervallo
2944 2978 3208 3032 distincto
3260 2962 3553 3029 intellectu-

1955 3089 2089 3145 pura
2114 3075 2205 3130 sit.
2233 3072 2374 3143 Ergo
2399 3074 2489 3142 qui
2517 3071 2734 3126 Patrem
2764 3071 2934 3126 Deum
2965 3069 3136 3131 dicit,
3165 3069 3361 3122 notitia
3392 3066 3538 3136 quod

1957 3166 2098 3222 Deus
2122 3166 2226 3231 sit,
2243 3172 2296 3220 et
2318 3163 2461 3233 quod
2486 3163 2558 3217 sit
2585 3161 2790 3231 aliquid
2816 3161 3232 3230 complectetur.
3265 3158 3365 3215 Cui
3389 3159 3533 3213 enim

1953 3258 2023 3314 ab
2050 3257 2234 3327 aliquo
2263 3254 2532 3325 principio
2561 3261 2675 3317 est,
2711 3259 2770 3306 ut
2800 3252 2871 3306 sit
2891 3291 2906 3316 ,
2939 3251 3069 3304 huic
3094 3257 3148 3305 et
3178 3250 3383 3319 aliquid
3415 3263 3539 3302 esse

1951 3348 2173 3403 omnino
2206 3345 2275 3400 ab
2307 3344 2489 3414 aliquo
2523 3341 2714 3413 incipit
2745 3360 2757 3396 :
2794 3342 2846 3395 in
2885 3356 2993 3409 quo
3043 3349 3221 3393 autem
3263 3354 3384 3393 esse
3428 3354 3536 3391 non

1951 3438 2150 3508 cmpit,
2180 3450 2356 3505 neque
2386 3434 2431 3489 si
2458 3433 2585 3503 quid
2618 3432 2765 3486 aliud
2797 3432 2850 3485 in
2886 3432 3004 3500 ipso
3037 3429 3438 3495 consideretur,
3468 3429 3538 3483 ab

1953 3531 2134 3598 aliquo
2174 3525 2504 3597 principium
2536 3523 2716 3578 habet.
2749 3522 2817 3575 At
2848 3521 3007 3575 Pater
3035 3531 3119 3577 est
3153 3520 3294 3575 Deus
3315 3563 3328 3585 ,
3366 3521 3532 3590 igitur

1952 3615 2022 3668 ab
2049 3622 2253 3667 mterno
2286 3620 2370 3666 est
2396 3610 2541 3680 quod
2570 3618 2684 3671 est,
2715 3625 2821 3664 non
2854 3610 2998 3663 enim
3032 3617 3116 3664 cst
3147 3610 3394 3680 genitus,
3439 3609 3531 3664 sed

1951 3704 2112 3758 Pater
2140 3710 2243 3757 est.
2274 3702 2333 3755 in
2368 3699 2476 3755 Deo
2509 3699 2654 3752 enim
2688 3699 2832 3768 quod
2872 3699 3006 3765 fuit,
3056 3707 3142 3754 est
3190 3707 3245 3754 et
3296 3701 3420 3753 erit.
3474 3699 3529 3750 Si

1952 3803 2134 3850 autem
2169 3792 2297 3862 quid
2326 3789 2618 3860 aliquando
2644 3804 2754 3843 non
2798 3788 2929 3851 fuit,
2981 3804 3159 3858 neque
3192 3797 3310 3855 est,
3356 3804 3533 3858 neque

1950 3890 2092 3946 erit:
2135 3902 2245 3941 non
2290 3887 2434 3941 enim
2469 3885 2593 3939 talis
2639 3883 2875 3951 alicujus
2910 3883 3072 3937 Pater
3122 3898 3246 3938 esse
3292 3883 3536 3937 creditus

1950 3988 2066 4045 est,
2101 3982 2211 4048 quo
2246 3977 2364 4032 sine
2398 3975 2546 4044 pium
2578 3982 2664 4028 est
2696 3974 2747 4026 in
2803 3972 2984 4041 seipse
3036 3972 3332 4042 aliquando
3368 3973 3532 4027 Deum

1950 4085 2073 4125 esse
2101 4068 2302 4124 dicere.
2358 4066 2494 4120 Vita:
2536 4064 2678 4119 enim
2724 4073 2808 4119 est
2860 4073 3029 4130 pater,
3068 4064 3161 4133 qui
3210 4071 3295 4117 est
3350 4062 3529 4124 Pater,

1951 4159 2307 4227 veritatisque
2334 4165 2386 4213 et
2420 4138 2732 4227 sapientiae,
2768 4162 2821 4208 et
2851 4155 2988 4207 lucis
3039 4163 3095 4208 et
3140 4153 3531 4208 sanctiﬁcatio-

1949 4251 2036 4305 nis
2079 4260 2133 4305 et
2177 4249 2433 4311 virtutis,
2477 4247 2836 4315 omniumque
2878 4243 3149 4312 ejusmodi
3178 4259 3299 4312 quae
3332 4240 3531 4311 Unige-

1949 4343 2097 4397 nitus
2128 4347 2212 4395 est
2242 4347 2296 4394 et
2327 4339 2663 4392 nominatur.
2698 4336 2832 4390 Cum
2868 4335 3034 4403 igitur
3075 4335 3143 4389 ab
3190 4334 3527 4388 adversariis

268 4422 371 4493 τῆς
389 4422 534 4495 ζωῆς
555 4424 648 4477 καὶ
674 4424 773 4494 τῆς
788 4425 1045 4496 ἀληθείας
1068 4427 1161 4479 καὶ
1183 4431 1282 4497 τῆς
1301 4428 1598 4502 δυνάμεως,
1623 4436 1715 4488 καὶ
1736 4435 1842 4489 τῶν

1951 4433 2219 4491 astruitur
2248 4431 2424 4485 lucem
2460 4444 2571 4483 non
2604 4426 2899 4497 aliquando
2923 4425 3093 4481 fuisse
3121 4444 3132 4479 :
3164 4427 3346 4479 nescio
3372 4425 3532 4494 cujus

269 4512 451 4567 ἄλλων
479 4514 695 4568 πάντων
719 4515 818 4568 ὅσα
840 4515 931 4569 τὸν
964 4516 1223 4587 πατρικὸν
1244 4517 1442 4590 πληροῖ
1470 4523 1666 4578 κόλπον
1687 4527 1715 4578 ὁ
1737 4528 1843 4581 Μο-

267 4600 517 4671 νογενὴς,
552 4603 609 4654 ὲν
639 4601 717 4674 τῷ
748 4603 865 4675 ίδίῳ
913 4603 1239 4675 πληρώματι
1268 4607 1334 4659 τὰ
1369 4610 1544 4664 πάντα
1571 4611 1664 4665 ὧν.
1720 4615 1840 4687 Ἴση

267 4694 379 4765 γάρ
404 4694 525 4748 καθ’
553 4696 813 4767 ἑκάτερόν
841 4696 982 4750 ἐστιν
1007 4699 1040 4769 ή
1071 4699 1287 4761 ἀτοπία,
1330 4701 1422 4753 καὶ
1448 4702 1544 4771 τῆς
1581 4704 1718 4758 κατά
1746 4705 1841 4760 τοῦ

268 4784 405 4837 Υίοῦ
454 4783 803 4856 βλασφημίας
849 4786 1173 4858 ἀντίρῤοπος
1225 4791 1257 4859 ή
1302 4790 1444 4843 κατά
1489 4793 1581 4845 τοῦ
1632 4795 1844 4867 Πατρός

267 4876 422 4927 ἔστιν
467 4875 707 4929 ἀσέϐεια.
789 4876 875 4929 Ἐν
919 4877 1025 4947 γὰρ
1063 4877 1138 4948 τῷ
1186 4881 1358 4933 εἰπεῖν
1396 4899 1525 4935 ποτε
1581 4883 1654 4956 μὴ
1707 4883 1843 4941 εἶναι

267 4966 365 5019 τὸν
404 4966 623 5036 Κύριον,
655 4967 754 5037 οὐχ
786 4968 969 5032 ἀπλῶς
996 4968 1187 5033 δώσεις
1215 4970 1306 5024 τοῦ
1346 4972 1419 5041 μὴ
1454 4970 1591 5027 εἶναι
1618 4977 1715 5047 τὴν
1756 4978 1846 5031 δύ-

267 5075 458 5128 ναμιν,
503 5058 636 5112 ἀλλὰ
671 5059 764 5112 τοῦ
792 5060 927 5114 Θεοῦ
973 5061 1047 5133 μὴ
1092 5057 1229 5115 εἶναι
1254 5062 1426 5130 λέξεις
1452 5065 1550 5136 τὴν
1594 5068 1841 5140 δύναμιν,

266 5147 365 5201 τοῦ
396 5148 604 5220 Πατρός
639 5151 738 5220 τῆς
771 5148 1070 5219 δυνάμεως.
1129 5151 1335 5204 Οὐκοῦν
1365 5154 1396 5223 ή
1448 5154 1541 5206 τοῦ
1593 5158 1667 5226 μὴ
1705 5154 1853 5212 εἷναί-

268 5258 400 5295 πατε
432 5241 524 5293 τὸν
560 5241 690 5293 Υἱὸν
730 5240 818 5294 διά
866 5240 958 5294 τοῦ
993 5241 1084 5294 σοῦ
1113 5241 1270 5311 λόγου
1303 5247 1613 5316 κατασκευὴ
1691 5248 1842 5301 οὐδὲν

268 5330 395 5386 ἀλλο
422 5331 455 5403 ἢ
486 5331 690 5395 παντὸς
724 5330 931 5399 ἀγαθοῦ
959 5332 1190 5403 ἐρημίαν
1227 5334 1356 5404 περὶ
1384 5334 1473 5389 τὸν
1506 5337 1721 5408 Πατέρα
1744 5356 1843 5394 κα-

264 5423 615 5487 τασκευάζει.
651 5422 794 5492 Ὅρα
823 5421 907 5486 τίς
937 5423 1071 5493 πρὸς
1102 5424 1131 5477 ὃ
1150 5441 1201 5477 τι
1232 5426 1593 5497 καταστρέφει
1614 5429 1720 5481 τῶν
1752 5447 1841 5484 σο-

268 5512 379 5582 φῶν
409 5514 737 5586 ήάγχίνοια.
774 5513 896 5578 Πῶς
926 5515 1178 5587 ἀληθεύει
1212 5518 1303 5571 καὶ
1325 5517 1412 5572 διὰ
1450 5519 1651 5575 τούτων
1682 5525 1714 5593 ή
1747 5524 1839 5577 τοῦ

269 5605 473 5678 Κυρίου
507 5603 686 5675 φωνὴ,
720 5604 755 5674 ἦ
790 5621 972 5674 φησιν,
1000 5606 1092 5660 ’ὅτι
1146 5606 1199 5658 '0
1231 5607 1456 5664 ἀθετῶν
1494 5612 1617 5680 ἐμὲ,
1648 5614 1847 5668 ἀθετεῖ

272 5697 369 5753 τὸν
397 5694 850 5756 ἀποστείλαντά
875 5713 968 5765 με·
1002 5696 1066 5749 δι’
1096 5690 1169 5752 ὧν
1203 5699 1308 5770 γὰρ
1334 5700 1392 5753 τὸ
1417 5698 1553 5756 εἴναί
1585 5720 1711 5758 ποτε
1746 5705 1836 5759 τοῦ

1945 4524 2121 4594 major
2148 4530 2234 4578 est
2261 4521 2499 4585 mulcta,
2535 4528 2718 4572 utrum
2769 4517 2941 4587 ipsius
2987 4517 3126 4571 lueis
3183 4517 3401 4587 quando
3442 4519 3530 4572 lux

1913 4629 2057 4671 .rnon
2088 4621 2238 4676 erat,
2276 4627 2345 4666 an
2370 4608 2641 4673 habentis,
2664 4622 2789 4662 cum
2836 4608 3014 4662 lucem
3057 4623 3167 4662 non
3213 4609 3392 4662 habet.
3441 4609 3532 4662 Sic

1945 4712 2001 4761 et
2033 4704 2100 4759 de
2137 4705 2248 4757 vita
2280 4709 2333 4756 et
2363 4698 2432 4754 de
2479 4700 2716 4761 virtute,
2769 4699 2999 4770 aliisque
3041 4701 3297 4755 omnibus
3330 4702 3531 4771 quibus

1947 4806 2231 4867 paternum
2280 4793 2460 4848 sinum
2503 4788 2828 4861 Unigenitus
2868 4791 3086 4861 implet,
3144 4792 3237 4862 qui
3293 4793 3345 4847 in
3403 4810 3531 4861 pro-

1949 4888 2067 4959 pria
2101 4884 2440 4956 plenitudine
2471 4891 2556 4938 est
2583 4884 2769 4965 omnia
2798 4901 2812 4951 ;
2847 4884 3076 4953 :equalis
3102 4885 3248 4940 enim
3285 4886 3339 4939 in
3374 4896 3529 4940 utro-

1948 4995 2055 5052 que
2084 4986 2168 5034 est
2214 4976 2559 5038 absurditas,
2611 4983 2777 5046 atque
2833 4978 2884 5030 in
2927 4976 3126 5032 Filium
3176 4979 3531 5047 blaSphemiae

1947 5069 2251 5142 acquilihris
2282 5076 2367 5124 est
2407 5067 2673 5123 adversus
2712 5066 2931 5123 Patrem
2977 5070 3252 5140 impietas.
3285 5070 3529 5123 Dicendo

1945 5162 2090 5217 enim
2117 5159 2411 5230 aliquando
2434 5174 2542 5213 non
2570 5174 2693 5215 esse
2716 5158 3005 5215 Domimun
3024 5204 3038 5227 ,
3067 5178 3174 5216 non
3208 5161 3528 5230 simpliciter

1946 5254 2102 5308 dabis
2134 5269 2241 5307 non
2270 5266 2391 5306 esse
2416 5250 2713 5321 potentiam
2737 5292 2750 5315 ,
2790 5252 2883 5307 sed
2919 5251 3011 5307 Dei
3047 5269 3154 5306 non
3184 5266 3305 5305 esse
3336 5260 3527 5318 poten-

1950 5347 2079 5399 tiam
2111 5344 2295 5407 dices,
2344 5342 2527 5398 Patris
2559 5345 2834 5413 potentize.
2875 5344 3041 5414 Igitur
3074 5359 3169 5411 per
3209 5351 3354 5393 tuam
3402 5354 3526 5393 ora-

1947 5437 2152 5491 tionem
2183 5435 2452 5500 assertio,
2484 5434 2629 5504 quod
2659 5435 2956 5504 aliquando
2992 5446 3099 5484 non
3136 5431 3297 5484 fuerit
3327 5428 3525 5495 Filius,

1946 5527 2455 5597 nihil'aliud‘quam
2485 5526 2661 5580 omnis
2691 5525 2814 5578 boni
2849 5521 3196 5577 solitudinem
3221 5561 3235 5584 ,
3273 5519 3388 5577 sive
3422 5523 3519 5577 dc-

1948 5619 2241 5674 sertionem
2294 5618 2348 5671 in
2396 5615 2557 5670 Patre
2605 5610 2891 5669 construit.
2932 5610 3063 5666 Vide
3097 5627 3256 5682 quem
3312 5616 3518 5671 exitum

1947 5710 2107 5767 habet
2136 5709 2460 5781 sapientium
2493 5706 2742 5771 solertia,
2773 5703 3044 5776 quomodo
3068 5720 3257 5763 verum
3292 5708 3425 5765 dicit
3454 5708 3521 5763 de
