4010 6156
453 273 557 331 595

1662 276 1721 332 S.
1775 278 2102 335 GREGORII
2139 277 2436 367 N’YSSENI

3599 275 3702 331 ωδ

454 393 539 447 his
571 407 672 446 vox
706 391 920 446 Domini
953 407 1071 460 qua:
1104 392 1213 458 ait,
1247 393 1351 457 Qui
1389 410 1468 447 me
1503 395 1733 461 spernit,
1772 412 1889 448 eum
1930 401 2019 463 qui

2123 395 2456 463 Μονογενοῦς
2509 394 2790 459 ἀθετοῦσι,
2840 395 2928 449 διὰ
2973 395 3178 451 τούτων
3242 394 3570 468 ἀτιμάζουσι
3609 396 3698 451 τδν

455 499 535 536 me
581 483 723 535 misit
773 483 970 554 spernit
1003 482 1366 551 "'zpi-rqum
1403 485 1548 537 enim
1603 484 1872 554 Unigrniti
1903 503 2025 541 esse

453 571 746 641 aliquando
776 581 1163 640 aspernantur,
1192 572 1406 628 Patrem
1441 576 1617 644 ipsum
1647 575 1979 631 dedecorant
2007 598 2018 631 :

450 675 610 718 omne
634 659 834 712 bonum
857 674 1050 712 nomen
1073 670 1129 713 ct
1153 661 1424 715 notionem
1452 673 1692 732 paterna:
1708 665 1891 734 gloria:
1921 665 2022 720 hoc

451 765 704 805 sermone
737 750 1135 820 depraedantes.

520 841 597 895 Ex
631 842 717 894 bis
749 843 913 912 igitur
945 859 1067 912 quae
1095 842 1240 897 dicta
1277 855 1440 908 sunt,
1473 846 1754 900 evidenter
1790 848 2024 917 scripto-

451 933 525 986 ris
591 930 859 987 imbecilla
912 943 964 987 et
1015 935 1266 1004 languida
1327 937 1638 1005 malignitas
1687 936 2023 1005 deprehensa

451 1033 571 1080 est:
604 1027 697 1095 qui
734 1027 862 1080 dum
899 1036 1145 1082 astruere
1179 1040 1410 1083 conatur
1441 1032 1696 1084 essentia:
1738 1031 2014 1101 Unigeniti

449 1116 821 1172 diversitatem
858 1135 886 1172 a
923 1132 1144 1187 paterna
1173 1120 1448 1182 essentia,
1480 1139 1544 1174 ex
1592 1138 1656 1176 co
1701 1125 1846 1191 quod
1882 1125 2022 1176 banc

449 1209 667 1276 quidem
718 1211 1048 1278 ingenitam,
1102 1212 1247 1263 illam
1292 1228 1422 1264 vero
1466 1215 1703 1281 genitam
1749 1216 2022 1281 nominet,

451 1298 552 1352 sibi
587 1301 965 1354 contradicere
993 1301 1365 1370 redarguitur,
1409 1302 1582 1358 futilis
1612 1316 1664 1358 et
1700 1320 1876 1360 vanus
1907 1307 2021 1358 bla-

453 1395 602 1454 tero,
639 1391 727 1458 qui
764 1391 1101 1461 ﬁngat-quod
1135 1409 1254 1447 esse
1285 1395 1435 1447 nullo
1469 1396 1629 1448 modo
1661 1398 1854 1464 possit.
1884 1395 2015 1449 Nam

449 1494 513 1530 ex
543 1481 662 1548 ejus
692 1485 870 1536 verbis
898 1484 1326 1538 demonstratum
1369 1497 1481 1551 est,
1527 1489 1761 1557 primum
1798 1490 2015 1559 quidem

449 1570 592 1624 aliud
627 1587 750 1627 esse
796 1575 1086 1635 essentiaa,
1129 1577 1275 1628 aliud
1323 1593 1453 1630 vero
1500 1581 1871 1647 generationis
1918 1597 2018 1634 no-

449 1677 590 1716 men.
627 1664 827 1718 Deinde
855 1667 996 1735 quod
1041 1682 1148 1720 non
1182 1669 1360 1736 aliqua
1396 1680 1532 1721 nova
1565 1672 1800 1724 essentia
1831 1679 1885 1724 et
1925 1687 2015 1726 se-

2127 486 2343 556 Πατέρα
2370 501 2383 516 ·
2412 489 2519 539 πᾶν
2543 487 2744 555 ἀγαθὸν
2772 487 2941 558 ὄνομά
2961 506 3018 541 τε
3039 491 3132 542 καὶ
3154 489 3350 560 νόημα,
3372 488 3474 560 τῆς
3502 506 3690 563 πατρι-

2127 579 2228 648 κῆς
2259 577 2414 648 δόξης
2437 577 2511 649 τῷ
2534 578 2592 630 λό
2607 595 2675 649 {qi
2702 596 2768 630 πε
2778 579 3182 650 ρισυλήσαντες.

2197 836 2404 888 Οὐκοῦν
2425 837 2668 906 ἐναργῶς
2694 839 3011 912 πεφώραται
3035 840 3121 893 διὰ
3149 820 3581 913 τῶνέίρημένων
3600 845 3698 898 τοῦ

2125 924 2458 994 λογογράφου
2487 930 2518 998 ἡ
2547 929 2730 982 ἀτονία
2755 932 2851 999 τῆς
2878 933 3227 1003 κακουργίας,
3265 934 3324 998 ὅς
3361 939 3701 991 κατασκευά-

2127 1013 2238 1076 ζειν
2273 1017 2560 1089 ἐπιχειρῶν
2590 1019 2686 1090 τὴν
2723 1021 2820 1091 τῆς
2847 1023 3031 1085 οὐσίας
3059 1022 3152 1076 τοῦ
3191 1025 3528 1093 Μονογενοῦς
3561 1029 3700 1098 πρὸς

2123 1103 2220 1174 τὴν
2245 1106 2336 1157 τοῦ
2355 1109 2564 1178 Ιιατρὸς
2587 1111 2917 1164 ἐναντίωσιν·
2949 1114 3032 1167 δά
3052 1114 3144 1167 τοῦ
3166 1115 3262 1185 τὴν
3285 1117 3383 1186 μὲν
3403 1118 3696 1188 ἀγέννητον

2123 1194 2219 1264 τὴν
2247 1195 2302 1247 δὲ
2329 1199 2589 1269 γεννητὴν
2616 1203 2917 1272 ὀνομάζειν,
2968 1203 3284 1276 ἀπηλέγχθη
3317 1209 3428 1270 τοῖς
3459 1209 3670 1261 ἀσυστά

2122 1303 2233 1350 τοις
2265 1289 2672 1358 ἐμματαιάζων.
2720 1294 2957 1364 Ἐδείχθη
2993 1296 3100 1366 γὰρ
3121 1297 3208 1350 διά
3243 1298 3350 1351 τῶν
3377 1301 3506 1367 παρ’
3527 1299 3693 1354 αὐτοῦ

2122 1373 2327 1441 λόγων,
2371 1380 2584 1450 πρῶτον
2615 1382 2712 1451 μὲν
2753 1385 2934 1455 ἕτερον
2955 1380 3090 1439 εἶναι
3135 1388 3192 1440 τὺ
3231 1389 3329 1458 τῆς
3358 1389 3563 1452 οὐσίας,
3599 1391 3697 1443 καὶ

2121 1465 2244 1518 ἄλλο
2271 1468 2369 1537 τῆς
2395 1473 2697 1544 γεννήσεως
2735 1474 2940 1545 ὄνομα·
2990 1477 3178 1530 ἔπειτα
3211 1478 3266 1530 δὲ
3299 1480 3379 1531 ὅτι
3412 1480 3511 1532 οὐκ
3538 1482 3696 1534 οὐσία

2117 1573 2202 1619 τις
2231 1561 2389 1630 καινὴ
2432 1563 2524 1614 καὶ
2572 1563 2996 1637 παρηλλαγμένη
3045 1569 3194 1638 παρὰ
3236 1569 3333 1639 τὴν
3361 1571 3696 1642 τοῦΠατρὸς

2119 1648 2307 1702 οὐσίαν
2339 1651 2416 1721 τῷ
2441 1652 2550 1723 Υἱῷ
2573 1655 2798 1726 ὑπέστη.
2860 1657 2998 1710 Ἀλλ’
3021 1659 3157 1728 ὅπερ
3193 1661 3339 1713 ἐστὶν
3373 1664 3400 1714 ὁ
3429 1663 3614 1732 Πατὴρ
3638 1663 3695 1714 ὲν

447 1763 634 1821 parata
665 1757 733 1810 ab
762 1773 828 1811 ea
852 1775 972 1827 qum
1011 1760 1188 1813 Patris
1215 1768 1331 1824 est,
1361 1760 1500 1814 Filio
1542 1763 1700 1816 inest.
1733 1763 1838 1818 Sed
1872 1765 2016 1834 quod

2123 1737 2199 1807 τῷ
2231 1739 2371 1810 λόγῳ
2413 1742 2511 1811 τῆς
2546 1745 2776 1811 φύσεως,
2822 1746 2978 1801 τοῦτο
3010 1750 3102 1802 καὶ
3131 1751 3159 1800 ὁ
3201 1748 3259 1813 ἐξ
3289 1751 3495 1803 ἐκείνου
3521 1753 3691 1812 ἐστὶν,

446 1843 606 1898 Pater
638 1857 720 1902 est
752 1849 805 1902 in
839 1851 1048 1904 ratione
1079 1859 1317 1917 natura,
1353 1853 1455 1906 hoc
1490 1856 1651 1907 etiam
1689 1865 1772 1909 est
1801 1857 1890 1910 ille
1922 1857 2016 1926 qui

446 1952 510 1989 ex
539 1937 628 1989 illo
664 1939 909 2002 exsistit,
937 1956 1059 1993 cum
1087 1951 1276 1995 natura
1306 1942 1359 1994 in
1384 1943 1749 1997 diversitatem
1773 1961 1881 1998 non
1906 1961 2022 1998 mu—

446 2036 589 2082 tetur
614 2029 665 2080 in
695 2028 813 2082 Filii
841 2046 1095 2098 persona,
1120 2033 1420 2086 secundum
1449 2044 1572 2088 ante
1594 2034 2016 2088 demcmstratam

450 2117 608 2170 nobis
658 2120 924 2173 sermonis
973 2121 1277 2174 veritatem.
1329 2121 1384 2174 In
1432 2123 1615 2176 Abelis
1662 2125 2018 2179 subsistentia

451 2212 658 2257 natura:
687 2206 1044 2259 dilferentiam
1083 2223 1190 2260 non
1227 2208 1352 2261 fecit
1390 2229 1400 2262 :
1439 2211 1516 2263 sic
1558 2211 1718 2264 etiam
1753 2212 1805 2264 in
1843 2215 2018 2266 incor-

451 2295 802 2363 ruptibilibus
853 2296 1089 2349 decretis
1137 2297 1268 2350 nihil
1309 2298 1361 2350 in
1407 2299 1589 2367 scipso
1625 2316 1717 2368 per
1748 2302 2018 2369 propriam

446 2384 850 2452 generationem
882 2382 1205 2453 Uuigenitus
1229 2385 1372 2439 Deus
1399 2389 1690 2441 essentiam
1718 2405 1822 2443 non
1856 2393 2019 2458 geniti

449 2471 786 2533 ituinutavit,
815 2487 877 2526 ex
907 2472 1068 2526 Patre
1092 2476 1182 2543 qui
1215 2477 1410 2536 exivit,
1439 2485 1491 2530 et
1521 2477 1611 2546 qui
1640 2486 1722 2531 est
1754 2480 1806 2532 in
1841 2479 2018 2544 Patre,

445 2565 589 2616 sicut
624 2565 975 2634 Iivangelium
1017 2567 1172 2622 dicit.
1213 2567 1317 2622 Sed
1348 2579 1432 2642 est
1475 2573 1774 2624 secundum
1812 2572 2022 2640 simpli-

445 2670 561 2708 cem
592 2664 645 2708 et
679 2656 957 2725 proprium
989 2655 1109 2709 fidei
1143 2667 1340 2711 nostrae
1367 2675 1671 2713 sermonem
1693 2701 1706 2723 ,
1741 2661 1920 2713 lumen
1955 2662 2022 2715 de

449 2745 688 2809 lumine,
733 2745 876 2800 Deus
905 2763 1066 2801 verus
1099 2748 1166 2801 de
1211 2747 1321 2802 Deo
1365 2765 1525 2815 vero,
1570 2752 1754 2804 omnia
1809 2751 1896 2804 hic
1937 2758 2022 2805 est

447 2852 792 2905 quaecunque
822 2845 905 2891 est
934 2837 1023 2891 ille
1044 2879 1058 2901 ,
1088 2855 1152 2894 eo
1180 2850 1406 2909 excepto
1433 2843 1578 2911 quod
1609 2843 1697 2897 ille
1726 2852 1808 2897 est
1836 2842 2017 2896 Pater.

449 2929 685 2999 Scopum
717 2938 896 2985 autem
933 2931 1091 3001 cujus
1120 2947 1285 2987 causa
1320 2933 1431 2986 brec
1458 2932 1747 2988 artificiose
1778 2941 2020 2988 tractans

447 3021 811 3090 persequitur,
836 3037 943 3076 non
977 3023 1211 3077 arbitror
1243 3032 1496 3092 oportere
1526 3025 2015 3093 impraesentiarum

446 3113 648 3166 dicere.
679 3111 803 3167 Sive
833 3114 1008 3167 audax
1033 3123 1086 3169 et
1113 3115 1475 3184 periculosum
1498 3157 1511 3178 ,
1543 3117 1658 3169 sive
1691 3131 2017 3170 concessum

445 3213 528 3259 est
558 3213 608 3258 et
642 3206 884 3275 periculo
915 3217 1100 3271 vacat,
1138 3207 1371 3277 ﬁgurare
1405 3224 1468 3262 ex
1501 3209 1679 3277 aliquo
1712 3209 1777 3261 ad
1811 3208 2019 3276 aliquid

449 3296 500 3348 in
530 3295 711 3349 divina
737 3307 930 3350 natura
955 3298 1342 3367 signiﬁcativas
1365 3299 1632 3353 dictiones
1653 3339 1668 3362 ,
1693 3307 1745 3354 et
1777 3299 2022 3370 γέννημα

446 3388 824 3458 (progeniem)
856 3389 1040 3443 dicere
1067 3405 1190 3443 eum
1225 3389 1319 3457 qui
1349 3391 1564 3458 genitus
1593 3399 1696 3444 est.

516 3476 641 3531 llaac
688 3488 988 3546 przetereo,
1039 3494 1106 3532 ne
1150 3480 1278 3532 dum
1330 3495 1495 3549 super
1547 3481 1753 3533 minora
1804 3490 2021 3536 certans

448 3574 646 3635 prater
682 3567 939 3620 decorum
975 3583 1155 3621 sermo
1189 3577 1376 3623 noster
1405 3579 1725 3638 occnpatur,
1757 3572 1904 3640 quod
1938 3582 2021 3627 est

447 3655 626 3725 majus
651 3659 906 3728 negligat.
935 3659 1037 3712 Sed
1071 3659 1201 3713 illud
1230 3660 1354 3714 dico
1377 3669 1630 3715 accurate
1656 3671 1707 3722 et
1732 3661 2022 3732 diligenter

447 3749 888 3816 cognoscendum
918 3764 1041 3804 esse
1068 3759 1120 3804 et
1147 3751 1548 3806 discutiendum
1572 3793 1586 3817 ,
1617 3764 1796 3808 utrum
1825 3769 2023 3809 secun-

448 3839 576 3892 dum
606 3848 854 3892 naturam
883 3841 1072 3894 relatio
1097 3842 1288 3896 horum
1319 3843 1493 3897 induit
1521 3845 1798 3897 nominum
1824 3860 2016 3898 usum:

443 3935 547 3986 ltoc
581 3930 725 3983 enim
757 3931 844 3984 ille
880 3947 1109 4001 prorsus
1135 3935 1208 3986 ait
1231 3976 1244 3995 ,
1278 3937 1419 4004 quod
1445 3951 1567 3989 cum
1597 3938 2019 4006 appellationum

448 4023 778 4092 preprietate
799 4025 1003 4092 pariter
1027 4025 1076 4077 id
1111 4027 1253 4094 quod
1283 4034 1366 4080 est
1397 4029 1697 4081 secundum
1724 4028 2018 4081 essentiam

447 4113 744 4168 inducitur.
771 4112 890 4168 Non
921 4115 1064 4168 enim
1100 4115 1151 4167 in
1180 4116 1375 4183 seipsis
1409 4116 1551 4168 nuda
1583 4118 1802 4168 nomina
1824 4116 1890 4168 ab
1917 4131 2023 4168 em-

447 4207 603 4276 phasi
633 4207 1064 4277 signiﬁcatorum
1098 4206 1404 4276 disjuncta,
1439 4207 1755 4261 relationem
1791 4207 1930 4261 inter
1962 4223 2021 4262 se

448 4297 646 4354 habere
676 4297 913 4366 aliquam
945 4305 999 4350 et
1029 4297 1458 4350 familiaritatem
1489 4298 1611 4366 quis
1645 4298 1844 4352 dixerit
1878 4317 1889 4350 :
1925 4298 2019 4354 sed

2113 1830 2179 1884 οὐ
2210 1833 2637 1906 μεταϐληθείσης
2666 1841 2744 1900 είς
2773 1840 3062 1910 ἑτερότητα
3092 1843 3149 1894 ὲν
3174 1845 3236 1912 τῇ
3262 1843 3356 1894 τοῦ
3394 1843 3523 1896 Υίοῦ
3562 1845 3695 1897 ὐπο-

2122 1927 2306 1980 στάσει
2337 1929 2433 1997 τῆς
2459 1929 2688 1997 φύσεως,
2719 1933 2859 1985 κατὰ
2879 1936 2976 2004 τὴν
3005 1935 3412 2004 προδειχθεῖσαν
3441 1939 3571 2007 ἡμῖν
3602 1937 3696 1990 τοῦ

2119 2017 2276 2099 λόγου
2306 2020 2579 2091 ἀλήθειαν.
2636 2024 2757 2076 Ἐπὶ
2788 2025 2886 2094 τῆς
2916 2026 3009 2078 τοῦ
3058 2026 3211 2079 Ἀϐὲλ
3249 2027 3436 2090 οὐσίας
3470 2028 3570 2098 τὴν
3599 2028 3697 2097 τῆς

2122 2111 2334 2178 φύσεως
2356 2114 2703 2185 παραλλαγὴν
2729 2117 2825 2170 οὐκ
2851 2118 3103 2188 ἐποίησεν
3128 2135 3139 2146 ·
3168 2119 3340 2182 οὕτως
3362 2121 3456 2172 καὶ
3479 2121 3570 2172 ἐπὶ
3591 2118 3698 2172 τῶν

2121 2203 2409 2274 ἀκηράτων
2435 2205 2738 2274 δογμάτων,
2770 2210 2916 2262 οὐδὲν
2963 2212 3019 2262 ὲν
3063 2211 3237 2280 ἑαυτῷ
3277 2211 3363 2264 διὰ
3413 2211 3511 2280 τῆς
3561 2211 3697 2273 ιδίας

2121 2293 2442 2362 γεννήσεως,
2475 2296 2570 2365 τὴν
2589 2296 2681 2348 τοῦ
2713 2297 2784 2367 μὴ
2813 2301 3161 2368 γεννηθέντος
3191 2300 3375 2353 οὐσίαν
3402 2300 3699 2368 ἠλλοίωσεν

2121 2383 2148 2433 ὀ
2187 2384 2495 2454 Μονογενὴς
2528 2386 2677 2449 Θεὸς,
2720 2389 2781 2439 ὲκ
2807 2388 2896 2440 τοῦ
2927 2390 3138 2461 Πατρὸς
3165 2389 3393 2456 ἐξελθὼν
3415 2391 3509 2442 καὶ
3533 2393 3588 2442 ὲν
3618 2391 3698 2460 τῷ

2121 2473 2295 2543 Πατρὶ
2319 2473 2412 2533 ὢν,
2440 2475 2620 2538 καθὼς
2639 2478 2698 2530 τὸ
2719 2479 3041 2553 Εὐαγγέλιον
3066 2480 3231 2548 λέγει.
3263 2480 3399 2532 Ἀλλ’
3420 2481 3534 2533 ἔστι
3555 2481 3698 2536 κατά

2120 2565 2210 2617 τὸν
2241 2567 2442 2618 ἁπλοῦν
2468 2585 2524 2619 τε
2572 2569 2665 2621 καὶ
2703 2569 2964 2623 ἰδιωτικὸν
2986 2571 3085 2640 τῆς
3115 2571 3238 2624 καθ’
3283 2573 3428 2642 ἡμᾶς
3462 2573 3699 2635 πίστεως

2120 2656 2294 2722 λόγον.
2322 2657 2435 2726 φῶς
2468 2659 2530 2710 ὲκ
2567 2659 2761 2725 φωτὸς,
2792 2659 2924 2721 Θεὸς
2949 2660 3198 2728 ἀληθινὸς
3243 2663 3306 2713 ἐκ
3336 2660 3471 2713 Θεοῦ
3504 2660 3698 2730 ἀληθι-

2121 2744 2235 2807 νοῦ,
2259 2746 2434 2798 πάντα
2461 2747 2536 2798 ὢν
2564 2740 2719 2811 οὗτος
2745 2749 2843 2801 ὅσα
2866 2749 3247 2814 ἐστινέκεῖνος,
3281 2749 3416 2821 πλὴν
3443 2749 3537 2803 τοῦ
3559 2751 3701 2804 ἐκεῖ·

2121 2853 2209 2898 νος
2239 2831 2377 2889 εἶναι
2404 2832 2609 2905 Πατήρ.
2633 2835 2733 2888 Τὸν
2750 2835 2805 2890 δὲ
2827 2839 3026 2893 σκοπὸν
3056 2833 3116 2893 οὗ
3141 2842 3297 2911 χάριν
3318 2842 3488 2895 ταῦτα
3514 2859 3700 2912 τεχνο-

2120 2926 2296 2994 λογῶν
2330 2927 2684 2997 διεξέρχεται,
2731 2928 2880 2981 οὐδὲν
2912 2926 3063 3000 οἶμαι
3107 2931 3215 2985 δεῖν
3259 2934 3316 2985 ὲν
3361 2932 3439 3002 τῷ
3469 2933 3698 3003 παρόντι

2122 3016 2318 3083 λέγειν.
2371 3015 2495 3067 Εἴτε
2523 3017 2793 3087 τολμηρόν
2821 3035 2879 3070 τε
2911 3019 3004 3072 καὶ
3037 3020 3371 3086 κινδυνῶδες,
3409 3022 3518 3074 είτε
3565 3040 3697 3090 συγ·-

2123 3105 2504 3175 κεχωρημένον
2542 3106 2658 3157 ἐστὶ
2713 3107 2806 3160 καί¹
2852 3107 3129 3162 ἀκίνδυνον
3168 3110 3227 3162 τὸ
3274 3111 3700 3181 παρασχηματίο

2122 3196 2234 3259 ζειν
2281 3196 2341 3247 ἐκ
2374 3213 2516 3258 τινος
2550 3197 2628 3258 εἴς
2677 3215 2726 3249 τι
2763 3197 2858 3261 τὰς
2905 3200 3239 3268 σημαντικὰς
3281 3202 3373 3254 ἐπὶ
3410 3203 3509 3272 τῆς
3545 3201 3695 3265 θείας

2122 3285 2335 3353 φύσεως
2359 3284 2551 3350 λέξεις,
2583 3285 2673 3338 καὶ
2704 3286 2950 3357 γέννημα
2973 3287 3149 3356 λέγειν
3173 3289 3263 3344 τὸν
3291 3278 3638 3360 γεννηθέντα.

2207 3464 2455 3536 Παρίημι
2493 3462 2684 3528 ταῦτα,
2729 3464 2806 3528 ὡς
2876 3464 2940 3516 ἂν
2957 3462 3030 3534 μὴ
3057 3466 3122 3534 τῇ
3151 3463 3285 3534 πρὸς
3305 3464 3372 3517 τὰ
3393 3465 3691 3536 μικρότερα

2127 3555 2271 3626 μάχῃ
2319 3557 2459 3626 πέρα
2481 3555 2573 3608 τοῦ
2603 3555 2810 3618 δέοντος
2835 3558 2863 3608 ὁ
2890 3555 3046 3623 λόγος
3066 3558 3195 3625 ἡμῖν
3218 3555 3689 3626 ἐνασχολούμενος,

2123 3647 2347 3717 ἀμελοίη
2395 3645 2488 3698 τοῦ
2521 3645 2779 3715 μείζονος.
2851 3645 2988 3698 Ἀλλ’
3020 3646 3204 3698 ἐκεῖνό·
3227 3663 3368 3716 φημι
3392 3647 3503 3698 δεῖν
3533 3649 3688 3718 ἀκρι-

2124 3738 2231 3801 ϐῶς
2262 3737 2622 3806 κατανοῆσαι,
2659 3739 2706 3788 εἰ
2732 3738 2764 3807 ἡ
2795 3735 2936 3789 κατὰ
2968 3736 3128 3804 φύσιν
3161 3736 3342 3806 σχέσις
3375 3739 3692 3808 παρεισάγει

2121 3831 2226 3884 τῶν
2265 3831 2540 3900 ὀνομάτων
2583 3827 2786 3880 τούτων
2824 3827 2921 3897 τὴν
2948 3828 3142 3898 χρῆσιν
3163 3844 3176 3858 ·
3227 3826 3385 3879 τοῦτο
3415 3829 3524 3895 γὰρ
3554 3831 3690 3882 ὲκεί-

2122 3921 2208 3982 νὸς
2232 3937 2363 3988 φησι
2387 3921 2622 3980 πάντως,
2649 3918 2728 3970 ὅτι
2759 3920 2822 3987 τῇ
2846 3917 2952 3969 τῶν
2977 3916 3357 3987 προσηγοριῶν
3405 3919 3697 3991 οἰκειότητι

2123 4014 2216 4066 καὶ
2249 4013 2310 4065 τὸ
2343 4014 2458 4065 κατ’
2490 4011 2676 4064 οὐσίαν
2701 4011 2897 4063 οἰκεῖον
2929 4010 3456 4080 συμπαρεισάγεται.
3488 4011 3562 4063 Οὐ
3589 4009 3693 4080 γὰρ

2124 4105 2189 4159 ἂν
2220 4103 2302 4172 ἐφ’
2338 4102 2545 4156 ἑαυτῶν
2583 4101 2713 4169 ψιλὰ
2744 4100 2812 4152 τὰ
2847 4100 3082 4170 ὀνόματα
3115 4101 3208 4169 τῆς
3233 4101 3339 4152 τῶν
3365 4101 3696 4171 σημαινομέ-

2122 4211 2228 4247 νων
2258 4193 2547 4262 ὲμςράσεως
2585 4189 2965 4260 διεζευγμένα,
3011 4189 3191 4260 σχέσιν
3238 4189 3380 4261 ἔχειν
3409 4190 3528 4243 τινὰ
3560 4190 3693 4259 πρὸς

2121 4285 2322 4354 ἄλληλα
2354 4285 2447 4337 καὶ
2480 4282 2784 4351 οἰκειότητα
2823 4283 3042 4350 φήσειεν
3066 4297 3079 4310 ”
3124 4280 3234 4333 ἀλλ’
3284 4284 3339 4334 ὲν
3365 4283 3480 4343 ταῖς
3515 4297 3692 4350 σημα-

445 4387 500 4440 in
541 4387 608 4441 iis
641 4387 804 4461 rebus
839 4403 961 4457 quze
987 4403 1081 4453 per
1113 4388 1386 4442 dictiones
1431 4388 1830 4458 signiﬁcantur,
1874 4390 2017 4458 quod

2131 4377 2272 4439 σίαις
2296 4378 2414 4436 ταῖς
2442 4374 2545 4427 ὐπὸ
2573 4373 2679 4426 τῶν
2710 4373 2904 4439 λέξεων
2931 4372 3306 4442 δηλουμέναις,
3338 4371 3394 4424 τὸ
3408 4371 3602 4423 οἰκεῖόν
3635 4390 3692 4440 ηε

443 4489 526 4534 est
553 4478 821 4533 familiare
847 4491 898 4534 et
927 4482 1163 4534 alienum
1190 4482 1242 4534 in
1271 4483 1723 4551 appellationibus
1750 4482 2022 4538 discerni-

446 4589 588 4627 mus.
629 4572 772 4641 Ergo
808 4573 854 4626 si
889 4573 1086 4626 Filium
1127 4573 1327 4629 habere
1363 4577 1664 4629 naturalem
1701 4576 2017 4630 relationem

445 4679 570 4717 cum
600 4661 760 4716 Patre
792 4663 1104 4727 conﬁtetur,
1142 4665 1348 4718 relictis
1383 4665 1874 4734 appellationibus,
1907 4665 2016 4718 vim

447 4768 569 4821 quae
604 4761 688 4807 est
724 4753 777 4806 in
826 4755 1150 4822 signiﬁcatis
1180 4755 1591 4821 dignoscamus.
1629 4756 1820 4810 Utrum
1869 4757 2015 4827 quod

447 4844 681 4897 alienum
719 4852 801 4898 est
845 4846 914 4898 ab
957 4847 1192 4902 essentia
1236 4848 1288 4901 in
1340 4849 1747 4918 propinquitate
1790 4857 1844 4904 et
1894 4864 2020 4918 pro-

449 4932 678 5003 prietate
721 4934 1002 4988 nominum
1044 4938 1416 5006 cognoscitur,
1450 4956 1518 4992 an
1551 4941 1698 5008 quod
1730 4949 2020 5010 cognatum

445 5031 533 5081 est
563 5031 616 5078 et
651 5025 952 5093 proprium.
988 5025 1093 5080 Sed
1123 5029 1362 5082 alienum
1396 5028 1578 5084 dicere
1614 5030 1915 5085 manifesta!
1944 5037 2028 5085 est

449 5115 698 5170 insaniat.
743 5115 1027 5180 Quomodo
1069 5119 1212 5171 enim
1246 5120 1369 5187 quis
1415 5129 1764 5174 externorum
1810 5130 1862 5175 et
1905 5137 2030 5174 cum

447 5209 648 5279 quibus
684 5207 833 5260 nulla
866 5214 949 5259 est
981 5210 1327 5272 communio,
1361 5213 1674 5274 contiguam
1710 5220 1763 5263 et
1797 5211 2018 5280 prepin—

448 5315 610 5370 quam
642 5301 694 5353 in
731 5298 1044 5352 nominibus
1079 5311 1361 5354 conservet
1401 5302 1822 5368 ordinationem,
1901 5319 2020 5354 cum

449 5392 563 5458 ipsa
594 5392 769 5461 genita
802 5392 1033 5444 essentia
1073 5391 1258 5460 (sicut
1291 5391 1406 5460 ait)
1442 5404 1492 5445 et
1534 5391 1662 5445 Filii
1695 5394 1979 5460 appellatio
2005 5439 2016 5455 ,

455 5489 624 5534 tamen
649 5485 915 5536 nominum
937 5484 1270 5552 utpropriam
1294 5485 1394 5538 sibi
1422 5485 1639 5538 trindicct
1657 5485 1959 5538 relationem
1983 5482 2004 5534 ?

531 5651 596 5680 ²⁵⁶
629 5651 756 5712 Luc.
813 5673 867 5725 χ,
900 5659 982 5712 16.

2130 4470 2223 4522 καὶ
2249 4467 2524 4536 ἀλλότριον
2543 4465 2650 4517 τῶν
2674 4463 3050 4534 προσηγοριῶν
3071 4463 3430 4532 διακρίνομεν.
3467 4463 3696 4524 Οὐκοῦν,

2128 4563 2176 4614 εί
2224 4560 2456 4629 φυσικὴν
2487 4557 2628 4627 ἔχειν
2665 4557 2913 4626 ὁμολογεῖ
2946 4556 3127 4626 σχέσιν
3157 4557 3248 4608 τὸν
3279 4557 3404 4609 Υἰὺν
3445 4559 3578 4628 πρὲις
3610 4559 3699 4610 τὸν

2128 4653 2366 4722 Πατέρα,
2393 4649 2776 4711 καταλιπόντες
2810 4647 2908 4712 τὰς
2943 4647 3334 4718 προσηγορίας,
3365 4648 3462 4717 τὴν
3496 4650 3555 4702 ὲν
3591 4651 3699 4711 τοῖς

2128 4734 2542 4816 σημαινομένοις
2587 4745 3008 4810 κατανοήσωμεν
3047 4739 3294 4808 δύναμιν.
3366 4741 3602 4812 Πότερον
3645 4744 3700 4794 τὸ

2125 4837 2402 4907 ἀλλότριον
2439 4834 2540 4903 τῆς
2563 4833 2749 4896 οὐσίας
2787 4834 2851 4884 ὲν
2866 4831 3154 4900 οἰκειότητι
3184 4833 3611 4905 κατανοείται,ῆ
3644 4833 3700 4885 τὸ

2133 4927 2391 4996 συγγενές
2424 4943 2483 4977 τε
2508 4925 2602 4978 καὶ
2626 4924 2772 4976 ίδιον.
2811 4921 2969 4974 Ἀλλὰ
2993 4921 3055 4974 τὸ
3079 4922 3174 4991 μὲν
3198 4920 3478 4991 ἀλλότριον
3507 4926 3700 4984 εἰπεῖν,

2134 5021 2370 5091 φανερᾶς
2408 5017 2599 5088 μανίας
2627 5015 2791 5068 ἐστίν.
2831 5012 2955 5077 Πῷς
2983 5014 3091 5083 γάρ
3111 5029 3192 5075 τις
3212 5012 3318 5064 τῶν
3341 5013 3508 5078 ξένων
3531 5031 3591 5068 τε
3611 5016 3701 5068 καὶ

2137 5112 2510 5182 ἁκοινωνήτων
2543 5109 2749 5177 συναιρῆ
2780 5123 2836 5158 τε
2885 5106 2977 5159 καὶ
3019 5105 3221 5158 οἰκείαν
3251 5105 3310 5156 ὲν
3337 5108 3448 5168 τοῖς
3478 5105 3701 5174 ὀνόμασι

2125 5209 2375 5270 διασώζει
2416 5206 2586 5270 τάξιν,
2641 5201 2749 5268 τῆς
2792 5199 3183 5269 γεντμηθείσης
3229 5195 3420 5263 αὐτῆς
3467 5198 3699 5262 οὐσίας,

2129 5300 2307 5363 καθώς
2336 5315 2496 5367 φησι,
2558 5295 2649 5348 καὶ
2681 5293 2785 5359 τῆς
2829 5291 2934 5345 τοῦ
2983 5289 3118 5344 Υἱοῦ
3156 5290 3563 5358 προσηγορίας
3593 5289 3704 5356 τὴν

2128 5393 2408 5457 τοιαύτην
2443 5387 2557 5440 τῶν
2585 5383 2888 5454 ὀνομάτων
2918 5382 3325 5450 οἰκειουμένης
3349 5379 3604 5449 σχέσινς
3644 5379 3701 5432 lii

2127 5482 2270 5536 δὲτὸ
2322 5483 2515 5532 οἰκεῖον
2559 5478 2644 5531 διὰ
2677 5476 2782 5531 τῶν
2826 5474 3203 5546 προσηγοριῶν
3252 5472 3452 5552 τούτων
3492 5473 3699 5542 ἀποση-
