4010 6156
298 247 402 310 597

1417 249 1702 304 CONTRA
1737 247 2124 318 EUNOMIUM,
2164 250 2292 305 LIB.
2329 250 2414 304 lli.

3450 254 3552 309 598

299 364 584 435 μαίνεσθαι
600 362 767 432 λέγοι,
787 361 1082 432 συνήγορος
1111 363 1168 429 ἐξ
1189 363 1432 433 ἀνάγκης
1455 363 1550 416 τοῦ
1575 364 1752 417 κοινοῦ
1779 363 1876 433 τῆς

2007 363 2132 428 Quod
2164 365 2208 418 si
2241 363 2630 433 pmprietatem
2665 363 2778 417 sive
2811 362 3274 432 propinquitatem
3322 379 3417 434 per
3460 365 3558 418 has

300 457 484 521 οὐσίας
510 455 912 525 ἀναφανήσεται
939 453 1026 507 διὰ
1049 455 1147 524 τῆς
1173 455 1283 507 τῶν
1313 455 1589 525 ὀνομάτων
1608 455 1876 524 οἰκειότη-

301 566 409 620 τος.
446 547 552 599 Καὶ
577 545 638 598 τὸ
669 544 778 597 τῶν
807 545 1181 613 ὑποκειμένων
1202 546 1434 613 συναφὲς
1457 545 1881 608 κατασκευάζων

300 638 683 710 σημαίνεσθαι,
723 638 818 691 καὶ
869 637 1028 692 τοῦτο
1087 638 1350 708 πολλαχοῦ
1393 640 1490 709 τῆς
1519 639 1882 710 λογογραφίας

301 731 468 784 ποιῶν
498 730 599 782 οὐκ
628 729 934 783 ἐπίσταται.
965 730 1042 782 Δι’
1068 724 1141 783 ὦν
1170 731 1277 801 γάρ
1308 733 1575 802 ἐπιχειρεῖ
1605 731 1882 803 καθαιρεῖν

299 823 397 893 τὴν
427 820 730 892 ἀλήθειαν,’
757 821 1026 885 ἀκουσίως
1068 821 1329 885 πολλάκις
1377 823 1704 877 καθέλκεται
1749 823 1886 895 πρὸς

304 914 630 984 συνηγορίαν
658 914 768 966 τῶν
793 912 1211 983 πολεμουμένων
1231 914 1534 984 δογμάτων.
1569 909 1692 970 Οἷὸν
1721 933 1773 968 τι
1792 915 1886 968 καὶ

303 1008 429 1077 περὶ
455 1006 548 1059 τοῦ
577 1005 752 1059 Σαοὺλ
769 1007 833 1058 ὲκ
856 1005 957 1075 τῆς
994 1006 1234 1077 ἱστορίας
1259 1007 1592 1077 ἠκούσαμεν,
1627 1010 1709 1062 ὅτι
1730 1007 1887 1078 θυμῷ

304 1114 434 1150 ποτε
467 1097 610 1150 κατά
656 1095 765 1150 τῶν
815 1097 1262 1167 προφητευόντων
1303 1099 1638 1168 κινούμενος,
1679 1098 1888 1169 ἡττήθη

305 1189 404 1257 τῆς
431 1189 668 1258 χάριτος,
699 1188 789 1240 καὶ
813 1188 921 1241 τῶν
948 1189 1206 1259 θεοφορου
1216 1188 1388 1260 μένων
1414 1185 1491 1254 εἷς
1516 1185 1582 1259 ἦν
1606 1207 1618 1221 ο
1647 1189 1741 1243 τοῦ
1767 1207 1890 1261 προ-

308 1279 538 1349 φητικοῦ
563 1278 890 1348 πνεύματος,
920 1281 995 1343 ὡς
1020 1275 1191 1350 οἶμαι,
1219 1282 1287 1333 δι’
1309 1279 1500 1333 ἑαυτοῦ
1530 1281 1620 1335 τὸν
1649 1282 1886 1334 ἀποστά-

311 1390 413 1441 την
443 1371 728 1425 παιδεῦσαι
767 1370 1112 1441 θελήσαντος.
1165 1371 1326 1424 Ὅθεν
1359 1372 1419 1424 τὸ
1453 1373 1760 1444 παράλογον
1796 1373 1892 1443 τῆς

314 1463 603 1533 συντυχίας
631 1463 897 1533 παροιμία
923 1463 999 1533 τῷ
1028 1464 1164 1532 μετά
1204 1463 1376 1516 ταῦτα
1393 1465 1580 1531 γέγονε
1615 1465 1736 1534 βίῳ,
1765 1464 1894 1520 θαυ-

320 1555 598 1626 μαστικῶς
625 1556 724 1626 τῆς
763 1556 1004 1626 ἱστορίας
1037 1556 1093 1609 τὸ
1115 1556 1322 1610 τοιοῦτο
1353 1557 1668 1628 διεξιούσης,
1697 1560 1762 1611 El
1796 1559 1893 1611 καὶ

323 1649 524 1704 Σαοὺλ
548 1649 618 1702 ἐν
644 1648 974 1718 προφήταις
994 1666 1015 1712 ;

399 1910 488 1963 Ἐν
515 1908 656 1960 τίσιν
684 1903 776 1960 οὖν
820 1908 848 1959 ὁ
883 1906 1140 1978 Εύνόμιος
1179 1910 1243 1977 τῇ
1287 1907 1513 1977 ἀληθείᾳ
1541 1905 1850 1957 συνίσταται
1877 1921 1889 1966 ;

328 2004 417 2055 Ἐν
457 1997 539 2062 οἷς
580 2017 744 2068 φησιν
768 2017 782 2031 ·
827 1999 908 2051 ὅτι
940 1999 1126 2064 Αὐτὸς
1173 2002 1206 2052 ό
1238 2001 1468 2065 Κύριος,
1510 1998 1641 2061 Υἱὸς
1665 1993 1750 2048 ὢν
1779 1996 1884 2049 τοῦ

316 2093 470 2148 Θεοῦ
498 2092 600 2146 τοῦ
633 2086 852 2156 ζῶντος
880 2090 994 2156 τὴν
1032 2089 1098 2143 ἐκ
1125 2087 1237 2156 τῆς
1256 2087 1562 2160 Παρθένου
1607 2088 1894 2157 γέννησιν

315 2185 431 2237 οὐκ
463 2182 997 2250 ἑπαισχυνόμενος,
1020 2181 1106 2233 ’ἐν
1132 2180 1254 2246 τοῖς
1275 2180 1494 2234 ἑαυτοῦ
1517 2182 1721 2248 λόγοις
1759 2179 1896 2232 Υὶὸν

317 2273 635 2342 ἀνθρώπου
656 2273 954 2338 πολλάκις
971 2273 1284 2342 ὠνόμασεν
1307 2272 1542 2326 ἑαυτόν.
1569 2272 1766 2325 Τοῦτον
1790 2272 1898 2342 γάρ

318 2367 417 2418 καὶ
454 2368 613 2436 ἡμεῖς
653 2365 743 2418 τὸν
771 2365 926 2432 λόγον
953 2367 1032 2428 είς
1067 2364 1343 2428 ἀπόδειξιν
1368 2365 1460 2417 τοῦ
1489 2364 1665 2418 κοινοῦ
1692 2365 1787 2434 τῆς
1813 2367 1899 2417 οὺ-
1923 2372 1936 2378 ‘

320 2457 445 2519 σίας
476 2455 860 2526 προσφέρομεν
883 2470 894 2482 ·
945 2457 1025 2506 ὅτι
1053 2455 1144 2511 τοῦ
1176 2455 1307 2508 Υίοῦ
1335 2456 1394 2508 τὸ
1439 2456 1606 2519 δνομα
1635 2457 1756 2526 ἴσην
1781 2457 1898 2509 κατ’

319 2548 532 2618 ἀμφότε
543 2565 607 2617 ρο.
622 2548 722 2620 τὴν
739 2547 838 2616 τῆς
856 2542 1076 2616 φύσεως
1089 2547 1365 2601 κοινωνίαν
1384 2539 1560 2610 (α).οὗ
1576 2557 1671 2603 ;ως
1688 2543 1781 2595 καὶ
1806 2547 1900 2599 τοῦ

321 2638 460 2692 θεοῦ
497 2639 623 2701 Υἱὸς
654 2639 869 2700 πάντως
906 2641 1106 2691 νοεῖται
1140 2639 1228 2692 διὰ
1268 2640 1365 2709 τὴν
1405 2641 1504 2709 τῆς
1537 2639 1719 2702 οὐσίας
1737 2638 1900 2691 αὑτοῦ

326 2730 465 2799 πρὸς
492 2731 589 2800 τὴν
619 2731 674 2794 ἐξ
701 2723 768 2799 ἦς
813 2729 1020 2799 ὑπέστη
1062 2730 1353 2799 συνάρειαν
1373 2747 1384 2759 ·
1443 2732 1538 2783 καὶ
1567 2730 1626 2782 τὸ
1653 2729 1903 2798 μέγιστον

330 2823 433 2889 τῆς
469 2818 718 2888 ἀληθείας
768 2817 930 2871 ὅπλον
981 2811 1136 2880 οὗτος
1163 2823 1190 2871 ὁ
1235 2819 1389 2887 λόγος
1428 2821 1594 2872 ἐστίν.
1648 2820 1750 2872 Τὸν
1799 2821 1905 2886 γὰρ

341 2910 570 2981 μεσίτην
595 2908 723 2961 Θεοῦ
755 2910 842 2961 καὶ
881 2907 1204 2977 ἀνθρώπων,
1238 2910 1418 2972 καθὼς
1447 2911 1725 2978 ὠνόμασεν
1756 2911 1781 2960 ὀ
1814 2911 1906 2978 μέ·-

338 3019 441 3070 γας
480 3001 805 3065 Ἄπόστολος,
836 3005 986 3059 οὐδὲν
1019 3006 1188 3066 οὕτως
1224 3003 1299 3064 ὡς
1326 3001 1388 3054 τὸ
1415 3002 1510 3054 τοῦ
1546 3002 1670 3054 Υἱοῦ
1700 3002 1905 3054 δείκνυ-

332 3108 418 3144 σιν
441 3090 631 3160 ὅνομα,
679 3092 913 3164 ἑκατέρᾳ
941 3094 1101 3162 φύσει
1128 3095 1191 3163 τῇ
1230 3091 1348 3162 θείᾳ
1382 3109 1438 3143 τε
1469 3092 1561 3143 καὶ
1598 3089 1912 3161 ἀνθρωπίνῃ

329 3180 479 3235 κατά
510 3181 570 3232 τὸ
598 3176 712 3234 ἶσον
748 3184 1207 3255 ὲφαρμοζόμενον.
1243 3183 1302 3235 Ὀ
1337 3181 1443 3252 γὰρ
1475 3182 1634 3244 αὐτὸς
1660 3182 1753 3234 καὶ
1776 3180 1910 3234 Θεοῦ

326 3268 458 3334 Υἱός
484 3269 622 3332 ἐστι,
664 3276 759 3327 καὶ
797 3276 926 3338 Υίὸς
963 3273 1251 3346 ἀνθρώπου
1288 3276 1408 3327 κατ’
1450 3273 1762 3343 οἰκονομίαν
1794 3274 1913 3341 ὲγέ-

326 3379 489 3415 νετο·
548 3364 636 3416 ἵνα
683 3368 750 3436 τῇ
785 3367 920 3436 πρὸς
964 3367 1220 3436 ἑκάτερον
1270 3366 1549 3434 κοινωνίᾳ,
1619 3364 1684 3416 δι’
1720 3363 1911 3416 ἑαυτοῦ

327 3450 546 3522 συνάψῃ
569 3453 637 3504 τά
666 3453 928 3507 διεστῶτα
953 3457 1018 3524 τῇ
1043 3453 1223 3522 φύσει.
1281 3454 1342 3506 Et
1373 3454 1471 3522 μὲν
1504 3450 1595 3506 οὖν
1625 3454 1914 3521 γενόμενος

327 3540 462 3602 Υἱὸς
486 3539 775 3610 ἀνθρώπου
807 3543 1070 3612 ἀμέτοχος
1096 3539 1162 3612 ἦν
1191 3543 1289 3612 τῆς
1313 3542 1658 3613 ἀνθρωπίνης
1677 3543 1910 3610 φύσεως,

329 3633 627 3686 ἀκόλουθον
655 3633 720 3687 ἂν
755 3630 822 3705 ἦν
845 3634 980 3688 Θεοῦ
1014 3635 1139 3689 Υἰὸν
1171 3635 1297 3688 ὄντα
1332 3636 1514 3697 αὑτὸν,
1564 3634 1696 3704 μηδὲ
1721 3651 1915 3687 κοινω-

329 3727 444 3778 νεῖν
469 3725 572 3794 τῆς
594 3725 742 3789 θείας
763 3727 951 3789 οὐσίας
977 3727 1173 3796 λέγειν.
1200 3729 1263 3781 Et
1285 3729 1340 3781 δὲ
1374 3729 1480 3780 πᾶν
1495 3727 1556 3779 τὸ
1584 3726 1916 3796 ἀνθρώπινον

330 3815 634 3887 σύγκραμα
655 3819 714 3870 ὲν
755 3818 905 3887 αὐτῷ
950 3815 1038 3888 ἦν’
1067 3809 1389 3894 ἰὲπειράσθη
1419 3821 1524 3889 γὰρ
1567 3819 1708 3872 κατὰ
1740 3821 1918 3874 πάντα

330 3907 458 3961 καθ’
492 3908 786 3978 ὁμοιότητα
825 3910 992 3979 χωρὶς
1029 3909 1301 3979 ἁμαρτίας
1327 3911 1364 3978 ·)
1395 3910 1609 3978 ἀνάγκη
1638 3911 1785 3962 πᾶσα
1824 3911 1917 3962 καὶ

332 4002 448 4054 πᾶν
492 4001 593 4069 τῆς
646 4000 1013 4070 ὑπερεχούσης
1058 4001 1245 4063 οὐσίας
1268 4003 1486 4073 ἰδίωμα,
1518 4003 1576 4054 ἐν
1623 4001 1771 4071 αὐτῷ
1820 4018 1911 4055 πι-

331 4093 549 4148 στεύειν
577 4087 718 4146 εἷναι
749 4093 847 4163 τῆς
875 4091 968 4145 τοῦ
999 4093 1127 4146 Υἱοῦ
1158 4092 1342 4162 φωνῆς
1372 4093 1572 4162 ὁμοίως
1595 4094 1744 4165 αὑτῷ
1778 4111 1917 4164 μαρ-

329 4183 608 4252 τυρούσης
639 4183 896 4252 ἑκάτερον
918 4199 929 4212 ·
977 4185 1034 4236 ἐν
1065 4183 1142 4253 τῷ
1168 4181 1437 4253 ἀνθρώπῳ
1471 4185 1588 4254 μὲν,
1620 4186 1681 4239 τὸ
1708 4185 1917 4254 ἀνθρὼ-

331 4291 514 4339 ⁴ιτινον,
549 4276 608 4326 ὲν
637 4274 693 4327 δὲ
725 4274 801 4344 τῷ
833 4273 972 4344 Θεῷ,
1003 4275 1064 4327 ,τὸ
1093 4275 1248 4329 θεῖον.

1981 458 2372 528 appellationes
2405 456 2702 528 signiﬁcari
2735 455 2910 519 dicat,
2950 456 3265 511 necessario
3297 465 3559 526 patronus

1981 549 2290 603 communis
2319 549 2572 602 essentia:
2598 546 2921 602 ostendetur
2947 563 3043 617 per
3073 547 3354 601 nominum
3387 549 3561 601 usita-

1981 652 2089 694 tam
2121 641 2600 695 consuetudinem.
2640 639 2706 691 Et
2738 648 2996 692 astruens
3027 639 3400 707 subiectorum
3437 655 3563 709 pro-

1984 732 2347 801 pinquitatem
2407 732 2522 787 sive
2570 731 2938 784 cohaesionem
2997 729 3343 800 significare,
3399 730 3562 798 idque

1984 822 2175 876 multis
2211 821 2263 875 in
2299 822 2436 877 locis
2477 821 2602 876 libri
2637 821 2706 876 ab
2734 836 2801 875 eo
2834 821 3023 890 scripti
3058 821 3236 875 nescit
3269 836 3328 876 se
3363 820 3561 876 facere.

1983 914 2088 969 Per
2115 929 2236 984 quae
2269 914 2412 968 enim
2447 914 2732 969 veritatem
2769 914 2988 968 abolere
3017 922 3268 976 conatur,
3308 928 3451 983 saepe
3497 913 3564 967 ad

1985 1006 2351 1076 patrocinium
2402 1005 2744 1060 decretorum
2789 1019 2910 1074 quae
2953 1011 3229 1074 oppugnat
3259 1005 3428 1058 invite
3480 1019 3568 1058 ac-

1988 1097 2154 1152 cedit.
2194 1096 2367 1163 Quale
2400 1095 2660 1166 quiddam
2697 1096 2765 1150 de
2799 1095 2960 1150 Saule
2991 1111 3054 1150 ex
3096 1096 3322 1150 historia
3353 1094 3567 1150 audivi-

1988 1199 2112 1239 mus
2132 1225 2146 1248 ,
2174 1188 2321 1254 quod
2353 1185 2433 1238 ira
2458 1183 2755 1254 aliquando
2782 1193 2974 1238 contra
3005 1185 3302 1254 pr0phetas
3331 1198 3570 1239 commo-

1991 1281 2080 1328 tus
2110 1289 2138 1327 a
2169 1274 2343 1344 gratia
2372 1283 2664 1344 superatus
2706 1283 2820 1337 est,
2851 1284 2905 1330 et
2932 1291 3076 1331 unus
3107 1284 3226 1330 erat
3254 1291 3444 1331 eorum
3478 1278 3570 1347 qui

1992 1365 2216 1420 numine
2247 1359 2596 1431 amabantur,
2631 1365 2952 1436 prophetico
2983 1367 3178 1436 spiritu
3203 1407 3217 1431 ,
3251 1368 3397 1423 sicut
3424 1369 3571 1423 arbi-

1992 1461 2127 1517 tror,
2163 1470 2257 1524 per
2288 1455 2530 1525 seipsttm
2559 1455 2778 1511 erudire
2807 1465 3112 1526 apostatam
3143 1459 3375 1513 volente.
3413 1457 3572 1514 Unde

1993 1544 2343 1612 proverbium
2379 1545 2434 1598 in
2467 1545 2577 1600 vita
2609 1554 2957 1616 posterorum
3005 1547 3210 1602 factum
3249 1557 3369 1612 est,
3406 1550 3472 1604 de
3509 1565 3574 1604 eo

1995 1636 2140 1706 quod
2169 1643 2316 1692 esset
2345 1637 2682 1707 inopinabile
2709 1647 2763 1693 et
2794 1649 2988 1708 praeter
3017 1655 3168 1709 spem
3191 1681 3204 1696 .
3237 1639 3565 1694 mirabiliter

1928 1705 1968 1758 Β
1998 1705 2222 1782 historia
2253 1728 2355 1783 hoc
2387 1705 2651 1785 recitante
2678 1747 2690 1782 :
2729 1705 2984 1800 Nunquid
3015 1705 3064 1784 et
3097 1730 3232 1786 Saul
3279 1733 3419 1786 inter
3448 1749 3574 1802 pro-

1991 1820 2172 1887 phetas
2206 1820 2288 1873 ὐἱ

2067 1907 2121 1962 ln
2156 1909 2356 1978 quibus
2386 1909 2548 1981 igitur
2575 1909 2877 1965 Eunomius
2902 1912 3114 1965 veritati
3147 1914 3488 1967 assentitur?
3517 1915 3574 1970 lu

1993 1999 2193 2068 quibus
2248 1999 2400 2065 dicit,
2449 2001 2591 2071 quod
2624 2001 2728 2067 ipse
2745 1996 3214 2067 Dominus,Filius
3234 2019 3348 2056 runt
3379 2006 3447 2057 sit
3481 2002 3578 2060 Dei

1995 2089 2238 2152 viventis,
2265 2111 2329 2148 ea:
2356 2093 2568 2163 Virgine
2601 2092 2989 2160 generationem
3020 2110 3122 2143 non
3151 2094 3454 2148 erubescens
3476 2136 3490 2159 ,
3523 2097 3574 2148 in
3650 2089 3655 2094 ’

1996 2183 2105 2248 suis
2134 2182 2460 2235 sermonibus
2493 2180 2941 2235 Filium/taminia
2978 2198 3114 2251 strpe
3143 2187 3369 2252 seipsum
3405 2191 3578 2240 nomi-

1996 2271 2159 2324 navit.
2230 2269 2338 2326 Nos
2367 2273 2512 2326 enim
2537 2272 2702 2326 etiam
2734 2272 2879 2327 hunc
2907 2289 3216 2330 sermonem
3249 2277 3317 2331 ad
3348 2278 3578 2332 demon-

1998 2363 2317 2418 strationem
2338 2365 2646 2420 communis
2671 2365 2924 2420 essentiae
2950 2366 3298 2436 proferimus.
3326 2367 3454 2421 Nam
3483 2366 3577 2422 Fi-

2000 2454 2054 2507 lii
2083 2469 2279 2508 nomen
2317 2455 2584 2524 aequalem
2619 2455 2686 2508 ad
2720 2465 2955 2525 utraque
2987 2467 3200 2512 naturae
3233 2461 3577 2512 communio-

2001 2561 2124 2600 nem
2156 2545 2450 2615 designat.
2517 2548 2607 2603 Sic
2659 2549 2820 2601 etiam
2875 2546 3045 2603 Filius
3136 2549 3377 2605 hominis
3412 2551 3578 2605 intel-

2003 2637 2187 2706 ligitur
2219 2643 2442 2705 propter
2473 2652 2592 2690 eam
2625 2653 2792 2706 quam
2829 2640 3135 2708 assumpsit
3171 2656 3299 2694 cum
3339 2641 3579 2695 humana

2003 2728 2245 2783 essentia
2283 2729 2750 2799 conjunctionem,
2786 2739 2838 2786 et
2868 2731 3164 2786 maximum
3213 2733 3462 2788 veritatis
3503 2743 3582 2790 te—

2005 2821 2114 2874 lum
2140 2820 2244 2875 hoc
2283 2821 2508 2875 verbum
2543 2829 2647 2882 est.
2685 2821 2817 2876 Nam
2858 2822 3210 2877 mediatorem
3239 2823 3330 2878 Dei
3375 2834 3426 2880 et
3474 2826 3572 2880 ho-

2005 2910 2234 2974 minum,
2267 2912 2718 2979 quemadmodum
2744 2927 2974 2982 magnus
3009 2911 3215 2968 Paulus
3259 2913 3580 2977 nominavit,

2011 2999 2145 3074 nihil
2170 3015 2322 3069 aeque
2345 3015 2407 3054 ac
2424 3000 2546 3054 Filii
2570 3017 2769 3055 nomen
2801 3003 3163 3066 demonstrat,
3186 3005 3329 3073 quod
3366 3004 3584 3074 utrique

2014 3073 2222 3143 naturae
2265 3089 2462 3144 divinae
2517 3100 2570 3146 et
2635 3091 2888 3146 humana:
2941 3093 3226 3161 mqualiter
3275 3073 3584 3148 accommo-

2012 3181 2172 3235 datur
2203 3183 2266 3233 ".
2331 3180 2476 3236 Idem
2530 3183 2674 3236 enim
2714 3190 2768 3235 et
2821 3181 2912 3236 Dei
2946 3182 3119 3236 Filius
3175 3191 3279 3245 est,
3314 3196 3368 3239 et
3407 3183 3580 3238 Filius

2014 3275 2251 3328 hominis
2280 3290 2374 3343 per
2408 3273 2843 3328 incarnationem
2877 3273 3052 3329 factus
3094 3283 3207 3339 est;
3248 3283 3305 3328 ut
3341 3290 3436 3344 per
3466 3289 3582 3327 eam

2013 3379 2176 3435 quam
2213 3380 2335 3419 cum
2366 3374 2596 3435 utroque
2645 3365 2807 3419 habet
2841 3365 3302 3431 communionem,
3334 3380 3454 3434 qua:
3488 3379 3585 3417 na-

2016 3471 2134 3513 tura
2163 3457 2370 3512 distant
2409 3472 2506 3526 per
2547 3456 2790 3526 seipsum
2833 3456 3070 3526 copulet.
3119 3456 3175 3510 Si
3206 3457 3371 3526 igitur
3407 3454 3579 3511 Filius

2016 3550 2252 3606 hominis
2286 3550 2462 3605 factus
2486 3549 2737 3604 humanae
2766 3557 2974 3603 natura:
3003 3557 3150 3603 esset
3183 3563 3378 3618 expers
3407 3591 3420 3614 ,
3445 3563 3582 3602 conv

2017 3657 2252 3712 sequens
2277 3650 2422 3698 esset
2451 3641 2739 3704 afﬁrmare,
2767 3643 2978 3696 etiamsi
3013 3640 3106 3696 Dei
3151 3639 3322 3696 Filius
3348 3641 3462 3709 ipse
3491 3640 3584 3704 sit,

2019 3749 2127 3787 non
2190 3741 2372 3788 tamen
2431 3748 2554 3788 cum
2617 3734 2799 3787 divina
2860 3734 3094 3789 essentia
3151 3732 3582 3786 communicare.

2018 3823 2171 3890 Quod
2217 3824 2260 3878 si
2288 3839 2446 3877 omne
2489 3823 2784 3878 humanum
2825 3833 3137 3878 concretum
3192 3824 3246 3878 in
3298 3825 3417 3894 ipso
3457 3829 3578 3878 erat

2020 3917 2282 3986 (tentatus
2309 3923 2392 3969 est
2421 3915 2566 3969 enim
2597 3930 2694 3984 per
2723 3917 2904 3970 omnia
2938 3919 3237 3972 secundum
3267 3916 3583 3971 similitudi-

2019 4021 2141 4060 nem
2173 4006 2378 4075 absque
2415 4012 2638 4076 peccato
2667 4005 2753 4071 η),
2777 4013 3096 4061 necesseest
3115 4004 3340 4059 omnino
3361 4021 3583 4060 omnem

2021 4097 2478 4168 supercminentis
2518 4097 2767 4152 essentia:
2799 4098 3183 4168 proprietatem
3223 4100 3276 4151 in
3315 4099 3435 4167 ipso
3466 4110 3590 4151 esse

2019 4189 2274 4244 credere:
2321 4205 2442 4243 cum
2469 4188 2591 4242 Filii
2624 4204 2724 4243 vox
2757 4189 2861 4244 sibi
2902 4197 3194 4258 utrumque
3245 4188 3471 4249 tribuat,
3515 4186 3570 4240 in

2023 4281 2240 4334 homine
2274 4279 2491 4349 quidem
2524 4279 2846 4343 humanum,
2878 4280 2930 4333 in
2964 4279 3071 4333 Deo
3099 4278 3380 4332 divinum.

407 4366 472 4419 Et
502 4361 595 4419 οὖν
630 4366 684 4417 αἱ
714 4366 1130 4435 προσηγορίαι,
1173 4365 1354 4430 καθώς
1385 4385 1546 4436 φησιν
1578 4371 1606 4421 ὁ
1634 4369 1906 4437 Εὖνόμιος,

2091 4369 2145 4423 Si
2185 4368 2349 4437 igitur
2386 4367 2784 4437 appellationes,
2829 4368 3282 4437 quemadmodum
3319 4367 3450 4421 dicit
3490 4364 3596 4418 Eu-

332 4459 398 4511 τὺ
429 4460 630 4511 οἰκεῖον
662 4458 1025 4512 ἐνδείκνυνται
1056 4476 1070 4490 ο
1101 4461 1134 4528 ἡ
1157 4458 1210 4511 δὲ
1232 4459 1496 4529 οἰκειότης
1525 4461 1581 4511 ἐν
1623 4463 1735 4522 τοῖς
1773 4457 1915 4529 πρά-

334 4567 566 4620 γμασιν,
598 4549 698 4601 οὐκ
726 4550 783 4603 ὲν
826 4549 1006 4618 ψιλαῖς
1039 4549 1321 4620 θεωρεῖται
1356 4553 1475 4613 ταῖς
1507 4550 1614 4604 τῶν
1637 4551 1920 4620 ὀνομάτων

338 4643 567 4710 φωναῖς,
591 4641 895 4710 πράγματα
934 4641 990 4695 δέ
1019 4659 1158 4711 φημι
1205 4643 1324 4696 καθ’
1350 4643 1518 4695 ἑαυτά
1560 4645 1843 4714 νοούμενα,
1872 4631 1930 4696 εί

343 4734 420 4803 μὴ
443 4733 714 4803 τολμηρὸν
743 4731 916 4795 οὕτως
956 4735 1128 4785 εἰπεῖν
1160 4733 1250 4786 τὸν
1294 4735 1420 4787 Υίόν
1457 4751 1517 4786 τε
1549 4736 1642 4788 καὶ
1688 4736 1776 4789 τὸν
1814 4737 1922 4790 Πα-

339 4825 506 4894 τέρα,
532 4825 619 4888 τίς
648 4824 922 4888 ἀντείποι,
956 4825 1174 4894 μὴίοὺχὶ
1214 4826 1308 4878 καὶ
1343 4826 1502 4879 αὑτὸν
1531 4825 1620 4878 τὸν
1647 4827 1744 4896 τῆς
1767 4826 1925 4895 βλασ-

345 4918 554 4986 φημίας
584 4917 894 4987 προστάτην
937 4917 1259 4987 αὐτομάτως
1303 4918 1439 4987 πρὸς
1470 4918 1568 4988 τὴν
1600 4919 1924 4990 συνηγορίαν

343 5009 443 5076 τῆς
484 5007 764 5070 εὐσεϐείας
802 5006 1262 5076 καθελκυσθῆναι,
1308 5007 1375 5058 δι’
1425 5007 1616 5060 ἑαυτοῦ
1667 5010 1793 5072 τοὺς
1845 5013 1923 5062 οί-

344 5099 524 5161 κείους
557 5098 933 5168 ἀνατρέποντα
974 5097 1164 5164 λόγους
1183 5113 1196 5128 ’
1251 5097 1344 5148 καὶ
1372 5097 1432 5148 τὸ
1471 5098 1569 5166 τῆς
1597 5098 1782 5162 οὐσίας
1813 5117 1926 5152 κοι-

341 5188 432 5242 νὸν
460 5188 554 5240 ἐπὶ
584 5186 691 5240 τῶν
715 5185 874 5239 θείων
899 5187 1180 5256 δογμάτων
1205 5186 1647 5256 ἀνακηρύσσοντα
1673 5205 1686 5253 ;
1722 5190 1794 5241 Οὐ
1819 5189 1927 5259 γάρ

339 5279 595 5347 ψεύδεται
637 5277 990 5348 περὶτούτων
1033 5277 1300 5339 ἀκουσίως
1347 5277 1473 5346 παρ’
1503 5277 1667 5329 αὑτοῦ
1706 5281 1928 5351 προσρι·

344 5370 467 5439 qui;
497 5369 644 5440 ὑπὲρ
669 5372 768 5440 τῆς
798 5368 1054 5438 ἀληθείας
1080 5368 1108 5420 ὁ
1138 5367 1322 5436 λόγος,
1352 5369 1433 5421 ὅτι
1461 5369 1560 5421 οὐκ
1587 5367 1649 5422 ἂν
1719 5369 1923 5442 ἐκλήθη

418 5525 465 5557 ³⁸
507 5525 525 5577 ι
562 5523 694 5593 Reg.
743 5539 798 5589 ι,
851 5524 934 5577 il.
1010 5522 1054 5552 "'
1090 5521 1274 5576 l'l‘itn.
1313 5539 1374 5576 ll.
1409 5523 1461 5576 5.

2029 4461 2265 4521 nomius,
2310 4459 2453 4528 quod
2509 4459 2790 4527 proprium
2827 4466 2910 4512 est
2955 4467 3009 4512 et
3064 4457 3334 4511 familiare
3367 4457 3596 4511 demon-
3649 4493 3654 4497 ς

2029 4561 2236 4608 strant:
2305 4549 2611 4619 proprietas
2667 4558 2849 4603 autem
2907 4550 2958 4604 in
3020 4549 3204 4612 rebus,
3273 4563 3379 4602 non
3437 4550 3596 4604 nudis

2030 4645 2306 4699 nominum
2335 4643 2558 4699 vocibus
2586 4651 2886 4714 spei-tatur,
2926 4656 3014 4697 res
3040 4651 3216 4694 autem
3247 4639 3372 4695 dico
3416 4656 3512 4710 per
3541 4655 3599 4695 se

2030 4744 2306 4805 spectatas
2363 4743 2416 4787 ct
2470 4736 2778 4790 intellectas
2831 4733 2956 4801 (nisi
3010 4732 3150 4786 forte
3202 4731 3275 4786 sit
3321 4732 3494 4785 audax
3545 4740 3598 4784 et

2027 4829 2372 4883 temerarium
2406 4828 2485 4882 sic
2535 4827 2807 4896 appellare
2847 4823 3042 4878 Filium
3075 4833 3128 4878 et
3175 4823 3453 4885 Patrem):
3478 4824 3598 4894 quis

2026 4921 2307 4991 negaverit
2339 4921 2517 4990 ipsutn
2549 4919 2900 4988 blasphemiae
2928 4924 3204 4971 auctorem
3237 4925 3290 4970 ct
3315 4915 3596 4985 prtesidem

2030 5015 2095 5068 ad
2125 5012 2373 5067 veritatis
2421 5009 2782 5080 patrocinium
2834 5015 3028 5077 sponte
3052 5006 3218 5068 trahi,
3253 5021 3348 5074 per
3383 5020 3441 5059 se
3472 5019 3599 5072 pro-

2029 5105 2178 5175 prios
2230 5118 2510 5158 sermones
2544 5107 2902 5163 evertentem,
2939 5106 2993 5154 ct
3024 5099 3465 5154 communionem
3503 5108 3589 5145 cs-

2033 5194 2222 5248 scntiae
2277 5193 2329 5245 in
2379 5192 2580 5247 divinis
2624 5190 2860 5246 decretis
2915 5198 3248 5244 asset-cutem
3303 5193 3356 5238 ct
3408 5183 3595 5251 praadi-

2033 5285 2283 5339 cantem?
2345 5284 2461 5338 Non
2494 5285 2637 5339 enim
2671 5285 2930 5339 mentitur
2963 5282 3030 5336 de
3063 5282 3148 5334 his
3193 5275 3360 5330 invite
3388 5273 3457 5327 ab
3483 5273 3598 5344 ipso

2036 5376 2312 5444 projectus
2364 5391 2462 5445 pro
2510 5376 2736 5432 veritate
2785 5389 2986 5436 sermo,
3022 5367 3166 5441 quod
3218 5381 3326 5420 non
3362 5373 3590 5420 vocatus

1543 5524 1588 5555 ⁸⁸
1632 5523 1795 5579 Hebr.
1836 5542 1908 5588 tv,
1943 5529 2027 5583 i5.

412 5614 486 5685 (tt)
503 5614 706 5686 Supple
723 5615 1169 5686 cv_t*9d..liavarico
1201 5618 1326 5686 apud
1353 5617 1641 5686 Gretserum
1669 5612 1906 5686 :Ittowwvit

2007 5611 2282 5660 νδείκννται.
2307 5608 2389 5668 Ὦς
2408 5610 2495 5674 γὰρ
2517 5611 2615 5664 υίὸς
2643 5609 2887 5670 ἀνθρώπου
2922 5606 3113 5665 λέγεται
3130 5602 3206 5651 διὰ
3228 5603 3312 5661 τὴν
3332 5609 3415 5665 τῆς
3435 5602 3616 5671 σαρκὶ-ς

337 5675 492 5724 αύτοῦ
519 5677 638 5739 πρὸς
657 5677 742 5734 τὴν
767 5676 812 5730 ἐξ
833 5676 888 5732 ἦς
912 5677 1130 5740 ἐγεννήθη
1159 5675 1442 5740 συγγένειαν,
1473 5681 1598 5728 οὕτω
1624 5677 1703 5723 καί
1739 5693 1784 5722 κ.
1811 5691 1852 5720 τ.
1881 5675 1925 5724 λ.
