4054 6150
468 245 571 304 599
650 214 663 221 ’

1704 245 1761 300 S.
1788 246 2115 302 GllEGORll
2152 247 2240 300 ΝΥ
2253 247 2444 303 SSENI

3673 170 3701 195 ο

3618 254 3722 309 ϐθθ

469 376 610 422 esset
641 367 833 435 Filius,
868 368 968 421 nisi
1001 368 1270 422 naturalis
1311 370 1590 423 nominum
1624 369 1819 421 notitia
1850 383 2033 423 veram

2142 367 2285 432 Υἱὸς,
2310 369 2381 440 μὴ
2405 370 2504 439 τῆς
2526 371 2755 441 φυσικῆς
2772 371 2880 424 τῶν
2900 371 3173 441 ὀνομάτων
3195 370 3401 433 ἐννοίας
3424 369 3721 439 ἐπαληθευ-

467 458 884 526 appellationem
929 458 1276 523 ostenderet;
1335 461 1478 513 sicut
1538 462 1684 513 enim
1739 460 2037 513 scabellum

472 562 587 597 sive
618 556 900 594 scamnum
936 555 1043 595 non
1077 540 1282 594 dicitur
1309 540 1454 595 lilius
1484 542 1646 607 fabri,
1686 559 1862 611 neque
1885 545 2037 612 quis-

467 648 629 704 quam
685 631 1015 702 prudentum
1081 631 1319 697 diceret,
1373 633 1756 687 tedilicatorem
1816 634 2036 688 domum

466 727 767 797 peperisse,
822 740 999 794 neque.
1045 725 1239 779 vitium
1289 725 1639 794 propaginem
1665 768 1678 789 ,
1710 725 1880 778 viuere
1921 726 2040 778 cul-

466 816 609 871 toris
667 816 982 886 progeniem
1034 816 1428 869 nominamus:
1471 814 1567 868 sed
1613 830 1750 885 opus
1802 815 2039 869 hominis

466 908 614 980 quod
647 908 716 962 ab
766 923 831 963 eo
869 906 1191 961 fabricatum
1231 917 1314 961 est
1348 926 1361 961 :
1406 907 1575 961 tilium
1620 922 1749 962 vero
1802 906 2042 961 hominis

466 1016 588 1054 eum
617 1000 707 1069 qui
734 1014 798 1053 ex
833 998 952 1067 ipso
979 998 1195 1069 genitus
1227 1008 1350 1052 est:
1394 998 1495 1065 sic,
1538 999 1753 1069 Opinor,
1794 1011 1854 1052 ut
1895 999 2041 1068 quod

467 1090 815 1144 commodum
870 1100 955 1144 est
988 1102 1041 1145 ct
1074 1105 1379 1160 congruum
1424 1107 1519 1160 per
1553 1092 1775 1144 nomina
1815 1090 1867 1143 in
1914 1092 2044 1145 suli-

462 1181 625 1250 jectis
661 1182 1099 1261 signiﬁcaretur:
1134 1182 1207 1235 ita
1253 1189 1305 1235 et
1342 1180 1433 1235 Dei
1469 1180 1665 1234 Filium
1703 1181 2042 1251 unigenitum

467 1269 672 1335 edocti,
712 1286 819 1323 non
861 1271 951 1324 Dei
982 1277 1292 1324 creaturam
1332 1270 1431 1323 hac
1481 1272 1847 1340 appellatione
1882 1271 2030 1324 intel-

467 1362 737 1426 leximus,
792 1361 887 1415 sed
940 1362 1084 1430 quod
1122 1378 1250 1416 vere
1300 1380 1403 1417 vox
1458 1363 1551 1417 ﬁlii
1605 1365 1915 1434 signiﬁcato
1962 1366 2046 1418 de-

468 1460 771 1507 monstrat.
809 1452 966 1517 Quod
1029 1454 1074 1507 si
1127 1454 1254 1507 vitis
1307 1455 1594 1524 genimen,
1662 1456 1872 1510 fructus
1933 1456 2047 1509 sive

470 1559 717 1613 germen,
755 1544 941 1597 vinum
981 1546 1295 1599 nominatur
1329 1561 1358 1598 a
1402 1544 1684 1616 Scriptura
1718 1567 1731 1601 :
1770 1563 1944 1616 neque
1968 1547 2047 1601 sic

468 1652 534 1690 ex
584 1636 688 1689 hac.
726 1638 962 1691 nominis
1016 1638 1405 1693 communione
1463 1639 1577 1694 sive
1618 1641 2045 1709 atquivocatione

2141 460 2307 531 ούσης
2325 462 2424 531 τὴν
2446 461 2655 528 κλῆσιν.
2688 462 2776 524 Ὠς
2799 461 2905 531 γάρ
2926 463 2986 514 οὑ
3017 460 3234 527 λέγεται
3257 460 3456 531 βάθρον
3488 459 3602 523 υἱὸς
3630 464 3717 513 τού

2140 554 2411 621 τεχνίτου,
2461 554 2568 606 οὑδ*
2607 554 2670 606 ἄν
2698 570 2781 616 τις
2813 554 2954 606 εἴποι
2998 553 3107 606 τῶν
3153 552 3596 623 σωφρονούντων,
3641 555 3719 606 ὅτι

2140 644 2167 694 ὁ
2206 643 2484 715 οἰκοδόμος
2539 645 2639 714 τὴν
2680 645 2855 697 οἰκίαν
2907 644 3270 697 ἐτεκνώσατοο
3330 645 3448 696 οὖδὲ
3477 646 3720 716 γέννημα

2139 736 2234 789 τοῦ
2300 736 2684 808 ἁμπελουργοῦ
2745 736 2836 789 τὸν
2891 736 3187 806 ἀμπελῶνα
3254 737 3718 807 κατονομάζομεν,

2138 837 2251 889 ἀλλ’
2328 831 2487 901 ἔργον
2524 832 2619 901 μὲν
2650 829 2937 901 ἀνθρώπου
2985 828 3046 881 τὸ
3086 828 3548 898 κατασκεύασμα·
3607 829 3717 883 uio)

2138 920 2194 971 δὲ
2221 920 2506 991 ἀνθρώπου
2534 922 2625 973 τὸν
2655 921 2711 985 ἐξ
2742 918 2905 973 αὑτοῦ
2940 916 3277 986 γεννώμενον
3298 934 3309 945 ·
3338 917 3413 979 ὡς
3439 913 3717 988 ἂν,οἵμαι,

2139 1012 2199 1064 τὸ
2234 1013 2538 1082 πρόσφορον
2564 1012 2653 1064 διὰ
2679 1010 2787 1063 τῶν
2809 1010 3088 1078 ὀνομάτων
3119 1010 3175 1059 ἐν
3199 1011 3310 1070 τοῖς
3342 1008 3719 1078 ὑποκειμένοις

2148 1106 2478 1173 πημαίνοιτο·
2544 1103 2718 1164 οὑτως
2759 1103 2851 1154 καὶ
2886 1100 3014 1152 Υἰὸν
3046 1098 3181 1150 Θεοῦ
3216 1099 3308 1152 τὸν
3342 1099 3612 1169 Μονογενῆ
3645 1100 3723 1151 δι-

2138 1189 2456 1257 δαχθέντες,
2525 1190 2586 1242 οὑ
2638 1189 2846 1259 κτίσμα
2881 1188 3016 1240 Θεοῦ
3065 1187 3151 1239 διὰ
3198 1188 3297 1255 τῆς
3350 1190 3723 1258 προσηγορίας

2140 1284 2440 1352 ἐνοήσαμεν
2462 1283 2683 1352 ταύτης,
2700 1283 2814 1335 ἀλλ’
2841 1282 2975 1349 ὅπερ
2999 1280 3215 1348 ἀληθῶς
3238 1283 3270 1350 ή
3300 1280 3391 1332 τοῦ
3422 1281 3550 1333 Υίοῦ
3572 1283 3719 1351 φωνὴ

2140 1372 2217 1441 τῷ
2273 1375 2653 1442 σημαινομένῳ
2711 1372 3063 1424 ἐνδείκνυται.
3126 1370 3185 1421 Ei
3230 1370 3287 1422 δὲ
3340 1370 3431 1421 καὶ
3475 1370 3717 1439 ἀμπέλου

2140 1466 2381 1534 γέννημα
2405 1466 2433 1517 ό
2476 1461 2617 1526 οἶνος
2648 1464 2752 1516 ὑπὸ
2797 1464 2895 1531 τῆς
2939 1463 2976 1513 Γ
2985 1465 3160 1532 ραφῆς
3188 1460 3515 1530 ὀνομάζεται
3542 1479 3554 1492 ·
3599 1462 3717 1516 οὑδέ

2140 1554 2308 1615 οὕτως
2335 1554 2399 1605 ἐκ
2425 1553 2525 1622 τῆς
2567 1550 2889 1622 ὁμωνυμίας
2932 1550 3133 1619 ταύτης
3166 1550 3258 1602 ἐπὶ
3293 1550 3401 1601 τῶν
3428 1554 3527 1619 τῆς
3562 1551 3718 1602 εύσε-

2142 1645 2292 1707 ϐείας
2308 1645 2591 1713 δογμάτων
2614 1647 2641 1697 ὁ
2662 1644 2816 1710 λόγος
2831 1639 3327 1711 παραϐλαὸήσεται.
3346 1642 3419 1694 Οὑ
3440 1641 3547 1711 γὰρ
3563 1641 3719 1712 δρυὸς

470 1728 531 1782 in
568 1728 802 1783 decretis
830 1729 1046 1799 pictatis
1076 1746 1261 1785 sermo
1286 1732 1531 1786 ltedctur.
1558 1731 1675 1786 Non
1711 1734 1858 1787 enim
1884 1749 2040 1801 quer-

2143 1736 2385 1805 γέννημα
2409 1735 2498 1787 τὸν
2528 1732 2666 1789 οἶνόν
2693 1753 2889 1805 φαμεν,
2915 1735 3033 1788 οὑδὲ
3064 1735 3308 1805 ἀμπέλου
3349 1734 3437 1802 τὴν
3468 1732 3714 1802 βάλανον.

468 1836 567 1875 cus
610 1837 830 1890 germen
881 1824 999 1877 sive
1043 1824 1280 1879 fructum
1328 1825 1515 1878 vinum
1566 1826 1819 1887 dicimus,
1865 1842 2039 1895 neque

468 1912 595 1967 vitis
645 1914 934 1984 glandem;
984 1916 1077 1970 sed
1132 1916 1313 1985 aliqua
1352 1926 1435 1971 est
1478 1919 1789 1971 communio
1845 1930 2075 1972 seeuu-'

469 2004 603 2058 dum
639 2015 893 2059 naturam
930 2008 1274 2076 gennematis
1307 2009 1422 2062 sive
1460 2008 1671 2063 fructus
1699 2008 1764 2061 ad
1815 2009 1865 2061 id
1904 2011 2048 2062 unde

468 2105 552 2149 est
590 2113 602 2148 :
650 2096 848 2150 humor
881 2100 1024 2151 enim
1055 2100 1147 2167 qui
1177 2108 1259 2153 est
1294 2100 1348 2152 in
1386 2100 1513 2162 vite,
1563 2115 1659 2167 per
1699 2098 1925 2152 fundum
1962 2115 2047 2151 ra-

470 2188 608 2243 dicis
634 2204 663 2241 a
702 2190 938 2242 medulla
975 2198 1279 2253 extractus,
1322 2200 1591 2259 potestate
1638 2192 1855 2260 quidem
1906 2208 2044 2261 aqua

470 2290 575 2345 cst,
635 2283 1024 2335 consecutione
1067 2298 1196 2337 vero
1251 2284 1485 2350 quadam
1530 2298 1627 2352 per
1678 2292 1886 2337 natura:
1931 2285 2047 2336 vias

471 2384 785 2437 permeans,
837 2376 890 2421 et
936 2385 1001 2422 ex
1056 2369 1411 2425 inferioribus
1460 2371 1524 2424 ad
1559 2371 1611 2424 id
1666 2372 1810 2441 quod
1858 2386 2048 2439 super—

469 2460 677 2514 eminet
701 2460 1007 2526 conﬂuens,
1045 2462 1101 2516 in
1129 2464 1242 2517 vini
1273 2464 1593 2533 qualitatem
1620 2472 1883 2530 mutatur,
1915 2464 2047 2518 solis

469 2551 624 2607 radio
656 2563 1010 2623 cooperante,
1044 2556 1135 2624 qui
1170 2555 1352 2610 calore
1383 2555 1667 2609 humidum
1701 2572 1731 2609 e
1777 2555 2047 2624 profundo

472 2642 539 2696 ad
593 2659 817 2713 germen
876 2647 1123 2710 eiiciens,
1163 2648 1383 2717 propria
1432 2657 1486 2702 et
1519 2650 1867 2703 convenienti
1923 2665 2046 2702 coc-

481 2736 628 2789 tione
664 2746 717 2789 ct
746 2738 1061 2792 maturitate
1103 2740 1383 2793 humorem
1424 2740 1584 2793 edicit
1619 2742 1804 2793 vinum
1841 2760 1852 2794 :
1887 2741 1957 2793 ila
1992 2751 2049 2793 ut

470 2825 772 2878 secundum
812 2836 1059 2880 naturam
1091 2826 1287 2881 humor
1318 2829 1407 2883 ille
1426 2830 1518 2897 qui
1540 2840 1623 2884 est
1645 2830 1695 2882 in
1720 2831 1825 2883 vite
1848 2831 2045 2883 nullam

470 2928 593 2967 cum
635 2916 764 2970 vino
796 2933 859 2970 ex
910 2934 972 2971 ea
1008 2919 1276 2989 producto
1310 2921 1691 2975 alienationem
1724 2925 1837 2976 sive
1867 2922 2044 2974 diver-

470 3007 691 3060 sitatem
747 3008 942 3063 habeat
986 3032 998 3065 :
1046 3027 1112 3065 ex
1156 3012 1245 3066 illo
1279 3013 1421 3065 enim
1457 3014 1702 3079 humido,
1734 3014 1834 3068 hoc
1866 3013 2047 3067 humi-

469 3099 632 3164 dttiit,
697 3116 875 3163 neque
930 3104 1219 3173 quisquam
1282 3105 1443 3158 aliam
1512 3105 1624 3159 vini
1706 3105 2048 3161 humiditatis

469 3204 692 3242 causam
749 3192 982 3260 dixerit,
1025 3196 1129 3250 nisi
1185 3196 1510 3261 humorem,
1570 3198 1664 3267 qui
1720 3198 2047 3252 naturaliter

470 3282 789 3349 palmitibus
835 3285 996 3341 inest.
1061 3286 1399 3352 Qualitatum
1469 3299 1651 3343 autem
1701 3290 2043 3357 dill'erentiaz,

468 3391 575 3427 nun
612 3378 911 3430 secundum
966 3378 1016 3430 id
1054 3379 1199 3447 quod
1252 3380 1534 3433 humidum
1590 3390 1695 3445 est,
1749 3382 2046 3436 discrimen

473 3466 735 3529 inferunt,
757 3468 851 3521 sed
888 3472 1195 3537 proprietas
1212 3472 1585 3540 est_quzedam,
1619 3489 1739 3541 qua:
1764 3473 2043 3527 humidum

468 3556 611 3623 quod
643 3566 727 3609 est
758 3560 811 3610 in
846 3561 971 3612 vino
1029 3561 1097 3612 ah
1130 3577 1191 3614 ea
1234 3578 1355 3630 qua:
1384 3572 1467 3617 est
1499 3564 1552 3617 in
1595 3565 1814 3634 palmite
1845 3568 2044 3622 astric-

469 3647 615 3702 tioue
637 3647 926 3714 discernit,
960 3651 1043 3704 vel
1072 3652 1143 3705 ob
1169 3651 1536 3719 dulcedinem,
1564 3657 1644 3710 vel
1670 3656 2043 3713 humiditatem

467 3752 587 3822 qua:
625 3738 820 3822 horum
858 3726 1189 3797 alterutrum
1236 3746 1533 3799 comitatur
1573 3748 1646 3802 ita
1682 3759 1740 3805 ut
1772 3751 2022 3822 subjecto

462 3817 604 3870 idem
628 3819 755 3879 sint,
772 3823 1091 3888 qualitatum
1112 3839 1239 3877 vero
1255 3826 1577 3882 dill'erentiis
1596 3817 2033 3898 distinguantur.

462 3902 633 3973 Igitur
662 3911 1120 3976 quemadmodum
1159 3932 1281 3969 cum
1314 3933 1377 3971 ev
1410 3918 1692 3988 Scriptura
1722 3922 2035 3978 audivimus

462 3998 805 4067 unigenitum
867 4001 1033 4056 Deum
1111 4000 1307 4060 Filium
1346 4022 1469 4064 esse
1516 4010 1792 4077 hominis;
1827 4029 1891 4066 ex
1936 4016 2035 4069 hac

464 4092 701 4145 nominis
726 4094 989 4148 relatione.
1011 4111 1133 4150 cum
1160 4114 1289 4153 vero
1308 4099 1529 4154 homine
1567 4104 2033 4159 necessitudinem

467 4193 521 4235 et
553 4186 932 4253 cognationem
968 4189 1297 4246 didicimus:
1332 4193 1413 4246 sic
1450 4194 1701 4260 quamvis
1730 4196 2031 4255 secundum

462 4292 767 4333 sermonem
822 4283 1260 4339 adversariorum
1311 4302 1576 4356 genuema
1638 4289 1753 4342 sive
1810 4306 2032 4360 germen

2067 3064 2108 3119 C

2156 1827 2291 1878 Ἀλλ’
2324 1826 2375 1878 εἰ
2418 1826 2500 1888 τίς
2551 1827 2662 1877 ἐστι
2695 1825 2947 1877 κοινωνία
2973 1826 3113 1877 κατὰ
3148 1824 3245 1893 τὴν
3287 1822 3446 1891 φύσιν
3473 1819 3564 1873 τοῦ
3596 1838 3717 1888 γεν-

2142 1920 2380 1988 νήματος
2412 1918 2544 1987 πρὺς
2574 1916 2634 1969 τὸ
2660 1916 2779 1968 ὅθεν
2810 1918 2953 1969 ἐστίν
2974 1934 2985 1945 ·
3013 1919 3044 1987 ἡ
3079 1917 3184 1985 γὰρ
3208 1917 3264 1967 ἐν
3287 1917 3350 1984 τῇ
3384 1912 3612 1983 ἀμπέλῳ
3631 1928 3717 1964 νο-

2142 2012 2244 2074 τὶς,
2277 2010 2361 2063 διὰ
2389 2010 2482 2061 τοῦ
2515 2008 2783 2077 πυθμένος
2808 2008 2904 2077 τῆς
2939 2007 3114 2077 ῥίζης,
3150 2007 3253 2059 ὑπὸ
3278 2006 3375 2075 τῆς
3396 2003 3719 2074 ἐντεριώνης

2142 2103 2487 2171 ἐξελκομένη,
2520 2105 2582 2171 τῇ
2613 2101 2836 2167 δυνάμει
2870 2101 2965 2169 μὲν
2990 2100 3131 2168 ὕδωρ
3162 2099 3329 2162 ἐστὶν,
3359 2095 3645 2167 ἀκολουθία
3664 2095 3719 2148 δά

2141 2212 2247 2247 τινι
2275 2194 2363 2247 διὰ
2402 2194 2509 2246 τῶν
2550 2192 2683 2245 ὁδῶν
2722 2193 2822 2261 τῆς
2860 2190 3073 2259 φύσεως
3106 2189 3464 2260 πορευομένη,
3522 2186 3618 2238 καὶ
3657 2188 3717 2238 ἐκ

2141 2286 2250 2338 τῶν
2280 2284 2602 2353 κατωτέρων
2636 2282 2770 2351 πρὸς
2796 2282 2856 2333 τὸ
2885 2281 3277 2351 ὑπερκείμενον
3322 2279 3716 2350 μεταρῤέουσα,

2144 2378 2279 2447 πρὸς
2308 2377 2449 2428 οἴνου
2491 2373 2813 2444 μεταϐάλλει
2839 2373 3118 2441 ποιότητα,
3155 2371 3521 2442 συνεργούσης
3549 2388 3602 2423 τι
3628 2370 3721 2422 καὶ

2143 2467 2242 2535 τῆς
2276 2465 2504 2535 ἡλιακῆς
2524 2465 2759 2527 ἀκτῖνος,
2797 2464 2830 2533 ἢ
2863 2462 2951 2515 διὰ
2981 2464 3079 2531 τῆς
3109 2462 3441 2530 θερμότητος
3467 2460 3528 2513 τὸ
3556 2459 3721 2528 ὑγρὸν

2145 2560 2207 2610 ἐκ
2235 2557 2327 2610 τοῦ
2367 2556 2558 2625 βάθους
2605 2555 2697 2606 ἐπὶ
2731 2554 2829 2623 τὴν
2883 2552 3119 2623 βλάστην
3153 2552 3475 2615 ἐξέλκουσα,
3511 2550 3599 2603 διὰ
3625 2550 3720 2619 τῆς

2144 2649 2346 2710 οἰκείας
2372 2648 2464 2699 καὶ
2508 2644 2841 2715 καταλλήλου
2888 2643 3135 2712 πέψεως,
3187 2639 3327 2695 οἶνον
3368 2643 3467 2712 τὴν
3523 2642 3720 2709 ἰκμάδα

2146 2740 2306 2791 ποιεῖ’
2355 2735 2495 2789 ὥστε
2527 2737 2665 2789 κατὰ
2694 2737 2874 2803 φύσιν,
2911 2735 3179 2805 μηδεμίαν
3211 2732 3599 2803 ἀλλοτριότητα
3624 2732 3720 2801 τὴν

2145 2829 2467 2897 ἐγκειμένην
2510 2830 2575 2896 τῇ
2612 2826 2839 2896 ἀμπέλῳ
2878 2825 3055 2878 νοτίδα
3099 2824 3235 2895 πρὸς
3262 2824 3351 2876 τὸν
3380 2820 3520 2876 οἶνον
3541 2822 3632 2876 τὸν
3659 2824 3716 2888 ἐξ

2144 2920 2313 2988 αὑτῆς
2345 2916 2795 2986 ἁπογεννῶμενον
2821 2916 3060 2986 ἐχειν-ἐξ
3083 2916 3292 2968 ἐκείνου
3309 2914 3415 2984 γὰρ
3435 2914 3528 2966 τοῦ
3552 2914 3714 2985 ὑγροῦ

2145 3011 2205 3064 τὸ
2227 3011 2387 3081 ὑγρὸν
2419 3009 2601 3072 τοῦτο,
2631 3009 2723 3061 καὶ
2750 3010 2849 3061 οὑκ
2890 3008 2954 3061 ἄν
2986 3026 3070 3071 τις
3099 3008 3292 3079 ἑτέραν
3319 3009 3420 3077 τῆς
3445 3007 3539 3059 τοῦ
3574 3008 3713 3059 οίνου

2142 3102 2435 3173 ὑγρότητος
2459 3102 2636 3154 αἰτίαν
2666 3102 2827 3163 εἴποι,
2865 3104 2912 3153 εἰ
2952 3101 3025 3169 μὴ
3074 3101 3171 3171 τὴν
3195 3100 3435 3169 φυσικῶς
3467 3099 3717 3169 ἐγκειμέ-

2138 3211 2237 3263 νην
2267 3196 2379 3257 τοῖς
2403 3193 2643 3263 κλήμασι
2677 3192 2856 3245 νοτίδα
2882 3208 2895 3221 ·
2945 3192 3001 3244 αἰ
3030 3191 3086 3243 δὲ
3114 3190 3221 3242 τῶν
3263 3191 3564 3261 ποιοτήτων
3605 3190 3715 3243 δια-

2139 3283 2320 3354 φοραὶ,
2349 3284 2409 3335 οὑ
2435 3283 2533 3353 τὴν
2559 3283 2699 3335 κατὰ
2727 3282 2787 3334 τὸ
2813 3282 2975 3352 ὑγρὸν
3000 3281 3356 3351 παραλλαγὴν
3379 3280 3712 3350 ἐμποιοῦσιν·

2138 3377 2274 3429 ἀλλά
2299 3393 2439 3437 τινος
2477 3376 2735 3444 ἰδιότητος
2765 3375 2824 3425 τὸ
2851 3375 2909 3425 ἐν
2938 3373 3015 3444 τῷ
3041 3374 3166 3443 οἴνῳ
3191 3373 3355 3443 ὑγρὸν
3386 3373 3494 3425 ἀπὸ
3520 3375 3618 3442 τῆς
3660 3375 3717 3425 ἐν

2136 3467 2215 3538 τῷ
2254 3467 2489 3537 κλήματι
2540 3465 2922 3535 διακρινούσης
2958 3463 3220 3533 στύψεως,
3256 3463 3289 3533 ἢ
3335 3463 3713 3534 γλυκύτητι,ή

2138 3559 2414 3629 ὑγρότητι,
2447 3557 2661 3628 θατέρῳ
2697 3555 2900 3608 τούτων
2934 3555 3413 3627 παρομαρτούσης·
3474 3553 3611 3608 ὥστε
3640 3555 3715 3625 τῷ

2140 3652 2238 3721 μὲν
2277 3650 2618 3719 ὑποκείμενῳ
2644 3648 2839 3701 ταὺτὺν
2866 3643 3024 3711 εἶναι,
3068 3651 3187 3711 ταῖς
3209 3648 3265 3700 δὲ
3288 3647 3396 3700 τῶν
3423 3650 3714 3719 ποιοτήτων

2136 3745 2417 3813 διαφοραῖς
2438 3742 2803 3807 ἐξαλλάσσειν.
2820 3739 3028 3793 Οὐκοῦν
3052 3740 3240 3811 ὥσπερ
3274 3740 3400 3791 Υἰὸν
3426 3739 3713 3810 ἀνθρώπου

2135 3836 2227 3888 τὸν
2258 3834 2519 3905 μονογενῆ
2552 3833 2685 3886 Θεὸν
2716 3832 2866 3903 παρὰ
2894 3831 2994 3901 τῆς
3023 3832 3246 3901 Γραφῆς
3284 3831 3600 3901 ἀκηκοότες,
3632 3831 3715 3883 διὰ

2135 3928 2236 3995 τῆς
2280 3925 2373 3979 τοῦ
2426 3926 2690 3995 ὀνόματος
2731 3924 2969 3994 σχέσεως
3014 3922 3113 3993 τὴν
3153 3923 3288 3993 πρὸς
3338 3923 3428 3974 τὸν
3466 3922 3715 3991 ἀληθινὸν

2138 4020 2420 4089 ἄνθρωπον
2446 4018 2752 4086 οἰκειότητα
2795 4014 3191 4087 μεμαθήκαμεν
3213 4029 3229 4045 ⁸
3293 4015 3437 4067 οὕτω
3464 4015 3567 4068 κᾶν
3604 4014 3716 4082 γέν-

2137 4126 2286 4179 νημα
2308 4109 2447 4162 κατὰ
2476 4109 2566 4161 τὸν
2593 4108 2751 4175 λόγον
2779 4106 2869 4159 τοῦ
2902 4107 3224 4159 ὑπεναντίον
3265 4106 3293 4156 ὁ
3321 4106 3447 4168 Υἱὸς
3469 4106 3712 4176 λέγηται,

2136 4201 2287 4253 οὐδὲν
2308 4194 2469 4268 ἦττον
2498 4198 2592 4252 καὶ
2612 4199 2699 4251 διά
2725 4197 2916 4252 τούτου
2948 4196 3009 4249 τὸ
3042 4198 3161 4249 κατ’
3191 4195 3377 4250 ούσίαν
3402 4199 3596 4249 οἰκεῖον
3621 4198 3713 4249 αὐ-

2138 4291 2228 4344 τού
2259 4290 2393 4361 πρὸς
2426 4290 2516 4343 τὸν
2546 4290 2909 4359 γεγεννηκότα
2949 4289 3293 4357 μανθάνομεν
3314 4323 3329 4349 ,
3384 4285 3471 4341 διὰ
3497 4288 3587 4342 τοῦ
3621 4288 3712 4340 καὶ

460 4366 632 4426 Filius
661 4372 896 4439 dicatur,
954 4377 1315 4433 nihilominus
1347 4379 1509 4431 etiam
1570 4395 1664 4449 per
1712 4380 1836 4441 hoc,
1893 4383 2033 4451 quod

2140 4385 2230 4436 τὸν
2261 4379 2401 4435 οἶνον
2424 4384 2667 4452 γέννημα
2694 4383 2791 4452 τῆς
2832 4382 3076 4451 ἀμπέλου
3115 4381 3426 4451 λεγόμενον,
3462 4380 3536 4452 μὴ
3565 4380 3713 4433 ἁλλό-

463 4465 764 4517 secundum
814 4468 1108 4521 essentiam
1145 4468 1425 4537 proprium
1460 4476 1544 4523 est
1582 4476 1636 4523 et
1676 4471 2033 4537 conjunctum

460 4569 583 4609 cmn
620 4573 686 4612 eo
733 4559 825 4627 qui
863 4562 1049 4629 genuit
1088 4561 1463 4631 intelligimus.
1502 4561 1639 4627 Quia
1673 4578 1795 4615 cum
1849 4564 2034 4616 vinum

458 4646 671 4700 dicatur
728 4664 1015 4716 genuema,
1072 4651 1188 4705 sive
1261 4650 1475 4707 fructus
1508 4654 1656 4714 vitis,
1690 4668 1798 4706 non
1853 4662 2033 4707 tamen

459 4738 693 4791 alienum
739 4740 855 4793 sive
893 4741 1167 4797 diversum
1202 4743 1476 4798 invenitur
1516 4746 1819 4799 secundum
1856 4745 2035 4799 humi-

460 4827 649 4881 ditatis
684 4830 972 4897 rationem,
1013 4833 1081 4887 ab
1114 4850 1177 4888 ea
1217 4833 1450 4887 naturali
1483 4848 1604 4902 quae
1637 4834 1692 4887 in
1743 4835 1853 4888 vite
1894 4836 2037 4887 inest

462 4928 749 4988 potestate.
784 4920 888 4975 Sed
926 4940 1047 4993 qua}
1075 4926 1335 4978 dicuntur
1364 4926 1431 4979 ah
1455 4926 1791 4981 adversariis
1829 4927 1873 4981 si
1912 4926 2035 4995 quis

459 5024 594 5063 sane
618 5012 914 5077 examinet,
956 5014 1021 5067 ad
1077 5023 1328 5068 nostrum
1363 5015 1558 5085 degma
1588 5024 1841 5085 spectant
1868 5032 1881 5080 ;
1904 5032 2028 5071 sen—

460 5099 628 5155 tentia
680 5116 809 5155 vero
859 5104 1095 5172 propriis
1160 5106 1402 5173 ipsorum
1455 5108 1889 5163 astructionihus
1952 5124 2036 5162 re-

459 5202 687 5263 pugnat,
721 5195 921 5264 ubique
958 5196 1101 5264 quod
1134 5197 1430 5251 secundum
1463 5200 1760 5253 essentiam
1794 5199 2031 5252 alienum

454 5292 543 5341 est
571 5302 820 5343 asserere
870 5287 1065 5357 cupide
1117 5290 1469 5342 certantium.
1527 5290 1691 5358 Atqui
1759 5289 2034 5356 conjicere

459 5392 799 5449 nequaquam
824 5379 982 5435 facile
1011 5389 1127 5443 est,
1180 5380 1322 5436 unde
1349 5382 1412 5436 ad
1445 5382 1712 5448 ejusmodi
1745 5383 2031 5452 opiniones

458 5465 682 5521 adducti
748 5470 987 5527 fuerunt.
1064 5473 1119 5525 Si
1185 5471 1330 5526 enim
1398 5472 1491 5527 lilii
1561 5474 1849 5543 appellatio
1924 5490 2031 5528 non

458 5555 779 5625 simpliciter
822 5580 888 5618 ex
944 5565 1126 5635 aliquo
1155 5581 1276 5621 esse
1320 5565 1614 5636 signiﬁcat,
1670 5566 1764 5622 sed
1813 5569 2032 5637 prOprie

459 5649 763 5706 naturalem
800 5659 1259 5725 propinquitatem
1302 5674 1394 5725 per
1425 5658 1479 5715 id
1513 5660 1876 5728 signiﬁcatum
1909 5676 2032 5729 pcr-

2138 4490 2285 4544 τριον
2318 4472 2606 4544 εὑρεθῆναι
2650 4472 2790 4525 κατὰ
2828 4472 2918 4523 τὸν
2944 4472 3044 4541 τῆς
3084 4471 3381 4542 ὑγρότητος
3421 4470 3579 4538 λόγον
3618 4471 3714 4538 τῆς

2138 4564 2371 4634 φυσικῆς
2398 4562 2721 4633 ἐγκειμένης
2754 4566 2818 4633 τῇ
2853 4562 3081 4633 ἀμπέλῳ
3103 4561 3401 4631 δυνάμεως.
3468 4560 3625 4614 Ἀλλὰ
3650 4561 3713 4613 τά

2140 4657 2237 4725 μὲν
2266 4655 2532 4724 λεγόμενα
2578 4654 2727 4723 παρὰ
2758 4656 2863 4707 τῶν
2888 4653 3245 4706 ὑπεναντίων
3266 4692 3279 4715 ,
3337 4652 3393 4703 εἴ
3430 4668 3519 4715 -τις
3548 4652 3713 4720 ὑγιῶς

2137 4745 2399 4813 ἐξετάζοι,
2436 4748 2573 4818 πρὸς
2598 4746 2659 4798 τὸ
2692 4746 2959 4817 ἡμέτερον
2995 4745 3171 4814 δόγμα
3195 4744 3411 4813 βλέπειο
3452 4746 3484 4812 ἡ
3512 4744 3568 4796 δὲ
3598 4743 3713 4795 διά-

2135 4858 2255 4894 νοια
2296 4842 2415 4901 ταῖς
2460 4839 2616 4902 ἰδίαις
2652 4839 2831 4891 αὑτῶν
2867 4840 3235 4899 κατασκευαῖς
3274 4836 3709 4905 ἀντιφθέγγεται,

2136 4929 2411 4999 πανταχοῦ
2441 4931 2500 4982 τὸ
2526 4930 2667 4983 κατὰ
2700 4931 2796 4999 τὴν
2834 4930 3021 4981 οὐσίαν
3056 4928 3335 4998 ἀλλότριον
3371 4928 3711 4980 κατασκευά-

2137 5022 2248 5086 ζειν
2294 5022 2758 5093 φιλονεικούντων.
2804 5020 2995 5073 Καίτοι
3037 5037 3099 5089 γε
3138 5021 3483 5073 παντάπασιν
3510 5020 3709 5091 ἄπορόν

2136 5116 2249 5168 ἐστι
2280 5114 2786 5185 καταστοχάσασθαι
2805 5152 2816 5174 ,
2863 5112 2981 5165 ὅθεν
3008 5112 3145 5182 πρὸς
3170 5111 3269 5174 τὰς
3302 5112 3553 5174 τοιαύτας
3581 5113 3706 5164 ὑπο-

2134 5209 2322 5277 λήψεις
2361 5207 2699 5277 ὑπήχθησαν.
2756 5207 2817 5257 Ei
2853 5204 2961 5275 γὰρ
3005 5207 3037 5275 ἡ
3080 5204 3173 5256 τοῦ
3210 5203 3328 5256 υίοῦ
3370 5204 3704 5275 προσηγορία

2134 5301 2229 5368 οὐχ
2256 5300 2439 5362 ἁπλῶς
2470 5299 2528 5350 τὸ
2550 5298 2612 5350 ἐκ
2641 5313 2783 5358 τινος
2816 5292 2954 5348 εἶναι
2982 5296 3253 5366 σημαίνει,
3278 5294 3414 5347 ἀλλὰ
3446 5294 3590 5358 ἰδίως
3609 5295 3702 5363 τὴν

2134 5393 2273 5444 κατὰ
2300 5390 2456 5460 φύσιν
2487 5388 2758 5441 οἰκείωσιν
2787 5387 2872 5439 διά
2898 5387 2990 5440 τοῦ
3014 5387 3417 5459 σημαινομένου
3447 5386 3699 5458 παρίστη-

2136 5500 2237 5544 σιν,
2268 5483 2342 5544 ώς
2373 5482 2531 5543 αὑτός
2560 5496 2721 5549 φησιν
2747 5481 2774 5531 ό
2806 5478 3087 5545 Εὑνὸμιος·
3154 5478 3245 5529 καὶ
3275 5476 3519 5547 γέννημα
3547 5472 3701 5545 aput;

2132 5567 2271 5631 οἶνος
2299 5570 2364 5621 οὔ
2380 5569 2612 5635 λέγεται,
2647 5568 2738 5619 καὶ
2768 5566 3080 5636 γεννήματα
3110 5564 3216 5617 τῶν
3246 5566 3488 5635 ἐχιδνῶν,
3525 5562 3701 5628 καθώς

2136 5678 2264 5729 φησι
2317 5659 2373 5711 τὸ
2422 5657 2781 5727 Εὐαγγέλιον,
2835 5657 2986 5728 ὄφεις
3038 5655 3143 5709 εἰεί
3192 5656 3283 5709 καὶ
3332 5656 3392 5709 οὑ
3422 5654 3700 5726 πρόϐατα·
