4010 6156
298 192 397 249 σοι

1433 201 1711 259 CONTRA
1748 203 2134 276 EUNOMIIIM,
2172 209 2300 264 LIB.
2339 211 2429 266 ΙΙΙ.

3434 216 3544 276 602

293 302 453 375 δῆλον
485 304 567 359 ὅτι
601 307 697 361 καὶ
723 308 815 363 ἐπὶ
846 309 937 363 τοῦ
963 310 1371 385 Μονογενοῦςοῆ
1404 333 1464 368 τε
1494 314 1588 370 τοῦ
1627 318 1742 371 υἱοῦ
1771 320 1858 372 καὶ

1970 322 2136 384 hibet.
2166 331 2225 377 ut
2252 325 2367 393 ipse
2411 331 2657 378 autumat
2696 324 3028 394 Eunomius;
3054 336 3109 383 et
3141 344 3403 400 gennema
3430 334 3547 389 sive

294 394 385 447 τοῦ
435 398 770 469 γεννήματος
808 403 1145 473 προσηγορία
1230 406 1329 459 οὐκ
1369 407 1434 460 ἂν
1464 409 1601 478 πρὸς
1645 409 1702 461 τὸ
1750 412 1869 463 ὲτε-

298 487 519 555 ρογενὲς
573 489 685 558 ἔχει
726 490 823 561 τὴν
856 493 1160 565 οἰκειότητα
1183 512 1195 524 ·
1255 496 1367 550 ἀλλ’
1407 499 1562 569 εἴπερ
1598 501 1737 553 κατά
1778 501 1869 553 τὸν

296 578 452 637 λόγον
493 581 603 633 τῶν
670 583 1002 639 ὑπεναντίων
1045 588 1139 641 καὶ
1187 587 1429 659 γέννημα
1471 590 1720 657 λέγεται,
1774 592 1869 644 κα)⁸

295 669 437 723 κατά
460 671 560 743 τὴν
590 672 781 741 φύσιν,
835 676 910 740 ὡς
943 680 1314 748 ὁμολογοῦσιν,
1362 681 1507 733 ἐστὶν
1539 684 1571 751 ὴ
1610 682 1700 734 τοῦ
1734 683 1866 736 Υίοῦ

296 763 508 832 κλῆσις,
540 766 640 835 τῆς
670 768 857 831 οὐσίας
887 771 1002 823 ἐστὶ
1032 772 1247 835 πάντως
1290 771 1382 824 τοῦ
1425 773 1808 842 γεγεννηκότος
1839 776 1868 827 ὀ

297 852 444 918 Υἱὸς,
474 856 575 908 οὑκ
606 856 765 910 ἄλλου
787 860 931 923 τινὸς
958 861 1065 914 τῶν
1099 861 1202 926 ἔξω
1227 849 1610 933 θεωρουμένων
1639 863 1738 932 τῆς
1770 864 1867 931 φύ-

297 961 451 1008 σεως.
506 947 567 998 Εί
590 946 646 1000 δὲ
689 948 898 1003 ἐκεῖθεν
932 952 1162 1021 ἀληθῶς
1196 954 1363 1016 ἐστιν,
1411 955 1508 1007 οὐκ
1538 954 1868 1019 ἁπεξένωται

294 1036 513 1099 πάντως
544 1036 637 1091 τοῦ
665 1038 785 1093 ὅθεν
806 1039 974 1107 ἐστὶν,
993 1040 1067 1106 ὼς
1088 1044 1180 1095 καὶ⁵
1210 1045 1266 1096 ὲν
1292 1047 1400 1107 τοῖς
1427 1044 1606 1109 ἄλλοις
1627 1046 1834 1118 ἐδείχθη
1855 1064 1868 1077 ·

291 1129 374 1179 ὅτι
412 1131 519 1182 πᾶν
543 1131 603 1182 τὸ
633 1132 888 1200 γεννητὸν
916 1133 977 1185 ἐκ
1010 1151 1152 1198 τινος
1183 1135 1441 1202 ὑποστὰν,
1475 1139 1733 1207 ὁμογενὲς
1754 1142 1869 1192 ἐστι

294 1218 513 1282 πάντως
539 1219 616 1290 τῷ
652 1220 712 1285 ἐξ
738 1216 797 1275 οῦ
832 1224 1072 1291 γέγονεν.

1976 412 2189 469 fruct'us
2222 431 2460 485 quercus
2507 418 2692 471 vinum
2740 434 2850 473 non
2894 420 3117 487 dicitur,
3169 433 3223 476 et
3269 425 3541 483 genimina

1976 504 2091 559 sive
2144 508 2431 577 progenies
2469 509 2813 577 viperarum,
2858 512 3003 565 sicut
3054 513 3297 581 loquitur
3343 516 3542 569 alicubi

1977 595 2327 667 Evangelium
2376 602 2443 662 ²⁹.
2488 610 2769 671 serpentes
2801 612 2928 656 sunt
2972 612 3024 658 et
3076 620 3182 658 non
3228 620 3377 668 oves,
3422 621 3543 674 per-

1976 688 2223 756 spicuum
2246 701 2328 745 est
2353 692 2496 761 quod
2514 703 2567 747 et
2589 694 2644 747 in
2670 694 2960 764 Unigenito
2992 697 3106 749 sive
3138 697 3230 749 ﬁlii
3272 699 3384 751 sive
3411 712 3545 767 gen-

1974 780 2207 833 nematis
2227 782 2518 849 appellatio
2549 795 2829 853 nunquam
2888 786 2954 839 ad
2985 787 3034 839 id
3067 788 3206 852 quod
3234 798 3316 841 est
3344 790 3537 840 diversi

1971 869 2187 936 generis
2231 873 2694 927 necessitudinem
2756 865 3101 933 habeat;sed
3125 868 3407 940 siquidem
3455 892 3545 931 se-

1972 959 2212 1013 cundum
2267 963 2704 1019 adversariorum
2750 965 3015 1020 rationem
3068 967 3228 1021 etiam
3276 982 3536 1035 gettnetnz

1974 1051 2196 1116 dicitur,
2262 1062 2427 1124 atque
2489 1057 2651 1111 etiam
2709 1058 3007 1113 secundum
3071 1069 3339 1125 naturam,
3398 1059 3539 1113 sicut

1973 1143 2320 1207 conﬁtentur,
2342 1155 2427 1202 est
2457 1146 2576 1201 Filii
2625 1150 2950 1214 nominatio,
2984 1151 3233 1206 essentia:
3272 1160 3355 1204 est
3383 1165 3539 1219 pror-

1974 1246 2070 1287 sus
2097 1233 2218 1301 ejus
2248 1231 2342 1301 qui
2362 1232 2753 1303 genuitFilius,
2795 1255 2904 1293 non
2937 1250 3144 1295 naturae
3176 1243 3317 1297 alius
3350 1242 3538 1311 cujus-

292 1324 455 1377 quam
490 1327 676 1365 eorum
706 1331 827 1384 qua:
876 1324 1031 1370 extra
1086 1318 1531 1376 considerantur.
1590 1321 1744 1388 Quod
1809 1322 1854 1377 si
1895 1322 2048 1378 illinc
2077 1341 2205 1381 vere
2233 1336 2339 1390 est,
2375 1344 2483 1381 non
2514 1337 2597 1382 est
2631 1345 2859 1397 prorsus
2887 1332 3097 1387 alienus
3138 1336 3205 1387 ab
3265 1350 3330 1389 eo
3395 1338 3540 1388 unde.

291 1412 395 1465 est.
442 1407 582 1459 sicut
624 1408 678 1461 iu
721 1409 843 1464 aliis
882 1412 1318 1466 demonstratum
1389 1423 1507 1481 est;
1561 1420 1686 1485 quia
1731 1430 1892 1471 omne
1941 1418 2181 1487 genitum
2233 1435 2297 1474 ex
2347 1420 2532 1490 aliquo
2587 1423 2897 1478 subsistens
2938 1424 3181 1493 ejusdem
3219 1427 3380 1495 plane
3455 1436 3538 1481 est

292 1499 509 1567 generis
538 1506 590 1553 et
615 1508 823 1554 naturae
850 1518 974 1558 cum
1003 1520 1068 1559 eo
1098 1521 1160 1559 ex
1190 1521 1298 1574 quo
1321 1510 1563 1576 genitum
1599 1514 1705 1562 est.

359 1590 424 1642 Εἰ
455 1591 512 1643 δέ
533 1608 614 1652 τις
634 1594 888 1666 ἀπαιτοίη
913 1596 1009 1665 τῆς
1028 1595 1177 1659 θείας
1198 1598 1384 1661 οὐσίας
1422 1596 1718 1671 ἑρμηνείαν
1738 1601 1858 1657 τινὰ

2033 1598 2187 1664 Quod
2238 1598 2283 1652 si
2334 1599 2458 1667 quis
2495 1598 2693 1673 divinae
2724 1601 2976 1655 essentize
3023 1602 3525 1671 interpretatioaent

288 1682 381 1733 καὶ
404 1681 727 1751 ὑπογραφὴν
760 1686 851 1738 καὶ
885 1686 1166 1756 ἐξήγησιν,
1212 1687 1442 1758 ἀμαθεῖς
1465 1685 1606 1742 εἶναι
1631 1690 1728 1758 τῆς
1756 1707 1865 1741 τοι·

288 1771 457 1837 αὐτης
476 1774 666 1840 σοφίας
695 1775 791 1827 οὑκ
814 1776 1160 1846 ἀρνησόμεθα
1176 1794 1191 1808 ·
1209 1778 1460 1832 τοσοῦτον
1480 1776 1864 1848 ὁμολογοῦντες

289 1868 466 1937 μόνον,
494 1870 573 1922 ὅτι
605 1871 702 1923 οὐκ
730 1871 844 1923 ἔστι
876 1872 936 1924 τὸ
978 1872 1227 1942 ἀόριστον
1261 1876 1401 1927 κατά
1429 1876 1527 1946 τὴν
1561 1875 1721 1944 φύσιν
1746 1877 1861 1928 ἐπι-

285 1962 406 2032 νοίᾳ
452 1963 558 2015 τινὶ
602 1964 860 2032 ῥημάτων
904 1964 1281 2036 διαληφθῆναι.
1337 1967 1409 2019 Τὸ
1455 1967 1563 2037 γὰρ
1612 1967 1682 2037 μὴ
1721 1967 1863 2036 ἔχειν

283 2057 407 2125 ὅρον
434 2055 532 2125 τὴν
562 2055 712 2110 θείαν
751 2057 1158 2126 μεγαλωσύνην,
1190 2060 1223 2128 ἡ
1251 2059 1554 2129 προφητεία
1580 2059 1676 2129 βοᾷ
1707 2059 1860 2129 διαρ-

206 2214 211 2221 ί
285 2146 452 2217 ρήδην
484 2145 833 2217 κηρύσσουσα
854 2165 867 2178 ·
900 2148 980 2200 ὅτι
1015 2149 1111 2219 τῆς
1145 2149 1632 2219 μεγαλοπρεπείας,
1658 2150 1756 2218 τῆς
1780 2149 1863 2200 δό-

285 2235 400 2304 ξης,
431 2236 532 2305 τῆς
579 2235 886 2305 ἁγιωσύνης
928 2237 1093 2290 αὐτοῦ
1123 2239 1223 2289 οὐκ
1262 2237 1376 2289 ἔστι
1404 2237 1598 2307 πέρας.
1628 2238 1689 2289 Εἰ
1715 2237 1770 2290 δὲ
1794 2236 1862 2290 τὰ

286 2328 411 2397 περὶ
459 2327 621 2380 αὑτὸν
668 2327 1016 2397 ἀπεράτωτα,
1048 2327 1180 2380 πολὺ
1233 2327 1430 2396 μᾶλλον
1468 2327 1631 2389 αὐτὸς
1660 2328 1861 2391 ἐκεῖνος

283 2420 403 2470 κατ’
436 2416 623 2469 οὐσίαν
674 2417 701 2469 ὅ
751 2416 804 2469 τί
855 2417 983 2470 ποτὲ
1017 2418 1183 2480 ἐστιν,
1219 2418 1391 2470 οὐδενὶ⁵
1418 2418 1526 2488 ὅρῳ
1561 2418 1680 2470 κατ’
1712 2418 1861 2471 οὐδὲν

286 2511 450 2580 μέρος
481 2507 924 2578 διαλαμϐάνεται.
963 2510 1024 2561 Εἰ
1048 2505 1140 2562 οὖν
1173 2511 1206 2579 ἡ
1240 2509 1326 2561 διά
1365 2509 1473 2562 τῶν
1507 2509 1782 2579 ὀνομάτων
1802 2527 1860 2562 τε

281 2601 376 2651 καὶ
406 2599 664 2669 ῥημάτων
691 2599 955 2669 ἑρμηνεία
983 2598 1335 2668 διαλαμϐάνει
1363 2616 1479 2661 πως
1514 2594 1597 2669 τῇ’
1616 2600 1861 2669 σημασίᾳ

282 2692 344 2743 τὸ
375 2691 729 2762 ὑποκείμενον
756 2708 771 2723 °
801 2690 864 2744 τὸ
889 2690 944 2743 δὲ
970 2691 1219 2763 ἀόριστον
1246 2691 1644 2761 περιληφθῆναι
1674 2692 1732 2745 οὐ
1772 2691 1863 2743 δύ-

287 2797 447 2833 ναται
470 2798 484 2810 '
514 2782 612 2833 οὐκ
636 2782 697 2835 ἄν
720 2798 804 2845 τις
845 2781 1068 2844 εἰκότως
1115 2780 1213 2851 τὴν
1248 2780 1486 2850 ἀμαθίαν
1504 2780 1658 2851 ἡμῶν
1688 2781 1861 2833 αἰτιά-

292 2887 469 2931 σαιτο,
527 2870 598 2941 μὴ
640 2871 1049 2942 θρασυνομένων
1069 2870 1208 2923 κατά
1246 2871 1351 2923 τῶν
1374 2871 1712 2940 ἀτολμήτων.
1742 2871 1859 2923 Τίνι

285 2961 397 3031 γὰρ
435 2960 652 3031 ὀνόματι
690 2961 924 3016 διαλάϐω
974 2961 1035 3014 τὸ
1084 2961 1486 3032 ἀπερίληπτον;
1549 2962 1646 3014 Διὰ
1699 2964 1857 3025 ποίας

282 3055 467 3123 φωνῆς
495 3053 791 3122 ὲξαγγείλω
815 3055 876 3106 τὸ
901 3052 1312 3124 ἀνεκφώνητον;
1363 3054 1514 3106 Ἐπεὶ
1554 3050 1644 3107 οὖν
1678 3057 1858 3125 κρεϊτα

278 3146 367 3197 τόν
409 3147 524 3198 ἐστι
580 3147 673 3199 καὶ
704 3146 1032 3217 ὑψηλότερον
1071 3145 1171 3214 τῆς
1199 3145 1561 3214 ὀνομαστικῆς
1584 3146 1856 3216 σημασίας

278 3235 338 3287 τὸ
365 3231 541 3299 Θεῖον,
560 3236 738 3305 σιωπῇ
770 3238 932 3306 τιμᾷν
968 3235 1035 3288 τά
1060 3236 1196 3306 ὑπὲρ
1226 3236 1381 3304 λόγον
1410 3253 1466 3288 τε
1500 3237 1593 3289 καὶ
1618 3238 1853 3290 διάνοιαν

284 3324 700 3395 μεμαθήκαμεν.
741 3326 857 3379 Κᾶν
880 3327 1180 3398 ὲπεμϐαίνῃ
1204 3331 1268 3398 τῇ
1301 3329 1552 3399 εὐλαϐείᾳ
1568 3328 1735 3398 ταύτῃ
1760 3328 1852 3380 τοῦ

279 3415 434 3482 λόγου
461 3415 489 3466 ὁ
515 3416 869 3485 ὑπερφρονῶν
898 3418 1026 3487 παρ’
1048 3417 1075 3468 ὃ
1098 3417 1175 3469 δεῖ
1193 3421 1427 3486 φρονεῖν,
1455 3420 1510 3470 ὲν
1535 3417 1728 3485 γέλωτι
1754 3417 1852 3488 τὴν

280 3508 519 3577 ἀμαθίαν
544 3510 578 3578 ἡ
589 3508 703 3578 μῶν
730 3507 829 3578 τὴν
860 3509 985 3578 περὶ
1028 3509 1135 3560 τῶν
1166 3508 1565 3577 ἀκαταλήπτων
1592 3508 1851 3578 ποιούμε-

278 3611 385 3657 νος,
427 3595 521 3647 καὶ
550 3593 645 3646 τοῦ
676 3595 1080 3665 ἀσχηματίστου
1116 3597 1207 3648 καὶ
1237 3598 1486 3667 ἀορίστου
1525 3598 1617 3651 καὶ
1646 3597 1850 3666 ἀμεγέ-

279 3682 403 3745 θους
435 3683 530 3735 καὶ
551 3683 773 3745 ἀπόσου,
792 3685 1001 3755 Πατρός
1028 3703 1086 3738 τε
1109 3687 1249 3755 λέγω
1279 3688 1372 3740 καὶ
1403 3686 1528 3739 Υἱοῦ
1568 3690 1659 3740 καὶ
1682 3688 1851 3741 Πνεὺ-

284 3790 452 3843 ματος
495 3774 674 3841 ἀγίου,
725 3776 823 3845 τὴν
876 3775 1019 3828 κατά
1083 3776 1144 3830 τὸ
1195 3777 1443 3847 ἀνόμοιον
1504 3777 1850 3844 ἐπιγινώσκει

279 3863 654 3935 παραλλαγὴν,
702 3867 795 3918 καὶ
840 3867 1101 3936 προφέρει
1148 3866 1305 3920 τοῦτο
1337 3866 1471 3935 πρὸς
1510 3867 1727 3935 ἔλεγχον
1750 3868 1850 3937 τῆς

279 3955 519 4026 ἀμαθίας
555 3956 731 4026 ἡμῶν,
787 3956 816 4008 ὀ
864 3955 1099 4026 συνεχῶς
1130 3956 1278 4027 παρὰ
1315 3956 1422 4009 τῶν
1455 3955 1709 4026 μαθητῶν
1752 3958 1848 4025 τῆς

278 4048 495 4116 ἀπάτης
520 4049 885 4118 προτείνεται·
915 4048 997 4111 τὺ,
1051 4047 1245 4117 Ὑμεῖς
1264 4048 1654 4115 προσκυνεῖτε
1691 4047 1721 4100 ὃ
1738 4051 1849 4101 οὐκ

278 4144 499 4207 οἴδατε,
518 4145 566 4195 εί
588 4145 685 4215 τὴν
705 4143 893 4197 οὐσίαν
908 4142 1000 4196 τοῦ
1031 4160 1331 4214 προσκυνου
1340 4143 1499 4214 μένου
1521 4145 1621 4197 οὐκ
1648 4144 1843 4197 οἴδατε·

277 4236 336 4286 οὑ
374 4234 792 4306 φοϐηθησόμεθα
821 4235 957 4288 κατὰ
984 4234 1079 4306 τὴν
1116 4235 1420 4306 συμϐουλὴν
1444 4236 1537 4289 τοῦ
1567 4239 1844 4307 προφήτου
1880 4258 1920 4311 D

275 4325 367 4377 τὸν
392 4324 690 4395 ὀνειδισμὸν
713 4325 821 4379 τῶν
853 4327 1102 4397 ἀφρόνων
1125 4343 1137 4356 ·
1167 4326 1287 4379 οὑδὲ
1314 4327 1400 4380 διά
1428 4326 1518 4379 τὸν
1547 4325 1847 4396 φαυλισμὺν

277 4416 456 4467 αὑτῶν
506 4416 649 4468 κατά
685 4416 792 4469 τῶν
840 4416 1233 4485 ἀνεκφωνήτων
1287 4416 1808 4488 θρασυστομήσομεν
1833 4434 1847 4448 ο

275 4505 366 4557 τὸν
400 4504 613 4575 ἰδιώτην
666 4505 744 4575 τῷ
801 4506 942 4576 λόγῳ
981 4503 1189 4557 Παῦλον
1225 4504 1543 4558 διδάσκαλον
1578 4505 1684 4558 τῶν
1712 4505 1849 4576 ὑπὲρ

277 4612 478 4663 γνωσιν
522 4595 837 4665 μυστηρίων
878 4593 1219 4665 ποιούμενοιο
1263 4593 1320 4656 ὃς
1366 4595 1615 4647 τοσοῦτον
1662 4597 1851 4666 ἀπέχει

277 4682 372 4738 τοῦ
393 4687 491 4756 τὴν
517 4685 667 4739 θείαν
696 4684 855 4753 φύσιν
880 4685 1030 4748 ἐντὸς
1070 4684 1168 4753 τῆς
1198 4683 1544 4754 ἀνθρωπίνης
1577 4685 1853 4759 περινοίας

280 4777 505 4840 οἴεσθαι,
539 4776 613 4840 ὡς
647 4776 739 4829 καὶ¹
762 4775 830 4828 τὰ
870 4776 1110 4847 κρίματα
1150 4776 1243 4828 τοῦ
1288 4775 1421 4828 Θεοῦ
1460 4775 1854 4847 ἀνεξερεύνητα

282 4866 480 4933 λέγειν,
512 4868 604 4920 καὶ
636 4868 734 4930 τάς
752 4866 900 4928 ὀδοὺς
923 4865 1374 4935 ἀνεξιχνιάστους.
1389 4867 1482 4919 καὶ
1501 4866 1566 4919 τά
1586 4869 1697 4930 τοῖς
1720 4868 1855 4935 ἀγα-

287 4955 459 5006 πῶσιν
489 4956 645 5008 αὑτὸν
674 4956 814 5026 ὑπὲρ
841 4954 948 5007 τῶν
980 4955 1035 5005 ὲν
1073 4953 1151 5023 τῷ
1188 4953 1286 5023 βίῳ
1319 4949 1452 5016 τῷδε
1486 4954 1853 5024 κατορθωθέν-

279 5064 389 5100 των
416 5047 819 5118 ἐπηγγελμένα,
852 5048 990 5118 ὑπὲρ
1020 5044 1321 5115 κατάληψιν
1364 5040 1509 5098 εἷναί
1531 5047 1854 5118 διισχυρίζε-

283 5137 440 5191 σθαι·
473 5139 548 5201 ὡς
583 5141 721 5209 μήτε
749 5137 1011 5208 ὀφθαλμῷ
1041 5136 1243 5195 λαϐεῖν,
1283 5137 1416 5207 μήτε
1444 5138 1580 5206 ἀκοῇ
1610 5138 1848 5207 παραδέ-

281 5228 493 5293 ξασθαι,
522 5229 657 5298 μήτε
692 5227 919 5299 καρδίαν
960 5227 1205 5298 χωρῆσαι
1233 5226 1451 5279 δυνατὸν
1484 5221 1642 5279 εἶναι.
1672 5228 1853 5281 Ταῦτα

279 5317 457 5370 τοίνυν
501 5316 762 5387 μαθόντες
812 5316 919 5369 ἀπὸ
955 5314 1049 5369 τοῦ
1096 5314 1328 5377 Παύλου,
1374 5313 1695 5384 θαρροῦντες
1720 5315 1854 5367 ἀπο-

282 5408 607 5479 φαινόμεθα,
661 5409 744 5461 ὀτι
800 5408 859 5461 οὑ
900 5406 1056 5478 μόνον
1086 5406 1155 5460 τὰ
1198 5407 1438 5478 κρίματα
1460 5405 1552 5459 τοῦ
1586 5403 1719 5458 Θεοῦ
1756 5405 1854 5475 τῆς

351 5591 396 5628 ’⁸
429 5589 623 5647 Matth.
670 5604 753 5657 ιιι,
784 5588 837 5644 7.
915 5585 1384 5655 ’°P5al.cxuv,‘5.

1502 5588 1540 5619 ³¹
1564 5584 1713 5643 ιῐοίιιι⁴
1749 5602 1822 5649 μ’.
1852 5585 1941 5642 22.

1970 1691 2231 1760 postulet,
2269 1697 2321 1742 et
2359 1690 2780 1758 descriptionem
2813 1701 2977 1760 atque
3000 1695 3420 1756 enarrationem,
3455 1696 3535 1746 in-

1973 1780 2164 1834 doctos
2214 1794 2335 1833 esse
2382 1794 2483 1832 nos
2529 1789 2584 1833 et
2638 1779 2857 1848 ignaros
2914 1781 3037 1836 talis
3096 1784 3378 1851 sapientia)
3426 1800 3534 1837 non

1963 1867 2368 1921 iuticiabimur:
2402 1870 2577 1922 solum
2610 1868 2714 1921 hoc
2745 1876 2954 1922 tantum
3001 1871 3345 1934 conﬁtentes,
3387 1875 3531 1941 quod

1964 1960 2232 2012 inﬁnitum
2264 1966 2346 2013 est
2391 1959 2691 2014 secundum
2750 1968 2999 2013 naturam
3052 1963 3198 2016 nullo
3244 1962 3532 2017 verborum

1963 2060 2229 2121 conceptu
2282 2053 2668 2120 comprehendi
2726 2068 2909 2120 posse.
2950 2053 3086 2107 Nam
3145 2055 3382 2108 divinam
3416 2072 3534 2108 ma-

1958 2142 2209 2211 jestatetn
2262 2156 2367 2193 non
2409 2142 2611 2195 habere
2645 2143 2935 2195 terminum
2972 2158 3073 2197 nec
3109 2157 3271 2213 posse
3296 2144 3535 2197 circum-

1963 2234 2151 2296 scribi,
2193 2234 2479 2301 prophetia
2518 2233 2664 2286 clare
2695 2233 2935 2285 clamitat
2968 2243 3022 2288 et
3055 2235 3312 2303 przedicat
3346 2251 3358 2286 :
3389 2238 3534 2304 quod

1961 2323 2402 2390 magniﬁcentiae,
2464 2324 2669 2392 gloriae,
2724 2324 3179 2379 sanctiﬁcationis
3232 2326 3354 2394 ejus
3424 2342 3534 2380 non

1960 2422 2045 2469 est
2087 2414 2212 2469 ﬁnis
2268 2415 2336 2467 ³ο.
2391 2414 2545 2480 Quod
2586 2416 2630 2469 si
2662 2432 2782 2484 quae
2826 2425 2953 2471 sunt
2998 2418 3144 2471 circa
3188 2418 3365 2487 ipsum
3414 2420 3536 2471 inli-

1963 2492 2260 2566 nita°sunt,
2299 2507 2470 2559 multo
2515 2508 2688 2575 magis
2730 2509 2819 2560 ille
2856 2508 2971 2577 ipse
3013 2509 3311 2562 secundum
3348 2523 3537 2563 essen-

1962 2596 2089 2650 tiam
2122 2596 2386 2666 quidquid
2424 2596 2733 2652 tandemest
2761 2600 2911 2650 nullo
2940 2598 3176 2651 termino
3204 2600 3351 2652 nulla
3382 2610 3535 2668 parte

1963 2688 2469 2756 comprehenditur.
2514 2687 2569 2741 Si
2605 2688 2770 2757 igitur
2798 2690 3178 2759 interpretatio
3206 2706 3326 2759 quae
3351 2693 3408 2743 lit
3440 2708 3535 2760 per

1962 2779 2180 2832 nomina
2215 2788 2268 2833 et
2305 2781 2465 2833 verba
2513 2780 2900 2848 complectitur
2931 2781 3332 2848 quodammodo
3364 2783 3535 2850 signi-

1965 2866 2214 2921 ﬁcatione
2264 2870 2407 2937 quod
2459 2872 2784 2939 subjicitur;
2834 2872 2975 2939 quod
3025 2880 3205 2925 autem
3262 2872 3532 2926 inﬁnitum

1961 2967 2044 3011 est
2077 2974 2183 3010 non
2223 2968 2397 3026 potest
2444 2960 2873 3029 comprehendi;
2910 2961 3093 3014 tmllus
3128 2962 3324 3014 merito
3367 2962 3535 3015 insci-

1959 3051 2087 3101 tiam
2126 3060 2367 3103 nostram
2391 3051 2714 3118 culpaverit,
2750 3053 2895 3120 quod
2921 3053 2987 3106 de
3014 3068 3119 3104 non
3138 3053 3403 3106 audendis
3426 3069 3532 3105 non

1957 3140 2217 3193 audacter
2275 3141 2584 3208 loquamur.
2628 3140 2875 3205 Quonam
2929 3133 3081 3195 enim
3130 3144 3352 3196 nomine
3386 3144 3532 3212 quod

1959 3231 2511 3300 incomprehensibile
2532 3241 2615 3287 est
2649 3232 3022 3300 complectar?
3053 3231 3170 3296 Qua
3196 3248 3328 3287 voce
3357 3250 3533 3287 enun-

1955 3325 2102 3379 tiabo
2148 3324 2293 3393 quod
2325 3325 2475 3377 nulla
2508 3339 2641 3378 voce
2671 3324 2903 3392 exprimi
2930 3333 2982 3378 et
3008 3325 3285 3377 enuntiari
3311 3326 3533 3393 potest?

1954 3417 2222 3482 Quoniam
2249 3415 2413 3487 igitur
2430 3414 2640 3469 Nunten
2681 3414 2874 3467 melius
2889 3421 2971 3466 est
2993 3420 3250 3484 omnique
3271 3420 3531 3472 nominati

1954 3506 2314 3575 signiﬁcantia
2335 3506 2626 3565 excelsius,
2655 3520 2773 3571 quze
2795 3505 3099 3558 orationem
3120 3520 3333 3558 onmem
3356 3515 3409 3560 et
3439 3521 3529 3559 co-

1953 3598 2266 3665 gitationem
2287 3605 2544 3663 superant
2583 3597 2799 3650 silentio
2816 3596 2996 3650 colere
3013 3604 3067 3650 et
3088 3597 3317 3651 adorare
3339 3598 3530 3653 didici-

1955 3702 2093 3742 mus.
2118 3685 2244 3740 Etsi
2277 3688 2329 3741 in
2354 3689 2493 3740 hanc
2526 3687 2668 3754 piam
2696 3688 3005 3741 cautionem
3033 3687 3148 3741 sive
3171 3690 3530 3741 reverentiam

1953 3778 2222 3830 sermonis
2249 3777 2491 3839 insultet,
2512 3778 2600 3830 ille
2622 3778 2711 3845 qui
2744 3778 3097 3844 sapiteximie
3116 3795 3281 3848 supra
3310 3780 3360 3833 id
3383 3782 3529 3850 quod

1952 3881 2140 3935 sapere
2157 3875 2387 3935 oportet.
2415 3877 2659 3920 nostram
2681 3868 2746 3921 de
2779 3868 3426 3937 incomprehensibilibus
3449 3872 3533 3923 in-

1951 3958 2159 4011 scitiam
2181 3958 2433 4022 irridens,
2467 3967 2631 4026 atque
2654 3959 2773 4025 ejus
2807 3959 2951 4026 quod
2987 3961 3169 4029 ﬁgurae
3200 3976 3395 4029 expers
3424 3973 3530 4021 est,

1950 4049 2092 4117 quod
2144 4050 2409 4103 inﬁnitum
2456 4060 2559 4110 est,
2600 4051 2740 4118 quod
2776 4051 3151 4119 magnitudine
3181 4061 3351 4113 caret,
3386 4053 3532 4120 quod

1949 4146 2209 4207 quantum
2258 4149 2500 4201 nonest,
2547 4140 2723 4194 Patris
2757 4141 2881 4193 dico
2924 4151 2975 4194 et
3020 4140 3140 4193 Filii
3202 4150 3255 4194 et
3291 4142 3530 4209 Spiritus

1951 4229 2142 4293 sancti,
2179 4231 2478 4283 secundum
2513 4230 2781 4283 dissimile
2817 4231 3101 4297 cognoscit
3139 4229 3527 4295 diﬁ‘erentiam,

1950 4326 2003 4372 et
2030 4317 2132 4371 hoc
2160 4317 2365 4386 profert
2399 4318 2464 4371 ad
2502 4327 2703 4372 nostrze
2749 4319 2983 4371 inscitiae
3015 4319 3526 4387 reprehensionem,

1952 4408 2093 4477 quod
2130 4408 2394 4461 continuo
2447 4408 2516 4462 ab
2571 4410 2779 4462 erroris
2833 4408 3122 4476 discipulis
3154 4409 3529 4477 protenditur,

1954 4499 2057 4553 hoc
2093 4514 2308 4567 nempe,
2370 4496 2469 4551 Vos
2504 4499 2741 4552 adoratis
2793 4498 2932 4567 quod
2972 4500 3183 4551 nescitis
3234 4500 3312 4562 δι,
3366 4501 3411 4555 si
3442 4517 3531 4555 es—

1954 4591 2184 4645 sentiam
2228 4589 2349 4657 ejus
2398 4591 2491 4658 qui
2525 4589 2790 4642 adoratur
2833 4590 3145 4659 ignoratis:
3188 4606 3297 4644 non
3331 4606 3529 4646 secun-

1953 4684 2080 4737 dum
2131 4683 2405 4752 propbetaa
2453 4682 2743 4736 consilium
2785 4683 3139 4752 opprobrium
3175 4685 3528 4752 insipientem

1957 4783 2282 4839 metuemus,
2347 4787 2522 4842 neque
2580 4780 2801 4844 propter
2854 4782 3230 4844 contemptum
3282 4777 3528 4845 ipsorum

1955 4872 2144 4915 contra
2197 4877 2259 4916 ea
2310 4878 2430 4931 quae
2484 4863 2632 4915 nulla
2686 4878 2818 4917 voce
2870 4871 3099 4932 possunt
3143 4864 3377 4934 exprimi
3442 4880 3531 4917 au-

1955 4950 2142 5007 dacter
2191 4953 2519 5022 loquemur:
2550 4953 2779 5007 Paulum
2807 4970 3061 5010 sermone
3098 4955 3412 5025 imperitum
3446 4958 3529 5008 fa-

1958 5045 2191 5108 cientes,
2246 5046 2338 5115 qui
2372 5046 2634 5115 magister
2676 5045 2777 5100 fuit
2828 5050 3213 5118 mysteriorum
3244 5062 3366 5117 quas
3401 5054 3565 5103 sunt.

1957 5150 2120 5203 supra
2171 5136 2569 5205 cognitionem;
2607 5138 2697 5206 qui
2735 5144 2947 5192 tantum
3004 5138 3161 5193 abest
3193 5144 3250 5191 ut
3289 5134 3527 5187 divinam

1960 5234 2210 5279 naturain
2256 5227 2495 5281 humana
2539 5227 2897 5298 intelligentia
2936 5236 2992 5283 et
3048 5232 3229 5280 mente
3279 5235 3529 5288 compre-

1962 5317 2123 5372 hendi
2179 5334 2341 5388 posse
2386 5318 2685 5385 existimet,
2722 5328 2783 5375 ut
2832 5319 2994 5375 etiam
3049 5314 3143 5369 Dei
3185 5311 3393 5382 judicia
3422 5310 3528 5364 im-

1961 5411 2381 5478 perscrutabilia
2428 5426 2552 5468 esse
2601 5412 2771 5478 dicat,
2818 5410 3045 5477 viasque
3089 5419 3198 5459 non
3248 5408 3518 5471 pervesti-
