4054 6150
477 195 581 255 303

1703 197 1760 252 S.
1802 196 2127 254 GREGORII
2166 197 2461 253 NYSSENI

3620 197 3728 254 6οι

475 316 687 388 gabiles
711 315 781 379 ",
816 324 872 371 et
902 331 1024 385 quae
1069 314 1421 385 diligentibus
1452 315 1627 385 ipsum
1672 330 1770 385 pro
1797 314 2053 385 perfectis

2157 316 2262 370 τῶν
2295 316 2520 387 ὲρευνᾷν
2563 312 2984 384 ὲπιχειρούντων
3031 308 3308 383 δυνάμεώς
3352 313 3499 367 ἔστιν
3528 314 3729 385 ὑψηλό-

476 409 531 463 in
580 406 680 463 hac
739 406 847 459 vita
897 406 1094 461 otliciis
1124 406 1401 476 promissa
1452 416 1600 473 sunt,
1634 422 1799 477 supra
1828 422 2049 461 omnem

478 498 678 553 mentis
722 505 939 566 captum
972 513 1096 552 esse
1125 496 1435 559 conﬁrmet.
1486 506 1543 552 ut
1580 513 1755 567 neque
1784 513 1846 552 ea
1876 497 2052 551 oculis

476 586 679 654 videre,
720 603 898 656 neque
947 588 1136 642 auditu
1189 590 1492 658 percipere,
1536 604 1711 659 neque
1760 588 1925 643 corde
1955 603 2052 643 co-

472 680 648 750 gitare
711 680 1004 750 quisquam
1049 681 1224 750 possit
1277 680 1341 733 ³³.
1390 680 1515 733 Haec
1572 680 1739 749 igitur
1792 694 1822 732 a
1881 678 2051 732 Paulo

472 771 653 826 edocti
694 770 1035 826 conﬁdentes
1090 786 1496 834 asseveramus,
1536 770 1683 839 quod
1724 785 1831 824 non
1875 770 2049 824 solum

472 863 674 933 judicia
724 863 816 919 Dei
849 865 1044 917 altiora
1089 870 1220 919 sunt
1254 864 1458 917 virtute
1488 878 1678 917 eorum
1713 864 1807 933 qui
1840 878 1901 917 ea
1930 877 2049 933 per-

472 956 705 1009 scrutari
746 962 979 1017 tentant,
1041 953 1137 1009 sed
1187 953 1352 1006 etiam
1396 954 1493 1007 vim
1543 952 1876 1024 cognitionis
1926 951 2048 1019 ejus

472 1046 652 1100 adhuc
703 1047 863 1099 invia:
908 1052 1151 1107 manent,
1205 1044 1483 1114 nullisque
1534 1044 1775 1114 vestigiis
1802 1043 2045 1096 calcatae.

473 1138 587 1193 Hoc
628 1140 774 1194 enim
802 1139 1122 1209 Apostolum
1160 1140 1297 1192 velle
1331 1137 1644 1207 signiﬁcare
1694 1138 2045 1199 arbitramur,

2150 423 2313 477 τερα·
2374 404 2509 458 ἀλλά
2552 401 2642 455 καὶ
2686 404 2784 473 τῆς
2834 400 3086 471 γνώσεως
3128 402 3255 467 όδοὶ,
3310 402 3473 473 μέχρι
3504 402 3600 455 τοῦ
3634 402 3732 455 νῦν

2152 496 2391 567 ἀτριϐεῖς
2422 513 2480 548 τε
2519 497 2612 550 καὶ
2634 494 2948 549 ἀνεπίϐατοι
2982 493 3222 564 μένουσι.
3246 494 3415 547 Τοῦτο
3443 494 3550 565 γάρ
3573 494 3733 564 ἡγού-

2156 587 2293 657 μεθα
2320 587 2409 640 τὸν
2447 587 2762 640 Ἀπόστολον
2790 587 3030 656 σημᾶναι
3061 584 3403 657 βουλόμενον,
3434 586 3737 658 ἀνεξιχνιὰ-

2154 696 2309 743 στους
2337 680 2508 733 εἰπεῖν
2534 678 2631 741 τὰς
2664 678 2836 742 ὁδοὺς,
2861 678 2916 730 αἳ
2939 678 3072 748 πρὸς
3099 678 3159 730 τὸ
3185 678 3568 749 ἀκατάληπτον
3598 697 3734 749 προσ

2153 770 2399 841 φέρουσι,
2446 769 2726 824 δεικνύντα
2773 768 2860 823 διὰ
2888 768 2985 839 τῆς
3028 768 3247 835 λέξεως,
3293 770 3375 823 ὅτι
3412 770 3737 832 ἀνεπίϐατός

2155 865 2270 915 ἐστι
2306 861 2585 931 λογισμοῖς
2632 859 2991 929 ἀνθρωπίνοις
3051 862 3084 931 ἡ
3149 860 3350 928 γνῶσις
3398 862 3604 931 ἐκείνη,
3640 861 3739 913 καὶ

2154 951 2305 1006 οὑπω
2331 970 2409 1016 τις
2442 953 2740 1023 ἐπέστησεν
2769 952 2932 1006 αὑτοῦ
2981 952 3078 1018 τὴν
3108 953 3349 1007 διάνοιαν
3395 956 3463 1025 τῇ
3510 954 3740 1024 τοιαύτῃ

2153 1043 2245 1097 τοῦ
2275 1045 2431 1113 λόγου
2462 1045 2677 1116 πορείᾳ,
2700 1043 2821 1097 οὔτε
2841 1063 2890 1098 τι
2912 1044 3072 1114 ῐχνος,
3095 1044 3218 1098 οὔτε
3255 1047 3477 1116 σημεῖον
3501 1046 3737 1116 καταλη-

2155 1136 2354 1205 πτικῆς
2382 1136 2571 1205 ἐφόδου
2604 1139 2715 1199 τοῖς
2743 1135 3000 1207 ἁλήπτοις
3028 1137 3415 1206 ὲνεσημάνατο.

470 1245 595 1284 cum
644 1230 785 1284 dixit
819 1232 934 1283 vias
976 1229 1522 1298 impervestigabiles,
1555 1245 1677 1298 qum
1723 1230 1791 1282 ad
1833 1227 2388 1297 incomprehensibile
2417 1228 2757 1297 provehunt;
2820 1227 3115 1281 ostendens
3179 1242 3276 1296 per
3338 1226 3481 1281 hanc
3537 1227 3738 1282 dictio-

474 1335 619 1382 nem,
659 1318 804 1389 quod
879 1321 1166 1374 inaccessa
1225 1328 1274 1373 ct
1307 1320 1571 1388 impervia
1638 1320 1893 1373 humanis
1960 1318 2267 1373 rationibus
2333 1328 2417 1373 est
2479 1319 2568 1372 illa
2625 1318 2887 1388 cognitio,
2937 1316 3167 1372 necdum
3228 1319 3518 1387 quisquam
3579 1334 3738 1373 suam

472 1411 857 1481 cogitationem
882 1410 1119 1464 ﬁrmavit
1146 1411 1236 1464 tali
1269 1412 1499 1466 rationis
1522 1427 1835 1482 progressu,
1860 1425 2034 1480 neque
2074 1411 2245 1465 ullum
2284 1411 2571 1482 vestigium
2604 1426 2779 1480 neque
2838 1411 3053 1481 signum
3117 1410 3550 1480 comprehensivi
3618 1410 3740 1463 adi-

472 1518 561 1561 tus
610 1506 673 1558 ad
713 1504 1284 1573 incomprehensibilia
1339 1504 1617 1558 indicavit.

546 1596 672 1650 Ilico
715 1596 900 1664 itaque
947 1611 1072 1648 cum
1112 1611 1179 1649 ex
1217 1609 1415 1665 magno
1461 1594 1611 1649 Pauli
1659 1596 1879 1666 ingenio
1908 1594 2051 1648 didi-

2230 1590 2412 1644 Ταῦτα
2445 1591 2618 1645 τοίνυν
2653 1592 2716 1644 ὲκ
2735 1592 2832 1661 τῆς
2854 1590 3214 1660 ἀποπολικῆς
3246 1592 3612 1662 μεγαλοφυως
3632 1613 3738 1666 μας

476 1688 741 1746 cerimus.
796 1701 862 1740 ex
910 1686 997 1741 bis
1029 1701 1150 1754 quae
1185 1685 1327 1740 dicta
1371 1696 1499 1742 sunt
1534 1687 1864 1757 colligimus.
1913 1685 2058 1755 quod

477 1776 524 1831 si
573 1773 667 1828 Dei
710 1773 920 1843 judicia
969 1776 1117 1827 nulla
1170 1774 1611 1842 perscrutatione
1645 1782 1877 1843 possunt
1910 1775 2059 1828 inve-

475 1864 603 1924 niri,
644 1875 820 1932 neque
842 1864 940 1919 via:
957 1862 1339 1932 pervestigari.
1382 1872 1436 1917 et
1467 1862 1733 1916 bonorum
1768 1863 2059 1932 promissio

474 1969 691 2008 omnem
736 1954 1072 2022 opinabilem
1127 1954 1502 2022 conjecturam
1545 1962 1598 2007 et
1629 1954 2059 2008 verisimilitudi-

474 2060 596 2096 netn
655 2050 902 2113 superat,
958 2053 1167 2112 quanto
1219 2046 1391 2113 magis
1433 2046 1734 2099 secundum
1788 2044 2061 2100 inc-ﬂabile

473 2144 637 2203 atque
691 2134 1075 2187 inaccessibile
1104 2134 1362 2202 superius
1386 2141 1543 2187 estet
1574 2135 1845 2189 excelsius
1881 2135 2056 2204 ipsum

474 2220 685 2275 Numen
722 2220 977 2276 omnibus
1037 2224 1123 2279 his
1172 2239 1294 2292 qua:
1345 2223 1410 2277 de
1443 2224 1561 2291 ipso
1600 2239 1780 2279 mente
1811 2234 1863 2278 et
1897 2226 2057 2277 intel-

475 2314 615 2367 lectu
654 2312 1062 2382 concipiuntur,
1099 2331 1334 2383 quorum
1368 2324 1547 2370 tamen
1576 2317 1781 2369 nullam
1813 2332 1933 2369 esse
1966 2331 2053 2369 co-

472 2406 769 2473 guitioneni
815 2420 845 2457 a
880 2404 990 2459 Deo
1038 2406 1141 2459 edo
1205 2423 1267 2461 us
1307 2406 1510 2461 Paulus
1558 2404 1903 2476 pI‘UliUllliill?
1936 2424 2058 2475 pro-

475 2505 659 2566 pterca
714 2500 766 2550 in
818 2497 977 2551 mbs
1032 2499 1164 2567 ipsis
1214 2499 1612 2553 conﬁrmamus
1656 2482 1865 2567 dogma
1912 2496 2056 2567 quod

473 2589 875 2653 subsannatur,
911 2605 1011 2643 nos
1046 2591 1333 2643 interiores
1366 2607 1489 2645 esse
1523 2590 1827 2647 secundum
1864 2591 2055 2660 cogni-

475 2680 679 2733 tionem
717 2681 801 2733 his
819 2697 939 2748 quae
961 2696 994 2734 o
1020 2704 1027 2729 ι
1056 2697 1088 2732 n
1117 2697 1142 2733 s
1166 2682 1498 2750 cognitionis
1522 2682 1740 2735 modum
1765 2682 2052 2745 excedunt,

474 2771 822 2833 conﬁtentes,
881 2780 935 2825 et
996 2787 1122 2825 vere
1180 2788 1281 2825 nos
1330 2772 1565 2827 adorare
1618 2774 1856 2828 dicimus
1911 2772 2055 2843 quod

473 2866 703 2919 scimus.
756 2863 973 2918 Scimus
1032 2875 1212 2916 autem
1262 2865 1451 2933 gloria:
1504 2866 1881 2920 celsitudinem
1936 2866 2055 2933 ejus

475 2957 571 3026 qui
612 2955 896 3020 adoratur,
934 2971 1000 3009 eo
1035 2956 1177 3027 ipso,
1224 2956 1371 3025 quod
1426 2972 1533 3009 non
1585 2957 1861 3026 possimus
1896 2958 2055 3010 ratio-

472 3050 638 3104 nibus
684 3048 1171 3117 comprehendere,
1224 3050 1563 3107 :est'unantes
1619 3048 2052 3116 magnitudinem

474 3140 969 3209 inexcogitabilem,
1026 3147 1079 3193 ct
1126 3140 1267 3210 quod
1326 3156 1355 3192 a
1406 3139 1638 3193 Domino
1699 3140 2058 3193 Samaritana:

470 3229 678 3283 dictum
715 3239 820 3294 est,
854 3238 905 3283 et
937 3239 1124 3283 contra
1156 3244 1256 3283 nos
1292 3230 1360 3283 ab
1395 3229 1727 3282 adversariis
1762 3230 2055 3297 prolatum,

400 3352 413 3369 ι
472 3321 647 3391 magis
688 3323 908 3390 proprie
936 3321 1200 3376 adversus
1243 3322 1365 3373 illos
1399 3320 1636 3373 dicatur.
1680 3320 1780 3372 Vos
1817 3320 2056 3373 adoratis

473 3415 613 3484 quod
655 3414 891 3478 nescitis,
948 3413 1126 3481 inquit
1162 3412 1427 3465 Dominus
1460 3412 1537 3487 ad.
1561 3410 1957 3463 Satnaritanam
1988 3411 2054 3474 ³⁸,

474 3505 860 3574 corporalibus
892 3504 1105 3557 notitiis
1135 3503 1188 3555 in
1230 3503 1583 3572 opinionibus
1613 3502 1679 3555 de
1722 3501 1831 3555 Deo
1858 3517 2057 3570 praeoc-

477 3604 759 3665 iupatam,
818 3595 981 3662 cujus
1051 3608 1233 3647 sermo
1295 3595 1557 3662 prteclare
1619 3594 2052 3663 perstringitur:

478 3685 627 3757 quod
647 3684 977 3739 Samaritani
1015 3685 1180 3739 Deum
1212 3702 1271 3739 se
1304 3685 1538 3739 adorare
1557 3692 1833 3754 putantes,
1862 3683 2058 3739 deinde

478 3778 650 3833 Deum
690 3778 1052 3846 corporaliter
1088 3777 1210 3831 loco
1246 3777 1483 3831 insidere
1529 3776 1883 3840 arbitrantes,
1922 3792 2057 3831 voce

478 3877 639 3924 tenus
685 3868 894 3931 colunt,
948 3867 1096 3921 aliud
1136 3868 1395 3938 quiddam
1452 3872 1633 3937 potius
1687 3884 1849 3937 quam
1890 3867 2054 3923 Deum

478 3962 793 4017 adorantes.
846 3958 991 4013 Nihil
1028 3960 1173 4014 enim
1217 3959 1365 4029 quod
1411 3960 1532 4013 loco
1580 3960 2055 4027 Circumscriptuln

476 4052 819 4121 intelligitur,
860 4050 1071 4105 Numen
1093 4059 1199 4105 est.
1250 4049 1356 4104 Sed
1401 4047 1678 4119 proprium
1702 4059 1783 4104 est
1804 4048 2054 4111 Deitatis,

477 4145 682 4212 ubique
727 4157 851 4197 esse
906 4151 959 4195 et
991 4156 1084 4210 per
1120 4141 1301 4193 omnia
1334 4154 1535 4202 meare,
1576 4139 1836 4206 nulloque
1883 4138 2057 4208 Spatio

474 4232 874 4290 circumscribi.
898 4232 1080 4298 Quare
1102 4246 1283 4285 sermo
1308 4231 1399 4300 qui
1436 4236 1629 4283 contra
1652 4244 1751 4283 nos
1780 4229 2057 4299 profertur

478 4328 531 4381 in
558 4326 988 4388 accusationem,
1012 4324 1069 4377 in
1093 4323 1242 4392 ipsos
1264 4322 1468 4377 Chrisui
1496 4329 1898 4392 oppugnatores
1924 4337 2056 4376 con-

478 4420 728 4473 vertitur.
758 4415 827 4470 Ut
849 4416 995 4471 enim
1038 4415 1201 4470 locali
1226 4415 1460 4484 quadam
1494 4414 1863 4484 descriptione
1886 4411 2055 4467 Deum

476 4510 748 4565 contineri
789 4508 1123 4562 Samaritani
1158 4514 1435 4577 putantes,
1483 4505 1806 4575 reprehensi
1835 4504 2058 4559 fuerunt

479 4617 574 4671 per
603 4618 666 4656 ea
703 4616 823 4669 quae
858 4599 1172 4660 audierunt,
1199 4601 1324 4669 quia
1348 4597 1604 4653 Adoratis
1632 4594 1778 4666 quod
1810 4597 2053 4659 nescitis,

476 4699 532 4745 et
561 4691 715 4743 vobis
746 4691 929 4745 cultus
965 4688 1029 4741 ad
1071 4686 1240 4741 Deum
1274 4694 1532 4755 spectans
1566 4686 1623 4749 [it
1655 4684 1890 4737 inutilis:
1928 4698 1961 4736 n
1984 4698 2051 4735 im

477 4782 571 4851 qui
606 4789 829 4850 putatur
868 4783 989 4835 loco
1016 4779 1276 4845 insidere,
1311 4793 1419 4833 non
1450 4785 1533 4831 est
1567 4778 1706 4831 Deus
1746 4802 1759 4830 .
1818 4776 1895 4830 sic
1926 4789 2053 4843 pro-

477 4874 596 4944 prie
644 4874 810 4927 etiam
865 4873 932 4927 ad
980 4876 1080 4928 hos
1132 4887 1308 4926 novos
1357 4869 1736 4923 Samaritanos
1776 4869 1936 4922 liceat
1973 4866 2057 4920 (li-

478 4979 624 5028 cere,
662 4965 805 5032 quod
829 4965 1046 5019 nomine
1078 4962 1405 5032 ἀγεννησίας
1439 4961 1867 5029 ingenerationis,
1909 4960 2057 5014 velut

480 5060 601 5111 loco
654 5053 888 5124 quodam
930 5055 1404 5122 circumscriptam
1441 5068 1564 5106 esse
1608 5052 1848 5105 divinam
1875 5065 2060 5105 essen-

479 5149 610 5203 tiam
646 5145 1016 5215 suspicantes,
1051 5144 1289 5197 adoratis
1329 5144 1466 5211 quod
1501 5143 1736 5204 nescitis,
1775 5142 1920 5194 sicut
1954 5138 2061 5193 Deo

479 5239 698 5312 quidem
740 5236 1068 5300 servientes,
1110 5233 1206 5289 sed
1260 5234 1574 5302 ignorantes
1607 5233 1698 5286 Dei
1734 5230 2056 5285 inﬁnitatem

480 5328 746 5383 excedere
801 5340 1022 5381 omnem
1055 5322 1482 5395 signiﬁeantiam
1513 5322 1798 5377 nominum
1829 5328 1883 5373 et
1911 5334 2062 5373 com-

482 5419 930 5487 prehensioncm.

558 5590 600 5621 ³³
640 5592 794 5647 Rom.
866 5610 939 5659 χι,
988 5594 1073 5649 55.
1149 5590 1248 5665 ,³³1
1280 5589 1488 5654 (Ionii,
1520 5590 1570 5644 9.

1679 5587 1723 5620 ³⁴
1744 5586 1899 5642 Joan.
1934 5602 2007 5653 ιν,
2034 5584 2123 5638 22.

2168 1684 2371 1747 θόντες,
2401 1683 2825 1754 ἀναλογιζόμεθα
2857 1685 2943 1737 διὰ
2988 1685 3093 1737 τῶν
3122 1686 3443 1756 εἰρημένων,
3474 1688 3553 1742 ὅτι
3583 1691 3632 1743 εἰ
3667 1692 3738 1745 τὰ

2161 1776 2403 1845 κρίματα
2460 1776 2872 1847 ὲξερευνηθῆναι
2927 1778 2985 1829 οὑ
3019 1774 3257 1841 δύναται,
3290 1778 3381 1831 καὶ
3419 1782 3473 1833 αί
3497 1781 3606 1834 ὁδοὶ
3636 1784 3737 1836 οὑκ

2159 1866 2571 1937 ὲξιχνιάζονται,
2608 1869 2700 1921 καὶ
2736 1871 2767 1937 ἡ
2799 1868 2905 1921 τῶν
2954 1870 3172 1936 ἀγαθῶν
3213 1871 3513 1940 ἐπαγγελία
3556 1875 3738 1944 πάσης

2161 1960 2485 2030 ὑπέρκειται
2520 1960 2621 2029 τῆς
2650 1962 3081 2031 ἀποστοχασμῶν
3111 1964 3379 2029 εἰκασίας,
3413 1966 3563 2037 πόσῳ
3597 1969 3736 2037 μᾶλ-

2160 2052 2249 2104 λον
2282 2052 2359 2121 τῷ
2387 2052 2568 2123 μέτρῳ
2601 2052 2741 2105 κατά
2777 2052 2836 2105 το
2870 2052 3143 2122 άφραστόν
3171 2071 3230 2106 τε
3265 2057 3359 2108 καὶ
3389 2058 3739 2128 ἀπροσπέλα-

2163 2160 2305 2206 στον,
2358 2144 2627 2215 ἀνώτερόν
2670 2147 2786 2197 ἐστι
2827 2146 2921 2198 καὶ
2961 2145 3286 2217 ὑψηλότερον
3314 2148 3445 2202 αὑτὸ
3482 2149 3541 2203 τὸ
3576 2145 3732 2199 Θεῖον

2158 2235 2265 2287 τῶν
2300 2237 2426 2306 περὶ
2460 2236 2589 2289 αὑτὸ
2620 2235 2919 2307 νοουμένων
2931 2270 2947 2297 ι
2998 2232 3070 2293 ὦν
3090 2238 3346 2308 οὐδεμίαν
3365 2235 3503 2292 εἶναι
3533 2240 3737 2308 γνῶσιν

2159 2327 2187 2378 ὁ
2218 2326 2551 2389 θεοδίδακτος
2583 2327 2939 2396 ἀποφαίνεται
2959 2326 3199 2396 Παῦ).ος;
3223 2330 3317 2383 καὶ
3340 2329 3427 2383 διὰ
3458 2331 3615 2384 τοῦτο
3648 2332 3739 2403 βε-

2159 2416 2418 2486 ϐαιοῦμεν
2446 2419 2503 2469 ἐν
2524 2418 2654 2487 ἡμῖν
2683 2419 2864 2480 αὑτοῖς
2877 2418 2935 2471 τὸ
2965 2418 3498 2490 καταχλευαζόμενον
3522 2422 3700 2491 δόγμα
3721 2440 3735 2453 ⁸

2158 2506 2540 2577 ὁμολογοῦντες
2585 2507 2840 2571 ἐλάττους
2901 2504 3045 2560 εἶναι
3101 2509 3239 2562 κατά
3282 2509 3376 2581 τὴν
3406 2512 3603 2580 γνῶσιν
3630 2513 3741 2565 τῶν

2159 2599 2590 2668 ὑπερϐαινόντων
2642 2599 2738 2671 τὴν
2785 2600 3003 2668 γνῶσιν,
3058 2602 3152 2654 καὶ
3194 2606 3515 2673 προσκυνεῖν
3559 2620 3740 2675 φαμεν

2157 2690 2371 2760 ἀληθῶς
2405 2690 2539 2760 ὅπερ
2564 2690 2806 2760 οἴδαμεν,
2833 2692 3066 2762 Οἴδαμεν
3094 2692 3149 2745 δὲ
3190 2693 3253 2745 τὸ
3294 2692 3426 2763 ὑψος
3444 2696 3544 2765 τῆς
3580 2695 3739 2765 δόξης

2157 2779 2248 2832 τοῦ
2279 2779 2771 2849 προσκυνουμένου,
2799 2779 2944 2849 αὑτῷ
2974 2780 3050 2849 τῷ
3072 2780 3144 2851 μὴ
3175 2780 3435 2835 δύνασθαι
3457 2786 3566 2845 τοῖς
3595 2784 3742 2852 λογι-

2160 2872 2314 2939 σμοῖς
2364 2870 2707 2929 καταλαόεῖν,
2771 2870 3211 2941 ἀναλογιζόμενοι
3244 2874 3303 2926 τὸ
3345 2874 3440 2928 τοῦ
3478 2876 3742 2945 μεγέθους

2158 2960 2495 3020 ἀνείκαστον,
2539 2960 2631 3013 καὶ
2679 2960 2737 3012 τὸ
2766 2961 2903 3030 πρὸς
2946 2962 3045 3032 τὴν
3081 2964 3409 3035 Σαμαρεῖτιν
3450 2967 3600 3035 παρά
3645 2968 3741 3021 τοῦ

2158 3053 2361 3125 Κυρίου
2395 3051 2578 3122 ῥηθὲν,
2612 3050 2730 3104 καθ’
2759 3051 2915 3121 ἡμῶν
2944 3052 3000 3105 δὲ
3030 3054 3180 3125 παρὰ
3224 3056 3332 3109 τῶν
3365 3058 3573 3129 ἐχθρῶν
3609 3076 3748 3130 προ-

2158 3146 2477 3215 φερόμενον,
2511 3144 2645 3212 πρὸς
2673 3144 2913 3209 ἐκείνους
2946 3144 3010 3197 ἂν
3035 3146 3232 3215 μᾶλλον
3270 3149 3473 3219 κυρίως
3509 3151 3738 3220 λέγοιτο.

2157 3238 2229 3290 Τὸ
2258 3237 2383 3307 γὰρ,
2439 3235 2635 3304 ἠιεῙς
2689 3236 3083 3304 προσκυνεῖτε
3132 3237 3163 3291 ὃ
3218 3242 3329 3294 οὐκ
3354 3242 3575 3307 οἴδατε,
3608 3247 3746 3315 φησὶ

2157 3326 2288 3396 πρὸς
2320 3326 2418 3396 τὴν
2448 3326 2776 3395 Σαμαρεῖτιν
2814 3326 2840 3377 ό
2882 3327 3104 3396 Κύριος,
3135 3334 3476 3399 σωματικαῖς
3508 3334 3741 3396 ἐννοίαις

2157 3419 2214 3470 ὲν
2238 3421 2354 3481 ταῖς
2388 3418 2513 3489 περὶ
2538 3416 2670 3469 Θεοῦ
2698 3416 2874 3483 δόξαις
2909 3418 3369 3497 προειλημμένην,
3402 3418 3469 3493 ἦς
3504 3424 3684 3487 καλῶς
3713 3427 3744 3477 ὁ

2156 3508 2313 3576 λόγος
2345 3507 2714 3560 καθάπτεται·
2740 3505 2821 3558 ὅτι
2850 3504 2980 3559 Θεὸν
3002 3512 3321 3578 προσκυνεῖν
3338 3512 3386 3562 οἱ
3405 3512 3739 3582 Σαμαρεῖται

2157 3598 2488 3667 νομίζοντες,
2524 3592 2644 3650 εἶτα
2678 3597 3004 3667 σωματικῶς
3045 3599 3466 3670 ὲγκαθιδρύσθαι
3490 3604 3640 3672 τόπῳ
3678 3603 3739 3655 το

2152 3691 2300 3742 Θεῖον
2324 3690 2585 3760 οἰόμενοι,
2629 3688 2789 3758 μέχρι
2828 3688 2926 3756 τῆς
2954 3689 3133 3759 φωνῆς
3166 3691 3499 3757 εὐσεϐοῦσιν,
3533 3694 3659 3747 ἄλλο
3687 3711 3739 3746 τι

2160 3796 2233 3849 πρ
2248 3779 2589 3840 λσκυνοῦντες
2614 3778 2708 3829 καὶ
2737 3777 2797 3827 οὑ
2827 3774 2979 3829 Θεόν.
3006 3777 3170 3829 οὐδὲν
3196 3780 3304 3851 γὰρ
3336 3782 3392 3833 ὲν
3424 3784 3737 3851 περιγρατῇ

2158 3869 2467 3939 νοούμενον,
2512 3869 2661 3922 Θεῖόν
2709 3871 2855 3922 ἐστιν
2876 3888 2887 3900 ”
2926 3869 3037 3922 ἀλλ’
3086 3869 3213 3921 ἴδιον
3246 3870 3348 3940 τῆς
3374 3868 3656 3937 Θεότητος,
3681 3871 3738 3921 τὸ

2160 3960 2432 4031 πανταχοῦ
2477 3957 2635 4022 εἶναι,
2680 3961 2770 4013 καὶ
2818 3959 2906 4012 διά
2938 3959 3153 4013 πάντων
3184 3960 3358 4030 ἥκειν,
3410 3961 3503 4013 καὶ
3549 3961 3734 4029 μηδενὶ

2160 4049 2586 4121 περιείργεσθαι.
2620 4048 2781 4102 Ὥστε
2827 4050 3247 4120 περιστρέφεται
3293 4053 3403 4114 τοῖς
3438 4052 3735 4121 χριστομάο

2159 4159 2273 4211 χοις
2306 4144 2384 4204 εἰς
2432 4141 2764 4211 κατηγορίαν
2826 4142 3005 4195 αὑτῶν
3042 4144 3070 4195 ὁ
3104 4143 3224 4196 καθ’
3264 4142 3419 4213 ἡμῶν
3470 4144 3735 4213 προφερό·

2092 4272 2135 4327 D
2164 4251 2322 4303 μενος
2353 4233 2528 4299 λόγος.
2569 4232 2655 4295 Ὠς
2682 4233 2787 4304 γὰρ
2809 4237 3000 4304 τοπικῇ
3035 4251 3137 4287 τινι
3170 4239 3479 4306 περιγραφῇ
3508 4234 3562 4285 τὸ
3580 4235 3729 4287 Θεῗον

2166 4322 2515 4394 περιέχεσθαι
2566 4323 2899 4391 Σαμαρεῖται
2956 4321 3285 4392 νομίζοντες,
3331 4321 3731 4392 ἐπετιμήθησαν

2163 4415 2227 4468 δι’
2253 4409 2325 4466 ῶν
2356 4415 2593 4485 ἤκουσαν
2621 4430 2635 4445 ο
2677 4408 2756 4463 ὅτι
2785 4409 3145 4481 Προσκυνεῖτε
3199 4413 3228 4465 ὃ
3274 4414 3373 4466 οὑκ
3407 4414 3606 4474 οἴδατε,
3641 4415 3735 4467 καὶ

2162 4506 2418 4573 ἀνόνητος
2455 4504 2664 4571 γίνεται
2698 4503 2823 4571 ὑμῖν
2870 4504 2901 4572 ὴ
2950 4503 3174 4572 λατρεία
3223 4506 3255 4574 ἡ
3286 4504 3421 4576 πρὸς
3451 4505 3584 4558 Θεὸν
3616 4506 3733 4574 βλέ-

2164 4611 2363 4649 πουσα·
2382 4595 2510 4657 Θεὸς
2533 4597 2641 4666 γὰρ
2666 4594 2815 4663 τόπῳ
2842 4594 2946 4646 τινὶ
2975 4594 3329 4665 καθιδρύσθαι
3362 4594 3732 4665 νομιζόμενος,

2163 4688 2293 4751 Θεὸς
2321 4688 2417 4740 οὑκ
2445 4686 2587 4739 ἔστιν
2611 4702 2624 4716 ·
2657 4687 2826 4749 οὕτως
2854 4686 2918 4740 ἂν
2952 4687 3036 4757 εἴη
3087 4687 3287 4757 κυρίως
3317 4688 3410 4739 καὶ
3442 4688 3579 4759 πρὸς
3614 4689 3732 4750 τοὺς

2164 4779 2317 4841 νέους
2340 4778 2680 4849 Σαμαρείτας
2703 4779 2894 4841 εἰπεῖν,
2922 4779 3003 4830 ὅτι
3032 4777 3110 4847 τῷ
3148 4777 3370 4847 ὀνόματι
3394 4778 3491 4848 τῆς
3563 4778 3735 4846 ἆγεν-

2162 4870 2399 4937 νησίας,
2436 4864 2544 4922 οἷόν
2576 4888 2679 4923 τινι
2719 4869 2869 4940 τόπῳ
2911 4868 3291 4939 περιειλῆφθαι
3331 4869 3431 4939 τὴν
3476 4869 3628 4923 θείαν
3652 4872 3736 4922 ού-

2165 4963 2283 5014 σίαν
2314 4961 2683 5027 ὑπονοοῦντες,
2705 4961 3095 5032 προσκυνεῖτε
3119 4960 3148 5013 ὃ
3166 4962 3275 5013 οὐκ
3293 4960 3513 5024 οἴδατε,
3530 4961 3605 5021 ὼς
3620 4960 3735 5028 Θεῴ

2166 5054 2262 5124 μὲν
2302 5052 2673 5123 λατρεύοντες,
2736 5052 3055 5120 ἀγνοοῦντες
3105 5051 3162 5104 δὲ
3218 5051 3300 5104 ὅτι
3336 5052 3518 5121 πάσης
3548 5052 3645 5121 τῆς
3676 5050 3731 5115 ἐξ

2158 5143 2433 5212 ὀνομάτων
2464 5143 2738 5213 σημασίας
2771 5143 2864 5197 καὶ
2907 5140 3246 5213 περιλήψεως
3277 5142 3609 5214 ὑπερπίπτει
3644 5140 3729 5194 τοῦ

2160 5234 2294 5307 Θεοῦ
2314 5234 2372 5287 τὸ
2388 5235 2656 5304 ἀόριστον.
