4054 6150
327 280 437 338 605

416 390 581 448 Ἀλλά
644 392 738 446 ἐπὶ
794 389 953 445 πλέον

242 536 263 559 ,
327 487 355 539 ό
381 487 560 554 λόγος,
583 486 695 547 τοῖς
714 485 802 537 ἀεὶ
836 483 976 538 κατά
1000 484 1077 537 ’τὸ
1119 483 1410 537 ἀκόλουθον
1432 483 1910 557 ὲφευρισκομένοις

328 579 594 647 ἑπόμενος
619 592 632 605 ·
680 574 874 628 οὐκοῦν
918 574 1078 629 πάλιν
1117 574 1217 645 τὴν
1269 574 1588 628 ἀκολουθίαν
1640 573 1909 627 ὲπαναλά-

329 666 531 737 δωμεν.
570 664 797 735 Ἐπειδὴ
839 664 938 734 τὴν
990 665 1348 735 προτεθεῖσαν
1396 666 1544 735 αὐτῷ
1572 666 1730 736 ῥῆσιν
1770 667 1907 718 ἀπο-

328 756 583 827 χρώντως
611 750 763 825 οἶμαι
794 754 882 807 διά
910 752 1016 807 τῶν
1048 754 1349 824 εῑρημένων
1374 753 1809 822 πεφανερῶσθαι,
1848 753 1905 805 ού

330 848 466 919 πρὸς
526 845 627 915 τὴν
683 845 942 915 ἀλήθειαν
1002 846 1180 916 μόνον,
1244 845 1379 898 ἀλλά
1424 845 1679 916 καὶπρὸς
1711 844 1909 915 ἑαυτὴν

328 940 557 1009 ἔχουσαν
579 937 853 1000 ἐναντίως.
882 938 944 989 El
977 937 1085 1006 γὰρ
1112 936 1231 989 κατ’
1262 937 1461 999 αὐτοὺς
1492 937 1524 1006 ὴ
1557 935 1758 1005 φυσικὴ
1788 935 1908 1005 σχέ-

333 1046 415 1092 σις
446 1032 513 1099 τῇ
567 1028 660 1080 τοῦ
704 1027 833 1080 Υἱοῦ
856 1028 1199 1098 προσηγορίᾳ.
1226 1025 1361 1096 πρὸς
1407 1026 1498 1079 τὸν
1533 1026 1751 1097 Πατέρα
1786 1044 1909 1078 συν-

334 1116 567 1180 ίσταται,
597 1117 845 1187 καὶπρὸς
862 1116 952 1168 τὸν
969 1116 1355 1184 γεγεννηκότα,
1376 1117 1409 1186 ή
1434 1114 1526 1169 τοῦ
1547 1118 1905 1187 γεννήματος,

330 1208 473 1260 κατά
502 1224 624 1260 τινα
677 1207 1071 1276 γραμματικὴν
1103 1205 1394 1276 φλυαρίαν,
1430 1205 1531 1270 τὰς
1569 1206 1909 1277 σημαντικὰς

328 1299 432 1368 τῆς
457 1298 607 1360 θείας
637 1297 850 1365 φύσεως
895 1296 1065 1362 λέξεις
1093 1296 1190 1365 τῆς
1222 1296 1412 1363 σοφίας
1434 1296 1639 1351 τούτων
1670 1299 1748 1359 είς
1788 1298 1907 1350 ὀνο-

334 1391 518 1459 μάτων
559 1388 741 1458 σχῆμα
771 1387 1215 1458 παρατυπούσης,
1233 1388 1410 1441 οὐκέτ’
1436 1390 1501 1443 ἀν
1524 1406 1606 1452 τις
1623 1374 1911 1459 .ἀμφι6άλ·-

330 1480 413 1533 λοι
438 1479 534 1548 τὴν
564 1481 628 1531 ἐκ
655 1479 868 1548 φύσεως
891 1482 1291 1551 συνισταμένην
1323 1481 1431 1534 τῶν
1456 1482 1734 1550 ὀνομάτων
1772 1482 1909 1551 πρὸς

331 1571 536 1641 ἄλληλα
567 1573 768 1640 σχέσιν,
803 1570 1077 1634 ἀπόδειξιν
1114 1572 1213 1642 τῆς
1261 1572 1378 1624 κατ’
1409 1558 1595 1625 ούσίαν
1624 1571 1800 1624 αὐτῶν
1828 1574 1909 1624 ol-

332 1663 631 1731 κειότητος,
661 1662 858 1732 μᾶλλον
883 1661 939 1714 δὲ
970 1663 1296 1731 ταυτότητος
1334 1663 1597 1732 γίνεσθαι.
1646 1663 1804 1716 Ἀλλὰ
1834 1662 1907 1733 μὴ

1439 275 1719 334 CONTRA
1752 271 2140 339 EUNOMIUM,
2174 269 2303 327 LIB.
2343 272 2430 328 Ill.

3483 275 3588 332 606

1039 392 1351 463 παρηνέχθη
1380 392 1490 446 τῶν
1535 392 1909 464 προκειμένων

2087 385 2194 441 Sed
2231 386 2446 455 longius
2481 384 2548 441 de
2574 386 2735 441 rebus
2776 385 3077 456 propositis
3117 385 3294 441 oratio
3320 386 3581 449 excurrit,

2009 477 2170 547 quasi
2228 486 2489 547 perpetua
2537 481 2682 533 serie
2728 493 2792 534 ea
2841 493 2961 547 quae
3005 493 3101 547 per
3159 480 3585 547 consequentias

2008 569 2367 624 inveniuntur
2400 585 2639 639 sequens
2672 588 2684 623 :
2731 583 2897 637 quare
2920 569 3366 624 consecutionem
3393 585 3588 626 rursus

2007 667 2341 728 repetamus.
2377 657 2827 729 Quandoquidem
2862 660 3196 729 propositam
3231 661 3298 713 ab
3325 662 3442 730 ipso
3469 661 3586 717 dic-

2008 750 2209 805 tionem
2256 751 2475 806 abunde
2511 752 2646 806 satis
2685 766 2807 806 reor
2860 766 2956 820 per
3007 767 3070 806 ea
3110 768 3232 821 quae
3270 754 3415 807 dicta
3457 766 3587 810 sunt

2006 841 2343 895 declaratam
2392 856 2536 906 esse,
2596 856 2706 895 non
2770 842 2949 894 solum
3002 842 3242 909 veritati,
3274 843 3371 897 sed
3419 845 3582 898 etiam

2007 933 2230 1002 sibiipsi
2263 948 2386 987 esse
2417 933 2769 986 contrariam.
2807 930 2863 985 Si
2896 932 3061 998 enim,
3109 942 3169 987 ut
3210 934 3313 1003 ipsi
3371 935 3582 999 volunt,

2007 1025 2280 1079 naturalis
2314 1025 2510 1079 relatio
2551 1024 2674 1079 Filii
2708 1026 3071 1096 appellatione
3107 1027 3171 1080 ad
3200 1026 3415 1081 Patrem
3451 1043 3586 1082 con-

2008 1116 2278 1175 stituitur.
2310 1124 2365 1169 et
2393 1118 2459 1170 ad
2506 1132 2629 1172 eum
2658 1118 2749 1185 qui
2782 1118 2972 1187 genuit
2998 1118 3360 1187 gennematis,
3391 1119 3443 1172 id
3499 1132 3584 1176 est

2007 1205 2300 1277 progeniei,
2321 1204 2529 1266 relatio,
2545 1203 2846 1258 secundum
2857 1206 3149 1273 quamdam
3174 1209 3584 1277 grammaticam

2008 1298 2380 1367 nugationem,
2408 1296 2796 1366 signiﬁcativas
2834 1296 3030 1349 divina:
3068 1308 3279 1351 naturae
3319 1298 3588 1353 dictiones

2010 1388 2207 1442 borum
2250 1388 2519 1457 sapientia
2571 1388 2636 1440 ad
2689 1387 2914 1456 ﬁguram
2951 1387 3233 1441 nominum
3273 1387 3585 1457 efﬁngente,

2010 1494 2117 1533 non
2160 1480 2397 1549 amplius
2428 1480 2552 1547 quis
2584 1479 2845 1548 ambigat,
2882 1494 2946 1533 ex
2988 1487 3185 1533 natura
3227 1479 3585 1534 constitutam

2009 1570 2294 1624 nominum
2344 1570 2488 1623 inter
2521 1586 2580 1625 se
2620 1571 2963 1635 relationem,
3010 1571 3475 1626 necessitudinem
3502 1572 3586 1627 vel

2009 1663 2193 1731 potius
2243 1661 2547 1716 identitatis
2597 1662 3120 1716 demonstrationem
3158 1662 3294 1716 ﬁeri.
3348 1662 3451 1718 Sed
3487 1663 3581 1717 ad-

336 1753 690 1825 μετασαλέτω
734 1754 833 1825 τὴν
886 1753 1134 1807 ἐναντίαν
1174 1755 1356 1826 φωνὴν
1382 1757 1410 1807 ό
1432 1755 1698 1825 ἡμέτερος
1730 1755 1905 1822 λόγος.

2011 1756 2379 1809 versariorum
2427 1769 2613 1808 vocem
2650 1761 2836 1808 nostra
2870 1768 2978 1806 non
3011 1762 3180 1807 mutet
3211 1768 3388 1821 neque
3416 1769 3587 1823 repu-

344 1847 432 1909 Ὠς
456 1845 521 1899 ἂν
549 1846 621 1916 μὴ
652 1846 833 1916 δοκοίη
867 1849 933 1917 τῇ
960 1846 1215 1916 ἀσθενείᾳ
1247 1847 1385 1918 μόνῃ
1413 1846 1521 1898 τῶν
1546 1844 1912 1916 ἀντίμαχομέ-

331 1954 440 1989 νων
488 1936 549 1989 τὸ
600 1936 776 2006 δόγμα
828 1940 927 2006 τῆς
976 1937 1253 2000 εὐσεϐείας
1293 1936 1672 2007 κρατύνεσθαι,
1712 1936 1910 1990 ἀλλ’ὲν

332 2026 511 2098 ἑαυτῷ
542 2027 772 2097 μάλιστα
799 2027 898 2098 τὴν
940 2028 1096 2098 ίσχὺν
1128 2028 1292 2098 ἔχειν.
1339 2028 1429 2090 Ὠς
1473 2022 1563 2085 οὖν
1603 2029 1718 2079 ἐστι
1753 2027 1911 2079 δυνα-

331 2120 444 2182 τὸν,
495 2120 563 2173 δι’
622 2119 989 2189 εὐτονωτέρας
1040 2120 1141 2188 τῆς
1204 2119 1530 2190 συνηγορίας
1563 2119 1911 2189 βεϐαιωθήτω

334 2206 464 2279 παρ’
529 2208 683 2278 ἡμῶν
734 2207 911 2260 αὐτῶν
958 2210 986 2261 ό
1036 2208 1403 2278 ἀντικείμενος
1433 2208 1606 2276 λόγος,
1660 2208 1734 2271 ὡς
1761 2208 1826 2260 ἂν
1849 2208 1910 2260 τὸ

334 2300 671 2371 ὑπερϐάλλον
702 2301 799 2371 τῆς
848 2299 1130 2369 δυνάμεως
1162 2299 1520 2369 διαγνωσθείη
1556 2301 1694 2353 κατά
1712 2299 1909 2370 πολλὴν

336 2389 678 2459 πετωίθησιν,
704 2390 798 2442 καὶ
830 2388 898 2441 τά
927 2389 1408 2458 παραλελειμμένα
1436 2389 1587 2458 παρὰ
1614 2388 1723 2441 τῶν
1752 2390 1907 2441 ἐναν-

332 2482 463 2535 τίων
486 2483 564 2544 είς
592 2482 793 2551 ἀκριϐῆ
844 2480 1075 2549 βάσανον
1113 2480 1210 2548 τῆς
1234 2479 1486 2547 ἀληθείας
1514 2479 1677 2549 -ἡμῶν
1713 2496 1911 2550 προφε-

335 2574 561 2644 ρόντων.
606 2573 751 2641 Ἐρεῖ
780 2571 887 2641 γὰρ
925 2572 1055 2632 ἴσως
1090 2572 1117 2622 ό
1138 2572 1249 2631 τοῖς
1277 2569 1535 2631 ἐναντίοις
1568 2570 1909 2639 ἰσχυριζόμε-

331 2680 440 2725 νος,
474 2664 556 2715 ὅτι
584 2663 643 2716 οὑ
685 2662 899 2724 πάντως
941 2662 974 2731 ή
1025 2659 1117 2712 τοῦ
1177 2659 1294 2712 υίοῦ
1331 2660 1424 2712 καὶ
1454 2661 1545 2713 τοῦ
1574 2662 1911 2730 γεννήματος

333 2754 524 2823 κλῆσις
570 2753 629 2806 τὸ
679 2753 819 2807 κατά
844 2752 941 2822 τὴν
972 2752 1131 2819 φύσιν
1177 2754 1371 2805 οἰκεῖον
1418 2752 1762 2822 παρίστησιν.
1799 2754 1909 2807 Καὶ

330 2844 443 2913 γὰρ
471 2845 567 2897 καὶ
615 2844 803 2896 τέκνον
832 2859 914 2905 τις
949 2843 1117 2912 ὀργῆς
1153 2844 1208 2894 ὲν
1236 2845 1302 2911 τῇ
1334 2843 1522 2912 Γραφῇ
1548 2842 1783 2909 λέγεται,
1817 2843 1911 2895 καὶ

331 2934 616 2996 ἀπωλείας
662 2933 803 2997 υίὸς,
859 2932 950 2985 καὶ
977 2932 1225 3001 γέννημα
1258 2932 1487 3001 ἐχίδνης,
1526 2931 1620 2984 καὶ
1651 2933 1711 2985 οὐ
1737 2932 1908 3002 δήπου

330 3026 584 3094 κοινότης
627 3040 710 3086 τις
770 3021 985 3091 φύσεως
1034 3024 1146 3083 τοῖς
1200 3020 1461 3084 τοιούτοις
1513 3021 1739 3090 ὀνόμασι
1783 3038 1908 3073 συν-

332 3114 597 3184 ανεφάνη.
631 3115 703 3166 Οὐ
733 3113 842 3182 γάρ
860 3110 1054 3164 ταύτόν
1086 3112 1201 3163 ἐστι
1230 3110 1308 3180 τῷ
1342 3111 1678 3182 ὑποκειμένῳ
1712 3110 1909 3173 Ἰούδας
1937 3095 1979 3150 C

330 3210 361 3260 ὁ
392 3208 489 3277 τῆς
515 3204 786 3267 ἀπωλείας
809 3203 922 3266 υἱὸς
962 3203 1362 3273 ὠνομασμένος,
1394 3204 1487 3257 καὶ
1510 3204 1646 3274 αὑτὴ
1675 3204 1813 3257 κατά
1851 3203 1912 3256 τὸ

331 3297 619 3367 νοούμενον
650 3294 969 3367 ήάπώλεια.
1009 3295 1170 3347 ’Ἄλλο
1214 3295 1321 3366 γὰρ
1346 3295 1440 3348 τοῦ
1475 3296 1615 3350 κατὰ
1654 3296 1745 3347 τὸν
1780 3296 1913 3348 Ἰού-

331 3393 449 3456 δαν,
504 3393 599 3445 καὶ
651 3392 835 3461 ἕτερον
895 3390 993 3460 τῆς
1050 3388 1321 3452 ἀπωλείας
1366 3390 1427 3442 τὸ
1492 3390 1907 3460 σημαινόμενον.

344 3483 573 3552 Ὁμοίως
602 3482 656 3535 δὲ
681 3481 774 3534 καὶ
804 3483 868 3533 ὲκ
889 3480 983 3533 τοῦ
1018 3480 1259 3533 ἐναντίου
1280 3480 1381 3550 τὴν
1410 3478 1531 3549 ἴσην
1568 3482 1911 3552 κατασκευὴν

332 3574 362 3626 ὁ
386 3573 542 3640 λόγος
577 3573 707 3641 έχοι.
736 3572 857 3624 Υἱοὶ
883 3571 992 3640 γάρ
1033 3569 1207 3639 φωτός
1247 3588 1390 3633 τινος
1425 3572 1517 3624 καὶ
1555 3574 1661 3625 υἱοὶ
1700 3574 1912 3643 ἡμέρας

334 3664 638 3733 λεγόμενοι,
685 3664 745 3716 οὐ
782 3662 977 3715 ταύτόν
1027 3663 1132 3714 εἰσι
1172 3661 1249 3732 τῷ
1298 3663 1436 3730 φωτὶ
1484 3665 1575 3715 καὶ
1618 3667 1683 3733 τῇ
1732 3666 1913 3736 ἡμέρα

334 3757 477 3809 κατὰ
500 3755 591 3807 τὸν
620 3755 775 3821 λόγον
802 3755 898 3823 τῆς
944 3753 1175 3822 φύσεως,
1203 3754 1296 3806 καὶ
1338 3755 1504 3806 τέκνα
1530 3755 1621 3806 τοῦ
1663 3755 1914 3825 Ἀϐραὰμ

333 3842 383 3893 cl
411 3840 547 3893 λίθοι
563 3840 822 3908 γίνονται,
839 3841 977 3893 ’ὅταν
997 3840 1085 3893 διὰ
1111 3841 1208 3909 τῆς
1238 3841 1469 3903 πίστεως
1497 3844 1589 3894 καὶ
1616 3842 1722 3894 τῶν
1738 3843 1913 3913 ἔργων

335 3932 655 3999 συγγένειαν
707 3930 805 4001 τὴν
858 3931 993 4002 πρὸς
1032 3930 1194 3983 αὐτὸν
1243 3931 1582 3995 οἰκειώσωσι,
1619 3935 1711 3985 καὶ
1752 3939 1804 3985 οἱ
1834 3934 1913 3998 τῷ

334 4023 632 4090 Ηνεύματι
654 4021 758 4075 τοῦ
789 4022 937 4075 Θεοῦ
970 4022 1266 4091 ἀγόμενοι,
1292 4020 1475 4084 καθώς
1496 4039 1659 4091 φησιν
1692 4024 1719 4075 ὁ
1760 4023 1915 4075 Ἀπό·

334 4114 544 4172 στολος,
604 4111 710 4165 υἱοὶ
727 4108 860 4163 Θεοῦ
878 4108 1148 4178 λέγονται,
1207 4113 1267 4165 οὐ
1287 4113 1480 4166 ταύτὸν
1509 4116 1657 4177 ὄντες
1686 4114 1764 4186 τῷ
1797 4115 1915 4186 Θεῷ

335 4209 475 4262 κατά
494 4207 590 4277 τὴν
612 4206 770 4274 φύσιν
790 4221 803 4235 ·
831 4204 923 4256 καὶ
944 4203 1113 4257 πολλὰ
1134 4205 1355 4259 τοιαῦτα
1379 4207 1526 4279 παρά
1545 4209 1645 4279 τῆς
1668 4208 1915 4261 θεοπνεύο

337 4317 463 4352 στου
491 4298 715 4377 Γραφῆς
736 4296 882 4349 ἔστιν
907 4294 1287 4360 ἀναλέξασθαι,
1310 4292 1461 4350 δι’ὧν
1476 4300 1509 4366 ή
1525 4297 1706 4370 ἀπάτη
1745 4300 1915 4354 καθά-

2014 1846 2127 1900 diet
2155 1846 2351 1898 oratio.
2393 1842 2462 1898 Ut
2489 1860 2597 1896 non
2631 1844 2745 1898 sola
2778 1842 3146 1896 imbecillitate
3177 1840 3583 1896 adversantium

2011 1938 2231 2009 pietatis
2272 1939 2467 2007 dogma
2510 1936 2823 1990 conﬁrmari
2857 1935 3123 1997 videatur,
3167 1934 3260 1988 sed
3308 1935 3363 1987 in
3404 1934 3588 2002 seipso

2012 2028 2252 2082 maxime
2281 2027 2450 2080 robur
2475 2025 2696 2079 habere.
2724 2024 3001 2089 Quantum
3045 2023 3209 2092 igitur
3239 2024 3352 2078 ﬁeri
3387 2032 3586 2093 potest,

2009 2117 2321 2171 robustiore
2364 2115 2669 2185 patrocinio
2697 2128 2726 2166 a
2772 2114 2933 2168 nobis
2967 2113 3102 2182 ipsis
3150 2114 3585 2168 adversariorum

2011 2224 2193 2264 sermo
2253 2208 2629 2273 conﬁrmetur,
2693 2213 2751 2258 ut
2808 2221 2872 2260 ex
2923 2205 3089 2258 multa
3149 2213 3335 2259 nostra
3392 2204 3588 2258 ﬁducia

2009 2310 2275 2371 quantum
2314 2300 2528 2352 viribus
2560 2312 2880 2366 superemus
2913 2295 3289 2366 dignoscatur,
3321 2309 3385 2350 ea
3423 2296 3585 2349 etiam

2009 2405 2130 2459 qum
2199 2390 2266 2444 ab
2323 2386 2657 2442 adversariis
2702 2395 2829 2440 sunt
2892 2385 3170 2454 praeterita
3219 2386 3287 2440 ad
3340 2387 3589 2441 veritatis

2009 2488 2255 2537 exactam
2308 2478 2687 2549 probationem
2735 2475 3092 2547 proferentes.
3149 2475 3299 2531 Dicet
3358 2476 3590 2531 fortasse

2008 2575 2103 2645 qui
2152 2574 2447 2629 contrariis
2495 2572 2692 2625 nititur
2731 2577 2783 2625 et
2834 2569 3119 2624 contendit
3164 2567 3401 2630 fortiter,
3440 2570 3588 2637 quod

2008 2682 2118 2720 non
2169 2666 2391 2718 omnino
2437 2662 2533 2717 ﬁlii
2582 2670 2635 2716 et
2691 2661 3054 2729 gennematis,
3120 2659 3239 2714 sive
3302 2660 3581 2729 progeniei

2010 2755 2323 2825 appellatio,
2369 2753 2511 2823 quod
2551 2751 2851 2807 secundum
2894 2760 3145 2805 naturam
3194 2758 3278 2805 est
3308 2751 3586 2820 proprium

2009 2856 2402 2917 repraesentat;
2453 2860 2576 2897 nam
2630 2852 2682 2897 et
2730 2843 2783 2895 in
2825 2841 3107 2912 Scriptura
3142 2842 3285 2897 ﬁlius
3339 2842 3433 2895 irae
3462 2843 3591 2911 quis

2011 2937 2238 3001 dicitur,
2284 2946 2337 2991 et
2370 2935 2695 3005 perditionis
2727 2934 2893 2998 ﬁlius,
2930 2944 2983 2988 et
3023 2947 3288 3003 gennema
3319 2932 3433 2988 sive
3460 2948 3588 3003 pro-

2012 3031 2194 3100 genies
2246 3029 2579 3097 viperarum,
2614 3040 2788 3095 neque
2822 3025 2931 3077 ulla
2963 3032 3173 3078 natura:
3223 3025 3589 3080 communitas

2014 3129 2099 3183 bis
2128 3125 2443 3180 nominibus
2475 3121 2636 3175 simul
2660 3120 2939 3175 declarata
2969 3126 3053 3171 est
3078 3134 3091 3181 ;
3131 3134 3238 3171 non
3275 3118 3419 3172 enim
3447 3118 3587 3173 idem

2013 3227 2098 3274 est
2140 3233 2262 3271 cum
2310 3216 2560 3282 subjecto
2605 3210 2744 3265 Juda
2781 3209 3109 3280 perditionis
3161 3206 3305 3265 ﬁlius
3337 3210 3588 3263 nomina-

2014 3318 2122 3371 tus,
2148 3317 2201 3363 et
2236 3309 2353 3377 ipsa
2386 3304 2689 3360 secundum
2720 3303 2773 3356 id
2812 3302 2952 3370 quod
2984 3300 3304 3368 intelligitur
3333 3301 3586 3368 perditio.

2012 3399 2172 3454 Aliud
2219 3401 2364 3454 enim
2398 3394 2763 3465 signiﬁcatum
2795 3392 3031 3446 hominis
3071 3389 3240 3454 Iudae,
3277 3390 3423 3443 aliud
3467 3406 3589 3460 pcr-

2014 3490 2262 3547 ditionis.
2293 3488 2556 3542 Similiter
2579 3486 2740 3539 etiam
2771 3499 2801 3537 e
2828 3483 3105 3537 cootrario
3150 3482 3412 3550 aequalem
3449 3496 3585 3534 con—

2014 3583 2369 3636 structionem
2425 3593 2604 3633 sermo
2653 3576 2851 3632 habere
2893 3573 3086 3644 possit.
3129 3572 3261 3625 Nam
3300 3572 3393 3625 ﬁlii
3450 3573 3590 3626 lucis

2016 3674 2252 3740 alicujus
2302 3680 2355 3725 et
2401 3670 2494 3724 ﬁlii
2553 3668 2660 3722 diei
2702 3667 2792 3735 qui
2842 3666 3121 3727 dicuntur,
3152 3680 3256 3721 non
3292 3664 3430 3718 idem
3464 3674 3591 3720 sunt

2015 3779 2141 3817 cum
2180 3762 2302 3815 luce
2350 3767 2404 3813 et
2444 3759 2550 3819 die,
2595 3755 2893 3812 secundum
2946 3761 3159 3807 natura:
3206 3752 3497 3816 rationem,
3537 3762 3592 3811 et

2019 3856 2114 3910 ﬁlii
2154 3853 2428 3908 Abraham
2464 3849 2673 3919 lapides
2704 3846 2839 3901 ﬁunt
2874 3861 2997 3899 cum
3025 3861 3121 3914 per
3152 3844 3311 3899 ﬁdem
3347 3855 3401 3898 et
3424 3859 3591 3914 opera

2016 3945 2401 4015 cognationem
2437 3956 2561 3996 cum
2598 3939 2720 4009 ipso
2751 3936 2857 3992 sibi
2906 3936 3219 3997 asciveriut,
3262 3944 3317 3991 et
3349 3938 3441 4005 qui
3464 3935 3589 4006 Spi.

2021 4036 2127 4088 ritu
2162 4035 2263 4089 Dei
2289 4043 2538 4108 aguntur,
2596 4031 2741 4085 sicut
2785 4028 3028 4099 loquitur
3059 4027 3361 4097 Apostoius
3395 4027 3462 4088 ⁸⁵,
3494 4026 3590 4078 ﬁlii

2016 4127 2110 4182 Dei
2169 4127 2449 4187 dicuntur,
2494 4139 2620 4177 cum
2667 4137 2774 4177 non
2828 4122 2937 4177 sint
2975 4121 3116 4175 idem
3169 4135 3293 4174 cum
3344 4117 3454 4172 Deo
3495 4133 3593 4186 per

2017 4228 2271 4272 naturam
2307 4235 2320 4270 :
2358 4224 2413 4272 et
2441 4213 2981 4281 multaejusmodiex
3014 4211 3297 4280 Scriptura
3329 4208 3593 4264 divinitus

2019 4309 2283 4377 inspirata
2346 4309 2471 4361 licet
2514 4307 2803 4374 colligere,
2869 4303 3070 4372 quibus
3128 4302 3277 4355 fraus
3331 4308 3593 4369 tanquam

335 4407 442 4461 περ
508 4388 670 4441 εἰκών
721 4404 803 4449 τις
861 4385 1231 4456 ἐπηνθισμένη
1278 4388 1395 4449 ταῖς
1432 4391 1724 4456 γραφικαῖς
1768 4409 1909 4462 μαρ-

2018 4402 2194 4468 imago
2222 4398 2567 4452 cilloresceus
2589 4412 2651 4449 ex
2685 4395 2967 4463 Scriptura
3001 4390 3326 4446 testimoniis
3348 4391 3591 4445 veritatis

333 4481 551 4551 τυρίαις
574 4479 635 4531 τὸ
661 4478 759 4547 τῆς
790 4476 1043 4547 ἀληθείας
1070 4474 1284 4528 εἴδωλον
1306 4477 1673 4547 ὑποκρίνεται.

405 4572 471 4623 Τί
520 4567 612 4622 οὖν
655 4570 816 4639 ἡμεῖς
866 4568 1001 4636 πρὸς
1052 4566 1208 4618 τοῦτό
1258 4583 1471 4635 φαμεν;
1529 4558 1679 4620 Οἶδεν
1726 4570 1910 4640 ἡθεία

337 4663 376 4714 Γ
382 4663 527 4731 ραφὴ
576 4664 694 4715 κατ’
749 4659 1070 4729 ἀμφοτέρων
1094 4658 1201 4709 τῶν
1240 4658 1457 4711 ὲννοιῶν
1486 4660 1782 4730 κεχρῆσθαι
1814 4662 1908 4714 τοῦ

336 4752 455 4809 υἱοῦ
515 4756 579 4821 τῇ
637 4754 808 4821 φωνῇ.
843 4752 1000 4802 Ὥστε
1049 4750 1157 4802 τισὶ
1215 4750 1312 4814 μὲν
1347 4752 1410 4802 ὲκ
1440 4749 1671 4817 φύσεως,
1704 4753 1810 4804 τισὶ
1852 4753 1909 4806 δὲ

340 4841 737 4910 ὲπισκευαστὴν
765 4842 855 4893 καὶ
899 4839 1187 4909 ἐπίκτητον
1221 4834 1474 4909 εἶναιτὴν
1500 4841 1700 4910 ταύτην
1745 4861 1910 4914 προσ-

336 4936 585 5004 ηγορίαν.
618 4934 787 4985 Ὅταν
840 4932 936 5002 μὲν
970 4932 1077 5001 γὰρ
1108 4933 1255 4993 υἱοὺς
1306 4932 1606 5001 ἀνθρώπων
1642 4934 1734 4986 καὶ
1762 4935 1910 4997 υἱοὺς

339 5026 469 5095 λέγῃ
516 5024 706 5093 κριῶν,
735 5023 833 5093 τὴν
891 5024 1012 5075 κατ’
1049 5021 1237 5073 οὐσίαν
1262 5020 1355 5073 τοῦ
1386 5022 1737 5092 γεννηθέντος
1774 5025 1911 5094 πρὸς

337 5116 429 5168 τὸν
456 5114 516 5179 ἒξ
533 5112 593 5168 οὗ
612 5113 800 5182 γέγονε
849 5113 1031 5182 σχέσιν
1063 5111 1447 5181 ἀποσημαίνει.
1478 5112 1646 5166 Ὅταν
1677 5115 1734 5167 δὲ
1763 5117 1911 5180 υἱοὺς

338 5206 618 5276 δυνάμεως
649 5204 682 5273 ἢ
718 5204 883 5257 τέκνα
940 5202 1075 5275 λέγῃ
1122 5201 1278 5267 Θεοῦ,
1305 5203 1404 5274 τὴν
1434 5205 1498 5256 ἐκ
1543 5206 1911 5277 προαιρέσεως

339 5296 626 5367 γινομένην
684 5294 1000 5364 ἀγχιστείαν
1062 5294 1379 5367 παρίστησι.
1426 5296 1536 5348 Καὶ
1570 5296 1669 5364 μέν
1703 5314 1784 5350 τοι
1814 5300 1908 5352 καὶ

339 5389 483 5445 κατά
508 5388 606 5459 τὴν
631 5387 878 5440 ἐναντίαν
911 5386 1169 5452 διάνοιαν,
1205 5387 1254 5438 oi
1283 5386 1434 5439 αὐτοὶ
1475 5387 1570 5439 καὶ
1602 5389 1706 5441 υἱοὶ
1764 5390 1909 5443 Ἠλεὶ

342 5480 435 5535 καὶ
466 5479 573 5533 υἱοὶ
594 5476 773 5548 λοιμοὶ
810 5476 1225 5548 ὠνομάσθησαν,
1267 5477 1401 5550 πρὸς
1445 5478 1701 5550 ἑκάτερον
1735 5481 1913 5553 νόημα

418 5660 465 5693 ³⁸
491 5654 653 5715 Rom.
682 5670 803 5721 vut,
837 5654 928 5711 H.

2014 4488 2367 4543 simulacrum
2413 4485 2691 4538 mentitur.

2084 4578 2223 4643 Quid
2274 4577 2438 4645 igitur
2485 4589 2585 4627 nos
2645 4572 2709 4625 ad
2761 4571 2862 4624 hoc
2913 4568 3188 4623 dicimus?
3243 4567 3299 4622 In
3357 4575 3592 4636 utroque

2016 4684 2183 4724 sensu
2254 4666 2350 4719 ﬁlii
2407 4681 2539 4717 vove
2590 4663 2664 4715 uti
2718 4662 2868 4715 netit
2906 4661 3085 4714 divina
3146 4659 3461 4729 Scriptura,
3518 4660 3591 4713 ita

2016 4773 2073 4814 ut
2109 4758 2494 4829 quibusdam‘a
2537 4764 2750 4815 natura,
2784 4751 3110 4822 quibusdam
3141 4767 3271 4807 vero
3308 4751 3588 4818 adjectitia

2014 4860 2068 4906 ct
2119 4850 2418 4904 adventitia
2470 4848 2542 4903 sit
2570 4846 2695 4900 talis
2728 4843 3039 4914 appellatio.
3082 4842 3215 4897 Cum
3264 4843 3409 4898 enim
3446 4842 3589 4897 ﬁlios

2014 4941 2298 4995 hominum
2338 4938 2471 5009 dicit
2517 4946 2573 4992 et
2622 4936 2761 4991 ﬁlios
2805 4933 3054 4998 arietum,
3111 4934 3426 4988 relationem
3467 4950 3589 5003 quae

2011 5038 2095 5086 est
2130 5030 2429 5085 secundum
2463 5027 2755 5083 essentiam
2787 5025 2952 5096 geniti
2994 5040 3117 5079 cum
3151 5040 3216 5080 eo
3259 5028 3350 5096 qui
3393 5025 3583 5095 genuit

2012 5120 2306 5191 signiﬁcat.
2366 5120 2501 5172 Cum
2536 5132 2666 5173 vero
2711 5116 2851 5173 ﬁlios
2905 5117 3160 5188 potentiae
3197 5118 3278 5171 vel
3308 5116 3401 5170 Dei
3447 5115 3587 5167 ﬁlios

2012 5212 2165 5278 dicit,
2194 5210 2653 5281 propinquitatem
2689 5225 2809 5278 qua).
2839 5210 3048 5265 arbitrii
3088 5208 3264 5263 libera
3302 5206 3583 5257 voluntate

2014 5314 2068 5359 et
2088 5303 2353 5358 electione
2376 5301 2453 5367 ﬁt,
2486 5300 2744 5356 ostendit.
2768 5300 3076 5367 Quinetiam
3110 5295 3389 5352 contrario
3421 5307 3587 5346 sensu

2019 5394 2179 5461 iidem
2228 5402 2282 5448 et
2341 5392 2433 5446 ﬁlii
2484 5391 2599 5447 Heli
2648 5403 2701 5447 ct
2756 5392 2848 5446 ﬁlii
2904 5388 3067 5445 Belial
3112 5381 3380 5439 nominati
3432 5389 3582 5445 sunt,

2020 5485 2088 5539 ad
2132 5492 2421 5556 utramque
2467 5485 2746 5538 notionem
2799 5482 3029 5535 ﬁliorum
3062 5471 3423 5545 appellatione
3453 5486 3586 5528 co"-
