4054 6150
464 218 569 277 607

1739 224 1798 279 S.
1822 226 2151 284 GREGORII
2192 228 2485 289 NYSSENI

3600 236 3706 292 608

464 344 727 406 gruenter
771 340 1150 388 conveniente.
1186 332 1343 396 Quod
1373 334 1519 388 enim
1562 336 1655 389 ﬁlii
1706 336 1823 394 lleli
1861 352 2015 397 vocat

2137 348 2235 418 τῆς
2255 347 2363 401 τῶν
2402 347 2534 404 υίῶν
2562 350 2925 421 προσηγορίας
2958 351 3307 422 εύαρμόστως
3329 350 3576 420 ἐχούσης.
3620 348 3706 421 Τῷ

458 434 589 482 sunt
632 426 697 487 ",
747 422 892 493 quod
947 424 1248 477 secundum
1295 436 1546 479 naturam
1601 440 1888 498 cognatum
1924 443 2030 496 est,

460 532 584 571 cum
628 516 720 568 illo
766 514 966 567 habere
1022 514 1284 577 perhibiti
1339 524 1488 569 sunt.
1545 517 1714 571 Belial
1765 536 1893 575 vero
1937 522 2033 577 ﬁlii

454 606 718 661 nominati
749 605 793 635 ³⁷
819 644 835 670 ,
883 604 951 658 ob
982 606 1268 659 electionis
1294 606 1409 660 sive
1446 607 1678 661 instituti
1714 611 2033 677 pravitatem

457 697 707 751 accusati
762 702 913 758 sunt,
953 704 1010 747 ut
1042 703 1167 764 pote
1198 705 1408 765 patrem
1441 697 1493 750 in
1528 700 1651 752 vitae
1679 700 1890 754 ratione
1922 716 2029 754 non

456 788 801 851 aemulantcs,
847 786 940 840 sed
992 796 1219 856 peccato
1262 803 1421 840 suum
1475 789 1765 843 consilium
1811 802 1862 845 et
1913 792 2036 846 vitae

453 879 764 933 institutum
804 878 1165 947 applicantes.
1232 877 1287 931 In
1347 889 1542 932 natura
1599 881 1765 950 igitur
1824 882 2031 948 inﬁma,

452 979 616 1039 atque
653 968 707 1021 in
751 968 836 1022 his
879 968 1043 1023 rebus
1076 969 1305 1032 nostris,
1358 972 1484 1038 quia
1541 972 1684 1039 quod
1736 973 2031 1028 humanum

450 1068 534 1113 est
578 1060 739 1114 habet
778 1058 845 1112 ad
896 1069 1210 1128 utrumque,
1259 1059 1327 1112 ad
1371 1061 1563 1115 vitium
1616 1063 1739 1117 dico
1777 1074 1830 1117 et
1860 1067 2035 1118 virtu-

453 1163 584 1217 tem,
639 1152 901 1220 aequalem
968 1153 1409 1220 propensionem,
1465 1156 1520 1206 in
1576 1155 1735 1209 nobis
1791 1164 1898 1219 est,
1949 1156 2033 1211 vel

450 1244 634 1297 noctis
681 1243 765 1297 vel
818 1243 925 1297 diei
975 1244 1119 1297 ﬁlios
1178 1245 1315 1308 ﬁeri,
1374 1255 1629 1300 ruanente
1675 1249 2032 1304 nihilominus

452 1337 750 1391 secundum
783 1335 837 1389 id
864 1336 1007 1404 quod
1044 1338 1377 1406 przecipuum
1430 1349 1513 1394 est
1555 1341 1607 1393 in
1656 1344 1889 1410 propriis
1924 1353 2033 1398 ter-

455 1428 621 1480 minis
656 1438 868 1481 natura.
908 1426 1094 1497 Neque
1137 1429 1280 1482 enim
1314 1429 1404 1483 ille
1448 1431 1540 1499 qui
1585 1443 1805 1500 propter
1836 1435 2028 1487 vitium

456 1517 552 1571 ira:
606 1517 751 1572 ﬁlius
799 1517 978 1573 factus
1006 1529 1110 1583 est,
1143 1520 1212 1573 ab
1246 1519 1482 1573 humana
1511 1524 1865 1590 generatione
1898 1525 2030 1580 alie-

451 1615 617 1660 natus
668 1616 772 1670 est,
824 1624 999 1677 neque
1044 1608 1089 1661 is
1141 1608 1233 1677 qui
1275 1624 1371 1677 per
1423 1612 1744 1665 electionem
1786 1615 2024 1682 seipsum

453 1700 597 1753 bono
627 1699 947 1754 familiarem
1002 1700 1273 1768 atljunxit,
1319 1717 1412 1768 per
1444 1703 1806 1756 urbanitatem
1838 1713 1890 1758 ct
1920 1706 2020 1759 ho-

451 1796 660 1841 nestam
706 1803 917 1840 morum
944 1788 1436 1842 conformationem
1467 1805 1532 1843 ex
1568 1791 1886 1844 hominibus
1918 1807 2021 1845 na-

448 1888 536 1931 tus
570 1895 692 1934 esse
716 1879 825 1932 dici
858 1880 1015 1933 desiit
1042 1898 1056 1945 ;
1089 1880 1183 1934 sed
1211 1890 1407 1934 natura
1441 1882 1495 1934 in
1527 1884 1777 1952 utrisque
1809 1891 2012 1949 stante,

448 1966 748 2019 secundum
800 1967 1096 2020 electiones
1139 1974 1193 2021 et
1245 1970 1370 2021 vitae
1430 1968 1681 2022 instituta
1715 1970 2021 2023 diﬁ'erentia

449 2058 669 2109 nomina
699 2055 1127 2125 propinquitatis
1160 2058 1275 2111 sive
1301 2058 1723 2113 necessitudinis
1756 2060 2018 2126 induunt;

447 2144 533 2197 vel
582 2153 640 2196 ut
700 2144 795 2197 Dei
844 2145 936 2197 ﬁlii
1000 2159 1096 2213 per
1144 2145 1425 2209 virtutem,
1475 2147 1559 2199 vel
1605 2148 1865 2201 contrarii
1925 2163 2023 2218 per

448 2236 636 2289 vitium
691 2236 845 2291 ﬁant.

516 2326 572 2379 lu
604 2325 807 2381 divinis
838 2334 1019 2381 autem
1054 2325 1397 2379 documentis
1431 2325 1526 2394 qui
1562 2325 1866 2379 naturalem
1899 2340 2020 2380 ser-

446 2427 538 2472 vat
576 2418 821 2472 ordinem
862 2417 1166 2472 Eunomius
1203 2416 1418 2489 (ipsius
1461 2417 1604 2471 enim
1647 2417 1827 2473 verbis
1880 2418 2020 2471 scri-

445 2512 618 2579 ptoris
638 2506 801 2576 utar),
825 2520 879 2564 et
906 2510 1162 2579 superius
1195 2509 1346 2563 lectis
1380 2509 1663 2571 insistens,
1696 2517 1749 2562 et
1772 2524 1895 2563 eum
1926 2510 2019 2578 qui

444 2599 663 2667 genitus
709 2607 792 2652 est
829 2613 1098 2668 gennema
1147 2598 1262 2652 sive
1311 2598 1627 2667 progeniem
1678 2599 1863 2653 dicere
1913 2614 2020 2652 non

445 2704 738 2743 recursans:
764 2706 902 2751 cum,
929 2689 1129 2759 inquit,
1166 2689 1287 2758 ipsa
1321 2690 1508 2756 genita:
1536 2692 1804 2755 assentire,
1841 2701 1889 2744 et
1918 2692 2019 2759 ﬁlii

443 2780 733 2848 appeiiatio
768 2781 926 2833 talem
956 2780 1231 2833 nominum
1270 2780 1581 2833 relationem
1607 2781 1709 2833 sibi
1742 2782 1970 2835 asciscat
2000 2798 2018 2835 :

447 2888 558 2941 quo
588 2870 751 2925 modo
778 2871 921 2940 quod
946 2870 1201 2941 genitum-
1229 2881 1315 2925 est
1352 2886 1382 2924 a
1411 2880 1704 2941 generante
1733 2874 1933 2927 alienat
1966 2880 2020 2928 et

2138 442 2234 511 μὲν
2266 442 2374 513 γὰρ
2405 443 2510 495 υἱοὶ
2534 442 2624 495 τοῦ
2653 442 2798 495 Ἠλεὶ
2828 443 3109 512 κληθῆναι,
3136 443 3195 495 τὸ
3223 442 3363 495 κατὰ
3390 442 3550 511 φύσιν
3578 462 3708 511 συγ-

2134 534 2288 602 γενὲς
2323 534 2459 602 πρὸς
2486 535 2691 587 ἐκεῖνον
2730 534 2872 603 ἔχειν
2920 534 3397 604 ἐμαρτυρήθησαν.
3430 535 3621 603 Λοιμοὶ
3649 536 3708 588 δὲ

2135 625 2241 677 υἱοὶ
2281 625 2795 694 κατονομασθέντες,
2836 626 2927 677 ἐπὶ
2967 629 3031 695 τῇ
3069 629 3165 695 τῆς
3202 625 3574 694 προαιρέσεως
3611 644 3708 695 μο-

2134 714 2332 786 χθηρίᾳ
2354 718 2824 786 κατηγορήθησαν,
2845 718 2918 779 ὼς
2937 718 3055 785 οὐχὶ
3072 716 3159 768 τὸν
3181 716 3388 786 πατέρα
3419 716 3706 786 ζηλοῖντες

2132 807 2210 878 τῷ
2246 809 2362 877 βίῳ,
2393 808 2527 860 ἀλλὰ
2568 811 2633 878 τῇ
2681 808 2847 878 κακίᾳ
2876 808 2969 878 τὴν
3035 807 3342 877 προαίρεσιν
3391 808 3597 860 ἑαυτῶν
3629 825 3677 861 οι

2135 896 2475 960 κειώσαντες.
2527 898 2647 951 Ἐπὶ
2685 899 2782 965 μὲν
2804 894 2895 949 οὖν
2923 897 3019 965 τῆς
3044 897 3193 950 κάτω
3214 897 3446 964 φύσεως,
3480 900 3571 950 καὶ
3596 900 3700 952 τῶν

2134 984 2255 1035 καθ’
2283 987 2428 1054 ἡμᾶς
2458 987 2815 1056 πραγμάτων,
2843 988 2928 1040 διὰ
2951 986 3012 1038 τὸ
3041 987 3172 1057 πρὸς
3196 988 3453 1057 ἑκάτερον
3479 991 3701 1058 ὲπιρῥον

2135 1075 2251 1137 πῶς
2286 1076 2347 1128 τὸ
2370 1077 2704 1146 ἀνθρώπινον
2725 1077 2886 1146 ἔχειν,
2921 1078 3274 1147 πρὸςικακίαν
3291 1078 3437 1146 λέγω
3462 1081 3555 1132 κα)⁸
3577 1081 3706 1149 ἀρε-

2132 1168 2246 1239 τὴν,
2284 1169 2369 1237 ἐφ’
2399 1172 2529 1238 ἡμῖν
2557 1170 2723 1233 ἐστιν,
2771 1171 2803 1239 ἢ
2833 1171 3022 1232 νυκτὸς
3054 1170 3085 1239 ἢ
3121 1169 3328 1238 ἡμέρας
3367 1170 3515 1233 υἱοὺς
3550 1169 3704 1237 γενέ-

2135 1260 2276 1323 σθαι,
2317 1261 2582 1332 μενούσης
2616 1261 2757 1314 κατὰ
2783 1262 2844 1313 τὸ
2881 1261 3287 1332 προηγούμενον
3322 1264 3379 1314 έν
3415 1263 3527 1322 τοῖς
3554 1262 3703 1324 ίδίοις

2130 1351 2277 1420 ὅροις
2307 1350 2403 1419 τῆς
2427 1350 2658 1418 φύσεως.
2687 1349 2823 1403 Οὖτε
2871 1351 2979 1420 γάρ
3015 1354 3043 1403 ὁ
3079 1351 3165 1403 διὰ
3187 1352 3383 1404 κακίαν
3419 1352 3588 1421 ὀργῆς
3618 1353 3705 1404 τέ-

2132 1458 2255 1493 κνον
2283 1441 2570 1511 γενόμενος
2620 1442 2717 1511 τῆς
2760 1441 3104 1511 ἀνθρωπίνης
3148 1442 3478 1514 ὴλλοτριώθη
3510 1444 3704 1513 γεννή-

2134 1549 2290 1595 σεως,
2322 1531 2444 1584 οὗτε
2494 1535 2521 1585 ὁ
2554 1530 2632 1601 τῷ
2660 1531 2846 1601 ἁγαθῴ
2886 1526 2974 1584 διὰ
3010 1534 3377 1603 προαιρέσεως
3406 1534 3595 1586 ἑαυτὸν
3624 1537 3701 1586 οἰ-

2132 1622 2385 1687 κειώσας,
2412 1624 2473 1676 τὸ
2502 1626 2559 1690 ag
2587 1625 2884 1695 ἀνθρώπων
2911 1625 3072 1693 φῦναι
3110 1626 3197 1679 διὰ
3226 1627 3325 1695 τῆς
3354 1627 3699 1695 ἁστειότητος

2127 1716 2235 1769 τῶν
2260 1717 2706 1787 ἐπιτηδευμάτων
2744 1717 3000 1770 ἀπώσατο
3025 1734 3039 1749 ⁶
3079 1718 3215 1771 ἀλλά
3246 1719 3343 1789 τῆς
3374 1719 3584 1786 φύσεως
3612 1720 3699 1786 ἐφ’

2124 1800 2401 1877 ἑκατέρων
2440 1808 2702 1877 ἑστώσης,
2733 1810 2789 1861 αἱ
2836 1809 2975 1861 κατὰ
3009 1809 3105 1872 τὰς
3137 1811 3483 1880 προαιρέσεις
3510 1810 3695 1877 διαφο-

2126 1900 2217 1969 ραὶ
2240 1899 2307 1952 τὰ
2338 1900 2576 1970 ὀνόματα
2606 1901 2703 1969 τῆς
2733 1900 3062 1969 οἰκειότητος
3107 1900 3424 1954 ὑποδύονται
3445 1919 3457 1930 ·
3488 1901 3519 1971 ἢ
3559 1900 3694 1953 Θεοῦ

2120 1992 2287 2043 τέκνα
2311 1991 2377 2043 δι’
2398 1991 2617 2063 ἀρετῆς,
2645 1992 2677 2061 ἢ
2705 1990 2796 2044 τοῦ
2823 1992 3194 2063 ἀντικειμένου
3217 1992 3307 2046 διά
3336 1993 3531 2057 κακίας
3552 1994 3695 2061 γινό-

2127 2099 2296 2135 αενοι.

2205 2348 2327 2403 Ἐπὶ
2368 2352 2424 2403 δέ
2472 2367 2535 2418 γε
2579 2351 2685 2404 τῶν
2732 2351 2889 2404 θείων
2932 2352 3211 2420 δογμάτων
3257 2356 3284 2405 ό
3328 2352 3426 2424 τὴν
3459 2354 3689 2423 φυσικὴν

2121 2442 2398 2506 διασώζων
2436 2443 2587 2508 τάξιν
2621 2443 2880 2512 Εὑνόμιος
2900 2460 2912 2472 ·
2955 2446 3137 2505 αὐτοῖς
3165 2444 3272 2514 γὰρ
3299 2447 3572 2515 χρήσομαι
3596 2444 3688 2499 τοῦ

2121 2534 2459 2605 λογογράφου
2488 2537 2600 2597 τοῖς
2632 2536 2835 2604 ῥήμασι
2859 2551 2871 2563 ·
2918 2536 3010 2587 καὶ
3048 2538 3158 2599 τοῖς
3183 2535 3385 2589 ἄνωθεν
3414 2537 3689 2606 ἐγνωσμέ-

2120 2641 2229 2687 νοις
2283 2625 2567 2694 ἐμμένων,
2619 2626 2713 2678 καὶ
2762 2626 3013 2696 γεννητὸν
3059 2626 3184 2680 ὄντα
3225 2626 3470 2697 γέννημα
3513 2627 3689 2696 λέγειν

2119 2716 2178 2769 ού
2219 2716 2644 2788 παραιτούμενος
2677 2735 2689 2747 ·
2762 2722 2872 2788 τῆς
2913 2720 3304 2786 γεννηθείσης
3343 2718 3554 2787 αὐτῆς,
3613 2717 3689 2782 ὥς

2120 2826 2303 2878 φησιν,
2326 2810 2577 2873 οὐσίας,
2634 2810 2731 2861 καὶ
2792 2808 2903 2874 τῆς
2944 2807 3050 2862 τοῦ
3115 2808 3245 2862 υἱοῦ
3288 2812 3689 2878 προσηγορίας

2119 2898 2234 2965 τὴν
2269 2898 2548 2964 τοιαύτην
2586 2895 2702 2950 τῶν
2747 2896 3052 2966 ὀνομάτων
3102 2899 3504 2968 οἰκειουμένης
3550 2902 3689 2968 σχέ-

442 2961 711 3032 disjungit
746 2964 814 3017 ab
848 2979 913 3017 ea
949 2979 1068 3033 quae
1101 2963 1407 3017 secundum
1457 2966 1756 3021 essentiam
1799 2975 1883 3022 est
1925 2983 2015 3023 ne-

2120 2961 2253 3041 σιορο
2294 2988 2410 3050 πῶς
2441 2961 2705 3057 ἀλλοτριοί
2728 2988 2825 3055 τῆς
2850 2961 2983 3039 κατ’
3030 2988 3215 3040 οὐσίαν
3260 2961 3689 3061 οἰκειότητος-τὸ

441 3053 813 3108 cessitudine?
856 3053 991 3108 Nam
1041 3054 1109 3109 de
1162 3056 1248 3110 his
1298 3057 1391 3124 qui
1427 3065 1649 3127 propter
1674 3058 1903 3112 crimina
1936 3058 2019 3131 di-

440 3153 642 3198 cuntur
673 3144 767 3198 lilii
799 3146 879 3199 vel
913 3156 1236 3215 gennemata
1272 3148 1385 3201 sive
1412 3151 1679 3217 germina,
1711 3152 1792 3204 vel
1827 3165 2018 3204 rursus

440 3236 507 3289 tle
540 3251 606 3290 eo
644 3252 805 3305 quem
864 3237 984 3290 laus
1039 3238 1109 3290 ob
1146 3237 1277 3290 talia
1317 3239 1541 3291 nomina
1591 3242 2015 3303 concomitatur,

438 3342 550 3379 non
586 3325 712 3379 licet
738 3324 942 3388 dicere,
971 3327 1114 3393 quod
1143 3325 1269 3394 quis
1298 3341 1423 3379 vere
1458 3327 1526 3379 ab
1558 3327 1638 3379 ira
1673 3331 1888 3396 genitus
1926 3330 2017 3383 irae

440 3417 586 3472 ﬁlius
634 3417 959 3485 appelletur.
1003 3415 1193 3485 Neque
1246 3431 1438 3471 rursus
1464 3417 1607 3470 diem
1655 3420 1777 3487 quis
1828 3420 2017 3473 habuit

438 3509 800 3574 corporaliter
836 3520 992 3559 suam
1026 3514 1279 3569 matrem,
1320 3506 1395 3557 ita
1435 3514 1494 3557 ut
1519 3506 1637 3573 ejus
1680 3508 1822 3563 ﬁlius
1852 3507 2014 3561 fuerit

444 3597 799 3659 nominatus,
851 3594 947 3647 sed
1006 3593 1315 3647 delectuum
1384 3594 1687 3650 diﬁ'erentia
1743 3598 2012 3666 ejusmodi

442 3689 584 3756 parit
620 3687 955 3754 cognationis
980 3686 1222 3739 nomina.
1255 3687 1359 3740 Hic
1403 3687 1536 3741 dicit
1567 3688 1868 3746 Eunomius
1894 3731 1906 3754 ,
1927 3700 2021 3754 F5-

439 3780 565 3829 lium
610 3792 728 3829 cum
761 3778 831 3829 sit
882 3778 1084 3845 genitus
1107 3817 1122 3843 ,
1168 3794 1421 3848 genuema
1442 3817 1457 3843 ,
1481 3778 1533 3833 id
1554 3787 1656 3844 est,
1681 3781 2012 3850 progeniem,

438 3868 609 3919 dicere
640 3884 743 3920 non
776 3884 1099 3932 recusamus,
1122 3872 1391 3938 quoniam,
1418 3870 1611 3939 inquit,
1637 3873 1810 3941 genita
1832 3887 2008 3926 essen-

440 3958 515 4011 tia
556 3967 605 4011 et
651 3958 752 4026 ﬁlii
795 3959 1079 4027 appellatio
1134 3960 1296 4013 talem
1350 3963 1625 4014 nominum
1680 3963 2007 4031 eiectionem

436 4050 545 4102 sive
575 4049 884 4104 relationem
915 4052 1015 4104 sibi
1041 4053 1303 4105 conciliet.
1356 4050 1413 4104 Si
1454 4051 1639 4121 igitur,
1672 4055 1799 4122 quia
1862 4052 2002 4109 ﬁlius

437 4142 509 4196 sit
545 4157 670 4197 vere
712 4143 1322 4216 genncma(pr0genies)
1381 4143 1673 4198 conﬁtetur
1702 4147 1863 4202 talem
1904 4162 2006 4201 no-

436 4231 643 4285 minum
688 4232 793 4286 sibi
826 4231 1100 4287 asciscere
1134 4233 1497 4301 relationem;
1532 4248 1807 4305 quomodo
1844 4239 2007 4294 habet

2118 3078 2372 3149 γεννηθὲν
2399 3078 2490 3131 τοῦ
2517 3079 2901 3147 γεννήσαντοςς
2951 3079 3041 3130 ἐπὶ
3073 3078 3169 3147 μὲν
3197 3078 3304 3149 γὰρ
3327 3081 3434 3132 τῶν
3462 3082 3553 3133 ἐπὶ
3578 3082 3687 3135 δια-

2119 3169 2244 3238 ϐολῇ
2278 3169 2581 3237 λεγομένων
2631 3168 2760 3220 υἱῶν
2798 3167 2829 3237 ἢ
2860 3169 3234 3238 γεννημάτων,
3268 3171 3299 3241 ἦ
3338 3171 3500 3224 πάλιν
3528 3172 3613 3240 ἐφ’
3643 3167 3686 3240 ᾧ

2116 3256 2331 3317 ἔπαινός
2361 3274 2443 3317 τις
2474 3258 2815 3325 παρομαρτεῖ
2841 3260 2952 3319 τοῖς
2980 3258 3236 3318 τοιούτοις
3278 3259 3555 3329 ὀνόμασιν,
3588 3263 3684 3313 οὐκ

2116 3346 2259 3399 ἔστιν
2289 3347 2460 3397 εἰπεῖν
2492 3346 2572 3397 ὅτι
2602 3346 2816 3415 άληθῶς
2858 3363 2945 3409 τις
2985 3346 3135 3417 παρὰ
3174 3348 3272 3416 τῆς
3301 3350 3467 3419 ὀργῆς
3497 3368 3682 3421 γεννη-

2117 3436 2246 3497 θεὶς,
2295 3436 2481 3489 τέκνον
2523 3436 2691 3506 ὀργῆς
2738 3437 3201 3508 προσηγόρευται·
3263 3440 3367 3492 οὐδ’
3413 3436 3479 3493 αὖ
3527 3443 3682 3495 πάλιν

2114 3514 2327 3596 ἡμέραν
2370 3544 2453 3589 τις
2498 3528 2819 3597 σωματικῶς
2862 3527 3018 3597 ἔσχεν
3046 3529 3239 3582 ἑαυτοῦ
3285 3532 3512 3601 μητέρα,
3543 3533 3681 3585 ὥστε

2114 3617 2226 3680 υίὸς
2252 3618 2449 3688 ταύτης
2480 3616 2844 3688 ὀνομασθῆναι
2879 3636 2892 3649 ⁸
2944 3619 3056 3671 ἀλλ’
3102 3621 3134 3689 ἡ
3173 3622 3279 3672 τῶν
3314 3624 3681 3692 προαιρέσεων

2111 3708 2341 3778 διαφορὰ
2368 3712 2597 3769 ποιεῖται
2635 3710 2711 3763 τά
2730 3709 2826 3777 τῆς
2851 3710 3103 3780 τοιαύτης
3139 3713 3454 3779 συγγενείας
3489 3714 3683 3784 ὀνόμαο

2110 3815 2198 3851 τα.
2244 3798 2508 3853 Ἐνταῦθα
2552 3799 2608 3851 δέ
2651 3816 2812 3867 φησιν
2842 3800 2870 3850 ὁ
2912 3800 3171 3870 Εύνόμιος
3198 3817 3211 3830 ·
3252 3804 3332 3856 ὅτι
3378 3806 3684 3870 Periclitor

2112 3889 2256 3941 ὄντα
2291 3888 2397 3941 τὸν
2418 3890 2551 3942 υἱὸν
2575 3888 2834 3959 γέννημα
2870 3891 3072 3958 λέγειν
3099 3893 3171 3944 οὺ
3206 3894 3641 3961 παραιτούμεθα
3666 3912 3677 3923 ·

2109 3978 2220 4047 τῆς
2266 3982 2691 4049 γεννηθείσης,
2757 3980 2919 4050 φησὶν
2945 4021 2958 4043 ,
3007 3984 3222 4048 οὐσίας
3274 3983 3369 4036 καὶ
3423 3982 3529 4051 τῆς
3576 3986 3677 4038 τοῦ

2109 4071 2243 4125 υἱοῦ
2282 4067 2685 4141 προσηγορίας
2736 4073 2850 4140 τὴν
2886 4076 3168 4135 τοιαύτην
3210 4073 3331 4140 τῶν
3377 4077 3680 4145 ὀνομάτων

2108 4163 2332 4231 σχέσιν
2376 4165 2806 4232 οἰκειουμένης.
2859 4166 2919 4218 El
2964 4162 3057 4218 οὖν
3090 4166 3177 4219 διά
3210 4168 3271 4220 τὸ
3306 4167 3518 4238 ἀληθῶς
3556 4169 3676 4234 γέν-

2108 4272 2257 4323 νημα
2290 4251 2427 4307 εἶναι
2458 4256 2548 4308 τὸν
2582 4255 2695 4308 υἱὸν
2738 4255 2986 4325 ὁμολογεῖ
3023 4256 3121 4326 τὴν
3149 4258 3402 4326 τοιαύτην
3432 4259 3535 4311 τῶν
3562 4261 3673 4309 ὀνο-

438 4322 781 4376 occasionem
803 4324 967 4378 talem
990 4323 1273 4378 nominum
1292 4339 1513 4379 causam
1534 4331 2002 4397 aceommodandi,

2118 4322 2295 4415 μάτων
2322 4342 2648 4396 οἰκειοῦσθαι
2676 4322 2879 4412 σχέσιν,
2915 4322 3030 4407 πῶς
3060 4322 3169 4414 ἔχει
3215 4322 3408 4415 καιρόν
3433 4347 3672 4415 ἐφαρμό-

434 4421 487 4466 et
511 4412 594 4467 his
625 4428 745 4479 quae
770 4428 864 4483 per
897 4414 1305 4468 translationem
1336 4422 1391 4470 et
1439 4416 1667 4471 abusum
1718 4420 2000 4485 dicuntur,

431 4509 487 4557 et
519 4503 603 4557 his
636 4505 834 4573 quibus
861 4506 1126 4560 naturalis
1156 4505 1394 4572 aﬁ‘ectio,
1437 4507 1551 4562 sive
1583 4512 1807 4575 relatio,
1860 4514 2003 4567 sicut

432 4594 510 4645 ait
542 4594 862 4657 Eunomius,
889 4598 1053 4667 talem
1087 4599 1341 4652 conciliat
1372 4603 1866 4669 nuncupationem?
1888 4605 2000 4659 Hoc

434 4683 599 4752 igitur
627 4700 815 4739 verum
843 4695 928 4740 est
962 4687 1016 4740 in
1058 4688 1125 4741 iis
1152 4690 1287 4743 solis
1315 4691 1516 4759 quibus
1545 4703 1630 4746 est
1662 4694 1889 4751 conﬁnis
1933 4697 2000 4750 ad

432 4774 682 4827 virtutem
728 4786 782 4829 et
836 4777 1026 4830 vitium
1080 4786 1275 4832 natura
1308 4819 1323 4844 ,
1372 4780 1425 4834 in
1474 4784 1672 4851 quibus
1705 4801 1847 4855 saape
1876 4789 1998 4857 quis

432 4865 708 4920 contraria
745 4868 978 4922 assumit
1016 4870 1259 4932 nomina,
1285 4873 1625 4943 modolucis,
1664 4878 1824 4931 modo
1868 4896 1996 4934 vero

434 4955 804 5018 tenebrarum,
848 4956 1022 5013 factus
1064 4959 1227 5025 ﬁlius,
1252 4970 1476 5029 propter
1507 4968 1623 5017 eam
1646 4983 1809 5035 quam
1836 4968 1998 5023 habet

429 5062 555 5100 cum
596 5045 827 5100 honesto
854 5048 936 5101 vel
970 5052 1251 5104 contrario
1279 5052 1590 5109 aﬁiuitatem
1622 5064 1676 5111 et
1712 5062 1995 5129 cognatio-

428 5154 576 5193 nem.
614 5137 718 5193 Uhi
741 5153 869 5193 vero
904 5142 1266 5195 contrarietas
1301 5144 1476 5197 locum
1519 5162 1628 5201 non
1648 5148 1840 5212 habet,
1873 5154 1996 5206 nul-

370 5283 379 5289 .
428 5232 512 5286 lus
565 5229 798 5299 amplius
850 5229 943 5284 ﬁlii
995 5245 1182 5298 vocem
1236 5248 1301 5286 ex
1335 5238 1692 5294 translatione
1730 5242 1997 5298 celebrari

424 5324 592 5385 dicat,
616 5321 994 5382 instareorum
1021 5326 1115 5395 qui
1146 5342 1213 5381 ex
1248 5327 1501 5386 instituto
1533 5343 1587 5388 et
1611 5336 1822 5391 delectu
1857 5339 1994 5394 hanc

422 5414 526 5469 sibi
560 5415 975 5485 appellationem
1010 5417 1326 5479 conciliant.
1366 5421 1482 5477 Non
1517 5427 1663 5481 enim
1690 5429 1878 5486 eadem
1906 5441 1990 5489 est

506 5580 549 5612 ³⁸
584 5585 601 5639 l
635 5586 769 5659 Reg.
807 5606 864 5659 ιι,
895 5592 984 5650 22.
1066 5594 1105 5627 "
1139 5595 1377 5668 “105.1,
1411 5599 1494 5655 16.

2110 4435 2221 4499 ζειν
2249 4435 2345 4503 τὴν
2370 4434 2622 4503 τοιαύτην
2653 4435 2761 4487 τῶν
2789 4432 3070 4504 ὀνομάτων
3101 4436 3277 4489 αἰτίαν
3305 4440 3417 4500 τοῖς
3448 4455 3507 4490 τε
3536 4439 3675 4490 κατᾶ

2112 4525 2443 4597 μεταφορὰν,
2485 4527 2547 4577 ὲκ
2593 4527 2981 4597 καταχρήσεως
3026 4527 3355 4596 λεγομένοις,
3389 4530 3483 4581 καὶ
3528 4525 3671 4599 οἶςή

2109 4615 2310 4686 φυσικὴ
2354 4616 2554 4686 σχέσις,
2591 4616 2769 4679 καθώς
2799 4635 2960 4686 φησιν
2985 4619 3013 4669 ὁ
3049 4619 3326 4688 Εύνόμιος,
3365 4620 3462 4690 τὴν
3492 4620 3675 4673 τοιαύ-

2105 4724 2204 4776 την
2236 4707 2528 4761 οἰκειοῦται
2558 4708 2774 4777 κλῆσιν;
2821 4708 3030 4762 Οὐκοῦν
3057 4711 3148 4763 ἐπὶ
3181 4712 3355 4780 μόνων
3388 4712 3584 4782 ἀληθὲς
3617 4712 3675 4765 τὸ

2099 4798 2336 4850 τοιοῦτόν
2371 4794 2647 4864 mmet;
2680 4801 2924 4869 μεθόριος
2964 4802 3101 4871 πρὸς
3136 4803 3334 4874 ἀρετήν
3360 4821 3417 4856 τε
3451 4806 3545 4857 καὶ
3575 4822 3673 4858 κα-

2100 4890 2222 4940 κίαν
2256 4892 2288 4958 ἡ
2317 4890 2476 4955 φύσις
2498 4907 2513 4922 ·
2562 4891 2645 4958 ἐφ’
2674 4884 2747 4943 ὧν
2773 4890 3028 4955 πολλάκις
3052 4893 3121 4945 τὰ
3146 4895 3362 4946 ἐναντία
3391 4912 3474 4957 τις
3496 4913 3673 4965 μετα-

2100 4977 2363 5046 λαμϐάνει
2408 4978 2516 5032 τῶν
2558 4980 2854 5049 ὀνομάτων,
2898 4979 2992 5033 νῦν
3041 4982 3138 5051 μὲν
3184 4984 3378 5049 φωτὸς,
3421 4987 3584 5039 πάλιν
3616 4987 3672 5037 δὲ

2102 5069 2343 5135 σκότους,
2389 5070 2476 5124 διὰ
2517 5072 2613 5140 τῆς
2647 5071 2780 5141 πρὸς
2810 5072 2868 5124 τὸ
2910 5072 3071 5126 καλὸν
3114 5075 3145 5144 ἢ
3179 5076 3315 5145 πρὸς
3343 5076 3403 5128 τὸ
3434 5077 3673 5132 ἐναντίον

2098 5158 2441 5222 οἰκειώσεως,
2470 5162 2656 5214 τέκνον
2687 5164 2983 5232 γινόμενος.
3030 5165 3202 5219 Ὅπου
3242 5167 3296 5219 δὲ
3329 5169 3386 5220 τὸ
3434 5169 3668 5222 ἐναντίον

2099 5250 2280 5320 χώραν
2305 5252 2403 5303 οὐκ
2431 5252 2561 5321 ἔχει,
2590 5254 2764 5306 οὐκέτ’
2796 5254 2861 5308 ἄν
2890 5272 2972 5317 τις
2999 5256 3093 5308 τοῦ
3128 5256 3241 5309 υίοῦ
3270 5257 3366 5327 τὴν
3397 5258 3577 5328 φωνὴν
3606 5262 3667 5311 ἐκ

2103 5345 2414 5413 μεταφορᾶς
2444 5345 2867 5414 ἐπιφημίζεσθαι
2901 5346 3068 5415 λέγοι,
3097 5348 3217 5401 καθ’
3244 5350 3537 5418 ὁμοιότητα
3561 5350 3667 5403 τῶν

2097 5434 2183 5488 διὰ
2210 5436 2575 5506 προαιρέσεως
2602 5438 2982 5508 οἰκειουμένων
3003 5438 3098 5510 τὴν
3130 5439 3340 5508 κλῆσιν.
3369 5440 3444 5493 Οὐ
3471 5441 3579 5512 γὰρ
3603 5442 3665 5493 ἂν

2318 5598 2333 5639 ἱ
