4054 6150
345 265 448 322 60‘)

1466 267 1744 324 CONTRA
1774 269 2166 332 EUNOMIUM.
2204 271 2333 331 Lm.
2370 273 2456 330 lll.

3475 281 3577 338 610

344 384 424 442 είς
456 377 643 432 τοῦτον
667 378 808 432 ἔλθοι
842 380 929 433 τὸν
959 380 1134 449 λόγον,
1161 382 1241 435 ὅτι
1267 382 1454 455 ὥσπερ
1484 384 1768 456 ἄνθρωπος
1787 387 1899 440 ἀπο

2016 390 2178 451 ratio,
2218 391 2361 459 quod
2407 390 2864 461 quemadmodum
2918 392 3076 446 homo
3107 408 3197 463 qm
3231 393 3574 448 tenebrarum

342 470 562 538 θέμενος
607 469 675 522 τὰ
722 471 857 541 ἔργα
898 472 992 524 τοῦ
1040 472 1285 536 σκότους,
1332 474 1420 526 διὰ
1449 475 1547 544 τῆς
1581 478 1911 547 εὐσχήμονος

341 560 486 628 ζωῆς
534 561 710 628 φωτὸς
740 562 946 630 γίνεται
980 564 1168 616 τέκνον
1193 581 1206 594 ·
1256 565 1396 618 οὕτω
1429 568 1521 619 καὶ
1557 569 1585 620 ὁ
1621 568 1912 637 μονογενὴς

339 650 488 712 (θεὸς,
521 652 584 702 ἐκ
616 653 916 724 μεταϐολῆς
942 655 1007 706 ἐκ
1040 655 1134 707 τοῦ
1169 657 1405 726 χείρονος
1445 659 1826 727 ἀντιλαμϐάνει
1851 658 1912 712 τδ

339 743 748 814 προτιμότερον.
799 745 1114 816 Ἀνθρωπος
1159 750 1266 820 γάρ
1313 766 1398 812 τις
1446 749 1560 813 ὢν,
1609 751 1719 814 υίὸς
1775 750 1908 803 Θεοῦ

335 833 578 899 γίνεται,
632 836 718 889 διὰ
769 837 870 907 τῆς
913 841 1283 910 πνευματικῆς
1328 843 1632 910 γεννήσεως
1691 841 1910 912 Χριστῷ

335 925 738 993 συναπτόμενος
769 943 782 956 ·
831 928 859 979 ὁ
902 928 960 980 δὲ
1006 930 1096 982 τὸν
1142 929 1423 1000 ἄνθρωπον
1465 931 1530 984 δι’
1565 932 1729 988 αὑτοῦ
1774 932 1907 986 Θεοῦ

338 1013 447 1065 υἱὸν
478 1015 664 1078 ποιῶν,
701 1016 862 1080 αὐτὸς
889 1018 1050 1071 ἄλλου
1095 1019 1208 1072 υἱοῦ
1249 1019 1344 1073 τοῦ
1378 1022 1733 1090 χαριζομένου
1761 1022 1909 1092 αὐτῷ

332 1103 429 1174 τὴν
480 1105 748 1158 υἱοθεσίαν
801 1108 896 1160 οὐκ
945 1109 1234 1172 ἐπιδέεται,
1279 1111 1392 1164 ἀλλ’
1427 1114 1564 1182 ὅπερ
1610 1115 1725 1166 ἐστὶ
1769 1115 1907 1167 κατὰ

332 1195 493 1261 φύσιν
527 1197 615 1248 καὶ
643 1197 985 1266 ὀνομάζεται.
1041 1201 1358 1271 Ἀνθρωπος
1391 1203 1486 1272 μὲν
1516 1203 1676 1266 αὐτὸς
1716 1206 1906 1259 ἑαυτὸν

331 1285 567 1353 ἀμείϐει,
597 1287 688 1340 τοῦ
720 1289 946 1342 παλαιοῦ
974 1290 1066 1343 τὸν
1094 1291 1210 1344 νέον
1237 1293 1747 1363 ἀνταλλασσόμενος.
1775 1296 1906 1359 Θεὸς

330 1374 407 1433 δὲ.
442 1377 521 1437 εἰς
550 1375 602 1426 τί
635 1377 1021 1449 ἀλλαγήσεται,
1062 1379 1202 1433 ὥστε
1244 1381 1272 1432 ὃ
1307 1383 1380 1452 μὴ
1419 1382 1532 1452 ἔχει
1561 1386 1907 1455 προσκτήσα-

332 1465 494 1528 σθα;;
545 1466 860 1536 Ἀνθρωπος
905 1468 1004 1538 μὲν
1038 1471 1225 1523 ἑαυτὸν
1276 1473 1716 1541 ἀπεκδυσάμενος
1741 1513 1756 1536 ,
1807 1474 1905 1545 τὴν

331 1561 479 1615 Θείαν
515 1563 832 1619 ἐπενδύεταρ
854 1564 1032 1634 φύσιν.
1078 1565 1134 1618 '0
1162 1566 1218 1618 δὲ
1252 1567 1339 1618 ἀεὶ
1365 1565 1622 1628 ὡσαύτως
1664 1565 1822 1635 ἔχων,
1853 1565 1904 1619 τί

327 1654 664 1718 ἀποτίθεται,
695 1657 728 1726 ἢ
766 1658 816 1709 τί
848 1657 1264 1727 περιϐάλλεται;
1299 1656 1618 1727 Ἀνθρωπος
1660 1658 1758 1726 μὲν
1788 1657 1904 1721 υίὸς

2013 492 2176 546 opera
2240 481 2636 550 deposuli,per
2682 483 2962 536 honestam
3019 485 3182 536 vitam
3242 484 3378 540 lucis
3434 485 3579 544 ﬁlius

2010 569 2281 640 gignitur,
2326 571 2404 626 sic
2439 575 2600 626 etiam
2636 574 2950 643 unigenitus
2989 573 3149 633 Deus.
3185 591 3248 630 ex
3275 577 3579 631 mutatione

2012 657 2323 712 adeteriori
2353 660 2497 728 quod
2547 661 2920 716 honorabilius
2965 674 3048 716 est
3094 664 3314 731 accipit.
3364 662 3576 717 Etenim

2011 747 2208 814 aliquis
2238 764 2360 802 cum
2393 751 2460 805 sit
2494 751 2674 812 homo,
2715 752 2856 805 ﬁlius
2894 751 2984 805 Dei
3023 751 3295 816 efﬁcitur,
3325 756 3447 806 cuin
3481 768 3574 820 per

2010 838 2308 906 spiritalem
2344 842 2747 909 generationem
2795 843 3009 896 Christo
3049 845 3418 912 conjungitur.
3473 845 3577 909 Qui

2011 935 2191 982 autem
2227 930 2503 984 hominem
2541 945 2636 999 per
2663 931 2903 1000 seipsum
2924 931 3015 986 Dei
3049 933 3215 986 ﬁlium
3251 933 3436 994 efﬁcit,
3463 935 3578 1004 ipse

2009 1017 2116 1071 alio
2144 1017 2254 1072 ﬁlio
2276 1021 2367 1087 qui
2400 1020 2446 1073 ei
2470 1021 2813 1088 adoptionem
2847 1021 3182 1090 gratiﬁcetur
3211 1038 3316 1076 non
3350 1023 3574 1093 indiget,

2009 1109 2107 1163 scd
2138 1109 2285 1177 quod
2321 1119 2405 1164 est
2437 1111 2738 1165 secundum
2771 1121 3046 1175 naturam,
3085 1113 3186 1166 hoc
3218 1114 3376 1168 etiam
3404 1115 3576 1167 nomi-

2008 1208 2192 1254 natur.
2230 1201 2349 1270 lpsc
2392 1202 2612 1271 quidem
2663 1203 2828 1256 homo
2872 1204 3112 1272 seipsum
3160 1205 3444 1266 immutat,
3479 1220 3577 1272 pro

2007 1299 2188 1346 vetere
2214 1307 2413 1346 novum
2445 1294 2750 1349 vindicans.
2795 1292 2939 1348 Deus
2979 1305 3157 1348 autem
3192 1295 3255 1347 ad
3293 1295 3420 1362 quid
3455 1311 3545 1347 mu

2008 1382 2251 1447 labitur,
2292 1384 2365 1438 ita
2418 1397 2476 1440 ut
2520 1385 2664 1456 quod
2713 1401 2820 1438 non
2869 1385 3031 1438 habet
3085 1386 3368 1453 acquirat?
3403 1384 3575 1440 llomt‘

2006 1473 2224 1541 quidem
2267 1476 2507 1544 seipsum
2549 1491 2756 1531 exuens
2787 1477 3027 1530 divinam
3067 1476 3243 1530 induit
3275 1484 3526 1532 naturam
3564 1495 3573 1532 :

2005 1564 2097 1632 qui
2133 1580 2264 1618 vero
2293 1553 2508 1636 semper
2553 1567 2742 1622 eodem
2777 1566 2940 1620 modo
2975 1582 3032 1620 se
3062 1567 3223 1620 habet
3247 1566 3374 1635 quid
3411 1565 3567 1635 depo-

2004 1656 2107 1716 nit,
2144 1657 2226 1710 vel
2253 1657 2663 1714 circumvestit?
2699 1657 2872 1711 Homo
2901 1657 3118 1725 quidem
3155 1656 3245 1711 Dei
3285 1658 3428 1711 ﬁlius
3458 1657 3576 1712 θηξ-

325 1744 461 1798 Θεοῦ
492 1747 697 1814 γίνεται
735 1748 1050 1819 προσλαϐὼν
1081 1749 1116 1803 ἂ
1143 1750 1241 1802 οὐκ
1270 1748 1402 1818 ἔχει,
1431 1749 1525 1800 καὶ
1551 1747 1839 1801 ἀποϐαλὼν
1868 1748 1899 1802 ἃ

2006 1747 2168 1811 citur,
2205 1761 2493 1802 assumens
2529 1763 2650 1817 quae
2691 1763 2799 1802 non
2839 1749 3022 1808 habet,
3057 1755 3109 1800 et
3138 1762 3257 1816 qua:
3287 1747 3449 1800 habet
3480 1746 3570 1800 abs

325 1833 459 1902 ἔχει.
503 1834 560 1887 '0
586 1835 644 1888 δὲ
672 1837 938 1906 μηδέποτε
968 1835 1206 1905 γεγονὼς
1236 1837 1292 1888 ἐν
1319 1837 1503 1907 κακία,
1535 1836 1657 1889 οὔτε
1687 1838 1714 1890 ὂ
1739 1837 1899 1908 λάϐῃ,

325 1926 449 1980 οὕτε
497 1928 525 1980 ὃ
569 1929 843 2002 καταλίπῃ
900 1930 1032 2000 ἕχει.
1087 1931 1256 1984 Πάλιν
1288 1933 1316 1984 ὁ
1357 1930 1639 2000 ἄνθρωπος
1684 1931 1902 1984 δύναται

327 2018 403 2087 πῆ
454 2020 550 2088 μὲν
590 2019 802 2090 ἀληθῶς
837 2037 983 2084 τινος
1017 2022 1129 2085 υἱὸς
1165 2021 1437 2089 λέγεσθαι,
1467 2021 1597 2074 ὃταν
1639 2022 1774 2091 πρὸς
1806 2021 1903 2091 τὴν

325 2109 486 2174 φύσιν
532 2109 744 2179 βλέπων
787 2129 868 2174 τις
916 2113 1102 2180 λέγει,
1157 2114 1231 2181 πῆ
1281 2113 1336 2165 δὲ
1381 2114 1446 2164 ἐκ
1492 2114 1899 2183 καταχρήσεως,

327 2203 453 2255 ὅταν
486 2205 518 2272 ή
547 2203 638 2256 τοῦ
669 2203 782 2273 βίου
813 2205 1130 2275 προαίρεσις
1158 2204 1387 2274 ἐπιϐάλῃ
1431 2204 1493 2256 τὸ
1518 2204 1710 2273 ὄνομα.
1761 2204 1817 2256 Ὀ
1845 2203 1902 2256 δέ

326 2293 478 2356 Θεὸς,
515 2294 572 2346 ἒν
605 2295 680 2347 ὢν
724 2295 946 2362 ἀγαθὸν,
998 2297 1057 2348 ἐν
1105 2296 1245 2366 ἁπλῇ
1296 2312 1351 2346 τε
1385 2296 1478 2348 καὶ
1528 2295 1803 2365 ἀσυνθέτῳ
1836 2297 1900 2366 τῇ

323 2385 502 2453 φύσει,
549 2386 777 2438 πάντοτε
822 2387 960 2456 πρὸς
1006 2386 1066 2439 τὸ
1114 2387 1245 2440 αὐτὸ
1291 2385 1496 2454 βλέπει,
1528 2385 1622 2439 καὶ
1647 2386 1901 2438 οὐδέποτε

321 2477 438 2535 ταῖς
469 2475 569 2548 τῆς
599 2476 970 2547 προαιρέσεως
997 2479 1196 2546 ὁρμαῖς
1233 2476 1645 2546 μεταϐάλλεται,
1676 2477 1790 2529 ἀλλ’
1816 2477 1901 2529 ἀεὶ

321 2569 415 2619 καὶ
444 2568 692 2637 βούλεται
719 2571 856 2639 ὅπερ
892 2571 1058 2633 ἐστὶν,
1091 2571 1185 2623 καὶ
1211 2572 1238 2623 ὅ
1263 2571 1377 2623 ἐστι
1403 2570 1620 2633 πάντως
1652 2571 1746 2623 καὶ
1777 2569 1900 2639 βού-

322 2659 490 2714 λεται.
543 2661 707 2713 Ὥστε
749 2661 815 2714 δι’
849 2662 1170 2732 ἀμφοτέρων
1202 2657 1330 2724 Υἱὸς
1374 2661 1509 2715 Θεοῦ
1560 2663 1763 2726 κυρίως
1809 2662 1902 2714 καὶ

323 2749 539 2818 ἀληθῶς
568 2749 959 2819 ὀνομάζεσθαι·
1012 2752 1110 2820 τῆς
1141 2767 1202 2802 τε
1263 2751 1475 2818 φύσεως
1519 2752 1575 2803 ἐν
1626 2752 1792 2820 ἑαυτῇ
1840 2751 1900 2802 τὸ

320 2839 524 2908 ἀγαθὸν
555 2841 801 2912 ἐχούσης,
852 2841 964 2911 τῆς.
996 2859 1055 2894 τε
1103 2843 1472 2912 προαιρέσεως
1519 2843 1618 2894 οὐκ
1650 2843 1901 2912 ἀπερρω-

318 2931 484 2998 γυίας
524 2930 618 2984 τοῦ
668 2933 989 3002 κρείττονος.
1049 2933 1136 2996 Ὠς
1175 2934 1248 3003 μὴ
1295 2933 1360 2986 ἂν
1402 2934 1465 2985 ἐκ
1509 2933 1900 3002 καταχρήσεως

321 3022 474 3092 αύτῷ
523 3024 622 3093 τὴν
655 3025 836 3094 φωνὴν
889 3025 1091 3095 ταύτην
1137 3024 1513 3096 ἐπικληθῆναι.
1562 3025 1769 3078 Οὐκοῦν
1811 3025 1900 3076 ού-

320 3113 514 3183 δεμίαν
547 3113 657 3184 ἔχει
688 3114 892 3185 χώραν,
925 3117 1068 3186 ἅπερ
1096 3118 1159 3169 ἐκ
1187 3115 1477 3186 προσώπου
1506 3115 1614 3169 τῶν
1645 3114 1899 3168 ἐναντίων

319 3207 559 3268 ἑαυτοῖς
577 3206 953 3277 ἀντεθήκαμεν
977 3246 990 3267 .
1019 3207 1213 3261 εταῦτα
1229 3205 1320 3259 ἐπὶ
1339 3206 1522 3276 γραφῇ

320 3295 482 3364 φύσιν
506 3285 832 3366 οἰκειότητος
871 3297 1022 3368 παρά
1053 3297 1161 3350 τῶν
1207 3297 1463 3349 ἐναντίων
1509 3297 1895 3368 προφέρεσθαι.

402 3387 539 3447 Ἀλλ’
595 3388 694 3440 ούκ
748 3381 844 3440 οἶδ’
903 3388 1049 3451 ὅπως
1106 3389 1139 3460 ἢ
1201 3388 1334 3442 διότι
1377 3387 1660 3456 μισοῦντές
1699 3405 1758 3441 τε
1809 3389 1900 3441 καὶ

317 3479 785 3549 ἀποστρεφόμενοι
813 3478 909 3550 τὴν
939 3479 1214 3550 ἀλήθειαν,
1249 3481 1363 3533 υἱὸν
1395 3482 1491 3548 μὲν
1520 3479 1680 3534 αὐτὸν
1702 3480 1899 3551 ὀνομά-

317 3570 522 3634 ζουσιν,
563 3570 640 3634 ὡς
687 3567 730 3622 δ’
779 3569 844 3624 ἂν
892 3571 965 3642 μὴ
990 3572 1052 3624 τὸ
1094 3572 1210 3625 κατ’
1257 3573 1444 3625 οὐσίαν
1474 3572 1650 3625 κοινὸν
1681 3573 1770 3625 διὰ
1801 3572 1899 3641 τῆς

318 3664 504 3731 φωνῆς
539 3660 746 3731 ταύτης
778 3663 1172 3733 μαρτυρηθείη,
1209 3663 1308 3732 τῆς
1333 3664 1658 3733 ἐγκειμένης
1680 3662 1758 3733 τῷ
1779 3663 1899 3715 ὀνό-

321 3770 450 3822 ματι
478 3753 754 3822 σημασίας
781 3752 880 3824 τὴν
910 3754 1091 3822 φωνὴν
1123 3755 1477 3825 χωρίσαντες,
1508 3753 1662 3806 κενὸν
1693 3753 1754 3805 τὸ
1779 3753 1897 3806 ὅνο-

321 3865 398 3916 μα
428 3847 520 3898 τοῦ
555 3846 669 3900 υἱοῦ
716 3848 810 3900 καὶ
857 3848 1170 3918 ἀσήμαντον
1200 3847 1277 3918 τῷ
1318 3850 1610 3914 Μονογενεῖ
1645 3848 1897 3902 καταλεί-

319 3955 504 4003 πουσι,
538 3938 696 4008 μόνον
724 3937 870 4007 αὐτῷ
889 3938 980 3991 τὸν
1009 3939 1176 4007 ψόφον
1199 3940 1297 4009 τῆς
1322 3940 1504 4008 φωνῆς
1529 3937 1894 4008 χαριζόμενοι.

319 4031 428 4082 Καὶ
469 4030 550 4082 ὅτι
582 4027 754 4082 ταῦτα
783 4029 957 4100 ἀληθῆ
985 4029 1151 4098 λέγω,
1202 4029 1295 4082 καὶ
1323 4030 1382 4082 οὺ
1416 4029 1897 4107 παραστοχάςομαι

315 4118 413 4172 τοῦ
443 4119 645 4172 σκοποῦ
665 4119 1155 4183 τῶνύπεναντίων,
1181 4119 1428 4189 φανερῶς
1460 4118 1604 4171 ἔστιν
1631 4117 1690 4182 ἐξ
1720 4118 1896 4171 αὐτῶν

316 4207 391 4265 ὧν
414 4211 856 4283 κατεπιχειροῦσι
875 4212 976 4282 τῆς
1008 4210 1262 4282 ἀληθείας
1293 4211 1500 4281 μαθεῖν.
1535 4210 1770 4264 Τοιαῦτα
1789 4209 1897 4280 γάρ

319 4305 466 4358 ἐστιν
499 4302 535 4356 ἃ.
565 4301 691 4371 παρ’
725 4301 902 4354 αὐτῶν
949 4302 1042 4354 ἐπὶ
1072 4303 1381 4370 κατασκευῇ
1421 4301 1518 4370 τῆς
1553 4299 1896 4370 βλασφημίας

1628 3208 1730 3276 τῆς
1759 3207 1901 3260 κατὰ
1943 3216 1946 3222 “

2001 1837 2236 1906 jiciens:
2265 1840 2354 1908 qui
2383 1849 2560 1894 autem
2583 1842 2731 1893 onmi
2766 1855 2977 1908 semper
3008 1839 3185 1892 caruit
3216 1839 3370 1900 vitio,
3398 1853 3574 1906 neque

2003 1930 2150 1999 quod
2189 1933 2369 1999 capiat
2405 1931 2587 1994 habet,
2622 1947 2798 2001 neque
2827 1931 2971 2001 quod
3012 1932 3306 1998 relinquat.
3360 1929 3574 1985 Rursus

2005 2020 2170 2074 homo
2201 2031 2383 2091 potest
2417 2023 2620 2092 partim
2655 2038 2784 2076 vere
2815 2022 2921 2076 dici
2962 2022 3104 2074 ﬁlius
3141 2020 3409 2089 alicujus,
3445 2035 3572 2074 cum

2005 2111 2071 2164 ad
2098 2121 2353 2166 naturam
2387 2115 2687 2183 respiciens
2717 2114 2842 2184 quis
2871 2114 3026 2176 dicit,
3054 2114 3248 2182 partim
3276 2130 3340 2168 ex
3373 2114 3572 2178 abusu,

2002 2217 2124 2256 cum
2154 2204 2277 2257 vita:
2308 2206 2613 2258 institutum
2646 2205 2693 2258 ei
2730 2219 2929 2257 nomen
2965 2205 3245 2272 imposuit.
3291 2203 3432 2256 Dcus
3477 2219 3577 2257 au-

2005 2302 2111 2349 tem
2141 2296 2230 2364 qui
2255 2306 2524 2367 estunum
2552 2296 2752 2350 bonum
2787 2297 2840 2350 in
2870 2297 3104 2365 simplici
3129 2303 3184 2350 et
3213 2298 3573 2365 incomposita

2003 2389 2219 2450 natura,
2251 2397 2465 2452 semper
2487 2382 2553 2437 ad
2585 2385 2725 2438 idem
2774 2386 3051 2449 intuetur,
3101 2401 3279 2454 neque
3330 2402 3573 2454 unquam

2001 2477 2267 2544 propositi
2309 2476 2730 2544 impulsionibus
2761 2485 3162 2541 commutatur,
3229 2478 3322 2532 sed
3360 2493 3575 2547 semper

2001 2568 2120 2622 vult
2154 2568 2204 2621 id
2238 2568 2382 2638 quod
2421 2575 2526 2628 est,
2560 2576 2614 2622 et
2652 2568 2796 2637 quod
2827 2578 2912 2622 est
2943 2570 3169 2622 omnino
3211 2571 3374 2623 etiam
3408 2572 3520 2622 vult
3555 2589 3570 2624 :

2003 2661 2078 2714 ita
2121 2668 2179 2714 ut
2220 2676 2316 2729 per
2351 2671 2581 2729 utraque
2629 2662 2848 2731 proprie
2895 2668 2950 2715 et
2986 2677 3114 2715 vere
3155 2662 3243 2716 Dei
3277 2659 3446 2715 Filius
3491 2663 3572 2716 sic

2000 2752 2338 2816 nominetur,
2388 2767 2512 2805 cum
2559 2761 2612 2806 et
2660 2753 2779 2820 ejus
2827 2764 3018 2805 natura
3055 2752 3107 2804 in
3143 2754 3318 2820 seipsa
3373 2753 3572 2805 bonum

2003 2842 2222 2905 habeat,
2259 2853 2371 2896 tum
2405 2843 2550 2912 quod
2587 2843 2706 2911 ejus
2735 2844 2986 2896 voluntas
3010 2843 3078 2896 ab
3109 2858 3171 2896 eo
3203 2843 3346 2911 quod
3379 2843 3574 2896 melius

2000 2938 2104 2994 est,
2140 2947 2418 3001 nunquam
2452 2933 2628 3002 possit
2674 2934 2944 3002 abrumpi.
2993 2932 3176 3001 Itaque
3213 2949 3312 2985 vox
3360 2933 3475 2986 haec
3507 2933 3575 2987 de

2003 3023 2123 3091 ipso
2169 3038 2278 3077 non
2328 3039 2392 3078 ex
2439 3024 2613 3078 abusu
2673 3025 3080 3092 pronuntietur.
3135 3022 3356 3077 Nullum
3408 3023 3574 3092 igitur

2005 3112 2205 3167 habent
2233 3115 2411 3167 locum
2439 3130 2560 3184 qua:
2582 3131 2646 3167 ex
2679 3129 2914 3183 persona
2943 3115 3380 3169 adversariorum
3415 3114 3574 3169 nobis

2002 3205 2139 3274 ipsis
2185 3207 2568 3276 opposuimus,
2606 3216 2665 3258 ut
2716 3208 2829 3258 hazc
2880 3207 2948 3260 ab
2981 3207 3308 3260 adversariis
3358 3221 3389 3259 e
3436 3207 3574 3260 scri-

2000 3307 2158 3369 ptura
2187 3299 2534 3370 cognationis
2567 3299 2867 3366 secundum
2921 3309 3169 3351 naturam
3199 3300 3568 3367 proferantur.

2072 3390 2176 3445 Sed
2223 3391 2407 3446 nescio
2443 3391 2714 3461 quomodo
2768 3390 2849 3443 vel
2901 3389 3254 3458 quamobrem
3306 3388 3430 3442 odio
3469 3390 3570 3443 ha-

1999 3483 2213 3545 bentes.
2265 3482 2349 3538 vel
2402 3491 2716 3537 aversantes
2771 3481 3077 3545 veritatem,
3140 3479 3306 3533 ﬁlium
3352 3481 3570 3549 quidem

1999 3575 2178 3645 ipsum
2219 3575 2528 3635 nominant,
2575 3590 2643 3628 ne
2675 3589 2804 3627 vero
2839 3572 2983 3642 quod
3041 3581 3095 3625 et
3145 3571 3446 3626 secundum
3483 3587 3572 3626 es-

1999 3667 2230 3722 sentiam
2268 3681 2556 3721 commune
2611 3674 2695 3720 est
2749 3679 2844 3734 per
2883 3665 3026 3716 hanc
3075 3676 3261 3742 vocem
3309 3669 3568 3716 testatum

1998 3765 2164 3822 esset,
2200 3759 2269 3812 ab
2305 3758 2559 3826 imposita
2605 3757 2808 3810 nomini
2858 3755 3222 3824 signiﬁcantia
3259 3768 3445 3807 vocem
3485 3768 3573 3808 se-

1997 3857 2278 3916 parantes,
2341 3848 2503 3901 inane
2569 3845 2660 3898 ﬁlii
2708 3860 2904 3898 nomen
2954 3853 3008 3898 et
3056 3844 3190 3896 nihil
3251 3841 3570 3914 signiﬁcans

1999 3939 2292 4010 Unigenito
2329 3939 2664 4008 relinquunt,
2697 3938 2872 3991 solum
2903 3936 3052 3990 vocis
3083 3948 3279 3989 sonmn
3324 3934 3372 3987 ei
3405 3935 3571 4004 grati-

1998 4035 2246 4088 ﬁcantes.
2283 4031 2438 4098 Quod
2473 4033 2588 4086 haec
2631 4045 2758 4084 vera
2794 4030 2938 4092 dico,
2983 4043 3161 4098 neque
3211 4043 3239 4079 a
3278 4042 3441 4095 scopo
3478 4026 3572 4079 ad-

1998 4127 2367 4182 versariorum
2401 4124 2617 4184 aberro,
2646 4123 2773 4176 licet
2803 4138 2866 4176 ex
2898 4121 2982 4176 his
3015 4134 3136 4190 quae
3171 4118 3271 4185 ipsi
3307 4119 3570 4171 adversus

1997 4217 2282 4271 veritatem
2346 4213 2691 4274 moliuntur,
2744 4209 2953 4278 liquido
3015 4208 3349 4276 perdiscere.
3417 4204 3570 4259 Talia

1998 4305 2142 4360 enim
2190 4309 2318 4356 sunt
2349 4316 2471 4369 quae
2521 4301 2588 4354 ab
2628 4299 2764 4369 ipsis
2803 4299 2868 4352 ad
2921 4297 3272 4351 astruendam
3317 4295 3570 4362 blasphe-

317 4395 675 4466 προφέρεται,
705 4396 784 4448 ὅτι
816 4394 982 4447 πολλά
1011 4394 1102 4447 τοῦ
1132 4393 1468 4462 Μονογενοῦς
1490 4392 1725 4463 ὀνόματα
1748 4393 1895 4463 παρὰ

2002 4395 2163 4448 miam
2215 4390 2588 4462 proferuntur,
2625 4389 2771 4458 quod
2822 4388 2990 4441 multa
3038 4385 3312 4454 Unigeuiti
3350 4386 3567 4439 nomina

316 4490 415 4558 τῆς
448 4487 596 4550 θείας
644 4487 866 4558 Γραφῆς
898 4485 1274 4556 ἐδιδάχθημεν,
1324 4485 1488 4549 λίθον,
1536 4486 1744 4556 ἀξίνην,
1789 4486 1891 4538 πέ-

316 4596 472 4650 τραν,
509 4577 776 4647 θεμέλιον,
823 4576 1005 4647 ἄρτον,
1057 4575 1318 4644 ἄμπελον,
1367 4573 1556 4645 θύραν,
1592 4574 1729 4639 ὁδὸν,
1771 4591 1892 4626 ποι-

321 4672 481 4740 μένα,
531 4670 730 4739 πηγὴν,
779 4669 953 4735 ξύλον,
1015 4669 1326 4731 ἀνάστασιν,
1377 4665 1710 4727 διδάσκαλον,
1756 4665 1890 4732 φῶς,

316 4764 412 4815 καὶ
438 4762 571 4816 ἄλλα
599 4761 822 4814 τοιαῦτα
848 4759 1016 4813 πολλά
1041 4777 1052 4790 ·
1085 4760 1197 4811 ἀλλ’
1227 4758 1378 4811 ούδέν
1402 4757 1606 4810 τούτων
1634 4755 1773 4808 κατὰ
1797 4757 1894 4825 τὴν

317 4855 607 4926 πρόχειρον
653 4852 926 4924 σημασίαν
970 4850 1188 4913 εὐσεϐές
1238 4852 1381 4902 ἐστιν
1427 4849 1518 4900 ἐπὶ
1566 4846 1658 4899 τοῦ
1693 4847 1894 4918 Κυρίου

315 4947 571 5010 νοοῦντας
598 4946 795 5014 λέγειν.
830 4941 907 4996 ’Ἢ
943 4943 1049 5012 γὰρ
1075 4942 1140 4996 ἂν
1176 4943 1260 5010 εἴη
1289 4941 1395 4994 τῶν
1424 4939 1804 5003 ἀτοπωτάτων,
1836 4940 1896 4992 τὸ

315 5038 609 5108 ἀσώματόν
629 5055 687 5090 τε
715 5037 808 5090 καὶ
836 5035 1018 5100 ἄῦλον,
1047 5033 1250 5087 ἁπλοῦν
1266 5049 1323 5084 τε
1345 5031 1439 5085 καὶ
1469 5031 1892 5100 ἀσχημάτιστον,

313 5133 436 5193 ταῖς
489 5128 909 5198 ἐμφαινομέναις
955 5127 1064 5180 τισὶ
1125 5124 1234 5177 τῶν
1278 5122 1555 5193 ὀνομάτων
1601 5123 1896 5192 σημασίαις

314 5219 744 5290 διαμορφοῦσθαι
790 5221 1046 5288 νομίζειν.
1100 5217 1260 5269 Ὥστε
1309 5214 1492 5285 ἀξίνην
1539 5212 1892 5277 ἀκούσαντας,

314 5312 376 5363 τὸ
428 5311 631 5364 τοιόνδε
678 5312 861 5381 σχῆμα.
904 5309 998 5363 τοῦ
1047 5309 1266 5377 σιδήρου
1295 5309 1455 5365 νοεῖν,
1505 5304 1536 5374 ἢ
1575 5304 1688 5371 φῶς
1715 5303 1775 5354 τὸ
1808 5305 1894 5354 ἐν·

317 5402 523 5472 ἀέριον,
559 5402 591 5472 ἢ
639 5401 882 5476 ἄμπελον
925 5399 1023 5470 τὴν
1067 5401 1132 5450 ἐκ
1163 5397 1385 5465 φυτείας
1416 5394 1728 5463 κλημάτων,
1767 5395 1799 5464 ἦ
1844 5412 1897 5446 τι

317 5493 424 5544 τῶν
459 5492 634 5545 ἄλλων
663 5491 914 5550 ἕκαστον,
960 5487 1142 5548 καθὼς
1174 5488 1207 5556 ἡ
1239 5484 1493 5555 συνήθεια
1522 5486 1660 5536 νοεῖν
1707 5485 1895 5536 ὑποτί-

319 5584 492 5644 θεται,
521 5581 634 5636 ἀλλ’
668 5581 760 5632 ἐπὶ
787 5580 847 5632 τὸ
871 5578 1333 5648 θεοπρεπέα-τερον
1361 5576 1458 5638 τὰς
1486 5576 1592 5627 τῶν
1618 5575 1896 5644 ὀνομάτων

318 5672 522 5727 τούτων
552 5669 967 5744 μετενεγκόντες
989 5666 1272 5736 ἐμφάσεις,
1297 5665 1422 5718 ἄλλο
1447 5681 1496 5715 τι
1524 5661 1770 5733 νοοῦμεν,
1796 5663 1895 5716 κᾶν

1998 4502 2064 4541 ex
2097 4484 2281 4538 divina
2319 4480 2605 4550 Scriptura
2644 4480 2962 4542 didicimus,
3013 4476 3267 4546 lapidem,
3303 4477 3564 4539 securim,

1997 4585 2237 4647 petram,
2289 4572 2741 4631 fundamentum,
2789 4585 3023 4639 panem,
3075 4569 3277 4628 vitem,
3331 4567 3563 4631 ostium,

1998 4676 2298 4737 pastorem.
2355 4663 2581 4723 fontem,
2631 4662 2860 4732 lignum,
2917 4661 3218 4719 doctorem,
3262 4660 3461 4719 lucem,
3514 4667 3567 4712 et

1997 4758 2103 4811 alia
2145 4755 2416 4824 ejusmodi
2455 4753 2660 4817 multa;
2707 4751 2799 4807 sed
2836 4751 3029 4805 borum
3077 4749 3284 4809 nullum
3316 4759 3568 4820 prompta

1997 4857 2050 4900 et
2086 4849 2285 4903 usitata
2318 4843 2716 4914 signiﬁcatione
2747 4843 2893 4910 piqu
2937 4849 3021 4896 est
3050 4841 3116 4895 de
3147 4841 3373 4894 Domino
3407 4840 3567 4893 intel-

1999 4937 2252 5006 ligentem
2301 4933 2640 4989 dicere:vel
2689 4932 2834 4986 enim
2898 4929 3356 4985 absurdissimum
3405 4927 3569 4982 fuerit

1997 5027 2140 5096 quod
2195 5026 2580 5092 incorporeum
2632 5031 2736 5086 est,
2786 5031 2841 5077 et
2887 5022 3127 5077 materiae
3179 5036 3394 5089 expers,
3445 5019 3570 5072 sim-

1998 5119 2232 5188 plexque
2261 5124 2317 5168 et
2353 5115 2536 5186 ﬁgurae
2563 5129 2778 5178 exsors,
2822 5114 3210 5184 apparentibus
3240 5109 3566 5178 quibusdam
3657 5177 3660 5184 Ι

1999 5210 2277 5262 nominum
2312 5206 2806 5276 signiﬁcationibus
2855 5216 3044 5273 putare
3071 5195 3232 5273 posse
3268 5195 3563 5253 clibi-mari.

1999 5299 2072 5352 lta
2113 5308 2172 5352 ut
2202 5298 2438 5352 securim
2490 5311 2612 5350 cum
2665 5296 3022 5353 audierimus,
3073 5295 3234 5345 talem
3270 5287 3399 5340 ferri
3432 5283 3567 5350 ﬁgu-

1999 5406 2114 5445 ram
2166 5400 2345 5442 mente
2392 5387 2802 5456 concipiamus,
2854 5387 2939 5439 vel
2987 5385 3160 5436 lucem
3213 5391 3332 5445 quaa
3376 5380 3459 5426 est
3509 5371 3564 5424 in

1999 5498 2144 5545 aere,
2187 5483 2270 5536 vel
2305 5482 2468 5535 vitem
2509 5496 2574 5534 ex
2616 5477 2952 5548 plantationc
2983 5463 3290 5542 palmitum,
3320 5465 3401 5517 vel
3438 5462 3565 5532 quid

2001 5570 2234 5640 aliorum
2283 5566 2750 5636 unumquodque,
2809 5564 2949 5615 sicut
3005 5553 3347 5610 consuetudo
3399 5551 3567 5606 menti

2001 5660 2221 5728 sul-.jicit
2252 5678 2263 5713 :
2297 5661 2389 5714 sed
2424 5659 2488 5711 ad
2539 5657 2589 5710 id
2620 5654 2766 5724 quod
2814 5650 2986 5720 magis
3031 5647 3140 5702 Deo
3183 5643 3474 5700 conveniat
3511 5646 3571 5696 ει
