4054 6150
480 270 572 329 GH

1711 265 1767 321 S.
1824 263 2150 321 GREGORII
2199 263 2486 320 NYSSENI

3606 270 3710 324 6|!

479 391 740 446 decorum
772 384 844 442 sit
872 383 1067 438 borum
1099 382 1382 440 nominum
1415 381 1806 437 transferentes
1840 379 2046 450 signiﬁ-

2150 381 2288 434 οὕτω
2320 381 2796 452 κατονομάζωμεν,
2848 384 2945 453 οὐχ
2990 383 3065 447 ὡς
3107 383 3236 438 ὄντα
3262 401 3314 438 τι
3344 383 3546 438 τούτων
3575 387 3713 440 κατὰ

479 483 710 544 cantias,
745 475 895 531 aliud
933 474 1190 545 quiddam
1232 474 1604 545 intelligimus,
1645 481 1700 526 et
1739 473 1820 527 sie
1863 473 2043 526 nomi-

481 587 697 636 namus,
729 584 838 624 non
880 568 1026 638 quod
1073 567 1145 623 sit
1187 566 1382 620 horum
1432 566 1540 620 tale
1571 565 1699 634 quid
1744 564 2044 618 secundum

480 673 697 720 naturae
722 663 1012 725 rationem,
1059 661 1153 715 sed
1199 661 1279 714 sic
1314 659 1432 713 haec
1473 674 1596 713 cum
1637 657 1856 718 dicitur,
1897 653 2044 708 aliud

478 754 735 826 quiddam
789 762 985 822 praeter
1036 766 1100 805 ca
1150 765 1245 821 per
1302 750 1417 803 haec
1472 757 1654 803 mente
1702 746 2042 815 intelligitur.

480 847 636 914 Quod
666 847 711 900 si
739 846 871 900 talia
899 843 1118 898 nomina
1158 844 1322 895 etiam
1357 855 1484 895 vere
1517 841 1584 894 de
1617 838 1897 907 unigenito
1937 835 2045 889 Deo

480 939 764 998 dicuntur,
799 944 854 989 et
891 943 1099 987 natum
1147 931 1670 986 demonstrationem
1704 945 1811 984 non
1864 928 2044 982 conti-

481 1036 642 1095 nent;
696 1018 1040 1094 consequens
1083 1037 1206 1076 esse
1238 1022 1451 1084 dicunt,
1491 1036 1669 1088 neque
1700 1019 1792 1071 lilii
1839 1016 2048 1086 signifi—

479 1127 659 1172 catum
702 1117 1001 1173 secundum
1045 1113 1423 1182 przcvalentem
1478 1110 1926 1164 consuetudinem
1977 1108 2042 1161 ad

481 1219 691 1264 natura:
742 1206 1245 1275 interpretationem
1293 1217 1610 1266 assumere,
1663 1198 1756 1253 sed
1804 1197 2047 1251 invenire

483 1300 648 1370 hujus
677 1300 829 1352 vocis
865 1299 1102 1366 aliquam
1149 1294 1570 1365 signiﬁcantiam
1611 1291 1832 1343 alteram
1874 1289 1940 1342 ab
1982 1301 2045 1342 ea

480 1405 600 1461 quae
632 1387 941 1444 communis
976 1397 1058 1441 est
1085 1394 1138 1440 et
1168 1388 1219 1452 in
1254 1394 1526 1454 promptu.
1559 1382 1681 1436 Haec
1715 1390 1768 1436 et
1797 1380 2044 1447 ejusdem

480 1483 626 1536 modi
654 1480 1130 1551 philosophantur,
1164 1485 1222 1530 ut
1259 1483 1509 1531 astruaut
1543 1489 1648 1528 non
1678 1490 1799 1528 esse
1826 1471 2042 1533 Filium,

479 1571 625 1642 quod
674 1571 889 1640 quidem
936 1579 1019 1622 est
1067 1576 1121 1621 et
1165 1567 1384 1620 dicitur.
1429 1563 1596 1618 Nobis
1629 1578 1758 1617 vero
1789 1561 1854 1614 ad
1898 1561 2042 1613 aliud

481 1664 772 1719 festinabat
800 1677 997 1724 sermo,
1029 1674 1218 1727 nempe
1258 1659 1321 1711 ad
1347 1654 1822 1710 demonstrandum
1854 1667 2044 1704 recen-

481 1767 590 1811 tem
643 1754 894 1808 Eunomii
949 1753 1302 1821 scriptionem
1364 1749 1554 1802 falsam
1611 1761 1733 1799 esse
1786 1758 1886 1797 nec
1941 1741 2043 1796 sibi

479 1856 819 1904 constantem
856 1855 908 1898 et
954 1844 1338 1898 cohaerentem,
1387 1852 1562 1905 neque
1604 1835 1821 1889 veritati
1868 1849 2045 1902 neque

483 1941 587 1995 sibi
645 1938 744 2006 ipsi
794 1945 1236 1989 consentaneam.
1289 1929 1556 1995 Quoniam
1612 1941 1736 1980 vero
1794 1941 1886 1993 per
1926 1940 2046 1994 quae

483 2034 726 2101 ipsorum
791 2029 986 2096 dogma
1051 2037 1416 2082 accusamus,
1469 2018 1632 2072 veluti
1697 2017 2046 2084 blasphemia)

478 2121 748 2189 quoddam
781 2115 1139 2185 patrocinium
1169 2112 1417 2164 oratione
1454 2109 1734 2160 inductum
1777 2115 1880 2165 cst,
1910 2110 2045 2174 prfe-

2142 472 2236 524 τὺν
2265 472 2418 541 λόγον
2443 474 2540 543 τῆς
2568 473 2802 541 φύσεως,
2831 475 2944 528 ἀλλ’
2968 475 3044 538 ὡς
3071 474 3244 528 ταῦτα
3268 475 3372 545 μὲν
3403 476 3708 547 λεγόμενον,

2144 564 2269 618 ἄλλο
2295 565 2352 617 δέ
2383 582 2434 617 τι
2459 565 2610 635 παρὰ
2627 565 2802 619 ταῦτα
2826 565 2914 619 διὰ
2941 566 3048 621 τῶν
3076 566 3378 637 λεγομένων
3407 567 3710 639 νοούμενον.

2143 657 2206 708 Εἰ
2237 657 2292 710 δὲ
2323 657 2390 709 τὰ
2421 657 2646 710 τοιαῦτα
2679 657 2785 711 τῶν
2831 659 3108 729 ὀνομάτων
3139 661 3230 712 καὶ
3275 658 3488 728 ἀληθῶς
3529 661 3704 712 ἐπιλέ-

2145 766 2299 816 γεται
2332 749 2408 819 τῷ
2443 752 2720 819 μονογενεῖ
2739 750 2878 818 Θεῷ,
2907 753 2999 804 καὶ
3023 752 3118 822 τῆς
3146 751 3356 820 φύσεως
3381 753 3441 805 οὐ
3469 753 3712 823 περιέχει

2145 839 2240 908 τὴν
2283 839 2521 902 ἔνδειξιν,
2553 839 2840 892 ἀκόλουθον
2871 835 3008 893 εἶναι
3049 840 3282 909 λέγουσι,
3316 842 3449 912 μηδέ
3473 841 3566 894 τοῦ
3597 842 3711 895 υἱοῦ

2145 930 2212 982 τὸ
2240 931 2656 1000 σημαινόμενον,
2697 931 2835 984 κατὰ
2863 931 2960 1002 τὴν
2991 932 3385 1001 ἐπικρατοῦσαν
3429 932 3713 1001 συνήθειαν

2146 1023 2224 1084 εἰς
2251 1021 2348 1091 τὴν
2376 1020 2473 1089 τῆς
2505 1021 2716 1089 φύσεως
2759 1009 3052 1092 ἑρμηνείαν
3097 1023 3562 1094 παραλαμϐάνειν,
3597 1022 3712 1076 ἀλλ’

2146 1111 2476 1178 ἐξευρίσκειν
2503 1109 2622 1161 τινὰ
2649 1111 2920 1179 σημασίαν
2949 1109 3149 1179 ταύτης
3174 1111 3270 1178 τῆς
3292 1112 3493 1176 φωνῆς,
3518 1111 3712 1180 ἑτέραν

2147 1200 2296 1268 παρὰ
2323 1200 2420 1270 τὴν
2455 1201 2638 1268 κοινήν
2681 1217 2741 1253 τε
2795 1201 2886 1252 καί⁴
2925 1201 3228 1269 πρόχειρον.
3281 1198 3466 1251 Ταῦτα
3509 1199 3602 1251 καὶ
3647 1201 3712 1252 τὶ

2144 1290 2366 1342 τοιαῦτα
2401 1289 2765 1359 φιλοσοφοῦσι,
2804 1290 2938 1359 πρὸς
2974 1290 3312 1358 κατασκευὴν
3343 1289 3434 1341 τοῦ
3470 1290 3540 1359 μὴ
3576 1285 3712 1341 εἶναι

2145 1381 2236 1434 τὸν
2272 1383 2417 1442 Υἱδν,
2465 1382 2601 1450 ὅπερ
2640 1380 2745 1434 ἔστι
2791 1399 2849 1434 τε
2893 1383 2985 1435 καὶ
3013 1382 3246 1448 λέγεται.
3305 1379 3466 1449 Ἡμῖν
3497 1380 3551 1432 δὲ
3583 1380 3710 1448 πρδς

2145 1473 2327 1541 ἕτερον
2359 1472 2456 1541 μέν
2501 1467 2568 1540 ἦν
2596 1472 2837 1524 σπεύδων
2861 1474 2888 1524 ὁ
2917 1471 3091 1538 λόγος,
3141 1472 3264 1539 τὴν-
3284 1471 3591 1540 πρόσφατον
3620 1467 3711 1520 τοῦ

2149 1563 2408 1630 Εὑνομίου
2438 1563 2798 1632 λογογραφίαν
2840 1562 3006 1625 δεῖξαι
3047 1562 3224 1630 ψευδῆ·
3264 1560 3359 1613 καὶ
3393 1559 3708 1620 ἀσύστατον,

2147 1653 2237 1703 καὶ
2267 1651 2389 1704 οὔτε
2423 1651 2557 1722 πρὸς
2582 1652 2679 1721 τὴν
2706 1652 2981 1721 ἀλήθειαν,
3021 1651 3142 1703 οὗτε
3172 1652 3301 1720 πρὸς
3338 1650 3536 1719 ἑαυτὴν
3581 1665 3717 1716 συμ-

2083 1727 2120 1779 B
2152 1744 2451 1811 φωνούσαν.
2499 1744 2646 1796 Ἐπεὶ
2673 1743 2727 1795 δὲ
2757 1744 2820 1795 δι’
2860 1738 2933 1796 ὧν
2961 1743 3367 1812 κατηγοροῦμεν
3398 1741 3490 1793 τοῦ
3516 1740 3714 1808 δόγμα-

2151 1853 2239 1899 τος
2269 1835 2466 1897 αὐτῶν,
2492 1830 2599 1888 οἷόν
2619 1853 2700 1897 τις
2728 1836 3018 1903 συνηγορία
3047 1834 3144 1902 τῆς
3167 1832 3507 1902 βλασφημίας
3537 1835 3717 1883 ἐπεισ-

2151 1925 2287 1994 ήχθη
2311 1925 2386 1993 τῷ
2408 1925 2580 1994 λόγῳο
2620 1924 2799 1986 καλῶς
2832 1925 2896 1976 ἂν
2927 1924 3038 1993 ἔχοι
3070 1925 3194 1992 περὶ
3231 1922 3417 1976 τούτου
3455 1921 3716 1990 πρότερον

2150 2016 2208 2066 ἐν
2236 2015 2398 2084 ὀλίγῳ
2441 2015 2710 2068 διαλαϐεῖν
2734 2056 2748 2078 ,
2799 2012 2896 2066 εἷθ’
2935 2014 3104 2075 οὕτως
3152 2013 3244 2064 ἐπὶ
3272 2012 3366 2082 τὴν
3404 2011 3715 2064 ἀκολουῖιίαν

2151 2106 2259 2158 τῶν
2291 2108 2688 2175 γεγραμμένων
2726 2105 3052 2157 ἐπανελθεῖν.

480 2213 628 2264 clare
653 2224 712 2262 se
744 2207 938 2259 habeat
976 2203 1043 2255 de
1069 2218 1134 2255 eo
1170 2215 1341 2269 pauca
1383 2199 1678 2261 disserere,
1711 2197 1906 2249 deinde
1940 2197 2018 2249 sic
2055 2198 2119 2250 a’d
2157 2199 2485 2266 scriptorum
2515 2206 2938 2264 consequentem
2975 2196 3167 2250 seriem
3195 2195 3392 2249 redire.

551 2295 654 2349 Fas
677 2295 837 2363 igitur
861 2292 1031 2346 estde
1057 2291 1138 2344 bis
1157 2287 1358 2356 aliquid
1379 2287 1580 2348 dicere,
1605 2297 1657 2339 et
1675 2301 1703 2337 a
1722 2296 2054 2354 congruente

479 2389 756 2459 proposito
773 2400 878 2438 non
898 2383 1168 2436 aberrare.
1186 2378 1336 2444 Quod
1361 2394 1482 2430 cum
1502 2379 1608 2431 sint
1627 2379 1790 2429 multa
1812 2377 2052 2435 nomina,

479 2483 620 2535 sicut
641 2479 714 2533 illi
741 2479 1044 2543 aiunt,qua:
1066 2471 1356 2541 Unigeuito
1372 2485 1403 2523 a
1423 2468 1700 2537 Scriptura
1720 2470 2050 2532 tribuuntur,

480 2573 686 2627 nullum
718 2570 946 2622 aliorum
974 2581 1067 2634 per
1090 2564 1400 2618 relationem
1421 2575 1542 2614 cum
1566 2574 1631 2612 eo
1651 2559 1743 2627 qui
1763 2560 1944 2626 genuit
1964 2573 2054 2610 co-

480 2664 785 2734 gnationem
836 2652 890 2712 et
936 2656 1303 2710 adlraasionem
1362 2651 1562 2705 habere
1614 2650 1868 2703 dicimus.
1933 2646 2047 2700 Non

479 2757 621 2810 enim
664 2753 805 2806 sicut
837 2749 1015 2802 Patris
1048 2745 1267 2806 Filium,
1317 2745 1395 2797 sic
1428 2743 1511 2796 vel
1544 2741 1797 2811 lapidem,
1830 2741 1912 2792 vel
1963 2754 2049 2792 re-

480 2844 902 2900 surrectionem,
951 2839 1032 2892 vel
1087 2847 1378 2904 pastorem,
1421 2834 1504 2886 vel
1560 2835 1751 2892 lucem,
1798 2831 1879 2884 vel
1920 2830 2048 2898 quid

482 2939 708 2991 aliorum
741 2934 806 2986 ad
849 2931 1014 2983 Deum
1049 2929 1425 2982 universorum
1469 2923 1764 2978 referentes
1793 2922 2045 2980 dicimus.

484 3027 587 3081 Sed
617 3027 742 3077 licet
781 3031 1035 3090 tauquam
1081 3025 1197 3071 arte
1223 3015 1454 3084 quadam
1504 3021 1556 3067 et
1591 3013 1770 3082 regula
1801 3012 2045 3065 bifariam

481 3118 790 3172 divinorum
863 3111 1147 3165 nominum
1210 3106 1627 3176 sign-ilicantiam
1691 3103 2045 3171 distinguere.

482 3207 736 3275 Quaedam
779 3205 922 3258 enim
971 3201 1202 3254 excelsa:
1255 3204 1309 3252 et
1361 3195 1650 3250 inellabilis
1701 3195 1886 3263 gloria:
1937 3193 2050 3245 sive

485 3297 789 3365 majestatis
854 3290 1240 3346 iudicationem
1297 3287 1498 3365 habent
1551 3284 1845 3353 :quaedam
1921 3297 2050 3336 vero

485 3356 728 3462 provida:
793 3380 1222 3453 dispensationis
1275 3356 1594 3430 varietatem
1647 3375 2046 3427 demonstrant.

483 3484 558 3535 lta
599 3489 656 3534 ut
697 3475 1002 3534 secundum
1062 3465 1547 3543 hypothesin'nisi
1604 3476 1753 3519 esset
1805 3464 1858 3517 id
1907 3464 2048 3533 quod

485 3571 748 3627 benelicio
783 3567 1036 3628 allicitur,
1070 3576 1247 3630 neque
1282 3560 1362 3613 hae
1393 3573 1556 3619 voces
1585 3573 1704 3627 qua:
1728 3556 2051 3610 benelieium

485 3661 752 3720 indicant,
788 3658 874 3710 bis
909 3662 1095 3709 essent
1130 3652 1368 3706 tributae.
1400 3650 1531 3715 Quae
1555 3657 1734 3702 autem
1766 3647 1911 3717 quod
1945 3647 2050 3700 Deo

483 3753 740 3806 convenit
771 3757 825 3802 et
850 3747 1106 3801 decorum
1138 3751 1222 3798 est
1251 3742 1551 3805 declarant,
1601 3741 1761 3793 etiam
1805 3739 1925 3793 sine
1967 3738 2051 3792 his

485 3857 716 3912 quorum
768 3841 941 3908 gratia
998 3840 1056 3889 lit
1101 3833 1474 3903 dispensatio,
1527 3841 1758 3900 cognale
1825 3837 1879 3882 et
1926 3845 2051 3898 pro-

487 3932 606 4003 prie
657 3931 935 4001 unigenito
980 3927 1090 3980 Deo
1149 3925 1542 3978 attribuuntur.
1589 3921 1659 3975 Ut
1716 3930 1896 3974 autem
1939 3920 2052 3973 evi-

485 4023 704 4078 dentius
753 4025 866 4076 lucc
910 4018 1181 4076 sententia
1216 4015 1374 4070 uobis
1414 4015 1629 4068 evoluta
1678 4019 1884 4082 pateat,
1934 4011 2050 4080 ipsa

487 4115 707 4170 nomina
757 4111 1210 4180 contemplemur.
1274 4105 1562 4174 Nunquam
1607 4105 1733 4157 vitis
1805 4100 2052 4154 nomina-

487 4217 578 4262 tus
625 4194 769 4260 esset
819 4204 1114 4266 Dominus,
1173 4199 1279 4254 nisi
1331 4194 1688 4267 plantationis
1746 4207 1910 4246 causa
1959 4207 2052 4246 eo-

487 4315 608 4354 rum
653 4298 744 4368 qui
787 4297 840 4350 in
894 4296 1015 4365 ipso
1073 4292 1433 4346 radicantur:
1468 4302 1642 4356 neque
1690 4297 1891 4354 pastor,
1942 4283 2050 4338 nisi

2227 2287 2289 2338 Τί
2320 2288 2492 2339 τοίνυν
2523 2289 2669 2339 ἐστὶν
2694 2288 2940 2348 εἰπόντας
2975 2287 3107 2356 πρὸς
3148 2289 3214 2338 τά
3255 2285 3474 2338 τοιαῦτα
3511 2287 3581 2354 μὴ
3610 2285 3720 2337 δια-

2159 2381 2379 2447 μαρτεῖν
2407 2377 2498 2430 τοῦ
2526 2380 2890 2448 προσήκοντος
2914 2396 2928 2443 ;
2960 2381 3076 2430 ’Ὁτι
3102 2378 3306 2429 πολλῶν
3328 2379 3514 2432 ὄντων.
3543 2374 3719 2437 καθὼς

2155 2471 2390 2522 κάκεῖνοί
2428 2487 2580 2536 φασι,
2614 2471 2720 2522 τῶν
2750 2471 3043 2540 ὀνομάτων,
3081 2469 3115 2522 ἃ
3141 2470 3215 2539 τῷ
3254 2471 3544 2535 Μονογενεῖ
3575 2470 3721 2538 παρὰ

2155 2562 2253 2630 τῆς
2284 2564 2501 2632 Γραφῆς
2533 2564 2860 2630 ἐπιλέγεται,
2884 2565 3034 2616 οὐδὲν
3061 2563 3165 2616 τῶν
3195 2563 3364 2615 ἄλλων
3393 2566 3456 2632 τῇ
3480 2563 3612 2632 πρὸς
3634 2565 3722 2613 τὸν

2157 2655 2516 2723 γεγεννηκότα
2553 2654 2730 2723 φαμὲν
2765 2657 3011 2724 ἀναφορᾷ
3039 2655 3100 2707 τὸ
3133 2654 3404 2724 προσφυὲς
3441 2654 3602 2722 ἔχειν.
3646 2655 3720 2704 Οὐ

2155 2746 2263 2814 γὰρ
2310 2744 2496 2814 ὥσπερ
2515 2745 2652 2825 γὶὺν
2682 2745 2773 2796 τοῦ
2801 2746 3032 2814 Πατρὺς,
3077 2745 3246 2807 οὕτως
3273 2746 3304 2813 ἢ
3337 2745 3502 2805 λίθον,
3535 2746 3566 2816 ἢ
3595 2746 3721 2796 ἀνά-

2158 2851 2360 2895 στασιν,
2404 2835 2436 2903 ἢ
2483 2835 2732 2902 ποιμένα,
2777 2835 2807 2904 ἢ
2841 2835 2974 2902 φῶς,
3007 2835 3039 2904 ἦ
3075 2852 3124 2886 τι
3163 2835 3270 2886 τῶν
3302 2835 3474 2887 ἄλλων
3511 2836 3601 2885 ἐπὶ
3631 2834 3722 2885 τὸν

2155 2926 2285 2978 Θεὸν
2329 2927 2462 2978 ὅλων
2492 2927 2922 2995 ἐπαναφέροντες
2964 2922 3214 2994 λέγομεν.
3273 2925 3409 2976 Ἀλλ’
3439 2925 3582 2978 ἔστιν
3612 2919 3721 2977 οἷον

2155 3019 2315 3088 τέχνῃ
2360 3018 2465 3068 τινὶ
2503 3018 2595 3069 καὶ¹
2636 3018 2814 3069 κανόνι
2843 3019 2962 3086 διχῆ
2992 3015 3257 3070 διελέσθαι
3285 3016 3392 3068 τῶν
3418 3017 3576 3068 θείων
3606 3017 3716 3067 ὀνο-

2154 3111 2335 3179 μάτων
2385 3110 2480 3178 τὴν
2529 3110 2819 3178 σημασίαν.
2879 3110 2957 3162 Τὰ
3006 3111 3103 3179 μὲν
3141 3110 3248 3179 γάρ
3277 3109 3372 3176 τῆς
3421 3108 3632 3178 ὑψηλῆς
3663 3125 3720 3159 τε

2152 3202 2244 3254 καὶ
2271 3203 2544 3269 ἀφράστου
2569 3201 2724 3270 δόξης
2753 3201 2848 3271 τὴν
2873 3201 3091 3264 ἔνδειξιν
3119 3201 3250 3270 ἔχει,
3274 3201 3340 3252 τὰ
3365 3201 3420 3252 δὲ
3450 3201 3509 3252 τὸ
3544 3199 3720 3252 ποικί-

2151 3293 2240 3365 λον
2268 3295 2364 3360 τῆς
2409 3291 2768 3361 προνοητικῆς
2813 3293 3124 3362 οἰκονομίας
3166 3291 3501 3344 ἐνδείκνυται
3529 3309 3542 3320 ·
3582 3292 3720 3343 ὥστε

2151 3383 2269 3434 καθ’
2313 3380 2584 3443 ὑπόθεσιν,
2638 3383 2685 3433 εί
2733 3383 2806 3452 μὴ
2854 3383 2912 3435 τὸ
2962 3383 3411 3453 εὐεργετούμενον
3443 3385 3548 3452 εἴη.
3588 3383 3718 3452 μηδὲ

2149 3473 2246 3532 τὰς
2286 3471 2465 3537 φωνὰς
2505 3469 2710 3532 ταύτας
2759 3473 2844 3523 ἐπ’
2876 3472 3052 3524 αὐτῶν
3082 3473 3354 3541 τετάχθαι,
3403 3473 3458 3524 αἳ
3501 3473 3598 3541 τὴν
3627 3472 3719 3523 εὐ-

2151 3563 2401 3631 εργεσίαν
2452 3562 2830 3615 ἐνδείκνυνται.
2879 3564 3037 3616 Ὅσαι
3087 3563 3144 3616 δὲ
3194 3565 3252 3616 τὸ
3295 3563 3596 3635 θεοπρεπὲς
3627 3565 3718 3634 ἐρ-

2154 3651 2443 3721 μηνεύουσι
2464 3693 2477 3716 ,
2525 3652 2616 3704 καὶ
2649 3652 2771 3721 δίχα
2806 3653 2912 3705 τῶν
2940 3655 3402 3724 οἰκονομουμένων
3430 3654 3719 3725 προσφυῶς

2152 3743 2243 3794 καὶ
2278 3742 2478 3812 κυρίως
2518 3745 2910 3814 ἐφαρμόζονται
2952 3745 3028 3816 τῷ
3065 3749 3340 3815 μονογενεί
3367 3745 3504 3815 Θεῷ.
3557 3747 3643 3809 Ὠς
3673 3745 3718 3797 δ’

2150 3833 2214 3886 ἂν
2247 3835 2634 3904 ἐναργέστερον
2659 3839 2787 3905 ἡμῖν
2814 3836 3175 3906 ἐκκαλυφθείη
3201 3837 3259 3889 τὸ
3283 3837 3492 3888 τοιοῦτο
3521 3837 3716 3906 δόγμα,

2153 3925 2238 3978 ἐπ’
2287 3927 2464 3979 αὐτῶν
2515 3928 2665 3980 ἔσται
2708 3929 2815 3980 τῶν
2850 3930 3126 4000 ὀνομάτων
3163 3932 3194 3998 ὴ
3232 3914 3463 3994 θεωρία..
3503 3931 3614 3982 Ούκ
3653 3929 3718 3981 ἂν

2150 4017 2391 4086 ἄμπελος
2416 4019 2703 4089 ὠνομάσθη
2739 4023 2766 4072 ό
2798 4021 3018 4087 Κύριος,
3055 4022 3103 4073 εί
3138 4021 3210 4090 μὴ
3242 4021 3342 4090 τῆς
3370 4022 3591 4090 φυτείας
3619 4022 3719 4090 χά-

2153 4125 2238 4178 ριν
2267 4109 2372 4161 τῶν
2404 4111 2460 4161 ὲν
2492 4110 2640 4180 αὐτῷ
2670 4111 3002 4182 ριζουμένων
3029 4130 3042 4142 ·
3085 4113 3192 4164 οὐδ’
3225 4111 3290 4164 ἂν
3319 4112 3539 4181 ποιμὴν,
3565 4115 3611 4164 εί
3644 4113 3718 4182 μὴ

2151 4196 2219 4249 τὰ
2249 4197 2493 4268 πρόϐατα
2518 4199 2610 4250 τοῦ
2633 4199 2779 4252 οἴκου
2817 4199 3030 4270 Ἰσραὴλ
3057 4198 3354 4252 ἀπολώλει·
3385 4200 3489 4252 οὐδ’
3515 4201 3716 4270 ἰατρὸς,

2153 4290 2201 4340 εἰ
2237 4288 2310 4358 μὴ
2343 4289 2448 4341 τῶν
2477 4290 2772 4344 νοσούντων
2806 4292 2984 4362 χάριν,
3019 4293 3137 4344 οὐδὲ
3183 4293 3249 4343 τὰ
3279 4291 3438 4344 λοιπὰ
3462 4290 3565 4344 τῶν
3600 4291 3717 4342 ὀνο-

486 4407 616 4446 oves
682 4388 876 4441 domus
951 4384 1115 4440 lsrael
1168 4382 1460 4452 periisseut
1505 4397 1518 4432 :
1569 4393 1744 4446 neque
1809 4375 2049 4430 medicus

2161 4379 2344 4448 μάτων
2372 4381 2456 4447 ἐφ’
2485 4382 2676 4434 ἐαυτοῦ
2711 4383 3046 4452 κατεδέχετο,
3096 4382 3169 4452 μὴ
3195 4383 3283 4436 διά
3321 4399 3461 4444 τινος
3487 4397 3719 4450 προνοη-

489 4482 592 4537 nisi
645 4478 1024 4550 'aegrotantium
1069 4489 1255 4539 causa,
1287 4488 1462 4542 neque
1506 4471 1708 4540 reliqua
1747 4470 1965 4524 nomina
2001 4469 2055 4522 in

488 4572 724 4639 scipsum
791 4567 1098 4633 reciperet,
1158 4564 1262 4618 nisi
1334 4577 1428 4632 per
1483 4561 1717 4628 aliquam
1775 4559 2054 4628 providam

487 4664 594 4716 vim
625 4659 938 4713 ellicientem
981 4655 1267 4710 commode
1299 4669 1486 4708 eorum
1539 4652 1713 4722 gratia
1759 4649 1850 4718 qui
1897 4649 2059 4702 bene-

491 4751 612 4804 ﬁcio
651 4748 974 4808 adiciuntur,
1027 4745 1125 4799 has
1168 4759 1330 4800 voces
1385 4752 1636 4811 tanquam
1671 4740 1772 4794 sibi
1808 4739 2056 4808 proprias

489 4837 801 4891 asciscerrt.
838 4835 975 4902 Quid
1025 4835 1170 4900 enim
1211 4849 1349 4902 opus
1375 4840 1457 4886 est
1489 4832 1700 4900 singula
1736 4846 2058 4900 percurren-

489 4941 596 4986 tem
621 4931 674 4982 in
705 4929 790 4981 his
812 4941 930 4998 quae
949 4933 1096 4981 certa
1126 4934 1254 4981 sunt
1278 4931 1331 4978 et
1352 4922 1724 4977 conceduntur
1752 4937 2054 4977 sermonem

490 5019 826 5096 producere?
861 5017 1030 5071 Filius
1059 5025 1238 5070 autem
1269 5023 1323 5070 et
1363 5014 1604 5075 dextera,
1629 5023 1683 5068 et
1712 5011 2053 5083 Unigenitus,

485 5125 541 5171 et
569 5113 825 5174 Verbum,
853 5123 906 5165 et
930 5110 1230 5179 Sapientia,
1258 5116 1312 5162 et
1339 5107 1546 5171 Virtus,
1581 5116 1636 5161 et
1661 5106 1844 5162 omnia
1867 5106 2058 5173 hujus-

411 5200 416 5204 ’
487 5205 632 5261 modi
673 5219 793 5274 quae
822 5203 886 5256 ad
929 5201 1135 5270 aliquid
1174 5200 1451 5264 dicuntur,
1492 5207 1750 5268 tanquam
1801 5198 2057 5266 conjuga-

489 5300 634 5352 tione
690 5294 922 5366 quadam
985 5291 1209 5346 relativa
1256 5305 1379 5344 cum
1423 5288 1582 5342 Patre
1628 5291 1890 5353 omnium,
1927 5291 2056 5344 dum

489 5387 650 5442 simul
692 5386 1027 5445 nominatur,
1059 5380 1276 5435 dicitur.
1317 5378 1407 5434 Dei
1431 5380 1574 5433 enim
1609 5380 1782 5435 virtus
1812 5382 2059 5436 nornina-

487 5487 596 5536 tur,
626 5485 679 5529 et
707 5477 925 5530 dextera
971 5481 1024 5527 et
1055 5472 1152 5530 Dei
1177 5471 1440 5540 sapientia
1477 5479 1531 5525 et
1575 5469 1750 5526 Patris
1802 5469 1970 5526 Filius
2003 5483 2058 5527 et

492 5565 834 5634 linigenitus,
869 5575 920 5619 et
951 5561 1185 5617 Verbum
1232 5562 1371 5630 apud
1400 5561 1588 5627 Deum,
1621 5571 1675 5616 et
1721 5577 2058 5632 quaecunque

487 5664 615 5709 sunt
638 5655 928 5724 ejusmodi.
963 5655 1315 5726 Consequens
1347 5654 1510 5725 igitur
1536 5670 1601 5710 ex
1636 5655 1721 5712 his
1743 5655 1924 5720 dictis,
1960 5671 2056 5709 cu-

2155 4469 2312 4540 rsari;
2343 4471 2618 4538 ἐνεργείας
2646 4473 2966 4543 προσφόρως
3000 4473 3093 4524 ἐπὶ
3119 4473 3224 4525 τῶν
3254 4472 3720 4542 εὐεργετουμένων

2155 4559 2253 4623 τὰς
2278 4562 2458 4628 φωνὰς
2485 4562 2872 4632 οἰκειούμενος.
2905 4565 2968 4616 Τί
3002 4565 3109 4634 γὰρ
3137 4565 3219 4616 δεῖ
3246 4565 3313 4616 τὰ
3343 4563 3460 4616 καθ’
3493 4564 3720 4617 ἕκαστον

2156 4654 2380 4723 λέγοντα
2415 4655 2672 4726 μηκύνειν
2699 4657 2756 4708 ἐν
2784 4659 2896 4718 τοῖς
2919 4654 3367 4725 ὁμολογουμένοις
3407 4655 3500 4706 τὸν
3529 4654 3720 4722 λόγονς

2157 4748 2285 4826 Tib;
2316 4748 2373 4801 δὲ
2406 4747 2498 4800 καὶ
2527 4747 2707 4812 Δεξιὰ,
2755 4748 2848 4800 καὶ
2882 4749 3213 4816 Μονογενὴς,
3261 4749 3354 4800 καὶ
3397 4747 3591 4815 Λόγος,
3631 4747 3723 4801 καὶ

2157 4839 2346 4907 Σοφία,
2380 4840 2473 4893 καὶ
2497 4839 2752 4908 Δύναμις,
2784 4839 2876 4892 καὶ
2903 4839 2971 4891 τὰ
2996 4839 3219 4891 τοιαῦτα
3253 4841 3428 4892 πάντα
3457 4839 3558 4892 ὅσα
3589 4840 3723 4909 πρός

2155 4945 2209 4980 τι
2236 4929 2473 4996 λέγεται,
2502 4928 2748 5000 καθάπερ
2781 4933 2837 4982 ἐν
2873 4929 3100 5000 συζυγίᾳ
3131 4932 3237 4982 τινὶ
3264 4933 3482 5000 σχετικῇ
3513 4931 3591 5001 τῷ
3617 4932 3719 4983 Πα-

2156 5020 2245 5089 τρὶ
2299 5020 2516 5073 πάντων
2571 5021 3064 5090 συνονομαζόμενος
3123 5020 3357 5088 λέγεται.
3425 5021 3561 5075 Θεοῦ
3616 5021 3723 5093 γὰρ

2157 5111 2381 5181 δύναμις
2406 5111 2744 5181 ὀνομάζεται,
2769 5113 2861 5164 καὶ
2889 5111 3022 5164 Θεοῦ
3049 5111 3218 5177 δεξιὰ,
3252 5112 3347 5165 καὶ
3376 5111 3510 5164 Θεοῦ
3544 5112 3720 5180 σοφία.

2159 5203 2252 5256 καὶ
2283 5202 2492 5273 Πατρδς
2521 5203 2666 5268 Υἱὸς,
2699 5204 2792 5255 καὶ
2821 5203 3148 5274 Μονογενὴς,
3166 5205 3261 5257 καὶ
3286 5205 3455 5272 Λόγος
3480 5205 3616 5275 πρὸς
3639 5205 3727 5257 τὺν

2159 5297 2310 5360 Θεὸν,
2342 5299 2438 5351 καὶ
2459 5299 2556 5350 ὅσα
2585 5297 2827 5351 τοιαῦτα.
2863 5297 3070 5350 Οὐκοῦν
3102 5297 3390 5352 ἀκόλουθον
3419 5299 3484 5351 ἐκ
3515 5299 3622 5351 τῶν
3652 5299 3728 5351 εί-

2163 5388 2413 5458 ρημένων
2445 5387 2674 5440 ἑκάστου
2705 5387 2811 5440 τῶν
2839 5388 3118 5458 ὀνομάτων
3142 5389 3477 5460 κατάλληλόν
3497 5407 3617 5442 τινα
3650 5387 3727 5458 τῷ

2159 5477 2521 5546 ὑποκειμένῳ,
2580 5477 2672 5530 καὶ⁸
2718 5477 3032 5548 πρέπουσαν
3083 5479 3368 5550 ἐνθεωρεῖν
3415 5478 3722 5549 σημασίαν·

2157 5566 2231 5629 ὡς
2262 5566 2327 5620 ἂν
2355 5566 2427 5636 μὴ
2456 5568 2534 5637 τῷ
2563 5567 2877 5639 διαμαρτεῖν
2900 5571 2999 5639 τῆς
3027 5569 3193 5640 ὀρθῆς
3220 5569 3458 5634 διανοίας
3484 5571 3613 5642 περὶ
3637 5569 3726 5622 τὸν

2158 5655 2255 5728 τῆς
2285 5655 2562 5720 εὐσεϐείας
2588 5657 3080 5731 πλημμελήσαιμεν
3099 5660 3274 5729 λόγον.
3307 5660 3518 5731 Ὥσπερ
3545 5659 3721 5714 τοίνυν
