  <div class='ocr_page' id='page_1' title='image "/cluster/home/n/w/nwhite01/storage/ocr_20150623/45/mdp.39015011921478/316.png"; bbox 0 0 4054 6150; ppageno 0'>
   <div class='ocr_carea' id='block_1_1' title="bbox 324 266 430 321">
    <p class='ocr_par' dir='ltr' id='par_1_1' title="bbox 324 266 430 321">
     <span class='ocr_line' id='line_1_1' title="bbox 324 266 430 321; baseline -0.009 0"><span class='ocrx_word' id='word_1_1' title='bbox 324 266 430 321; x_wconf 76' lang='grc'><strong>613</strong></span> 
     </span>
    </p>
   </div>
   <div class='ocr_carea' id='block_1_2' title="bbox 1378 263 2367 331">
    <p class='ocr_par' dir='ltr' id='par_1_2' title="bbox 1378 263 2367 331">
     <span class='ocr_line' id='line_1_2' title="bbox 1378 263 2367 331; baseline -0.004 -7"><span class='ocrx_word' id='word_1_2' title='bbox 1378 266 1653 325; x_wconf 79' lang='lat' dir='ltr'><strong>CONTRA</strong></span> <span class='ocrx_word' id='word_1_3' title='bbox 1683 263 2072 331; x_wconf 83' lang='lat' dir='ltr'><strong>EUNOMIUM,</strong></span> <span class='ocrx_word' id='word_1_4' title='bbox 2113 263 2244 319; x_wconf 83' lang='lat' dir='ltr'><strong>LIB.</strong></span> <span class='ocrx_word' id='word_1_5' title='bbox 2287 263 2367 320; x_wconf 86' lang='lat' dir='ltr'><strong>Ill.</strong></span> 
     </span>
    </p>
   </div>
   <div class='ocr_carea' id='block_1_3' title="bbox 3469 272 3566 331">
    <p class='ocr_par' dir='ltr' id='par_1_3' title="bbox 3469 272 3566 331">
     <span class='ocr_line' id='line_1_3' title="bbox 3469 272 3566 331; baseline -0.062 0"><span class='ocrx_word' id='word_1_6' title='bbox 3469 272 3566 331; x_wconf 70' lang='grc' dir='ltr'>ϐυ</span> 
     </span>
    </p>
   </div>
   <div class='ocr_carea' id='block_1_4' title="bbox 326 383 1904 461">
    <p class='ocr_par' dir='ltr' id='par_1_4' title="bbox 326 383 1890 460">
     <span class='ocr_line' id='line_1_4' title="bbox 326 383 1890 460; baseline 0.005 -27"><span class='ocrx_word' id='word_1_7' title='bbox 326 383 431 436; x_wconf 85' lang='grc' dir='ltr'><strong>τῶν</strong></span> <span class='ocrx_word' id='word_1_8' title='bbox 459 383 634 439; x_wconf 81' lang='grc' dir='ltr'>ἄλλων</span> <span class='ocrx_word' id='word_1_9' title='bbox 656 385 882 440; x_wconf 76' lang='grc' dir='ltr'>ἕκαστον</span> <span class='ocrx_word' id='word_1_10' title='bbox 906 386 1040 458; x_wconf 85' lang='grc' dir='ltr'>πρὸς</span> <span class='ocrx_word' id='word_1_11' title='bbox 1065 387 1126 441; x_wconf 84' lang='grc' dir='ltr'><strong>τὸ</strong></span> <span class='ocrx_word' id='word_1_12' title='bbox 1151 387 1450 460; x_wconf 78' lang='grc' dir='ltr'>θεοπρεπὲς</span> <span class='ocrx_word' id='word_1_13' title='bbox 1479 387 1890 460; x_wconf 82' lang='grc' dir='ltr'>μεταλαϐόντες,</span> 
     </span>
    </p>
   </div>
   <div class='ocr_carea' id='block_1_5' title="bbox 2007 383 3573 461">
    <p class='ocr_par' dir='ltr' id='par_1_5' title="bbox 2007 383 3573 461">
     <span class='ocr_line' id='line_1_5' title="bbox 2007 383 3573 461; baseline 0.007 -24"><span class='ocrx_word' id='word_1_14' title='bbox 2007 383 2192 454; x_wconf 86' lang='lat' dir='ltr'><strong>iusque</strong></span> <span class='ocrx_word' id='word_1_15' title='bbox 2240 385 2434 438; x_wconf 90' lang='lat' dir='ltr'><strong>horum</strong></span> <span class='ocrx_word' id='word_1_16' title='bbox 2472 384 2753 440; x_wconf 84' lang='lat' dir='ltr'><strong>nominum</strong></span> <span class='ocrx_word' id='word_1_17' title='bbox 2791 385 3236 457; x_wconf 87' lang='lat' dir='ltr'><strong>signilicationcm</strong></span> <span class='ocrx_word' id='word_1_18' title='bbox 3280 391 3573 461; x_wconf 83' lang='lat' dir='ltr'><strong>quamdam</strong></span> 
     </span>
    </p>
   </div>
   <div class='ocr_carea' id='block_1_6' title="bbox 328 475 1896 550">
    <p class='ocr_par' dir='ltr' id='par_1_6' title="bbox 328 475 1896 550">
     <span class='ocr_line' id='line_1_6' title="bbox 328 475 1896 550; baseline 0.001 -22"><span class='ocrx_word' id='word_1_19' title='bbox 328 475 626 547; x_wconf 77' lang='grc' dir='ltr'><strong>ἀθετοῦμεν</strong></span> <span class='ocrx_word' id='word_1_20' title='bbox 653 478 748 547; x_wconf 78' lang='grc' dir='ltr'>τὴν</span> <span class='ocrx_word' id='word_1_21' title='bbox 776 479 1064 550; x_wconf 87' lang='grc' dir='ltr'>πρόχειρον</span> <span class='ocrx_word' id='word_1_22' title='bbox 1089 480 1175 532; x_wconf 75' lang='grc' dir='ltr'>ἐπ’</span> <span class='ocrx_word' id='word_1_23' title='bbox 1197 479 1374 534; x_wconf 85' lang='grc' dir='ltr'>αὑτῶν</span> <span class='ocrx_word' id='word_1_24' title='bbox 1405 480 1630 544; x_wconf 82' lang='grc' dir='ltr'>ἔννοιαν,</span> <span class='ocrx_word' id='word_1_25' title='bbox 1653 479 1727 541; x_wconf 83' lang='grc' dir='ltr'>ὡς</span> <span class='ocrx_word' id='word_1_26' title='bbox 1760 479 1896 549; x_wconf 90' lang='grc' dir='ltr'>μήτε</span> 
     </span>
    </p>
   </div>
   <div class='ocr_carea' id='block_1_7' title="bbox 328 567 1898 642">
    <p class='ocr_par' dir='ltr' id='par_1_7' title="bbox 328 567 1898 642">
     <span class='ocr_line' id='line_1_7' title="bbox 328 567 1898 642; baseline 0.001 -22"><span class='ocrx_word' id='word_1_27' title='bbox 328 567 442 632; x_wconf 76' lang='grc' dir='ltr'>φῶς</span> <span class='ocrx_word' id='word_1_28' title='bbox 485 568 687 628; x_wconf 79' lang='grc' dir='ltr'>ὑλικὸν.</span> <span class='ocrx_word' id='word_1_29' title='bbox 738 571 873 640; x_wconf 87' lang='grc' dir='ltr'>μήτε</span> <span class='ocrx_word' id='word_1_30' title='bbox 924 571 1270 642; x_wconf 78' lang='grc' dir='ltr'><strong>πατουμένην</strong></span> <span class='ocrx_word' id='word_1_31' title='bbox 1322 571 1458 632; x_wconf 74' lang='grc' dir='ltr'>ὁδὸν,</span> <span class='ocrx_word' id='word_1_32' title='bbox 1511 571 1647 640; x_wconf 87' lang='grc' dir='ltr'>μήτε</span> <span class='ocrx_word' id='word_1_33' title='bbox 1692 569 1783 622; x_wconf 86' lang='grc' dir='ltr'><strong>τὸν</strong></span> <span class='ocrx_word' id='word_1_34' title='bbox 1834 571 1898 622; x_wconf 77' lang='grc' dir='ltr'><strong>ἐκ</strong></span> 
     </span>
    </p>
   </div>
   <div class='ocr_carea' id='block_1_8' title="bbox 332 659 1896 733">
    <p class='ocr_par' dir='ltr' id='par_1_8' title="bbox 332 659 1896 733">
     <span class='ocr_line' id='line_1_8' title="bbox 332 659 1896 733; baseline 0 -21"><span class='ocrx_word' id='word_1_35' title='bbox 332 659 595 732; x_wconf 75' lang='grc' dir='ltr'>γεωργίας</span> <span class='ocrx_word' id='word_1_36' title='bbox 625 661 809 730; x_wconf 80' lang='grc' dir='ltr'><strong>ἄρτον,</strong></span> <span class='ocrx_word' id='word_1_37' title='bbox 848 662 985 732; x_wconf 88' lang='grc' dir='ltr'>μήτε</span> <span class='ocrx_word' id='word_1_38' title='bbox 1015 662 1104 714; x_wconf 86' lang='grc' dir='ltr'><strong>τὸν</strong></span> <span class='ocrx_word' id='word_1_39' title='bbox 1129 662 1216 717; x_wconf 80' lang='grc' dir='ltr'>διὰ</span> <span class='ocrx_word' id='word_1_40' title='bbox 1263 661 1524 733; x_wconf 77' lang='grc' dir='ltr'><strong>ῥημάτων</strong></span> <span class='ocrx_word' id='word_1_41' title='bbox 1551 661 1706 730; x_wconf 88' lang='grc' dir='ltr'>λόγον</span> <span class='ocrx_word' id='word_1_42' title='bbox 1732 701 1746 726; x_wconf 92' lang='grc'><strong>,</strong></span> <span class='ocrx_word' id='word_1_43' title='bbox 1783 659 1896 712; x_wconf 83' lang='grc' dir='ltr'>ἀλλ’</span> 
     </span>
    </p>
   </div>
   <div class='ocr_carea' id='block_1_9' title="bbox 327 750 1898 822">
    <p class='ocr_par' dir='ltr' id='par_1_9' title="bbox 327 750 1898 822">
     <span class='ocr_line' id='line_1_9' title="bbox 327 750 1898 822; baseline 0 -20"><span class='ocrx_word' id='word_1_44' title='bbox 327 751 447 803; x_wconf 77' lang='grc' dir='ltr'>ἀντὶ</span> <span class='ocrx_word' id='word_1_45' title='bbox 494 750 697 802; x_wconf 92' lang='grc' dir='ltr'>τούτων</span> <span class='ocrx_word' id='word_1_46' title='bbox 745 753 926 804; x_wconf 78' lang='grc' dir='ltr'>ἐκεῖνα</span> <span class='ocrx_word' id='word_1_47' title='bbox 976 752 1215 822; x_wconf 72' lang='grc' dir='ltr'>νομίζειν</span> <span class='ocrx_word' id='word_1_48' title='bbox 1258 754 1357 806; x_wconf 84' lang='grc' dir='ltr'>ὃσα</span> <span class='ocrx_word' id='word_1_49' title='bbox 1399 751 1460 804; x_wconf 83' lang='grc' dir='ltr'><strong>τὸ</strong></span> <span class='ocrx_word' id='word_1_50' title='bbox 1494 752 1777 822; x_wconf 88' lang='grc' dir='ltr'>μεγαλεῖον</span> <span class='ocrx_word' id='word_1_51' title='bbox 1798 752 1898 820; x_wconf 82' lang='grc' dir='ltr'>τῆς</span> 
     </span>
    </p>
   </div>
   <div class='ocr_carea' id='block_1_10' title="bbox 326 841 1898 917">
    <p class='ocr_par' dir='ltr' id='par_1_10' title="bbox 326 841 1898 917">
     <span class='ocr_line' id='line_1_10' title="bbox 326 841 1898 917; baseline 0 -21"><span class='ocrx_word' id='word_1_52' title='bbox 326 841 607 911; x_wconf 83' lang='grc' dir='ltr'>δυνάμεως</span> <span class='ocrx_word' id='word_1_53' title='bbox 639 841 732 895; x_wconf 77' lang='grc' dir='ltr'><strong>τοῦ</strong></span> <span class='ocrx_word' id='word_1_54' title='bbox 761 843 896 896; x_wconf 82' lang='grc' dir='ltr'>Θεοῦ</span> <span class='ocrx_word' id='word_1_55' title='bbox 921 844 1094 912; x_wconf 84' lang='grc' dir='ltr'><strong>Λόγου</strong></span> <span class='ocrx_word' id='word_1_56' title='bbox 1129 845 1457 917; x_wconf 75' lang='grc' dir='ltr'><strong>παρίστησιν</strong></span> <span class='ocrx_word' id='word_1_57' title='bbox 1481 863 1496 879; x_wconf 88' lang='grc'><strong>·</strong></span> <span class='ocrx_word' id='word_1_58' title='bbox 1542 844 1713 908; x_wconf 78' lang='grc' dir='ltr'>οὑτως</span> <span class='ocrx_word' id='word_1_59' title='bbox 1738 843 1792 896; x_wconf 81' lang='grc' dir='ltr'><strong>εί</strong></span> <span class='ocrx_word' id='word_1_60' title='bbox 1815 860 1898 906; x_wconf 91' lang='grc' dir='ltr'><strong>τις</strong></span> 
     </span>
    </p>
   </div>
   <div class='ocr_carea' id='block_1_11' title="bbox 327 932 1896 1008">
    <p class='ocr_par' dir='ltr' id='par_1_11' title="bbox 327 932 1896 1008">
     <span class='ocr_line' id='line_1_11' title="bbox 327 932 1896 1008; baseline 0.001 -23"><span class='ocrx_word' id='word_1_61' title='bbox 327 932 542 1004; x_wconf 85' lang='grc' dir='ltr'>ἀθετοίη</span> <span class='ocrx_word' id='word_1_62' title='bbox 573 932 668 985; x_wconf 84' lang='grc' dir='ltr'>τοῦ</span> <span class='ocrx_word' id='word_1_63' title='bbox 713 934 829 986; x_wconf 89' lang='grc' dir='ltr'>υίοῦ</span> <span class='ocrx_word' id='word_1_64' title='bbox 863 934 960 1005; x_wconf 81' lang='grc' dir='ltr'><strong>τὴν</strong></span> <span class='ocrx_word' id='word_1_65' title='bbox 995 937 1197 1008; x_wconf 84' lang='grc' dir='ltr'>συνήθη</span> <span class='ocrx_word' id='word_1_66' title='bbox 1230 939 1324 990; x_wconf 69' lang='grc' dir='ltr'>καὶ</span> <span class='ocrx_word' id='word_1_67' title='bbox 1353 937 1493 991; x_wconf 86' lang='grc' dir='ltr'>κατὰ</span> <span class='ocrx_word' id='word_1_68' title='bbox 1526 936 1686 1006; x_wconf 86' lang='grc' dir='ltr'>φύσιν</span> <span class='ocrx_word' id='word_1_69' title='bbox 1718 952 1896 1005; x_wconf 84' lang='grc' dir='ltr'>σημα-</span> 
     </span>
    </p>
   </div>
   <div class='ocr_carea' id='block_1_12' title="bbox 331 1019 1898 1097">
    <p class='ocr_par' dir='ltr' id='par_1_12' title="bbox 331 1019 1898 1097">
     <span class='ocr_line' id='line_1_12' title="bbox 331 1019 1898 1097; baseline 0.003 -23"><span class='ocrx_word' id='word_1_70' title='bbox 331 1022 471 1088; x_wconf 87' lang='grc' dir='ltr'>σίαν,</span> <span class='ocrx_word' id='word_1_71' title='bbox 502 1022 568 1076; x_wconf 87' lang='grc' dir='ltr'>δι’</span> <span class='ocrx_word' id='word_1_72' title='bbox 595 1019 663 1094; x_wconf 77' lang='grc' dir='ltr'>ἧς</span> <span class='ocrx_word' id='word_1_73' title='bbox 690 1023 750 1076; x_wconf 86' lang='grc' dir='ltr'>τὸ</span> <span class='ocrx_word' id='word_1_74' title='bbox 778 1027 841 1078; x_wconf 83' lang='grc' dir='ltr'><strong>ὲκ</strong></span> <span class='ocrx_word' id='word_1_75' title='bbox 866 1026 966 1096; x_wconf 85' lang='grc' dir='ltr'>τῆς</span> <span class='ocrx_word' id='word_1_76' title='bbox 1008 1027 1192 1090; x_wconf 84' lang='grc' dir='ltr'>οὑσίας</span> <span class='ocrx_word' id='word_1_77' title='bbox 1224 1023 1360 1081; x_wconf 82' lang='grc' dir='ltr'>εἶναι</span> <span class='ocrx_word' id='word_1_78' title='bbox 1387 1027 1479 1080; x_wconf 84' lang='grc' dir='ltr'>τοῦ</span> <span class='ocrx_word' id='word_1_79' title='bbox 1513 1028 1898 1097; x_wconf 74' lang='grc' dir='ltr'>γεγεννηκότος</span> 
     </span>
    </p>
   </div>
   <div class='ocr_carea' id='block_1_13' title="bbox 332 1115 1898 1192">
    <p class='ocr_par' dir='ltr' id='par_1_13' title="bbox 332 1115 1898 1192">
     <span class='ocr_line' id='line_1_13' title="bbox 332 1115 1898 1192; baseline 0.003 -24"><span class='ocrx_word' id='word_1_80' title='bbox 332 1115 692 1186; x_wconf 83' lang='grc' dir='ltr'>μανθάνομεν,</span> <span class='ocrx_word' id='word_1_81' title='bbox 739 1118 875 1187; x_wconf 81' lang='grc' dir='ltr'>πρός</span> <span class='ocrx_word' id='word_1_82' title='bbox 920 1136 1041 1172; x_wconf 89' lang='grc' dir='ltr'>τινα</span> <span class='ocrx_word' id='word_1_83' title='bbox 1090 1121 1560 1192; x_wconf 86' lang='grc' dir='ltr'>Θεοπρεπεστέραν</span> <span class='ocrx_word' id='word_1_84' title='bbox 1606 1120 1898 1192; x_wconf 78' lang='grc' dir='ltr'>ἑρμηνείαν</span> 
     </span>
    </p>
   </div>
   <div class='ocr_carea' id='block_1_14' title="bbox 331 1203 1898 1280">
    <p class='ocr_par' dir='ltr' id='par_1_14' title="bbox 331 1203 1898 1280">
     <span class='ocr_line' id='line_1_14' title="bbox 331 1203 1898 1280; baseline 0.004 -24"><span class='ocrx_word' id='word_1_85' title='bbox 331 1203 699 1273; x_wconf 73' lang='grc' dir='ltr'>μεταλήψεται</span> <span class='ocrx_word' id='word_1_86' title='bbox 746 1205 962 1270; x_wconf 82' lang='grc' dir='ltr'>πάντως</span> <span class='ocrx_word' id='word_1_87' title='bbox 1008 1207 1068 1260; x_wconf 81' lang='grc' dir='ltr'>τὸ</span> <span class='ocrx_word' id='word_1_88' title='bbox 1111 1207 1299 1279; x_wconf 78' lang='grc' dir='ltr'>ὄνομα.</span> <span class='ocrx_word' id='word_1_89' title='bbox 1365 1210 1578 1280; x_wconf 77' lang='grc' dir='ltr'><strong>Ἐπειδὴ</strong></span> <span class='ocrx_word' id='word_1_90' title='bbox 1625 1209 1734 1280; x_wconf 83' lang='grc' dir='ltr'><strong>γάρ</strong></span> <span class='ocrx_word' id='word_1_91' title='bbox 1791 1209 1898 1263; x_wconf 87' lang='grc' dir='ltr'><strong>τῶν</strong></span> 
     </span>
    </p>
   </div>
   <div class='ocr_carea' id='block_1_15' title="bbox 327 1295 1900 1372">
    <p class='ocr_par' dir='ltr' id='par_1_15' title="bbox 327 1295 1900 1372">
     <span class='ocr_line' id='line_1_15' title="bbox 327 1295 1900 1372; baseline 0.004 -25"><span class='ocrx_word' id='word_1_92' title='bbox 327 1295 502 1348; x_wconf 83' lang='grc' dir='ltr'>ἄλλων</span> <span class='ocrx_word' id='word_1_93' title='bbox 524 1296 752 1349; x_wconf 80' lang='grc' dir='ltr'>ἑκάστου</span> <span class='ocrx_word' id='word_1_94' title='bbox 777 1297 910 1368; x_wconf 79' lang='grc' dir='ltr'>πρὸς</span> <span class='ocrx_word' id='word_1_95' title='bbox 931 1298 991 1350; x_wconf 78' lang='grc' dir='ltr'>τὸ</span> <span class='ocrx_word' id='word_1_96' title='bbox 1017 1299 1347 1371; x_wconf 76' lang='grc' dir='ltr'>ἐνδοξότερον</span> <span class='ocrx_word' id='word_1_97' title='bbox 1374 1303 1406 1370; x_wconf 88' lang='grc' dir='ltr'><strong>ή</strong></span> <span class='ocrx_word' id='word_1_98' title='bbox 1440 1300 1738 1372; x_wconf 75' lang='grc' dir='ltr'>μετάληψις</span> <span class='ocrx_word' id='word_1_99' title='bbox 1763 1317 1900 1369; x_wconf 76' lang='grc' dir='ltr'>γινοο</span> 
     </span>
    </p>
   </div>
   <div class='ocr_carea' id='block_1_16' title="bbox 330 1385 1895 1463">
    <p class='ocr_par' dir='ltr' id='par_1_16' title="bbox 330 1385 1895 1463">
     <span class='ocr_line' id='line_1_16' title="bbox 330 1385 1895 1463; baseline 0.006 -26"><span class='ocrx_word' id='word_1_100' title='bbox 330 1385 467 1456; x_wconf 86' lang='grc' dir='ltr'>μένη</span> <span class='ocrx_word' id='word_1_101' title='bbox 495 1387 630 1457; x_wconf 79' lang='grc' dir='ltr'>πρὸς</span> <span class='ocrx_word' id='word_1_102' title='bbox 657 1386 753 1457; x_wconf 81' lang='grc' dir='ltr'>τὴν</span> <span class='ocrx_word' id='word_1_103' title='bbox 784 1387 884 1456; x_wconf 84' lang='grc' dir='ltr'>τῆς</span> <span class='ocrx_word' id='word_1_104' title='bbox 911 1389 1058 1452; x_wconf 81' lang='grc' dir='ltr'>θείας</span> <span class='ocrx_word' id='word_1_105' title='bbox 1077 1391 1359 1461; x_wconf 88' lang='grc' dir='ltr'>δυνάμεως</span> <span class='ocrx_word' id='word_1_106' title='bbox 1390 1391 1610 1457; x_wconf 79' lang='grc' dir='ltr'>ἔνδειξιν</span> <span class='ocrx_word' id='word_1_107' title='bbox 1635 1393 1895 1463; x_wconf 77' lang='grc' dir='ltr'>ἥρμοσεν,</span> 
     </span>
    </p>
   </div>
   <div class='ocr_carea' id='block_1_17' title="bbox 325 1474 1898 1551">
    <p class='ocr_par' dir='ltr' id='par_1_17' title="bbox 325 1474 1898 1551">
     <span class='ocr_line' id='line_1_17' title="bbox 325 1474 1898 1551; baseline 0.004 -24"><span class='ocrx_word' id='word_1_108' title='bbox 325 1474 618 1528; x_wconf 81' lang='grc' dir='ltr'>ἀκόλουθον</span> <span class='ocrx_word' id='word_1_109' title='bbox 645 1477 859 1539; x_wconf 87' lang='grc' dir='ltr'>πάντως</span> <span class='ocrx_word' id='word_1_110' title='bbox 892 1477 1008 1530; x_wconf 75' lang='grc' dir='ltr'>ἐστὶ</span> <span class='ocrx_word' id='word_1_111' title='bbox 1041 1481 1132 1531; x_wconf 80' lang='grc' dir='ltr'>καὶ</span> <span class='ocrx_word' id='word_1_112' title='bbox 1160 1480 1346 1533; x_wconf 87' lang='grc' dir='ltr'>τούτου</span> <span class='ocrx_word' id='word_1_113' title='bbox 1383 1479 1478 1534; x_wconf 82' lang='grc' dir='ltr'>τοῦ</span> <span class='ocrx_word' id='word_1_114' title='bbox 1514 1482 1775 1551; x_wconf 84' lang='grc' dir='ltr'>ὀνόματος</span> <span class='ocrx_word' id='word_1_115' title='bbox 1807 1482 1898 1534; x_wconf 72' lang='grc' dir='ltr'>ἐπὶ</span> 
     </span>
    </p>
   </div>
   <div class='ocr_carea' id='block_1_18' title="bbox 329 1565 1898 1641">
    <p class='ocr_par' dir='ltr' id='par_1_18' title="bbox 329 1565 1898 1641">
     <span class='ocr_line' id='line_1_18' title="bbox 329 1565 1898 1641; baseline 0.004 -25"><span class='ocrx_word' id='word_1_116' title='bbox 329 1567 387 1617; x_wconf 81' lang='grc' dir='ltr'><strong>τὸ</strong></span> <span class='ocrx_word' id='word_1_117' title='bbox 428 1565 755 1637; x_wconf 79' lang='grc' dir='ltr'>ὑψηλότερον</span> <span class='ocrx_word' id='word_1_118' title='bbox 801 1569 1184 1640; x_wconf 76' lang='grc' dir='ltr'>μετενεχθῆναι</span> <span class='ocrx_word' id='word_1_119' title='bbox 1228 1571 1288 1623; x_wconf 82' lang='grc' dir='ltr'><strong>τὸ</strong></span> <span class='ocrx_word' id='word_1_120' title='bbox 1341 1571 1756 1641; x_wconf 85' lang='grc' dir='ltr'>σημαινόμενον.</span> <span class='ocrx_word' id='word_1_121' title='bbox 1802 1572 1898 1634; x_wconf 90' lang='grc' dir='ltr'><strong>Τίς</strong></span> 
     </span>
    </p>
   </div>
   <div class='ocr_carea' id='block_1_19' title="bbox 327 1653 1895 1734">
    <p class='ocr_par' dir='ltr' id='par_1_19' title="bbox 327 1653 1895 1734">
     <span class='ocr_line' id='line_1_19' title="bbox 327 1653 1895 1734; baseline 0.004 -24"><span class='ocrx_word' id='word_1_122' title='bbox 327 1657 394 1710; x_wconf 82' lang='grc' dir='ltr'>ἂν</span> <span class='ocrx_word' id='word_1_123' title='bbox 440 1653 533 1712; x_wconf 81' lang='grc' dir='ltr'><strong>οὖν</strong></span> <span class='ocrx_word' id='word_1_124' title='bbox 581 1657 790 1725; x_wconf 83' lang='grc' dir='ltr'>γένοιτο</span> <span class='ocrx_word' id='word_1_125' title='bbox 833 1659 1270 1733; x_wconf 83' lang='grc' dir='ltr'>θεοπρεπεστέρα</span> <span class='ocrx_word' id='word_1_126' title='bbox 1299 1663 1503 1717; x_wconf 86' lang='grc' dir='ltr'>διάνοια</span> <span class='ocrx_word' id='word_1_127' title='bbox 1540 1665 1631 1716; x_wconf 76' lang='grc' dir='ltr'><strong>ἐπὶ</strong></span> <span class='ocrx_word' id='word_1_128' title='bbox 1675 1663 1776 1734; x_wconf 83' lang='grc' dir='ltr'>τῆς</span> <span class='ocrx_word' id='word_1_129' title='bbox 1802 1663 1895 1716; x_wconf 82' lang='grc' dir='ltr'>τοῦ</span> 
     </span>
    </p>
   </div>
   <div class='ocr_carea' id='block_1_20' title="bbox 327 1747 1896 1824">
    <p class='ocr_par' dir='ltr' id='par_1_20' title="bbox 327 1747 1896 1824">
     <span class='ocr_line' id='line_1_20' title="bbox 327 1747 1896 1824; baseline 0.006 -24"><span class='ocrx_word' id='word_1_130' title='bbox 327 1747 458 1801; x_wconf 88' lang='grc' dir='ltr'><strong>Υἱοῦ</strong></span> <span class='ocrx_word' id='word_1_131' title='bbox 505 1751 893 1820; x_wconf 83' lang='grc' dir='ltr'>προσηγορίας,</span> <span class='ocrx_word' id='word_1_132' title='bbox 940 1753 988 1803; x_wconf 86' lang='grc' dir='ltr'><strong>εί</strong></span> <span class='ocrx_word' id='word_1_133' title='bbox 1033 1753 1274 1806; x_wconf 86' lang='grc' dir='ltr'>άθετοῖτο</span> <span class='ocrx_word' id='word_1_134' title='bbox 1307 1755 1446 1808; x_wconf 80' lang='grc' dir='ltr'>κατὰ</span> <span class='ocrx_word' id='word_1_135' title='bbox 1475 1756 1565 1808; x_wconf 83' lang='grc' dir='ltr'><strong>τὸν</strong></span> <span class='ocrx_word' id='word_1_136' title='bbox 1602 1756 1758 1824; x_wconf 85' lang='grc' dir='ltr'>λόγον</span> <span class='ocrx_word' id='word_1_137' title='bbox 1787 1756 1896 1809; x_wconf 82' lang='grc' dir='ltr'><strong>τῶν</strong></span> 
     </span>
    </p>
   </div>
   <div class='ocr_carea' id='block_1_21' title="bbox 327 1842 1893 1920">
    <p class='ocr_par' dir='ltr' id='par_1_21' title="bbox 327 1842 1893 1920">
     <span class='ocr_line' id='line_1_21' title="bbox 327 1842 1893 1920; baseline 0.007 -28"><span class='ocrx_word' id='word_1_138' title='bbox 327 1842 661 1894; x_wconf 84' lang='grc' dir='ltr'>ὑπεναντίων</span> <span class='ocrx_word' id='word_1_139' title='bbox 690 1843 722 1913; x_wconf 87' lang='grc' dir='ltr'><strong>ή</strong></span> <span class='ocrx_word' id='word_1_140' title='bbox 749 1843 952 1915; x_wconf 83' lang='grc' dir='ltr'>φυσική</span> <span class='ocrx_word' id='word_1_141' title='bbox 989 1845 1122 1916; x_wconf 80' lang='grc' dir='ltr'>πρὸς</span> <span class='ocrx_word' id='word_1_142' title='bbox 1163 1847 1255 1900; x_wconf 88' lang='grc' dir='ltr'><strong>τὸν</strong></span> <span class='ocrx_word' id='word_1_143' title='bbox 1303 1849 1637 1920; x_wconf 79' lang='grc' dir='ltr'>γεννήσαντα</span> <span class='ocrx_word' id='word_1_144' title='bbox 1669 1848 1850 1920; x_wconf 82' lang='grc' dir='ltr'>σχέσις</span> <span class='ocrx_word' id='word_1_145' title='bbox 1879 1866 1893 1915; x_wconf 91' lang='grc'><strong>;</strong></span> 
     </span>
    </p>
   </div>
   <div class='ocr_carea' id='block_1_22' title="bbox 328 1931 1897 2010">
    <p class='ocr_par' dir='ltr' id='par_1_22' title="bbox 328 1931 1897 2010">
     <span class='ocr_line' id='line_1_22' title="bbox 328 1931 1897 2010; baseline 0.005 -26"><span class='ocrx_word' id='word_1_146' title='bbox 328 1931 484 2002; x_wconf 84' lang='grc' dir='ltr'><strong>Τάχα</strong></span> <span class='ocrx_word' id='word_1_147' title='bbox 512 1933 620 2002; x_wconf 80' lang='grc' dir='ltr'>γὰρ</span> <span class='ocrx_word' id='word_1_148' title='bbox 644 1933 816 1996; x_wconf 77' lang='grc' dir='ltr'>οὕτως</span> <span class='ocrx_word' id='word_1_149' title='bbox 844 1936 1018 1999; x_wconf 77' lang='grc' dir='ltr'>οὐδεὶς</span> <span class='ocrx_word' id='word_1_150' title='bbox 1059 1937 1194 2006; x_wconf 87' lang='grc' dir='ltr'>πρὸς</span> <span class='ocrx_word' id='word_1_151' title='bbox 1222 1939 1473 1990; x_wconf 86' lang='grc' dir='ltr'>ἀσέϐειαν</span> <span class='ocrx_word' id='word_1_152' title='bbox 1500 1939 1789 2010; x_wconf 78' lang='grc' dir='ltr'>τολμηρὸς.</span> <span class='ocrx_word' id='word_1_153' title='bbox 1822 1939 1897 2002; x_wconf 87' lang='grc' dir='ltr'>ὼς</span> 
     </span>
    </p>
   </div>
   <div class='ocr_carea' id='block_1_23' title="bbox 326 2026 1899 2096">
    <p class='ocr_par' dir='ltr' id='par_1_23' title="bbox 326 2026 1899 2096">
     <span class='ocr_line' id='line_1_23' title="bbox 326 2026 1899 2096; baseline 0.004 -20"><span class='ocrx_word' id='word_1_154' title='bbox 326 2026 383 2076; x_wconf 81' lang='grc' dir='ltr'>ἐν</span> <span class='ocrx_word' id='word_1_155' title='bbox 409 2028 520 2087; x_wconf 87' lang='grc' dir='ltr'>τοῖς</span> <span class='ocrx_word' id='word_1_156' title='bbox 546 2026 672 2096; x_wconf 76' lang='grc' dir='ltr'>περὶ</span> <span class='ocrx_word' id='word_1_157' title='bbox 701 2026 799 2094; x_wconf 81' lang='grc' dir='ltr'>τῆς</span> <span class='ocrx_word' id='word_1_158' title='bbox 827 2026 976 2090; x_wconf 87' lang='grc' dir='ltr'>θείας</span> <span class='ocrx_word' id='word_1_159' title='bbox 1003 2026 1216 2096; x_wconf 84' lang='grc' dir='ltr'>φύσεως</span> <span class='ocrx_word' id='word_1_160' title='bbox 1245 2029 1423 2096; x_wconf 84' lang='grc' dir='ltr'>λόγοις</span> <span class='ocrx_word' id='word_1_161' title='bbox 1447 2030 1510 2082; x_wconf 83' lang='grc' dir='ltr'>τὸ</span> <span class='ocrx_word' id='word_1_162' title='bbox 1530 2029 1782 2084; x_wconf 80' lang='grc' dir='ltr'>ταπεινὸν</span> <span class='ocrx_word' id='word_1_163' title='bbox 1805 2030 1899 2082; x_wconf 68' lang='grc' dir='ltr'><strong>καὶ</strong></span> 
     </span>
    </p>
   </div>
   <div class='ocr_carea' id='block_1_24' title="bbox 328 2114 1898 2192">
    <p class='ocr_par' dir='ltr' id='par_1_24' title="bbox 328 2114 1898 2192">
     <span class='ocr_line' id='line_1_24' title="bbox 328 2114 1898 2192; baseline 0.004 -24"><span class='ocrx_word' id='word_1_164' title='bbox 328 2114 662 2185; x_wconf 77' lang='grc' dir='ltr'>χαμαίζηλον</span> <span class='ocrx_word' id='word_1_165' title='bbox 692 2115 800 2169; x_wconf 89' lang='grc' dir='ltr'><strong>τῶν</strong></span> <span class='ocrx_word' id='word_1_166' title='bbox 839 2116 1056 2188; x_wconf 83' lang='grc' dir='ltr'>ὑψηλῶν</span> <span class='ocrx_word' id='word_1_167' title='bbox 1082 2136 1141 2170; x_wconf 92' lang='grc' dir='ltr'><strong>τε</strong></span> <span class='ocrx_word' id='word_1_168' title='bbox 1171 2119 1264 2172; x_wconf 80' lang='grc' dir='ltr'>καὶ</span> <span class='ocrx_word' id='word_1_169' title='bbox 1291 2121 1536 2190; x_wconf 82' lang='grc' dir='ltr'>μεγάλων</span> <span class='ocrx_word' id='word_1_170' title='bbox 1568 2121 1898 2192; x_wconf 83' lang='grc' dir='ltr'>ἁρμοδιώτε-</span> 
     </span>
    </p>
   </div>
   <div class='ocr_carea' id='block_1_25' title="bbox 330 2206 1900 2280">
    <p class='ocr_par' dir='ltr' id='par_1_25' title="bbox 330 2206 1900 2280">
     <span class='ocr_line' id='line_1_25' title="bbox 330 2206 1900 2280; baseline 0.003 -23"><span class='ocrx_word' id='word_1_171' title='bbox 330 2223 422 2277; x_wconf 93' lang='grc' dir='ltr'><strong>ρον</strong></span> <span class='ocrx_word' id='word_1_172' title='bbox 447 2206 669 2259; x_wconf 81' lang='grc' dir='ltr'>οῖεσθαι.</span> <span class='ocrx_word' id='word_1_173' title='bbox 719 2206 926 2260; x_wconf 84' lang='grc' dir='ltr'>Οὐκοῦν</span> <span class='ocrx_word' id='word_1_174' title='bbox 970 2209 1018 2261; x_wconf 83' lang='grc' dir='ltr'><strong>εί</strong></span> <span class='ocrx_word' id='word_1_175' title='bbox 1051 2207 1148 2277; x_wconf 90' lang='grc' dir='ltr'><strong>μέν</strong></span> <span class='ocrx_word' id='word_1_176' title='bbox 1181 2225 1301 2261; x_wconf 91' lang='grc' dir='ltr'>τινα</span> <span class='ocrx_word' id='word_1_177' title='bbox 1331 2209 1533 2278; x_wconf 84' lang='grc' dir='ltr'>ταύτης</span> <span class='ocrx_word' id='word_1_178' title='bbox 1563 2210 1900 2280; x_wconf 83' lang='grc' dir='ltr'>μεγαλοφυε-</span> 
     </span>
    </p>
   </div>
   <div class='ocr_carea' id='block_1_26' title="bbox 328 2296 1896 2369">
    <p class='ocr_par' dir='ltr' id='par_1_26' title="bbox 328 2296 1896 2369">
     <span class='ocr_line' id='line_1_26' title="bbox 328 2296 1896 2369; baseline 0.003 -20"><span class='ocrx_word' id='word_1_179' title='bbox 328 2297 526 2367; x_wconf 83' lang='grc' dir='ltr'>στέραν</span> <span class='ocrx_word' id='word_1_180' title='bbox 550 2296 788 2351; x_wconf 86' lang='grc' dir='ltr'>διάνοιαν</span> <span class='ocrx_word' id='word_1_181' title='bbox 823 2298 1244 2369; x_wconf 80' lang='grc' dir='ltr'>ἐξευρίσκουσιν,</span> <span class='ocrx_word' id='word_1_182' title='bbox 1288 2299 1363 2361; x_wconf 89' lang='grc' dir='ltr'>ὡς</span> <span class='ocrx_word' id='word_1_183' title='bbox 1388 2300 1602 2364; x_wconf 81' lang='grc' dir='ltr'>ἀνάξιον</span> <span class='ocrx_word' id='word_1_184' title='bbox 1631 2296 1770 2354; x_wconf 80' lang='grc' dir='ltr'>εἶναι</span> <span class='ocrx_word' id='word_1_185' title='bbox 1813 2300 1896 2353; x_wconf 78' lang='grc' dir='ltr'>δο-</span> 
     </span>
    </p>
   </div>
   <div class='ocr_carea' id='block_1_27' title="bbox 327 2374 1895 2461">
    <p class='ocr_par' dir='ltr' id='par_1_27' title="bbox 327 2374 1895 2461">
     <span class='ocr_line' id='line_1_27' title="bbox 327 2374 1895 2461; baseline 0.003 -21"><span class='ocrx_word' id='word_1_186' title='bbox 327 2390 444 2440; x_wconf 84' lang='grc' dir='ltr'>κεῖν</span> <span class='ocrx_word' id='word_1_187' title='bbox 479 2388 606 2458; x_wconf 81' lang='grc' dir='ltr'>περὶ</span> <span class='ocrx_word' id='word_1_188' title='bbox 625 2374 718 2442; x_wconf 73' lang='grc' dir='ltr'><strong>τού</strong></span> <span class='ocrx_word' id='word_1_189' title='bbox 745 2389 1078 2458; x_wconf 87' lang='grc' dir='ltr'>Μονογενοῠς</span> <span class='ocrx_word' id='word_1_190' title='bbox 1099 2393 1260 2454; x_wconf 85' lang='grc' dir='ltr'>νοεῖν,</span> <span class='ocrx_word' id='word_1_191' title='bbox 1278 2391 1338 2444; x_wconf 84' lang='grc' dir='ltr'><strong>τὸ</strong></span> <span class='ocrx_word' id='word_1_192' title='bbox 1363 2392 1427 2444; x_wconf 78' lang='grc' dir='ltr'>ἐκ</span> <span class='ocrx_word' id='word_1_193' title='bbox 1443 2392 1542 2461; x_wconf 82' lang='grc' dir='ltr'>τῆς</span> <span class='ocrx_word' id='word_1_194' title='bbox 1565 2391 1778 2460; x_wconf 74' lang='grc' dir='ltr'>φύσεως</span> <span class='ocrx_word' id='word_1_195' title='bbox 1801 2391 1895 2444; x_wconf 79' lang='grc' dir='ltr'>τοῦ</span> 
     </span>
    </p>
   </div>
   <div class='ocr_carea' id='block_1_28' title="bbox 330 2476 1897 2554">
    <p class='ocr_par' dir='ltr' id='par_1_28' title="bbox 330 2476 1897 2554">
     <span class='ocr_line' id='line_1_28' title="bbox 330 2476 1897 2554; baseline 0.002 -21"><span class='ocrx_word' id='word_1_196' title='bbox 330 2481 541 2551; x_wconf 78' lang='grc' dir='ltr'>Πατρδς</span> <span class='ocrx_word' id='word_1_197' title='bbox 572 2476 731 2543; x_wconf 75' lang='grc' dir='ltr'>εἶναι,</span> <span class='ocrx_word' id='word_1_198' title='bbox 758 2482 1066 2535; x_wconf 78' lang='grc' dir='ltr'>εἰπάτωσαν</span> <span class='ocrx_word' id='word_1_199' title='bbox 1100 2483 1151 2535; x_wconf 80' lang='grc' dir='ltr'><strong>εί</strong></span> <span class='ocrx_word' id='word_1_200' title='bbox 1177 2500 1226 2535; x_wconf 90' lang='grc' dir='ltr'><strong>τι</strong></span> <span class='ocrx_word' id='word_1_201' title='bbox 1257 2481 1606 2551; x_wconf 77' lang='grc' dir='ltr'>γινώσκουσι,</span> <span class='ocrx_word' id='word_1_202' title='bbox 1636 2483 1775 2536; x_wconf 78' lang='grc' dir='ltr'>κατὰ</span> <span class='ocrx_word' id='word_1_203' title='bbox 1797 2483 1897 2554; x_wconf 78' lang='grc' dir='ltr'>τὴν</span> 
     </span>
    </p>
   </div>
   <div class='ocr_carea' id='block_1_29' title="bbox 329 2568 1898 2643">
    <p class='ocr_par' dir='ltr' id='par_1_29' title="bbox 329 2568 1898 2643">
     <span class='ocr_line' id='line_1_29' title="bbox 329 2568 1898 2643; baseline 0.002 -22"><span class='ocrx_word' id='word_1_204' title='bbox 329 2569 638 2642; x_wconf 72' lang='grc' dir='ltr'>ἀπόρρητον</span> <span class='ocrx_word' id='word_1_205' title='bbox 662 2568 838 2622; x_wconf 83' lang='grc' dir='ltr'>αὐτῶν</span> <span class='ocrx_word' id='word_1_206' title='bbox 871 2571 1058 2639; x_wconf 86' lang='grc' dir='ltr'>σοφίαν</span> <span class='ocrx_word' id='word_1_207' title='bbox 1090 2571 1186 2641; x_wconf 80' lang='grc' dir='ltr'>τῆς</span> <span class='ocrx_word' id='word_1_208' title='bbox 1214 2573 1484 2643; x_wconf 82' lang='grc' dir='ltr'>πατρικῆς</span> <span class='ocrx_word' id='word_1_209' title='bbox 1519 2571 1730 2641; x_wconf 77' lang='grc' dir='ltr'>φύσεως</span> <span class='ocrx_word' id='word_1_210' title='bbox 1759 2571 1898 2641; x_wconf 76' lang='grc' dir='ltr'>ὑψη-</span> 
     </span>
    </p>
   </div>
   <div class='ocr_carea' id='block_1_30' title="bbox 330 2659 1898 2732">
    <p class='ocr_par' dir='ltr' id='par_1_30' title="bbox 330 2659 1898 2732">
     <span class='ocr_line' id='line_1_30' title="bbox 330 2659 1898 2732; baseline 0.004 -22"><span class='ocrx_word' id='word_1_211' title='bbox 330 2663 548 2730; x_wconf 79' lang='grc' dir='ltr'>λότερον</span> <span class='ocrx_word' id='word_1_212' title='bbox 571 2677 585 2691; x_wconf 91' lang='grc'><strong>·</strong></span> <span class='ocrx_word' id='word_1_213' title='bbox 619 2659 759 2713; x_wconf 82' lang='grc' dir='ltr'>ὥστε</span> <span class='ocrx_word' id='word_1_214' title='bbox 797 2661 931 2731; x_wconf 81' lang='grc' dir='ltr'>πρὸς</span> <span class='ocrx_word' id='word_1_215' title='bbox 965 2662 1139 2714; x_wconf 76' lang='grc' dir='ltr'>ἐκεῖνο</span> <span class='ocrx_word' id='word_1_216' title='bbox 1169 2662 1260 2726; x_wconf 75' lang='grc' dir='ltr'><strong>τὸν</strong></span> <span class='ocrx_word' id='word_1_217' title='bbox 1311 2664 1569 2732; x_wconf 84' lang='grc' dir='ltr'>μονογενῆ</span> <span class='ocrx_word' id='word_1_218' title='bbox 1618 2663 1749 2716; x_wconf 77' lang='grc' dir='ltr'>Θεὸν</span> <span class='ocrx_word' id='word_1_219' title='bbox 1801 2666 1898 2716; x_wconf 79' lang='grc' dir='ltr'><strong>ἐπ-</strong></span> 
     </span>
    </p>
   </div>
   <div class='ocr_carea' id='block_1_31' title="bbox 291 2751 1898 2825">
    <p class='ocr_par' dir='ltr' id='par_1_31' title="bbox 291 2751 1898 2825">
     <span class='ocr_line' id='line_1_31' title="bbox 291 2751 1898 2825; baseline 0.001 -21"><span class='ocrx_word' id='word_1_220' title='bbox 291 2792 294 2796; x_wconf 87' lang='grc'>.</span> <span class='ocrx_word' id='word_1_221' title='bbox 333 2751 592 2822; x_wconf 87' lang='grc' dir='ltr'>άραντας,</span> <span class='ocrx_word' id='word_1_222' title='bbox 627 2751 725 2818; x_wconf 78' lang='grc' dir='ltr'>τῆς</span> <span class='ocrx_word' id='word_1_223' title='bbox 752 2752 884 2820; x_wconf 82' lang='grc' dir='ltr'>πρὸς</span> <span class='ocrx_word' id='word_1_224' title='bbox 909 2751 998 2804; x_wconf 85' lang='grc' dir='ltr'><strong>τὸν</strong></span> <span class='ocrx_word' id='word_1_225' title='bbox 1034 2752 1250 2822; x_wconf 85' lang='grc' dir='ltr'>Πατέρα</span> <span class='ocrx_word' id='word_1_226' title='bbox 1282 2753 1516 2822; x_wconf 86' lang='grc' dir='ltr'>σχέσεως</span> <span class='ocrx_word' id='word_1_227' title='bbox 1546 2753 1704 2806; x_wconf 73' lang='grc' dir='ltr'>αὑτὸν</span> <span class='ocrx_word' id='word_1_228' title='bbox 1732 2755 1898 2825; x_wconf 83' lang='grc' dir='ltr'>ὑπερ-</span> 
     </span>
    </p>
   </div>
   <div class='ocr_carea' id='block_1_32' title="bbox 332 2841 1899 2914">
    <p class='ocr_par' dir='ltr' id='par_1_32' title="bbox 332 2841 1899 2914">
     <span class='ocr_line' id='line_1_32' title="bbox 332 2841 1899 2914; baseline 0.003 -19"><span class='ocrx_word' id='word_1_229' title='bbox 332 2844 484 2912; x_wconf 85' lang='grc' dir='ltr'>ᾶραι.</span> <span class='ocrx_word' id='word_1_230' title='bbox 539 2843 603 2894; x_wconf 77' lang='grc' dir='ltr'><strong>Εἰ</strong></span> <span class='ocrx_word' id='word_1_231' title='bbox 645 2841 700 2894; x_wconf 82' lang='grc' dir='ltr'>δὲ</span> <span class='ocrx_word' id='word_1_232' title='bbox 744 2841 944 2904; x_wconf 83' lang='grc' dir='ltr'>παντὸς</span> <span class='ocrx_word' id='word_1_233' title='bbox 982 2842 1146 2910; x_wconf 78' lang='grc' dir='ltr'>ὕψους</span> <span class='ocrx_word' id='word_1_234' title='bbox 1191 2844 1530 2914; x_wconf 83' lang='grc' dir='ltr'>ὑπέρκειται,</span> <span class='ocrx_word' id='word_1_235' title='bbox 1581 2845 1672 2898; x_wconf 57' lang='grc' dir='ltr'><strong>καὶ⁸</strong></span> <span class='ocrx_word' id='word_1_236' title='bbox 1719 2847 1899 2899; x_wconf 77' lang='grc' dir='ltr'>πᾶσαν</span> 
     </span>
    </p>
   </div>
   <div class='ocr_carea' id='block_1_33' title="bbox 329 2931 1899 3004">
    <p class='ocr_par' dir='ltr' id='par_1_33' title="bbox 329 2931 1899 3004">
     <span class='ocr_line' id='line_1_33' title="bbox 329 2931 1899 3004; baseline 0.002 -18"><span class='ocrx_word' id='word_1_237' title='bbox 329 2932 562 3001; x_wconf 83' lang='grc' dir='ltr'>δύναμιν</span> <span class='ocrx_word' id='word_1_238' title='bbox 605 2931 974 3002; x_wconf 81' lang='grc' dir='ltr'>θαυμαστικὴν</span> <span class='ocrx_word' id='word_1_239' title='bbox 1017 2932 1330 3003; x_wconf 88' lang='grc' dir='ltr'>ὑπερϐαίνει</span> <span class='ocrx_word' id='word_1_240' title='bbox 1361 2934 1456 3004; x_wconf 83' lang='grc' dir='ltr'>τῆς</span> <span class='ocrx_word' id='word_1_241' title='bbox 1478 2934 1623 2998; x_wconf 83' lang='grc' dir='ltr'>θείας</span> <span class='ocrx_word' id='word_1_242' title='bbox 1688 2936 1899 3004; x_wconf 68' lang='grc' dir='ltr'><strong>φύσεως¹</strong></span> 
     </span>
    </p>
   </div>
   <div class='ocr_carea' id='block_1_34' title="bbox 1998 477 3577 552">
    <p class='ocr_par' dir='ltr' id='par_1_34' title="bbox 1998 477 3577 552">
     <span class='ocr_line' id='line_1_34' title="bbox 1998 477 3577 552; baseline 0.004 -20"><span class='ocrx_word' id='word_1_243' title='bbox 1998 477 2247 545; x_wconf 90' lang='lat' dir='ltr'><strong>subjecto</strong></span> <span class='ocrx_word' id='word_1_244' title='bbox 2292 485 2480 531; x_wconf 89' lang='lat' dir='ltr'><strong>mutuo</strong></span> <span class='ocrx_word' id='word_1_245' title='bbox 2528 479 2949 547; x_wconf 84' lang='lat' dir='ltr'><strong>respondentem</strong></span> <span class='ocrx_word' id='word_1_246' title='bbox 2993 489 3046 536; x_wconf 90' lang='lat' dir='ltr'><strong>et</strong></span> <span class='ocrx_word' id='word_1_247' title='bbox 3080 490 3467 552; x_wconf 85' lang='lat' dir='ltr'><strong>congruentem</strong></span> <span class='ocrx_word' id='word_1_248' title='bbox 3497 485 3577 539; x_wconf 88' lang='lat' dir='ltr'><strong>in-</strong></span> 
     </span>
    </p>
   </div>
   <div class='ocr_carea' id='block_1_35' title="bbox 1998 569 3575 639">
    <p class='ocr_par' dir='ltr' id='par_1_35' title="bbox 1998 569 3575 639">
     <span class='ocr_line' id='line_1_35' title="bbox 1998 569 3575 639; baseline 0.005 -17"><span class='ocrx_word' id='word_1_249' title='bbox 1998 571 2227 637; x_wconf 83' lang='lat' dir='ltr'><strong>spicere,</strong></span> <span class='ocrx_word' id='word_1_250' title='bbox 2252 583 2319 623; x_wconf 89' lang='lat' dir='ltr'><strong>ne</strong></span> <span class='ocrx_word' id='word_1_251' title='bbox 2349 583 2377 621; x_wconf 93' lang='lat' dir='ltr'><strong>a</strong></span> <span class='ocrx_word' id='word_1_252' title='bbox 2428 575 2574 622; x_wconf 86' lang='lat' dir='ltr'><strong>recta</strong></span> <span class='ocrx_word' id='word_1_253' title='bbox 2613 569 2968 639; x_wconf 87' lang='lat' dir='ltr'><strong>intelligentia</strong></span> <span class='ocrx_word' id='word_1_254' title='bbox 3010 571 3327 628; x_wconf 83' lang='lat' dir='ltr'><strong>aberrantes</strong></span> <span class='ocrx_word' id='word_1_255' title='bbox 3362 574 3416 628; x_wconf 93' lang='lat' dir='ltr'><strong>in</strong></span> <span class='ocrx_word' id='word_1_256' title='bbox 3458 591 3575 630; x_wconf 83' lang='lat' dir='ltr'><strong>ser-</strong></span> 
     </span>
    </p>
   </div>
   <div class='ocr_carea' id='block_1_36' title="bbox 1998 657 3576 734">
    <p class='ocr_par' dir='ltr' id='par_1_36' title="bbox 1998 657 3576 734">
     <span class='ocr_line' id='line_1_36' title="bbox 1998 657 3576 734; baseline 0.006 -24"><span class='ocrx_word' id='word_1_257' title='bbox 1998 671 2211 711; x_wconf 90' lang='lat' dir='ltr'><strong>monem</strong></span> <span class='ocrx_word' id='word_1_258' title='bbox 2257 657 2470 726; x_wconf 90' lang='lat' dir='ltr'><strong>pietatis</strong></span> <span class='ocrx_word' id='word_1_259' title='bbox 2522 673 2827 727; x_wconf 88' lang='lat' dir='ltr'><strong>peccemus.</strong></span> <span class='ocrx_word' id='word_1_260' title='bbox 2883 659 3350 725; x_wconf 85' lang='lat' dir='ltr'><strong>Quemadmodum</strong></span> <span class='ocrx_word' id='word_1_261' title='bbox 3409 665 3576 734; x_wconf 79' lang='lat' dir='ltr'><strong>igitur</strong></span> 
     </span>
    </p>
   </div>
   <div class='ocr_carea' id='block_1_37' title="bbox 1998 741 3571 841">
    <p class='ocr_par' dir='ltr' id='par_1_37' title="bbox 1998 741 3571 841">
     <span class='ocr_line' id='line_1_37' title="bbox 1998 741 3571 841; baseline 0.006 -40"><span class='ocrx_word' id='word_1_262' title='bbox 1998 749 2226 803; x_wconf 91' lang='lat' dir='ltr'><strong>aliorum</strong></span> <span class='ocrx_word' id='word_1_263' title='bbox 2267 749 2547 803; x_wconf 89' lang='lat' dir='ltr'><strong>nominum</strong></span> <span class='ocrx_word' id='word_1_264' title='bbox 2582 741 3005 819; x_wconf 76' lang='lat' dir='ltr'><strong>unumquodque</strong></span> <span class='ocrx_word' id='word_1_265' title='bbox 3039 753 3102 806; x_wconf 85' lang='lat' dir='ltr'><strong>ad</strong></span> <span class='ocrx_word' id='word_1_266' title='bbox 3146 753 3196 806; x_wconf 84' lang='lat' dir='ltr'><strong>id</strong></span> <span class='ocrx_word' id='word_1_267' title='bbox 3229 755 3372 819; x_wconf 85' lang='lat' dir='ltr'><strong>quod</strong></span> <span class='ocrx_word' id='word_1_268' title='bbox 3404 755 3571 841; x_wconf 68' lang='lat' dir='ltr'><strong>Deum</strong></span> 
     </span>
    </p>
   </div>
   <div class='ocr_carea' id='block_1_38' title="bbox 1997 841 3576 918">
    <p class='ocr_par' dir='ltr' id='par_1_38' title="bbox 1997 841 3576 918">
     <span class='ocr_line' id='line_1_38' title="bbox 1997 841 3576 918; baseline 0.004 -23"><span class='ocrx_word' id='word_1_269' title='bbox 1997 841 2153 896; x_wconf 89' lang='lat' dir='ltr'><strong>decet</strong></span> <span class='ocrx_word' id='word_1_270' title='bbox 2205 857 2328 896; x_wconf 92' lang='lat' dir='ltr'><strong>cum</strong></span> <span class='ocrx_word' id='word_1_271' title='bbox 2383 841 2842 904; x_wconf 89' lang='lat' dir='ltr'><strong>transtulerimus,</strong></span> <span class='ocrx_word' id='word_1_272' title='bbox 2879 843 3052 910; x_wconf 87' lang='lat' dir='ltr'><strong>prima</strong></span> <span class='ocrx_word' id='word_1_273' title='bbox 3094 847 3275 914; x_wconf 82' lang='lat' dir='ltr'><strong>specie</strong></span> <span class='ocrx_word' id='word_1_274' title='bbox 3328 847 3381 900; x_wconf 95' lang='lat' dir='ltr'><strong>in</strong></span> <span class='ocrx_word' id='word_1_275' title='bbox 3439 847 3576 918; x_wconf 90' lang='lat' dir='ltr'><strong>ipsis</strong></span> 
     </span>
    </p>
   </div>
   <div class='ocr_carea' id='block_1_39' title="bbox 1999 932 3576 1006">
    <p class='ocr_par' dir='ltr' id='par_1_39' title="bbox 1999 932 3576 1006">
     <span class='ocr_line' id='line_1_39' title="bbox 1999 932 3576 1006; baseline 0.004 -20"><span class='ocrx_word' id='word_1_276' title='bbox 1999 939 2346 1003; x_wconf 88' lang='lat' dir='ltr'><strong>apparentem</strong></span> <span class='ocrx_word' id='word_1_277' title='bbox 2378 932 2654 985; x_wconf 89' lang='lat' dir='ltr'><strong>notionem</strong></span> <span class='ocrx_word' id='word_1_278' title='bbox 2685 934 3021 1001; x_wconf 89' lang='lat' dir='ltr'><strong>spernimus,</strong></span> <span class='ocrx_word' id='word_1_279' title='bbox 3061 936 3133 988; x_wconf 89' lang='lat' dir='ltr'><strong>ita</strong></span> <span class='ocrx_word' id='word_1_280' title='bbox 3178 945 3235 989; x_wconf 90' lang='lat' dir='ltr'><strong>ut</strong></span> <span class='ocrx_word' id='word_1_281' title='bbox 3286 953 3462 1006; x_wconf 85' lang='lat' dir='ltr'><strong>neque</strong></span> <span class='ocrx_word' id='word_1_282' title='bbox 3499 939 3576 992; x_wconf 84' lang='lat' dir='ltr'><strong>lu-</strong></span> 
     </span>
    </p>
   </div>
   <div class='ocr_carea' id='block_1_40' title="bbox 1999 1025 3572 1096">
    <p class='ocr_par' dir='ltr' id='par_1_40' title="bbox 1999 1025 3572 1096">
     <span class='ocr_line' id='line_1_40' title="bbox 1999 1025 3572 1096; baseline 0.003 -16"><span class='ocrx_word' id='word_1_283' title='bbox 1999 1041 2113 1080; x_wconf 89' lang='lat' dir='ltr'><strong>cem</strong></span> <span class='ocrx_word' id='word_1_284' title='bbox 2146 1025 2503 1089; x_wconf 89' lang='lat' dir='ltr'><strong>materialem,</strong></span> <span class='ocrx_word' id='word_1_285' title='bbox 2536 1041 2710 1095; x_wconf 90' lang='lat' dir='ltr'><strong>neque</strong></span> <span class='ocrx_word' id='word_1_286' title='bbox 2737 1025 2877 1079; x_wconf 90' lang='lat' dir='ltr'><strong>viam</strong></span> <span class='ocrx_word' id='word_1_287' title='bbox 2911 1043 3030 1096; x_wconf 71' lang='lat' dir='ltr'><strong>qua:</strong></span> <span class='ocrx_word' id='word_1_288' title='bbox 3057 1028 3281 1096; x_wconf 86' lang='lat' dir='ltr'><strong>pedibus</strong></span> <span class='ocrx_word' id='word_1_289' title='bbox 3309 1031 3572 1094; x_wconf 89' lang='lat' dir='ltr'><strong>calcatur,</strong></span> 
     </span>
    </p>
   </div>
   <div class='ocr_carea' id='block_1_41' title="bbox 1997 1117 3576 1192">
    <p class='ocr_par' dir='ltr' id='par_1_41' title="bbox 1997 1117 3576 1192">
     <span class='ocr_line' id='line_1_41' title="bbox 1997 1117 3576 1192; baseline 0.004 -22"><span class='ocrx_word' id='word_1_290' title='bbox 1997 1132 2173 1186; x_wconf 89' lang='lat' dir='ltr'><strong>neque</strong></span> <span class='ocrx_word' id='word_1_291' title='bbox 2206 1131 2402 1188; x_wconf 89' lang='lat' dir='ltr'><strong>panem</strong></span> <span class='ocrx_word' id='word_1_292' title='bbox 2429 1117 2520 1185; x_wconf 93' lang='lat' dir='ltr'><strong>qui</strong></span> <span class='ocrx_word' id='word_1_293' title='bbox 2555 1133 2620 1170; x_wconf 81' lang='lat' dir='ltr'><strong>ex</strong></span> <span class='ocrx_word' id='word_1_294' title='bbox 2669 1117 3002 1187; x_wconf 78' lang='lat' dir='ltr'><strong>agricultura</strong></span> <span class='ocrx_word' id='word_1_295' title='bbox 3046 1119 3354 1184; x_wconf 69' lang='lat' dir='ltr'><strong>conﬁtitur,</strong></span> <span class='ocrx_word' id='word_1_296' title='bbox 3399 1138 3576 1192; x_wconf 87' lang='lat' dir='ltr'><strong>neque</strong></span> 
     </span>
    </p>
   </div>
   <div class='ocr_carea' id='block_1_42' title="bbox 1998 1207 3574 1280">
    <p class='ocr_par' dir='ltr' id='par_1_42' title="bbox 1998 1207 3574 1280">
     <span class='ocr_line' id='line_1_42' title="bbox 1998 1207 3574 1280; baseline 0.002 -17"><span class='ocrx_word' id='word_1_297' title='bbox 1998 1209 2223 1263; x_wconf 82' lang='lat' dir='ltr'><strong>verbum</strong></span> <span class='ocrx_word' id='word_1_298' title='bbox 2273 1209 2418 1278; x_wconf 91' lang='lat' dir='ltr'><strong>quod</strong></span> <span class='ocrx_word' id='word_1_299' title='bbox 2455 1207 2510 1262; x_wconf 81' lang='lat' dir='ltr'><strong>iit</strong></span> <span class='ocrx_word' id='word_1_300' title='bbox 2547 1223 2610 1263; x_wconf 82' lang='lat' dir='ltr'><strong>ex</strong></span> <span class='ocrx_word' id='word_1_301' title='bbox 2637 1208 2954 1274; x_wconf 87' lang='lat' dir='ltr'><strong>vocabulis,</strong></span> <span class='ocrx_word' id='word_1_302' title='bbox 2988 1210 3078 1264; x_wconf 90' lang='lat' dir='ltr'><strong>sed</strong></span> <span class='ocrx_word' id='word_1_303' title='bbox 3113 1226 3211 1280; x_wconf 89' lang='lat' dir='ltr'><strong>pro</strong></span> <span class='ocrx_word' id='word_1_304' title='bbox 3246 1212 3330 1266; x_wconf 86' lang='lat' dir='ltr'><strong>his</strong></span> <span class='ocrx_word' id='word_1_305' title='bbox 3370 1213 3458 1266; x_wconf 91' lang='lat' dir='ltr'><strong>illa</strong></span> <span class='ocrx_word' id='word_1_306' title='bbox 3491 1214 3574 1266; x_wconf 91' lang='lat' dir='ltr'><strong>in-</strong></span> 
     </span>
    </p>
   </div>
   <div class='ocr_carea' id='block_1_43' title="bbox 1997 1297 3572 1368">
    <p class='ocr_par' dir='ltr' id='par_1_43' title="bbox 1997 1297 3572 1368">
     <span class='ocr_line' id='line_1_43' title="bbox 1997 1297 3572 1368; baseline 0.001 -15"><span class='ocrx_word' id='word_1_307' title='bbox 1997 1299 2303 1368; x_wconf 87' lang='lat' dir='ltr'><strong>telligamus</strong></span> <span class='ocrx_word' id='word_1_308' title='bbox 2336 1313 2674 1367; x_wconf 73' lang='lat' dir='ltr'><strong>quzecunque</strong></span> <span class='ocrx_word' id='word_1_309' title='bbox 2715 1297 3058 1365; x_wconf 87' lang='lat' dir='ltr'><strong>majestatem</strong></span> <span class='ocrx_word' id='word_1_310' title='bbox 3111 1301 3362 1366; x_wconf 74' lang='lat' dir='ltr'><strong>potentiae</strong></span> <span class='ocrx_word' id='word_1_311' title='bbox 3410 1298 3572 1354; x_wconf 86' lang='lat' dir='ltr'><strong>Verbi</strong></span> 
     </span>
    </p>
   </div>
   <div class='ocr_carea' id='block_1_44' title="bbox 1999 1388 3572 1458">
    <p class='ocr_par' dir='ltr' id='par_1_44' title="bbox 1999 1388 3572 1458">
     <span class='ocr_line' id='line_1_44' title="bbox 1999 1388 3572 1458; baseline 0.002 -17"><span class='ocrx_word' id='word_1_312' title='bbox 1999 1388 2093 1444; x_wconf 88' lang='lat' dir='ltr'><strong>Dei</strong></span> <span class='ocrx_word' id='word_1_313' title='bbox 2135 1397 2526 1458; x_wconf 68' lang='lat' dir='ltr'><strong>repraesentant</strong></span> <span class='ocrx_word' id='word_1_314' title='bbox 2565 1406 2577 1443; x_wconf 90' lang='lat'><strong>:</strong></span> <span class='ocrx_word' id='word_1_315' title='bbox 2631 1389 2706 1442; x_wconf 89' lang='lat' dir='ltr'><strong>ita</strong></span> <span class='ocrx_word' id='word_1_316' title='bbox 2757 1388 2802 1443; x_wconf 85' lang='lat' dir='ltr'><strong>si</strong></span> <span class='ocrx_word' id='word_1_317' title='bbox 2831 1389 2954 1458; x_wconf 91' lang='lat' dir='ltr'><strong>quis</strong></span> <span class='ocrx_word' id='word_1_318' title='bbox 2997 1388 3258 1458; x_wconf 88' lang='lat' dir='ltr'><strong>despiciat</strong></span> <span class='ocrx_word' id='word_1_319' title='bbox 3302 1403 3572 1445; x_wconf 88' lang='lat' dir='ltr'><strong>assuetam</strong></span> 
     </span>
    </p>
   </div>
   <div class='ocr_carea' id='block_1_45' title="bbox 2000 1478 3572 1548">
    <p class='ocr_par' dir='ltr' id='par_1_45' title="bbox 2000 1478 3572 1548">
     <span class='ocr_line' id='line_1_45' title="bbox 2000 1478 3572 1548; baseline 0.001 -15"><span class='ocrx_word' id='word_1_320' title='bbox 2000 1479 2092 1534; x_wconf 80' lang='lat' dir='ltr'><strong>lilii</strong></span> <span class='ocrx_word' id='word_1_321' title='bbox 2129 1487 2182 1532; x_wconf 92' lang='lat' dir='ltr'><strong>et</strong></span> <span class='ocrx_word' id='word_1_322' title='bbox 2213 1480 2515 1534; x_wconf 84' lang='lat' dir='ltr'><strong>naturalem</strong></span> <span class='ocrx_word' id='word_1_323' title='bbox 2547 1478 2985 1548; x_wconf 84' lang='lat' dir='ltr'><strong>signiﬁcantiam,</strong></span> <span class='ocrx_word' id='word_1_324' title='bbox 3024 1494 3120 1548; x_wconf 90' lang='lat' dir='ltr'><strong>per</strong></span> <span class='ocrx_word' id='word_1_325' title='bbox 3142 1493 3302 1548; x_wconf 92' lang='lat' dir='ltr'><strong>quam</strong></span> <span class='ocrx_word' id='word_1_326' title='bbox 3330 1480 3572 1548; x_wconf 79' lang='lat' dir='ltr'><strong>ejusdem</strong></span> 
     </span>
    </p>
   </div>
   <div class='ocr_carea' id='block_1_46' title="bbox 1997 1571 3572 1640">
    <p class='ocr_par' dir='ltr' id='par_1_46' title="bbox 1997 1571 3572 1640">
     <span class='ocr_line' id='line_1_46' title="bbox 1997 1571 3572 1640; baseline -0.001 -14"><span class='ocrx_word' id='word_1_327' title='bbox 1997 1572 2248 1627; x_wconf 88' lang='lat' dir='ltr'><strong>essentiae</strong></span> <span class='ocrx_word' id='word_1_328' title='bbox 2297 1586 2419 1625; x_wconf 91' lang='lat' dir='ltr'><strong>cum</strong></span> <span class='ocrx_word' id='word_1_329' title='bbox 2464 1571 2707 1640; x_wconf 79' lang='lat' dir='ltr'><strong>genitore</strong></span> <span class='ocrx_word' id='word_1_330' title='bbox 2766 1586 2890 1625; x_wconf 82' lang='lat' dir='ltr'><strong>esse</strong></span> <span class='ocrx_word' id='word_1_331' title='bbox 2930 1571 3256 1636; x_wconf 90' lang='lat' dir='ltr'><strong>didicimus,</strong></span> <span class='ocrx_word' id='word_1_332' title='bbox 3303 1571 3461 1640; x_wconf 90' lang='lat' dir='ltr'><strong>plane</strong></span> <span class='ocrx_word' id='word_1_333' title='bbox 3506 1572 3572 1625; x_wconf 89' lang='lat' dir='ltr'><strong>ad</strong></span> 
     </span>
    </p>
   </div>
   <div class='ocr_carea' id='block_1_47' title="bbox 2000 1660 3572 1731">
    <p class='ocr_par' dir='ltr' id='par_1_47' title="bbox 2000 1660 3572 1731">
     <span class='ocr_line' id='line_1_47' title="bbox 2000 1660 3572 1731; baseline 0 -17"><span class='ocrx_word' id='word_1_334' title='bbox 2000 1661 2236 1731; x_wconf 83' lang='lat' dir='ltr'><strong>aliquam</strong></span> <span class='ocrx_word' id='word_1_335' title='bbox 2300 1660 2410 1714; x_wconf 90' lang='lat' dir='ltr'><strong>Deo</strong></span> <span class='ocrx_word' id='word_1_336' title='bbox 2463 1660 2637 1730; x_wconf 90' lang='lat' dir='ltr'><strong>magis</strong></span> <span class='ocrx_word' id='word_1_337' title='bbox 2690 1660 2944 1714; x_wconf 88' lang='lat' dir='ltr'><strong>decoram</strong></span> <span class='ocrx_word' id='word_1_338' title='bbox 2994 1671 3048 1714; x_wconf 89' lang='lat' dir='ltr'><strong>et</strong></span> <span class='ocrx_word' id='word_1_339' title='bbox 3095 1661 3572 1730; x_wconf 87' lang='lat' dir='ltr'><strong>congruentiorem</strong></span> 
     </span>
    </p>
   </div>
   <div class='ocr_carea' id='block_1_48' title="bbox 2002 1751 3576 1821">
    <p class='ocr_par' dir='ltr' id='par_1_48' title="bbox 2002 1751 3576 1821">
     <span class='ocr_line' id='line_1_48' title="bbox 2002 1751 3576 1821; baseline 0.001 -16"><span class='ocrx_word' id='word_1_340' title='bbox 2002 1752 2507 1821; x_wconf 86' lang='lat' dir='ltr'><strong>interpretationem</strong></span> <span class='ocrx_word' id='word_1_341' title='bbox 2553 1765 2755 1805; x_wconf 86' lang='lat' dir='ltr'><strong>nomen</strong></span> <span class='ocrx_word' id='word_1_342' title='bbox 2805 1751 2909 1804; x_wconf 87' lang='lat' dir='ltr'><strong>hoc</strong></span> <span class='ocrx_word' id='word_1_343' title='bbox 2941 1759 3316 1805; x_wconf 82' lang='lat' dir='ltr'><strong>transsumere</strong></span> <span class='ocrx_word' id='word_1_344' title='bbox 3350 1767 3576 1806; x_wconf 88' lang='lat' dir='ltr'><strong>necesse</strong></span> 
     </span>
    </p>
   </div>
   <div class='ocr_carea' id='block_1_49' title="bbox 2001 1841 3574 1912">
    <p class='ocr_par' dir='ltr' id='par_1_49' title="bbox 2001 1841 3574 1912">
     <span class='ocr_line' id='line_1_49' title="bbox 2001 1841 3574 1912; baseline 0.001 -16"><span class='ocrx_word' id='word_1_345' title='bbox 2001 1843 2183 1897; x_wconf 82' lang='lat' dir='ltr'><strong>fuerit.</strong></span> <span class='ocrx_word' id='word_1_346' title='bbox 2248 1841 2528 1912; x_wconf 87' lang='lat' dir='ltr'><strong>Siquidem</strong></span> <span class='ocrx_word' id='word_1_347' title='bbox 2591 1843 2735 1896; x_wconf 88' lang='lat' dir='ltr'><strong>enim</strong></span> <span class='ocrx_word' id='word_1_348' title='bbox 2793 1843 3023 1897; x_wconf 89' lang='lat' dir='ltr'><strong>aliorum</strong></span> <span class='ocrx_word' id='word_1_349' title='bbox 3077 1843 3341 1912; x_wconf 89' lang='lat' dir='ltr'><strong>cujusque</strong></span> <span class='ocrx_word' id='word_1_350' title='bbox 3399 1843 3466 1896; x_wconf 90' lang='lat' dir='ltr'><strong>ad</strong></span> <span class='ocrx_word' id='word_1_351' title='bbox 3520 1843 3574 1897; x_wconf 91' lang='lat' dir='ltr'><strong>id</strong></span> 
     </span>
    </p>
   </div>
   <div class='ocr_carea' id='block_1_50' title="bbox 2000 1933 3573 2004">
    <p class='ocr_par' dir='ltr' id='par_1_50' title="bbox 2000 1933 3573 2004">
     <span class='ocr_line' id='line_1_50' title="bbox 2000 1933 3573 2004; baseline 0 -16"><span class='ocrx_word' id='word_1_352' title='bbox 2000 1935 2145 2004; x_wconf 82' lang='lat' dir='ltr'><strong>quod</strong></span> <span class='ocrx_word' id='word_1_353' title='bbox 2183 1934 2448 1987; x_wconf 89' lang='lat' dir='ltr'><strong>illustrius</strong></span> <span class='ocrx_word' id='word_1_354' title='bbox 2478 1942 2531 1988; x_wconf 92' lang='lat' dir='ltr'><strong>et</strong></span> <span class='ocrx_word' id='word_1_355' title='bbox 2575 1934 2858 1989; x_wconf 87' lang='lat' dir='ltr'><strong>decentius</strong></span> <span class='ocrx_word' id='word_1_356' title='bbox 2902 1934 3298 2003; x_wconf 90' lang='lat' dir='ltr'><strong>transsumptio</strong></span> <span class='ocrx_word' id='word_1_357' title='bbox 3332 1933 3472 1988; x_wconf 84' lang='lat' dir='ltr'><strong>[acta</strong></span> <span class='ocrx_word' id='word_1_358' title='bbox 3506 1935 3573 1988; x_wconf 87' lang='lat' dir='ltr'><strong>ad</strong></span> 
     </span>
    </p>
   </div>
   <div class='ocr_carea' id='block_1_51' title="bbox 1999 2023 3574 2094">
    <p class='ocr_par' dir='ltr' id='par_1_51' title="bbox 1999 2023 3574 2094">
     <span class='ocr_line' id='line_1_51' title="bbox 1999 2023 3574 2094; baseline -0.001 -15"><span class='ocrx_word' id='word_1_359' title='bbox 1999 2025 2196 2079; x_wconf 73' lang='lat' dir='ltr'><strong>divinae</strong></span> <span class='ocrx_word' id='word_1_360' title='bbox 2245 2024 2501 2094; x_wconf 77' lang='lat' dir='ltr'><strong>potentiae</strong></span> <span class='ocrx_word' id='word_1_361' title='bbox 2542 2023 3060 2079; x_wconf 88' lang='lat' dir='ltr'><strong>demonstrationem</strong></span> <span class='ocrx_word' id='word_1_362' title='bbox 3120 2026 3574 2091; x_wconf 84' lang='lat' dir='ltr'><strong>accommodavit,</strong></span> 
     </span>
    </p>
   </div>
   <div class='ocr_carea' id='block_1_52' title="bbox 1999 2115 3576 2186">
    <p class='ocr_par' dir='ltr' id='par_1_52' title="bbox 1999 2115 3576 2186">
     <span class='ocr_line' id='line_1_52' title="bbox 1999 2115 3576 2186; baseline 0 -16"><span class='ocrx_word' id='word_1_363' title='bbox 1999 2131 2340 2185; x_wconf 89' lang='lat' dir='ltr'><strong>consequens</strong></span> <span class='ocrx_word' id='word_1_364' title='bbox 2370 2118 2596 2170; x_wconf 89' lang='lat' dir='ltr'><strong>omnino</strong></span> <span class='ocrx_word' id='word_1_365' title='bbox 2618 2126 2700 2170; x_wconf 90' lang='lat' dir='ltr'><strong>est</strong></span> <span class='ocrx_word' id='word_1_366' title='bbox 2750 2116 2912 2184; x_wconf 87' lang='lat' dir='ltr'><strong>hujus</strong></span> <span class='ocrx_word' id='word_1_367' title='bbox 2939 2115 3100 2169; x_wconf 88' lang='lat' dir='ltr'><strong>etiam</strong></span> <span class='ocrx_word' id='word_1_368' title='bbox 3135 2117 3372 2171; x_wconf 90' lang='lat' dir='ltr'><strong>nominis</strong></span> <span class='ocrx_word' id='word_1_369' title='bbox 3406 2117 3576 2186; x_wconf 87' lang='lat' dir='ltr'><strong>signi-</strong></span> 
     </span>
    </p>
   </div>
   <div class='ocr_carea' id='block_1_53' title="bbox 2000 2193 3574 2275">
    <p class='ocr_par' dir='ltr' id='par_1_53' title="bbox 2000 2193 3574 2275">
     <span class='ocr_line' id='line_1_53' title="bbox 2000 2193 3574 2275; baseline 0.002 -14"><span class='ocrx_word' id='word_1_370' title='bbox 2000 2207 2215 2262; x_wconf 86' lang='lat' dir='ltr'><strong>ﬁcatum</strong></span> <span class='ocrx_word' id='word_1_371' title='bbox 2247 2207 2310 2260; x_wconf 92' lang='lat' dir='ltr'><strong>ad</strong></span> <span class='ocrx_word' id='word_1_372' title='bbox 2332 2207 2381 2260; x_wconf 85' lang='lat' dir='ltr'><strong>id</strong></span> <span class='ocrx_word' id='word_1_373' title='bbox 2409 2209 2550 2275; x_wconf 89' lang='lat' dir='ltr'><strong>quod</strong></span> <span class='ocrx_word' id='word_1_374' title='bbox 2584 2214 2668 2261; x_wconf 90' lang='lat' dir='ltr'><strong>est</strong></span> <span class='ocrx_word' id='word_1_375' title='bbox 2699 2207 2967 2262; x_wconf 78' lang='lat' dir='ltr'><strong>excelsius</strong></span> <span class='ocrx_word' id='word_1_376' title='bbox 2995 2215 3047 2261; x_wconf 90' lang='lat' dir='ltr'><strong>et</strong></span> <span class='ocrx_word' id='word_1_377' title='bbox 3071 2208 3357 2264; x_wconf 87' lang='lat' dir='ltr'><strong>sublimius</strong></span> <span class='ocrx_word' id='word_1_378' title='bbox 3391 2193 3574 2264; x_wconf 57' lang='lat' dir='ltr'><strong>trans;</strong></span> 
     </span>
    </p>
   </div>
   <div class='ocr_carea' id='block_1_54' title="bbox 2002 2295 3575 2367">
    <p class='ocr_par' dir='ltr' id='par_1_54' title="bbox 2002 2295 3575 2367">
     <span class='ocr_line' id='line_1_54' title="bbox 2002 2295 3575 2367; baseline 0.001 -17"><span class='ocrx_word' id='word_1_379' title='bbox 2002 2296 2148 2351; x_wconf 84' lang='lat' dir='ltr'><strong>ferri.</strong></span> <span class='ocrx_word' id='word_1_380' title='bbox 2175 2295 2432 2362; x_wconf 80' lang='lat' dir='ltr'><strong>Quaenam</strong></span> <span class='ocrx_word' id='word_1_381' title='bbox 2466 2297 2631 2367; x_wconf 80' lang='lat' dir='ltr'><strong>igitur</strong></span> <span class='ocrx_word' id='word_1_382' title='bbox 2659 2311 2781 2351; x_wconf 91' lang='lat' dir='ltr'><strong>esse</strong></span> <span class='ocrx_word' id='word_1_383' title='bbox 2807 2298 3011 2366; x_wconf 86' lang='lat' dir='ltr'><strong>poterit</strong></span> <span class='ocrx_word' id='word_1_384' title='bbox 3031 2297 3138 2352; x_wconf 90' lang='lat' dir='ltr'><strong>Deo</strong></span> <span class='ocrx_word' id='word_1_385' title='bbox 3163 2299 3575 2353; x_wconf 83' lang='lat' dir='ltr'><strong>convenientior</strong></span> 
     </span>
    </p>
   </div>
   <div class='ocr_carea' id='block_1_55' title="bbox 2002 2389 3574 2460">
    <p class='ocr_par' dir='ltr' id='par_1_55' title="bbox 2002 2389 3574 2460">
     <span class='ocr_line' id='line_1_55' title="bbox 2002 2389 3574 2460; baseline 0.001 -17"><span class='ocrx_word' id='word_1_386' title='bbox 2002 2389 2282 2460; x_wconf 84' lang='lat' dir='ltr'><strong>magisque</strong></span> <span class='ocrx_word' id='word_1_387' title='bbox 2310 2389 2504 2444; x_wconf 87' lang='lat' dir='ltr'><strong>decora</strong></span> <span class='ocrx_word' id='word_1_388' title='bbox 2539 2389 2890 2458; x_wconf 86' lang='lat' dir='ltr'><strong>intelligentia</strong></span> <span class='ocrx_word' id='word_1_389' title='bbox 2923 2391 2976 2442; x_wconf 91' lang='lat' dir='ltr'><strong>in</strong></span> <span class='ocrx_word' id='word_1_390' title='bbox 3030 2389 3148 2444; x_wconf 82' lang='lat' dir='ltr'><strong>Filii</strong></span> <span class='ocrx_word' id='word_1_391' title='bbox 3193 2391 3574 2460; x_wconf 89' lang='lat' dir='ltr'><strong>appellatione,</strong></span> 
     </span>
    </p>
   </div>
   <div class='ocr_carea' id='block_1_56' title="bbox 2001 2479 3577 2537">
    <p class='ocr_par' dir='ltr' id='par_1_56' title="bbox 2001 2479 3577 2537">
     <span class='ocr_line' id='line_1_56' title="bbox 2001 2479 3577 2537; baseline 0.001 -3"><span class='ocrx_word' id='word_1_392' title='bbox 2001 2480 2046 2534; x_wconf 92' lang='lat' dir='ltr'><strong>si</strong></span> <span class='ocrx_word' id='word_1_393' title='bbox 2099 2481 2398 2536; x_wconf 91' lang='lat' dir='ltr'><strong>secundum</strong></span> <span class='ocrx_word' id='word_1_394' title='bbox 2451 2479 2884 2534; x_wconf 86' lang='lat' dir='ltr'><strong>adversariorum</strong></span> <span class='ocrx_word' id='word_1_395' title='bbox 2940 2496 3245 2535; x_wconf 89' lang='lat' dir='ltr'><strong>sermonem</strong></span> <span class='ocrx_word' id='word_1_396' title='bbox 3309 2483 3577 2537; x_wconf 87' lang='lat' dir='ltr'><strong>naturalis</strong></span> 
     </span>
    </p>
   </div>
   <div class='ocr_carea' id='block_1_57' title="bbox 2001 2570 3579 2641">
    <p class='ocr_par' dir='ltr' id='par_1_57' title="bbox 2001 2570 3579 2641">
     <span class='ocr_line' id='line_1_57' title="bbox 2001 2570 3579 2641; baseline 0 -16"><span class='ocrx_word' id='word_1_397' title='bbox 2001 2587 2122 2625; x_wconf 83' lang='lat' dir='ltr'><strong>cum</strong></span> <span class='ocrx_word' id='word_1_398' title='bbox 2154 2570 2397 2641; x_wconf 85' lang='lat' dir='ltr'><strong>genitore</strong></span> <span class='ocrx_word' id='word_1_399' title='bbox 2442 2570 2653 2625; x_wconf 72' lang='lat' dir='ltr'><strong>all‘evtio</strong></span> <span class='ocrx_word' id='word_1_400' title='bbox 2695 2572 2808 2626; x_wconf 86' lang='lat' dir='ltr'><strong>sive</strong></span> <span class='ocrx_word' id='word_1_401' title='bbox 2841 2572 3034 2625; x_wconf 85' lang='lat' dir='ltr'><strong>relatio</strong></span> <span class='ocrx_word' id='word_1_402' title='bbox 3067 2571 3420 2641; x_wconf 77' lang='lat' dir='ltr'><strong>repudietur?</strong></span> <span class='ocrx_word' id='word_1_403' title='bbox 3467 2572 3579 2628; x_wconf 76' lang='lat' dir='ltr'><strong>for-</strong></span> 
     </span>
    </p>
   </div>
   <div class='ocr_carea' id='block_1_58' title="bbox 2000 2660 3579 2731">
    <p class='ocr_par' dir='ltr' id='par_1_58' title="bbox 2000 2660 3579 2731">
     <span class='ocr_line' id='line_1_58' title="bbox 2000 2660 3579 2731; baseline 0.004 -19"><span class='ocrx_word' id='word_1_404' title='bbox 2000 2667 2146 2715; x_wconf 77' lang='lat' dir='ltr'><strong>tasse</strong></span> <span class='ocrx_word' id='word_1_405' title='bbox 2189 2660 2332 2714; x_wconf 87' lang='lat' dir='ltr'><strong>enim</strong></span> <span class='ocrx_word' id='word_1_406' title='bbox 2382 2661 2565 2714; x_wconf 90' lang='lat' dir='ltr'><strong>nullus</strong></span> <span class='ocrx_word' id='word_1_407' title='bbox 2609 2669 2716 2714; x_wconf 90' lang='lat' dir='ltr'><strong>tam</strong></span> <span class='ocrx_word' id='word_1_408' title='bbox 2769 2663 2943 2716; x_wconf 80' lang='lat' dir='ltr'><strong>audax</strong></span> <span class='ocrx_word' id='word_1_409' title='bbox 2983 2669 3037 2716; x_wconf 90' lang='lat' dir='ltr'><strong>et</strong></span> <span class='ocrx_word' id='word_1_410' title='bbox 3070 2666 3310 2731; x_wconf 67' lang='lat' dir='ltr'><strong>prreceps</strong></span> <span class='ocrx_word' id='word_1_411' title='bbox 3356 2663 3423 2717; x_wconf 89' lang='lat' dir='ltr'><strong>ad</strong></span> <span class='ocrx_word' id='word_1_412' title='bbox 3477 2665 3579 2719; x_wconf 87' lang='lat' dir='ltr'><strong>im-</strong></span> 
     </span>
    </p>
   </div>
   <div class='ocr_carea' id='block_1_59' title="bbox 2001 2749 3576 2822">
    <p class='ocr_par' dir='ltr' id='par_1_59' title="bbox 2001 2749 3576 2822">
     <span class='ocr_line' id='line_1_59' title="bbox 2001 2749 3576 2822; baseline 0.001 -17"><span class='ocrx_word' id='word_1_413' title='bbox 2001 2752 2255 2822; x_wconf 87' lang='lat' dir='ltr'><strong>pietatem</strong></span> <span class='ocrx_word' id='word_1_414' title='bbox 2286 2749 2463 2815; x_wconf 81' lang='lat' dir='ltr'><strong>fuerit,</strong></span> <span class='ocrx_word' id='word_1_415' title='bbox 2503 2759 2562 2806; x_wconf 91' lang='lat' dir='ltr'><strong>ut</strong></span> <span class='ocrx_word' id='word_1_416' title='bbox 2583 2753 2637 2806; x_wconf 93' lang='lat' dir='ltr'><strong>in</strong></span> <span class='ocrx_word' id='word_1_417' title='bbox 2668 2754 3015 2808; x_wconf 90' lang='lat' dir='ltr'><strong>sermonibus</strong></span> <span class='ocrx_word' id='word_1_418' title='bbox 3041 2755 3107 2807; x_wconf 91' lang='lat' dir='ltr'><strong>dc</strong></span> <span class='ocrx_word' id='word_1_419' title='bbox 3142 2763 3332 2807; x_wconf 89' lang='lat' dir='ltr'><strong>natura</strong></span> <span class='ocrx_word' id='word_1_420' title='bbox 3372 2754 3576 2817; x_wconf 83' lang='lat' dir='ltr'><strong>divina,</strong></span> 
     </span>
    </p>
   </div>
   <div class='ocr_carea' id='block_1_60' title="bbox 2000 2842 3576 2913">
    <p class='ocr_par' dir='ltr' id='par_1_60' title="bbox 2000 2842 3576 2913">
     <span class='ocr_line' id='line_1_60' title="bbox 2000 2842 3576 2913; baseline 0.004 -19"><span class='ocrx_word' id='word_1_421' title='bbox 2000 2843 2146 2912; x_wconf 91' lang='lat' dir='ltr'><strong>quod</strong></span> <span class='ocrx_word' id='word_1_422' title='bbox 2193 2844 2298 2897; x_wconf 75' lang='lat' dir='ltr'><strong>vile</strong></span> <span class='ocrx_word' id='word_1_423' title='bbox 2342 2852 2394 2897; x_wconf 89' lang='lat' dir='ltr'><strong>et</strong></span> <span class='ocrx_word' id='word_1_424' title='bbox 2435 2842 2704 2913; x_wconf 86' lang='lat' dir='ltr'><strong>abjectum</strong></span> <span class='ocrx_word' id='word_1_425' title='bbox 2750 2854 2852 2908; x_wconf 88' lang='lat' dir='ltr'><strong>est,</strong></span> <span class='ocrx_word' id='word_1_426' title='bbox 2903 2845 3114 2913; x_wconf 82' lang='lat' dir='ltr'><strong>magnis</strong></span> <span class='ocrx_word' id='word_1_427' title='bbox 3155 2854 3208 2898; x_wconf 88' lang='lat' dir='ltr'><strong>et</strong></span> <span class='ocrx_word' id='word_1_428' title='bbox 3257 2845 3576 2900; x_wconf 81' lang='lat' dir='ltr'><strong>sublimibus</strong></span> 
     </span>
    </p>
   </div>
   <div class='ocr_carea' id='block_1_61' title="bbox 2002 2933 3576 3003">
    <p class='ocr_par' dir='ltr' id='par_1_61' title="bbox 2002 2933 3576 3003">
     <span class='ocr_line' id='line_1_61' title="bbox 2002 2933 3576 3003; baseline 0.003 -16"><span class='ocrx_word' id='word_1_429' title='bbox 2002 2933 2413 2987; x_wconf 81' lang='lat' dir='ltr'><strong>convenientius</strong></span> <span class='ocrx_word' id='word_1_430' title='bbox 2465 2941 2518 2987; x_wconf 92' lang='lat' dir='ltr'><strong>et</strong></span> <span class='ocrx_word' id='word_1_431' title='bbox 2569 2935 2750 3002; x_wconf 90' lang='lat' dir='ltr'><strong>aptius</strong></span> <span class='ocrx_word' id='word_1_432' title='bbox 2797 2934 3068 3003; x_wconf 88' lang='lat' dir='ltr'><strong>opinetur.</strong></span> <span class='ocrx_word' id='word_1_433' title='bbox 3122 2933 3486 3000; x_wconf 85' lang='lat' dir='ltr'><strong>Quamobrem</strong></span> <span class='ocrx_word' id='word_1_434' title='bbox 3530 2937 3576 2992; x_wconf 85' lang='lat' dir='ltr'><strong>si</strong></span> 
     </span>
    </p>
   </div>
   <div class='ocr_carea' id='block_1_62' title="bbox 329 3022 1904 3125">
    <p class='ocr_par' dir='ltr' id='par_1_62' title="bbox 329 3022 1900 3094">
     <span class='ocr_line' id='line_1_62' title="bbox 329 3022 1900 3094; baseline 0.003 -20"><span class='ocrx_word' id='word_1_435' title='bbox 329 3023 392 3074; x_wconf 83' lang='grc' dir='ltr'><strong>τὸ</strong></span> <span class='ocrx_word' id='word_1_436' title='bbox 429 3022 732 3092; x_wconf 83' lang='grc' dir='ltr'>μεγαλεῖον,</span> <span class='ocrx_word' id='word_1_437' title='bbox 787 3024 869 3085; x_wconf 89' lang='grc' dir='ltr'><strong>τίς</strong></span> <span class='ocrx_word' id='word_1_438' title='bbox 899 3023 1244 3077; x_wconf 89' lang='grc' dir='ltr'>ὑπολείπεται</span> <span class='ocrx_word' id='word_1_439' title='bbox 1283 3024 1456 3093; x_wconf 81' lang='grc' dir='ltr'>λόγος,</span> <span class='ocrx_word' id='word_1_440' title='bbox 1492 3026 1584 3077; x_wconf 74' lang='grc' dir='ltr'>ἐπὶ</span> <span class='ocrx_word' id='word_1_441' title='bbox 1627 3025 1686 3077; x_wconf 80' lang='grc' dir='ltr'>τὸ</span> <span class='ocrx_word' id='word_1_442' title='bbox 1720 3026 1900 3094; x_wconf 78' lang='grc' dir='ltr'>μεῖζον</span> 
     </span>
    </p>
   </div>
   <div class='ocr_carea' id='block_1_63' title="bbox 2007 3022 3580 3125">
    <p class='ocr_par' dir='ltr' id='par_1_63' title="bbox 2007 3024 3580 3096">
     <span class='ocr_line' id='line_1_63' title="bbox 2007 3024 3580 3096; baseline 0.003 -20"><span class='ocrx_word' id='word_1_443' title='bbox 2007 3025 2243 3093; x_wconf 90' lang='lat' dir='ltr'><strong>aliquam</strong></span> <span class='ocrx_word' id='word_1_444' title='bbox 2287 3024 2810 3093; x_wconf 72' lang='lat' dir='ltr'><strong>magniﬁcentioren&#39;i</strong></span> <span class='ocrx_word' id='word_1_445' title='bbox 2858 3025 3272 3095; x_wconf 82' lang='lat' dir='ltr'><strong>intelligentiam</strong></span> <span class='ocrx_word' id='word_1_446' title='bbox 3325 3027 3425 3080; x_wconf 89' lang='lat' dir='ltr'><strong>hac</strong></span> <span class='ocrx_word' id='word_1_447' title='bbox 3462 3026 3580 3096; x_wconf 83' lang='lat' dir='ltr'><strong>ipsa</strong></span> 
     </span>
    </p>
   </div>
   <div class='ocr_carea' id='block_1_64' title="bbox 333 3110 1904 3184">
    <p class='ocr_par' dir='ltr' id='par_1_64' title="bbox 333 3110 1904 3184">
     <span class='ocr_line' id='line_1_64' title="bbox 333 3110 1904 3184; baseline 0.001 -21"><span class='ocrx_word' id='word_1_448' title='bbox 333 3112 516 3182; x_wconf 80' lang='grc' dir='ltr'>φέρων</span> <span class='ocrx_word' id='word_1_449' title='bbox 536 3112 634 3180; x_wconf 79' lang='grc' dir='ltr'>τῆς</span> <span class='ocrx_word' id='word_1_450' title='bbox 662 3110 754 3164; x_wconf 79' lang='grc' dir='ltr'>τοῦ</span> <span class='ocrx_word' id='word_1_451' title='bbox 777 3111 906 3164; x_wconf 82' lang='grc' dir='ltr'><strong>Υἱοῦ</strong></span> <span class='ocrx_word' id='word_1_452' title='bbox 933 3113 1173 3183; x_wconf 78' lang='grc' dir='ltr'>κλήσεως</span> <span class='ocrx_word' id='word_1_453' title='bbox 1197 3113 1294 3183; x_wconf 84' lang='grc' dir='ltr'><strong>τὴν</strong></span> <span class='ocrx_word' id='word_1_454' title='bbox 1324 3112 1648 3184; x_wconf 82' lang='grc' dir='ltr'>ὲρμηνείαν;</span> <span class='ocrx_word' id='word_1_455' title='bbox 1689 3112 1904 3184; x_wconf 85' lang='grc' dir='ltr'>Ἐπειδὴ</span> 
     </span>
    </p>
   </div>
   <div class='ocr_carea' id='block_1_65' title="bbox 331 3201 1906 3273">
    <p class='ocr_par' dir='ltr' id='par_1_65' title="bbox 331 3201 1906 3273">
     <span class='ocr_line' id='line_1_65' title="bbox 331 3201 1906 3273; baseline 0.003 -20"><span class='ocrx_word' id='word_1_456' title='bbox 331 3205 514 3255; x_wconf 87' lang='grc' dir='ltr'>τοίνυν</span> <span class='ocrx_word' id='word_1_457' title='bbox 545 3201 796 3272; x_wconf 88' lang='grc' dir='ltr'>ὁμολογεῖ</span> <span class='ocrx_word' id='word_1_458' title='bbox 827 3202 1004 3257; x_wconf 82' lang='grc' dir='ltr'>πᾶσαν</span> <span class='ocrx_word' id='word_1_459' title='bbox 1035 3203 1161 3272; x_wconf 69' lang='grc' dir='ltr'>περὶ</span> <span class='ocrx_word' id='word_1_460' title='bbox 1195 3203 1288 3257; x_wconf 80' lang='grc' dir='ltr'>τοῦ</span> <span class='ocrx_word' id='word_1_461' title='bbox 1325 3203 1661 3272; x_wconf 80' lang='grc' dir='ltr'>Μονογενοῦς</span> <span class='ocrx_word' id='word_1_462' title='bbox 1696 3220 1906 3273; x_wconf 87' lang='grc' dir='ltr'>σημαν-</span> 
     </span>
    </p>
   </div>
   <div class='ocr_carea' id='block_1_66' title="bbox 333 3292 1904 3366">
    <p class='ocr_par' dir='ltr' id='par_1_66' title="bbox 333 3292 1904 3366">
     <span class='ocr_line' id='line_1_66' title="bbox 333 3292 1904 3366; baseline 0.002 -22"><span class='ocrx_word' id='word_1_463' title='bbox 333 3293 492 3362; x_wconf 76' lang='grc' dir='ltr'>τικήν</span> <span class='ocrx_word' id='word_1_464' title='bbox 520 3292 684 3357; x_wconf 80' lang='grc' dir='ltr'>λέξιν,</span> <span class='ocrx_word' id='word_1_465' title='bbox 712 3292 816 3347; x_wconf 80' lang='grc' dir='ltr'>κᾶν</span> <span class='ocrx_word' id='word_1_466' title='bbox 842 3295 906 3346; x_wconf 83' lang='grc' dir='ltr'>ὲκ</span> <span class='ocrx_word' id='word_1_467' title='bbox 938 3295 1035 3364; x_wconf 79' lang='grc' dir='ltr'>τῆς</span> <span class='ocrx_word' id='word_1_468' title='bbox 1063 3294 1213 3348; x_wconf 90' lang='grc' dir='ltr'>κάτω</span> <span class='ocrx_word' id='word_1_469' title='bbox 1247 3294 1530 3366; x_wconf 88' lang='grc' dir='ltr'>συνηθείας</span> <span class='ocrx_word' id='word_1_470' title='bbox 1563 3294 1904 3365; x_wconf 80' lang='grc' dir='ltr'>ὀνομάζεται,</span> 
     </span>
    </p>
   </div>
   <div class='ocr_carea' id='block_1_67' title="bbox 336 3382 1908 3455">
    <p class='ocr_par' dir='ltr' id='par_1_67' title="bbox 336 3382 1908 3455">
     <span class='ocr_line' id='line_1_67' title="bbox 336 3382 1908 3455; baseline 0.001 -21"><span class='ocrx_word' id='word_1_471' title='bbox 336 3383 473 3452; x_wconf 81' lang='grc' dir='ltr'>πρὸς</span> <span class='ocrx_word' id='word_1_472' title='bbox 524 3383 584 3435; x_wconf 82' lang='grc' dir='ltr'>τὸ</span> <span class='ocrx_word' id='word_1_473' title='bbox 626 3382 1038 3453; x_wconf 87' lang='grc' dir='ltr'>μεγαλειότερον</span> <span class='ocrx_word' id='word_1_474' title='bbox 1080 3386 1200 3448; x_wconf 88' lang='grc' dir='ltr'>ταῖς</span> <span class='ocrx_word' id='word_1_475' title='bbox 1239 3384 1468 3446; x_wconf 78' lang='grc' dir='ltr'>ἐννοίαις</span> <span class='ocrx_word' id='word_1_476' title='bbox 1524 3384 1908 3455; x_wconf 89' lang='grc' dir='ltr'>μετατεθεῖσαν</span> 
     </span>
    </p>
   </div>
   <div class='ocr_carea' id='block_1_68' title="bbox 337 3471 1912 3545">
    <p class='ocr_par' dir='ltr' id='par_1_68' title="bbox 337 3471 1912 3545">
     <span class='ocr_line' id='line_1_68' title="bbox 337 3471 1912 3545; baseline 0.001 -20"><span class='ocrx_word' id='word_1_477' title='bbox 337 3471 541 3543; x_wconf 85' lang='grc' dir='ltr'>κυρίως</span> <span class='ocrx_word' id='word_1_478' title='bbox 567 3471 818 3539; x_wconf 86' lang='grc' dir='ltr'>λέγεσθαι</span> <span class='ocrx_word' id='word_1_479' title='bbox 839 3490 852 3504; x_wconf 69' lang='grc'><strong><em>³</em></strong></span> <span class='ocrx_word' id='word_1_480' title='bbox 890 3472 1160 3526; x_wconf 85' lang='grc' dir='ltr'>δείκνυται</span> <span class='ocrx_word' id='word_1_481' title='bbox 1187 3474 1242 3527; x_wconf 83' lang='grc' dir='ltr'>δὲ</span> <span class='ocrx_word' id='word_1_482' title='bbox 1272 3474 1346 3545; x_wconf 83' lang='grc' dir='ltr'>μὴ</span> <span class='ocrx_word' id='word_1_483' title='bbox 1377 3473 1632 3528; x_wconf 87' lang='grc' dir='ltr'>δύνασθαί</span> <span class='ocrx_word' id='word_1_484' title='bbox 1662 3491 1783 3528; x_wconf 87' lang='grc' dir='ltr'>τινα</span> <span class='ocrx_word' id='word_1_485' title='bbox 1816 3491 1912 3544; x_wconf 89' lang='grc' dir='ltr'>με-</span> 
     </span>
    </p>
   </div>
   <div class='ocr_carea' id='block_1_69' title="bbox 336 3562 1910 3637">
    <p class='ocr_par' dir='ltr' id='par_1_69' title="bbox 336 3562 1910 3637">
     <span class='ocr_line' id='line_1_69' title="bbox 336 3562 1910 3637; baseline 0 -20"><span class='ocrx_word' id='word_1_486' title='bbox 336 3563 774 3634; x_wconf 84' lang='grc' dir='ltr'>γαλοφνεστέραν</span> <span class='ocrx_word' id='word_1_487' title='bbox 822 3562 1028 3618; x_wconf 80' lang='grc' dir='ltr'>ἔννοιαν</span> <span class='ocrx_word' id='word_1_488' title='bbox 1084 3565 1182 3635; x_wconf 81' lang='grc' dir='ltr'>τῆς</span> <span class='ocrx_word' id='word_1_489' title='bbox 1223 3564 1316 3618; x_wconf 82' lang='grc' dir='ltr'><strong>τοῦ</strong></span> <span class='ocrx_word' id='word_1_490' title='bbox 1359 3564 1487 3618; x_wconf 87' lang='grc' dir='ltr'><strong>Υἱοῦ</strong></span> <span class='ocrx_word' id='word_1_491' title='bbox 1541 3565 1910 3637; x_wconf 88' lang='grc' dir='ltr'>προσηγορίας</span> 
     </span>
    </p>
   </div>
   <div class='ocr_carea' id='block_1_70' title="bbox 338 3654 1910 3727">
    <p class='ocr_par' dir='ltr' id='par_1_70' title="bbox 338 3654 1910 3727">
     <span class='ocr_line' id='line_1_70' title="bbox 338 3654 1910 3727; baseline 0.001 -20"><span class='ocrx_word' id='word_1_492' title='bbox 338 3655 518 3724; x_wconf 85' lang='grc' dir='ltr'>εὑρεῖν</span> <span class='ocrx_word' id='word_1_493' title='bbox 545 3654 768 3724; x_wconf 84' lang='grc' dir='ltr'>ταύτης,</span> <span class='ocrx_word' id='word_1_494' title='bbox 802 3655 837 3724; x_wconf 80' lang='grc' dir='ltr'>ἢ</span> <span class='ocrx_word' id='word_1_495' title='bbox 883 3654 944 3708; x_wconf 78' lang='grc' dir='ltr'><strong>τὸ</strong></span> <span class='ocrx_word' id='word_1_496' title='bbox 987 3657 1207 3726; x_wconf 86' lang='grc' dir='ltr'>γνήσιον</span> <span class='ocrx_word' id='word_1_497' title='bbox 1240 3655 1375 3727; x_wconf 83' lang='grc' dir='ltr'>πρὸς</span> <span class='ocrx_word' id='word_1_498' title='bbox 1417 3656 1506 3710; x_wconf 83' lang='grc' dir='ltr'><strong>τὸν</strong></span> <span class='ocrx_word' id='word_1_499' title='bbox 1545 3656 1910 3726; x_wconf 85' lang='grc' dir='ltr'>γεγεννηκότα</span> 
     </span>
    </p>
   </div>
   <div class='ocr_carea' id='block_1_71' title="bbox 339 3739 1909 3817">
    <p class='ocr_par' dir='ltr' id='par_1_71' title="bbox 339 3739 1909 3817">
     <span class='ocr_line' id='line_1_71' title="bbox 339 3739 1909 3817; baseline -0.001 -18"><span class='ocrx_word' id='word_1_500' title='bbox 339 3746 668 3817; x_wconf 80' lang='grc' dir='ltr'>παρίστησιν</span> <span class='ocrx_word' id='word_1_501' title='bbox 688 3762 701 3776; x_wconf 69' lang='grc' dir='ltr'><strong><em>υ</em></strong></span> <span class='ocrx_word' id='word_1_502' title='bbox 739 3745 890 3797; x_wconf 82' lang='grc' dir='ltr'>οὐδὲν</span> <span class='ocrx_word' id='word_1_503' title='bbox 918 3739 1068 3815; x_wconf 73' lang='grc' dir='ltr'>οἶμαι</span> <span class='ocrx_word' id='word_1_504' title='bbox 1097 3746 1294 3815; x_wconf 85' lang='grc' dir='ltr'>χρῆναι</span> <span class='ocrx_word' id='word_1_505' title='bbox 1328 3745 1488 3797; x_wconf 87' lang='grc' dir='ltr'>πλέον</span> <span class='ocrx_word' id='word_1_506' title='bbox 1520 3745 1909 3815; x_wconf 84' lang='grc' dir='ltr'>ὲπιδιατρίϐειν</span> 
     </span>
    </p>
   </div>
   <div class='ocr_carea' id='block_1_72' title="bbox 338 3835 1903 3907">
    <p class='ocr_par' dir='ltr' id='par_1_72' title="bbox 338 3835 1903 3907">
     <span class='ocr_line' id='line_1_72' title="bbox 338 3835 1903 3907; baseline -0.001 -17"><span class='ocrx_word' id='word_1_507' title='bbox 338 3836 418 3906; x_wconf 81' lang='grc' dir='ltr'>τῷ</span> <span class='ocrx_word' id='word_1_508' title='bbox 447 3837 616 3906; x_wconf 84' lang='grc' dir='ltr'>τόπῳ,</span> <span class='ocrx_word' id='word_1_509' title='bbox 654 3835 850 3899; x_wconf 79' lang='grc' dir='ltr'>ἱκανῶς</span> <span class='ocrx_word' id='word_1_510' title='bbox 874 3835 960 3889; x_wconf 86' lang='grc' dir='ltr'><strong>διὰ</strong></span> <span class='ocrx_word' id='word_1_511' title='bbox 984 3835 1090 3890; x_wconf 83' lang='grc' dir='ltr'>τῶν</span> <span class='ocrx_word' id='word_1_512' title='bbox 1121 3835 1421 3907; x_wconf 79' lang='grc' dir='ltr'>εἰρημένων</span> <span class='ocrx_word' id='word_1_513' title='bbox 1459 3837 1864 3906; x_wconf 82' lang='grc' dir='ltr'>ἀποδειχθέντος</span> <span class='ocrx_word' id='word_1_514' title='bbox 1890 3853 1903 3866; x_wconf 90' lang='grc'>·</span> 
     </span>
    </p>
   </div>
   <div class='ocr_carea' id='block_1_73' title="bbox 339 3925 1910 3998">
    <p class='ocr_par' dir='ltr' id='par_1_73' title="bbox 339 3925 1910 3998">
     <span class='ocr_line' id='line_1_73' title="bbox 339 3925 1910 3998; baseline 0 -18"><span class='ocrx_word' id='word_1_515' title='bbox 339 3929 424 3980; x_wconf 77' lang='grc' dir='ltr'><strong>ὅτι</strong></span> <span class='ocrx_word' id='word_1_516' title='bbox 465 3925 527 3978; x_wconf 89' lang='grc' dir='ltr'><strong>οὑ</strong></span> <span class='ocrx_word' id='word_1_517' title='bbox 575 3927 844 3997; x_wconf 87' lang='grc' dir='ltr'>προσήκει</span> <span class='ocrx_word' id='word_1_518' title='bbox 897 3926 1017 3979; x_wconf 86' lang='grc' dir='ltr'>καθ’</span> <span class='ocrx_word' id='word_1_519' title='bbox 1065 3927 1357 3998; x_wconf 82' lang='grc' dir='ltr'>ὁμοιότητα</span> <span class='ocrx_word' id='word_1_520' title='bbox 1398 3927 1506 3981; x_wconf 84' lang='grc' dir='ltr'><strong>τῶν</strong></span> <span class='ocrx_word' id='word_1_521' title='bbox 1546 3926 1746 3981; x_wconf 87' lang='grc' dir='ltr'>λοιπῶν</span> <span class='ocrx_word' id='word_1_522' title='bbox 1793 3929 1910 3981; x_wconf 82' lang='grc' dir='ltr'>ὀνο-</span> 
     </span>
    </p>
   </div>
   <div class='ocr_carea' id='block_1_74' title="bbox 343 4017 1911 4091">
    <p class='ocr_par' dir='ltr' id='par_1_74' title="bbox 343 4017 1911 4091">
     <span class='ocr_line' id='line_1_74' title="bbox 343 4017 1911 4091; baseline 0.001 -19"><span class='ocrx_word' id='word_1_523' title='bbox 343 4019 530 4090; x_wconf 86' lang='grc' dir='ltr'>μάτων</span> <span class='ocrx_word' id='word_1_524' title='bbox 567 4018 661 4070; x_wconf 77' lang='grc' dir='ltr'>καὶ</span> <span class='ocrx_word' id='word_1_525' title='bbox 694 4017 793 4089; x_wconf 81' lang='grc' dir='ltr'>τὴν</span> <span class='ocrx_word' id='word_1_526' title='bbox 824 4017 916 4072; x_wconf 81' lang='grc' dir='ltr'><strong>τοῦ</strong></span> <span class='ocrx_word' id='word_1_527' title='bbox 956 4017 1084 4073; x_wconf 88' lang='grc' dir='ltr'>Υίοῦ</span> <span class='ocrx_word' id='word_1_528' title='bbox 1129 4018 1497 4091; x_wconf 84' lang='grc' dir='ltr'>προσηγορίαν</span> <span class='ocrx_word' id='word_1_529' title='bbox 1542 4018 1911 4091; x_wconf 84' lang='grc' dir='ltr'>μεθερμηνεύ-</span> 
     </span>
    </p>
   </div>
   <div class='ocr_carea' id='block_1_75' title="bbox 340 4109 515 4166">
    <p class='ocr_par' dir='ltr' id='par_1_75' title="bbox 340 4109 515 4166">
     <span class='ocr_line' id='line_1_75' title="bbox 340 4109 515 4166; baseline 0.011 -2"><span class='ocrx_word' id='word_1_530' title='bbox 340 4109 515 4166; x_wconf 79' lang='grc' dir='ltr'>εσθαι.</span> 
     </span>
    </p>
   </div>
   <div class='ocr_carea' id='block_1_76' title="bbox 2007 3113 3581 3188">
    <p class='ocr_par' dir='ltr' id='par_1_76' title="bbox 2007 3113 3581 3188">
     <span class='ocr_line' id='line_1_76' title="bbox 2007 3113 3581 3188; baseline 0.003 -20"><span class='ocrx_word' id='word_1_531' title='bbox 2007 3113 2336 3182; x_wconf 80' lang='lat' dir='ltr'><strong>excogitant,</strong></span> <span class='ocrx_word' id='word_1_532' title='bbox 2362 3113 2433 3166; x_wconf 88' lang='lat' dir='ltr'><strong>ita</strong></span> <span class='ocrx_word' id='word_1_533' title='bbox 2462 3121 2520 3166; x_wconf 90' lang='lat' dir='ltr'><strong>ut</strong></span> <span class='ocrx_word' id='word_1_534' title='bbox 2539 3114 2758 3183; x_wconf 90' lang='lat' dir='ltr'><strong>indigna</strong></span> <span class='ocrx_word' id='word_1_535' title='bbox 2781 3115 3029 3168; x_wconf 88' lang='lat' dir='ltr'><strong>videatur</strong></span> <span class='ocrx_word' id='word_1_536' title='bbox 3057 3131 3176 3170; x_wconf 83' lang='lat' dir='ltr'><strong>esse</strong></span> <span class='ocrx_word' id='word_1_537' title='bbox 3196 3116 3261 3170; x_wconf 89' lang='lat' dir='ltr'><strong>de</strong></span> <span class='ocrx_word' id='word_1_538' title='bbox 3289 3115 3581 3188; x_wconf 84' lang='lat' dir='ltr'><strong>Unigenito</strong></span> 
     </span>
    </p>
   </div>
   <div class='ocr_carea' id='block_1_77' title="bbox 2009 3202 3580 3277">
    <p class='ocr_par' dir='ltr' id='par_1_77' title="bbox 2009 3202 3580 3277">
     <span class='ocr_line' id='line_1_77' title="bbox 2009 3202 3580 3277; baseline 0.002 -19"><span class='ocrx_word' id='word_1_539' title='bbox 2009 3204 2181 3266; x_wconf 87' lang='lat' dir='ltr'><strong>notio,</strong></span> <span class='ocrx_word' id='word_1_540' title='bbox 2214 3219 2408 3274; x_wconf 88' lang='lat' dir='ltr'><strong>nempe</strong></span> <span class='ocrx_word' id='word_1_541' title='bbox 2432 3217 2552 3258; x_wconf 91' lang='lat' dir='ltr'><strong>esse</strong></span> <span class='ocrx_word' id='word_1_542' title='bbox 2593 3219 2656 3257; x_wconf 80' lang='lat' dir='ltr'><strong>cx</strong></span> <span class='ocrx_word' id='word_1_543' title='bbox 2697 3202 2870 3258; x_wconf 90' lang='lat' dir='ltr'><strong>Patris</strong></span> <span class='ocrx_word' id='word_1_544' title='bbox 2907 3208 3099 3257; x_wconf 84' lang='lat' dir='ltr'><strong>natura</strong></span> <span class='ocrx_word' id='word_1_545' title='bbox 3131 3205 3334 3265; x_wconf 88' lang='lat' dir='ltr'><strong>dicant,</strong></span> <span class='ocrx_word' id='word_1_546' title='bbox 3373 3208 3418 3262; x_wconf 90' lang='lat' dir='ltr'><strong>si</strong></span> <span class='ocrx_word' id='word_1_547' title='bbox 3450 3208 3580 3277; x_wconf 86' lang='lat' dir='ltr'><strong>quid</strong></span> 
     </span>
    </p>
   </div>
   <div class='ocr_carea' id='block_1_78' title="bbox 2010 3292 3578 3365">
    <p class='ocr_par' dir='ltr' id='par_1_78' title="bbox 2010 3292 3578 3365">
     <span class='ocr_line' id='line_1_78' title="bbox 2010 3292 3578 3365; baseline -0.001 -16"><span class='ocrx_word' id='word_1_548' title='bbox 2010 3302 2350 3365; x_wconf 88' lang='lat' dir='ltr'><strong>cognoscunt</strong></span> <span class='ocrx_word' id='word_1_549' title='bbox 2371 3292 2676 3348; x_wconf 84' lang='lat' dir='ltr'><strong>secundum</strong></span> <span class='ocrx_word' id='word_1_550' title='bbox 2708 3308 2864 3350; x_wconf 88' lang='lat' dir='ltr'><strong>suam</strong></span> <span class='ocrx_word' id='word_1_551' title='bbox 2897 3308 3151 3346; x_wconf 87' lang='lat' dir='ltr'><strong>arcanam</strong></span> <span class='ocrx_word' id='word_1_552' title='bbox 3214 3301 3268 3348; x_wconf 89' lang='lat' dir='ltr'><strong>et</strong></span> <span class='ocrx_word' id='word_1_553' title='bbox 3320 3295 3578 3348; x_wconf 89' lang='lat' dir='ltr'><strong>recondi-</strong></span> 
     </span>
    </p>
   </div>
   <div class='ocr_carea' id='block_1_79' title="bbox 2010 3384 3580 3455">
    <p class='ocr_par' dir='ltr' id='par_1_79' title="bbox 2010 3384 3580 3455">
     <span class='ocr_line' id='line_1_79' title="bbox 2010 3384 3580 3455; baseline 0.001 -15"><span class='ocrx_word' id='word_1_554' title='bbox 2010 3396 2118 3440; x_wconf 88' lang='lat' dir='ltr'><strong>tam</strong></span> <span class='ocrx_word' id='word_1_555' title='bbox 2144 3395 2304 3455; x_wconf 90' lang='lat' dir='ltr'><strong>atque</strong></span> <span class='ocrx_word' id='word_1_556' title='bbox 2364 3384 2948 3438; x_wconf 89' lang='lat' dir='ltr'><strong>incommemorabilem</strong></span> <span class='ocrx_word' id='word_1_557' title='bbox 3000 3384 3321 3455; x_wconf 87' lang='lat' dir='ltr'><strong>sapientiam</strong></span> <span class='ocrx_word' id='word_1_558' title='bbox 3355 3393 3580 3455; x_wconf 88' lang='lat' dir='ltr'><strong>paterna</strong></span> 
     </span>
    </p>
   </div>
   <div class='ocr_carea' id='block_1_80' title="bbox 2014 3475 3580 3546">
    <p class='ocr_par' dir='ltr' id='par_1_80' title="bbox 2014 3475 3580 3546">
     <span class='ocr_line' id='line_1_80' title="bbox 2014 3475 3580 3546; baseline 0.002 -15"><span class='ocrx_word' id='word_1_559' title='bbox 2014 3486 2213 3531; x_wconf 89' lang='lat' dir='ltr'><strong>natura</strong></span> <span class='ocrx_word' id='word_1_560' title='bbox 2243 3475 2446 3546; x_wconf 89' lang='lat' dir='ltr'><strong>aliquid</strong></span> <span class='ocrx_word' id='word_1_561' title='bbox 2485 3476 2756 3530; x_wconf 76' lang='lat' dir='ltr'><strong>excelsius</strong></span> <span class='ocrx_word' id='word_1_562' title='bbox 2784 3485 2836 3530; x_wconf 90' lang='lat' dir='ltr'><strong>et</strong></span> <span class='ocrx_word' id='word_1_563' title='bbox 2873 3476 3194 3530; x_wconf 88' lang='lat' dir='ltr'><strong>sublimius:</strong></span> <span class='ocrx_word' id='word_1_564' title='bbox 3241 3484 3297 3530; x_wconf 90' lang='lat' dir='ltr'><strong>ut</strong></span> <span class='ocrx_word' id='word_1_565' title='bbox 3331 3477 3396 3530; x_wconf 88' lang='lat' dir='ltr'><strong>ad</strong></span> <span class='ocrx_word' id='word_1_566' title='bbox 3449 3478 3580 3535; x_wconf 89' lang='lat' dir='ltr'><strong>illud</strong></span> 
     </span>
    </p>
   </div>
   <div class='ocr_carea' id='block_1_81' title="bbox 2018 3565 3582 3637">
    <p class='ocr_par' dir='ltr' id='par_1_81' title="bbox 2018 3565 3582 3637">
     <span class='ocr_line' id='line_1_81' title="bbox 2018 3565 3582 3637; baseline 0.002 -17"><span class='ocrx_word' id='word_1_567' title='bbox 2018 3568 2354 3637; x_wconf 79' lang='lat' dir='ltr'><strong>unigenitum</strong></span> <span class='ocrx_word' id='word_1_568' title='bbox 2396 3565 2563 3619; x_wconf 90' lang='lat' dir='ltr'><strong>Deum</strong></span> <span class='ocrx_word' id='word_1_569' title='bbox 2614 3567 2942 3631; x_wconf 90' lang='lat' dir='ltr'><strong>attollentes,</strong></span> <span class='ocrx_word' id='word_1_570' title='bbox 2989 3581 3112 3620; x_wconf 92' lang='lat' dir='ltr'><strong>eum</strong></span> <span class='ocrx_word' id='word_1_571' title='bbox 3157 3581 3319 3636; x_wconf 91' lang='lat' dir='ltr'><strong>super</strong></span> <span class='ocrx_word' id='word_1_572' title='bbox 3360 3568 3582 3623; x_wconf 68' lang='lat' dir='ltr'><strong>relatio~</strong></span> 
     </span>
    </p>
   </div>
   <div class='ocr_carea' id='block_1_82' title="bbox 2014 3656 3582 3727">
    <p class='ocr_par' dir='ltr' id='par_1_82' title="bbox 2014 3656 3582 3727">
     <span class='ocr_line' id='line_1_82' title="bbox 2014 3656 3582 3727; baseline 0.001 -14"><span class='ocrx_word' id='word_1_573' title='bbox 2014 3674 2136 3713; x_wconf 86' lang='lat' dir='ltr'><strong>nem</strong></span> <span class='ocrx_word' id='word_1_574' title='bbox 2161 3673 2323 3727; x_wconf 89' lang='lat' dir='ltr'><strong>quam</strong></span> <span class='ocrx_word' id='word_1_575' title='bbox 2369 3657 2434 3711; x_wconf 91' lang='lat' dir='ltr'><strong>ad</strong></span> <span class='ocrx_word' id='word_1_576' title='bbox 2471 3656 2686 3711; x_wconf 91' lang='lat' dir='ltr'><strong>Patrem</strong></span> <span class='ocrx_word' id='word_1_577' title='bbox 2735 3657 2896 3712; x_wconf 86' lang='lat' dir='ltr'><strong>habet</strong></span> <span class='ocrx_word' id='word_1_578' title='bbox 2945 3657 3288 3713; x_wconf 75' lang='lat' dir='ltr'><strong>extollamus.</strong></span> <span class='ocrx_word' id='word_1_579' title='bbox 3336 3657 3488 3723; x_wconf 87' lang='lat' dir='ltr'><strong>Quod</strong></span> <span class='ocrx_word' id='word_1_580' title='bbox 3535 3659 3582 3715; x_wconf 91' lang='lat' dir='ltr'><strong>si</strong></span> 
     </span>
    </p>
   </div>
   <div class='ocr_carea' id='block_1_83' title="bbox 2015 3747 3585 3817">
    <p class='ocr_par' dir='ltr' id='par_1_83' title="bbox 2015 3747 3585 3817">
     <span class='ocr_line' id='line_1_83' title="bbox 2015 3747 3585 3817; baseline -0.001 -12"><span class='ocrx_word' id='word_1_581' title='bbox 2015 3759 2222 3805; x_wconf 73' lang='lat' dir='ltr'><strong>naturae</strong></span> <span class='ocrx_word' id='word_1_582' title='bbox 2247 3747 2442 3802; x_wconf 64' lang='lat' dir='ltr'><strong>divinae</strong></span> <span class='ocrx_word' id='word_1_583' title='bbox 2465 3748 2721 3817; x_wconf 90' lang='lat' dir='ltr'><strong>majestas</strong></span> <span class='ocrx_word' id='word_1_584' title='bbox 2752 3756 2805 3802; x_wconf 91' lang='lat' dir='ltr'><strong>et</strong></span> <span class='ocrx_word' id='word_1_585' title='bbox 2846 3747 3144 3815; x_wconf 89' lang='lat' dir='ltr'><strong>amplitudo</strong></span> <span class='ocrx_word' id='word_1_586' title='bbox 3200 3763 3414 3802; x_wconf 90' lang='lat' dir='ltr'><strong>omnem</strong></span> <span class='ocrx_word' id='word_1_587' title='bbox 3457 3749 3585 3804; x_wconf 80' lang='lat' dir='ltr'><strong>alti~</strong></span> 
     </span>
    </p>
   </div>
   <div class='ocr_carea' id='block_1_84' title="bbox 2014 3839 3584 3908">
    <p class='ocr_par' dir='ltr' id='par_1_84' title="bbox 2014 3839 3584 3908">
     <span class='ocr_line' id='line_1_84' title="bbox 2014 3839 3584 3908; baseline 0 -12"><span class='ocrx_word' id='word_1_588' title='bbox 2014 3842 2253 3896; x_wconf 88' lang='lat' dir='ltr'><strong>tudinem</strong></span> <span class='ocrx_word' id='word_1_589' title='bbox 2287 3839 2674 3908; x_wconf 88' lang='lat' dir='ltr'><strong>supereminet,</strong></span> <span class='ocrx_word' id='word_1_590' title='bbox 2699 3852 3022 3906; x_wconf 90' lang='lat' dir='ltr'><strong>omnemque</strong></span> <span class='ocrx_word' id='word_1_591' title='bbox 3067 3839 3442 3894; x_wconf 85' lang='lat' dir='ltr'><strong>admirabilem</strong></span> <span class='ocrx_word' id='word_1_592' title='bbox 3478 3842 3584 3896; x_wconf 88' lang='lat' dir='ltr'><strong>vir-</strong></span> 
     </span>
    </p>
   </div>
   <div class='ocr_carea' id='block_1_85' title="bbox 2016 3927 3585 3999">
    <p class='ocr_par' dir='ltr' id='par_1_85' title="bbox 2016 3927 3585 3999">
     <span class='ocr_line' id='line_1_85' title="bbox 2016 3927 3585 3999; baseline 0 -15"><span class='ocrx_word' id='word_1_593' title='bbox 2016 3939 2184 3986; x_wconf 89' lang='lat' dir='ltr'><strong>tutem</strong></span> <span class='ocrx_word' id='word_1_594' title='bbox 2212 3936 2468 3999; x_wconf 89' lang='lat' dir='ltr'><strong>superat:</strong></span> <span class='ocrx_word' id='word_1_595' title='bbox 2505 3928 2628 3996; x_wconf 90' lang='lat' dir='ltr'><strong>quis</strong></span> <span class='ocrx_word' id='word_1_596' title='bbox 2659 3928 2980 3996; x_wconf 89' lang='lat' dir='ltr'><strong>relinquitur</strong></span> <span class='ocrx_word' id='word_1_597' title='bbox 3019 3943 3198 3982; x_wconf 90' lang='lat' dir='ltr'><strong>sermo</strong></span> <span class='ocrx_word' id='word_1_598' title='bbox 3238 3927 3358 3982; x_wconf 83' lang='lat' dir='ltr'><strong>Filii</strong></span> <span class='ocrx_word' id='word_1_599' title='bbox 3400 3931 3585 3999; x_wconf 60' lang='lat' dir='ltr'><strong>appel-</strong></span> 
     </span>
    </p>
   </div>
   <div class='ocr_carea' id='block_1_86' title="bbox 2018 4019 3583 4090">
    <p class='ocr_par' dir='ltr' id='par_1_86' title="bbox 2018 4019 3583 4090">
     <span class='ocr_line' id='line_1_86' title="bbox 2018 4019 3583 4090; baseline -0.003 -13"><span class='ocrx_word' id='word_1_600' title='bbox 2018 4023 2238 4078; x_wconf 90' lang='lat' dir='ltr'><strong>lationis</strong></span> <span class='ocrx_word' id='word_1_601' title='bbox 2281 4021 2784 4090; x_wconf 85' lang='lat' dir='ltr'><strong>interpretationem</strong></span> <span class='ocrx_word' id='word_1_602' title='bbox 2831 4019 2898 4074; x_wconf 88' lang='lat' dir='ltr'><strong>ad</strong></span> <span class='ocrx_word' id='word_1_603' title='bbox 2950 4020 3150 4089; x_wconf 87' lang='lat' dir='ltr'><strong>aliquid</strong></span> <span class='ocrx_word' id='word_1_604' title='bbox 3217 4021 3394 4089; x_wconf 85' lang='lat' dir='ltr'><strong>majus</strong></span> <span class='ocrx_word' id='word_1_605' title='bbox 3419 4023 3583 4075; x_wconf 76' lang='lat' dir='ltr'><strong>extol-</strong></span> 
     </span>
    </p>
   </div>
   <div class='ocr_carea' id='block_1_87' title="bbox 1975 4108 3581 4189">
    <p class='ocr_par' dir='ltr' id='par_1_87' title="bbox 1975 4108 3581 4189">
     <span class='ocr_line' id='line_1_87' title="bbox 1975 4108 3581 4189; baseline -0.002 -23"><span class='ocrx_word' id='word_1_606' title='bbox 1975 4182 1982 4189; x_wconf 85' lang='lat'><strong>_</strong></span> <span class='ocrx_word' id='word_1_607' title='bbox 2017 4109 2172 4166; x_wconf 89' lang='lat' dir='ltr'><strong>lens?</strong></span> <span class='ocrx_word' id='word_1_608' title='bbox 2204 4110 2470 4176; x_wconf 85' lang='lat' dir='ltr'><strong>Quoniam</strong></span> <span class='ocrx_word' id='word_1_609' title='bbox 2494 4109 2656 4180; x_wconf 82' lang='lat' dir='ltr'><strong>igitur</strong></span> <span class='ocrx_word' id='word_1_610' title='bbox 2674 4108 2871 4163; x_wconf 67' lang='lat' dir='ltr'><strong>fatetur</strong></span> <span class='ocrx_word' id='word_1_611' title='bbox 2894 4125 3109 4163; x_wconf 90' lang='lat' dir='ltr'><strong>omnem</strong></span> <span class='ocrx_word' id='word_1_612' title='bbox 3127 4110 3460 4171; x_wconf 45' lang='lat' dir='ltr'><strong>dictionem”</strong></span> <span class='ocrx_word' id='word_1_613' title='bbox 3476 4126 3581 4179; x_wconf 87' lang='lat' dir='ltr'><strong>qua</strong></span> 
     </span>
    </p>
   </div>
   <div class='ocr_carea' id='block_1_88' title="bbox 343 4203 3586 4278">
    <p class='ocr_par' dir='ltr' id='par_1_88' title="bbox 343 4203 3586 4278">
     <span class='ocr_line' id='line_1_88' title="bbox 343 4203 3586 4278; baseline -0.002 -16"><span class='ocrx_word' id='word_1_614' title='bbox 343 4205 669 4278; x_wconf 85' lang='lat' dir='ltr'><strong>Unigenitus</strong></span> <span class='ocrx_word' id='word_1_615' title='bbox 727 4206 1083 4278; x_wconf 77' lang='lat' dir='ltr'><strong>signiﬁcatur,</strong></span> <span class='ocrx_word' id='word_1_616' title='bbox 1123 4206 1338 4261; x_wconf 83' lang='lat' dir='ltr'><strong>tametsi</strong></span> <span class='ocrx_word' id='word_1_617' title='bbox 1379 4222 1444 4261; x_wconf 81' lang='lat' dir='ltr'><strong>ex</strong></span> <span class='ocrx_word' id='word_1_618' title='bbox 1494 4206 1702 4278; x_wconf 86' lang='lat' dir='ltr'><strong>vulgari</strong></span> <span class='ocrx_word' id='word_1_619' title='bbox 1752 4205 2148 4260; x_wconf 89' lang='lat' dir='ltr'><strong>consuetudine</strong></span> <span class='ocrx_word' id='word_1_620' title='bbox 2191 4205 2527 4266; x_wconf 90' lang='lat' dir='ltr'><strong>nominatur,</strong></span> <span class='ocrx_word' id='word_1_621' title='bbox 2577 4203 2643 4256; x_wconf 86' lang='lat' dir='ltr'><strong>ad</strong></span> <span class='ocrx_word' id='word_1_622' title='bbox 2700 4203 3214 4272; x_wconf 71' lang='lat' dir='ltr'><strong>nxagniticentiorem</strong></span> <span class='ocrx_word' id='word_1_623' title='bbox 3271 4217 3491 4256; x_wconf 90' lang='lat' dir='ltr'><strong>sensum</strong></span> <span class='ocrx_word' id='word_1_624' title='bbox 3533 4210 3586 4256; x_wconf 85' lang='lat' dir='ltr'><strong>et</strong></span> 
     </span>
    </p>
   </div>
   <div class='ocr_carea' id='block_1_89' title="bbox 344 4293 3586 4371">
    <p class='ocr_par' dir='ltr' id='par_1_89' title="bbox 344 4293 3586 4371">
     <span class='ocr_line' id='line_1_89' title="bbox 344 4293 3586 4371; baseline -0.003 -15"><span class='ocrx_word' id='word_1_625' title='bbox 344 4303 620 4356; x_wconf 83' lang='lat' dir='ltr'><strong>netionem</strong></span> <span class='ocrx_word' id='word_1_626' title='bbox 692 4302 1010 4356; x_wconf 89' lang='lat' dir='ltr'><strong>translatam</strong></span> <span class='ocrx_word' id='word_1_627' title='bbox 1065 4301 1281 4371; x_wconf 85' lang='lat' dir='ltr'><strong>proprie</strong></span> <span class='ocrx_word' id='word_1_628' title='bbox 1325 4301 1487 4355; x_wconf 84' lang='lat' dir='ltr'><strong>dici;</strong></span> <span class='ocrx_word' id='word_1_629' title='bbox 1549 4303 1886 4357; x_wconf 86' lang='lat' dir='ltr'><strong>demonstrat</strong></span> <span class='ocrx_word' id='word_1_630' title='bbox 1941 4306 2120 4354; x_wconf 87' lang='lat' dir='ltr'><strong>autem</strong></span> <span class='ocrx_word' id='word_1_631' title='bbox 2197 4313 2256 4351; x_wconf 90' lang='lat' dir='ltr'><strong>se</strong></span> <span class='ocrx_word' id='word_1_632' title='bbox 2324 4312 2430 4350; x_wconf 91' lang='lat' dir='ltr'><strong>non</strong></span> <span class='ocrx_word' id='word_1_633' title='bbox 2451 4311 2612 4365; x_wconf 90' lang='lat' dir='ltr'><strong>posse</strong></span> <span class='ocrx_word' id='word_1_634' title='bbox 2677 4295 3047 4349; x_wconf 84' lang='lat' dir='ltr'><strong>sublimiorem</strong></span> <span class='ocrx_word' id='word_1_635' title='bbox 3113 4303 3166 4348; x_wconf 90' lang='lat' dir='ltr'><strong>et</strong></span> <span class='ocrx_word' id='word_1_636' title='bbox 3233 4293 3586 4363; x_wconf 78' lang='lat' dir='ltr'><strong>magnificen-</strong></span> 
     </span>
    </p>
   </div>
   <div class='ocr_carea' id='block_1_90' title="bbox 343 4381 3665 4466">
    <p class='ocr_par' dir='ltr' id='par_1_90' title="bbox 343 4381 3665 4466">
     <span class='ocr_line' id='line_1_90' title="bbox 343 4381 3665 4466; baseline -0.003 -15"><span class='ocrx_word' id='word_1_637' title='bbox 343 4398 538 4452; x_wconf 88' lang='lat' dir='ltr'><strong>tiorcm</strong></span> <span class='ocrx_word' id='word_1_638' title='bbox 595 4398 838 4452; x_wconf 90' lang='lat' dir='ltr'><strong>notitiam</strong></span> <span class='ocrx_word' id='word_1_639' title='bbox 887 4395 1048 4464; x_wconf 90' lang='lat' dir='ltr'><strong>hujus</strong></span> <span class='ocrx_word' id='word_1_640' title='bbox 1095 4395 1216 4450; x_wconf 90' lang='lat' dir='ltr'><strong>Filii</strong></span> <span class='ocrx_word' id='word_1_641' title='bbox 1276 4396 1654 4466; x_wconf 86' lang='lat' dir='ltr'><strong>appellationis</strong></span> <span class='ocrx_word' id='word_1_642' title='bbox 1715 4397 1980 4462; x_wconf 85' lang='lat' dir='ltr'><strong>invenire,</strong></span> <span class='ocrx_word' id='word_1_643' title='bbox 2022 4406 2183 4462; x_wconf 91' lang='lat' dir='ltr'><strong>quam</strong></span> <span class='ocrx_word' id='word_1_644' title='bbox 2213 4406 2331 4445; x_wconf 89' lang='lat' dir='ltr'><strong>eam</strong></span> <span class='ocrx_word' id='word_1_645' title='bbox 2363 4405 2482 4459; x_wconf 65' lang='lat' dir='ltr'><strong>quae</strong></span> <span class='ocrx_word' id='word_1_646' title='bbox 2513 4388 2656 4457; x_wconf 91' lang='lat' dir='ltr'><strong>quod</strong></span> <span class='ocrx_word' id='word_1_647' title='bbox 2682 4396 2764 4442; x_wconf 92' lang='lat' dir='ltr'><strong>est</strong></span> <span class='ocrx_word' id='word_1_648' title='bbox 2802 4402 3118 4457; x_wconf 88' lang='lat' dir='ltr'><strong>germanum</strong></span> <span class='ocrx_word' id='word_1_649' title='bbox 3144 4395 3196 4441; x_wconf 92' lang='lat' dir='ltr'><strong>et</strong></span> <span class='ocrx_word' id='word_1_650' title='bbox 3223 4388 3586 4458; x_wconf 84' lang='lat' dir='ltr'><strong>propinquum</strong></span> <span class='ocrx_word' id='word_1_651' title='bbox 3662 4381 3665 4385; x_wconf 78' lang='grc'><strong>’</strong></span> 
     </span>
    </p>
   </div>
   <div class='ocr_carea' id='block_1_91' title="bbox 343 4479 3587 4560">
    <p class='ocr_par' dir='ltr' id='par_1_91' title="bbox 343 4479 3587 4560">
     <span class='ocr_line' id='line_1_91' title="bbox 343 4479 3587 4560; baseline -0.004 -16"><span class='ocrx_word' id='word_1_652' title='bbox 343 4503 467 4544; x_wconf 84' lang='lat' dir='ltr'><strong>eum</strong></span> <span class='ocrx_word' id='word_1_653' title='bbox 534 4504 601 4545; x_wconf 90' lang='lat' dir='ltr'><strong>eo</strong></span> <span class='ocrx_word' id='word_1_654' title='bbox 674 4489 766 4560; x_wconf 92' lang='lat' dir='ltr'><strong>qui</strong></span> <span class='ocrx_word' id='word_1_655' title='bbox 819 4489 1006 4559; x_wconf 89' lang='lat' dir='ltr'><strong>genuit</strong></span> <span class='ocrx_word' id='word_1_656' title='bbox 1044 4488 1341 4543; x_wconf 80' lang='lat' dir='ltr'><strong>exhibeat:</strong></span> <span class='ocrx_word' id='word_1_657' title='bbox 1384 4488 1515 4542; x_wconf 91' lang='lat' dir='ltr'><strong>nihil</strong></span> <span class='ocrx_word' id='word_1_658' title='bbox 1562 4497 1693 4558; x_wconf 89' lang='lat' dir='ltr'><strong>puto</strong></span> <span class='ocrx_word' id='word_1_659' title='bbox 1737 4496 1987 4559; x_wconf 90' lang='lat' dir='ltr'><strong>oportere</strong></span> <span class='ocrx_word' id='word_1_660' title='bbox 2020 4486 2229 4541; x_wconf 87' lang='lat' dir='ltr'><strong>diutius</strong></span> <span class='ocrx_word' id='word_1_661' title='bbox 2264 4483 2320 4536; x_wconf 90' lang='lat' dir='ltr'><strong>in</strong></span> <span class='ocrx_word' id='word_1_662' title='bbox 2347 4481 2450 4536; x_wconf 87' lang='lat' dir='ltr'><strong>hoc</strong></span> <span class='ocrx_word' id='word_1_663' title='bbox 2484 4481 2604 4533; x_wconf 94' lang='lat' dir='ltr'><strong>loco</strong></span> <span class='ocrx_word' id='word_1_664' title='bbox 2665 4479 2964 4542; x_wconf 89' lang='lat' dir='ltr'><strong>immorari,</strong></span> <span class='ocrx_word' id='word_1_665' title='bbox 3005 4494 3126 4531; x_wconf 91' lang='lat' dir='ltr'><strong>cum</strong></span> <span class='ocrx_word' id='word_1_666' title='bbox 3169 4494 3234 4532; x_wconf 83' lang='lat' dir='ltr'><strong>ex</strong></span> <span class='ocrx_word' id='word_1_667' title='bbox 3295 4479 3454 4533; x_wconf 82' lang='lat' dir='ltr'><strong>dictis</strong></span> <span class='ocrx_word' id='word_1_668' title='bbox 3487 4479 3587 4532; x_wconf 88' lang='lat' dir='ltr'><strong>ab-</strong></span> 
     </span>
    </p>
   </div>
   <div class='ocr_carea' id='block_1_92' title="bbox 343 4572 3584 4652">
    <p class='ocr_par' dir='ltr' id='par_1_92' title="bbox 343 4572 3584 4652">
     <span class='ocr_line' id='line_1_92' title="bbox 343 4572 3584 4652; baseline -0.004 -11"><span class='ocrx_word' id='word_1_669' title='bbox 343 4587 492 4642; x_wconf 87' lang='lat' dir='ltr'><strong>unde</strong></span> <span class='ocrx_word' id='word_1_670' title='bbox 537 4587 672 4642; x_wconf 87' lang='lat' dir='ltr'><strong>satis</strong></span> <span class='ocrx_word' id='word_1_671' title='bbox 706 4585 1132 4640; x_wconf 84' lang='lat' dir='ltr'><strong>demonstratum</strong></span> <span class='ocrx_word' id='word_1_672' title='bbox 1175 4583 1246 4638; x_wconf 88' lang='lat' dir='ltr'><strong>sit</strong></span> <span class='ocrx_word' id='word_1_673' title='bbox 1293 4583 1436 4652; x_wconf 89' lang='lat' dir='ltr'><strong>quod</strong></span> <span class='ocrx_word' id='word_1_674' title='bbox 1468 4598 1575 4638; x_wconf 90' lang='lat' dir='ltr'><strong>non</strong></span> <span class='ocrx_word' id='word_1_675' title='bbox 1620 4585 1873 4640; x_wconf 88' lang='lat' dir='ltr'><strong>convenit</strong></span> <span class='ocrx_word' id='word_1_676' title='bbox 1913 4583 2085 4639; x_wconf 87' lang='lat' dir='ltr'><strong>instar</strong></span> <span class='ocrx_word' id='word_1_677' title='bbox 2117 4579 2450 4650; x_wconf 89' lang='lat' dir='ltr'><strong>reliquorum</strong></span> <span class='ocrx_word' id='word_1_678' title='bbox 2481 4575 2761 4630; x_wconf 86' lang='lat' dir='ltr'><strong>nominum</strong></span> <span class='ocrx_word' id='word_1_679' title='bbox 2809 4573 2970 4630; x_wconf 87' lang='lat' dir='ltr'><strong>etiam</strong></span> <span class='ocrx_word' id='word_1_680' title='bbox 3010 4572 3131 4628; x_wconf 89' lang='lat' dir='ltr'><strong>Filii</strong></span> <span class='ocrx_word' id='word_1_681' title='bbox 3172 4575 3584 4645; x_wconf 83' lang='lat' dir='ltr'><strong>appellationem</strong></span> 
     </span>
    </p>
   </div>
   <div class='ocr_carea' id='block_1_93' title="bbox 346 4675 719 4745">
    <p class='ocr_par' dir='ltr' id='par_1_93' title="bbox 346 4675 719 4745">
     <span class='ocr_line' id='line_1_93' title="bbox 346 4675 719 4745; baseline -0.011 -13"><span class='ocrx_word' id='word_1_682' title='bbox 346 4675 719 4745; x_wconf 88' lang='lat' dir='ltr'><strong>interpretari.</strong></span> 
     </span>
    </p>
   </div>
   <div class='ocr_carea' id='block_1_94' title="bbox 429 4711 1904 4837">
    <p class='ocr_par' dir='ltr' id='par_1_94' title="bbox 429 4711 1895 4837">
     <span class='ocr_line' id='line_1_94' title="bbox 429 4711 1895 4837; baseline -0.001 -17"><span class='ocrx_word' id='word_1_683' title='bbox 429 4711 681 4820; x_wconf 49' lang='lat' dir='ltr'><strong>‘cAi’k’cérci</strong></span> <span class='ocrx_word' id='word_1_684' title='bbox 705 4767 766 4820; x_wconf 80' lang='grc' dir='ltr'><strong>τὸ</strong></span> <span class='ocrx_word' id='word_1_685' title='bbox 788 4766 989 4837; x_wconf 85' lang='grc' dir='ltr'>βιϐλίον</span> <span class='ocrx_word' id='word_1_686' title='bbox 1015 4767 1174 4822; x_wconf 91' lang='grc' dir='ltr'>πάλιν</span> <span class='ocrx_word' id='word_1_687' title='bbox 1200 4764 1529 4820; x_wconf 79' lang='grc' dir='ltr'>ὲπανακτέον</span> <span class='ocrx_word' id='word_1_688' title='bbox 1549 4765 1646 4836; x_wconf 83' lang='grc' dir='ltr'><strong>τὴν</strong></span> <span class='ocrx_word' id='word_1_689' title='bbox 1667 4765 1895 4836; x_wconf 86' lang='grc' dir='ltr'>θεωρίαν</span> 
     </span>
    </p>
   </div>
   <div class='ocr_carea' id='block_1_95' title="bbox 2007 4711 3588 4837">
    <p class='ocr_par' dir='ltr' id='par_1_95' title="bbox 2094 4733 3588 4830">
     <span class='ocr_line' id='line_1_95' title="bbox 2094 4733 3588 4830; baseline -0.002 -14"><span class='ocrx_word' id='word_1_690' title='bbox 2094 4761 2199 4816; x_wconf 89' lang='lat' dir='ltr'><strong>Sed</strong></span> <span class='ocrx_word' id='word_1_691' title='bbox 2231 4761 2295 4814; x_wconf 87' lang='lat' dir='ltr'><strong>ad</strong></span> <span class='ocrx_word' id='word_1_692' title='bbox 2344 4733 2465 4830; x_wconf 87' lang='lat' dir='ltr'><strong>ejus</strong></span> <span class='ocrx_word' id='word_1_693' title='bbox 2505 4757 2744 4812; x_wconf 86' lang='lat' dir='ltr'><strong>libellum</strong></span> <span class='ocrx_word' id='word_1_694' title='bbox 2788 4756 3303 4826; x_wconf 87' lang='lat' dir='ltr'><strong>contemplationem</strong></span> <span class='ocrx_word' id='word_1_695' title='bbox 3355 4758 3588 4813; x_wconf 76' lang='lat' dir='ltr'><strong>transie-</strong></span> 
     </span>
    </p>
   </div>
   <div class='ocr_carea' id='block_1_96' title="bbox 347 4855 1918 4927">
    <p class='ocr_par' dir='ltr' id='par_1_96' title="bbox 347 4855 1918 4927">
     <span class='ocr_line' id='line_1_96' title="bbox 347 4855 1918 4927; baseline -0.001 -17"><span class='ocrx_word' id='word_1_696' title='bbox 347 4857 464 4910; x_wconf 86' lang='grc' dir='ltr'>Οὑκ</span> <span class='ocrx_word' id='word_1_697' title='bbox 511 4857 626 4910; x_wconf 76' lang='grc' dir='ltr'>ἔστι</span> <span class='ocrx_word' id='word_1_698' title='bbox 663 4857 772 4910; x_wconf 83' lang='grc' dir='ltr'><strong>τῶν</strong></span> <span class='ocrx_word' id='word_1_699' title='bbox 817 4855 1018 4922; x_wconf 87' lang='grc' dir='ltr'>αὑτῶν,</span> <span class='ocrx_word' id='word_1_700' title='bbox 1051 4856 1140 4908; x_wconf 79' lang='grc' dir='ltr'>τὸν</span> <span class='ocrx_word' id='word_1_701' title='bbox 1181 4855 1436 4927; x_wconf 77' lang='grc' dir='ltr'>γεννητὸν</span> <span class='ocrx_word' id='word_1_702' title='bbox 1465 4855 1709 4926; x_wconf 83' lang='grc' dir='ltr'>γέννημα</span> <span class='ocrx_word' id='word_1_703' title='bbox 1740 4855 1918 4922; x_wconf 89' lang='grc' dir='ltr'>λέγειν</span> 
     </span>
    </p>
   </div>
   <div class='ocr_carea' id='block_1_97' title="bbox 351 4947 1922 5022">
    <p class='ocr_par' dir='ltr' id='par_1_97' title="bbox 351 4947 1922 5022">
     <span class='ocr_line' id='line_1_97' title="bbox 351 4947 1922 5022; baseline 0.003 -21"><span class='ocrx_word' id='word_1_704' title='bbox 351 4951 429 5022; x_wconf 81' lang='grc' dir='ltr'>μὴ</span> <span class='ocrx_word' id='word_1_705' title='bbox 465 4949 882 5020; x_wconf 88' lang='grc' dir='ltr'>παραιτεῖσθαι·</span> <span class='ocrx_word' id='word_1_706' title='bbox 927 4951 1038 5014; x_wconf 82' lang='grc' dir='ltr'>τοῖς</span> <span class='ocrx_word' id='word_1_707' title='bbox 1083 4947 1191 5020; x_wconf 81' lang='grc' dir='ltr'>γὰρ</span> <span class='ocrx_word' id='word_1_708' title='bbox 1243 4947 1465 5001; x_wconf 75' lang='grc' dir='ltr'>ἐκείνων</span> <span class='ocrx_word' id='word_1_709' title='bbox 1511 4949 1786 5018; x_wconf 84' lang='grc' dir='ltr'>χρήσομαι</span> <span class='ocrx_word' id='word_1_710' title='bbox 1825 4947 1922 5018; x_wconf 78' lang='grc' dir='ltr'><strong>ῥή-</strong></span> 
     </span>
    </p>
   </div>
   <div class='ocr_carea' id='block_1_98' title="bbox 354 5035 1920 5113">
    <p class='ocr_par' dir='ltr' id='par_1_98' title="bbox 354 5035 1920 5113">
     <span class='ocr_line' id='line_1_98' title="bbox 354 5035 1920 5113; baseline -0.001 -20"><span class='ocrx_word' id='word_1_711' title='bbox 354 5056 559 5113; x_wconf 84' lang='grc' dir='ltr'>μασιν·</span> <span class='ocrx_word' id='word_1_712' title='bbox 624 5041 734 5109; x_wconf 78' lang='grc' dir='ltr'>τῆς</span> <span class='ocrx_word' id='word_1_713' title='bbox 769 5040 1162 5110; x_wconf 78' lang='grc' dir='ltr'>τεννηθείσης</span> <span class='ocrx_word' id='word_1_714' title='bbox 1195 5036 1380 5106; x_wconf 84' lang='grc' dir='ltr'>αὐτῆς</span> <span class='ocrx_word' id='word_1_715' title='bbox 1421 5038 1634 5103; x_wconf 83' lang='grc' dir='ltr'>οὐσίας</span> <span class='ocrx_word' id='word_1_716' title='bbox 1677 5038 1771 5091; x_wconf 78' lang='grc' dir='ltr'><strong>καί</strong></span> <span class='ocrx_word' id='word_1_717' title='bbox 1811 5035 1920 5104; x_wconf 82' lang='grc' dir='ltr'>τῆς</span> 
     </span>
    </p>
   </div>
   <div class='ocr_carea' id='block_1_99' title="bbox 351 5124 1920 5198">
    <p class='ocr_par' dir='ltr' id='par_1_99' title="bbox 351 5124 1920 5198">
     <span class='ocr_line' id='line_1_99' title="bbox 351 5124 1920 5198; baseline -0.006 -11"><span class='ocrx_word' id='word_1_718' title='bbox 351 5132 462 5187; x_wconf 86' lang='grc' dir='ltr'>τοῦ</span> <span class='ocrx_word' id='word_1_719' title='bbox 500 5130 635 5185; x_wconf 80' lang='grc' dir='ltr'>Υίοῦ</span> <span class='ocrx_word' id='word_1_720' title='bbox 664 5129 1066 5198; x_wconf 80' lang='grc' dir='ltr'>προσηγορίας</span> <span class='ocrx_word' id='word_1_721' title='bbox 1099 5127 1215 5196; x_wconf 82' lang='grc' dir='ltr'><strong>τὴν</strong></span> <span class='ocrx_word' id='word_1_722' title='bbox 1252 5127 1533 5194; x_wconf 78' lang='grc' dir='ltr'>τοιαύτην</span> <span class='ocrx_word' id='word_1_723' title='bbox 1560 5124 1678 5179; x_wconf 75' lang='grc' dir='ltr'><strong>τῶν</strong></span> <span class='ocrx_word' id='word_1_724' title='bbox 1706 5125 1920 5193; x_wconf 75' lang='grc' dir='ltr'>ὀνομά-</span> 
     </span>
    </p>
   </div>
   <div class='ocr_carea' id='block_1_100' title="bbox 350 5216 1925 5290">
    <p class='ocr_par' dir='ltr' id='par_1_100' title="bbox 350 5216 1925 5290">
     <span class='ocr_line' id='line_1_100' title="bbox 350 5216 1925 5290; baseline -0.006 -11"><span class='ocrx_word' id='word_1_725' title='bbox 350 5242 473 5278; x_wconf 79' lang='grc' dir='ltr'>των</span> <span class='ocrx_word' id='word_1_726' title='bbox 505 5222 910 5290; x_wconf 76' lang='grc' dir='ltr'>οικειουμένης</span> <span class='ocrx_word' id='word_1_727' title='bbox 949 5220 1185 5290; x_wconf 71' lang='grc' dir='ltr'>σχέσιν·</span> <span class='ocrx_word' id='word_1_728' title='bbox 1247 5217 1338 5274; x_wconf 75' lang='grc' dir='ltr'>καὶ</span> <span class='ocrx_word' id='word_1_729' title='bbox 1375 5217 1536 5270; x_wconf 89' lang='grc' dir='ltr'>πάλιν</span> <span class='ocrx_word' id='word_1_730' title='bbox 1567 5216 1925 5286; x_wconf 81' lang='grc' dir='ltr'>μετατεθῆναι</span> 
     </span>
    </p>
   </div>
   <div class='ocr_carea' id='block_1_101' title="bbox 349 5306 1920 5384">
    <p class='ocr_par' dir='ltr' id='par_1_101' title="bbox 349 5306 1920 5384">
     <span class='ocr_line' id='line_1_101' title="bbox 349 5306 1920 5384; baseline -0.006 -18"><span class='ocrx_word' id='word_1_731' title='bbox 349 5315 451 5377; x_wconf 75' lang='grc' dir='ltr'>τὰς</span> <span class='ocrx_word' id='word_1_732' title='bbox 483 5313 780 5384; x_wconf 83' lang='grc' dir='ltr'>προσφυεῖς</span> <span class='ocrx_word' id='word_1_733' title='bbox 810 5311 1101 5380; x_wconf 81' lang='grc' dir='ltr'>ὀνομασίας</span> <span class='ocrx_word' id='word_1_734' title='bbox 1137 5311 1217 5372; x_wconf 87' lang='grc' dir='ltr'>εἰς</span> <span class='ocrx_word' id='word_1_735' title='bbox 1257 5309 1523 5380; x_wconf 80' lang='grc' dir='ltr'>τροπικὰς</span> <span class='ocrx_word' id='word_1_736' title='bbox 1573 5306 1920 5377; x_wconf 84' lang='grc' dir='ltr'>μεταλήψεις,</span> 
     </span>
    </p>
   </div>
   <div class='ocr_carea' id='block_1_102' title="bbox 351 5399 1924 5472">
    <p class='ocr_par' dir='ltr' id='par_1_102' title="bbox 351 5399 1924 5472">
     <span class='ocr_line' id='line_1_102' title="bbox 351 5399 1924 5472; baseline -0.003 -16"><span class='ocrx_word' id='word_1_737' title='bbox 351 5403 497 5457; x_wconf 80' lang='grc' dir='ltr'>ὥστε</span> <span class='ocrx_word' id='word_1_738' title='bbox 524 5404 667 5455; x_wconf 92' lang='grc' dir='ltr'>δυοῖν</span> <span class='ocrx_word' id='word_1_739' title='bbox 702 5403 946 5472; x_wconf 87' lang='grc' dir='ltr'>θάτερον,</span> <span class='ocrx_word' id='word_1_740' title='bbox 978 5402 1011 5472; x_wconf 82' lang='grc' dir='ltr'>ἢ</span> <span class='ocrx_word' id='word_1_741' title='bbox 1045 5402 1106 5454; x_wconf 79' lang='grc' dir='ltr'>τὸ</span> <span class='ocrx_word' id='word_1_742' title='bbox 1132 5402 1394 5471; x_wconf 72' lang='grc' dir='ltr'>πρότερον</span> <span class='ocrx_word' id='word_1_743' title='bbox 1418 5399 1524 5452; x_wconf 85' lang='grc' dir='ltr'><strong>τῶν</strong></span> <span class='ocrx_word' id='word_1_744' title='bbox 1563 5399 1924 5468; x_wconf 78' lang='grc' dir='ltr'>ἐπιχειρημά-</span> 
     </span>
    </p>
   </div>
   <div class='ocr_carea' id='block_1_103' title="bbox 352 5489 1926 5561">
    <p class='ocr_par' dir='ltr' id='par_1_103' title="bbox 352 5489 1926 5561">
     <span class='ocr_line' id='line_1_103' title="bbox 352 5489 1926 5561; baseline -0.003 -14"><span class='ocrx_word' id='word_1_745' title='bbox 352 5511 465 5547; x_wconf 89' lang='grc' dir='ltr'><strong>των</strong></span> <span class='ocrx_word' id='word_1_746' title='bbox 513 5495 698 5557; x_wconf 86' lang='grc' dir='ltr'>αὑτοῖς</span> <span class='ocrx_word' id='word_1_747' title='bbox 729 5493 1112 5554; x_wconf 83' lang='grc' dir='ltr'>διαπέπτωκε,</span> <span class='ocrx_word' id='word_1_748' title='bbox 1160 5495 1254 5544; x_wconf 81' lang='grc' dir='ltr'><strong>καὶ</strong></span> <span class='ocrx_word' id='word_1_749' title='bbox 1305 5489 1479 5561; x_wconf 86' lang='grc' dir='ltr'>μάτην</span> <span class='ocrx_word' id='word_1_750' title='bbox 1524 5489 1926 5559; x_wconf 84' lang='grc' dir='ltr'>καταφεύγουσι</span> 
     </span>
    </p>
   </div>
   <div class='ocr_carea' id='block_1_104' title="bbox 355 5580 1926 5654">
    <p class='ocr_par' dir='ltr' id='par_1_104' title="bbox 355 5580 1926 5654">
     <span class='ocr_line' id='line_1_104' title="bbox 355 5580 1926 5654; baseline -0.005 -14"><span class='ocrx_word' id='word_1_751' title='bbox 355 5589 496 5651; x_wconf 81' lang='grc' dir='ltr'>πρὸς</span> <span class='ocrx_word' id='word_1_752' title='bbox 527 5583 625 5654; x_wconf 75' lang='grc' dir='ltr'><strong>τὴν</strong></span> <span class='ocrx_word' id='word_1_753' title='bbox 664 5589 728 5638; x_wconf 81' lang='grc' dir='ltr'>ὲκ</span> <span class='ocrx_word' id='word_1_754' title='bbox 754 5585 967 5653; x_wconf 81' lang='grc' dir='ltr'>φύσεως</span> <span class='ocrx_word' id='word_1_755' title='bbox 995 5583 1167 5646; x_wconf 83' lang='grc' dir='ltr'>τάξιν,</span> <span class='ocrx_word' id='word_1_756' title='bbox 1199 5584 1277 5644; x_wconf 84' lang='grc' dir='ltr'>εἰς</span> <span class='ocrx_word' id='word_1_757' title='bbox 1320 5581 1662 5652; x_wconf 79' lang='grc' dir='ltr'>κατασκευὴν</span> <span class='ocrx_word' id='word_1_758' title='bbox 1693 5581 1786 5634; x_wconf 82' lang='grc' dir='ltr'>τοῦ</span> <span class='ocrx_word' id='word_1_759' title='bbox 1816 5580 1926 5633; x_wconf 86' lang='grc' dir='ltr'>δεῖν</span> 
     </span>
    </p>
   </div>
   <div class='ocr_carea' id='block_1_105' title="bbox 355 5671 1929 5751">
    <p class='ocr_par' dir='ltr' id='par_1_105' title="bbox 355 5671 1929 5751">
     <span class='ocr_line' id='line_1_105' title="bbox 355 5671 1929 5751; baseline -0.006 -17"><span class='ocrx_word' id='word_1_760' title='bbox 355 5680 605 5751; x_wconf 86' lang='grc' dir='ltr'>γέννημα</span> <span class='ocrx_word' id='word_1_761' title='bbox 640 5677 733 5731; x_wconf 80' lang='grc' dir='ltr'><strong>τὸν</strong></span> <span class='ocrx_word' id='word_1_762' title='bbox 761 5674 1082 5747; x_wconf 80' lang='grc' dir='ltr'>γεννηθέντα</span> <span class='ocrx_word' id='word_1_763' title='bbox 1118 5674 1538 5747; x_wconf 79' lang='grc' dir='ltr'>προσαγορεύειν</span> <span class='ocrx_word' id='word_1_764' title='bbox 1565 5691 1578 5704; x_wconf 91' lang='grc'><strong>·</strong></span> <span class='ocrx_word' id='word_1_765' title='bbox 1626 5673 1660 5745; x_wconf 80' lang='grc' dir='ltr'>ἢ</span> <span class='ocrx_word' id='word_1_766' title='bbox 1688 5674 1736 5726; x_wconf 82' lang='grc' dir='ltr'><strong>εί</strong></span> <span class='ocrx_word' id='word_1_767' title='bbox 1771 5671 1929 5727; x_wconf 78' lang='grc' dir='ltr'>τοῦτο</span> 
     </span>
    </p>
   </div>
   <div class='ocr_carea' id='block_1_106' title="bbox 2025 4847 3589 4919">
    <p class='ocr_par' dir='ltr' id='par_1_106' title="bbox 2025 4847 3589 4919">
     <span class='ocr_line' id='line_1_106' title="bbox 2025 4847 3589 4919; baseline -0.002 -13"><span class='ocrx_word' id='word_1_768' title='bbox 2025 4867 2235 4907; x_wconf 83' lang='lat' dir='ltr'><strong>ramus.</strong></span> <span class='ocrx_word' id='word_1_769' title='bbox 2263 4850 2381 4905; x_wconf 89' lang='lat' dir='ltr'><strong>Non</strong></span> <span class='ocrx_word' id='word_1_770' title='bbox 2423 4857 2507 4906; x_wconf 88' lang='lat' dir='ltr'><strong>est</strong></span> <span class='ocrx_word' id='word_1_771' title='bbox 2544 4847 2892 4910; x_wconf 90' lang='lat' dir='ltr'><strong>eorumdem,</strong></span> <span class='ocrx_word' id='word_1_772' title='bbox 2929 4848 3167 4915; x_wconf 88' lang='lat' dir='ltr'><strong>genitum</strong></span> <span class='ocrx_word' id='word_1_773' title='bbox 3223 4857 3276 4900; x_wconf 91' lang='lat' dir='ltr'><strong>et</strong></span> <span class='ocrx_word' id='word_1_774' title='bbox 3323 4863 3589 4919; x_wconf 86' lang='lat' dir='ltr'><strong>genuema</strong></span> 
     </span>
    </p>
   </div>
   <div class='ocr_carea' id='block_1_107' title="bbox 2026 4938 3589 5012">
    <p class='ocr_par' dir='ltr' id='par_1_107' title="bbox 2026 4938 3589 5012">
     <span class='ocr_line' id='line_1_107' title="bbox 2026 4938 3589 5012; baseline 0.002 -19"><span class='ocrx_word' id='word_1_775' title='bbox 2026 4939 2404 5012; x_wconf 84' lang='lat' dir='ltr'><strong>(progeniem)</strong></span> <span class='ocrx_word' id='word_1_776' title='bbox 2455 4939 2638 4993; x_wconf 89' lang='lat' dir='ltr'><strong>dicere</strong></span> <span class='ocrx_word' id='word_1_777' title='bbox 2684 4951 2794 4990; x_wconf 91' lang='lat' dir='ltr'><strong>non</strong></span> <span class='ocrx_word' id='word_1_778' title='bbox 2846 4950 3101 4992; x_wconf 82' lang='lat' dir='ltr'><strong>recusare</strong></span> <span class='ocrx_word' id='word_1_779' title='bbox 3151 4938 3390 5008; x_wconf 91' lang='lat' dir='ltr'><strong>(illorum</strong></span> <span class='ocrx_word' id='word_1_780' title='bbox 3445 4942 3589 4996; x_wconf 87' lang='lat' dir='ltr'><strong>enim</strong></span> 
     </span>
    </p>
   </div>
   <div class='ocr_carea' id='block_1_108' title="bbox 2024 5030 3592 5101">
    <p class='ocr_par' dir='ltr' id='par_1_108' title="bbox 2024 5030 3592 5101">
     <span class='ocr_line' id='line_1_108' title="bbox 2024 5030 3592 5101; baseline -0.002 -14"><span class='ocrx_word' id='word_1_781' title='bbox 2024 5033 2208 5087; x_wconf 83' lang='lat' dir='ltr'><strong>verbis</strong></span> <span class='ocrx_word' id='word_1_782' title='bbox 2251 5031 2415 5101; x_wconf 91' lang='lat' dir='ltr'><strong>utar),</strong></span> <span class='ocrx_word' id='word_1_783' title='bbox 2452 5047 2569 5084; x_wconf 86' lang='lat' dir='ltr'><strong>cum</strong></span> <span class='ocrx_word' id='word_1_784' title='bbox 2603 5030 2775 5100; x_wconf 78' lang='lat' dir='ltr'><strong>genita</strong></span> <span class='ocrx_word' id='word_1_785' title='bbox 2813 5030 2928 5097; x_wconf 82' lang='lat' dir='ltr'><strong>ipsa</strong></span> <span class='ocrx_word' id='word_1_786' title='bbox 2969 5031 3193 5084; x_wconf 81' lang='lat' dir='ltr'><strong>essentia</strong></span> <span class='ocrx_word' id='word_1_787' title='bbox 3233 5041 3282 5085; x_wconf 88' lang='lat' dir='ltr'><strong>et</strong></span> <span class='ocrx_word' id='word_1_788' title='bbox 3327 5030 3458 5085; x_wconf 84' lang='lat' dir='ltr'><strong>Filii</strong></span> <span class='ocrx_word' id='word_1_789' title='bbox 3494 5049 3592 5100; x_wconf 88' lang='lat' dir='ltr'><strong>ap-</strong></span> 
     </span>
    </p>
   </div>
   <div class='ocr_carea' id='block_1_109' title="bbox 2025 5120 3592 5193">
    <p class='ocr_par' dir='ltr' id='par_1_109' title="bbox 2025 5120 3592 5193">
     <span class='ocr_line' id='line_1_109' title="bbox 2025 5120 3592 5193; baseline -0.004 -13"><span class='ocrx_word' id='word_1_790' title='bbox 2025 5123 2241 5193; x_wconf 80' lang='lat' dir='ltr'><strong>pellatio</strong></span> <span class='ocrx_word' id='word_1_791' title='bbox 2274 5124 2431 5179; x_wconf 78' lang='lat' dir='ltr'><strong>talem</strong></span> <span class='ocrx_word' id='word_1_792' title='bbox 2481 5124 2752 5179; x_wconf 82' lang='lat' dir='ltr'><strong>nominum</strong></span> <span class='ocrx_word' id='word_1_793' title='bbox 2789 5120 2890 5175; x_wconf 81' lang='lat' dir='ltr'><strong>sibi</strong></span> <span class='ocrx_word' id='word_1_794' title='bbox 2928 5123 3196 5191; x_wconf 85' lang='lat' dir='ltr'><strong>propriam</strong></span> <span class='ocrx_word' id='word_1_795' title='bbox 3243 5122 3464 5176; x_wconf 83' lang='lat' dir='ltr'><strong>vindicet</strong></span> <span class='ocrx_word' id='word_1_796' title='bbox 3509 5139 3592 5174; x_wconf 80' lang='lat' dir='ltr'><strong>re-</strong></span> 
     </span>
    </p>
   </div>
   <div class='ocr_carea' id='block_1_110' title="bbox 2031 5216 3585 5284">
    <p class='ocr_par' dir='ltr' id='par_1_110' title="bbox 2031 5216 3585 5284">
     <span class='ocr_line' id='line_1_110' title="bbox 2031 5216 3585 5284; baseline -0.004 -14"><span class='ocrx_word' id='word_1_797' title='bbox 2031 5219 2280 5272; x_wconf 82' lang='lat' dir='ltr'><strong>lationem</strong></span> <span class='ocrx_word' id='word_1_798' title='bbox 2304 5233 2318 5269; x_wconf 86' lang='lat'><strong>:</strong></span> <span class='ocrx_word' id='word_1_799' title='bbox 2358 5221 2414 5268; x_wconf 89' lang='lat' dir='ltr'><strong>et</strong></span> <span class='ocrx_word' id='word_1_800' title='bbox 2437 5231 2628 5271; x_wconf 87' lang='lat' dir='ltr'><strong>rursus</strong></span> <span class='ocrx_word' id='word_1_801' title='bbox 2656 5216 2954 5270; x_wconf 78' lang='lat' dir='ltr'><strong>transferre</strong></span> <span class='ocrx_word' id='word_1_802' title='bbox 2986 5218 3248 5284; x_wconf 83' lang='lat' dir='ltr'><strong>genuinas</strong></span> <span class='ocrx_word' id='word_1_803' title='bbox 3273 5222 3326 5268; x_wconf 86' lang='lat' dir='ltr'><strong>et</strong></span> <span class='ocrx_word' id='word_1_804' title='bbox 3369 5220 3585 5266; x_wconf 87' lang='lat' dir='ltr'><strong>natura-</strong></span> 
     </span>
    </p>
   </div>
   <div class='ocr_carea' id='block_1_111' title="bbox 2026 5300 3590 5377">
    <p class='ocr_par' dir='ltr' id='par_1_111' title="bbox 2026 5300 3590 5377">
     <span class='ocr_line' id='line_1_111' title="bbox 2026 5300 3590 5377; baseline -0.006 -14"><span class='ocrx_word' id='word_1_805' title='bbox 2026 5310 2105 5363; x_wconf 88' lang='lat' dir='ltr'><strong>les</strong></span> <span class='ocrx_word' id='word_1_806' title='bbox 2145 5309 2543 5362; x_wconf 88' lang='lat' dir='ltr'><strong>nominationcs</strong></span> <span class='ocrx_word' id='word_1_807' title='bbox 2591 5307 2656 5361; x_wconf 89' lang='lat' dir='ltr'><strong>ad</strong></span> <span class='ocrx_word' id='word_1_808' title='bbox 2689 5307 2927 5377; x_wconf 90' lang='lat' dir='ltr'><strong>tropicas</strong></span> <span class='ocrx_word' id='word_1_809' title='bbox 2958 5304 3471 5372; x_wconf 81' lang='lat' dir='ltr'><strong>transsumptiones,</strong></span> <span class='ocrx_word' id='word_1_810' title='bbox 3520 5300 3590 5353; x_wconf 90' lang='lat' dir='ltr'><strong>ita</strong></span> 
     </span>
    </p>
   </div>
   <div class='ocr_carea' id='block_1_112' title="bbox 2030 5399 3593 5469">
    <p class='ocr_par' dir='ltr' id='par_1_112' title="bbox 2030 5399 3593 5469">
     <span class='ocr_line' id='line_1_112' title="bbox 2030 5399 3593 5469; baseline -0.005 -15"><span class='ocrx_word' id='word_1_811' title='bbox 2030 5409 2087 5454; x_wconf 91' lang='lat' dir='ltr'><strong>ut</strong></span> <span class='ocrx_word' id='word_1_812' title='bbox 2119 5399 2350 5454; x_wconf 88' lang='lat' dir='ltr'><strong>duorum</strong></span> <span class='ocrx_word' id='word_1_813' title='bbox 2396 5400 2771 5463; x_wconf 58' lang='lat' dir='ltr'><strong>alterum,,vel</strong></span> <span class='ocrx_word' id='word_1_814' title='bbox 2815 5401 2966 5469; x_wconf 87' lang='lat' dir='ltr'><strong>prius</strong></span> <span class='ocrx_word' id='word_1_815' title='bbox 3005 5399 3247 5466; x_wconf 91' lang='lat' dir='ltr'><strong>ipsorum</strong></span> <span class='ocrx_word' id='word_1_816' title='bbox 3301 5407 3593 5461; x_wconf 85' lang='lat' dir='ltr'><strong>argumen-</strong></span> 
     </span>
    </p>
   </div>
   <div class='ocr_carea' id='block_1_113' title="bbox 2029 5483 3594 5559">
    <p class='ocr_par' dir='ltr' id='par_1_113' title="bbox 2029 5483 3594 5559">
     <span class='ocr_line' id='line_1_113' title="bbox 2029 5483 3594 5559; baseline -0.003 -17"><span class='ocrx_word' id='word_1_817' title='bbox 2029 5497 2142 5542; x_wconf 87' lang='lat' dir='ltr'><strong>tum</strong></span> <span class='ocrx_word' id='word_1_818' title='bbox 2167 5489 2388 5554; x_wconf 80' lang='lat' dir='ltr'><strong>excidit,</strong></span> <span class='ocrx_word' id='word_1_819' title='bbox 2415 5488 2728 5559; x_wconf 81' lang='lat' dir='ltr'><strong>frustraque</strong></span> <span class='ocrx_word' id='word_1_820' title='bbox 2759 5489 2824 5542; x_wconf 85' lang='lat' dir='ltr'><strong>ad</strong></span> <span class='ocrx_word' id='word_1_821' title='bbox 2849 5495 3061 5540; x_wconf 74' lang='lat' dir='ltr'><strong>natura:</strong></span> <span class='ocrx_word' id='word_1_822' title='bbox 3103 5483 3348 5536; x_wconf 88' lang='lat' dir='ltr'><strong>ordinetn</strong></span> <span class='ocrx_word' id='word_1_823' title='bbox 3400 5483 3594 5538; x_wconf 79' lang='lat' dir='ltr'><strong>confu-</strong></span> 
     </span>
    </p>
   </div>
   <div class='ocr_carea' id='block_1_114' title="bbox 2030 5573 3596 5652">
    <p class='ocr_par' dir='ltr' id='par_1_114' title="bbox 2030 5573 3596 5652">
     <span class='ocr_line' id='line_1_114' title="bbox 2030 5573 3596 5652; baseline -0.003 -18"><span class='ocrx_word' id='word_1_824' title='bbox 2030 5581 2185 5652; x_wconf 86' lang='lat' dir='ltr'><strong>giunt</strong></span> <span class='ocrx_word' id='word_1_825' title='bbox 2219 5581 2286 5634; x_wconf 87' lang='lat' dir='ltr'><strong>ad</strong></span> <span class='ocrx_word' id='word_1_826' title='bbox 2329 5579 2683 5635; x_wconf 85' lang='lat' dir='ltr'><strong>astruendum</strong></span> <span class='ocrx_word' id='word_1_827' title='bbox 2734 5585 2986 5648; x_wconf 90' lang='lat' dir='ltr'><strong>oportere</strong></span> <span class='ocrx_word' id='word_1_828' title='bbox 3031 5574 3268 5645; x_wconf 88' lang='lat' dir='ltr'><strong>genitum</strong></span> <span class='ocrx_word' id='word_1_829' title='bbox 3323 5573 3596 5643; x_wconf 80' lang='lat' dir='ltr'><strong>appellare</strong></span> 
     </span>
    </p>
   </div>
   <div class='ocr_carea' id='block_1_115' title="bbox 2036 5665 3596 5744">
    <p class='ocr_par' dir='ltr' id='par_1_115' title="bbox 2036 5665 3596 5744">
     <span class='ocr_line' id='line_1_115' title="bbox 2036 5665 3596 5744; baseline -0.004 -18"><span class='ocrx_word' id='word_1_830' title='bbox 2036 5687 2298 5744; x_wconf 85' lang='lat' dir='ltr'><strong>gennema</strong></span> <span class='ocrx_word' id='word_1_831' title='bbox 2331 5671 2720 5742; x_wconf 81' lang='lat' dir='ltr'><strong>(progeniem):</strong></span> <span class='ocrx_word' id='word_1_832' title='bbox 2769 5667 2909 5738; x_wconf 85' lang='lat' dir='ltr'><strong>quod</strong></span> <span class='ocrx_word' id='word_1_833' title='bbox 2955 5666 3001 5721; x_wconf 80' lang='lat' dir='ltr'><strong>si</strong></span> <span class='ocrx_word' id='word_1_834' title='bbox 3034 5665 3164 5720; x_wconf 88' lang='lat' dir='ltr'><strong>illud</strong></span> <span class='ocrx_word' id='word_1_835' title='bbox 3207 5666 3596 5722; x_wconf 82' lang='lat' dir='ltr'><strong>convenienter</strong></span> 
     </span>
    </p>
   </div>
  </div>
