4054 6150
444 321 562 377 σιο

1692 317 1754 377 S.
1782 320 2110 378 GREGORII
2153 318 2441 376 NYSSENI

3609 319 3715 376 6'30

456 435 638 509 nymia
677 434 792 490 sive
826 432 1064 489 nominis
1088 432 1414 503 ambiguitas
1452 435 1735 490 veritatem
1764 434 2023 493 fallaciter

2138 439 2339 509 σαρκὸς
2373 439 2454 502 είς
2500 437 2561 490 τὸ
2590 431 2727 491 εἶναι
2759 436 2989 506 πάροδος
3038 434 3196 506 ύλική
3244 433 3326 499 τίς
3364 432 3479 489 ἐστι
3508 435 3605 490 καὶ
3629 438 3718 492 διὰ

454 532 744 593 pervertat.
773 523 1042 590 Quoniam
1077 523 1242 595 igitur
1271 525 1357 579 via
1388 540 1510 595 quae
1542 540 1641 595 per
1671 542 1893 582 carnem
1930 531 2031 583 ali-

451 617 584 689 quid
608 632 730 672 esse
773 616 921 679 facit,
960 616 1255 671 materialis
1285 617 1530 689 quaedam
1561 626 1723 674 estet
1758 635 1853 689 per
1901 619 2031 676 alii:-

444 713 600 760 rctum
652 705 995 776 provehitur,
1050 704 1194 775 quod
1244 715 1426 762 autem
1482 709 1868 778 incorporeum
1928 726 2030 767 nec

448 796 600 869 tangi
630 803 810 868 potest
845 806 899 852 ct
942 796 1175 853 informe
1205 804 1257 852 et
1298 797 1367 852 ab
1414 802 1560 853 omni
1599 800 1862 855 materiali
1899 818 2030 858 con-

440 889 694 945 cretione
727 882 962 945 liberum
1003 889 1193 960 procul
1229 890 1296 945 ab
1328 892 1474 944 onmi
1500 890 1791 947 affectione
1826 904 1879 949 et
1910 909 2031 963 per-

442 981 761 1037 turbatione
792 990 1063 1037 remotum
1081 990 1167 1038 est
1195 989 1249 1036 et
1275 982 1548 1037 alienum:
1574 983 1643 1037 de
1666 998 1774 1054 qua
1804 1000 2033 1055 genera-

446 1071 598 1128 tione
640 1073 904 1142 quzeritur
931 1073 1037 1127 hoc
1069 1073 1212 1137 loco,
1257 1080 1507 1143 spectare
1536 1076 1810 1141 convenit,
1860 1090 1929 1143 an
1964 1077 2030 1133 de

452 1161 851 1232 iucorrnptibili
894 1170 949 1217 ct
994 1163 1201 1224 divina,
1256 1178 1325 1217 an
1360 1163 1426 1218 de
1458 1163 1694 1219 obnoxia
1742 1163 2030 1223 affectibus

450 1265 502 1309 et
530 1254 773 1310 sordida.
804 1254 909 1310 Sed
928 1255 1111 1311 nullus
1133 1256 1329 1311 dixerit
1350 1255 1419 1311 de
1439 1256 1717 1327 unigenito
1740 1255 1851 1313 Deo
1875 1269 2032 1313 aeter—

447 1360 576 1399 nam
605 1346 978 1400 exsistentiam
995 1362 1105 1400 non
1132 1349 1359 1417 proponi
1391 1349 1840 1419 contemplationi
1865 1350 2028 1421 hujus

444 1437 742 1492 sermonis.
786 1435 925 1504 Quid
976 1438 1139 1508 igitur
1181 1438 1503 1494 immoratur
1533 1441 1585 1494 in
1624 1441 1725 1495 hac
1758 1442 2029 1513 corporali

454 1536 662 1581 natura:
699 1528 931 1591 ratione,
986 1529 1040 1582 in
1076 1529 1441 1585 abominando
1480 1539 1534 1585 et
1586 1530 1731 1586 foedo
1762 1534 2032 1590 sermonis

443 1626 740 1688 apparatu,
785 1627 1036 1673 naturam
1084 1619 1343 1676 sordibus
1384 1622 1701 1693 inquinans,
1740 1623 2023 1679 libidines-

443 1724 557 1779 que
597 1710 847 1763 humana;
887 1712 1256 1782 generationis
1300 1713 1591 1782 publicans
1624 1718 1906 1786 proposito
1939 1734 2029 1772 ar-

2134 529 2338 593 πάθους
2368 528 2688 599 προάγεται,
2719 528 2778 580 το
2808 527 2862 580 δὲ
2887 526 3199 597 ἀσώματον,
3232 527 3329 579 καὶ
3362 528 3593 597 ἀναφὲς,
3624 530 3717 582 καὶ

2132 620 2389 685 ἀνείδεον,
2415 621 2509 677 καὶ
2531 621 2628 689 τῆς
2652 618 2883 681 ὑλώδους
2908 617 3186 688 ἐπιμιξίας
3206 617 3506 690 ἐλεύθερον,
3535 619 3718 690 πάσης

2131 711 2422 775 διαθέσεως
2444 710 2722 781 ὲμπαθοῦς
2743 709 3119 780 ἠλλοτρίωται·
3146 694 3418 782 θεωρῆσαι
3443 711 3714 781 προσήκει

2136 806 2262 875 περὶ
2292 805 2449 867 ποίας
2495 804 2799 871 γεννήσεως
2846 803 2880 874 ή
2920 801 3144 873 ζήτησις
3186 797 3277 874 ἦν,
3304 802 3403 871 τῆς
3432 803 3714 875 ἀκηράτου

2134 897 2228 951 καὶ
2254 895 2401 958 θείας
2422 935 2439 959 ,
2465 896 2498 965 ἢ
2529 896 2627 964 τῆς
2675 892 2955 965 ὲμπαθοῦς
2988 894 3082 948 καὶ
3116 892 3395 964 ρυπώτης.
3447 895 3584 948 Ἀλλ’
3608 896 3716 951 οὐκ

2132 989 2198 1043 ἄν
2225 980 2310 1050 τις
2343 986 2485 1039 είποι
2508 1026 2522 1049 ,
2563 985 2623 1039 τὺ
2674 985 2747 1056 μὴ
2789 986 2916 1055 περὶ.
2942 984 3037 1038 τοῦ
3086 984 3409 1055 μονογενοῦς
3446 984 3580 1039 Θεοῦ
3615 988 3715 1059 τὴν

2135 1076 2457 1148 προαιώνιον
2483 1074 2714 1148 ὓπαρξιν
2743 1075 3063 1148 προκεῖσθαι
3084 1077 3149 1145 τῇ
3173 1074 3373 1146 θεωρίᾳ
3402 1075 3494 1128 τοῦ
3527 1076 3708 1145 λόγου.

2134 1167 2198 1220 Τί
2233 1158 2325 1220 οὖν
2366 1165 2732 1238 ἐμφιλοχωρεῖ
2759 1169 2823 1235 τῇ
2861 1169 3147 1237 σωματικῇ
3189 1166 3359 1238 ταύτῃ
3390 1166 3713 1239 φυσιολογίᾳ

2133 1260 2191 1311 ὲν
2218 1261 2282 1329 τῇ
2321 1256 2549 1328 βδελυρᾷ
2597 1256 2692 1310 τοῦ
2733 1256 2892 1325 λόγου
2932 1256 3222 1326 διασκευῇ,
3255 1257 3711 1327 καταῤῥυπαίνων

2131 1348 2229 1421 τὴν
2262 1348 2457 1419 φύσιν,
2489 1349 2582 1401 καὶ
2628 1347 2695 1402 τὰ
2741 1347 2867 1416 περὶ
2919 1345 3015 1417 τὴν
3065 1344 3411 1416 ἀνθρωπίνην
3459 1345 3710 1416 γέννησιν

2136 1442 2281 1513 πάθη
2307 1439 2664 1512 δημοσιεύων,
2698 1437 3012 1497 καταλιπὼν
3050 1438 3148 1509 τὴν
3177 1434 3541 1507 προκειμένην
3577 1434 3713 1489 ὑπό-

2134 1533 2311 1597 θεσιν;
2343 1531 2417 1584 Οὐ
2460 1530 2569 1601 γὰρ
2602 1529 2699 1599 τὴν
2739 1527 2926 1598 ζωώδη
2972 1527 3173 1597 ταύτην
3211 1527 3463 1595 γέννησιν
3494 1525 3591 1595 τὴν
3620 1524 3712 1577 διὰ

2135 1624 2335 1697 σαρκὸς
2356 1622 2749 1693 συνισταμένην
2776 1620 2967 1692 μαθεῖν
2992 1619 3269 1690 ἐδεόμεθα.
3291 1618 3387 1681 Τίς
3408 1610 3515 1687 γὰρ
3537 1616 3712 1679 οὕτως

2132 1715 2357 1785 ἠλίθιος,
2411 1710 2486 1779 ὡς
2524 1713 2713 1768 ἑαυτὸν
2752 1711 2961 1783 βλέπων
2997 1711 3090 1765 καὶ
3129 1710 3263 1763 νοῶν
3308 1709 3365 1763 ὲν
3424 1707 3603 1778 ἑαυτῷ
3650 1708 3711 1761 τδ

448 1809 707 1870 gumento
738 1802 969 1858 relicto?
997 1801 1116 1859 Non
1148 1804 1294 1859 enim
1317 1805 1609 1860 animalem
1640 1807 1781 1862 hanc
1808 1823 2023 1877 genera-

2135 1806 2497 1877 ἀνθρώπινον,
2534 1805 2698 1875 ἄλλην
2726 1802 3022 1875 ἑρμηνείαν
3048 1804 3146 1871 τῆς
3170 1799 3366 1854 ἑαυτοῦ
3394 1800 3577 1872 ζητεῖν
3605 1800 3711 1869 φύ-

440 1891 647 1948 1ionem
673 1910 793 1963 quae
814 1909 910 1963 per
928 1909 1148 1950 carnem
1178 1897 1457 1965 perﬁcitur
1473 1896 1685 1953 discere
1703 1899 2020 1971 egebamus.

449 1980 583 2047 Quis
606 1985 750 2039 enim
784 1986 858 2039 ita
895 1985 1125 2042 stolidus
1161 1994 1221 2040 ut
1249 1986 1489 2056 seipsum
1540 1987 1759 2045 intuens
1793 1999 1845 2044 et
1879 1992 2024 2061 quod

440 2073 748 2128 'humanum
788 2083 873 2131 est
902 2077 956 2130 in
985 2077 1166 2146 seipso
1196 2078 1504 2147 intelligens
1534 2080 1700 2134 alium
1731 2083 2025 2151 suiipsius

442 2172 657 2220 naturae
683 2176 892 2235 qumrat
920 2169 1296 2239 interpretem,
1331 2177 1384 2223 et
1410 2170 1551 2224 scire
1576 2171 1814 2242 indigeat
1843 2186 2028 2226 neces-

446 2259 628 2313 sarios
664 2259 893 2315 allectus
922 2261 1017 2330 qui
1067 2262 1124 2315 ia
1170 2261 1422 2331 corporis
1466 2264 1816 2331 generatione
1848 2265 2032 2319 consi-

440 2349 745 2408 derantur?
777 2350 933 2417 Quod
956 2353 1111 2408 aliter
1137 2352 1355 2423 quidem
1378 2353 1475 2424 qui
1500 2354 1691 2424 gignit,
1718 2356 1875 2411 aliter
1900 2371 2030 2412 vero

441 2442 543 2513 qui
580 2443 823 2514 gignitur
871 2443 1123 2510 adicitur,
1176 2453 1236 2500 ut
1284 2460 1352 2500 ex
1405 2446 1507 2503 hac
1558 2446 1810 2501 doctrina
1865 2449 2029 2505 homo

350 2554 353 2557 ·
447 2537 646 2602 discat,
694 2536 844 2607 quod
899 2537 1017 2608 ipse
1062 2551 1160 2608 per
1212 2536 1468 2593 aﬂectum
1517 2548 1762 2609 generat,
1793 2548 1847 2595 et
1879 2541 2027 2610 quod

447 2626 673 2683 allectus
695 2628 744 2682 ei
779 2627 943 2682 fuerit
963 2628 1707 2699 generationisprincipium.
1732 2632 1857 2686 Haec
1879 2632 2023 2686 enim

449 2716 564 2774 sive
594 2726 881 2774 taceantur
904 2720 1023 2774 sive
1040 2718 1293 2773 dicantur
1326 2720 1463 2774 nihil
1492 2722 1739 2788 interest,
1770 2723 1888 2778 sive
1902 2724 2026 2793 quis

446 2807 780 2880 divulgando
834 2818 1043 2864 naturae
1090 2812 1307 2866 occulta
1359 2822 1593 2878 enarret,
1636 2813 1763 2868 sive
1809 2814 2026 2869 silentio

440 2897 691 2953 “involvat
709 2915 835 2969 qua:
858 2914 970 2955 non
1003 2909 1131 2956 sunt
1156 2898 1426 2955 eﬂ'erenda
1451 2900 1505 2953 in
1523 2902 1739 2970 vulgus,
1772 2910 2024 2956 naturam

2135 1890 2290 1961 σεως,
2325 1898 2419 1949 καὶ
2447 1897 2653 1949 δεῖσθαι
2690 1894 2878 1966 μαθεῖν
2921 1894 2990 1947 τὰ
3021 1894 3293 1961 ἀναγκαῖα
3323 1891 3470 1960 πάθη
3509 1892 3610 1944 ὅσα
3640 1891 3707 1960 τῇ

2133 1991 2382 2060 γεννήσει
2412 1988 2791 2057 συνθεωρεῖται
2823 1986 2915 2039 τοῦ
2950 1985 3223 2055 σώματος
3258 1985 3376 2037 Ὅτι
3405 1983 3576 2045 ἄλλως
3613 1981 3711 2052 μὲν

2133 2082 2160 2133 ὁ
2190 2081 2410 2143 τίκτων,
2448 2079 2648 2150 ἑτέρως
2676 2078 2731 2131 δὲ
2756 2078 2817 2131 τὸ
2852 2077 3165 2146 τικτόμενον
3210 2076 3266 2128 ἐν
3293 2074 3452 2128 πάθει
3479 2073 3709 2141 γίνεται,

2133 2172 2208 2235 ὡς
2225 2170 2291 2224 ἂν
2332 2170 2491 2240 μάθοι
2519 2172 2582 2223 ὲκ
2612 2169 2711 2237 τῆς
2739 2167 3085 2231 διδασκαλίας
3118 2166 3319 2235 ταύτης
3348 2167 3375 2217 ὁ
3402 2166 3707 2235 ἄνθρωπος,

2129 2264 2212 2317 ὅτι
2234 2263 2394 2325 αὑτός
2419 2279 2479 2314 τε
2511 2261 2598 2315 διά
2628 2260 2833 2323 πάθους
2880 2261 3077 2330 γεννᾷ,
3109 2260 3200 2312 καὶ
3230 2258 3398 2321 πάθος
3436 2256 3584 2326 αὐτῷ
3608 2257 3725 2326 τῆς,

2129 2354 2434 2425 γεννήσεως
2463 2350 2685 2424 ἤρξατο.
2734 2349 2919 2404 Ταῦτα
2957 2350 3065 2421 γὰρ
3108 2351 3201 2403 καὶ
3241 2348 3570 2420 σιωπώμενα
3613 2347 3709 2399 καὶ

2129 2443 2414 2515 λεγόμενα,
2441 2444 2503 2497 τὸ
2528 2440 2644 2496 ίσον
2664 2442 2798 2513 ἔχει,
2824 2442 2925 2497 κᾶν
2953 2458 3036 2505 τις
3061 2440 3259 2512 διεξείη
3279 2436 3615 2508 δημοσιεύων
3634 2435 3709 2488 τὰ

2128 2535 2357 2607 κρύφια.
2392 2534 2496 2588 κᾶν
2536 2532 2904 2602 συγκαλύπτει
2946 2534 3027 2603 τῇ.
3059 2533 3237 2600 σιωπῇ
3281 2528 3350 2582 τὰ
3383 2528 3668 2596 ἀπόρρητα
3689 2565 3706 2587 ,

2128 2628 2189 2681 τὸ
2224 2624 2312 2681 διὰ
2344 2625 2545 2688 πάθους
2580 2624 2828 2694 προϊέναι
2855 2624 2952 2695 τὴν
2984 2623 3144 2692 φύσιν
3173 2621 3331 2691 ήμῶν
3370 2620 3468 2673 οὐκ
3504 2617 3707 2689 ἠγνοή-

2132 2735 2335 2788 σαμιν·
2368 2716 2636 2787 ζητοῦμεν
2673 2716 2729 2769 δὲ
2760 2716 2891 2790 περὶ
2920 2716 3017 2785 τῆς
3059 2713 3268 2783 04mm;
3301 2712 3395 2765 καὶ
3423 2711 3707 2781 ἀφράστου

2130 2808 2263 2880 περὶ
2304 2807 2400 2861 τοῦ
2444 2806 2776 2874 Μονογενοῦς
2831 2806 3150 2877 ὑπάρξεως,
3206 2804 3326 2858 καθ’
3373 2804 3440 2874 ῆν
3494 2805 3559 2854 ἐκ
3606 2798 3706 2853 τοῦ

2132 2897 2342 2969 Πατρδς
2365 2893 2503 2951 εἶναι
2528 2898 2903 2960 πεπίστευται,
2929 2896 3322 2968 σαφηνισθῆναι
3341 2896 3433 2947 τὸν
3454 2893 3628 2961 λόγον.

440 3000 692 3047 nostram
729 2989 920 3046 affectu
948 2991 1063 3046 sive
1095 2991 1336 3060 appetitu
1369 2989 1495 3045 ferri
1538 3007 1647 3045 non
1682 2991 2021 3062 ignoramus.
2062 2988 2371 3055 Quaerimus
2418 2997 2599 3041 autem
2671 2994 2733 3041 ut
2785 2988 2960 3041 oratio
3036 2994 3224 3056 aperte
3265 2992 3461 3038 tractet
3506 2983 3574 3038 de
3612 2981 3708 3037 illa

444 3086 665 3139 excelsa
694 3093 748 3139 et
781 3100 891 3139 non
928 3082 1220 3139 enarrabili
1256 3084 1517 3153 unigeniti
1548 3082 1639 3137 Dei
1671 3084 2011 3149 exsistentia,
2054 3080 2355 3137 secundum
2391 3096 2552 3151 quam
2581 3096 2647 3135 ex
2683 3079 2794 3133 lleo
2830 3077 2989 3134 Patre
3020 3094 3145 3134 esse
3176 3077 3418 3133 creditus
3440 3086 3544 3133 est.

514 3174 702 3246 Itaque
747 3190 872 3229 cum
922 3174 1035 3229 haec
1066 3175 1138 3229 sit
1176 3175 1454 3245 proposita
1486 3174 1793 3246 inquisitio,
1845 3192 2018 3232 novus

2190 3174 2405 3243 Ταύτης
2432 3172 2609 3224 τοίνυν
2638 3172 3003 3243 προκειμένης
3038 3173 3136 3241 τῆς
3164 3172 3486 3237 ἐξετάσεως,
3525 3172 3553 3224 6
3578 3189 3708 3224 και-

436 3271 549 3327 iste
593 3268 879 3338 theologus
918 3266 1124 3321 [luxum
1180 3274 1234 3322 et
1286 3266 1540 3322 affectum
1596 3276 1650 3321 et
1689 3269 2023 3324 materialem

429 3375 664 3417 causam
681 3367 734 3415 et
760 3359 783 3413 l'
783 3361 1089 3415 unctionem
1108 3359 1397 3427 quamdam
1424 3358 1680 3413 sordibus
1698 3375 1807 3413 non
1835 3375 2027 3415 canen-

438 3464 573 3518 tem,
603 3462 655 3507 et
679 3451 1029 3507 extrinsecus
1069 3449 1378 3503 aﬂluentem
1425 3448 1650 3503 seminis
1682 3449 2023 3519 largitionem

438 3543 739 3611 omniaque
785 3539 1101 3609 huiusmodi
1163 3538 1288 3591 huic
1342 3537 1579 3592 sermoni
1624 3536 1834 3606 adjicit.
1869 3536 2025 3591 llaud

440 3634 561 3689 scio
609 3632 742 3701 quid
791 3630 840 3686 ei
891 3628 1176 3694 acciderit,
1216 3626 1312 3698 qui
1368 3629 1441 3687 ob
1469 3629 1692 3684 nimiam
1734 3628 2019 3684 scientiam

434 3721 583 3778 nihil
604 3736 795 3776 eorum
823 3734 947 3790 qum
976 3719 1359 3784 comprehendi
1390 3726 1667 3789 nequeunt
1689 3727 1842 3774 extra
1863 3733 2019 3775 suam

445 3810 816 3883 cognitionem
852 3810 1099 3866 relictum
1130 3826 1251 3867 esse
1282 3811 1571 3881 gloriatur,
1606 3821 1659 3865 et
1693 3810 2017 3865 inamabilem

435 3903 565 3959 'lt‘ilii
594 3904 1000 3975 generationem
1036 3918 1096 3958 se
1122 3902 1470 3973 interpretari
1500 3902 1804 3973 proﬁtetur,
1844 3920 1869 3955 a
1893 3918 2020 3972 pro-

446 3997 639 4068 positis
677 3997 841 4052 rebus
872 3996 1183 4059 discedens,
1239 3996 1492 4066 anguillas
1542 3996 1715 4050 instar
1774 3994 2019 4050 [eculeu-

429 4099 555 4146 :tum
590 4090 763 4144 lutum
792 4098 848 4144 et.
884 4104 1101 4145 ctenum
1145 4088 1470 4143 vilissimum
1514 4088 1903 4158 cogitationum
1938 4088 2020 4141 Iu-

436 4182 631 4237 vbricus
666 4182 837 4246 subit,
871 4196 980 4236 non
1011 4195 1173 4235 secus
1200 4195 1359 4250 quam
1391 4180 1481 4234 ille
1512 4186 1816 4235 nocturnus
1851 4178 2019 4234 Nico-

443 4274 635 4328 demus
681 4270 776 4341 qui
807 4286 930 4324 cum
962 4285 992 4324 a
1021 4268 1252 4324 Domino
1284 4284 1577 4338 supernam
1611 4269 2019 4339 generationem

440 4366 751 4429 doceretur»,
786 4364 852 4419 ad
885 4379 1003 4417 eam
1034 4379 1155 4433 quae
1186 4362 1246 4416 ﬁt
1284 4363 1341 4416 in
1373 4364 1510 4417 uteri
1540 4363 1775 4426 sinibus,
1808 4364 2017 4429 cogita-

441 4455 682 4510 tionibus
711 4454 1050 4517 trahebatur,
1084 4460 1137 4506 et
1166 4451 1443 4523 quomodo
1474 4452 1668 4508 iterum
1696 4451 1748 4506 in
1773 4459 2012 4507 ventrem

2129 3264 2217 3327 νὸς
2261 3262 2509 3330 θεολόγος
2549 3261 2737 3332 ῥεῦσιν
2788 3263 2881 3315 καὶ
2930 3261 3099 3326 πάθος
3137 3263 3233 3314 καὶ
3279 3262 3469 3333 ὕλικὴν
3500 3263 3698 3326 αἰτίαν,

2124 3355 2221 3407 καὶ
2277 3354 2557 3424 ἐνέργειαν
2606 3371 2725 3406 τινα
2764 3353 2942 3424 ῥύπου
2994 3352 3069 3421 μὴ
3116 3352 3558 3423 καθαρεύουσαν,
3611 3355 3702 3407 καὶ

2126 3445 2321 3511 ἔξωθεν
2346 3445 2705 3516 ἐπιρρέουσιν
2739 3443 3023 3515 χορηγίαν,
3055 3444 3148 3497 καὶ
3177 3445 3354 3498 πάντα
3379 3444 3449 3497 τὰ
3475 3445 3701 3498 τοιαῦτα

2124 3537 2200 3609 τῷ
2222 3538 2364 3609 λόγῳ
2393 3537 2763 3607 προστίθησιν.
2795 3537 2909 3590 Οὐκ
2940 3531 3053 3589 οἶδα
3086 3536 3139 3589 τί
3170 3535 3355 3591 παθὼν
3379 3537 3501 3607 ὁτῷ
3533 3536 3700 3607 ύπερ-

2124 3629 2371 3684 ϐάλλοντι
2412 3630 2511 3698 τῆς
2556 3629 2746 3697 σοφίας
2792 3628 2957 3698 μηδὲν
3012 3628 3121 3681 τῶν
3165 3630 3422 3700 ἀλήπτων
3468 3629 3570 3696 ἔξω
3594 3631 3701 3699 τῆς

2122 3720 2315 3775 ἑαυτοῦ
2345 3718 2598 3788 γνώσεως
2633 3720 3025 3774 καταλιπέσθαι
3059 3721 3252 3787 λέγων,
3306 3723 3401 3774 καὶ
3448 3721 3547 3792 τὴν
3594 3720 3697 3792 ἄῤ-

2122 3816 2283 3884 ρητον
2313 3813 2407 3866 τοῦ
2452 3811 2581 3865 Υἱοῦ
2630 3812 2885 3881 γέννησιν
2926 3812 3410 3883 ἐπαγγελλόμενος,
3456 3814 3698 3877 ἀποστὰς

2120 3904 2228 3957 τῶν
2277 3904 2669 3977 προκειμένων,
2727 3902 2982 3972 ἐγχέλυος
3031 3903 3185 3973 δίκην
3244 3905 3323 3967 εἰς
3356 3905 3446 3957 τὸν
3491 3904 3693 3976 ἰλυώδη

2123 3995 2380 4067 βόρῦορον
2423 3994 2531 4048 τῶν
2574 3994 2846 4065 λογισμῶν
2876 3995 3198 4049 καταδύεται
3223 4012 3236 4027 ο
3290 3996 3429 4049 κατά
3465 3996 3556 4049 τὸν
3601 4015 3693 4050 νυ-

2121 4089 2365 4159 κτερινὸν
2397 4091 2599 4143 ἐκεῖνον
2637 4088 2965 4159 Νικόδημον,
3000 4087 3057 4153 ὃς
3082 4089 3181 4158 τὴν
3206 4088 3409 4141 ἄνωθεν
3442 4090 3694 4159 γέννησιν

2120 4181 2212 4234 τοῦ
2256 4181 2460 4252 Κυρίου
2501 4181 2841 4243 διδάσκοντος
2876 4181 3010 4251 πρὸς
3056 4180 3146 4232 τὸν
3186 4181 3243 4232 ὲν
3284 4183 3464 4252 μήτρᾳ
3495 4181 3692 4234 κόλπον

2120 4275 2228 4335 τοῖς
2256 4272 2533 4342 λογισμοῖς
2562 4272 2893 4343 κατεσύρετο
2914 4288 2928 4303 ’
2974 4273 3067 4325 καὶ
3096 4271 3211 4335 πῶς
3240 4273 3307 4326 ἂν
3347 4275 3409 4325 ὲκ
3440 4272 3687 4342 δευτέρου

2121 4364 2281 4423 πάλιν
2320 4364 2467 4428 ἐντὸς
2515 4364 2614 4435 τῆς
2657 4364 2849 4434 νηδύος
2885 4364 3132 4433 γένοιτο,
3179 4364 3454 4436 διηπόρει,
3493 4363 3686 4430 λέγων*

2120 4454 2250 4522 Πῶς
2269 4454 2516 4509 δύναται
2549 4456 2724 4510 τοῦτο
2746 4456 3062 4524 τενέσθαω
3089 4456 3323 4527 νομίζων
3345 4456 3408 4509 τὸ
3439 4458 3512 4527 μὴ
3537 4455 3693 4509 δύνα-

441 4549 633 4603 matris
668 4547 1068 4618 ingrederetur,
1088 4545 1391 4607 dubitabat,
1418 4546 1647 4601 dicens“
1678 4563 1691 4599 :
1722 4546 1841 4612 Quo
1864 4556 2016 4615 pacto

2126 4547 2246 4600 σθαι
2283 4547 2375 4601 τὸν
2419 4548 2727 4621 πρεσϐύτην
2754 4523 2864 4602 Ῠδιά
2896 4523 3181 4620 σπλάγχνα
3224 4548 3384 4602 πάλιν
3427 4523 3692 4620 κυοφορη-

440 4641 536 4694 hoc
561 4647 730 4706 potest
759 4638 877 4705 ﬁeri
918 4638 942 4690 ?
989 4637 1310 4692 existimans
1356 4637 1482 4705 quia
1526 4653 1693 4691 senex
1738 4635 1918 4691 denuo
1960 4638 2014 4691 in

442 4732 634 4786 matris
684 4730 896 4784 viscera
946 4729 1180 4800 ingredi,
1234 4737 1289 4782 et
1354 4727 1409 4780 in
1460 4736 1619 4782 utero
1662 4728 1863 4799 gestari
1906 4743 2016 4782 non

442 4830 648 4893 posset,
681 4820 1017 4891 Spiritualem
1070 4818 1476 4890 generationem
1534 4833 1639 4873 non
1692 4834 1853 4889 posse
1901 4820 2050 4901 ﬁeri

434 4928 617 4985 .nequc
641 4914 962 4979 consistere,
1001 4928 1059 4968 se
1096 4912 1517 4981 redarguturum
1546 4927 1685 4966 esse.
1730 4910 1834 4967 Sed
1869 4913 2013 4969 illius

424 5014 713 5065 «errantem
747 5003 1055 5072 opinionem
1105 5003 1368 5057 Dominus
1402 5004 1654 5073 ωτι-εδει,
1696 5004 1908 5067 dicens,
1948 5021 2011 5059 ea

438 5115 564 5174 qua:
596 5104 725 5152 sunt
759 5095 941 5149 carnis
966 5105 1019 5148 et
1053 5095 1277 5164 spiritus
1312 5095 1527 5164 propria
1574 5096 1779 5148 nullum
1810 5095 2012 5151 habere

440 5192 781 5248 societatem,
830 5201 931 5239 nec
950 5199 1121 5253 posse
1149 5184 1515 5239 commisceri.
1560 5183 1625 5238 Et
1651 5185 1736 5239 hic
1768 5187 2011 5253 seipsum

440 5283 792 5341 insimiiibus
812 5280 863 5334 si
894 5279 1021 5332 velit
1048 5276 1333 5332 emendet:
1368 5286 1579 5347 oportet
1604 5278 1773 5338 enitn,
1805 5285 1862 5328 ut
1895 5277 2013 5345 opi-

430 5394 562 5442 nor,
584 5376 833 5432 veritatis
862 5379 1171 5428 curatorem
1208 5369 1564 5439 contemplari
1598 5369 1907 5438 subjectum
1946 5386 2011 5424 ex

443 5471 510 5527 iis
537 5485 658 5541 quae
692 5468 795 5539 ipsi
849 5464 1069 5538 propria
1102 5470 1250 5529 sunt,
1281 5476 1389 5517 non
1422 5476 1489 5517 ex
1523 5461 1891 5516 materialium
1920 5476 2016 5517 ac-

442 5560 726 5615 cusatione
754 5555 1081 5613 calumniari
1116 5571 1239 5611 eutn
1270 5554 1360 5625 qui
1394 5554 1636 5609 materia:
1672 5561 1757 5611 est
1795 5568 2010 5623 expers.

446 5652 502 5705 Si
524 5649 671 5705 enim
700 5650 882 5713 homo,
914 5650 997 5704 vel
1041 5650 1168 5709 bos,
1192 5649 1275 5705 vel
1305 5648 1452 5703 aliud
1496 5646 1627 5720 quid
1668 5661 1857 5703 eorum
1893 5660 2013 5717 qua

518 5765 532 5794 ι
563 5758 721 5815 Joan.
756 5774 842 5829 tu,
880 5761 966 5815 lo.

2124 4640 2281 4711 θῆναι
2312 4641 2557 4712 μητρῷα,
2599 4642 2697 4713 τὴν
2732 4644 3104 4713 πνευματικὴν
3128 4643 3376 4714 γέννησιν
3404 4643 3693 4710 διελέγξειν

2124 4731 2443 4787 ἀσύστατον.
2483 4733 2643 4787 Ἀλλά
2686 4734 2937 4787 κάκείνου
2967 4734 3064 4805 τὴν
3107 4735 3528 4807 πεπλανημένην
3559 4736 3691 4789 ὑπό-

2123 4822 2287 4895 ληψιν
2325 4823 2629 4893 διορθοῦται
2674 4825 2705 4875 ὁ
2742 4824 2976 4895 Κύριος,
3007 4824 3213 4896 ἄμικτα
3242 4824 3415 4890 λέγων
3448 4821 3587 4878 εἶναι
3626 4826 3693 4879 τὰ

2116 4916 2218 4985 τῆς
2251 4914 2450 4986 σαρκὸς
2472 4915 2564 4969 καὶ
2594 4914 2689 4968 τοῦ
2720 4915 3026 4985 πνεύματος
3064 4914 3322 4985 ἰδιώματα
3342 4960 3354 4972 ,
3398 4898 3506 4968 καὶ
3536 4908 3692 4979 οὗτος

2119 5005 2309 5059 ἑαυτὸν
2336 5006 2395 5058 ὲν
2429 5009 2541 5069 τοῖς
2566 5005 2799 5076 ὁμοίοις,
2833 5008 2880 5059 εἰ
2917 5006 3191 5075 βούλεται,
3220 5005 3570 5079 διορθούσθω.
3603 5008 3691 5058 Δεῖ

2121 5098 2263 5167 γὰρ,
2304 5092 2488 5167 οἶμαι,
2544 5097 2635 5149 τὸν
2678 5098 2999 5169 φροντιστὴν
3051 5098 3150 5169 τῆς
3179 5097 3437 5169 ἀληθείας
3473 5099 3538 5149 ὲκ
3583 5096 3691 5150 τῶν

2094 5188 2269 5257 ’ἰδίων
2292 5188 2514 5259 θεωρεῖν
2538 5188 2600 5240 τὸ
2631 5187 3004 5258 προκείμενον,
3032 5188 3105 5259 μὴ
3124 5186 3210 5241 διὰ
3236 5187 3335 5256 τῆς
3355 5187 3464 5240 τῶν
3494 5185 3690 5239 ὑλικῶν

2120 5282 2452 5350 κατηγορίας
2484 5279 2786 5332 διαὸάλλειν
2809 5280 2900 5333 τὸν
2931 5279 3113 5334 sum.
3152 5280 3212 5332 Ei
3235 5278 3348 5349 γὰρ
3378 5276 3685 5348 ἄνθρωπος.

2122 5373 2155 5443 ἢ
2198 5373 2342 5443 βοῦς,
2376 5372 2408 5443 ἢ
2439 5372 2567 5426 ἄλλο
2585 5389 2637 5424 τι
2666 5370 2779 5425 τῶν
2803 5371 2888 5424 διὰ
2910 5372 3115 5442 σαρκὸς
3141 5372 3473 5441 τικτομένων
3501 5370 3563 5423 οὐ
3592 5386 3691 5421 κα-

2122 5464 2337 5536 θαρεύει
2367 5464 2573 5527 πάθους
2603 5464 2807 5531 γεννῶν
2834 5465 2868 5533 ἢ
2897 5463 3257 5534 γεννώμενος·
3284 5462 3336 5514 τί
3369 5459 3529 5514 τοῦτο
3556 5459 3691 5531 πρὸς

2120 5558 2219 5626 τὴν
2244 5557 2430 5626 ἀπαθῆ
2452 5558 2543 5611 καὶ
2565 5557 2841 5628 ἀκήρατον
2870 5556 3058 5625 φύσινς
3081 5556 3215 5610 Οὐδὲ
3242 5555 3350 5626 γάρ
3374 5554 3438 5607 τὸ
3466 5553 3692 5622 θνητοὺς

2123 5648 2267 5719 ἡμᾶς
2296 5643 2452 5712 εἶναι,
2488 5645 2584 5719 τὴν
2610 5646 2900 5701 ἀθανασίαν
2927 5646 3020 5700 τοῦ
3045 5643 3379 5713 Μονογενοῦς
3406 5639 3687 5713 παραγράο
