4054 6150
361 169 469 226 629

1533 165 1811 224 CONTRA
1844 123 2238 232 Eunomus,
2275 165 2402 220 Lm.
2443 166 2532 222 ιν.

3531 161 3646 222 ατο

363 300 524 348 σεως.
568 281 632 337 Ei
660 275 752 337 οὖν
778 282 870 336 ἐπὶ
909 281 1017 336 τῶν
1052 281 1264 354 μυρίων
1297 279 1392 336 τοῦ
1427 281 1632 354 κόσμου
1665 280 1839 340 ταῦτα
1866 272 1956 334 λέὲ

2060 288 2243 352 crepet
2297 296 2334 338 α
2397 289 2558 336 terra
2601 278 2993 338 subsistentia.
3027 277 3088 334 Si
3125 277 3290 349 igitur
3335 277 3391 331 in
3445 279 3636 334 mundi

363 393 483 444 γειν
517 373 717 447 ἀληθές
748 376 884 437 ἐστι,
913 375 995 440 τίς
1029 375 1108 429 ἔτι
1145 377 1392 431 λείπεται
1416 379 1546 450 περὶ
1570 377 1664 430 τοῦ
1686 376 1954 447 δόγματος

360 465 472 519 τῶν
507 466 767 520 ἐναντίων
797 466 1130 537 ἀμφιϐολίας
1175 467 1299 525 ’Ότι
1345 469 1509 542 μέχρι
1539 469 1799 541 ῥημάτων
1827 466 1954 520 Υἰὸν

361 556 752 628 ὀνομάζοντες,
805 557 864 611 ἓν
902 557 1012 612 τῶν
1050 559 1137 614 διὰ
1185 560 1416 625 κτίσεως
1472 560 1772 631 γεγονότων
1816 553 1954 612 εἶναι

364 648 865 715 κατασκευάζουσι,
906 649 1090 720 μόνοις
1131 653 1244 714 τοῖς
1281 651 1422 706 κατὰ
1463 651 1560 724 τὴν
1593 651 1745 715 τάξιν
1788 665 1954 720 πρεσ-

364 740 534 802 6είοις
562 741 1002 813 προτεταγμένον
1033 741 1141 797 τῶν
1181 743 1374 798 ἄλλων.
1421 742 1688 814 Καθάπερ
1727 742 1818 808 ἐπὶ
1855 745 1954 813 τῆς

365 831 725 902 platearum");
755 832 899 886 ἔστιν
929 836 1124 900 εἰπεῖν,
1161 836 1336 889 πάντα
1369 837 1466 907 μὲν
1498 837 1561 889 ἐκ
1589 833 1792 904 ταύτης
1816 829 1953 889 εἶναι

365 926 436 976 τὰ
472 924 537 976 ὲκ
579 924 799 994 σιδήρου
834 927 1356 998 κατασκευάσματα,
1415 925 1858 998 προγεγενῆσθαι
1896 925 1952 978 δὲ

363 1015 468 1085 τῆς
501 1013 609 1068 τῶν
637 1015 839 1070 λοιπῶν
861 1018 1226 1090 ἀπεργασίας,
1257 1019 1316 1072 τό
1342 1036 1400 1072 τε
1423 1019 1521 1088 τῆς
1547 1017 1833 1088 πυράγρας
1859 1017 1955 1069 καὶ

366 1106 428 1158 τδ
466 1108 564 1177 τῆς
595 1106 805 1179 σφύρας
847 1108 1100 1180 ὄργανον,
1143 1110 1211 1164 δι’
1258 1104 1333 1163 ὧν
1385 1109 1649 1163 τυποῦται
1689 1108 1824 1180 πρὸς
1856 1105 1952 1178 τὴν

367 1196 557 1267 χρείαν
579 1200 607 1251 6
635 1199 848 1270 σίδηρος
871 1217 883 1230 ·
916 1199 975 1252 ού
1004 1199 1110 1270 μὴν
1149 1199 1336 1272 ἐπειδὴ
1365 1199 1633 1271 πρωτεύει
1663 1197 1817 1252 τοῦτο
1843 1194 1952 1249 τῶν

367 1288 576 1354 ἄλλων,
623 1290 724 1362 ἤδη
773 1309 858 1354 τις
902 1293 996 1346 καὶ
1043 1293 1274 1365 διαφορά
1326 1292 1467 1346 κατὰ
1501 1291 1598 1363 τὴν
1647 1289 1777 1360 ὓλην
1814 1289 1952 1354 ἐστὶ,

368 1381 464 1434 τοῦ
489 1399 548 1434 τε
576 1383 937 1448 ἐκτυποῦντος
958 1384 1212 1456 ὀργάνου,
1241 1385 1334 1438 καὶ
1362 1383 1452 1438 τοῦ
1481 1381 1951 1454 σχηματιζομένου

375 1475 592 1544 σιδήρου
621 1477 761 1529 κατὰ
787 1477 847 1545 τὸ
879 1477 1128 1548 ὄργανον.
1157 1479 1380 1550 Σίδηρος
1410 1477 1503 1531 καὶ
1529 1475 1683 1530 τοῦτο
1712 1476 1958 1537 κάκεῖνο,

370 1564 434 1620 τὸ
463 1566 518 1620 δὲ
547 1567 736 1643 σχῆμα
761 1571 1181 1642 προγενέστερον
1210 1570 1302 1624 τοῦ
1332 1569 1517 1644 ἑτέρου
1551 1569 1611 1622 τὸ
1638 1569 1843 1638 ἓτερον.

442 1747 680 1818 Τοιαύτη
726 1749 823 1819 τῆς
856 1748 1120 1820 αἱρέσεως
1155 1751 1188 1820 ὴ
1226 1748 1353 1820 περὶ
1391 1748 1484 1802 τοῦ
1518 1746 1648 1802 Υίοῦ
1683 1745 1953 1814 θεολογία·

369 1835 431 1890 τθι
464 1838 628 1909 μηδὲν
653 1837 861 1894 οἴεσθαι
895 1840 1172 1910 διαφέρειν
1205 1842 1322 1894 κατ’
1351 1840 1539 1896 οὐσίαν
1574 1839 1736 1892 αὐτόν
1765 1855 1822 1891 τε
1865 1837 1956 1890 τὸν

372 1928 575 2002 Κύριον
613 1932 706 1985 καὶ
744 1931 812 1984 τὰ
843 1934 972 2003 παρ’
1007 1932 1171 1986 αὑτοῦ
1205 1933 1488 2002 γεγονότα,
1521 1933 1659 2004 πλὴν
1690 1933 1787 2002 τῆς
1817 1930 1957 1985 κατὰ

369 2019 468 2090 τὴν
500 2021 652 2087 τάξιν
685 2022 965 2092 διαιρορᾶς.
1000 2023 1096 2086 Τίς
1127 2023 1303 2076 τοίνυν
1329 2023 1434 2077 τῶν
1469 2023 1562 2077 καὶ
1595 2021 1842 2076 ὁπωσοῦν
1876 2023 1958 2084 εἰς

369 2109 731 2184 Χριστιανοὺς
795 2114 1226 2181 συντελούντων,
1291 2114 1397 2170 τῶν
1475 2133 1535 2168 τε
1603 2114 1806 2185 μορίων
1860 2112 1956 2165 τοῦ

371 2202 578 2274 κόσμου
596 2243 610 2266 ,
634 2204 727 2258 καὶ
746 2204 838 2257 τοῦ
863 2205 1224 2276 πεποιηκότος
1243 2206 1332 2259 τὸν
1355 2207 1556 2276 κόσμον
1580 2206 1671 2259 τὸν
1695 2205 1856 2258 αὐτὸν
1881 2197 1957 2256 εἷ-

369 2313 461 2349 ναι
482 2296 580 2367 τῆς
596 2297 781 2361 οὐσίας
797 2298 953 2368 λόγον
983 2297 1308 2364 συντίθεται;
1345 2299 1484 2368 Ἐγὼ
1504 2299 1601 2369 μὲν
1622 2297 1729 2368 γὰρ
1751 2296 1960 2367 φρίττω

369 2388 469 2458 τὴν
502 2389 848 2461 βλασφημίαν
869 2430 890 2455 ,,
909 2389 1060 2453 εἰδὼς
1092 2389 1173 2442 ὅτι
1197 2382 1271 2443 ὧν
1300 2393 1326 2443 6
1350 2390 1504 2458 λόγος
1531 2390 1693 2451 αὐτὸς
1714 2430 1729 2453 ,
1753 2387 1956 2442 τούτων

375 2480 594 2545 πάντως
624 2481 745 2536 οὐδὲ
776 2483 808 2552 ἡ
859 2481 1018 2550 φύσις
1046 2481 1319 2554 διάφορος.
1370 2483 1455 2545 Ὠς
1487 2481 1592 2552 γάρ
1626 2481 1833 2551 Πέτρου
1865 2479 1959 2532 καὶ

390 2571 636 2626 Ἰωάννου
663 2574 756 2626 καὶ
784 2572 891 2626 τῶν
927 2572 1128 2626 λοιπῶν
1158 2572 1459 2644 ἀνθρώπων
1499 2575 1526 2626 6
1558 2591 1618 2628 τε
1667 2573 1822 2641 λόγος
1860 2571 1962 2640 τῆς

377 2663 567 2730 οὐσίας
607 2664 808 2730 κοινὸς,
853 2665 946 2718 καὶ
989 2667 1023 2734 ἡ
1057 2665 1215 2734 φύσις
1257 2666 1355 2735 μία
1379 2683 1391 2695 ·
1439 2665 1529 2719 τὺν
1567 2665 1730 2719 αὑτὸν
1757 2664 1958 2736 τρόπον

368 2756 421 2807 εἰ
457 2753 720 2817 ὡσαύτως
760 2754 872 2824 ἔχοι
915 2754 1054 2808 κατὰ
1084 2755 1183 2824 τὴν
1218 2756 1375 2824 φύσιν
1402 2757 1429 2808 ὁ
1470 2755 1666 2826 Κύριος
1707 2757 1820 2818 τοῖς
1863 2753 1958 2808 τοῦ

373 2846 586 2915 κόσμου
619 2846 840 2918 μέρεσιν
867 2864 879 2876 ο
915 2846 1058 2918 άπερ
1093 2848 1157 2902 ἂν
1185 2850 1243 2900 ὲν
1275 2849 1502 2911 ἐκείνοις
1530 2849 1962 2919 κατανοήσωσιν,

368 2937 583 3000 τούτοις
625 2937 942 2992 ὑποκεῖσθαι
978 2939 1072 2990 καὶ
1106 2939 1292 2992 τοῦτον
1317 2939 1451 3013 ,κατ’
1495 2939 1738 3008 ἀνάγκην
1771 2935 1959 3007 ὁμολο-

370 3028 636 3097 γήσωσιν.
687 3026 846 3080 Ἀλλά
891 3027 998 3099 μὴν
1031 3029 1058 3080 6
1091 3028 1294 3099 κόσμος
1331 3031 1429 3083 οὐκ
1472 3031 1644 3090 είσαεὶ
1675 3029 1953 3096 διαμένει·

371 3118 480 3190 ἄρα
511 3121 631 3172 κατ’
672 3120 868 3182 αὐτοὺς
900 3120 996 3173 καὶ
1029 3122 1058 3173 6
1089 3120 1288 3192 Κύριος
1319 3119 1458 3191 μετὰ
1486 3108 1580 3173 τοῦ
1610 3118 1840 3192 ούρανοῦ
1868 3119 1967 3176 καὶ,

372 3211 474 3282 τῆς
517 3209 620 3280 γῆς
672 3211 1091 3282 παρελεύσεται’
1145 3213 1303 3283 εἴπερ
1356 3211 1684 3284 ὀμοιογενῶς
1726 3212 1840 3284 ἔχοι
1883 3212 1960 3282 τῷ

375 3303 585 3374 κόσμῳ.
614 3304 675 3358 Εἰ
709 3304 766 3358 δὲ
794 3305 955 3368 αὐτὸς
976 3305 1144 3368 ἀΐδιος
1172 3305 1534 3376 ὁμολογεῖται,
1566 3305 1782 3376 ἀνάγκη
1809 3305 1962 3361 πᾶσα.

379 3398 513 3468 μηδὲ
544 3398 634 3452 τὸν
673 3397 876 3468 κόσμον
908 3401 1006 3467 τῆς
1039 3397 1188 3462 θείας
1219 3399 1431 3468 φύσεως
1460 3399 1687 3470 ἄμοιρον
1720 3397 1957 3452 οἴεσθαι⁶

377 3491 534 3561 εἴπερ
588 3489 667 3561 τῷ
725 3492 1024 3558 Μονογενεῖ
1080 3489 1221 3544 κατὰ
1267 3490 1367 3562 τὴν
1418 3490 1594 3545 κτίσιν
1649 3489 1957 3562 συμϐαίνοι.

388 3583 550 3653 Ὁρᾷς
571 3582 706 3653 πρὸς
729 3583 757 3636 6
782 3600 833 3636 τι
851 3582 1074 3653 φέρεται
1091 3583 1182 3635 διὰ
1203 3582 1301 3653 τῆς
1323 3582 1494 3653 καλῆς
1515 3582 1719 3652 ταύτης
1737 3581 1962 3640 ἀκολου-

379 3671 498 3738 θίας
541 3675 570 3726 ό
599 3673 775 3742 λόγος,
805 3668 921 3727 οἷόν
956 3690 1041 3737 τις
1078 3673 1222 3736 λίθος
1251 3674 1588 3744 ἀποῤῥαγεὶς
1626 3672 1957 3744 ἀκρωρείας,

379 3762 472 3816 καὶ
511 3762 603 3816 ἐπὶ
640 3763 703 3816 τὸ
733 3763 936 3834 πρανὲς
982 3763 1086 3817 ὑπὸ
1119 3760 1213 3816 τοῦ
1251 3763 1379 3817 ἰδίου
1416 3763 1611 3834 βάρους
1644 3762 1962 3816 συνελαυνό-

382 3873 559 3927 μενος.
607 3855 846 3926 Ἀνάγκη
899 3854 1008 3926 γὰρ
1037 3853 1070 3925 ἢ
1104 3853 1199 3908 καὶ
1227 3853 1297 3908 τὰ
1339 3853 1434 3908 τοῦ
1475 3853 1682 3924 κόσμου
1727 3857 1964 3924 στοιχεῖα

379 3945 520 4000 κατὰ
537 3945 633 4017 τὴν
665 3944 981 4016 Ἑλληνικὴν
1003 3944 1340 4016 ματαιότητα
1361 3944 1630 4016 σεϐάσμια
1656 3945 1962 4016 φαίνεσθαι,

377 4033 412 4104 ἢ
461 4033 595 4104 μηδὲ
635 4033 726 4088 τὸν
759 4033 888 4087 Υἰὸν
928 4034 1350 4105 προσκυνεῖσθαι
1373 4051 1388 4066 ο
1426 4034 1624 4088 οὑτωσὶ
1658 4033 1714 4086 δὲ
1760 4035 1966 4108 σκοπή-

380 4141 597 4198 σωμενο
624 4124 684 4190 ἐξ
715 4125 817 4178 οὐκ
841 4125 1012 4180 όντων
1047 4126 1377 4204 γεγενῆσθαι
1418 4125 1515 4197 τὴν
1557 4126 1734 4181 κτίσιν
1760 4126 1964 4197 φαμὲν,

377 4217 477 4286 τήν
517 4234 575 4269 τε
607 4217 804 4288 νοητὴν
835 4219 929 4270 καὶ
968 4219 1067 4288 ὅση
1107 4221 1205 4289 τῆς
1244 4218 1510 4290 αἰσθητῆς
1556 4219 1672 4272 ἐστι
1715 4219 1964 4289 φύσεως·

2057 372 2344 442 particulis
2395 373 2510 430 haec
2561 372 2744 428 dicere
2772 387 2962 428 verum
3009 378 3117 435 est,
3165 383 3414 440 quaenam
3456 369 3637 422 adhuc

2057 466 2226 515 restat
2269 459 2335 514 de
2376 459 2630 530 dogmate
2675 459 3117 518 adversariorum
3158 457 3473 514 dubitatio?
3507 457 3640 528 quia

2054 551 2221 606 verbo
2262 559 2423 607 tenus
2453 550 2653 607 Filium
2683 553 3052 615 nominantes,
3084 563 3254 605 unum
3285 563 3479 604 eorum
3512 563 3634 617 quae

2056 658 2153 713 per
2194 645 2526 700 creationem
2557 645 2738 716 genita
2778 653 2906 701 sunt
2935 652 3213 708 astruttnt,
3247 643 3384 698 solis
3421 640 3637 698 ordinis

2056 738 2355 810 privilegiis
2390 749 2442 794 et
2495 739 2848 816 primigeniisI
2889 738 3053 808 primi
3117 745 3172 792 et
3232 735 3456 794 maximi
3507 743 3641 790 natur

2055 829 2150 884 ﬁlii
2191 831 2314 886 aliis
2358 833 2709 901 praepositum
2752 849 2764 885 :
2808 829 3268 901 quemadmodum
3323 827 3378 882 in
3429 826 3638 882 fabrica

2055 921 2285 975 fcrraria
2314 923 2439 978 licet
2465 923 2670 986 dicere,
2694 923 2877 978 omnia
2903 922 3124 992 quidem
3151 936 3218 977 ex
3245 920 3349 974 Irae
3365 933 3490 974 esse
3516 931 3638 988 qua

2055 1030 2117 1074 ex
2138 1015 2282 1073 ferro
2301 1015 2564 1070 fabricata
2587 1023 2735 1080 sunt,
2761 1016 2913 1086 prius
2951 1024 3132 1070 autem
3163 1011 3396 1068 conﬂata
3416 1024 3543 1081 quae
3569 1007 3640 1063 ad

2056 1105 2396 1176 reliquorum
2425 1121 2622 1176 operas
2643 1107 3022 1176 requiruntur,
3058 1113 3112 1160 et
3141 1103 3364 1174 forcipis
3381 1112 3435 1158 et
3454 1101 3638 1156 mallei

2056 1197 2445 1264 instrumenta,
2493 1199 2696 1270 quibus
2748 1198 2816 1253 ad
2858 1213 3018 1253 usuin
3072 1195 3278 1251 ferrum
3329 1193 3640 1252 formatur;

2054 1307 2164 1348 non
2215 1301 2396 1348 tamen
2441 1292 2702 1363 quoniam
2743 1291 2846 1346 hoc
2893 1289 3017 1344 aliis
3051 1287 3244 1352 anteit,
3291 1287 3404 1356 iam
3457 1285 3638 1355 aliqua

2056 1385 2359 1440 secundum
2401 1385 2686 1440 materiam
2729 1382 3038 1438 dilicrentia
3091 1377 3388 1450 quaerenda
3439 1385 3544 1440 est,
3582 1383 3642 1429 et

2055 1476 2410 1532 instrumenti
2458 1475 2824 1544 imprimentis
2857 1482 2912 1529 et
2943 1473 3074 1528 ferri
3109 1473 3252 1542 quod
3293 1486 3389 1541 per
3428 1471 3642 1523 instru-

2057 1576 2300 1624 mentum
2343 1569 2650 1639 ﬁguratur:
2689 1568 2896 1624 ferrum
2926 1567 3094 1636 enim
3123 1577 3172 1620 et
3224 1565 3329 1618 hoc
3380 1575 3433 1618 et
3482 1561 3640 1619 illud,

1985 1645 2230 1729 Bﬁgura
2279 1661 2509 1715 alterum
2561 1661 2733 1716 altero
2788 1660 2938 1731 prius
3001 1657 3246 1729 genitum
3281 1662 3389 1711 est.

2129 1751 2280 1812 Talis
2314 1754 2384 1810 de
2423 1753 2563 1812 Filio
2587 1756 2860 1810 haereseos
2880 1760 2966 1807 est
2991 1748 3270 1820 theologia
3299 1767 3313 1804 :
3349 1746 3476 1818 quia
3507 1745 3647 1800 nihil-

2058 1846 2358 1903 secundum
2411 1846 2708 1904 essentiam
2760 1845 3172 1913 differre‘putet
3215 1848 3272 1898 et
3308 1841 3488 1910 ipsum
3534 1837 3642 1892 Do-

2058 1935 2267 1990 minum
2316 1944 2372 1991 et
2418 1950 2539 2006 quae
2605 1936 2675 1990 ab
2730 1935 2850 2006 ipso
2898 1933 3164 2004 producta
3213 1937 3363 1996 sunt,
3413 1934 3643 1998 excepta

2057 2026 2270 2082 ordinis
2297 2026 2629 2090 differentia.
2665 2027 2798 2092 Quis
2835 2025 2997 2096 igitur
3029 2030 3332 2080 esteorum
3370 2020 3464 2090 qui
3497 2035 3640 2089 quo-

2059 2131 2276 2186 cunque
2334 2115 2497 2172 modo
2561 2117 2705 2170 inter
2751 2115 3098 2170 Christianos
3155 2121 3472 2175 censentur,
3542 2113 3642 2180 qui

2058 2208 2246 2262 mundi
2276 2209 2510 2277 partium
2533 2216 2588 2262 et
2619 2207 2740 2276 ejus
2760 2207 2852 2278 qui
2881 2205 3145 2262 mundum
3181 2205 3458 2270 condidit,
3488 2219 3638 2258 eam-

2059 2299 2180 2354 dem
2214 2315 2336 2356 csse
2374 2300 2641 2356 rationem
2671 2301 2928 2356 essentia:
2965 2298 3344 2354 assentiatur?
3376 2297 3490 2367 Ego
3513 2296 3639 2367 qui-

2059 2393 2182 2446 dem
2238 2391 2629 2461 blasphemiam
2693 2389 2940 2460 referens
2994 2391 3390 2461 perhorresco,
3457 2387 3644 2443 sciens

2059 2498 2292 2554 quorum
2327 2491 2410 2538 est
2436 2482 2625 2540 eadem
2675 2483 2838 2546 ratio,
2874 2483 3070 2538 horum
3111 2482 3339 2538 omnino
3383 2488 3642 2536 naturam

2060 2590 2169 2630 non
2212 2573 2454 2630 differre.
2512 2573 2581 2630 Ut
2641 2575 2786 2630 enim
2841 2575 2986 2639 Petri
3030 2582 3085 2629 et
3131 2573 3362 2630 Joannis
3408 2581 3463 2629 et
3513 2573 3641 2628 reli-

2060 2681 2296 2736 quorum
2334 2667 2617 2722 hominum
2651 2667 2789 2723 ratio
2821 2667 3078 2723 essentia
3107 2667 3439 2730 communis,
3476 2669 3557 2721 sic
3586 2675 3642 2720 et

2061 2767 2258 2814 natura
2307 2774 2452 2814 una:
2503 2759 2760 2815 similiter
2807 2759 2853 2814 si
2884 2759 3079 2814 eodem
3129 2759 3294 2815 modo
3321 2775 3380 2815 se
3419 2760 3640 2816 haberet

2062 2851 2362 2907 secundum
2404 2861 2656 2906 naturam
2692 2851 2958 2909 Dominus
2994 2868 3119 2910 cum
3148 2853 3338 2908 mundi
3368 2853 3638 2923 partibus,

2062 2958 2185 3013 quae
2221 2942 2445 3013 quidem
2501 2943 2560 2998 in
2598 2943 2708 2998 illis
2744 2944 3133 3010 intellexerint,
3187 2944 3276 3001 his
3329 2947 3525 3015 subjici
3587 2954 3642 3000 et

2064 3032 2208 3088 hunc
2244 3034 2560 3090 necessario
2603 3035 2994 3090 confiteantur.
3038 3036 3202 3106 Atqui
3253 3037 3491 3092 mundus
3531 3049 3644 3092 non

2063 3139 2279 3194 semper
2318 3124 2462 3180 idem
2511 3136 2846 3195 permanet:
2893 3141 3028 3199 ergo
3081 3127 3240 3196 juxta
3292 3143 3483 3184 eorum
3524 3130 3644 3200 opi-

2062 3217 2301 3288 nionem,
2337 3217 2602 3275 Dominus
2643 3218 2810 3276 etiam
2842 3234 2967 3274 cum
3001 3221 3143 3275 coelo
3166 3229 3222 3276 et
3251 3230 3396 3277 terra
3422 3233 3643 3292 praetcr-

2061 3311 2162 3368 ihit
2203 3330 2224 3368 -.
2257 3311 2525 3380 siquidem
2555 3309 2804 3380 ejusdem
2839 3310 3056 3382 generis
3093 3319 3240 3374 esset
3267 3328 3390 3368 cum
3415 3314 3639 3370 mundo.

2061 3402 2220 3472 Quod
2249 3403 2299 3458 si
2351 3403 2468 3473 ipse
2517 3412 2760 3460 internus
2813 3410 3092 3468 censetur,
3141 3418 3370 3460 necesse
3415 3417 3499 3460 eet
3527 3419 3645 3460 om-

2062 3495 2194 3566 nino
2221 3509 2398 3564 neque
2418 3494 2564 3548 hunc
2593 3493 2857 3550 mundum
2887 3495 3086 3550 divinae
3120 3505 3332 3550 natura;
3362 3506 3644 3566 expertem

2063 3596 2305 3656 putare;
2352 3585 2626 3655 siquidem
2669 3586 2774 3642 hoc
2818 3584 3118 3658 Unigenito
3161 3603 3258 3660 per
3305 3590 3641 3646 creationem

2063 3678 2425 3747 contingeret.
2477 3676 2642 3734 Vides
2691 3693 2800 3749 quo
2843 3695 2908 3734 ex
2963 3681 3066 3736 hac
3118 3681 3382 3752 praeclara
3449 3697 3644 3739 conse-

2064 3769 2288 3841 quentia
2306 3769 2476 3826 fertur
2502 3784 2707 3835 sermo,
2747 3774 2890 3827 sicut
2913 3772 3136 3842 quidam
3156 3774 3296 3844 lapis
3328 3790 3359 3831 e
3385 3789 3645 3845 promon-

2063 3861 2208 3919 torio
2231 3863 2524 3933 abruptus,
2557 3877 2662 3918 suo
2689 3863 2747 3918 in
2771 3879 3015 3935 praeceps
3037 3866 3281 3935 pondere
3310 3867 3640 3924 devolvitur.

2064 3955 2300 4012 Necesse
2358 3957 2504 4012 enim
2567 3955 2736 4012 etiam
2789 3957 2978 4012 mundi
3026 3958 3294 4014 elementa
3339 3961 3642 4016 secundum

2066 4045 2310 4113 ϐαρειῃ
2354 4047 2652 4104 vanitatem
2698 4049 3008 4104 veneranda
3054 4058 3111 4104 et
3161 4049 3393 4105 colenda
3447 4049 3642 4110 videri,

2065 4140 2152 4198 vel
2198 4155 2378 4211 neque
2430 4139 2628 4196 Filium
2671 4140 2894 4196 adorari
2927 4160 2943 4196 :
2980 4141 3068 4197 sic
3108 4153 3286 4196 autem
3326 4141 3648 4197 considere-‘

2068 4247 2191 4290 mus
2223 4246 2326 4288 :ex
2360 4233 2536 4288 nihilo
2581 4232 3127 4288 creaturamfactam
3156 4247 3280 4288 esse
3320 4233 3645 4297 asserimus,

380 4305 552 4359 ταῦτα
584 4307 678 4359 καὶ⁵
723 4307 977 4378 περὶτοῦ
1026 4308 1231 4378 Κυρίου
1276 4308 1631 4380 κηρύσσουσι.
1683 4308 1960 4381 Θελήματι

2068 4329 2124 4378 et
2165 4337 2288 4394 quae
2321 4333 2499 4384 mente
2525 4331 2581 4378 et
2603 4339 2728 4392 qua
2756 4339 2922 4380 sensu
2964 4323 3303 4392 percipitur;
3333 4322 3450 4377 hac
3477 4323 3643 4378 etiam

381 4384 516 4450 Θεοῦ
553 4397 728 4452 πάντα
775 4397 1036 4470 συστῆναι
1079 4398 1150 4452 τά
1190 4401 1452 4468 γεγονότα
1498 4400 1758 4472 λέγομεν⁹
1792 4401 1964 4457 ταῦτα

381 4489 474 4542 καὶ
508 4489 636 4561 περὶ
675 4488 769 4540 τοῦ
812 4489 1150 4558 Μονογενοῦς
1188 4489 1570 4562 διεξέρχονται.
1601 4494 1714 4548 Ούκ
1757 4496 1824 4548 ὲκ
1865 4494 1966 4565 τῆς

379 4580 572 4643 οὐσίας
620 4576 759 4633 εἶναι
807 4580 901 4634 τοῦ
941 4582 1321 4652 πεποιηκότος,
1356 4582 1481 4636 οὔτε
1523 4585 1622 4656 τὴν
1667 4586 1964 4658 ἀγγελικὴν

383 4671 582 4736 κτίσιν,
613 4670 738 4725 οὔτε
757 4671 855 4742 τὴν
882 4672 1172 4745 ὲγκόσμιον
1203 4674 1648 4744 πεπιστεύκαμεν
1669 4692 1682 4706 ’
1716 4677 1966 4732 κάκεῖνον

382 4763 582 4833 ὁμοίως
610 4765 709 4835 τῆς
733 4765 826 4818 τοῦ
852 4765 1066 4835 [ἰατρὸς
1093 4766 1277 4830 οὐσίας
1299 4767 1657 4838 ἀλλοτριοῦσι.
1683 4768 1966 4824 Δουλεύειν

381 4856 451 4910 τὰ
495 4855 783 4926 σύμπαντα
813 4857 893 4928 τῷ
940 4857 1204 4931 θελήματι
1235 4859 1329 4913 τοῦ
1375 4860 1734 4932 πεποιηκότος
1770 4861 1964 4932 ὁμολο-

385 4948 590 5020 γοῦμεν
607 4965 623 4982 ο
656 4949 858 5021 ταύτην
885 4949 1068 5021 ἔχουσι
1100 4952 1195 5005 καὶ
1221 4952 1351 5022 περὶ
1380 4951 1475 5005 τοῦ
1502 4953 1838 5022 Μονογενοῦς
1864 4955 1965 5026 τὴν

369 5040 641 5096 διάνοιαν.
672 5040 880 5096 Οὐκοῦν
898 5042 958 5107 ἐξ
984 5042 1230 5114 ἀνάγκης
1253 5042 1344 5096 καὶ
1368 5043 1437 5097 τὰ
1463 5042 1600 5098 ἄλλα
1628 5043 1806 5099 πάντα
1834 5047 1966 5100 ὅσαο
2003 5063 2018 5081 '

387 5149 496 5203 περ
519 5131 585 5186 ἂν
607 5133 703 5186 ἐπὶ
734 5131 936 5204 ταύτης
967 5135 1221 5205 νοήσωσι,
1254 5134 1425 5188 ταῦτα
1450 5136 1544 5189 καὶ
1574 5135 1651 5206 τῷ
1670 5138 1966 5207 Μονογενεῖ

385 5225 775 5296 ἐφαρμόσουσι,
817 5228 913 5280 καὶ
940 5228 1075 5298 ὅπερ
1099 5225 1164 5280 ἂν
1188 5227 1381 5299 ἐκείνῳ
1413 5227 1772 5296 πιστεύσωσι,
1809 5229 1967 5294 τοῦτο

388 5314 481 5373 καὶ
506 5316 600 5367 ἐπὶ
619 5315 718 5386 τῆς
741 5317 968 5380 κτίσεως
999 5317 1362 5388 ὑπολήψονται
1379 5358 1394 5384 ,
1425 5319 1567 5372 ὥστε
1595 5321 1643 5372 εί
1679 5319 1810 5375 Θεὸν
1835 5321 1966 5393 ὀμο-

385 5403 600 5472 λογοῦσι
617 5406 710 5460 τὸν
734 5401 955 5472 Κύριον,
979 5407 1073 5460 καὶ
1095 5408 1193 5478 τὴν
1217 5409 1409 5481 λοιπὴν
1436 5411 1612 5466 κτίσιν
1634 5412 1964 5484 θεοποιήσω-

387 5515 492 5551 σιν.
537 5499 600 5551 Ei
644 5498 700 5550 δὲ
728 5498 902 5552 ταῦτα
948 5499 1046 5570 τῆς
1079 5501 1228 5566 θείας
1270 5503 1482 5572 φύσεως
1515 5507 1762 5578 ἀμοιρεῖν
1799 5507 1964 5579 διορί-

386 5587 588 5655 ζονται,
612 5589 713 5660 τὴν
739 5590 906 5661 αὐτὴν
933 5590 1200 5663 ὑπόληψιν
1229 5596 1320 5647 καὶ
1349 5598 1472 5668 περὶ
1507 5599 1598 5652 τοῦ
1629 5601 1963 5670 Μονογενοῦς

2066 4414 2136 4471 de
2178 4413 2414 4468 Domino
2457 4414 2777 4484 praedicant.
2824 4413 2921 4469 Dei
2973 4415 3259 4470 voluntate
3307 4417 3490 4470 omnia
3523 4429 3644 4485 quae

2053 4515 2198 4565 sunt
2228 4507 2391 4574 facta,
2422 4508 2741 4565 constitisse
2763 4508 3003 4565 dicimus
3034 4527 3046 4563 :
3072 4510 3187 4565 haec
3217 4510 3383 4565 etiam
3413 4509 3481 4564 de
3504 4508 3645 4564 Uni-

2067 4599 2254 4672 genito
2305 4606 2586 4656 enarrant.
2637 4598 2762 4656 Non
2797 4617 2882 4657 ex
2905 4602 3146 4658 essentia
3200 4603 3324 4673 ejus
3367 4603 3464 4673 qui
3498 4601 3647 4668 fecit,

2066 4698 2341 4754 constare,
2377 4707 2556 4762 neque
2589 4698 2899 4760 creaturam
2937 4693 3258 4763 angelicam,
3301 4707 3480 4765 neque
3522 4708 3644 4764 ηοω

2067 4784 2122 4838 in
2177 4784 2383 4839 mundo
2429 4791 2515 4840 est
2567 4793 2820 4840 naturam
2865 4785 3375 4854 credimus;iilh'im
3423 4801 3642 4857 quoque

2066 4891 2099 4930 a
2145 4875 2332 4932 Patris.
2371 4877 2616 4933 essentia
2646 4877 2885 4932 alienu
2913 4893 3038 4933 esse
3077 4885 3135 4932 et
3163 4877 3502 4948 disiunctum
3544 4894 3644 4933 vo.-

2065 4965 2207 5022 lunt.
2254 4967 2464 5022 Cuncta
2525 4983 2648 5038 quae
2693 4976 2823 5024 sunt
2881 4968 3002 5041 ejus
3043 4971 3142 5042 qui
3190 4971 3318 5028 fecit
3373 4971 3640 5027 voluntati

2065 5059 2275 5116 servire
2305 5061 2665 5130 conﬁtemur;
2716 5062 2862 5120 idem
2916 5066 3162 5120 sentiunt
3199 5066 3270 5121 de
3325 5063 3650 5134 U'nigenito.‘

2063 5152 2238 5223 igitur
2283 5154 2600 5210 necessario
2646 5170 2988 5226 quaecunque
3047 5157 3152 5211 alia
3207 5156 3275 5211 de
3330 5156 3432 5207 hac
3481 5153 3642 5207 intel-

2066 5244 2322 5308 lexerint,
2359 5243 2551 5301 eadem
2599 5249 2780 5302 omnia
2834 5247 3132 5318 Unigenito
3170 5243 3584 5300 accommodant
3622 5243 3640 5299 ἐ

2063 5339 2118 5386 ct
2153 5334 2298 5403 quod
2339 5336 2408 5390 de
2443 5335 2538 5390 illo
2559 5338 2918 5402 crediderint,
2970 5338 3073 5391 hoc
3102 5335 3265 5390 etiam
3301 5333 3354 5386 in
3387 5340 3638 5387 creatura

2064 5423 2457 5493 opinabuntur.
2511 5426 2691 5493 Quare
2745 5429 2788 5482 si
2827 5426 3114 5480 Dominum
3166 5425 3333 5477 Deum
3369 5426 3640 5481 conﬁten~

2066 5523 2176 5578 tur,
2223 5515 2488 5586 reliquam
2521 5517 2682 5570 etiam
2712 5525 3018 5569 creaturam
3052 5513 3449 5572 deiﬁcaverint.
3483 5516 3640 5583 Quod

2039 5605 2112 5660 .si
2157 5606 2272 5662 hinc
2305 5606 2502 5663 divinae
2549 5615 2757 5662 naturae
2787 5605 3032 5674 expertia
3064 5604 3351 5677 deﬁniunt,
3397 5607 3652 5668 eamdem
