4054 6150
390 216 491 272 .55
1625 203 1680 261 δ.
1711 202 2038 261 esseom:
2066 202 2358 259 NY-SSENI
3059 244 3083 267 .
3528 204 3628 265 636

387 326 642 381 omnibus
696 327 909 381 circum
962 328 1140 398 ipsum
1187 330 1470 378 adoratus.
1522 312 1823 390 Propterea
1868 320 1959 389 qui

2067 317 2345 387 βασιλείας
2381 316 2809 388 μεγαλοπρεπῶς
2864 318 3282 389 προκαθήμενος
3307 361 3321 386 ,
3382 322 3480 375 καὶ
3531 324 3635 377 ὑπὸ

380 419 555 474 semel
589 420 647 472 in
678 420 869 473 orbem
899 420 1199 489 ingressus,
1226 414 1621 484 primogenitus
1669 412 1845 467 factus
1894 428 1959 467 ex

388 514 643 576 mortuis,
676 523 730 568 et
762 513 992 568 fratrum
1026 519 1079 566 et
1107 510 1287 563 omnis
1316 515 1580 561 creatura:
1629 505 1960 574 primogeni-

389 614 500 669 tus,
556 620 682 659 cum
728 606 922 659 iterum
968 602 1305 672 ingredietur
1350 601 1403 654 in
1443 608 1711 654 terrarum
1748 600 1958 663 orbem,

388 690 649 763 judicans
710 697 889 765 ipsum
941 695 1128 747 orbem
1178 694 1233 747 in
1270 693 1507 762 justitia,
1542 692 1686 746 sicut
1731 698 1961 745 testatur

392 787 733 849 vaticinium,
771 801 877 841 non
916 786 1163 854 repudiat
1192 784 1535 855 primogeniti
1562 798 1781 847 nomen,
1815 783 1961 851 quod

394 878 557 930 semel
595 893 692 946 pro
716 878 874 931 nobis
898 878 1109 946 accepit
1136 897 1147 930 :
1179 876 1271 931 sed
1303 877 1446 930 sicut
1478 876 1530 929 in
1561 873 1958 929 nomiueJESU

392 983 553 1021 omne
581 985 720 1038 genu
775 985 834 1023 se
887 978 1077 1023 curvat
1111 969 1161 1024 ei
1222 970 1313 1038 qui
1370 983 1534 1037 supra
1567 983 1728 1021 omne
1764 982 1959 1022 nomen

391 1068 476 1113 est
512 1059 665 1122 ⁸⁶ο¹⁶,
699 1060 779 1113 sic
814 1060 975 1113 etiam
1006 1075 1126 1114 eum
1164 1059 1254 1129 qui
1284 1059 1338 1112 in
1372 1059 1590 1112 nomine
1617 1058 1960 1127 primogeniti

394 1149 561 1212 venit,
607 1150 786 1204 omnis
839 1151 1156 1220 angelorum
1206 1149 1490 1219 plenitudo
1541 1147 1758 1201 obviam
1816 1146 1960 1202 facta

394 1243 606 1309 adorat,
636 1242 706 1295 oh
747 1242 1030 1295 hominum
1066 1242 1465 1296 revocationem
1498 1240 1697 1294 affecta
1738 1240 1959 1311 gaudio,

397 1350 583 1401 quam,
610 1334 738 1402 quia
771 1333 844 1387 sit
870 1342 1058 1387 noster
1092 1333 1268 1387 lactus
1304 1331 1721 1402 primogenitus,
1770 1347 1961 1387 rursus

397 1425 463 1477 ad
489 1424 719 1495 gratiam
761 1440 882 1494 quae
912 1440 941 1477 a
976 1423 1249 1494 principio
1276 1422 1381 1477 fuit
1427 1422 1741 1483 revocavit,
1785 1422 1961 1491 siqui-

396 1517 517 1571 dem
549 1518 805 1587 gaudium
849 1517 906 1570 fit
946 1515 1154 1586 angelis
1184 1530 1348 1584 super
1387 1514 1472 1568 his
1513 1514 1604 1583 qui
1635 1531 1698 1568 ex
1740 1521 1963 1583 peccato

395 1609 786 1678 resipiscentes
822 1610 958 1663 salvi
990 1609 1127 1662 fiunt
1164 1608 1206 1640 ⁸⁷
1230 1645 1244 1661 .
1274 1607 1546 1672 Quocirca
1590 1621 1764 1675 usque
1816 1621 1962 1660 nunc

2062 409 2171 461 τῶν
2198 408 2444 476 ἀγγέλων
2491 408 2707 462 πάντων
2742 410 2869 480 περὶ
2918 410 3082 463 αὑτὸν
3137 413 3631 483 προσκυνούμενος.

2063 498 2161 549 Δια
2193 496 2349 549 τοῦτο
2381 498 2409 549 ό
2436 497 2583 561 ἅπαξ
2606 496 2859 550 εἰσελθὼν
2890 497 2967 560 είς
2989 496 3086 566 τὴν
3111 498 3455 568 οἰκουμένην,
3482 515 3636 569 πρω-

2061 587 2280 651 τότοκος
2318 589 2605 657 γενόμενος
2639 588 2703 639 ἐκ
2728 586 2835 640 τῶν
2871 586 3077 658 νεκρῶν
3124 605 3185 641 τε
3223 589 3315 640 καὶ
3366 588 3633 657 ἀδελφῶν,

2061 677 2156 728 καὶ
2188 676 2369 747 πάσης
2417 677 2515 746 τῆς
2554 676 2818 740 κτίσεως,
2845 674 2971 729 ὅταν
3004 676 3164 729 πάλιν
3205 668 3518 748 εἰσέρχηται
3554 678 3638 740 είς

2060 765 2157 835 τὴν
2188 765 2511 836 οἰκουμένην
2538 767 2565 818 ὁ
2597 764 2796 834 κρίνων
2843 763 2939 834 τὴν
2971 765 3293 836 οἰκουμένην
3346 768 3401 819 ὲν
3433 766 3635 819 δικαιο-

2065 858 2199 931 σύνῃ
2224 902 2237 923 ,
2272 856 2453 920 καθὼς
2475 858 2508 926 ἡ
2544 856 2850 928 προφητεία
2876 855 3057 925 λέγει,
3091 856 3189 908 οὐκ
3220 855 3512 910 ἀποϐάλλει
3540 856 3631 910 τοῦ

2064 949 2407 1018 πρωτοτόκου
2444 950 2505 1001 τὸ
2537 946 2705 1018 ὄνομα
2729 989 2743 1012 ,
2774 948 2807 1015 ὃ,
2836 947 2984 1011 ἅπαξ
3029 947 3167 1017 ὑπὲρ
3221 947 3373 1016 ἡμῶν
3415 948 3633 1001 κατεδὲ-

2064 1042 2189 1107 ξατο
2215 1058 2225 1069 ·
2257 1040 2372 1094 ἀλλ’
2401 1040 2475 1105 ὡς
2507 1042 2564 1093 ἐν
2603 1041 2823 1108 ὀνόματι
2866 1037 3039 1109 Ἰησοῦ
3070 1039 3175 1092 πᾶν
3206 1038 3333 1107 γόνυ
3370 1039 3631 1107 κάμπτει,

2062 1134 2138 1206 τῷ
2173 1135 2313 1206 ὑπὲρ
2363 1136 2469 1188 πᾶν
2498 1134 2610 1188 ὄντι
2650 1134 2819 1203 ὄνομα
2843 1175 2855 1197 ,
2894 1131 3067 1194 οὕτως
3099 1132 3195 1185 καὶ
3218 1131 3308 1184 τὸν
3336 1132 3392 1183 ὲν
3426 1130 3502 1200 τῷ
3528 1132 3633 1185 ὀνό·

2066 1244 2193 1297 ματι
2217 1227 2309 1280 τού
2344 1225 2689 1297 πρωτοτόκου
2718 1224 3005 1293 γενόμενον
3054 1224 3349 1293 προσκυνεῖ
3378 1223 3631 1275 ἁπάντων

2064 1319 2308 1389 ἀγγέλων
2350 1317 2411 1370 τὸ
2441 1317 2735 1388 πλήρωμα,
2766 1318 2830 1387 τῇ
2863 1314 3156 1385 ἀνακλήσει
3197 1313 3303 1367 τῶν
3329 1313 3631 1384 ἀνθρώπων

2065 1409 2583 1480 ἐπευφραινόμενον,
2622 1408 2688 1477 ἣν
2712 1407 2799 1460 διὰ
2826 1406 2917 1460 τοῦ
2945 1405 3195 1474 γενέσθαι
3228 1405 3385 1476 ἡμῶν
3424 1404 3634 1477 πρωτόο

2062 1518 2220 1565 τοκος
2241 1541 2254 1565 ,
2287 1500 2449 1552 πάλιν
2480 1500 2557 1562 εἰς
2596 1498 2693 1568 τὴν
2746 1498 2805 1561 ἐξ
2832 1498 3006 1568 ἀρχῆς
3040 1499 3198 1568 χάριν
3245 1497 3626 1549 ἀνεκαλέσατο.

2077 1592 2293 1663 Ἐπειδὴ
2341 1592 2451 1661 γὰρ
2488 1590 2631 1659 χαρά
2681 1590 2886 1656 γίνεται
2936 1590 3047 1650 τοῖς
3088 1587 3339 1657 ἀγγέλοις
3380 1588 3471 1640 ἐπὶ
3520 1590 3630 1649 τοῖς

400 1701 759 1770 congemiscit
811 1707 1065 1754 creatura
1118 1701 1230 1762 illa,
1272 1708 1326 1753 et
1380 1700 1723 1754 condolescit
1763 1706 1963 1753 nostras

2067 1683 2498 1753 ἀνασωζομένοις
2550 1682 2611 1745 ἐξ
2644 1680 2942 1751 ἁμαρτίας·
2992 1679 3124 1732 διότι
3180 1680 3338 1749 μέχρι
3387 1678 3481 1732 τοῦ
3536 1678 3634 1731 νῦν

397 1792 623 1845 vanitati
664 1793 705 1823 ¹⁸
731 1831 747 1855 ,
802 1794 1030 1845 multam
1084 1806 1239 1847 suam
1272 1799 1325 1845 et
1367 1790 1752 1844 detrimentum
1818 1789 1964 1859 judi-

394 1898 533 1937 cans
554 1891 795 1939 nostram
823 1883 1203 1952 perditionem,
1236 1896 1359 1936 eum
1395 1882 1657 1935 revelatio
1672 1880 1811 1935 facta
1843 1879 1962 1934 fue-

394 1972 466 2025 rit
491 1973 725 2026 ﬁliorum
755 1971 873 2037 Dei,
902 1988 1066 2043 quam
1097 1987 1194 2042 pro
1218 1971 1379 2025 nobis
1403 1985 1621 2040 semper
1645 1977 1965 2038 exspectant

391 2070 446 2115 et
478 2063 882 2131 prmstolantur,
918 2069 971 2117 et
1003 2077 1128 2115 cum
1157 2060 1305 2115 salva
1338 2060 1502 2115 fuerit
1528 2061 1647 2114 ovis
1699 2074 1823 2113 cum
1878 2074 1963 2113 su-

392 2167 558 2221 perna
590 2153 685 2206 illa
707 2152 986 2206 centuria:
1017 2151 1140 2221 (nos
1168 2160 1349 2204 autem
1379 2165 1572 2204 omnes
1606 2164 1820 2211 sumus,
1860 2148 1961 2201 hu-

390 2259 551 2297 mana
585 2250 801 2305 natura,
837 2244 950 2295 haec
984 2242 1121 2305 ovis,
1154 2256 1339 2311 quam,
1370 2241 1498 2310 quia
1522 2240 1701 2296 faetus
1752 2241 1963 2310 primo-

298 2391 305 2407 ,
401 2333 643 2401 genitus,
682 2333 860 2386 bonus
891 2341 1077 2399 pastor
1133 2333 1371 2385 servavit
1400 2328 1644 2394 1".)tunc
1692 2331 1963 2399 praecipue

394 2425 448 2476 in
478 2424 781 2476 vehementi
807 2438 905 2491 pro
937 2422 1099 2477 nobis
1127 2423 1427 2491 gratiarum
1459 2421 1676 2475 actione
1699 2420 1812 2476 Deo
1834 2420 1962 2475 ado-

393 2514 660 2568 ratiuuem
690 2514 963 2568 adducent
990 2513 1039 2568 ei
1063 2556 1077 2579 ,
1108 2513 1201 2581 qui
1236 2523 1455 2581 propter
1477 2512 1957 2582 primogenituram

396 2606 669 2660 revocavit
696 2621 819 2660 eum
852 2607 941 2674 qui
970 2619 1000 2657 a
1029 2606 1204 2673 patrio
1227 2604 1340 2658 lare
1365 2606 1522 2673 longe
1549 2604 1912 2659 abscesserat.

2064 1779 2376 1843 συστενάζει
2425 1780 2457 1848 ἡ
2495 1779 2669 1841 κτίσις
2700 1777 2881 1847 ἐκείνη
2934 1776 3028 1829 καὶ
3062 1775 3338 1829 συνωδίνει
3384 1772 3632 1844 τῇ,καθ’

2061 1873 2207 1942 ἡμᾶς
2258 1871 2621 1942 ματαιότητι,
2694 1870 2899 1940 ζημίαν
2956 1869 3161 1922 οἰκείαν
3228 1868 3487 1939 κρίνουσα
3534 1866 3641 1937 τὴν

2060 1963 2332 2033 ἡμετέραν
2361 1961 2656 2025 ἀπώλειαν,
2686 1962 2813 2025 ὅταν
2841 1964 2874 2031 ἡ
2907 1960 3243 2031 ἀποκάλυψις
3268 1960 3489 2029 γένηται
3523 1958 3631 2011 τῶν
3696 1952 3701 1955 ’

2061 2054 2190 2108 υἱῶν
2223 2053 2317 2108 τοῦ
2347 2054 2484 2108 Θεοῦ
2512 2093 2526 2117 ,
2562 2054 2626 2124 ἣν
2654 2054 2790 2124 ὑπὲρ
2834 2054 2994 2124 ἡμῶν
3028 2054 3117 2105 ἀεὶ
3156 2051 3517 2121 καραδοκοῦσι
3540 2051 3633 2103 καὶ

2062 2146 2470 2215 ἀπεκδὲχονται,
2509 2146 2603 2199 καὶ
2633 2146 2761 2197 ὅταν
2793 2144 3050 2215 ἀποσωθῇ
3084 2146 3150 2214 τῇ
3181 2143 3292 2197 ἀνω
3315 2142 3632 2199 ἑκατοντάδι

2064 2239 2123 2291 τὸ
2170 2238 2473 2309 πρόϐατοντ
2516 2239 2678 2308 ἡμεῖς
2718 2237 2772 2289 δὲ
2805 2238 3005 2299 πάντες
3037 2237 3203 2306 ἐσμὲν
3241 2238 3274 2305 ἡ
3317 2234 3641 2306 ἀνθρωπίνη

2064 2328 2223 2397 (priet;
2262 2329 2419 2382 τοῦτο
2463 2328 2525 2381 τὸ
2564 2328 2832 2398 πρόϐατον
2864 2328 2894 2379 ὃ
2942 2328 3030 2380 διὰ
3063 2328 3155 2380 τοῦ
3196 2326 3446 2395 γενέσθαι
3486 2343 3631 2396 πρω-

2062 2421 2309 2482 τότοκος,
2357 2421 2385 2471 ό
2430 2419 2631 2487 ἀγαθὸς
2676 2421 2879 2488 ποιμὴν
2923 2420 3267 2473 ἀνεσώσατο·
3298 2419 3421 2471 τότε
3453 2418 3633 2487 διαφε-

2069 2510 2267 2581 ρόντως
2302 2512 2358 2563 ὲν
2413 2510 2776 2580 ἐπιτεταμένῃ
2810 2514 2874 2580 τῇ
2910 2510 3049 2581 ὑπὲρ
3099 2510 3257 2581 ἡμῶν
3292 2509 3631 2580 εὐχαριστίᾳ,

2069 2602 2397 2673 προσάξουσι
2448 2602 2527 2672 τῷ
2575 2602 2693 2673 Θεῷ
2730 2603 2828 2668 τὴν
2863 2602 3230 2674 προσκύνησιν
3276 2602 3356 2672 τῷ
3401 2601 3495 2655 διὰ.
3532 2602 3634 2670 τῆς

394 2697 764 2769 πρωτοτοκίσς
789 2695 1247 2763 ἀνακαλεσαμένῳ
1267 2693 1358 2745 τὸν
1389 2693 1485 2763 τῆς
1511 2692 1768 2761 πατρῴας
1800 2692 1982 2753 ἑστίας
2010 2691 2467 2760 ἀποφοιτήσαντα.

467 2788 562 2842 llis
589 2803 619 2841 a
652 2787 811 2841 nobis
860 2787 941 2839 sie
980 2785 1297 2847 intellectis,
1344 2784 1527 2837 nullus
1564 2784 1799 2851 amplius
1862 2782 1961 2835 du-

396 2883 552 2945 bitet,
578 2880 736 2948 cujus
772 2878 947 2948 gratia
963 2893 1027 2932 ex
1062 2876 1296 2931 mortuis
1330 2874 1387 2927 fit
1426 2875 1840 2943 primogenitus,
1878 2874 1959 2928 vel

2140 2779 2352 2834 Τούτων
2384 2781 2441 2834 δὲ
2493 2782 2662 2846 οὕτως
2712 2784 2846 2851 ἡμῖν
2878 2783 3174 2853 νοηθέντων
3201 2824 3215 2845 ,
3246 2784 3428 2838 οὐκέτ’
3459 2786 3523 2839 ἄν
3552 2802 3643 2847 τις

2071 2875 2201 2945 περὶ
2232 2873 2340 2925 τῶν
2385 2873 2584 2927 λοιπῶν
2618 2875 2976 2943 ἀμφιδάλλοι,
3025 2877 3145 2929 ὅτου
3176 2877 3333 2947 χάριν
3364 2877 3396 2945 ἢ
3429 2875 3647 2945 νεκρῶν

393 2980 660 3026 creatura:
682 2970 761 3024 vel
781 2970 832 3022 in
853 2968 1037 3022 multis
1057 2966 1336 3021 fratribus.
1372 2963 1494 3020 ﬂare
1514 2965 1658 3020 enim
1688 2966 1869 3018 omnia
1898 2963 1964 3017 ad

2070 2963 2275 3031 γίνεται
2311 2964 2677 3034 πρωτότοκος,
2709 2965 2741 3036 ἧ
2793 2965 3053 3028 κτίσεως,
3083 2965 3115 3034 ἢ
3161 2969 3218 3017 ὲν
3249 2965 3458 3028 πολλοῖς
3487 2966 3635 3019 ἀδελ-

395 3062 646 3116 eumdem
667 3074 891 3129 scopum
914 3064 1183 3127 spectant,
1215 3056 1317 3111 etsi
1339 3058 1398 3109 in
1427 3070 1754 3125 unoquoque
1773 3068 1970 3109 secun—

390 3155 525 3207 dum
548 3152 935 3223 preprietatem
973 3149 1203 3220 insignis
1246 3147 1492 3218 quaedam
1538 3148 1689 3203 notio
1726 3153 1966 3215 apparet.

398 3245 801 3313 Primogcnitus
818 3257 884 3297 ex
907 3241 1139 3296 mortuis
1168 3241 1244 3305 fit,
1277 3240 1372 3309 qui
1400 3240 1611 3309 primus
1628 3252 1723 3307 per
1746 3252 1804 3291 se
1816 3251 1970 3292 acres

399 3336 590 3390 mortis
612 3334 828 3388 dolores
847 3332 1027 3395 solvit,
1044 3340 1101 3384 ut
1114 3330 1372 3384 omnibus
1386 3330 1551 3384 etiam
1561 3327 1705 3383 viam
1728 3325 1889 3381 faciat
1903 3324 1970 3380 ad

398 3431 612 3493 partum
645 3423 735 3490 qui
765 3421 824 3474 tit
844 3436 911 3474 ex
939 3419 1364 3473 resurrectione.
1396 3418 1456 3470 In
1481 3416 1741 3470 fratribus
1775 3432 1970 3474 rursus

399 3512 798 3583 primogenitus
829 3511 1033 3571 factus,
1054 3508 1151 3578 qui
1182 3523 1324 3562 novo
1356 3508 1789 3577 regenerationis
1810 3517 1969 3577 partu

404 3605 559 3674 prior
581 3602 799 3671 genitus
837 3609 921 3654 est
968 3600 1022 3653 in
1058 3614 1222 3670 aqua,
1253 3600 1414 3670 cujus
1445 3607 1661 3671 partum
1707 3600 1971 3656 columba:

398 3696 613 3752 volatus
653 3692 1042 3747 obstetricatus
1071 3699 1175 3748 est.
1219 3691 1322 3747 Per
1366 3708 1528 3763 quem
1562 3708 1658 3748 eos
1715 3696 1806 3763 qui
1844 3708 1968 3748 cum

399 3788 518 3855 ipso
550 3782 751 3839 similis
777 3784 1147 3853 generationis
1184 3784 1481 3855 participes
1512 3792 1663 3849 sunt,
1708 3785 1811 3840 sibi
1852 3784 1967 3840 fra-

398 3888 510 3931 tres
545 3875 785 3938 asciscit,
828 3881 883 3928 et
919 3875 1312 3946 primogenitus
1358 3876 1591 3931 eﬂicitur
1634 3892 1821 3931 eorum
1873 3877 1965 3946 qui

398 3980 518 4038 pnst
533 3967 709 4037 ipsum
728 3982 791 4019 ex
809 3980 948 4035 aqua
963 3978 1015 4019 et
1030 3966 1221 4035 spiritu
1241 3976 1653 4035 regenerantur.
1674 3966 1739 4018 Et
1756 3973 1812 4018 ut
1826 3981 1971 4020 sum-

401 4059 585 4112 matim
605 4057 802 4117 dicam,
840 4070 964 4109 cum
997 4056 1108 4110 sint
1141 4063 1253 4109 tres
1294 4055 1348 4108 in
1381 4055 1540 4109 nobis
1567 4054 1965 4125 generationes,

395 4150 593 4219 quibus
611 4148 919 4203 viviﬁcatur
939 4147 1176 4201 humana
1194 4154 1410 4211 natura,
1448 4160 1555 4200 una
1573 4160 1603 4200 e
1619 4160 1871 4215 corpore,
1897 4147 1971 4199 al-

395 4250 508 4297 tera
523 4239 825 4296 secundum
855 4239 1289 4311 regenerationis
1321 4238 1661 4307 mysterium,
1688 4238 1850 4292 tertia
1876 4252 1969 4307 per

2069 3057 2207 3125 φοῖς.
2238 3054 2421 3108 Πάντα
2450 3054 2557 3125 γὰρ
2601 3056 2772 3108 ταῦτα
2808 3056 2945 3127 πρὸς
2976 3059 3066 3109 τὸν
3094 3056 3255 3110 αὑτὸν
3285 3056 3484 3110 σκοπόν
3518 3056 3635 3127 βλέ-

2069 3163 2181 3212 πει,
2220 3146 2324 3201 κᾶν
2349 3146 2563 3216 ἑκάστῳ
2589 3164 2641 3199 τι
2664 3147 2803 3200 κατά
2830 3148 2891 3199 τὸ
2926 3146 3123 3211 ἰδιάζον
3152 3149 3482 3226 ἐμφαίνηται
3511 3150 3635 3220 νόηέ

2072 3253 2169 3306 μα.
2200 3238 2549 3307 Πρωτότοκος
2576 3237 2682 3310 γὰρ
2711 3238 2776 3289 ὲκ
2807 3239 2915 3293 τῶν
2951 3238 3161 3309 νεκρῶν
3195 3240 3401 3308 γίνεται
3425 3242 3453 3293 ὁ
3485 3242 3633 3312 πρῶ-

2066 3342 2158 3389 τος
2188 3328 2255 3380 δι’
2300 3327 2494 3383 ἑαυτοῦ
2522 3328 2620 3392 τὰς
2674 3329 2867 3393 ὠδῖνας
2904 3329 2999 3383 τοῦ
3040 3330 3267 3384 θανάτου
3303 3331 3469 3394 λύσας
3493 3371 3511 3397 ,
3552 3334 3635 3386 ἵνα

2069 3419 2164 3473 καὶ
2189 3420 2352 3473 πᾶσιν
2380 3420 2669 3491 όδοποιὴσῃ
2700 3422 2791 3475 τὸν
2836 3423 2898 3487 ἐξ
2950 3423 3295 3487 ἀναστάσεως
3331 3425 3507 3479 τόκον.
3550 3427 3634 3478 Ἐν

2068 3510 2317 3580 ἀδελφοῖς
2337 3512 2394 3565 δὲ
2418 3512 2579 3566 πάλιν
2617 3514 2958 3585 πρωτότοκος
2989 3516 3270 3585 γινόμενος
3296 3557 3309 3579 ,
3338 3518 3366 3569 ό
3392 3517 3485 3571 τοῦ
3517 3536 3633 3571 και-

2068 3599 2160 3655 νοῦ
2219 3604 2319 3673 τῆς
2366 3602 2783 3671 παλιγγενεσίας
2830 3606 2988 3658 τόκου
3038 3608 3423 3679 προγεννηθεὶς
3459 3610 3519 3661 ὲν
3560 3609 3649 3678 τῷ,

2071 3690 2263 3757 ὕδατι,
2316 3688 2376 3748 οὗ
2429 3694 2529 3757 τὰς
2578 3694 2771 3758 ὠδῖνας
2822 3697 2857 3766 ἡ
2910 3699 3107 3765 πτῆσις
3158 3700 3253 3768 τῆς
3312 3702 3635 3770 περιστερᾶς

2070 3783 2414 3854 ὲμαιεύσατο.
2461 3787 2537 3839 At?
2567 3780 2627 3839 οὗ
2673 3786 2798 3849 τοὺς
2844 3790 3322 3859 συμμετασχόντας
3351 3790 3501 3861 αὑτῷ
3540 3792 3637 3860 τῆς

2068 3875 2257 3945 ὁμοίας
2293 3877 2594 3947 γεννήσεως
2620 3876 2879 3946 ἀδελφοὺς
2907 3878 3100 3932 ἑαυτοῦ
3131 3881 3274 3933 ποιεῖ
3299 3920 3313 3944 ,
3346 3884 3441 3935 καὶ
3489 3900 3634 3952 πρωί»

2068 3966 2284 4029 τότοκος
2324 3966 2530 4033 γίνεται
2556 3966 2663 4019 τῶν
2699 3968 2818 4032 μετ’
2851 3967 3010 4021 αὐτὸν
3061 3970 3410 4041 γεννωμένων
3450 3973 3514 4025 ἐκ
3542 3971 3634 4025 τοῦ

2070 4054 2261 4119 ὕδατός
2291 4075 2349 4109 τε
2383 4058 2476 4110 καί
2516 4057 2608 4109 τοῦ
2640 4058 2967 4127 πνεύματος.
3000 4060 3109 4113 Καὶ
3145 4061 3415 4115 συνελόντι
3449 4063 3649 4132 epam,

2068 4147 2233 4218 τριῶν
2267 4148 2440 4201 οὐσῶν
2489 4150 2546 4200 ἐν
2580 4151 2708 4219 ἡμῖν
2761 4149 2869 4202 τῶν
2916 4151 3218 4220 γεννήσεων
3242 4192 3257 4217 ,
3291 4153 3356 4206 δι’
3400 4147 3474 4206 ὧν
3504 4152 3634 4216 ζωοε

2071 4246 2301 4296 ποιεῖται
2336 4247 2368 4315 ἡ
2398 4242 2708 4315 ἀνθρωπίνη
2740 4245 2900 4314 φύσις
2928 4261 2942 4276 ’
2970 4246 3068 4315 τῆς
3099 4246 3199 4315 μὲν
3227 4247 3337 4300 ἀπὸ
3364 4248 3643 4317 σώματος,.

396 4340 666 4404 speratam
696 4347 764 4388 ex
800 4333 1032 4387 mortuis
1068 4332 1249 4387 denuo
1282 4331 1765 4393 resurrectionem,
1797 4331 1852 4383 in
1884 4329 1964 4383 his

2072 4334 2173 4403 τῆς
2205 4336 2261 4387 δὲ
2295 4307 2434 4388 κατὰ
2479 4307 2541 4387 ’έὺ
2578 4336 2673 4406 τῆς
2697 4307 3122 4405 ’πξιλιγγενεέέαξ
3163 4307 3487 4408 μυστήρί⁰ᾆ’

394 4423 574 4478 tribus
620 4424 1020 4493 priinogenitus
1037 4423 1257 4477 dicitur.
1292 4422 1498 4491 Duplex
1513 4422 1731 4491 quidem
1751 4436 1874 4475 cum
1897 4420 1969 4475 sit

397 4518 757 4586 regeneratio,
814 4531 935 4585 qure
986 4531 1082 4585 per
1129 4524 1421 4584 utrumque
1475 4513 1726 4576 efﬁcitur,
1780 4519 1835 4567 et
1875 4527 1971 4581 per

398 4607 686 4674 baptisma,
717 4613 771 4659 et
798 4621 892 4675 per
920 4607 1402 4672 resurrectionem,
1430 4607 1546 4675 ipse
1581 4606 1760 4660 factus
1781 4605 1888 4659 (lux
1916 4612 1971 4658 et

398 4698 652 4768 princeps
717 4699 1016 4753 secundum
1091 4708 1399 4769 utramque,
1456 4699 1512 4753 in
1578 4713 1745 4753 carne
1786 4708 1968 4754 autem

398 4788 797 4859 primogenitus
827 4790 903 4853 fit,
944 4792 1155 4859 primus
1198 4799 1253 4845 et
1283 4791 1431 4844 solus
1476 4789 1719 4859 ignotum
1758 4798 1968 4844 natura:

396 4888 611 4949 partum
650 4879 702 4931 in
727 4880 906 4949 seipse
948 4896 1043 4950 per
1067 4880 1341 4951 Virginem
1364 4896 1566 4936 novum
1597 4880 1839 4945 molitus,
1869 4896 1967 4935 cu-

391 4973 484 5040 jus
510 4969 695 5025 nullus
722 4970 776 5022 iu
831 4979 909 5023 tot
965 4971 1245 5026 hominum
1291 4972 1735 5043 generationibus
1778 4983 1967 5028 auctor

393 5066 625 5121 exstitit.
670 5060 725 5117 Si
763 5063 877 5116 haec
907 5065 1204 5118 secundum
1232 5067 1501 5121 rationem
1545 5065 1824 5120 intellecta
1849 5066 1966 5122 fue-

395 5158 541 5225 rint;
572 5172 751 5226 neque
780 5162 1045 5210 creaturae
1076 5157 1465 5227 significatum,
1504 5156 1663 5228 cujus
1694 5157 1966 5228 primoge-

394 5251 545 5306 uitus
574 5258 655 5306 cst
677 5249 1035 5321 ignorabitur.
1062 5248 1342 5319 Duplicem
1369 5250 1514 5304 enim
1532 5258 1743 5305 naturae
1763 5259 1966 5306 nostra:

396 5342 725 5397 creationem
755 5340 1146 5413 cognovimus:
1185 5340 1435 5409 primam,
1466 5340 1767 5396 secundum
1801 5355 1964 5410 quam

396 5428 615 5487 formati
644 5449 836 5489 sumus
900 5440 956 5489 et
984 5433 1304 5499 secundam,
1360 5447 1455 5503 per
1483 5448 1645 5503 quam
1683 5431 1964 5488 reformati

370 5715 393 5742 β

2072 4425 2128 4478 δὲ
2154 4464 2169 4489 ,
2204 4425 2294 4479 διὰ
2328 4429 2427 4497 τῆς
2457 4426 2817 4497 ἐλπιζομένης
2847 4428 2912 4479 ὲκ
2944 4427 3054 4481 τῶν
3080 4428 3288 4497 νεκρῶν
3318 4428 3474 4482 πάλιν
3506 4427 3629 4482 ἀνα-

2074 4514 2311 4577 στάσεως
2328 4555 2343 4579 ,
2368 4518 2424 4569 ὲν
2453 4519 2573 4579 ταῖς
2596 4517 2740 4586 τρισὶ
2775 4516 3127 4587 πρωτότοκος.
3150 4517 3378 4586 γίνεται.
3403 4520 3513 4589 Τῆς
3540 4519 3644 4590 μὲν-

2071 4606 2261 4676 διπλῆς
2299 4607 2711 4676 παλιγγενεσίας
2728 4608 2836 4677 τῆς
2868 4608 2933 4661 δι’
2967 4609 3286 4678 ἀμφοτέρων
3311 4611 3636 4679 ἐνεργουμέ-

2071 4715 2167 4768 νης
2191 4740 2207 4765 ,
2237 4700 2326 4753 διά
2375 4718 2433 4753 τε
2466 4700 2560 4752 τοῦ
2592 4700 2965 4770 βαπτίσματος
2997 4702 3088 4753 καὶ
3139 4701 3227 4754 διὰ
3274 4701 3375 4769 τῆς
3405 4701 3639 4755 ἀναστά-

2073 4807 2209 4853 σεως
2230 4832 2245 4856 ,
2270 4791 2432 4853 αὐτὸς
2467 4791 2756 4860 γενόμενος
2802 4790 3042 4861 ἀρχηγὸς
3090 4792 3213 4845 καθ’
3255 4793 3510 4859 ἑκάτερον
3534 4832 3550 4856 ,
3581 4795 3638 4846 ἐν

2070 4879 2127 4932 δὲ
2158 4882 2222 4949 τῇ
2266 4881 2426 4949 σαρκὶ
2483 4883 2823 4951 πρωτότοκος
2854 4882 3061 4949 γίνεται
3087 4899 3101 4913 ο
3136 4882 3351 4953 πρῶτος
3394 4882 3489 4935 καὶ
3544 4884 3647 4951 μό-

2070 4988 2158 5033 νος
2186 4971 2277 5023 τὸν
2308 4971 2582 5039 ἄγνωστον
2610 4977 2677 5044 τῇ
2711 4973 2870 5041 φύσει
2902 4974 3057 5026 τόκον
3088 4974 3174 5041 ἐφ’
3202 4972 3396 5025 ἑαυτοῦ
3424 4972 3513 5026 διὰ
3542 4977 3637 5044 τῆς

2072 5061 2366 5133 παρθενίας
2394 5066 2793 5135 καινοτομήσας
2812 5103 2825 5126 ,
2860 5057 2922 5117 οὗ
2971 5064 3161 5134 μηδεὶς
3207 5065 3265 5116 ὲν
3296 5066 3417 5127 ταῖς
3448 5065 3629 5117 τοσαύ-

2069 5171 2191 5214 ταις
2223 5154 2329 5207 τῶν
2357 5154 2656 5226 ἀνθρώπων
2703 5159 2915 5224 γενεαῖς
2970 5155 3337 5226 καθηγήσατο.
3365 5157 3430 5208 Et
3470 5156 3645 5209 ταῦτα

2071 5247 2248 5301 τοίνυν
2296 5248 2436 5301 κατά
2487 5248 2643 5315 λόγον
2672 5248 2960 5318 νενόηται,
3000 5247 3120 5301 οὐδὲ
3157 5248 3218 5301 τὸ
3262 5250 3360 5317 τῆς
3414 5248 3641 5307 κτίσεως

2073 5340 2468 5410 σημαινόμενον
2492 5380 2506 5405 ,
2539 5335 2606 5411 ἦς
2638 5340 2975 5411 πρωτότοκός
3005 5343 3154 5395 ἐστιν
3174 5381 3190 5405 ,
3220 5341 3637 5412 ἀγνοηθήσεται.

2072 5432 2276 5503 Διπλῆν
2318 5434 2424 5504 γὰρ
2459 5432 2557 5501 τῆς
2596 5432 2809 5501 φύσεως
2841 5433 2996 5504 ἡμῶν
3041 5433 3137 5504 τὴν
3171 5434 3346 5486 κτίσιν
3398 5434 3634 5503 ἐγνώκαο

473 5616 585 5647 ‘5'”
616 5613 845 5687 Philipp.
879 5634 936 5683 ιι,
978 5621 1064 5674 10.
1143 5620 1180 5651 ιτ
1226 5618 1415 5674 Matth.
1452 5619 1711 5686 “111,15,
1745 5619 1830 5684 'li;
1864 5617 1994 5672 Luc.
2034 5633 2120 5682 xv,
2163 5617 2207 5670 7.
2291 5618 2332 5649 ιδ
2361 5615 2520 5673 Rom.
2554 5632 2667 5687 vni,
2706 5620 2785 5675 l9.
2870 5622 2911 5651 ¹⁹
2950 5621 3137 5676 Matth.
3172 5637 3320 5684 xvui,
3362 5622 3459 5676 l‘)...
