4054 6150
501 206 608 264 637

1613 201 1890 259 CONTRA
1935 201 2321 268 EUNOMIUM,
2361 204 2485 259 LIB.
2527 205 2612 260 IV.

3651 213 3755 269 658

507 336 608 391 μεν
629 358 643 382 ,
689 319 783 388 τήν
814 334 873 370 τι
899 315 1138 386 ’πρώτην
1175 315 1296 370 καθ’
1321 315 1387 386 ἢν
1415 313 1766 386 ὲπλάσθημεν
1789 354 1806 380 ,
1856 315 1947 369 καὶ
1978 316 2076 385 τὴν

2183 312 2426 380 fuimus;
2473 315 2570 383 sed
2620 329 2728 369 non
2777 331 2915 388 opus
2957 325 3109 373 esset
3169 317 3410 377 secunda
3451 323 3753 390 creatione,

499 411 758 480 δευτέραν
801 409 923 462 καθ’
967 409 1032 480 ἢν
1079 406 1520 478 ἀνεπλάσθημεν.
1565 407 1702 460 Ἀλλ’
1734 407 1835 460 οὐκ
1889 406 1954 460 ἂν
2006 402 2072 477 ἦν

515 502 602 571 μῆς
626 499 877 569 δευτέρας
905 497 1061 569 ἡμῶν
1083 498 1312 563 κτίσεως
1333 497 1516 570 χρεία,
1544 499 1592 551 εί
1628 497 1702 569 μὴ
1728 496 1825 568 τὴν
1855 495 2072 568 πρώτην

501 594 591 648 διὰ
617 593 718 661 τῆς
744 593 1030 665 παρακοῆς
1057 592 1456 664 ὴχρειὼσαμεν.
1493 594 1734 664 Ἐκείνης
1766 594 1944 648 τοίνυν
1973 612 2071 648 παι
2109 654 2111 657 ι

501 687 825 758 λαιωθείσης
878 704 938 740 τε
994 687 1088 741 καὶ
1144 687 1570 757 ἀφανισθείσης,
1627 686 1730 740 ἔδει
1778 686 1970 757 καινὴν
2019 687 2076 737 ἐν

502 776 724 850 Χριστῷ
748 775 1000 845 γενέσθαι
1039 776 1234 841 κτίσιν,
1262 775 1443 839 καθώς
1473 793 1636 846 φησιν
1663 776 1690 828 ό
1733 776 2073 838 Ἀπόστολος.

502 868 669 922 Οὐδὲν
699 869 780 921 ἔτι
809 867 918 920 τῶν
942 868 1407 938 πεπαλαιωμένων
1429 869 1521 922 ἐπὶ
1551 869 1646 938 τῆς
1673 867 1932 939 δευτέρας
1961 867 2076 920 κτί-

505 975 640 1022 σεως
660 957 800 1022 ἀξιοῖ
828 957 1064 1028 βλέπειν,
1083 957 1598 1028 ’Λπεκὸυσὰμενοι,
1622 957 1817 1027 λέγων,
1837 958 1942 1012 τὸν
1963 973 2068 1012 :w-

503 1049 678 1105 λαιὸν
700 1049 1030 1119 ἄνθρωπον,
1049 1049 1171 1104 σὺν
1185 1050 1313 1116 ταῖς
1329 1047 1585 1118 πράξεσι
1604 1051 1698 1103 καὶ
1721 1051 1848 1115 ταῖς
1871 1051 2074 1106 ἐπιθυ-

502 1140 664 1212 μίαις
691 1141 898 1206 αὑτοῦ,
925 1141 1262 1196 ἐνδύσασθε
1285 1143 1389 1195 τόν
1410 1143 1619 1196 καινὸν
1641 1142 1949 1209 ἄνθρωπον
1972 1142 2076 1195 τὸν

509 1233 656 1290 κατὰ
683 1233 830 1288 Θεὸν
848 1233 1183 1288 κτισθένταο
1209 1232 1406 1292 καὶ,Εῖ
1431 1252 1518 1300 τις
1550 1234 1618 1288 ἐν
1639 1234 1886 1302 Χριστῷ,
1918 1236 2072 1304 φησὶ,

507 1324 683 1390 καινὴ
711 1324 917 1389 κτίσις
937 1341 950 1354 ·
980 1323 1051 1378 τὰ
1096 1323 1312 1393 ἀρχαῖα
1356 1323 1681 1392 παρῆλθεν.
1717 1323 1842 1377 ἰδοὺ
1869 1323 2074 1394 γέγονε

507 1415 683 1470 καινὰ
705 1433 716 1444 ⁸
745 1413 825 1480 εἷς
856 1415 963 1486 γὰρ
989 1416 1082 1470 καὶ
1114 1419 1141 1468 ὁ
1169 1417 1328 1480 αὐτὸς
1357 1417 1458 1486 τῆς
1483 1417 1831 1488 ἀνθρωπίνης
1864 1417 2074 1486 φύσεως

511 1505 738 1576 ποιητὴς
761 1547 775 1572 ,
806 1506 899 1558 καὶ
939 1504 1000 1558 τὸ
1032 1506 1152 1581 κατ’
1204 1506 1377 1577 ἀρχὰς
1415 1506 1508 1559 καὶ
1557 1505 1618 1559 τὸ
1675 1506 1812 1576 μετὰ
1859 1504 2030 1560 ταῦτα
2061 1524 2071 1536 ·

506 1599 625 1652 τότε
646 1596 824 1651 λαϐὼν
851 1595 979 1666 χοῦν
1013 1597 1120 1650 ἀπὸ
1144 1597 1243 1668 τῆς
1264 1599 1365 1668 γῆς
1385 1639 1399 1660 ,
1426 1598 1515 1650 τὸν
1539 1597 1821 1670 ἄνθρωπον
1848 1598 2070 1651 ἔπλασε·

509 1694 669 1747 πάλιν
701 1693 879 1746 λαϐὼν
913 1691 1004 1744 τὸν
1029 1692 1091 1743 ὲκ
1122 1691 1222 1761 τῆς
1252 1689 1540 1768 παρθενίας
1569 1689 1696 1760 χοῦν
1721 1731 1735 1756 ,
1761 1691 1858 1762 οὐχ
1888 1689 2072 1755 ἁπλῶς

506 1786 598 1840 τὸν
646 1781 929 1855 ἄνθρωπον
990 1782 1260 1847 ἔπλασεν,
1319 1781 1434 1836 ἀλλ’
1487 1781 1663 1851 ἐαυτῷ
1719 1781 2070 1852 περιέπλασε.

508 1877 641 1932 Τότε
690 1876 900 1930 ἔκτισεν
924 1916 939 1940 ,
1001 1874 1138 1946 μετὰ
1189 1873 1360 1927 ταῦτα
1394 1874 1615 1945 ἐκτίσθη
1643 1889 1656 1903 ο
1687 1873 1806 1925 τότε
1837 1874 1866 1925 ό
1903 1873 2074 1940 Λόγος

509 1970 686 2040 σάρκα
718 1967 971 2037 ἐποίησεν
992 2006 1010 2033 ,
1043 1965 1178 2037 μετὰ
1210 1965 1380 2019 ταῦτα
1406 1968 1433 2018 ό
1467 1966 1638 2032 Λόγος
1672 1963 1808 2036 σὰρξ
1835 1961 2071 2033 ἐγένετο,

510 2060 597 2112 ἵνα
635 2057 1016 2130 μετασκευάσῃ
1046 2057 1180 2128 πρὸς
1212 2055 1426 2126 πνεῦμα
1471 2054 1568 2125 τὴν
1596 2054 1868 2125 ἡμετέραν
1897 2054 2075 2126 σάρκα

507 2147 596 2200 διὰ
628 2145 720 2200 τοῦ
745 2146 1147 2217 συμμετασχεῖν
1168 2146 1300 2215 ἡμῖν
1335 2143 1664 2214 σαρκότητος
1707 2143 1801 2196 καὶ
1821 2143 2072 2212 αἵματος.

512 2239 725 2310 Ταύτης
755 2238 932 2292 τοίνυν
970 2237 1067 2307 τῆς
1093 2237 1283 2306 καινῆς
1333 2236 1388 2287 ὲν
1424 2233 1641 2305 Χριστῷ
1667 2235 1922 2297 κτίσεως,
1955 2228 2020 2305 ἧς
2047 2235 2076 2285 ὁ

509 2332 668 2394 αὐτὸς
689 2331 1037 2401 καθηγήσατο
1061 2369 1074 2393 ,
1107 2328 1446 2400 πρωτότοκος
1479 2326 1772 2398 ὠνομάσθη
1796 2368 1811 2392 ,
1858 2327 2075 2380 πάντων

511 2422 731 2494 ἀπαρχὴ
766 2423 1052 2491 γενόμενος
1075 2461 1088 2483 ,
1120 2421 1212 2473 καὶ
1259 2418 1366 2471 τῶν
1403 2419 1482 2480 είς
1516 2418 1659 2489 ζωὴν
1698 2417 2073 2487 γεννωμένων,

512 2515 606 2569 καὶ
636 2515 744 2566 τῶν
777 2514 846 2566 δι’
875 2513 1220 2574 ἀναστάσεως
1251 2510 1462 2579 νεκρῶν
1495 2509 1965 2579 ζωοποιουμὲνων,
1990 2510 2077 2563 ἵνα

509 2607 602 2661 καὶ
633 2604 843 2676 νεκρῶν
874 2604 968 2656 καὶ
1008 2602 1220 2667 ζώντων
1254 2600 1552 2672 κυριεύσῃ,
1595 2601 1688 2654 καὶ
1716 2601 1834 2655 ὅλον
1866 2600 1951 2653 διὰ
1978 2602 2076 2670 τῆς

509 2699 568 2748 ἐν
597 2695 775 2764 ἑαυτῷ
811 2694 1062 2764 ἀπαρχῆς
1097 2693 1396 2764 συναγιάσῃ
1439 2693 1500 2744 τὸ
1529 2691 1778 2762 φύραμα.
1818 2691 1942 2744 ’Ότι
1968 2691 2077 2762 γὰρ

511 2789 572 2840 οὐ
620 2785 762 2838 κατὰ
801 2787 904 2855 τὴν
954 2784 1276 2855 προαιώνισν
1327 2783 1559 2855 ὕπαρξιν
1591 2782 1962 2855 ὲφαρμόζεται
2001 2783 2079 2854 τῷ

511 2879 629 2950 Υἱῷ
654 2879 715 2932 τὸ
761 2878 1100 2950 πρωτότοκον
1122 2919 1137 2941 ,
1175 2879 1208 2947 ἡ
1253 2877 1346 2930 τοῦ
1376 2877 1709 2946 Μονογενοῦς
1741 2878 2079 2946 προσηγορία

507 2968 954 3040 διαμαρτύρεται.
989 2969 1048 3021 '0
1077 2967 1186 3038 γὰρ
1211 2967 1428 3037 άληθῶς
1475 2967 1780 3037 Μονογενὴς
1820 2967 2080 3037 ἀδελφοὺς
2107 2991 2152 3054 c

507 3063 609 3116 οὐκ
639 3061 769 3130 ἔχει.
801 3059 922 3123 Πῶς
951 3056 1045 3113 οὖν
1073 3059 1138 3112 ἂν
1175 3076 1260 3124 τις
1293 3058 1378 3127 εἴη
1423 3058 1714 3130 μονογενὴς
1749 3061 1806 3112 ὲν
1835 3059 2078 3127 ἀδελφοῖς

509 3151 945 3225 ἀριθμοὸμενος;
975 3150 1090 3204 ἀλλ’
1112 3149 1190 3213 ὡς
1219 3149 1434 3219 λέγεται
1473 3149 1607 3214 Θεὸς
1647 3150 1742 3204 καὶ
1771 3149 2075 3220 ἄνθρωπος,

512 3246 638 3310 Υἱὸς
664 3244 800 3298 Θεοῦ
831 3246 926 3298 καὶ
949 3243 1072 3308 Υἱὸς
1104 3242 1420 3314 ἅνθρωποι.)⁹
1468 3242 1650 3314 μορφὴ
1680 3243 1790 3315 γὰρ
1819 3242 1953 3296 Θεοῦ
1985 3245 2079 3296 καὶ

513 3339 694 3411 μορφὴ
724 3336 908 3391 δούλου
933 3377 948 3400 ,
989 3335 1058 3388 τά
1089 3336 1186 3406 μὲν
1221 3335 1362 3390 κατὰ
1398 3333 1495 3405 τὴν
1529 3335 1879 3406 ὑπάρχουσαν
1917 3335 2077 3404 φύσιν

502 3431 606 3496 ὢν,
640 3429 709 3482 τὰ
729 3429 786 3481 δὲ
825 3427 966 3481 κατὰ
991 3426 1088 3496 τὴν
1120 3426 1498 3497 φιλάνθρωπον
1527 3425 1839 3495 οἰκονομίαν
1861 3425 2077 3496 γενόμε-

508 3537 630 3584 νος·
663 3519 805 3573 οὕτω
851 3519 945 3572 καὶ
973 3518 1266 3588 μονογενὴς
1289 3517 1420 3580 Θεὸς
1456 3515 1554 3580 ὣν,
1595 3515 1938 3586 πρωτότοκος
1971 3516 2078 3570 πάν

511 3622 611 3681 σης
636 3609 866 3672 κτίσεως
907 3607 1114 3677 γίνεται
1137 3647 1152 3670 ,
1185 3605 1491 3676 Μονογενὴς
1527 3605 1626 3676 μὲν
1655 3604 1730 3657 ὢν
1761 3607 1819 3658 ὲν
1863 3605 1940 3676 τῷ
1973 3624 2078 3659 πα-

509 3705 666 3775 τρῴῳ
691 3701 878 3769 κόλπῳ
902 3740 918 3764 ,
975 3699 1036 3752 ὲν
1064 3697 1122 3750 δὲ
1162 3699 1273 3760 τοῖς
1317 3696 1407 3750 διὰ
1459 3697 1558 3766 τῆς
1607 3696 1798 3766 καινῆς
1851 3696 2078 3760 κτίσεως

509 3792 833 3862 σωζομένοις
884 3788 1224 3861 πρωτότοκος
1280 3788 1377 3857 τῆς
1407 3786 1634 3849 κτίσεως
1665 3786 1759 3839 καὶ
1787 3785 2076 3856 γενόμενος

510 3881 604 3934 καὶ
634 3879 940 3949 λεγόμενος.
974 3878 1038 3931 Εἰ
1063 3876 1142 3942 δὲ,
1174 3874 1350 3940 καθὼς
1381 3877 1415 3946 ἡ
1445 3875 1654 3947 αἵρεσις
1679 3875 1964 3946 βούλεται,
1989 3874 2078 3929 διὰ

508 3973 570 4026 τὸ
600 3968 1141 4040 προκατεσκευάσθαι
1191 3968 1290 4036 τῆς
1325 3967 1516 4038 λοιπῆς
1547 3966 1776 4031 κτίσεως
1805 3967 2075 4038 πρωτότο-

510 4083 602 4128 κος
629 4064 846 4132 λέγεται
868 4101 884 4128 ,
915 4062 978 4116 οὐ
1005 4062 1284 4132 συμφωνεῖ
1311 4061 1420 4122 τοῖς
1451 4059 1582 4130 παρ’
1613 4057 1792 4112 αὐτῶν
1823 4058 1950 4128 περὶ
1979 4057 2074 4113 τοῦ

510 4155 830 4225 μονογενοῦς
869 4152 1008 4207 Θεοῦ
1061 4150 1623 4222 κατασκευαζομένοις
1667 4149 1728 4204 τὸ
1775 4150 1965 4222 ὄνομα.
1989 4149 2072 4224 (Οὐ

506 4247 618 4318 γάρ
647 4244 805 4300 τοῦτό
845 4261 1029 4314 φησιν,
1063 4244 1144 4297 ὅτι
1177 4241 1336 4314 Παρὰ
1363 4241 1456 4296 τοῦ
1493 4241 1702 4314 Πατρὸς
1736 4241 1936 4312 ὁμοίως
1967 4241 2074 4293 ὅτε

2178 405 2282 460 nisi
2315 406 2544 476 primam
2582 423 2676 476 per
2715 408 3218 478 praevaricationem
3278 411 3524 467 inutilem
3573 414 3754 470 reddi-
3828 469 3835 476 ,

2173 494 2468 552 dissemus.
2529 498 2623 550 Illa
2666 498 2830 568 igitur
2869 500 3191 565 inveterata,
3239 503 3484 558 obsoleta
3531 513 3585 560 et
3627 522 3753 561 eva-

2175 587 2325 652 nida,
2369 604 2564 644 novam
2611 590 2663 642 in
2707 591 2924 646 Christo
2982 591 3098 647 ﬁeri
3149 603 3455 648 creaturam
3501 607 3620 651 erat
3655 614 3752 654 ne-

2173 698 2356 747 cesse,
2390 683 2528 735 sicut
2569 682 2643 735 ait
2669 683 2962 752 Apostolus
3003 703 3015 737 :
3060 686 3194 740 nihil
3230 687 3466 757 amplius
3503 697 3750 746 vetusto—

2173 788 2294 828 rum
2323 773 2375 826 in
2401 774 2639 827 secunda
2671 784 2923 829 creatura
2962 785 3149 831 censet
3179 777 3380 833 intueri
3420 799 3432 835 :
3461 778 3746 847 Exnentes,

2176 865 2463 934 inquiens,
2506 875 2722 918 veterem
2783 867 3041 922 hominem
3074 885 3190 922 cum
3220 871 3421 925 actibus
3459 881 3507 926 et
3547 874 3752 940 cupidi—

2177 952 2373 1007 tatibus
2403 969 2548 1022 ejus,
2605 954 2810 1009 induite
2839 974 3025 1010 norum
3055 958 3315 1013 hominem
3342 962 3431 1034 qui
3468 962 3751 1016 secundant
3840 953 3844 957 ’

2175 1043 2342 1098 Deum
2363 1057 2568 1100 creatus
2592 1058 2668 1099 est
2686 1049 2750 1114 ”_.
2773 1047 2856 1111 Et,
2878 1048 3053 1119 Siqua
3081 1053 3132 1105 in
3151 1051 3383 1117 Christo,
3403 1056 3600 1126 inquit,
3620 1073 3752 1110 nova

2175 1147 2417 1190 creatura
2437 1155 2455 1190 :
2487 1148 2659 1192 vetera
2678 1144 3062 1209 pra'terierunt,
3086 1163 3199 1200 ecce
3219 1164 3348 1201 nova
3375 1149 3520 1216 facta
3543 1151 3748 1215 sunt";

2176 1243 2317 1284 unus
2352 1230 2496 1284 enim
2525 1239 2579 1283 ct
2611 1231 2750 1286 idem
2782 1233 3033 1290 human-.2
3065 1247 3273 1292 natura:
3317 1239 3512 1301 factor,
3544 1241 3637 1310 qui
3675 1241 3751 1295 fc-

2174 1320 2247 1373 cit
2275 1329 2328 1374 et
2370 1321 2513 1392 quod
2550 1324 2618 1378 ah
2654 1326 2833 1389 initio,
2863 1337 2914 1383 cl
2963 1330 3108 1397 quod
3151 1339 3340 1398 postea
3380 1331 3577 1385 factum
3627 1343 3749 1400 est,

2176 1417 2305 1464 tunc
2325 1427 2390 1468 cx
2424 1416 2644 1483 pulvere
2690 1429 2914 1489 accepto
2963 1420 3240 1475 hominem
3299 1423 3503 1489 tinxit;
3555 1440 3750 1480 rursus

2177 1501 2398 1569 pulvere
2435 1520 2500 1560 ex
2529 1503 2749 1578 Virgine
2789 1519 3026 1579 sumpto,
3066 1527 3172 1564 non
3204 1511 3528 1582 slmpliciter
3575 1502 3751 1568 Immi-

2177 1607 2298 1646 nem
2324 1595 2598 1665 formavit,
2618 1598 2712 1653 sed
2735 1600 2836 1655 sibi
2892 1601 2992 1671 ipsi
3044 1600 3269 1656 amnxit.
3319 1601 3472 1659 Tunc
3511 1607 3750 1667 'crcavit,

2181 1695 2364 1754 postea
2383 1697 2598 1743 creatus
2615 1697 2732 1756 est;
2758 1700 2885 1746 tunc
2903 1691 3135 1747 Verbum
3159 1709 3378 1750 carnem
3395 1695 3542 1762 fecit,
3563 1706 3749 1766 postea

2174 1791 2302 1829 vero
2332 1776 2565 1833 Verbum
2602 1795 2731 1836 caro
2759 1783 2962 1838 factum
2994 1792 3109 1847 est,
3171 1795 3226 1838 ut
3258 1802 3477 1841 carnem
3506 1791 3750 1842 nostrain

2177 1867 2242 1921 ad
2269 1868 2520 1937 spiritum
2557 1880 2936 1939 converteret;
2978 1874 3106 1944 quia
3149 1877 3221 1930 sit
3253 1876 3541 1932 nobiscum
3577 1880 3748 1948 parti-

2174 1969 2303 2026 ceps
2335 1955 2512 2014 factus
2540 1960 2724 2015 carnis
2748 1969 2801 2016 et
2842 1964 3148 2032 sanguinis.
3194 1963 3370 2032 Hujus
3404 1966 3566 2036 igitur
3599 1984 3752 2022 nova:

2175 2048 2228 2102 in
2265 2048 2484 2104 Christo
2501 2060 2788 2118 creaturaa,
2812 2053 2972 2122 cujus
3007 2054 3125 2123 ipse
3154 2056 3264 2108 dux
3293 2054 3418 2118 fuit,
3472 2059 3748 2128 primoge-

2175 2137 2324 2193 nitus
2345 2147 2430 2194 est
2463 2148 2712 2206 vocatus,
2749 2143 2995 2204 omnium
3025 2141 3202 2200 factus
3254 2147 3530 2216 primitim,
3572 2156 3626 2202 et
3657 2163 3750 2202 eo-

2176 2246 2296 2282 rum
2338 2232 2430 2300 qui
2467 2233 2534 2287 ad
2571 2234 2739 2287 vitam
2779 2245 3135 2305 generantur,
3182 2246 3235 2292 et
3269 2255 3458 2294 eorum
3508 2241 3601 2310 qui
3655 2258 3749 2311 per

2175 2326 2631 2379 resurrectionem
2695 2341 2760 2382 ex
2797 2328 3028 2384 mortuis
3084 2330 3452 2392 viviﬁcantur,
3513 2345 3570 2386 ut
3606 2348 3750 2386 mor-

2177 2415 2289 2468 tuis
2341 2423 2394 2470 ct
2429 2417 2569 2472 vivis
2610 2419 2943 2483 dominetur,
2989 2429 3153 2491 atque
3190 2429 3247 2475 ut
3293 2429 3459 2477 totam
3515 2441 3610 2493 per
3643 2426 3750 2494 pri-

2177 2505 2360 2561 mitias
2403 2508 2458 2561 in
2521 2509 2700 2579 seipso
2749 2511 3055 2568 sanctiﬁcet
3105 2515 3745 2582 conspersionem.Quod

2176 2600 2323 2652 enim
2371 2616 2480 2654 non
2541 2603 2844 2657 secundum
2895 2612 3312 2659 ante-teternam
3364 2609 3744 2663 exsislentiam

2179 2688 2317 2746 Filio
2343 2693 2695 2764 primogeniti
2728 2711 2925 2752 nomen
2972 2698 3296 2768 applicatur,
3343 2700 3614 2771 Unigeniti
3661 2721 3748 2776 ap-

2179 2779 2404 2848 pellatio
2455 2787 2708 2840 testatur.
2771 2783 2906 2838 Nam
2960 2788 3052 2856 qui
3096 2804 3220 2843 vere
3276 2787 3597 2862 Unigenitus
3643 2804 3745 2855 cst,

2180 2866 2382 2927 fratres
2419 2887 2528 2928 non
2558 2873 2743 2930 habet.
2781 2875 3067 2942 Quomodo
3105 2879 3250 2933 enim
3291 2881 3415 2954 quis
3446 2892 3588 2938 esset
3621 2883 3744 2937 uni-

2183 2965 2398 3033 genitus
2431 2967 2524 3035 qui
2574 2982 2698 3020 cum
2751 2968 3013 3025 fratribus
3073 2971 3533 3028 annumeratur?
3566 2975 3660 3032 sed
3689 2985 3748 3030 ut

2183 3055 2382 3110 dicitur
2415 3056 2557 3114 Deus
2585 3069 2639 3113 et
2675 3059 2861 3122 homo,
2906 3059 3078 3116 Filius
3125 3062 3218 3118 Dei
3258 3074 3311 3119 et
3362 3063 3534 3120 Filius
3574 3066 3745 3121 homi-

2181 3145 2301 3214 nis;
2341 3147 2516 3202 iortna
2551 3151 2694 3205 enim
2735 3150 2827 3206 Dei
2862 3160 2917 3207 et
2969 3153 3143 3207 forma
3179 3157 3345 3221 servi,
3394 3161 3591 3228 partim
3624 3161 3747 3230 qui-

2179 3235 2300 3292 dem
2341 3238 2642 3294 secundum
2683 3247 2932 3294 naturam
2963 3243 3316 3300 exsistentem
3343 3262 3467 3301 cum
3506 3250 3598 3314 sit,
3621 3266 3745 3321 par-

2179 3325 2277 3380 tim
2305 3342 2435 3382 vero
2461 3343 2586 3382 cum
2620 3330 2693 3383 sit
2724 3329 2899 3385 factus
2933 3333 3234 3388 secundum
3269 3334 3627 3396 humanitatis
3645 3341 3746 3397 dis-

2179 3417 2555 3489 pensationem
2588 3439 2602 3473 :
2643 3420 2724 3475 sic
2766 3419 2930 3475 etiam
2978 3423 3288 3493 unigenitus
3324 3425 3468 3482 Deus
3497 3445 3623 3484 cum
3652 3433 3742 3498 sit,

2178 3508 2574 3579 primogenitus
2605 3511 2786 3566 omnis
2815 3520 3081 3568 creatura:
3128 3515 3379 3573 elﬁcitur.
3423 3517 3745 3592 Unigenitus

2179 3599 2394 3669 quidem
2427 3599 2480 3653 in
2511 3609 2738 3670 paterno
2764 3602 2908 3669 sinu,
2943 3604 2996 3658 in
3038 3605 3123 3660 his
3152 3622 3280 3662 vero
3309 3611 3399 3679 qui
3431 3626 3528 3682 per
3549 3631 3743 3671 novam

2179 3701 2483 3749 creaturam
2549 3703 2857 3761 servantur,
2917 3697 3312 3767 primogenitus
3373 3705 3649 3761 creaturae
3691 3718 3744 3764 et

2179 3783 2356 3839 factus
2385 3790 2440 3839 et
2473 3777 2673 3839 dictus.
2705 3784 2858 3850 Quod
2892 3788 2958 3852 si,
2990 3794 3050 3841 ut
3077 3789 3194 3842 vult
3232 3790 3479 3859 haeresis,
3512 3797 3642 3866 quia
3673 3799 3746 3854 sit

2178 3885 2303 3931 ante
2325 3889 2540 3932 omnem
2583 3884 2888 3931 creaturam
2921 3879 3197 3945 conditus,
3232 3885 3631 3958 primogenitus
3663 3890 3744 3944 di-

2177 3966 2342 4031 citur,
2366 3966 2452 4022 his
2487 3981 2608 4038 qua:
2636 3967 2703 4021 ab
2751 3967 2885 4038 ipsis
2920 3969 2988 4026 de
3017 3971 3300 4040 unigenito
3337 3975 3448 4030 Deo
3481 3988 3746 4034 astruun«

2179 4065 2266 4111 tur
2305 4057 2656 4128 primogeniti
2688 4073 2886 4114 nomen
2939 4078 3046 4116 non
3097 4075 3386 4119 consonat.
3428 4065 3544 4121 Non
3597 4071 3744 4125 enim
3807 4113 3811 4116 .

2175 4149 2278 4204 hoc
2308 4151 2500 4204 aiunt:
2527 4149 2666 4216 Quia
2699 4165 2728 4204 a
2770 4147 2930 4206 Patre
2959 4152 3213 4207 similiter
3246 4161 3300 4207 et
3347 4154 3518 4212 Filius
3563 4167 3616 4212 et
3659 4177 3742 4217 re-

2179 4239 2324 4310 liqua
2357 4243 2541 4294 omnia
2575 4243 2714 4296 facta
2745 4250 2910 4308 sunt;
2963 4243 3057 4298 sed
3082 4243 3349 4298 facturam
3404 4243 3582 4303 Patris
3623 4252 3744 4305 uni-

506 4337 636 4400 Υίδς
669 4337 766 4391 καὶ
797 4337 868 4390 τὰ
897 4336 1074 4391 πάντα
1119 4335 1337 4404 ἐγένετο
1355 4352 1366 4364 ·
1393 4333 1530 4390 ἀλλὰ
1587 4335 1799 4404 ποίημα
1847 4333 1946 4404 μὲν
1977 4330 2072 4384 τοῦ

2178 4331 2418 4400 genitum
2449 4328 2619 4386 Deum
2657 4331 2880 4398 dicunt;
2938 4330 3105 4399 hujus
3141 4341 3343 4397 autem,
3383 4351 3581 4407 nempe
3611 4338 3744 4394 Uni-

508 4429 719 4500 Πατρὸς
733 4428 824 4482 τῦν
844 4427 1106 4498 μονογενῆ
1121 4425 1251 4479 Θεὸν
1267 4425 1536 4494 λέγουσιν,
1553 4425 1740 4479 τούτου
1767 4424 1824 4478 δὲ
1845 4425 1913 4478 τὰ
1938 4422 2074 4479 ἄλλα

509 4522 686 4575 πάντα
711 4537 728 4554 ·
760 4511 806 4586 ᾧ
840 4519 1021 4573 τοίνυν
1041 4517 1184 4588 λόγῳ
1209 4516 1496 4586 κτισθῆναι
1523 4517 1615 4572 τὸν
1643 4516 1771 4571 Υίόν
1815 4516 2072 4586 δογματί-

509 4612 712 4676 ζοντες,
744 4609 964 4680 Πατέρα
992 4610 1085 4664 τοῦ
1113 4611 1408 4681 κτίσματος
1435 4609 1526 4663 τὸν
1567 4609 1698 4664 Θεὸν
1727 4607 2070 4679 ὀνομάζουσι,

505 4700 583 4771 τῷ
612 4698 760 4771 αὐτῷ
779 4699 926 4770 λόγῳ
946 4699 1162 4762 πάντως
1189 4699 1342 4771 παρὰ
1366 4696 1460 4753 τοῦ
1497 4697 1815 4769 μονογενοῦς
1846 4697 1980 4751 Θεοῦ
2005 4697 2072 4750 τὰ

508 4793 683 4846 πάντα
715 4789 1146 4846 κατεσκευάσθαι
1169 4789 1448 4858 λέγοντες,
1479 4788 1540 4840 οὐ
1588 4787 1930 4859 πρωτότοκον
1961 4786 2071 4840 τῶν

505 4879 573 4934 δι’
589 4881 757 4935 αὐτοῦ
781 4879 1185 4949 γεγενημένων,
1209 4877 1345 4931 ἀλλὰ
1376 4877 1594 4952 Πατέρα
1622 4876 1952 4948 κυριώτερον
1977 4877 2073 4930 αὺ-

505 4971 598 5025 τὸν
621 4971 974 5042 ὀνομάζουσι,
1021 4971 1122 5042 τῆς
1169 4969 1338 5040 αὐτῆς
1367 4970 1452 5022 ἐπ’
1479 4969 1802 5040 ἀμφοτέρων
1843 4969 1976 5040 πρὸς
2005 4968 2072 5022 τὰ

508 5061 779 5133 κτίσμιτα
805 5063 1077 5133 σχέσεως,
1113 5061 1212 5133 τὴν
1267 5061 1434 5132 αὐτὴν
1487 5061 1629 5116 κατὰ
1672 5061 1735 5114 τὸ
1781 5059 2071 5114 ἀκόλουθον

507 5154 877 5226 προσηγορίαν
935 5153 1216 5225 ποιούσης.
1269 5155 1332 5207 Et
1369 5153 1481 5224 γὰρ
1534 5151 1736 5223 κυρίως
1787 5151 1881 5204 τοῦ
1940 5152 2070 5206 ίδίου

506 5246 800 5318 κτίσματος
825 5248 854 5299 ό
880 5246 972 5299 ἐπὶ
999 5247 1215 5299 πάντων
1242 5244 1375 5309 Θεὸς
1418 5245 1479 5297 οὐ
1525 5243 1865 5315 πρωτότοκος
1888 5282 1904 5308 ,
1937 5243 2072 5298 ἀλλὰ

506 5335 694 5407 Πατὴρ
724 5334 1076 5405 ὀνομάζεται,
1101 5333 1180 5404 τῷ
1207 5333 1356 5404 αὺτῷ
1394 5331 1537 5404 λόγῳ
1564 5332 1781 5396 πάντως
1828 5332 1922 5385 καὶ
1963 5331 2072 5386 τῶν

506 5427 651 5486 ίὸίων
674 5425 987 5494 κτισμάτων
1024 5426 1213 5499 Πατὴρ
1249 5425 1279 5478 ό
1310 5420 1604 5496 μονογενὴς
1631 5422 1766 5484 Θεὸς
1831 5424 1890 5477 οὐ
1925 5441 2070 5499 πρω-

576 5598 858 5656 "(201055.
885 5613 967 5664 ιιι,
1001 5598 1054 5665 9,
1093 5599 1176 5655 lO.
1255 5600 1295 5630 ²¹
1336 5597 1374 5653 ll
1427 5599 1553 5656 Cor.
1594 5615 1645 5666 ν,
1684 5599 1768 5654 l7.

2178 4420 2372 4492 geniti,
2422 4420 2527 4474 alia
2579 4422 2784 4475 omnia.
2836 4420 2954 4487 Quo
2999 4421 3168 4492 igitur
3207 4437 3459 4481 sermone
3498 4439 3740 4486 creatum

2177 4522 2300 4562 esse
2327 4505 2419 4562 Dei
2452 4505 2646 4560 Filium
2678 4508 2956 4583 docentes,
3011 4509 3226 4565 Patrem
3266 4521 3534 4569 creatura:
3571 4515 3741 4574 Deum

2177 4597 2483 4659 nominant,
2522 4595 2715 4650 eodem
2745 4598 2905 4666 plane
2949 4612 3202 4654 sermone
3225 4599 3294 4654 ab
3322 4601 3605 4674 unigenito
3635 4605 3742 4662 Deo

2178 4690 2362 4742 omnia
2397 4687 2614 4743 condita
2660 4703 2784 4744 esse
2834 4688 3100 4754 dicentes,
3153 4707 3264 4747 non
3319 4695 3741 4768 primogenitum

2175 4795 2363 4836 eorum
2398 4797 2518 4850 qua:
2549 4795 2646 4851 per
2679 4781 2858 4851 ipsum
2895 4789 3025 4838 sunt
3059 4783 3344 4853 producta,
3394 4788 3489 4843 sed
3527 4787 3742 4845 Patrem

2175 4872 2350 4943 magis
2387 4872 2606 4944 proprie
2659 4872 2980 4942 nominant;
3034 4889 3158 4930 cum
3186 4877 3374 4933 eadem
3403 4895 3524 4949 quae
3560 4889 3646 4936 est
3685 4880 3742 4936 in

2176 4963 2424 5034 utrisque
2451 4978 2576 5018 cum
2618 4965 2890 5020 creaturis
2924 4965 3138 5031 relatio,
3176 4971 3425 5025 eamdem
3452 4986 3516 5025 ex
3546 4986 3743 5026 conse-

2173 5053 2394 5108 cutione
2421 5055 2841 5124 appellationem
2882 5054 3069 5112 faciat.
3102 5056 3159 5111 Si
3207 5060 3353 5114 enim
3384 5059 3604 5128 prOprie
3649 5060 3740 5115 ille

2173 5147 2268 5218 qui
2314 5154 2398 5202 est
2432 5147 2487 5201 in
2517 5147 2777 5203 omnibus
2813 5145 2981 5217 Deus,
3047 5151 3283 5220 prOpriaa
3315 5155 3580 5203 creaturae
3631 5167 3739 5206 non

2176 5238 2595 5309 primogenitus,
2629 5237 2725 5294 sed
2746 5237 2907 5294 Pater
2931 5239 3269 5303 nominatur,
3317 5237 3503 5292 eadem
3531 5241 3764 5297 ratione-

2176 5330 2401 5385 omnino
2431 5338 2483 5386 et
2508 5331 2854 5401 propriarum
2885 5340 3260 5386 creaturarum
3303 5327 3465 5382 Pater
3485 5331 3741 5400 unigeni-

2177 5429 2268 5479 tus
2295 5421 2439 5478 Deus
2483 5437 2590 5477 non
2620 5422 2839 5492 proprie
2883 5418 3281 5490 primogenitus
3317 5421 3693 5478 nominabitur
3725 5441 3738 5476 :
