4010 6156
363 251 472 307 65⁸)

1573 251 1631 308 S.
1662 244 1990 309 GREGORll
2024 247 2316 307 NVSSENI

3507 250 3610 305 610

365 370 440 423 ita
473 380 532 424 ut
557 383 777 437 prorsus
807 369 1101 438 impropria
1125 377 1177 424 et
1212 382 1615 439 supervacanea
1632 370 1705 426 sit
1732 373 1927 441 primo-

2041 371 2260 434 τότοκος
2309 370 2514 442 κυρίως
2564 370 2987 442 ὀνομασθήσεται
3013 389 3024 402 ·
3073 370 3149 434 ὡς
3205 369 3410 441 ἄκυρον
3469 367 3612 420 κατὰ

289 481 294 486 ·
363 461 534 530 geniti
577 459 890 529 appellatio,
955 473 1057 514 nec
1092 458 1436 542 inhaeretiea
1481 461 1707 518 notione
1755 461 1933 516 locum

365 548 585 605 habeat.

438 761 544 817 Sed
570 761 645 818 ad
668 778 764 819 eos
800 765 894 836 qui
921 763 1124 819 divinae
1158 765 1496 835 generationi
1555 767 1807 824 aﬂ‘ectum
1843 785 1934 825 as-

371 863 598 910 sumunt
621 865 674 910 et
704 863 1054 920 connectunt,
1075 857 1418 912 redeundum
1453 868 1568 925 est;
1603 875 1666 914 ae
1705 878 1800 932 per
1834 863 1936 918 hoc

364 962 488 1001 vere
515 947 758 1016 genitum
799 963 922 1003 esse
959 946 1257 1003 Dominum
1294 959 1513 1020 negant,
1567 967 1634 1005 ne
1681 952 1934 1006 allectum

363 1039 696 1107 intelligant.
746 1037 877 1091 Nam
909 1037 1054 1108 quod
1092 1039 1283 1093 dicunt
1319 1041 1561 1098 omnium
1595 1044 1934 1112 generationi

363 1130 617 1184 atiectum
653 1129 880 1184 insitum
906 1139 961 1186 et
984 1130 1324 1199 copulatum,
1341 1133 1406 1186 ac
1427 1140 1712 1202 prepterea
1740 1135 1932 1191 existi-

363 1220 624 1276 mandum
659 1237 782 1278 esse
802 1221 1000 1276 Filium
1032 1222 1101 1276 ab
1134 1209 1395 1294 opinione
1434 1225 1738 1280 secundum
1771 1242 1935 1298 gene-

362 1312 635 1366 rationem
679 1313 837 1367 valde
872 1313 1110 1367 alienum
1146 1329 1290 1376 esse,
1341 1322 1400 1367 ut
1430 1329 1564 1384 pure
1602 1324 1755 1370 extra
1799 1319 1932 1373 ati'e-

361 1413 511 1459 Ctum
544 1414 861 1473 permaneat
890 1401 1100 1458 Numen
1137 1423 1149 1458 :
1201 1403 1432 1474 deceptu
1473 1403 1726 1462 facilibus
1763 1407 1931 1472 etin-

366 1494 549 1549 eautis
584 1493 821 1549 fertasse
858 1496 1125 1548 rati-onem
1155 1495 1396 1565 aliquam
1429 1496 1631 1552 habere
1660 1498 1776 1553 [nec
1815 1501 1933 1569 opi-

367 1584 462 1638 nio
518 1583 692 1638 videri
741 1591 942 1654 potest.
1004 1585 1098 1639 sed
1179 1587 1565 1656 mysteriorum
1622 1588 1932 1648 divinorum

360 1671 651 1744 disciplina
682 1675 912 1732 eruditis
933 1683 986 1730 et
1012 1677 1266 1741 excultis,
1304 1693 1371 1732 ex
1414 1679 1664 1749 probatis
1702 1689 1756 1736 et
1794 1697 1930 1736 cou-

359 1763 532 1819 cessis
560 1771 803 1833 prompta
837 1771 922 1818 est
953 1765 1008 1817 in
1038 1780 1198 1818 manu
1230 1767 1606 1834 reprehensio.
1627 1765 1764 1832 Quis
1783 1767 1929 1822 enim

362 1852 583 1923 ignorat
613 1856 1019 1924 generationem
1049 1871 1172 1910 esse
1202 1857 1394 1926 quaein
1427 1873 1610 1912 veram
1643 1867 1695 1914 et
1717 1858 1930 1913 beatam

359 1946 526 1998 vitam
574 1959 674 2001 nos
710 1945 967 2013 adducat,
1017 1962 1129 2001 non
1171 1963 1293 2018 quae
1335 1956 1420 2004 est
1472 1950 1659 2004 eadem
1696 1965 1820 2004 cum
1867 1964 1932 2005 ea

352 2049 480 2098 quae
513 2050 578 2088 ex
610 2036 910 2105 sanguibus
930 2044 984 2092 et
1017 2038 1298 2094 voluntate
1351 2041 1535 2096 carnis
1595 2050 1832 2105 constat,
1875 2042 1931 2098 in

359 2139 468 2190 qua
499 2130 553 2176 et
576 2122 755 2179 ﬂuxus
793 2136 846 2180 et
875 2125 1110 2180 mutatio
1137 2136 1189 2180 et
1214 2142 1335 2196 quae
1361 2128 1564 2182 sensim
1591 2129 1648 2182 lit
1671 2128 1932 2198 perfectio

359 2221 414 2267 et
449 2211 554 2266 alia
607 2231 948 2285 quaecunque
979 2217 1033 2270 in
1072 2217 1176 2271 hac
1221 2218 1648 2274 considerantur
1697 2236 1932 2291 genera-

360 2304 552 2358 tione?
577 2304 759 2359 Altera
783 2321 913 2361 vero
945 2308 1224 2377 generatio
1251 2324 1316 2363 ex
1344 2307 1449 2363 Deo
1469 2317 1551 2365 est
1584 2320 1635 2364 et
1655 2311 1928 2378 caelestis;

358 2403 488 2453 etut
510 2397 1160 2471 aitEvangelium",qum
1179 2399 1550 2471 desuperesse
1581 2403 1787 2457 credita
1822 2413 1928 2468 est,

356 2503 480 2558 qua)
526 2489 742 2558 quidem
775 2491 961 2545 carnis
1011 2499 1064 2546 et
1101 2493 1386 2564 sanguinis
1424 2494 1651 2550 allectus
1690 2511 1801 2551 non
1843 2496 1930 2550 ad.-

357 2579 538 2631 mittit.

424 2666 542 2721 Jam
605 2668 906 2725 adversarii
953 2672 1190 2727 audeant
1219 2672 1457 2728 duorum
1509 2673 1739 2730 alterum
1796 2675 1932 2731 οων-

357 2774 508 2814 mare
530 2774 548 2810 τ
575 2760 659 2816 vel
684 2777 792 2815 non
832 2774 954 2818 esse
984 2765 1389 2834 generationem
1423 2781 1544 2836 qua:
1586 2767 1648 2820 tit'
1670 2767 1926 2838 desuper,

355 2851 442 2906 vel
469 2851 512 2907 si
542 2851 631 2917 sit,
668 2868 762 2923 per
788 2854 972 2909 carnis
1010 2853 1263 2910 allectum
1307 2872 1450 2912 esse.
1497 2857 1661 2928 Atqui
1689 2874 1810 2915 esse
1841 2875 1931 2916 as-

358 2941 699 3006 sentiuntur,
735 2951 790 2998 et
829 2945 885 2998 in
915 2945 1032 3014 ipsa
1052 2943 1305 3000 allectum
1330 2964 1435 3003 non
1462 2949 1786 3019 inveniunt;
1819 2967 1926 3006 non

355 3031 524 3102 igitur
557 3033 738 3088 omnis
769 3035 1049 3102 generatio
1093 3051 1218 3090 cum
1250 3036 1446 3092 ali‘ectu
1485 3039 1612 3093 data
1655 3041 1924 3109 cohaeret;
1955 3047 1996 3106 C

355 3121 452 3178 sed
484 3139 604 3194 qua:
641 3123 928 3182 affectibus
962 3128 1202 3182 obnoxia
1233 3139 1319 3184 est
1351 3137 1404 3183 et
1442 3130 1634 3197 indita,
1674 3133 1930 3187 materia-

358 3215 430 3270 lis
455 3257 468 3280 ,
496 3232 617 3286 quae
647 3233 776 3274 vero
808 3200 1220 3276 all'ecttium'est
1249 3237 1445 3292 expers
1480 3231 1532 3279 et
1556 3240 1711 3293 pura,
1738 3224 1930 3280 imma-

358 3308 565 3363 terialis
597 3321 700 3366 est.
749 3311 881 3376 Quae
923 3312 1088 3384 igitur
1123 3315 1450 3377 necessitas,
1497 3333 1618 3384 quae
1651 3318 1737 3372 vis
1782 3319 1929 3388 cogit

355 3412 419 3452 ea
440 3414 559 3467 (ιντο
579 3409 709 3455 sunt
733 3403 916 3457 carnis
957 3407 1201 3472 propria,
1234 3403 1668 3473 incorrruptibili
1697 3406 1817 3461 Filii
1847 3424 1934 3478 ge-

356 3493 626 3546 nerationi
653 3492 902 3548 ali'ricare
929 3502 983 3547 et
1011 3509 1324 3562 aspergere,
1365 3501 1417 3548 et
1445 3495 1777 3551 ludiﬁcando
1809 3513 1928 3552 ear-

357 3585 532 3638 nalem
554 3586 696 3638 hanc
723 3592 775 3638 et
813 3584 1054 3638 infimam
1079 3587 1486 3654 generationem
1512 3588 1765 3644 indecora
1791 3592 1929 3663 phy-

356 3673 607 3742 siologia,
640 3687 668 3725 a
702 3683 929 3743 paterna
961 3673 1333 3732 familiaritate
1361 3679 1476 3732 sive
1514 3679 1926 3738 necessitudine

355 3754 551 3816 Filium
589 3762 924 3818 excludere?
972 3763 1125 3830 Quod
1161 3767 1297 3822 siet
1344 3768 1397 3822 in
1447 3769 1604 3825 nobis
1648 3774 1927 3841 generatio

353 3848 574 3917 quidem
619 3851 903 3921 utriusque
943 3851 1068 3907 vitae
1106 3853 1215 3907 dux
1255 3863 1340 3910 est
1381 3863 1436 3910 et
1488 3859 1786 3928 magistra;
1825 3861 1924 3916 sed

353 3954 476 4009 quae
498 3954 595 4008 per
643 3955 888 4008 carnem,
941 3945 1178 3998 carnalis
1216 3953 1268 3999 et
1322 3946 1610 4004 affectibus
1648 3950 1921 4016 obnoxiae,

355 4030 620 4100 spiritalis
673 4047 800 4086 vero
852 4048 1018 4101 pura}.
1057 4033 1166 4089 Nec
1209 4051 1397 4089 eorum
1438 4039 1529 4107 qui
1577 4039 1740 4093 modo
1786 4056 1925 4110 quo-

261 4120 273 4130 '
353 4135 571 4186 cunque
595 4120 1036 4178 Christianorum
1071 4134 1302 4182 numero
1328 4127 1592 4200 adscripti
1627 4140 1774 4197 sunt,
1799 4133 1925 4188 huic

352 4211 589 4265 orationi
635 4211 928 4283 quisquam
976 4216 1391 4283 contradixerit,
1425 4219 1698 4289 quomodo
1741 4223 1794 4277 in
1840 4224 1924 4277 di-

350 4302 475 4355 vina
502 4301 905 4372 incorruptiliili
955 4314 1150 4359 natura
1180 4306 1246 4361 de
1284 4312 1638 4378 generatione
1682 4313 1922 4383 cogitan-

2042 461 2218 513 πάντα
2251 462 2342 513 καὶ
2377 461 2752 535 παρέλκουσαν
2781 459 2918 517 εἶναι
2971 462 3063 516 τοῦ
3116 461 3461 533 πρωτοτόκου
3511 474 3614 530 την

2038 554 2407 624 προσηγορίαν
2427 597 2442 621 ,
2477 557 2566 608 ἐπὶ
2593 555 2690 625 τῆς
2737 557 3018 626 αίρετικῆς
3056 553 3262 618 ἑννοίας
3294 553 3482 624 χώραν
3510 552 3610 604 οὐκ

2039 645 2162 716 ἔχου
2170 633 2294 699 σαντ

2119 747 2259 807 Ἀλλ’
2290 756 2574 810 ἐπανιτέον
2621 756 2756 827 πρὸς
2809 754 2932 818 τοὺς
2964 759 3031 827 τῇ
3083 753 3206 827 θείᾳ
3253 755 3502 824 γεννήσει
3546 753 3609 806 τὸ

2036 845 2207 908 πάθος
2239 835 2605 910 συνάπτοντας
2633 889 2648 909 ,
2704 848 2795 900 καὶ
2845 847 2932 900 διὰ
2967 846 3124 901 τοῦτο
3160 845 3607 915 άπαρνουμένους

2034 938 2095 990 τὸ
2140 939 2348 1009 άληθῶς
2394 939 2717 1010 γεννηθῆναι
2762 940 2851 992 τὸν
2883 939 3118 1010 Κύριον,
3168 939 3255 990 ἶνα
3314 938 3389 1008 μὴ
3436 938 3607 1002 πάθος

2034 1030 2287 1100 νοήσωσι.
2323 1031 2396 1083 Τὸ
2424 1031 2532 1101 γάρ
2561 1031 2739 1102 λέγειν
2773 1032 2854 1084 ὅτι
2904 1019 3270 1095 συνέζευκται
3289 1031 3507 1083 πάντων
3536 1033 3603 1102 τῇ

2035 1122 2282 1191 γεννήσει
2321 1121 2380 1174 τὸ
2428 1123 2598 1185 πάθος
2618 1167 2632 1189 ,
2665 1124 2758 1177 καὶ
2803 1122 2887 1176 διὰ
2925 1122 3082 1176 τοῦτο
3111 1123 3307 1193 χρῆναι
3337 1122 3436 1190 τῆς
3462 1121 3606 1175 κατὰ

2034 1215 2132 1282 τὴν
2163 1213 2411 1284 γέννησιν
2463 1214 2782 1284 ὑπολήψεως
2831 1214 3124 1286 ἀλλοτρίως
3165 1214 3306 1285 ἔχειν
3338 1213 3428 1266 τὸν
3475 1214 3604 1267 mw

2033 1304 2257 1369 οἴεσθαι,
2293 1306 2367 1368 ὼς
2415 1305 2478 1358 ἂν
2537 1297 2791 1376 καθαρῶς
2839 1306 2941 1370 ἔξω
3000 1305 3206 1369 πάθους
3256 1306 3505 1376 διαμένοι·
3541 1306 3604 1360 τὸ

2030 1401 2220 1462 Θεῖον,
2251 1399 2362 1461 τοῖς
2409 1399 2506 1468 μὲν
2554 1398 2974 1468 εὐεξαπατήτοις
3022 1399 3147 1462 ἴσως
3181 1398 3245 1452 ἄν
3295 1413 3416 1450 τινα
3447 1398 3603 1467 λόγον

2033 1486 2175 1556 ἔχειν
2208 1487 2422 1559 δοκοίη·
2467 1491 2578 1552 τοῖς
2611 1489 2665 1541 δὲ
2709 1489 3172 1557 πεπαιδευμένοις·
3232 1489 3299 1543 τὰ
3338 1489 3459 1542 θεῖα
3501 1507 3600 1559 μυ-

2036 1579 2228 1650 στήρια
2265 1581 2550 1651 πρόχειρος
2585 1583 2647 1633 ἐκ
2675 1581 2779 1634 τῶν
2835 1581 3279 1651 ὁμολογουμένων
3306 1581 3598 1651 ὁὲλεγχος.

2035 1671 2131 1735 Τίς
2164 1671 2272 1742 γάρ
2302 1675 2400 1725 οὐκ
2429 1669 2586 1734 οἶδεν,
2615 1674 2693 1725 ὅτι
2721 1674 2968 1744 γέννησις
3000 1677 3148 1745 ἡμᾶς
3176 1676 3253 1737 είς
3277 1673 3374 1744 τὴν
3413 1673 3602 1744 ἀληθι-

2034 1761 2129 1831 νήν
2156 1777 2215 1813 τε
2239 1763 2330 1814 καὶ
2361 1764 2636 1832 μακαρίαν
2662 1763 2853 1830 ἀνάγει
2894 1763 3038 1834 ζωὴν
3065 1805 3079 1824 ,
3108 1765 3206 1833 οὐχ
3243 1767 3276 1834 ἠ
3303 1763 3440 1835 αὕτη
3469 1760 3602 1818 οὖσα

2031 1854 2102 1922 τῇ
2137 1851 2195 1916 ἐξ
2239 1853 2484 1923 αἶ’μάτων
2522 1853 2610 1906 καὶ
2658 1853 2956 1925 θελήματος
2991 1855 3191 1924 σαρκὸς
3218 1856 3599 1926 συνισταμένῃ,

2033 1943 2091 1993 ὲν
2188 1943 2282 1995 καὶ
2317 1942 2472 2012 ῥύσις
2499 1984 2513 2007 ,
2549 1945 2642 1997 καὶ
2681 1946 2713 2014 ἡ
2766 1944 3032 2015 μεταϐολὴ
3063 1946 3156 1997 καὶ
3188 1945 3220 2015 ἡ
3270 1946 3388 1998 κατ’
3424 1945 3600 2013 ὀλίγον

2033 2032 2449 2101 προστελείωσις
2467 2076 2481 2100 ,
2512 2035 2606 2087 καὶ
2632 2036 2731 2088 ὅσα
2760 2037 2893 2090 ἄλλα
2924 2035 3051 2107 περὶ
3084 2035 3288 2106 ταύτην
3317 2037 3601 2106 θεωρεῖται

2031 2122 2130 2190 τὴν
2153 2122 2425 2194 γέννησινς
2468 2124 2532 2177 'H
2556 2126 2611 2178 δὲ
2641 2128 2800 2197 ἑτέρα
2833 2129 2896 2180 ὲκ
2924 2128 3016 2180 τοῦ
3043 2127 3176 2180 Θεοῦ
3207 2128 3299 2180 καὶ
3329 2129 3600 2199 οὐράνιος,

2032 2213 2126 2264 καὶ
2154 2211 2334 2276 καθώς
2376 2233 2508 2285 φησι
2536 2217 2596 2269 τὸ
2635 2217 2999 2285 Εὐαγγέλιον,
3036 2217 3240 2273 ἄνωθεν
3268 2215 3405 2273 εἶναι
3441 2237 3601 2273 πεπι-

2034 2304 2323 2375 στευμένη,
2354 2307 2473 2378 ἥτις
2500 2307 2567 2361 τά
2594 2310 2792 2380 σαρκὸς
2818 2309 2910 2364 καὶ
2943 2310 3170 2382 αἵματος
3198 2311 3258 2365 οὐ
3301 2311 3601 2384 παραδέχε-

2031 2412 2117 2447 ται
2151 2395 2320 2467 πάθη,

2101 2659 2176 2710 ’Ἡ
2212 2659 2636 2730 τολμησάτωσαν
2677 2662 2733 2714 οῖ
2766 2661 2998 2714 ὲναντῖοι
3039 2660 3147 2714 τῶν
3179 2661 3272 2714 δύο
3318 2659 3378 2714 τὺ
3417 2660 3612 2731 ἕτερον

2031 2748 2446 2818 ἀποφήνασθαι,
2490 2749 2523 2820 ἢ
2563 2749 2634 2819 μὴ
2671 2745 2807 2802 εἶναι
2855 2750 2954 2821 τὴν
2999 2749 3204 2803 ἄνωθεν
3245 2750 3523 2818 γέννησιν,
3564 2748 3599 2818 ἢ

2033 2837 2122 2890 διὰ
2156 2839 2360 2902 πάθους
2405 2835 2576 2892 εἷναι.’
2617 2837 2776 2892 Ἀλλὰ
2812 2840 2917 2910 μὴν
2943 2841 3038 2892 καὶ
3063 2836 3201 2893 εἶναι
3227 2839 3599 2901 συντίθενται;,

2030 2932 2123 2984 καὶ
2159 2931 2220 2984 τὸ
2251 2932 2423 2996 πάθος
2447 2934 2535 2984 ἐπ’
2568 2933 2739 2997 αὐτῆς
2771 2933 2872 3002 οὐχ
2903 2931 3244 3003 εὑρίσκουσιν
3267 2947 3280 2961 ·
3313 2931 3510 2986 οὐκοῦν
3536 2931 3596 2984 ὠ

2031 3025 2181 3076 πᾶσα
2206 3021 2460 3093 γέννησις
2490 3023 2567 3093 τῷ
2600 3023 2762 3076 πάθει
2786 3022 3171 3092 συμπέφυκεν
3199 3022 3314 3077 ἀλλ’
3347 3023 3602 3094 ἐμπαθὴς

2035 3115 2134 3186 μὲν
2168 3115 2201 3185 ὴ
2233 3115 2413 3183 ὑλικὴ,
2461 3113 2674 3185 καθαρά
2707 3113 2764 3167 δὲ
2791 3115 2996 3178 πάθους
3036 3115 3070 3184 ὴ
3098 3112 3281 3176 άῦλος.
3321 3113 3416 3177 Τίς
3447 3109 3539 3166 οὖν
3564 3115 3599 3184 ἡ

2030 3207 2241 3278 ἀνάγκη
2271 3208 2339 3260 τὰ
2373 3208 2574 3277 σαρκὸς
2605 3207 2709 3259 ἴδια
2731 3208 2796 3277 τῇ
2831 3207 3092 3276 άκηράτῳ
3120 3206 3213 3258 τοῦ
3255 3204 3383 3259 Υἱοῠ
3413 3207 3603 3275 γεννή-

2034 3315 2116 3350 σει
2152 3298 2606 3369 προστρίϐεσθαι,
2642 3297 2735 3351 καὶ
2761 3298 2848 3351 διὰ
2877 3297 2970 3351 τοῦ
3012 3297 3294 3367 κωμῳδεῖν
3327 3297 3425 3367 τὴν
3451 3297 3599 3350 κάτω

2029 3390 2283 3459 γέννησιν
2314 3392 2381 3459 τῇ
2411 3389 2679 3459 ἀσχήμονι
2708 3388 3023 3457 φυσιολογίᾳ
3067 3388 3168 3456 τῆς
3217 3388 3490 3470 πατρικῆς
3518 3388 3597 3442 ol-

2029 3482 2310 3552 κειότητος
2341 3481 2431 3534 τὸν
2467 3482 2592 3534 Υίδν
2624 3481 2968 3542 ἁποκλείεινς
3006 3481 3067 3532 El
3092 3481 3147 3533 δὲ
3188 3481 3279 3532 καὶ⁴
3311 3481 3396 3548 ἐφ’
3441 3481 3598 3550 ἡμῶν

2028 3573 2280 3641 γέννησις
2313 3572 2411 3642 μὲν
2439 3571 2706 3642 ἑκατέρας
2737 3570 3056 3640 καθηγεῖται
3091 3569 3267 3639 ζωῆς·
3299 3568 3412 3622 ἀλλ’
3441 3571 3472 3640 ἡ
3498 3568 3597 3638 μὲν

2027 3665 2114 3718 διά
2149 3665 2367 3734 σαρκὸς,
2400 3662 2679 3734 ὲμπαθοῦς
2700 3704 2714 3728 ,
2749 3667 2783 3732 ἡ
2816 3661 2873 3714 δὲ
2906 3661 3273 3732 πνευματικὴ,
3312 3660 3594 3732 καθαρᾶς·

2027 3760 2121 3811 καὶ
2148 3757 2246 3809 οὐκ
2264 3755 2326 3808 ἄν
2347 3774 2430 3819 τις
2449 3754 2691 3808 ἀντείποι
2706 3753 2784 3824 τῷ
2801 3753 2942 3824 λόγῳ
2959 3753 3068 3806 τῶν
3101 3751 3350 3805 ὁπωσοῦν
3377 3753 3434 3804 ἐν
3457 3753 3595 3822 Χρι-

2027 3849 2261 3910 στιανοῖς
2291 3846 2414 3917 άριθ
2425 3863 2522 3916 μου
2533 3845 2724 3916 μένων,
2756 3844 2873 3906 πῶς
2906 3843 3053 3894 ἔστιν
3080 3843 3172 3894 ἐπὶ
3197 3841 3295 3910 τῆς
3317 3841 3592 3910 ἀκηράτου

2027 3939 2241 4010 φύσεως
2279 3938 2530 4008 γέννησιν
2566 3939 2896 4006 ἐννοήσαντα
2925 3935 3096 3997 πάθος
3152 3931 3590 3999 ὑπολογίζεσθαι.

2028 4035 2148 4084 Ἔτι
2176 4032 2235 4085 δὲ
2278 4031 2373 4087 καῖ
2401 4029 2560 4082 τοῦτο
2587 4031 2700 4092 τοῖς
2729 4028 3042 4099 εἰρημένοις
3083 4023 3594 4097 προσεξετάσωμεν-

2024 4125 2085 4177 Εί
2118 4125 2203 4177 διὰ
2240 4124 2300 4175 τὸ
2336 4123 2461 4193 περὶ
2488 4121 2586 4192 τὴν
2618 4121 2794 4192 σάρκα
2825 4119 2996 4183 πάθος
3034 4120 3323 4176 ἀπιστοῦσι
3349 4125 3416 4193 τῇ
3449 4124 3591 4176 άπα-

2023 4217 2142 4286 θείᾳ
2173 4216 2270 4286 τῆς
2297 4215 2446 4276 θείας
2473 4214 2798 4282 γεννήσεως,
2832 4214 2894 4265 ὲκ
2917 4211 3026 4266 τῶν
3055 4213 3232 4266 αὐτῶν
3262 4215 3585 4286 ὑποδειγμά-

2022 4306 2271 4361 των,τῶν
2302 4308 2358 4358 ὲν
2385 4307 2517 4376 ἡμῖν
2550 4305 2694 4373 λέγω
2714 4346 2725 4366 ,
2766 4306 2900 4376 μήτε
2930 4305 3261 4377 δημιουρ-γον
3293 4309 3475 4377 ἅπαθῆ
3498 4305 3585 4358 τὸν

349 4403 456 4448 tem
489 4392 570 4448 las
596 4393 666 4448 sit
695 4393 945 4450 aﬂectum
991 4374 1436 4467 Sllspical‘i.'HOC
1483 4402 1644 4454 etiam
1683 4374 1917 4472 amplius

2029 4397 2152 4450 Θεὸν
2182 4374 2608 4449 πιστευέτωσαν.
2643 4397 2705 4448 Εἰ
2723 4394 2793 4462 γά
2803 4374 2835 4464 ρ.
3007 4374 3084 4448 τὰ
3106 4374 3350 4466 μέτερα
3368 4397 3430 4449 τὸ
3443 4374 3588 4447 Θεῖον

346 4483 512 4538 dictis
550 4484 793 4539 additum
842 4489 1220 4545 examinemus
1256 4512 1266 4544 :
1305 4488 1359 4544 Si
1393 4501 1616 4562 prepter
1667 4493 1918 4549 affectum

346 4576 622 4630 carnalem
650 4575 807 4630 tidem
840 4577 1105 4646 derogant
1137 4579 1564 4648 impassibilitati
1609 4581 1806 4638 divinae
1828 4601 1919 4654 ge-

349 4663 675 4726 nerationis,
713 4680 778 4718 ex
818 4666 1009 4719 iisdem
1040 4669 1302 4736 exemplis
1333 4686 1454 4738 qua:
1498 4681 1629 4726 sunt
1661 4673 1714 4726 in
1759 4674 1918 4730 nobis

344 4752 507 4818 dico,
541 4769 716 4822 neque
755 4756 930 4824 ipsum
964 4757 1151 4809 mundi
1177 4756 1521 4814 Conditorem
1565 4763 1632 4815 ab
1663 4764 1811 4816 omni
1835 4762 1919 4817 af-

345 4845 490 4899 fectu
523 4845 638 4899 sive
673 4849 930 4914 passione
959 4849 1188 4903 liberum
1217 4857 1270 4904 et
1296 4865 1530 4904 vacuum
1569 4853 1818 4909 credant.
1854 4853 1912 4909 Si

342 4936 488 4990 enim
520 4936 759 4989 humano
801 4953 950 4992 more
993 4938 1230 4993 divinam
1265 4943 1600 5010 maiestatem
1643 4944 1911 5014 judicant,

342 5043 522 5097 neque
577 5027 743 5081 Deum
789 5043 1051 5097 generare
1106 5046 1282 5099 neque
1340 5048 1528 5088 creare
1573 5035 1915 5088 conﬁtebun-

341 5130 433 5175 tur
482 5141 495 5177 :
543 5123 736 5176 horum
781 5123 926 5178 enim
1009 5131 1259 5176 neutrum
1323 5125 1378 5177 in
1449 5125 1608 5180 nobis
1657 5125 1908 5181 edicitur.

345 5212 438 5269 Vel
469 5216 633 5287 igitur
657 5215 818 5270 ambo
854 5230 883 5267 a
916 5213 1101 5267 divina
1132 5224 1349 5279 natura,
1381 5218 1713 5273 creationem
1736 5225 1788 5272 et
1821 5232 1910 5287 ge-

345 5308 706 5376 nerationem,
736 5314 1011 5378 separent,
1052 5316 1108 5361 ut
1131 5322 1228 5378 per
1260 5315 1493 5378 utraque
1523 5306 1633 5362 Deo
1657 5307 1913 5378 impassi-

400 5449 455 5490 ιε’
484 5445 641 5503 Joan.
674 5464 714 5513 I,
747 5449 835 5504 l5.

408 5585 483 5651 (α)
527 5582 705 5656 Uncis
756 5586 968 5656 inclusa
1004 5582 1232 5656 deerant
1259 5582 1310 5636 in
1337 5595 1419 5634 ex.
1456 5579 1668 5656 pra-co.
1698 5609 1764 5618 —
1801 5576 1910 5656 Nec

338 5649 657 5724 comparent
696 5654 750 5708 in
787 5654 949 5707 Boico
982 5662 1035 5706 et
1063 5653 1399 5707 Livin‘unco.
1455 5649 1638 5705 Lectio
1664 5662 1793 5703 vera
1822 5654 1906 5703 est

2021 4489 2316 4559 κρίνουσιν,
2347 4487 2469 4539 οὔτε
2502 4487 2695 4558 γεννᾷν
2727 4487 2816 4538 τὸν
2845 4484 2977 4540 Θεδν
3009 4485 3131 4549 οὕτε
3167 4487 3373 4552 κτίζειν
3406 4488 3593 4557 ὁμολο-

2021 4579 2277 4647 γήσουσιν
2304 4574 2507 4628 τούτων
2536 4574 2644 4646 γὰρ
2665 4571 2783 4628 οὗθ’
2813 4575 2999 4645 ἕτερον
3029 4578 3095 4628 ὲν
3123 4578 3255 4646 ἡμῖν
3289 4578 3592 4647 ἐνεργεῖται

2021 4669 2041 4741 [
2062 4669 2182 4739 δίχα
2205 4667 2366 4720 πόνου
2389 4668 2483 4719 καὶ
2511 4664 2767 4737 ὓλης(α)‹].
2796 4667 2865 4719 Ἦ
2883 4662 3280 4740 οὖν-ἀμφότερα
3308 4667 3410 4737 τῆς
3445 4668 3592 4731 θείας

2020 4760 2232 4829 φύσεως
2253 4757 2654 4829 χωριζέτωσαν,
2683 4756 2780 4824 τὴν
2804 4757 2982 4809 κτίσιν
3002 4773 3062 4809 τε
3087 4758 3180 4810 καὶ
3195 4757 3292 4825 τὴν
3313 4758 3588 4828 γέννησιν

2022 4852 2108 4904 ἵνα
2137 4851 2204 4903 δι’
2243 4849 2519 4919 ἑκατέρων
2553 4847 2632 4918 τῷ
2670 4847 2788 4918 Θεῷ
2831 4847 2930 4919 τὴν
2961 4848 3230 4902 ἀπάθειαν
3270 4849 3548 4917 φυλάξωσι
3573 4888 3588 4914 ,

2009 4943 2103 4996 καὶ
2132 4941 2362 4995 καθόλου
2389 4941 2489 5011 τὴν
2519 4941 2598 5003 εἰς
2621 4941 2712 4994 τὸν
2740 4941 3022 5010 Μονογενῆ
3054 4941 3241 4994 πίστιν
3265 4942 3328 4994 ὲκ
3349 4940 3444 4994 τοῦ
3470 4941 3587 5010 δόγ-

2013 5051 2178 5105 ματος
2222 5031 2404 5087 αὐτῶν
2455 5031 2872 5098 ὲκσαλέτωααν--,
2923 5031 2999 5095 ὡς
3045 5032 3111 5086 ἂν
3162 5033 3266 5099 ἔξω
3314 5033 3523 5097 πάθους
3561 5036 3590 5087 ὁ

2009 5126 2198 5196 Πατὴρ
2233 5125 2575 5192 φυλάσσοιτο,
2613 5125 2748 5194 μήτε
2778 5126 2834 5177 ἐν
2866 5123 2942 5193 τῷ
2971 5125 3178 5195 γεννᾷνη
3200 5127 3584 5195 μολυνόμενος’

2009 5215 2042 5285 ἢ
2072 5216 2149 5276 εἰς
2173 5214 2233 5267 τὸ
2254 5213 2341 5266 ἒτε
2349 5230 2440 5285 ρον
2465 5212 2690 5294 άπαθῶς
2707 5212 3046 5284 ἐνεργεῖσθαι
3071 5219 3391 5284 συγχωρῶσι
3435 5214 3586 5285 παρά

2015 5307 2114 5376 τῆς
2145 5306 2294 5370 θείας
2323 5305 2604 5377 δυνάμεως
2630 5344 2644 5369 ,
2693 5305 2831 5375 μήτε
2863 5305 2992 5377 περὶ
3024 5304 3118 5358 τοῦ
3151 5304 3310 5359 ἄλλου
3345 5299 3585 5378 ζυγομαρ

2017 5573 2368 5652 quanrhalte}
2387 5572 2556 5652 codex
2585 5573 2806 5644 Boicus,
2847 5573 3053 5630 τούτων
3089 5574 3195 5648 γάρ
3221 5576 3508 5652 οὐθέτερον
3525 5579 3581 5633 ἐν

2013 5642 2144 5715 ἡμῖν
2177 5642 2400 5706 ἀπαθῶς
2434 5644 2620 5716 ἐνεργ,
