4010 6156
366 288 468 342 6ίὸ

1591 275 1645 329 s.
1677 267 2001 328 GREGORII
2059 249 2348 332 Μίδεω

3512 265 3609 318 ιιι

368 397 624 470 pessione
653 402 710 450 et
753 392 973 448 actione
1009 391 1458 446 communionem
1508 388 1764 444 essentia:
1809 401 1938 455 pro-

2060 388 2226 455 ιυρεῖν
2260 401 2374 446 πως
2406 382 2540 454 πρὸς
2575 381 2662 436 τον
2699 381 3064 452 γεγεννηκότα
3094 378 3157 432 τὸ
3182 377 3356 434 κοινὸν
3389 376 3489 448 τῆς
3523 377 3617 429 οὐ·

372 490 674 552 nuutians,
727 483 945 538 videtur
992 497 1106 537 non
1141 483 1318 537 solum
1361 481 1412 536 ei
1458 482 1550 550 qui
1585 479 1804 550 genitus
1850 485 1936 532 est

372 581 668 634 attribacre
698 575 936 643 quodam
974 573 1136 628 modo
1171 588 1296 628 cum
1324 587 1389 626 eo
1416 571 1512 641 qui
1546 568 1738 641 genuit
1769 582 1938 622 com-

372 683 588 724 munem
621 667 942 728 essentiam,
975 679 1166 719 verum
1190 663 1353 719 etiam
1387 675 1603 716 omnem
1626 665 1936 714 creaturam

369 775 494 814 eum
518 773 585 814 eo
621 758 714 827 qui
749 757 875 811 fecit
925 755 1173 824 ejusdem
1206 741 1461 808 essentia:
1501 751 1724 806 facere?
1753 748 1941 817 Siqui-

369 851 492 906 dem
527 850 672 919 quod
709 849 820 918 agit
841 855 895 900 et
924 847 1069 917 quod
1100 845 1308 914 patitur
1329 844 1521 898 eodem
1550 855 1752 912 genere
1797 841 1941 893 inter

371 959 432 998 se
452 942 654 998 habere
675 939 977 995 secundum
1003 944 1253 991 naturaet
1273 936 1482 990 deﬁnit.
1503 933 1687 1002 Itaque
1703 947 1800 1002 per
1819 945 1942 1000 quae

369 1034 642 1090 construit
663 1031 806 1101 quod
835 1031 973 1094 vult,
999 1045 1094 1099 per
1115 1030 1227 1084 haec
1249 1027 1483 1084 destruit
1505 1037 1561 1081 et
1581 1025 1780 1080 evertit
1795 1020 1939 1092 quod

369 1125 611 1180 studiose
635 1122 937 1186 contendit,
960 1137 1057 1178 sua
1077 1120 1432 1191 repugnantia
1454 1115 1738 1187 ὁμοουσίου
1756 1113 1941 1183 (simul

368 1213 700 1283 essentialis)
720 1211 945 1282 gloriam
965 1210 1254 1266 ﬁrmiorem
1273 1204 1589 1262 reddens.Si
1606 1204 1749 1258 enim
1763 1217 1828 1255 ex
1847 1201 1944 1254 ali-

369 1322 481 1378 quo
513 1304 797 1376 generatio
843 1297 1642 1372 ejusquigenuitessentiamin
1663 1310 1730 1350 eo
1745 1294 1836 1363 qui
1857 1307 1944 1363 ge-
1987 1313 2007 1343 ι

371 1397 517 1454 nitus
537 1406 619 1450 est
649 1394 1022 1449 demonstrat:
1047 1389 1344 1444 artiﬁcialis
1371 1393 1552 1442 autem
1577 1384 1940 1448 constructio,

371 1501 492 1558 quae
517 1501 610 1555 per
636 1487 905 1539 actionem
923 1491 976 1538 et
997 1481 1302 1551 passionem
1321 1478 1616 1549 perﬁcitur,
1644 1477 1942 1530 secundum

374 1578 540 1648 hujus
565 1577 838 1630 rationem
886 1574 952 1628 ad
992 1571 1248 1636 essentia
1277 1569 1716 1624 communionem
1771 1565 1944 1636 addu-

376 1673 454 1728 cit
486 1681 542 1725 et
569 1669 623 1724 id
645 1668 790 1738 quod
822 1665 954 1720 facit
999 1673 1054 1720 et
1099 1663 1156 1718 id
1192 1660 1339 1731 quod
1389 1660 1656 1724 etiicitur;
1695 1657 1941 1727 genitum

2047 477 2199 540 σίας·
2235 476 2368 530 ἀλλὰ
2420 476 2514 531 καὶ
2563 475 2743 528 πᾶσαν
2789 474 2888 544 τὴν
2935 473 3112 527 κτίσιν
3159 471 3238 543 τῷ
3285 472 3621 540 πεποιηκότι

2045 572 2220 624 ποιεῖν
2245 569 2524 639 ὁμούσιονς
2547 568 2720 638 Εῐπερ
2739 567 2800 621 τὸ
2829 565 3014 619 ποιοῦν
3040 565 3134 620 καὶ
3166 565 3227 618 τὸ
3255 565 3461 635 πάσχον
3485 565 3614 634 ὁμο-

2045 661 2216 730 τενῶς
2242 655 2386 731 ἔχειν
2415 657 2660 731 ἀλλήλοις
2687 658 2826 712 κατὰ
2861 659 2960 727 τὴν
2989 656 3152 726 φύσιν
3177 654 3435 726 ὁρίζεται.
3472 657 3609 710 Οὐκ·

2045 751 2140 805 οὖν
2181 753 2245 806 δι’
2308 746 2384 807 ὧν
2437 747 2832 826 κατασκευᾴζει
2869 749 2898 802 ὃ
2934 748 3208 819 βούλεται,
3279 748 3368 801 διὰ
3410 748 3617 805 τούτων

2047 843 2340 915 ἀνατρέπει
2382 843 2443 896 τὸ
2483 841 2936 910 σπουδαζόμενον,
2986 839 3337 910 ἰσχυροτέραν
3366 841 3432 908 τῇ
3484 847 3616 907 παρ’

2046 934 2238 988 ἑαυτοῦ
2279 935 2428 1006 μάχῃ
2457 935 2625 990 ποιῶν
2647 933 2744 1005 τὴν
2772 932 2867 986 τοῦ
2896 933 3178 1003 ὁμοουσίου
3201 930 3380 995 δόξαν.
3411 933 3473 983 Et
3504 931 3611 997 γὰρ

2046 1027 2078 1094 ὴ
2115 1025 2212 1095 μὲν
2231 1024 2296 1080 εκ
2321 1044 2462 1090 τινος
2483 1025 2736 1095 γέννησις
2762 1025 2860 1096 τὴν
2888 1023 2982 1076 τοῦ
3017 1023 3405 1094 γεγεννηκότος
3425 1024 3609 1078 οὐσίαν

2046 1120 2104 1172 ἑν
2126 1120 2203 1189 τῷ
2226 1119 2537 1189 γεννηθέντι
2563 1119 2859 1173 δείκνυσιν·
2891 1119 2924 1188 ἡ
2950 1117 3006 1169 δὲ
3028 1115 3245 1186 τεχνικὴ
3279 1120 3610 1184 κατασκευὴ.

2044 1207 2114 1261 δι’
2145 1209 2426 1280 ἐνεργείας
2458 1227 2518 1264 τε
2545 1210 2638 1262 καὶ
2661 1209 2864 1270 πάθους
2889 1207 3296 1277 ἀποτελουμένη
3314 1246 3328 1270 ,
3359 1207 3499 1260 κατὰ
3527 1209 3616 1262 τὸν

2047 1299 2236 1354 τούτου
2271 1301 2425 1369 λόγον
2449 1304 2529 1364 είς
2561 1300 2843 1356 κοινωνίαν
2875 1300 3066 1365 οὐσίας
3101 1300 3226 1368 ἄγει
3255 1299 3316 1352 τὸ
3343 1298 3531 1353 ποιοῦν
3559 1318 3618 1353 τε

2050 1392 2142 1444 καὶ
2173 1391 2234 1445 τὸ
2260 1393 2572 1463 γινόμενον
2611 1391 2970 1462 γεγεννῆσθαι
2994 1391 3086 1446 τὸν
3131 1392 3334 1462 Κύριον
3374 1389 3618 1460 πολλαχῆ

2049 1485 2158 1539 τῶν
2193 1485 2339 1538 ἰδίων
2370 1485 2820 1555 συγγραμμάτων
2847 1485 2876 1536 ὁ
2907 1483 3245 1553 λογογράφος
3278 1485 3620 1538 κατασκευά-

2055 1573 2186 1636 ζων.
2225 1573 2368 1644 ’Δρα
2416 1573 2482 1626 δι’
2518 1565 2593 1626 ὧν
2623 1573 2892 1644 ἀλλοτριοί
2929 1573 3029 1643 τῆς
3064 1571 3158 1627 τοῦ
3193 1573 3407 1643 Πατρὸς
3435 1574 3620 1637 οὐσίας

2050 1665 2140 1718 τὸν
2175 1663 2398 1734 Κύριον,
2427 1663 2514 1717 διὰ
2537 1665 2738 1718 τούτων
2762 1663 2910 1735 αὑτῷ
2933 1667 3344 1737 προσμαρτυρεί
3379 1664 3472 1736 τὴν
3501 1683 3622 1719 συν-

374 1778 500 1818 esse
536 1761 825 1815 Dominum
851 1757 1057 1828 passim
1086 1757 1142 1810 in
1183 1755 1299 1810 suis
1325 1751 1546 1822 scriptis
1576 1751 1680 1805 iste
1705 1749 1944 1816 scriptor

2060 1753 2260 1821 ίιφειαν.
2313 1753 2376 1808 Εἰ
2407 1753 2514 1825 γὰρ
2548 1753 2624 1824 μὴ
2653 1753 2743 1808 διὰ
2778 1756 3111 1825 γεννήσεως,
3149 1757 3286 1825 μήτε
3326 1755 3416 1809 διὰ
3458 1773 3622 1810 κατα-

378 1862 659 1910 astruens.
725 1851 867 1920 Ergo
899 1865 995 1919 per
1024 1861 1145 1918 quae
1177 1861 1207 1902 a
1254 1845 1434 1900 Patris
1473 1843 1710 1898 essentia
1757 1839 1940 1894 Domi-

375 1959 505 2001 num
542 1944 784 2012 alienat”
815 1955 911 2010 per
943 1939 1058 1993 haec
1092 1937 1198 2008 ipsi
1240 1934 1624 1991 cohaerentiam
1653 1933 1770 1986 sive
1808 1944 1945 1986 con-

377 2035 664 2091 nexionem
691 2030 961 2086 attribuit.
993 2027 1051 2084 Si
1079 2029 1226 2083 enim
1268 2040 1449 2096 neque
1492 2039 1589 2094 per
1638 2021 1948 2092 generatio-

374 2143 521 2189 nem,
571 2139 750 2194 neque
786 2138 883 2193 per
916 2122 1056 2178 artis
1107 2119 1525 2188 fabricationem
1566 2115 1720 2183 juxta
1774 2113 1944 2180 hujus

377 2216 642 2270 rationem
675 2212 929 2267 essentia:
960 2209 1233 2278 separatio
1253 2205 1614 2275 conspicitur.
1647 2201 1793 2271 quod
1823 2203 1950 2270 qui-

375 2304 501 2359 dem
531 2303 579 2358 si
603 2301 812 2358 dederit
839 2315 988 2363 esse,
1036 2298 1323 2352 Dominum
1379 2297 1494 2350 sive
1541 2301 1785 2348 creatura
1837 2292 1952 2346 sive

376 2409 669 2466 gennema,
731 2393 786 2447 id
852 2399 938 2447 est
1024 2381 1614 2460 progeniem,dixerit,
1668 2397 1763 2452 per
1793 2383 1954 2436 ambo

2054 1843 2255 1913 σκευῆς
2283 1842 2423 1896 κατὰ
2453 1843 2543 1896 τὸν
2562 1841 2754 1896 τούτου
2781 1842 2937 1912 λόγον
2961 1847 2989 1898 ὁ
3016 1845 3114 1915 τῆς
3141 1845 3328 1908 οὐσίας
3348 1846 3623 1916 χωρισμὸς

2051 1934 2378 2005 καθορᾶται·
2406 1935 2544 2004 ὅπερ
2570 1933 2636 1988 ἂν
2654 1936 2730 2006 δῷ
2756 1932 2895 1990 εἶναι
2912 1937 3001 1990 τὸν
3019 1937 3244 2007 Κύριον,
3272 1939 3380 1990 εἴτε
3411 1939 3624 1991 κτιστὸν

2053 2028 2166 2084 εἴτε
2190 2027 2453 2099 γέννημα,
2480 2027 2546 2080 δι’
2573 2031 2774 2100 ἀμφοῖν
2788 2031 2849 2084 τὸ
2877 2033 2996 2086 κατ’
3023 2033 3211 2086 οὐσίαν
3228 2033 3426 2086 οἰκεῖον
3458 2047 3623 2103 προσ-

2053 2115 2452 2188 εμαρτύρησεν,
2482 2120 2512 2172 ὁ
2537 2120 2593 2170 ὲν
2621 2118 2699 2188 τῷ
2737 2121 2975 2174 ποιοῦντι
3008 2118 3106 2174 καὶΔ
3147 2122 3446 2192 πάσχοντι,
3505 2137 3626 2188 γεν-

2055 2207 2218 2260 νῶντι
2268 2208 2362 2260 καὶ
2382 2208 2744 2280 γεννωμένῳ,
2787 2209 2887 2281 τὴν
2927 2212 3030 2280 τῆς
3084 2211 3296 2279 φύσεως
3346 2212 3626 2265 κοινωνίαν

2058 2294 2470 2366 τεχνολογήσας.
2531 2297 2678 2350 Λλλὰ
2711 2298 2845 2370 πρὸς
2868 2299 2929 2352 τὸ
2957 2299 3150 2370 ἐφεξῆς
3187 2297 3280 2353 τοῦ
3314 2299 3475 2368 λόγου
3507 2317 3627 2370 τρε-

2064 2385 2314 2455 πὼμεθα.

377 2486 525 2557 quod
559 2493 642 2541 est
689 2484 991 2540 secundum
1037 2480 1335 2536 essentiam
1382 2476 1661 2548 proprium
1713 2482 1945 2529 testatus
1984 2485 2090 2539 est,
2164 2479 2256 2548 qui
2324 2479 2378 2532 in
2417 2490 2608 2548 agente
2639 2489 2702 2544 ,ct
2731 2481 2992 2550 patiente,
3047 2481 3100 2536 in
3143 2491 3438 2553 generante
3471 2489 3526 2538 et
3564 2495 3628 2534 eo

378 2579 471 2648 qui
507 2577 772 2648 gignitur,
805 2586 1013 2630 natura:
1038 2573 1483 2628 communionem
1535 2577 1652 2624 arte
1731 2583 1828 2624 sua
1869 2569 2115 2625 tradidit.
2155 2571 2258 2626 Sed
2328 2573 2395 2625 ad
2454 2573 2505 2624 id
2567 2575 2709 2643 quod
2766 2575 3024 2645 deinceps
3065 2577 3316 2646 sequitur
3380 2577 3435 2629 in
3511 2576 3629 2644 ejus

379 2671 626 2724 oratione
654 2682 967 2737 pergamus.

448 2760 647 2818 Oratos
695 2762 850 2814 velim
886 2760 1116 2812 lectores
1151 2773 1258 2810 non
1297 2771 1438 2825 τίθει-θ
1491 2754 1630 2810 ferre
1667 2755 1952 2811 examina-

384 2853 550 2908 tionis
585 2852 997 2916 sublimitatem,
1043 2864 1164 2919 quae
1203 2849 1256 2902 in
1285 2848 1628 2901 immodicam
1663 2848 1952 2916 prolixitu-

382 2943 564 2998 dinem
611 2958 722 2996 non
759 2951 952 3011 sponte
993 2954 1301 2995 sermonem
1335 2939 1623 3008 protrahit.
1658 2937 1776 2993 Non
1807 2939 1953 2993 enim

2133 2753 2511 2824 Ιῐαραιτοῦμαι
2541 2754 2596 2806 δὲ
2630 2757 2755 2818 τοὺς
2791 2756 3213 2827 ἐντυγχάνοντας
3246 2758 3318 2828 μὴ
3347 2759 3628 2830 δυσχεραί-

2061 2863 2172 2898 νειν
2209 2848 2275 2916 τῇ
2308 2845 2563 2916 ἀκριϐείᾳ
2608 2847 2706 2916 τῆς
2753 2846 3081 2912 ἐξετάσεως,
3121 2852 3200 2913 εἰς
3233 2851 3438 2921 πλῆθος
3467 2852 3627 2906 ἀκού-

2062 2953 2176 2990 σιον
2205 2935 2586 3006 προσαγούσης
2614 2937 2704 2990 τὸν
2754 2937 2928 3005 λόγον.
2962 2941 3037 2992 Οὐ
3076 2941 3183 3010 γὰρ
3233 2942 3361 3010 περὶ
3391 2943 3504 2996 τῶν
3539 2961 3632 2996 τυ-

383 3037 453 3091 de
489 3033 823 3105 quibuslibet
865 3033 1166 3102 periculum
1183 3039 1290 3096 est,
1318 3039 1376 3084 ut
1409 3031 1454 3085 si
1487 3030 1625 3086 forte
1656 3031 1783 3099 quid
1817 3045 1950 3100 prat-

2061 3027 2262 3096 χόντων
2297 3027 2325 3079 ὁ
2359 3027 2618 3092 κίνδυνος,
2649 3027 2795 3098 ᾦστε
2841 3045 2893 3080 τι
2927 3030 3380 3103 παραδραμόντας
3405 3033 3522 3086 τῶν
3548 3050 3632 3100 φι-

385 3125 786 3181 termiserimus
810 3139 1000 3179 eorum
1030 3139 1152 3193 quae
1175 3121 1518 3178 accuratiore
1547 3121 1794 3191 indigent
1827 3137 1959 3177 con-

386 3226 494 3271 tem
504 3214 880 3286 platinne,leve
895 3215 1155 3269 damnum
1177 3213 1460 3278 faciamus,
1480 3213 1574 3268 sed
1593 3213 1659 3267 de
1683 3215 1798 3283 spei
1820 3229 1964 3267 sum-

388 3324 474 3364 ma
504 3307 894 3377 periclitamur.
946 3305 1280 3376 Proponitur
1304 3307 1448 3358 enim
1476 3306 1555 3360 rei
1583 3313 1639 3358 ut
1665 3304 1964 3358 Christiani

385 3400 582 3460 simus,
624 3415 732 3452 non
765 3399 832 3452 ab
888 3398 1142 3452 haeretica
1176 3397 1418 3466 pernicie
1460 3395 1699 3463 perversi
1733 3413 1746 3448 :
1777 3395 1861 3447 vel
1907 3402 1966 3446 ut

389 3491 611 3548 omnino
637 3491 700 3544 ad
732 3488 989 3542 Judaicas
1010 3489 1092 3541 vel
1126 3487 1356 3556 gentiles
1409 3484 1698 3553 opiniones
1756 3492 1967 3552 pertra-

393 3583 586 3635 hamur
631 3599 644 3633 :
679 3588 736 3632 ut
769 3580 931 3647 igitur
963 3578 1123 3631 nobis
1153 3585 1408 3630 neutrum
1435 3578 1627 3631 horum
1662 3578 1964 3648 contingat,

394 3688 460 3724 ne
487 3685 584 3738 per
611 3667 1029 3736 abnegationem
1067 3665 1188 3720 Filii
1242 3682 1363 3720 rere
1393 3669 1563 3736 geniti
1592 3667 1835 3723 ludaicis
1868 3669 1968 3722 do-

393 3759 666 3814 cumentis
725 3758 1200 3821 circumferamur,
1227 3775 1404 3828 neque
1468 3775 1562 3827 per
1594 3761 1964 3816 adorationem

393 3858 659 3905 creaturm
720 3848 1014 3902 cxbibitam
1067 3850 1119 3903 in
1159 3851 1514 3920 praecipitium
1571 3852 1854 3919 gentilium
1888 3853 1966 3907 si—

394 3941 654 3996 mulacris
713 3940 1070 3995 servientium
1141 3957 1500 4007 corruamus;
1536 3945 1856 3998 necessario
1909 3945 1964 3997 in

393 4031 763 4100 disputatione
791 4045 852 4084 ea
881 4029 948 4084 de
981 4048 1037 4086 re
1065 4041 1317 4100 suscepta
1351 4033 1786 4096 immorabimur,
1823 4034 1970 4102 posi-

392 4124 463 4178 tis
497 4122 743 4176 Eunomii
797 4123 998 4187 verbis,
1055 4139 1177 4192 qum
1221 4124 1302 4180 sic
1354 4124 1608 4177 habent:
1674 4122 1774 4177 "is
1799 4126 1970 4192 itaque

393 4213 466 4266 sic
495 4213 702 4276 divisis,
765 4215 952 4267 merito
1001 4215 1265 4284 quispiam
1316 4213 1512 4268 dixerit
1577 4215 1968 4281 principalissi-

395 4321 535 4357 mam
565 4313 614 4356 et
644 4305 871 4372 primam
920 4316 968 4359 et
999 4306 1168 4359 solam
1200 4315 1324 4360 actu
1358 4304 1540 4361 Patris
1593 4305 1968 4362 subsistentem

392 4397 676 4450 essentiam
713 4397 766 4449 in
796 4400 1021 4466 seipsam
1054 4401 1282 4468 recipere
1311 4400 1634 4468 gennematis
1665 4391 1778 4454 sive
1816 4400 1966 4469 geni—

397 4496 531 4540 tura:
565 4498 613 4540 et
655 4489 880 4556 factura:
910 4499 957 4543 et
990 4500 1248 4543 creaturae
1281 4491 1678 4559 appellationes.
1707 4491 1775 4544 Et
1813 4494 1971 4560 paulo

399 4587 541 4646 post,
609 4578 766 4634 Salus
824 4589 997 4632 autent
1055 4580 1251 4646 Filius,
1294 4583 1398 4644 ait,
1453 4581 1638 4637 Patris
1687 4592 1808 4636 actu
1851 4601 1973 4637 con-

395 4669 583 4722 sistens
643 4671 1188 4726 incommunicabilem
1243 4672 1398 4726 habet
1449 4685 1730 4737 naturam,
1763 4684 1971 4730 etcum

394 4776 453 4811 ρο
487 4761 575 4829 qui
606 4764 777 4830 genuit
816 4764 1144 4817 relationem.
1194 4764 1257 4816 Et
1281 4767 1332 4817 in
1363 4765 1794 4833 praecedentibus
1824 4785 1837 4820 :
1875 4765 1974 4820 Ge-

397 4854 563 4903 nitam
580 4852 971 4920 genuemmsive
984 4853 1300 4923 genituram,
1315 4855 1486 4909 dicere
1504 4873 1604 4908 non
1624 4858 1972 4910 recusandum

394 4959 506 4994 esse
543 4942 736 5009 inquit,
774 4959 890 4994 eam
935 4947 1158 4997 essentia
1197 4947 1313 5014 ipsa
1347 4947 1522 5016 genita
1557 4955 1605 5000 et
1635 4945 1764 5000 Filii
1796 4949 1974 5016 appel-

397 5034 528 5086 latio
562 5034 716 5084 talem
752 5036 1018 5089 ncminum
1055 5037 1387 5104 affectionem
1422 5038 1524 5090 sibi
1565 5039 1814 5102 vindicet,
1855 5055 1973 5106 pro-

394 5128 664 5194 priamque
720 5125 926 5178 reddat.

463 5311 598 5364 Cum
641 5310 806 5381 igitur
850 5320 958 5362 tam
995 5317 1178 5378 aperta
1227 5319 1281 5363 et
1319 5309 1465 5363 clara
1497 5309 1568 5364 sit
1603 5309 1656 5364 in
1701 5310 1788 5367 his
1813 5310 1976 5365 dictis

397 5401 788 5470 repugnantia,
837 5399 1000 5467 hujus
1061 5398 1328 5467 dogmatis
1387 5399 1729 5454 laudatorum
1790 5399 1972 5453 soler—

396 5489 526 5538 tiam
589 5497 642 5540 ct
712 5489 1070 5542 subtilitatem
1135 5489 1282 5542 subit
1348 5488 1628 5542 admirari.
1705 5488 1973 5545 Incertum

397 5576 540 5629 enim
599 5576 760 5630 fuerit
817 5580 881 5632 ad
938 5579 1083 5650 quod
1134 5595 1323 5634 eorum
1379 5595 1499 5648 qua:
1553 5579 1619 5632 ab
1672 5580 1791 5648 ipso
1848 5590 1977 5636 sunt

399 5668 540 5722 dicta
598 5666 734 5720 vcrsi
785 5683 888 5720 non
938 5669 990 5721 in
1032 5670 1296 5739 reliquum
1349 5678 1594 5740 peccent.
1653 5669 1808 5725 Prior
1857 5687 1969 5727 scr-

2062 3118 2434 3189 λοπονωτέρας
2483 3118 2754 3188 δεομένων
2790 3120 2892 3188 τῆς
2927 3121 3157 3191 θεωρίας
3181 3163 3196 3185 ,
3237 3125 3296 3174 ὲν
3334 3124 3501 3195 ὀλίγῳ
3539 3126 3634 3196 τὴν

2064 3209 2266 3279 ζημίαν
2305 3209 2518 3273 παθεῖν,
2554 3211 2668 3263 ἀλλ’
2699 3212 2849 3280 αὐτῷ
2881 3212 2960 3278 τῷ
2985 3215 3262 3286 κεφαλαίῳ
3304 3218 3401 3286 τῆς
3426 3219 3634 3282 ἐλπίδος

2065 3301 2527 3370 ὲγκινδυνεύομεν.
2564 3302 2854 3372 Πρόκειται
2887 3305 2995 3375 γὰρ
3027 3305 3060 3374 ἧ
3093 3306 3451 3376 Χριστιανοὺς
3477 3305 3632 3373 εἶναι,

2069 3393 2144 3463 μὴ
2191 3392 2625 3463 παρενεχθέντας
2653 3393 2760 3446 ὑπὸ
2802 3395 2902 3463 τῆς
2933 3397 3218 3466 αἱρετικῆς
3258 3398 3564 3462 ἀπωλείαςο
3601 3399 3634 3468 ἢ

2067 3486 2280 3548 πάντως
2305 3485 2412 3556 πρὸ
2459 3486 2754 3548 Ίουδαῖκάς
2777 3503 2833 3540 τε
2860 3487 2950 3540 καὶ
2993 3487 3312 3557 Ἑλληνικὰς
3339 3490 3636 3560 ὑπολήψεις

2067 3577 2455 3646 καταωρῆναι.
2514 3575 2599 3638 Ὠς
2629 3576 2694 3630 ἂν
2737 3572 2829 3630 οὖν
2867 3577 3163 3653 μηδέτερον
3215 3579 3483 3649 πάθοιμεν
3525 3581 3634 3632 τὼν

2067 3669 2470 3740 ἀπειρημένων,
2528 3670 2664 3738 μήτε
2709 3667 2795 3721 διὰ
2831 3667 2932 3737 τῆς
2973 3670 3255 3739 ἀρνήσεως
3297 3670 3390 3722 τοῦ
3423 3669 3635 3739 ἀληθῶς

2067 3759 2414 3830 γεννηθέντος
2454 3758 2605 3821 Υίοῦ,
2641 3762 2755 3820 rei;
2799 3759 3108 3823 Ἰουδαῖκοῖς
3145 3760 3383 3831 δόγμασι
3431 3779 3632 3832 συμφε-

2069 3852 2306 3923 ρόμενοι,
2340 3854 2479 3922 μήτε
2509 3852 2597 3904 διὰ
2643 3853 2742 3919 τῆς
2767 3851 2862 3905 τοῦ
2897 3851 3191 3922 κτίσματος
3221 3857 3634 3925 προσκυνήσεως

2067 3943 2144 4013 τῷ
2171 3942 2422 4012 πτώματι
2453 3942 2560 3996 τῶν
2597 3943 3129 4014 εἰδωλολατρούντων
3173 3946 3636 4012 συγκαταπίπτον-

2068 4049 2177 4095 τες,
2202 4032 2511 4100 ἀναγκαίως
2528 4031 2984 4102 προδιατρίψομεν
3006 4032 3082 4102 τῷ
3105 4034 3450 4102 περὶτούτων
3476 4037 3633 4107 λόγῳ,
3663 4046 3674 4056 ·

2069 4124 2251 4188 θέντες
2280 4124 2446 4193 αὐτὴν
2470 4124 2562 4176 τοῦ
2591 4124 2854 4192 Εὑνομίου
2887 4123 2986 4194 τὴν
3016 4125 3172 4194 ῥῆσιν
3199 4125 3426 4194 ἔχουσαν
3447 4128 3631 4190 οὕτως·

2073 4215 2234 4268 Οὕτω
2271 4215 2338 4268 δὲ
2382 4217 2604 4268 τούτων
2642 4214 3040 4282 διῃρημένων,
3077 4219 3318 4282 εἰκότως
3361 4221 3507 4286 φαίη
3554 4239 3638 4284 τις

2069 4305 2146 4358 ἂν
2176 4305 2292 4371 τὴν
2320 4304 2684 4372 κιιριωτάτην
2714 4305 2809 4358 καὶ
2833 4305 3074 4373 πρώτην
3100 4308 3194 4359 καὶ
3223 4311 3441 4375 μόνην,
3478 4311 3636 4377 ἐνερ-

1999 4410 2041 4466 D
2071 4394 2198 4462 γείᾳ
2230 4396 2336 4448 τοῦ
2364 4395 2593 4462 Πατρός
2637 4396 2994 4452 tuscanica?
3037 4398 3274 4464 οὐσίαν,
3307 4403 3393 4465 εἰς
3419 4403 3640 4468 ἑαυτὴν

2074 4484 2356 4553 δέχεσθαι
2384 4487 2484 4551 τὰς
2521 4486 2628 4540 τοῦ
2657 4487 3024 4558 γεννήματος
3052 4491 3150 4542 καί
3188 4492 3518 4560 ποιήματος
3545 4493 3640 4546 καὶ

2074 4577 2398 4645 κτίσματος
2441 4581 2862 4647 προσηγορίας.
2902 4582 3010 4634 Καὶ
3053 4583 3170 4652 μετ’
3210 4584 3366 4651 ὀλίγα
3390 4626 3403 4647 ,
3449 4590 3641 4651 Μίνος

2074 4668 2141 4721 δὲ
2170 4671 2203 4724 ό
2242 4669 2390 4735 Υἱὸς,
2423 4671 2606 4740 φητὶν,
2629 4671 2704 4738 τῇ
2734 4673 2838 4726 τοῦ
2867 4675 3094 4740 Πατρός
3119 4675 3380 4743 ἐνεργείᾳ
3407 4678 3638 4742 συστὰς
3705 4734 3720 4744 ,

2073 4759 2478 4828 ἀκοινώνητον
2497 4761 2622 4828 ἔχει
2651 4763 2764 4830 τήν
2779 4781 2841 4816 τε
2868 4765 3079 4831 φύσιν,
3099 4766 3196 4818 καὶ
3229 4765 3341 4832 τὴν
3365 4769 3517 4834 πρὸς
3537 4769 3640 4820 τὸν

2075 4853 2474 4918 γεγεννηκότα
2505 4851 2745 4921 σχέσιν.
2794 4855 2883 4908 Ἑν
2916 4853 2971 4905 δὲ
2998 4859 3109 4918 τοῖς
3145 4857 3252 4926 πρὸ
3278 4857 3504 4910 τούτου·
3538 4860 3643 4913 Τὸν

2074 4942 2366 5010 γεννητὸν
2399 4941 2664 5012 γέννημα
2689 4943 2886 5012 λέγειν
2907 4945 2994 5013 μὴ
3031 4948 3442 5014 παραιτεῖσθαι
3522 4947 3665 5015 φησὶ.

2075 5037 2186 5105 τῆς
2208 5037 2600 5105 γεννηθεισης
2631 5036 2821 5105 αὐτῆς
2863 5038 3080 5103 οὐσίας
3108 5039 3205 5092 καί
3234 5039 3345 5104 τῆς
3375 5041 3486 5096 τοῦ
3513 5039 3645 5093 Γλοῦ

2077 5129 2480 5195 προσηγορίας
2507 5127 2621 5195 τὴν
2635 5129 2917 5197 τοιαύτην
2937 5128 3054 5182 τῶν
3072 5130 3376 5199 ὀνομάτων
3399 5133 3646 5186 οἰκειου-

2071 5217 2264 5285 μένης
2287 5215 2528 5285 σχέσιν.

2149 5305 2305 5359 Οὖτω
2344 5307 2520 5360 τοίνυν
2557 5293 2826 5378 προδῆλου
2854 5307 2952 5378 τῆς
2983 5310 3043 5362 ἐν
3071 5312 3183 5372 τοῖς
3222 5311 3534 5381 εἰρημένοις
3558 5308 3648 5362 οὗ·

2080 5413 2178 5466 σης
2203 5399 2598 5470 ἐναντιότητος,
2620 5397 2918 5468 θαυμάζειν
2943 5399 3118 5452 ἔπεισί
3142 5417 3231 5470 μοι
3257 5402 3357 5469 τῆς
3373 5401 3649 5471 ἀγχινοίας

2077 5489 2202 5550 τοὺς
2239 5487 2531 5549 ίπαινετὰς
2581 5487 2772 5542 τούτου
2805 5489 2898 5541 τοῦ
2941 5489 3232 5561 δόγματος.
3265 5493 3504 5564 ’Δπορον
3544 5491 3651 5562 γὰρ

2079 5580 2146 5634 ἂν
2175 5579 2264 5648 εἴη
2290 5578 2427 5649 πρὸς
2448 5579 2476 5631 ὃ
2495 5579 2671 5632 τιτῶν
2708 5581 3015 5650 εἰρημένων
3049 5583 3187 5652 παρ’
3212 5582 3379 5636 αὐτοῦ
3411 5583 3648 5654 τραπέν-

2078 5688 2188 5732 τες,
2221 5669 2321 5722 οὑκ
2350 5665 2410 5721 Ξεῖν
2446 5667 2812 5739 πλημμελοίεν
2840 5673 2919 5735 εἰς
2953 5672 3011 5725 τὸ
3046 5672 3381 5743 λειπόμενον.
3428 5674 3487 5725 '0
3519 5671 3650 5744 πρό-
