4054 6150
360 284 467 334 ων

1454 258 1731 345 coNrnA
1772 286 2155 355 EUNOMIUM,
2200 289 2325 343 LIB.
2370 289 2458 345 Iv.

3515 305 3621 360 650

366 409 482 455 ριον
514 392 626 463 ἔχει
662 394 752 446 καὶ
777 393 844 447 τὰ
876 394 1009 449 ἀλλα
1036 398 1211 452 πάντα
1244 400 1385 454 κατὰ
1412 401 1501 453 τὸν
1530 402 1692 454 αὐτὸν
1719 403 1934 473 τρόπον.

2053 405 2321 472 proprium
2369 412 2453 459 est
2492 418 2598 459 non
2648 405 2844 461 habent
2878 414 2931 463 et
2969 410 3175 482 reliqua
3201 413 3532 483 huiusmodi.
3561 419 3618 475 in

367 484 709 555 Βεϐρωκέναι
750 504 833 550 τις
877 488 1017 542 κατά
1054 490 1152 560 τὴν
1181 491 1430 546 ἐνύπνιον
1463 494 1758 562 φαντασίαν
1788 493 1942 559 λέγε-

362 594 454 630 ται
476 594 489 606 ·
526 576 642 630 ἀλλ’
675 577 773 629 οὐκ
800 576 915 630 ἔστι
944 580 1140 649 κυρίαν
1169 580 1370 653 βρῶσιν
1396 585 1495 653 τὴν
1526 582 1823 651 φαντασίαν
1868 584 1945 635 εί-

362 668 503 722 πεῖν.
556 667 767 739 ’Ὠσπερ
815 670 992 724 τοίνυν
1039 672 1236 743 ἐπίσης
1280 673 1373 726 δύο
1417 674 1581 727 τινῶν
1642 673 1944 744 ἀνθρώπων

364 759 504 814 κατὰ
536 760 696 829 φύσιν
727 762 1128 832 ὑφεστηκότων,
1158 765 1415 835 ἑκάτερον
1442 764 1620 818 αὐτῶν
1650 763 1942 834 κυρίωςτῇ

363 852 513 921 φωνῇ
545 852 1023 924 προσαγορεύομεν
1051 854 1144 907 τοῦ
1172 854 1480 926 ἀνθρώπου,
1530 856 1579 909 εἰ
1597 857 1653 910 δὲ
1683 857 1780 928 τὴν
1806 858 1944 926 ἀψυ-

362 942 455 1011 χόν
503 959 590 1004 τις
638 943 820 995 εἰκόνα
859 944 995 1013 πρὸς
1038 946 1130 999 τὸν
1179 947 1320 1001 κατὰ
1372 946 1625 1018 ἀλήθειαν
1663 949 1944 1019 ἄνθρωπον

366 1031 579 1095 συνθεὶς
622 1033 998 1103 ἀριθμήσειεν,
1033 1034 1124 1089 δύο
1155 1037 1253 1106 μὲν
1284 1038 1349 1090 ἂν
1383 1037 1550 1102 εἴποι,
1584 1039 1676 1093 τόν
1710 1056 1768 1092 τε
1813 1040 1945 1111 ἀλη-

365 1122 473 1185 θῶς
488 1122 614 1176 ὄντα
634 1124 728 1177 καὶ
758 1124 818 1177 τὸ
856 1127 1126 1198 ὁμοίωμα,
1162 1129 1341 1181 οὐκέτι
1361 1128 1405 1182 δ’
1441 1129 1506 1183 ἂν
1540 1132 1635 1183 καὶ
1668 1132 1729 1183 τὸ
1760 1132 1946 1205 κύριον

367 1213 695 1283 ἀμφοτέροις
730 1220 1294 1288 προσμαρτυρήσειεν⁶
1338 1218 1510 1283 οὕτως
1545 1220 1703 1295 εἴπερ
1741 1222 1866 1276 ἄλλο
1893 1241 1945 1276 τι.

370 1301 523 1372 παρὰ
551 1300 646 1372 τὴν
671 1302 765 1354 τοῦ
788 1305 999 1375 Πατρός
1028 1306 1215 1360 οὐσίαν
1247 1310 1279 1379 ἡ
1312 1307 1404 1361 τοῦ
1422 1310 1756 1376 Μονογενοῦς
1786 1312 1947 1379 φύσις

370 1393 664 1456 ὑπενοεῖτο,
683 1394 782 1446 οὐκ
799 1393 864 1447 ἂν
880 1396 1229 1469 κυριωτάτην
1265 1399 1531 1470 ἑκατέραν
1551 1401 1659 1455 τῶν
1682 1403 1879 1457 οὐσιῶν
1917 1407 1946 1457 ὁ

370 1482 706 1554 λογογράφος
728 1485 998 1557 ὠνόμασε.
1033 1490 1157 1553 Πῶς
1183 1490 1291 1562 γὰρ
1322 1492 1387 1546 ἄν
1417 1510 1499 1556 τις
1520 1494 1588 1547 τὰ
1618 1494 1941 1567 διαφέροντα

372 1578 437 1644 τῇ
455 1575 630 1643 φύσει,
655 1580 718 1647 τῇ
751 1580 1036 1650 ταυτότητι
1051 1581 1158 1634 τῶν
1174 1570 1451 1653 όνομάτων
1470 1586 1789 1655 σημάνειεν;
1809 1590 1945 1642 Ἀλλ’

374 1666 548 1719 ἔοικεν
600 1669 634 1738 ἡ
683 1668 907 1739 ἀλήθεια
952 1672 1045 1724 καὶ
1090 1672 1178 1725 διὰ
1224 1673 1332 1728 τῶν
1384 1676 1763 1747 πολεμούντων
1808 1681 1945 1751 αὐτῇ

374 1756 760 1827 φανεροῦσθαι,
798 1761 871 1831 μὴ
926 1762 1224 1832 δυναμένου
1257 1763 1511 1830 καθάπαξ
1560 1768 1693 1838 μηδὲ
1724 1770 1782 1823 ὲν
1832 1774 1951 1835 ταῖς

373 1846 482 1900 τῶν
534 1848 744 1920 ἐχθρῶν
792 1854 999 1919 φωναῖς
1046 1854 1398 1926 ὐπερισχύειν
1439 1859 1537 1929 τῆς
1571 1860 1824 1931 ἀληθείας
1856 1862 1951 1916 τοῦ

373 1939 620 2008 ψεύδους.
681 1939 781 1994 Διὰ
822 1943 980 1997 τοῦτο
1014 1944 1089 2015 τῷ
1133 1947 1358 2017 στόματι
1406 1949 1514 2003 τῶν
1564 1951 1952 2023 ἀντικειμένων

376 2033 467 2083 καὶ
509 2031 583 2103 μὴ
626 2033 843 2086 εἰδότων
881 2034 917 2088 ἀ
958 2035 1203 2105 λέγουσιν
1241 2041 1269 2093 ό
1301 2040 1402 2106 τῆς
1440 2041 1719 2106 εὐσεϐείας
1745 2044 1953 2115 ἀνακη-

376 2120 629 2191 ρύσσεται
681 2121 873 2190 λόγος’
926 2126 1178 2200 καθάπερ
1231 2131 1327 2183 καὶ
1364 2131 1456 2183 ἐπὶ
1497 2132 1591 2185 τοῦ
1646 2132 1863 2205 Καῖάφα
1895 2137 1955 2189 τὸ

378 2212 638 2282 σωτήριον
684 2213 824 2285 ὑπὲρ
869 2215 1028 2285 ἡμῶν
1077 2216 1172 2270 τοῦ
1224 2220 1427 2288 Κυρίου
1490 2222 1660 2286 πάθος
1712 2227 1952 2295 προηγό-

379 2321 556 2374 ρευτο,
605 2305 704 2357 οὐκ
752 2306 951 2370 είδότος
997 2308 1025 2361 ὃ
1074 2308 1241 2377 λέγει.
1296 2312 1503 2365 Οὐκοῦν
1555 2315 1605 2365 εί
1657 2315 1833 2367 κοινὸν
1867 2318 1953 2368 ἐπ’

377 2395 701 2466 ἀμφοτέρων
728 2399 826 2466 τῆς
872 2398 1058 2461 οὐσίας
1102 2400 1164 2452 τὸ
1201 2400 1554 2472 κυριώτατον,
1600 2404 1694 2456 τοῦ
1741 2405 1955 2473 Πατρός

375 2484 518 2552 λέγω
547 2486 640 2539 καὶ
664 2485 756 2539 τοῦ
789 2487 917 2540 Υὶοῢ
939 2507 951 2519 ·
989 2489 1109 2542 τίνα
1138 2489 1320 2561 χώραν
1344 2490 1456 2562 ἔχει
1482 2492 1542 2545 τὸ
1573 2493 1955 2564 παρηλλάχθαι

376 2575 473 2633 τὰς
518 2574 705 2636 οὐσίας
760 2575 1001 2647 ἀλλήλων
1045 2578 1261 2646 λέγειν;
1313 2581 1384 2632 ’Ἡ
1431 2580 1548 2644 πῶς
1599 2581 1657 2635 ὲν
1702 2583 1893 2645 αὐταῖς
1920 2585 1954 2650 ἡ

377 2664 513 2734 πρὸς
541 2664 601 2717 τὸ
627 2665 989 2737 δυνατώτερόν
1019 2685 1076 2719 τε
1100 2670 1193 2722 καὶ
1225 2669 1405 2740 μεῖζον
1433 2672 1525 2725 καὶ
1565 2673 1955 2744 προτιμότερον

376 2753 719 2824 ἑνθεωρεῖται
764 2755 1015 2826 διαφορὰ,
1063 2756 1162 2825 τῆς
1203 2760 1543 2829 κυριωτάτης
1586 2761 1773 2824 οὐσίας
1802 2761 1954 2814 οὐδε-

379 2844 512 2911 μίαν
546 2844 991 2915 παραδεχομένης
1022 2846 1348 2913 ὲλάττωσινς
1402 2851 1475 2901 Τὸ
1507 2851 1614 2922 γὰρ
1643 2852 1847 2916 ἀτελῶς
1873 2851 1953 2920 ὃν,

376 2933 572 3001 ὅτιπερ
618 2931 683 2985 ἂν
725 2929 781 3006 ᾗ,
820 2934 1023 3002 κυρίως
1052 2935 1151 2989 οὐκ
1180 2936 1343 3003 ἐστιν,
1381 2940 1440 2990 οὐ
1473 2940 1653 3007 φύσις,
1699 2942 1759 2995 οὐ
1792 2942 1954 2996 δύνα-

2044 492 2253 548 somnis
2303 494 2522 563 quidam
2572 494 2753 551 edisse
2796 512 2891 567 per
2941 501 3202 556 visionem
3242 505 3474 571 dicitur,
3520 512 3614 565 sed

2047 582 2311 638 visionem
2390 585 2505 639 sive
2565 585 3009 656 imaginationem
3074 607 3184 647 non
3253 594 3379 650 licet
3438 596 3621 655 dicere

2044 676 2318 745 propriam
2385 691 2591 731 escam.
2648 677 3120 744 Quemadmodum
3183 684 3352 754 igitur
3406 688 3622 746 duobus

2047 783 2201 837 atque
2231 767 2546 823 hominibus
2574 771 2874 824 secundum
2918 781 3170 827 naturam
3200 777 3619 845 cxsistentibus,

2045 864 2341 926 utrumque
2376 858 2619 926 ipsorum
2663 859 2885 929 proprie
2920 860 3022 916 hac
3044 878 3177 919 voce
3222 864 3496 923 hominem
3528 884 3623 939 ap-

2048 947 2335 1017 pellamus,
2397 949 2532 1015 quod
2570 948 2616 1003 si
2663 950 2963 1007 inanimum
3007 955 3131 1023 quis
3179 956 3466 1028 imaginem
3497 975 3621 1014 cum

2048 1039 2266 1093 homine
2313 1039 2615 1093 secundum
2658 1041 2944 1097 veritatem
2988 1059 3325 1114 componens
3369 1042 3625 1105 numera-

2046 1128 2206 1194 verit,
2239 1126 2377 1182 duos
2407 1129 2627 1198 quidem
2662 1129 2883 1197 dixerit,
2920 1140 2974 1186 et
2997 1149 3121 1187 eum
3154 1137 3247 1204 qui
3279 1153 3403 1191 vere
3431 1149 3535 1201 est,
3570 1150 3625 1193 et

2046 1231 2145 1286 per
2180 1217 2598 1272 similitudinem
2630 1218 2871 1286 dicitur;
2920 1222 3014 1275 sed
3047 1238 3154 1277 non
3194 1227 3427 1294 amplius
3455 1229 3623 1282 utris-

2047 1323 2154 1377 que
2185 1308 2332 1377 quod
2362 1308 2528 1378 hujus
2549 1309 2789 1365 nominis
2818 1319 2902 1365 est
2936 1313 3215 1383 proprium
3245 1316 3623 1386 assignaverit:

2063 1398 2141 1453 sic
2193 1400 2238 1455 si
2276 1400 2406 1471 quid
2455 1401 2605 1456 aliud
2659 1411 2713 1457 et
2761 1404 3039 1469 diversum
3090 1421 3120 1460 a
3151 1408 3335 1464 Patris
3378 1411 3625 1465 essentia

2049 1488 2323 1561 Unigeniti
2360 1501 2557 1547 natura
2592 1500 2772 1549 mente
2800 1496 3202 1565 conciperetur,
3245 1513 3355 1553 non
3396 1502 3627 1570 amplius

2050 1581 2285 1634 maxime
2319 1582 2595 1651 propriam
2630 1589 2921 1653 utramque
2948 1586 3243 1640 essentiam
3276 1588 3363 1643 hic
3390 1591 3628 1659 scriptor

1985 1702 2030 1761 Β
2055 1669 2414 1725 nominasset.
2452 1668 2737 1735 Quomodo
2766 1673 2911 1726 enim
2953 1674 3078 1743 quis
3109 1691 3230 1744 quae
3284 1686 3480 1731 natura
3521 1678 3627 1737 dif-

2056 1756 2238 1813 ferunt
2281 1758 2473 1815 iisdem
2519 1760 2835 1815 nominibus
2876 1763 3246 1832 signiﬁcaret?
3285 1765 3391 1821 Sed
3426 1769 3626 1823 veritas

2054 1850 2216 1903 etiam
2254 1864 2351 1920 per
2397 1866 2492 1905 eos
2536 1852 2630 1921 qui
2680 1854 2851 1923 ipsam
2900 1853 3047 1909 bello
3101 1855 3380 1911 lacessunt
3413 1858 3629 1913 videtur

2056 1940 2416 2007 manifestari,
2463 1944 2593 2011 quia
2632 1959 2738 1997 non
2771 1950 2952 2014 potest
2986 1946 3211 2001 omnino
3238 1962 3416 2016 neque
3459 1948 3625 2003 etiam

2058 2031 2111 2085 in
2144 2032 2491 2087 inimicorum
2534 2034 2765 2088 vocibus
2808 2035 3024 2089 veritati
3070 2038 3365 2105 prmvaiere
3406 2038 3629 2093 menda-

2057 2119 2222 2173 cium.
2276 2120 2486 2176 Idcirco
2527 2123 2967 2178 adversariorum
3003 2139 3099 2180 ore
3142 2141 3264 2195 quae
3295 2128 3486 2182 dicunt
3535 2144 3629 2183 ne-

2057 2211 2343 2266 scientium
2388 2213 2605 2281 pietatis
2661 2229 2842 2269 sermo
2884 2216 3253 2284 praedicatur:
3282 2220 3630 2287 quemadmo-

2055 2300 2183 2354 dum
2215 2301 2269 2354 in
2306 2300 2514 2371 Caipha
2561 2302 2824 2359 salutaris
2858 2319 2958 2374 pro
2992 2305 3154 2362 nobis
3201 2306 3414 2362 Domini
3447 2310 3629 2378 passio

2057 2392 2538 2460 praenuntiabatur,
2582 2392 2860 2449 nesciente
2894 2395 3022 2464 quid
3054 2395 3259 2451 diceret
3282 2397 3354 2449 ’³.
3391 2397 3531 2468 Ergo
3584 2401 3628 2451 si

2057 2494 2350 2534 commune
2378 2489 2463 2535 est
2500 2482 2555 2535 in
2584 2482 2858 2551 utrisque,
2886 2484 3031 2552 quod
3071 2487 3324 2540 essentiae
3353 2497 3437 2541 est
3476 2478 3627 2556 prin-

2058 2570 2478 2641 cipalissimum,
2514 2570 2677 2627 Patre
2721 2574 2847 2627 dico
2892 2582 2946 2628 et
2994 2575 3136 2629 Filio
3164 2594 3176 2629 :
3206 2591 3368 2645 quam
3403 2592 3628 2630 causam

2057 2662 2221 2717 habet
2247 2664 2517 2717 essentias
2558 2677 2589 2717 a
2624 2679 2682 2718 se
2718 2663 2951 2717 invicem
2989 2665 3293 2733 disjunctas
3320 2677 3372 2721 et
3410 2682 3633 2736 separa~

2057 2756 2141 2803 tas
2162 2764 2283 2805 esse
2311 2750 2567 2805 dicendi?
2595 2752 2677 2806 vel
2704 2752 2980 2821 quomodo
3008 2753 3061 2806 in
3088 2754 3220 2822 ipsis
3245 2770 3368 2809 cum
3393 2770 3457 2809 eo
3483 2755 3625 2825 quod

2060 2841 2333 2910 potentius
2376 2849 2430 2895 et
2466 2842 2643 2911 majus
2673 2850 2727 2896 et
2772 2842 3137 2911 praestabilius
3180 2852 3283 2909 est,
3339 2844 3632 2914 inspicitur

2058 2929 2398 2995 diﬂerentia,
2450 2947 2573 2985 cum
2619 2933 3083 3002 principalissima
3128 2934 3367 2989 essentia
3422 2936 3628 2989 nullam

380 3039 495 3092 μις,
528 3023 629 3075 οὐκ
659 3022 895 3092 ἀξίωμα,
926 3024 1023 3077 οὐκ
1047 3024 1172 3079 ἄλλο
1205 3044 1255 3079 τι
1281 3028 1388 3080 τῶν
1414 3028 1536 3081 καθ’
1566 3030 1795 3085 ἕκαστον
1823 3034 1952 3087 θεω-

2059 3021 2495 3077 imminutionem
2549 3022 2842 3078 admittat?
2901 3024 3057 3091 Quod
3106 3027 3253 3080 enim
3310 3028 3630 3096 imperfecte

382 3114 661 3185 ρουμένων
710 3114 892 3167 οὐδέν’
952 3115 1092 3169 ὥστε
1135 3119 1167 3187 ή
1216 3118 1335 3171 κατ’
1370 3119 1557 3173 οὐσίαν
1605 3122 1699 3175 τοῦ
1742 3125 1955 3195 Πατρὸς

379 3205 641 3279 ὑπεροχὴ,
675 3205 857 3269 καθὼς
906 3208 937 3278 ἡ
972 3208 1181 3277 αἵρεσις
1230 3207 1494 3278 βούλεται’
1544 3210 1607 3263 τὸ
1644 3212 1829 3277 ἀτελὲς
1859 3215 1957 3283 τῆς

378 3298 564 3361 οὐσίας
590 3296 684 3351 τοῦ
724 3298 1061 3377 Μονογενοῦς
1102 3299 1385 3370 διελέγχει.
1421 3303 1483 3355 El
1514 3299 1608 3356 οὖν
1641 3304 1857 3373 ἀτελὴς,
1895 3305 1955 3357 οὐ

381 3390 579 3460 κυρίαο
636 3390 683 3442 εί
735 3390 792 3442 δὲ
841 3390 1175 3461 κυριωτάτη,
1211 3393 1304 3444 καλ⁵
1333 3393 1513 3446 τελεία
1567 3394 1805 3458 πάντως.
1857 3395 1958 3446 Τέο

381 3481 520 3534 λειον
556 3480 664 3550 γὰρ
707 3480 767 3534 τὸ
818 3482 1031 3545 ἐλλιπὲς
1080 3483 1437 3553 ὀνομάζεσθαι
1490 3484 1651 3553 φύσιν
1694 3486 1794 3540 οὐκ
1825 3485 1954 3555 ἔχει.

393 3571 533 3624 Ἀλλ’
586 3572 706 3624 οὐδὲ
753 3571 1120 3643 συγκριτικῶς
1148 3574 1701 3644 ἀντιπαρατιθεμένου
1751 3575 1955 3628 τελείου

384 3661 521 3732 πρὸς
552 3662 774 3725 τέλειον,
814 3662 1075 3733 διαφοράν
1105 3680 1228 3715 τινα
1254 3665 1392 3718 κατά
1440 3665 1776 3735 πλεονασμὸν
1804 3666 1837 3736 ἢ
1870 3665 1958 3717 ἐλ-

381 3749 556 3819 λειψιν
591 3750 879 3822 γινομένην
906 3751 1128 3806 δυνατόν
1167 3754 1313 3806 ὲστιν
1356 3754 1661 3823 ἐπινοῆσαι.
1698 3754 1811 3807 Μία
1850 3754 1959 3826 γὰρ

384 3838 472 3890 ἐπ’
508 3840 731 3908 ἀμφοῖν,
781 3839 971 3910 ὥσπερ
1009 3841 1101 3893 ἐπὶ
1144 3841 1386 3906 κανόνος,
1433 3845 1466 3912 ἡ
1518 3842 1808 3914 τελειότης,
1838 3843 1960 3896 οὔτε

383 3929 762 4000 κοιλαινομένη
813 3930 891 4000 τῷ
941 3931 1215 3997 λείποντι,
1270 3930 1394 4007 οὕτε
1458 3923 1820 4003 ἀνωμαλοῦσα
1881 3934 1960 4004 τῷ

384 4020 752 4085 πλεονάζοντι.
810 4022 921 4092 Τὴν
980 4022 1078 4092 μὲν
1132 4018 1225 4076 οὖν
1285 4023 1426 4092 ὑπὲρ
1488 4023 1581 4075 τοῦ
1642 4024 1764 4077 καθ’
1815 4027 1960 4095 ἡμᾶς

383 4112 651 4182 δόγματος
682 4113 777 4166 τοῦ
829 4113 1093 4184 Εὐνομίου
1138 4114 1481 4184 συνηγορίαν,
1522 4114 1718 4178 ἱκανῶς
1764 4116 1827 4169 ἐκ
1853 4116 1960 4170 τῶν

384 4203 689 4274 εἰρημένων
721 4201 869 4259 ἐστιν
905 4205 1061 4258 ἰδεῖν·
1101 4204 1297 4273 μᾶλλον
1323 4204 1380 4257 δὲ
1408 4205 1469 4258 οὐ
1502 4206 1600 4275 τὴν
1634 4206 1775 4277 ὑπὲρ
1802 4208 1833 4276 ἡ
1844 4207 1959 4277 μῶν

384 4292 643 4362 σπουδὴν,
679 4292 814 4345 ἀλλά
851 4293 947 4364 τὴν
993 4294 1126 4364 πρὸς
1169 4292 1365 4364 ἑαυτὴν
1399 4294 1597 4365 μάχην.
1644 4295 1721 4347 Δι’
1747 4288 1822 4348 ὧν
1850 4296 1959 4367 γὰρ

382 4385 441 4435 τὸ
499 4385 765 4455 ἡμέτερον
814 4385 988 4455 δόγμα
1048 4387 1156 4447 τοῖς
1213 4384 1360 4447 ἰδίοις
1418 4385 1700 4454 συνίστησι
1753 4385 1955 4453 λόγοις,

382 4474 503 4525 καθ’
537 4475 731 4528 ἑαυτοῦ
758 4476 948 4546 τρέπει
976 4476 1044 4528 τὰ
1076 4478 1459 4547 μηχανήματα.
1497 4476 1687 4545 Ἡμεῖς
1711 4476 1768 4528 δὲ
1797 4476 1957 4529 πάλιν

379 4566 493 4626 τοῖς
524 4565 929 4634 γεγραμμένοις
959 4567 1077 4619 κατ’
1108 4564 1277 4636 αὐτὴν
1303 4565 1402 4635 τὴν
1429 4564 1571 4629 λέξιν
1600 4565 1959 4636 ἀκολουθήσο-

386 4672 508 4723 μεν,
559 4655 634 4718 ὡς
683 4656 750 4709 ἂν
800 4658 1028 4728 φανερὸν
1052 4658 1261 4725 γένοιτο
1302 4659 1501 4717 πᾶσιν.
1548 4659 1629 4710 ὅτι
1679 4657 1817 4728 πλὴν
1861 4658 1957 4711 τοῦ

385 4744 670 4814 βούλεσθαι
702 4749 1046 4821 κακουργεῖν,
1076 4748 1331 4818 οὐδεμίαν
1377 4748 1529 4818 ίσχύν
1572 4747 1703 4819 πρὸς
1734 4748 1831 4818 τὴν
1859 4766 1957 4803 και

383 4833 511 4885 κίαν
556 4837 585 4888 ὁ
631 4838 762 4906 παρ’
796 4837 972 4889 αὐτῶν
1001 4837 1156 4906 λόγος
1191 4836 1323 4907 ἔχει.

384 4934 645 4980 namenta
688 4936 742 4982 et
792 4939 965 4984 astus.
999 4928 1110 4985 Nos
1156 4939 1338 4984 autem
1389 4944 1582 4986 rursus
1624 4932 1829 5002 scripta
1885 4931 1952 4987 ad

382 5020 663 5085 omnibus,
713 5020 859 5089 quod
908 5036 1099 5076 eorum
1138 5037 1320 5079 sermo
1373 5023 1579 5076 nullam
1629 5021 1794 5077 habet
1845 5023 1955 5076 vim

312 5112 315 5115 ’
384 5112 543 5167 eendi
580 5113 935 5168 voluntatem.

466 5204 812 5273 Ἀκούσωμεν
870 5204 1048 5259 τοίνυν
1112 5205 1219 5259 τῶν
1292 5206 1615 5278 εἰρημένων.
1694 5206 1952 5271 Εἰκότως

380 5297 531 5364 φαίη
569 5313 657 5360 τις
686 5294 763 5349 ἂν·
794 5294 909 5363 τὴν
944 5296 1308 5366 κυριωτάτην
1336 5297 1433 5350 καὶ
1466 5295 1703 5365 πρώτην
1734 5296 1831 5348 καὶ
1855 5296 1957 5363 μό-

382 5404 501 5453 νην
524 5387 787 5456 ἐνεργείᾳ
822 5388 928 5441 τοῦ
968 5390 1194 5456 Πατρός
1227 5388 1584 5445 ὑποστᾶσαν
1615 5388 1834 5441 οὐσίαν
1870 5388 1955 5451 είς

384 5477 612 5544 ἑαυτὴν
658 5476 937 5547 δέχεσθαι
982 5480 1088 5546 τὰς
1130 5480 1235 5534 τοῦ
1278 5480 1648 5551 γεννήματος
1686 5478 1783 5534 καὶ
1824 5494 1949 5533 ποι-

458 5650 504 5683 ”
536 5649 692 5705 Joan.
730 5665 806 5712 χι,
836 5649 923 5702 51.

718 5745 983 5804 Parnm.
1018 5740 1133 5801 Gn.
1174 5741 1347 5803 XLV.

1987 4354 2037 4411 ι)

2058 3121 2161 3177 est,
2195 3112 2566 3183 quodcunque
2597 3113 2783 3178 fuerit,
2821 3116 3042 3184 proprie
3090 3132 3202 3170 non
3245 3125 3352 3182 est,
3386 3133 3497 3171 non
3534 3134 3632 3173 na-

2058 3211 2200 3270 tura,
2236 3219 2347 3259 non
2377 3205 2481 3271 vis,
2518 3220 2627 3258 non
2671 3204 2935 3274 dignitas,
2986 3220 3097 3259 non
3149 3207 3298 3260 aliud
3329 3207 3630 3278 quidquam

2056 3312 2244 3352 eorum
2276 3311 2397 3366 qua:
2421 3297 2476 3350 in
2517 3310 2849 3366 unoquoque
2884 3303 3220 3365 spectantur.
3255 3295 3330 3350 Ita
3369 3306 3427 3350 ut
3456 3297 3632 3352 Patris

2057 3402 2179 3458 quae
2204 3396 2289 3442 est
2319 3387 2625 3444 secundum
2665 3370 2961 3442 essentiam
2993 3388 3310 3453 eminentia,
3349 3390 3492 3443 sicut
3519 3387 3631 3442 vult

2059 3481 2303 3543 haeresis,
2338 3477 2709 3547 imperfectam
2758 3476 3030 3544 Uuigeniti
3066 3478 3363 3533 essentiam
3414 3485 3629 3547 arguat.

2060 3567 2116 3623 Si
2142 3570 2304 3639 igitur
2335 3568 2676 3638 imperfecta,
2703 3583 2813 3622 non
2843 3579 2927 3623 est
2956 3569 3278 3638 principalis
3304 3576 3358 3625 et
3387 3570 3627 3638 propria:

2062 3660 2120 3714 Si
2159 3671 2335 3715 autem
2364 3660 2824 3729 principalissima
2866 3668 2949 3715 est
3016 3668 3070 3715 ct
3118 3660 3353 3715 maxime
3384 3661 3628 3731 prOpria,

2060 3750 2223 3804 etiam
2260 3748 2501 3818 perfecta
2538 3749 2781 3803 omnino.
2835 3747 2992 3814 Quod
3035 3748 3180 3803 enim
3230 3749 3413 3804 deﬁcit
3457 3750 3632 3821 perfe-

2060 3849 2209 3896 ctum
2238 3839 2508 3895 nominari
2540 3847 2737 3893 natura
2767 3854 2874 3892 non
2900 3847 3098 3909 potest.
3131 3838 3237 3894 Sed
3266 3856 3444 3910 neque
3476 3854 3632 3894 com-

2030 3940 2271 4003 parate,
2325 3932 2372 3986 si
2428 3946 2551 3985 cum
2595 3929 2838 4001 perfecto
2890 3929 3193 3999 perfectum
3239 3941 3629 4002 componatur,

2064 4022 2422 4078 differentiam
2460 4022 2697 4092 aliquam
2748 4037 2843 4093 per
2896 4010 3312 4078 redundantiam
3354 4023 3435 4078 vel
3484 4022 3633 4076 defe-

2062 4123 2210 4170 ctum
2257 4114 2454 4169 factum
2489 4113 2571 4170 fas
2617 4121 2700 4170 est
2732 4115 3055 4186 intelligere.
3090 4114 3208 4169 Una
3236 4114 3381 4168 enim
3431 4114 3486 4166 in
3520 4127 3633 4164 am-

2063 4207 2259 4267 bobus,
2305 4206 2449 4261 sicut
2485 4206 2540 4259 in
2588 4220 2803 4271 norma,
2853 4205 3118 4275 perfectio
3151 4212 3256 4268 est,
3296 4218 3417 4274 quae
3457 4219 3633 4273 neque

2063 4305 2293 4352 cavatur
2342 4297 2458 4351 sive
2506 4304 2772 4349 vacuatur
2829 4303 3052 4365 prepter
3099 4294 3394 4360 defectum,
3456 4309 3633 4362 neque

2065 4388 2217 4441 rudis
2273 4396 2358 4441 est
2452 4392 2507 4439 et
2572 4384 2856 4453 inazqualis
2914 4393 3133 4453 propter
3190 4382 3630 4437 redundantiam.

2066 4478 2247 4544 Quare
2287 4491 2388 4546 pro
2428 4482 2619 4530 nostro
2677 4474 2930 4545 dogmate
2969 4474 3219 4529 Eunomii
3270 4473 3632 4544 patrocinium

2066 4566 2280 4622 abunde
2327 4565 2463 4621 satis
2511 4581 2576 4620 ex
2623 4564 2709 4633 his
2748 4579 2870 4634 qua:
2897 4565 3042 4619 dicta
3091 4571 3220 4618 sunt
3255 4563 3383 4620 licet
3427 4563 3632 4634 νενερί-

2066 4674 2207 4715 cere.
2234 4657 2345 4713 lmo
2368 4672 2497 4712 vero
2525 4672 2634 4711 non
2666 4671 2765 4726 pro
2794 4656 2953 4711 nobis
2996 4655 3260 4721 studium,
3299 4654 3395 4711 sed
3436 4670 3621 4710 secum

2066 4748 2375 4805 dissidium.
2431 4747 2533 4802 Per
2577 4762 2698 4816 qure
2741 4746 2886 4801 enim
2948 4752 3198 4800 nostrum
3252 4744 3448 4815 dagma
3512 4743 3630 4798 suis

2066 4837 2412 4895 commendat
2448 4837 2819 4900 sermonibus,
2865 4836 2919 4890 in
2953 4836 3196 4905 seipsum
3228 4836 3390 4890 vertit
3425 4834 3632 4889 machi-

1993 4933 2218 4988 verbum
2266 4945 2583 5001 sequemur,
2629 4932 2705 4983 ut
2755 4927 3105 4983 manifestum
3174 4939 3227 4983 et
3270 4929 3491 4999 planum
3542 4926 3632 4979 ﬁat

1994 5022 2158 5076 aliam
2214 5020 2281 5074 ad
2334 5019 2550 5083 vitium,
2598 5033 2763 5090 quam
2838 5017 3110 5072 malitiose
3158 5014 3239 5073 et'
3285 5017 3474 5073 dolose
3529 5031 3629 5069 no-

2135 5202 2437 5257 Audiamus
2466 5197 2631 5268 igitur
2659 5210 2724 5251 ea
2760 5210 2881 5266 quae
2914 5203 3043 5252 sunt
3092 5196 3160 5248 ab
3189 5195 3270 5249 eis
3310 5194 3475 5246 dicta.
3514 5187 3657 5277 Me-v

2052 5298 2156 5350 rito
2216 5293 2410 5347 dixerit
2451 5289 2646 5359 aliquis
2700 5290 2929 5341 maxime
2980 5287 3249 5354 propriam
3301 5291 3350 5335 et
3399 5280 3627 5347 primam

2050 5397 2097 5442 et
2111 5386 2277 5440 solam
2303 5394 2421 5437 acm
2445 5381 2625 5435 Patris
2647 5382 3008 5434 subsistentem
3026 5375 3300 5429 essentiam
3320 5370 3389 5424 ad
3405 5370 3625 5439 seipsam

2052 5478 2325 5533 admittere
2370 5472 2692 5546 gennematis
2754 5470 2867 5525 sive
2901 5465 3161 5536 geniturae
3200 5470 3248 5516 et
3294 5460 3520 5529 factura:
3579 5468 3628 5517 et

3239 5730 3304 5788 21
