4054 6150
469 326 581 383 65!

1732 326 1789 383 S.
1829 329 2160 390 GREGORII
2194 331 2283 388 ΝΥ
2296 281 2488 391 SSEi‘il

3617 340 3724 394 65‘:

475 452 731 497 creaturae
773 442 1166 510 appellationes.
1213 442 1348 509 Quis
1389 443 1603 514 ignorat
1643 457 1911 505 creatura:
1956 466 2051 505 v0-

2162 453 2376 522 ήματος
2400 453 2500 510 καὶ
2530 453 2854 525 κτίσματος
2886 454 3312 526 προσηγορίας.
3338 455 3436 519 Τίς
3466 455 3566 511 οὐκ
3593 454 3732 514 οἶδεν

475 548 590 587 cem
623 533 678 585 in
707 529 806 585 Dei
843 531 976 586 Filio
995 532 1195 587 dictam
1229 533 1281 587 id
1309 549 1432 588 esse
1466 535 1612 604 quod
1643 535 1940 592 Ecclesiam
1983 540 2051 594 ab

466 623 668 677 haeresi
705 624 969 692 separet?
1007 623 1372 690 Quamobrem
1401 639 1528 679 cum
1566 625 1636 681 sit
1680 627 1821 696 apud
1854 643 2046 684 omnes

463 717 642 767 certa
683 728 1056 785 concessaque
1107 715 1409 770 secundum
1461 715 1658 788 dogma
1715 717 2048 785 differentia,

469 820 598 860 eum
630 805 723 876 qui
764 805 1145 862 demonstrare
1192 808 1390 861 nititur
1437 823 1568 862 suas
1609 810 1898 878 opiniones
1947 825 2050 864 no-

471 899 607 952 stris
645 897 911 964 veriores,
957 898 1088 969 quid
1126 914 1287 969 agere
1325 902 1720 970 congruentius
1763 902 1924 957 erat?
1969 902 2052 956 An

475 989 690 1046 scilicet
722 991 1006 1060 proprium
1051 1005 1366 1047 sermonem
1405 990 1701 1059 conficere,
1733 1008 1797 1047 ex
1848 993 1920 1048 iis
1967 1008 2055 1048 ra-

475 1082 720 1138 tionibus
767 1083 968 1153 quibus
1013 1083 1396 1138 demonstrare
1446 1084 1620 1154 possit
1655 1077 1917 1154 'oportere
1947 1083 2055 1138 Do-

478 1175 689 1228 minum
747 1174 1066 1230 existimare
1123 1184 1371 1230 creatum
1410 1174 1598 1230 esse?
1654 1189 1724 1229 an
1778 1190 1910 1230 vero
1953 1175 2057 1230 hoc

477 1265 872 1334 praetermisso,
912 1265 1269 1320 audientibus
1308 1265 1642 1335 persuadere
1669 1275 1722 1320 ct
1763 1265 2051 1330 aiiirmare,

477 1357 625 1426 quod
670 1371 733 1412 ea
777 1373 897 1426 quae
930 1357 1099 1412 dubia
1146 1363 1275 1412 sunt
1324 1365 1378 1411 ct
1411 1364 1786 1421 controversa,
1829 1357 2054 1410 omnino

479 1454 610 1501 sunt
649 1455 823 1510 certa,
878 1461 1004 1501 vera
1049 1453 1101 1501 et
1147 1446 1450 1502 concessa?
1493 1445 1630 1501 Illud
1672 1445 1930 1516 equidem
1977 1446 2057 1499 af-

481 1540 640 1592 firmo
671 1555 685 1592 :
715 1538 949 1592 fortasse
985 1549 1167 1592 autem
1211 1538 1373 1592 etiam
1406 1551 1596 1592 omnes
1631 1537 1830 1606 quibus
1856 1546 1941 1590 est
1975 1537 2058 1589 in-

481 1632 819 1700 telligentia‘,
893 1631 997 1683 hoc
1064 1645 1092 1682 a
1132 1628 1659 1684 contradicentibus
1727 1627 2055 1697 exquirent,

481 1728 543 1775 ut
588 1722 733 1791 quod
779 1721 1186 1776 dissertationis
1241 1720 1574 1789 principium
1627 1725 1733 1781 est,
1777 1718 1830 1772 id
1876 1718 2053 1788 primo

2153 547 2235 599 ὃτι
2263 546 2324 599 τὸ
2349 546 2577 617 χωρίζον
2615 546 2724 599 ἀπὸ
2755 547 2852 617 τῆς
2880 547 3143 616 αἱρέσεως
3169 546 3264 619 τὴν
3311 547 3657 618 Ἐκκλησίαν,
3695 555 3728 622 ή

2152 638 2246 692 τοῦ
2297 639 2592 709 κτίσματός
2629 639 2744 692 ἐστι
2796 638 2946 710 φωνὴ
2987 639 3080 692 ἐπὶ⁹
3111 638 3204 692 τοῦ
3257 639 3383 692 Υἱοὺ
3427 639 3729 712 λεγομένης

2153 728 2366 784 Οὐκοῦν
2397 729 2831 801 όμολογουμένης
2884 729 3037 800 παρὰ
3082 730 3214 782 πᾶσι
3248 729 3348 800 τῆς
3392 729 3532 783 κατά
3563 731 3625 784 τὸ
3649 730 3735 784 δό-

2153 835 2270 888 γμα
2300 817 2579 890 διαφορᾶς,
2615 819 2706 871 τὸν
2736 816 3115 888 ἐπιχειροῦντα
3145 817 3406 873 δεικνύειν
3448 819 3556 871 τῶν
3597 819 3734 888 ήμε-

2152 909 2326 980 τέρων
2350 909 2447 972 τὰς
2480 909 2612 972 ἰδίας
2641 908 2935 979 ὑπολήψεις
2963 907 3351 979 ἀληθεστέρας,
3386 908 3437 962 τί
3474 908 3733 978 πράττειν

2154 999 2518 1071 εὐλογώτερον
2562 995 2666 1071 ip);
2703 996 3148 1062 Κατασκευάζειν
3186 997 3427 1068 δηλονότι
3464 998 3556 1051 τὸν
3601 998 3731 1052 ἴδιον

2156 1088 2332 1160 λόγον,
2360 1090 2427 1143 δι’
2457 1084 2532 1144 ὧν
2580 1084 2690 1144 οἷόν
2739 1106 2800 1142 τε
2842 1085 2936 1160 ἦν,
2968 1087 3358 1142 ἀποδεικνύντα
3392 1088 3608 1142 κτιστδν
3639 1091 3730 1143 τὸν

2156 1182 2357 1252 Κύριον
2391 1176 2529 1234 εἶναι
2563 1179 2672 1233 δεῖν
2706 1179 2946 1242 οἵεσθαι;
2978 1178 3050 1231 Ἢ
3082 1177 3241 1231 τοῦτο
3272 1179 3536 1248 παρέντα,
3569 1195 3731 1249 νομο-

2156 1270 2330 1324 θετεῖν
2368 1272 2479 1333 τοῖς
2527 1267 2836 1333 ἀκούουσιν,
2888 1269 2961 1332 ὡς
3009 1266 3413 1340 ὁμολογούμενα
3457 1267 3526 1320 τά
3565 1268 3733 1338 ἀμφι·

2157 1359 2464 1429 ϐαλλόμενα
2488 1358 2701 1427 λέγειν;
2748 1357 2887 1425 Ἐγὼ
2919 1358 3015 1428 μὲν
3062 1358 3236 1410 ἐκεῖνό
3281 1375 3423 1429 φημι
3445 1374 3458 1387 ·
3489 1357 3630 1428 τάχα
3671 1355 3730 1410 δὲ

2157 1451 2252 1505 καὶ
2302 1451 2502 1513 πάντες
2539 1445 2618 1514 οἷς
2669 1449 2890 1520 μέτεστι
2921 1448 3178 1512 διανοίας,
3227 1447 3384 1500 τοῦτο
3431 1447 3581 1517 παρά
3623 1445 3731 1499 τῶν

2158 1538 2547 1606 ἀντιλεγόντων
2596 1537 3001 1607 ἐπιζητήσουσι,
3033 1537 3094 1588 τὸ
3123 1535 3220 1607 τὴν
3252 1536 3423 1606 ἀρχὴν
3449 1535 3540 1588 τοῦ
3573 1535 3728 1602 λόγου

2160 1628 2373 1699 πρῶτον
2415 1629 2506 1681 ἐπί
2541 1646 2683 1691 τινος
2729 1628 3121 1698 ἀναντιρῤήτου
3156 1625 3364 1696 βάσεως
3409 1626 3731 1695 στήσαντας,

2175 1717 2344 1781 ὃύτως
2378 1721 2489 1782 τοῖς
2520 1717 2828 1781 ἀκολούθοις
2864 1715 3304 1785 ἐναγωνίζεσθαι.
3339 1716 3529 1770 Οὑτοσὶ
3555 1715 3732 1768 τοίνυν
3821 1721 3828 1726 ”

479 1813 759 1867 stabiliant
818 1828 985 1881 super
1032 1811 1216 1880 aliqua
1265 1811 1383 1865 basi
1438 1818 1491 1864 et
1545 1809 1904 1866 fundamento
1966 1807 2055 1863 cui

2162 1809 2318 1878 ἀφεὶς
2351 1808 2448 1878 τὴν
2491 1807 2618 1878 περὶ
2667 1807 2761 1860 τοῦ
2808 1807 3005 1877 χρῆναι
3058 1805 3272 1858 κτιστὸν
3320 1805 3481 1858 αὑτὸν
3527 1804 3732 1857 οἴεσθαι

479 1904 780 1960 contradici
835 1919 946 1958 non
988 1904 1212 1974 possit:
1245 1903 1350 1957 hoc
1403 1910 1584 1957 autem
1631 1902 1711 1956 sic
1753 1901 2058 1955 constituto

482 2009 597 2052 tum
644 1999 866 2052 demum
915 1997 970 2051 in
1005 1998 1070 2051 iis
1108 2011 1228 2065 quae
1275 2005 1583 2064 sequuntur
1625 1993 1828 2048 acriter
1856 1992 2058 2045 instent

480 2096 535 2143 et
587 2089 892 2143 decertent.
940 2085 1042 2139 llic
1095 2092 1299 2149 autem,
1331 2084 1540 2138 omisso
1588 2081 1681 2134 illo
1725 2079 2061 2135 stabilimine

420 2249 422 2251 ς
482 2179 629 2249 quod
661 2185 916 2247 oporteat
961 2177 1141 2245 ipsum
1186 2182 1433 2228 creatum
1461 2189 1585 2229 esse
1620 2182 1833 2243 putare,
1860 2180 2058 2226 caetera

481 2271 848 2339 persequitur,
900 2281 1012 2321 non
1065 2266 1391 2320 sulvsistcnti
1434 2263 1798 2334 propositioni
1837 2262 2061 2318 ratioci-

415 2403 426 2412 ,
484 2359 770 2412 nationum
841 2351 1291 2424 consequentiam
1366 2351 1844 2406 accommodans:
1900 2352 2060 2422 quale

481 2449 612 2518 quid
648 2463 748 2502 usu
785 2447 933 2501 venit
970 2446 1056 2501 his
1080 2446 1171 2515 qui
1203 2443 1362 2501 vanis
1394 2443 1788 2513 cupiditatibus
1815 2445 2059 2499 animum

485 2540 826 2610 applicantes
865 2536 1136 2606 profunde
1168 2534 1435 2604 cogitant,
1479 2532 1565 2586 vel
1595 2532 1663 2586 ad
1705 2549 1935 2601 regnum
1975 2534 2059 2588 vel

486 2631 555 2683 ad
602 2629 753 2682 aliud
804 2627 1065 2697 quiddam
1100 2641 1290 2680 eorum
1338 2640 1458 2692 qua:
1504 2625 1853 2680 vehementer
1896 2643 2061 2696 expe-

493 2727 686 2774 tuntur
727 2717 1153 2787 cogitationibus
1199 2715 1381 2770 ell‘usi.
1429 2715 1548 2769 Non
1595 2723 1653 2769 ut
1693 2716 1826 2786 ipsis
1855 2717 2062 2786 aliquid

483 2826 676 2866 Corum
707 2824 828 2877 quae
873 2821 1088 2862 summo
1131 2805 1315 2861 studio
1341 2812 1608 2876 expetunt
1658 2807 1899 2873 eveniat,
1941 2809 2060 2878 agi-

482 2909 601 2955 tant
632 2900 836 2963 animo,
870 2898 964 2954 sed
989 2905 1246 2966 tanquam
1278 2912 1343 2952 eo
1372 2908 1636 2967 praesente
1672 2898 1914 2967 sibiipsis
1948 2899 2062 2954 dis-

483 3002 701 3064 ponunt
741 3000 796 3045 et
835 2990 1157 3060 dispensant
1197 3003 1297 3058 pro
1344 2989 1576 3043 arbitrio
1623 2989 1854 3043 fortuna:
1889 2989 2063 3043 felici-

2159 1899 2521 1968 κατασκευὴν,
2545 1898 2612 1951 τὰ
2645 1898 2840 1967 ἐφεξῆς
2875 1896 3238 1967 διεξέρχεται·
3272 1896 3351 1967 τῷ
3381 1897 3732 1966 άνυποστάτῳ

2158 1991 2405 2063 λήμματι
2438 1992 2535 2060 τὴν
2569 1989 2673 2042 τῶν
2719 1988 2995 2059 λογισμῶν
3043 1987 3392 2041 ἀκολούθειαν
3445 1987 3727 2057 ἁρμόζων·

2158 2079 2266 2137 οἷόν
2294 2101 2345 2135 τι
2375 2082 2670 2151 πάσχουσιν
2697 2082 2745 2133 οἱ
2772 2083 2892 2142 ταῖς
2937 2078 3193 2149 ματαίαις
3223 2078 3543 2148 ἐπιθυμίαις
3589 2080 3730 2132 κατά

2157 2174 2332 2245 ψυχὴν
2373 2169 2843 2242 ἐμϐαθύνοντες,ἣ
2879 2170 3011 2240 πρὸς
3049 2169 3322 2239 βασιλείαν
3351 2169 3385 2239 ἢ
3426 2169 3560 2239 πρὸς
3606 2169 3732 2222 ἄλλο

2159 2284 2209 2318 τι
2227 2265 2330 2318 τῶν
2357 2261 2804 2332 σπουδαζομένων
2837 2263 2956 2322 ταῖς
2981 2261 3210 2324 ἐννοίαις
3233 2259 3590 2330 διαχεόμενοι.
3621 2261 3732 2331 Οὐχ

2159 2359 2306 2418 ὅπως
2324 2355 2389 2408 ἂν
2407 2353 2611 2422 γένοιτό
2628 2369 2680 2404 τι
2697 2355 2806 2404 τῶν
2839 2350 3284 2422 σπουδαζομένων
3302 2353 3482 2414 αὐτοῖς
3497 2352 3732 2406 ἐπινοοῦ-

2161 2466 2245 2501 σιν
2266 2464 2279 2478 ·
2302 2445 2414 2500 ἀλλ’
2449 2446 2524 2508 ὡς
2550 2443 2738 2497 τούτου
2769 2444 3034 2514 παρόντος
3051 2441 3375 2495 διατιθέασιν
3397 2442 3608 2505 ἑαυτοῖς
3637 2442 3734 2497 καὶ

2159 2536 2496 2608 οἶκονομοῦσι
2548 2536 2683 2607 πρὸς
2730 2534 2789 2587 τὸ
2817 2533 3006 2587 δοκοῦν
3035 2533 3094 2586 τὸ
3133 2532 3434 2603 εὐτύχημα,
3472 2533 3559 2586 διά
3589 2551 3734 2596 τινος

2119 2629 2353 2702 ’ήδονῆς
2415 2629 2524 2689 τοῖς
2591 2627 2959 2694 ἀνυπάρκτοις
3019 2625 3487 2694 ἐπιπλανὼμενοι.
3546 2625 3733 2689 Οὕτως

2158 2723 2290 2791 ἡμῖν
2349 2718 2443 2772 καὶ
2489 2719 2517 2770 ὁ
2569 2716 2729 2784 σοφὸς
2780 2715 3112 2785 λογογράφος
3155 2716 3252 2786 τὴν
3301 2715 3732 2785 πολυθρύλλητον

2161 2813 2354 2866 ἐαυτοῦ
2404 2814 2746 2884 διαλεκτικὴν
2797 2813 2895 2864 οὐκ
2947 2807 3062 2865 οῖδα
3118 2812 3250 2864 ὅπου
3300 2813 3731 2880 κατακοιμήσας,

2163 2907 2291 2976 πρὶν
2340 2905 2596 2978 ἀποδείξῃ
2633 2907 2758 2976 περὶ
2805 2903 2898 2956 τοῦ
2933 2901 3291 2974 ζητουμένου,
3344 2901 3595 2972 καθάπερ
3623 2902 3733 2953 τισὶ

2161 2997 2393 3060 παιδίοις
2422 2994 2884 3066 διαμυθολογεῖται
2917 2995 3014 3065 τὴν
3065 2992 3345 3063 ἀπατηλήν
3383 2993 3585 3063 ταύτην
3635 2991 3729 3045 καὶ

485 3093 650 3138 tatem
683 3083 999 3151 :voluplate
1028 3079 1259 3150 quadam
1294 3082 1346 3134 in
1394 3080 1529 3135 falsa
1570 3096 1758 3136 rerum
1786 3081 1972 3149 specie
2009 3087 2061 3136 et

2164 3089 2536 3143 ἀκατάσκευον
2573 3085 2668 3139 τοῦ
2718 3085 2839 3140 καθ’
2891 3085 3080 3139 ἐαυτὸν
3127 3085 3394 3155 δόγματος
3442 3082 3731 3152 φλυαρίαν,

484 3174 722 3244 imagine
765 3173 1013 3227 ludentes
1061 3171 1244 3225 animo
1274 3179 1562 3242 vagantur.
1615 3171 1708 3226 Sic
1755 3172 1915 3226 nobis
1969 3186 2058 3226 sa-

484 3265 642 3335 piens
696 3263 800 3318 iste
843 3263 1099 3333 scriptor,
1155 3252 1342 3316 tritam
1401 3262 1634 3315 multum
1682 3273 1757 3316 et‘
1782 3263 2063 3332 vulgatam

485 3370 641 3410 suam
686 3353 1028 3410 dialecticam
1069 3353 1258 3407 nescio
1305 3351 1399 3404 ubi
1449 3352 1694 3420 sopiens,
1742 3353 2058 3421 priusquam

487 3446 538 3500 id
571 3445 639 3498 de
680 3459 788 3513 quo
813 3443 1078 3514 quaeritur
1117 3441 1596 3507 demonstraverit,
1639 3449 1897 3511 tanquam
1935 3457 2062 3511 par-

485 3536 631 3591 vulis
666 3535 992 3604 quibusdam
1019 3533 1206 3600 pueris
1246 3532 1549 3599 captiosam
1597 3531 1740 3586 hanc
1771 3539 1825 3587 et
1870 3533 2062 3587 incon—

487 3627 658 3680 ditam
710 3624 796 3678 sui
846 3622 1117 3692 dogmatis
1164 3617 1478 3676 [utilitatem
1527 3623 1641 3678 sive
1692 3623 2059 3694 importunam

487 3714 876 3784 loquacitatem
927 3709 1328 3767 confabtilando
1370 3713 1635 3777 obtrudit,
1677 3715 1826 3768 velut
1871 3729 2062 3768 narra-

489 3808 695 3858 tionem
722 3803 1011 3874 quamdam
1035 3803 1370 3873 petulantem
1393 3814 1444 3858 et
1469 3804 1731 3858 lascivam
1760 3820 2058 3875 exponens.

490 3895 633 3950 Dicit
660 3895 804 3949 enim
846 3893 1025 3949 Patris
1060 3903 1186 3949 actu
1234 3895 1628 3952 subsistentem
1651 3897 1944 3952 essentiam
1973 3911 2061 3951 re-

490 3990 674 4056 cipere
719 3985 1059 4056 gennematis
1093 3985 1403 4056 (genituras)
1447 3992 1502 4040 et
1554 3984 1779 4040 facturas
1821 3995 1875 4041 et
1912 4001 2066 4040 crea-

490 4087 631 4132 turae
679 4075 1122 4148 appellationem.
1172 4073 1431 4140 Quaenam
1483 4077 1623 4130 ratio
1673 4073 2064 4130 demonstravit

489 4170 638 4224 velut
668 4168 847 4222 fabrili
879 4168 1117 4237 quadam
1155 4167 1473 4238 Operatione
1498 4165 1694 4221 Filium
1720 4167 2018 4223 subsistere
2047 4186 2060 4222 :

489 4259 672 4314 Patris
703 4273 834 4313 vero
869 4265 1123 4312 naturam
1155 4254 1495 4310 inefﬁcacem
1526 4255 1672 4310 velut
1717 4253 1784 4309 ad
1815 4254 1938 4311 Filii
1968 4256 2068 4328 by-

490 4349 754 4418 postasim
799 4345 1064 4402 manere?
1099 4346 1204 4400 hoc
1243 4345 1390 4401 enim
1435 4353 1554 4401 erat
1592 4345 1658 4400 de
1684 4361 1794 4416 quo
1822 4345 2065 4417 ambige-

2163 3173 2272 3251 οἷον
2317 3178 2561 3246 διήγημά
2604 3193 2656 3230 τι
2703 3177 2980 3247 παροίνιον
3025 3173 3387 3244 ἐκτιθέμενος.
3425 3173 3587 3241 Λέγει
3625 3172 3736 3242 γάρ

2157 3267 2256 3338 τὴν
2301 3267 2550 3338 ἐνεργείᾳ
2595 3265 2689 3318 τοῦ
2724 3263 2936 3336 Πατρδς
2980 3265 3292 3318 ὑποστᾶσαν
3324 3262 3509 3316 οὐσίαν
3586 3261 3737 3332 δέχε-

2162 3358 2285 3411 σθαι
2311 3357 2407 3428 τὴν
2435 3357 2528 3410 τοῦ
2566 3358 2898 3428 γεννήματος
2923 3357 3016 3410 καὶ⁵
3048 3356 3347 3426 ποιήματος
3371 3354 3465 3408 καὶ
3501 3353 3734 3424 κτίσμα-

2158 3465 2249 3512 τος
2311 3447 2700 3519 προσηγορίαν.
2777 3446 2871 3510 Τίς
2934 3445 3185 3512 ἀπέδειξε
3255 3444 3414 3513 λόγος
3485 3443 3735 3515 ἐνεργείᾳ

2158 3539 2266 3591 τινὶ
2309 3527 2783 3608 κατασκευαστικῇ
2843 3535 2933 3589 τὸν
2988 3535 3116 3589 Υίὸν
3175 3534 3499 3603 ὑποστῆναι,
3537 3532 3633 3602 τὴν
3678 3531 3737 3585 δὲ

2161 3629 2321 3699 φύσιν
2371 3630 2464 3683 τοῦ
2499 3629 2709 3701 Πατρὸς
2754 3628 3110 3699 ἀνενέργητον
3166 3626 3240 3690 ὡς
3288 3625 3422 3696 πρὸς
3468 3623 3565 3693 τὴν
3603 3623 3738 3676 ὑπό-

2163 3736 2349 3772 στασιν
2401 3716 2496 3770 τοῦ
2547 3718 2674 3771 Υίοῦ
2731 3719 2949 3788 μεῖναι;
3001 3716 3072 3768 Τὸ
3117 3715 3224 3786 γάρ
3266 3713 3736 3786 ἀμφιϐαλλόμενόν

2160 3828 2219 3864 τε
2254 3810 2346 3864 καὶ
2376 3808 2727 3882 ζητούμενον,
2757 3807 2913 3861 τοῦτο
2941 3803 3008 3876 ἧν
3032 3824 3046 3838 ο
3095 3806 3202 3859 εἴτε
3233 3807 3266 3877 ἡ
3307 3806 3464 3860 οὐσία
3494 3803 3587 3858 τοῦ
3627 3805 3738 3857 Πα-

2161 3902 2285 3974 τρὸς
2316 3901 2573 3971 ἐγέννησε
2600 3901 2691 3953 τὸν
2737 3899 2886 3964 Υίὸν,
2916 3897 3024 3952 εἴτε
3063 3916 3114 3951 τι
3138 3897 3246 3951 τῶν
3273 3896 3469 3964 ἔξωθεν
3494 3911 3740 3968 παρεπο-

2166 3994 2362 4065 μένων,
2393 3996 2460 4064 τῇ
2497 3992 2654 4062 φύσει
2686 3990 2871 4044 τοῦτον
2905 3990 3216 4059 εἰργάσατο.
3254 3988 3364 4058 Τῆς
3392 3986 3570 4041 τοίνυν
3609 3984 3737 4037 Ἐκ-

2164 4084 2390 4155 κλησίας
2443 4083 2583 4137 κατά
2627 4083 2726 4154 τὴν
2757 4070 2929 4135 ’θείαν
2973 4079 3318 4134 διδασκαλίαν
3352 4076 3566 4147 ἀληθῶς
3607 4075 3739 4128 Θεὸν

2163 4173 2302 4229 εἶναι
2349 4174 2439 4226 τὸν
2493 4173 2772 4242 Μονογενῆ
2818 4169 3200 4239 πιστευούσης,
3231 4169 3330 4240 τὴν
3377 4167 3434 4220 δέ
3482 4165 3742 4218 πολύθεον

2163 4262 2580 4332 δεισιδαιμονίαν
2631 4261 3092 4333 βδελυσσομένης,
3150 4259 3244 4312 καὶ
3300 4256 3389 4311 διὰ
3439 4254 3596 4309 τοῦτο
3642 4254 3741 4324 τὴν

2165 4353 2273 4407 τῶν
2305 4351 2520 4422 φύσεων
2563 4352 2823 4424 διαφορὰν
2851 4353 2912 4406 οὐ
2956 4349 3415 4423 προσδεχομένης,
3444 4347 3519 4410 ὡς
3553 4346 3620 4400 ἂν
3667 4344 3739 4416 μὴ

492 4441 694 4507 batur,
741 4449 795 4494 et
840 4437 988 4512 quod
1039 4437 1424 4508 quaerebatur,
1481 4446 1662 4491 utrum
1712 4437 2061 4492 subsistentia

2167 4447 2232 4516 τῇ
2265 4442 2586 4516 παραλλαγῇ
2617 4443 2724 4498 τῶν
2756 4443 2954 4497 οὐσιῶν
2985 4443 3088 4496 ὑπὸ
3121 4440 3352 4511 ἀριθμὸν
3381 4440 3438 4493 αἱ
3467 4437 3742 4507 θειότητες

492 4527 671 4585 Patris
728 4526 928 4582 Filium
989 4528 1215 4598 genuit,
1275 4535 1460 4581 utrum
1518 4527 1649 4597 quid
1702 4542 1890 4582 eorum
1945 4543 2066 4598 quae

492 4621 840 4676 extrinsecus
871 4619 1207 4674 comitantur
1236 4632 1511 4683 naturam,
1555 4619 1703 4674 hunc
1736 4618 1884 4675 fecit.
1916 4620 2067 4686 Quo-

495 4715 643 4765 niam
687 4712 856 4782 igitur
880 4703 1132 4767 Ecclesia
1177 4711 1363 4765 divina
1392 4710 1641 4766 doctrina
1685 4712 1898 4766 erudita
1933 4711 2067 4766 Uni-

497 4801 740 4870 gcnitum
781 4802 958 4856 credit
982 4817 1110 4857 vere
1139 4815 1263 4858 esse
1309 4800 1498 4868 Deum,
1538 4809 1593 4855 et
1630 4800 1856 4857 deorum
1884 4803 2070 4857 multi-

499 4891 744 4947 tudinem
775 4893 1148 4958 abominatur,
1182 4901 1236 4949 et
1273 4901 1560 4964 propterea
1593 4905 1913 4949 naturarum
1953 4895 2069 4950 dis-

497 4984 709 5038 crimen
770 5000 880 5039 non
915 4987 1190 5052 admittit,
1239 5002 1307 5041 ne
1349 4985 1720 5041 essentiarum
1765 4986 2072 5042 diﬂerentia

497 5078 555 5131 in
598 5093 889 5132 numerum
942 5079 1257 5134 divinitatcs
1308 5078 1580 5144 incidant,
1648 5079 1788 5146 quod
1851 5079 2070 5148 quidem

496 5186 608 5226 non
637 5179 721 5225 est
750 5169 897 5223 aliud
929 5183 1092 5238 quam
1123 5168 1348 5224 deorum
1381 5171 1593 5223 turbam
1631 5169 1687 5223 in
1713 5171 1878 5224 vitam
1911 5171 2074 5225 indu-

496 5264 795 5318 ceromate
819 5261 985 5333 igitur
1022 5259 1271 5315 Ecclesia
1324 5276 1447 5314 cum
1487 5262 1825 5331 populariter
1859 5263 2069 5329 doceat,

496 5356 645 5424 quod
667 5370 732 5409 ex
779 5353 1017 5409 essentia
1075 5352 1187 5406 veri
1237 5351 1354 5417 Dei,
1392 5367 1558 5407 verus
1595 5351 1736 5408 Deus
1768 5355 2071 5409 secundum

497 5446 790 5499 essentiam
837 5443 1172 5514 Uuigenitus
1233 5453 1317 5497 est
1363 5441 1534 5508 Deus,
1576 5458 1697 5499 eum
1745 5452 1925 5499 autem
1981 5445 2073 5516 qui

501 5534 588 5588 his
646 5536 928 5592 concessis
992 5544 1047 5590 et
1108 5535 1343 5605 cognitis
1398 5535 1635 5590 decretis
1694 5546 1962 5607 repugnat
2021 5544 2072 5592 et

501 5625 850 5690 contradicit,
886 5627 1164 5696 quomodo
1191 5627 1546 5695 anticipatam
1576 5626 1886 5696 opinionem
1918 5643 2073 5684 ever-

505 5723 621 5769 tere
649 5718 974 5785 oportebat?
998 5717 1188 5776 Nonne
1209 5718 1400 5776 debuit
1427 5719 1734 5790 oppOsitum
1766 5734 2074 5776 sermonem

2167 4536 2438 4602 πίπτοιεν,
2492 4536 2665 4606 ”’ὅπερ
2713 4535 2863 4589 οὐδέν
2906 4535 3052 4589 ἐστιν
3102 4532 3310 4604 ἕτερον,
3360 4529 3396 4602 ἢ
3434 4529 3533 4600 τὴν
3583 4527 3742 4581 πολυ-

2169 4628 2319 4681 θεῖαν
2349 4627 2511 4680 πάλιν
2557 4627 2870 4696 ἐπεισάγειν
2912 4625 2991 4695 τῷ
3031 4622 3154 4694 βίῳ·
3211 4620 3384 4675 ταῦτα
3435 4619 3613 4672 τοίνυν
3646 4617 3741 4686 τῆς

2182 4715 2504 4786 Ἐκκλησίας
2555 4714 2834 4779 ἰδιωτικῶς
2880 4713 3257 4785 διδασκούσης,
3309 4712 3390 4765 ὅτι
3420 4712 3485 4764 ἐκ
3527 4708 3630 4778 τῆς
3656 4708 3742 4760 οὐ-

2171 4804 2292 4868 σίας
2322 4803 2414 4857 τοῦ
2452 4802 2706 4874 ἀληθινοῦ
2756 4802 2913 4868 Θεοῦ,
2962 4801 3214 4873 ἀληθινὸς
3245 4799 3375 4862 Θεὸς
3410 4815 3513 4852 κατ
3558 4796 3742 4852 οὐσία·

2171 4900 2200 4950 ό
2220 4896 2530 4966 Μονογενής
2562 4897 2676 4948 ἐστι
2706 4893 2858 4958 Θεός·
2899 4891 2990 4948 τὸν
3026 4891 3400 4946 ἀντιϐαίνοντα
3431 4891 3544 4952 τοῖς
3578 4889 3742 4957 ἐγνω-

2174 4988 2413 5058 σμένοις,
2455 4987 2571 5050 πῶς
2618 4986 2942 5057 ἀνατρέπειν
2996 4984 3101 5038 ἔδει
3153 4983 3251 5054 τὴν
3302 4979 3742 5052 προειλημμένην

2173 5078 2472 5149 ὑπόληψιν;
2508 5078 2640 5147 Οὐχὶ
2669 5077 2728 5130 τὸ
2762 5075 3188 5140 κατασκευάζειν
3236 5074 3326 5126 τὸν
3373 5071 3741 5140 ἀντικείμενον

2172 5168 2325 5238 λόγον
2381 5168 2470 5222 διά
2518 5184 2662 5230 τινος
2711 5165 3146 5236 ὁμολογουμένης
3197 5163 3368 5234 ἀρχῆς
3430 5159 3743 5214 συναποδει-

2173 5263 2400 5318 κνύοντα
2425 5262 2484 5314 τὸ
2513 5260 2840 5330 ἀμφίϐολον;
2875 5259 2988 5311 Οὐκ
3037 5257 3101 5312 ἂν
3143 5255 3294 5328 οἶμαί
3323 5271 3443 5308 τινα
3470 5253 3579 5307 τῶν
3623 5251 3743 5306 νοῦν

2173 5354 2402 5424 ἐχόντων
2428 5352 2613 5423 ἕτερόν
2648 5369 2698 5403 τι
2733 5349 2880 5420 παρὰ
2923 5349 3096 5402 ταῦτα
3125 5348 3376 5419 ζητῆσαι.
3428 5345 3567 5399 Ἀλλ’
3593 5336 3744 5404 οὗτος

2175 5443 2280 5497 ἀπὸ
2322 5443 2430 5495 τῶν
2473 5440 2996 5512 ἀμφισϐητουμένων
3035 5441 3280 5512 ἄρχεται,
3313 5438 3407 5492 καὶ
3447 5437 3523 5499 ὡς
3557 5434 3745 5489 ἀποδε-

2174 5534 2493 5604 δειγμένων,
2543 5533 2714 5604 ἀρχὴν
2766 5533 2842 5603 τῷ
2888 5533 3088 5602 ἐφεξῆς
3137 5531 3314 5584 δίδωσι
3362 5529 3524 5597 λόγῳ.
3590 5528 3746 5580 Ἀπο-

2175 5626 2472 5697 δειχθέντος
2504 5625 2612 5697 γὰρ
2647 5625 2905 5696 πρότερον
2946 5627 3027 5679 ὅτι
3072 5624 3160 5679 διά
3209 5640 3351 5686 τινος
3397 5618 3677 5690 ἐνεργείας
3716 5617 3745 5669 6

2179 5718 2306 5782 Υἱὸς
2337 5716 2544 5789 ὑπέστη
2564 5733 2577 5748 ·
2610 5717 2693 5782 τίς
2722 5715 2787 5772 ἂν
2814 5711 2881 5789 ἦν
2913 5716 3059 5788 μάχη
3093 5715 3227 5789 πρὸς
3261 5715 3322 5768 τὸ
3364 5713 3649 5786 ἑπόμενον,
3687 5707 3744 5760 τὸ
