4054 6150
398 285 506 343 653

1497 290 1777 348 CONTRA
1818 292 2207 361 EUNOMIUM,
2242 296 2368 351 LIB.
2413 296 2501 351 IV.

3539 300 3639 355 655

308 479 315 485 _
378 390 478 460 νείς
510 395 706 464 ἑαυτὴν
735 393 980 464 δέχεσθαι
1008 395 1104 467 τὴν
1133 396 1226 451 τοῦ
1272 398 1571 470 ποιήματος
1600 404 1968 475 προσηγορίαν

2083 413 2402 463 construere
2427 417 2482 464 et
2504 406 2777 463 conficere
2811 421 2874 463 ex
2912 408 3099 478 aliquo
3130 420 3255 462 vero
3287 415 3342 460 et
3379 420 3645 465 concesso

398 485 596 554 λέγειν,
648 485 748 556 τὴν
780 485 846 540 δι’
876 486 1155 559 ἐνεργείας
1201 490 1344 554 τινὸς
1395 492 1704 548 ὑποστᾶσαν
1745 495 1965 559 ούσίαν;

399 574 543 637 Ἕως
575 575 620 628 δ’
665 570 733 629 ἂν
777 576 1145 632 ἀκατάσκευον
1273 580 1333 633 τὸ
1376 584 1805 654 προηγούμενον,
1856 585 1971 648 πῶς

401 667 553 736 ἰσχὺν
579 666 690 736 ἔχει
720 667 780 720 τὸ
812 668 1166 739 ἐφεπόμενον,
1202 673 1514 728 εἰπάτωσαν
1558 676 1607 727 οἱ
1635 676 1735 745 τῆς
1759 675 1972 745 ἀπάτης

399 761 708 830 συνήγοροι.
763 762 874 814 Καὶ
924 761 1032 832 γὰρ
1078 764 1131 816 εί
1177 780 1261 829 τις
1309 765 1509 836 πτηνὸν
1553 766 1803 835 γενέσθαι
1851 766 1974 821 καθ’

398 850 653 903 ὑπόθεσιν
684 851 801 922 δοίη
843 852 935 907 τὸν
963 854 1271 927 ἄνθρωπον,
1322 858 1452 928 περὶ
1484 857 1593 911 τῶν
1627 858 1821 929 ἑφεξῆς
1848 858 1976 912 οὑκ-

397 941 478 994 έτι
501 941 805 1013 δοθήσεται.
837 944 948 997 Καὶ
982 947 1246 1017 πτήσεται
1283 947 1391 1018 γάρ
1435 965 1552 1012 πως
1591 950 1619 1002 6
1651 948 1852 1019 πτηνὸς
1883 966 1975 1018 γε·

397 1035 641 1105 νόμενος,
692 1036 787 1090 καὶ
833 1037 945 1091 ἄνω
981 1038 1080 1109 τῆς
1108 1039 1210 1109 γῆς
1233 1039 1423 1094 ἑαυτὸν
1469 1039 1655 1105 ἀνάξει
1686 1040 1975 1111 μετάρσιος

397 1128 492 1180 ὲπὶ
520 1128 807 1199 πτερύγων
839 1129 906 1181 δι’
934 1130 1096 1202 ἀέρος
1141 1130 1467 1202 φερόμενος·
1529 1131 1665 1186 ἀλλά
1714 1132 1977 1186 σκεπτέον

401 1218 519 1282 πῶς
546 1218 612 1272 ἂν
648 1219 854 1287 γένοιτο
879 1220 1117 1290 πτηνὸς,
1166 1223 1195 1274 ὁ
1238 1222 1336 1292 τὴν
1364 1221 1525 1290 φύσιν
1568 1223 1629 1275 ού
1662 1221 1841 1292 λαχὼν
1890 1224 1976 1277 ὲν-

398 1310 601 1383 αέριον.
640 1311 839 1365 Τούτου
866 1312 922 1365 δὲ
957 1311 1032 1383 μὴ
1064 1312 1232 1378 ὄντος,
1283 1314 1510 1385 μάταιον
1546 1314 1607 1368 τὸ
1641 1314 1781 1385 μετά
1814 1312 1971 1366 τοῦτο

397 1402 667 1468 διεξιέναι.

2078 499 2348 570 principio
2378 499 2842 555 demonstratione
2887 497 3028 554 facta
3074 497 3195 567 ejus
3238 496 3387 567 quod
3421 498 3644 553 dubium

2074 599 2130 647 et
2177 599 2598 648 controversum
2636 591 2787 646 erat?
2827 591 3108 646 Neminem
3163 590 3401 644 arbitror
3452 605 3643 645 eorum

2075 683 2171 753 qui
2223 684 2422 739 mentis
2455 695 2584 739 sunt
2615 691 2897 753 compotes
2941 682 3087 737 aliud
3119 682 3416 752 quidquam
3453 690 3649 750 prazter

2081 776 2195 829 haec
2239 788 2503 844 quaerere.
2545 772 2651 827 Sed
2681 772 2785 828 iste
2816 773 2885 827 ab
2930 772 3155 828 incertris
3192 778 3247 827 et
3278 771 3461 826 dubiis
3487 786 3649 827 exor-

2077 864 2249 927 ditur,
2283 874 2338 920 et
2368 874 2626 933 tanquam
2674 862 3066 918 demonstratis
3113 863 3367 933 sequenti
3403 864 3648 918 sermoni

2076 954 2171 1007 dat
2212 952 2563 1023 principium.
2597 951 2655 1005 Si
2701 953 2846 1007 enim
2896 953 3001 1007 hoc
3027 953 3181 1023 prius
3224 961 3372 1013 esset
3422 952 3648 1009 demon-

2078 1049 2331 1107 stratum,
2375 1049 2502 1095 actu
2550 1040 2789 1109 quodam
2823 1046 2879 1096 et
2908 1043 3229 1111 operatione
3258 1050 3527 1098 extranea
3556 1041 3649 1096 Fi-

2077 1134 2208 1188 lium
2243 1132 2571 1198 subsistere,
2597 1147 2721 1202 qua:
2742 1136 3119 1193 controversia
3146 1142 3297 1191 esset
3329 1134 3397 1189 ad
3419 1135 3472 1190 id
3503 1134 3646 1205 quod

2078 1226 2347 1295 sequitur,
2368 1239 2564 1294 nempe
2592 1223 2777 1281 dicere
2806 1226 3101 1281 essentiam
3141 1234 3271 1281 actu
3305 1228 3492 1297 aliquo
3520 1229 3649 1282 sub-

2078 1318 2360 1374 sistentem
2410 1315 2468 1371 in
2514 1314 2750 1386 seipsam
2802 1315 3090 1372 admittere
3132 1316 3359 1373 facturae
3403 1318 3649 1388 appella-

2077 1401 2320 1459 tionem?
2350 1401 2614 1467 Quandiu
2653 1402 2758 1458 hoc
2801 1403 3135 1461 antecedens
3186 1405 3321 1461 rude
3368 1421 3470 1460 nec
3512 1420 3647 1475 prat-

400 1502 671 1555 structum
718 1491 907 1557 fuerit,
956 1494 1233 1565 quomodo
1281 1496 1453 1554 robur
1504 1499 1727 1557 habebit
1773 1495 2165 1568 consequens?
2236 1492 2426 1548 dicant
2490 1492 2656 1563 hujus
2690 1496 2897 1550 erroris
2968 1495 3083 1551 sive
3131 1494 3342 1553 fraudis
3410 1496 3645 1568 patroni.

402 1591 537 1647 Nam
582 1591 785 1662 siquis
833 1589 984 1647 verbi
1025 1590 1202 1660 gratia
1284 1605 1353 1647 ex
1398 1593 1688 1663 bypothesi
1736 1592 2012 1650 hominem
2062 1588 2289 1643 .alatum
2336 1584 2687 1650 concederet,
2736 1585 2807 1642 de
2854 1587 3214 1656 sequentibus
3258 1603 3368 1644 non
3415 1589 3650 1660 amplius

399 1688 766 1745 dubitaretur.
812 1682 947 1737 Nam
978 1681 1157 1738 alatus
1190 1680 1370 1739 factus
1400 1684 1607 1740 volabit
1635 1697 1967 1754 sursumque
2005 1693 2169 1748 supra
2209 1684 2414 1731 terram
2467 1691 2592 1733 sese
2658 1677 2874 1732 attollet
2942 1679 3122 1749 passis
3169 1678 3272 1736 alis
3321 1695 3645 1751 suspensus,

398 1792 453 1835 et
481 1780 733 1835 sublimis
772 1793 868 1849 per
898 1792 1079 1834 aerem
1116 1777 1339 1833 feretur.
1384 1775 1492 1832 Sed
1522 1778 1798 1847 quomodo
1837 1788 1962 1833 esse
1999 1778 2168 1842 queat
2199 1768 2403 1832 alatus,
2431 1766 2920 1833 considerandum,
2989 1770 3085 1840 qui
3120 1778 3374 1825 naturam
3443 1773 3647 1828 aeriam

404 1888 511 1927 non
553 1878 637 1925 est
683 1869 933 1925 sortitus.
980 1868 1136 1933 Quod
1180 1882 1303 1923 cum
1341 1882 1450 1922 non
1501 1869 1576 1922 ita
1616 1868 1719 1933 sit,
1767 1880 1967 1923 vanum
2007 1871 2090 1918 est
2114 1859 2260 1930 quod
2287 1867 2475 1929 postea
2508 1859 2761 1929 sequitur
2790 1874 3085 1929 exponere.
3155 1897 3162 1903 .

471 1964 737 2025 Κάκεῖνος
766 1960 944 2014 τοίνυν
973 1959 1131 2013 τοῦτο
1164 1958 1377 2030 πρῶτον
1406 1958 1744 2022 ἐπιδειξάτω,
1775 1957 1836 2011 τὸ
1871 1956 1971 2028 μά·

2146 1950 2241 2006 llle
2273 1950 2442 2021 igitur
2486 1949 2590 2005 hoe
2636 1950 2871 2019 primum
2908 1950 3161 2006 ostendat
3203 1949 3504 2007 Ecclesiam
3536 1953 3650 2009 fru-

400 2070 501 2124 την
530 2051 949 2105 πεπιστευκέναι
978 2050 1077 2121 τὴν
1128 2048 1453 2120 Ἐκκλησίαν
1484 2047 1696 2119 ἀληθῶς
1725 2043 1862 2101 εῖναι
1884 2046 1978 2100 τὸν

408 2143 670 2215 μονογενῆ
710 2143 857 2205 Υίὸν,
903 2142 966 2195 οὐ
1012 2141 1150 2194 κατά
1176 2140 1323 2194 θέσιν
1361 2138 1735 2209 είσποιηθέντα
1771 2137 1978 2207 ψευδωο

405 2234 560 2305 νύμῳ
594 2232 767 2304 Πατρί
794 2249 808 2263 ⁸
840 2231 977 2286 ἀλλά
1005 2230 1147 2285 κατά
1195 2230 1355 2300 φύσιν
1380 2230 1651 2300 γεννητῶς
1676 2230 1739 2282 ὲκ
1771 2227 1867 2283 τοῦ
1890 2228 1978 2282 δν-

404 2342 499 2388 τος
543 2323 693 2388 ὄντα,
746 2322 820 2392 μὴ
868 2319 1280 2390 ἀπεξενωμένον
1330 2320 1430 2389 τῆς
1484 2319 1576 2372 τοῦ
1622 2318 1977 2389 γεννήσαντος

406 2415 637 2485 φύσεως.
680 2414 867 2467 Ταῦτα
915 2412 1131 2484 πρῶτον
1175 2411 1251 2474 ὡς
1295 2410 1465 2480 ψευδῆ
1502 2408 1847 2479 διελεγξάτω,
1885 2408 1977 2462 καὶ

401 2508 520 2562 τότε
561 2506 690 2577 περὶ
739 2505 848 2558 τῶν
898 2503 1202 2557 ἀκολούθων
1250 2500 1462 2564 διεξιὼν
1515 2501 1740 2564 πιθανὸς
1802 2499 1972 2553 ἔσται.

405 2599 551 2660 Ἕως
599 2598 642 2651 δ’
689 2596 754 2650 ἂν
798 2596 859 2648 τὸ
908 2593 1122 2665 πρῶτον
1171 2592 1557 2645 ἀναπόδεικτον
1603 2588 1658 2664 ᾖ,
1712 2590 1976 2662 φλυαρίας

404 2690 550 2742 ἐστὶν
592 2687 981 2757 ὲμφιλοχωρεῖν
1016 2686 1127 2746 τοῖς
1156 2681 1447 2751 δευτέροις.
1497 2681 1605 2734 Καί
1656 2698 1744 2749 μοι
1790 2680 1977 2751 μηδεὶς

404 2776 759 2847 ὑποκρουέτω
801 2774 896 2827 καὶ
924 2773 984 2826 τὸ
1025 2774 1153 2843 παρ’
1186 2770 1343 2841 ἡμῶν
1370 2770 1846 2841 διομολογούμενον
1890 2768 1978 2822 διὰ

406 2866 748 2934 κατασκευῆς
778 2862 1123 2933 κυρωθῆναι·
1154 2861 1313 2931 ἀρκεῖ
1337 2860 1444 2930 γάρ
1475 2862 1554 2924 εἰς
1581 2858 1853 2923 ἀπόδειξιν
1884 2858 1976 2912 τοῦ

408 2956 677 3028 ἡμετέρου
727 2953 885 3021 λόγου
934 2953 994 3005 τὸ
1040 2951 1185 3021 ἔχειν
1248 2950 1517 3020 πατρόθεν
1562 2951 1799 3019 ἥκουσαν
1844 2949 1978 3021 πρὸς

404 3051 558 3120 ἡμᾶς
584 3047 681 3118 τὴν
706 3044 1019 3115 παράδοσιν,
1047 3038 1156 3096 οἷόν
1184 3058 1303 3095 τινα
1336 3042 1536 3112 κλῆρον
1563 3041 1629 3093 δι’
1663 3041 1979 3103 ἀκολουθίας

404 3144 472 3195 ὲκ
496 3139 607 3194 τῶν
656 3137 969 3193 ἀποστόλων
996 3135 1085 3188 διὰ
1124 3135 1232 3189 τῶν
1264 3133 1460 3204 ἐφεξῆς
1484 3133 1655 3201 ἁγίων
1685 3149 1979 3204 παραπεμ-

405 3231 648 3300 φθένταο
694 3228 742 3281 οἱ
788 3226 845 3279 δὲ
888 3225 1025 3296 πρὸς
1072 3225 1170 3294 τὴν
1229 3225 1519 3294 καινότητα
1560 3223 1763 3295 ταύτην
1816 3240 1980 3293 μετα-

403 3322 644 3384 τιθέντες
663 3320 730 3372 τά
746 3318 1013 3387 δόγματα,
1042 3314 1240 3384 πολλῆς
1263 3316 1328 3368 ἂν
1348 3314 1551 3368 δέοιντο
1564 3315 1664 3384 τῇς
1688 3315 1751 3367 ὲκ
1769 3313 1877 3368 τῶν
1900 3314 1979 3366 λο-

405 3412 622 3483 γισμῶν
654 3406 1051 3480 συμμαχίας,εί
1080 3404 1323 3475 μέλλοιεν
1353 3405 1426 3475 μὴ
1456 3405 1582 3468 τοὺς
1608 3402 1980 3475 κονιορτώδεις

408 3505 520 3559 τῶν
567 3501 867 3574 ἀνθρώπων
900 3498 994 3552 καὶ
1033 3497 1395 3568 εὑριπίστους,
1423 3496 1558 3550 ἀλλὰ
1600 3495 1694 3549 καὶ
1724 3496 1849 3560 τοὺς
1878 3498 1980 3566 έμ-

405 3594 613 3668 6ριθεῖς
635 3612 693 3647 τε
718 3593 811 3647 καὶ
835 3589 1131 3662 βεϐηκότας
1152 3591 1272 3652 ταῖς
1291 3587 1549 3650 διανοίαις
1578 3586 1976 3657 προσάγεσθαι·

406 3687 515 3750 ἕως
546 3686 589 3738 δ’
633 3684 700 3739 ἀν
745 3682 1119 3743 ἀκατάσκευος
1161 3680 1345 3741 αὐτοῖς
1378 3678 1472 3730 καὶ
1522 3676 1906 3738 ἀναπόδεικτος
1953 3676 1984 3727 6

407 3780 563 3849 λόγος
614 3773 927 3846 προφέροιτ’
956 3773 1042 3838 ἂν,
1081 3772 1169 3835 τίς
1191 3770 1363 3833 οὕτως
1396 3768 1597 3839 ἠλίθιος
1640 3768 1737 3821 καὶ
1775 3765 1982 3837 κτηνῶ-

404 3871 527 3941 δης,
556 3869 633 3932 ὼς
677 3867 784 3920 τῶν
816 3861 1216 3933 εὐαγγελιστῶν
1268 3877 1319 3913 τε
1368 3859 1463 3912 καὶ
1512 3857 1845 3920 ἀποστόλων,
1894 3856 1986 3909 καὶ

408 3959 520 4013 τῶν
573 3953 807 4025 καθεξῆς
856 3955 913 4008 ὲν
963 3955 1081 4015 ταῖς
1144 3949 1488 4019 Ἐκκλησίαις
1538 3945 1980 4017 διαλαμψάντων,

410 4048 805 4118 ἀσθενεστέραν
858 4044 955 4116 τὴν
1007 4041 1355 4098 διδασκαλίαν
1405 4038 1495 4093 διὰ
1553 4038 1648 4109 τῆς
1698 4036 1985 4092 ἀναποδεί-

413 4158 545 4196 κτου
588 4138 849 4210 φλυαρίας
874 4132 1200 4207 ποιήσασθαι
1221 4153 1237 4202 ;

487 4399 717 4468 Ἷδωμεν
738 4393 796 4447 δὲ
817 4392 916 4447 καὶ
933 4390 995 4444 τὸ
1020 4388 1419 4460 διαφορώτατον
1449 4388 1549 4457 τῆς
1580 4384 1857 4455 ἀγχινοίας
1894 4383 1987 4437 τοῦ

411 4485 773 4556 λογογράφου,
804 4481 951 4544 ὅπως
978 4482 1046 4550 τῇ
1076 4476 1362 4549 περιουσίᾳ
1389 4478 1487 4547 τῆς
1510 4475 1852 4546 διαλεκτικῆς
1884 4476 1977 4545 ὲμ·

413 4577 633 4647 πειρίας
666 4573 802 4644 πρὸς
822 4568 1128 4624 τούναντίον
1169 4567 1494 4638 εὐμηχάνως
1517 4566 1642 4629 τοὺς
1673 4564 1989 4636 ἀκεραιοτέ-

418 4684 544 4739 ρους
594 4663 902 4733 ἐφέλκεται.
938 4657 1277 4730 Προσέρῥιψε
1326 4658 1394 4727 τῇ
1425 4655 1519 4708 τοῦ
1551 4656 1853 4727 ποιήματος
1894 4655 1988 4709 καὶ

414 4758 711 4827 κτίσματος
727 4750 1067 4825 προσηγορίᾳ
1090 4749 1186 4801 καὶ
1201 4746 1298 4817 τὴν
1316 4744 1498 4815 φωνὴν
1521 4744 1617 4798 τοῦ
1634 4746 1989 4815 γεννήματος,

416 4849 607 4913 εἰπὼν,
648 4849 728 4909 είς
774 4843 971 4911 ἑαυτὴν
1006 4839 1254 4910 δέχεσθαι
1293 4838 1365 4890 τά
1405 4836 1642 4907 ὀνόματα
1690 4834 1862 4889 ταῦτα
1896 4835 1988 4887 τοῦ

416 4939 548 4994 Υἱοῦ
574 4938 676 5010 τὴν
704 4934 911 4991 οὐσίαν.
941 4932 1051 4987 Καὶ
1081 4930 1268 5001 ὥσπερ
1312 4931 1370 4985 έν
1402 4929 1707 4999 μεθυόντων
1732 4929 1993 4998 συνεδρίῳ

416 5027 744 5101 δημηγορῶν
764 5028 934 5080 οἴεται
961 5023 1149 5095 μηδενὶ
1169 5020 1475 5092 κατάφορον
1509 5020 1703 5075 ἑαυτοῦ
1738 5020 1838 5091 τὴν
1866 5020 1994 5090 περὶ

416 5123 478 5177 τὸ
509 5122 683 5190 δόγμα
721 5115 1053 5188 κακουργίαν
1086 5111 1428 5183 γενήσεσθαι.
1464 5110 1555 5180 Τῷ
1595 5110 1702 5182 γὰρ
1759 5110 1991 5180 συνάψαι

417 5215 477 5266 τὸ
500 5214 744 5282 γέννημα
773 5209 850 5279 τῷ
876 5204 1133 5277 κτίσματί
1164 5221 1224 5256 τε
1260 5205 1352 5256 καὶ
1382 5202 1456 5273 τῷ
1488 5204 1772 5272 ποιήματι,
1806 5202 1995 5255 ἐκκλέ-

420 5321 572 5356 πτειν
604 5304 815 5373 ἡγεῖται
837 5299 933 5370 τὴν
972 5296 1112 5350 κατά
1153 5294 1214 5348 τὸ
1242 5293 1635 5365 σημαινόμενον
1666 5293 1773 5345 τῶν
1796 5293 1992 5362 όνομά-

420 5412 527 5448 των
559 5390 840 5461 διαφορὰν,
865 5389 952 5441 διὰ.
970 5388 1077 5457 τῆς.
1114 5386 1222 5440 τῶν
1262 5386 1636 5451 ἀκοινωνήτων
1670 5384 1992 5465 συντάξεως.

425 5482 695 5538 Ταῦτατά
730 5480 869 5548 σοφά
914 5478 1011 5547 τῆς
1054 5478 1391 5546 διαλεκτικῆς
1442 5478 1806 5546 μηχανήματα
1831 5492 1844 5505 ο
1878 5474 1995 5527 ἀλλ’

426 5579 586 5648 ἡμεῖς
620 5577 670 5628 ot
706 5572 911 5626 ίδιῶται
944 5568 1207 5641 τῷλόγῳ,
1238 5568 1299 5620 τὸ
1349 5568 1446 5638 μὲν
1497 5565 1634 5621 εἶναι
1661 5567 1818 5621 τοῦτο
1857 5568 1998 5621 κατὰ

429 5671 526 5741 τὴν
557 5665 740 5739 φωνὴν
769 5662 865 5718 καὶ
893 5661 991 5732 τὴν
1014 5658 1282 5728 γλῶσσαν,
1299 5660 1434 5730 ὅπερ
1457 5662 1485 5713 6
1512 5659 1666 5730 λόγος
1691 5660 1816 5732 περὶ
1838 5660 1871 5730 ἡ
1881 5657 1997 5729 μῶν

2079 2047 2194 2095 stra
2245 2038 2546 2095 credidisse
2595 2054 2722 2095 vere
2773 2054 2897 2097 esse
2932 2041 3226 2111 unigenam
3268 2041 3491 2106 Filium,
3541 2059 3648 2098 non

2078 2126 2374 2197 adoptione
2402 2127 2636 2182 ascitum
2672 2126 2795 2183 falsi
2841 2127 3082 2183 nominis
3108 2126 3292 2195 Patri;
3325 2129 3421 2184 sed
3452 2145 3652 2185 secum--

2077 2218 2206 2273 dum
2243 2225 2499 2272 naturam
2536 2233 2634 2288 per
2660 2219 2805 2273 viam
2843 2219 3217 2290 generationis
3246 2234 3314 2275 ex
3346 2234 3411 2275 eo
3439 2221 3535 2291 qui
3567 2231 3651 2276 est

2076 2310 2469 2373 exsistentem;
2523 2324 2635 2365 non
2689 2317 2979 2365 externum
3049 2325 3229 2380 neque
3285 2311 3524 2365 alienum
3584 2314 3652 2366 ab

2077 2394 2199 2465 ejus
2229 2396 2322 2465 qui
2368 2394 2558 2466 genuit
2588 2402 2789 2450 natura
2817 2412 2831 2448 :
2858 2396 2973 2450 haec
3003 2397 3239 2466 primum
3278 2405 3338 2451 ut
3376 2396 3516 2453 falsa
3560 2414 3652 2451 οι·-

2077 2494 2225 2557 gnat,
2257 2492 2310 2541 et
2358 2493 2494 2541 tunc
2545 2485 2615 2541 de
2661 2487 3126 2556 consequentibus
3178 2487 3490 2558 disputator
3525 2504 3652 2559 per-

2077 2578 2364 2632 suasorius
2387 2575 2512 2630 erit.
2552 2573 2658 2631 Sed
2691 2574 2937 2644 quandiu
2975 2575 3210 2643 primum
3252 2577 3655 2633 indemonstra-

2078 2673 2193 2719 tum
2236 2665 2424 2728 fuerit,
2463 2666 2813 2736 nugatorium
2844 2673 2931 2721 est
2976 2666 3030 2719 in
3068 2667 3327 2723 secundis
3362 2667 3650 2725 inluererc.

2075 2757 2267 2813 Nullus
2313 2758 2446 2812 mihi
2499 2757 2789 2827 subcrepet
2852 2757 2997 2827 quod
3044 2757 3179 2811 illud
3220 2759 3385 2813 etiam
3430 2760 3578 2829 quod
3622 2775 3652 2815 a

2078 2846 2239 2902 nobis
2288 2860 2390 2916 pro
2435 2844 2689 2903 confesso
2740 2847 2993 2912 habetur,
3026 2848 3337 2905 rationibus
3383 2857 3438 2905 et
3485 2865 3655 2920 argn-

2078 2937 2278 2990 mentis
2337 2936 2578 3007 indigeat
2636 2937 2955 2991 contirmari
3020 2946 3075 2994 et
3134 2938 3396 3009 probari;
3455 2940 3656 2996 sumcit

2076 3027 2221 3082 enim
2265 3026 2333 3081 ad
2384 3028 2565 3082 nostri
2620 3029 2893 3084 sermonis
2937 3029 3459 3086 demonstrationem
3507 3032 3655 3102 quod

2078 3118 2376 3174 habeamus
2421 3133 2451 3172 a
2499 3118 2745 3189 patribus
2793 3119 3099 3176 venientem
3151 3122 3220 3176 ad
3254 3136 3356 3177 nos
3397 3123 3654 3178 traditio-

2078 3225 2223 3275 nem,
2262 3209 2409 3264 velut
2445 3208 2816 3264 haereditatem
2857 3211 3153 3279 quamdam
3202 3228 3299 3281 per
3337 3215 3654 3270 successio-

2081 3315 2207 3356 nem
2236 3315 2302 3355 ex
2332 3300 2596 3369 apostolis
2636 3315 2733 3370 per
2772 3310 2992 3356 sanctos
3022 3310 3316 3371 sequentes
3361 3306 3657 3359 transmis-

2082 3405 2222 3447 sam.
2257 3389 2362 3457 Qui
2410 3398 2593 3446 autem
2639 3390 2709 3445 ad
2753 3390 3052 3446 novitatem
3100 3392 3242 3446 bane
3281 3400 3655 3449 transmutant

2081 3483 2277 3553 dogma
2315 3482 2508 3538 multis
2554 3481 2864 3553 indigerent
2902 3483 3176 3537 rationum
3220 3486 3562 3556 argumentis
3602 3495 3657 3543 et

2082 3573 2317 3637 auxiliis,
2348 3573 2394 3628 si
2424 3588 2532 3628 non
2566 3572 2980 3643 pulverulentus
3005 3580 3060 3628 et
3098 3573 3303 3642 agitatu
3329 3574 3519 3632 faciles
3543 3577 3657 3634 sive

2083 3660 2274 3731 Euripi
2312 3676 2465 3716 more
2492 3662 2726 3717 mobiles
2758 3661 3031 3727 homines,
3060 3662 3157 3718 sed
3184 3663 3349 3717 etiam
3381 3679 3576 3735 graves
3604 3674 3659 3719 et

2084 3760 2403 3809 constantes
2452 3759 2508 3808 et
2554 3753 2818 3822 propositi
2869 3762 3093 3810 tenaces
3141 3761 3328 3811 essent
3373 3755 3443 3810 ad
3500 3770 3655 3811 suam

2086 3844 2413 3901 sententiam
2457 3843 2764 3899 adducturi.
2815 3842 3069 3910 Quandiu
3106 3854 3286 3901 autem
3345 3846 3500 3903 rudis
3559 3861 3659 3901 nec

2086 3934 2387 4007 probabilis
2447 3942 2502 3989 et
2550 3933 3023 3992 indemonstratus
3076 3951 3268 3993 eorum
3341 3953 3526 3994 sermo
3580 3939 3657 3992 ita

2085 4022 2417 4095 proferetur,
2476 4022 2660 4079 fatuus
2712 4031 2768 4080 et
2809 4024 3006 4080 brutus
3066 4024 3394 4092 habebitur,
3446 4032 3508 4080 ut
3560 4025 3657 4095 qui

2085 4114 2546 4184 evangelistarnm
2578 4122 2632 4170 et
2662 4117 3054 4186 apostolorum,
3087 4124 3142 4172 et
3173 4131 3364 4173 eorum
3388 4118 3483 4186 qui
3504 4117 3659 4172 dein-

2087 4220 2219 4276 ceps
2245 4205 2301 4259 in
2332 4203 2597 4260 Ecclesiis
2623 4204 2944 4271 illuxerunt,
2969 4206 3277 4261 doctrinam
3301 4206 3657 4262 infirmiorem

2090 4292 2571 4349 indemonstrabili
2604 4295 2926 4364 garrulitate
2963 4294 3149 4349 faciat.

2161 4381 2269 4439 Sed
2326 4382 2612 4452 scriptoris
2656 4384 2895 4439 solertia:
2949 4392 3004 4439 et
3055 4382 3260 4455 ingenii
3314 4384 3658 4453 praestantis-

2088 4470 2288 4525 simum
2347 4484 2577 4527 acumen
2628 4471 3047 4543 perspiciamus,
3109 4473 3387 4543 quomodo
3434 4474 3657 4544 quidem

2092 4562 2363 4619 affluentia
2384 4563 2732 4634 experientia
2747 4564 3045 4620 dialectica:
3062 4565 3118 4620 in
3137 4566 3473 4620 contrarium
3504 4564 3659 4621 facile

2090 4653 2446 4724 simpliciores
2492 4654 2739 4710 attrahit.
2773 4653 3023 4710 Factum
3044 4664 3098 4711 et
3126 4665 3392 4711 creatura:
3419 4657 3660 4727 appella-

2091 4749 2226 4805 tioni
2253 4763 2443 4805 vocem
2475 4747 2640 4803 etiam
2681 4748 3023 4815 gennematis
3098 4746 3179 4818 (id
3215 4755 3322 4815 est,
3356 4750 3657 4821 progeniei)

2092 4837 2294 4907 adjecit
2337 4850 2462 4891 cum
2515 4834 2674 4899 dixit,
2707 4833 2830 4890 Filii
2859 4837 3156 4892 essentiam
3190 4836 3243 4892 in
3278 4839 3515 4910 seipsam
3547 4840 3661 4895 lnec

2092 4930 2319 4985 nomina
2366 4928 2645 4999 recipere;
2702 4935 2758 4983 et
2799 4928 2948 4983 velut
2982 4927 3036 4983 in
3067 4928 3344 4984 ebriorum
3394 4944 3658 4988 consessu

2093 5019 2430 5077 coneionans
2470 5019 2676 5075 nemini
2702 5025 2858 5089 putat
2898 5034 3057 5074 suum
3088 5021 3141 5074 in
3177 5021 3427 5094 dogmate
3453 5021 3659 5076 malefi-

2092 5110 2237 5164 cium
2270 5108 2491 5179 planum
2519 5114 2576 5162 et
2600 5107 2946 5177 perspicuum
2977 5106 3115 5165 fore.
3147 5108 3285 5164 Nam
3317 5115 3582 5164 creatura:
3607 5113 3661 5159 et

2093 5199 2318 5256 factura:
2362 5198 2763 5270 compingendo
2805 5213 3069 5269 gennema
3100 5199 3451 5269 (genituram)
3482 5196 3660 5250 nomi-

2093 5309 2224 5347 num
2262 5289 2622 5355 differentiam
2666 5290 2970 5346 secundum
3011 5290 3377 5359 signiﬁcatum
3428 5285 3567 5343 clam
3607 5295 3663 5339 ct

2096 5384 2283 5438 furtim
2328 5398 2389 5438 se
2425 5383 2615 5437 tollere
2658 5381 2960 5443 existimat,
2990 5380 3105 5431 haec
3130 5375 3347 5429 nomina
3382 5388 3503 5443 quae
3534 5377 3660 5427 nul-

2095 5475 2201 5527 lam
2253 5472 2396 5527 inter
2442 5486 2502 5525 se
2544 5470 2749 5524 habent
2795 5465 3257 5527 communionem,
3297 5460 3461 5517 simul
3514 5477 3664 5517 com-

2093 5564 2366 5637 ponendo.
2388 5562 2513 5617 llaec
2536 5568 2665 5618 sunt
2690 5560 2852 5615 docta
2873 5552 3173 5609 dialectica:
3194 5551 3663 5618 machinamenta;

2102 5656 2199 5715 sed
2238 5672 2337 5715 nos
2381 5654 2547 5713 rudes
2589 5659 2643 5709 et
2697 5647 2928 5719 imperiti
2971 5658 3244 5711 sermone,
3298 5643 3402 5701 hoc
3448 5645 3665 5719 quidem
