4010 6156
342 303 453 361 655
1612 299 1669 354 S.
1711 297 2040 356 GREGORII
2077 296 2373 355 NYSSENI
3498 286 3604 344 656

336 434 469 477 esse
516 415 815 475 secundum
854 428 1040 470 vocem
1081 423 1136 470 et
1184 414 1448 486 linguam,
1503 416 1650 485 quod
1690 418 1909 487 quidem

2039 419 2313 481 ieixvucw,
2366 415 2463 469 οὐκ
2501 414 2827 486 ἀρνούμεθα.
2868 412 3014 467 Ὠτία
3063 412 3140 477 δὲ,
3175 409 3358 472 καθώς
3393 425 3555 480 φησιν
3578 410 3606 459 ὀ

346 514 417 566 de
464 509 621 564 nobis
668 508 1010 561 demonstrat
1062 505 1259 570 oratio,
1296 520 1407 560 non
1440 507 1768 563 inliciamur.
1799 509 1913 562 Au-

348 602 553 656 riculas
608 605 811 662 autem,
869 596 1013 651 sicut
1064 595 1140 649 ait
1173 594 1465 667 Propheta,
1503 597 1664 654 nobis
1705 606 1915 668 aptatas

2024 512 2337 581 Προφήτης,
2395 507 2755 578 κατηρτίσθαι
2802 508 2900 559 xor)
2943 507 3075 577 ἡμῖν
3122 503 3259 575 πρὸς
3310 500 3480 573 ἀκοὴν
3512 499 3605 553 εὖ·

2027 601 2264 666 σύνετον,
2318 597 2706 669 ὁμολογοῦμεν.
2749 597 2948 667 Διόπερ
3003 595 3154 649 οὐδὲν
3202 593 3291 647 διὰ
3334 593 3431 662 τῆς
3484 608 3609 643 συν-

344 707 468 747 esse
496 700 550 745 et
574 688 911 759 compositas
951 688 1017 741 ad
1067 688 1314 743 auditum
1349 690 1486 745 bene
1527 690 1915 761 intelligentem

2039 691 2219 759 ιφείας
2266 690 2374 742 τῶν
2409 689 2786 756 άκοινωνήτων
2827 685 3105 754 ὀνομάτων
3140 683 3220 745 είς
3253 681 3351 751 τὴν
3380 679 3490 732 τῶν
3510 696 3611 749 ση-

346 780 692 835 conﬁtemur.
722 775 1011 847 Pr0pterea
1034 791 1131 846 per
1151 791 1465 847 compagem
1489 778 1772 832 nominum
1798 793 1919 847 quae

346 871 552 926 nullam
602 870 743 923 inter
791 883 849 922 se
899 868 1103 923 habent
1141 869 1605 934 communionem,
1650 868 1717 923 ad
1752 869 1920 939 signi-

350 961 636 1015 ﬁcatorum
658 957 1038 1013 confusionem
1066 958 1385 1027 neutiquam
1418 959 1748 1014 inducimur.
1783 958 1918 1013 Nam

351 1052 457 1107 etsi
492 1066 724 1120 magnus
748 1051 1045 1121 Apostolus
1069 1049 1126 1103 in
1160 1050 1351 1105 eodem
1372 1050 1637 1106 orationis
1664 1057 1917 1106 contextu

353 1143 599 1198 nominet
638 1143 784 1213 ligna
815 1152 869 1197 et
893 1141 1078 1197 fenum
1112 1150 1165 1196 et
1198 1141 1477 1211 stipulam,
1531 1156 1835 1212 aurumque
1866 1149 1921 1197 et

351 1246 636 1307 argentum
682 1244 736 1291 et
784 1235 993 1304 lapides
1038 1234 1306 1303 pretiosos
1337 1233 1452 1300 ”‘;
1502 1242 1681 1289 tamen
1711 1242 1765 1289 et
1826 1250 1921 1289 nu-

354 1342 564 1382 merum
598 1341 790 1381 eorum
843 1340 964 1395 quae
1016 1325 1294 1380 recensuit
1328 1325 1641 1380 summatim
1694 1339 1923 1395 compu-

350 1423 559 1479 tamus,
587 1424 751 1485 atque
782 1416 945 1468 etiam
979 1422 1229 1469 naturam
1259 1429 1451 1469 eorum
1482 1430 1605 1485 qua:
1634 1416 1920 1470 nominata

357 1515 486 1561 sunt
516 1507 734 1577 proprie
776 1514 829 1562 et
872 1506 1223 1577 singulariter
1246 1514 1408 1576 prout
1437 1509 1636 1576 cuique
1667 1506 1922 1562 convenit

361 1612 469 1651 non
524 1597 927 1668 ignorabimus;
965 1597 1044 1652 sic
1093 1599 1257 1651 etiam
1288 1612 1435 1652 nunc
1463 1612 1725 1668 gennema
1754 1605 1808 1651 et
1844 1597 1923 1651 ia-

359 1700 514 1744 ctura
543 1706 666 1745 cum
700 1691 767 1745 de
800 1690 991 1745 eodem
1029 1692 1308 1745 nominata
1346 1692 1475 1758 sint,
1504 1706 1569 1745 ex
1602 1690 1827 1745 vocibus
1858 1687 1925 1743 ad

2029 782 2367 853 μαινομένων
2394 780 2653 850 σύγχυσιν
2685 775 3009 847 ὑπαγόμεθα
3036 792 3048 805 ο
3082 774 3216 827 ἀλλὰ
3241 772 3341 825 κᾶν
3374 772 3402 824 ὀ
3430 771 3610 841 μέγας

2040 872 2354 935 Ἀπόστολος
2371 870 2510 924 κατὰ
2543 869 2739 923 ταύτὸν
2791 867 3030 938 ὀνομάσῃ
3080 865 3214 932 ξύλα
3247 863 3342 916 καὶ¹
3389 861 3607 930 χόρτον,

2028 966 2120 1021 καὶ
2148 965 2417 1036 καλάμην,
2450 964 2647 1035 χρυσόν
2690 944 2750 1015 τὲ
2794 962 2885 1014 καί
2923 959 3161 1030 ἄργυρον
3191 958 3285 1009 καὶ
3320 955 3501 1017 λίθους
3526 970 3611 1005 τι-

2031 1057 2215 1127 μίους”
2244 1057 2335 1108 καί
2362 1056 2455 1107 τὸν
2480 1053 2710 1124 ἀριθμὸν
2730 1051 2837 1105 τῶν
2869 1047 3349 1122 μνημονευθέντων
3394 1046 3486 1098 ἐπὶ
3510 1062 3606 1097 κε-

2028 1147 2253 1217 φαλαίου
2292 1145 2733 1217 συλλογιζόμεθα,
2769 1144 2860 1198 καὶ⁵
2897 1143 2995 1214 τήν
3028 1141 3188 1210 φύσιν
3236 1138 3467 1191 ἑκάστου
3497 1136 3608 1188 τῶν

2028 1237 2533 1308 κατωνομασμένων
2578 1233 2884 1299 ἰδιαζόντως
2925 1234 3025 1285 οὐκ
3071 1230 3437 1300 ἀγνοήσομενο
3463 1226 3610 1278 οὕτω

2029 1328 2120 1381 καὶ
2155 1326 2247 1381 νῦν
2268 1328 2602 1397 γεννήματος
2628 1326 2723 1379 καὶ
2763 1324 3066 1395 ποιήματος
3083 1320 3223 1373 κατὰ
3246 1318 3443 1372 ταύτὸν
3469 1332 3610 1385 μνη-

2032 1417 2416 1489 μονευθέντων,
2458 1419 2523 1469 ὲκ
2570 1414 2678 1469 τῶν
2736 1413 2929 1484 φωνῶν
2977 1412 3071 1465 ἐπὶ
3114 1410 3184 1463 τά
3234 1407 3608 1479 σημαινόμενα

2033 1506 2387 1578 μεταϐάντες,
2417 1507 2477 1560 οὐ
2497 1506 2594 1577 τὴν
2622 1506 2791 1575 αὐτὴν
2836 1503 3052 1572 ἑκάστῳ
3088 1500 3195 1553 τῶν
3219 1499 3497 1569 ὀνομάτων
3521 1499 3609 1549 ὲν-

2031 1596 2343 1669 θεωροῦμεν
2397 1597 2655 1651 διάνοιαν.
2687 1595 2850 1648 Ἀλλο
2899 1595 3008 1665 γάρ
3048 1610 3103 1645 τι
3148 1591 3208 1645 τὸ
3253 1590 3476 1660 κτίσμα,
3510 1583 3609 1641 καὶ

2028 1692 2213 1760 ἕτερον
2254 1689 2510 1761 σημαίνει
2555 1689 2616 1742 τὸ
2648 1689 2890 1760 γέννημα
2922 1703 2936 1718 ο
2969 1686 3107 1738 ὥστε
3137 1685 3241 1738 κᾶν
3274 1685 3478 1744 ἐκεῖνος
3520 1698 3610 1749 μι-

358 1780 659 1849 signiﬁcata
708 1789 1076 1844 transeuntes,
1125 1796 1234 1835 non
1295 1781 1543 1836 eamdem
1593 1782 1649 1836 in
1704 1794 1923 1851 quoque

2039 1779 2161 1851 γνύῃ
2184 1779 2251 1833 τὰ
2286 1781 2524 1848 ἄμικτα·
2553 1781 2581 1832 ὀ
2618 1779 2835 1840 συνετὸς
2872 1774 3148 1847 ἀκροατής
3178 1772 3610 1841 διακεκριμένως

359 1871 642 1925 nominum
692 1872 1107 1942 intelligentiam
1171 1872 1448 1927 intuemur
1501 1889 1517 1927 :
1577 1872 1725 1927 aliud
1775 1871 1921 1926 enim

357 1959 418 2011 τὸ
450 1960 654 2030 κτίσμα
698 1958 1021 2031 (creatura),
1064 1961 1210 2015 aliud
1254 1977 1384 2016 vero
1424 1961 1696 2032 signiﬁcat
1724 1962 1785 2013 τὸ
1806 1960 1932 2028 γέν-

356 2067 504 2119 νημα
578 2050 851 2119 (genitura
905 2051 1020 2107 sive
1070 2050 1371 2121 progenies)
1454 2049 1534 2103 Ita
1586 2057 1646 2105 ut
1700 2051 1803 2106 etsi
1845 2052 1935 2107 ille

360 2139 589 2193 misceat
650 2152 713 2192 ea
761 2153 883 2209 quae
923 2147 1208 2209 nequeunt
1258 2139 1603 2195 commisceri
1651 2160 1665 2195 :
1734 2142 1937 2197 intelli-

362 2242 499 2297 gens
551 2228 772 2283 auditor
818 2229 1079 2283 distincte
1123 2227 1307 2281 audiet
1351 2235 1406 2283 et
1439 2227 1838 2285 demonstrabit
1859 2247 1926 2287 ex

362 2319 450 2374 his
503 2333 627 2375 esse
684 2334 804 2390 qua:
858 2319 978 2374 ﬁeri
1024 2334 1134 2373 non
1182 2325 1436 2387 possunt,
1472 2320 1809 2390 γεννήματος
1835 2336 1929 2392 ge-

363 2410 559 2465 niturae
605 2416 659 2465 et
705 2409 999 2480 κτίσματος
1041 2409 1269 2464 facturae
1302 2409 1721 2479 appellationem
1764 2427 1925 2466 unam

363 2502 598 2569 aliquam
651 2500 707 2555 in
754 2500 990 2571 seipsam
1050 2501 1294 2570 recipere
1342 2508 1616 2554 naturam.
1668 2501 1727 2556 Si
1782 2504 1927 2558 enim

363 2589 556 2643 horum
588 2590 822 2644 alterum
850 2603 978 2643 vere
999 2588 1105 2641 dici
1142 2594 1349 2657 posset,
1373 2586 1717 2641 mendacium
1742 2602 1930 2643 neces-

363 2680 511 2734 sario
535 2682 640 2735 erit
670 2681 921 2735 alterum.
962 2678 1144 2744 Quare
1186 2679 1231 2733 si
1272 2679 1478 2748 κτίσμα
1513 2677 1725 2732 factura
1760 2690 1927 2747 esset,

2028 1870 2317 1924 ἀκούσεται
2347 1870 2438 1923 καὶ
2472 1868 2633 1933 δείξει
2654 1869 2760 1922 τῶν
2787 1867 3064 1921 ἀδυνάτων
3093 1861 3230 1918 εἶναι
3256 1862 3353 1932 τὴν
3375 1860 3469 1914 τοῦ
3487 1877 3611 1927 γεν-

2030 1961 2267 2031 νήματος
2307 1961 2400 2013 καὶ
2444 1960 2543 2029 τὴν
2589 1958 2682 2012 τοῦ
2710 1958 3007 2028 κτίσματος
3048 1952 3439 2025 προσηγορίαν,
3468 1949 3611 2020 -μίαν

2030 2051 2151 2104 τινὰ
2197 2050 2359 2120 φύσιν
2406 2053 2486 2112 εἰς
2540 2050 2738 2120 ἑαυτὴν
2780 2047 3048 2118 δέχεσθαι.
3085 2046 3148 2097 Εἰ
3192 2044 3302 2114 γὰρ
3329 2041 3392 2094 τὸ
3423 2041 3611 2110 ἕτερον

2032 2141 2346 2211 ἀληθεύοιτο
2392 2142 2617 2207 τούτων,
2674 2141 2865 2211 ψεῦδος
2920 2140 2979 2205 ἐξ
3036 2136 3281 2204 ἀνάγκης
3341 2133 3495 2185 ἔσται
3551 2131 3614 2183 τὸ

2030 2234 2234 2303 ἕτερον.
2266 2236 2428 2287 Ὥστε
2470 2235 2518 2287 εί
2559 2232 2762 2303 κτίσμα
2793 2232 2899 2301 εἴη,
2942 2233 3017 2301 μή
3042 2224 3181 2281 εἶναι
3206 2226 3454 2294 γέννημα
3478 2240 3491 2253 ⁸
3517 2222 3613 2273 καὶ

2031 2324 2091 2377 τὸ
2117 2324 2371 2395 ἔμπαλιν,
2420 2326 2468 2377 εἰ
2510 2324 2756 2394 γέννημα
2793 2323 3024 2390 λέγοιτο,
3076 2314 3485 2387 άλλοτριοῦσθαι
3510 2312 3613 2381 τῆς

2031 2416 2344 2487 ἐπωνυμίας
2372 2416 2464 2469 τοῦ
2517 2416 2834 2486 κτίσματος.
2868 2413 3028 2467 Ἀλλά
3074 2412 3289 2481 φησινό
3326 2408 3610 2474 Εὑνόμιος,

2033 2509 2112 2569 εἰς
2133 2508 2328 2578 ἑαυτὴν
2380 2508 2627 2578 δέχεσθαι
2678 2506 2772 2560 τοῦ
2826 2505 2955 2559 Υίοῢ
2986 2504 3081 2575 τὴν
3116 2503 3303 2556 οὐσίαν
3362 2499 3462 2563 τὰς
3515 2495 3613 2549 τοῦ

2033 2599 2372 2667 γεννήματος
2436 2598 2530 2651 καὶ
2580 2599 2882 2668 ποιήματος
2951 2596 3046 2648 καὶ
3095 2594 3395 2664 κτίσματος
3444 2604 3616 2657 προσ·

2036 2688 2281 2759 ηγορίας.

312 2844 334 2863 ⁸
364 2785 476 2824 non
500 2777 643 2825 esset
675 2768 920 2838 γέννημα
954 2767 1247 2837 (genitura)
1281 2785 1295 2820 :
1337 2777 1390 2821 et
1454 2768 1573 2821 vice
1607 2782 1788 2832 versa,
1853 2772 1899 2825 si
1964 2774 2209 2847 γέννημα
2264 2777 2555 2849 (genitura)
2586 2778 2881 2841 diceretur,
2930 2776 3264 2830 alienaretur
3308 2787 3339 2825 a
3390 2770 3616 2825 facturae

364 2857 607 2914 nomine.
659 2855 765 2911 Sed
812 2856 891 2909 ait
948 2855 1273 2920 Eunomius,
1304 2855 1358 2909 in
1393 2856 1631 2925 seipsam
1678 2857 1922 2927 recipere

2040 2866 2096 2919 lii
2143 2868 2438 2923 essentiam
2486 2869 2822 2939 γεννήματος
2873 2867 3178 2938 (geniturae)
3223 2872 3278 2919 et
3311 2863 3615 2934 ποιήματος

365 2948 635 3021 (factum)
670 2955 722 3004 et
754 2948 1050 3018 κτίσματος
1095 2946 1406 3017 (creaturae)
1440 2946 1855 3017 appellationes.

438 3043 544 3099 Sed
585 3041 834 3112 nunquid
863 3057 961 3111 per
1007 3057 1072 3096 ea
1123 3057 1244 3111 qua:
1275 3052 1583 3112 sequuntur
1633 3043 1780 3099 hunc
1808 3045 1928 3100 sine

2103 3050 2193 3121 Μή
2218 3067 2270 3104 τι
2295 3050 2382 3103 διὰ
2407 3049 2515 3105 τῶν
2542 3048 2847 3103 ὑπολοίπων
2885 3045 3331 3117 κατησφαλίσατο
3357 3044 3449 3098 τὸν
3486 3044 3615 3099 ἀκέ-

367 3134 549 3203 capite
590 3140 645 3188 et
685 3132 804 3189 sine
849 3132 1038 3187 radice
1080 3147 1391 3187 sermonem
1427 3134 1789 3198 conﬁrmavit,
1835 3135 1929 3205 qui

2039 3139 2205 3208 φαλον
2237 3140 2424 3193 τοῦτον
2450 3141 2544 3192 καὶ
2575 3137 2797 3211 ἄρριζον
2821 3137 3001 3206 λόγον,
3062 3133 3123 3199 ὃς
3149 3135 3375 3205 οὐδεμιᾷ
3396 3134 3483 3187 διὰ
3506 3136 3617 3187 τῶν

366 3225 586 3295 quidem
632 3239 698 3279 ex
730 3224 798 3279 iis
825 3239 946 3294 quae
976 3225 1131 3293 prius
1178 3222 1325 3277 dicta
1376 3232 1505 3279 sunt
1550 3225 1701 3279 nullo
1735 3226 1933 3281 robore

365 3315 628 3371 fundatus
676 3322 761 3370 est
837 3314 904 3369 ad
965 3314 1020 3369 id
1089 3314 1234 3384 quod
1279 3315 1771 3381 superaediﬁcatum
1828 3318 1943 3371 est?

364 3406 450 3461 An
498 3407 664 3461 etiam
690 3406 903 3475 reliqua
933 3402 1122 3459 eadem
1147 3404 1389 3459 vanitate
1420 3404 1691 3469 laborant,
1717 3419 1748 3458 a
1782 3406 1936 3459 nullo

364 3517 434 3555 ex
451 3498 761 3553 rationibus
781 3498 950 3566 petito
974 3495 1176 3549 auxilio
1200 3495 1370 3548 robur
1389 3495 1620 3564 adepta;
1647 3495 1742 3549 sed
1768 3496 1935 3550 latam

362 3599 423 3646 et
461 3587 795 3643 inconditam
839 3587 989 3640 velut
1019 3587 1072 3640 in
1103 3585 1439 3640 somniorum
1482 3586 1799 3641 narratione
1828 3586 1937 3640 bla-

364 3679 631 3750 sphemiae
655 3677 1055 3747 expositionem
1102 3677 1386 3731 habentia?
1414 3677 1556 3732 Dicit
1594 3679 1739 3733 enim
1771 3678 1936 3734 dictis

367 3767 486 3819 haec
537 3771 839 3819 annectens
890 3783 903 3819 :
953 3762 1329 3819 Immediatam
1372 3767 1581 3835 quidem
1630 3768 1737 3821 sive
1790 3768 1937 3822 nullo

304 3880 323 3891 κ
364 3858 749 3909 intercurrente
779 3853 950 3909 medio
984 3855 1256 3909 habentem
1286 3860 1692 3925 generationem,
1736 3858 1937 3925 impar-

370 3944 595 3999 tibiliter
624 3952 797 3996 autem
827 3952 1118 3997 servantem
1145 3960 1263 3996 cum
1288 3960 1348 3998 eo
1382 3946 1472 4013 qui
1497 3947 1677 4016 genuit
1715 3956 1763 3999 et
1794 3946 1936 4013 fecit,

367 4042 419 4087 et
448 4033 641 4087 creavit
675 4034 1008 4086 relationem.
1034 4032 1090 4086 Si
1117 4034 1285 4097 enim,
1315 4048 1380 4087 eo
1402 4034 1622 4103 dempto
1649 4050 1757 4103 quo
1782 4036 1936 4102 dicit,

367 4122 1230 4193 immediatumetimpartibilem,
1276 4123 1450 4192 ipsam
1497 4124 1553 4177 in
1594 4126 1774 4194 seipsa
1814 4141 1936 4179 ver-

368 4215 561 4270 borum
612 4214 944 4269 sententiam
995 4222 1326 4282 spectemus,
1388 4214 1730 4268 inveniemus
1786 4214 1936 4285 quod

369 4306 576 4375 ubique
614 4305 879 4360 doctrinae
923 4304 1173 4359 delirium
1199 4313 1254 4359 et
1283 4319 1462 4360 meras
1486 4321 1659 4373 nugas
1684 4307 1941 4375 nulloque

370 4395 606 4450 rationis
649 4402 929 4449 momento
958 4394 1338 4449 conﬁrmatum
1372 4409 1681 4450 sermonem
1711 4397 1940 4453 auribus

2040 3232 2271 3301 πρώτων
2306 3232 2608 3300 κατεϐλήθη
2634 3231 2769 3300 πρὸς
2800 3229 2861 3281 τὸ
2891 3225 3435 3294 κατασκευαζόμενον
3455 3224 3613 3279 δυνά-

2046 3333 2159 3386 μει;
2183 3318 2249 3369 Ἥ
2280 3319 2375 3372 καί
2403 3318 2471 3370 τὰ
2491 3316 2652 3369 λοιπὰ
2681 3315 2781 3386 τῆς
2815 3315 2985 3381 αὐτῆς
3016 3313 3196 3383 ἔχεται
3233 3313 3613 3383 ματαιότητος,

2041 3407 2139 3459 οὐκ
2170 3408 2276 3461 άπό
2307 3426 2448 3472 τινος
2469 3411 2567 3478 τῆς
2612 3410 2677 3461 ἐκ
2714 3407 2823 3461 τῶν
2863 3406 3137 3475 λογισμῶν
3164 3406 3483 3475 συμμαχίας
3516 3409 3616 3476 τὴν

2045 3500 2195 3569 ἰσχὺν
2227 3500 2599 3570 προλαϐόνταο
2661 3498 2797 3553 ἀλλὰ
2844 3497 3144 3566 διεξοδικὴν
3183 3513 3242 3548 τε
3275 3497 3371 3548 καὶ
3411 3496 3619 3548 άκατάο

2044 3606 2236 3642 σκευον
2265 3589 2415 3642 ὥσπε
2424 3608 2453 3660 ρ
2474 3590 2565 3642 ἐπὶ
2579 3589 2678 3659 τῆς
2698 3589 2805 3641 τῶν
2831 3587 3055 3659 ὀνείρων
3076 3587 3378 3658 διηγήσεως
3399 3587 3496 3658 τὴν
3516 3586 3617 3655 τῆς

2045 3679 2389 3749 βλασφημίας
2418 3678 2627 3732 ἔκθεσιν
2669 3676 2890 3748 ἔχοντα;
2921 3679 3083 3747 Λέγει
3110 3678 3219 3749 γὰρ
3252 3681 3364 3740 τοῖς
3390 3681 3508 3747 εἰρη
3519 3678 3616 3748 μέ-

2042 3787 2152 3833 νοις
2172 3769 2505 3839 ὲπισυνάψας
2525 3767 2700 3823 ταῦτα
2725 3785 2738 3800 ⁸
2769 3770 2849 3823 ὅτι
2877 3770 3283 3838 Ἁμεσίτευτον
3299 3768 3418 3837 μὲν
3445 3769 3620 3837 ἐχου-

2044 3875 2165 3914 σαν
2204 3859 2319 3927 τὴν
2371 3860 2693 3929 γέννησιν,
2722 3860 3048 3928 ἀμερίστως
3082 3858 3150 3910 δὲ
3170 3856 3484 3917 σώζουσαν
3506 3855 3621 3923 τὴν

2044 3954 2191 4023 πρὸς
2238 3953 2345 4006 τὸν
2399 3953 2795 4022 γεγεννηκότα
2834 3950 2931 4003 καί
2966 3949 3335 4015 πεποιηκότα
3365 3948 3463 4000 καί
3493 3948 3619 3999 κτί-

2045 4058 2238 4097 σαντα
2263 4043 2502 4112 σχέσιν.
2534 4043 2596 4094 Εἰ
2646 4040 2755 4112 γὰρ
2792 4040 2853 4093 τὸ
2879 4037 3232 4110 άμεσίτευτόν
3254 4055 3314 4090 τε
3354 4038 3451 4090 καὶ
3482 4037 3620 4107 ἀμέ-

2048 4152 2229 4203 ριστον
2271 4134 2679 4196 καταλιπόντες,
2706 4130 2873 4202 αὐτὴν
2901 4131 2985 4199 ἐφ’
3016 4130 3214 4199 ἑαυτῆς
3236 4129 3620 4199 θεωρήσαιμεν

2044 4224 2143 4295 τὴν
2172 4224 2280 4275 τῶν
2313 4224 2573 4293 ῥημάτων
2610 4222 2872 4287 διάνοιαν,
2908 4221 3210 4291 εὑρήσομεν
3237 4220 3317 4271 ὅτι
3344 4218 3619 4288 πανταχοῦ

2044 4314 2105 4366 τὸ
2132 4312 2367 4385 ληρῶδες
2391 4312 2491 4381 τῆς
2524 4310 2868 4374 διδασκαλίας
2898 4310 2966 4362 δι’
2999 4308 3209 4371 οὐδενὸς
3244 4307 3620 4378 ίσχυροποιού-

2049 4421 2208 4475 μενον
2228 4403 2383 4471 λόγου
2413 4404 2530 4464 ταῖς
2552 4401 2742 4465 ἀκοαῖς
2765 4400 2874 4454 τῶν
2901 4400 3274 4468 ἀπατωμένων
3290 4397 3621 4468 προσρίπτε-

370 4486 723 4554 deceptorum
777 4484 1014 4555 projicit.
1072 4483 1210 4537 Eum
1240 4484 1331 4553 qui
1378 4486 1574 4555 genuit,
1631 4486 1832 4556 inquit,
1886 4497 1931 4541 et

2040 4511 2150 4547 ται.
2202 4492 2314 4546 Τὸν
2365 4493 2782 4561 γεγεννηκότα,
2825 4490 2979 4561 φησὶ,
3034 4488 3133 4542 καὶ
3183 4488 3479 4541 κτίσαντα
3519 4486 3619 4540 καὶ

371 4576 463 4646 qui
509 4576 722 4641 creavit,
790 4583 840 4628 et
895 4575 986 4643 qui
1036 4573 1180 4643 fecit.
1228 4572 1355 4629 Haec
1418 4575 1521 4630 etsi
1583 4576 1690 4629 tria
1751 4576 1943 4632 viden-

374 4684 484 4736 tur,
506 4674 743 4728 duorum
774 4681 955 4728 tamen
978 4687 1241 4727 sensuum
1266 4670 1687 4742 signiﬁcantiam
1715 4670 1940 4737 habent,

372 4763 505 4831 quia
546 4764 670 4818 dua:
708 4772 839 4819 sunt
870 4778 937 4818 ex
982 4762 1064 4818 eis
1113 4777 1277 4817 voces
1331 4778 1452 4831 quae
1508 4762 1837 4831 aequivalent
1888 4769 1943 4817 et

370 4850 710 4905 conveniunt
740 4853 885 4906 inter
906 4866 964 4905 se
990 4851 1049 4904 in
1070 4850 1263 4905 eodem
1290 4865 1475 4906 sensu.
1504 4848 1639 4903 Nam
1664 4850 1725 4903 τὸ
1744 4852 1938 4918 ποιεῖν,

374 4942 481 4995 hoc
514 4947 602 4993 est
633 4939 825 5008 facere,
853 4948 908 4995 et
930 4940 991 4992 τὸ
1011 4939 1215 5003 κτίζειν
1249 4939 1348 5011 (a),
1378 4940 1431 4994 id
1461 4948 1544 4995 est
1572 4956 1772 5006 creare,
1801 4941 1944 4997 idem

373 5043 458 5089 est
498 5046 762 5103 prorsus;
797 5047 988 5086 verum
1015 5034 1295 5100 generatio
1364 5031 1546 5088 diﬁ‘ert
1581 5033 1651 5088 ab
1674 5033 1942 5102 utrisque.

372 5126 512 5182 Cum
557 5123 728 5194 igitur
773 5124 1084 5177 communis
1130 5123 1412 5178 hominum
1453 5123 1643 5194 opinio
1683 5124 1750 5178 ad
1789 5122 1945 5178 diﬁ‘e-

373 5218 612 5273 rentiam
637 5227 832 5271 sensus
844 5227 917 5267 ex
938 5212 1226 5268 verborum
1248 5214 1613 5280 signiﬁcantia
1634 5213 1945 5280 dividatur;

444 5376 512 5406 ⁸³·
541 5374 561 5429 l
595 5372 721 5429 Cor.
758 5387 842 5439 ιιι,
880 5371 967 5427 12.

447 5535 526 5603 (a)
550 5535 661 5590 Hoc
688 5536 917 5591 verbum
949 5540 1034 5590 est
1064 5531 1367 5603 secundum
1386 5529 1630 5587 Graecam
1670 5533 1946 5601 phrasim;

380 5602 505 5657 nam
562 5619 660 5671 pro
710 5606 897 5662 eodem
952 5605 1013 5656 τὸ
1063 5602 1266 5666 κτίζειν
1318 5608 1371 5657 et
1429 5603 1489 5655 τὸ
1546 5606 1718 5655 ποιεῖν
1774 5602 1947 5658 (Γιγαξυὶ

381 5682 609 5745 ponunt.
635 5672 812 5728 Latini
857 5682 1036 5730 autem
1077 5674 1295 5731 diﬁ‘erre
1329 5673 1521 5731 dicunt
1547 5690 1562 5729 :
1587 5688 1711 5729 nam
1742 5687 1931 5731 creare

2048 4581 2406 4651 ποιήσαντα.
2465 4574 2648 4633 Ταῦτα
2688 4578 2791 4631 κᾶν
2842 4577 2968 4648 τρία
3005 4576 3172 4638 δοκεῖ,
3211 4575 3307 4629 δύο
3333 4576 3622 4646 νοημάτων

2047 4672 2162 4742 ἔχει
2218 4671 2317 4741 τὴν
2362 4670 2656 4741 σημασίαν,
2701 4667 2778 4738 τῷ
2813 4668 2911 4730 τὰς
2950 4666 3042 4720 δύο
3070 4667 3250 4736 φωνὰς
3283 4667 3622 4736 ἰσοδυναμεῖν

2047 4763 2301 4833 ἀλλήλαις
2328 4762 2468 4815 κατὰ
2499 4761 2597 4832 τὴν
2619 4760 2846 4815 ἔννοιαν.
2865 4760 2939 4812 Τὸ
2961 4759 3067 4831 γὰρ
3088 4758 3313 4828 ποιῆσαι
3330 4758 3410 4829 τῷ
3440 4758 3622 4813 κτίσαι

2045 4856 2240 4910 ταύτόν
2266 4858 2411 4909 ἐστιν
2432 4871 2443 4884 ·
2469 4855 2652 4924 ἕτερον
2677 4854 2734 4906 δὲ
2751 4856 2817 4907 τὰ
2835 4853 2984 4924 παρὰ
3006 4852 3268 4923 εἰρημένα
3285 4854 3318 4922 ή
3347 4852 3620 4922 γέννησις.

2047 4948 2158 5018 Τῆς
2182 4943 2273 5001 οὖν
2302 4947 2489 5016 κοινῆς
2517 4945 2626 4999 τῶν
2652 4943 2952 5016 ἀνθρώπων
2977 4944 3318 5015 ὑπολήψεως,
3343 4943 3481 5013 πρὸς
3511 4943 3626 4996 δια-

2047 5039 2243 5109 φόρους
2269 5037 2474 5100 ὲννοίας
2505 5039 2568 5090 ὲκ
2611 5036 2710 5106 τῆς
2737 5036 2843 5089 τῶν
2869 5035 3129 5106 ῥημάτων
3164 5034 3444 5103 σημασίας
3466 5050 3625 5104 μερι-

2047 5131 2298 5201 ζομένης,
2346 5130 2429 5192 τίς
2474 5129 2606 5199 ήμῖν
2665 5127 2906 5194 ἐπέδειξε
2954 5126 3111 5195 λόγος
3148 5125 3349 5178 ταύτὸν
3378 5121 3515 5178 εῖναι
3555 5126 3620 5194 τῇ

2045 5221 2297 5291 γεννήσει
2351 5218 2411 5272 τὸ
2467 5216 2705 5288 ποίημα·
2764 5217 2853 5271 ἵνα
2895 5217 2993 5287 τὴν
3041 5215 3168 5288 μίαν
3203 5215 3392 5269 οὐσίαν
3420 5218 3486 5286 τῇ
3514 5214 3623 5266 τῶν

2052 5543 2271 5625 proprie
2303 5541 2537 5625 dicitur,
2568 5556 2636 5595 ex
2678 5540 2873 5609 nihilo,
2923 5538 3105 5595 facere
3145 5553 3275 5594 vero
3317 5552 3385 5593 ex
3438 5538 3621 5609 aliqua

2053 5616 2298 5684 subjecta
2347 5616 2596 5667 materia.
