4010 6156
278 358 386 414 (357

1370 360 1649 418 CONTRA
1685 359 2074 431 EUNOMIUM,
2115 364 2243 420 LIB.
2285 364 2373 419 1V.

3433 360 3539 419 653

285 475 548 548 ῥημάτων
584 473 815 545 διαφορᾷ
876 472 1388 544 προσαρμόσωμεν;
1425 475 1570 539 Ἕως
1596 475 1706 547 γὰρ
1731 476 1795 531 ἂν
1829 479 1862 546 ἡ

1972 491 2087 549 quae
2132 466 2270 534 ratio
2310 480 2469 535 nobis
2520 478 2765 536 ostendit
2809 478 2952 533 idem
2986 492 3108 533 esse
3146 491 3267 532 cum
3302 493 3535 548 genera-

284 566 523 637 συνήθης
557 567 730 636 κρατῇ
766 565 1013 635 σημασία
1037 563 1146 617 τῶν
1192 563 1410 628 λέξεων,
1444 568 1537 618 καὶ¹
1562 566 1753 637 μηδεὶς
1775 567 1863 620 εὖ-

288 656 533 726 ρίσκεται
588 655 746 724 λόγος
774 658 802 709 ὁ
832 655 1253 726 μετασκευάςων
1284 657 1363 719 είς
1391 656 1454 709 τὸ
1494 657 1735 711 ἐναντίον
1766 657 1865 720 τὰς

280 748 391 801 τῶν
445 747 706 819 ῥημάτων
756 747 1057 818 ἐμφάσεις·
1086 747 1185 800 οὐκ
1240 747 1516 817 ἐνδέχεται
1569 749 1697 817 μίαν
1740 748 1865 801 τινὰ

287 842 447 910 φύσιν
484 840 621 911 πρὸς
667 840 768 911 τὴν
822 840 914 893 τοῦ
957 840 1263 910 ποιήματος
1290 840 1384 892 καὶ⁵
1410 841 1747 910 γεννήματος
1779 840 1866 894 ἐν-

287 949 431 985 νοιαν
467 930 866 1002 διασχισθῆναι.
905 930 1122 1001 Ἐπειδὴ
1153 931 1259 1004 γὰρ
1306 932 1391 998 ἐφ’
1416 931 1611 984 ἑαυτοῦ
1639 931 1867 1002 λεγόμε-

288 1040 376 1075 νον
401 1021 604 1075 τούτων
635 1021 792 1075 ὲκάτε
803 1038 913 1091 ρον,
955 1019 1258 1083 ἰδιάζουσαν
1282 1019 1395 1090 ἔχει
1428 1019 1527 1092 τὴν
1549 1022 1864 1091 ἑρμηνείαν,

289 1112 505 1183 ἀνάγκη
530 1114 701 1175 πᾶσα,
740 1111 949 1165 οἰκείαν
977 1128 1036 1164 τε
1075 1112 1169 1165 καὶ
1212 1112 1451 1181 συγγενῆ
1489 1114 1602 1175 τοῖς
1641 1112 1867 1182 ὀνόμασι

293 1203 719 1256 συνεπινοείσθαι
746 1204 840 1256 καὶ
881 1202 981 1273 τὴν
1025 1202 1278 1274 σχετικὴν
1306 1202 1587 1271 συζυγίαν.
1622 1204 1731 1256 Καὶ
1760 1203 1868 1273 γὰρ

292 1293 363 1348 τὰ
404 1293 567 1346 λοιπὰ
613 1293 718 1345 τῶν
756 1293 889 1365 πρός
920 1310 975 1346 τι
1006 1293 1337 1364 λεγομένων,
1369 1294 1430 1347 οὐ
1461 1293 1597 1365 πρὸς
1622 1293 1683 1346 τὸ
1712 1294 1861 1347 ἀλλό-

291 1386 446 1456 τριόν
472 1403 529 1438 τε
552 1386 645 1439 καὶ⁸
675 1386 1043 1454 ἀκατάλληλον
1068 1385 1180 1455 ἔχει
1210 1386 1311 1458 τὴν
1341 1385 1671 1457 οἰκειότητα.
1710 1386 1869 1439 Ἀλλά

296 1475 402 1529 κᾶν
439 1475 680 1546 σιωπηθῇ
715 1476 849 1546 πρὸς
885 1477 914 1529 ὃ
950 1477 1191 1544 λέγεται,
1238 1476 1560 1547 αὐτομάτως
1596 1476 1733 1547 μετά
1774 1478 1867 1530 τοῦ

292 1565 647 1636 πρωτοτύπου
677 1566 770 1619 καὶ
794 1566 854 1618 τὸ
875 1566 1300 1637 συνεζευγμένον
1320 1566 1578 1620 ἀκούεται
1602 1581 1615 1594 ·
1644 1560 1755 1620 οἷον
1776 1567 1869 1637 δη-

294 1656 572 1725 μιουργὸς,
610 1655 814 1725 δοῦλος,
843 1658 1015 1726 φίλος,
1046 1658 1178 1723 υίὸς,
1200 1658 1296 1711 καὶ
1317 1656 1386 1711 τὰ
1416 1655 1660 1713 τοιαῦτα.
1687 1658 1868 1711 Πάντα

289 1744 397 1813 γὰρ
421 1744 521 1797 ὅσα
548 1748 615 1815 τῇ
648 1746 783 1818 πρὸς
815 1747 1001 1817 ἕτερον
1034 1748 1284 1818 ἀναφορᾷ
1326 1746 1633 1817 θεωρεῖται,
1665 1747 1763 1817 τὴν
1786 1749 1866 1801 ol-

290 1811 442 1887 κείαν
469 1811 718 1901 ἕκαστον,
748 1838 842 1891 καὶ
879 1811 1228 1909 συνημμένην
1250 1811 1344 1893 τοῦ
1376 1811 1868 1909 δηλουμένουνσυγ-
1896 1811 1942 1871 Β

291 1925 503 1991 γένειαν
540 1925 627 1979 διὰ
673 1927 773 1996 τῆς
816 1927 1183 1999 προσηγορίας
1224 1929 1586 2000 παρίστησιν,
1639 1930 1869 2000 ἄμικτον

292 2016 483 2086 ἔχοντα
507 2016 607 2087 τὴν
651 2018 787 2087 πρὸς
824 2018 883 2070 τὸ
911 2019 1220 2090 ὲτερογενὲς
1261 2018 1566 2073 κοινωνίαν.
1595 2019 1733 2072 Οὔτε
1761 2021 1870 2089 γάρ

291 2105 385 2159 τοῦ
412 2105 749 2177 δημιουργοῦ
776 2107 836 2160 τὸ
874 2108 1042 2178 ὄνομα
1062 2108 1146 2179 .τῷ
1191 2109 1295 2180 υἱῷ
1337 2110 1713 2177 συνέζευκται,
1745 2111 1868 2165 οὔτε

290 2198 325 2264 η
348 2193 443 2248 τοῦ
472 2194 661 2248 δούλου
685 2196 836 2267 φωνὴ
879 2197 1015 2266 πρὸς
1038 2197 1128 2250 τὸν
1165 2196 1492 2268 δημιουργὸν
1514 2199 1866 2269 ἀναφέρεται,

286 2283 415 2339 οὔτε
443 2287 471 2337 ὁ
503 2285 653 2355 φίλος
674 2286 765 2339 τὸν
791 2287 975 2341 δοῦλον
1012 2288 1300 2358 ἐδήλωσεν,
1327 2288 1449 2343 οὔτε
1476 2291 1504 2343 ὀ
1534 2290 1648 2353 υίὸς
1671 2291 1760 2343 τὸν
1787 2292 1871 2344 δε-

292 2376 499 2445 σπότην
518 2392 531 2407 ·
556 2376 692 2429 ἀλλά
716 2377 956 2450 φανερὰν
976 2380 1068 2433 καὶ
1086 2380 1506 2452 διακεκριμένην
1524 2382 1727 2436 τούτων
1747 2384 1871 2438 ἑκά-

292 2483 420 2519 στου
443 2467 543 2537 τὴν
571 2466 705 2538 πρὸς
745 2470 805 2522 τὸ
849 2471 1181 2541 κατάλληλον
1227 2470 1488 2540 συζυγίαν
1520 2473 1872 2540 ἐπιγινώσκο-

294 2574 414 2625 μεν,
443 2559 688 2624 νοοῦντες
717 2560 808 2613 διὰ
840 2562 938 2631 μὲν
968 2562 1062 2614 τοῦ
1099 2562 1253 2630 φίλου
1292 2562 1475 2634 ἕτερον
1497 2564 1672 2631 φίλον,
1696 2564 1782 2617 διὰ
1813 2565 1869 2617 δὲ

289 2647 386 2699 τοῦ
404 2647 587 2702 δούλου
604 2651 695 2704 τὸν
721 2651 910 2721 κύριον
925 2669 938 2683 ·
956 2652 1017 2704 τὸ
1037 2652 1093 2706 δὲ
1117 2652 1277 2724 ἔργον
1299 2653 1388 2707 διὰ
1401 2654 1496 2707 τοῦ
1514 2655 1866 2725 δημιουργοῦ,

290 2736 390 2788 καὶ
414 2736 499 2789 διὰ
516 2737 609 2790 τοῦ
649 2738 767 2792 υίοῦ
791 2740 881 2794 τὸν
912 2741 1148 2811 πατέρα.
1181 2740 1337 2795 Οὕτω
1353 2742 1531 2796 τοίνυν
1546 2743 1720 2796 καὶτὸ
1747 2742 1871 2810 γέν-

291 2843 448 2895 νημα
470 2828 603 2896 πρός
627 2846 679 2882 τι
710 2830 805 2901 τὴν
822 2830 1017 2902 κυρίαν
1049 2831 1288 2901 ἔμφασιν
1321 2834 1454 2903 ἔχει.
1510 2833 1721 2887 Οὐκοῦν
1750 2850 1871 2887 συν·-

298 2914 556 2977 έζευκται
577 2918 654 2989 τῷ
680 2920 773 2989 μὲν
797 2923 1095 2992 γεννήματι
1125 2925 1154 2975 ὁ
1183 2926 1474 2994 γεννήσας,
1506 2923 1585 2993 τῷ
1610 2923 1870 2993 κτίσματι

291 3004 324 3055 ὁ
347 3004 539 3067 κτίσας
570 3003 665 3068 (0)·
680 3010 787 3063 Καὶ
802 3008 880 3063 δεῖ
898 3009 1254 3079 πάντως,εῐγε
1272 3011 1347 3082 μὴ
1368 3008 1657 3079 μέλλοιμεν
1673 3008 1872 3077 σύγχυ-

1964 571 2112 625 tione
2159 570 2425 626 facturam
2458 607 2475 636 ,
2524 571 2597 626 ita
2646 579 2705 625 ut
2760 584 2923 625 unam
2964 570 3318 637 eamdemque
3348 584 3539 623 essen-

1966 661 2097 715 tiam
2127 663 2414 717 verborum
2443 661 2766 723 differentia:
2799 661 3318 717 accommodemus?
3358 659 3539 716 Donec

1965 750 2110 806 enim
2133 750 2435 806 dictionum
2468 752 2757 811 familiaris
2781 752 3148 823 signiﬁcantia
3170 750 3537 821 praevaluerit,

1965 850 2020 897 et
2060 842 2207 897 nulla
2248 842 2562 897 inveniatur
2603 842 2745 897 ratio
2780 858 2902 912 qua:
2952 843 3245 897 verborum
3297 841 3353 895 in
3402 856 3537 895 con-

1968 932 2197 986 trarium
2230 939 2559 988 transmutet
2594 940 2755 988 notas
2795 932 3251 1003 signiﬁcationes,
3281 948 3390 987 non
3424 932 3539 987 ﬁeri

1967 1030 2144 1094 potest
2174 1033 2234 1079 ut
2263 1039 2372 1079 una
2397 1024 2577 1095 aliqua
2602 1032 2803 1079 natura
2838 1025 2904 1079 ad
2936 1024 3162 1081 facturae
3192 1033 3244 1081 et
3274 1025 3541 1096 geniturae

1968 1115 2216 1171 notitiam
2274 1115 2616 1171 discindatur
2666 1134 2680 1169 :
2733 1117 3180 1188 quandoquidem
3236 1118 3292 1172 in
3347 1118 3532 1185 seipse

1967 1218 2093 1258 cum
2143 1202 2345 1259 dicitur
2391 1203 2587 1258 borum
2636 1212 2953 1274 utrumque,
3000 1206 3331 1275 peculiarem
3377 1205 3541 1259 habet

1970 1296 2499 1367 interpretationem,
2549 1310 2779 1350 necesse
2818 1304 2904 1350 est
2946 1310 3196 1365 prorsus,
3232 1295 3540 1365 propriam-

1968 1402 2075 1458 que
2105 1394 2160 1443 et
2187 1394 2472 1457 cognatam
2514 1400 2639 1441 cum
2683 1386 3000 1442 nominibus
3033 1394 3216 1441 mente
3250 1386 3541 1456 concipere

1969 1486 2211 1533 mutuam
2228 1487 2282 1533 et
2304 1477 2585 1532 relativam
2613 1477 3079 1546 coniugationem.
3104 1476 3237 1530 Nam
3258 1484 3313 1531 et
3328 1476 3539 1544 reliqua
3558 1516 3563 1521 .

1970 1583 2091 1637 qua:
2136 1567 2309 1622 relata
2339 1550 2766 1631 dicuntur,’non
2791 1565 2857 1620 ad
2888 1566 2996 1619 alia
3032 1581 3154 1635 quae
3187 1565 3392 1621 diversi
3428 1566 3542 1619 sint

1969 1658 2184 1729 generis
2240 1656 2560 1713 relationem
2609 1656 2726 1713 sive
2783 1656 3249 1712 necessitudinem
3304 1656 3539 1718 habent;

1971 1749 2067 1805 sed
2113 1749 2329 1804 etiamsi
2386 1749 2686 1803 relatorum
2732 1748 2963 1801 alterum
3021 1754 3290 1809 taceatur,
3340 1747 3544 1801 nihilo—

1969 1837 2151 1891 minus
2197 1844 2392 1905 sponte
2436 1850 2559 1889 cum
2629 1835 2907 1903 primitivo
2963 1836 3126 1890 etiam
3172 1833 3551 1905 coniugatum.

1969 1929 2311 1999 intelligitur.
2350 1927 2527 1982 Veluti
2571 1926 2779 1996 opifex,
2836 1942 3052 1990 servus,
3088 1926 3331 1990 amicus;
3372 1925 3539 1991 ﬁlius,

1968 2029 2022 2076 et
2055 2034 2176 2091 quae
2213 2026 2341 2074 sunt
2380 2019 2669 2090 ejusmodi.
2706 2001 2902 2073 omnia
2936 2018 3082 2072 enim
3116 2032 3239 2087 quae
3280 2032 3377 2086 per
3405 2017 3541 2071 rela-

1969 2112 2173 2167 tionem
2215 2110 2284 2163 ad
2309 2110 2543 2165 alterum
2592 2108 3319 2178 considerantur,pr0priam
3358 2115 3417 2162 et
3445 2122 3541 2161 co.

1968 2202 2266 2256 haerentem
2300 2200 2368 2254 ad
2399 2199 2454 2253 id
2502 2198 2647 2267 quod
2678 2197 2993 2252 declaratur
3024 2198 3406 2268 cognationem
3444 2211 3542 2267 per

1969 2290 2387 2360 appellationem
2416 2288 2600 2343 animo
2625 2295 3044 2357 repraasentant,
3072 2287 3391 2356 nullamque
3421 2300 3542 2339 om—

1970 2383 2100 2437 nino
2149 2396 2273 2436 cum
2312 2396 2379 2436 eo
2404 2380 2550 2451 quod
2582 2388 2666 2435 est
2702 2380 2906 2435 diversi
2936 2380 3152 2449 generis
3196 2378 3540 2432 communio-

1969 2488 2093 2528 nem
2114 2480 2345 2542 possunt
2376 2471 2684 2526 admittere.
2714 2469 2903 2541 Neque
2934 2470 3082 2525 enim
3106 2468 3322 2551 opiﬁcis
3343 2484 3538 2523 nomen

1969 2578 2094 2617 cum
2162 2562 2284 2617 filio
2330 2562 2681 2632 conjugatum
2730 2570 2847 2628 est;
2894 2575 3074 2630 neque
3123 2560 3268 2615 servi
3313 2575 3417 2613 vox
3472 2560 3541 2613 ad

1968 2651 2216 2722 opiﬁcem
2239 2649 2496 2717 refertur,
2520 2665 2699 2720 neque
2726 2652 2937 2705 amicus
2971 2664 3187 2705 servum
3225 2649 3539 2711 declaravit,

1968 2755 2147 2810 neque
2194 2739 2341 2796 ﬁlius
2396 2739 2674 2794 dominum
2719 2757 2733 2795 :
2804 2739 2899 2795 sed
2953 2749 3195 2809 apertam
3251 2746 3309 2814 et
3344 2738 3541 2793 distin-

1968 2847 2112 2892 ctam
2147 2837 2344 2891 horum
2387 2835 2655 2906 cujusque
2686 2836 2828 2890 inter
2883 2850 2942 2891 se
2973 2833 3412 2904 coniugationem
3452 2848 3545 2889 co-

1968 2927 2307 2997 gnoscimus,
2337 2939 2434 2995 per
2450 2925 2684 2979 amicum
2706 2931 2889 2980 mente
2906 2923 3280 2994 concipientes
3305 2920 3541 2977 alterum

1969 3014 2227 3077 amicum,
2291 3022 2348 3069 et
2396 3028 2493 3084 per
2543 3029 2782 3079 servum,
2830 3014 3110 3068 dominum
3164 3032 3175 3065 :
3232 3028 3372 3082 opus
3412 3026 3550 3067 vero

290 3094 381 3146 σίν
445 3110 566 3146 τινα
604 3092 710 3146 τῶν
758 3095 1101 3165 πραγμάτων
1160 3097 1249 3149 διὰ
1291 3100 1392 3167 τῆς
1430 3097 1537 3151 τῶν
1593 3098 1870 3169 ὀνομάτων

1972 3119 2067 3173 per
2108 3104 2381 3173 opiﬁcem,
2424 3118 2520 3174 per
2578 3105 2769 3169 ﬁlium,
2831 3112 3063 3174 patrem.
3110 3103 3201 3157 Sic
3249 3103 3413 3173 igitur
3440 3102 3543 3155 hoc

284 3183 607 3255 ὐπαλλαγῆς
637 3186 900 3254 ἐμποιεῖν,
940 3187 1132 3252 σώζειν
1149 3189 1363 3260 ἑκάστῳ
1393 3189 1500 3244 τῶν
1527 3190 1663 3260 πρός
1699 3206 1751 3243 τι
1784 3190 1869 3243 λε·-

1973 3172 2172 3247 nomen
2215 3172 2463 3263 γέννημα
2495 3192 2788 3265 (genitura)
2833 3172 2961 3249 cum
3006 3195 3193 3262 aliquo
3239 3172 3542 3255 confertur,

291 3274 535 3343 (ομὲνων
561 3275 622 3328 τὺ
643 3277 857 3340 οἰκείως
888 3281 1413 3351 συσσημαινόμενον.

1972 3286 2027 3335 et
2074 3294 2200 3334 cum
2238 3295 2304 3334 eo
2348 3281 2510 3335 habet
2535 3281 2814 3351 propriam
2847 3281 3321 3349 signiﬁcationem.
3356 3279 3543 3350 Itaque

280 3367 380 3421 ille
405 3368 499 3435 qui
535 3369 723 3438 genuit
774 3370 853 3441 τῷ
891 3372 1189 3441 γεννήματι
1222 3370 1527 3439 (geniturae)
1553 3370 1881 3441 conjunctns
1929 3379 2034 3435 est,
2089 3380 2142 3426 et
2187 3378 2404 3425 creator
2459 3378 2731 3427 creaturae
2779 3369 3049 3431 cohaeret,
3104 3380 3159 3426 et
3198 3371 3307 3424 nisi
3358 3386 3541 3427 rerum

275 3453 668 3511 confusionem
694 3457 986 3527 quamdam
1012 3474 1107 3528 per
1133 3459 1415 3514 nominum
1446 3458 1881 3515 immutationem
1922 3458 2182 3515 inducere
2206 3459 2462 3524 velimus,
2490 3456 2715 3512 omnino
2738 3463 2954 3527 oportet
2990 3457 3188 3527 cuique
3247 3462 3540 3517 relatorum

276 3558 448 3598 suam
486 3554 541 3599 et
586 3549 864 3617 propriam
915 3564 1137 3605 servare
1167 3550 1643 3621 signiﬁcationem.

360 3636 605 3707 Φανερᾶς
632 3636 722 3694 οὖν
747 3639 913 3711 οὔσης
948 3642 1047 3710 τῆς
1070 3642 1384 3708 τῶνλέξεων
1399 3643 1604 3698 τούτων
1633 3645 1863 3710 ἑννοίας,

277 3724 431 3796 πρὸς
456 3726 483 3779 ὅ
509 3743 562 3779 τι
584 3728 790 3795 βλέπει,
813 3731 930 3795 πῶς
966 3732 996 3783 ὁ
1028 3732 1116 3786 διὰ
1140 3733 1238 3803 τῆς
1275 3734 1495 3804 λογικῆς
1527 3734 1868 3804 τεχνολογίας

274 3817 551 3886 προάγων
573 3818 640 3872 τὰ
664 3819 931 3890 δόγματα,
986 3822 1082 3894 τὴν
1123 3824 1331 3877 οίκείαν
1359 3824 1469 3878 τῶν
1499 3825 1641 3895 πρός
1675 3842 1730 3879 τι
1752 3824 1869 3877 διά-

278 3924 464 3973 νοιαν,
490 3909 582 3961 ἐπὶ
603 3910 711 3963 τῶν
739 3911 1016 3983 ὀνομάτων
1037 3915 1243 3968 τούτων
1258 3917 1317 3969 οὐ
1346 3916 1704 3985 κατενόησεν;
1728 3915 1867 3967 Ἀλλ’

276 3996 559 4068 ἁρμόζειν
595 4001 765 4055 οἴεται
805 4003 883 4075 τῷ
930 4007 1252 4075 πεποιηκότι
1294 4006 1355 4060 τὸ
1383 4006 1647 4077 γέννημα,
1678 4004 1754 4075 τῷ
1780 4022 1871 4073 γε-

279 4090 582 4159 γεννηκότι
608 4092 668 4145 τὸ
701 4094 934 4165 ποίημα,
970 4095 1143 4164 λέγων
1173 4097 1265 4151 τοῦ
1298 4096 1430 4151 Υίοῦ
1460 4096 1557 4167 τὴν
1580 4096 1764 4151 οὐσίαν
1790 4098 1870 4161 είς

279 4183 497 4253 ἑαυτὴν
523 4184 771 4254 δέχεσθαι
802 4187 901 4251 τὰς
943 4188 1038 4243 τοῦ
1069 4192 1408 4260 γεννήματος
1442 4189 1538 4244 καὶ
1573 4190 1871 4261 ποιήματος

282 4277 392 4331 καὶ
431 4279 731 4349 κτίσματος
781 4282 1185 4353 προσηγορίας·
1234 4284 1527 4354 ἀμέριστον
1572 4283 1630 4337 δὲ
1677 4281 1870 4346 σώζειν

272 4371 393 4439 τὴν
419 4370 557 4438 πρὸς
573 4358 662 4422 τδν
678 4374 1042 4442 γεγεννηκότα
1062 4373 1155 4427 καὶ
1174 4376 1471 4444 ποιήσαντα
1493 4375 1587 4428 καὶ
1612 4375 1871 4428 κτίσαντα

2038 3636 2175 3691 Cum
2222 3634 2295 3690 sit
2338 3634 2524 3704 itaque
2565 3635 2759 3689 harum
2799 3635 3102 3692 dictionum
3134 3633 3324 3687 notitia
3370 3630 3549 3686 mani«

1969 3730 2110 3786 festa
2157 3728 2225 3780 ad
2271 3726 2417 3795 quod
2464 3727 2687 3796 respicit
2740 3727 2853 3795 hic,
2898 3726 2991 3795 qui
3042 3740 3138 3795 per
3186 3724 3535 3779 dialecticum

1971 3817 2265 3874 artificium
2287 3816 2543 3887 dogmata
2577 3815 2807 3887 profert.
2842 3816 3123 3886 quomodo
3157 3814 3434 3885 propriam
3468 3828 3545 3868 re-

1971 3912 2206 3965 latorum
2240 3909 2353 3965 vim
2394 3916 2448 3963 et
2490 3909 2818 3964 sententiam
2855 3909 2911 3963 in
2945 3907 3033 3963 his
3074 3907 3394 3961 nominibus
3432 3920 3539 3958 non

1973 3996 2398 4053 animadvertit?
2433 3995 2539 4051 Sed
2593 3997 2896 4068 genituram
2940 3993 3135 4051 factori
3181 4004 3235 4049 et
3278 3994 3543 4048 facturam

1970 4088 2202 4161 genitori
2238 4087 2536 4159 conjugare
2566 4093 2813 4141 autumat
2852 4085 3064 4151 dicens,
3094 4083 3218 4138 Filii
3250 4081 3544 4138 essentiam

1973 4180 2030 4233 in
2090 4179 2324 4248 seipsam
2386 4176 2674 4231 admittere
2724 4176 3067 4246 γεννήματος
3118 4172 3423 4244 (geniturae)
3490 4179 3545 4226 et

1974 4270 2275 4341 ποιήματος
2324 4268 2594 4338 (factum)
2642 4278 2699 4323 et
2749 4266 3091 4336 (κτίσματος)
3149 4270 3416 4318 creaturae
3449 4277 3544 4331 ap-

1972 4360 2325 4430 pellationes;
2364 4357 2755 4426 impartibilem
2789 4370 2918 4411 vero
2943 4368 3171 4409 servare
3196 4367 3321 4407 cum
3356 4368 3420 4407 eo
3451 4354 3543 4422 qui

280 4460 503 4529 σχέσιν.
534 4461 609 4513 Τὸ
633 4462 741 4531 γὰρ
774 4462 831 4514 ἒν
874 4465 1107 4533 πρᾶγμα
1150 4442 1295 4531 πρὸςῂ
1310 4464 1597 4535 διαφόρους
1633 4482 1870 4535 καταμε-

1975 4449 2161 4519 genuit
2192 4457 2246 4502 et
2266 4447 2360 4517 qui
2390 4445 2539 4511 fecit,
2569 4455 2625 4501 et
2650 4445 2859 4501 creavit
2884 4444 3223 4499 relationem.
3248 4442 3376 4497 Rem
3398 4443 3543 4497 enim

282 4549 551 4619 ρισθῆναι
600 4549 761 4617 φύσιν
787 4550 886 4605 οὐκ
907 4551 1041 4622 ἔχει.
1081 4552 1217 4605 Ἀλλ’
1251 4554 1279 4606 ὁ
1308 4553 1406 4622 μὲν
1437 4553 1564 4614 Υίὸς
1587 4552 1665 4623 τῷ
1696 4554 1870 4623 Πατρὶ

278 4639 734 4710 προσῳκείωται,
764 4641 856 4695 καὶ
877 4642 938 4694 τὸ
963 4643 1221 4713 γεννηθὲν
1250 4643 1325 4712 τῷ
1353 4644 1705 4712 γεννήσαντι·
1736 4644 1795 4697 τὸ
1814 4644 1871 4697 δὲ

275 4731 510 4800 ποίημα
556 4730 691 4801 πρὸς
741 4731 832 4786 τὸν
868 4734 1204 4804 πεποιηκότα
1254 4732 1352 4804 τὴν
1396 4734 1671 4804 ἀναφορὰν
1716 4733 1828 4804 ἔχει
1853 4751 1867 4765 ο

277 4822 438 4890 πλὴν
465 4823 514 4873 εἰ
539 4823 610 4893 μή
648 4840 769 4876 τινα
812 4825 1146 4896 κατάχρησιν
1191 4826 1249 4878 ὲν
1298 4825 1573 4896 ἀδιαφόρῳ
1612 4826 1721 4878 τινὶ
1749 4843 1871 4881 συν-

279 4911 465 4981 ηθείᾳ
492 4914 746 4983 ῥημάτων
760 4915 1099 4988 κυριωτέραν
1124 4917 1305 4989 ἡγοῖτό
1335 4934 1419 4980 τις
1435 4912 1569 4971 εἶναι
1584 4916 1681 4988 τῆς
1704 4933 1870 4987 προσ-

276 5002 471 5073 φυοῦς
504 5007 789 5076 σημασίας.
803 5044 842 5060 ..
1286 5012 1291 5015 ’

362 5270 481 5323 Τ...
517 5268 593 5340 (b)
618 5264 710 5324 οὖν
740 5271 1038 5342 λογισμοῖς,
1054 5274 1146 5328 καὶ
1164 5272 1355 5337 ποίοις,
1374 5273 1512 5325 κατὰ
1543 5270 1640 5339 τὴν
1666 5269 1873 5340 ἄμαχον

264 5360 641 5432 διαλεκτικὴν
660 5362 876 5434 ἐκείνην
896 5364 973 5427 εἰς
989 5363 1292 5417 τούναντίον
1311 5362 1406 5425 τάς
1426 5361 1582 5426 δόξας
1606 5360 1714 5414 τῶν
1746 5358 1873 5411 πολ-

266 5453 407 5508 λῶν
435 5455 780 5524 μεταστήσας
808 5455 978 5508 ταῦτα
996 5455 1418 5519 κατεξουσιάσας
1445 5452 1691 5516 διέξεισιν
1717 5467 1731 5482 ⁸
1793 5450 1874 5503 ὅτι

267 5543 394 5600 τοῦ
425 5544 517 5597 ἐπὶ
542 5545 761 5598 πάντων
790 5545 923 5598 Θεοῦ
952 5549 1045 5600 καὶ
1093 5546 1308 5600 κτίστου
1356 5546 1449 5598 καὶ¹
1484 5543 1696 5614 Πατρδς
1725 5558 1875 5595 νοου-

343 5654 454 5737 (ιε).
477 5652 626 5737 Lege
661 5668 731 5737 ex
763 5651 900 5737 coda
924 5651 1191 5737 Bavarico
1236 5667 1321 5737 ap.
1362 5649 1632 5737 Gretser"
1663 5643 1879 5737 ὀὐκοῦν

1977 4556 2139 4596 unam
2178 4540 2243 4594 ad
2287 4540 2534 4595 diversas
2572 4537 2865 4593 relationes
2912 4534 3167 4590 distribui
3198 4543 3403 4588 naturae
3436 4549 3543 4587 non

1975 4642 2059 4689 est
2078 4640 2530 4688 consentaneum.
2555 4628 2661 4684 Sed
2690 4626 2863 4682 Filius
2886 4626 3106 4696 quidem
3129 4624 3277 4678 Patri
3310 4623 3544 4678 naturali

1974 4724 2378 4780 necessitudine
2400 4721 2723 4777 conciliatus
2745 4726 2847 4784 est,
2876 4716 3021 4788 quod
3045 4717 3288 4787 genitum
3311 4721 3396 4770 est
3421 4730 3544 4770 cum

1974 4832 2040 4872 eo
2084 4814 2176 4886 qui
2280 4815 2487 4886 genuit,
2523 4813 2734 4867 factura
2779 4825 2903 4865 cum
2942 4825 3009 4865 eo
3037 4808 3130 4880 qui
3219 4807 3347 4863 fecit
3379 4807 3543 4863 habet

1972 4914 2218 4963 mutuam
2271 4906 2630 4971 relationem;
2677 4903 2783 4958 nisi
2838 4902 3070 4957 fortasse
3120 4901 3360 4970 aliquam
3409 4900 3546 4953 abu-

1974 5001 2183 5055 sionem
2236 4998 2291 5052 in
2337 4995 2683 5051 indiﬁ‘erente
2712 4993 2946 5063 quadam
2981 4994 3273 5049 verborum
3310 5006 3546 5048 censue.

1973 5087 2163 5142 tudine
2206 5085 2381 5155 magis
2416 5085 2692 5154 propriam
2744 5084 2870 5155 quis
2918 5097 3041 5139 esse
3068 5082 3345 5138 existimet
3378 5091 3541 5147 quam

1974 5180 2047 5235 sit
2088 5178 2351 5233 naturalis
2402 5175 2746 5247 signiﬁcatio.

2041 5271 2252 5337 Quibus
2291 5268 2461 5340 igitur
2503 5266 2834 5333 rationibus,
2864 5274 2915 5320 et
2947 5263 3203 5335 qualibus
3241 5254 3542 5313 secundum

1948 5352 2445 5430 inexpugnabilem
2497 5355 2645 5412 illam
2703 5355 3050 5412 dialecticam
3097 5351 3150 5403 in
3205 5344 3542 5400 contrarium

1971 5450 2253 5519 Opiniones
2290 5450 2589 5504 multorum
2639 5451 3018 5503 transmutans
3067 5441 3183 5493 haec
3230 5450 3329 5506 pro
3388 5434 3545 5492 libito

1970 5541 2335 5610 persequitur.
2376 5540 2534 5607 Quod
2566 5557 2688 5596 cum
2732 5541 2784 5592 in
2834 5534 3090 5593 omnibus
3129 5533 3271 5587 Deus
3308 5538 3364 5588 et
3391 5544 3546 5586 crea-

2052 5646 2128 5717 (b)
2164 5647 2309 5703 Idem
2358 5650 2504 5717 cod.,
2541 5648 2694 5701 Τίσιν
2725 5639 2819 5699 οῦν
2858 5639 3136 5711 λογισμοῖς
3184 5654 3237 5690 κ.
3284 5655 3371 5707 π.,
3410 5634 3557 5707 quod

256 5714 473 5786 συῦέζ,
505 5714 589 5794 τῷ
618 5725 719 5795 μὲν
750 5724 1048 5795 γεννήματι
1073 5724 1099 5775 ὁ
1131 5714 1415 5794 γεννήσας,
1444 5722 1470 5774 ὁ
1502 5719 1557 5773 δὲ
1589 5717 1779 5780 κτίσας
1804 5714 1870 5786 17".ﬁ

1978 5714 2255 5789 interpres
2278 5718 2432 5773 vidit.

254 5795 575 5855 κτίσματι.
