4054 6150
472 384 573 436 σεε)

1698 377 1755 434 S.
1781 370 2105 432 GBEGORII
2142 372 2431 431 NYSSENI

3604 367 3706 424 680

466 500 574 553 tor,
591 497 643 545 et
662 487 820 543 Pater
840 488 1177 560 intelligatur
1194 500 1248 546 et
1269 490 1679 559 dicatur,Filius
1698 493 1762 548 ad
1782 500 2041 562 utrasque

2148 489 2304 562 μένου
2334 507 2396 544 τε
2429 490 2523 545 καί¹
2552 490 2870 560 λεγομένου,
2900 490 2929 543 6
2957 488 3084 552 Υίὸς
3107 485 3240 558 πρὸς
3267 483 3579 557 ἀμφοτέρας
3608 487 3707 547 τὰς

466 577 857 647 appellationes
888 581 1137 650 apposite
1172 588 1227 637 et
1253 592 1617 653 congruenter
1649 598 1709 639 se
1738 582 1955 647 habeat,
1986 590 2041 637 et

465 677 719 723 creatura
743 672 905 726 simul
937 680 990 728 et
1017 675 1267 745 genitura
1312 675 1546 731 dicatur.
1596 674 1726 731 Nam
1751 689 1874 729 cum
1904 688 2038 728 con-

469 762 704 817 suetudo
764 772 818 819 et
868 776 1059 820 exacta
1103 766 1361 837 loquendi
1420 766 1594 822 forma
1648 768 1762 823 haec
1818 765 2041 820 nomina

468 859 593 918 apte
636 854 938 923 discernat,
972 864 1027 913 et
1081 857 1451 929 generationis
1489 873 1689 913 nomen
1725 862 1955 927 usurpet
1985 856 2040 909 in

470 941 558 995 his
603 959 727 1011 qua:
763 946 1067 1016 gignuntur
1106 949 1324 1019 ex'ipsa
1371 950 1641 1016 essentia;
1682 962 1882 1003 nomen
1915 962 2044 1002 vero

470 1043 739 1090 creatura!
784 1038 849 1093 in,
881 1038 967 1095 his
1022 1055 1145 1110 quae
1193 1040 1328 1097 foris
1366 1048 1421 1095 et
1475 1048 1628 1096 extra
1670 1039 2043 1095 construentis

472 1132 724 1179 naturam
764 1130 1099 1185 consistunt.
1136 1129 1481 1201 Quapropter
1524 1132 1580 1185 in
1611 1130 1907 1185 traditione
1950 1145 2046 1185 co-

470 1218 735 1285 gnitionis
782 1221 898 1284 Dei,
940 1222 1193 1295 dogmata
1235 1224 1421 1278 divina
1479 1222 1638 1278 nobis
1679 1222 2021 1278 tradiderunt

471 1304 689 1362 Patrem
734 1318 788 1364 et
831 1309 1050 1378 Filium,
1106 1326 1216 1367 non
1270 1319 1572 1367 creatorem
1620 1317 1675 1366 et
1736 1311 2043 1382 opificium;

475 1411 547 1452 ne
582 1394 707 1468 quis
741 1402 939 1457 mentis
967 1402 1214 1462 alienata:
1240 1416 1393 1458 error
1430 1400 1497 1456 ad
1529 1402 1919 1471 blasphemiam
1954 1401 2047 1457 lie-
2082 1442 2083 1445 η

474 1493 578 1551 ret,
627 1489 672 1543 si
719 1489 787 1543 ad
833 1491 1070 1546 alienum
1107 1499 1161 1547 et
1206 1491 1560 1563 peregrinum
1601 1490 1920 1560 huiusmodi
1955 1504 2049 1561 ap-

475 1577 696 1646 pellatio
743 1578 938 1635 Filium
986 1580 1304 1652 depelleret,
1336 1588 1391 1636 et
1444 1595 1514 1636 ne
1556 1580 1764 1635 aditum
1804 1581 2043 1647 aliquem

477 1668 741 1725 haberent
798 1672 913 1726 haec
962 1673 1131 1744 impia
1189 1673 1468 1744 dogmata,
1521 1687 1643 1743 quae
1696 1671 2046 1743 Unigenitum

477 1759 656 1815 Patris
706 1776 736 1815 a
787 1761 1159 1820 familiaritate
1194 1765 1309 1820 sive
1355 1762 1762 1820 necessitudine
1804 1777 1927 1833 quae
1963 1769 2047 1818 est

2141 582 2511 653 προσηγορίας
2549 580 2869 652 ἐπιτηδείως
2915 579 3047 651 ἔχει,
3074 579 3168 631 καὶ
3213 578 3417 643 κτίσμα
3457 574 3550 627 καὶ
3582 573 3708 642 γέν-

2140 689 2287 743 νημα
2355 670 2497 725 κατὰ
2539 671 2599 725 τὸ
2635 671 2751 725 ἴσον
2801 669 3112 739 λεγόμενος.
3142 669 3253 738 Τῆς
3280 669 3386 738 γάρ
3410 666 3504 719 τοῦ
3549 666 3709 734 λόγου

2142 762 2429 833 συνηθείας
2458 780 2519 816 τε
2550 762 2642 816 καί⁹
2687 762 2971 834 ἀκριϐείας
2997 761 3210 822 οίκείως
3240 757 3616 829 διακρινούσης
3642 756 3713 810 τά

2141 858 2363 911 τοιαῦτα
2413 857 2524 912 τῶν
2570 859 2872 930 ὀνομάτων,
2911 856 3006 910 καὶ
3030 855 3092 909 τὸ
3138 855 3235 926 μὲν
3272 855 3372 924 τῆς
3409 856 3713 925 γεννήσεως

2142 948 2311 1021 ὄνομα
2345 950 2438 1003 ἐπὶ
2474 949 2582 1004 τῶν
2613 950 2673 1015 ἐξ
2701 948 2873 1019 αὐτῆς
2903 948 3002 1018 τῆς
3027 947 3212 1010 οὐσίας
3248 946 3601 1016 γεννωμένων
3629 944 3718 998 λε-

2144 1038 2347 1109 γούσης
2369 1055 2386 1072 ο
2413 1039 2474 1093 τὸ
2508 1038 2565 1092 δὲ
2596 1040 2694 1110 τῆς
2735 1038 2964 1102 κτίσεως
3001 1039 3092 1109 ἐπὶ
3122 1035 3231 1090 τῶν
3261 1034 3459 1099 ἔξωθεν
3491 1036 3589 1105 τῆς
3619 1032 3713 1085 τοῦ

2145 1130 2647 1194 κατασκευάζοντος
2714 1131 2929 1200 φύσεως
3000 1128 3397 1200 ἐπισταμένων.
3454 1126 3568 1179 Καὶ
3628 1123 3718 1177 διά

2143 1219 2302 1273 τοῦτο
2318 1220 2426 1285 τῶν
2451 1220 2610 1276 θείων
2647 1220 2933 1293 δογμάτων
2964 1221 3021 1273 ὲν
3047 1221 3111 1291 τῇ
3143 1218 3437 1289 παραδόσει
3476 1218 3574 1286 τῆς
3602 1214 3718 1268 θεο-

2145 1308 2381 1379 γνωσίας
2396 1309 2610 1381 Πατέρα
2627 1310 2720 1362 καὶ
2738 1311 2864 1363 Υίὸν
2885 1308 3365 1381 παραδεδωκότων,
3386 1304 3447 1358 οὐ
3470 1303 3717 1374 κτίστην,

2146 1400 2241 1455 καὶ
2269 1400 2427 1473 ἔργον
2445 1417 2459 1432 °
2490 1401 2567 1465 ὡς
2587 1400 2654 1455 ἂν
2701 1402 2774 1473 μή
2813 1419 2895 1465 τις
2919 1401 3128 1470 γένοιτο
3166 1396 3463 1470 παραφορὰ
3499 1395 3637 1467 πρὸς
3659 1395 3722 1448 τὸ

2149 1490 2481 1563 βλάσφημον,
2511 1493 2592 1556 είς
2616 1491 2677 1546 τὸ
2708 1492 2985 1563 ἀλλότριόν
3006 1508 3067 1544 τε
3095 1489 3189 1545 καὶ
3237 1488 3387 1555 ξένον
3414 1488 3518 1558 τῆς
3546 1486 3723 1540 τοιαύ-

2145 1602 2248 1655 της
2304 1584 2671 1656 προσηγορίας
2717 1583 2811 1637 τὸν
2868 1583 2999 1637 Υίὸν
3053 1580 3401 1651 ἀπωθούσης,
3435 1577 3570 1649 μηδέ
3597 1593 3722 1631 τινα

2148 1671 2380 1743 πάροδον
2407 1671 2561 1725 λάϐοι
2597 1672 2667 1726 τά
2708 1670 2841 1725 ἄθεα
2863 1671 3129 1742 δόγματα,
3154 1669 3223 1724 τά
3248 1669 3350 1740 τῆς
3386 1668 3506 1723 καθ’
3535 1667 3723 1721 οὐσίαν

2146 1763 2475 1834 οίκειότητος
2500 1762 2591 1816 τὸν
2635 1762 2917 1833 Μονογενῆ
2965 1760 3060 1815 τοῦ
3107 1760 3322 1831 Πατρὸς
3375 1758 3720 1829 ἀφορίζοντα.

477 1848 777 1905 secundum
809 1852 1105 1907 essentiam
1144 1862 1401 1924 separant
1452 1861 1506 1909 et
1548 1826 1878 1909 distrahunt.
1910 1851 2044 1907 Nam

2161 1857 2221 1910 Ὁ
2249 1826 2423 1925 λέγων
2449 1854 2527 1925 τῷ
2556 1853 2671 1925 Υίῷ
2692 1826 2916 1926 τὴν-τού
2941 1826 3245 1923 ποιήματος
3266 1826 3527 1921 ἁρμόζειν
3554 1865 3724 1919 προσ-

475 1939 569 2009 qui
620 1939 756 1995 dicit
797 1941 1027 1999 facturas
1064 1946 1482 2015 appellationem
1538 1944 1678 2001 Filio
1725 1960 2045 2017 congruere,

477 2030 621 2085 dicet
642 2035 832 2101 procul
869 2036 1038 2091 dubio
1070 2053 1167 2107 per
1200 2039 1648 2109 consequentiam
1684 2038 1844 2093 etiam
1873 2037 2049 2092 factu-

478 2136 555 2176 rae
608 2122 731 2178 Filii
777 2128 1197 2198 appellationem
1255 2138 1451 2185 natura
1502 2132 1816 2186 convenire.
1869 2129 2049 2196 Quare

476 2213 521 2267 si
577 2211 750 2271 Filius
794 2222 879 2272 est
910 2227 1182 2286 creatura,
1223 2220 1385 2275 etiam
1417 2221 1617 2276 caelum
1660 2220 1827 2285 lilius.
1857 2230 1911 2277 et
1935 2223 2049 2277 sin-

478 2304 602 2372 gula
649 2322 771 2376 quae
818 2307 962 2363 facta
1012 2320 1139 2366 sunt
1186 2325 1215 2365 a
1265 2311 1493 2368 Domino
1545 2313 1845 2369 secundum
1903 2313 2049 2369 hunc

477 2396 800 2467 scriptorem
827 2399 919 2454 lilii
944 2402 1304 2472 appellatione
1320 2406 1791 2475 cognominantur.
1820 2403 1875 2459 Si
1903 2407 2047 2460 enim

476 2487 587 2551 ille,
631 2503 741 2544 non
775 2489 902 2560 quia
945 2504 1289 2547 communem
1325 2509 1449 2549 cum
1496 2509 1562 2550 eo
1602 2495 1697 2565 qui
1734 2494 1924 2567 genuit
1952 2509 2048 2549 na-

476 2583 656 2630 turam
703 2578 919 2645 habeat,
969 2580 1075 2636 hoc
1124 2583 1349 2639 nomine
1396 2585 1717 2655 appelletur,
1768 2586 1864 2642 sed
1920 2587 2048 2654 quia

476 2674 696 2723 creatus
738 2676 844 2734 est,
866 2670 1042 2727 Filius
1076 2673 1395 2729 nominatur
1440 2694 1453 2731 :
1481 2674 1670 2731 eadem
1702 2674 1853 2730 dabit
1886 2677 2045 2741 ratio,

474 2764 531 2809 et
576 2769 797 2823 agnum,
847 2765 903 2813 et
964 2773 1178 2824 canem,
1225 2768 1281 2815 et
1325 2777 1538 2829 ranam,
1596 2771 1651 2818 et
1712 2778 2050 2835 quaecunque

473 2844 757 2902 voluntate
808 2846 1065 2904 facientis
1123 2850 1456 2915 subsistunt,
1540 2850 1637 2906 lilii
1686 2854 2049 2923 appellatione

473 2936 767 2991 nominari.
818 2936 975 3004 Quod
1015 2941 1062 2995 si
1098 2940 1293 2995 horum
1329 2942 1755 3012 unumquodque
1799 2943 1927 3012 quia
1977 2944 2050 2999 sit

474 3033 632 3082 extra
711 3029 809 3083 filii
868 3037 1145 3095 naturam,
1200 3032 1347 3087 ﬁlius
1394 3049 1505 3088 non
1547 3041 1667 3101 est;
1700 3048 1878 3103 neque
1905 3032 2047 3089 Deus

475 3118 683 3173 dicitur
731 3129 1136 3190 consequenter
1163 3124 1408 3191 omnino,
1451 3124 1543 3194 qui
1577 3139 1703 3180 vere
1746 3133 1799 3179 et
1830 3125 2048 3195 proprie

473 3215 560 3265 est
608 3209 801 3277 Filius,
852 3221 1139 3281 propterea
1179 3214 1323 3285 quod
1364 3230 1430 3269 ex
1470 3215 1655 3270 eadem
1702 3223 1895 3269 natura
1922 3230 2045 3268 cum

473 3313 543 3355 co
582 3301 678 3371 qui
734 3304 921 3373 genuit
975 3311 1211 3369 constet,
1260 3304 1433 3359 Filius
1488 3315 1594 3370 est,
1644 3314 1697 3359 et
1744 3304 1890 3359 Deus
1928 3319 2050 3360 esse

475 3393 763 3449 asseritur.
816 3393 921 3450 Sed
946 3396 1320 3465 generationis
1359 3396 1642 3450 notionem
1677 3395 2047 3462 abominatur,

472 3492 527 3540 et
570 3485 678 3539 hoc
718 3502 916 3542 nomen
953 3489 1254 3544 criminans
1296 3490 1537 3545 carnalis
1587 3498 1798 3545 naturae
1833 3493 2050 3549 ratione

476 3588 507 3626 a
570 3574 774 3629 divinis
841 3576 1068 3633 secretis
1133 3588 1353 3649 separat
1405 3596 1422 3633 :
1478 3580 1574 3636 sed
1638 3582 1853 3639 abunde
1914 3585 2051 3640 satis

478 3666 535 3718 in
587 3665 1039 3723 antecedentibus
1095 3683 1193 3739 pro
1241 3669 1327 3725 his
1376 3686 1559 3727 sermo
1607 3673 1865 3739 ostendit,
1905 3678 2050 3747 quod

476 3754 775 3810 secundum
825 3755 1186 3827 Prophetam,
1262 3759 1387 3815 Ῑὶίὶσ
1455 3764 1840 3832 trepidaverunt
1894 3769 2050 3823 timo-

475 3858 535 3898 re
587 3842 677 3896 ubi
720 3861 823 3900 non
865 3857 980 3901 erat
1037 3850 1195 3903 timor
1234 3850 1302 3905 ".
1345 3849 1402 3905 Si
1450 3856 1595 3909 enim
1627 3855 1683 3910 in
1734 3856 2050 3916 hominibus

480 3949 592 3990 non
649 3951 863 3994 omnem
911 3944 1315 4010 generationem
1371 3944 1805 4003 demonstratum
1853 3960 1938 4005 est
1983 3967 2049 4007 ex

477 4027 671 4085 affectu
711 4030 827 4087 sive
862 4032 1122 4103 passione
1158 4042 1433 4104 constare,
1490 4038 1587 4093 sed
1634 4039 1796 4092 aliam
1830 4040 2049 4111 quidem

475 4121 814 4177 materialem
866 4138 964 4193 per
1001 4122 1284 4190 allectum;
1344 4126 1508 4182 aliam
1562 4142 1691 4184 vero
1744 4130 2046 4201 spiritalem

475 4227 669 4283 puram
702 4220 759 4268 et
792 4214 1188 4285 incorruptam.
1239 4215 1395 4283 Quod
1436 4218 1583 4273 enim
1614 4230 1932 4291 generatum
1965 4233 2050 4280 est

473 4317 543 4358 ex
585 4304 805 4374 spiritu,
842 4306 1074 4376 spiritus
1106 4315 1162 4363 et
1205 4322 1319 4363 non
1366 4323 1498 4365 caro
1541 4313 1811 4382 gignitur;
1846 4313 1900 4368 in
1931 4314 2047 4385 Spi-

474 4391 582 4446 ritu
629 4393 777 4447 nulla
824 4394 1069 4464 patibilis
1114 4397 1455 4469 conSpicitur
1503 4399 1741 4458 all'ectio.
1780 4402 2049 4471 Quoniam

2148 1947 2397 2020 ηγορίαν,
2427 1948 2543 2018 sps!
2572 1947 2791 2009 πάντως
2828 1945 2971 2001 κατὰ
2991 1943 3055 1998 τὸ
3080 1942 3370 1997 ἀκόλουθον
3394 1940 3487 1993 καὶ
3512 1939 3605 1991 ἐπὶ
3630 1938 3725 1992 τοῦ

2148 2043 2275 2112 ποιή
2284 2057 2450 2110 ματος
2470 2039 2570 2109 τὴν
2585 2038 2679 2092 τοῦ
2696 2038 2827 2092 Υίοῦ
2848 2037 3039 2107 κλῆσιν
3054 2032 3346 2107 προσφυῶς
3368 2032 3723 2102 sxw/facts,

2147 2134 2196 2186 εί
2220 2135 2248 2185 6
2268 2131 2395 2195 Υἱὸς
2423 2131 2649 2202 κτίσμα,
2678 2129 2772 2184 καὶ
2790 2128 3016 2201 οὐρανὸς
3044 2127 3178 2191 υίὸς,
3215 2126 3309 2181 καὶ
3335 2122 3405 2179 τὰ
3437 2123 3558 2177 καθ’
3595 2123 3728 2177 ἓκα-

2150 2238 2272 2276 στον
2301 2222 2411 2275 τῶν
2429 2221 2730 2290 γεγονότων
2761 2220 2966 2292 κυρίως
2999 2219 3140 2274 κατά
3164 2219 3255 2273 τὸν
3282 2217 3620 2287 λογογράφον
3656 2218 3725 2287 τῇ

2147 2312 2241 2366 τοῦ
2273 2310 2390 2365 υίοῦ
2420 2312 2763 2384 προσηγορίᾳ
2808 2310 3256 2382 κατονομάζεται.
3290 2310 3351 2363 Et
3382 2309 3491 2380 γὰρ
3521 2308 3728 2371 ἐκεῖνος

2146 2402 2266 2474 οὐχὶ
2296 2402 2375 2473 τῷ
2397 2406 2671 2458 κοινωνεῖν
2720 2402 2799 2473 τῷ
2844 2402 3194 2479 γεγεννηκότι
3231 2402 3331 2473 τῆς
3360 2401 3574 2470 φύσεως
3612 2400 3727 2470 ἔχει

2147 2494 2208 2549 τὸ
2228 2494 2421 2566 ὄνομα,
2437 2494 2574 2549 ἀλλὰ
2594 2494 2728 2549 καθὸ
2743 2494 2959 2557 κτιστός
2983 2495 3118 2559 ἐστι,
3135 2493 3275 2547 κατά
3294 2491 3453 2545 τοῦτο
3467 2490 3594 2552 Υίὸς
3612 2490 3730 2545 ὀνο-

2153 2586 2413 2658 μάζεται*
2441 2588 2469 2639 6
2492 2586 2653 2650 αὐτὸς
2673 2586 2833 2639 δώσει
2869 2586 3045 2654 λόγος,
3080 2585 3174 2639 καὶ
3208 2584 3400 2654 ἀμνὸν,
3432 2584 3527 2635 καὶ
3565 2581 3727 2647 κύνα,

2151 2680 2245 2734 καὶ
2268 2678 2554 2750 βάτραχον,
2577 2679 2670 2733 καὶ
2699 2679 2874 2732 πάντα
2898 2679 2999 2731 ὅσα
3032 2676 3295 2747 θελήματι
3320 2678 3415 2727 τοῦ
3433 2671 3721 2742 πεποιηκόο

2149 2787 2239 2833 τος
2266 2769 2496 2839 ὑπέστη,
2525 2770 2590 2839 τῇ
2606 2766 2699 2821 τοῦ
2732 2767 2849 2820 υἱοῦ
2874 2764 3215 2836 προσηγορίᾳ
3239 2757 3724 2830 κατονομάζεσθαι.

2149 2862 2213 2915 Εί
2237 2861 2293 2914 δὲ
2319 2861 2525 2914 τούτων
2550 2859 2776 2912 ἕκαστον
2792 2857 2879 2910 διά
2898 2856 2957 2909 τὸ
2985 2854 3089 2920 ἔξω
3115 2854 3216 2923 τῆς
3241 2852 3333 2905 τοῦ
3349 2849 3489 2921 Eulog
3514 2848 3730 2919 φύσεως

2150 2950 2291 3007 εἶναι
2329 2952 2449 3015 ,υίὸς
2476 2951 2576 3004 ούκ
2600 2949 2745 3003 ἔστιν
2770 2966 2783 2980 ·
2818 2948 2937 3001 οὐδὲ
2964 2946 3096 3009 Θεὸς
3124 2940 3504 3013 λέγεταικατά
3526 2940 3586 2993 τὸ
3607 2938 3729 2993 ἀκό-

2149 3044 2337 3098 λουθον
2372 3043 2589 3105 πάντως
2624 3043 2653 3094 6
2695 3040 2899 3112 κυρίως
2924 3039 3076 3104 Υἱὸς,
3099 3037 3187 3091 διά
3215 3036 3275 3090 τὸ
3302 3034 3359 3102 se
3389 3033 3559 3103 αὐτῆς
3589 3027 3728 3087 εἶναι

2151 3136 2245 3190 τοῦ
2274 3134 2663 3205 γεγεννηκότος
2702 3134 2805 3205 τῆς
2854 3130 3087 3200 φύσεως,
3121 3128 3247 3191 Υίός
3280 3128 3446 3190 ἔστιν,
3482 3126 3576 3178 καὶ
3597 3124 3729 3187 Θεὸς

2152 3220 2291 3279 εἶναι
2317 3225 2677 3294 ὁμολογεῖται.
2713 3219 2871 3274 Ἀλλά
2914 3220 3245 3290 μυσάττεται
3282 3217 3379 3286 τὴν
3412 3215 3508 3285 τῆς
3538 3214 3731 3283 γεννή-

2152 3334 2290 3381 σεως
2335 3316 2560 3379 ἔννοιαν,
2594 3315 2688 3369 καὶ
2729 3312 2981 3384 ἀφορίζει
3006 3311 3114 3365 τῶν
3157 3310 3314 3363 θείων
3346 3308 3632 3377 δογμάτων
3663 3306 3729 3375 τῇ

2152 3406 2417 3480 σαρκώδει
2439 3406 2753 3477 φυσιολογίᾳ
2780 3404 3078 3459 διαϐάλλων
3110 3402 3171 3455 τὸ
3198 3402 3388 3470 ὄνομα.
3437 3399 3575 3452 Ἀλλ’
3607 3398 3730 3451 ίκα-

2150 3499 2256 3562 νῶς
2282 3498 2421 3569 ὑπὲρ
2448 3496 2651 3550 τούτων
2674 3498 2731 3550 ὲν
2761 3497 2875 3559 τοῖς
2889 3495 3157 3565 φθάσασιν
3185 3496 3212 3547 6
3242 3494 3398 3561 λόγος
3425 3488 3727 3553 ἀπέδειξεν,

2149 3590 2230 3642 ὅτι
2259 3589 2397 3643 κατὰ
2445 3587 2537 3641 τὸν
2580 3583 3253 3660 Προφήτην,νφοϐοῦνται
3294 3581 3482 3649 φόϐον
3510 3573 3583 3633 οὗ
3619 3579 3732 3631 οὐκ

2149 3680 2279 3733 ἐστι
2301 3677 2503 3747 φόϐος.
2536 3677 2600 3729 Et
2626 3675 2837 3747 γάρὲπὶ
2863 3673 2971 3727 τῶν
3000 3671 3096 3726 ἀνθ
3107 3674 3303 3743 ρώπων
3330 3669 3391 3723 οὐ
3429 3669 3581 3720 πᾶσα
3609 3666 3731 3734 γέν-

2149 3782 2306 3838 νησις
2347 3764 2559 3836 ἐδείχθη
2611 3764 2751 3819 κατά
2781 3763 2951 3826 πάθος
2986 3759 3379 3830 συνισταμένην
3415 3756 3528 3810 ἀλλ’
3559 3758 3593 3827 ἠ
3634 3755 3732 3825 μὲν

2152 3856 2311 3929 ὑλικὴ
2331 3856 2419 3910 διά
2445 3856 2670 3920 πάθους,
2706 3856 2740 3926 ἡ
2761 3854 2817 3907 δὲ
2845 3851 3187 3924 πνευματικὴ
3222 3847 3437 3920 καθαρά
3464 3847 3560 3901 καὶ
3595 3848 3734 3915 ἀκή-

2152 3966 2334 4022 ρατος.
2352 3948 2426 4000 Τὸ
2441 3947 2549 4017 γάρ
2564 3942 2956 4015 γεγεννημένον
2968 3944 3033 3995 ἐκ
3050 3939 3143 3995 τοῦ
3167 3939 3494 4001 πνεύματος,
3512 3934 3733 4004 πνεῦμα

2152 4041 2247 4095 καὶ
2273 4040 2392 4109 οὐχὶ
2421 4037 2558 4110 σὰρξ
2581 4034 2908 4106 γίνεται,ζτῷ
2935 4034 2991 4087 δὲ
3007 4033 3277 4101 πνεύματι
3304 4028 3531 4101 οὐδεμία
3557 4028 3734 4097 παθη-

2149 4131 2276 4203 τικὴ
2312 4128 2696 4199 συνθεωρεῖται
2738 4124 3001 4188 διάθεσις.
3065 4119 3289 4192 Ἐπειδὴ
3340 4119 3429 4173 διά
3461 4118 3571 4171 τῶν
3608 4115 3731 4171 καθ’

2151 4223 2299 4294 ἡμᾶς
2327 4217 2739 4288 ὑποδειγμάτων
2762 4216 3057 4284 ἀναγκαῖον
3084 4212 3257 4283 ἐφάνη
3294 4210 3371 4281 τῷ
3405 4208 3729 4278 λογογράφῳ

2149 4312 2250 4383 τὴν
2316 4309 2465 4363 θείαν
2520 4306 2925 4375 ἐπιλογίζεσθαι
2974 4303 3228 4375 δύναμιν,
3261 4300 3505 4355 πεισάτω
3538 4298 3729 4354 ἑαυτὸν

2151 4404 2215 4456 ὲκ
2241 4400 2336 4454 τοῦ
2374 4398 2564 4471 ἑτέρου
2607 4398 2711 4468 τῆς
2754 4397 3058 4467 γεννήσεως
3092 4393 3296 4465 τρόπου
3349 4392 3410 4444 τὸ
3451 4389 3586 4460 περὶ
3633 4386 3728 4459 τὴν

475 4479 643 4551 igitur
716 4496 815 4553 per
853 4485 1102 4555 exempla
1146 4496 1336 4543 nostra
1379 4490 1751 4545 necessarium
1796 4494 2047 4563 apparuit

2152 4490 2302 4546 θείαν
2330 4488 2581 4561 γέννησιν
2607 4486 2814 4550 ἀπαθὲς
2842 4487 3060 4540 ἐννοεῖν.
3114 4482 3274 4537 Ἀλλά
3296 4480 3396 4545 τὰς
3421 4482 3572 4565 τρεῖς
3597 4476 3728 4531 ταύ-

474 4572 605 4627 huic
652 4573 956 4629 vanissimo
1005 4576 1263 4646 scriptori
1320 4579 1429 4632 vim
1463 4578 1703 4634 divinam
1743 4595 1807 4635 ac
1861 4591 2046 4652 poten-

476 4661 607 4714 tiam
634 4663 1092 4720 considerandam
1122 4681 1266 4733 esse,
1302 4666 1478 4723 discat
1512 4678 1565 4723 et
1591 4670 1696 4725 sibi
1722 4672 2048 4741 persuadeat

475 4764 540 4804 ex
577 4752 687 4807 alio
735 4756 1106 4823 generationis
1146 4757 1313 4813 modo
1367 4758 1423 4813 in
1462 4759 1645 4815 divina
1698 4765 2048 4833 generatione

475 4842 622 4911 quod
668 4842 895 4903 allectus
941 4847 1013 4902 sit
1051 4863 1247 4919 expers
1299 4848 1622 4922 intelligere.
1659 4852 1767 4908 Sed
1808 4854 1911 4912 has
1936 4863 2049 4913 tres

475 4934 619 4988 inter
660 4950 719 4991 se
768 4938 1159 5007 appellationes
1217 4940 1581 5010 confundens,
1642 4959 1874 5014 quarum
1927 4947 2049 5003 duae

475 5042 661 5097 aequas
712 5027 916 5085 habent
968 5031 1113 5088 vires
1152 5071 1168 5101 ,
1209 5041 1363 5104 putat
1397 5049 1457 5089 se
1501 5037 1777 5092 auditores
1809 5038 2050 5109 arripere

475 5135 573 5190 per
614 5119 845 5175 duarum
901 5134 1095 5176 vocum
1141 5124 1440 5179 secundum
1489 5126 1852 5197 signiﬁcatum
1904 5145 2051 5186 com-

474 5215 815 5281 munionem,
868 5214 943 5268 ita
991 5224 1051 5268 ut
1099 5215 1314 5269 tertiam
1368 5217 1511 5272 idem
1560 5219 1872 5289 significare
1904 5223 2050 5279 arbi-

475 5315 710 5363 trentur.
757 5306 1027 5373 Quoniam
1073 5307 1218 5362 enim
1271 5306 1500 5364 facturae
1538 5319 1604 5366 et
1649 5320 1917 5369 creatum
1952 5331 2048 5386 ap-

475 5399 716 5467 pellatio,
769 5398 824 5454 id
864 5399 1009 5469 quod
1059 5398 1265 5454 factum
1315 5408 1400 5455 est
1450 5409 1605 5457 extra
1647 5414 1897 5459 naturam
1928 5408 2048 5477 ejus

476 5486 569 5554 qui
605 5486 734 5541 fecit
784 5502 907 5543 esse
954 5487 1317 5557 demonstrat,
1366 5489 1453 5546 his
1488 5505 1675 5546 vocem
1716 5493 1809 5545 τοῦ
1858 5497 2049 5567 γεννή-

476 5590 647 5642 ματος
674 5575 983 5650 [geniturae]
1014 5580 1235 5654 adaptat
1255 5626 1271 5653 ,
1305 5592 1363 5639 ut
1392 5585 1498 5643 hoc
1520 5583 1680 5642 etiam
1698 5601 1894 5642 nomen
1924 5602 2048 5643 cum

545 5726 598 5757 "
622 5725 765 5780 Psal.
797 5745 916 5789 xm.
942 5732 998 5786 5.

2148 4598 2246 4645 τας
2301 4581 2418 4651 μετ’
2459 4578 2703 4648 ἀλλήλων
2745 4573 3111 4648 προσηγορίας
3149 4573 3389 4644 συγχέας
3435 4569 3496 4635 ἐξ
3521 4562 3599 4623 ὧν
3630 4569 3729 4620 ίσο-

2149 4665 2477 4744 δυναμοῢσιν
2498 4670 2554 4723 αἱ
2569 4669 2662 4724 δύο
2676 4686 2689 4701 ο
2717 4666 3084 4738 συναρπάζειν
3104 4664 3275 4717 οῐεται
3294 4664 3416 4725 τοὺς
3431 4659 3726 4719 ἀκούοντας

2149 4763 2237 4817 διὰ
2271 4763 2371 4831 τῆς
2401 4762 2511 4815 τῶν
2537 4760 2631 4814 δύο
2681 4757 2873 4829 φωνῶν
2916 4752 3058 4808 κατὰ
3094 4753 3156 4807 τὸ
3190 4751 3588 4822 σημαινόμενον
3611 4764 3726 4801 κοι-

2154 4855 2369 4920 νωνίας,
2393 4852 2455 4906 τὸ
2492 4852 2588 4906 καὶ
2607 4851 2703 4922 τὴν
2733 4849 2922 4920 τρίτην
2949 4844 3209 4908 ὡσαύτως
3234 4841 3463 4897 οῑεσθαι.
3509 4837 3726 4907 Ἐπειδὴ

2155 4947 2263 5017 γάρ
2292 4948 2327 5017 ή
2352 4944 2446 4999 τοῦ
2468 4945 2769 5017 ποιήματος
2796 4939 2890 4994 καὶ
2920 4935 3216 5006 κτίσματος
3234 4931 3581 5005 ’προσηγορία
3626 4930 3728 4996 ἔξω

2152 5038 2252 5107 τῆς
2264 5035 2358 5089 τοῦ
2383 5033 2740 5105 πεποιηκότος
2765 5031 2979 5099 φύσεως
3008 5024 3228 5081 εἶναιτὸ
3251 5024 3620 5094 πεποιημένον
3644 5023 3727 5074 ὲν-

2153 5130 2447 5191 δείκνυται,
2489 5126 2789 5197 προσάπτει
2819 5121 3029 5185 τούτοις
3062 5112 3160 5191 τὴν
3198 5119 3381 5189 φωνὴν
3404 5116 3502 5170 τοῦ
3541 5115 3730 5185 γεννή-

2158 5237 2326 5292 ματος
2344 5236 2359 5249 ·
2389 5219 2464 5281 ὡς
2501 5217 2565 5270 ἂν
2594 5213 2855 5269 καὶτοῦτο
2872 5215 2984 5275 τοῖς
3002 5211 3424 5290 προειρημένοις
3456 5224 3727 5279 συνερμη-

2154 5310 2382 5365 νεύοιτο.
2420 5304 2577 5359 Ἀλλά
2589 5306 2650 5358 τὸ
2665 5303 2904 5358 τοιοῦτον
2929 5299 3068 5366 εἶδος
3096 5301 3191 5356 τοῦ
3208 5301 3368 5368 λόγου
3395 5297 3725 5369 κακουργία,

2154 5404 2249 5457 καί¹
2285 5399 2468 5470 ἀπάτη
2516 5398 2608 5452 καὶ
2649 5395 2981 5467 φενακισμὸς
3013 5391 3368 5465 ὀνομάζεται,
3403 5390 3465 5444 οὐ
3497 5405 3727 5461 πεφρονο

2153 5492 2380 5563 τισμένη
2427 5490 2522 5544 καὶ
2557 5489 2777 5561 τεχνική
2804 5505 2888 5551 τις
2929 5485 3217 5550 ἀπόδειξις.
3249 5483 3402 5554 Μόνη
3435 5481 3545 5553 γὰρ
3586 5482 3619 5550 ὴ
3644 5476 3727 5532 διὰ

2137 5566 2268 5641 τῶν
2288 5584 2731 5657 ὁμολογουμένων
2756 5580 3064 5653 φανεροῦσα
3093 5579 3152 5634 τὸ
3182 5576 3570 5650 ἀγνοούμενον,
3595 5571 3726 5629 ἀπό-
