4054 6150
367 291 466 349 661
1448 298 1727 357 CONTRA
1758 303 2153 375 EUNOMIUM,
2195 308 2322 364 LIB.
2364 310 2456 368 IV.
3515 318 3620 373 66‘2

302 405 312 423 ’
358 408 524 475 δειξις
549 408 779 477 λέγεται.
808 410 880 462 Τὸ
918 410 973 464 δέ
1016 412 1470 483 παραλογίζεσθαι
1500 419 1587 471 διὰ
1611 424 1925 492 κακουργίας

2048 426 2318 495 praedictis
2366 429 2552 483 eadem
2579 430 3026 503 interpretatione
3048 432 3485 503 comprehendat.
3512 433 3621 491 Sed

364 503 455 553 καὶ
473 499 831 553 ὑποκλέπτειν
855 500 944 553 τὸν
970 501 1208 573 ἔλεγχον,
1230 506 1323 558 καὶ
1340 510 1556 579 συγχεῖν
1587 512 1642 562 ἐν
1672 514 1793 574 ταῖς
1818 515 1925 564 ἐπι-

2046 516 2170 570 talis
2202 518 2410 586 species
2442 522 2713 579 sermonis
2744 524 2969 588 malitia,
2997 534 3049 578 et
3074 523 3224 577 fraus
3248 532 3300 578 et
3320 524 3621 593 impostura

361 587 602 650 πολαίοις
633 588 868 652 ἀπάταις
904 589 1001 660 τὴν
1046 590 1285 646 διάνοιαν
1325 594 1453 662 τῶν,
1493 597 1672 661 καθώς
1707 616 1869 672 φησιν
1913 604 1925 653 ί

2048 607 2384 672 nominatur,
2429 626 2538 665 non
2582 616 2878 682 prudenter
2918 621 2971 669 ct
3020 625 3277 668 accurate
3315 616 3617 685 excogitata

373 676 717 743 ’Δπόστολος,
742 680 1203 752 κατεφθαρμένων
1229 686 1318 738 τὸν
1335 687 1478 749 νοῦν,
1508 690 1607 741 οὐκ
1632 691 1697 744 ἄν
1720 709 1802 756 τις
1831 693 1925 749 τῶι

2041 706 2095 751 et
2127 700 2420 756 artificiosa
2446 703 2874 773 demonstratio;
2910 707 3025 761 sola
3055 706 3197 762 enim
3225 722 3343 776 quae
3366 722 3429 760 ex
3455 709 3619 763 certis

363 769 778 839 σωφρονούντων
811 772 1086 837 ἀπόδειξιν
1110 778 1361 847 τεχνικὴν
1384 780 1722 850 ὀνομάσειεν.

2043 796 2102 845 et
2142 795 2424 850 concessis
2485 802 2540 850 et
2579 797 2748 864 notis,
2810 769 2870 853 id
2929 798 3076 868 quod
3131 799 3417 869 ignoratur
3472 800 3620 853 clare

361 860 541 925 docet,
569 862 960 923 demonstratio
991 871 1216 937 dicitur,
1254 874 1346 929 sed
1378 891 1473 945 per
1504 878 1768 943 malitiam
1806 879 1943 936 falsa
1984 890 2458 955 argumentatione
2504 892 2584 945 uti
2643 900 2697 947 et
2736 860 3049 962 'surrip-ere
3097 902 3501 963 argumentum,
3567 905 3619 948 et

360 956 748 1023 apparentibus
777 957 1011 1017 fallaciis
1074 964 1407 1021 confundere
1451 967 1860 1040 intelligentiam
1900 987 2109 1043 eorum,
2154 978 2270 1047 qui,
2319 987 2377 1033 ut
2424 980 2500 1033 ait
2534 982 2828 1050 Apostolus
2856 956 2962 1048 ’θλ
2997 956 3230 1037 mentem
3265 956 3616 1051 depravatam

359 1054 413 1099 et
448 1047 751 1117 improbam
787 1050 1009 1118 habent,
1045 1057 1229 1113 nullus
1267 1074 1456 1113 eorum
1492 1062 1583 1130 qui
1617 1064 1861 1120 modeste
1900 1068 2116 1138 sapiunt
2143 1071 2494 1127 artificiosam
2534 1072 3051 1130 demonstrationem
3086 1075 3403 1129 nominarit.

442 1141 599 1195 Ἀλλὰ
629 1143 763 1215 πρὸς
791 1145 887 1218 τὴν
926 1147 1274 1205 άκολούθειαν
1305 1155 1668 1227 μετέλθωμεν.
1712 1161 1935 1229 Ἀμεσί-

359 1248 569 1287 τευτον
594 1233 661 1287 δέ
690 1253 879 1305 φησιν
904 1235 1055 1295 εἶναι
1089 1242 1197 1312 τῆς
1230 1247 1445 1313 οὐσίας
1487 1249 1599 1317 τὴν
1626 1250 1933 1320 γέννησιν,

360 1322 459 1377 καί
487 1324 818 1394 ἀμερίστως
844 1328 1053 1390 σώζειν
1076 1334 1193 1401 τὴν
1223 1336 1373 1404 πρὸς
1405 1340 1508 1393 τὸν
1538 1345 1935 1411 γεγεννηκότα

361 1413 459 1466 καὶ
486 1414 821 1482 ποιήσαντα
865 1419 1289 1480 καϊκτίσαντα
1332 1429 1570 1497 σχέσιν.
1604 1433 1668 1485 Et
1713 1435 1810 1504 μὲν
1842 1433 1935 1490 οὖν

358 1503 418 1595 τὸ
452 1505 745 1595 άμέριστόν
767 1527 827 1562 τε
868 1512 963 1565 καὶ
1004 1514 1353 1584 άμεσίτευτον
1403 1520 1569 1575 εἰπὼν
1598 1524 1695 1593 τῆς
1717 1503 1931 1595 οὐσίας,

360 1592 417 1643 ἐν
459 1593 631 1664 τούτῳ
667 1596 760 1648 τὸν
806 1596 960 1666 λόγον
993 1598 1239 1670 ἔστησεν,
1282 1605 1381 1658 οὐκ
1422 1605 1490 1659 ἂν
1531 1608 1628 1679 τῆς
1656 1592 1933 1677 εὐσεϐοῦς

364 1682 681 1790 ὐπρλήψεοίς
715 1690 1062 1790 παρετράπη,
1098 1693 1219 1747 ἐπεὶ
1258 1697 1349 1750 καὶ⁴
1388 1699 1517 1769 παρ’
1560 1701 1716 1771 ἡμῶν
1749 1704 1936 1773 ὁμολο-
1966 1737 2008 1791 Β

360 1768 532 1842 γεῖται
568 1777 662 1829 τοῦ
690 1779 820 1831 Υἱοῦ
854 1781 912 1834 τὸ
943 1784 1079 1853 πρὸς
1108 1786 1200 1839 τὸν
1231 1788 1449 1859 Πατέρα
1478 1768 1712 1861 συναφές
1740 1768 1798 1846 τε
1841 1797 1935 1851 καὶ

359 1864 740 1932 άμεσίτευτον·
778 1868 853 1931 ὡς
895 1871 1060 1941 μηδὲν
1093 1863 1243 1927 ἐἶναι
1290 1874 1352 1928 τὸ
1392 1877 1479 1931 διὰ
1527 1879 1691 1949 μέσου
1733 1882 1937 1936 τούτων

358 1958 827 2028 παρενειρόμενον,
882 1961 910 2013 ὃ
962 1964 1161 2032 μεταξὺ
1204 1966 1304 2036 τῆς
1351 1968 1445 2022 τοῦ
1485 1970 1615 2023 Υίοΰ
1666 1973 1799 2043 πρὸς
1844 1974 1933 2027 τὸν

358 2045 576 2117 Πατέρα
622 2050 913 2117 συναφείας
969 2053 1318 2123 εὑρίσκεται,
1377 2059 1453 2130 μὴ
1512 2063 1932 2134 διαστηματικόν

356 2152 406 2189 τι
431 2137 624 2230 νόημα,
662 2139 735 2210 μὴ
774 2141 902 2195 αὐτὸ
938 2142 998 2195 τὸ
1023 2144 1225 2215 ἀκαρές
1256 2165 1315 2200 τε
1356 2151 1447 2204 καὶ
1490 2152 1711 2223 ἄτομον,
1740 2155 1768 2208 ὃ
1809 2157 1930 2230 διχῆ

354 2229 687 2297 τεμνομένου
730 2230 823 2284 τοῦ
857 2233 1072 2303 χρόνου,
1115 2235 1193 2305 τῷ
1235 2241 1585 2309 παρῳχηκότι
1623 2260 1681 2297 τε
1724 2245 1816 2297 καὶ⁵
1853 2229 1931 2316 τῷ

359 2315 624 2385 μέλλοντι,
662 2320 801 2374 κατὰ
827 2322 886 2374 τὸ
914 2323 1143 2388 ἐνεστὼς
1171 2327 1392 2397 άμερῶς
1436 2330 1521 2398 ἐφ’
1562 2332 1754 2386 ἑαυτοῦ
1793 2315 1931 2389 νοεῖέ-

353 2421 464 2468 ται,
491 2405 615 2460 οὔτε
660 2407 752 2461 τοῦ
802 2414 1211 2483 παρῳχηκότος,
1259 2414 1382 2470 οὔτε
1430 2419 1712 2488 μέλλοντος
1766 2424 1929 2493 μέρος

352 2494 601 2562 γενέσθαι
627 2496 936 2568 δυνάμενον,
963 2501 1050 2554 διὰ
1090 2504 1151 2555 τὸ
1179 2499 1317 2557 εἶναι
1356 2506 1582 2560 καθόλου
1612 2510 1929 2566 άδιάστατόν

352 2600 409 2635 τε
442 2586 535 2670 κειιῖ⁸
582 2586 800 2656 ἄτομον,
850 2589 943 2643 καὶ
984 2591 1121 2662 ὅπερ
1161 2594 1228 2646 ἂν
1267 2597 1556 2668 προστεθῇ,
1587 2599 1924 2670 άνεπίδηλον.

352 2673 425 2725 Τὸ
450 2669 541 2727 οὖν
564 2674 818 2746 καθαρῶς
849 2677 1070 2748 ᾶμεσον,
1100 2680 1272 2735 οὐδενὶ
1298 2684 1521 2756 τοιούτῳ
1553 2669 1927 2757 μσιτεύεσθαι

350 2764 601 2835 λέγομεν.
640 2768 714 2819 Οὐ
760 2767 869 2839 γὰρ
910 2768 975 2823 ἂν
1021 2769 1103 2822 ἔτι
1144 2771 1345 2841 άμεσον
1389 2776 1471 2846 εἴη
1518 2776 1579 2829 τὸ
1635 2779 1784 2849 μέσῳ
1821 2781 1927 2833 τινὶ

347 2856 739 2925 διειργόμενον.
775 2859 835 2909 Et
877 2858 1054 2913 τοίνυν
1100 2861 1348 2925 κάκεῖνος
1393 2865 1741 2933 ἀμεσίτευτον
1788 2866 1927 2924 εἶναι

348 2944 523 2998 εἰπὼν
553 2946 805 3017 τοῦΪίοῦ
841 2948 940 3018 τὴν
964 2950 1231 3020 γέννησιν,
1276 2953 1437 3023 μηδὲν
1479 2954 1587 3007 τῶν
1627 2958 1925 3027 εἰρημένων

2114 1162 2220 1218 Sed
2250 1166 2317 1220 ad
2350 1180 2413 1221 ea
2444 1182 2565 1235 quae
2599 1175 2905 1237 sequuntur
2935 1176 3299 1224 transeamus.
3328 1166 3614 1221 Immedia-

2040 1262 2149 1308 tam
2177 1264 2227 1309 et
2261 1256 2409 1311 nullo
2454 1258 2835 1313 intercurrente
2869 1258 3037 1311 medio
3069 1258 3405 1326 conjunctam
3440 1274 3614 1312 essen-

2041 1347 2127 1401 tia:
2154 1348 2541 1417 generationem
2572 1350 2802 1413 asserit;
2834 1357 2987 1419 atque
3042 1346 3440 1416 impartibiliter
3493 1363 3610 1400 ser-

2039 1451 2162 1491 vare
2208 1454 2326 1491 cum
2359 1455 2420 1494 eo
2467 1440 2555 1509 qui
2590 1441 2768 1510 genuit
2802 1450 2853 1493 et
2909 1440 2997 1509 qui
3026 1438 3150 1507 fecit
3186 1446 3235 1491 et
3271 1437 3359 1507 qui
3415 1436 3612 1488 creavit

2038 1524 2364 1582 relationem.
2410 1526 2466 1583 Si
2497 1543 2620 1582 cum
2670 1526 2997 1597 impartibile
3036 1523 3291 1581 essentiae
3333 1530 3386 1577 et
3420 1522 3612 1576 imme-

2038 1618 2246 1673 diatum
2274 1620 2433 1685 dixit,
2477 1619 2532 1673 in
2563 1634 2628 1674 eo
2660 1634 2968 1674 sermonem
3001 1618 3240 1678 sisteret,
3280 1628 3389 1668 non
3439 1628 3467 1665 a
3520 1613 3607 1682 pia

2037 1706 2090 1764 et
2123 1709 2375 1780 religiosa
2427 1711 2686 1780 opinione
2714 1709 3046 1776 deflecteret,
3085 1708 3213 1776 quia
3247 1706 3411 1760 etiam
3442 1720 3469 1758 a
3506 1720 3606 1758 no-

2038 1798 2121 1853 bis
2154 1799 2469 1853 conceditur
2489 1799 2610 1853 Filii
2640 1815 2762 1854 cum
2804 1799 2965 1853 Patre
3028 1795 3298 1853 connexio
3334 1803 3387 1849 et
3422 1796 3611 1848 imme-

2035 1887 2225 1953 diatio,
2259 1888 2385 1957 quia
2416 1890 2554 1943 nihil
2581 1890 2650 1944 sit
2687 1888 2829 1958 quod
2854 1904 2950 1958 per
2975 1888 3168 1941 horum
3199 1885 3433 1940 medium
3466 1885 3609 1937 inse-

2033 1988 2208 2045 ratur,
2244 1980 2386 2048 quod
2444 1982 2587 2035 inter
2619 1978 2743 2033 Filii
2801 1993 2924 2032 cum
2973 1976 3136 2031 Patre
3174 1974 3453 2044 compagis
3493 1972 3607 2028 sive

2033 2072 2390 2126 connexionis
2442 2070 2680 2127 medium
2737 2070 3064 2124 inveniatur.
3127 2065 3247 2119 Non
3316 2063 3606 2118 intervallo

2032 2161 2292 2216 distincta
2324 2161 2506 2229 notio,
2548 2175 2657 2214 non
2714 2159 2893 2227 ipsum
2954 2157 3240 2211 minimum
3298 2161 3348 2207 et
3409 2151 3607 2206 indivi«

2031 2251 2219 2316 duum,
2253 2250 2397 2321 quod
2432 2264 2608 2320 neque
2640 2249 2818 2304 secari
2846 2262 3022 2316 neque
3074 2244 3239 2299 dividi
3271 2241 3342 2295 ob
3394 2240 3603 2310 exigui-

2031 2350 2195 2397 tatem
2229 2351 2408 2412 potest
2433 2360 2447 2409 ;
2478 2357 2601 2396 cum
2628 2347 2842 2409 tempus
2862 2337 3114 2392 bifariam
3138 2334 3433 2396 dividatur,
3462 2348 3602 2400 pree-

2030 2435 2192 2489 terito
2224 2443 2280 2488 et
2311 2434 2516 2497 futuro,
2550 2447 2793 2503 praesens
2850 2431 2905 2483 in
2960 2428 3142 2497 seipso
3206 2424 3605 2494 impartibiliter

2030 2522 2350 2593 intelligitur
2376 2522 2523 2592 quod
2555 2537 2727 2590 neque
2759 2518 3042 2590 praeteriti,
3074 2530 3251 2585 neque
3279 2514 3449 2568 futuri
3480 2527 3606 2582 pars

2029 2629 2155 2670 esse
2198 2620 2397 2683 potest,
2430 2613 2556 2684 quia
2599 2612 2748 2666 omni
2796 2607 3135 2665 dimensione
3167 2614 3370 2668 careat,
3429 2604 3607 2672 sitque

2028 2704 2352 2758 continuum
2387 2709 2441 2758 et
2471 2700 2835 2767 individuum,
2869 2711 2923 2757 et
2954 2698 3002 2754 si
3024 2692 3154 2766 quid
3181 2693 3454 2763 adjectum
3490 2694 3605 2748 fue—

2029 2793 2573 2864 rit,inconspicuum.
2604 2788 2760 2856 Quod
2802 2787 2967 2857 igitur
2998 2799 3132 2855 pure
3184 2783 3349 2838 medii
3413 2800 3605 2853 expers

2028 2893 2133 2952 est,
2164 2884 2314 2937 nullo
2343 2883 2435 2938 tali
2494 2881 2898 2939 intercurrente
2936 2875 3114 2932 medio
3173 2874 3343 2928 dividi
3384 2882 3602 2944 potest;

2029 2989 2138 3029 non
2167 2974 2310 3028 enim
2344 2973 2578 3041 amplius
2609 2978 2756 3026 esset
2790 2969 2953 3024 medii
2978 2983 3193 3037 expers,
3230 2965 3375 3037 quod
3423 2966 3605 3035 aliquo

347 3036 644 3105 ἐπήνεγκε,
673 3038 772 3108 τὴν
801 3039 1038 3104 εὐσεϐῶς
1062 3042 1353 3115 νοουμένην
1384 3043 1478 3097 τοῦ
1520 3046 1649 3098 Υίοῦ
1678 3049 1811 3117 πρὸς
1838 3050 1925 3103 τὸν

2030 3064 2210 3119 medio
2242 3036 2551 3118 coercetur.
2586 3061 2643 3116 Si
2691 3061 2856 3132 igitur
2917 3060 3007 3114 ille
3036 3036 3126 3129 qui
3177 3036 3299 3113 cum
3333 3057 3469 3112 dixit
3501 3058 3605 3109 im-

348 3126 566 3194 Πατέρα
597 3129 887 3197 συνάφειαν
929 3132 1301 3203 ὲδογμάτιζεν.
1344 3137 1559 3207 Ἐπειδὴ
1593 3138 1649 3191 δὲ
1675 3139 1924 3213 καθάπερ

349 3216 743 3287 μεταμεληθεὶς
778 3220 861 3288 ἐφ’
891 3215 971 3284 οἷς
1008 3223 1247 3294 εἴρηκεν,
1291 3225 1452 3289 εὐθὺς
1502 3228 1799 3298 ἐπήγαγεν,
1844 3232 1924 3283 ὅτι

344 3305 516 3368 Σώζει
546 3308 660 3376 τὴν
679 3311 825 3378 πρὸς
854 3312 961 3366 τόν
985 3318 1381 3384 γεγεννηκότα
1412 3319 1508 3373 καὶ
1538 3324 1920 3389 πεποιηκότα,

346 3400 445 3452 καὶ
500 3401 792 3455 κτίσαντα
837 3404 1078 3471 σχέσιν,
1116 3408 1340 3478 ἐμόλυνε
1385 3412 1495 3474 τοῖς
1539 3412 1808 3485 δευτέροις
1855 3413 1923 3466 τὰ

345 3489 607 3560 πρότερα,
652 3491 728 3561 τῷ
775 3494 998 3566 καθαρῴ
1048 3497 1189 3569 λόγῳ
1238 3500 1336 3570 τὴν
1382 3499 1696 3573 βλάσφημον
1740 3506 1921 3576 φωνὴν

344 3579 640 3649 ἐπεμέσας.
684 3582 853 3653 Δῆλον
882 3586 988 3657 γάρ
1032 3587 1113 3640 ὅτι
1139 3590 1298 3645 κάκεῖ
1339 3591 1399 3644 τὸ
1439 3593 1813 3664 άμεσίτευτον,
1858 3596 1919 3649 οὐ

345 3671 483 3740 πρὸς
513 3672 572 3724 τὸ
600 3674 820 3739 εὐσεϐὲς
850 3676 1053 3746 βλέπει.
1088 3680 1223 3733 Ἀλλ’
1253 3683 1328 3747 ὡς
1351 3683 1415 3737 ἄν
1440 3703 1520 3749 τις
1546 3686 1691 3755 λέγοι
1720 3689 1919 3757 μεταξὺ

343 3762 436 3814 τοῦ
465 3762 596 3832 ῆλου
628 3767 719 3819 καὶ
763 3767 856 3820 τοῦ
894 3769 1137 3838 χαλκέως
1199 3774 1500 3843 μεσιτεύειν
1541 3778 1639 3849 τὴν
1677 3778 1916 3849 σφύραν’

342 3850 546 3923 ταύτης
570 3855 626 3908 δὲ
663 3851 801 3908 εἶναι
834 3858 933 3929 τὴν
962 3862 1301 3934 κατασκευὴν
1343 3866 1714 3935 άμεσίτευτον.
1756 3868 1921 3925 Οὔπω

344 3944 451 4016 γάρ
477 3945 584 3999 τῶν
609 3948 854 4019 ὀργάνων
885 3951 990 4004 ὑπὸ
1016 3953 1115 4023 τῆς
1150 3955 1348 4027 τέχνης
1379 3958 1773 4030 ἐξευρημένων,
1798 3964 1918 4017 ἐπι-

344 4036 460 4108 νοίᾳ
490 4038 595 4091 τινὶ
625 4039 721 4110 τὴν
761 4039 970 4111 σφῦραν
997 4043 1063 4096 δι’
1091 4045 1276 4114 ἐτέρου
1305 4048 1448 4113 τινὸς
1497 4050 1726 4121 ὀργάνου
1771 4054 1920 4125 παρὰ

343 4127 435 4181 τοῦ
471 4129 709 4199 τεχνίτου
738 4131 959 4203 πρώτην
994 4134 1264 4202 γενέσθαι,
1302 4140 1395 4191 καὶ
1429 4138 1569 4193 οὕτω
1603 4141 1690 4195 διὰ
1716 4144 1919 4215 ταύτης

341 4216 409 4270 τὰ
436 4216 591 4272 ἄλλα.
622 4219 805 4274 Ταῦτα
838 4224 931 4276 καὶ
960 4224 1088 4295 περὶ
1111 4224 1205 4277 τοῦ
1231 4227 1566 4296 Μονογενοῦς
1597 4234 1735 4285 νοεῖν
1759 4234 1793 4303 ἡ
1824 4233 1916 4286 τοῦ

340 4309 734 4377 ἁμεσιτεύτου
770 4312 913 4379 λέξις
948 4314 1039 4368 τὸν
1073 4316 1408 4386 λογογράφον
1438 4320 1783 4377 ἐνδείκνυται.
1809 4324 1917 4378 Καὶ

2032 3154 2322 3208 mediatam
2356 3168 2478 3208 esse
2508 3152 2627 3206 Filii
2652 3150 3224 3221 generationem,nihil
3256 3163 3451 3204 eorum
3483 3165 3604 3219 qum

2030 3245 2099 3299 ab
2123 3245 2243 3314 ipso
2272 3244 2415 3298 dicta
2451 3250 2579 3298 sunt
2638 3241 2934 3305 intulisset,
2996 3254 3115 3294 eam
3164 3254 3285 3308 quae
3336 3240 3424 3309 pie
3476 3254 3602 3293 cum

2028 3337 2187 3389 Patre
2227 3333 2550 3403 intelligitur
2599 3330 2721 3386 Filii
2776 3329 3170 3385 connexionem
3202 3344 3302 3384 suo
3350 3329 3604 3399 dogmate

2028 3427 2455 3497 eomprobasset.
2514 3422 2621 3479 Sed
2671 3422 2930 3493 quoniam
2965 3421 3112 3475 velut
3150 3420 3475 3490 paenitentia
3505 3421 3602 3474 du-

2026 3529 2149 3575 ctus
2178 3519 2246 3574 ob
2273 3532 2336 3573 ea
2388 3531 2507 3587 quae
2541 3514 2699 3579 dixit,
2754 3512 3018 3567 continuo
3080 3513 3383 3582 subjunxit,
3454 3514 3600 3580 quod

2027 3618 2207 3666 servat
2236 3622 2353 3663 cum
2380 3625 2439 3662 eo
2467 3610 2555 3680 qui
2586 3605 2784 3677 genuit,
2820 3612 2869 3659 et
2899 3604 3043 3673 fecit,
3080 3612 3128 3658 et
3183 3605 3413 3668 creavit,
3462 3603 3602 3654 rela-

2028 3703 2241 3765 tionem,
2284 3698 2682 3770 posterioribus
2734 3696 2919 3766 priora
2981 3693 3394 3760 contaminavit,
3458 3693 3599 3746 etin

2027 3802 2332 3843 sermonem
2366 3801 2559 3857 purum
2588 3785 2985 3854 blasphemiam
3028 3794 3082 3839 et
3136 3783 3355 3853 impiam
3414 3797 3599 3837 vocem

2025 3878 2284 3934 evomuit.
2359 3875 2913 3944 Perspicuum-enim
2975 3872 3086 3927 illic
3134 3872 3194 3925 τὸ
3249 3871 3601 3942 ἀμεσίτευτον

2028 3966 2485 4038 (immediatum)
2521 3981 2646 4021 cum
2696 3965 2853 4034 dixit,
2884 3980 2995 4022 non
3027 3964 3172 4036 quod
3204 3965 3352 4035 pium
3385 3972 3468 4019 est
3517 3980 3602 4019 re-

2024 4061 2256 4130 Spicere,
2296 4058 2387 4114 sed
2425 4065 2484 4113 ut
2515 4057 2561 4113 si
2594 4056 2719 4127 quis
2748 4055 2953 4110 diceret
2985 4056 3129 4110 inter
3175 4056 3390 4110 clavum
3437 4063 3491 4109 et
3526 4070 3600 4109 ae-

2024 4149 2229 4203 rarium
2258 4146 2472 4202 fabrum
2494 4147 2730 4203 medium
2763 4145 3098 4200 intervenire
3132 4144 3411 4206 malleum,
3437 4142 3599 4211 hujus

2022 4246 2202 4293 autem
2248 4248 2578 4293 structuram
2606 4246 2658 4293 et
2699 4236 3119 4292 fabricationem
3178 4233 3358 4287 medio
3386 4247 3594 4287 carere.

2023 4327 2271 4382 Nondum
2299 4329 2443 4382 enim
2476 4328 2853 4383 instrumentis
2884 4327 2952 4380 ab
2987 4331 3103 4378 arte
3127 4317 3365 4377 inventis
3425 4324 3600 4379 soler-

340 4400 399 4452 οὐ
433 4400 593 4469 μόνος
618 4402 674 4455 ὲν
700 4403 873 4474 τούτῳ
898 4405 1235 4475 πεπλάνηται
1266 4410 1406 4463 κατὰ
1434 4410 1531 4481 τὴν
1560 4414 1789 4468 ἀτοπίαν
1824 4414 1917 4469 τοῦ

2028 4418 2097 4472 tia
2128 4416 2363 4485 quadam
2422 4417 2677 4473 malleum
2711 4433 2806 4489 per
2863 4418 3010 4470 aliud
3063 4415 3339 4486 quoddam
3388 4417 3597 4472 instru-

342 4489 610 4559 δόγματος
636 4493 664 4543 ό
693 4492 956 4563 Εὐνόμιος
974 4507 987 4522 ⁸
1017 4496 1129 4548 ἀλλ’
1155 4496 1270 4550 ἐστι
1318 4498 1412 4552 καὶ
1454 4500 1512 4554 ἐν
1543 4502 1656 4564 τοῖς
1679 4502 1923 4571 Θεογνὼ-

343 4594 451 4648 στῳ
485 4582 882 4651 πεπονημένοις
926 4583 986 4637 τὸ
1026 4579 1142 4639 ἴσον
1168 4587 1347 4657 εὑρεῖν
1367 4604 1379 4617 ·
1423 4588 1483 4652 ὃς
1514 4606 1645 4661 φησι
1669 4592 1760 4647 τὸν
1789 4593 1921 4647 Θεὸν

343 4669 664 4741 βουλόμενον
710 4673 828 4725 τόδε
881 4675 942 4727 τὸ
978 4677 1086 4730 πᾶν
1132 4679 1559 4744 κατασκευάσαι,
1589 4681 1802 4751 πρῶτον
1830 4684 1920 4737 τὸν

342 4764 470 4816 Υίὸν
498 4759 610 4818 οἷόν
645 4782 765 4819 τινα
796 4766 993 4821 κανόνα
1033 4768 1133 4840 τῆς
1177 4769 1531 4841 δημιουργίας
1573 4776 1918 4847 προῦποστή-

343 4853 558 4910 σασθαι.
588 4856 723 4910 Οὐδὲ
761 4858 966 4922 ἐκεῖνος
991 4860 1212 4915 συνιδὼν
1237 4862 1294 4915 ἐν
1318 4861 1395 4932 τῷ
1418 4862 1561 4934 λόγῳ
1590 4864 1650 4916 τὸ
1685 4865 1912 4920 ἄτοπον

340 4945 422 4999 ὅτι
456 4945 517 4998 τὸ
551 4946 627 5017 μὴ
655 4947 847 5001 ἑαυτοῦ
873 4948 1052 5019 χάριν,
1080 4949 1215 5003 ἀλλὰ
1254 4951 1321 5004 δι’
1361 4951 1488 5007 ἄλλο
1518 4971 1568 5007 τι
1598 4955 1917 5028 άτιμότερόν

342 5038 458 5089 ἐστι
487 5037 702 5101 πάντως
721 5038 815 5091 τοῦ
844 5039 910 5092 δι’
936 5039 964 5092 δ
990 5039 1215 5107 γίνεται,
1244 5040 1319 5105 ὡς
1345 5042 1405 5096 τὸ
1424 5047 1725 5116 γεωργικὸν
1753 5049 1915 5117 ἐργα-

339 5127 483 5181 λεῖον
508 5129 609 5198 τῆς
639 5128 784 5199 ζωῆς
828 5132 984 5202 χάριν
1034 5132 1452 5205 ἐπιτηδεύομεν’
1474 5136 1535 5188 οὐ
1578 5136 1681 5207 μὴν
1720 5138 1917 5210 ἐπίσης

339 5221 566 5289 τιμᾶται
596 5224 661 5293 τῇ
702 5220 813 5293 ζωῇ
845 5224 936 5276 καὶ
967 5224 1026 5277 τὸ
1064 5224 1311 5297 ἄροτρον.
1350 5225 1505 5280 Οὕτω
1537 5228 1711 5282 τοίνυν
1744 5231 1837 5282 καὶ
1869 5232 1917 5283 εί

339 5310 429 5365 διὰ
476 5311 568 5366 τὸν
612 5313 813 5383 κόσμον
851 5316 879 5369 ὁ
922 5315 1145 5390 Κύριος,
1193 5317 1289 5371 καὶ
1330 5318 1450 5388 οὐχὶ
1490 5318 1556 5373 δι’
1601 5320 1806 5374 ἐκεῖνον
1851 5322 1918 5375 τά

342 5401 541 5467 πάντα,
587 5404 971 5477 προτιμότερα
997 5407 1063 5461 ἂν
1116 5407 1202 5478 εἴη
1241 5407 1335 5462 τοῦ
1378 5407 1577 5482 Κυρίου
1621 5410 1818 5476 πάντα,
1844 5405 1918 5467 ὧν

341 5493 501 5564 χάριν
520 5495 727 5548 ἐκεῖνον
754 5496 1002 5564 γενέσθαι
1024 5499 1255 5567 λέγουσι.
1280 5501 1450 5556 Τοῦτο
1479 5505 1570 5557 καὶ
1594 5503 1687 5557 νῦν
1709 5504 1796 5558 διὰ
1826 5505 1918 5558 τοῦ

341 5581 500 5653 λόγου
543 5586 1006 5650 κατασκευάζουσι
1042 5589 1109 5643 δι’
1147 5583 1222 5645 ὧν
1268 5593 1620 5664 άμεσίτευτον
1665 5594 1808 5665 ἔχειν
1832 5596 1922 5650 τὸν

418 5743 483 5773 ’δ’
521 5740 679 5797 Rom.
714 5756 753 5808 ι,
787 5740 881 5806 29,
912 5741 999 5795 50.

2019 4514 2261 4563 mentum
2308 4508 2377 4565 ab
2410 4508 2619 4563 artifice
2662 4509 2899 4577 primum
2932 4506 3138 4561 factum
3199 4521 3343 4571 esse,
3410 4516 3463 4562 et
3518 4508 3599 4563 sic

2017 4613 2113 4671 per
2143 4600 2287 4654 hunc
2312 4600 2437 4654 alia.
2471 4597 2595 4653 llaec
2623 4600 2689 4654 de
2715 4598 3006 4670 Unigenito
3041 4613 3242 4653 vanum
3273 4598 3419 4653 hunc
3460 4614 3599 4653 scrt~

2016 4700 2225 4762 plorem
2251 4691 2551 4762 intelligere
2586 4690 2753 4745 dictio
2782 4688 3136 4761 ἀμεσιτεύτου
3170 4687 3370 4758 (medio
3400 4704 3593 4743 caren-

2024 4783 2407 4860 tis)ostendit.
2438 4782 2547 4840 Nec
2612 4782 2763 4839 solus
2812 4782 2869 4836 in
2913 4781 3018 4837 hoc
3050 4795 3148 4851 per
3200 4780 3596 4837 absurditatem

2024 4873 2292 4943 dogmatis
2340 4875 2599 4943 deceptus
2646 4879 2731 4928 est
2779 4870 3114 4936 Eunomius,
3183 4871 3279 4928 sed
3335 4873 3497 4928 etiam
3540 4873 3597 4927 in

2024 4961 2180 5016 libris
2209 4977 2241 5016 a
2270 4964 2617 5036 Theognosto
2643 4962 2970 5033 conscriptis
3051 4962 3181 5032 quid
3240 4963 3417 5019 simile
3472 4963 3600 5018 licet

2021 5051 2286 5116 invenire,
2317 5052 2409 5120 qui
2437 5051 2570 5107 dicit
2593 5050 2762 5108 Deum
2800 5054 3070 5110 volentem
3106 5056 3209 5110 hoc
3274 5056 3591 5111 universum

2022 5150 2360 5208 construere,
2395 5145 2631 5214 primum
2666 5144 2864 5201 Filium
2918 5147 3069 5202 velut
3120 5147 3409 5217 quamdam
3466 5159 3597 5197 nor-

2023 5245 2167 5287 mam
2204 5232 2404 5304 Opiticii
2438 5235 2590 5304 prius
2617 5236 2991 5294 substituisse.
3034 5236 3145 5293 Nec
3174 5238 3264 5290 ille
3323 5234 3595 5289 sermonis

2025 5325 2187 5395 hujus
2217 5323 2606 5381 absurditatem
2639 5326 2925 5391 intellexit,
2957 5325 3104 5395 quod
3140 5337 3335 5391 nempe
3368 5336 3476 5374 non
3508 5328 3594 5377 est

2024 5417 2109 5472 sui
2133 5415 2305 5486 ipsius
2337 5415 2533 5485 gratia,
2569 5418 2664 5472 sed
2694 5430 2918 5488 propter
2956 5414 3102 5469 aliud
3136 5414 3395 5483 quiddam
3428 5414 3593 5471 vilius

2023 5514 2107 5562 est
2136 5522 2360 5577 prorsus
2383 5522 2448 5563 eo
2476 5515 2694 5577 propter
2726 5507 2870 5577 quod
2930 5504 3177 5568 eflicitur,
3210 5502 3361 5558 velut
3425 5504 3593 5561 rusti-

2026 5612 2150 5655 cum
2190 5597 2411 5669 aliquod
2445 5598 2865 5655 instrumentum
2904 5595 3025 5651 vitae
3077 5595 3250 5665 gratia
3305 5612 3589 5659 curamus,
