4010 6156
430 338 535 395 633
1655 335 1709 391 S.
1740 336 2068 393 GREGORH
2105 336 2395 393 NYSSENI
2450 402 2463 411 _
3587 341 3681 397 666

428 472 538 512 non
576 463 753 508 tamen
787 452 902 522 pari
945 451 1151 508 honore
1186 451 1420 505 allicitur
1451 460 1690 506 aratrum
1716 470 1826 523 quo
1864 457 1995 508 vita.

2112 454 2229 509 Υίὸν
2258 457 2355 525 τὴν
2404 455 2537 526 πρὸς
2578 454 2666 506 τὸν
2706 453 2961 506 κτίσαντα
3006 452 3098 505 καὶ
3133 452 3468 523 πεποιηκότα
3506 457 3682 526 σχέσιν

432 545 523 601 Sic
553 546 734 613 igitur,
793 543 839 595 si
902 553 1123 612 propter
1168 543 1430 598 mundum
1490 543 1755 598 Dominus
1804 554 1858 599 et
1896 562 2004 600 non

2113 545 2551 614 διισχυρίζονται.
2712 570 2713 577 η
3621 552 3630 563 ’

430 642 648 705 propter
708 632 859 685 illum
912 634 1119 699 omnia,
1189 634 1396 690 honore
1448 636 1653 703 majore
1692 644 1877 692 essent
1926 636 2199 707 dignanda
2229 652 2390 710 quam
2439 635 2699 693 Dominus
2757 635 2939 689 omnia
3000 648 3233 705 quorum
3292 636 3467 706 gratia
3538 638 3684 692 illum

428 726 669 796 genitum
701 739 822 779 esse
849 734 1125 780 asserunt.
1157 724 1272 781 Hoc
1308 727 1471 781 etiam
1504 742 1652 782 nunc
1699 743 1798 798 per
1853 728 2001 784 hunc
2052 744 2358 785 sermonem
2426 734 2779 794 construunt,
2821 743 2930 796 quo
2962 725 3288 782 conﬁrmant
3340 724 3540 782 Filium
3593 728 3689 781 ha-

429 816 556 871 bere
589 814 943 887 ἁμεσίτευτον
978 819 995 879 (
1022 817 1390 873 immediatam
1415 820 1433 887 )
1462 833 1586 873 cum
1628 834 1693 875 eo
1724 819 1818 890 qui
1868 835 2011 876 creai

2112 830 2155 876 et
2182 820 2311 876 fecit
2344 820 2684 876 relationem.

499 911 603 965 Sed
636 910 870 980 benigne
895 922 950 966 et
988 915 1219 969 comiter
1236 915 1346 984 agit
1383 914 1438 967 in
1466 915 1717 983 reliquis,
1745 924 1797 970 et
1828 914 1961 970 dicit
1990 932 2003 968 :

360 1020 363 1021 ν
429 1000 558 1056 Cum
596 1000 740 1055 nullo
770 1018 950 1055 eorum
984 1019 1102 1073 qua:
1132 1020 1224 1072 per
1261 1006 1433 1073 ipsam
1456 1014 1509 1058 et
1536 1015 1652 1073 post
1684 1007 1821 1061 hanc
1857 1007 2005 1075 facta

429 1102 551 1145 sunt
572 1095 891 1161 comparari.
922 1091 1075 1147 Talia
1104 1092 1337 1149 Domino
1400 1096 1566 1151 veluti
1608 1098 1872 1154 satellites
1926 1099 1999 1153 fe-

428 1188 557 1237 runt
595 1188 649 1236 et
676 1182 995 1237 ministrant
1023 1184 1270 1239 veritatis
1305 1185 1509 1240 inimici
1544 1201 1639 1253 per
1666 1203 1787 1256 quae
1826 1189 2002 1241 mani-

431 1269 623 1327 festius
657 1271 1017 1341 blasphemia,
1050 1274 1103 1328 id
1141 1283 1244 1339 est,
1271 1276 1496 1346 impium
1526 1278 1824 1331 convitium
1867 1294 2000 1333 con-

432 1362 687 1415 struitur.
738 1360 835 1417 Dic
867 1364 1025 1429 mihi,
1060 1365 1319 1435 quidnam
1356 1373 1441 1421 est
1474 1383 1540 1422 ex
1594 1370 1819 1441 reliquis
1881 1387 2002 1443 quae

432 1459 563 1505 sunt
596 1451 896 1507 secundum
928 1464 1255 1521 creaturam,
1287 1457 1433 1527 quod
1467 1472 1590 1513 cum
1639 1460 1811 1515 altero
1854 1476 2003 1515 com-

432 1547 771 1616 parationem
835 1546 1076 1601 habeat?
1132 1560 1256 1600 cum
1292 1548 1517 1603 omnino
1570 1550 1624 1603 in
1678 1566 2007 1622 unoquoque

433 1648 693 1708 appareat
734 1638 1071 1710 preprietas,
1127 1652 1249 1708 quae
1280 1654 1388 1693 non
1426 1650 1643 1709 appetat
1677 1656 1800 1696 cum
1843 1644 2008 1699 rebus

2190 915 2353 969 Ἀλλὰ
2378 913 2877 987 φιλανθρωπεύεται
2902 915 3013 976 τοῖς
3036 911 3347 976 ὑπολοίποις
3375 911 3469 965 καὶ
3499 910 3686 981 φησίν·

2111 1006 2323 1061 Οὑδενὶ
2352 1005 2470 1059 τῶν
2504 1006 2577 1059 δι’
2608 1004 2797 1071 αὐτῆς
2824 1005 2922 1058 καὶ
2964 1003 3090 1072 μετ’
3136 1002 3330 1071 αὐτὴν
3362 1001 3693 1073 γενομένων

2108 1095 2557 1165 συγκρίνεσθαι.
2613 1094 2846 1147 Τοιαῦτα
2889 1093 3274 1165 δορυφοροῦσιν
3319 1094 3368 1146 οἱ
3416 1094 3513 1162 τῆς
3559 1092 3690 1162 άλη-

2104 1188 2253 1250 θείας
2303 1186 2486 1258 ἐχθροὶ
2529 1184 2607 1255 τῷ
2650 1186 2859 1257 Κυρίῳ,
2911 1185 2976 1239 δι’
3017 1180 3093 1239 ὧν
3144 1183 3598 1255 περιφανέστερον
3658 1184 3692 1252 ή

2104 1276 2418 1347 βλασφημία
2468 1275 2943 1338 κατασκευάζεται.
2991 1276 3056 1328 Τί
3099 1275 3223 1345 γὰρ,
3259 1273 3382 1326 εἰπέ
3422 1291 3533 1343 μοι,
3577 1272 3686 1323 τῶν

2104 1368 2450 1433 ὑπολοίπων,
2499 1367 2599 1419 ὅσα
2655 1366 2796 1419 κατὰ
2851 1367 2947 1438 τὴν
2997 1366 3172 1419 κτίσιν
3224 1364 3359 1424 ἐστὶ,
3408 1362 3511 1430 τὴν
3563 1361 3694 1433 πρὸς

2105 1458 2289 1529 ἕτερον
2322 1458 2604 1528 σύγκρισιν
2638 1455 2780 1526 ἕχει;
2816 1455 3059 1509 Καθόλου
3089 1456 3187 1525 τῆς
3217 1454 3275 1507 ὲν
3322 1452 3538 1522 ἑκάστῳ
3572 1470 3695 1521 φαι-

2109 1549 2340 1620 νομένης
2370 1547 2647 1617 ἰδιότητος,
2688 1547 2748 1600 οὑ
2784 1546 3148 1618 προσιεμένης
3175 1546 3271 1614 τὴν
3302 1544 3437 1615 πρὸς
3467 1543 3535 1596 τὰ
3578 1544 3696 1595 ὲτε·

2115 1642 2308 1711 ρογενῆ
2352 1638 2654 1691 κοινωνίαν.
2713 1637 2824 1690 Οὑκ
2867 1637 3082 1707 οὐρανῷ
3129 1636 3266 1707 πρὸς
3312 1636 3413 1704 γῆν
3462 1636 3612 1687 ἐστιν
3662 1637 3697 1704 ἡ

435 1733 501 1789 iis
537 1750 656 1804 quae
699 1741 828 1789 sunt
883 1733 1083 1788 diversi
1117 1733 1335 1803 generis
1369 1737 1832 1793 communionem.
1889 1734 2006 1789 Non

2115 1730 2419 1801 σύγκρισις,
2450 1728 2510 1781 οὐ
2540 1726 2707 1799 ταύτῃ
2739 1726 2873 1797 πρὸς
2906 1727 3031 1789 τοὺς
3074 1726 3329 1796 ἀστέρας,
3357 1725 3417 1777 οὑ
3464 1725 3600 1795 πρὸς
3632 1726 3701 1777 τὰ

433 1838 557 1878 cum
600 1833 743 1879 terra
798 1825 937 1879 coelo
969 1832 1053 1880 est
1111 1824 1467 1894 comparatio,
1503 1842 1611 1881 non
1671 1833 1829 1881 terrae
1882 1840 2005 1880 cum

432 1915 627 1981 stellis,
664 1931 771 1970 non
827 1915 1102 1969 sideribus
1160 1929 1284 1989 cum
1319 1916 1481 1977 mari,
1519 1932 1627 1972 non
1683 1931 1837 1987 aqua;
1884 1931 2006 1972 cum

434 2003 632 2072 lapide,
662 2018 772 2057 non
809 2004 1136 2059 animalibus
1162 2019 1285 2059 cum
1319 2006 1631 2069 arboribus,
1679 2021 1787 2060 non
1836 2013 2009 2061 terre-

434 2095 642 2149 stribus
675 2110 796 2148 eum
830 2095 1164 2163 volatilibus,
1220 2112 1329 2152 non
1396 2098 1842 2169 quadrupedibus
1884 2112 2008 2152 cum

434 2183 772 2249 natatilibus,
803 2200 909 2239 non
945 2186 1123 2242 brutis
1165 2201 1291 2241 cum
1357 2189 1591 2244 rationis
1626 2187 2006 2257 participibus.
2070 2262 2073 2265 _

434 2275 501 2329 Et
527 2275 655 2345 quid
680 2290 905 2330 necesse
934 2277 987 2330 in
1015 2277 1250 2346 singulis
1273 2288 1573 2335 morantem
1598 2279 1753 2348 plura
1780 2277 2011 2333 dicendo

436 2366 712 2435 persequi,
747 2374 802 2421 et
842 2368 1131 2422 ostendere
1177 2368 1245 2423 de
1306 2370 1540 2441 singulis
1594 2369 1757 2423 rebus
1815 2368 2010 2424 creatis

435 2453 575 2507 idem
632 2469 794 2525 posse
832 2454 990 2509 diei?
1044 2455 1201 2520 Quod
1256 2458 1476 2526 quidem
1539 2463 1599 2510 ut
1663 2457 1922 2511 eximium
1958 2467 2012 2511 et

434 2544 765 2614 przecipuum
810 2543 1101 2615 Unigenito
1141 2547 1448 2615 projectum
1493 2553 1599 2611 est,
1640 2547 1785 2615 quod
1819 2562 2012 2616 nempe

435 2648 558 2687 cum
594 2634 744 2687 nullo
794 2649 980 2688 eorum
1042 2649 1161 2702 qua:
1204 2641 1325 2701 post
1362 2635 1563 2702 ipsum,
1599 2640 1654 2687 et
1706 2649 1802 2703 per
1833 2636 2009 2703 ipsum

439 2724 585 2777 facta
618 2732 747 2777 sunt
779 2724 1245 2792 comparationem
1277 2723 1495 2779 habeat.
1528 2723 1877 2779 Manifestum
1929 2732 2013 2781 est

438 2815 605 2877 enim,
641 2814 783 2881 quod
824 2813 1089 2883 quidquid
1115 2815 1409 2883 separatim
1435 2821 1489 2868 et
1518 2815 1573 2868 in
1614 2815 1798 2885 seipso
1826 2817 2013 2870 consi-

438 2903 749 2970 deraveris,
816 2919 917 2959 nec
967 2919 1090 2957 cum
1146 2904 1403 2960 universo
1443 2920 1544 2959 nec
1603 2921 1727 2960 eum
1785 2906 2012 2976 singulis

437 2992 708 3046 creaturis
741 3000 920 3061 potest
981 2993 1311 3062 comparari.
1354 2993 1420 3047 Et
1480 2994 1627 3065 quod
1666 2996 1721 3047 in
1774 2994 2013 3062 qualibet

440 3091 693 3138 creatura
724 3099 909 3138 verum
942 3085 1263 3150 estdicere,
1305 3085 1410 3140 hoc
1459 3086 1607 3140 velut
1659 3085 1910 3140 idoneum
1961 3093 2015 3139 et

441 3172 716 3227 sufﬁciens
746 3172 811 3227 ad
865 3174 1126 3241 honorem
1162 3182 1217 3228 et
1272 3173 1523 3244 gloriam,
1576 3174 1850 3244 unigenito
1906 3172 2018 3227 Deo

414 3264 509 3334 _ab
550 3263 791 3319 inimicis
820 3264 1065 3319 veritatis
1106 3264 1437 3334 assignatur.
1472 3262 1596 3317 Haec
1635 3275 1689 3318 et
1735 3263 2016 3333 ejusmodi

439 3371 566 3409 eum
601 3355 893 3421 adstruxit,
919 3355 986 3410 de
1021 3364 1218 3411 caetero
1250 3355 1506 3410 inanibus
1536 3355 1713 3424 ipsum
1732 3361 1891 3424 auget
1923 3353 2020 3408 ho-

440 3446 686 3509 noribus,
717 3446 1005 3499 hominum
1036 3454 1092 3500 et
1145 3444 1499 3515 Unigenitum
1565 3446 1865 3515 appellans,
1923 3445 2017 3499 sed

438 3554 507 3592 ne
532 3553 628 3606 per
662 3536 778 3589 bare
802 3537 1025 3589 nomina
1057 3536 1241 3604 aliqua
1269 3535 1356 3604 pia
1387 3534 1745 3605 intelligentia
1777 3540 1832 3589 et
1865 3536 2016 3605 cogi-

441 3628 577 3681 tatio
611 3626 955 3680 auditoribus
984 3625 1354 3695 ingeneretur,
1403 3626 1549 3680 illico
1580 3625 1668 3681 his
1702 3625 2018 3681 honoratio-

446 3718 599 3770 ribus
635 3714 1097 3785 appellationibus
1125 3715 1469 3785 blasphema,
1505 3716 1559 3771 id
1600 3724 1706 3783 est,
1748 3716 1913 3787 impia
1962 3722 2017 3770 et

445 3804 781 3860 exsecranda
817 3806 982 3860 verba
1037 3806 1331 3861 immiscet.
1378 3807 1459 3861 Ita
1514 3807 1619 3862 fert
1676 3815 1857 3863 autem
1897 3806 2016 3876 ejus

441 3894 620 3950 oratio
648 3911 660 3945 :
700 3892 907 3961 Utpote,
943 3896 1138 3964 inquit,
1170 3912 1288 3950 cum
1318 3912 1478 3965 neque
1508 3898 1733 3951 essentia
1765 3907 2015 3967 generata

441 3985 688 4053 cuiquam
737 3984 897 4038 alteri
945 3985 1119 4037 locant
1149 3986 1217 4038 ad
1268 3987 1688 4041 communionem
1755 3986 2015 4054 relinquat

441 4075 752 4145 (unigenita
789 4076 928 4129 enim
970 4076 1080 4144 est)
1110 4117 1124 4139 ,
1170 4091 1331 4145 neque
1361 4076 1475 4143 ejus
1502 4079 1593 4146 qui
1631 4077 1757 4145 fecit
1789 4092 2016 4130 commu-

440 4167 522 4220 nis
567 4169 798 4235 operatio
855 4176 1120 4221 cernatur.
1155 4166 1199 4222 Ο
1259 4169 1685 4223 contumeliam!
1753 4178 1814 4224 ut
1875 4172 2015 4224 inter

440 4259 633 4313 brutos
661 4267 713 4313 et
737 4258 1032 4323 belluinos,
1061 4259 1148 4315 vel
1178 4259 1405 4315 insanos
1455 4267 1509 4315 et
1566 4259 1746 4317 fatuos
1787 4262 2011 4317 concio-

440 4361 601 4406 natus
631 4352 830 4420 quibus
864 4367 971 4405 non
1005 4358 1090 4407 est
1125 4351 1506 4422 intelligentia,
1544 4367 1644 4421 pro
1708 4369 1810 4409 suo
1862 4356 2012 4410 arbi-

2111 1823 2320 1893 πελάγη
2350 1823 2461 1884 τοῖς
2488 1821 2724 1890 ἄστροις,
2747 1819 2808 1871 οὑ
2838 1818 2974 1889 πρὸς
3010 1818 3101 1871 τὸν
3133 1818 3277 1872 λίθον
3305 1817 3384 1888 τῷ
3410 1817 3564 1871 ὕδατι
3584 1835 3597 1848 ο
3636 1820 3699 1870 ού

2110 1912 2243 1981 πρὸς
2280 1911 2349 1964 τὰ
2383 1910 2573 1981 δένδρα
2595 1913 2705 1975 τοῖς
2744 1909 2920 1975 ζώοις,
2963 1909 3023 1961 οὑ
3080 1908 3215 1981 πρὸς
3254 1908 3322 1961 τὰ
3368 1907 3548 1978 πτηνὰ
3589 1909 3703 1970 τοῖς

2109 2003 2405 2074 χερσαίοις,
2434 2002 2494 2054 οὐ
2520 2002 2654 2071 πρὸς
2683 2002 2751 2055 τὰ
2774 2000 2945 2073 νηκτὰ
2968 2004 3077 2064 τοῖς
3107 2001 3453 2071 τετράποσιν,
3477 2000 3538 2051 οὐ
3566 1999 3704 2069 πρὸς

2108 2092 2177 2145 τὰ
2204 2091 2395 2161 λογικὰ
2419 2094 2532 2155 τοῖς
2557 2091 2788 2160 ἀλόγοις.
2830 2091 2941 2145 Καὶ
2982 2090 3034 2143 τί
3076 2091 3141 2145 ἄν
3177 2107 3258 2153 τις
3291 2092 3419 2160 περὶ
3446 2089 3555 2144 τῶν
3579 2090 3704 2142 καθ’

2109 2182 2337 2235 ἕκαστον
2372 2180 2544 2249 λέγων
2581 2180 2875 2250 διατρίϐοι,
2922 2180 3134 2243 δεικνὺς
3176 2181 3257 2233 ὅτι
3306 2180 3505 2235 ταύτόν
3563 2181 3706 2232 ἐστιν

2111 2273 2194 2340 ἐφ’
2219 2272 2447 2324 ἑκάστου
2489 2271 2595 2324 τῶν
2636 2273 2693 2323 ὲν
2737 2275 2801 2342 τῇ
2861 2272 3036 2326 κτίσει
3081 2272 3467 2343 θεωρουμένων
3491 2274 3705 2335 εἰπεῖν;

2114 2356 2289 2426 Ὅπερ
2333 2356 2419 2419 ὡς.
2450 2356 2723 2427 ἐξαίρετον
2770 2357 2847 2427 τῷ
2896 2360 3189 2428 Μονογενεῖ
3234 2362 3603 2432 προσερρίφη,
3643 2362 3708 2414 τὸ

2112 2448 2248 2517 πρὸς
2279 2448 2441 2517 μηδὲν
2466 2436 2580 2500 τῶν
2630 2452 2745 2519 μετ’
2782 2451 2962 2516 αὐτὸν,
3016 2451 3110 2506 καὶ
3162 2453 3229 2505 δι’
3266 2454 3431 2507 αὑτοῦ
3471 2472 3708 2526 γεγενησ-

2115 2536 2289 2605 μένων
2325 2536 2421 2607 τὴν
2461 2537 2745 2607 σύγκρισιν
2796 2540 2956 2610 ἔχειν.
3006 2543 3239 2611 Φανερὸν
3275 2544 3384 2616 γάρ
3414 2546 3583 2613 ἐστιν,
3619 2549 3709 2602 ὅτι

2112 2626 2219 2680 πᾶν
2266 2626 2403 2695 ὅπερ
2452 2625 2517 2679 ἂν
2569 2628 2655 2695 ἐφ’
2720 2627 2929 2681 ἑαυτῶν
2976 2631 3195 2701 νοήσῃς,
3228 2633 3556 2705 ἁσύγκριτόν
3586 2635 3709 2687 ἐστι

2111 2715 2189 2784 τῷ
2230 2715 2390 2769 παντί
2415 2733 2473 2769 τε
2523 2718 2617 2770 καὶ
2654 2720 2764 2781 τοῖς
2819 2720 2941 2772 καθ’
2969 2720 3218 2776 ἕκαστον.
3273 2724 3383 2776 Καὶ
3431 2725 3568 2795 ὅπερ
3612 2727 3710 2781 ἐπὶ

2111 2804 2205 2857 τοῦ
2233 2806 2483 2875 τυχόντος
2507 2806 2802 2876 κτίσματος
2829 2809 3044 2879 ἀληθῶς
3069 2811 3214 2863 ἐστιν
3241 2813 3433 2875 εἰπεῖν,
3469 2814 3546 2877 ὡς
3576 2816 3703 2869 ἱκα-

2113 2894 2202 2947 νόν
2231 2895 2346 2948 ἐστι
2370 2894 2527 2949 τοῦτο
2554 2896 2647 2949 καὶ
2679 2896 2948 2968 αὔταρκες
2981 2900 3061 2962 είς
3087 2901 3252 2972 τιμὴν
3290 2903 3380 2954 καὶ
3419 2902 3601 2968 δόξαν,
3632 2905 3709 2975 τῷ

2117 2988 2395 3053 μονογενεῖ
2419 2985 2538 3056 Θεῷ
2579 2987 2729 3058 παρὰ
2758 2989 2867 3042 τῶν
2905 2990 3113 3061 ἐχθρῶν
3145 2993 3242 3062 τῆς
3284 2992 3545 3063 ἀληθείας
3574 2995 3711 3049 ἀπο-

2042 3089 2084 3146 c
2116 3072 2429 3144 κληροῦται.
2457 3075 2566 3128 Καὶ
2599 3076 2823 3131 τοιαῦτα
2862 3081 3296 3145 κατασκευάσας,
3319 3081 3483 3137 πάλιν
3512 3086 3571 3137 ὲν
3595 3088 3712 3148 τοῖς

2121 3166 2432 3228 ὑπολοίποις
2458 3169 2578 3230 ταῖς
2608 3167 2875 3247 διακένοις
2912 3171 3072 3225 αὑτὸν
3102 3173 3466 3243 ἀποσεμνύνει
3493 3179 3709 3247 τιμαῖς,

2119 3256 2323 3327 Κύριον
2364 3257 2458 3311 καὶ
2490 3241 2768 3331 Μονογενῆ
2809 3262 3143 3333 προσειπώνο
3170 3241 3385 3329 ἀλλ’ήὼς
3419 3266 3485 3320 ἂν
3522 3241 3596 3339 μή
3629 3241 3712 3332 τις

2119 3347 2348 3419 εὐσεϐὴς
2372 3349 2577 3403 διάνοια
2622 3352 2708 3404 διὰ
2750 3352 2857 3406 τῶν
2899 3353 3176 3424 ὀνομάτων
3196 3355 3398 3411 τούτων
3424 3362 3535 3423 τοῖς
3570 3362 3710 3430 ἀκη-

2120 3438 2298 3491 κοόσιν
2324 3439 2620 3508 ἐγγένοιτο,
2656 3443 2821 3506 εὐθὺς
2859 3445 3225 3515 καταμίγνυσι
3266 3450 3375 3511 τοῖς
3410 3449 3710 3520 εύσημοτέ-

2122 3545 2234 3599 ροις
2264 3529 2333 3583 τὰ
2363 3531 2674 3603 βλάσφημα.
2714 3535 2866 3605 Ἔχει
2898 3535 2954 3588 δὲ
2986 3534 3159 3600 οὕτως
3189 3539 3221 3607 ἡ
3260 3537 3571 3601 λέξις·“Ἀτε
3606 3540 3706 3608 δὴ,

2119 3618 2273 3688 φησὶ,
2298 3618 2450 3688 μήτε
2503 3620 2615 3689 τῆς
2654 3624 3046 3691 τεννηθείσης
3104 3626 3318 3692 οὐσίας
3366 3625 3545 3695 ἑτέρῳ
3590 3631 3706 3682 τινί

2117 3708 2318 3777 χώραν
2355 3712 2442 3777 είς
2474 3712 2793 3765 κοινωνίαν
2823 3717 3324 3783 καταλειπούσης,
3366 3718 3707 3787 μονογενὴς

2117 3800 2246 3869 γὰρ,
2272 3800 2425 3871 μήτε
2458 3800 2567 3869 τῆς
2610 3802 2717 3856 τοῦ
2752 3803 3118 3871 ποιήσαντος
3159 3807 3459 3876 ἐνεργείας
3498 3808 3707 3877 κοινῆς

2118 3892 2543 3962 θεωρουμένης.
2580 3894 2644 3945 ’Ὠ
2702 3894 2801 3964 τῆς
2858 3893 3095 3965 ὑϐρεωςί
3142 3897 3219 3961 ὠς
3291 3900 3349 3951 ἐν
3398 3900 3617 3969 ἀλόγοις
3672 3902 3703 3971 ἧ

2115 3983 2363 4053 ἀνοήτοις
2393 3985 2740 4056 δημηγορῶν,
2772 3974 2850 4049 οἷς
2902 3986 3001 4039 οὐκ
3036 3986 3150 4041 ἐστι
3199 3989 3433 4057 σύνεσις,
3466 3994 3585 4045 κατ’
3617 3992 3705 4057 ἐξ·

2115 4073 2303 4126 ουσίαν
2332 4074 2419 4127 διὰ
2456 4075 2561 4129 τῶν
2587 4075 2845 4130 ὲναντίων
2879 4078 3131 4149 περιάγει
3161 4081 3251 4135 τὸν
3283 4082 3468 4150 λόγον·
3505 4085 3705 4154 μᾶλλον

2114 4167 2171 4220 δὲ
2203 4167 2397 4221 ταύτὸν
2424 4168 2621 4238 πάσχει
2650 4170 2762 4232 τοῖς
2794 4170 3177 4240 ἐστερημένοις
3213 4172 3321 4227 τῶν
3352 4172 3550 4243 ὄψεων,
3586 4177 3705 4229 ἐπεὶ

2114 4258 2352 4312 κάκεῖνοι
2386 4257 2643 4320 πολλάκις
2674 4260 2732 4311 ὲν
2757 4257 3057 4329 ὀφθαλμοῖς
3081 4260 3193 4316 τῶν
3220 4262 3523 4331 βλεπόντων
3544 4265 3704 4335 ἀσχη-

2118 4351 2366 4419 μονοῦσι·
2422 4349 2509 4402 διὰ
2555 4350 2617 4402 τὸ
2673 4349 2747 4420 μὴ
2804 4350 3019 4418 βλέπειν
3072 4353 3249 4418 αὐτοὶ,
3289 4354 3425 4424 μηδὲ
3472 4356 3701 4427 ὁρᾶσθαι

437 4444 544 4496 trio
573 4457 669 4512 per
688 4444 969 4497 contraria
1000 4457 1310 4498 sermonem
1342 4444 1680 4515 circumagit.
1714 4443 1826 4500 lmo
1879 4462 2011 4502 vero

2114 4418 2511 4511 ὑποτιθέμενοι.
2560 4418 2863 4513 Τίνος-γὰρ
2919 4443 3019 4496 οὑκ
3071 4443 3185 4497 ἔστι
3234 4418 3466 4498 συνιδεῖν
3505 4418 3607 4515 τὴν
3646 4448 3697 4499 ἐν

437 4533 578 4586 idem
608 4533 654 4587 ei
689 4534 889 4588 accidit
917 4533 1063 4603 quod
1092 4534 1214 4588 visu
1247 4534 1497 4602 privatis,
1528 4535 1788 4604 quoniam
1830 4544 1886 4591 et
1932 4536 2010 4589 illi

410 4644 413 4649 ·
437 4637 579 4692 διξερε
607 4622 661 4676 ἱη
698 4624 873 4679 oculis
900 4625 1242 4678 cernentium
1270 4623 1527 4678 indecore
1550 4638 1609 4678 se
1642 4630 1862 4695 gerunt,
1884 4626 2011 4694 quia

437 4726 612 4780 neque
640 4711 742 4780 ipsi
780 4712 1019 4777 videant,
1065 4727 1243 4781 neque
1296 4727 1356 4766 se
1414 4712 1586 4767 videri
1639 4713 2008 4781 suspicentur.

436 4799 571 4863 Quis
601 4800 745 4852 enim
783 4802 837 4854 in
869 4800 957 4855 his
982 4817 1104 4872 qua:
1129 4803 1275 4857 dicta
1306 4809 1435 4855 sunt
1471 4817 1578 4856 non
1618 4802 1766 4857 videt
1797 4811 2012 4857 contra-

438 4890 690 4944 rietatem
715 4890 738 4942 ?
760 4890 911 4955 Quia"
934 4893 1005 4946 sit
1034 4901 1314 4963 generata,
1370 4893 1568 4963 inquit,
1610 4895 1870 4961 essentia,
1931 4896 2013 4949 lo-

434 4996 561 5034 cum
599 4981 722 5036 aliis
750 4982 819 5036 ad
869 4986 1307 5040 communionem
1344 5001 1453 5041 non
1485 4986 1783 5056 relinquit;
1820 4987 2011 5057 unige-

436 5073 549 5125 nita
576 5072 745 5126 enim.
781 5071 847 5125 Et
887 5072 991 5126 hoc
1032 5074 1249 5131 locutus
1304 5084 1366 5130 ut
1419 5093 1568 5143 vera,
1610 5078 1697 5132 vel
1754 5078 1869 5147 ipse
1900 5093 2009 5131 non

434 5168 679 5230 intuens,
713 5166 796 5219 vel
827 5179 936 5218 non
967 5179 1166 5233 putans
1195 5182 1253 5221 se
1284 5168 1478 5234 videri,
1515 5184 1636 5240 quae
1661 5170 1865 5223 nullam
1908 5169 2008 5223 ha—

433 5258 563 5315 bent
594 5274 717 5312 cum
750 5258 1027 5327 praedictis
1056 5260 1520 5326 communionem,
1553 5269 1613 5315 ut
1661 5262 1864 5332 optime
1916 5276 2011 5317 co-

433 5349 693 5405 haerentia
742 5357 798 5404 et
836 5348 1031 5404 ordine
1091 5351 1447 5421 procedentia
1506 5351 1678 5416 addit,
1730 5350 2008 5422 Unigeniti

433 5444 685 5496 essentia:
714 5443 834 5511 ejus
857 5442 950 5513 qui
980 5442 1109 5498 fecit
1138 5442 1510 5511 operationem
1545 5445 2002 5500 accommodans:

438 5533 653 5599 genitus
678 5537 821 5588 enim
845 5552 966 5590 cum
1003 5551 1069 5590 eo
1095 5534 1188 5605 qui
1223 5534 1500 5605 genuit,et
1536 5535 1864 5605 Unigenitus
1884 5550 2007 5590 cum

440 5613 600 5669 Patre
636 5632 703 5671 ex
733 5624 1121 5679 consecutione
1185 5624 1411 5679 omnino
1440 5625 1604 5680 habet
1664 5624 2004 5681 relationem.

444 5700 508 5755 Et
542 5705 634 5772 qui
662 5720 849 5761 verum
893 5714 1007 5767 vult
1041 5714 1243 5781 videre,
1302 5732 1410 5773 non
1452 5715 1679 5773 factoris
1732 5716 2005 5789 operatio-

2111 4533 2222 4594 τοῖς
2252 4531 2559 4601 είρημένοις
2589 4532 2968 4603 ἐναντιότητα;
3003 4533 3101 4587 Διά
3127 4534 3186 4587 τὸ
3217 4535 3566 4607 γεννηθῆναι,
3598 4556 3697 4609 φη-

2115 4620 2220 4685 σὶν,
2256 4623 2289 4691 ἡ
2338 4621 2496 4675 οὑσία
2529 4620 2709 4693 χώραν
2759 4624 2836 4685 είς
2883 4624 3162 4678 κοινωνίαν
3205 4626 3408 4695 ἑτέροις
3437 4631 3498 4681 οὐ
3534 4647 3696 4682 κατα-

2112 4708 2319 4761 λείπει·
2365 4710 2658 4780 μονογενὴς
2699 4709 2841 4781 γάρ·
2889 4713 2985 4764 καὶ
3023 4712 3180 4766 τοῦτο
3223 4714 3391 4769 εἰπὼν
3432 4716 3509 4779 ὡς
3565 4717 3698 4772 κατὰ

2111 4802 2386 4874 ἀλήθειαν,
2411 4803 2444 4873 ἢ
2476 4802 2549 4873 μὴ
2580 4802 2792 4871 βλέπων
2814 4803 2996 4867 αὐτὸς,
3022 4805 3055 4875 ἢ
3090 4806 3165 4876 μὴ
3192 4806 3425 4877 νομίζων
3447 4810 3695 4879 ὁρᾶσθαι,

2110 4891 2179 4945 τὰ
2226 4892 2494 4963 μηδεμίαν
2536 4891 2721 4961 ἔχοντα
2777 4893 3060 4947 κοινωνίαν
3103 4894 3179 4958 ὡς
3223 4896 3544 4965 στοιχοῦντα
3593 4902 3697 4960 τοῖς

2112 4982 2419 5053 εἰρημένοις
2469 4984 2823 5065 προστίθησι,
2881 4986 2947 5055 τῇ
2996 4983 3090 5037 τοῦ
3131 4986 3471 5055 Μονογενοῦς
3540 4991 3692 5055 οὐσίᾳ

2112 5076 2211 5146 τὴν
2265 5075 2358 5128 τοῦ
2403 5077 2758 5148 πεποιηκότος
2796 5079 3077 5148 ἐνέργειαν
3121 5079 3463 5149 ἐφαρμόσας,
3512 5083 3571 5135 Ὁ
3600 5082 3694 5151 γὰρ

2113 5166 2388 5235 γεννηθεὶς
2440 5168 2577 5237 πρὸς
2625 5167 2716 5220 τὸν
2763 5168 3145 5239 γεγεννηκότα,
3188 5170 3282 5223 καὶ
3328 5172 3355 5223 ὁ
3396 5170 3693 5241 Μονογεγὴς

2113 5258 2248 5328 πρὸς
2290 5257 2380 5310 τὸν
2421 5258 2641 5328 Πατέρα
2698 5257 2842 5313 κατὰ
2888 5259 2949 5311 τὸ
2997 5259 3286 5313 ἀκόλουθον
3332 5262 3555 5327 πάντως
3605 5259 3691 5330 τὴν

2109 5349 2384 5422 ἀναφορὰν
2422 5349 2556 5420 ἔχει’
2583 5352 2677 5404 καὶ
2721 5350 2857 5421 πρὸς
2903 5351 3002 5421 τὴν
3060 5350 3314 5422 ἀλήθειαν
3368 5353 3603 5423 βλέπων,
3633 5349 3687 5402 οὐ

2111 5442 2469 5513 πεποιηκότος
2497 5441 2795 5511 ἐνέργειαν,
2837 5442 2974 5495 ἀλλὰ
3023 5445 3380 5513 γεννήσαντος
3428 5444 3591 5512 φύσιν
3635 5441 3687 5491 ὲν

2109 5536 2174 5604 τῇ
2205 5531 2298 5585 τοῦ
2330 5530 2460 5586 Υίοῦ
2490 5531 2685 5603 θεωρεῖ
2716 5532 3013 5604 συστοιχίᾳ.
3055 5533 3114 5587 '0
3144 5534 3200 5587 δὲ
3234 5534 3487 5606 καθάπερ
3518 5528 3685 5603 φυτῶν

2110 5625 2143 5694 ἢ
2181 5623 2541 5694 σπερμάτων,
2576 5624 2609 5694 ἦ
2650 5641 2792 5689 τινος
2840 5624 3000 5678 ἄλλου
3043 5624 3150 5679 τῶν
3197 5626 3339 5680 κατὰ
3382 5625 3480 5695 τὴν
3522 5622 3683 5677 κτίσιν

2114 5714 2488 5786 ἐπιμνησθεὶς,
2525 5714 2622 5787 τὴν
2660 5715 2753 5769 τοῦ
2801 5717 3120 5789 ποιήσαντος
3152 5716 3431 5789 ἐνέργειαν
3462 5717 3531 5786 τῇ
3558 5716 3677 5766 ὑπο-
