4054 6150
394 363 497 417 665

1520 373 1796 428 CONTRA
1824 373 2207 440 BUNOMIUM,
2252 375 2379 431 LIB.
2422 376 2511 431 IV.

3552 382 3653 437 666

390 482 581 535 στάσει
609 481 702 533 τοῦ
732 482 1065 549 Μονογενοῦς
1108 485 1486 557 παρατίθησιν.
1528 487 1591 541 Et
1635 489 1733 559 μὲν
1758 489 1864 561 γάρ
1892 489 1963 542 λί-

2078 507 2221 555 nem,
2256 492 2349 546 sed
2384 493 2650 562 genitoris
2691 500 2944 548 naturam
2992 495 3045 548 in
3078 489 3204 549 Filii
3261 494 3655 568 conjugatione

394 573 537 643 θοςῆ
569 570 744 639 ξύλον,
775 574 807 644 ἢ
841 575 966 628 ἄλλο
990 594 1042 629 τι
1070 576 1310 631 τοιοῦτον
1339 581 1404 650 τῇ
1437 580 1639 651 θεωρίᾳ
1668 580 1971 651 προέκειτοο

391 664 684 718 ἀκόλουθον
710 662 775 737 ἦν
804 671 1142 737 πρππινοεῖν
1182 671 1279 741 τὴν
1315 669 1407 724 τοῦ
1440 672 1793 741 πεποιηκότος
1823 672 1974 742 ἐνέρ-

390 774 564 823 γειαν.
598 757 661 809 Εἰ
693 756 748 808 δὲ
780 758 1117 827 ὁμολογεῖται
1140 762 1233 813 καὶ
1267 761 1417 833 παρά
1444 762 1549 814 τῶν
1584 762 1915 816 ὑπεναντίων
1945 764 1974 815 ὁ

393 844 684 915 μονογενὴς
716 846 867 911 Θεὸς,
894 848 1020 912 Υίός
1048 868 1105 902 τε
1143 845 1278 903 εἶναι
1312 852 1405 904 καὶ
1442 853 1696 923 γεννητὸς
1739 853 1974 922 ὑποστῆ-

390 955 504 990 ναι·
538 938 653 1002 πῶς
684 940 1013 1010 ἀρμόζουσιν
1043 946 1099 995 αί
1127 944 1288 996 αὑταὶ
1315 946 1488 1013 φωναὶ
1522 945 1713 1016 τούτῳ,
1744 948 1834 999 καὶ
1862 949 1973 1009 τοῖς

389 1029 495 1080 τῶν
526 1030 728 1099 μορίων
772 1032 870 1101 τῆς
905 1033 1131 1097 κτίσεως
1178 1035 1462 1104 ὲσχάτοις;
1510 1036 1621 1088 Καὶ
1663 1037 1799 1105 ὅπερ
1845 1037 1973 1108 περὶ

387 1120 482 1172 τοῦ
509 1120 816 1191 μύρμηκος,
844 1122 876 1192 ἢ
910 1122 1000 1176 τοῦ
1049 1123 1305 1189 κώνωπος
1336 1126 1550 1194 ἀληθῶς
1578 1125 1724 1180 ἔστιν
1762 1129 1934 1181 είπεῖν
1955 1145 1968 1159 ·

387 1210 547 1263 τοῦτο
576 1212 669 1265 καὶ
698 1213 824 1283 περὶ
858 1214 951 1267 τοῦ
986 1214 1188 1284 Κυρίου
1240 1216 1419 1284 ³λέγειν
1463 1217 1682 1280 εὐσεϐὲς
1712 1212 1849 1271 εἶναι
1887 1237 1972 1272 νο-

392 1299 659 1370 μίζουσιν.
702 1304 763 1356 Εί
804 1306 911 1375 γάρ
943 1323 1024 1368 τις
1065 1307 1368 1375 καταμάθοι
1401 1309 1499 1379 τὴν
1544 1307 1638 1361 τοῦ
1682 1310 1969 1380 μύρμηκος

389 1391 550 1460 φύσιν
580 1390 660 1456 οἷς
692 1394 878 1456 ίδιάζει
912 1396 1048 1466 πρὸς
1083 1398 1151 1451 τὰ
1199 1397 1361 1452 λοιπά
1404 1399 1511 1453 τῶν
1553 1399 1726 1466 ζώων,
1766 1400 1867 1453 οὑκ
1904 1401 1971 1455 ἂν

388 1485 494 1552 ἔξω
531 1487 628 1557 τῆς
666 1487 917 1555 ἀληθείας
958 1490 1099 1542 εἴποι
1146 1491 1244 1560 τὴν
1280 1492 1373 1544 τοῦ
1417 1493 1771 1563 πεποιηκότος
1810 1494 1969 1569 αὑτὸν

389 1576 670 1646 ἐνέργειαν
710 1579 893 1650 κοινὴν
944 1580 1079 1651 πρός
1123 1582 1190 1634 τὰ
1234 1582 1368 1637 ἀλλα
1412 1583 1486 1653 μὴ
1531 1582 1872 1655 θεωρεῖσθαι.
1904 1585 1970 1636 "A

386 1669 565 1722 τοίνυν
587 1669 679 1721 ἐπὶ
712 1669 821 1721 τῶν
846 1671 1100 1725 τοιούτων
1146 1672 1380 1742 λέγεται,
1408 1674 1578 1729 ταῦτα
1625 1677 1719 1729 καὶ
1755 1678 1847 1730 ἐπὶ
1873 1678 1967 1731 τοῦ

387 1759 722 1828 Μονογενοῦς
748 1761 1159 1830 ἀποφαίνονταιο
1206 1768 1300 1819 καὶ
1340 1766 1589 1838 καθάπερ
1624 1769 1673 1821 οί
1708 1768 1968 1839 θηρεύονο

386 1866 477 1913 τες
506 1850 751 1917 λέγονται
784 1850 993 1922 βόθροις
1021 1855 1162 1908 τισὶν
1193 1857 1592 1927 ὑπολαμϐάνειν
1623 1859 1728 1913 τῶν
1763 1860 1964 1930 θηρίων

384 1942 484 2013 τὴν
517 1938 774 2012 πάροδονλ
818 1944 1080 2015 κρύπτειν
1107 1947 1163 2000 δὲ
1191 1948 1289 2018 τὴν
1324 1948 1611 2019 ἐπιϐουλὴν
1635 1950 1723 2003 διὰ
1752 1951 1965 2029 σαθρῶν

384 2048 545 2085 τινων
572 2033 667 2087 καὶ
698 2034 1083 2088 ἀνυποστάτων
1110 2036 1181 2089 τὰ
1211 2038 1452 2108 στόματα
1476 2038 1583 2092 τῶν
1611 2039 1816 2109 βόθρων
1849 2042 1967 2093 ἐπι-

385 2123 749 2188 καλύπτοντες
774 2164 789 2189 ,
842 2125 919 2189 ὼς
957 2125 1022 2179 ἂν
1073 2127 1340 2193 ὑπόπεδος
1382 2130 1623 2198 φαίνοιτο
1670 2130 1745 2201 τῷ
1785 2148 1963 2202 παρα-

386 2215 623 2286 κειμένῳ
638 2217 666 2269 ό
683 2216 892 2288 βόθρος
912 2217 1151 2271 τοιοῦτόν
1168 2237 1219 2272 τι
1245 2222 1551 2290 μηχανᾶται
1570 2223 1706 2275 κατά
1733 2222 1840 2275 τῶν
1871 2222 1964 2275 ἀν-

386 2305 617 2376 θρώπων
648 2309 680 2376 ή
708 2308 941 2377 αἵρεσις,
967 2308 1057 2361 τὸν
1088 2307 1277 2380 βόθρον
1310 2312 1409 2383 τῆς
1438 2312 1691 2375 ἀσεϐείας
1734 2313 1821 2366 διὰ
1855 2316 1963 2366 τῶν

384 2398 644 2467 εὐφήμων
673 2398 876 2452 τούτων
906 2400 999 2453 καὶ
1028 2401 1265 2455 εὐσεϐῶν
1293 2403 1593 2474 ὀνομάτων,
1621 2399 1731 2457 οἷον
1768 2405 1853 2458 διά
1885 2422 1965 2457 τι-

384 2506 474 2551 νος
525 2490 836 2543 ἐπιπολαίου
884 2493 1080 2562 στέγης
1125 2494 1595 2562 ὲπικαλύπτουσα,
1649 2498 1788 2551 ὥστε
1839 2496 1964 2559 τοὺς

383 2580 756 2653 ἀλογωτέρους
793 2584 986 2638 ταύτὸν
1011 2579 1150 2638 εἶναι
1179 2588 1243 2657 τῇ
1287 2586 1512 2659 ἀληθινῇ
1539 2588 1716 2640 πίστει
1750 2587 1812 2639 τὸ
1840 2587 1964 2640 τού-

382 2686 491 2723 των
519 2672 777 2741 κήρυγμα
812 2673 899 2725 διὰ
928 2674 1027 2743 τῆς
1068 2674 1175 2727 τῶν
1210 2676 1466 2747 ῥημάτων
1498 2677 1784 2746 ὁμολογίας
1813 2677 1963 2747 νομί-

381 2760 597 2825 ζοντας,
636 2763 772 2831 πρὸς
798 2763 951 2832 ψιλὸν
980 2764 1042 2816 τὸ
1065 2764 1234 2834 ὄνομα
1267 2766 1360 2819 τοῦ
1389 2766 1518 2820 Υἱοῦ
1548 2768 1641 2821 καὶ
1668 2768 1761 2821 τοῦ
1789 2769 1963 2822 Μονο-

380 2853 573 2922 γενοῦς
603 2854 1019 2923 ἐπιδραμόντας,
1071 2859 1466 2929 κενεμϐατῆσαι
1513 2860 1591 2930 τῷ
1638 2861 1833 2932 βόθρῳ,
1864 2865 1962 2932 τῆς

379 2946 491 2999 τῶν
518 2948 894 3017 προσηγοριῶν
934 2950 1203 3019 σημασίας
1236 2952 1333 3021 οὑχ
1367 2951 1752 3023 ὑπερειδούσης
1784 2954 1962 3007 αὑτῶν

378 3037 479 3108 τὴν
510 3037 685 3108 βάσιν,
733 3039 846 3092 ἀλλ’
884 3041 965 3104 είς
1009 3040 1070 3092 τὸ
1110 3041 1210 3112 τῆς
1258 3043 1536 3114 ἀρνήσεως
1580 3044 1674 3097 τοῦ
1727 3045 1960 3114 Χριστοῦ

381 3129 657 3201 βάραθρον
689 3132 1121 3203 καταφερούσης.
1150 3134 1248 3187 Διά
1293 3134 1450 3188 τοῦτο
1480 3135 1832 3208 γεννηθείσης
1868 3137 1959 3188 οὐ·

382 3223 502 3285 σίας
554 3222 844 3293 μέμνηται,
891 3224 1076 3295 μηδενὶ
1124 3223 1307 3295 χώραν
1354 3227 1434 3287 είς
1474 3227 1756 3281 κοινωνίαν
1801 3244 1960 3280 κατα-

378 3312 658 3384 λιπούσης,
681 3315 775 3366 καὶ
802 3313 1071 3385 Μονογενῆ
1096 3314 1366 3385 ὀνομάζει.
1397 3314 1583 3370 Ταῦτά
1619 3319 1734 3371 ἐστι
1760 3317 1830 3370 τά
1863 3317 1957 3371 τοῦ

381 3404 572 3475 βόθρου
603 3405 955 3475 καλύμματα.
998 3407 1244 3462 Ἐπειδὰν
1276 3408 1332 3461 δέ
1379 3426 1463 3472 τις
1499 3409 1783 3479 παραστὰς
1828 3411 1958 3480 πρὶν

381 3493 754 3565 ὑποληφθῆναι
800 3494 877 3565 τῷ
920 3497 1179 3567 χάσματι,
1215 3498 1464 3569 καθάπερ
1507 3498 1630 3552 τινὰ
1674 3502 1829 3570 χεῖρα
1857 3501 1957 3571 τὴν

378 3585 464 3639 διὰ
492 3585 585 3638 τοῦ
628 3587 784 3656 λόγου
820 3590 1012 3659 πεῖραν
1058 3590 1314 3663 ἐπαγάγῃ
1346 3590 1422 3661 τῷ
1449 3591 1608 3662 λόγῳ,
1640 3591 1825 3661 βλέπει
1862 3593 1953 3646 τὸν

378 3679 477 3748 τῆς
498 3678 931 3751 εἰδωλολατρείας
955 3679 1171 3752 ὄλεθρον
1196 3682 1587 3753 ὑπωρυγμένον
1607 3682 1683 3753 τῷ
1704 3683 1949 3751 δόγματι.

390 3769 477 3834 Ὧς
505 3771 611 3843 γὰρ
642 3771 759 3843 Θεῷ
806 3772 899 3825 καὶ
943 3773 1056 3842 Υίῴ
1091 3772 1227 3825 Θεοῦ
1269 3774 1723 3844 προσερχόμενος,
1751 3775 1955 3843 κτίσμα

378 3861 513 3916 Θεοῦ
564 3864 806 3933 εὑρίσκει
852 3866 918 3933 τῇ
963 3863 1186 3935 λατρείςι⁴
1231 3865 1606 3934 προκείμενον.
1651 3865 1748 3918 Διά
1800 3864 1955 3917 τοῦτο

377 3955 489 4009 ἀνω
531 3954 625 4007 καὶ⁴
651 3955 803 4008 κάτω
838 3955 899 4007 τὸ
924 3934 1093 4026 ὄνομα
1120 3934 1215 4009 τοῦ
1253 3955 1587 4024 Μονογενοῦς
1629 3934 1955 4026 περιφέρου-

379 4063 483 4111 σιν,
529 4047 594 4099 ἵν’
637 4047 1037 4119 εὑπαράδεκτος
1076 4049 1300 4120 γένηται
1341 4050 1451 4112 τοίς
1499 4046 1880 4114 ἀπατωμένοις
1926 4047 1955 4099 ό

375 4137 616 4208 ὄλεθρος,
640 4138 715 4201 ὡς
757 4140 809 4193 εἴ
838 4157 920 4204 τις
963 4139 1113 4211 ἄρτῳ
1153 4140 1216 4194 τὺ
1254 4140 1579 4210 δηλητήριον
1624 4137 1950 4208 καταμίξας,

377 4228 591 4300 θανάτῳ
632 4230 756 4293 τοὺς
784 4231 1068 4302 δεομένους
1100 4232 1198 4303 τῆς
1222 4231 1430 4301 τροφῆς
1475 4228 1809 4294 δεξιώσαιτω
1855 4230 1955 4282 οὐκ

373 4317 440 4372 ἂν
461 4318 784 4389 δεξαμένους
817 4321 1019 4391 γυμνὸν
1060 4320 1377 4393 προσίεσθαι
1406 4318 1468 4373 τὸ
1512 4319 1827 4391 φθοροποιὸν
1855 4319 1952 4389 δη-

2075 584 2495 651 contemplatur.
2531 583 2630 638 Hic
2653 593 2834 639 autem
2866 586 3014 640 velut
3047 588 3356 655 plantarum
3390 590 3471 643 vel
3496 594 3656 646 semi-

2075 674 2338 737 num,ch
2371 674 2605 742 alicujus
2651 676 2789 729 alius
2844 691 3032 730 eorum
3089 692 3210 745 quae
3272 688 3401 732 sunt
3463 689 3648 735 creata

2074 765 2354 819 mentione
2386 765 2552 828 facta,
2581 768 2954 834 operationem
3003 767 3228 823 factoris
3283 770 3654 827 subsistentia

2076 853 2352 920 Unigeniti
2412 856 2656 924 apponit.
2712 853 2768 908 Si
2813 856 2957 909 enim
3000 857 3136 927 lapis
3187 859 3267 912 vel
3308 859 3534 929 lignum,
3570 863 3654 914 vel

2073 944 2203 1014 quid
2232 946 2338 998 tale
2372 946 2821 1014 contemplationi
2852 956 2996 1001 esset
3026 950 3369 1017 propositum
3398 968 3411 1003 :
3462 966 3654 1005 conse-

2072 1050 2246 1104 quens
2281 1044 2427 1090 esset
2453 1043 2632 1089 mente
2672 1038 2952 1106 percipere
2982 1039 3102 1106 ejus
3140 1040 3232 1108 qui
3298 1040 3424 1095 fecit
3457 1056 3653 1110 opera-

2074 1127 2296 1181 tionem.
2330 1126 2485 1191 Quod
2523 1128 2568 1180 si
2609 1128 2772 1181 etiam
2827 1127 3125 1183 adversarii
3158 1131 3489 1186 conﬁtentur
3520 1133 3651 1187 uni-

2071 1219 2312 1289 genitum
2347 1218 2515 1273 Deum
2545 1228 2598 1272 et
2636 1218 2833 1272 Filium
2873 1235 2993 1275 esse
3031 1228 3084 1274 et
3150 1225 3393 1292 genitum
3467 1225 3652 1279 subsi-

2072 1317 2257 1363 stere:
2296 1308 2570 1378 quomodo
2595 1311 2793 1364 eaedem
2828 1325 2991 1366 voces
3026 1311 3155 1366 huic
3202 1322 3542 1383 congruunt,
3597 1324 3651 1369 et

2072 1397 2274 1452 infimis
2300 1408 2567 1454 creatura:
2597 1399 2890 1468 partibus?
2922 1410 2975 1454 et
3013 1403 3160 1471 quod
3190 1403 3255 1457 de
3290 1403 3515 1457 formica
3563 1407 3648 1460 vel

2071 1493 2248 1546 culice
2277 1506 2401 1545 vere
2435 1499 2615 1560 potest
2642 1480 2773 1553 dici,
2823 1490 2925 1546 hoc
2955 1493 3119 1545 etiam
3160 1493 3224 1547 de
3270 1492 3503 1548 Domino
3560 1496 3647 1549 di-

2071 1598 2196 1638 cere
2225 1583 2374 1653 pium
2406 1597 2527 1637 esse
2553 1582 2895 1641 existimant.
2942 1583 2998 1636 Si
3030 1585 3174 1638 enim
3212 1585 3483 1655 quispiam
3532 1587 3643 1640 for-

2071 1672 2225 1725 micae
2254 1678 2507 1725 naturam
2543 1669 2918 1739 perdidicerit,
2970 1671 3170 1739 quibus
3224 1675 3643 1741 proprietatibus

2072 1763 2418 1833 peculiariter
2454 1778 2482 1815 a
2518 1761 2750 1830 reliquis
2801 1761 3128 1817 animalibus
3178 1774 3482 1834 separatur,
3534 1782 3642 1820 non

2068 1864 2219 1909 extra
2244 1854 2530 1907 veritatem
2570 1851 2772 1905 dixerit
2800 1850 2943 1919 ejus,
2977 1852 3070 1921 qui
3108 1852 3235 1907 fecit
3270 1856 3474 1925 ipsam,
3515 1870 3645 1926 ope-

2067 1948 2336 2000 rationem
2380 1958 2722 1998 communem
2777 1957 2899 1997 cum
2931 1944 3056 1999 aliis
3110 1962 3220 1999 non
3269 1948 3462 2001 videri.
3513 1949 3644 2014 Quae

2067 2036 2230 2106 igitur
2272 2034 2339 2089 de
2369 2033 2572 2088 talibus
2602 2033 2885 2094 dicuntur,
2922 2032 3037 2087 haec
3074 2034 3141 2088 de
3188 2034 3482 2105 Unigenito
3515 2052 3641 2106 pro-

2066 2127 2433 2182 nuntiantzet
2489 2124 2949 2193 quemadmodum
3009 2133 3300 2181 venatores
3351 2127 3643 2196 praeripere

2065 2219 2238 2273 foveis
2272 2217 2601 2288 quibusdam
2636 2215 2872 2270 ferarum
2903 2231 3186 2271 accessum
3217 2218 3498 2282 dicuntur,
3558 2218 3643 2271 in-

2065 2310 2235 2364 sidias
2266 2317 2449 2363 autem
2479 2308 2715 2377 putridis
2755 2306 3084 2376 quibusdam
3116 2308 3391 2377 operculis
3420 2318 3472 2362 et
3514 2309 3643 2363 soli-

2063 2400 2288 2455 ditatem
2332 2414 2443 2453 non
2490 2397 2820 2452 habentibus
2855 2396 3062 2451 orifieia
3100 2397 3378 2453 fovearum
3443 2414 3641 2469 coepe-

2062 2492 2266 2545 rientes
2307 2490 2605 2553 occultare,
2649 2496 2707 2541 ut
2739 2487 2958 2557 planum
2999 2488 3269 2557 adjacenti
3309 2488 3637 2558 profundum

2064 2581 2353 2635 videatur:
2389 2581 2492 2634 tale
2527 2580 2786 2646 quiddam
2838 2581 3103 2635 adversus
3136 2580 3384 2634 homines
3417 2579 3640 2634 haeresis

2060 2670 2439 2738 machinatur,
2485 2672 2696 2726 foveam
2733 2672 3029 2742 impietatis
3079 2687 3174 2741 per
3202 2673 3318 2725 haec
3350 2670 3527 2725 fausta
3585 2679 3641 2725 et

2065 2766 2154 2835 pia
2186 2765 2408 2819 nomina
2439 2764 2607 2819 veluti
2644 2765 2880 2835 quodam
2922 2763 3298 2833 superﬁciario
3333 2771 3477 2817 tecto
3506 2778 3641 2817 con-

2064 2866 2291 2928 tegens:
2325 2859 2398 2912 ita
2433 2866 2492 2911 ut
2536 2858 2629 2926 qui
2697 2857 2880 2913 minus
2912 2857 3137 2911 rationis
3191 2856 3400 2926 judicio
3433 2857 3636 2921 valent,

2068 2948 2209 3003 idem
2242 2963 2366 3002 cum
2395 2963 2525 3002 vera
2554 2947 2659 3002 fide
2709 2948 2903 3002 horum
2940 2947 3269 3017 prmconium
3303 2961 3399 3016 per
3442 2946 3640 3001 verbo-

2069 3056 2187 3094 rum
2219 3039 2618 3095 confessionem
2649 3040 2979 3103 existiment,
3016 3039 3080 3092 ad
3116 3039 3256 3093 exile
3282 3053 3480 3092 nomen
3512 3037 3636 3093 Filii

2066 3138 2120 3184 et
2152 3128 2428 3199 Unigeniti
2458 3136 2828 3194 accurrentes,
2889 3144 2987 3198 per
3038 3144 3269 3183 vacuam
3317 3140 3369 3183 et
3417 3130 3635 3183 inanem

2068 3220 2279 3275 foveam
2312 3220 2539 3283 vadunt,
2588 3211 3012 3289 appellationum
3052 3220 3451 3289 signiﬁcatione
3489 3236 3639 3289 gres—-

2068 3322 2187 3363 sum
2221 3310 2465 3376 ipsorum
2495 3322 2602 3360 non
2644 3306 2915 3371 firmante,
2973 3306 3065 3361 sed
3110 3308 3178 3360 ad
3234 3307 3441 3360 Christi
3472 3309 3640 3363 abne-

2062 3399 2300 3469 gationis
2356 3397 2675 3452 barathrum
2727 3397 3035 3466 praecipites
3090 3406 3302 3466 agente.
3341 3394 3637 3463 Propterea

2061 3490 2255 3561 genitae
2284 3489 2535 3544 essentiae
2575 3488 2843 3551 meminit,
2888 3487 3023 3541 nulli
3074 3487 3140 3541 ad
3193 3486 3636 3541 communionem

2061 3578 2238 3630 locum
2294 3575 2686 3645 relinquentis,
2745 3585 2906 3645 atque
2960 3572 3310 3645 Unigenitum
3369 3575 3632 3629 nominat.

2059 3666 2185 3721 Haec
2224 3674 2354 3722 sunt
2382 3665 2552 3721 fovea:
2598 3667 2953 3736 operimenta.
3013 3667 3148 3722 Cum
3207 3674 3385 3721 autem
3436 3666 3635 3736 aliquis

2058 3759 2306 3822 adstans,
2362 3756 2686 3826 priusquam
2740 3757 2892 3811 hiatu
2950 3766 3006 3812 et
3043 3758 3303 3828 voragine
3343 3758 3634 3829 subreptus

2058 3848 2245 3912 fuerit,
2281 3848 2446 3901 veluti
2483 3847 2776 3916 quamdam
2827 3863 3074 3915 manum,
3109 3863 3305 3917 nempe
3359 3863 3457 3918 per
3515 3864 3635 3904 ser-

2057 3954 2273 3993 monem
2312 3938 2510 3991 factam
2543 3938 2961 4007 experientiam,
3026 3940 3263 3994 sermoni
3299 3940 3632 4009 adjunxerit,

2057 4028 2381 4084 idololatriae
2404 4029 2684 4083 interitum
2711 4029 2964 4099 dogmate
3000 4030 3294 4086 suﬂ'ossum
3329 4032 3631 4100 perspicit;

2055 4119 2137 4175 sic
2167 4121 2313 4175 enim
2346 4120 2414 4175 ad
2452 4119 2623 4175 Deum
2687 4128 2741 4175 et
2780 4119 2872 4176 Dei
2929 4121 3128 4176 Filium
3189 4122 3477 4185 accedens,
3537 4122 3630 4175 Dei

2055 4218 2362 4266 creaturam
2394 4212 2568 4266 cultui
2599 4212 2941 4282 propositam
2974 4213 3202 4268 invenit.
3236 4211 3475 4280 Ideoque
3503 4227 3630 4266 sur-

2054 4317 2176 4357 sum
2223 4309 2278 4357 et
2323 4301 2581 4357 deorsum
2634 4300 2913 4374 Unigeniti
2952 4318 3151 4357 nomen
3211 4302 3627 4366 circumferunt,

373 4411 627 4483 λητήριον
661 4413 735 4483 μὴ
781 4392 1161 4477 δελεασθέντας
1211 4412 1346 4484 πρὸς
1386 4413 1449 4466 τὸ
1492 4412 1829 4483 φαινόμενον.
1864 4413 1954 4465 Σο-

2065 4400 2115 4448 ut
2140 4393 2374 4447 incautis
2404 4400 2459 4447 et
2492 4393 2738 4463 deceptis
2784 4393 3042 4449 interitus
3101 4392 3410 4463 plausibilis
3468 4392 3629 4449 facile

373 4504 491 4573 φῶς
525 4503 701 4557 τοίνυν
728 4506 869 4559 κατά
916 4521 980 4573 γε
1021 4504 1113 4558 τὸν
1160 4503 1351 4557 ἑαυτὸν
1383 4502 1518 4574 πρὸς
1549 4503 1609 4556 τὸ
1652 4500 1948 4566 σπουδαζό-

2065 4490 2391 4553 acceptetur,
2425 4484 2592 4538 veluti
2632 4485 2679 4538 si
2727 4485 2851 4554 quis
2910 4484 3195 4538 mortifero
3243 4497 3454 4538 veneno
3501 4486 3625 4551 pani

375 4612 535 4666 μενον
588 4594 793 4666 βλέπει.
841 4597 905 4649 Ei
954 4596 1062 4667 γὰρ
1116 4594 1392 4658 παντελῶς
1433 4594 1651 4659 ἐξέϐαλε
1694 4594 1788 4647 τοῦ
1825 4593 1947 4647 καθ’

2065 4575 2289 4631 admisto
2322 4586 2545 4646 egentes
2576 4575 2700 4630 cibo
2732 4576 2799 4629 ad
2832 4582 3060 4630 mortem
3098 4575 3357 4631 invitatos
3401 4575 3624 4631 dextera

371 4688 563 4743 ἑαυτὸν
596 4688 862 4758 δόγματος
904 4687 1002 4759 τὴν
1048 4686 1142 4741 τοῦ
1172 4686 1303 4741 Υίοῦ
1336 4686 1539 4757 φωνην,
1573 4688 1949 4757 ἀωράδεκτος

2065 4687 2532 4757 apprehendisset.
2572 4685 2709 4754 Quia
2739 4687 2846 4742 nisi
2880 4686 3111 4741 inescati
3140 4693 3326 4741 essent
3351 4694 3402 4740 et
3440 4687 3626 4757 specie

370 4782 403 4852 ἠ
433 4780 616 4851 ἀπάτη
641 4782 754 4843 τοῖς
776 4778 1082 4851 ἀνθρώποις
1105 4780 1330 4847 ἐγίνετο,
1362 4777 1609 4849 φανερῶς
1645 4778 1947 4848 διαϐοωμέ-

2065 4780 2280 4851 iecepti,
2310 4779 2679 4850 perniciosum
2731 4790 2786 4835 et
2830 4778 2988 4833 letale
3044 4794 3313 4834 venenum
3342 4795 3620 4850 nunquam

369 4890 467 4944 νης
490 4874 591 4944 τῆς
618 4874 901 4944 ἀρνήσεως
954 4873 1010 4925 ὲν
1056 4872 1307 4943 προδήλῳ
1347 4870 1690 4943 κηρύγματιο
1731 4869 1848 4922 νυνὶ
1890 4870 1947 4923 δὲ

2065 4872 2422 4929 tdmisissent.
2455 4872 2761 4928 Prudenter
2792 4871 2957 4941 igitur
2995 4879 3055 4926 et
3095 4871 3163 4925 ad
3196 4880 3431 4927 mentem
3463 4888 3618 4928 suam

367 4964 681 5019 καταλιπὼν
712 4964 872 5034 μόνον
897 4964 959 5016 τὸ
982 4963 1170 5033 ὄνομα,
1192 4962 1254 5015 τὸ
1292 4962 1350 5016 δὲ
1384 4962 1777 5033 σημαινόμενον
1809 4960 1946 5030 πρὸς

2065 4965 2295 5034 Ipposite
2327 4965 2394 5018 ad
2427 4964 2481 5018 id
2508 4963 2652 5034 quod
2686 4961 2939 5025 intendit,
2965 4963 3207 5033 respicit.
3239 4963 3295 5017 Si
3326 4965 3471 5019 enim
3502 4963 3622 5018 fun-

364 5062 463 5131 τὴν
503 5060 603 5129 τῆς
650 5060 877 5122 κτίσεως
925 5059 1132 5111 ἔννοιαν
1179 5055 1522 5126 μεταγαγὼν,
1552 5055 1646 5109 καὶ
1692 5054 1947 5126 κατορθοῖ

2065 5056 2193 5111 litus
2231 5071 2262 5111 e
2288 5070 2388 5111 suo
2424 5055 2676 5125 dogmate
2704 5053 2826 5109 Filii
2856 5070 3044 5110 vocem
3080 5056 3424 5118 exclusisset,
3462 5069 3618 5109 error

362 5153 462 5220 τὴν
511 5150 950 5221 εἰδωλολατρείαν
975 5189 989 5215 ,
1037 5148 1131 5203 καὶ
1176 5148 1503 5202 ὑποκλέπτει
1565 5146 1655 5199 τὸν
1703 5146 1939 5217 ἔλεγχον.

2065 5145 2362 5201 nominibus
2392 5160 2501 5199 non
2532 5155 2789 5214 acceptus
2818 5143 3031 5211 fuisset,
3091 5147 3270 5217 palam
3330 5144 3617 5213 negatione

375 5243 514 5295 Ἀλλ’
543 5242 726 5314 ἐπειδὴ
758 5242 816 5294 οὐ
853 5241 1053 5312 χείλεσι
1088 5241 1252 5310 τιμᾷν
1282 5239 1374 5292 τὸν
1402 5238 1535 5292 Θεὸν
1567 5237 1940 5307 προσετάχθη-

2065 5238 2376 5293 'eclamante
2416 5243 2605 5306 aperto
2652 5244 2708 5291 et
2766 5238 3055 5307 propatulo
3111 5235 3424 5306 praeconio:
3468 5246 3614 5285 nunc

364 5352 484 5405 μεν,
511 5335 629 5389 οὐδὲ
655 5336 711 5387 ὲν
746 5335 863 5405 ῆχῳ
892 5333 1074 5403 φωνῆς
1116 5335 1149 5403 ή
1200 5332 1452 5386 εὐσέϐεια
1500 5330 1774 5401 κρίνεται·
1809 5328 1942 5383 ἀλλά

2065 5334 2222 5381 ιυιεω
2260 5325 2379 5380 solo
2418 5326 2608 5397 relicto
2634 5326 2876 5390 nomine,
2914 5325 3222 5394 significato
3253 5322 3320 5375 ad
3348 5328 3615 5374 creaturae

360 5430 466 5499 χρὴ
517 5428 731 5499 πρῶτον
776 5429 840 5497 τῇ
897 5417 1092 5497 καρδίᾳ
1142 5426 1495 5496 πιστευθῆναι
1554 5424 1644 5477 τὸν
1694 5422 1820 5476 Υίδν
1864 5425 1941 5485 είς

2065 5417 2293 5471 notitiam
2318 5416 2594 5483 traducto,
2649 5416 2851 5472 falsum
2892 5416 3119 5470 deorum
3158 5413 3363 5465 cultum
3403 5410 3612 5465 instau-

358 5520 725 5589 δικαιοσύνην,
758 5521 852 5572 καὶ
897 5519 1020 5571 τότε
1049 5519 1442 5589 ὁμολογηθῆναι
1483 5518 1560 5588 τῷ
1606 5517 1830 5588 στόματι
1861 5518 1940 5579 είς

2065 5516 2124 5561 at
2157 5516 2211 5563 et
2250 5509 2732 5579 reprehensionem
2765 5506 3020 5561 declinat.
3057 5503 3161 5557 Sed
3189 5501 3449 5571 quoniam
3503 5519 3610 5557 non

359 5613 654 5684 σωτηρίαν,
688 5611 781 5663 καὶ
806 5611 856 5662 οί
900 5611 956 5663 ὲν
1002 5610 1195 5681 καρδίᾳ
1241 5611 1487 5679 λέγοντες
1514 5610 1587 5680 μὴ
1616 5604 1754 5663 εἶναι
1784 5607 1936 5671 Θεὸν,

2065 5599 2199 5654 abiis
2234 5598 2403 5655 Deum
2428 5601 2609 5655 colere
2636 5598 2777 5668 jussi
2808 5610 3000 5651 sumus
3028 5611 3041 5647 :
3076 5609 3255 5664 neque
3285 5594 3440 5649 vocis
3473 5611 3609 5651 sono

360 5703 463 5756 κᾶν
517 5702 596 5772 τῷ
644 5701 868 5771 στόματι
922 5700 1125 5771 Κύριον
1169 5702 1490 5771 ὁμολογῶσι,
1551 5700 1933 5772 διεφθάρησαν,

2065 5706 2214 5760 υἱοιειε
2259 5711 2535 5769 censetur,
2571 5703 2665 5758 sed
2699 5708 2913 5771 oportet
2945 5700 3181 5770 primum
3214 5701 3379 5757 corde
3405 5703 3459 5756 in
3520 5701 3608 5754 Fi-

360 5794 539 5858 καθὼς
594 5796 623 5847 ό
672 5792 957 5867 Προφήτης
1008 5794 1156 5863 φησί.
1201 5794 1295 5847 Διά
1346 5795 1499 5850 τοῦτό
1552 5814 1688 5867 φημι
1740 5794 1933 5865 χρῆναι

2065 5797 2168 5851 ium
2198 5795 2420 5852 credere
2451 5796 2516 5850 ad
2540 5794 2831 5866 justitiam,
2872 5799 3113 5864 tuncque
3145 5808 3237 5850 ore
3264 5793 3510 5849 confiteri
3538 5792 3605 5845 ad
