4054 6150
432 316 465 371 6
474 314 540 372 67

1703 297 1762 354 S.
1790 296 2118 355 GREGORII
2156 298 2454 356 NYSSENI

3568 290 3671 343 663

430 437 662 493 salutem
686 435 767 499 ἐς
817 440 871 485 et
902 430 996 500 qui
1044 426 1209 483 corde
1259 425 1450 480 dicunt
1483 438 1593 478 non
1630 436 1751 478 esse
1792 421 1958 476 Deum
1986 461 2001 486 ,

2113 423 2243 493 πρὸς
2264 422 2351 475 τὸν
2379 421 2501 477 νοῦν
2530 422 2742 494 βλέπειν
2785 424 2872 477 διὰ
2909 422 3009 490 τῆς
3049 417 3264 511 λέξεως,
3288 411 3553 511 ἡμέτερος
3584 410 3675 463 καὶ

429 530 537 585 etsi
567 543 662 581 ore
687 524 975 578 Dominum
1002 519 1356 584 conﬁtentur,
1388 527 1572 571 tamen
1596 513 1842 585 corrupti
1877 520 2006 569 sunt

431 629 485 675 et
522 630 786 687 nequam,
828 615 971 669 sicut
1022 612 1105 671 ait
1157 609 1513 681 Propheta“.
1562 606 1832 673 Quocirca
1882 603 2006 659 dico

432 719 685 780 oportere
714 714 950 762 mentem
976 703 1289 774 perspicere
1321 717 1417 772 per
1446 700 1764 761 dictionem,
1820 702 2007 749 noster

431 804 521 856 hic
543 814 722 856 sermo
746 805 831 853 est
855 805 908 851 et
947 808 1059 849 non
1104 791 1557 849 adversariorum.
1610 783 1765 849 Quod
1809 787 1854 840 si
1881 784 2006 852 quis

434 891 557 943 Filii
594 903 793 943 nomen
831 890 1098 940 creaturae
1152 875 1400 948 apponit,
1453 870 1721 927 falsorum
1779 871 2004 926 deorum

433 973 742 1029 cultoribus
756 970 1118 1025 adscribatur.
1142 966 1275 1018 Nam
1298 974 1354 1018 et
1368 962 1442 1016 illi
1462 962 1737 1033 etDagon,
1754 962 1937 1025 etBel,
1955 973 2010 1017 et

2106 511 2227 583 οὐχὶ
2250 512 2354 563 τῶν
2383 508 2638 562 ἐναντίων
2664 512 2779 562 ἐστὶ
2799 508 2873 578 (a)
2894 507 3070 575 λόγος.
3090 503 3155 557 Εἰ
3175 504 3231 558 δὲ
3244 521 3329 569 τις
3352 502 3484 557 Υίοῦ
3509 498 3677 569 ὅνομα

2107 604 2173 673 τῇ
2205 600 2376 653 κτίσει
2401 598 2626 663 τίθεται,
2662 600 2720 650 ὲν
2763 599 2875 661 τοῖς
2921 594 3330 665 εἰδωλολάτραις
3374 588 3674 654 τετάξεται.

2107 693 2216 745 Kal.
2244 691 2353 762 γὰρ
2382 692 2578 746 ἐκεῖνοι
2617 692 2711 752 καὶ¹
2736 691 2825 742 τὸν
2854 688 3061 757 Δάγων,
3092 685 3186 739 καὶ
3232 684 3321 736 τὸν
3355 681 3547 751 Βηλδν,
3586 680 3679 733 καὶ

2106 781 2195 835 τὸν
2227 780 2495 852 δράκοντα
2526 781 2657 834 Θεὸν
2691 779 2989 848 ὠνόμαζον,
3018 776 3131 829 ἀλλ’
3176 774 3235 827 ού
3273 772 3359 827 διὰ
3390 771 3548 824 τοῦτο
3587 772 3680 824 καὶ

2106 872 2197 925 τὸν
2226 873 2357 926 Θεὸν
2391 873 2775 944 προσεκύνουν.
2808 871 2882 924 υύ
2917 870 3022 942 γὰρ
3051 867 3182 931 Θεὸς
3220 865 3281 919 τδ
3314 864 3489 932 ξύλον,
3520 864 3613 917 καὶ
3652 864 3682 916 ὅ

2116 962 2315 1034 χαλκὸς
2340 964 2433 1014 καὶ
2460 960 2520 1014 τὸ
2550 959 2758 1031 θηρίον.

431 1065 733 1119 draconem
754 1060 925 1115 Deum
955 1056 1333 1118 nominabant,
1373 1051 1468 1107 sed
1506 1066 1615 1107 non
1637 1061 1928 1123 pr0pterea
1943 1052 2115 1108 Deum
2140 1048 2473 1115 adorabant;
2499 1063 2608 1103 non
2641 1048 2789 1104 enim
2809 1048 3199 1117 Deuslignum,
3218 1052 3273 1100 et
3302 1058 3376 1098 aes
3405 1051 3460 1097 et
3489 1042 3688 1096 bellua.

507 1144 612 1198 Sed
669 1142 799 1213 quid
834 1155 1063 1197 necesse
1120 1148 1204 1195 est
1268 1139 1605 1207 coniecturis
1677 1140 2004 1195 sententiam

434 1243 744 1306 quaerentes
773 1246 1030 1287 sermone
1073 1230 1315 1284 abditam
1369 1230 1641 1283 fallaciam
1668 1228 1930 1293 revelare,
1958 1237 2011 1283 et

435 1328 672 1381 fortasse
696 1322 1016 1378 occasiones
1050 1321 1290 1391 praebere
1317 1319 1685 1385 audientibus,
1716 1322 1861 1391 quod
1891 1330 2012 1374 tan.

432 1430 598 1485 quam
650 1429 761 1468 non
800 1427 927 1467 vere
957 1426 1058 1466 nos
1083 1413 1198 1465 htec
1222 1409 1464 1465 inimicis
1508 1410 1841 1482 objicimus?
1870 1409 2012 1464 Ecce

2198 1134 2356 1187 Ἀλλά
2379 1135 2430 1187 τί
2458 1134 2562 1204 χρὴ
2591 1132 3159 1211 καταστοχαζομένους
3184 1133 3281 1203 τῆς
3298 1134 3535 1199 διανοίας
3555 1139 3684 1191 ἀνα-

2116 1226 2411 1281 καλύπτειν
2459 1227 2536 1296 τῷ
2569 1226 2709 1297 λόγῳ
2759 1225 2856 1297 τὴν
2886 1226 3272 1297 κεκρυμμένην
3317 1227 3555 1297 ἀπάτην,
3590 1231 3683 1282 καὶ

2117 1319 2375 1390 παρέχειν
2409 1318 2537 1381 ἴσως
2569 1316 2823 1389 ἀφορμὰς
2857 1319 2967 1383 τοῖς
3005 1317 3310 1382 ἀκούουσιν,
3340 1318 3413 1380 ὡς
3433 1319 3533 1372 οὐκ
3561 1320 3686 1391 ἀληο

2119 1410 2227 1474 θῶς
2246 1409 2401 1481 ἡμῶν
2426 1409 2596 1463 ταῦτα
2618 1412 2729 1471 τοῖς
2750 1408 2957 1480 ἐχθροῖς
2984 1408 3395 1479 προφερόντων;
3424 1410 3553 1464 Ἰδοὺ
3576 1412 3684 1484 γὰρ

434 1509 580 1565 enim
638 1504 799 1560 nobis
844 1502 1046 1558 nudam
1093 1503 1315 1572 exponit
1380 1502 1794 1571 blasphemiam,
1861 1500 2012 1556 nullo

2118 1504 2327 1574 γυμνὴν
2367 1504 2495 1573 ἡμῖν
2529 1502 2800 1556 ἐκτίθεται
2835 1502 2931 1569 τὴν
2960 1501 3329 1572 βλασφημίαν,
3373 1502 3440 1555 δι’
3473 1502 3684 1568 οὐδενὸς

432 1598 703 1655 velamine
735 1596 918 1651 dolum
953 1596 1068 1651 sive
1097 1594 1343 1649 fraudem
1373 1595 1680 1660 occultans,
1711 1595 1804 1650 sed
1838 1593 2009 1649 auda-

434 1697 551 1743 cter
576 1687 814 1743 absurda
840 1687 1070 1757 loquens
1102 1685 1273 1740 libera
1296 1700 1430 1740 voce
1458 1705 1470 1739 :
1511 1686 1591 1740 sic
1624 1686 1769 1740 enim
1809 1686 2012 1755 scripta

436 1779 635 1834 habent
663 1798 675 1832 :
717 1776 831 1832 Nos
860 1778 1121 1848 equidem,
1154 1778 1351 1846 inquit,
1384 1776 1516 1831 nihil
1549 1777 1697 1831 aliud
1748 1777 2013 1831 invenien-

435 1880 509 1924 tes
537 1880 730 1938 prwter
757 1870 1038 1924 essentiam
1072 1867 1201 1922 Filii
1235 1867 1371 1938 quod
1400 1872 1788 1937 generationem
1814 1870 2013 1935 capiat,

434 1964 489 2016 in
541 1962 724 2017 eadem
785 1962 1011 2015 essentia
1062 1970 1311 2028 putamus
1342 1968 1578 2027 oportere
1634 1959 2011 2029 appellationes

436 2053 703 2118 ordinare,
732 2052 836 2106 sive
864 2050 1021 2105 nudis
1042 2061 1089 2105 et
1108 2051 1331 2104 exilibus
1359 2051 1523 2104 verbis
1545 2050 1783 2105 dicamus
1814 2048 2015 2104 Filium

434 2155 483 2199 et
512 2145 763 2214 genitum,
799 2143 905 2197 sive
935 2142 1049 2195 Itan:
1069 2140 1133 2195 ab
1166 2142 1395 2195 essentia
1446 2140 1782 2205 dieellamus,
1817 2156 1882 2194 ea:
1932 2142 2013 2196 his

437 2235 643 2287 incitati
686 2235 940 2288 essentias
975 2250 1006 2286 a
1038 2249 1092 2287 se
1122 2234 1341 2286 invicem
1369 2240 1645 2301 separatas
1691 2232 1894 2286 distare
1916 2232 2013 2300 ﬁr—

437 2326 589 2378 miter
641 2333 896 2379 tenemus.
946 2322 1091 2377 Nihil
1128 2338 1265 2394 Opus
1284 2337 1407 2378 esse
1434 2330 1567 2393 puto
1619 2321 2013 2377 absurditatem

432 2428 556 2482 quae
602 2413 658 2468 in
686 2413 772 2469 his
806 2412 974 2468 dictis
1004 2420 1110 2478 est,
1179 2410 1389 2466 nostris
1446 2411 1795 2466 sermonibus
1827 2411 2014 2481 repre-

437 2502 622 2557 hendi.
670 2503 792 2573 Ipsa
825 2504 972 2557 enim
1028 2502 1363 2572 scriptorum
1415 2500 1580 2555 lectio
1626 2503 1764 2558 satis
1834 2509 2016 2572 potest

435 2591 828 2660 blasphemiam
905 2600 1133 2657 notare;
1212 2591 1293 2646 sic
1366 2591 1513 2674 enim
1590 2594 2013 2661 perspiciamus:

436 2680 718 2735 Essentias
756 2678 937 2732 Patris
967 2687 1022 2733 et
1051 2678 1171 2733 Filii
1228 2686 1511 2748 separatas
1541 2694 1571 2732 a
1608 2695 1666 2735 se
1682 2681 1900 2737 dill‘erre
1918 2696 2017 2734 au-

438 2779 635 2823 tumat.
663 2767 802 2834 Quid
832 2768 997 2837 igitur
1027 2782 1122 2835 per
1149 2768 1601 2838 παρηλλαγμένον
1662 2769 1739 2838 (id
1771 2777 1875 2834 est,
1903 2771 2016 2827 dis-

2117 1596 2578 1667 προκαλύμματος
2635 1595 2725 1647 τὸν
2787 1594 2933 1647 δόλον
2998 1594 3498 1665 ἐπικρυπτόμενος,
3569 1592 3678 1647 ἀλλ’

2114 1686 2698 1758 ἐμπαρῤησιαζόμενος
2746 1687 2859 1749 τοῖς
2906 1685 3126 1747 ἀτόποις
3179 1684 3438 1757 ἐλευθέρᾳ
3490 1688 3640 1757 φωνῇ
3666 1701 3682 1716 .

2112 1779 2256 1832 οὕτω
2282 1777 2338 1830 δὲ
2372 1777 2483 1846 ἔχει
2520 1776 2589 1828 τὰ
2620 1775 2980 1846 γεγραμμένα
3001 1783 3015 1799 ⁸
3041 1773 3235 1843 Ἡμεῖς
3267 1775 3384 1843 μὲν
3414 1771 3548 1841 οὖν,
3582 1793 3685 1846 φη-

2114 1871 2218 1933 σίν,
2252 1867 2433 1922 οὐδὲν
2468 1867 2676 1934 ἕτερον
2708 1866 3092 1934 εὑρίσκοντες
3137 1867 3296 1934 παρὰ
3325 1867 3438 1934 τὴν
3466 1869 3686 1921 οὐσίαν
3712 1894 3717 1897 >

2112 1958 2217 2013 τοῦ
2256 1956 2391 2011 Υἱοῦ
2418 1955 2485 2009 τὸ
2519 1955 2845 2023 δεχόμενον
2881 1953 2995 2021 τὴν
3022 1953 3328 2024 γέννησιν,
3372 1954 3465 2007 ἐπ’
3496 1955 3686 2023 αὐτῆς

2112 2049 2223 2117 τῆς
2243 2047 2459 2112 οὐσίας
2481 2046 2712 2099 τάττειν
2730 2045 2967 2115 οἰόμεθα
2984 2043 3112 2097 δεῖν
3130 2044 3237 2110 τὰς
3257 2046 3683 2114 προσηγορίας,

2112 2138 2235 2205 εἴγε
2264 2135 2360 2189 καί
2392 2134 2598 2203 ψιλοῖς
2623 2132 2853 2202 ῥήμασι
2891 2133 3146 2203 λέγομεν
3183 2132 3317 2187 Υὶὸν
3339 2134 3435 2187 καί
3476 2151 3687 2204 γεννη-

2113 2225 2240 2291 τόν,
2267 2225 2321 2278 ετ
2349 2241 2415 2294 γε
2444 2223 2631 2277 ταῦτα
2656 2221 2767 2290 τῆς
2800 2222 3015 2287 οὐσίας
3038 2222 3420 2292 χωρίσαιμεν,
3460 2224 3527 2276 ἐκ
3553 2224 3687 2277 τού-

2114 2331 2233 2367 των
2267 2312 2587 2383 ὁρμώμενοι
2624 2311 2724 2365 καὶ
2769 2310 2836 2365 τὸ
2881 2310 3297 2379 παρηλλάχθαι
3336 2313 3443 2377 τὰς
3472 2314 3685 2380 οὐσίας

2114 2404 2404 2472 ἀλλήλων
2444 2405 2830 2472 πιστούμεθα.
2866 2403 3031 2456 Οὐδὲν
3070 2398 3454 2474 οἶμαι’χρῆναι
3494 2404 3593 2475 τὴν
3625 2407 3685 2457 ὲν

2114 2494 2226 2554 τοῖς
2251 2491 2558 2562 εἰρημένοις
2585 2490 2814 2545 ἀτοπίαν
2835 2490 2923 2544 διὰ
2942 2489 3048 2544 τῶν
3071 2490 3349 2561 ἡμετέρων
3373 2492 3685 2563 ἐλέγχεσθαι
3714 2552 3719 2559 ,

2114 2583 2309 2652 λόγων.
2364 2582 2512 2653 Δύτὴ
2561 2583 2671 2653 γὰρ
2710 2584 2744 2653 η
2793 2581 2900 2635 τῶν
2938 2581 3336 2652 γεγραμμένων
3382 2583 3687 2651 ἀνάγνωσις

2117 2674 2277 2746 ἱκανὴ
2306 2673 2649 2745 στηλιτεῦσαι
2689 2672 2789 2743 τὴν
2828 2671 3194 2741 βλασφημίαν.
3236 2672 3449 2726 Ούτωσὶ
3480 2673 3537 2725 δὲ
3571 2673 3679 2727 Sta-

2120 2766 2509 2836 σκοπήσωμεν’
2532 2761 2917 2834 Παρηλλάχθαι
2943 2762 3089 2831 λέγει
3111 2761 3208 2825 τὰς
3237 2763 3422 2827 οὐσίας
3444 2765 3687 2836 ἀλλήλων

438 2873 667 2927 crepans
710 2866 763 2912 et
798 2855 1097 2927 diversum)
1139 2856 1520 2927 signiﬁcatur?
1563 2856 1803 2912 Primum
1841 2861 2010 2930 ipsam

2115 2855 2206 2908 τοῦ
2237 2854 2365 2908 Υίοῦ
2395 2870 2454 2906 τε
2492 2854 2585 2906 καὶ
2634 2853 2729 2906 τοῦ
2760 2853 2990 2925 Πατρός.
3036 2854 3100 2905 Τί
3129 2854 3306 2907 τοίνυν
3334 2855 3422 2907 διὰ
3448 2856 3542 2909 τοῦ
3575 2873 3686 2923 star

437 2949 695 3004 dictionis
725 2948 835 3005 vim
867 2959 918 3003 et
941 2946 1392 3018 significationem
1426 2950 1715 3020 separatim
1738 2953 2014 3006 examine-

437 3057 581 3103 mus,
614 3048 672 3093 ut
708 3041 880 3110 magis
940 3055 1038 3109 per
1072 3040 1238 3110 hujus
1294 3040 1448 3095 verbi
1508 3042 2013 3111 interpretationem

437 3132 662 3201 impium
696 3132 994 3185 comitium
1044 3131 1348 3203 detegatur.
1379 3131 1591 3187 Dicitur
1638 3149 1768 3203 ergo
1802 3134 1857 3187 in
1886 3150 2017 3188 con-

437 3222 745 3278 suetudinis
819 3222 1083 3277 abusione
1161 3223 1265 3277 hoc
1315 3238 1513 3278 nomen
1582 3223 1682 3294 τῆς
1738 3223 2015 3293 παραλλα-

435 3315 560 3384 γῆς,
603 3314 659 3367 in
698 3314 1022 3383 corporibus
1072 3315 1315 3385 quidem,
1339 3315 1558 3383 quando
1584 3330 1651 3367 ex
1684 3317 2017 3369 resolutione

435 3405 520 3458 vel
547 3404 652 3458 alia
687 3406 1039 3474 perpessione
1095 3405 1400 3458 membrum
1427 3403 1650 3473 aliquod
1696 3419 1727 3457 a
1777 3406 2013 3459 naturali

437 3504 704 3549 concentu
765 3509 1079 3563 perversum
1117 3500 1171 3546 et
1225 3493 1502 3546 detortum
1538 3493 1726 3548 fuerit.
1785 3493 1920 3548 Nam
1948 3511 2015 3550 ex

436 3581 715 3637 contraria
770 3583 1041 3651 positione
1090 3580 1267 3635 affecti
1314 3583 1545 3637 membri
1591 3600 1715 3638 cum
1758 3599 1823 3639 eo
1870 3586 2015 3656 quod

440 3687 640 3728 sanum
690 3678 793 3738 est,
859 3672 913 3724 in
956 3671 1197 3726 deterius
1241 3674 1650 3741 perversionem
1691 3675 1811 3744 ejus
1869 3677 2014 3747 quod

443 3777 757 3833 perpessum
795 3761 893 3816 fuit
921 3762 1281 3834 παραλλαγήν
1319 3764 1687 3821 nominamus.
1720 3765 1778 3820 In
1804 3767 1888 3823 his
1919 3784 2018 3823 au-

442 3864 547 3907 tem
574 3854 666 3923 qui
698 3854 753 3907 in
805 3854 1073 3908 moribus-
1100 3854 1402 3909 secundum
1430 3856 1684 3910 virtutem
1723 3866 1778 3911 et
1818 3859 2015 3912 vitium

437 3942 719 4010 dillerunt,
776 3958 899 3997 cum
952 3944 1321 4013 intemperans
1356 3946 1464 3999 vita
1512 3960 1662 4015 purae
1700 3955 1754 4001 et
1807 3956 2013 4016 tempe-

436 4034 582 4088 ranti
624 4034 939 4104 opponitur,
990 4035 1076 4089 vel
1099 4035 1252 4104 justo
1302 4035 1564 4103 injustus,
1615 4037 1699 4091 vel
1726 4048 2014 4094 mansueto

432 4136 491 4182 et
521 4126 746 4197 paciﬁco
780 4135 835 4180 et
864 4126 1071 4198 quieto,
1107 4127 1434 4191 iracundus,
1478 4126 1796 4193 bellicosus,
1828 4136 1882 4183 et
1917 4131 2011 4201 qui

2107 2944 2532 3015 ρηλλαγμένου
2582 2944 2935 3014 σημαίνεται;
2986 2943 3213 3015 Πρῶτον
3259 2946 3428 3017 αὐτὴν
3459 2949 3556 3019 τὴν
3588 2950 3688 3019 τῆς

2114 3041 2312 3105 λέξεως
2350 3041 2585 3111 ἔμφασιν
2621 3041 2703 3109 ἐφ’
2727 3040 2931 3094 ἑαυτῶν
2961 3038 3320 3111 ἐξετάσωμεν,
3350 3043 3427 3105 ὡς
3462 3042 3530 3096 ἂν
3556 3044 3689 3113 μᾶλ-

2114 3132 2203 3184 λον
2241 3131 2328 3184 διὰ
2354 3132 2451 3202 τῆς
2495 3130 2588 3185 τοῦ
2637 3132 2877 3202 ῥήματος
2907 3132 3200 3203 ἑρμηνείας
3240 3132 3603 3204 ὲκκαλυφθείη
3625 3134 3687 3187 τὸ

2117 3224 2454 3294 βλάσφημον.
2503 3224 2735 3292 Λέγεται
2780 3223 2958 3278 τοίνυν
2993 3227 3051 3279 ὲν
3086 3228 3152 3297 τῇ
3214 3226 3547 3296 καταχρήσει
3587 3226 3687 3296 τῆς

2118 3316 2400 3387 συνηθείας
2428 3315 2489 3368 τὸ
2524 3319 2672 3387 ῥῆμα
2716 3316 2815 3386 τῆς
2856 3316 3235 3389 παραλλαγῆς,·
3268 3317 3362 3369 ἐπὶ
3412 3317 3679 3387 σωμάτων

2119 3407 2237 3475 μὲν,
2280 3408 2407 3459 ὅταν
2462 3408 2526 3465 ἐκ
2578 3405 2932 3476 παραλύσεως
2983 3404 3017 3475 ἥ
3062 3423 3205 3468 τινος
3248 3405 3435 3475 ἑτέρου
3482 3406 3684 3469 πάθους

2117 3500 2450 3568 παρατραπῇ
2476 3516 2527 3551 τι
2564 3497 2722 3568 μέλος
2756 3498 2855 3567 τῆς
2884 3498 3117 3567 φυσικῆς
3141 3497 3423 3567 ἁρμονίας.
3461 3498 3555 3550 Ἐκ
3577 3498 3684 3569 γὰρ

2113 3589 2212 3658 τῆς
2254 3589 2390 3658 πρὸς
2437 3589 2498 3640 τὸ
2538 3589 2775 3657 ὑγιαῖνον
2807 3589 2900 3643 τοῦ
2950 3586 3277 3650 πεπονθότος
3325 3588 3685 3659 ἀντιπαραθέ-

2117 3696 2253 3741 σεως
2284 3679 2382 3750 τὴν
2414 3678 2548 3749 πρὸς
2581 3678 2641 3733 τὸ
2667 3680 2847 3749 χεῖρον
2869 3676 3223 3748 παρατροπὴν
3243 3677 3337 3731 τοῦ
3382 3675 3686 3747 παραδεξα-

2117 3770 2279 3840 μένου
2319 3768 2380 3823 τδ
2420 3770 2606 3833 πάθος,
2657 3767 3010 3838 παραλλαγὴν
3051 3767 3406 3839 ὀνομάζομεν.
3458 3768 3579 3820 Ἐπὶ
3627 3769 3684 3822 δὲ

2113 3861 2220 3913 τῶν
2251 3862 2309 3913 ὲν
2346 3860 2466 3931 ἤθει
2517 3863 2635 3915 κατ’
2667 3862 2865 3932 ἀρετὴν
2916 3859 3011 3913 καὶ
3060 3858 3259 3912 κακίαν
3298 3859 3681 3927 διαφερόντων,

2111 3950 2238 4003 ὅταν
2262 3952 2289 4003 ὁ
2316 3951 2610 4013 ἀκόλαστος
2637 3950 2747 4021 βίος
2776 3948 3327 4020 ἀντιπαρατιθέμενθς
3353 3948 3431 4018 τῷ
3459 3949 3684 4018 καθαρῷ

2110 4058 2172 4093 τε
2204 4041 2298 4095 καὶ
2342 4040 2597 4111 σώφρονι,
2640 4042 2673 4111 ἢ
2712 4040 2790 4110 τῷ
2824 4041 3018 4110 δικαίῳ
3056 4040 3085 4092 ὅ
3121 4040 3322 4104 ἄδικος,
3354 4040 3386 4110 ἢ
3419 4039 3552 4110 πρὸς
3590 4039 3686 4092 τὸν

2114 4132 2286 4202 πρᾷόν
2312 4148 2373 4184 τε
2401 4133 2496 4185 καὶ
2520 4134 2792 4203 εἰρηνικόν
2820 4150 2879 4185 τε
2903 4132 2995 4185 καὶ
3019 4132 3259 4203 ἡσύχιον,
3296 4134 3324 4185 ὁ
3348 4131 3600 4202 θυμώδης
3622 4149 3683 4185 τε

436 4220 572 4272 iram
608 4218 904 4273 recondere
944 4235 1054 4273 non
1106 4226 1284 4288 potest
1316 4235 1330 4273 :
1368 4226 1420 4274 et
1471 4219 1697 4273 omnino
1746 4219 2011 4290 quidquid

2116 4224 2210 4276 καὶ
2247 4223 2563 4293 πολεμικὸς,
2602 4224 2698 4276 καὶ¹
2734 4224 2831 4294 τὴν
2856 4223 3021 4295 ὀργὴν
3068 4222 3427 4294 ἀταμίευτος·
3454 4223 3549 4275 καὶ
3574 4225 3686 4277 πᾶν

435 4309 677 4363 melioris
700 4308 1043 4379 oppositione
1073 4307 1128 4362 in
1151 4308 1285 4362 vitio
1313 4314 1605 4362 accusatur
1634 4308 2013 4379 παρηλλάχθαι

435 4400 637 4454 dicitur
651 4401 724 4471 (id
738 4412 819 4456 est
842 4399 1197 4469 discrepare).
1216 4398 1353 4465 Quia
1369 4414 1479 4453 non
1505 4400 1615 4454 illis
1627 4400 1857 4455 invicem
1876 4403 2017 4457 acci-

436 4492 568 4546 dant
601 4508 722 4562 quae
752 4493 807 4546 in
837 4493 1085 4561 utrisque
1107 4500 1235 4545 sunt
1260 4491 1499 4560 insignia
1527 4490 1727 4545 indicia
1750 4532 1765 4558 ,
1798 4492 2011 4549 honesti

437 4584 562 4639 dico
574 4592 629 4638 et
644 4585 951 4639 deterioris.
970 4582 1239 4638 Praeterea
1258 4581 1637 4653 παρηλλάχθαι
1654 4583 2011 4655 (discrepare)

438 4670 673 4727 dicimus
706 4671 997 4740 qualitates
1021 4686 1142 4741 quae
1177 4673 1231 4726 in
1253 4672 1535 4727 elementis
1566 4672 2009 4743 considerantur,

434 4776 561 4830 qua:
589 4776 653 4815 ex
676 4763 951 4817 contrario
979 4764 1083 4818 sibi
1104 4763 1337 4817 invicem
1365 4772 1684 4829 occurrunt,
1707 4766 2011 4833 corruptri-

432 4863 558 4902 cem
585 4849 692 4901 vim
744 4858 935 4904 mutuo
976 4851 1260 4915 habentes,
1288 4856 1350 4903 ut
1380 4850 1618 4905 calidum
1641 4860 1695 4907 et
1725 4852 2004 4925 frigidum,

2113 4316 2249 4378 ὅλως
2278 4314 2338 4366 τὸ
2361 4317 2427 4385 τῇ
2461 4314 2758 4386 παραθέσει
2781 4315 2874 4368 τοῦ
2901 4315 3205 4385 κρείττονος
3230 4316 3287 4368 ἐν
3314 4315 3478 4383 κακίᾳ
3515 4331 3687 4384 κατη-

2112 4404 2474 4475 γορούμενον,
2531 4403 2909 4474 παρηλλάχθαι
2971 4403 3186 4473 λέγεται
3223 4418 3238 4435 ’
3281 4403 3359 4473 τῷ
3416 4402 3490 4474 μὴ
3543 4419 3685 4472 συμ-

2114 4492 2318 4547 ϐαίνειν
2348 4493 2597 4564 ἀλλήλοις
2626 4493 2695 4546 τὰ
2734 4493 2820 4547 ἐπ’
2849 4493 3170 4564 ἀμφοτέρων
3190 4491 3563 4562 γνωρίσματα,
3586 4491 3683 4544 τοῦ

2116 4600 2176 4636 τε
2217 4582 2379 4637 καλοῦ
2422 4600 2564 4653 φημι
2605 4582 2823 4636 καὶτοῦ
2852 4582 3112 4653 χείρονος.
3146 4582 3266 4633 Ἔτι
3303 4578 3685 4652 παρηλλάχθαι

2118 4673 2297 4744 φαμὲν
2332 4674 2428 4728 καὶ
2454 4674 2554 4737 τὰς
2579 4674 2673 4727 ἐπὶ
2699 4675 2808 4727 τῶν
2835 4673 3108 4744 στοιχείων
3132 4671 3512 4743 θεωρουμένας
3535 4672 3689 4724 ποιό-

2113 4782 2301 4837 τητας,
2328 4767 2449 4821 ὅσαι
2486 4766 2630 4820 κατά
2671 4766 2730 4820 τὸ
2765 4766 3003 4820 ἐναντίον
3050 4764 3475 4835 ἀντιποιχοῦσιν
3522 4763 3689 4835 ἀλλή-

2114 4857 2255 4922 λαις,
2284 4857 2588 4930 φθαρτικὴν
2617 4859 2739 4911 κατ’
2774 4856 3025 4928 ἀλλήλων
3055 4856 3271 4927 ἔχουσαι
3299 4855 3548 4925 δύναμιν,
3570 4850 3687 4908 οἷον

438 4940 525 4995 vel
558 4939 764 4995 siccum
816 4951 868 4995 et
914 4940 1218 5007 humidum,
1256 4940 1343 4996 vel
1379 4942 1602 4997 omnino
1635 4943 1817 5013 siquid
1854 4945 2009 4999 alteri

2113 4949 2171 5002 τὸ
2191 4948 2391 5019 θερμόν
2414 4966 2471 5002 τε
2485 4950 2578 5001 καὶ
2590 4948 2650 5001 τὸ
2669 4947 2892 5019 ψυχρὸν,
2914 4947 2948 5017 ἢ
2965 4946 3027 5000 τὸ
3048 4945 3210 5017 ξηρόν
3226 4946 3392 4999 τεκαὶ
3413 4944 3474 4997 τὸ
3497 4945 3684 5015 ὑγρὸν,

432 5030 722 5086 contrario
775 5032 1069 5100 opponitur
1123 5037 1179 5087 et
1237 5028 1382 5099 quod
1440 5031 1499 5085 in
1542 5031 1629 5087 bis
1672 5033 1825 5087 nullo
1850 5032 2012 5089 modo

2113 5039 2144 5111 ἢ
2170 5039 2324 5104 ὅλως,
2352 5040 2406 5092 εῐ
2424 5057 2477 5093 τι
2520 5039 2690 5111 ἑτέρῳ
2729 5039 2863 5111 πρὸς
2885 5038 2948 5091 τὸ
2971 5040 3208 5093 ἐναντίον
3235 5036 3686 5105 ἀντικαθέστηκε,

436 5132 621 5195 potest
648 5124 816 5189 coire,
848 5122 1197 5193 παραλλαγῆς
1236 5123 1455 5178 nomine
1521 5123 1599 5194 (id
1622 5131 1725 5189 est,
1757 5123 2013 5179 differen-

2112 5130 2207 5185 καὶ
2237 5130 2300 5184 τὸ
2338 5132 2396 5185 ἐν
2447 5131 2659 5195 τούτοις
2690 5129 3022 5200 ἀσύμϐατον,
3067 5130 3146 5201 τῷ
3189 5129 3288 5200 τῆς
3328 5126 3691 5198 παραλλαγῆς

437 5218 549 5282 tiae,
581 5218 696 5273 sive
727 5215 1130 5286 discrepantia)
1168 5213 1616 5284 interpretamur.
1658 5217 1727 5269 Et
1754 5216 2012 5287 quidquid

2113 5220 2535 5293 διερμηνεύομεν
2573 5222 2796 5293 ῥήματι.
2838 5221 2949 5276 Καὶ
2991 5223 3100 5276 πᾶν
3137 5220 3272 5283 ὅλως
3300 5219 3362 5273 τὸ
3384 5216 3692 5287 διαφωνοῦν

439 5325 666 5381 prorsus
689 5310 937 5365 dissonat
964 5307 1031 5361 ab
1055 5308 1225 5362 altero
1255 5307 1310 5361 in
1339 5308 1425 5363 his
1455 5307 1691 5372 indiciis,
1718 5322 1786 5362 ex
1812 5309 2011 5379 quibus

2121 5313 2256 5384 πρὸς
2276 5314 2339 5367 τὸ
2360 5315 2546 5385 ἕτερον
2573 5313 2632 5367 ὲν
2660 5315 2769 5378 τοῖς
2802 5311 3287 5384 ὲπιθεωρουμένοις
3317 5308 3684 5382 γνωρίσμασι,

505 5409 551 5441 ³⁵
574 5406 735 5464 Rom.
762 5424 819 5473 κ,
854 5407 941 5461 10.
1017 5405 1066 5437 ’⁸
1096 5403 1239 5459 Psal.
1264 5401 1437 5468 mni
1478 5417 1595 5473 sqq.

508 5502 586 5573 (a)
618 5502 807 5579 [iocus
827 5504 907 5559 sie
930 5500 1390 5579 restituendusex
1413 5502 1784 5579 cod.Ba‘vaAr..
1803 5541 1817 5556 .
1840 5544 1857 5579 τ
1879 5504 2015 5579 πρός
2125 5504 2205 5579 sic
2226 5514 2405 5561 vertes
2437 5526 2449 5562 :
2489 5506 2627 5561 Eam
2655 5510 2716 5564 ob
2746 5506 2975 5563 causam
3005 5510 3121 5563 dico
3166 5511 3554 5579 respiciendum
3588 5527 3700 5567 esse

436 5572 528 5651 τις)
558 5572 683 5625 νοῦν
714 5575 936 5651 βλέπειν
982 5574 1089 5651 τῶν
1129 5572 1584 5651 προβαλλομένωγ
1603 5574 1776 5651 ,δῆβὲν
1805 5574 1871 5651 Th
1919 5572 2012 5651 ἧς

2116 5573 2431 5651 αάριεηεεῃι
2453 5594 2636 5633 eorum
2675 5581 2763 5649 qui
2790 5580 3045 5651 v_ocabula
3070 5581 3195 5651 fidei
3216 5572 3567 5649 profer-unua
3596 5597 3701 5635 non

436 5645 670 5704 πίστεως
746 5647 939 5711 ’ματα,
964 5645 1036 5714 μὴ
1061 5642 1197 5714 πρὸς
1222 5643 1319 5707 τὰς
1344 5642 1527 5711 φωνὰς
1545 5642 1912 5708 δελεάζεσθαι.
1954 5642 2012 5698 El

436 5708 528 5763 οὖν
557 5710 683 5763 Υίὸν
701 5647 878 5763 ἔργων
892 5716 952 5763 οὐ
973 5714 1104 5763 ποὺς
1122 5713 1329 5763 κτίσμα
1352 5715 1537 5763 Βλέπει
1555 5717 1641 5763 διὰ
1671 5715 1771 5763 τῆς
1797 5714 2012 5763 λέξεως-

2114 5645 2245 5699 solis
2276 5647 2488 5702 vocibus
2509 5642 2761 5705 inesca'ri.
2796 5648 2857 5705 Si
2881 5652 3045 5721 igitur
3070 5642 3160 5722 qui
3199 5642 3399 5706 Filium
3433 5642 3699 5714 nominat,

2114 5714 2211 5763 hoc
2237 5716 2487 5763 vocabulo
2520 5719 2589 5763 nd
2619 5730 2917 5763 nrrnIm-nm
2948 5738 3049 5763 nnn
3084 5722 3290 5763 muniri!
3339 5732 3513 5763 nnctpr
3544 5731 3620 5763 px!
3642 5730 3697 5763 ρι

436 5663 670 5704 πίστεως
775 5663 939 5711 ματα,
964 5663 1036 5714 μη
1061 5663 1197 5714 προς
1222 5663 1319 5707 τας
1344 5663 1527 5711 φωνας
1545 5663 1912 5708 οεΑεαςεσυαι.
1954 5663 2012 5698 m

434 5708 541 5795 οὖν.
557 5710 683 5763 Υίὸν
701 5663 878 5795 λέγων
892 5716 952 5795 οὐ
973 5714 1104 5795 apii;
1122 5713 1537 5795 xricuaﬁléaat
1549 5717 1641 5795 διὰ
1657 5715 1771 5795 ξῆς
1797 5714 2012 5795 λέξεως,

2114 5663 2245 5699 satis
2276 5663 2488 5702 vocwus
2509 5665 2761 5705 inescart.
2796 5663 2855 5705 δι
2881 5663 3045 5721 igitur
3071 5663 3159 5722 qut
3199 5663 3399 5706 riuum
3433 5663 3697 5714 nominat,

2114 5714 2211 5767 hoc
2237 5716 2589 5795 vocabulond
2619 5730 2917 5776 creaturam
2948 5738 3050 5777 non
3083 5722 3311 5792 respicit,
3338 5732 3513 5779 noster
3544 5731 3620 5777 est
3642 5730 3697 5774 et

440 5781 703 5844 ἡμέτερος
748 5782 839 5834 καὶ
878 5784 997 5849 οὐχὶ
1018 5781 1128 5836 τῶν
1159 5781 1417 5839 ἐναντίων
1446 5787 1611 5843 ἐστίν.
1651 5781 1783 5855 Qua:
1822 5785 2012 5840 Latine

2117 5801 2218 5841 non
2243 5790 2690 5844 adversariorum.
