4010 6156
246 390 257 397 ·
344 367 450 422 669

1462 369 1739 426 CONTRA
1783 368 2167 435 EUNOMIUM,
2214 369 2342 425 LIB.
2383 370 2475 426 IV.

3488 376 3591 431 670

341 481 451 536 τῶν
493 483 963 556 παρηλλαγμένων
1002 482 1181 537 ἐστίν·
1220 483 1295 546 ὡς
1345 484 1523 552 ὑγίεια
1572 487 1706 556 πρὸς
1741 489 1910 549 νόσον,

2014 487 2136 555 ejus
2168 487 2250 541 vis
2286 493 2339 541 et
2380 493 2575 540 natura
2629 485 2971 556 dignoscitur
3001 485 3143 541 inter
3169 487 3591 558 παρηλλαγμένα

344 574 438 627 καὶ
462 575 595 643 πρὸς
629 574 856 627 θάνατον
880 576 913 644 ή
932 572 1064 643 ζωὴ,
1094 573 1187 626 καὶ
1209 573 1345 644 πρὸς
1364 576 1585 646 εἰρήνην
1612 578 1640 628 ὁ
1666 577 1917 647 πόλεμος,

346 666 437 721 καὶ
466 667 635 739 ἀρετὴ
673 669 809 739 πρὸς
845 668 1064 734 κακίαν,
1101 667 1193 720 καὶ
1216 669 1315 723 ὃσα
1334 669 1538 731 τούτοις
1566 669 1712 723 ἐστὶν
1740 668 1920 739 ὁμοιό-

345 775 539 829 τροπα.

412 848 630 901 Τούτων
661 848 718 901 δὲ
762 850 895 919 ἡμῖν
928 849 1068 904 οὕτω
1104 849 1607 921 διευκρινηθέντων,
1652 850 1918 919 κατανοή-

344 957 525 1011 σωμεν
558 941 652 994 καὶ
672 941 767 994 ἐπὶ
804 942 1167 1011 λογογράφου,
1198 941 1316 1004 πῶς
1347 939 1723 1012 παρηλλάχθαι
1769 940 1917 1007 λέγει

341 1033 439 1095 τὰς
464 1033 654 1096 οὐσίας
682 1033 925 1103 αλλήλων
951 1035 1043 1087 ἐπὶ
1085 1032 1179 1088 τοῦ
1206 1034 1420 1104 Πατρός
1446 1050 1505 1086 τε
1533 1034 1627 1087 καὶ
1654 1030 1803 1086 Υἱοῦ.
1849 1032 1916 1084 Τί

340 1123 501 1177 τοῦτο
525 1124 731 1193 λέγων;
775 1122 902 1195 'Ap‘
929 1125 1005 1188 ὡς
1049 1125 1143 1179 τοῦ
1178 1127 1389 1196 Πατρὺς
1429 1127 1527 1197 μὲν
1572 1127 1723 1189 ὄντος
1771 1124 1916 1178 κατὰ

341 1214 527 1283 φύσιν,
552 1215 647 1269 τοῦ
674 1215 731 1269 δὲ
769 1215 901 1270 Υἱοῦ
934 1217 1386 1288 παρηλλαγμένου
1422 1218 1522 1286 τῆς
1560 1219 1805 1286 φύσεως;
1841 1218 1912 1269 ’Ἡ

341 1306 445 1375 τὴν
470 1306 571 1376 τῆς
592 1308 789 1378 ἀρετῆς
806 1310 1164 1379 παρατροπὴν
1181 1307 1258 1377 τῷ
1280 1308 1482 1378 ῥήματι
1504 1306 1676 1378 τούτῳ
1695 1308 1913 1379 διερμη-

342 1398 512 1463 νεύει,
539 1398 782 1468 χωρίζων
807 1399 885 1469 τῷ
909 1399 1009 1468 τῆς
1039 1398 1391 1470 παραλλαγῆς
1422 1400 1639 1471 ὀνόματι
1657 1401 1717 1452 τὸ
1743 1399 1910 1453 κακὸν

343 1487 456 1540 ἀπὸ
485 1486 577 1540 τοῦ
607 1487 929 1558 κρείττονος,
963 1488 1038 1550 ὡς
1060 1488 1263 1558 ταύτην
1298 1489 1398 1559 μὲν
1429 1491 1487 1543 ἐν
1522 1489 1600 1561 τῷ
1634 1488 1782 1559 καλῷ
1811 1489 1909 1559 τῆν

342 1579 530 1631 οὐσίαν
561 1578 797 1647 βλέπειν,
828 1581 885 1631 ἐν
912 1580 969 1632 δὲ
1007 1579 1084 1649 τῷ
1116 1580 1340 1651 ἐναντίῳ
1366 1580 1464 1651 τὴν
1491 1580 1677 1651 ἄλλην;
1704 1581 1737 1651 ἢ
1769 1580 1909 1634 κατὰ

338 1667 433 1720 τὸν
466 1668 619 1736 λόγον
658 1669 757 1739 τῆς
787 1668 897 1723 τῶν
940 1670 1217 1739 στοιχείων
1247 1667 1632 1737 ἐναντιώσεως,
1679 1672 1771 1724 καὶ
1809 1671 1906 1741 τὴν

339 1757 491 1810 θείαν
522 1758 709 1812 οὐσίαν
742 1760 1117 1830 παρηλλάχθαι
1146 1761 1245 1833 τὴν
1280 1761 1471 1832 ἑτέραν
1501 1764 1566 1816 ἐκ
1592 1766 1690 1834 τῆς
1715 1763 1906 1834 ἐτέρας

339 1846 729 1917 διισχυρίζεται
746 1850 810 1920 ﬁ)
841 1850 917 1912 ὡς
944 1851 1056 1921 ἔχει
1081 1851 1216 1923 πρὸς
1246 1854 1466 1923 εἰρήνην
1489 1855 1517 1906 ό
1541 1853 1794 1925 πόλεμος,
1816 1856 1910 1907 καὶ

341 1938 477 2009 πρὸς
506 1938 734 1993 θάνατον
762 1941 794 2009 ἡ
828 1940 963 2011 ζωὴ,
994 1942 1086 1996 καὶ¹
1108 1942 1204 2014 τὴν
1227 1944 1362 2014 πρὸς
1388 1944 1458 1998 τὰ
1482 1946 1702 2000 τοιαῦτα
1731 1946 1909 2000 πάντα

340 2030 420 2100 τῷ
455 2030 682 2100 τοιούτῳ
701 2032 888 2102 τρόπῳ
911 2033 1087 2103 μάχην
1114 2036 1275 2106 ἐνορᾷ
1307 2039 1425 2099 ταῖς
1448 2038 1690 2104 οὐσίαις;
1721 2037 1808 2102 Ὠς
1833 2039 1909 2111 μὴ

340 2119 406 2173 ἂν
440 2120 610 2184 αὑτὰς
644 2122 762 2191 μετ’
791 2123 1034 2194 ἀλλήλων
1059 2124 1359 2194 συμϐῆναι·
1394 2125 1471 2196 τῷ
1497 2126 1596 2199 τὴν
1630 2128 1774 2197 μίξιν
1800 2129 1910 2185 τῶν

342 2211 596 2265 ἐναντίων
645 2213 1016 2286 δαπανητικὴν
1058 2216 1199 2268 κατὰ
1235 2217 1343 2270 τῶν
1378 2219 1721 2288 μιγνυμένων
1767 2220 1910 2291 ἔχειν

340 2298 439 2369 τὴν
463 2300 709 2370 δύναμιν.
749 2301 947 2365 Καθὼς
975 2320 1107 2372 φησι
1145 2305 1272 2374 περὶ
1299 2305 1394 2358 τοῦ
1435 2306 1671 2359 τοιούτου
1704 2307 1909 2378 δόγμα-

340 2405 432 2451 τος
457 2391 491 2459 ἡ
532 2391 902 2463 παροιμιώδης
934 2393 1122 2461 Σοφία,
1152 2396 1231 2447 ὅτι
1277 2394 1421 2465 ὕδωρ
1460 2397 1553 2450 καὶ
1584 2397 1692 2470 πῦρ
1728 2401 1789 2453 οὐ
1833 2401 1909 2472 μὴ

341 2479 587 2546 εἴπωσιν,
610 2482 810 2548 Ἀρκεῖ·
850 2482 945 2553 τὴν
980 2484 1204 2555 ἰσοπαλῆ
1237 2502 1294 2538 τε
1323 2488 1415 2540 καὶ
1466 2488 1765 2543 ἰσοστάσιον
1801 2492 1910 2546 τῶν

340 2570 598 2623 ἐναντίων
623 2571 801 2640 φύσιν,
828 2575 922 2627 καὶ
950 2574 1045 2646 τῆν
1065 2579 1182 2629 κατ’
1209 2577 1453 2648 ἀλλήλων
1473 2580 1679 2651 φθορὰν
1705 2582 1791 2636 διὰ
1813 2585 1908 2638 τοῦ

341 2660 659 2730 αἰνίγματος
686 2663 1212 2732 ἐρμηνεύουσα³κατ’
1238 2667 1391 2720 οὐδὲν
1414 2669 1618 2723 τούτων
1656 2666 1794 2725 εἶναι
1819 2673 1907 2725 λέ-

342 2767 431 2817 γει
460 2751 557 2818 τὴν
601 2754 658 2815 ἐν
694 2756 814 2815 ταῖς
852 2753 1059 2817 οὐσίαις
1097 2756 1336 2820 ἐκείναις
1385 2760 1738 2831 παραλλαγὴν
1780 2763 1910 2816 καθ-

346 2838 513 2906 opim;
541 2838 743 2893 Οὐκοῦν
768 2842 976 2896 εἰπάτω
1000 2845 1059 2895 τὸ
1081 2845 1229 2915 παρὰ
1245 2847 1415 2900 ταῦτα
1427 2850 1732 2921 νοούμενον.
1771 2854 1909 2906 Ἀλλ’

350 2927 449 2978 οὐκ
484 2926 548 2978 ἂν
578 2930 745 2983 εἰπεῖν
773 2931 881 3000 ἐχοι
908 2948 920 2959 ·
951 2933 1053 2986 κᾶν
1084 2932 1152 2985 τὰ
1181 2935 1384 3006 συνήθη
1411 2936 1557 3005 λέγει
1578 2954 1590 2965 ·
1621 2941 1753 2993 ὅτιὸ
1783 2942 1911 3006 Υἱὸς

350 3018 485 3088 πρὸς
508 3016 598 3070 τὸν
619 3023 978 3092 γεγεννηκότα
1007 3024 1405 3095 παρήλλακται.
1430 3027 1615 3098 Τούτῳ
1642 3030 1747 3101 γὰρ
1784 3032 1913 3101 μᾶλ-

2024 577 2110 664 (id
2126 585 2230 643 est,
2248 578 2544 648 disiuncta)
2565 579 2803 648 ponitur,
2829 586 2887 631 ut
2912 578 3121 635 sanitas
3142 595 3171 633 a
3194 581 3461 642 morbo,et
3483 582 3591 636 vita

2021 684 2051 723 a
2082 678 2275 733 morte,
2303 677 2355 723 et
2398 684 2429 723 a
2466 684 2597 738 pace
2645 669 2866 733 bellum,
2900 680 2953 726 et
2979 671 3150 726 virtus
3173 686 3201 725 a
3224 671 3375 739 vitio,
3391 682 3441 726 et
3472 690 3594 742 qua:

2021 768 2149 814 sunt
2170 757 2412 827 ejusdem
2432 759 2599 822 modi,
2622 759 2804 812 omnia
2823 774 2853 812 a
2878 774 2938 814 se
2969 758 3202 814 invicem
3225 761 3516 817 dissident.

2091 848 2188 905 His
2219 859 2395 904 autem
2429 850 2509 903 sic
2543 850 2818 904 distinctis
2845 849 2901 903 in
2954 849 3061 904 hoc
3094 849 3361 919 scriptore
3384 853 3591 920 cogite-

2019 957 2162 1005 mus,
2180 940 2452 1010 quomodo
2468 940 2601 995 dicit
2621 940 2885 994 essentias
2901 940 2955 993 in
2970 938 3132 1007 Patre
3151 955 3213 995 ac
3227 938 3365 994 Filio
3382 941 3593 1011 παρηλ-

2017 1030 2211 1100 λάχθαι
2232 1029 2580 1100 (disjunctas)
2600 1045 2722 1085 esse
2741 1045 2769 1083 a
2792 1045 2850 1085 se
2871 1030 3124 1083 invicem.
3159 1030 3268 1082 Cur
3293 1030 3394 1083 hoc
3422 1031 3592 1083 dicit?

2016 1135 2083 1174 an
2102 1121 2226 1189 quia
2245 1118 2401 1175 Pater
2417 1132 2500 1174 est
2518 1120 2815 1173 secundum
2833 1127 3105 1183 naturam,
3131 1127 3177 1174 et
3207 1120 3373 1175 Filius
3389 1122 3592 1192 παρηλ-

2013 1211 2279 1281 λαγμένος
2330 1209 2689 1281 (discrepans)
2717 1226 2747 1263 a
2778 1215 3003 1266 natura?
3046 1211 3130 1264 vel
3166 1211 3382 1265 virtutis
3412 1228 3591 1281 παρα-

2011 1305 2221 1375 τροπήν
2250 1302 2700 1372 (perversionem)
2730 1302 2835 1356 hoc
2864 1304 3026 1357 verbo
3055 1303 3468 1372 interpretatur,
3500 1319 3588 1359 se-
3624 1318 3635 1327 ‘

2012 1407 2211 1462 parans
2228 1391 2583 1464 παραλλαγῆς
2600 1390 2960 1462 (diﬁ'erentiae)
2975 1391 3215 1455 nomine,
3230 1392 3374 1462 quod
3390 1393 3590 1447 malum

2010 1490 2095 1539 est
2127 1499 2157 1537 a
2190 1484 2433 1547 meliore,
2478 1490 2535 1537 ut
2559 1482 2697 1537 hanc
2728 1482 2780 1535 in
2806 1482 3034 1551 pulchro
3062 1490 3115 1537 et
3139 1484 3370 1538 honesto
3404 1498 3594 1538 essen-

2009 1576 2137 1629 tiam
2176 1575 2464 1644 inspiciat,
2490 1574 2544 1627 in
2565 1575 2844 1629 contrario
2864 1590 2994 1630 vero
3017 1576 3273 1629 alteram?
3290 1576 3369 1630 vel
3393 1591 3594 1631 secun-

2008 1666 2139 1720 dum
2194 1667 2462 1721 rationem
2518 1666 2926 1722 contrarietalis
2981 1666 3373 1721 elementorum
3424 1668 3590 1722 etiam

2010 1757 2249 1812 divinam
2291 1758 2585 1813 essentiam
2627 1757 2852 1811 alteram
2887 1757 2955 1811 ab
2998 1757 3167 1811 altera
3211 1756 3591 1827 παρηλλάχθαι

2013 1847 2371 1918 (discrepare)
2417 1847 2739 1903 conﬁrmat?
2760 1863 2827 1901 an
2856 1856 2913 1901 ut
2944 1861 3003 1902 se
3048 1847 3209 1902 habet
3238 1847 3437 1901 bellum
3465 1863 3589 1902 cum

2010 1955 2165 2010 pace,
2186 1949 2242 1995 et
2274 1941 2385 1996 vita
2434 1956 2555 1996 cum
2584 1948 2778 2007 morte,
2829 1948 2883 1996 et
2913 1956 3150 2012 pugnam
3203 1956 3329 1996 cum
3388 1943 3589 1997 talibus

2009 2040 2063 2087 et
2089 2033 2347 2089 omnibus
2396 2032 2500 2089 hoc
2530 2033 2695 2087 modo
2727 2033 2782 2086 in
2810 2034 3069 2088 essentiis
3121 2033 3394 2089 intuetur?
3419 2033 3496 2087 lta
3532 2041 3591 2088 ut

2011 2124 2142 2194 ipsa:
2170 2139 2281 2179 non
2340 2124 2481 2178 inter
2511 2140 2571 2179 se
2606 2132 2823 2187 coeant,
2864 2123 2993 2194 quia
3028 2125 3429 2180 contrariorum
3457 2126 3591 2179 mis-

2008 2215 2212 2270 tionem
2276 2215 2736 2284 consumptricem
2803 2216 3037 2271 habeant
3103 2217 3404 2271 secundum
3481 2216 3589 2270 vim

2009 2321 2197 2360 corum
2221 2321 2343 2376 quae
2378 2305 2701 2361 miscentur.
2742 2307 2898 2362 Sicut
2948 2308 3014 2363 de
3044 2308 3139 2365 tali
3170 2309 3419 2379 dogmate
3462 2324 3591 2379 pro-

2009 2397 2265 2453 verbialis
2289 2400 2365 2450 ait
2392 2396 2695 2468 Sapientia,
2721 2400 2866 2470 quod
2897 2415 3037 2469 aqua
3066 2408 3120 2455 et
3150 2401 3289 2469 ignis
3309 2416 3589 2469 nunquam

2010 2486 2275 2541 dixerint:
2298 2486 2510 2557 Sufﬁcit
2528 2490 2595 2554 ’7;
2625 2490 2886 2560 aqualem
2906 2490 2957 2543 in
2983 2504 3160 2558 pugna
3185 2497 3236 2544 et
3255 2490 3589 2559 aequilibrem

2010 2578 2411 2634 contrariorum
2443 2588 2690 2634 naturam
2745 2588 2799 2635 et
2831 2589 3076 2634 mutuam
3113 2582 3255 2635 inter
3312 2596 3372 2636 se
3403 2582 3589 2651 perni-

2011 2668 2148 2723 ciem
2206 2669 2311 2725 hoc
2337 2671 2622 2741 aanigmate
2648 2671 2982 2739 signiﬁcans.
3016 2672 3097 2724 An
3130 2672 3278 2726 nullo
3314 2672 3506 2725 horum
3533 2672 3591 2726 in

2012 2762 2120 2818 illis
2173 2763 2430 2819 essentiis
2490 2762 2847 2833 παραλλαγήν
2905 2761 3310 2832 (differentiam)
3360 2762 3493 2816 dicit
3531 2779 3592 2819 se

2010 2854 2367 2923 conspicere?
2398 2854 2544 2908 dicat
2572 2854 2737 2924 igitur
2777 2854 2923 2924 quod
2955 2863 3151 2923 praeter
3179 2854 3293 2909 haec
3336 2855 3593 2924 intelligi-

2013 2953 2136 3011 tur;
2161 2946 2253 2999 sed
2283 2961 2391 3000 non
2428 2945 2611 3000 dicere
2666 2946 2862 3017 possit.
2889 2944 3045 3011 Quod
3085 2946 3131 3001 si
3170 2945 3426 3001 inusitata
3457 2961 3590 3015 pro-

2013 3035 2171 3099 ferat,
2205 3036 2352 3106 quod
2386 3036 2565 3093 Filius"
2596 3038 2661 3092 ad
2720 3053 2843 3092 eum
2883 3038 2976 3108 qui
3032 3038 3220 3109 genuit
3274 3038 3592 3108 παρήλλακ-

343 3111 433 3163 λον
467 3112 497 3182 ή
528 3112 721 3165 ἀτοπία
747 3114 852 3167 τῶν
884 3115 1012 3185 παρ’
1044 3115 1207 3168 αὑτοῦ
1254 3116 1559 3187 λεγομένων
1590 3119 1867 3191 ἐλέγχεται
1892 3139 1906 3153 ·

2012 3147 2101 3183 ται
2129 3128 2379 3198 (diﬂ'ert):
2405 3129 2509 3184 hoc
2554 3130 2699 3183 enim
2733 3130 2897 3184 etiam
2929 3133 3100 3201 magis
3128 3146 3318 3185 eorum
3365 3147 3486 3201 qua:
3521 3132 3592 3187 ab

337 3203 393 3256 τί
418 3203 526 3274 γάρ
557 3204 697 3257 οὕτω
736 3206 1027 3275 προσφυῶς
1056 3222 1115 3258 τε
1156 3207 1250 3260 καὶ
1290 3208 1564 3279 ἁρμοδίως
1600 3210 1742 3281 ἄλλῳ
1784 3212 1911 3266 ἄλλο

300 3295 606 3363 -ἐμφύεταί
653 3312 712 3348 τε
742 3297 836 3349 καὶ
882 3297 1262 3367 ἐναρμόζεται,
1299 3299 1372 3363 ὡς
1420 3302 1452 3371 ή
1509 3302 1729 3375 σχετικῆ
1776 3306 1911 3376 πρὸς

337 3385 429 3437 τὸν
456 3384 674 3455 Πατέρα
703 3386 795 3437 τοῦ
818 3386 947 3438 Υἱοῦ
979 3389 1255 3457 σημασίας
1291 3390 1584 3457 Ἀπόδειξις
1611 3393 1667 3445 δὲ
1697 3394 1909 3462 τούτου,

338 3476 421 3529 ὅτι
460 3476 562 3529 κᾶν
600 3478 674 3548 μὴ
713 3478 780 3531 τὰ
804 3477 895 3530 δύο
927 3479 1064 3549 ῥηθῇ
1094 3479 1267 3534 ταῦτα
1312 3482 1569 3551 ὀνόματα,
1607 3484 1684 3555 τῷ
1707 3486 1788 3538 ἐνὶ
1817 3486 1912 3538 καὶ¹

341 3570 403 3621 τὸ
455 3569 761 3641 παρατεθὲν
815 3571 1278 3640 συσσημαίνεται·
1315 3572 1488 3637 οὕτως
1533 3573 1776 3642 ἔγκειται
1819 3578 1911 3629 καὶ

337 3661 672 3730 ἐνήρμοσται
696 3658 774 3730 τῷ
797 3659 969 3731 ἑτέρῳ
995 3661 1056 3713 τὸ
1080 3659 1287 3733 ἓτερον,
1323 3663 1415 3717 καὶ
1455 3665 1513 3717 ἐν
1548 3664 1626 3734 τῷ
1669 3666 1750 3717 ἐνὶ
1778 3665 1913 3719 καθ-

337 3753 533 3822 ορᾶται
564 3751 869 3822 ἀμφότερα,
893 3751 968 3814 ὡς
996 3751 1069 3822 μὴ
1090 3750 1155 3805 ἂν
1181 3752 1265 3820 ἐφ’
1294 3752 1487 3805 ἑαυτοῦ
1509 3754 1765 3824 νοηθῆναι
1790 3756 1914 3808 τού-

336 3860 446 3896 των
487 3858 542 3893 τι
579 3842 749 3911 χωρὶς
778 3841 872 3894 τοῦ
907 3841 1088 3896 ἄλλου.
1131 3842 1205 3895 Τὸ
1244 3842 1302 3895 δὲ
1331 3844 1804 3914 παρηλλαγμένον,
1836 3846 1913 3917 τῷ

336 3933 635 4004 ἀρμόζοντι
660 3932 874 3995 πάντως
906 3931 964 3998 ἐξ
1001 3933 1245 3985 ἐναντίου
1281 3933 1376 3986 καὶ
1404 3937 1600 3988 νοεῖται
1628 3936 1719 3988 καὶ
1759 3936 1913 4005 λέγε-

335 4043 449 4079 ται.
504 4020 629 4078 Οἷον
675 4025 709 4094 ἡ
762 4023 999 4094 σπάρτος
1050 4025 1187 4095 πρὸς
1237 4024 1335 4096 τὴν
1385 4025 1597 4079 εὐθεῖαν
1642 4028 1911 4098 ἁρμοδίως

335 4116 488 4186 ἔχειν
530 4116 591 4169 τὸ
629 4116 686 4170 δὲ
741 4114 951 4168 σκολιὸν
993 4114 1070 4186 τῷ
1114 4116 1263 4169 εύθεῖ
1309 4117 1763 4189 παρατιθέμενον,
1813 4124 1913 4193 οὐχ

334 4208 670 4280 ἁρμόζεται·
710 4211 940 4272 καὶτοῖς
972 4212 1251 4280 μουσικοῖς
1291 4209 1646 4283 σύνηθεςιτὴν
1688 4230 1911 4284 συμφω-

334 4300 458 4353 νίαν
486 4299 593 4352 τῶν
615 4300 781 4354 τόνων
807 4301 1071 4370 ἁρμονίαν
1101 4301 1548 4374 προσαγορεύειν,
1572 4303 1910 4375 ἀνάρμοστον

333 4390 393 4443 δὲ
424 4391 486 4443 τὸ
516 4390 777 4461 ἔκτροπόν
808 4407 866 4443 τε
909 4391 1003 4444 καὶ
1043 4392 1431 4461 ἀπρόσχορδον.
1469 4392 1678 4448 Οὐκοῦν
1717 4395 1910 4450 ταύτόν

2014 3220 2134 3288 ipso
2168 3219 2426 3273 dicuntur
2480 3219 2792 3275 absurditas
2855 3222 3220 3292 redarguitur.
3254 3222 3396 3288 Quid
3444 3224 3589 3277 enim

2012 3312 2084 3365 ita
2117 3317 2332 3381 agnate,
2363 3317 2488 3380 apte
2516 3318 2570 3364 et
2595 3319 2963 3379 congruenter
2986 3312 3131 3366 aliud
3166 3313 3254 3366 alii
3284 3313 3591 3370 innascitur

2012 3410 2066 3455 et
2093 3402 2368 3465 convenit,
2417 3415 2581 3471 quam
2613 3401 2841 3454 relativa
2876 3417 2999 3455 cum
3034 3400 3194 3456 Patre
3227 3401 3347 3456 Filii
3383 3404 3593 3475 signiﬁ-

2012 3494 2238 3549 cantia?
2290 3491 2445 3559 Quod
2481 3492 2560 3547 sic
2602 3491 2965 3547 demonstrari
3025 3502 3235 3562 potest:
3301 3510 3428 3548 nam
3484 3496 3591 3552 etsi

2013 3584 2126 3639 haec
2154 3584 2263 3638 duo
2286 3583 2506 3638 nomina
2537 3582 2682 3637 dicta
2740 3598 2848 3637 non
2879 3582 3102 3648 fuerint,
3138 3599 3234 3649 per
3262 3602 3429 3639 unum
3462 3586 3595 3642 alte-

2012 3690 2134 3728 rum
2179 3672 2323 3743 quod
2367 3673 2418 3729 ei
2465 3672 2784 3741 adjunctum
2841 3684 2928 3730 est
2979 3675 3444 3745 consigniﬁcatur.
3499 3676 3592 3734 Sic

2011 3764 2279 3821 incumbit
2330 3771 2385 3819 et
2446 3764 2700 3833 congruit
2748 3765 2901 3820 alteri
2961 3766 3218 3830 alterum,
3274 3775 3328 3823 et
3380 3769 3435 3822 in
3480 3784 3592 3824 uno

2012 3864 2244 3926 utraque
2273 3854 2714 3924 conspiciuntur,
2744 3865 2803 3909 ut
2827 3845 3179 3911 nihil'liorum
3205 3859 3258 3913 in
3278 3859 3397 3929 ipso
3436 3860 3596 3915 intel—

2010 3947 2103 4019 ligi
2147 3948 2324 4016 possit
2386 3936 2507 4002 sine
2557 3948 2748 4002 altero.
2788 3946 2945 4012 Quod
2974 3955 3153 4003 autem
3198 3951 3591 4022 παρηλλαγμέο

2009 4053 2098 4090 νον
2129 4031 2471 4108 (disci‘epans
2496 4036 2581 4091 vel
2608 4036 2992 4108 disjunctum),
3016 4041 3336 4108 congruenti
3362 4055 3591 4109 prorsus

2009 4142 2074 4182 ex
2108 4128 2389 4182 contrario
2423 4136 2477 4181 et
2510 4126 2831 4196 intelligitur
2864 4132 2916 4180 et
2950 4126 3189 4195 dicitur;
3225 4136 3285 4182 ut
3315 4129 3593 4185 funiculus

2010 4218 2077 4273 ad
2111 4226 2315 4274 rectam
2351 4219 2549 4274 lineam
2583 4225 2948 4288 congruenter
2978 4234 3037 4273 se
3059 4219 3223 4274 habet
3257 4237 3273 4285 ;
3306 4220 3590 4289 obliquum

2008 4321 2141 4362 vero
2172 4316 2323 4361 recto
2340 4312 2469 4360 'cum
2506 4306 2765 4375 adjicitur
2793 4322 2903 4360 non
2942 4306 3215 4376 congruit.
3253 4307 3396 4371 Quin
3424 4308 3591 4362 etiam

2010 4398 2235 4453 musicis
2283 4397 2553 4452 familiare
2588 4404 2675 4451 est
2725 4395 3141 4450 consonantiam
3204 4397 3476 4465 appellare
3508 4404 3593 4454 to-

334 4484 454 4536 ἐστι
503 4482 958 4553 παρηλλαγμένον
1002 4499 1064 4536 τε
1114 4483 1287 4536 εἰπεῖν
1320 4484 1412 4537 καὶ
1453 4484 1812 4558 ἀνάρμοστον.
1844 4488 1908 4541 Εἰ

2011 4501 2209 4542 norum
2249 4485 2611 4548 harmoniam,
2646 4482 2702 4538 id
2762 4490 2849 4538 est
2902 4491 3231 4538 concentum
3286 4486 3402 4542 sive
3449 4502 3588 4542 con-

332 4570 429 4629 οὖν
456 4573 834 4645 παρήλλακται
867 4573 1008 4627 κατὰ
1035 4572 1126 4627 τὸν
1161 4572 1261 4643 τῆς
1297 4574 1557 4645 αἱρέσεως
1586 4576 1743 4642 λόγον
1772 4578 1908 4649 πρὸς

330 4667 433 4738 τὴν
452 4667 546 4721 τοῦ
580 4667 792 4737 Πατρδς
822 4666 1031 4729 οὐσίαν,
1062 4666 1096 4735 ἡ
1124 4664 1218 4719 τοῦ
1255 4666 1575 4736 μονογενοῦς
1622 4668 1755 4723 Θεοῦ
1807 4670 1910 4740 φύ-

334 4764 441 4821 σις,
475 4755 597 4809 οὐδὲ
624 4756 922 4826 ἁρμόζεται
963 4755 1180 4817 πάντως
1199 4769 1212 4782 ’
1252 4753 1315 4806 τὸ
1344 4752 1403 4806 δὲ
1448 4754 1778 4827 ἐνάρμοστον
1809 4759 1909 4813 οὐκ

332 4851 402 4904 ἂν
445 4849 666 4921 γένηται
697 4850 755 4902 ἐν
794 4847 989 4917 ἐκείνῳ
1030 4839 1076 4915 ᾧ
1123 4845 1522 4918 ἐναρμοσθῆναι
1569 4846 1630 4899 οὐ
1668 4846 1907 4905 δύναται.

335 4942 547 5011 Ὥσπερ
577 4939 686 5010 γὰρ
731 4938 863 5009 μιᾶς
911 4935 1076 5008 οὔσης
1116 4936 1350 5006 μορφῆς,
1383 4935 1475 4988 ἐπί
1506 4952 1566 4988 τε
1606 4935 1698 4989 τοῦ
1737 4940 1908 5009 κηροῦ

334 5031 433 5084 καὶ
462 5030 561 5100 τῆς
588 5033 647 5083 ἐν
671 5032 738 5101 τῇ
770 5026 1030 5100 σφενδόνῃ
1065 5025 1341 5095 γλυφίδος,
1375 5026 1503 5079 ὅταν
1526 5026 1717 5098 ἐντεθῇ
1747 5028 1910 5083 πάλιν

330 5126 399 5195 τῇ
424 5122 705 5193 σφενδόνῃ,
731 5121 760 5172 ὁ
788 5117 1124 5179 ἐκτυπωθεὶς
1150 5116 1301 5186 παρὰ
1319 5115 1524 5185 ταύτης
1557 5117 1723 5188 κηρὸς
1747 5119 1908 5190 ἐναρ-

334 5215 492 5287 μόζει
516 5215 607 5267 τὸν
630 5211 759 5281 περὶ
778 5210 966 5265 ἐαυτὸν
1002 5208 1322 5282 χαρακτῆρα
1354 5206 1432 5278 τῷ
1452 5208 1756 5279 περιέχοντι
1784 5212 1908 5274 τοὺς

334 5310 499 5371 ἰδίους
532 5304 968 5375 καταλαμῦάνων
994 5303 1198 5365 τύπους
1220 5302 1276 5355 ἐν
1307 5299 1385 5371 τῷ
1406 5300 1741 5371 χαράγματι,
1774 5302 1907 5374 πρός

328 5415 388 5449 τε
427 5397 494 5450 τὸ.
521 5396 676 5450 κοῖλα
706 5394 1073 5463 διαδυόμενος,
1109 5392 1205 5446 καὶ
1230 5391 1327 5454 τὰς
1360 5390 1549 5462 ἐξοχὰς
1574 5390 1668 5461 τῆς
1698 5390 1907 5462 γλυφῆς

332 5488 484 5551 ἰδίοις
523 5486 914 5555 ἀναδεχόμενος
955 5484 1165 5547 τύποις.
1203 5484 1267 5537 Εἰ
1300 5483 1354 5536 δέ
1391 5482 1540 5548 ξένος
1564 5500 1647 5546 τις
1688 5483 1782 5535 καὶ
1816 5484 1908 5537 ἁλ-

329 5580 542 5650 λότριος
566 5578 736 5639 τύπος
760 5574 999 5643 ἐντεθείη
1023 5577 1088 5645 τῇ
1115 5574 1292 5644 γλυφῇ
1323 5574 1421 5645 τῆς
1444 5574 1751 5645 σφενδόνης,
1776 5592 1907 5646 τρα-

330 5672 484 5745 χύνει
514 5670 609 5724 καὶ
662 5668 850 5737 συγχεῖ
878 5665 977 5737 τὴν
1026 5665 1159 5720 ἰδίαν
1208 5664 1420 5737 μορφὴν
1466 5667 1575 5731 τοῖς
1621 5668 1905 5733 ἀνοικείοις

411 5784 453 5816 ¹⁷
479 5783 644 5839 Prov.
678 5797 807 5849 xxx,
846 5778 933 5834 15.

2010 4574 2276 4639 cordiam,
2299 4574 2513 4629 discors
2546 4581 2726 4627 autem
2751 4571 2805 4626 id
2830 4571 2975 4642 quod
3003 4572 3391 4629 inconcinnum
3425 4584 3509 4632 est
3535 4585 3590 4632 et

2008 4667 2290 4723 dissonum
2325 4677 2425 4718 nec
2471 4661 2665 4717 ﬁdibus
2727 4678 3053 4735 congruum.
3110 4662 3253 4736 Ergo
3317 4665 3458 4721 idem
3504 4675 3594 4725 est

2007 4759 2189 4814 dicere
2246 4753 2701 4826 παρηλλαγμένον
2753 4755 2830 4825 (id
2859 4764 2965 4821 est,
3014 4756 3251 4810 alienum
3279 4764 3332 4812 et
3358 4758 3593 4814 inusita-

2007 4849 2168 4920 tum),
2198 4854 2251 4905 et
2284 4847 2605 4917 discrepans
2638 4855 2692 4903 et
2721 4846 2957 4903 discors.
3000 4847 3058 4902 Si
3085 4849 3255 4919 igitur
3285 4852 3593 4907 secundum

2008 4942 2280 4998 haereseos
2306 4954 2616 4996 sermonem
2659 4955 2781 4995 cum
2814 4939 2995 4996 Patris
3040 4942 3279 4999 essentia
3319 4944 3593 5013 unigeniti.

2009 5031 2103 5087 Dei
2161 5041 2357 5085 natura
2437 5029 2815 5102 παρήλλακται
2875 5032 3171 5104 (disiuncta
3240 5036 3348 5104 est)
3410 5050 3592 5105 neque

2007 5136 2233 5193 prorsus
2262 5122 2520 5193 congruit
2553 5140 2566 5177 :
2604 5137 2907 5193 congruum
2943 5135 3123 5182 autem
3162 5127 3295 5196 quid
3329 5141 3453 5181 csse
3475 5142 3585 5180 non

2006 5222 2184 5285 potest
2212 5228 2336 5269 cum
2394 5213 2489 5268 illo
2543 5214 2777 5272 cuinon
2826 5225 3004 5288 potest
3061 5232 3362 5289 congruere
3409 5232 3588 5287 neque

2006 5304 2272 5375 adaptari.
2332 5304 2801 5371 Quemadmodum
2851 5310 2994 5363 enim
3027 5308 3074 5363 si
3126 5323 3235 5360 una
3285 5305 3587 5376 eademque

2006 5392 2181 5448 forma
2219 5392 2384 5447 fuerit
2412 5401 2465 5448 et
2493 5394 2548 5449 in
2597 5392 2722 5451 cera
2753 5405 2809 5451 et
2860 5397 3099 5450 incisura
3150 5396 3265 5449 sive
3303 5395 3587 5463 sculptura

2005 5500 2125 5555 qua:
2181 5490 2265 5540 est
2296 5484 2350 5538 in
2405 5487 2591 5540 annuli
2633 5488 2777 5556 pala,
2813 5501 2938 5540 cum
2973 5500 3170 5539 rursus
3220 5485 3391 5539 indita
3426 5486 3589 5543 fuerit

2006 5577 2161 5647 palae,
2193 5590 2452 5647 expressa
2487 5578 2555 5632 ab
2578 5593 2639 5633 ea
2662 5592 2786 5631 cera
2804 5577 3177 5632 characterem
3209 5579 3324 5634 sive
3361 5578 3589 5650 ﬁguram

2004 5667 2151 5723 circa
2184 5665 2422 5736 scipsam
2476 5666 2720 5737 adaptat,
2750 5667 2981 5724 circuitu
3024 5683 3127 5727 suo
3187 5671 3490 5744 impressas
3520 5675 3597 5732 ab
