4010 6156
1694 206 1715 253 ι

415 390 512 444 671

1682 380 1739 434 S.
1782 376 2110 435 GREGORII
2150 378 2436 434 NYSSENI

3567 379 3668 433 672

417 509 537 578 ipso
559 507 756 575 ﬁguras
787 516 1062 571 occupans
1094 508 1146 555 et
1172 500 1542 570 complectens
1577 498 1630 552 in
1660 500 1937 570 sculptura
1972 541 1986 565 ,

2095 500 2411 569 χαράγμασι
2448 497 2794 569 περιγλύφων
2827 496 2885 551 τὸ
2921 490 3080 559 εἶδος.
3128 494 3286 549 Ἀλλὰ
3313 494 3421 567 μὴν
3451 496 3480 549 ὀ
3513 497 3573 549 έν
3600 499 3666 567 τῇ

414 609 466 652 et
524 595 590 650 ad
624 607 754 648 cava
809 592 1055 655 subiens,
1091 598 1144 645 et
1174 590 1468 660 sculptura:
1520 589 1844 644 eminentias
1877 590 1993 643 suis

414 680 958 753 formis'excipiens.
994 681 1151 747 Quod
1204 681 1249 736 si
1278 680 1565 751 peregrina
1604 679 1785 749 aliqua
1816 679 1991 733 aliena

415 777 586 845 ﬁgura
625 773 788 828 fuerit
817 772 988 826 indita
1020 773 1317 841 sculptura:
1348 770 1485 841 palan
1515 770 1727 847 annuli,
1760 782 1991 837 exaspe-

413 877 499 921 rat
565 873 619 921 et
682 863 968 920 confundit
1024 864 1301 932 propriam
1355 848 1586 915 formam
1620 859 1815 913 alienis
1846 858 1993 914 notis

414 956 652 1026 speciem
685 952 1298 1021 circumsculpentibus.
1344 949 1753 1005 Verumtamem
1789 948 1879 1017 qui
1910 955 1995 1003 est

416 1052 469 1103 in
508 1049 681 1103 forma
712 1045 809 1099 Dei
845 1059 955 1098 non
1019 1044 1128 1098 alio
1180 1041 1416 1113 quodam
1450 1042 1767 1094 charactere
1798 1047 1994 1110 praeter

422 1140 636 1194 Patrem
674 1137 942 1191 formatus
976 1144 1079 1200 est,
1098 1136 1227 1204 quia
1257 1134 1330 1188 sit
1360 1134 1644 1187 character
1673 1129 1994 1186 substantia:
2026 1138 2045 1157 κ

412 1230 698 1297 Patris“;
748 1226 919 1282 forma
951 1235 1131 1281 autem
1178 1225 1275 1280 Dei
1314 1225 1458 1280 idem
1488 1222 1709 1292 penitus
1747 1228 1832 1277 est
1868 1235 1992 1275 cum

415 1323 743 1382 substantia.
773 1320 847 1375 Ut
879 1319 1026 1373 enim
1062 1317 1117 1370 in
1144 1318 1321 1370 forma
1351 1317 1492 1371 servi
1513 1315 1690 1369 iactus
1717 1315 1771 1367 iu
1804 1328 1995 1369 essen-

413 1416 488 1468 tia
522 1412 665 1466 servi
699 1409 966 1464 l‘ormatus
997 1415 1080 1463 est
1113 1408 1197 1462 ”:
1229 1421 1339 1461 non
1369 1406 1570 1461 nudam
1607 1414 1661 1460 et
1690 1404 1990 1474 simplicem

415 1508 472 1559 in
518 1504 698 1573 seipso
764 1502 993 1555 formam
1033 1500 1353 1569 assumpsit,
1416 1508 1469 1553 et
1503 1497 1572 1551 ab
1605 1496 1842 1551 essentia
1875 1495 1992 1550 dis-

410 1599 681 1666 junctam,
709 1594 802 1651 sed
828 1594 1064 1649 essentia
1084 1576 1248 1647 simul
1271 1606 1394 1645 cum
1419 1590 1593 1644 forma
1618 1589 1988 1658 signiﬁcatur:

415 1689 497 1742 sic
528 1672 755 1757 prorsus
789 1684 881 1753 qui
913 1683 1050 1736 dixit
1071 1684 1251 1753 ipsum
1295 1681 1349 1734 in
1395 1680 1567 1734 forma
1600 1676 1694 1737 Dei
1729 1692 1871 1743 esse,
1897 1693 1994 1746 per

416 1779 666 1843 formam,
719 1774 1013 1832 essentiam
1054 1773 1335 1829 indicavit.
1389 1770 1447 1825 Si
1509 1768 1676 1839 igitur
1706 1768 1759 1821 in
1818 1766 1992 1821 forma

2098 593 2278 661 μορφῇ
2305 590 2399 643 τοῦ
2432 590 2566 644 Θεοῦ
2605 590 2882 660 ὑπάρχων,
2917 588 3018 641 οὐκ
3047 587 3190 658 ἄλλῳ
3218 588 3321 641 τινὶ
3340 589 3667 659 χαρακτῆρι

2094 680 2243 750 παρὰ
2267 681 2356 733 τὸν
2387 681 2605 752 Πατέρα
2629 680 3004 749 μεμόρφωται,
3039 678 3324 749 χαρακτὴρ
3355 677 3432 730 ὣν
3456 679 3559 747 τῆς
3573 679 3665 730 τοῦ

2093 768 2307 839 Πατρὸς
2336 769 2714 832 ὐποστάσεως’
2743 769 2776 839 ἡ
2803 768 2862 821 δὲ
2895 768 3075 839 μορφὴ
3098 766 3193 820 τοῦ
3214 766 3349 820 Θεοῦ
3380 767 3577 820 ταύτὸν
3601 767 3665 837 τῇ

2091 857 2249 929 οὐσίᾳ
2288 858 2503 921 πάντως
2537 858 2704 912 ἐστίν.
2738 859 2828 921 Ὠς
2857 857 2965 930 γὰρ
2995 860 3053 912 ὲν
3094 859 3160 928 τῇ
3205 860 3385 929 μορφῇ
3418 857 3513 909 τοῦ
3542 857 3664 909 δού-

2092 948 2183 1002 λου
2218 950 2525 1020 γενόμενος,
2554 951 2621 1020 τῇ
2651 949 2809 1021 οὐσίᾳ
2842 948 2937 1002 τοῦ
2981 947 3165 1002 δούλου
3198 946 3581 1017 ὲνεμορφώθη,
3604 948 3665 1000 οὐ

2090 1041 2252 1112 ψιλὴν
2284 1040 2568 1097 ἀναλαϐὼν
2613 1042 2699 1110 ἐφ’
2728 1040 2922 1095 ἑαυτοῦ
2971 1040 3069 1110 τὴν
3127 1039 3363 1111 μορφὴν,
3392 1038 3515 1092 οὐδὲ
3567 1041 3666 1109 τῆς

2091 1132 2279 1194 οὐσίας
2317 1131 2705 1202 διεζευγμένην
2729 1146 2742 1163 ·
2770 1131 2885 1185 ἀλλ’
2918 1134 2951 1202 ἡ
2976 1132 3133 1185 οὐσία
3161 1134 3227 1201 τῇ
3257 1133 3436 1201 μορφῇ
3472 1146 3666 1200 συσση-

2095 1223 2344 1293 μαίνεται
2363 1240 2377 1253 ο
2419 1222 2591 1286 οὕτως
2618 1222 2834 1287 πάντως
2856 1222 2949 1276 καὶ
2972 1222 3001 1275 ὀ
3030 1221 3197 1276 εἰπὼν
3217 1221 3379 1273 αὐτὸν
3400 1223 3458 1274 ὲν
3484 1224 3664 1291 μορφῇ

2089 1314 2224 1368 Θεοῦ
2256 1309 2415 1376 εἶναι,
2462 1314 2562 1386 τὴν
2599 1316 2788 1369 οὐσίαν
2816 1314 2903 1368 διὰ
2941 1315 3040 1384 τῆς
3090 1314 3303 1385 μορφῆς
3344 1313 3663 1379 ἐνεδείξατο.

2092 1403 2154 1457 El
2194 1399 2288 1459 οῦν
2332 1408 2389 1459 ὲν
2416 1408 2482 1476 τῇ
2519 1408 2697 1477 μορφῇ
2738 1404 2830 1459 τοῦ
2865 1404 3000 1458 Θεοῦ
3028 1407 3143 1458 ὲστι
3183 1405 3277 1458 καὶ
3301 1405 3360 1456 ὲν
3382 1405 3459 1475 τῷ
3494 1406 3667 1477 Πατρὶ

2090 1496 2165 1549 ὢν
2204 1497 2567 1568 έσφράγισται
2592 1500 2658 1568 τῇ
2687 1498 2917 1568 πατρῴᾳ.
2945 1497 3093 1568 δόξῃ,
3114 1495 3296 1559 καθώς
3326 1512 3490 1565 φησιν
3515 1499 3549 1566 ἡ
3573 1497 3664 1549 τοῦ

2091 1587 2421 1657 Εὐαγγελίου
2446 1590 2594 1661 φωνὴ
2610 1591 2643 1660 ἡ
2659 1589 2891 1657 λέγουσα
2906 1607 2917 1617 ·
2938 1588 3159 1642 Τοῦτον
3179 1590 3212 1641 ό
3226 1587 3428 1656 Πατὴρ
3447 1587 3668 1655 ἐσφρά-

2092 1693 2264 1748 γισεν
2291 1683 2323 1734 ό
2359 1680 2506 1747 Θεός
2526 1698 2542 1714 ο
2585 1681 2665 1734 διὸ
2697 1681 2791 1733 καὶ
2816 1681 2843 1733 ὁ
2878 1679 3137 1750 ἑωρακὼς
3162 1679 3252 1732 τὸν
3284 1680 3412 1731 Υἱὸν
3441 1682 3543 1750 ὁρᾷ
3578 1681 3666 1733 τὸν

2093 1770 2317 1843 Πατέρα
2335 1788 2348 1801 ·
2385 1773 2417 1841 ή
2446 1772 2545 1840 τῆς
2586 1770 2920 1840 ἀγαθότητος
2948 1769 3132 1833 εἰκὼν,
3162 1770 3254 1822 καὶ
3278 1770 3338 1822 τὸ
3367 1770 3467 1836 τῆς
3511 1770 3666 1841 δόξης

414 1873 508 1928 Dei
537 1878 642 1936 est,
672 1878 724 1926 et
747 1870 803 1923 in
834 1868 995 1922 Patre
1026 1881 1149 1921 cum
1165 1869 1255 1931 sit,
1281 1872 1506 1934 paterna
1535 1862 1707 1932 gloria
1740 1860 1990 1931 signatus

2095 1860 2454 1931 ἀπαύγασμα,
2487 1860 2581 1913 καὶ
2611 1862 2788 1914 πάντα
2829 1860 2928 1911 ὅσα
2960 1857 3205 1922 τοιαῦτα,
3232 1858 3293 1910 τὸ
3324 1859 3398 1929 μὴ
3423 1859 3668 1929 ἀναρμό-

413 1974 517 2026 est,
557 1963 700 2017 sicut
738 1961 814 2014 ait
836 1973 942 2013 vox
972 1956 1252 2026 Evangelii
1289 1969 1410 2024 qua:
1438 1952 1592 2016 dicit,
1630 1951 1787 2005 Hunc
1827 1951 1989 2007 Pater

414 2054 637 2123 signavit
700 2050 835 2104 Deus
865 2048 940 2111 ³⁸,
1005 2045 1261 2117 quocirca
1312 2044 1404 2114 qui
1446 2044 1582 2098 vidit
1610 2042 1808 2097 Filium
1841 2042 1987 2096 videt

2098 1969 2237 2013 στως
2274 1952 2418 2020 ἔχειν
2462 1950 2557 2004 τοῦ
2603 1951 2733 2005 Υἱοῦ
2779 1951 2877 2021 τὴν
2904 1949 3091 2003 οὐσίαν
3145 1950 3282 2020 πρὸς
3329 1950 3421 2002 τὸν
3450 1950 3667 2021 Πατέρα

2096 2059 2451 2114 μαρτυρεται.

416 2143 685 2199 Patrem“
723 2161 736 2196 :
772 2140 1036 2196 bonitatis
1092 2140 1292 2207 imago,
1332 2142 1386 2190 et
1424 2133 1611 2206 gloria:
1673 2134 1966 2204 splendor,
1999 2141 2055 2189 et
2105 2135 2288 2188 omnia
2352 2148 2690 2205 quaecunque
2741 2136 3010 2206 ejusmodi
3042 2137 3164 2195 Filii
3198 2140 3496 2196 essentiam
3544 2154 3667 2194 cum

414 2240 574 2293 Patre
608 2252 715 2291 non
744 2236 945 2289 habere
990 2230 1417 2299 discrepantiam
1441 2235 1736 2283 testantur.

485 2331 627 2398 Ergo
658 2334 841 2396 aperte
870 2333 924 2381 et
954 2323 1242 2395 perspicue
1272 2319 1628 2391 blasphemia:
1650 2318 1993 2375 adversario-

416 2433 537 2470 rum
605 2414 940 2470 instabilitas
994 2420 1048 2467 et
1100 2411 1327 2466 futililas
1387 2424 1451 2463 ex
1489 2409 1651 2464 dictis
1707 2409 1991 2465 refellitur.

416 2506 473 2559 Si
503 2505 647 2560 enim
688 2518 808 2573 qua
833 2501 1023 2556 dissita
1053 2507 1183 2554 sunt
1235 2513 1346 2553 non
1382 2506 1732 2567 congruunt;
1766 2500 1859 2568 qui
1895 2515 1994 2554 au-

414 2605 524 2653 tem
582 2611 611 2649 a
659 2595 818 2649 Patre
888 2594 1136 2662 signatus
1181 2600 1267 2647 est
1329 2598 1383 2646 et
1440 2592 1492 2645 in
1547 2591 1730 2660 seipso
1776 2590 1993 2645 Patrem

2172 2324 2315 2393 Ἀρα
2358 2324 2639 2395 προδήλως
2678 2325 2737 2380 τὺ
2763 2328 2863 2397 τῆς
2907 2326 3251 2398 βλασφημίας
3275 2328 3384 2383 τῶν
3428 2328 3667 2381 ἀντικειο

2101 2412 2276 2481 μένων
2340 2415 2642 2470 ἀσύστατον
2706 2417 2794 2471 διὰ
2849 2418 2959 2472 τῶν
3006 2419 3307 2490 εἰρημένων
3365 2419 3661 2489 ἐλέγχεται.

2097 2504 2159 2556 Et
2216 2505 2325 2575 γὰρ
2366 2506 2434 2560 τὰ
2481 2508 2910 2580 παρηλλαγμένα
2960 2510 3021 2563 οὐ
3085 2512 3500 2584 συναρμόζεται,
3550 2514 3579 2564 ὁ
3613 2511 3669 2564 δὲ

2098 2598 2452 2667 σφραγισθεὶς
2491 2600 2596 2652 ὐπὸ
2616 2600 2709 2655 τοῦ
2754 2604 2984 2674 Πατρὸς,
3030 2606 3123 2658 καὶ
3160 2607 3219 2657 ὲν
3256 2604 3434 2674 ἐαυτῷ
3459 2605 3670 2668 δεικνὺς

418 2687 681 2749 ostendit,
739 2693 794 2739 et
826 2684 881 2736 in
913 2683 1073 2737 Patre
1127 2691 1232 2743 est,
1284 2690 1445 2750 atque
1492 2682 1547 2735 in
1591 2683 1772 2751 seipso
1830 2681 1995 2735 habet

2095 2687 2184 2739 τὸν
2207 2690 2447 2760 Πατέρα,
2475 2692 2569 2745 καὶ⁵
2593 2693 2650 2745 ἐν
2686 2693 2763 2764 τῷ
2789 2695 2962 2765 Πατρὶ
2987 2694 3083 2763 ὢν,
3114 2694 3208 2748 καὶ¹
3243 2697 3300 2749 ὲν
3329 2694 3508 2764 ἑαυτῷ
3533 2694 3670 2764 ἔχων

416 2775 592 2837 illum,
627 2788 723 2841 per
755 2771 937 2824 omnia
962 2770 1203 2824 ostendit
1230 2769 1377 2838 quod
1409 2775 1607 2823 natura
1637 2770 1989 2838 conjunctum

2097 2780 2323 2846 ἐκεῖνον,
2353 2780 2440 2834 διὰ
2463 2782 2679 2836 πάντων
2700 2784 2937 2839 δείκνυσι
2958 2786 3019 2839 τὸ
3050 2788 3294 2858 συμφυὲς
3324 2788 3416 2840 καὶ
3437 2787 3669 2857 εὐάρμο-

413 2872 519 2930 est,
545 2872 601 2917 et
629 2875 864 2916 concors
890 2866 944 2913 et
973 2874 1299 2929 congruum.
1331 2859 1434 2915 Per
1458 2860 1573 2914 haec
1604 2860 1769 2929 igitur
1800 2858 1991 2915 adver-

2098 2886 2237 2922 στον.
2274 2872 2417 2941 ’Ἄρα
2446 2872 2534 2927 διὰ
2574 2873 2779 2930 τούτων
2810 2877 2843 2947 ἡ
2874 2877 3072 2930 ἀτοπία
3100 2878 3207 2932 τῶν
3247 2878 3503 2932 ἐναντίων
3532 2878 3671 2932 κατὰ

415 2955 689 3008 sariorum
769 2950 1082 3006 absurditas
1159 2951 1512 3006 vehementer
1574 2949 1985 3020 redarguitur:

2098 2957 2298 3028 κράτος
2320 2959 2618 3031 ἐλέγχεται.
2658 2965 2746 3028 Ὡς
2771 2966 2878 3038 γὰρ
2899 2967 3110 3039 ἐδείχθη
3131 2968 3193 3021 τὸ
3222 2968 3671 3039 παρηλλαγμένον

414 3049 558 3102 sicut
588 3043 735 3101 enim
764 3042 1204 3099 demonstratum
1229 3050 1314 3097 est
1341 3042 1403 3095 τὸ
1428 3041 1881 3113 παρηλλαγμένον
1913 3041 1989 3111 (id

2097 3048 2460 3120 ἀνάρμοστον,
2499 3053 2643 3108 οὓτω
2672 3057 2733 3109 τὸ
2770 3056 3004 3128 ἔμπαλιν
3038 3060 3450 3131 ἀναντιῤῥήτως
3480 3060 3670 3130 ὁμολο-

411 3149 517 3205 est,
562 3138 706 3207 quod
758 3135 1014 3191 dissitum
1062 3133 1168 3204 est)
1206 3134 1572 3204 incongruum
1607 3140 1662 3188 et
1705 3133 1990 3189 dissonum

2095 3142 2271 3207 γείται
2292 3141 2352 3194 τὸ
2379 3144 2716 3214 εὐάρμοστον
2738 3147 3156 3220 ἀπαράλλακτον
3182 3151 3416 3215 πάντως.
3451 3152 3541 3215 Ὠς
3564 3151 3670 3221 γάρ

412 3245 536 3287 esse
562 3248 576 3285 :
606 3232 685 3285 sic
712 3228 830 3282 vice
859 3225 1484 3301 versacontradietorie
1513 3225 1658 3295 quod
1687 3226 1825 3280 bene
1857 3241 1993 3279 con-

412 3319 558 3389 gruit
589 3327 642 3372 et
668 3327 849 3387 aptum
876 3325 977 3381 est,
1003 3317 1324 3371 conceditur
1353 3318 1578 3371 omnino
1632 3316 1990 3387 ἀπαράλλακ-

410 3427 503 3464 τον
555 3408 912 3470 (indivulsum
974 3408 1089 3463 sive
1142 3405 1639 3475 incommutabile.)
1720 3405 1794 3459 Ut
1845 3406 1990 3460 enim

412 3501 559 3571 quod
600 3499 875 3561 dissitum,
931 3511 1044 3550 non
1075 3496 1350 3565 congruit,
1382 3497 1463 3551 sic
1483 3494 1631 3564 quod
1660 3496 1913 3566 congruit
1939 3502 1994 3550 et

412 3594 653 3646 cohaeret
682 3605 792 3641 non
821 3587 1161 3655 disiunctum
1203 3592 1288 3641 est
1321 3604 1333 3640 :
1364 3586 1458 3656 qui
1493 3594 1674 3641 autem
1699 3587 1831 3642 dicit
1857 3587 1993 3645 Uni-

415 3680 585 3753 geniti
608 3685 859 3733 naturam
918 3676 1315 3746 παραλλάττειν
1375 3674 1615 3746 (ἀίίῐειτε
1644 3674 1758 3730 sive
1782 3675 1995 3731 discre-

416 3770 571 3843 pare)
601 3786 631 3823 a
656 3769 835 3823 Patris
875 3767 1016 3822 bona
1050 3766 1309 3831 essentia,
1352 3769 1405 3820 in
1434 3766 1553 3836 ipso
1591 3766 1737 3821 bono
1767 3780 1995 3836 prorsus

2092 3234 2154 3286 τὸ
2190 3235 2642 3307 παρηλλαγμένον
2681 3240 2778 3310 οὐχ
2813 3240 3135 3312 ἁρμόζεται,
3173 3244 3314 3297 οὕτω
3340 3244 3402 3296 τὸ
3433 3243 3668 3314 ἁρμοζό-

2098 3340 2256 3393 μενον
2281 3326 2342 3377 οὐ
2389 3328 2798 3398 παρήλλαθιταιο
2831 3334 2859 3385 ὁ
2895 3333 2952 3385 δὲ
2989 3333 3160 3401 λέγων
3195 3334 3297 3402 τῆς
3339 3335 3551 3405 ἀγαθῆς
3578 3333 3670 3386 τοῦ

2096 3413 2308 3484 Πατρδς
2363 3416 2551 3472 οὐσίας
2600 3418 2699 3488 τὴν
2752 3420 2845 3474 τοῦ
2887 3423 3226 3492 Μονογενοῦς
3274 3425 3670 3496 παραλλάττειν

2095 3500 2277 3568 φύσιν,
2313 3501 2373 3556 ὲν
2411 3503 2559 3574 αὐτῷ
2600 3505 2679 3577 τῷ
2704 3508 2894 3579 ἀγαθῷ
2926 3511 3024 3581 τὴν
3062 3512 3418 3584 παραλλαγὴν
3457 3514 3671 3575 πάντως

2096 3590 2304 3660 βλέπει.
2334 3593 2410 3655 Τὸ
2452 3593 2509 3647 δὲ
2548 3595 2643 3648 τοῦ
2681 3598 2886 3667 ἀγαθοῦ
2932 3603 3402 3674 παρηλλαγμένον,
3438 3604 3493 3657 τί
3536 3607 3669 3668 ἐστι,

2093 3682 2393 3752 Νοήσατε,
2427 3687 2482 3740 οἱ
2516 3685 2750 3757 ἄκακοι,
2785 3690 2899 3760 τὴν
2929 3696 3373 3767 πανουργίαν,ή
3406 3695 3671 3767 παροιμία

2095 3773 2278 3841 φησίν.

417 3862 774 3939 παραλλαγήν
819 3858 1291 3931 (discrepantiam)
1330 3857 1495 3913 videt.
1548 3856 1705 3923 Quod
1750 3868 1930 3915 autem
1969 3875 1995 3915 a

2095 3879 2185 3919 mo
2218 3865 2510 3939 discrepat,
2543 3871 2674 3941 quid
2705 3882 2810 3940 est,
2852 3874 3289 3946 Animadvertite,
3326 3896 3356 3934 ο
3395 3880 3519 3935 boni
3550 3882 3667 3947 viri,

414 3958 880 4035 caltiditatem,ait
918 3958 1201 4027 paroemia.

487 4050 595 4106 Sed
628 4050 743 4104 haec
792 4056 852 4104 ut
882 4047 1230 4117 perspicuam
1284 4045 1547 4101 habentia
1587 4047 1987 4103 absurditatem

415 4139 684 4194 orationis
725 4154 894 4193 cursu
926 4137 1228 4206 superabo;
1288 4135 1433 4204 quod
1488 4142 1667 4191 autem
1715 4137 1827 4191 haec
1852 4152 1992 4206 prae-

416 4232 559 4287 cedit
606 4232 1003 4287 examinemus.
1060 4226 1214 4281 Nihil
1267 4227 1446 4297 inquit
1499 4227 1725 4281 alterum
1772 4228 1994 4282 inveniri

415 4334 605 4395 pra’ter
625 4325 908 4378 essentiam
950 4320 999 4374 F
1001 4322 1103 4387 itii,
1134 4320 1272 4391 quod
1296 4320 1682 4391 generationem
1721 4320 2003 4375 admittat:
2030 4311 2048 4327 ’

416 4415 547 4486 quid
580 4414 892 4485 intelligens
923 4412 1039 4467 bmc
1080 4411 1247 4467 dicit?
1291 4410 1409 4465 Duo
1459 4410 1605 4466 enim
1668 4410 1991 4467 discernens

414 4524 445 4562 a
478 4523 537 4563 se
568 4506 799 4562 invicem
832 4504 1078 4569 nomina,
1107 4518 1337 4574 quaeque
1360 4501 1584 4573 perbaec
1609 4501 1993 4571 signiﬁcantur

2173 4050 2332 4106 Ἀλλὰ
2356 4051 2527 4106 ταῦτα
2573 4053 2672 4123 μὲν
2701 4052 2777 4119 ὡς
2801 4054 3065 4128 πρόδηλον
3100 4056 3291 4128 ἔχοντα
3315 4060 3413 4131 τὴν
3437 4062 3666 4119 ἀτοπίαν

2097 4143 2563 4215 παραδραμοῦμαι
2593 4145 2674 4215 τῷ
2699 4145 2868 4216 λόγῳ,
2894 4148 2954 4200 τὸ
2977 4149 3034 4201 δὲ
3065 4150 3170 4218 πρὸ
3198 4151 3376 4206 αὐτῶν
3409 4153 3673 4217 ἐξετάσω-

2101 4250 2221 4304 μεν.
2258 4234 2448 4290 Οὺδέν
2487 4252 2650 4306 φησιν
2687 4237 2894 4306 ἕτερον
2932 4242 3318 4308 εὑρίσκεσθαι
3360 4246 3523 4314 παρὰ
3562 4248 3673 4315 τὴν

2096 4324 2319 4381 οὐσίαν
2341 4326 2450 4379 τοῦ
2486 4326 2624 4381 Υἱοῦ
2651 4328 2719 4383 τὸ
2759 4329 3087 4400 δεχόμενον
3121 4334 3237 4400 τὴν
3263 4335 3588 4407 γέννησινο
3621 4341 3671 4393 τί

2096 4413 2233 4467 νοῶν
2269 4414 2441 4469 ταῦτα
2470 4415 2647 4485 λέγει;
2687 4419 2791 4473 Δύο
2832 4422 2942 4494 γὰρ
2978 4424 3072 4476 ἀπ’
3105 4426 3350 4497 ἀλλήλων
3388 4429 3669 4500 διακρίνας

2097 4504 2358 4576 ὀνόματα,
2387 4507 2482 4561 καὶ
2512 4508 2581 4562 τὰ
2608 4509 2675 4561 δι’
2698 4510 2878 4565 αὐτῶν
2917 4516 3289 4586 σημαινόμενα
3317 4521 3670 4594 συνδιαχωρί-

414 4598 578 4655 simul
616 4613 908 4654 secernens
946 4597 1215 4664 oratione,
1240 4596 1294 4649 in
1328 4596 1511 4666 seipso
1540 4602 1836 4664 utrumque
1866 4608 1993 4664 pro-

2100 4613 2200 4661 σας
2226 4596 2304 4667 τῷ
2340 4599 2503 4670 λόγῳ,
2532 4601 2618 4670 ἐφ’
2649 4602 2814 4657 αὐτοῦ
2839 4604 3098 4677 ἑκάτερον
3121 4608 3430 4675 ἰδιαζόντως
3463 4615 3673 4667 ἐκτίθε-

414 4691 533 4761 prie
558 4700 611 4744 et
636 4689 930 4760 separatim
977 4688 1222 4757 exponit.
1260 4685 1438 4742 Unum
1486 4701 1687 4742 nomen
1725 4692 1810 4741 est
1838 4700 1999 4756 gene-

416 4783 581 4844 ratio,
641 4782 873 4835 alterum
917 4796 1115 4835 nomen
1170 4779 1430 4835 essentia.
1494 4778 1733 4847 Accipit,
1796 4777 1994 4847 inquit,

414 4874 653 4929 essentia
708 4871 1133 4942 generationem,
1165 4879 1226 4925 ut
1256 4885 1380 4941 quae
1412 4868 1484 4924 sit
1505 4867 1653 4923 aliud
1688 4866 1820 4939 quid
1845 4867 1996 4922 vide-

415 4966 543 5020 licet
569 4977 731 5034 quam
789 4963 1090 5033 generatio.
1134 4960 1192 5016 Si
1244 4961 1389 5017 enim
1418 4960 1701 5031 generatio
1755 4960 1996 5016 essentia

414 5066 580 5122 esset,
645 5053 791 5126 quod
824 5052 1041 5124 quidem
1099 5054 1320 5110 assidue
1374 5052 1749 5108 aﬂirmat:ita
1785 5059 1848 5107 ut
1872 5050 1995 5106 dua:

415 5148 812 5222 appellationes
852 5146 994 5201 inter
1021 5160 1079 5201 se
1110 5145 1370 5214 aequalem
1396 5144 1503 5199 vim
1533 5144 1770 5219 habeant
1793 5156 1994 5198 secun-

415 5243 544 5297 dum
595 5238 1089 5312 significationem;
1146 5250 1254 5290 non
1308 5234 1508 5290 dixerit
1562 5233 1711 5304 quod
1752 5233 1994 5289 essentia

416 5333 825 5404 generationem
885 5327 1117 5396 accipit;
1171 5323 1401 5394 aequale'
1434 5323 1583 5378 enim
1618 5330 1765 5378 esset
1801 5321 1996 5379 «dicere

419 5425 562 5493 quod
592 5423 889 5479 essentiam
920 5417 1163 5475 essentia
1212 5414 1378 5486 capit,
1400 5413 1486 5468 vel
1515 5413 1660 5483 quod
1692 5414 1997 5483 generatio-

421 5528 543 5567 nem
569 5514 846 5582 generatio
882 5511 1103 5581 accipit,
1141 5508 1188 5564 si
1208 5507 1349 5562 idem
1376 5512 1522 5562 esset
1549 5506 1788 5561 essentia
1811 5512 1865 5562 et
1898 5522 1993 5577 ge-

422 5603 655 5657 neratio.
687 5604 857 5674 igitur
884 5603 1029 5657 aliud
1059 5601 1318 5673 quiddam
1350 5598 1757 5671 generationem
1788 5598 1993 5655 intelli-

423 5696 522 5765 git,
553 5693 701 5745 aliud
758 5710 886 5751 vero
912 5694 1042 5766 quid
1095 5694 1390 5750 essentiam
1437 5709 1557 5766 qua:
1582 5691 1988 5764 generationem

2097 4704 2209 4753 ται,
2232 4689 2290 4745 ἓν
2324 4690 2494 4762 ὄνομα
2528 4692 2853 4765 ἠγέννησις,
2878 4697 2973 4749 καὶ
3015 4696 3201 4769 ἕτερον
3244 4700 3416 4771 ὄνομα
3435 4705 3469 4775 ἡ
3497 4703 3669 4757 οὐσία.

2098 4778 2345 4849 Δέχεται,
2376 4780 2559 4850 φησιν,
2596 4782 2630 4850 ἡ
2662 4782 2819 4835 οὐσία
2859 4783 2958 4852 τὴν
2986 4784 3256 4856 γέννησιν,
3291 4788 3420 4842 ἄλλο
3448 4806 3502 4842 τι
3540 4787 3675 4843 οὖσα

2097 4867 2338 4937 δηλονότι
2366 4869 2519 4939 παρά
2536 4870 2635 4941 τὴν
2655 4870 2927 4942 γέννησιν.
2959 4875 3023 4927 Εἰ
3050 4874 3211 4948 γὰρὴ
3240 4877 3495 4949 γέννησις
3522 4880 3676 4933 οὐσία

2097 4955 2186 5031 ἦν,
2232 4961 2369 5031 ὅπερ
2409 4960 2473 5031 δὴ
2523 4961 2762 5031 συνεχῶς
2807 4964 3199 5033 ἀποφαίνεται’
3249 4967 3390 5022 ὥστε
3434 4971 3535 5034 τὰς
3586 4970 3677 5024 δύο

2104 5049 2469 5121 προσηγορίας
2498 5052 2835 5123 ἰσοδυναμεῖν
2852 5054 3095 5126 ἀλλήλων
3120 5058 3262 5112 κατὰ
3284 5059 3384 5130 τὴν
3410 5059 3676 5132 ἔμφασιν,

2097 5143 2198 5196 οὐκ
2230 5141 2297 5196 ἂν
2334 5136 2487 5196 εἶπεν
2518 5144 2601 5197 ὅτι
2631 5146 2844 5217 δέχεται
2872 5148 2905 5218 ἠ
2933 5147 3091 5202 οὐσία
3117 5150 3217 5222 τὴν
3253 5152 3537 5223 γέννησινσ
3560 5150 3674 5207 ῐσον

2098 5235 2208 5307 γὰρ
2231 5234 2297 5289 ἂν
2338 5230 2406 5306 ἦν
2438 5236 2498 5290 τὸ
2526 5237 2719 5303 εἰπεῖν,
2762 5240 2843 5294 ὅτι
2880 5241 2981 5313 τὴν
3019 5242 3208 5296 οὐσίαν
3245 5245 3278 5313 ἡ
3311 5246 3491 5313 οὐσία,
3529 5246 3563 5317 ἤ
3595 5247 3676 5299 ὅτι

2098 5327 2195 5398 τὴν
2224 5328 2477 5397 γέννησιν
2514 5330 2547 5401 ἡ
2578 5329 2829 5402 γέννησις
2853 5332 3090 5403 δέχεται,
3120 5335 3280 5408 εἰπερ
3310 5342 3480 5411 ταύτῃ
3512 5336 3580 5411 ἦν
3608 5343 3671 5411 τῇ

2098 5418 2255 5489 οὐσίᾳ
2288 5419 2322 5490 ἡ
2359 5419 2629 5490 γέννησις.
2667 5421 2876 5476 Οὐκοῦν
2900 5424 3037 5501 ἄλλο
3058 5426 3157 5495 μέν
3185 5445 3237 5479 τι
3273 5431 3387 5481 νοεῖ
3416 5432 3517 5501 τὴν
3555 5448 3677 5499 γεν-

2098 5526 2277 5580 νησιν,
2308 5509 2435 5564 ἄλλο
2461 5511 2516 5565 δέ
2552 5529 2607 5565 τι
2635 5512 2735 5583 τὴν
2768 5514 2954 5569 οὐσίαν
2978 5515 3012 5587 ἢ
3048 5516 3146 5589 τὴν
3164 5518 3416 5590 γέννησιν
3436 5521 3671 5592 δέχεται.

2099 5601 2173 5656 Οὐ
2205 5601 2313 5673 γὰρ
2353 5603 2420 5655 ἂν
2451 5598 2521 5673 ἦν
2561 5605 2725 5659 ταύτὸ
2757 5607 2834 5679 τῷ
2877 5608 3258 5681 ὑποδεχομένη)
3297 5611 3359 5665 τὸ
3404 5610 3675 5683 λαμϐανό-

2102 5709 2278 5763 μενον.
2313 5693 2482 5747 Τοῦτο
2513 5696 2610 5766 μὲν
2637 5692 2729 5753 οὖν
2761 5700 2792 5771 ή
2836 5695 2978 5769 σοφὴ
2999 5700 3091 5755 τοῦ
3122 5702 3460 5775 λογογράφου
3494 5720 3674 5776 τεχνο-

494 5804 539 5835 “
570 5802 734 5857 Hebr.
763 5820 799 5869 ι,
827 5807 879 5858 5.
957 5807 999 5836 ’ν
1030 5805 1260 5877 Philipp.
1292 5823 1351 5873 ιι,
1384 5808 1434 5862 7.
1515 5807 1557 5839 ³ο
1586 5806 1742 5862 Joan.
1777 5820 1851 5873 vl,
1884 5806 1975 5861 27.

2128 5806 2286 5863 Joan.
2318 5822 2429 5876 xw,
2465 5809 2518 5863 9.
