4054 6150
356 290 464 345 675

1477 290 1752 348 CONTRA
1789 287 2178 355 EUNOMIUM,
2218 288 2346 345 LIB.
2387 288 2476 345 IV.

3498 293 3605 348 674

356 402 513 470 λογία
546 402 726 473 φησίν.
766 403 825 455 Et
858 401 914 455 δέ
944 419 1027 467 τις
1056 403 1295 472 ἔγκειται
1320 405 1442 470 νοῦς
1470 410 1579 471 τοῖς
1602 409 1932 480 εἰρημένοις,

2039 405 2260 475 accipit;
2300 420 2410 460 non
2435 404 2582 461 enim
2609 412 2754 461 esset
2786 404 2928 459 idem
2949 418 3074 458 cum
3099 418 3166 459 eo
3198 406 3339 473 quod
3371 406 3603 475 suscipit

357 494 387 545 ὁ
408 491 615 564 κρίνειν
634 492 1043 561 ὲπεσκεμμένος
1066 495 1453 565 ὲπισκεψάσθω
1468 497 1555 553 τὸν
1568 498 1743 567 λόγον.
1761 497 1930 552 Πάλιν

357 584 413 637 δὲ
437 582 500 636 τὸ
533 582 695 654 ῥηθὲν
726 583 1089 656 ἀναλήψομαι.

431 847 622 922 Οὺὸὲν
644 848 848 917 ἕτερον
879 849 1186 917 εὑρίσκειν
1212 849 1358 919 λέγει
1388 850 1547 918 παρὰ
1575 849 1687 918 τὴν
1714 850 1934 907 οὐσίαν

358 940 464 993 τοῦ
505 940 643 993 Υίοῦ
690 941 756 993 τὸ
788 939 1114 1010 δεχόμενον
1162 940 1276 1009 τὴν
1321 940 1629 1011 γέννησιν.
1681 940 1840 994 Ἀλλὰ
1874 942 1933 995 τὸ

362 1031 631 1103 μηδεμίαν
670 1032 950 1101 ἐγκεῖσθαι
989 1037 1099 1097 τοῖς
1129 1034 1437 1105 εἰρημένοις
1483 1034 1739 1099 διάνοιαν,
1771 1036 1932 1088 παντὶ

358 1123 516 1193 δῆλόν
547 1124 664 1175 ἐστι
701 1122 779 1192 τῷ
815 1123 910 1176 καὶ
940 1121 1187 1175 ὁπωσοῦν
1225 1122 1469 1177 ὲπαῖοντι
1498 1122 1684 1192 λόγοντ
1719 1124 1924 1177 ὑπόλοιο

361 1228 462 1265 πον
492 1212 546 1263 δὲ
572 1211 639 1265 ἂν
674 1212 759 1281 είη
790 1213 888 1282 τὴν
934 1212 1278 1283 βλασφημίαν
1317 1215 1395 1276 είς
1426 1215 1487 1266 τὸ
1527 1215 1769 1285 ἐμφανὲς
1795 1216 1933 1282 ἀγα-

360 1307 497 1372 γεῖν,
530 1304 596 1374 ἢν
638 1303 723 1357 διὰ
775 1303 882 1357 τῶν
923 1304 1249 1375 ἀδιανοήτων
1291 1304 1494 1358 τούτων
1536 1304 1931 1368 κατασκευάζει

363 1397 643 1468 ῥημάτων.
676 1396 931 1450 Βούλεται
957 1395 1087 1467 γὰρ,
1120 1399 1168 1449 εί
1210 1398 1303 1450 καλ¹
1345 1396 1420 1467 μὴ
1456 1396 1698 1460 δύναται,
1726 1397 1813 1450 διὰ
1836 1396 1931 1469 τὴν

363 1490 758 1560 ἑρμηνευτικὴν
782 1490 1019 1557 ἀτονίαν,
1047 1492 1250 1561 ταύτην
1272 1493 1569 1563 ἐμποιῆσαι
1596 1496 1709 1557 τοῖς
1730 1495 1925 1564 ἀκροαι

360 1583 478 1643 ταῖς
520 1581 618 1651 τὴν
645 1580 901 1647 διάνοιαν,
952 1582 1033 1635 ὅτι
1072 1586 1489 1655 κατασκευαστή
1518 1586 1634 1637 ἐστι
1681 1583 1772 1637 τοῦ
1800 1584 1930 1637 Υίοῦ

361 1676 391 1734 ἡ
426 1670 669 1742 σημασία
691 1688 705 1702 σ
749 1673 1001 1743 γέννησιν
1048 1674 1105 1727 δὲ
1144 1674 1241 1744 τὴν
1278 1676 1620 1746 κατασκευὴν
1653 1676 1926 1746 ὀνομάζει,

358 1766 424 1833 τῇ
477 1762 821 1833 εύσημοτάτῃ
856 1766 1006 1834 φωνῇ
1051 1764 1113 1817 τὸ
1154 1765 1382 1836 φρικτὸν
1431 1768 1795 1837 περιστέλλων
1833 1770 1932 1838 τῆς

362 1851 737 1922 βλασφημίας·
773 1851 848 1915 ὡς
886 1850 952 1905 ἂν
981 1852 1381 1922 εύπαράδεκτος
1412 1855 1620 1924 γένοιτο
1646 1858 1680 1927 ἡ
1722 1857 1815 1910 τοῦ
1838 1859 1931 1911 ὲκ-

358 1941 541 1994 τίσθαι
580 1942 673 1995 τὸν
709 1941 913 2009 Κύριον
943 1943 1358 2011 συγκατάθεσις,
1388 1949 1456 2017 τῇ
1490 1946 1591 2017 τῆς
1628 1949 1933 2018 γεννήσεως

359 2033 501 2098 λέξει
529 2035 629 2104 τῆς
666 2036 1011 2105 κατασκευῆς
1046 2034 1398 2107 δηλουμένης.
1437 2038 1601 2106 Λέγει
1631 2039 1811 2092 τοίνυν
1850 2040 1933 2093 ὅτι

359 2127 391 2193 ή
423 2124 580 2178 οὐσία
608 2125 706 2195 τὴν
746 2125 998 2194 γέννησιν
1025 2125 1259 2195 δέχεται,
1300 2127 1366 2179 ἶν’
1400 2126 1588 2198 ὥσπερ
1615 2128 1676 2180 ὲν
1711 2129 1935 2181 ὑποκει-

363 2217 511 2286 μένῳ
538 2216 644 2270 τινὶ
682 2215 966 2285 πράγματι
1003 2217 1152 2269 πᾶσα
1189 2218 1499 2287 κατασκευὴ
1528 2218 1816 2290 θεωρῆται.
1857 2220 1931 2272 Οὐ

360 2307 471 2377 γὰρ
517 2308 581 2362 ἄν
616 2323 701 2369 τις
754 2307 897 2359 είποι
936 2306 1371 2361 κατεσκευάσθαι
1416 2308 1445 2360 ὃ
1478 2309 1553 2380 μή
1607 2310 1930 2381 ὑφέστηκεν,

360 2396 533 2460 οὕτως
552 2393 662 2451 οίὸν
682 2414 735 2450 τι
753 2396 1182 2468 κατασκεύασμα
1197 2398 1295 2469 τὴν
1321 2399 1413 2452 τοῦ
1436 2400 1775 2468 Μονογενοῦς
1796 2399 1932 2454 Θεοῦ

364 2488 526 2556 φύσιν
561 2474 850 2559 προτείνας
878 2488 957 2558 τῷ
982 2489 1126 2560 λόγῳ
1146 2488 1245 2558 τὴν
1278 2489 1516 2559 ποίησιν.
1547 2490 1610 2543 El
1635 2490 1810 2544 τοίνυν
1835 2490 1935 2561 τὴν

361 2579 617 2648 γέννησιν
637 2579 847 2649 δέχεται
877 2579 1101 2649 ταύτην,
1126 2580 1279 2649 φησὶ,
1310 2578 1518 2634 τοιοῦτο
1539 2582 1781 2651 σημᾶναι
1813 2582 1935 2651 βου-

360 2670 585 2739 λόμενος
617 2670 700 2722 ὅτι
738 2670 837 2723 οὐκ
863 2669 929 2723 ἂν
972 2666 1061 2741 ἦν,
1086 2672 1135 2724 εἰ
1185 2670 1259 2741 μὴ
1291 2671 1720 2743 κατεσκευάσθη.
1764 2672 1829 2725 Τί
1876 2672 1934 2725 δὲ

359 2760 491 2813 ἄλλο
522 2760 629 2813 τῶν
658 2760 715 2811 ὲν
742 2762 806 2829 τῇ
835 2759 1009 2813 κτίσει
1045 2760 1432 2830 θεωρουμένων
1460 2763 1577 2816 ἐστὶ
1604 2762 1679 2833 μή
1705 2763 1934 2833 γενόμε-

358 2866 483 2914 νον;
524 2849 783 2919 Οὐρανὸς,
818 2851 910 2919 γῆ,
947 2849 1075 2918 ἀὴρ,
1110 2849 1367 2915 θάλαττα,
1411 2853 1519 2911 πᾶν
1541 2852 1640 2905 ὄτί
1664 2854 1770 2923 πέρ
1794 2855 1932 2919 ἐστι,

359 2939 656 3008 γενόμενον
687 2939 902 3001 πάντως
932 2938 1101 2993 ἐστίν.
1128 2931 1229 2991 Ὧν
1266 2940 1415 2993 οὐδὲν
1449 2940 1514 2994 ἂν
1537 2936 1627 3011 ἦν,
1655 2944 1703 2994 εί
1744 2943 1819 3012 μὴ
1842 2958 1937 3009 γε-

357 3030 586 3100 νόμενον
622 3026 707 3101 ἦν.
741 3029 865 3091 Πῶς
902 3024 996 3083 οῦν
1029 3030 1104 3092 ὡς
1142 3028 1416 3101 ἐξαίρετόν
1452 3048 1505 3084 τι
1528 3034 1595 3102 τῇ
1627 3032 1722 3085 τοῦ
1764 3034 1935 3086 Mavo-

359 3121 553 3189 γενοῦς
603 3120 936 3192 ὲνεθεώρησε
975 3121 1154 3190 φύσει,
1191 3122 1251 3173 τὸ
1300 3123 1379 3185 είς
1405 3122 1573 3193 αὐτὴν
1609 3123 1707 3193 τὴν
1747 3124 1935 3177 οὐσίαν

360 3211 715 3283 ἀναδέχεσθαι
733 3212 830 3281 τὴν
851 3211 1129 3281 γέννησιν;
1164 3210 1319 3264 Οὕτω
1342 3212 1449 3283 γὰρ
1472 3212 1568 3283 τὴν
1591 3214 1935 3285 κατασκευὴν

360 3302 637 3373 ὀνομάζει,
669 3301 745 3364 ὡς
793 3301 886 3354 τοῦ
926 3300 1217 3371 βομϐυλίου
1262 3302 1356 3355 καὶ
1401 3301 1497 3354 τοῦ
1538 3300 1798 3365 κώνωπος
1836 3303 1937 3356 οὐκ

363 3396 443 3459 είς
495 3394 703 3456 ἑαυτὸν,
764 3393 877 3447 ἀλλ’
916 3394 996 3455 είς
1053 3392 1238 3462 ἕτερόν
1264 3410 1316 3445 τι
1361 3394 1491 3464 παρ’
1538 3394 1731 3448 ἑαυτὸν
1777 3392 1935 3457 δεξαο

366 3487 527 3556 μένου
559 3485 657 3556 τὴν
686 3483 956 3555 γέννησιν.
997 3481 1204 3537 Οὐκοῦν
1230 3482 1570 3554 ὁμολογεῖται
1596 3484 1685 3537 διὰ
1711 3486 1818 3538 τῶν
1846 3500 1939 3553 γε-

362 3576 718 3650 γραμμένων,
753 3576 833 3628 ὅτι
861 3575 956 3628 καὶ
984 3575 1119 3646 πρὸς
1156 3574 1224 3627 τὰ
1253 3576 1553 3645 μικρότατα
1584 3578 1683 3647 τῆς
1706 3576 1938 3639 κτίσεως

368 3668 554 3741 μόρια,
587 3668 964 3721 κοινοποιεῖται
1013 3665 1143 3736 παρ’
1185 3664 1364 3718 αὐτῶν
1391 3663 1485 3717 τοῦ
1534 3666 1868 3734 Μονογενοῢς
1900 3668 1933 3737 ή

364 3761 541 3827 οὐσία,
573 3759 665 3813 καὶ
700 3759 809 3811 πᾶν
836 3757 1167 3828 ἐπιχείρημα
1203 3756 1268 3809 δι’
1295 3748 1356 3809 οὗ
1400 3758 1864 3823 κατασκευάζεται
1900 3762 1933 3830 ή

370 3852 506 3922 πρὸς
554 3850 643 3903 τὸν
673 3849 893 3919 Πατέρα
920 3849 1013 3900 τοῦ
1061 3845 1191 3900 Υίοῦ
1219 3847 1590 3918 ἀλλοτρίωσις,
1633 3849 1753 3920 ίσην
1785 3851 1938 3921 ἰσχὺν

367 3944 463 3997 κα)⁸
494 3942 587 3995 ἐπὶ
617 3941 724 3994 τῶν
762 3939 882 3993 καθ’
907 3938 1136 3992 ἕκαστον
1176 3938 1310 4009 ἔχει.
1348 3941 1443 4003 Τίς
1470 3936 1562 3994 οὖν
1589 3941 1737 4011 αὐτῷ
1779 3943 1938 4011 χρεία

365 4038 465 4106 τῆς
487 4032 733 4102 ποικίλης
756 4031 960 4102 ταύτης
983 4027 1344 4102 λεπτουργίας
1365 4034 1445 4096 είς
1475 4034 1819 4104 κατασκευὴν
1839 4036 1939 4105 τῆς

369 4125 511 4181 κατά
554 4126 713 4194 φύσιν
746 4114 1185 4195 ἀλλοτριότητος,
1235 4124 1355 4177 δέον
1395 4123 1496 4195 τὴν
1531 4124 1793 4193 σύντομον
1840 4126 1939 4196 τῆς

367 4217 648 4288 ἀρνήσεως
679 4214 796 4267 ὁδὸν
837 4214 1110 4285 τραπῆναι
1148 4213 1226 4284 τῷ
1268 4213 1518 4284 φανερῶς
1553 4214 1807 4267 ἀπειπεῖν
1862 4215 1937 4286 μὴ

364 4310 474 4362 δεῖν
498 4304 875 4376 ὁμολογεῖσθαι
916 4303 1010 4357 τοῦ
1049 4305 1183 4358 Υἱοῦ
1216 4305 1277 4357 τὸ
1319 4304 1507 4375 ὄνομα,
1545 4305 1679 4377 μηδὲ
1721 4304 1815 4359 τὸν
1840 4323 1938 4375 μο-

2036 495 2090 550 id
2116 495 2262 565 quod
2296 495 2551 549 sumitur.
2582 493 2695 548 Hoc
2715 493 2933 563 quidem
2964 492 3128 562 hujus
3157 494 3445 563 scriptoris
3473 496 3605 549 arti-

2036 585 2222 641 ficiosa
2241 586 2538 655 disputatio
2554 587 2771 641 asserit.
2789 584 2944 649 Quod
2958 586 3003 638 si
3020 600 3125 655 qua
3142 586 3304 641 dictis
3319 587 3609 641 insidetin-

2033 677 2353 745 telligentia,
2368 676 2721 747 quijudicare
2741 676 3027 746 diligenter
3043 676 3334 732 meditatus
3345 686 3447 743 est,
3469 694 3606 732 con-

2035 769 2237 824 sideret
2263 784 2593 824 sermonem.
2609 768 2807 824 lterum
2823 768 2968 838 quod
2986 769 3191 822 dictum
3208 777 3291 825 est
3311 784 3608 824 resumam.

2106 858 2261 913 Nihil
2308 860 2455 913 aliud
2509 860 2625 914 licet
2688 861 2937 923 invenire,
3002 861 3200 930 inquit,
3258 871 3609 931 prwterquam

2033 948 2318 1000 essentiam
2376 945 2511 1000 Filii
2555 949 2693 1018 quod
2743 950 2994 1004 admittat
3050 954 3460 1020 generationem.
3500 952 3606 1008 Sed

2040 1036 2249 1090 nullum
2294 1037 2523 1092 subesse
2582 1037 2667 1094 his
2720 1039 2883 1095 dictis
2928 1056 3148 1097 sensum
3183 1044 3357 1098 cuivis
3402 1045 3611 1113 perspi-

2034 1140 2199 1180 cuum
2258 1134 2377 1193 est,
2426 1128 2507 1183 vel
2562 1144 2891 1200 quocunque
2937 1134 3097 1189 modo
3154 1149 3455 1190 sermonem
3512 1153 3609 1191 au-

2032 1219 2221 1275 dienti.
2270 1220 2560 1291 Reliquum
2598 1221 2761 1275 fuerit
2804 1222 3196 1291 blasphemiam
3255 1225 3309 1278 in
3359 1236 3605 1295 apertum

2033 1309 2298 1381 proferre,
2351 1326 2512 1381 quam
2543 1327 2638 1381 per
2667 1312 2783 1365 haec
2806 1312 2969 1367 verba
2998 1314 3205 1367 nullum
3237 1330 3457 1369 sensum
3514 1317 3608 1369 lia-

2034 1402 2216 1455 bentia
2254 1403 2547 1456 construit.
2581 1400 2706 1454 Vult
2751 1400 2917 1466 enim,
2969 1403 3071 1457 etsi
3115 1418 3222 1457 non
3272 1413 3470 1473 potest.
3512 1422 3608 1474 per

2033 1494 2502 1563 interpretativam
2561 1495 2986 1549 imbecillitatem
3046 1496 3186 1549 hanc
3266 1498 3607 1555 auditoribus

2035 1582 2274 1638 inserere
2289 1584 2789 1654 sententiam,quod
2811 1585 2931 1639 Filii
2948 1587 3271 1653 signiﬁcatio
3293 1599 3604 1643 constructa

2034 1680 2138 1736 est,
2197 1674 2252 1728 id
2288 1682 2372 1729 est
2394 1675 2523 1744 quid
2556 1676 2832 1729 conditum
2884 1676 3134 1732 indicans
3159 1696 3174 1744 ;
3202 1680 3606 1747 generationem

1966 1758 2005 1847 Β
2034 1765 2177 1818 enim
2192 1772 2523 1820 structuram
2547 1766 2789 1820 nominat
2810 1767 3309 1838 signiﬁcantissima
3328 1785 3454 1824 voce
3476 1771 3607 1825 hor-

2035 1854 2246 1910 ribilem
2272 1856 2664 1925 blasphemiam
2692 1860 3090 1924 communiens,
3122 1867 3181 1913 ut
3205 1861 3609 1930 sitacceptissi-

2033 1958 2121 1996 ma
2153 1947 2402 2000 assensio
2424 1944 2569 2014 quod
2591 1943 2855 2001 Dominus
2884 1945 2955 2000 sit
2975 1955 3212 2010 creatus,
3240 1948 3609 2016 generationis

2033 2033 2271 2112 dictione
2310 2041 2642 2089 structuram
2676 2035 3010 2091 declarante.
3072 2036 3210 2090 Dicit
3239 2038 3422 2107 itaque
3459 2036 3606 2107 quod

2034 2132 2271 2186 essentia
2299 2134 2703 2199 generationem
2753 2130 2973 2200 accipit,
3006 2139 3066 2185 ut
3096 2141 3353 2200 tanquam
3412 2132 3467 2184 in
3507 2131 3608 2183 ali-

2033 2235 2141 2291 qua
2167 2236 2229 2275 re
2281 2220 2528 2289 subjecta
2566 2220 2747 2275 omnis
2776 2222 3114 2277 constructio
3158 2228 3455 2291 spectetur.
3489 2221 3605 2275 Non

2032 2307 2178 2363 enim
2205 2307 2331 2377 quis
2358 2307 2558 2362 dixerit
2602 2315 2981 2363 constructum
3010 2323 3132 2364 esse
3158 2311 3299 2378 quod
3334 2325 3444 2363 non
3472 2311 3607 2364 sub-

2034 2398 2217 2461 sistat,
2248 2397 2327 2453 sic
2354 2397 2501 2451 velut
2528 2397 2799 2465 quoddam
2847 2396 3132 2449 aediﬁcium
3184 2394 3279 2449 Dei
3334 2395 3605 2467 Unigeniti

2034 2496 2286 2542 naturam
2326 2486 2653 2557 protendens
2704 2500 2956 2541 sermone
2997 2485 3279 2539 facturam.
3319 2483 3375 2539 Si
3416 2486 3602 2555 igitur,

2034 2581 2234 2650 inquit,
2286 2579 2688 2649 generationem
2723 2577 2863 2632 hanc
2896 2578 3115 2646 accipit,
3152 2578 3253 2631 hoc
3293 2577 3606 2647 signiﬁcare

2033 2672 2245 2737 volens,
2281 2670 2424 2740 quod
2456 2684 2565 2723 non
2599 2677 2763 2732 esset,
2817 2683 3010 2738 nempe
3040 2667 3311 2739 Unigeniti
3343 2670 3603 2733 essentia,

2034 2762 2142 2817 nisi
2168 2761 2386 2817 condita
2414 2767 2580 2816 esset.
2616 2758 2756 2824 Quid
2794 2769 2972 2813 autem
3008 2759 3152 2812 aliud
3185 2774 3371 2814 eorum
3402 2775 3522 2828 qua:
3550 2761 3606 2814 in

2035 2863 2288 2909 creatura
2338 2852 2751 2921 conspiciuntur
2800 2860 2884 2906 est
2923 2866 3033 2904 non
3088 2849 3292 2904 factum
3320 2851 3342 2904 ?
3368 2850 3603 2915 Caelum,

2036 2951 2203 3008 terra,
2227 2958 2343 3006 aer,
2371 2957 2543 3007 mare,
2576 2941 2841 3011 quidquid
2878 2949 2983 3007 est,
3017 2942 3239 2996 omnino
3262 2940 3464 2995 factum
3488 2953 3603 2996 est:

2038 3046 2268 3100 quorum
2295 3031 2428 3085 nihil
2462 3040 2608 3087 esset
2627 3033 2730 3086 nisi
2759 3030 2959 3084 factum
2996 3038 3161 3085 esset.
3192 3030 3474 3096 Quomodo
3502 3032 3605 3101 igi-

2041 3132 2127 3177 tur
2161 3130 2219 3176 ut
2257 3123 2517 3176 eximium
2556 3122 2816 3192 quiddam
2858 3123 2911 3175 in
2956 3121 3232 3192 Unigeniti
3264 3133 3461 3178 natura
3489 3139 3608 3193 spe-

2037 3211 2253 3266 culatus
2281 3217 2384 3275 est,
2420 3226 2615 3280 nempe
2640 3226 2759 3265 eam
2802 3211 2975 3279 ipsam
3012 3211 3313 3265 essentiam
3359 3214 3609 3282 accipere

1992 3348 1999 3355 .
2035 3294 2441 3374 generationem
2477 3303 2500 3356 ?
2534 3302 2627 3357 Sic
2663 3302 2809 3357 enim
2868 3302 3203 3356 creationem
3232 3303 3511 3366 nominat,
3548 3312 3608 3358 ut

2035 3394 2295 3465 bombylii
2363 3394 2673 3464 (cujusdam
2708 3394 2825 3463 apis
2884 3393 3237 3462 obstrepere)
3276 3400 3333 3448 et
3389 3396 3604 3459 culicis,

2036 3500 2146 3540 non
2207 3486 2264 3539 in
2296 3483 2682 3554 seipsum,sed
2722 3483 2777 3537 in
2846 3483 3077 3537 alterum
3136 3483 3391 3553 quiddam
3444 3501 3608 3555 quain

2037 3576 2276 3645 seipsum
2310 3576 2405 3645 qui
2428 3576 2638 3644 accepit
2667 3574 3092 3645 generationem.
3116 3573 3285 3646 Igitur
3311 3576 3606 3632 conﬁtetur

2038 3681 2135 3736 per
2153 3665 2354 3734 scripta
2393 3664 2541 3733 quod
2572 3664 2735 3718 etiam
2767 3678 2890 3717 cum
2917 3664 3157 3718 minimis
3184 3676 3447 3722 creatura:
3476 3683 3606 3736 par-

2038 3757 2222 3812 ticulis
2237 3757 2305 3810 ab
2321 3755 2453 3825 ipsis
2476 3753 2751 3824 Unigeniti
2773 3754 3012 3811 essentia
3026 3756 3331 3811 communis
3347 3758 3603 3814 edicitur:

2037 3848 2324 3917 omnisque
2348 3846 2746 3917 argumentatio
2778 3862 2884 3917 qua
2917 3846 2984 3901 ad
3013 3845 3226 3902 Patrem
3245 3847 3363 3902 Filii
3402 3850 3607 3906 aliena-

2038 3939 2116 3994 tio
2153 3938 2492 3993 construitur
2529 3938 2585 3991 in
2613 3936 2845 4007 singulis
2891 3938 3059 3992 rebus
3090 3939 3199 3991 vim
3240 3940 3399 3995 habet
3426 3957 3610 4010 aequa-

2037 4029 2162 4086 lem.
2198 4030 2340 4096 Quid
2372 4030 2537 4100 igitur
2573 4029 2622 4083 ei
2669 4028 2771 4082 fuit
2826 4044 2964 4099 opus
3006 4030 3109 4085 hac
3140 4031 3293 4084 varia
3319 4038 3372 4086 et
3422 4033 3608 4086 subtili

2038 4130 2176 4185 arte,
2218 4128 2278 4175 ut
2316 4128 2529 4176 astruat
2592 4119 2718 4175 Filii
2762 4120 3060 4176 essentiam
3115 4135 3146 4174 a
3176 4128 3372 4174 natura
3430 4121 3609 4176 Patris

2039 4210 2270 4265 alienam
2314 4225 2472 4277 esse;
2535 4224 2661 4264 cum
2716 4215 2996 4278 oporteret
3045 4208 3507 4278 compendiariam
3554 4217 3610 4264 et

2039 4299 2256 4354 brevem
2283 4300 2425 4353 viam
2458 4297 2837 4367 abnegationis
2864 4295 3073 4364 ingredi
3103 4297 3167 4351 ad
3192 4304 3378 4366 aperte
3406 4313 3611 4367 negan-

367 4399 560 4468 νογενῆ
592 4397 724 4450 Θεὸν
762 4398 821 4449 ὲν
840 4398 961 4459 ταῖς
1004 4396 1347 4469 Ἐκκλησίαις
1371 4397 1770 4467 κηρύσσεσθαι,
1801 4398 1934 4453 ἀλλὰ

2041 4387 2171 4441 dum
2190 4395 2242 4441 et
2277 4385 2569 4440 dicendum
2586 4401 2695 4439 non
2716 4399 2839 4439 esse
2860 4383 2984 4437 Filii
3004 4399 3203 4439 nomen
3216 4385 3606 4451 conﬁtendum,

366 4489 466 4560 τὴν
507 4485 803 4557 Ἰουδαῖκὴν
848 4485 1099 4556 λατρείαν
1130 4485 1471 4556 κυριωτέραν
1511 4485 1609 4556 τῆς
1650 4484 1759 4539 τῶν
1799 4486 1938 4554 Χρι-

371 4579 602 4633 στιανῶν
641 4577 848 4647 κρίνειν
882 4575 1189 4647 ὁμολογίας,
1237 4577 1333 4630 καὶ
1368 4572 1527 4646 μόνον
1568 4576 1792 4647 κτίστην
1840 4576 1939 4630 καὶ

367 4667 700 4740 δημιουργὸν
749 4664 1143 4736 ὁμολογοῦντας
1198 4665 1292 4719 τὸν
1343 4665 1595 4736 Πατέρα,
1650 4666 1718 4720 τά
1775 4666 1939 4721 λοιπά

370 4761 551 4816 πάντα
585 4758 663 4831 τῷ
693 4758 792 4829 τῆς
821 4756 1051 4820 κτίσεως
1083 4757 1312 4825 ὑπάγειν
1340 4756 1561 4827 ὀνόματί
1598 4773 1659 4809 τε
1698 4757 1792 4810 καὶ
1818 4758 1940 4828 νοή-

374 4867 538 4922 ματι·
569 4851 628 4902 ὲν
661 4849 720 4902 δὲ
765 4848 977 4911 τούτοις
1024 4846 1087 4899 τὸ
1133 4846 1243 4900 τῶν
1284 4845 1460 4900 ἀλλων
1504 4845 1939 4915 προτεταγμένον

369 4941 531 5012 ἔργον
551 4940 762 5010 ποίημα
788 4937 967 5008 λέγειν
985 4938 1073 4991 διά
1094 4953 1239 4999 τινος
1268 4938 1770 5006 κατασκευαστικῆς
1792 4938 1933 5007 ἐνερι

371 5047 433 5098 γε
442 5030 526 5093 ίας
553 5029 871 5100 γενόμενον,
903 5029 997 5081 καὶ
1025 5027 1426 5098 πρωτόκτιστον
1455 5027 1576 5080 ἀντὶ
1619 5025 1940 5097 μονογενοῦς

370 5118 509 5172 Θεοῦ
537 5120 629 5172 καὶ
662 5116 914 5187 ἀληθινοῦ
947 5116 1077 5170 Υίοῦ
1107 5115 1635 5186 προσαγορεύοντας;

2040 4492 2219 4546 neque
2248 4475 2587 4546 unigenitum
2612 4475 2850 4530 Deumin
2879 4474 3136 4537 Ecclesiis
3164 4474 3565 4545 praedicandum
3591 4496 3609 4545 ;

2040 4565 2137 4622 sed
2156 4563 2483 4633 .Judteorum
2519 4562 2725 4617 cultum
2768 4561 3125 4630 judicandum
3151 4577 3275 4618 esse
3328 4564 3608 4632 proprium

2039 4655 2213 4726 magis
2243 4668 2405 4723 quam
2438 4651 2879 4709 Christianorum
2909 4649 3333 4715 confessionem,
3364 4652 3457 4722 qui
3488 4652 3612 4721 qui-

2039 4746 2163 4802 dem
2186 4745 2358 4801 Judaai
2392 4744 2569 4800 solum
2625 4750 2929 4798 creatorem
2982 4750 3037 4797 et
3068 4743 3316 4812 opiﬁcem
3360 4745 3609 4800 condito-

2038 4852 2264 4908 remque
2299 4835 2515 4892 Patrem
2542 4834 2889 4902 conﬁtentur,
2927 4834 3137 4903 reliqua
3167 4835 3349 4890 omnia
3405 4837 3613 4892 notioni

2046 4937 2102 4985 et
2131 4929 2342 4985 nomini
2368 4935 2634 4983 creaturae
2666 4941 2790 4983 esse
2818 4927 3181 4997 subjicienda;
3211 4927 3266 4982 in
3291 4929 3379 4984 his
3406 4937 3610 4992 autem,

2046 5019 2193 5091 quod
2233 5019 2356 5075 aliis
2395 5018 2744 5089 praepositum
2795 5026 2882 5074 est
2929 5018 3046 5075 sive
3095 5019 3249 5089 prius
3302 5022 3612 5075 ordinatum

2048 5130 2188 5187 Opus
2214 5113 2504 5170 dicendum
2533 5111 2743 5183 ποίημα
2773 5112 3059 5180 facturam,
3080 5116 3228 5169 velut
3264 5115 3497 5183 quadam
3531 5110 3611 5163 fa-

372 5212 498 5268 brili
522 5208 930 5264 constructione
954 5206 1153 5261 factam
1178 5223 1193 5259 :
1223 5213 1277 5260 et
1306 5205 1428 5259 loco
1465 5204 1733 5276 unigeniti
1762 5204 1858 5261 Dei
1883 5211 1937 5261 et
1956 5208 2072 5263 veri
2094 5206 2217 5261 Filii
2248 5204 2648 5277 πρῳτόκτιστον
2684 5203 2885 5273 (primo
2910 5206 3176 5274 creatum)
3198 5199 3615 5273 appellandum?

441 5302 661 5358 Τούτων
692 5300 803 5371 γὰρ
839 5299 1289 5370 κεκρατηκότων,
1340 5297 1559 5352 εὐκολία
1594 5297 1762 5367 πολλὴ
1806 5296 1934 5368 πρὸς

2114 5297 2214 5353 His
2254 5298 2399 5379 enim
2453 5296 2893 5366 praevalentibus,
2943 5294 3197 5349 facillime
3244 5292 3313 5345 ad
3368 5292 3612 5359 ipsorum

369 5397 463 5451 τὸν
498 5393 700 5447 σκοπὸν
723 5391 904 5445 αὐτῶν
937 5389 1383 5460 συμπερανθῆναι
1404 5388 1473 5442 τὰ
1502 5388 1745 5458 δόγματα
1763 5426 1778 5451 ,
1809 5388 1934 5443 πάν-

2047 5403 2272 5459 scopum
2329 5387 2583 5460 dogmata
2615 5387 3036 5447 concluduntur,
3084 5382 3339 5436 omnibus
3387 5391 3446 5436 ut
3479 5399 3615 5439 con-

371 5505 482 5543 των
522 5484 666 5538 κατά
702 5482 764 5535 τὸ
810 5480 955 5542 εἰκὸς
997 5482 1062 5533 ὲκ
1102 5480 1200 5550 τῆς
1225 5478 1479 5550 τοιαύτης
1522 5479 1696 5550 ἀρχῆς
1722 5478 1858 5549 πρὸς
1882 5478 1934 5531 τὲ

2048 5487 2371 5535 sentaneum
2401 5494 2467 5533 ex
2497 5478 2595 5531 tali
2644 5476 2915 5546 principio
2963 5473 3031 5527 ad
3060 5472 3112 5525 id
3134 5471 3280 5540 quod
3308 5480 3394 5527 est
3425 5490 3615 5531 conse-

372 5574 668 5632 ἀκόλουθον
709 5571 1112 5641 ὁδηγουμένων·
1155 5571 1237 5623 ὁτι
1265 5571 1355 5625 τὸν
1398 5570 1535 5640 μήτε
1585 5569 1934 5641 γεννηθέντα,

2049 5585 2222 5642 quens
2246 5568 2469 5624 directis
2501 5581 2661 5621 :eum
2704 5576 2898 5632 nempe
2917 5560 3010 5631 qui
3047 5574 3221 5629 neque
3247 5561 3484 5630 genitus,
3515 5580 3616 5620 ne-

375 5668 517 5741 μήτε
557 5666 687 5722 Υίὸν
723 5662 851 5717 ὅντα
870 5700 885 5727 ,
926 5659 1020 5742 ’διὰ
1056 5659 1112 5741 ὁέ
1136 5677 1301 5741 *τινος
1330 5659 1607 5731 ἐνεργείας
1641 5661 1934 5718 ὑποστάντα

2055 5678 2164 5732 que
2199 5660 2372 5719 Filius
2408 5668 2511 5725 est,
2544 5655 2637 5714 sed
2667 5655 2763 5726 qui
2801 5652 3115 5724 operatione
3156 5651 3390 5723 quadam
3430 5653 3615 5711 subsi-
