4010 6156
518 322 620 377 675

1748 309 1805 365 S.
1847 305 2174 364 GREGORII
2198 307 2489 364 NYSSENI

3670 318 3766 373 676

514 444 633 503 stil,
672 444 1016 492 communem
1055 441 1179 482 cum
1242 424 1353 480 Deo
1410 422 1611 479 habere
1638 422 1935 477 essentiam
1981 436 2079 475 non

2193 423 2469 473 κοινωνεῖν
2498 420 2575 492 τῷ
2600 419 2720 491 Θεῷ
2747 422 2845 494 τῆς
2870 422 3055 487 οὐσίας
3095 424 3193 494 οὐχ
3214 418 3324 478 οἶόν
3354 441 3432 479 τε.
3467 426 3609 489 Ἕως
3638 426 3681 478 δ’
3709 428 3769 480 ἂν
3803 424 3809 431 ’

516 547 695 605 posse.
728 527 917 594 Quoad
971 531 1150 578 autem
1182 519 1602 590 Evangeliorum
1634 532 1798 572 voces
1828 517 2091 586 praevale-

514 626 667 686 bunt,
698 620 899 691 quibus
931 616 1099 669 Filius
1129 622 1182 668 et
1220 612 1542 681 Unigenitus
1565 618 1619 665 et
1644 626 1709 665 ex
1741 609 1901 664 Patre
1937 617 1992 664 et
2025 624 2088 663 ex

514 714 643 774 Deo,
726 719 781 766 et
865 708 998 763 talia
1066 705 1396 777 praedicatur
1462 720 1478 757 :
1561 702 1764 757 l‘rustra
1837 699 2093 755 delirabit

510 806 752 874 seipsum
807 809 860 856 et
921 814 1052 854 suos
1115 797 1314 851 talibus
1373 795 1532 864 nugis
1591 793 1789 848 fallens
1834 800 1889 847 et
1940 791 2091 846 deci-

511 898 691 967 piens.
720 892 854 947 Nam
901 906 1025 945 cum
1058 888 1179 943 Filii
1212 886 1501 957 appellatio
1546 899 1730 939 veram
1764 898 1889 937 cum
1934 880 2092 936 Patre

511 988 830 1045 relationem
864 982 1130 1043 clamitet,
1186 979 1310 1048 quis
1346 976 1421 1029 ita
1474 973 1726 1043 stupidus
1764 980 1819 1027 et
1871 986 2088 1034 vecors,

512 1086 572 1133 ut
622 1077 834 1132 Joanne
889 1081 944 1129 et
981 1072 1170 1136 Paulo,
1206 1077 1261 1124 et
1304 1068 1516 1136 reliquo
1561 1065 1731 1119 choro
1771 1071 2088 1117 sanctorum

512 1183 799 1242 germanas
831 1167 932 1220 has
963 1177 1121 1217 voces
1150 1169 1204 1215 et
1250 1156 1673 1213 necessitudinis
1709 1155 1917 1210 indices
1948 1169 2087 1224 pra:-

511 1260 825 1317 dicantibus
863 1271 973 1311 non
1002 1254 1069 1307 ad
1108 1253 1230 1308 illos
1254 1249 1529 1320 respiciat,
1562 1248 1656 1302 sed
1689 1246 1944 1301 inanibus
1970 1261 2089 1300 cre-

512 1349 767 1421 pitaculis
818 1347 1034 1400 illectus
1097 1341 1417 1396 cavillorum
1477 1336 1729 1390 E'unomii
1779 1336 2086 1389 doctrinam

512 1442 873 1512 amplectatur
897 1457 910 1490 :
937 1439 1223 1507 ipsumque
1245 1431 1569 1485 Eunomium
1596 1430 1862 1483 veriorem
1894 1427 2088 1481 docto-

511 1548 626 1587 rem
686 1529 958 1585 existimet
1010 1527 1094 1579 his
1128 1524 1221 1594 qui
1257 1536 1285 1574 a
1328 1520 1533 1589 Spiritu
1568 1518 1731 1572 amati
1787 1518 2087 1586 loquuntur

511 1621 788 1693 mysteria.
850 1625 904 1672 et
934 1616 1208 1669 Christum
1242 1614 1296 1667 in
1335 1611 1531 1681 seipsis
1587 1610 1842 1680 portant?
1879 1607 2085 1673 Quem-

509 1728 636 1769 nam
668 1712 813 1764 hunc
843 1705 1205 1761 Eunomium?
1230 1702 1384 1758 Unde
1400 1702 1465 1756 ad
1487 1701 1790 1756 docendum
1817 1700 2083 1754 Christiao

2200 510 2472 581 κρατῶσιν
2497 512 2683 567 αἰτῶν
2716 514 3060 583 Εὑαγγελίων
3095 517 3291 584 φωναὶ,
3318 516 3385 568 δι’
3414 508 3488 568 ὧν
3524 516 3653 579 Υἱὸς
3685 521 3770 571 καὶ

2198 602 2503 674 Μονογενὴς
2531 605 2624 657 καὶ
2656 607 2720 658 ἐκ
2747 606 2838 659 τοῦ
2882 606 3097 677 Πατρδς
3146 609 3241 661 καὶ⁵
3272 610 3337 660 ἐκ
3363 607 3456 661 τοῦ
3496 608 3651 673 Θεοῦ,
3686 610 3775 663 καὶ

2194 693 2264 747 τὰ
2294 694 2518 748 τοιαῦτα
2567 699 2937 767 κηρύσσεται’
2972 699 3145 770 μάτην
3190 699 3417 771 ληρήσει
3439 743 3453 765 ,
3489 702 3680 755 ἐαυτόν
3714 721 3771 757 τε

2198 783 2449 847 καὶτοὺς
2490 784 2612 837 καθ’
2663 786 2853 839 ἑαυτὸν
2891 786 2980 839 διά
3025 787 3147 839 τῶν
3179 788 3435 842 τοιούτων
3482 788 3774 859 φληνάφων

2200 876 2696 947 παρακρουόμενος.
2744 878 2854 949 Τὴν
2903 878 3012 949 γάρ
3048 877 3223 950 ἀληθῆ
3264 880 3403 950 πρὸς
3430 881 3521 933 τὸν
3556 883 3775 954 Πατέρα

2199 966 2383 1035 σχέσιν
2416 967 2515 1037 τῆς
2547 968 2642 1020 τοῦ
2670 968 2801 1021 Υίοῦ
2830 971 3201 1040 προσηγορίας
3237 970 3467 1041 βοὼσης,
3499 972 3583 1036 τίς
3605 973 3775 1037 οὕτως

2195 1057 2431 1126 ἠλίθιος,
2459 1058 2534 1121 ὡς
2573 1059 2819 1113 Ἰωάννου
2849 1061 2944 1113 καὶ
2975 1061 3188 1114 Παύλου
3219 1062 3316 1114 καὶ
3341 1061 3433 1115 τοῦ
3458 1062 3648 1116 λοιποῦ
3682 1081 3774 1134 χο-

2198 1149 2293 1219 ροῦ
2329 1149 2438 1204 τῶν
2472 1149 2639 1218 ἁγίων
2666 1150 2765 1213 τὰς
2796 1152 3024 1221 γνησίας
3055 1151 3257 1216 ταύτας
3299 1152 3481 1220 φωνὰς
3531 1155 3625 1208 καὶ
3677 1156 3775 1225 τῆς

2195 1242 2525 1311 οἰκειότητος
2552 1243 2886 1307 ὲνδεικτικάς
2915 1243 3315 1314 κηρυσσόντων,
3350 1246 3424 1316 μὴ
3466 1246 3602 1316 πρὸς
3630 1248 3773 1300 ὲκεί-

2194 1352 2316 1398 νους
2346 1334 2583 1405 βλέπειν,
2617 1335 2754 1389 ἀλλά
2790 1338 2902 1399 τοῖς
2933 1336 3198 1400 διακένοις
3220 1338 3505 1408 κροτάλοις
3532 1338 3643 1392 τῶν
3672 1340 3774 1392 Εὑ-

2148 1440 2157 1449 ‘
2194 1428 2378 1498 νομίου
2427 1429 2776 1498 σοφισμάτων
2820 1428 3188 1493 διδασκαλίαν,
3233 1431 3342 1483 τῶν
3363 1431 3450 1484 διὰ
3474 1430 3570 1483 τοῦ
3603 1433 3775 1485 Πνεύ-

2197 1536 2364 1588 ματος
2400 1519 2703 1572 λαλούντων
2737 1521 3031 1590 μυστήρια,
3067 1519 3162 1573 καὶ
3201 1519 3437 1592 Χριστὸν
3470 1521 3527 1574 ἐν
3563 1523 3773 1585 ἑαυτοῖς

2195 1612 2487 1682 φερόντων,
2533 1611 2796 1681 Εὐνόμιον
2825 1610 3183 1681 ἀληθέστερον
3212 1611 3418 1665 οἴεσθαι
3439 1602 3465 1678 ;’
3487 1614 3619 1667 Τίνα
3647 1614 3774 1668 τοῦ·

2195 1719 2284 1755 τον
2318 1702 2610 1772 Εύνόμιον;
2658 1702 2761 1755 Τὸν
2809 1701 2971 1755 πόθεν
3003 1703 3086 1765 είς
3121 1702 3183 1756 τό
3227 1703 3584 1774 καθηγεῖσθαι
3633 1708 3773 1777 Χριο

510 1767 611 1858 nos
642 1799 889 1856 elatum?
921 1799 1012 1852 sed
1056 1797 1170 1851 haec
1202 1794 1422 1865 quidem
1444 1795 1789 1847 omittantur.
1824 1792 2001 1861 Atque
2026 1801 2079 1845 ut

2195 1767 2810 1862 crtavobq‘érrapeévm;
2852 1791 3013 1846 Ἀλλά
3058 1791 3231 1846 ταῦτα
3276 1767 3394 1864 μὲν⁷
3422 1794 3630 1848 ἐάσθω·
3681 1767 3775 1849 καὶ

508 1896 624 1950 lieri
658 1898 835 1964 potest
894 1888 1134 1944 studium
1182 1886 1331 1939 circa
1361 1883 1637 1954 proposita
1682 1897 1779 1937 cor
1832 1891 2080 1937 nostrum

506 1986 780 2055 explanet,
810 1980 930 2035 ﬁdei
962 1979 1077 2032 zelo
1101 1984 1155 2031 et
1182 1975 1379 2030 ardore
1409 1974 1670 2029 adversus
1700 1972 2084 2042 blaspheman-

508 2088 590 2133 tes
633 2090 797 2144 supra
836 2073 1053 2126 modum
1086 2078 1322 2124 tumens.
1359 2068 1644 2133 Quomodo
1674 2068 1818 2121 enim
1845 2066 1911 2119 ad
1941 2067 2078 2120 iram

506 2177 563 2224 et
596 2167 781 2223 odium
821 2179 927 2216 non
958 2161 1382 2221 concitarcmur,
1416 2159 1664 2213 videntes
1690 2157 1859 2212 Deum
1889 2164 1944 2211 et
1978 2156 2082 2212 Do-

512 2256 740 2319 minum,
761 2260 815 2307 et
840 2251 1135 2315 viviﬁcum,
1155 2258 1211 2305 et
1234 2248 1579 2303 Servatorem
1605 2247 1674 2301 ab
1699 2247 1819 2301 istis
1849 2249 2082 2302 homun-

507 2346 648 2399 culis
676 2340 912 2395 ludibrio
934 2337 1099 2403 .alIici,
1132 2345 1187 2392 et
1211 2337 1375 2391 veluti
1404 2350 1562 2390 emno
1589 2337 1945 2405 conspurcari
1975 2336 1999 2388 ?
2023 2336 2083 2389 Si

505 2434 649 2488 enim
682 2430 812 2484 mihi
856 2437 1066 2499 patrem
1097 2429 1280 2482 carnis
1338 2426 1594 2481 convitiis
1652 2426 1971 2490 incesseret,
2001 2424 2085 2482 vel

504 2524 563 2578 in
598 2534 774 2574 meum
841 2516 1245 2572 benefactorem
1298 2515 1576 2571 hostiliter
1629 2531 1691 2571 se
1740 2514 1988 2582 haberet,
2014 2530 2083 2571 an

506 2611 901 2681 Emperturbato
951 2609 1135 2661 animo
1193 2621 1407 2675 possem
1474 2607 1611 2659 iram
1667 2608 1969 2673 continere,
2029 2614 2085 2663 et

509 2703 649 2757 ferre
672 2716 829 2769 aequo
845 2699 1025 2751 animo
1041 2705 1231 2751 contra
1256 2697 1485 2751 dilectos
1502 2705 1554 2750 et
1569 2696 1767 2752 charos
1791 2698 2084 2766 injuriam?

505 2794 661 2861 Quod
695 2794 739 2848 si
767 2794 961 2846 animae
993 2804 1128 2843 meae
1172 2787 1453 2850 Dominus,
1481 2789 1575 2858 qui
1620 2791 1795 2859 ipsum
1831 2802 1954 2845 ante
1972 2807 2081 2846 non

498 2884 857 2939 exsistentem
890 2880 1011 2933 fecit
1071 2878 1389 2938 subsistere,
1424 2885 1479 2933 et
1518 2878 1572 2931 in
1636 2880 1951 2934 servitutem
1994 2897 2081 2936 re-

503 2972 719 3028 dactam
749 2969 1014 3026 redemit:
1075 2969 1169 3037 qui
1202 2968 1327 3022 vitae
1359 2969 1642 3037 praesentis
1675 2978 1897 3039 gustum
1949 2986 2081 3039 prae-

503 3066 645 3129 buit,
673 3070 727 3118 et
757 3063 995 3117 futuram
1025 3061 1343 3129 praeparavit
1368 3078 1383 3127 ;
1424 3060 1517 3129 qui
1553 3062 1619 3114 ad
1649 3077 1876 3131 regnum
1900 3073 2073 3127 vocat,
2105 3096 2148 3155 ο

503 3164 559 3213 et
588 3155 857 3227 quomodo
890 3154 1148 3223 gehennae
1198 3152 1465 3220 judicium
1511 3150 1782 3222 fugiamus
1822 3155 2075 3221 mandat;

501 3264 667 3320 parva
708 3247 831 3301 dico
866 3245 1000 3310 haec,
1040 3258 1217 3312 neque
1275 3242 1454 3295 adhuc
1506 3243 1815 3298 communis
1863 3243 2080 3298 Domini

501 3338 789 3407 majestate
834 3332 1040 3403 digna:
1072 3332 1165 3402 qui
1192 3331 1260 3384 ab
1291 3330 1440 3384 omni
1493 3337 1742 3383 creatura
1793 3330 2077 3396 adoratur,

499 3428 840 3488 cmlestibus,
866 3422 1237 3483 terrestribus,
1270 3418 1753 3481 subterrestribus,
1783 3420 1873 3472 cui
1909 3420 2081 3474 adsti-

500 3525 687 3576 terunt
724 3515 1101 3570 ministrorum
1159 3510 1470 3565 caelestium
1522 3508 1709 3564 decem
1755 3510 1925 3564 millia
1960 3528 1975 3565 :
2009 3512 2077 3566 ad

501 3619 665 3674 quem
694 3614 1016 3655 conversum
1044 3604 1129 3652 est
1152 3594 1326 3652 totum
1368 3596 1472 3652 hoc
1493 3611 1655 3653 omne
1682 3599 1829 3668 quod
1857 3599 1948 3656 hic
1981 3601 2078 3655 ad-

504 3684 848 3739 ministratur
868 3688 925 3736 et
949 3680 1162 3735 honesti
1208 3679 1482 3735 desiderio
1521 3689 1769 3747 tenetur;
1820 3682 1866 3738 si
1906 3683 1995 3738 hic
2020 3684 2077 3739 in

502 3775 804 3832 convitium
825 3771 1137 3827 hominibus
1162 3772 1474 3841 exponitur,
1506 3773 1708 3842 quibus
1736 3788 1842 3829 non
1878 3775 2077 3831 suﬂicit

502 3866 683 3921 solum
741 3864 951 3934 seipsos
991 3862 1278 3932 particula:
1330 3862 1495 3932 hujus
1548 3872 1832 3934 apostatae,
1873 3866 1928 3921 id
1966 3875 2074 3934 est,

501 3955 816 4019 defectoris,
850 3953 1242 4015 adhaerescere,
1285 3955 1383 4008 sed
1431 3956 1691 4011 damnum
1740 3957 2078 4014 arbitrantur

502 4063 615 4101 non
652 4046 815 4101 etiam
851 4044 992 4098 alios
1026 4057 1211 4099 secum
1246 4042 1303 4097 in
1360 4043 1675 4098 barathrum
1719 4047 1835 4102 sive
1857 4048 2070 4119 voragi-

498 4152 627 4194 nem
672 4136 786 4191 suis
824 4133 1046 4202 scriptis
1066 4135 1419 4203 pertraxisse,
1459 4143 1520 4188 ut
1550 4137 1784 4204 posteris
1830 4154 1942 4194 non
1979 4141 2076 4196 de-

499 4230 650 4285 ticiat
679 4228 746 4282 ad
798 4227 1080 4281 interitum
1114 4223 1369 4281 deductio
1411 4243 1425 4279 :
1487 4228 1732 4297 nunquid
1768 4231 1892 4300 quis
1935 4232 2074 4288 iram

496 4322 554 4378 in
574 4335 670 4377 eos
701 4327 1019 4387 conceptam
1050 4316 1271 4387 culpat?
1304 4315 1412 4372 Sed
1442 4316 1510 4372 ad
1538 4333 1601 4374 ea
1625 4334 1747 4389 quae
1768 4332 2074 4393 sequuntur

494 4425 863 4470 recurramus.

562 4499 898 4555 Criminatur
926 4497 1072 4553 enim
1104 4496 1160 4551 in
1197 4496 1556 4566 sequentibus
1600 4514 1703 4556 nos
1733 4517 1932 4560 rursus
1962 4506 2069 4562 bu—

495 4591 674 4645 manis
712 4587 1172 4645 similitudinibus
1217 4585 1340 4642 Filii
1384 4590 1792 4659 generationem
1834 4593 2069 4653 dedeco-

495 4697 640 4745 rare,
670 4690 833 4751 atque
853 4695 1042 4735 eorum
1064 4695 1187 4750 quae
1210 4694 1241 4733 a
1270 4687 1462 4735 nostro
1486 4689 1640 4750 patre
1664 4684 1733 4738 de
1756 4684 1844 4740 his
1865 4689 2069 4758 scripta

495 4781 626 4827 sunt
656 4772 935 4827 meminit:
971 4772 1031 4826 in
1062 4771 1286 4841 quibus,
1325 4771 1522 4842 inquit,
1556 4774 1668 4829 duo
1698 4790 1825 4831 cum
1859 4780 2069 4849 signiti-

492 4870 689 4915 centur
711 4877 778 4915 ex
799 4860 926 4916 Filii
960 4876 1116 4925 voce,
1143 4876 1340 4931 nempe
1369 4876 1433 4916 ea
1455 4878 1576 4933 quae
1610 4863 1668 4919 ﬁt
1695 4881 1792 4935 per
1813 4866 2064 4926 aﬁ'ectum

493 4953 807 5025 productio,
836 4963 890 5007 et
914 4968 978 5009 ea
1013 4968 1134 5022 quae
1168 4968 1294 5013 cum
1325 4968 1391 5008 eo
1416 4957 1510 5023 qui
1548 4957 1736 5027 genuit
1774 4958 2067 5017 intercedit

491 5044 872 5117 germanitas:
909 5044 1040 5097 illud
1075 5044 1293 5113 quidem
1324 5046 1468 5114 quod
1513 5046 1827 5104 indecorum
1863 5060 1920 5106 et
1944 5066 2068 5106 car-

492 5138 619 5193 nale
649 5143 754 5201 est,
788 5135 844 5188 in
875 5134 1077 5189 divinis
1109 5136 1456 5192 sermonibus
1480 5152 1588 5192 non
1616 5139 1938 5209 admittere;
1963 5143 2064 5199 hoc

490 5242 622 5283 vero
645 5235 909 5297 quantum
945 5224 1014 5279 ad
1046 5226 1418 5280 testimonium
1446 5228 1631 5297 glorias
1661 5229 1933 5301 Unigeniti
1956 5245 2061 5300 est,

492 5319 594 5373 hoc
624 5319 799 5373 solum
847 5316 900 5370 in
931 5316 1166 5371 excelsis
1204 5316 1547 5372 documentis
1590 5334 1891 5377 assumere.
1926 5322 2063 5390 Quis

490 5411 658 5479 igitur
686 5409 945 5464 humanis
975 5406 1327 5476 opinionibus
1367 5408 1488 5463 Filii
1522 5411 1928 5479 generationem
1963 5414 2061 5470 de-

489 5499 732 5565 decorat,
765 5500 859 5570 qui
899 5498 1045 5569 quod
1077 5498 1338 5569 passibile
1361 5507 1447 5555 est
1476 5507 1532 5554 et
1557 5500 1855 5557 humanum
1884 5514 2064 5560 exter-

492 5586 664 5638 minat
702 5603 730 5640 a
773 5590 957 5643 divina
995 5590 1379 5659 generatione,
1421 5590 1832 5661 impassibiliter
1875 5602 2057 5650 autem

491 5671 688 5730 Filium
714 5691 836 5733 cum
866 5694 931 5736 eo
954 5681 1050 5751 qui
1091 5682 1277 5753 genuit
1304 5682 1565 5754 copulat:
1590 5697 1662 5739 an
1688 5685 1781 5755 qui
1812 5699 2060 5745 commu-

2190 1884 2267 1947 ὼς
2293 1882 2407 1937 ἔστι
2431 1882 2653 1937 δυνατὸν
2681 1885 2714 1954 ή
2760 1882 2890 1955 περὶ
2915 1882 2983 1937 τά
3008 1884 3341 1954 προκείμενα
3368 1885 3572 1956 σπουδὴ
3601 1903 3776 1942 κατα-

2192 1973 2447 2027 λεαινέτω
2475 1973 2572 2043 τὴν
2592 1973 2819 2044 καρδίαν
2841 1973 3021 2044 ἡμῶν,
3054 1974 3205 2044 ζήλῳ
3227 1974 3328 2044 τῆς
3350 1976 3588 2038 πίστεως
3612 1977 3776 2030 σκατά

2191 2064 2300 2119 τῶν
2337 2064 2798 2134 βλασφημούντων
2829 2066 3327 2135 ὑπεροιδαίνουσαν.
3360 2068 3484 2129 Πῶς
3515 2069 3626 2139 γὰρ
3656 2068 3776 2122 ἐστι

2195 2154 2269 2225 μὴ
2293 2155 2730 2226 παρακινηθῆναι
2759 2156 2893 2226 πρὸς
2917 2155 3085 2226 ὀργὴν
3118 2157 3210 2210 καὶ
3248 2157 3566 2227 ἀπέχθειαν,
3596 2161 3656 2212 ἐν
3691 2159 3776 2229 τῷ

2189 2247 2280 2299 τὸν
2329 2247 2462 2299 Θεὸν
2516 2246 2673 2316 ἡμῶν
2726 2246 2820 2298 καὶ⁴
2870 2247 3178 2317 Δεσπότην,
3222 2248 3317 2300 καὶ
3346 2248 3630 2315 ξωοποιδν,
3675 2252 3776 2303 καὶ

2189 2338 2451 2408 Σωτῆρα,
2483 2337 2637 2407 παρὰ
2672 2336 2782 2390 τῶν
2819 2336 3212 2407 ἀνθρωπίσκων
3245 2338 3449 2391 τούτων
3483 2340 3774 2412 προπηλα-

2186 2428 2465 2492 κίζεσθαι;
2515 2428 2578 2480 Εί
2606 2429 2714 2498 γάρ
2751 2446 2839 2496 μοι
2869 2428 2959 2481 τὸν
2998 2428 3097 2497 τῆς
3126 2430 3328 2499 σαρκὸς
3363 2430 3622 2502 ἐλοιδόρει
3664 2451 3773 2487 πα-

2185 2518 2397 2590 τέρα,ἢ
2429 2519 2563 2588 πρὸς
2590 2518 2680 2571 τὸν
2704 2519 2995 2590 εὐεργέτην
3031 2515 3142 2589 εἶχε
3173 2520 3264 2573 τὸν
3299 2522 3430 2590 ἐμὸν
3462 2523 3772 2593 δυσμενῶς,

2187 2606 2296 2680 ἆρα
2328 2609 2550 2662 δυνατὸν
2575 2605 2643 2680 ἦν
2668 2609 2894 2671 ἀπαθῶς
2918 2610 3179 2679 βαστάσαι
3204 2612 3300 2683 τὴν
3327 2615 3467 2666 κατά
3497 2614 3608 2669 τῶν
3631 2617 3774 2685 ἀγα-

2187 2700 2453 2770 πωμένων
2471 2700 2675 2771 ὀργήν;
2701 2701 2763 2752 Εἰ
2784 2699 2839 2752 δὲ
2864 2702 2892 2754 ό
2914 2703 3010 2771 τῆς
3042 2702 3219 2771 ψυχῆς
3239 2705 3338 2773 τῆς
3359 2704 3499 2773 ἐμῆς
3534 2706 3770 2777 Κύριος,

2189 2789 2263 2860 μὴ
2292 2784 2455 2843 οὖσαν
2480 2788 2650 2858 αὐτὴν
2680 2789 2992 2859 ὑποστήσας
3011 2829 3024 2851 ,
3051 2792 3145 2843 καὶ
3181 2791 3539 2847 δουλωθεῖσαν
3562 2795 3769 2865 ἐξαγο-

2190 2881 2356 2948 ράσας
2375 2894 2391 2906 ’
2422 2880 2451 2932 ό
2473 2879 2570 2949 τῆς
2585 2895 2643 2931 τε
2662 2878 2943 2949 παρούσης
2967 2882 3169 2948 γεύσας
3190 2881 3353 2953 ζωῆς,
3387 2886 3482 2937 καὶ
3511 2886 3611 2956 τήν
3638 2888 3771 2956 μέλ-

2185 2967 2381 3022 λουσαν
2415 2973 2840 3041 παρασκευάσας
2859 2985 2872 3000 ο
2900 2970 2929 3021 ὁ
2960 2970 3095 3039 πρὸς
3126 2970 3403 3039 βασιλείαν
3435 2975 3640 3041 καλῶν,
3671 2979 3772 3033 καὶ

2187 3060 2333 3121 ὅπως
2354 3060 2424 3113 ἂν
2453 3061 2749 3130 φεύγοιμεν
2776 3060 2874 3130 τὴν
2894 3062 2993 3130 τῆς
3021 3061 3244 3132 γεέννης
3267 3066 3597 3136 κατάκρισιν
3626 3087 3769 3143 παρ-

2181 3150 2392 3218 εγγυῶν
2432 3150 2628 3220 (μικρά
2652 3149 2793 3219 λέγω
2816 3149 2988 3203 ταῦτα
3012 3150 3106 3203 καὶ¹
3130 3151 3282 3205 οὔπω
3310 3156 3409 3224 τῆς
3446 3154 3542 3208 τοῦ
3577 3160 3767 3213 κοινοῦ

2181 3240 2448 3293 Δεσπὸτου
2510 3240 2898 3310 μεγαλωσύνης
2942 3242 3195 3313 ἐπάξια),
3254 3244 3361 3298 ὑπὸ
3418 3246 3604 3319 πάσης
3658 3251 3769 3323 τῆς

2182 3332 2410 3394 κτίσεως
2438 3332 2933 3402 προσκυνούμενος,
2963 3335 3318 3406 ἐπουρανίων,
3344 3340 3626 3408 ἐπιγείων,
3659 3362 3769 3400 κα-

2178 3420 2502 3492 ταχθονίων
2539 3416 2585 3490 ᾧ
2629 3424 3045 3495 παρεστήκεσαν
3081 3424 3190 3478 τῶν
3235 3429 3356 3480 κατ’
3390 3429 3622 3500 ούρανὺν
3647 3433 3766 3489 λει-

2177 3510 2422 3581 τουργῶν
2472 3510 2728 3581 μυριάδες
2750 3527 2764 3543 ο
2797 3511 2933 3582 πρὸς
2972 3511 3032 3565 ὃν
3077 3514 3451 3585 ἐπέστραπται
3486 3522 3599 3573 πᾶν
3634 3523 3767 3576 ὅσον

2178 3600 2281 3655 ὦδε
2299 3602 2528 3655 οἰκεῖται
2553 3602 2647 3655 καὶ
2682 3601 2776 3654 τοῦ
2805 3602 2969 3656 καλοῦ
2992 3604 3090 3674 τὴν
3111 3604 3296 3674 ἔφεσιν
3329 3607 3443 3677 ἔχει
3464 3626 3479 3639 ·
3516 3614 3566 3665 εί
3601 3606 3765 3680 οὗτος

2177 3692 2423 3746 ἔκκειται
2472 3693 2607 3763 πρὸς
2637 3693 2902 3765 λοιδορίαν
2941 3693 3281 3766 ἀνθρώποις,
3330 3692 3413 3763 οἷς
3440 3701 3545 3755 οὐκ
3597 3704 3765 3775 ἀρκεῖ

2180 3783 2338 3851 μόνον
2366 3781 2426 3835 τὸ
2473 3783 2696 3844 ἑαυτοὺς
2730 3785 2795 3853 τῇ
2839 3783 3013 3854 μερίδι
3057 3784 3152 3838 τοῦ
3194 3786 3498 3843 ἀποστάτου
3535 3809 3760 3863 «pacm.

2176 3872 2435 3939 κειῶσαι,
2481 3873 2619 3926 ἀλλά
2654 3874 2856 3944 ζημίαν
2889 3874 3168 3929 ποιοῦνται
3213 3877 3275 3931 τὸ
3308 3878 3385 3949 μὴ
3428 3883 3526 3936 καὶ
3558 3884 3761 3951 ἄλλους

2175 3966 2257 4028 είς
2278 3965 2338 4017 τὸ
2363 3964 2528 4017 αὑτοῦ
2556 3954 2825 4037 βάραθρον
2849 3967 2968 4036 μεθ’
2989 3967 3198 4021 ἑαυτῶν
3227 3971 3635 4037 ὲφελκύσασθαι
3662 3978 3755 4033 διὰ

2173 4057 2274 4127 τῆς
2293 4057 2658 4128 λογογραφίας
2676 4071 2690 4086 ⁸
2716 4056 2792 4120 ὡς
2819 4056 2886 4110 ἂν
2918 4058 2992 4128 μὴ
3016 4056 3189 4111 λείποι
3213 4062 3325 4124 τοῖς
3353 4063 3759 4137 ἐπιγινομένοις

2175 4149 2208 4219 ή
2250 4149 2384 4219 πρὸς
2422 4148 2514 4200 τὸν
2540 4147 2758 4219 ὄλεθρον
2793 4148 3160 4219 χειραγωγία·
3211 4146 3323 4221 ἆρά
3359 4170 3445 4217 τις
3475 4156 3754 4226 μέμφεται

2172 4240 2271 4311 τὴν
2302 4241 2396 4292 ἐπὶ
2428 4239 2638 4302 τούτοις
2673 4239 2883 4311 ὀργήνδ
2921 4240 3081 4294 ’Δλλά
3127 4241 3263 4310 πρὸς
3297 4243 3397 4315 τὴν
3426 4245 3755 4306 ἀκολουθίαν

2178 4329 2671 4403 ἐπαναδράμωμεν.

2246 4505 2533 4561 Διαδάλλει
2552 4504 2662 4575 γάρ
2691 4504 2751 4558 ἐν
2774 4506 2886 4569 τοῖς
2912 4505 3109 4578 ἐφεξῆς
3144 4508 3305 4565 πάλιν
3345 4512 3497 4583 ἡμᾶς
3519 4516 3598 4580 ὡς
3633 4522 3755 4582 ταῖς

2177 4598 2542 4670 ἀνθρωπίναις
2582 4596 2889 4668 ὁμοιότησιν
2940 4600 3304 4669 ἀτιμάζοντας
3344 4604 3439 4657 τοῦ
3494 4608 3628 4663 Υίοῦ
3656 4613 3752 4681 τὴν

2174 4693 2459 4762 γέννησιν,
2507 4689 2604 4742 καὶ
2653 4688 2925 4760 μέμνηται
2967 4706 3033 4758 γε
3079 4692 3187 4746 τῶν
3234 4700 3642 4769 γεγραμμένων
3675 4702 3754 4772 τῷ

2171 4783 2425 4853 ἡμετέρῳ
2446 4780 2613 4851 πατρὶ
2631 4781 2761 4851 περὶ
2777 4781 2979 4836 τούτων
3002 4799 3018 4814 ο
3044 4786 3104 4837 ἐν
3136 4780 3219 4848 οἷς
3256 4804 3410 4858 φησι,
3429 4791 3528 4846 δύο
3549 4810 3752 4864 σημαι-

2171 4870 2413 4941 νομένων
2451 4871 2517 4922 ἐκ
2542 4869 2641 4937 τῆς
2671 4868 2766 4922 τοῦ
2794 4870 2922 4925 Υίοῦ
2963 4875 3180 4945 φωνῆς,
3206 4875 3308 4946 τῆς
3330 4894 3390 4931 τε
3421 4879 3513 4934 διὰ
3544 4884 3752 4943 πάθους

2172 4957 2510 5022 συστάσεως,
2562 4956 2660 5010 καὶ
2690 4958 2790 5029 τῆς
2828 4959 2964 5029 πρὸς
3013 4960 3101 5014 τὸν
3133 4966 3503 5036 γεγεννηκότα
3534 4970 3753 5041 γνησιὸ-

2166 5064 2327 5118 τητος
2347 5064 2361 5078 ’
2392 5047 2454 5100 τὺ
2486 5048 2585 5118 μὲν
2612 5049 2858 5120 ἀπρεπὲς
2887 5053 2983 5105 καὶ
3029 5056 3305 5126 σαρκῶδες
3332 5058 3392 5110 ἐν
3428 5064 3548 5124 τοῖς
3589 5063 3752 5126 θείοις

2171 5139 2247 5211 μὴ
2274 5141 2592 5208 προσίεσθαι
2619 5140 2797 5210 λόγοις
2818 5160 2832 5174 ⁸
2865 5144 2925 5197 τὸ
2960 5145 3018 5198 δὲ
3046 5147 3167 5200 ὅσον
3198 5151 3279 5211 είς
3310 5134 3627 5225 μαρτυρίαν
3653 5154 3752 5223 τῆς

2167 5231 2263 5283 τοῦ
2300 5231 2634 5300 Μονογενοῦς
2653 5233 2812 5304 δόξης
2840 5236 2973 5301 ἐστὶ,
3008 5237 3165 5291 τοῦτο
3198 5241 3357 5309 μόνον
3386 5245 3445 5295 ἐν
3466 5249 3583 5310 τοῖς
3614 5246 3755 5313 seu-

2168 5322 2279 5386 λοῖς
2336 5323 2855 5393 παραλαμϐάνεσθαι
2895 5326 3148 5398 δόγμασι.
3194 5331 3290 5395 Τίς
3331 5328 3425 5386 οὖν
3488 5334 3746 5405 ἀτιμάζει

2167 5417 2288 5476 ταῖς
2319 5414 2686 5485 ἀνθρωπίναις
2714 5416 3011 5488 ὑπολήψεσι
3049 5421 3140 5473 τοῦ
3170 5421 3300 5476 Υίοῦ
3331 5424 3429 5494 τὴν
3468 5429 3748 5497 γέννησιν,

2168 5502 2197 5554 ὁ
2222 5503 2476 5573 ἐξορίζων
2499 5505 2599 5575 τῆς
2631 5506 2782 5571 θείας
2872 5512 3142 5582 γενήσεως
3163 5514 3222 5566 τὸ
3253 5516 3498 5587 παθητὸν
3527 5521 3621 5572 καὶ
3642 5520 3749 5571 ἀν’

2166 5593 2456 5665 θρὼπινον,
2493 5597 2717 5662 ἀπαθῶς
2757 5600 2814 5653 δὲ
2856 5603 3139 5658 συνάπτων
3175 5605 3266 5659 τὸν
3297 5606 3426 5661 Υἱὺν
3450 5610 3529 5679 τῷ
3551 5607 3745 5679 γεννή-

2166 5698 2345 5740 σαντι·
2378 5686 2411 5757 ἢ
2447 5690 2477 5742 ό
2506 5690 2821 5769 κοινοποιῶν
2847 5691 2983 5767 προς
3022 5695 3121 5766 τὴν
3160 5696 3308 5751 κάτω
3340 5701 3519 5756 κτίσιν
3548 5704 3639 5756 τὸν
3659 5700 3749 5754 τὰ
