4034 6156
396 320 500 374 677

1531 314 1817 371 CONTRA
1855 313 2253 382 EUNOMIUM,
2292 315 2423 371 LIB.
2461 315 2526 371 γ.

3557 314 3663 368 678

396 437 573 490 πάντα
608 429 997 503 παραγαγόντα
1032 430 1111 493 εἰς
1145 429 1391 498 γένεσιν;
1437 430 1596 484 Ἀλλά
1626 431 1688 484 τὸ
1722 430 1981 495 τοιοῦτον,

2086 446 2209 487 nem
2234 431 2365 485 facit
2386 445 2510 485 eum
2545 430 2639 500 qui
2666 431 2848 485 omnia
2880 430 2943 484 ad
2973 431 3378 502 generationem
3431 429 3660 487 adduxit

391 525 470 588 ὡς
500 522 678 575 ἔοικεν
699 560 714 584 ,
748 521 780 590 ὴ
832 519 990 591 καινὴ
1024 518 1164 589 αὕτη
1207 520 1367 588 σοφία
1405 520 1539 591 πρὸς
1580 522 1804 591 ἀτιμίαν
1836 521 1978 575 ἔοικε

394 616 646 687 βλέπειν,
682 612 741 665 τὸ
770 615 834 683 τῇ
892 610 1267 682 μεγαλειότητι
1314 611 1407 664 τοῦ
1460 612 1673 684 Πατρός
1711 615 1803 667 τὸν
1851 615 1979 667 Υἱὸν

393 704 691 769 οἰκειῶσαι,
728 704 871 775 μέγα
900 704 957 757 δὲ
1003 704 1097 758 καὶ
1128 703 1329 774 ὑψηλὸν
1362 704 1422 757 τὸ
1454 709 1785 773 καταγαγεῖν
1817 705 1978 759 αὑτὸν

393 799 472 861 εἰς
497 796 786 867 ὀμοτιμίαν
819 796 915 866 τῆς
942 797 1074 866 ἡμῖν
1101 797 1389 867 ὁμοδούλου
1419 797 1668 859 κτίσεως.
1704 798 1766 849 Ὠ
1806 798 1978 853 κενῶν

392 889 783 959 ἐγκλημάτωνί
833 888 1111 954 Βασίλειος
1154 889 1229 954 ὡς
1262 888 1543 960 ἀτιμάζων
1575 890 1667 943 τὸν
1696 890 1825 945 Υἰὺν
1863 891 1977 945 δια-

393 980 666 1045 ϐάλλεται,
719 982 748 1033 6
806 980 980 1050 τιμῶν
1025 980 1186 1035 αὑτὸν
1231 979 1413 1042 καθὼς
1449 981 1672 1050 τιμᾶται
1706 981 1735 1033 6
1764 984 1973 1053 Πατήρ.

392 1071 503 1147 Καὶ
540 1071 802 1139 Εὐνόμιος
833 1072 932 1141 τῆς
960 1071 1125 1141 τιμῆς
1154 1068 1247 1123 τοῦ
1289 1068 1624 1138 Μονογενοΰς
1659 1071 1976 1143 ὑπερμάχε-

392 1179 516 1228 ται,
545 1162 574 1214 6
619 1161 719 1233 τῆς
768 1161 982 1230 ἀγαθῆς
1036 1160 1250 1229 φύσεως
1288 1159 1381 1234 τοῦ
1435 1161 1645 1232 Πατρὸς
1676 1162 1971 1230 ἀφανίζων.

394 1250 661 1323 Τοιαύτην
693 1250 816 1321 έσχε
857 1251 952 1303 καὶ⁹
994 1250 1205 1312 Παῦλος
1253 1249 1431 1302 αἰτίαν
1484 1254 1613 1319 παρ’
1675 1250 1975 1322 Ἀθηναίοις

393 1343 522 1396 ποτὲ
556 1343 692 1415 πρὸς
723 1343 893 1413 αὐτὴν
932 1342 1156 1396 ἐκείνων
1186 1343 1659 1414 κατηγορούμενος
1679 1384 1692 1408 ,
1727 1344 1803 1408 ὡς
1853 1345 1975 1409 ξένα

394 1433 779 1501 καταγγέλλων
816 1433 1071 1501 δαιμόνια
1091 1474 1104 1495 ,
1135 1434 1221 1486 ὅτε
1262 1434 1361 1504 τὴν
1394 1436 1522 1506 περί
1561 1436 1685 1500 τοὺς
1718 1437 1975 1507 δαίμονας

394 1523 601 1592 πλάνην
627 1522 737 1576 τῶν
765 1522 1266 1593 εἰδωλομανούντων
1296 1522 1546 1593 διήλεγχε
1585 1524 1679 1578 καὶ
1706 1524 1842 1592 πρὸς
1878 1526 1975 1597 τὴν

394 1612 651 1683 ἀλήθειαν
710 1611 1089 1683 ἐχειραγώγει,
1137 1612 1522 1681 καταγγέλλων
1551 1614 1609 1667 ὲν
1642 1617 1719 1686 τῷ
1769 1619 1974 1688 Ἀρειο-

394 1706 553 1774 πάγῳ
579 1704 678 1773 τὴν
715 1704 1030 1758 ἀνάστασιν.
1064 1702 1248 1756 Ταῦτα
1280 1706 1373 1757 καὶ
1405 1704 1499 1757 νῦν
1534 1706 1582 1757 οἰ
1610 1707 1722 1763 νέοι
1744 1699 1975 1761 Στωϊκοὶ

2081 537 2204 577 cum
2226 529 2476 577 creatura
2504 519 2687 574 inﬁma
2710 522 2732 574 ?
2755 519 2859 575 Sed
2886 522 2987 574 hoc
3014 522 3208 584 tale,ut
3230 531 3660 576 consentaneum

2077 622 2182 678 est,
2217 628 2355 670 nova
2392 614 2505 667 haec
2535 612 2800 682 sapientia
2829 611 2895 665 ad
2933 612 3284 682 ignominiam
3323 612 3538 667 videtur
3570 612 3660 669 in-

2079 704 2241 767 tueri,
2270 718 2463 773 nempe
2490 701 2760 770 majestati
2788 700 2966 754 Patris
2987 698 3184 752 Filium
3207 699 3522 760 conciliare,
3542 712 3659 752 ma-

2077 810 2242 865 gnum
2278 802 2456 848 autem
2490 799 2543 846 et
2573 792 2848 846 excelsum
2873 791 3049 859 ipsum
3077 789 3347 843 adducere
3377 789 3442 843 ad
3473 804 3659 859 aequa-

2079 886 2182 940 lem
2218 885 2477 939 honorem
2508 889 2774 937 creatura;
2802 881 2960 936 nobis
2985 896 3279 936 conservae.
3313 880 3358 935 Ο
3382 896 3519 934 vana
3552 879 3658 934 eri-

2079 977 2224 1031 mina
2248 977 2261 1029 !
2300 974 2536 1030 Basilius
2561 981 2619 1027 ut
2648 973 2846 1027 Filium
2872 972 3138 1028 dedecore
3162 972 3401 1028 alliciens
3427 971 3659 1026 insimu-

2078 1070 2242 1134 latur,
2275 1066 2367 1137 qui
2398 1067 2528 1120 colit
2561 1067 2763 1136 ipsum,
2793 1066 2935 1121 sicut
2956 1066 3157 1120 colitur
3178 1064 3354 1119 Pater.
3388 1063 3453 1117 Et
3481 1062 3661 1117 Euno-

2078 1159 2221 1211 mius
2250 1172 2350 1228 pro
2382 1156 2588 1211 honore
2620 1154 2892 1223 Unigeniti
2925 1166 3148 1225 pugnat,
3189 1158 3282 1225 qui
3311 1157 3451 1211 bona
3484 1155 3661 1210 Patris

2078 1252 2271 1299 natura
2298 1245 2474 1314 ipsum
2501 1244 2696 1313 privat.
2736 1243 3061 1313 Hujusmodi
3094 1246 3298 1299 crimen
3334 1245 3477 1313 apud
3498 1246 3663 1299 Athe-

2077 1337 2297 1391 nienses
2323 1335 2598 1405 quondam
2629 1334 2832 1390 Paulus
2864 1332 3189 1389 ineurrit":
3220 1350 3345 1388 cum
3372 1350 3665 1389 accusare-

2079 1436 2166 1482 tur
2186 1429 2329 1497 quod
2354 1428 2638 1497 peregrina
2662 1427 3011 1481 annuntiaret
3030 1425 3316 1490 daemonia,
3333 1433 3660 1480 cumtamen

2077 1522 2223 1575 circa
2254 1520 2526 1575 daemones
2556 1534 2798 1575 errorem
2824 1533 3012 1573 eorum
3042 1518 3133 1587 qui
3167 1518 3359 1571 insano
3392 1517 3658 1571 idolorum

2076 1612 2244 1666 cultui
2281 1618 2438 1663 erant
2482 1609 2671 1673 dediti,
2719 1608 3160 1678 reprehenderet,
3193 1617 3247 1661 et
3274 1606 3342 1661 ad
3375 1607 3659 1661 veritatem

2077 1718 2245 1757 manu
2268 1704 2512 1766 duceret,
2548 1703 2880 1756 annuntians
2912 1702 2966 1754 in
3001 1700 3281 1769 Areopago
3302 1698 3662 1754 resurrectio-

392 1796 486 1847 καὶ
527 1792 887 1863 Ἐπικούρειοι
911 1792 986 1863 τῷ
1023 1795 1234 1864 μιμητῇ
1268 1792 1363 1846 τοῦ
1392 1792 1607 1847 Παύλου
1634 1792 1973 1863 προσφέρου-

2080 1808 2222 1847 nem.
2244 1791 2368 1847 Hrec
2384 1793 2548 1846 etiam
2568 1807 2713 1846 nunc
2731 1793 2853 1845 novi
2872 1790 3040 1846 Stoici
3060 1800 3106 1847 et
3131 1790 3379 1861 Epicurei
3399 1790 3661 1845 imitatori

396 1902 498 1947 σιν,
540 1886 589 1937 οἰ
623 1886 703 1947 εἰς
734 1884 886 1938 οὐδὲν
934 1884 1121 1955 ἕτερον
1160 1884 1579 1956 εὐκαιροῦντες,
1619 1882 1801 1947 καθὼς
1852 1885 1978 1973 περὶ

394 1972 512 2026 τῶν
538 1972 837 2043 Ἀθηναίων
881 1975 914 2043 ἡ
950 1973 1159 2044 ἱστορία
1206 1972 1373 2042 φησὶν
1394 2014 1407 2038 ,
1444 1972 1477 2043 ἢ
1507 1975 1586 2035 εἰς
1619 1973 1679 2025 τὸ
1710 1972 1886 2041 λέγειν
1924 1991 1978 2027 τι

396 2064 488 2116 κα)⁴
503 2062 721 2115 ἀκούειν
744 2063 1153 2133 καινότερον.Τί
1170 2063 1277 2134 γὰρ
1291 2062 1355 2116 ἂν
1372 2063 1623 2134 εὑρεθείη
1639 2063 1843 2116 τούτων
1858 2081 1979 2116 και-

395 2153 610 2225 νότερον
631 2195 644 2215 ,
684 2154 810 2216 Υἱὸς
856 2154 1157 2224 ἐνεργείας,
1193 2156 1285 2208 καὶ
1314 2155 1505 2226 Πατὴρ
1535 2156 1851 2226 κτίσματος,
1888 2157 1980 2208 καὶ

393 2241 527 2305 Θεὸς
560 2244 872 2315 πρόσφατος
904 2245 968 2296 ὲκ
996 2242 1091 2296 τοῦ
1146 2244 1219 2314 μὴ
1253 2245 1406 2307 ὄντος
1456 2244 1856 2314 ἀναφυόμενος,
1888 2245 1980 2297 καὶ

396 2333 595 2401 ἀγαθὸν
621 2332 825 2402 ἀγαθοῦ
854 2332 1327 2403 παρηλλαγμένον;
1362 2327 1521 2386 Οὗτοι
1543 2335 1679 2385 εἰσιν
1698 2335 1746 2385 οἰ
1774 2334 1861 2387 διὰ
1884 2334 1977 2387 τοῦ

398 2424 473 2495 μὴ
497 2418 634 2477 εἶναι
677 2424 838 2476 αὑτὸν
868 2423 1069 2491 λέγειν,
1103 2426 1241 2495 ὅπερ
1267 2423 1415 2476 ἐστὶν
1438 2425 1470 2494 ἡ
1504 2423 1597 2476 τοῦ
1618 2425 1980 2495 γεννήσαντος

395 2512 585 2581 φύσις,
619 2514 783 2583 τιμᾷν
818 2512 1270 2582 προσποιούμενοι
1314 2514 1436 2575 ταῖς
1474 2511 1845 2582 καθηκούσαις
1895 2527 1980 2562 τι-

397 2607 542 2675 μαῖς.
582 2599 707 2673 Ἀρ*
765 2602 993 2655 αἰδεῖται
1031 2602 1092 2655 τὸ
1126 2598 1263 2665 εἶδος
1312 2602 1413 2673 τῆς
1459 2602 1716 2671 τοιαύτης
1754 2602 1922 2671 τιμῆς
1953 2604 1980 2654 6

395 2693 696 2765 Εὐνόμιος,
737 2694 786 2745 εἰ
836 2694 911 2763 μὴ
960 2692 1096 2763 πρὸς
1129 2693 1221 2745 τὸν
1266 2693 1485 2765 Πατέρα
1532 2693 1680 2762 λέγοι
1709 2711 1792 2756 τις
1819 2694 1980 2746 αὐτὸν

394 2782 777 2836 οἰκειώσασθαι
808 2786 875 2853 τῇ
907 2782 1085 2851 φύσει,
1112 2782 1247 2835 ἀλλὰ
1277 2782 1413 2853 πρός
1445 2801 1496 2835 τι
1517 2783 1625 2838 τῶν
1650 2770 1980 2855 ἑτερογενῶν

390 2873 494 2942 τὴν
524 2872 808 2925 κοινωνίαν
836 2872 1017 2941 ἕχεινς
1058 2874 1122 2924 Εἰ
1155 2874 1263 2942 γὰρ
1301 2875 1328 2925 6
1355 2874 1491 2943 πρὸς
1526 2875 1624 2944 τὴν
1655 2876 1831 2928 κτίσιν
1870 2893 1982 2928 κοι-

397 2960 631 3014 νοποιῶν
675 2960 766 3013 τὸν
822 2961 925 3031 τῆς
957 2961 1187 3024 κτίσεως
1216 2962 1440 3031 Κύριον,
1488 2964 1653 3033 τιμᾷν
1687 2965 1743 3015 ὲν
1776 2964 1982 3027 τούτοις

395 3049 558 3104 αὑτὸν
582 3050 897 3122 διορίζεται,
929 3052 1179 3124 τιμάσθω
1210 3054 1303 3106 καὶ
1334 3048 1488 3116 οὗτος
1513 3054 1650 3123 πρὸς
1703 3054 1764 3106 τὸ
1792 3055 1981 3122 ἄλογον

2081 1886 2234 1939 Pauli
2262 1885 2550 1954 objiciunt,
2575 1885 2640 1938 ad
2668 1885 2803 1938 nihil
2826 1884 2972 1938 aliud
3003 1884 3209 1946 idonei,
3243 1892 3386 1937 srcut
3413 1883 3478 1936 de
3500 1882 3661 1936 Athe-

2080 1975 2366 2029 niensibus
2397 1974 2622 2029 historia
2658 1972 2849 2037 refert,
2887 1989 3051 2043 quam
3091 1981 3151 2027 ut
3185 1974 3309 2027 novi
3334 1970 3540 2041 aliquid
3571 1972 3659 2025 vel

2080 2066 2327 2120 dicerent
2373 2067 2456 2121 vel
2490 2066 2762 2120 audirent.
2804 2065 2946 2130 Quid
2988 2065 3076 2119 his
3117 2080 3317 2118 novum
3367 2063 3537 2130 magis
3575 2063 3660 2115 in-

2080 2158 2253 2212 veniri
2300 2166 2507 2226 posset,
2544 2172 2708 2227 quam
2765 2155 2936 2211 Filius
2993 2157 3355 2226 operationis,
3393 2164 3446 2210 et
3500 2154 3662 2209 Pater

2081 2258 2366 2312 creaturae,
2408 2258 2461 2302 et
2489 2248 2633 2302 Deus
2660 2263 2855 2303 recens
2885 2263 2951 2302 ex
2986 2263 3094 2301 non
3124 2255 3252 2301 ente
3278 2262 3565 2309 enascens,
3606 2253 3661 2300 et

2081 2340 2283 2394 bonum
2315 2355 2345 2393 a
2380 2340 2525 2393 bono
2546 2338 2888 2407 disjunctum
2918 2338 3001 2393 vel
3024 2337 3503 2407 discrepans?lpsi
3533 2343 3662 2391 sunt

2080 2430 2175 2499 qui
2214 2430 2342 2498 quia
2384 2430 2577 2485 dicunt
2623 2431 2801 2500 ipsum
2836 2445 2946 2484 non
2994 2445 3116 2483 esse
3165 2429 3217 2481 id
3253 2428 3396 2497 quod
3429 2438 3510 2481 est
3541 2427 3661 2496 ejus

2082 2521 2174 2589 qui
2207 2521 2396 2590 genuit
2426 2529 2641 2586 natura,
2674 2521 2852 2576 colere
2892 2536 2951 2575 se
2992 2520 3255 2575 simulant
3284 2520 3662 2573 convenienti-

2081 2608 2189 2663 bus
2211 2609 2536 2664 honoribus.
2562 2607 2819 2678 Nunquid
2844 2609 2969 2663 talis
2994 2610 3222 2664 honoris
3246 2610 3481 2678 speciem
3511 2624 3662 2663 vere-

2082 2706 2173 2753 tur
2202 2698 2526 2762 Eunomius,
2563 2700 2609 2755 si
2642 2715 2752 2753 non
2785 2715 2909 2753 cum
2942 2700 3106 2754 Patre
3134 2684 3259 2769 qfuis
3291 2700 3439 2753 dicat
3485 2700 3661 2768 ipsum

2082 2800 2281 2847 natura
2336 2793 2741 2849 necessitudine
2791 2790 3078 2854 devinciri,
3134 2791 3230 2847 sed
3284 2806 3408 2845 cum
3471 2792 3656 2860 aliquo

2082 2898 2271 2937 eorum
2302 2899 2422 2953 qua:
2450 2893 2580 2939 sunt
2603 2882 2805 2939 diversi
2846 2884 3060 2954 generis
3093 2884 3533 2938 communionem
3570 2883 3663 2936 ha-

2085 2973 2252 3028 bere?
2293 2972 2350 3027 Si
2381 2976 2527 3028 enim
2550 2976 2651 3044 _qui
2682 2990 2807 3030 cum
2838 2986 3092 3029 creatura
3139 2988 3486 3028 communem
3536 2973 3664 3027 facit

2088 3063 2374 3118 Dominum
2407 3075 2693 3131 creaturae,
2736 3065 2917 3119 colere
2955 3066 3011 3119 in
3043 3064 3127 3119 his
3170 3066 3349 3133 ipsum
3380 3064 3659 3129 deﬁnitur,

394 3139 431 3212 ἢ
471 3142 796 3214 ἀναίσθητον
848 3122 998 3198 κατάὴ
1023 3145 1121 3215 τὴν
1168 3145 1328 3213 φύσιν
1374 3122 1861 3216 κοινοποιούμενος.
1914 3147 1979 3200 Εἰ

2086 3152 2174 3206 hic
2200 3153 2365 3207 etiam
2395 3169 2519 3207 eum
2553 3154 2760 3207 honore
2790 3152 3007 3216 alliciat,
3036 3153 3129 3221 qui
3159 3168 3283 3207 cum
3311 3155 3470 3208 bruto
3498 3154 3659 3208 ratio-

392 3233 451 3286 δὲ
494 3232 670 3304 τούτῳ
712 3236 945 3307 χαλεπὸν
985 3238 1078 3289 καὶ
1122 3236 1448 3307 ὲφύὸριστον
1482 3238 1516 3308 ἡ
1546 3238 1681 3309 πρὸς
1706 3237 1765 3290 τὸ
1796 3238 1979 3308 χεῖρόν

394 3325 511 3377 ἐστι
536 3325 810 3389 κοινωνία,
842 3327 960 3391 πῶς
988 3326 1066 3397 τῷ
1102 3326 1478 3382 δεσποτεύοντι
1505 3333 1562 3383 έν
1586 3331 1651 3400 τῇ
1692 3328 1980 3402 δυναστείᾳ

392 3417 560 3470 αὐτοῦ
589 3416 684 3471 τοῦ
736 3418 963 3485 αἰῶνος,
1002 3416 1182 3481 καθώς
1216 3435 1380 3489 φησιν
1421 3420 1451 3471 6
1482 3412 1811 3490 Προφήτης,
1843 3422 1976 3492 τιμή

395 3507 536 3570 ἐστι,
566 3507 629 3561 τὸ
666 3510 732 3579 τῇ
763 3508 1057 3579 ὑποχειρίῳ
1085 3508 1179 3562 καί⁵
1218 3508 1542 3581 δουλευούσῃ
1573 3509 1732 3578 φύσει
1771 3528 1979 3582 συγκα-

392 3599 794 3669 τατάττεσθαι;
832 3600 993 3654 Ἀλλά
1021 3600 1193 3655 ταῦτα
1223 3600 1324 3672 μὲν
1355 3604 1436 3666 εἰς
1458 3601 1729 3658 τοσοῦτον.

475 3798 521 3830 ³²
544 3800 665 3854 Aet.
699 3815 831 3867 xvn,
857 3799 924 3854 l7
976 3814 1097 3869 sqq.

2083 3243 2172 3297 nis
2201 3250 2444 3312 experte,
2472 3243 2560 3297 vel
2588 3256 2712 3296 cum
2756 3257 2922 3296 sensu
2954 3250 3176 3295 carente
3229 3242 3531 3297 secundum
3567 3258 3665 3296 na-

2082 3340 2260 3386 turam
2285 3330 2413 3386 facit
2440 3344 2809 3385 communem.
2833 3329 2987 3395 Quod
3018 3331 3065 3386 si
3093 3331 3219 3384 huic
3244 3331 3443 3385 acerba
3464 3339 3517 3385 et
3538 3346 3666 3385 con-

2084 3422 2372 3478 tumeliosa
2410 3421 2627 3477 videtur
2654 3436 2779 3476 cum
2813 3421 3084 3483 deteriore
3119 3422 3475 3487 communio;
3526 3437 3663 3491 quo.

2082 3511 2246 3566 modo
2282 3510 2588 3566 dominanti
2632 3510 2689 3565 in
2735 3518 3018 3582 potentatu
3053 3510 3227 3579 ipsius
3268 3510 3475 3575 saeculi,
3518 3512 3662 3565 sicut

2085 3603 2163 3655 ait
2193 3599 2487 3671 Propheta,
2532 3602 2709 3655 honor
2748 3607 2834 3655 est
2882 3599 2940 3653 in
2989 3599 3221 3654 subdita:
3275 3607 3330 3655 et
3368 3600 3659 3654 servientis

2086 3699 2298 3747 naturae
2322 3681 2566 3748 ordinem
2594 3688 2807 3761 redigi?
2836 3690 2944 3745 Sed
2974 3690 3089 3744 haec
3122 3689 3342 3760 quidem
3370 3691 3656 3747 hactenus.

1242 4146 1545 4238 ΚΑΤΑ
1604 4148 2195 4237 ΕΥΝΟΜΙΟΥ
2270 4149 2639 4238 ΛΟΓΟΣ
2712 4152 2863 4244 Εἰ,

1976 4351 2088 4391 ,ξ’-’ἐ

894 4493 1378 4589 CONTRA
1417 4492 2085 4589 EUNOMIUM
2140 4495 2503 4585 LIBER
2547 4500 3137 4603 QUINTUS.

1977 4712 2050 4730 ἣ

556 4843 935 4899 ΚΕΦΑΛΑῙΔ
975 4841 1119 4897 ΤΟΥ
1153 4844 1514 4899 ΠΕΜΠΤΟΥ
1544 4845 1823 4905 ΛΟΓΟΥ.

396 4962 467 5008 α’.
513 4957 580 5027 '0_
601 4953 669 5007 δὲ
721 4954 987 5023 πέμπτος
1023 4958 1205 5027 λόγος
1251 4957 1321 5011 τὰ
1353 4958 1513 5027 παρὰ
1555 4956 1667 5025 τῆς
1692 4952 1802 5012 τοῦ
1829 4959 1976 5014 ἀπο-

467 5025 693 5098 στάζον
734 5027 968 5098 Πέτρου
1008 5024 1217 5098 φωνῆς
1251 5024 1517 5098 ,ρηθέντα
1545 5024 1977 5098 ἐπαγγέλλεται

464 5094 698 5187 ‘elgrst'r,’
712 5094 1112 5187 ἀναϐἁὲλλεῖαι
1141 5095 1227 5150 δέ.
1246 5097 1355 5187 Kal
1379 5094 1688 5187 apdzh'apor;
1843 5101 1977 5187 {cepi

469 5166 579 5231 τῆς
604 5167 852 5232 κτίσεως
890 5166 1241 5235 διαλέγεται,
1293 5168 1381 5220 ὅτι
1400 5168 1595 5236 μηδὲν
1623 5166 1812 5234 αὐτῆς
1846 5166 1979 5223 ἐστι

468 5234 818 5303 σεϐάσμιον,
841 5236 979 5291 ἀλλ’
1007 5239 1342 5301 ἀπαιδεύτῳ
1363 5238 1460 5290 καὶ
1484 5237 1730 5292 ἀσθενεῖ
1749 5239 1982 5305 διανοίᾳ

472 5307 877 5376 πλανηθέντες
892 5310 944 5360 οἱ
967 5307 1281 5376 ἅνθρωποι,
1311 5308 1406 5360 καί
1435 5308 1500 5360 τὸ
1539 5308 1767 5373 κάλλος
1791 5308 1981 5375 αὐτῆς

472 5374 910 5457 θαυμάσαντες,
960 5378 1032 5457 τὰ
1066 5374 1373 5457 μέρη-ἠιξ
1403 5379 1636 5457 κόσμου
1673 5374 1977 5457 ἐθεοαζο-έηι-

469 5457 611 5518 σαν.
661 5446 762 5518 Ἐξ·
804 5445 849 5508 ᾦ
898 5446 995 5499 καί
1034 5447 1149 5518 τὴν
1198 5445 1659 5518 Ἠσαΐουᾼρἧιν
1701 5448 1788 5514 τὸ,
1837 5446 1977 5518 Ἐγὼ

469 5511 601 5583 Θερς
632 5514 865 5583 πρῶτος,
896 5511 1214 5583 παγκάλως
1242 5511 1702 5583 διηρμήᾶλεὺσεν.
1752 5558 1760 5568 .

395 5579 779 5658 βἐζίἷταλτὴν
795 5579 1028 5658 μέτρου
1052 5579 1296 5658 διέξεισι
1316 5579 1521 5655 ῥῆσιν,
1550 5587 1858 5658 ὅτι-Κύριον
1881 5588 1977 5641 καὶ

467 5651 760 5727 Χριστὸν-ὁ
788 5651 918 5727 Θεδς
973 5654 1147 5727 αὐτὸν
1178 5651 1453 5727 ἐποίησεν.
1494 5659 1596 5709 Ἐν
1622 5651 1671 5723 ᾧ
1714 5651 1813 5710 κάὶ
1863 5659 1977 5727 τὴν

467 5721 627 5791 παρὰ
652 5722 951 5795 Εὑνομίου
982 5721 1351 5795 ἀντίρῤησινί,
1380 5725 1462 5797 ἢν
1486 5721 1647 5781 κατὰ
1669 5727 1774 5782 τοῦ
1800 5721 1973 5800 ἁγίου

2154 4844 2421 4902 CAPITA
2455 4846 2599 4903 SEU
2628 4846 3017 4905 SUMMARIA
3050 4841 3259 4905 LIBRI
3286 4850 3583 4918 QUINTI.

2085 4961 2138 5015 1.
2159 4961 2392 5036 Quintus
2423 4962 2555 5036 liber
2576 4964 3000 5031 explanationem
3020 4965 3151 5019 dicti
3184 4967 3459 5036 cujusdam
3483 4971 3659 5023 sancti

2150 5031 2299 5106 Petri
2352 5034 2575 5106 apostoli
2620 5037 2902 5102 promittit,
2949 5037 3038 5089 sed
3070 5031 3266 5106 diﬂ'ert'.
3307 5039 3385 5092 Ac
3421 5041 3655 5106 primum

2149 5102 2358 5170 quidem
2397 5103 2460 5156 de
2489 5114 2734 5158 creatura
2766 5106 3009 5168 disserit;
3054 5102 3256 5161 nullam
3294 5102 3492 5161 scilicet
3529 5109 3653 5159 illa-

2150 5187 2294 5248 rum_
2321 5174 2670 5248 venerandam
2720 5192 2832 5248 esse
2875 5177 3083 5248 (nempe
3131 5180 3314 5248 instar,
3349 5176 3508 5248 Dei);
3550 5175 3654 5248 sed

2154 5240 2388 5314 homines
2416 5246 2611 5311 partim
2646 5240 2892 5308 inscitia;
2936 5240 3134 5314 partim
3161 5247 3345 5314 mentis
3375 5240 3655 5314 imbecilli-

2158 5320 2264 5363 tate
2301 5313 2356 5365 in
2387 5331 2616 5368 errorem
2650 5312 3134 5382 abductam—partes
3168 5312 3347 5366 mundi
3370 5312 3432 5365 ob
3467 5329 3653 5368 earum

2153 5382 2599 5448 pulchritudinem
2658 5386 2710 5438 in
2774 5385 2991 5437 deorum
3050 5398 3326 5435 numerum
3384 5384 3650 5438 retulisse.

2159 5449 2259 5504 Ubi
2291 5453 2449 5505 etiam
2485 5454 2686 5506 dictum
2713 5454 2847 5506 illud
2879 5453 3075 5504 Isaite:
3130 5450 3241 5519 Ego
3272 5451 3414 5505 Deus
3440 5454 3655 5522 primus

2153 5535 2294 5582 sum,
2324 5522 2609 5575 admodum
2644 5525 2771 5575 scite
2795 5523 3189 5588 interpretatur.

2082 5588 2136 5644 2.
2156 5588 2313 5663 [llud
2345 5590 2805 5663 D.Petriidictum
2828 5585 3261 5663 captic_at,_auod
3296 5590 3449 5663 Deus
3470 5608 3653 5663 ipsum

2152 5659 2440 5713 Dominum
2468 5662 2815 5715 etChristum
2844 5658 3052 5713 fecerit.
3085 5657 3186 5717 Ubi
3220 5662 3379 5715 etiam
3401 5657 3655 5716 Eunomii

2152 5730 2612 5801 oppugnationem,
2663 5744 2767 5801 qua
2814 5729 2877 5786 ob
2917 5727 3119 5784 dictum
3157 5730 3254 5788 hoc
3293 5730 3353 5787 S.
3388 5732 3654 5787 Basiliam
