4010 6156
414 320 520 379 679

475 449 753 506 aggressus
782 437 880 506 est,
909 427 1138 506 conuitio
1174 428 1384 494 insuper
1427 435 1476 479 et
1521 425 1752 478 triuiales
1790 435 1974 478 contu-

479 499 666 558 nielias
699 501 762 554 ab
795 499 1052 551 Eunomia
1079 507 1343 551 eructatas
1367 504 1758 549 commemorat.

409 577 462 632 ὃ,
489 573 688 637 Quibus
720 571 828 636 ipse
857 568 1090 622 mirabili
1131 567 1362 635 quadam
1391 575 1440 619 et
1471 581 1607 637 nova
1646 564 1973 637 demonstra-

482 633 620 694 tione
648 633 856 694 virtutis
909 655 971 691 ac
1013 633 1255 706 polentia?
1299 635 1540 704 cruciﬁxi
1595 634 1843 706 occurrit,
1879 633 1972 685 ad-

479 712 631 773 dens,
675 703 1046 778 subjectionem
1076 707 1226 761 illam
1257 707 1419 778 fuisse
1447 703 1661 757 natura:
1708 703 1973 778 humanae,

483 799 585 835 non
608 771 742 850 ejus,
766 771 937 850 'quam
966 771 1528 850 Unigenitusdl’atre
1551 781 1839 850 acceperat.
1877 771 1978 825 Ubi

479 844 644 906 etiam
679 844 885 919 signum
932 844 1206 919 crucis,ct
1234 845 1432 901 Christi
1457 844 1879 919 appellationem,
1919 850 1976 894 ut

480 933 528 976 et
574 912 830 974 dona'ex
877 919 1067 972 unione
1109 918 1299 971 divina:
1330 930 1536 969 natura:
1579 930 1696 968 cum
1745 912 1978 965 humana

479 992 627 1046 nobis
661 1005 928 1055 concessa,
951 989 1214 1057 explicata
1249 987 1498 1054 reperias.

412 1127 463 1178 4.
493 1121 713 1177 Falsum
731 1137 841 1176 esse
867 1121 1091 1176 ostendit
1112 1121 1430 1174 calumniam
1460 1115 1706 1171 Eunomii
1733 1115 1976 1174 dicentis,

484 1210 730 1263 magnum
758 1191 1022 1245 Basiliam
1065 1193 1381 1263 asseruisse,
1433 1189 1692 1263 hominem
1729 1187 1784 1263 in
1813 1186 1978 1263 homi-

484 1256 600 1317 nem
649 1264 977 1316 exinanitum
1011 1278 1140 1320 esse.
1185 1272 1234 1315 et
1265 1256 1979 1330 Unigeniti_ea:inanitionem

481 1334 784 1401 contigisse,
805 1332 1011 1400 quando
1033 1333 1083 1384 in
1097 1332 1341 1400 passione
1361 1325 1514 1383 homo
1533 1325 1776 1382 Christus
1791 1341 1979 1394 passus

486 1412 583 1467 est,
615 1401 868 1456 declarat.

417 1473 468 1527 5.
501 1465 689 1526 Postea
739 1487 840 1524 non
875 1470 1006 1524 duos
1041 1469 1298 1533 Christos,
1349 1485 1510 1536 neque
1540 1467 1671 1520 duos
1703 1465 1979 1529 Dominos,

487 1542 576 1596 sed
602 1557 763 1594 unum
789 1540 1076 1600 Christum.
1112 1551 1160 1594 et
1193 1555 1352 1591 unum
1375 1539 1654 1592 Dominum
1676 1553 1787 1590 esse
1808 1539 1976 1598 docet,

489 1623 809 1679 naturasque
849 1611 1081 1663 divinam
1119 1618 1168 1663 et
1215 1608 1502 1662 humanam
1547 1607 1876 1679 coniunctas,
1932 1616 1982 1658 et

490 1676 765 1751 utramque
806 1681 1077 1748 incon/use
1122 1689 1170 1733 et
1226 1679 1590 1745 impermistim
1641 1676 1981 1744 proprietates

486 1769 612 1805 suas
647 1767 994 1814 εοιιδειύαδδε,
1052 1759 1100 1803 et
1142 1759 1371 1818 propter,
1396 1751 1638 1802 unionem
1674 1761 1981 1818 communes

485 1824 646 1875 etiam
691 1823 1015 1886 operationes
1043 1817 1320 1889 appellari,
1357 1817 1622 1887 Deumque
1665 1817 1718 1870 in
1767 1832 1819 1869 se
1847 1817 1981 1868 servi

485 1895 646 1946 etiam
675 1891 976 1960 affectiones
1005 1900 1055 1943 et
1082 1891 1351 1954 passiones
1380 1890 1706 1960 suscepisse:
1739 1895 1788 1939 et
1825 1894 1981 1960 natu-

485 1979 602 2015 ram
645 1955 929 2014 humanam
982 1962 1181 2028 pariter
1227 1975 1345 2011 cum
1393 1955 1882 2028 divina_honorari
1932 1963 1982 2007 et

487 2031 900 2099 congloriﬁcari,
952 2024 1089 2099 quod
1139 2029 1287 2081 unita
1333 2038 1525 2080 natura
1557 2025 1752 2099 divina
1800 2024 2022 2099 huma-’

495 2094 618 2153 nam
651 2094 802 2168 quasi
844 2101 901 2152 in
943 2094 997 2154 se
1045 2099 1408 2161 transtulerit,
1452 2098 1654 2164 copiose
1703 2103 1749 2148 et
1786 2094 1988 2147 erudite

492 2171 751 2224 ostendit.’

1647 307 1703 360 S.
1748 299 2074 360 (ΞιΙὶΕΩΟΒΙΙ
2115 299 2409 357 NYSSEN

3545 291 3650 348 680

2152 419 2474 474 Βασιλείου
2501 417 2600 471 διὰ
2631 417 2744 484 τὴν
2775 418 3056 482 τοιαύτην
3082 412 3267 484 ῥῆσιν
3300 409 3652 484 sacriﬁcate,

2155 491 2257 553 τάς
2283 505 2346 541 τε
2364 487 2667 556 λοιδορίας
2689 480 2788 540 καί
2825 480 3021 554 ὕϐρεις
3051 480 3373 556 ὑφειμένας
3393 480 3652 556 ἐξέθετρ.

2081 565 2150 627 γ’.
2193 546 2348 626 Πρὸς
2385 558 2456 622 ἅς
2489 546 2830 627 ἀὲτάνίτησις
2880 546 3199 627 θαυμαστῇ
3235 569 3323 617 τις
3337 546 3476 627 ξκαί.
3507 546 3655 617 {eiii}

2152 619 2254 681 καῗ
2269 619 2572 692 ἀπόδειξις
2599 619 2836 693 τῆςτοῦ
2860 619 3304 692 σταίφωθέντος
3321 619 3656 693 δυνάμεως,

2154 697 2253 751 καὶ
2289 698 2378 749 ὅτι
2416 688 2945 764 τῆς-’ἀνθρωπίνης
2991 688 3248 764 ῥύσεως,
3289 693 3361 764 οὐ
3401 688 3512 764 τῆς
3550 688 3659 742 τοῦ

2151 757 2526 835 Μονοτενοῧς
2559 757 2718 833 παρᾶ
2741 765 2847 818 τοῦ
2870 757 3099 835 Πατρός
3119 761 3404 835 ή-ῧποψις
3427 757 3657 835 γέγονε.

2154 836 2260 890 Kal
2287 824 2565 904 ἑρμηνεία
2587 824 2691 888 τόῦ
2714 824 3038 902 σταυρικὸῦ
3059 824 3387 904 σχήματος,
3412 824 3663 904 falsiﬁ-

2153 906 2259 959 τοῦ
2289 896 2546 972 Χριστοῦ
2575 896 2998 973 προσηγορίας,
3027 896 3135 954 καῖ
3156 896 3226 973 τὰ
3253 899 3320 951 ἐκ
3363 896 3472 964 τῆς
3498 899 3661 973 dra-

2155 966 2479 1100 ἔραὲεξίσης
2505 966 2792 1042 θεότητος-⁷
2813 966 2892 1038 τῷ
2919 966 3268 1039 ἀνθρωπίνῳ
3297 966 3666 1036 χαρισθέντα

2197 1061 2270 1100 ra
2308 1061 2365 1100 α.

2274 1043 2365 1100 θὰ.

2083 1061 2483 1182 ἄικέἷῗιοτὴν
2508 1114 2806 1182 Εὐνομίου
2834 1111 3268 1182 συκοφαντίαις,
3311 1107 3394 1182 ὡς
3441 1107 3665 1182 ἀνθρω-

2156 1199 2274 1237 πον
2315 1186 2402 1250 είς
2427 1175 2750 1250 ’ἄνθρωπον
2787 1175 3150 1250 κεκενῶσθαι
3183 1177 3288 1232 τὸν
3320 1175 3514 1250 μέγακ-
3550 1179 3666 1250 Ba—

2157 1245 2393 1307 σίλειονί
2423 1245 2698 1322 λέγοντα,
2728 1251 2925 1320 ψευδῆ
2955 1249 3381 1322 ἀποδείκνυσι,
3405 1245 3506 1322 καί
3545 1246 3665 1322 τὴς

2157 1322 2264 1376 τοῦ
2304 1315 2990 1392 Μονογὲνοῦςνὶένωσιν,
3039 1315 3138 1392 ἐςτὶ
3187 1315 3529 1392 ἀγακλήσει
3557 1315 3664 1370 τοῦ

2158 1386 2524 1457 πεπονθότος
2545 1386 2858 1459 ἀνθρώπου
2887 1386 3192 1459 τετοκέναι
3223 1387 3564 1459 ἀποφαίνει.

2088 1470 2147 1516 ε’.
2189 1463 2350 1515 Μετὰ
2394 1455 2567 1515 τοῦτο
2599 1455 2669 1515 οὗ
2721 1461 2829 1514 δύο
2871 1455 3184 1528 Χριστοὺς,
3225 1455 3366 1528 οὐδὲ
3397 1455 3507 1508 δύο
3535 1459 3667 1528 ΔΚυ-

2151 1534 2346 1600 ριόυς,
2372 1533 2512 1585 ἀλλ’
2539 1530 2649 1586 ἕνα
2673 1525 2951 1600 Χριστὸκ,
2996 1527 3096 1600 καί
3123 1529 3230 1581 ἕνα
3254 1526 3494 1600 *Κύριον
3515 1525 3665 1600 dero-

2157 1595 2450 1688 δείιᾴυσι,
2484 1601 2582 1688 θεαὶ
2617 1595 2784 1688 ὅτιΙῆ
2833 1599 2959 1688 θεία
2987 1598 3173 1688 φύσις
3204 1595 3279 1664 τῇ
3322 1597 3666 1688 eiu-0pszan

2153 1671 2434 1740 μιχθεῖσα
2489 1664 2872 1738 ἀσυγχύτους
2925 1664 3205 1735 ἑκατέρας
3230 1734 3242 1752 1
3267 1667 3508 1734 φύσεως
3560 1664 3666 1730 τὰς

2162 1742 2458 1807 ἰδιότητας
2509 1739 2843 1808 διετήρησε,
2891 1738 2988 1808 καὶ
3038 1737 3134 1790 διὰ
3184 1753 3299 1802 την
3332 1735 3669 1808 quassa-vta?

2158 1804 2365 1875 κοινὰς
2407 1804 2505 1862 καὶ
2552 1804 2681 1876 τὰςή
2700 1804 3000 1877 ἐνεργείας
3045 1804 3546 1877 κατονομάζεσθαι
3590 1805 3673 1877 el:

2150 1872 2466 1949 ρηκε,’τοῦ
2494 1896 2559 1932 τε
2583 1872 2754 1949 Geloi)
2780 1872 2866 1942 εἰς
2892 1877 3109 1949 ἑαυτὸν
3133 1872 3330 1949 καζτᾲ
3372 1872 3670 1949 πάθη.τώ

2159 1943 2384 2030 deodeo
2429 1946 3102 2030 ἀνα.ξαμ6ιξνοντσς,λκαί
3143 1944 3249 2030 τοῦ
3288 1943 3670 2030 ἀνθρωπίζου

2160 2018 2234 2106 τῇ
2254 2017 2587 2098 Δεσιξρτικῇ
2608 2012 2747 2086 τιμῇ
2771 2014 3309 2084 συνδοξαζομένου,
3336 2014 3437 2067 καὶ
3462 2012 3538 2080 τῇ
3569 2012 3675 2065 δυ-

2161 2105 2332 2157 ναμει
2357 2106 2464 2157 της
2493 2086 2934 2155 ἀνακραθείσης
2966 2087 3130 2151 θείας
3156 2085 3503 2157 φύσεως-είς
3530 2083 3674 2157 eau-

2163 2151 2279 2224 τὴὶν·
2315 2151 2835 2225 τῆςίάνθρώπίνης
2865 2151 3356 2223 ἀναποιηθείσης,
3389 2151 3488 2206 διὰ
3531 2155 3677 2206 πολ-

2165 2225 2290 2281 λῶν
2315 2228 2642 2297 πανσόφως
2666 2225 2919 2291 ἐξέθετο.

489 2555 610 2610 Jam
635 2567 766 2610 vero
800 2549 866 2608 de
900 2551 1045 2607 Petri
1071 2551 1301 2623 apostoli
1336 2566 1468 2607 voce
1489 2553 1678 2616 ',cura
1713 2551 1918 2623 majore
1943 2559 1998 2606 et

2173 2553 2309 2622 Περὶ
2351 2551 2408 2604 δέ
2451 2552 2551 2621 τῆς
2583 2551 2790 2622 Πέτρου
2831 2512 2924 2604 τοῦ
2967 2550 3264 2603 ἀποστόλου
3321 2548 3505 2618 φωνῆς
3558 2565 3686 2600 και-

425 2647 770 2718 vigilantiore
797 2644 1068 2698 industria
1087 2651 1302 2712 tempus
1324 2643 1499 2712 poscit
1521 2650 1580 2697 ut
1599 2643 1995 2712 disquiramus,

425 2747 479 2791 et
509 2737 884 2790 examinemus
933 2747 1056 2802 quin
1111 2732 1178 2786 ab
1222 2733 1339 2801 ipso
1392 2731 1657 2785 Eunomio
1710 2739 1764 2785 et
1810 2739 2001 2787 nostro

411 2823 586 2898 'patre
614 2825 690 2898 (a)
731 2825 799 2880 de
845 2824 950 2878 hoc
1001 2833 1128 2877 sunt
1173 2823 1338 2877 dicta.
1371 2822 1527 2888 Quod
1566 2823 1614 2877 si
1646 2832 1901 2879 accurata
1949 2834 2002 2879 et

429 2919 665 2989 diligens
703 2916 1004 2987 speculatio
1039 2915 1386 2985 prolixiorem
1420 2915 1720 2970 orationem
1761 2917 1815 2970 in
1862 2917 2003 2970 mul-

429 3019 542 3064 tam
570 3009 992 3078 disputationem
1025 3006 1304 3072 extendat,
1341 3007 1588 3077 ignoscet
1619 3008 1810 3077 procul
1835 3007 2003 3062 dubio

430 3101 700 3170 benignus
737 3105 792 3153 et
818 3097 1086 3153 candidus
1117 3097 1352 3162 auditor,
1381 3113 1490 3152 non
1537 3099 1864 3153 insimulans
1902 3114 2003 3155 nos

431 3188 624 3258 nugari
659 3194 712 3242 et
741 3187 941 3241 inscite
981 3186 1210 3256 garrire,
1261 3184 1358 3239 sed
1400 3186 1456 3238 in
1486 3199 1612 3240 eum
1653 3184 1749 3255 qui
1779 3199 2003 3238 causam

432 3279 664 3350 praebuit
687 3279 902 3348 culpam
933 3279 1307 3342 translerens,
1360 3277 1494 3330 mihi
1535 3277 1720 3332 brevia
1759 3276 2005 3346 quaedam

433 3372 585 3436 prius
610 3370 676 3424 de
704 3369 1108 3438 propositorum
1141 3367 1494 3436 inquisitione
1524 3381 1844 3436 percurrere
1875 3381 2008 3420 con-

431 3462 695 3525 cedatur,
759 3476 938 3530 neque
996 3459 1113 3513 haec
1169 3458 1457 3512 fortassea
1507 3457 1787 3526 proposito
1841 3470 2006 3526 scopo

433 3567 616 3606 rerum
639 3553 906 3605 seriarum
939 3551 1166 3604 absona.
1205 3546 1350 3602 Nihil
1376 3562 1563 3602 eorum
1593 3562 1713 3617 quae
1745 3563 1838 3617 per
1856 3561 2010 3604 crea-

437 3643 643 3695 tionem
685 3639 828 3692 facta
868 3646 1018 3702 sunt,
1052 3637 1390 3692 adorandum
1415 3653 1537 3693 esse
1576 3638 1646 3692 ab
1671 3638 2006 3702 hominibus,

439 3744 620 3785 sermo
648 3729 866 3784 divinus
894 3729 1011 3800 lege
1049 3736 1239 3784 sancta
1267 3728 1466 3798 jussit:
1511 3736 1572 3794 ut
1605 3744 1674 3785 ex
1707 3729 1856 3784 omni
1897 3727 2010 3785 fere

440 3831 470 3869 a
487 3815 595 3870 Deo
611 3815 874 3884 inspirata
892 3815 1176 3886 Scriptura
1194 3815 1301 3870 tale
1319 3815 1444 3871 licet
1461 3816 1791 3886 perdiscere.
1807 3815 2006 3880 Moses,

441 3908 662 3972 tabulae,
687 3909 794 3971 lex,
821 3908 1081 3978 deinceps
1110 3909 1408 3979 prophetas,
1443 3907 1760 3978 Evangelia,
1788 3913 2009 3977 aposto-

441 3997 619 4052 lorum
651 3997 866 4052 decreta
901 3998 1168 4062 omnium,
1199 4013 1266 4052 ex
1299 4012 1456 4068 aequo
1483 4005 1669 4052 vetant
1692 3999 1760 4052 ad
1796 4005 2010 4052 creatu-

442 4103 560 4143 ram
605 4087 826 4143 intueri.
861 4088 940 4142 Ac
975 4087 1193 4158 quidem
1235 4089 1454 4158 longum
1487 4097 1633 4144 esset
1675 4087 1890 4158 singula
1920 4103 2011 4143 or-

441 4179 570 4233 dine
603 4193 724 4248 quze
763 4179 870 4232 huc
900 4177 1171 4248 pertinent
1201 4192 1496 4247 apponere,
1550 4177 1647 4233 sed
1696 4179 1800 4234 etsi
1838 4192 2011 4248 pauca

441 4285 506 4323 ex
557 4269 744 4324 multis
801 4283 868 4323 ex
923 4267 1185 4323 divinitus
1242 4267 1510 4337 inspirato
1563 4267 1876 4322 testimonio
1916 4267 2012 4322 de-

443 4366 692 4429 prompta
715 4359 769 4412 in
787 4358 1026 4413 medium
1049 4357 1409 4427 proferamus,
1431 4356 1788 4414 nihilominus
1826 4367 2010 4414 tamen

443 4465 626 4505 sermo
677 4449 780 4505 fide
832 4450 1056 4520 dignum
1111 4451 1486 4506 testimonium
1537 4451 1594 4505 in
1644 4466 1705 4506 se
1743 4453 2010 4518 continet,

445 4540 572 4607 quia
618 4539 926 4593 divinorum
963 4541 1390 4610 unumquodque
1433 4539 1502 4594 ad
1535 4541 1785 4596 veritatis
1833 4543 2012 4597 mani-

447 4629 809 4690 festationem,
860 4628 970 4682 vim
1005 4629 1270 4698 aequalem
1318 4629 1549 4694 obtinet,
1590 4629 1690 4685 etsi
1725 4629 2013 4684 minimum

450 4719 630 4772 fuerit.
664 4718 798 4772 Nam
827 4732 950 4772 cum
979 4718 1230 4774 bifariam
1269 4718 1338 4774 de
1370 4719 1458 4776 his
1499 4735 1619 4790 quas
1659 4727 1809 4786 sunt,
1841 4721 2016 4776 divisa

450 4807 523 4862 sit
535 4807 746 4876 Opinio:
771 4807 826 4862 in
839 4815 1165 4875 creaturam,
1188 4817 1242 4865 et
1253 4809 1308 4863 in
1320 4818 1572 4865 naturam
1589 4811 1890 4866 increatam
1905 4810 2011 4881 (b):

449 4898 528 4962 si,
568 4897 713 4967 quod
744 4914 890 4954 nunc
912 4901 992 4956 ab
1029 4901 1358 4957 adversariis
1388 4901 1770 4968 contenditur,
1805 4916 2016 4973 praeva-

451 4989 655 5046 luerit:
693 4991 767 5045 ita
801 4999 860 5045 ut
893 4992 1078 5047 dicant
1113 4993 1203 5050 Dei
1242 4992 1436 5049 Filium
1461 5002 1704 5049 creatum
1740 5009 1883 5061 esse,
1916 5010 2017 5050 ne-

451 5095 608 5137 cesse
660 5087 744 5150 est
796 5082 1039 5147 omnino,
1103 5083 1189 5139 vel
1252 5085 1622 5156 evangelicum
1669 5085 2017 5155 praeconium

2102 2643 2196 2714 ρὸς
2241 2642 2308 2696 ἂν
2358 2640 2444 2712 εἴη
2487 2640 2913 2712 φιλοπονώτερον
2960 2640 3258 2705 διεξετάσαι
3308 2639 3376 2693 τὰ
3412 2637 3687 2709 εἰρημένα

2100 2732 2247 2804 αὐτῷ
2283 2751 2341 2786 τε
2371 2733 2448 2803 τῷ
2486 2733 2768 2804 Εὐνομίῳ,
2798 2735 2892 2786 καὶ
2920 2733 2998 2803 τῷ
3035 2732 3288 2804 ἡμετέρῳ
3334 2731 3506 2801 πατρὶ
3553 2730 3687 2800 περὶ
3725 2752 3741 2762 -

2102 2826 2314 2879 τούτου.
2355 2825 2418 2877 Εί
2455 2823 2512 2876 δὲ
2543 2825 2622 2886 είς
2645 2824 2848 2902 πλῆθος
2881 2823 3109 2876 ἐκτείνοι
3145 2822 3234 2875 τὸν
3272 2821 3426 2889 λόγον
3455 2822 3490 2889 ἡ
3523 2821 3690 2890 ἀκρι-

2104 2916 2207 2986 6ὴς
2229 2915 2450 2985 θεωρία,
2474 2913 2843 2983 συγγνώσεται
2866 2913 3081 2978 πάντως
3101 2915 3129 2966 6
3153 2911 3451 2980 εὐγνώμων
3480 2912 3689 2982 ἀκροα-

2104 3005 2220 3076 τὴς,
2255 3007 2352 3076 οὐχ
2397 3006 2544 3076 ἡμᾶς
2575 3005 2879 3074 ἀδολεσχεῖν
2916 3003 3269 3075 αἰτιώμενος,
3299 3003 3416 3057 ἀλλ’
3450 3003 3543 3056 ἐπὶ
3592 3002 3693 3055 τὸν

2103 3095 2202 3166 τὴν
2240 3095 2492 3165 ἀφορμὴν
2520 3094 2786 3146 δεδωκότα
2818 3093 2915 3165 τὴν
2948 3084 3124 3147 ἆίτίαν
3170 3092 3549 3162 ἐπαναφέρων,
3593 3089 3694 3143 καί

2109 3204 2198 3257 μοι
2249 3184 2687 3256 συγκεχωρήσθω
2730 3183 2935 3256 βραχέα
2979 3183 3101 3237 τινά
3149 3182 3544 3254 προδιεξελθεῖν
3584 3181 3696 3250 τῆς

2104 3277 2215 3330 τῶν
2247 3281 2620 3347 προκειμένων
2660 3275 2958 3340 ἐξετάσεως
2978 3290 2992 3306 ⁶
3035 3275 3155 3329 οὐδὲ
3196 3272 3365 3328 ταῦτα
3393 3273 3555 3343 τυχὸν
3589 3273 3696 3326 τοῦ

2110 3366 2312 3421 σκοποῦ
2369 3365 2478 3419 τῶν
2527 3365 2974 3437 σπουδαζομένων
3014 3367 3306 3437 ἀπᾴδοντα.
3355 3364 3522 3417 Οὐδὲν
3577 3362 3696 3415 τῶν

2107 3458 2195 3511 διὰ
2247 3458 2478 3521 κτίσεως
2530 3457 2829 3524 γεγονότων
2883 3456 3177 3525 σεϐάσμιον
3232 3451 3372 3508 εἶναι
3424 3457 3537 3516 τοῖς
3586 3454 3690 3506 ἀν-

2110 3547 2345 3620 θρώποις
2378 3549 2407 3600 6
2454 3546 2594 3610 θεῖος
2631 3546 2990 3617 ἐνομοθέτησε
3041 3545 3228 3613 λόγος·
3269 3545 3344 3608 ὡς
3400 3544 3466 3596 ἐκ
3505 3543 3699 3612 πάσης

2113 3639 2308 3711 μικροῦ
2337 3639 2446 3692 δεῖν
2474 3638 2589 3690 ἔστι
2630 3637 2730 3707 τῆς
2763 3636 3118 3690 θεοπνεύστου
3149 3635 3373 3708 Γραφῆς
3396 3635 3457 3687 τὸ
3478 3632 3701 3686 τοιοῦτο

2114 3731 2322 3803 μαθεῖν.
2375 3729 2432 3784 Ὁ
2459 3728 2716 3797 Μωῦσῆς,
2738 3728 2795 3780 αἱ
2828 3727 3054 3792 πλάκες,
3092 3729 3121 3780 6
3143 3728 3327 3797 νόμος,
3369 3728 3419 3779 οἱ
3453 3725 3698 3794 καθεξῆς

2114 3823 2409 3894 προφῆται,
2440 3820 2508 3873 τὰ
2533 3819 2860 3888 Εὑαγγέλια,
2885 3819 2991 3871 τῶν
3014 3818 3325 3873 ἀποστόλων
3345 3817 3414 3870 τὰ
3443 3817 3702 3886 δόγματα

2114 3910 2352 3976 πάντων,
2406 3911 2602 3981 ἐπίσης
2651 3909 3053 3980 ἀπαγορεύουσι
3085 3909 3146 3963 τὸ
3197 3907 3333 3979 πρὸς
3373 3907 3473 3976 τὴν
3515 3906 3705 3959 κτίσιν

2116 4000 2354 4072 βλέπειν.
2382 3999 2491 4052 Καὶ
2527 3997 2732 4068 μακρὸν
2763 3996 2830 4050 ἂν
2857 3996 2942 4066 εῐη
2979 3995 3047 4049 τὰ
3083 3996 3204 4050 καθ’
3233 3996 3462 4047 ἕκαστον
3493 3992 3706 4062 ἐφεξῆς

2115 4090 2509 4164 παρατίθεσθαι
2554 4088 2702 4160 παρά
2745 4088 2854 4143 τῶν
2897 4090 2976 4152 εἰς
3005 4087 3162 4141 τοῦτο
3211 4086 3518 4158 φερόντων·
3555 4085 3702 4140 ἀλλὰ

2117 4180 2218 4235 κᾶν
2261 4181 2418 4247 ὀλίγα
2461 4179 2560 4248 τῆς
2605 4178 2959 4231 θεοπνεύστου
3015 4176 3320 4247 μαρτυρίας
3375 4177 3440 4228 ἐκ
3481 4173 3702 4228 πολλῶν

2116 4269 2521 4342 παραθώμεθα,
2556 4269 2750 4339 ἐπίσης
2785 4269 3002 4330 πάντως
3034 4268 3063 4319 6
3095 4265 3250 4335 λόγος
3283 4267 3344 4319 τὸ
3381 4263 3702 4330 ἀξιόπιστον

2117 4361 2249 4431 ἔχει·
2281 4361 2414 4414 διότι
2440 4359 2548 4412 τῶν
2575 4359 2732 4413 θείων
2750 4359 2976 4412 ἕκαστον
2997 4361 3076 4422 είς
3099 4358 3404 4429 φανέρωσιν
3433 4356 3702 4426 ἀληθείας

2117 4452 2178 4506 τὸ
2203 4448 2324 4505 ῖσον
2350 4451 2462 4521 ἔχει
2481 4489 2497 4515 ,
2529 4450 2633 4504 κᾶν
2665 4450 2940 4520 ἐλάχιστον
3053 4451 3187 4519 Διχῆ
3219 4450 3328 4520 γὰρ
3357 4449 3700 4520 διῃρημένης

2119 4544 2217 4614 τῆς
2235 4543 2362 4614 περὶ
2389 4541 2495 4594 τῶν
2521 4543 2690 4596 ὄντων
2718 4541 3056 4612 ὑπολήψεως,
3077 4541 3156 4604 είς
3179 4557 3240 4594 τε
3269 4541 3368 4611 τὴν
3395 4541 3572 4594 κτίσιν
3599 4541 3703 4592 καὶ

2120 4636 2198 4697 είς
2221 4633 2317 4704 τὴν
2345 4633 2597 4686 ἇκτιστον
2629 4631 2809 4702 φύσιν,
2837 4633 2931 4685 ἐὰν
2954 4631 3300 4704 ἐπικρατήσῃ
3326 4631 3388 4684 τὸ
3413 4632 3565 4702 παρά
3585 4630 3703 4684 τῶν

2121 4725 2375 4779 ἐναντίων
2439 4723 2534 4778 νῦν
2579 4722 3008 4794 σπουδαζόμενον
3032 4739 3048 4754 ο
3090 4722 3232 4776 ὥστε
3290 4722 3507 4786 κτιστὸν
3556 4718 3704 4775 εἶναι

2120 4817 2212 4870 τὸν
2238 4817 2364 4870 Υἱὸν
2385 4815 2478 4868 τοῦ
2502 4813 2636 4868 Θεοῦ
2658 4814 2854 4882 λέγειν,
2891 4815 3104 4884 ἀνάγκη
3134 4816 3305 4881 πᾶσα,
3333 4813 3367 4882 ἢ
3387 4814 3705 4868 ἀθετεῖσθαι

2121 4909 2182 4963 τὺ
2217 4907 2567 4977 εὐαγγελικδν
2591 4909 2881 4978 κήρυγμα,
2913 4907 3009 4960 καὶ
3049 4907 3123 4978 μὴ
3155 4907 3578 4978 προσκυνεῖσθαι
3606 4907 3707 4960 τὸν

2122 4999 2181 5053 ἐν
2207 4998 2347 5069 ἀρχῇ
2380 4995 2508 5051 ὅντα
2541 4996 2712 5064 Λόγον
2746 4995 2896 5060 Θεὸν,
2930 4996 3018 5050 διὰ
3050 4996 3109 5049 τὸ
3143 4995 3217 5068 μὴ
3254 4997 3364 5050 δεῖν
3398 5001 3705 5068 προσάγειν

2123 5088 2224 5160 τὴν
2269 5086 2523 5157 λατρείαν
2573 5088 2641 5156 τῇ
2691 5085 2897 5149 κτίσει,
2952 5085 2986 5154 ἢ
3039 5086 3195 5157 εἴπερ
3240 5087 3515 5158 δυσωποίη
3547 5088 3620 5141 τὰ
3643 5090 3707 5142 ἐν

450 5168 666 5264 sperni,
705 5184 812 5264 nec;
846 5168 1014 5264 Deum
1044 5169 1281 5226 Verbum
1325 5175 1473 5244 quod
1504 5175 1559 5229 in
1597 5175 1868 5246 principio
1899 5185 2006 5232 erat

2125 5183 2474 5252 Εὑαγγελίοις
2504 5181 2777 5251 θαύματα,
2804 5181 2871 5234 δι’
2893 5174 2966 5234 ὢν
2999 5181 3134 5252 πρὸς
3161 5182 3220 5234 τὸ
3247 5181 3572 5244 σεόάζεσθαι
3610 5179 3710 5233 καὶ

453 5261 692 5326 adorari,
722 5261 850 5332 quia
890 5261 962 5316 sit
987 5261 1140 5317 nefas
1178 5263 1350 5320 latriae
1384 5267 1591 5321 cultum
1627 5275 1890 5323 creatum
1923 5267 2018 5323 ad-

452 5352 664 5410 hibere:
686 5353 773 5411 vel
799 5353 845 5410 si
865 5354 1082 5426 quidem
1099 5366 1211 5425 prae
1225 5352 1434 5425 pudore
1449 5373 1560 5415 non
1575 5356 2019 5434 audeantnegare

530 5530 550 5562 ⁸
581 5531 702 5588 Act.
728 5549 828 5589 vn.

527 5709 612 5787 (a)
643 5714 685 5768 ί)
731 5714 988 5773 Basiliam
1019 5714 1288 5788 intelligit.

2123 5274 2446 5346 προσκυνεῖν
2470 5272 2558 5322 τὸν
2581 5270 2640 5322 ἐν
2661 5270 2889 5332 ἐκείνοις
2912 5269 3234 5340 δηλούμενον
3259 5267 3595 5338 ἐναγόμεθα.
3612 5303 3706 5322 ....

2123 5363 2203 5434 είς
2223 5360 2512 5432 ὁμοτιμίαν
2529 5359 2682 5427 ἄγειν
2695 5359 2765 5412 ’τὸ
2784 5357 2997 5412 κτιστδν
3021 5358 3116 5413 καὶ
3142 5357 3202 5411 τὸ
3224 5358 3496 5414 ἄκτιστον.
3527 5357 3708 5434 Εἴπερ

2197 5717 2272 5790 (b)
2302 5717 2359 5777 ld
2385 5725 2494 5786 est,
2525 5717 2582 5776 in
2606 5717 2917 5778 Creatorem
2946 5727 2999 5778 et
3029 5736 3118 5781 res
3147 5729 3375 5779 creatas.
