4034 6156
381 309 482 369 63!

1511 320 1790 375 CONTRA
1830 321 2223 389 EUNOEHUM,
2265 325 2396 381 LIB.
2437 323 2501 381 ν.

3543 340 3644 392 (if-l9.

379 429 523 481 κατὰ
548 423 601 480 τὸ
625 428 797 498 δόγμα
818 430 922 483 τῶν
947 430 1280 486 ὑπεναντίων
1307 435 1400 487 καὶ
1426 436 1454 486 ὁ
1482 437 1698 499 κτιστὸς
1726 454 1954 508 προσκν-

2064 455 2184 509 qua:
2229 448 2357 495 sunt
2408 440 2462 493 in
2512 438 2822 509 Evangeliis
2876 440 3158 507 miracula,
3195 443 3394 512 quibus
3443 446 3511 500 ad
3558 465 3647 504 eo.

377 519 520 570 νοίτο
563 517 713 581 Θεὸς,
770 520 1022 590 οὐδεμίαν
1074 524 1131 573 ἐν
1183 526 1249 594 τῇ
1285 524 1441 592 φύσει
1495 526 1591 597 τὴν
1632 528 1962 599 προτίμησιν

378 608 518 679 ἔχων
565 609 666 679 τῆς
699 610 865 682 ἄλλης
907 613 1170 676 κτίσεως’
1218 618 1310 669 καὶ
1342 619 1389 669 εἰ
1431 616 1586 669 τοῦτο
1620 620 1962 688 κρατήσειεν,

377 704 458 764 είς
492 701 758 771 ἀναρχίαν
801 703 923 757 τινὰ
956 706 1130 777 πάντη
1166 707 1257 759 καὶ
1302 707 1710 779 δημοκρατικὴν
1747 710 1964 762 αὐτονο-
2002 741 2011 749 ο

380 793 510 863 μίαν
561 793 632 846 τὰ
685 793 928 864 δόγματα
983 800 1083 868 τῆς
1141 798 1420 861 εὐσεϐείας
1491 800 1958 870 μετενεχθήσεται.

379 882 550 937 Ὅταν
578 883 689 955 γὰρ
734 884 809 956 μὴ
839 887 965 955 μίαν
996 884 1133 942 εἶναι
1166 888 1263 959 τὴν
1290 890 1772 960 προσκυνουμένην
1800 890 1961 961 φύσιν

377 972 742 1027 πιστεύσωσιν
766 977 814 1027 oi
835 975 1266 1048 άνθρωποι,άλλ’
1294 979 1372 1041 εἰς
1388 979 1677 1050 διαφόρους
1703 979 1961 1050 θεότητας

374 1069 495 1129 ταῖς
511 1067 739 1130 ἐννοίαις
753 1069 1143 1139 ἀπενεχθῶσιν,
1161 1071 1260 1123 οὐκ
1277 1070 1421 1123 ἔστιν
1439 1071 1496 1135 ὃς
1512 1072 1696 1141 στήσει
1713 1072 1811 1141 τὴν
1834 1075 1961 1139 περὶ

376 1158 436 1213 τὸ
466 1159 617 1212 Θεῖον
649 1160 914 1230 ὑπόληψιν
954 1163 1245 1232 προϊοῦσαν
1283 1162 1372 1217 διὰ
1397 1163 1496 1232 τῆς
1522 1163 1752 1225 κτίσεως
1773 1183 1787 1196 ·
1823 1165 1960 1218 ἀλλὰ

376 1248 437 1301 τὸ
462 1249 713 1319 νομισθὲν
736 1251 793 1301 ἐν
822 1252 886 1320 τῇ
914 1251 1086 1302 κτίσει
1113 1251 1276 1313 θεῖον,
1300 1252 1521 1323 ἀφορμὴ
1546 1252 1681 1323 πρὸς
1706 1254 1802 1323 τὴν
1832 1253 1957 1322 ἴσην

376 1341 643 1411 ὑπόληψιν
694 1341 772 1410 τῷ
823 1345 938 1412 μετ’
988 1343 1164 1395 ἐκεῖνο
1227 1343 1584 1414 θεωρουμένῳ
1634 1348 1954 1416 γενήσεται·

376 1434 596 1485 κάκεῖνο
624 1433 701 1503 τῷ
730 1433 960 1504 ἐφεξῆς,
990 1436 1083 1488 καὶ
1124 1435 1210 1488 διὰ
1237 1437 1473 1501 πάντων,
1500 1438 1565 1490 ἐκ
1602 1438 1701 1508 τῆς
1731 1438 1957 1491 ἀκολου-

379 1524 500 1588 θίας
543 1524 745 1594 ταύτης
803 1527 836 1595 ή
889 1525 1063 1596 πλάνη
1101 1526 1530 1597 διενεχθήσεται·
1585 1528 1685 1598 τῆς
1735 1530 1959 1600 πρώτης

375 1617 593 1690 ἀπάτης
634 1619 721 1671 διὰ
769 1618 874 1672 τῶν
919 1619 1339 1689 παρακειμένων
1369 1619 1529 1691 μέχρι
1558 1620 1664 1674 τῶν
1708 1621 1957 1691 ἐσχάτων

372 1709 695 1779 διεξιούσης.

2068 532 2287 584 lendum
2316 538 2369 585 et
2391 530 2458 584 ad
2491 530 2827 585 adorandum
2860 548 2983 584 eum
3014 532 3107 601 qui
3137 534 3190 586 in
3216 534 3323 589 illis
3345 538 3641 608 revelatur;

2066 620 2407 686 inducimur;
2457 636 2681 677 necesse
2719 628 2819 682 est,
2866 621 3112 691 inquam,
3151 625 3266 692 pari
3296 626 3503 683 honore
3532 631 3646 685 atii-

2064 727 2187 767 cere
2217 713 2359 782 quod
2396 720 2643 767 creatum
2672 719 2778 776 est,
2813 722 2867 766 et
2899 714 3041 782 quod
3075 714 3403 771 increatum.
3441 719 3496 773 Si
3520 723 3644 791 qui-
3673 745 3680 752 -

2063 804 2185 859 dem
2216 804 2516 860 secundum
2544 803 2987 860 adversariorum
3015 806 3213 876 dogma
3240 809 3402 863 etiam
3424 822 3645 868 creatus

2064 894 2207 951 Deus
2238 895 2584 959 adoraretur,
2639 897 2843 949 nullam
2882 896 2936 950 in
2982 905 3178 951 natura
3228 903 3640 972 praerogativam

2061 988 2288 1042 haberet
2323 1000 2433 1056 prae
2470 989 2575 1041 alia
2607 996 2861 1042 creatura
2889 1008 2902 1042 :
2940 991 3084 1059 quod
3122 991 3167 1044 si
3201 991 3305 1046 huc
3338 996 3642 1062 pravalueé-

2061 1076 2153 1142 rit,
2190 1076 2257 1129 ad
2305 1077 2624 1130 anarchiam
2666 1086 2816 1131 certe
2857 1086 2911 1132 et
2957 1079 3320 1138 multitudinis
3369 1082 3644 1139 effrenatae

2060 1164 2352 1233 quamdam
2377 1181 2611 1234 prorsus
2632 1166 2931 1231 licentiam,
2960 1181 3011 1222 et
3039 1170 3355 1238 popularem
3386 1173 3501 1228 suis
3520 1174 3644 1242 legi-

2061 1256 2165 1310 bus
2203 1272 2300 1325 pro
2347 1257 2573 1312 libidine
2610 1267 2851 1312 utentem
2889 1268 3089 1313 statum
3139 1263 3355 1331 pietatis
3389 1264 3641 1334 dogmata

2061 1349 2483 1403 transferentur.
2528 1348 2664 1402 Cum
2717 1350 2861 1404 enim
2900 1364 3009 1406 non
3042 1367 3205 1405 unam
3238 1369 3361 1408 esse
3390 1364 3638 1408 naturam

2060 1455 2182 1507 qua:
2210 1440 2470 1494 adoretur
2503 1439 2840 1495 crediderint
2872 1442 3139 1506 homines,
3171 1443 3267 1498 sed
3303 1444 3369 1497 ad
3397 1446 3641 1499 diversas

2062 1528 2292 1584 Deitatis
2346 1539 2575 1585 naturas
2605 1531 2815 1585 notitiis
2847 1533 3030 1586 animo
3076 1532 3385 1589 informatis
3430 1518 3637 1604 abrepti

2062 1622 2282 1685 fuerint,
2337 1639 2447 1678 non
2496 1633 2580 1679 est
2625 1624 2717 1692 qui
2756 1623 3140 1692 procedentem
3182 1641 3276 1694 per
3330 1634 3638 1681 creaturam

2064 1719 2364 1775 divinitatis
2404 1720 2716 1789 opinionem
2762 1718 2935 1786 possit
2983 1719 3220 1784 sistere;
3275 1719 3370 1773 sed
3406 1720 3548 1789 quod
3584 1720 3636 1773 in

372 1813 624 1860 creatura
642 1806 885 1860 divinum
922 1806 1296 1861 existimatum
1329 1806 1516 1870 fuerit,
1548 1807 1691 1863 utde
1715 1824 1780 1864 eo
1801 1811 1947 1881 quod
1990 1823 2111 1883 post
2154 1814 2287 1867 illud
2317 1813 2698 1867 consideratur
2723 1812 2912 1867 eadem
2941 1812 3127 1881 opinio
3190 1811 3388 1866 animis
3464 1812 3640 1867 homi~

373 1916 505 1956 num
529 1900 900 1969 ingeneretur,
927 1901 1148 1956 occasio
1177 1902 1302 1967 ﬁet;
1333 1910 1387 1956 et
1411 1903 1540 1958 illud
1564 1904 1612 1957 ei
1639 1905 1785 1973 quod
1811 1906 2088 1978 deinceps,
2123 1909 2313 1977 sicque
2345 1923 2439 1978 per
2468 1907 2649 1961 omnia
2690 1921 2758 1961 ex
2836 1907 2936 1960 hac
3013 1908 3403 1963 consecutione
3482 1923 3639 1963 error

371 1993 732 2055 diii‘undetur,
763 1994 939 2062 prima
964 1993 1176 2048 fallacia
1198 2010 1294 2064 per
1317 1997 1622 2065 propinqua
1647 1999 1762 2052 sive
1788 2002 2036 2069 apposita
2061 2018 2235 2071 usque
2263 2001 2329 2054 ad
2360 2009 2604 2054 extrema
2633 2009 3011 2069 percurrente.

441 2085 552 2141 Καὶ
578 2087 664 2139 ὅτι
703 2085 803 2138 οὐκ
840 2085 944 2149 ἔξω
980 2104 1035 2138 τι
1064 2085 1160 2139 τοῦ
1203 2088 1408 2150 εἰκότος
1444 2092 1948 2164 παραστοχάξομαι,

2123 2093 2277 2159 Quod
2311 2103 2490 2148 autem
2525 2108 2556 2145 a
2609 2108 2743 2147 vero
2798 2093 3042 2145 alienum
3087 2093 3313 2145 minime
3365 2090 3631 2159 conjicio.

370 2186 680 2250 ἀξιόπιστον
722 2182 817 2236 τοῦ
866 2168 1039 2252 λόγου
1078 2187 1500 2256 παραστήσομαι
1549 2188 1819 2258 μάρτυρα,
1855 2188 1952 2261 τὴν

372 2277 537 2347 μέχρι
556 2275 649 2328 τοῦ
677 2276 770 2328 νῦν
798 2274 1201 2346 ἐπικρατοῦσαν
1235 2278 1291 2329 ὲν
1317 2279 1428 2338 τοῖς
1464 2277 1685 2347 Ἕλλησι
1722 2279 1948 2349 πλάνην.

382 2367 599 2439 Ἐπειδὴ
636 2366 745 2436 γὰρ
776 2366 1088 2437 ἀπαιδεύτῳ
1122 2367 1217 2421 καὶ
1264 2369 1556 2438 μικροφυεῖ
1580 2369 1787 2441 διανοίᾳ
1819 2372 1952 2441 πρὸς

368 2459 439 2513 τὰ
461 2461 559 2530 τῆς
601 2461 832 2523 κτίσεως
886 2460 1058 2530 κάλλη
1088 2459 1474 2527 θαυμαστικῶς
1515 2461 1831 2532 διετέθησαν
1852 2505 1865 2528 ,
1890 2466 1949 2516 οὐ

370 2551 693 2622 χειραγωγῷ
730 2568 790 2603 τε
836 2551 929 2604 καὶ
963 2549 1141 2621 ὁδηγῷ
1177 2551 1254 2621 τῷ
1289 2550 1524 2621 θαύματι
1562 2552 1670 2603 τῶν
1694 2553 1953 2623 φαινομέ-

369 2660 476 2695 νων
500 2643 635 2714 πρὸς
663 2643 762 2713 τὴν
794 2642 887 2696 τοῦ
913 2643 1309 2714 ὑπερκειμένου
1349 2642 1580 2705 κάλλους
1625 2644 1952 2713 κατανόησιν

370 2738 842 2807 συγχρητάμενοι’
871 2736 1003 2789 ἀλλά
1047 2736 1205 2807 μέχρι
1243 2736 1352 2789 τῶν
1385 2736 1951 2811 καταλαμϐανομένων

367 2828 604 2897 ἔστησαν
635 2828 841 2880 ἑαυτῶν
891 2829 989 2897 τὴν
1027 2829 1287 2891 διάνοιαν,
1317 2829 1411 2882 καὶ
1446 2831 1676 2884 ’ἑκαστον
1711 2833 1809 2902 τῆς
1838 2834 1953 2885 κτί-

370 2932 511 2980 σεως
540 2918 706 2989 μέρος
744 2918 1052 2982 ἰδιαζόντως
1081 2918 1416 2989 ἐθαύμασαν.
1447 2921 1544 2974 Διά
1579 2922 1736 2975 τοῦτο
1763 2923 1865 2975 οὐκ
1894 2925 1951 2975 ἐν

367 3007 451 3060 ἐνί
498 3024 602 3060 τινι
655 3008 802 3078 μόνῳ
840 3007 950 3060 τῶν
998 3009 1338 3079 φαινομένων
1387 3008 1484 3080 τὴν
1524 3010 1652 3081 περ)⁸
1708 3011 1770 3063 τὸ
1800 3010 1953 3063 Θείον

366 3098 638 3168 ὑπόληψιν
677 3101 912 3170 ἔστησαν
942 3115 956 3131 ·
990 3099 1128 3152 ἀλλά
1162 3100 1270 3154 πᾶν
1307 3099 1368 3153 τὸ
1407 3103 1464 3153 ἐν
1500 3104 1565 3171 τῇ
1616 3100 1787 3154 κτίσει
1834 3101 1953 3171 βλε-

367 3192 610 3262 πόμενον
677 3191 818 3244 θεῖον
869 3191 1147 3262 ἐνόμισαν.
1186 3193 1296 3246 Kal.
1343 3192 1486 3246 οὕτω
1534 3193 1649 3254 τοῖς
1708 3190 1826 3259 μὲν
1858 3190 1953 3244 Αί-

366 3283 617 3352 γυπτίοις
673 3284 800 3354 περὶ
854 3284 920 3337 τὰ
975 3285 1138 3356 νοερὰ
1194 3285 1376 3339 πλεῖον
1418 3283 1807 3355 ὲνεργηθείσης
1853 3286 1952 3355 τῆς

369 3378 599 3446 πλάνης,
622 3378 677 3429 αἱ
735 3375 924 3449 μυρίαι
959 3377 1066 3430 τῶν
1107 3377 1374 3447 δαιμόνων
1405 3377 1611 3448 μορφαὶ
1650 3379 1729 3440 είς
1759 3377 1952 3446 φύσεις

368 3473 510 3526 θεῶν
550 3473 957 3544 ἠριθμήθησαν.
999 3471 1124 3532 Τοῖς
1162 3468 1217 3522 δὲ
1249 3468 1673 3540 Βαϐυλωνίοιςχή
1706 3469 1950 3539 ἀπλανὴς

367 3565 463 3619 τοῦ
512 3567 676 3620 πόλου
740 3564 1012 3637 περιφορά
1065 3563 1200 3626 Θεὸς
1256 3562 1546 3633 ἐνομίσθη,
1595 3562 1654 3615 ὃν
1691 3563 1787 3616 καὶ
1842 3562 1951 3633 Βὴλ

367 3656 680 3725 ὠνόμασαν.
711 3655 867 3708 Οὕτω
895 3655 951 3707 δὲ
973 3654 1066 3706 καὶ
1102 3654 1227 3715 τοὺς
1266 3651 1464 3722 ἐφεξῆς
1495 3650 1668 3711 ἐπτά,
1697 3653 1729 3722 ή
1766 3651 1951 3721 Ἐλλη-

370 3748 496 3819 νικὴ
524 3747 816 3818 ματαιότης
848 3745 1157 3811 ἰδιαζόντως
1182 3744 1566 3815 θεοποιήσασα,
1593 3743 1750 3798 ἄλλον
1772 3744 1951 3806 ἄλλοις

368 3840 512 3893 κατά
541 3848 664 3893 τινα
726 3839 827 3908 τῆς
865 3821 1080 3908 ἀπάτης
1138 3836 1405 3901 ἰδιάζοντα
1455 3836 1610 3904 λόγον
1637 3875 1652 3899 ,
1686 3836 1948 3903 ὑπέκυψε.

369 3931 586 3993 Πάντας
634 3931 740 4002 γὰρ
777 3928 1000 3993 τούτους
1048 3930 1105 3982 ἐν
1148 3927 1399 3999 ἀλλήλοις
1449 3928 1951 4000 ἀναστρεφομένους

368 4024 496 4085 τοὺς
530 4021 760 4084 κύκλους
797 4020 1231 4091 κατανοήσαντες
1256 4018 1492 4090 ,·ἐπειδὴ
1533 4017 1662 4089 περὶ
1695 4019 1756 4071 τὸ
1787 4020 1951 4090 ἀκρό-

367 4131 529 4168 τατον
550 4113 947 4184 ἐπλανήθησαν,
969 4113 1035 4166 δι’
1052 4110 1344 4166 ἀκολούθου
1376 4111 1468 4163 καὶ
1488 4109 1650 4181 μέχρι
1676 4108 1771 4163 τοῦ
1794 4112 1957 4181 ὲσχά·

367 4222 463 4259 τευ
492 4205 590 4276 τὴν
617 4204 786 4277 αὐτὴν
813 4205 1020 4276 πλάνην
1054 4204 1496 4258 συνδιεσώσαντο.
1533 4205 1644 4258 Καὶ
1669 4205 1805 4277 πρὸς
1825 4206 1955 4258 τού-

368 4313 484 4359 τοις
505 4296 666 4349 αὐτόν
691 4312 750 4347 τε
775 4294 866 4348 τὸν
891 4294 1104 4365 αἰθέρα,
1121 4296 1216 4347 καὶ
1242 4293 1333 4347 τὸν
1352 4294 1762 4366 ὑποκεχυμένον
1790 4294 1950 4367 ἀέρα,

367 4388 467 4459 τήν
505 4404 564 4441 τε
613 4387 716 4458 γῆν
751 4387 845 4439 καὶ
898 4385 997 4457 τὴν
1040 4384 1316 4439 θάλασσαν
1368 4387 1462 4440 καὶ
1498 4385 1599 4457 τὴν
1633 4386 1952 4457 ὑποχθόνιον

367 4480 544 4551 λῆξιν,
566 4479 661 4533 καὶ
681 4480 847 4549 αὐτῆς
875 4478 931 4531 δέ
948 4478 1046 4548 τῆς
1063 4478 1166 4548 γῆς
1191 4479 1292 4532 ὅσα
1314 4478 1548 4551 χρειώδη
1569 4478 1662 4533 καὶ
1682 4481 1953 4547 ἀναγκαῖα

368 4572 509 4645 πρὸς
528 4571 627 4642 τὴν
656 4570 1001 4641 ἀνθρωπίνην
1033 4571 1149 4624 ἐστὶ
1181 4568 1348 4641 ζωὴν,
1379 4571 1530 4624 οὐδὲν
1562 4573 1658 4625 ὅτι
1687 4573 1784 4643 τῆς
1801 4571 1952 4635 θείας

368 4662 683 4735 ἀπόκληρον
710 4660 848 4717 εἶναι
893 4664 1107 4732 φύσεως
1138 4662 1521 4734 ἐδογμάτισαν.
1568 4664 1705 4717 Ἀλλ’
1738 4654 1952 4737 ἐκάστῳ

2059 2184 2160 2239 fide
2183 2185 2407 2255 dignum
2439 2192 2629 2238 testem
2662 2183 3201 2253 producam,ncmpe
3230 2183 3294 2235 ad
3325 2182 3426 2236 hoc
3460 2198 3636 2252 usque

2056 2286 2269 2345 tempus
2299 2276 2441 2328 inter
2471 2274 2689 2329 Grmcos
2734 2275 3114 2344 praevalentem
3149 2289 3418 2329 errorem.
3473 2273 3633 2330 Post-

2054 2383 2216 2436 quam
2248 2368 2392 2422 enim
2423 2368 2674 2422 homines
2707 2366 2957 2436 imperita
3002 2375 3057 2420 et
3088 2366 3283 2435 pusilla
3306 2366 3635 2434 cogitatione

2055 2475 2119 2513 ac
2149 2459 2421 2515 sententia
2464 2459 2531 2513 ad
2573 2466 2841 2514 creatura
2891 2458 3335 2527 pulchritudines
3370 2457 3633 2511 mirabili-

2055 2560 2138 2605 ter
2158 2550 2339 2606 afiecti
2376 2558 2525 2613 sunt,
2558 2565 2667 2604 non
2699 2566 2890 2605 eorum
2943 2565 3065 2620 quae
3110 2550 3482 2604 cernebantur
3536 2551 3636 2603 ad-

2054 2642 2345 2696 miratione
2379 2656 2476 2694 ceu
2518 2640 2915 2695 manuductore
2948 2649 3002 2694 et
3043 2640 3250 2708 optimo
3281 2640 3421 2694 duce
3450 2639 3517 2693 ad
3540 2655 3635 2693 su-

2053 2734 2442 2803 pereminentis
2474 2733 2900 2804 pulchritudinis
2940 2733 3305 2802 cognitionem
3349 2740 3482 2786 sunt
3510 2734 3630 2797 usi,

2054 2827 2147 2881 sed
2173 2827 2242 2880 ad
2275 2842 2338 2881 ea
2370 2842 2543 2896 usque
2568 2841 2689 2896 quae
2725 2832 2907 2880 mente
2947 2824 3338 2894 comprehendi
3371 2834 3627 2894 possunt;

2056 2933 2210 2973 suam
2254 2918 2671 2989 intelligentiam
2702 2920 2997 2983 stiterunt;
3035 2925 3088 2971 et
3115 2923 3383 2971 creaturae
3416 2924 3631 2986 partem
3699 2922 3710 2932 '

2055 3025 2499 3080 unamquamque
2550 3010 2907 3080 peculiariter
2958 3009 3218 3062 admirati
3278 3017 3428 3064 sunt.
3486 3008 3634 3076 Qua-

2053 3112 2277 3172 propter
2307 3118 2413 3156 non
2455 3103 2510 3155 in
2552 3117 2664 3155 uno
2692 3102 2930 3171 quodam
2966 3101 3084 3155 solo
3111 3116 3300 3155 eorum
3334 3115 3457 3170 quae
3494 3115 3630 3155 ocu-

2054 3194 2122 3249 lis
2182 3202 2489 3248 cernuntur
2532 3194 2838 3248 divinitatis
2894 3194 3208 3262 opinionem
3245 3195 3631 3260 stabilierunt;

2053 3268 2159 3342 sed
2185 3287 2454 3357 quidquid
2502 3288 2845 3341 iu'creatura
2878 3287 3149 3365 cernitur,
3188 3302 3394 3340 numen
3439 3286 3633 3340 existi-

2054 3386 2363 3434 maverunt.
2395 3377 2459 3431 Et
2498 3379 2580 3433 sic
2624 3378 2898 3449 ZEgyptiis
2957 3378 3176 3449 quidem
3215 3378 3362 3431 circa
3404 3384 3634 3431 naturas

2052 3472 2454 3527 intellectuales
2514 3472 2749 3542 amplius
2785 3471 3156 3526 invalesccntc
3208 3485 3420 3535 errore,
3470 3470 3633 3524 innu-

2053 3564 2341 3619 merabiles
2395 3563 2705 3619 daemonum
2768 3561 2958 3617 forma:
3001 3563 3068 3617 ad
3108 3563 3336 3617 deorum
3405 3568 3635 3616 naturas

2054 3664 2434 3710 atmumeratae
2458 3664 2607 3712 sunt.
2638 3654 2794 3724 Apud
2819 3652 3147 3725 Babylonios
3172 3669 3303 3708 vero
3325 3654 3477 3709 orbis
3503 3652 3630 3707 caeli

2052 3747 2306 3803 inerrans
2358 3747 2500 3802 Deus
2552 3747 2903 3801 existimatus
2953 3755 3059 3808 est,
3113 3760 3274 3814 quem
3326 3745 3490 3798 etiam
3539 3744 3630 3799 Bel

2052 3837 2500 3892 nominaverunt.
2548 3834 2640 3891 Sic
2667 3836 2831 3889 etiam
2861 3836 3024 3889 orbes
3056 3834 3346 3889 inferiores
3392 3842 3627 3903 septem,

2054 3928 2367 3984 Grazcorum
2400 3929 2614 3985 vanitas
2654 3929 2816 3984 modo
2845 3927 3111 3997 peculiari
3150 3941 3275 3980 cum
3307 3926 3441 3981 deos
3472 3925 3633 3980 fecis-

2055 4030 2162 4088 set,
2204 4021 2296 4074 alii
2336 4022 2502 4074 alium
2547 4020 2848 4075 secundum
2892 4019 3101 4074 erroris
3134 4017 3425 4087 quamdam
3463 4018 3632 4071 ratio-

2056 4127 2177 4165 nem
2244 4112 2572 4181 peculiarem
2628 4109 2885 4179 subjecit.
2936 4107 3071 4161 Nam
3120 4123 3245 4161 cum
3287 4107 3387 4161 hos
3440 4121 3634 4161 omnes

2055 4204 2217 4257 orbes
2248 4203 2303 4256 in
2349 4203 2562 4273 seipsos
2589 4202 2732 4257 volvi
2783 4199 3327 4260 animadvertissent,
3375 4198 3630 4267 quando-

2055 4292 2274 4364 quidem
2306 4293 2453 4348 circa
2482 4308 2755 4349 summum
2782 4299 3126 4351 erraverunt,
3150 4303 3246 4358 per
3260 4301 3631 4356 consequens;

2058 4400 2234 4455 usque
2267 4385 2333 4439 ad
2365 4385 2617 4438 ultimum
2663 4393 2716 4438 et
2777 4384 3026 4437 citimum
3087 4379 3345 4435 eumdem
3386 4393 3631 4434 errorem

2054 4478 2469 4526 conservarunt.
2503 4468 2774 4525 Praeterea
2798 4469 2979 4538 ipsum
3010 4468 3288 4531 aetherem,
3316 4475 3478 4536 atque
3502 4467 3634 4523 sub-

2055 4560 2238 4616 fusum
2267 4575 2470 4626 aerem,
2501 4570 2817 4629 terramque
2846 4568 2900 4614 et
2926 4575 3075 4614 mare
3110 4567 3163 4613 et
3207 4558 3628 4614 subterraneam

2057 4661 2262 4708 sortem
2295 4653 2410 4707 sive
2465 4653 2887 4716 extremitatem,
2940 4657 2995 4705 et
3045 4650 3213 4721 hujus
3264 4651 3439 4719 ipsius
3472 4659 3635 4705 terra:

368 4754 576 4808 τούτων
618 4754 898 4823 ὑπέκυψαν
922 4795 935 4817 ,
971 4755 1037 4807 δι’
1084 4754 1201 4817 ἐυὸς
1239 4771 1383 4816 τινος
1421 4753 1528 4807 τῶν
1571 4755 1627 4806 ἐν
1659 4758 1726 4826 τῇ
1773 4755 1949 4808 κτίσει

2057 4755 2395 4815 qutecunquc
2423 4743 2489 4798 ad
2518 4744 2685 4797 vitam
2705 4744 2999 4797 humanam
3030 4745 3290 4798 tuendam
3325 4751 3379 4799 et
3407 4753 3635 4801 susten-

370 4846 823 4916 προφαινομένων
865 4848 1029 4898 πᾶσιν
1079 4845 1302 4908 ἑαυτοὺς
1328 4848 1440 4908 τοῖς
1472 4844 1671 4917 ἐφεξῆς
1697 4847 1797 4917 τῆς
1835 4846 1951 4900 κτί-

372 4955 512 5001 σεως
560 4938 766 5009 μορίοις
815 4937 1334 5001 καταδουλώσαντες.
1381 4938 1469 5001 Ὠς
1519 4937 1633 5007 εἴγε
1676 4940 1950 5004 κάκείνοις

372 5030 629 5099 ἀθέμιτον
663 5030 722 5094 ἐξ
755 5033 926 5103 ἀρχῆς
956 5032 1230 5101 κατεφάνη
1257 5030 1316 5083 τὸ
1346 5030 1479 5099 πρὸς
1495 5030 1590 5101 τὴν
1623 5031 1800 5084 κτίσιν
1830 5032 1952 5102 βλέ-

373 5136 498 5171 πειν
517 5161 532 5185 ,
572 5121 669 5173 οὐκ
698 5121 764 5175 ἂν
794 5124 874 5184 εἰς
920 5120 1019 5191 τὴν
1051 5120 1337 5173 πολυθεῖαν
1374 5121 1578 5191 ταύτην
1607 5121 1822 5193 ἀπάτην
1847 5123 1951 5176 ἀπ-

372 5209 779 5281 επλανήθησαν.
822 5212 909 5274 Ὠς
955 5210 1020 5264 ἂν
1061 5206 1153 5263 οὖν
1206 5210 1279 5281 μὴ
1321 5210 1493 5263 ταὺτά
1544 5208 1807 5286 πάθοιμεν
1856 5212 1951 5264 καὶ

372 5290 539 5372 ἡμεῖς
570 5303 619 5354 οἱ
662 5303 796 5374 πρὸς
841 5303 938 5373 τὴν
970 5301 1227 5375 ἀληθινήν
1262 5302 1491 5373 θεότητα
1535 5289 1750 5373 βλέπειν
1802 5302 1952 5373 παρά

374 5396 478 5463 τῆς
528 5395 750 5466 Γραφῆς
786 5395 1175 5465 διδασκόμενοι,
1209 5397 1319 5449 πᾶν
1352 5396 1411 5448 τὸ
1462 5395 1675 5448 κτιστὸν
1715 5393 1820 5460 ἔξω
1854 5396 1953 5467 τῆς

376 5480 530 5551 θείας
551 5488 765 5558 φύσεως
794 5489 931 5540 νοεῖν
962 5487 1378 5559 ἐπαιδεύθημεν,
1400 5488 1564 5558 μόνην
1597 5487 1653 5540 δὲ
1677 5487 1776 5558 τὴν
1806 5488 1956 5543 ἄκτι-

378 5595 506 5632 στον
553 5575 713 5646 φύσιν
742 5576 1027 5647 λατρεύειν
1063 5594 1122 5629 τε
1166 5578 1262 5631 καὶ
1314 5577 1655 5642 σεϐάζεσθαι,
1690 5573 1757 5649 ἦς
1793 5594 1959 5649 χαρα-

377 5669 521 5740 κτήρ
560 5670 675 5720 ἐστι
704 5668 798 5720 καὶ
824 5665 1113 5737 γνώρισμα
1136 5668 1194 5720 τὸ
1241 5670 1375 5739 μήτε
1402 5669 1662 5740 ἄρχεσθαι
1688 5668 1782 5722 τοῦ
1819 5664 1956 5722 εἷναί

379 5758 513 5810 ποτε
541 5797 555 5822 ,
599 5758 735 5828 μήτε
783 5755 1053 5810 παύεσθαι
1103 5752 1260 5811 εἶναι.
1320 5758 1502 5823 Οὕτως
1566 5759 1657 5813 τοῦ
1718 5759 1954 5830 μεγάλου

702 5853 974 5914 Ρηειοι.
1016 5850 1132 5914 Gn.
1180 5836 1341 5914 XLV
1356 5898 1370 5917 .

2056 4836 2276 4891 tandem
2318 4843 2446 4889 sunt
2484 4835 2641 4890 utilia
2680 4842 2735 4889 et
2786 4836 3122 4900 necessaria,
3181 4836 3317 4889 nihil
3349 4843 3435 4891 εει
3487 4835 3636 4905 quod

2057 4931 2256 4987 divina:
2286 4941 2496 4985 naturae
2524 4946 2714 4985 exsors
2755 4944 2877 4984 esse
2909 4928 3228 4995 docuerint;
3303 4927 3398 4983 sed
3439 4942 3637 4981 numn-

2056 5023 2313 5094 quodque
2363 5023 2556 5076 horum
2596 5030 2653 5075 ut
2702 5021 2872 5075 Deum
2911 5021 3156 5075 venerati
3194 5027 3362 5087 sunt;
3408 5026 3631 5088 propter

2056 5132 2227 5170 unum
2260 5116 2453 5169 horum
2502 5115 2718 5185 aliquod
2753 5130 2873 5185 quae
2908 5116 2964 5169 in
3006 5122 3255 5170 creatura
3286 5110 3632 5182 praefulgent.

2059 5211 2269 5279 seipsos
2314 5207 2570 5262 omnibus
2606 5207 3074 5277 subsequentibus
3108 5205 3305 5260 ordine
3366 5206 3635 5253 creatura.-

2061 5301 2307 5369 partibus
2337 5299 2394 5353 in
2426 5300 2745 5354 servitutem
2778 5299 3115 5354 addicentes.
3153 5290 3310 5375 Quod
3347 5291 3393 5343 si
3423 5305 3452 5341 a
3489 5288 3633 5357 prin-

2059 5392 2203 5462 εἰρῐο
2234 5390 2388 5447 nefas
2421 5392 2599 5447 visura
2635 5391 2832 5447 fuisset
2861 5392 2913 5444 in
2947 5395 3259 5443 creaturam
3291 5382 3481 5437 oculos
3500 5396 3633 5435 con-

2059 5492 2291 5548 vertere,
2332 5498 2441 5537 non
2480 5484 2534 5536 in
2569 5483 2708 5536 hanc
2731 5477 3102 5534 multitudinis
3136 5474 3361 5526 deorum
3385 5471 3631 5535 fraudem

2064 5587 2118 5634 et
2152 5579 2511 5647 imposturam
2554 5574 2840 5631 erroribus
2900 5566 3116 5635 decepti
3164 5565 3512 5621 incidissent.
3556 5564 3632 5619 Ne

2062 5669 2225 5740 igitur
2253 5669 2415 5723 etiam
2454 5667 2613 5722 nobis
2649 5663 2839 5719 eadem
2886 5659 3338 5729 eontingaut,qui
3370 5660 3424 5714 in
3445 5659 3631 5714 verant

2065 5761 2317 5818 deitatem
2341 5759 2540 5815 intueri
2591 5774 2622 5813 a
2654 5772 2811 5814 sacra
2842 5754 3125 5825 Scriptura
3159 5755 3453 5821 docemur;
3483 5740 3636 5822 quid“

3289 5848 3369 5901 ἐξ]
