4010 6156
375 316 484 374 633

1596 306 1654 364 S.
1696 310 2024 369 GREGORII
2058 311 2357 369 NYSSENI

3539 316 3645 373 68!:

371 429 509 504 quid
539 433 785 486 creatum
818 429 924 491 est,
957 421 1013 477 id
1038 427 1194 477 extra
1251 421 1490 478 divinam
1556 434 1808 483 naturam
1866 429 1952 483 in-

2074 430 2291 485 Ἦσαῒου
2312 429 2399 484 διὰ
2431 431 2527 502 τῆς
2549 429 2760 501 ὑψηλῆς
2801 427 2966 483 αὐτοῦ
3015 429 3198 499 φωνῆς
3227 429 3352 500 περί⁴
3377 429 3486 486 τῶν
3525 429 3647 502 δογ-

375 525 619 596 telligere
660 516 860 574 eruditi
893 530 1115 582 sumus;
1161 515 1258 570 sed
1299 517 1471 571 solam
1523 518 1822 575 increatam
1858 537 1955 576 na-

374 625 559 670 turam
585 611 766 666 colere
791 618 845 663 et
866 608 1098 662 adorare
1121 649 1136 673 ,
1173 608 1334 678 cujus
1383 609 1674 667 character
1719 622 1773 668 ct
1803 624 1951 679 nota,

374 714 429 764 ct
470 705 690 776 signum
743 709 846 765 est,
883 715 1060 770 neque
1106 700 1346 770 coepisse
1379 717 1524 765 esse,
1587 719 1767 774 neque
1805 706 1952 761 desi-

375 814 527 854 nere.
561 797 699 852 Cum
726 809 955 864 magnus
986 792 1156 848 lsaias
1185 794 1402 850 excelsa
1452 810 1586 852 voce
1619 797 1688 852 de
1736 799 1821 853 his
1856 798 1954 852 de-

374 893 547 948 cretis
572 891 652 946 sic
691 889 999 958 theologice
1028 888 1359 942 vaticinatus
1407 887 1592 956 fuerit,
1631 893 1724 961 qui
1761 908 1824 946 ex
1863 891 1956 946 Dei

373 998 610 1056 persona
647 981 866 1052 inquit:
905 979 1014 1050 Ego
1057 981 1282 1048 primus,
1315 990 1364 1035 et
1389 997 1481 1051 ego
1522 983 1860 1046 novissimus,
1909 995 1958 1036 et

375 1089 498 1133 ante
537 1095 616 1132 me
649 1077 785 1130 Deus
817 1092 919 1129 non
942 1083 1026 1128 est
1054 1073 1252 1142 factus,
1309 1083 1358 1126 et
1387 1085 1504 1141 post
1555 1091 1634 1128 me
1677 1074 1813 1128 Dens
1851 1091 1954 1128 non

373 1172 538 1225 erit'.
580 1169 848 1224 Omnibus
873 1167 1020 1220 enim
1052 1166 1302 1221 exactius
1341 1175 1394 1220 et
1429 1166 1728 1236 perfectius
1789 1182 1958 1220 evan-

375 1264 570 1334 gelica:
601 1262 824 1331 pietatis
855 1260 1038 1314 sciens
1070 1260 1392 1330 mysterium
1420 1258 1675 1330 magnus
1713 1261 1802 1315 hic
1832 1275 1960 1330 pro-

375 1357 568 1426 pheta,
604 1354 696 1422 qui
752 1353 916 1407 etiam
972 1351 1106 1406 illud
1142 1351 1465 1406 admirabile
1518 1360 1571 1407 et
1618 1352 1958 1422 inopinatum

374 1449 594 1517 signum
628 1443 872 1515 Virginis
903 1443 1252 1514 signiﬁcavit,
1289 1451 1342 1498 et
1371 1442 1493 1497 Filii
1551 1445 1958 1514 generationem

376 1536 798 1606 cvangelizavit,
839 1543 1006 1604 atque
1048 1548 1248 1587 nomen
1308 1534 1442 1588 illud
1496 1533 1623 1588 Filii
1671 1535 1963 1588 manifeste

377 1628 746 1699 protulit;hic
789 1626 978 1697 igitur,
1016 1626 1108 1694 qui
1147 1639 1365 1679 omnem
1416 1641 1513 1694 per
1555 1626 1821 1696 Spiritum
1857 1627 1963 1680 cir-

379 1723 703 1791 cumplexus
745 1727 830 1774 est
869 1718 1176 1783 veritatem,
1238 1726 1299 1772 ut
1329 1716 1588 1771 omnibus
1624 1717 1825 1772 divinae
1867 1734 1963 1772 na-

378 1825 517 1868 tura:
555 1813 841 1866 character
871 1818 1019 1866 esset
1048 1810 1391 1873 notissimus,
1455 1825 1566 1879 quo
1594 1824 1720 1865 vere
1756 1826 1858 1865 ens
1894 1810 1962 1865 ab

378 1921 446 1961 eo
468 1905 613 1975 quod
661 1911 843 1959 actum
895 1903 1107 1958 exstitit
1131 1901 1551 1968 discernimus;
1607 1901 1711 1956 hoc
1743 1902 1839 1967 ait,
1895 1917 1962 1957 ex

378 2009 615 2066 persona
648 1993 740 2048 Dei
782 2013 795 2047 ε
823 1993 933 2062 Ego
961 2011 1078 2048 sum
1103 1994 1328 2062 primus,
1381 2005 1428 2047 et
1459 2010 1550 2064 ego
1592 2003 1710 2063 post
1750 1995 1881 2061 Ita'c,
1914 2003 1963 2047 et

381 2096 505 2143 ante
538 2101 618 2138 me
651 2084 790 2138 Deus
825 2102 927 2139 non
959 2085 1081 2154 fuit,
1103 2096 1151 2139 et
1179 2095 1298 2155 post
1327 2102 1408 2139 me
1436 2102 1539 2140 non
1560 2094 1658 2140 est.
1691 2086 1962 2152 Quoniam

379 2176 572 2248 igitur,
603 2190 779 2245 neque
812 2183 939 2230 ante
974 2174 1166 2239 Deum,
1197 2176 1379 2242 Deus;
1416 2191 1592 2244 neque
1618 2188 1739 2246 post
1765 2177 1960 2240 Deum,

380 2271 528 2325 Deus
555 2287 570 2336 ;
605 2267 752 2338 quod
778 2268 923 2322 enim
955 2278 1077 2338 post
1112 2267 1299 2332 Deum,
1351 2276 1606 2322 creatura
1635 2277 1722 2323 est
1751 2288 1767 2334 ;
1813 2267 1964 2337 quod

384 2370 565 2415 autem
593 2361 734 2414 ultra
774 2358 965 2422 Deum,
1001 2359 1138 2414 nihil
1165 2376 1180 2424 ;
1206 2359 1343 2414 nihil
1368 2375 1516 2424 vero,
1559 2359 1705 2415 Deus
1733 2368 1964 2427 nonest;

384 2449 495 2506 imo
527 2467 656 2506 vero
683 2451 828 2521 quod
860 2465 1022 2520 supra
1052 2449 1246 2515 Deum,
1291 2450 1408 2521 ipse
1440 2459 1525 2507 est
1559 2451 1654 2506 ille
1685 2451 1738 2505 in
1765 2460 1965 2505 aeterna

384 2543 742 2606 beatitudine,
793 2543 939 2596 nulla
982 2558 1039 2598 re
1073 2544 1510 2598 determinatus:
1565 2543 1826 2613 quoniam
1862 2542 1966 2614 igi-

386 2636 616 2690 turhazc
645 2649 748 2689 vox
781 2635 1087 2701 spiri-tualis
1133 2650 1230 2689 ore
1273 2635 1595 2705 prophetico
1655 2644 1740 2690 est
1795 2651 1971 2690 enun-

385 2722 540 2783 tiata,
574 2735 640 2775 ex
677 2721 781 2772 hac
811 2721 1088 2775 decretum
1141 2721 1243 2775 hoc
1286 2723 1402 2777 sive
1449 2723 1644 2793 dogma
1671 2723 1966 2778 discimuS'

387 2811 535 2880 quod
576 2825 682 2863 una
711 2811 961 2879 qutedam
996 2823 1078 2867 est
1115 2811 1300 2866 divina
1337 2822 1535 2868 natura
1580 2814 1848 2868 continua
1882 2829 1972 2870 se-

388 2917 514 2955 cum
549 2909 602 2956 ct
627 2901 1091 2971 indivulsa,prius
1137 2913 1188 2958 et
1219 2905 1500 2974 posterius
1532 2905 1586 2959 in
1642 2906 1824 2976 seipsa
1860 2920 1970 2960 non

389 2993 705 3059 admittens,
746 2995 962 3048 tametsi
1012 2995 1067 3049 in
1101 2994 1370 3051 Trinitate
1404 2997 1773 3067 pmdicatur;
1833 2997 1970 3052 nihil

386 3101 581 3141 eorum
617 3101 739 3155 quae
767 3087 822 3140 in
853 3087 969 3157 ipsa
1003 3087 1435 3143 considerantur
1460 3089 1769 3161 antiquius,
1791 3103 1970 3159 neque

390 3179 667 3248 posterius
693 3178 922 3234 habens.
943 3177 1212 3245 Quoniam
1247 3181 1414 3251 igitur
1440 3181 1534 3237 Dei
1566 3181 1680 3236 haec
1702 3183 1970 3236 vox:sive

390 3270 535 3323 enim
579 3269 762 3324 Patris
791 3271 887 3327 des
921 3271 1066 3327 [tunc
1109 3287 1421 3328 sermonem
1466 3289 1626 3339 esse,
1675 3275 1791 3328 sive
1827 3272 1974 3337 Filii,

390 3377 456 3415 ex
485 3377 643 3432 sequo
685 3378 783 3432 per
807 3371 1101 3433 utrumque
1128 3364 1348 3434 pietatis
1376 3363 1574 3434 dogma
1599 3366 1978 3433 conﬁrmatur;

391 3453 510 3507 sive
540 3454 688 3508 enim
728 3453 892 3509 Pater
933 3456 1049 3509 haec
1080 3455 1246 3520 dicat,
1289 3455 1615 3509 testiﬁcatur
1645 3455 1802 3522 Filio,
1834 3456 1982 3526 quod

393 3562 504 3600 non
537 3556 621 3601 est
651 3556 778 3614 post
807 3549 1012 3616 ipsum.
1043 3546 1100 3600 Si
1129 3549 1274 3600 enim
1303 3545 1449 3602 Deus
1478 3556 1560 3603 est
1592 3546 1784 3611 Filius,
1823 3549 1970 3618 quod

394 3645 577 3690 autem
609 3645 695 3690 est
725 3644 849 3706 post
872 3636 1113 3701 Patrem,
1148 3637 1290 3692 Deus
1326 3653 1433 3693 non
1459 3647 1582 3694 est:
1620 3640 1973 3709 perspicuum

394 3729 542 3798 quod
567 3729 620 3782 in
639 3728 796 3783 Patre
824 3736 879 3783 et
906 3745 1012 3784 non
1036 3738 1161 3799 post
1185 3729 1400 3786 Patrem
1425 3729 1624 3786 Filium
1642 3748 1767 3787 esse
1791 3747 1976 3788 sermo

395 3829 651 3875 testatur.
688 3819 815 3875 Sive
865 3819 989 3875 Filii
1021 3821 1112 3877 det
1151 3824 1353 3894 aliquis
1395 3825 1538 3879 hanc
1583 3840 1774 3880 vocem
1828 3841 1975 3888 esse,

2064 525 2248 595 μάτων
2274 523 2479 576 τούτων
2511 522 2954 594 θεολογήσαντος,
2986 521 3044 584 ὃς
3079 524 3142 574 ἐκ
3181 521 3275 575 τοῦ
3306 521 3450 575 Θείου
3481 540 3624 593 προσ

2057 617 2207 670 ὡπου
2233 616 2398 688 φησίν
2430 631 2445 644 °
2497 613 2647 686 Ἐγὼ
2679 613 2932 684 πρῶτος,
2981 614 3079 668 καί
3113 613 3227 684 ἐγὼ
3247 615 3396 682 μετὰ
3434 615 3642 675 mira,

2061 709 2157 762 καὶ
2183 708 2526 779 ἔμπροσθέν
2545 725 2666 776 μου
2698 707 2841 773 Θεὸς
2861 708 2972 760 οὐκ
2995 705 3251 776 ἐγένετο,
3285 708 3379 759 καὶ
3400 707 3526 775 μετ’
3544 705 3648 775 ἐμὲ

2063 799 2207 865 Θεὸς
2240 801 2350 854 οὐκ
2377 799 2568 853 ἔσται.
2601 798 2824 851 Πάντων
2852 796 2962 868 γὰρ
2995 796 3194 868 μᾶλλον
3216 795 3458 867 ἀκριϐῶς
3490 795 3644 858 εἰδὼς

2061 894 2121 946 τὸ
2160 893 2259 962 τῆς
2292 892 2653 962 εὐαγγελικῆς
2679 890 2959 952 εὐσεϐείας
2987 889 3279 960 μυστήριον
3308 889 3335 940 6
3367 888 3539 958 μέγας
3560 884 3647 942 ὦ-

2059 1004 2152 1050 τος
2184 988 2492 1057 προφήτης,
2521 989 2549 1039 6
2597 983 2692 1037 καὶ
2730 983 2790 1035 τὸ
2822 982 3122 1053 παράδοξον
3163 983 3338 1034 ἐκεῖνο
3363 983 3462 1050 τῆς
3487 982 3642 1053 Παρ-

2063 1077 2215 1130 θένου
2249 1075 2516 1146 μηνύσας,
2557 1075 2648 1128 καὶ
2691 1072 2782 1126 τοῦ
2813 1072 3036 1125 Παιδίου
3066 1071 3163 1140 τὴν
3193 1070 3447 1140 γέννησιν
3486 1070 3646 1138 εὐαγ-

2061 1167 2446 1237 γελισάμενος,
2486 1166 2579 1220 καὶ
2631 1163 2691 1217 τὸ
2740 1163 2834 1216 τοῦ
2869 1151 2998 1216 Υίοῦ
3032 1163 3202 1232 ὄνομα
3235 1164 3412 1214 έκεῖνο
3462 1162 3646 1231 σαφῶς

2063 1259 2452 1330 παραστήσας·
2497 1252 2649 1319 οὗτος
2691 1255 2867 1308 τοίνυν
2901 1256 2928 1307 6
2969 1255 3150 1307 πᾶσαν
3204 1253 3646 1324 ἐμπεριειληφὼς

2062 1351 2149 1404 διὰ
2196 1350 2289 1403 τοῦ
2332 1348 2647 1420 ΙΙνεύματος
2695 1348 2753 1399 ὲν
2789 1345 2965 1415 ἑαυτῷ
3003 1345 3102 1415 τὴν
3146 1344 3433 1416 ἀλήθειαν,
3462 1344 3538 1408 ὡς
3583 1344 3647 1398 ἂν

2068 1444 2301 1514 μάλιστα
2349 1443 2484 1495 πᾶσι
2519 1441 2726 1508 γένοιτο
2759 1437 2918 1508 δῆλος
2952 1439 2979 1491 6
3008 1438 3105 1507 τῆς
3130 1436 3278 1498 θείας
3312 1436 3524 1505 φύσεως
3550 1453 3646 1506 χα-

2068 1538 2296 1608 ρακτὴρ,
2325 1536 2390 1589 δι’
2419 1530 2478 1590 οὗ
2516 1534 2576 1588 τὸ
2604 1535 2768 1597 ὅντως
2803 1531 2861 1585 ὃν
2890 1532 3242 1602 διακρίνομεν
3273 1532 3380 1584 ἀπὸ
3421 1530 3514 1584 τοῦ
3561 1548 3649 1599 γε·

2067 1627 2327 1699 νομένου’
2358 1626 2515 1679 τοῦτό
2565 1642 2728 1697 φησιν
2767 1628 2831 1678 ὲκ
2874 1622 3166 1696 προσώπου
3216 1623 3308 1676 τοῦ
3361 1623 3496 1676 Θεοῦ
3521 1665 3535 1687 ,
3568 1623 3647 1676 ὅτι

2081 1719 2226 1789 Ἐγώ
2249 1723 2363 1789 ειμι
2383 1719 2611 1786 πρῶτος
2632 1718 2729 1771 καὶ
2761 1715 2876 1786 ἐγὼ
2899 1716 3050 1785 μετὰ
3074 1715 3276 1778 ταῦτα,
3306 1715 3406 1768 καὶ
3433 1716 3650 1783 ἐμπρο-

1998 1783 2036 1837 Β
2065 1783 2212 1865 σθεν
2247 1783 2392 1879 ἐμοῦ
2417 1783 2558 1874 Θεὸς
2583 1810 2654 1862 οὐ
2687 1783 2914 1876 γέγονε,
2939 1805 3035 1861 καὶ
3047 1807 3172 1875 μετ’
3192 1805 3298 1874 ἐμὲ
3320 1807 3430 1859 οὐκ
3459 1805 3648 1859 ἔστιν.

2081 1904 2231 1958 Ἐπεὶ
2263 1899 2356 1958 οὖν
2385 1903 2506 1956 οὔτε
2549 1902 2606 1956 τὸ
2628 1901 2732 1972 πρὸ
2775 1900 2868 1953 τοῦ
2899 1899 3056 1964 Θεοῦ,
3091 1899 3221 1963 Θεός
3241 1897 3393 1952 ὀὕτε
3419 1897 3481 1950 τὸ
3518 1897 3653 1970 μετὰ

2064 1995 2156 2048 τδν
2195 1992 2347 2060 Θεδν,
2385 1992 2515 2055 Θεός
2536 2008 2549 2022 ·
2588 1993 2648 2044 τὸ
2677 1992 2776 2062 μὲν
2814 1991 2923 2063 γὰρ
2953 1989 3092 2060 μετὰ
3129 1989 3220 2042 τὸν
3257 1989 3409 2056 Θεὸν,
3441 1989 3648 2052 κτίσις·

2067 2086 2127 2139 τὸ
2163 2085 2219 2139 δὲ
2249 2066 2504 2138 ἐπέκεινα
2537 2081 2631 2138 τοῦ
2673 2082 2833 2147 Θεοῦ,
2871 2081 3020 2134 οὐδέν
3053 2097 3068 2112 ο
3108 2080 3169 2133 τὸ
3209 2079 3267 2133 δὲ
3312 2078 3494 2141 οὐδὲν,
3524 2077 3653 2140 Θεὸς

2067 2179 2166 2233 ούκ
2214 2178 2391 2231 ἔστιν·
2425 2175 2623 2249 μᾶλλον
2663 2176 2720 2230 δὲ
2764 2175 2824 2228 τὸ
2869 2174 3126 2227 ἐπέκεινα
3171 2171 3266 2226 τοῦ
3318 2170 3454 2224 Θεοῦ
3490 2170 3652 2233 αὐτὸς

2069 2273 2274 2333 ἐκεῖνος
2320 2271 2376 2323 ἐν
2416 2272 2482 2339 τῇ
2520 2268 2674 2339 ἀϊδίῳ
2719 2267 3079 2338 μακαριότητι
3121 2265 3256 2337 πρὸς
3297 2264 3452 2316 οὐδὲν
3484 2261 3656 2335 ὁριζό-

2073 2377 2231 2431 μενος
2263 2376 2277 2392 ⁸
2318 2359 2438 2413 ἐπεὶ
2477 2353 2570 2412 οὖν
2606 2361 2640 2429 ἡ
2685 2358 2835 2430 φωνὴ
2870 2357 3006 2429 αῦτη
3045 2359 3078 2429 ἡ
3115 2356 3459 2428 πνευματικὴ
3486 2359 3542 2410 ὲν
3583 2355 3656 2424 τῷ

2070 2451 2394 2525 προφητικῷ
2461 2451 2688 2522 στόματι
2742 2449 3036 2520 λαληΟεῖσα
3068 2491 3082 2512 ,
3116 2449 3294 2520 δόγμα
3337 2448 3426 2501 διὰ
3468 2447 3656 2500 τούτου

2074 2544 2444 2616 μανθάνομεν⁸
2479 2544 2559 2596 ὅτι
2610 2542 2708 2614 μία
2753 2542 2838 2605 τίς
2878 2543 3023 2596 ἐστιν
3069 2543 3101 2612 ή
3145 2540 3264 2594 θεία
3304 2541 3496 2608 φύσις,
3540 2554 3659 2590 συν-

2071 2636 2201 2708 εχὴς
2234 2636 2370 2707 πρὸς
2399 2634 2598 2706 ἑαυτὴν
2640 2635 2732 2687 καὶ
2779 2634 3163 2700 ἀδιάσπαστος,
3193 2632 3254 2686 τὺ
3275 2631 3542 2704 πρότερον
3568 2629 3658 2682 καὶ

2072 2728 2298 2798 ὕστερον
2345 2728 2428 2795 ἐφ’
2475 2727 2674 2796 ἑαυτῆς
2713 2726 2776 2778 οὒ
2821 2725 3190 2796 προσιεμένη,
3225 2723 3331 2777 κᾶν
3373 2725 3431 2774 ὲν
3472 2721 3663 2792 Τριὰδι

2072 2821 2445 2892 κηρύσσηται·
2471 2817 2595 2871 οὔτε
2627 2817 3002 2890 πρεσϐύτερόν
3033 2834 3087 2869 τι
3118 2815 3230 2870 τῶν
3259 2817 3317 2868 ἐν
3357 2815 3499 2884 αὐτῇ
3536 2813 3666 2865 Θεω-

2077 2912 2373 2983 ρουμένων,
2414 2911 2538 2965 οὗτε
2597 2910 3057 2982 μεταγενέστερον
3106 2908 3324 2979 ἔχουσα.
3367 2907 3526 2959 Ἐπεὶ
3575 2902 3664 2958 οὖν

2074 3005 2209 3058 Θεοῦ
2235 3007 2268 3076 ἡ
2299 3005 2450 3076 φωνή
2473 3021 2486 3034 ’
2506 3005 2600 3058 ὲάν
2629 3021 2688 3056 τε
2722 3002 2817 3056 τοῦ
2843 3001 3055 3074 Πατρὸς
3082 3001 3188 3072 δῷς
3208 2997 3345 3054 εἶναι
3366 3000 3456 3052 τὸν
3485 2999 3665 3068 λόγον,

2076 3097 2170 3151 ἐάν
2197 3113 2256 3150 τε
2307 3096 2401 3149 τοῦ
2431 3094 2586 3158 Υίοῦ,
2618 3095 2812 3165 ἐπίσης
2840 3094 2905 3146 δι’
2938 3093 3198 3163 ἐκατέρου
3247 3091 3310 3144 τὸ
3362 3091 3539 3162 δόγμα
3571 3090 3667 3160 τῆς

2074 3186 2356 3249 εὐσεϐείας
2385 3185 2731 3254 κρατύνεται.
2776 3185 2902 3236 Ἐὰν
2936 3183 3035 3254 μὲν
3075 3182 3184 3252 γὰρ
3207 3182 3235 3233 6
3275 3181 3468 3252 Πατὴρ
3492 3178 3668 3234 ταῦτα

2076 3277 2231 3348 λέγῃ,
2262 3278 2527 3348 μαρτυρεῖ
2559 3276 2635 3347 τῷ
2667 3276 2781 3347 Υἱῷ
2811 3275 2872 3329 τὸ
2914 3275 2988 3347 μὴ
3041 3275 3157 3346 μετ’
3201 3273 3363 3328 αὐτὸν
3399 3269 3564 3326 εἶναι.
3607 3272 3670 3325 ΕΞ

2080 3369 2188 3440 γὰρ
2213 3369 2344 3431 Θεὸς
2378 3369 2474 3438 μὲν
2503 3370 2531 3421 ὀ
2566 3368 2713 3433 Υἱὸς,
2754 3369 2862 3422 πᾶν
2899 3369 2957 3421 δὲ
2991 3367 3130 3438 μετὰ
3155 3367 3246 3420 τὸν
3274 3366 3496 3436 Πατέρα
3539 3364 3668 3427 Θεὸς

2081 3463 2180 3515 οὐκ
2213 3461 2347 3524 ἐστι,
2379 3460 2537 3530 δῆλον
2565 3461 2648 3513 ὅτι
2680 3459 2740 3513 τὸ
2763 3461 2821 3513 ὲν
2844 3458 2922 3530 τῷ
2944 3460 3140 3531 Πατρὶ,
3179 3459 3273 3514 καὶ
3306 3459 3382 3530 μὴ
3414 3457 3553 3528 μετὰ
3581 3457 3670 3509 τὸν

2087 3553 2308 3624 Πατέρα
2334 3551 2423 3605 τὸν
2455 3551 2580 3606 Υἱὸν
2611 3547 2750 3605 εἶναι
2783 3553 2810 3605 6
2847 3550 3005 3618 λόγος
3035 3549 3394 3622 μαρτύρεται.
3425 3548 3549 3602 Εἴτε
3578 3547 3668 3600 τοῦ

2088 3641 2219 3696 Υίοῦ
2248 3642 2362 3714 δοίη
2385 3659 2470 3706 τις
2488 3637 2625 3695 εἶναι
2648 3643 2746 3713 τὴν
2763 3643 2945 3712 φωνὴν
2965 3641 3186 3712 ταύτην,
3218 3640 3298 3705 τὸ,
3322 3641 3404 3694 Οὐ
3427 3638 3672 3710 γέγονεν

2085 3734 2426 3804 ἔμπροσθέν
2441 3752 2560 3803 μου
2581 3749 2594 3764 ·
2624 3732 2939 3787 διδασκαλία
2975 3726 3150 3803 σαφὴς
3173 3731 3326 3785 ἔσται
3352 3734 3418 3802 τῇ
3445 3731 3546 3801 τῆς
3575 3731 3672 3802 ἁρ-

2087 3825 2189 3895 χῆς
2240 3823 2500 3894 ἁῖδιότητι
2551 3820 3173 3891 συγκαταλαμϐάνεσθαι
3223 3821 3320 3873 καὶ
3366 3819 3457 3872 τὸν
3505 3823 3566 3873 ὲν
3609 3822 3672 3888 τῇ

394 3909 542 3978 quod
579 3911 700 3966 Non
735 3911 939 3964 exstitit
984 3923 1104 3967 ante
1134 3931 1231 3978 nte,
1269 3915 1518 3968 doctrina
1551 3914 1840 3970 manifesm
1878 3917 1969 3971 erit

2080 3918 2223 3988 ἀρχῇ
2254 3915 2645 3988 Θεωρούμενον.
2688 3916 2755 3968 Et
2788 3931 2873 3977 τις
2907 3911 3000 3968 οὖν
3051 3914 3188 3984 μετὰ
3235 3913 3326 3967 τὸν
3361 3913 3495 3966 Θεόν
3536 3914 3669 3973 ἐστι,

396 4001 564 4056 simul
605 4018 729 4056 cum
763 4003 1023 4074 principii
1052 4006 1361 4060 aeternitate
1403 4007 1798 4074 comprehendi
1851 4023 1976 4063 eum

395 4095 487 4163 qui
525 4096 578 4148 in
616 4097 891 4167 principio
945 4098 1356 4153 consideratur.
1406 4097 1462 4152 Si
1499 4100 1625 4169 quis
1654 4101 1822 4171 igitur
1852 4109 1976 4171 post

2080 4008 2258 4071 κτίσις
2279 4007 2438 4062 τοῦτο
2467 4007 2562 4061 καὶ
2583 4007 2644 4060 ού
2671 4006 2804 4070 Θεὸς
2831 4005 2918 4060 διὰ
2947 4006 3058 4059 τῶν
3092 4005 3399 4079 εἰρημένων
3424 4005 3674 4077 εὑρίσκε-

2077 4118 2186 4153 ται.
2208 4100 2281 4153 Τὸ
2319 4099 2429 4171 γὰρ
2454 4099 2569 4170 μετ’
2604 4099 2703 4169 ἐμὲ
2727 4097 2808 4162 ὃν,
2834 4097 2992 4168 φησὶ,
3017 4097 3150 4160 Θεὸς
3180 4097 3282 4150 οὐκ
3311 4096 3448 4150 ἔστι.

396 4186 566 4241 Deum
595 4194 699 4251 est,
738 4194 989 4242 creatura
1023 4198 1192 4253 certe,
1223 4197 1278 4244 et
1328 4205 1439 4244 non
1485 4191 1628 4245 Deus
1679 4205 1776 4261 per
1815 4206 1878 4247 ea
1917 4205 2037 4262 quae
2075 4190 2217 4247 dicta
2257 4198 2387 4246 sunt
2427 4188 2722 4246 invenitur.
2761 4187 2920 4256 Quod.
2981 4188 3266 4260 enim,ait,
3293 4197 3420 4261 post
3453 4203 3542 4244 me
3579 4201 3678 4248 εει,

397 4279 541 4336 Deus
577 4295 684 4334 non
715 4287 820 4334 est.

469 4415 584 4469 llac
623 4413 788 4484 igitur
827 4414 978 4485 prius
1019 4431 1050 4469 a
1091 4415 1249 4470 nobis
1273 4413 1339 4468 de
1374 4413 1460 4468 his
1494 4429 1614 4484 quae
1635 4423 1969 4485 sunt,expo-

2155 4411 2372 4482 Ταύτης
2397 4410 2576 4464 τοίνυν
2617 4413 3039 4484 προεκτεοείσης
3084 4417 3217 4487 ἡμῖν
3265 4417 3365 4488 τῆς
3403 4419 3531 4489 περὶ
3573 4418 3676 4470 τῶν

396 4509 502 4562 sita
528 4506 925 4576 speculatione,
975 4516 1191 4576 tempus
1239 4505 1354 4576 jam
1416 4504 1582 4560 fuerit
1633 4506 1981 4575 propositum

397 4614 708 4655 sermonem
740 4599 1082 4654 examinare.
1119 4596 1332 4652 Dictum
1366 4606 1451 4653 est
1483 4599 1646 4666 igitur
1670 4613 1700 4653 a
1726 4596 1984 4653 Petro'ad

395 4692 616 4747 Judzcos
640 4692 785 4761 quod
818 4691 1103 4747 Dominum
1144 4695 1316 4763 ipsum
1348 4702 1396 4747 et
1435 4693 1704 4747 Christum
1741 4694 1862 4764 fecit
1906 4691 1983 4764 (a)

399 4783 566 4847 Deus,
607 4781 741 4835 hunc
788 4784 958 4852 ipsum
993 4785 1174 4839 Jesum
1218 4802 1370 4857 quem
1418 4801 1504 4839 vos
1563 4786 1909 4854 cruci/ixistis
1941 4785 1981 4840 ³.

402 4872 615 4925 Dicitur
647 4880 828 4927 autem
864 4890 894 4928 a
924 4876 1114 4940 nobis,
1163 4892 1270 4931 non
1307 4877 1372 4931 ad
1403 4875 1682 4948 Unigeniti
1722 4877 1983 4931 divinita-

398 4973 508 5018 tem
542 4963 690 5034 pium
722 4980 844 5020 esse
878 4966 1082 5023 referre
1123 4970 1372 5031 verbum,
1409 4969 1554 5039 fecit,
1612 4969 1708 5024 sed
1739 4971 1804 5024 ad
1842 4970 1986 5026 servi

398 5055 632 5110 formam
685 5057 988 5112 secundum
1021 5067 1236 5130 tempus
1268 5061 1539 5117 adventus
1570 5062 1622 5115 in
1655 5077 1843 5126 carne,
1876 5079 1984 5116 non

399 5149 519 5203 sine
549 5147 810 5220 mysterio
865 5155 920 5203 et
967 5157 1119 5204 certa
1158 5153 1373 5208 ratione
1428 5161 1480 5207 et
1535 5153 1976 5224 dispensatione,

401 5239 454 5294 id
483 5249 588 5310 cst,
653 5258 752 5314 per
788 5241 1226 5296 incarnationem
1271 5242 1494 5298 factam.
1544 5244 1647 5310 Qui
1695 5253 1876 5299 autem
1928 5246 1982 5299 in

401 5332 748 5386 contrarium
813 5330 962 5385 hunc
1031 5345 1344 5386 sermonem
1386 5332 1659 5388 violenter
1699 5341 1980 5403 torquent,

405 5425 530 5474 ante
557 5429 818 5478 αξιοι-ηοω
848 5423 1259 5496 generationem
1289 5423 1388 5478 hac
1414 5439 1544 5478 voce
1580 5423 1702 5494 fecit
1737 5426 1804 5481 ab
1837 5428 1982 5498 Apo-

477 5554 498 5586 ³
528 5554 632 5609 lsa.
691 5575 800 5624 xu,
840 5559 912 5628 2;
955 5576 1068 5625 xw,
1104 5561 1188 5615 l2.
1267 5560 1288 5593 ³
1322 5561 1448 5616 Act.
1491 5577 1550 5627 Il,
1592 5560 1675 5616 56.

475 5693 556 5766 (α)
586 5691 838 5766 Verbum
869 5701 990 5766 fecit
1031 5716 1138 5756 non
1171 5700 1566 5760 ad.essentiam
1593 5703 1832 5758 divinam
1889 5702 1983 5759 Fi-

405 5763 470 5821 lii
505 5762 622 5833 Dei,
653 5764 749 5822 sed
779 5765 847 5820 ad
869 5762 1084 5824 'statum
1133 5779 1186 5827 et
1216 5788 1488 5829 summam
1518 5772 1837 5848 dignitatem
1892 5791 1979 5831 re-

2087 4504 2256 4556 ὅντων
2303 4502 2555 4574 Θεωρίας,
2589 4502 2777 4573 καιρὸς
2801 4505 2885 4576 εἴη
2916 4505 3008 4558 τὸν
3031 4506 3390 4578 προκείμενον
3423 4508 3674 4572 ἐξετάσαι

2087 4595 2261 4666 λόγον.
2295 4595 2504 4649 Οὐκοῦν
2535 4594 2750 4666 εἴρηται
2796 4596 2895 4666 μὲν
2946 4597 3098 4668 παρὰ
3133 4598 3227 4650 τοῦ
3273 4599 3486 4671 Πέτρου
3544 4601 3677 4672 πρὸς

2088 4692 2214 4754 τοὺς
2274 4689 2595 4756 Ἰουδαίους,
2641 4690 2722 4743 ὅτι
2779 4692 2995 4759 Κύριον
3043 4691 3231 4746 αὐτὸν
3275 4693 3372 4745 καὶ
3417 4695 3680 4760 Χριστὸν

2089 4781 2378 4850 ἐποίησεν
2419 4784 2452 4834 ὁ
2486 4779 2630 4847 Θεὸς
2656 4821 2670 4846 ,
2703 4782 2917 4836 τοῦτον
2957 4785 3064 4835 τὸν
3121 4783 3355 4850 Ἰησοῦν
3399 4785 3472 4838 ὃν
3514 4784 3678 4854 ὑμεῖς

2089 4873 2528 4941 ἐσταυρώσατε.
2556 4873 2786 4941 Λέγεται
2839 4872 2895 4925 δὲ
2944 4875 3075 4944 παρ’
3105 4875 3136 4944 ἡ
3148 4873 3262 4944 μῶν
3282 4916 3294 4938 ,
3323 4877 3383 4927 οὐ
3444 4877 3582 4947 πρὸς
3622 4876 3682 4927 τὸ

2089 4964 2230 5018 Θεῖον
2259 4963 2351 5017 τοῦ
2379 4965 2718 5034 Μονογενοῦς
2739 4965 2962 5030 εὐσεϐὲς
2992 4961 3130 5019 εἶναι
3153 4967 3212 5020 τὸ
3232 4968 3528 5035 ἐποίησεν
3556 4970 3681 5022 ἁνα-

2092 5055 2300 5127 φέρειν,
2337 5055 2474 5110 ἀλλά
2513 5056 2651 5127 πρὸς
2682 5056 2779 5128 τὴν
2812 5055 2904 5109 τοῦ
2942 5056 3128 5110 δούλου
3165 5058 3378 5130 μορφὴν
3408 5060 3510 5130 τὴν
3541 5059 3679 5112 κατὰ

2090 5148 2283 5221 καιρὸν
2319 5148 2421 5219 τῆς
2455 5149 2512 5202 ὲν
2558 5149 2722 5219 σαρκὶ
2767 5148 3071 5220 παρουσίας
3115 5149 3482 5220 οἰκονομικῶς
3532 5161 3681 5219 γενο-

2097 5241 2265 5313 μένην
2287 5256 2300 5271 °
2330 5241 2380 5293 οἱ
2418 5239 2475 5292 δὲ
2505 5239 2642 5311 πρὸς
2671 5241 2981 5294 τούναντίον
3015 5239 3104 5293 τὸν
3138 5241 3292 5310 λόγον
3329 5241 3637 5312 βιαζόμενοι
3662 5279 3679 5301 ,

2091 5336 2190 5406 τὴν
2258 5333 2584 5406 προαιώνιον
2632 5332 2726 5388 τοῦ
2775 5333 2904 5387 Υίοῦ
2955 5335 3208 5406 γέννησιν
3263 5338 3327 5407 τῇ
3391 5336 3683 5404 ἐποίησεν

2091 5429 2242 5499 φωνῇ
2278 5425 2429 5499 παρὰ
2462 5425 2556 5479 τοῦ
2590 5426 2918 5480 Ἀποστόλου
2955 5427 3410 5499 διασημαίνεσοαι
3437 5428 3675 5497 λέγουσι.

2096 5700 2378 5757 ferendum
2413 5709 2518 5763 est,
2546 5701 2600 5755 in
2633 5716 2801 5772 quam
2825 5698 3081 5756 Christus
3126 5698 3270 5756 servi
3308 5699 3544 5757 formam
3578 5714 3675 5776 ge-

2095 5787 2225 5828 I‘CDS
2253 5780 2474 5828 ογθοιυε
2505 5779 2612 5828 (εει.
