4034 6156
458 300 566 355 Ἑϐῗ

1662 302 1717 356 S.
1761 301 2083 357 GREGORII
2121 301 2413 359 NYSSENI

3608 293 3710 348 033

464 411 847 467 hancformam
881 412 1292 482 assumpsisset,
1327 421 1682 482 praestruunt.
1717 414 1762 470 0
1796 433 1889 472 vos
1909 432 2018 471 om-

2133 412 2177 471 ῶ
2206 417 2422 470 πάντων
2452 414 2606 485 ὑμεῖς
2643 411 3003 484 ῥᾳθυμότατοι
3026 453 3038 476 ,
3071 407 3282 480 μορφὴν
3323 407 3460 477 ἔχων
3487 406 3673 459 δούλου
3692 446 3707 472 ,

462 504 608 555 nium
634 503 1028 570 socordissimi,
1049 504 1138 573 qui
1163 505 1303 559 servi
1323 504 1557 559 formam
1578 507 1773 574 habet,
1799 507 2030 563 formam

458 593 596 645 servi
611 594 843 647 assumit
863 594 885 647 ’ἓ
902 596 1179 663 quomodo
1197 597 1321 666 quis
1337 597 1578 666 seipsum
1600 599 1736 655 ineo
1755 601 1900 671 quod
1916 601 2029 671 jam

455 691 536 738 est
564 685 937 740 exinanierit?
968 685 1179 741 Nullam
1196 689 1341 742 enim
1361 689 1428 743 ad
1459 691 1574 744 haec
1601 690 1894 747 invenietis
1912 707 2028 747 ma-

454 775 692 836 chinam,
713 776 834 830 sitis
859 777 986 831 licet
1015 793 1140 832 cum
1162 778 1229 833 ad
1256 779 1547 835 dicendum
1573 789 1687 835 tum
1707 782 1771 836 ad
1787 784 2029 838 sentien-

453 864 581 917 dum
597 867 959 934 impossibilia
976 871 1352 925 audacissimi.
1374 870 1478 926 Sed
1497 876 1774 943 quomodo
1792 890 1899 929 non
1913 890 2029 929 om—

455 957 606 1008 nium
622 973 719 1012 vos
738 960 872 1014 estis
887 961 1119 1017 maxime
1142 962 1460 1029 miserandi,
1482 964 1758 1020 hominem
1791 981 1890 1035 pro
1912 982 2028 1020 om-

453 1046 614 1102 nibus
666 1049 982 1106 hominibus
1040 1067 1260 1121 passum
1289 1069 1411 1108 esse
1448 1055 1777 1123 opinantes,
1813 1056 2026 1127 ipsique

454 1139 672 1192 illorum
719 1142 1149 1212 redemptionem
1191 1146 1594 1202 attribuentes?
1646 1147 1702 1201 Si
1739 1148 1884 1203 enim
1917 1166 2025 1205 non

451 1228 517 1282 de
531 1228 712 1284 Verbo
738 1233 886 1299 quod
912 1241 1028 1286 erat
1055 1235 1108 1287 in
1141 1235 1430 1305 principio,
1460 1246 1514 1291 et
1537 1238 1681 1306 quod
1717 1237 1860 1294 Deus
1883 1251 2024 1305 erat,

454 1320 646 1374 beatus
693 1322 883 1377 Petrus
925 1323 1185 1387 disserit,
1236 1327 1332 1381 sed
1377 1327 1445 1382 dc
1476 1343 1543 1382 co
1578 1329 1674 1399 qui
1710 1331 2022 1397 videbatur,

450 1412 617 1480 etqui
659 1413 896 1482 seipsum
930 1416 1252 1482 exinanivit,
1297 1419 1440 1473 sicut
1491 1420 1569 1473 ait
1612 1421 1890 1476 Basilius:
1928 1422 2027 1479 Se-

453 1503 630 1573 ipsum
674 1515 856 1560 autem
901 1509 1204 1562 exinanivit
1241 1511 1288 1565 is
1328 1511 1421 1580 qui
1449 1511 1738 1567 videbatur
1776 1514 1938 1568 homo
1969 1515 2023 1569 in

453 1597 598 1648 servi
653 1594 931 1651 formam:
972 1600 1062 1670 qui
1120 1617 1249 1654 vero
1307 1602 1611 1658 csinanivit
1657 1605 1897 1674 seipsum
1957 1609 2039 1662 ad-

451 1686 595 1739 servi
632 1685 886 1750 formam,
936 1689 1000 1742 ad
1045 1692 1283 1746 hominis
1327 1696 1736 1762 generationem
1783 1698 2023 1766 seipsum

2143 505 2352 578 μορφὴν
2387 504 2754 575 ἀναλαμϐάνει
2799 503 3018 568 δούλου;
3052 500 3175 562 Πῶς
3217 500 3259 552 δ’
3291 501 3354 554 ἄν
3398 517 3481 562 τις
3521 498 3712 552 ἑαυτὸν

2137 601 2218 662 εἰς
2238 598 2394 651 τοῦτο
2418 596 2703 650 κενώσειεν
2726 596 2861 665 ὅπερ
2884 594 3029 646 ἐστίν
3050 611 3064 658 ;
3097 593 3170 646 Οὑ
3210 592 3308 662 μὲν
3328 586 3420 644 οὖν
3452 591 3714 661 εὑρήσετε

2137 688 2340 742 τούτων
2372 687 2490 741 τινὰ
2525 685 2792 756 μηχανὴν,
2842 685 3040 754 καίπερ
3067 684 3215 746 ὄντες
3249 681 3509 752 τολμηροὶ
3534 681 3714 748 λέγειν

2137 781 2230 833 καὶ
2254 781 2468 850 φρονεῖν
2507 777 2783 847 ἀμήχανα.
2823 774 2946 838 Πῶς
2983 774 3039 827 δὲ
3068 774 3166 826 οὐκ
3193 773 3542 825 ὲλεεινότατοι
3577 771 3715 824 πάν-

2135 887 2242 924 των
2272 870 2451 939 ὑμεῖς,
2479 867 2764 938 ἄνθρωπον
2801 865 2941 935 ὑπὲρ
2971 864 3225 918 ἁπάντων
3264 861 3565 934 ἀνθρώπιον
3611 879 3711 914 πε-

2135 960 2386 1014 πονθέναι
2420 959 2762 1025 δοξάζοντες,
2792 959 2887 1011 καὶ
2923 956 3096 1025 τούτῳ
3147 956 3244 1026 τὴν
3283 954 3492 1008 ἑαυτῶν
3525 955 3712 1008 ἀνατι-

2137 1055 2320 1117 θέντες
2349 1054 2653 1126 λύτρωσιν;
2684 1055 2750 1108 Εἰ
2787 1051 2894 1121 γὰρ
2917 1051 2990 1122 μὴ
3032 1049 3157 1120 περὶ
3188 1046 3279 1101 τοῦ
3305 1048 3360 1099 ἐν
3390 1047 3532 1116 ἀρχῇ
3562 1045 3712 1109 ὄντος

2133 1141 2305 1210 Λόγου
2354 1141 2448 1194 καὶ
2482 1140 2618 1194 Θεοῦ
2653 1140 2802 1206 ὄντος
2856 1142 2884 1192 6
2942 1139 3207 1211 μακάριος
3259 1135 3562 1204 διαλέγεται
3611 1136 3713 1186 Πέ-

2131 1251 2258 1304 τρος
2289 1275 2304 1299 ,
2350 1234 2484 1286 ἀλλά
2535 1233 2662 1304 περὶ
2696 1232 2788 1286 τοῦ
2842 1231 3170 1303 βλεπομένου
3239 1228 3331 1283 καὶ
3378 1227 3714 1291 κενώσαντος

2134 1325 2340 1391 ἑαυτὸν,
2373 1325 2552 1390 καθώς
2586 1343 2718 1395 φησι
2764 1323 3042 1386 Βασίλειος
3065 1340 3078 1354 ’
3121 1319 3417 1374 Ἐκένωσεν
3449 1316 3504 1371 δὲ
3532 1320 3559 1371 6
3591 1317 3711 1388 βλε-

2134 1415 2366 1486 πόμενος
2419 1414 2703 1485 ἄνθρωπος
2738 1413 2928 1467 ἑαυτὸν
2971 1414 3049 1475 εἰς
3105 1411 3290 1465 δούλου
3329 1409 3570 1481 μορφήν·
3605 1408 3712 1461 ὁδὲ

2133 1505 2376 1569 κενώσας
2422 1505 2612 1558 ἑαυτὸν
2664 1506 2741 1567 εἰς
2783 1502 2967 1556 δούλου
3019 1501 3264 1572 μορφὴν,
3302 1501 3380 1564 είς
3423 1497 3709 1569 ἀνθρώπου

2132 1597 2342 1666 γένεσιν
2401 1597 2664 1649 ἐκένωσεν
2713 1596 2901 1648 ἑαυτὸν
2927 1637 2940 1658 ,
2982 1597 3009 1647 6
3053 1593 3383 1663 βλεπόμενος
3427 1591 3712 1660 ἄνθρωπος

2133 1691 2211 1753 εἰς
2233 1688 2518 1760 ἀνθρώπου
2569 1689 2780 1755 γένεσιν
2831 1687 3095 1741 ἐκένωσεν
3131 1685 3342 1739 έαυτόν.
3387 1681 3523 1735 Ἀλλ’
3564 1683 3711 1736 ἀντι-

448 1776 755 1830 exinanivit
784 1796 795 1832 :
827 1778 994 1848 igitur
1026 1783 1118 1850 qui
1161 1783 1272 1851 jam
1313 1785 1604 1839 videbatur
1636 1789 1796 1842 homo
1827 1789 1892 1841 ad
1926 1789 2018 1844 ho-

2136 1782 2366 1852 μάχεται
2417 1782 2514 1850 μὲν
2567 1779 2776 1842 τούτοις
2822 1780 2912 1833 καὶ
2959 1778 3097 1849 αὐτὴ
3148 1777 3253 1831 τῶν
3298 1776 3637 1848 πραγμάτων
3658 1778 3705 1846 ’ἡ

450 1868 614 1922 minis
664 1873 1073 1939 generationem
1133 1877 1434 1930 exinanivit
1478 1877 1744 1948 seipsum.
1813 1880 1920 1936 Sed
1972 1889 2025 1935 et

450 1961 564 2030 ipsa
617 1978 799 2016 rerum
857 1974 1058 2019 natura
1125 1975 1393 2038 repugnat
1457 1969 1629 2038 ipsis,
1697 1972 2023 2027 contradicit

445 2052 612 2105 etiam
645 2055 937 2110 manifeste
977 2057 1023 2110 is
1066 2057 1186 2126 ipse
1234 2059 1328 2126 qui
1375 2059 1518 2114 hanc
1548 2061 2020 2131 dispensationem

449 2143 502 2194 in
557 2158 658 2197 sua
702 2151 996 2222 Theologia
1038 2148 1375 2216 celebravit;
1423 2165 1532 2204 non
1581 2168 1704 2205 eum
1746 2153 2022 2210 hominem

446 2233 538 2300 qui
590 2234 913 2301 videbatur,
951 2238 1044 2292 sed
1099 2239 1278 2306 ipsum
1308 2238 1553 2294 Verbum
1597 2244 1744 2312 quod
1793 2253 1910 2300 erat
1966 2247 2022 2301 in

446 2325 740 2395 principio,
776 2334 830 2382 et
875 2329 969 2397 qui
1003 2326 1148 2384 Deus
1188 2337 1330 2398 erat,
1373 2347 1596 2388 carnem
1649 2339 2023 2408 assumpsisse

444 2417 676 2472 dicens:
711 2419 856 2488 quod
911 2422 1132 2490 quidem
1173 2424 1295 2480 aliis
1342 2426 1524 2482 verbis
1556 2427 1697 2483 idem
1744 2440 1828 2485 est
1873 2446 1937 2486 ac
1974 2433 2022 2487 si

444 2508 669 2573 diceret,
723 2511 867 2564 servi
904 2511 1136 2566 formam
1190 2517 1515 2584 sumpsisse.
1541 2517 1651 2584 Qui
1702 2519 1869 2590 igitur
1908 2522 2023 2577 haec

444 2602 732 2656 credibilia
761 2603 1111 2666 existimatis,
1146 2607 1215 2659 ab
1244 2622 1434 2662 errore
1469 2609 1756 2673 discedite,
1787 2611 2023 2668 desinite

447 2690 723 2744 hominem
762 2692 1105 2746 exinanitum
1157 2710 1283 2749 esse
1331 2697 1569 2765 opinari.
1613 2698 1770 2764 Quod
1819 2701 1866 2755 si
1910 2718 2017 2757 non

443 2780 677 2849 potestis
711 2781 1012 2839 incredulis
1064 2787 1414 2852 persuadere,
1465 2791 1636 2844 altera
1671 2806 1802 2846 voce
1843 2803 1897 2847 et
1935 2809 2021 2849 se—

441 2872 620 2926 eunda
655 2876 929 2928 sententia
965 2876 1250 2945 perﬁdiam
1293 2879 1408 2933 sive
1442 2880 1878 2938 incredulitatem
1912 2886 2018 2938 sol-

440 2965 569 3018 vite.
602 2966 659 3019 ln
692 2969 1010 3022 memoriam
1045 2979 1297 3026 revocate
1336 2987 1459 3026 eum
1495 2974 1588 3043 qui
1621 2975 1760 3028 dixit
1788 2993 1801 3030 :
1837 2977 1941 3043 Qui
1967 2978 2018 3032 in

440 3056 615 3125 {arma
650 3059 748 3113 Dei
787 3077 906 3114 cum
952 3073 1108 3128 esset,
1165 3080 1268 3117 non
1312 3066 1557 3133 rapinam
1605 3067 1901 3123 arbitratus
1941 3080 2019 3123 est

2128 1874 2287 1944 φύσις
2316 1893 2328 1905 ·
2360 1874 2777 1943 ἀντιφθέγγεται
2816 1873 2870 1924 δὲ
2907 1870 3219 1941 περιφανῶς
3255 1871 3347 1923 καὶ
3385 1869 3544 1932 αὐτὸς
3573 1869 3601 1919 6
3637 1871 3704 1939 τῇ

2128 1965 2374 2038 θεολογῐᾳ
2396 1966 2492 2038 τὴν
2513 1966 2819 2036 οἰκονομίαν
2838 1964 3039 2034 ταύτην
3069 1964 3346 2034 ὑμνήσας·
3377 1962 3437 2014 ού
3472 1961 3562 2014 τὸν
3589 1959 3708 2029 βλεο

2127 2059 2360 2129 πόμενον
2390 2058 2692 2130 ἄνθρωπον,
2729 2057 2840 2111 ἀλλ’
2876 2056 3035 2110 αὐτὸν
3067 2056 3156 2110 τὸν
3194 2057 3250 2108 ὲν
3279 2057 3419 2126 ἀρχῇ
3449 2054 3578 2107 εντα
3601 2055 3706 2107 Λό-

2127 2166 2241 2217 γον,
2270 2149 2361 2203 καὶ
2391 2145 2520 2202 Θεὸν
2554 2149 2700 2205 ὄντα,
2747 2149 2924 2218 σάρκα
2957 2146 3305 2216 ἀνειληφέναι
3336 2145 3507 2212 λέγων
3529 2161 3541 2174 ·
3568 2145 3706 2213 ὅπερ

2125 2242 2310 2305 ἄλλαις
2359 2241 2560 2310 φωναῖς
2598 2236 2714 2294 ἶσόν
2751 2243 2862 2292 ἐστι
2908 2239 2986 2308 τῷ
3029 2238 3242 2309 μορφὴν
3271 2236 3457 2290 δούλου
3496 2235 3702 2288 λαϐεῖν.

2124 2335 2187 2388 Οἳ
2232 2335 2328 2406 μὲν
2364 2331 2454 2388 οὖν
2500 2333 2670 2386 ταῦτα
2723 2332 2969 2403 νομίζετε
3011 2332 3212 2394 πιστὰ,
3263 2329 3556 2401 μετάθεσθε
3607 2325 3704 2380 τοῦ

2125 2427 2357 2489 πλάνου,
2395 2425 2678 2479 παύσασθε
2712 2424 2801 2477 τὸν
2835 2425 3118 2494 ἄνθρωπον
3163 2425 3241 2486 εἰς
3293 2422 3576 2492 ἄνθρωπον
3608 2437 3705 2474 κε-

2125 2517 2389 2571 κενῶσθαι
2425 2515 2755 2583 δοξάζοντες.
2793 2517 2854 2568 Et
2885 2515 2939 2567 δὲ
2971 2516 3068 2584 οὐχ
3111 2514 3282 2568 ἱκανοί
3334 2515 3456 2565 ὲστε
3501 2511 3708 2564 πείθειν

2123 2611 2418 2673 ἀπίστους,
2461 2608 2623 2680 ἑτέρᾳ
2667 2609 2816 2677 φωνῇ
2861 2608 2954 2660 καὶ
2989 2605 3216 2676 δευτέρᾳ
3249 2605 3413 2676 ψήφῳ
3445 2603 3543 2674 τὴν
3581 2604 3709 2655 ἀπι-

2125 2703 2275 2755 στίαν
2304 2702 2522 2754 λύσατε.
2566 2699 2978 2770 Ύπομνήσθητε
3022 2698 3114 2751 τοῦ
3165 2699 3468 2767 φήσαντος·
3509 2697 3613 2758 Ὃς
3639 2696 3710 2754 ἐκ

2119 2792 2319 2862 μορφῇ
2377 2791 2523 2845 Θεοῦ
2561 2791 2870 2859 ὑπάρχων.
2925 2792 3036 2856 οὺχ
3071 2787 3384 2857 ἁρπαγμὸν
3433 2785 3709 2855 ἡγήσατο

2123 2885 2189 2938 τὸ
2223 2884 2373 2937 εἶναι
2403 2877 2508 2936 ἶσα
2552 2880 2691 2946 Θεῷ,
2736 2881 2873 2935 ἀλλ’
2913 2880 3129 2933 ἑαυτὸν
3172 2877 3432 2931 ἐκένωσε
3465 2875 3710 2945 μορφὴν

2122 2977 2345 3031 δούλου
2375 2974 2606 3029 λαϐών-ο
2643 2972 2702 3026 οὗ
2756 2973 2863 3043 γάρ
2913 2974 3057 3025 ἐστιν
3091 2969 3392 3038 ἀνθρώπιον
3434 2968 3609 3029 οὐδεὶς
3637 2962 3699 3029 ὃς

2122 3065 2308 3119 τοῦτον
2339 3063 2678 3117 οἰκειώσεται
2730 3062 2821 3116 τὸν
2870 3061 3045 3128 λόγον.
3091 3058 3278 3121 Οὐδεὶς
3319 3057 3429 3109 τῶν
3481 3057 3702 3108 πώποτε

438 3165 550 3203 esse
590 3167 644 3204 se
704 3153 960 3222 (aqualem
1012 3152 1154 3218 Deo,
1204 3154 1293 3208 sed
1347 3157 1681 3225 semetipsum
1729 3160 2018 3214 exiuanivit

2127 3157 2432 3228 γενομένων
2463 3155 2652 3223 ἁγίων,
2693 3153 2982 3225 μονογενὴς
3007 3149 3073 3223 ἦν
3099 3151 3260 3213 Θεὸς,
3295 3149 3584 3218 γενόμενος
3617 3148 3711 3201 ἄν·

439 3239 668 3308 [ormam
700 3245 833 3296 servi
858 3245 1116 3312 accipiens
1134 3247 1176 3298 ⁵.
1205 3245 1398 3300 Nullus
1419 3249 1564 3301 enim
1590 3259 1674 3303 est
1708 3251 2018 3319 hominum,

439 3334 534 3402 qui
562 3334 707 3388 hunc
749 3336 852 3389 sibi
894 3337 1132 3392 vindicet
1166 3347 1219 3393 et
1248 3340 1579 3405 peculiarem
1605 3340 1773 3394 faciat
1805 3359 2019 3399 sermo-

439 3440 590 3480 nem.
625 3425 822 3482 Nullus
848 3444 1090 3496 unquam
1118 3439 1436 3483 sanctorum
1469 3433 1564 3499 qui
1606 3432 1851 3499 fuerunt,
1897 3435 2021 3491 uni-

440 3519 660 3586 genitus
695 3518 799 3572 fuit
829 3519 996 3582 Deus,
1049 3520 1215 3574 homo
1250 3521 1450 3577 factus.
1494 3522 1608 3579 lloc
1649 3525 1795 3579 enim
1844 3536 1932 3583 est
1965 3529 2018 3582 in

439 3607 616 3662 forma
663 3608 759 3662 Dei
793 3609 1154 3664 exsistentem
1205 3611 1352 3665 servi
1408 3612 1638 3667 formam
1670 3631 1912 3672 sumere.
1959 3615 2018 3673 Si

439 3699 611 3768 igitur
639 3699 706 3753 de
736 3714 802 3754 eo
828 3701 922 3770 qui
959 3701 1315 3772 semetipsum
1345 3703 1412 3756 ad
1439 3702 1671 3759 formam
1714 3709 1863 3762 servi
1897 3710 2016 3763 exi-

438 3791 652 3844 nanivit
691 3791 882 3848 beatus
932 3792 1130 3848 Petrus
1177 3795 1449 3850 disserit:
1507 3798 1867 3869 semetipsum
1916 3818 2016 3855 an-

438 3887 546 3932 tem
579 3877 646 3931 ad
684 3879 828 3933 servi
882 3878 1114 3934 formam
1167 3884 1472 3938 exinanivit
1514 3887 1606 3955 qui
1660 3889 1715 3941 in
1748 3889 2018 3959 principio

436 3979 556 4023 erat
587 3969 852 4036 Verbum,
898 3980 954 4027 et
1000 3971 1145 4030 Deus
1175 3977 1268 4044 qui
1312 3985 1398 4032 est
1444 3976 1814 4048 Unigenitus;
1860 3981 1926 4036 de
1952 3998 2018 4036 eo

436 4065 531 4132 qui
574 4072 695 4119 erat
729 4066 782 4119 in
834 4066 1105 4136 principio
1133 4076 1186 4122 et
1230 4068 1375 4126 Deus
1416 4079 1557 4135 erat,
1592 4072 1788 4127 beatus
1821 4072 2017 4129 Petrus

435 4153 680 4218 disserit,
743 4161 797 4208 et
838 4155 986 4208 hunc
1021 4155 1182 4211 docet
1229 4156 1430 4212 factum
1482 4175 1605 4214 esse
1639 4158 1928 4216 Dominum
1965 4171 2019 4218 et

435 4240 718 4298 Christum
750 4245 817 4298 δ’.
862 4246 1018 4313 Hauc
1078 4246 1301 4316 quidem
1365 4264 1604 4319 pugnam
1659 4250 1775 4320 ipse
1829 4267 2017 4307 secum

438 4343 624 4390 versat
654 4333 915 4403 Basilius,
951 4343 1006 4391 et
1039 4339 1185 4393 clare
1215 4341 1476 4404 ostendit,
1513 4357 1692 4413 neque
1722 4343 2016 4398 intentioni

435 4426 553 4482 sive
589 4429 875 4483 sententiae.
925 4431 1300 4499 apostolorum
1343 4449 1500 4487 suam
1554 4443 1791 4488 mentem
1837 4443 2009 4489 atten-

437 4526 548 4571 tam
597 4519 848 4585 reddere,
904 4537 1085 4591 ncque
1140 4540 1368 4578 suorum
1417 4540 1736 4580 sermonum
1789 4542 2010 4583 servare

436 4613 891 4681 consequentiam
928 4633 940 4668 :
969 4631 1033 4669 ex
1073 4615 1274 4686 quibus
1304 4617 1389 4670 vel
1425 4617 1858 4688 ianualitatem
1894 4634 2014 4674 ser-

435 4702 616 4755 monis
664 4704 747 4757 sui
787 4705 1250 4773 auimadvertens,
1305 4709 1560 4763 concedit
1591 4725 1716 4765 eum
1751 4712 1846 4782 qui
1893 4719 2013 4767 erat

436 4795 490 4846 in
539 4795 813 4864 principio
866 4798 1125 4865 Verbum,
1176 4810 1231 4855 et
1278 4799 1447 4855 Deum
1493 4804 1586 4872 qui
1638 4814 1776 4870 erat,
1805 4804 2010 4859 factum

433 4902 558 4940 esse
611 4885 922 4954 Dominum,
979 4893 1060 4946 vel
1118 4895 1486 4962 pugnantibus
1531 4898 1828 4966 pugnantia
1872 4913 2008 4952 con-

433 4992 624 5038 suens,
667 4986 722 5030 et
763 4978 813 5030 in
849 4980 934 5035 his
964 4984 1308 5039 contentiose
1336 5002 1688 5054 permanens,
1724 4989 1831 5042 alia
1865 4990 2010 5058 adji-

433 5067 538 5122 ciet
585 5065 872 5121 hostiliora
909 5087 921 5122 :
956 5069 1094 5124 duos
1137 5080 1392 5129 astruens
1440 5091 1564 5130 esse
1621 5077 1898 5140 Christos,
1955 5087 2011 5134 et

436 5158 570 5212 duos
618 5157 881 5213 Dominos
912 5178 924 5212 ι
958 5160 1006 5214 si
1044 5161 1188 5227 enim
1220 5163 1358 5218 alter
1392 5166 1612 5234 quidem
1645 5167 1740 5234 qui
1775 5176 1896 5221 erat
1946 5168 2002 5222 in

433 5251 706 5320 principio
757 5248 904 5305 Deus
959 5250 1197 5305 Verbum
1243 5272 1254 5305 :
1299 5256 1437 5309 alter
1481 5273 1609 5311 vero
1659 5259 1754 5328 qui
1807 5268 2010 5315 semet-

434 5341 608 5407 ipsum
639 5342 944 5397 exinanivit
972 5352 1026 5397 et
1059 5343 1290 5398 formam
1340 5349 1483 5402 servi
1519 5351 1854 5422 assumpsit;
1901 5352 2008 5409 Do-

434 5433 616 5486 minus
658 5445 843 5490 autem
875 5447 927 5490 et
966 5435 1109 5492 Deus
1155 5438 1389 5493 Verbum
1434 5456 1528 5510 per
1561 5457 1725 5511 quem
1781 5446 2000 5510 omnia;

436 5513 702 5574 Dominus
735 5531 996 5578 autemet
1045 5525 1298 5582 Christus
1350 5529 1439 5584 hic
1473 5529 1633 5589 Jesus
1679 5535 1770 5604 qui
1814 5535 1993 5591 cruci-

545 5697 566 5728 ⁸
595 5695 826 5772 Philipp.
854 5720 912 5769 ιι,
943 5705 994 5758 6.
1073 5707 1115 5737 ⁵⁸
1151 5707 1269 5762 Act.
1308 5723 1368 5774 ιι,
1401 5709 1487 5765 36.

2125 3250 2362 3322 θρωπος.
2395 3247 2564 3300 Τοῦτο
2591 3246 2698 3317 γάρ
2735 3246 2959 3298 ἐστινέν
2999 3244 3176 3314 μορφῇ
3201 3240 3334 3293 Θεοῦ
3373 3240 3705 3310 ὑπάρχοντα,

2126 3341 2338 3413 μορφὴν
2365 3337 2549 3391 δούλου
2584 3337 2790 3390 λαϐεῖν.
2827 3337 2889 3389 Εἰ
2927 3335 3105 3388 τοίνυν
3154 3333 3282 3402 περὶ
3312 3328 3404 3383 τοῦ
3439 3328 3708 3382 κενώσαν-

2123 3452 2212 3498 τος
2251 3432 2445 3486 ἑαυτὸν
2483 3432 2564 3494 εἰς
2600 3430 2698 3502 τὴν
2727 3427 2822 3490 τοῦ
2875 3427 3061 3481 δούλου
3107 3423 3320 3495 μορφὴν
3368 3423 3396 3474 ὁ
3438 3419 3707 3491 μακάριος

2119 3525 2423 3593 διαλέγεται
2452 3521 2658 3592 Πέτρος
2677 3538 2690 3551 ·
2727 3521 2957 3574 ὲκένωσε
2993 3519 3048 3572 δὲ
3071 3517 3260 3571 ἑαυτὸν
3291 3516 3369 3578 είς
3390 3516 3487 3586 τὴν
3517 3513 3705 3567 δούλου

2123 3616 2334 3688 μορφὴν
2373 3617 2402 3668 6
2428 3617 2485 3669 ἐν
2508 3615 2647 3686 ἀρχῇ
2679 3611 2752 3666 ὢν
2785 3611 2975 3680 Λόγος,
3002 3611 3096 3664 καὶ
3124 3609 3254 3672 Θεὸς
3277 3607 3352 3661 ῶν
3387 3600 3702 3678 μονογενής,

2122 3707 2373 3780 περὶτοῦ
2424 3708 2481 3762 ὲν
2523 3707 2664 3777 ἀρχῇ
2704 3705 2853 3768 ὄντος
2884 3704 2978 3756 καὶ
3007 3703 3148 3756 ’Θεοῦ
3188 3699 3338 3764 ὗντος
3365 3702 3394 3753 6
3435 3697 3706 3770 μακάριος

2118 3800 2424 3868 διαλέγεται
2483 3798 2725 3868 Πέτρος,
2758 3797 2852 3849 καὶ
2901 3794 3087 3848 τοῦτον
3133 3789 3436 3846 ἐκδιδάσκει
3484 3788 3706 3858 γεγονέ-

2118 3910 2204 3947 ναι
2246 3891 2448 3963 Κύριον
2490 3891 2583 3944 καὶ
2616 3887 2869 3959 Χριστόν.
2908 3885 3125 3956 Ταύτην
3172 3884 3352 3954 μέντοι
3379 3881 3478 3952 τὴν
3523 3881 3707 3951 μάχην

2119 3983 2278 4046 αὐτὸς
2334 3983 2471 4054 πρὸς
2527 3979 2716 4034 ἑαυτὸν
2756 3978 3079 4048 ἀναστρέφει
3125 3974 3403 4036 Βασίλειος
3446 3971 3540 4023 καὶ
3568 3969 3700 4023 ’δεί-

2119 4091 2311 4129 κνυται
2359 4073 2568 4141 σαφῶς,
2603 4071 2726 4124 οὕτε
2777 4068 2856 4140 τῷ
2901 4067 3201 4138 βουλήματι
3241 4065 3346 4117 τῶν
3387 4061 3704 4116 ἀποστόλων

2118 4167 2212 4219 τὸν
2227 4163 2430 4219 ἑαυτοῦ
2461 4163 2583 4218 νοῦν
2618 4163 2940 4232 ἐπιστήσας,
2975 4157 3098 4212 οὔτε
3139 4157 3246 4210 τῶν
3277 4155 3493 4209 οἰκείων
3529 4154 3704 4221 λόγων

2121 4257 2403 4328 φυλάττων
2449 4257 2548 4327 τὴν
2594 4250 2948 4309 ἀκολουθίαν’
2978 4250 3038 4315 ἐξ
3081 4245 3154 4303 ὧν
3206 4249 3237 4318 ἢ
3283 4242 3705 4314 συναισθόμενος

2119 4349 2216 4419 τῆς
2243 4343 2554 4418 ἀνωμαλίας
2605 4346 2947 4416 συγχωρήσει
2986 4339 3075 4393 τὸν
3104 4342 3159 4392 ὲν
3203 4340 3343 4408 ἀρχῇ
3372 4336 3502 4388 ὄντα
3529 4334 3702 4398 Λόγον

2121 4429 2213 4492 κάι
2243 4437 2374 4490 Θεὸν
2403 4434 2532 4490 ὄντα
2574 4435 2854 4504 γεγονέναι
2883 4431 3117 4501 Κύριον,
3155 4425 3480 4498 μαχομένοις
3531 4422 3702 4492 μαχό-

2123 4547 2257 4600 μενα
2293 4529 2578 4584 συνάπτων
2610 4527 2702 4581 καὶ
2751 4523 2962 4586 τούτοις
2994 4521 3322 4593 παραμένων
3357 4517 3699 4585 φιλονείκως,

2113 4622 2278 4692 ἔτερα
2335 4620 2633 4692 προσθήσει
2681 4613 3058 4686 πολεμιώτερα
3092 4627 3105 4640 ·
3143 4609 3236 4664 δύο
3271 4604 3705 4667 κατασκευάζων

2113 4709 2252 4767 εἶναι
2288 4709 2688 4782 Χριστοὸς,καὶ
2724 4706 2815 4761 δύο
2860 4705 3128 4777 Κυρίους·
3170 4704 3216 4754 εἰ
3239 4700 3348 4769 γάρ
3381 4700 3570 4768 ἕτερος
3598 4696 3701 4757 μὲν

2111 4807 2139 4858 ὁ
2163 4808 2219 4859 ὲν
2243 4805 2382 4876 ἀρχῇ
2407 4803 2480 4856 ῶν
2509 4801 2640 4864 Θεὸς
2657 4799 2854 4868 Λόγοςο
2887 4797 3072 4867 ἕτερος
3097 4793 3152 4846 δὲ
3175 4794 3202 4846 6
3227 4791 3471 4852 κενώσας
3506 4787 3701 4840 ἑαυτὸν

2116 4897 2209 4950 καὶ
2245 4896 2457 4968 μορφὴν
2485 4894 2666 4948 δούλου
2695 4890 2893 4945 λαϐὼν
2914 4889 3116 4957 Κύριος
3137 4886 3192 4938 δὲ
3210 4885 3304 4938 καὶ
3323 4885 3352 4936 6
3371 4882 3504 4968 Θεὸς
3528 4881 3704 4948 Λόγος

2116 4987 2182 5040 δι’
2198 4981 2258 5041 οὗ
2281 4967 2349 5040 τά
2370 4987 2546 5040 πάντα
2565 5002 2578 5014 ·
2615 4984 2818 5054 Κύριος
2845 4983 2900 5034 δὲ
2927 4980 3021 5033 καὶ
3043 4979 3069 5030 6
3096 4975 3328 5048 Χριστὸς
3361 4967 3519 5036 οὗτος
3544 4973 3574 5023 ὁ
3607 4971 3706 5040 Ἰηε-

2117 5078 2263 5144 σοῦς,
2284 5079 2312 5130 6
2348 5076 2676 5146 σταυρωθεὶς
2696 5114 2708 5138 ,
2741 5072 2878 5143 μετά
2902 5072 2961 5124 τὸ
2990 5068 3240 5138 γενέσθαι
3270 5067 3338 5120 τὰ
3367 5065 3546 5118 πάντα
3571 5082 3583 5092 ·
3606 5062 3705 5114 δύο

2116 5172 2235 5224 κατ’
2263 5170 2422 5223 αὐτὸν
2451 5167 2640 5239 Κύριοι
2673 5166 2766 5219 καὶ
2799 5166 2842 5216 Χ
2853 5163 3042 5236 ριστοί.
3066 5159 3264 5212 Τοῦτον
3289 5157 3386 5228 μὲν
3409 5152 3504 5209 οὖν
3525 5152 3706 5216 οὐδεὶς

2116 5263 2514 5334 παραιτήσεται
2563 5259 2718 5327 λόγος
2754 5259 2850 5327 τῆς
2902 5255 3043 5308 οὕτω
3081 5247 3415 5323 περιφανοῦς
3453 5246 3705 5334 βλασφή-

2121 5333 2269 5424 μίας.
2302 5355 2367 5408 Εί
2408 5353 2463 5405 δέ
2500 5369 2585 5414 τις
2631 5349 2786 5403 τοῦτο
2827 5346 3213 5416 συνιστάμενος
3252 5341 3384 5412 φαίη
3410 5340 3500 5391 τὸν
3534 5333 3705 5390 αὑτὸν

2121 5449 2220 5520 μὲν
2253 5443 2388 5500 εἷναι
2423 5447 2514 5499 τὸν
2543 5447 2599 5498 ἐν
2638 5446 2779 5516 ἀρχῇ
2813 5442 2983 5512 Λόγον
3011 5439 3105 5494 καὶ
3142 5435 3432 5506 γενόμενον
3469 5429 3703 5498 Κύριον,

2115 5537 2256 5593 κατὰ
2284 5538 2338 5591 δὲ
2369 5538 2468 5608 τὴν
2496 5539 2552 5592 ἐν
2587 5537 2748 5607 σαρκὶ
2790 5531 3091 5604 παρουσίαν
3139 5523 3466 5597 γεγενῆσθαι
3492 5521 3706 5593 Κύριον
