4034 6156
310 207 412 262 689

1476 206 1754 266 CONTRA
1798 210 2191 279 EUNOMIUM,
2238 212 2362 268 LIB.
2401 212 2462 268 V.

3474 220 3590 280 (ἰξυῖ)

307 325 403 378 καὶ
452 323 704 393 Χριστὸν,
741 323 1217 394 ἀναγκασθήσεται
1273 322 1490 386 πάντως
1540 326 1736 389 εἰπεῖν,
1782 327 1887 397 πρὸ

2023 332 2138 384 lxus
2175 338 2278 393 est,
2317 338 2676 398 posteaquam
2727 339 2856 384 sunt
2889 329 3032 386 facta
3077 331 3260 386 omnia
3295 351 3307 387 :
3340 333 3449 388 duo
3497 353 3584 393 se.

307 414 411 484 τῆς
442 415 498 465 ἐν
528 413 690 483 σαρκὶ
735 412 1034 480 παρουσίας
1067 412 1140 484 μὴ
1181 409 1319 465 εἶναι
1349 412 1440 464 τὸν
1489 413 1613 465 Υίὸν
1663 414 1888 484 Κύριον.

321 506 481 559 Ἀλλά
512 505 618 574 γὰρ
647 505 695 556 εί
736 506 826 558 καίΙ
846 504 1134 574 Βασιλείῳ,
1169 507 1261 558 καὶ
1291 508 1403 566 τοῖς
1434 503 1554 557 κατ’
1580 505 1741 557 αὐτὸν
1772 505 1896 557 ἀπί-

313 614 457 660 στοις
483 595 576 648 δύο
610 595 805 664 Κύριοι
852 596 944 649 καὶ
976 595 1204 666 Χριστοὶ
1249 594 1711 662 καταγγέλλονται
1757 592 1893 661 ψευ-

310 687 435 752 δῶς,
467 687 584 741 ἀλλ’
614 689 745 757 ἡμῖν
776 703 838 755 γε
867 681 948 752 εἷς
976 687 1180 758 Κύριος
1224 687 1319 740 καὶ⁴
1350 685 1612 758 Χριστὸς,
1635 685 1699 738 δι’
1725 677 1786 737 οὗ
1826 684 1895 737 τὰ

311 781 488 835 πάντα
521 779 762 849 γέγονεν,
787 781 848 833 οὐ
879 780 1019 834 κατὰ
1040 779 1319 852 προκοπὴν
1349 780 1637 848 γενόμενος
1667 777 1892 848 Κύριος,

313 875 453 931 ἀλλὰ
505 874 612 944 πρὸ
651 874 833 946 πάσης
869 874 1120 939 κτίσεως,
1157 874 1251 927 καὶ
1288 874 1392 943 πρὸ
1433 873 1650 926 πάντων
1685 873 1896 924 αἰώνων

313 968 553 1032 ὑποστὰς
584 967 789 1040 Κύριος
832 965 1144 1039 Ἰησοῦς,δι’
1172 961 1233 1021 οὗ
1261 966 1330 1020 τὰ
1361 966 1554 1020 πάντα·
1575 964 1733 1034 τοῦτο
1765 964 1899 1018 πάν-

311 1080 421 1116 των
444 1062 591 1133 ἡμᾶς
628 1061 736 1113 τῶν
763 1061 932 1129 ἁγίων
979 1057 1284 1129 συμφώνως
1314 1057 1763 1120 ὲκδιδασκόντων,
1804 1055 1900 1109 καὶ

315 1151 792 1221 καταγγειλάντων
840 1151 1123 1219 δογμάτων
1159 1149 1220 1202 τὸ
1259 1149 1568 1202 κάλλιστον.
1603 1149 1672 1200 ’Ὀ
1701 1164 1759 1199 τε
1790 1146 1901 1216 γὰρ

318 1247 584 1317 μακάριος
641 1244 888 1314 Ἰωάννης
914 1243 1005 1296 τὸν
1042 1242 1174 1296 Θεὸν
1208 1242 1401 1310 Λόγον,
1435 1241 1500 1295 δι’
1533 1235 1592 1294 οὗ
1625 1242 1692 1294 τὰ
1723 1241 1902 1293 πάντα

314 1335 557 1404 γέγονεν,
589 1333 646 1385 ἐν
676 1332 840 1400 σαρκὶ
869 1330 1197 1401 γεγενῆσθαι
1229 1329 1487 1408 διδάσκει,
1519 1329 1718 1397 λέγων’
1744 1329 1850 1383 Καὶ
1871 1332 1903 1382 ό

315 1428 507 1496 Λόγος
533 1423 693 1492 σὰρξ
714 1421 950 1493 ἐγένετο
971 1441 982 1451 ·
1018 1423 1047 1475 ὅ
1081 1439 1140 1475 τε
1179 1420 1626 1491 θαυμασιώτατος
1667 1420 1900 1482 Παῦλος,

314 1521 395 1580 εἰς
427 1513 923 1586 ταπεινοφροσύνην
952 1515 1162 1584 ὲνάγων
1190 1515 1314 1577 τοὺς
1357 1513 1724 1585 προσέχοντας
1757 1512 1904 1582 αὐτῷ

313 1612 406 1665 τὸν
430 1611 574 1672 νοῦν,
621 1609 855 1678 Χριστὸν
899 1607 1103 1680 Ἰησοῦν
1142 1608 1288 1676 λέγει
1323 1607 1414 1661 τὸν
1446 1608 1503 1659 ὲν
1540 1608 1722 1678 μορφῇ
1767 1604 1903 1658 Θεοῦ

1998 421 2239 474 cundum
2289 422 2464 492 ipsum
2518 421 2731 476 Domini
2769 432 2821 476 ct
2871 418 3081 478 Christi
3116 442 3129 478 :
3162 423 3309 478 hunc
3360 426 3583 496 quidem

1997 512 2148 566 nulla
2183 513 2472 568 excusabit
2511 514 2712 579 oratio,
2759 522 2872 567 tam
2922 524 3124 584 apertre
3172 527 3226 572 ct
3274 519 3585 576 manifestae

1999 604 2296 673 impietatis
2321 605 2434 660 sive
2463 605 2815 674 blasphemim
2846 622 3021 661 reum.
3051 608 3207 674 Quod
3238 610 3283 663 si
3311 613 3447 680 .quls
3481 613 3587 668 hoc

1999 696 2394 752 commendans
2446 698 2648 751 dixerit
2709 699 2961 752 eumdem
3011 716 3134 755 esse
3204 717 3328 756 cum
3380 706 3474 774 qui
3533 707 3589 759 in

2000 789 2273 859 principio
2313 797 2432 844 erat
2463 789 2728 852 Verbum,
2783 797 2836 844 et
2884 789 3085 845 factum
3128 791 3442 860 Dominum,
3493 797 3590 851 sed

2001 895 2100 949 per
2152 880 2339 935 carnis
2389 884 2826 950 assumptionem
2881 895 2935 935 et
2988 885 3338 952 praesentiam
3384 885 3588 940 factum

2000 989 2124 1029 esse
2163 973 2453 1028 Dominum
2499 984 2553 1028 ct
2603 975 2884 1029 Christum
2919 996 2931 1032 :
2967 987 3196 1047 cogetur
3235 963 3464 1034 omnino
3500 982 3586 1035 di-

2002 1083 2127 1123 cere
2159 1075 2285 1122 ante
2313 1068 2611 1122 adventum
2653 1071 2708 1123 in
2745 1085 2914 1124 carne
2957 1087 3065 1124 non
3098 1087 3219 1127 esse
3253 1073 3447 1126 Filium
3481 1074 3587 1128 Do.

2005 1151 2232 1204 minum.
2289 1149 2777 1206 Verumcnimvero
2835 1155 3054 1208 tametsi
3124 1154 3330 1208 Basilio
3391 1166 3452 1210 et,
3503 1172 3591 1210 sc-

2005 1244 2246 1297 cundum
2298 1244 2476 1313 ipsum
2523 1242 2838 1300 infidelibus
2875 1245 2984 1298 duo
3029 1244 3247 1299 Domini
3295 1247 3593 1302 etChristi

2007 1335 2146 1389 falso
2181 1336 2604 1398 annuntiantur,
2640 1342 2823 1389 tamen
2867 1336 3038 1390 nobis
3062 1352 3206 1390 unus
3235 1336 3502 1391 Dominus
3537 1346 3593 1391 et

2007 1426 2286 1489 Christus,
2336 1441 2432 1495 per.
2458 1443 2620 1497 quem
2663 1428 2849 1483 omnia
2886 1437 3015 1482 sunt
3057 1426 3222 1491 facta,
3261 1445 3368 1482 non
3398 1444 3596 1484 sccun:

2008 1519 2138 1573 dum
2172 1518 2480 1587 profectum
2514 1519 2630 1574 sive
2684 1534 3039 1589 progressum
3076 1519 3256 1574 fat-tus
3303 1519 3592 1584 Dominus,

2009 1612 2105 1667 sed
2143 1621 2268 1666 ante
2312 1626 2531 1666 onmem
2564 1618 2880 1664 creaturam
2911 1617 2966 1665 et
3015 1619 3140 1664 ante
3169 1610 3352 1663 omnia
3395 1609 3596 1664 saecula

315 1703 630 1773 ὑπάρχοντα
654 1743 666 1762 ,
701 1701 796 1754 καὶ
849 1700 1167 1753 κενώσαντα
1201 1698 1391 1752 ἑαυτὸν
1432 1699 1511 1761 είς
1553 1697 1742 1750 δούλου
1773 1713 1905 1767 μορ-

2023 1703 2280 1758 :xsistens
2309 1701 2572 1757 Dominus
2597 1699 2782 1763 Jesus,
2812 1717 2910 1771 per
2939 1717 3100 1771 quem
3129 1701 3335 1766 omnia,
3368 1701 3470 1754 hoc
3495 1715 3596 1753 nos

315 1793 442 1864 φὴν,
475 1792 574 1846 καὶ
602 1791 1037 1845 ταπεινωθέντα
1051 1791 1228 1860 μέχρι
1250 1789 1528 1854 θανάτου,
1553 1788 1813 1844 θανάτου
1834 1786 1902 1839 δὲ

315 1887 583 1955 σταυροῦ
607 1901 618 1914 ·
666 1886 760 1938 καὶ
791 1885 954 1938 πάλιν
990 1885 1049 1936 ὲν
1086 1884 1291 1956 ἑτέροις
1313 1921 1328 1946 ,
1367 1881 1571 1953 Κύριον
1606 1882 1704 1951 τῆς
1745 1881 1904 1951 δόξης

314 1979 573 2048 ὀνομάζει
603 1977 693 2030 τὸν
719 1975 1119 2048 σταυρωθέντα.
1151 1980 1220 2031 El
1249 1976 1360 2046 τὰρ
1394 1976 1689 2045 ἔγνωσαν,
1716 1973 1901 2043 φησὶν,

316 2075 427 2127 οὐκ
455 2071 531 2124 ἂν
560 2069 667 2122 τὸν
709 2071 927 2138 Κύριον
965 2067 1071 2134 τῆς
1116 2069 1301 2135 δόξης
1333 2068 1762 2136 ἐσταύρωσαν·
1811 2067 1906 2119 καὶ

317 2161 453 2219 πολύ
493 2177 557 2228 γε
606 2159 794 2212 τούτου
850 2159 1186 2231 γυμνότερον
1227 2158 1397 2229 αὐτὴν
1431 2158 1529 2230 τὴν
1566 2155 1756 2210 οὐσίαν
1785 2157 1906 2208 ὀνο-

323 2253 484 2325 μάζει
542 2253 768 2324 Κύριον,
815 2251 1014 2306 εἰπών·
1059 2251 1120 2303 '0
1171 2250 1240 2303 δὲ
1295 2251 1508 2318 Κύριος
1549 2249 1616 2301 τὸ
1670 2246 1908 2316 πνεῦμά

319 2347 510 2400 ἐστιν.
567 2347 626 2399 Ei
659 2347 840 2398 τοίνυν
870 2345 926 2396 ὲν
973 2344 1114 2413 ἀρχῇ
1153 2342 1344 2410 Λόγος,
1375 2340 1510 2394 καθὸ
1543 2339 1779 2408 πνεῦμα,
1797 2339 1908 2391 Κύ-

327 2457 439 2510 ριος
478 2438 571 2491 καὶ
606 2438 704 2506 τῆς
748 2435 905 2505 δόξης
940 2435 1182 2506 Κύριος·
1223 2434 1409 2488 τοῦτον
1457 2433 1513 2487 δὲ
1566 2434 1654 2486 τὸν
1699 2432 1904 2504 Κύριον

324 2533 420 2586 καὶ
457 2531 688 2602 Χριστὸν
738 2529 994 2598 ἐποίησεν
1027 2530 1055 2580 ὁ
1089 2527 1218 2590 Θεός
1243 2544 1255 2557 ·
1291 2527 1420 2580 αὐτὸ
1461 2527 1522 2578 τὸ
1556 2524 1773 2595 πνεῦμα
1811 2526 1906 2577 καὶ

322 2622 417 2675 τὸν
440 2621 572 2673 Θεὸν
607 2619 777 2686 Λόγον
815 2618 1068 2687 ἐποίησεν
1092 2621 1119 2671 ό
1145 2618 1278 2680 Θεὸς
1298 2658 1310 2681 ,
1347 2617 1442 2669 καὶ
1469 2617 1568 2669 οὐκ
1597 2615 1754 2669 ἄλλον
1787 2617 1908 2669 τινὰ

327 2713 558 2785 Κύριον,
587 2712 645 2764 ὃν
675 2709 1009 2779 ὀνειροπολεῖ
1036 2710 1333 2772 Βασίλειος.
1384 2728 1401 2758 ι

2010 1793 2269 1847 omnibus
2334 1794 2542 1848 sanctis
2587 1809 2696 1846 una
2751 1793 3125 1862 concordique
3180 1807 3316 1846 voce
3359 1800 3414 1846 ct.
3461 1806 3596 1845 cono

2012 1901 2176 1940 sensu
2207 1886 2535 1940 docentibus
2577 1897 2741 1956 atque
2784 1886 3131 1941 decretorum
3169 1865 3599 1956 pulcherrimum

2013 1979 2471 2034 annuntiantibus
2525 1979 2850 2035 :interdum
2903 1980 3049 2035 enim
3108 1980 3303 2034 beatus
3360 1977 3600 2031 Joannes

2015 2071 2186 2127 Deum
2239 2071 2506 2138 Verbum,
2558 2090 2656 2144 per
2708 2091 2871 2145 quem
2925 2075 3112 2129 omnia
3166 2074 3311 2127 facta
3360 2083 3509 2135 sunt,
3545 2073 3604 2126 in

2015 2178 2182 2219 carne
2211 2163 2412 2219 factum
2443 2181 2564 2221 esse
2596 2166 2912 2229 docet,dum
2935 2166 3090 2230 dicit,
3117 2165 3186 2219 Et
3223 2165 3445 2219 Verbum
3477 2181 3603 2218 caro

2016 2253 2218 2322 factum
2252 2255 2384 2310 est“.
2427 2255 2489 2309 Et
2521 2254 2724 2311 Paulus
2769 2258 3013 2311 omnium
3056 2257 3607 2319 admirabilissimus,

2017 2344 2087 2398 ad
2144 2344 2512 2402 humilitatem
2563 2349 2864 2403 exhortans
2909 2365 3004 2404 eos
3049 2349 3144 2418 qui
3202 2349 3304 2418 ipsi
3366 2356 3602 2402 mentem

2015 2436 2297 2502 adhibent,
2346 2439 2630 2496 Christum
2657 2440 2840 2496 Jesum
2871 2442 3005 2495 dicit
3047 2458 3170 2495 eum
3207 2442 3301 2510 qui
3338 2441 3392 2492 in
3431 2440 3604 2492 forma

2014 2527 2110 2581 Dei
2144 2530 2385 2595 exsistit,
2421 2541 2475 2585 et
2505 2532 2599 2601 qui
2639 2533 2997 2602 semetipsum
3039 2531 3343 2586 cxinanivit
3373 2530 3607 2583 formam

2017 2624 2160 2678 servi
2221 2625 2544 2694 accipiens:
2576 2625 2643 2678 Et
2677 2628 2764 2696 qui
2811 2627 3113 2679 liumiliavit
3158 2626 3390 2691 seipsunt
3430 2623 3606 2690 [actus

2017 2710 2260 2765 obediens
2310 2730 2471 2783 usque
2503 2713 2572 2767 ad
2614 2726 2856 2776 mortem,
2905 2724 3126 2767 mortem
3164 2723 3337 2769 (uilem
3372 2711 3605 2764 crucisi.

330 2807 394 2861 Et
420 2820 615 2861 rursus
638 2807 691 2860 'm
724 2801 844 2855 aliis
869 2843 885 2867 ,
924 2800 1216 2856 Dominum
1252 2803 1439 2872 gloriae
1477 2801 1726 2856 nominat
1761 2814 1883 2854 eum
1915 2803 2010 2869 qui
2049 2803 2102 2856 in
2136 2820 2355 2859 crucem
2389 2816 2544 2860 actus
2583 2817 2685 2863 est.
2728 2807 2784 2862 Si
2815 2808 2953 2862 enim
2990 2805 3372 2875 cognovissent,
3408 2801 3610 2870 inquit,

329 2899 616 2952 Dominum
656 2897 869 2966 gloriw,
901 2913 1004 2949 non
1047 2891 1502 2960 cruciﬁxissent“.
1539 2893 1607 2944 Et
1666 2889 1771 2942 hoc
1837 2893 2010 2946 multo
2037 2894 2240 2950 nudius
2282 2897 2455 2966 ipsam
2501 2900 2798 2954 essentiam
2870 2899 3115 2952 nominat
3155 2897 3444 2950 Dominum
3485 2907 3611 2948 cum

328 2989 513 3044 dixit:
552 2988 804 3041 Dominus
850 2996 1024 3040 autem
1069 2985 1287 3053 spiritus
1325 2990 1422 3035 est.
1466 2979 1524 3034 Si
1559 2981 1728 3049 igitur
1755 2985 1850 3050 qui
1894 2983 1949 3034 in
1982 2984 2254 3054 principio
2299 2999 2418 3043 erat
2454 2990 2716 3056 Verbum,
2748 3000 3021 3060 quatenus
3070 2989 3319 3058 spiritus,
3349 2984 3612 3038 Dominus

327 3091 416 3139 est
448 3089 502 3136 et
538 3081 726 3152 gloria:
768 3079 1028 3134 Dominus
1089 3074 1280 3128 :hunc
1360 3079 1544 3126 autem
1606 3071 1896 3126 Dominum
1979 3084 2042 3128 et
2081 3076 2362 3132 Christum
2421 3081 2550 3136 fecit
2601 3081 2778 3138 Deus:
2839 3097 2969 3152 ergo
3015 3089 3068 3136 et
3125 3081 3303 3150 ipsum
3358 3077 3613 3147 spiritum

330 3185 383 3231 ct
421 3175 587 3231 Deum
628 3174 865 3228 Verbum
922 3171 1050 3225 iecit
1083 3168 1249 3238 Deus,
1295 3181 1394 3222 nec
1433 3166 1597 3219 alium
1640 3165 1933 3234 quemdam
1967 3164 2266 3224 Dominum
2299 3187 2462 3241 quem
2498 3175 2735 3226 somniat
2766 3172 3002 3226 Basilius
3026 3172 3121 3241 (a).
3166 3191 3183 3220 ι

415 3267 482 3319 Ἡ
519 3267 694 3337 μὲνδὴ
723 3262 1046 3335 κατηγορία,
1081 3259 1327 3330 τοιαύτη.
1367 3260 1523 3312 Δοκεῖ
1559 3259 1615 3311 δέ
1650 3275 1740 3328 μοι
1780 3257 1916 3328 χρῆ-

2091 3267 2386 3320 Accusatio
2434 3266 2653 3335 quidem
2697 3266 2822 3320 talis
2861 3273 2964 3320 est.
3009 3265 3136 3316 Mihi
3181 3271 3360 3316 autem
3404 3261 3617 3315 videtur

269 3418 303 3438 Ι,
335 3377 423 3414 ναι
457 3358 673 3429 πρῶτον
722 3359 815 3410 ἐπὶ
874 3355 1188 3423 κεφαλαίων
1231 3354 1461 3406 ἕκαστον
1507 3351 1615 3404 τῶν
1665 3351 1924 3420 ἐπενηνε-

257 3439 266 3448 ’
336 3452 552 3523 γμένων
586 3454 643 3504 ἐν
682 3450 846 3520 ὀλίγῳ
873 3447 1162 3514 διεξελθεῖν
1190 3463 1202 3476 °
1240 3441 1339 3497 εἷθ’
1375 3443 1548 3506 οὕτως
1588 3441 1808 3496 εύθῦναι
1848 3440 1924 3511 τῷ

336 3546 479 3615 λόγῳ
505 3544 575 3596 τὰ
605 3543 892 3613 εἰρημένα,
923 3541 999 3604 ὡς
1046 3539 1112 3592 ἂν
1159 3541 1272 3602 τοῖς
1306 3555 1361 3590 τε
1390 3537 1635 3608 κρίνουσι
1663 3535 1762 3606 τὴν
1791 3535 1925 3605 ἁλή-

339 3639 490 3692 θειαν
522 3635 953 3705 εὐμνημόνευτος
988 3633 1020 3702 ἡ
1051 3631 1176 3684 καθ’
1221 3629 1376 3700 ἡμῶν
1405 3630 1490 3697 εἴη
1517 3627 1734 3697 γραφὴ,
1771 3627 1910 3697 πρὸς

341 3731 407 3799 ἣν
438 3723 883 3794 ἀπολογήσασθαι
909 3725 1014 3793 χρή
1037 3739 1052 3754 ο
1087 3722 1180 3774 καὶ
1208 3722 1368 3791 ἡμεῖς
1410 3721 1466 3771 ὲν
1497 3719 1647 3783 τάξει
1677 3718 1770 3770 καὶ
1798 3719 1928 3770 ἀκο-

341 3818 529 3888 λουθίᾳ
559 3817 669 3869 τῶν
699 3815 1060 3885 ἐγκλημάτων
1091 3814 1320 3866 ἕκαστον
1347 3810 1722 3879 διαλύσαιμεν.
1753 3809 1932 3862 Ἐπαι-

347 3910 638 3984 σχύνεσθαί
669 3925 834 3981 φησιν
868 3910 1016 3978 ἡμᾶς
1043 3906 1121 3977 τῷ
1154 3903 1377 3974 σταυρῷ
1409 3902 1502 3956 τοῦ
1527 3900 1764 3973 Χριστοῦ
1791 3943 1804 3968 ,
1839 3901 1933 3954 καὶ

343 4005 671 4075 κατηγορεῖν
696 4002 822 4064 τοὺς
853 4000 1041 4068 ἁγίους
1060 4040 1074 4064 ,
1097 3999 1192 4052 καὶ
1223 3997 1508 4066 ἄνθρωπον
1537 3996 1614 4057 εἰς
1645 3994 1932 4064 ἄνθρωπον

345 4094 678 4151 κεκενῶσθαι
709 4093 888 4160 λέγειν
908 4131 923 4156 ,
957 4091 1051 4145 καὶ
1089 4090 1196 4162 πρὸ
1230 4090 1327 4160 τῆς
1355 4089 1441 4141 διὰ
1491 4086 1693 4158 σαρκὸς
1724 4091 1938 4157 παρου-’

348 4194 470 4256 σίας
498 4192 596 4260 τὴν
617 4190 709 4244 τοῦ
730 4189 918 4242 δούλου
948 4188 1160 4259 μορφὴν
1195 4187 1337 4256 ἔχειν
1362 4185 1454 4239 τὸν
1480 4183 1681 4255 Κύριον
1703 4181 1933 4244 οἴεσθαι,

347 4285 442 4337 καὶ
474 4282 749 4354 ἀνθρώπῳ
775 4281 1086 4334 ἀνατιθέναι
1111 4280 1214 4348 τὴν
1245 4278 1531 4349 λύτρωσιν,
1565 4277 1657 4330 καὶ
1680 4276 1775 4329 δύο
1801 4277 1938 4346 Χρι-

352 4375 510 4440 στούς
535 4393 595 4427 τε
621 4376 713 4428 καὶ
740 4356 976 4444 Κυρίους
1007 4375 1066 4425 ἐν
1097 4371 1175 4443 τῷ
1202 4372 1428 4442 δόγματι
1461 4370 1641 4439 λέγειν
1665 4386 1676 4398 ⁸
1719 4368 1751 4438 ἢ
1781 4367 1831 4419 εί
1863 4366 1938 4435 μὴ

350 4467 527 4532 τοῦτο,
566 4466 672 4537 πρὸ
695 4465 790 4519 τοῦ
823 4465 1028 4528 πάθους
1063 4464 1137 4534 μὴ
1168 4463 1347 4530 λέγειν
1371 4457 1508 4514 εἶναι
1542 4460 1631 4514 τὸν
1676 4456 1937 4530 μονογενῆ

351 4561 586 4632 Χριστόν
637 4577 696 4612 τε
742 4558 836 4611 καὶ
865 4557 1088 4628 Κύριον.
1130 4557 1215 4617 Ὠς
1248 4553 1314 4607 ἂν
1364 4549 1456 4606 οὖν
1513 4552 1775 4622 φύγωμεν
1825 4549 1926 4616 τὴν

356 4652 706 4722 βλασφημίαν
733 4647 935 4718 ταύτην
956 4691 972 4715 ,
1011 4645 1344 4716 πεποιῆσθαί
1377 4661 1510 4714 φησι
1545 4643 1655 4695 δεῖν
1681 4641 1775 4694 τοῦ
1807 4639 1936 4693 Υίοῦ

352 4746 454 4815 τὴν
480 4745 668 4797 οὐσίαν
702 4742 1002 4813 ὁμολογεῖν,
1034 4741 1109 4803 ὡς
1135 4740 1228 4793 καὶ
1258 4737 1352 4790 τοῦ
1379 4735 1704 4789 Ἀποστόλου
1727 4734 1937 4804 Πέτρου

355 4838 419 4891 τὸ
457 4836 666 4890 τοιοῦτο
708 4836 885 4906 δόγμα
913 4836 978 4904 τῇ
1025 4832 1130 4902 ἰδίᾳ
1178 4828 1520 4901 βεϐαιοῦντος
1551 4828 1724 4897 φωνῇ.
1756 4824 1940 4877 Ταῦτα

356 4934 456 5002 τῆς
491 4928 825 5000 κατηγορίας
854 4927 969 4981 ἐστὶ
994 4925 1063 4978 τὰ
1092 4923 1364 4992 κεφάλαια
1386 4939 1399 4951 ·
1430 4919 1500 4973 τὰ
1529 4919 1638 4990 γὰρ
1664 4919 1765 4971 ὅσα
1805 4915 1942 4987 πρὸς

357 5021 456 5093 τὴν
508 5019 630 5074 καθ’
673 5019 831 5091 ἡμῶν
857 5014 1121 5086 λοιδορίαν
1157 5011 1579 5083 πεφιλοπόνηται
1603 5051 1618 5075 ,
1658 5009 1735 5072 ὼς
1787 5007 1943 5060 οὐδὲν

363 5112 720 5168 συντελοῦντα
773 5112 909 5183 πρὸς
949 5109 1040 5163 τὸν
1089 5105 1324 5169 σκοπὸν,
1383 5102 1748 5173 σιωπήσομαι.
1792 5098 1945 5168 Τάχα

361 5208 472 5280 γὰρ
518 5208 551 5277 ἡ
584 5204 807 5274 τοιαύτη
839 5202 948 5257 τῶν
979 5203 1152 5270 λόγων
1187 5194 1468 5266 καταφορὰ
1492 5233 1506 5256 ,
1535 5192 1680 5246 κατά
1709 5205 1833 5243 τινα
1855 5205 1946 5240 τε-

361 5301 556 5374 χνικὴν
587 5299 818 5374 θεωρίαν
845 5297 1082 5368 συνήθης
1113 5295 1231 5348 ἐστὶ
1261 5295 1374 5355 τοῖς
1401 5287 1777 5362 ῥητορεύουσι,
1811 5284 1947 5354 πρὸς

437 5465 460 5498 ⁶
531 5462 690 5518 Joan.
733 5460 886 5524 1,”.
961 5459 981 5488 "
1009 5457 1240 5526 Philipp.
1284 5471 1342 5519 ιι,
1367 5455 1418 5509 8.
1496 5453 1517 5482 "
1549 5451 1567 5504 Ι
1597 5450 1724 5506 Cor.
1767 5465 1825 5516 ιι,
1857 5448 1910 5503 8.

2031 3365 2286 3427 oportere
2335 3359 2574 3429 primum
2621 3359 2901 3428 sigillatim
2946 3355 3376 3425 unumquodque
3426 3368 3618 3407 eorum

2029 3466 2153 3520 quae
2197 3451 2346 3505 illata
2377 3460 2507 3506 sunt
2540 3452 2692 3506 brevi
2723 3466 2977 3505 sermone
3011 3461 3337 3517 percurrere
3375 3461 3386 3495 :
3423 3442 3620 3497 deinde

2031 3542 2111 3596 sic
2155 3543 2406 3597 oratione
2451 3558 2571 3612 qua:
2606 3549 2734 3595 sunt
2777 3540 2920 3593 dicta
2971 3537 3308 3592 adamussim
3358 3534 3617 3602 dirigere,

2033 3641 2094 3686 ut
2132 3644 2186 3689 et
2227 3636 2512 3689 veritatem
2563 3634 2944 3703 judicantibus
2988 3638 3293 3684 memoratu
3339 3626 3517 3679 facilis
3551 3623 3623 3676 sit

2034 3732 2227 3778 contra
2261 3741 2363 3779 nos
2389 3734 2658 3795 susceptae
2695 3723 3064 3778 accusationis
3090 3722 3329 3785 libellus,
3367 3719 3432 3770 ad
3459 3732 3622 3786 quem

2035 3818 2288 3873 defensio
2319 3819 2561 3886 paranda
2598 3825 2703 3881 est,
2746 3825 2800 3871 et
2842 3824 2898 3868 ut
2946 3830 3046 3868 nos
3089 3813 3283 3867 ordine
3324 3818 3377 3865 et
3417 3809 3624 3878 optima

2037 3910 2204 3976 serie,
2241 3911 2535 3965 criminum
2568 3908 3002 3979 untunquodque
3054 3906 3348 3958 diluamus.
3394 3901 3508 3955 Nos
3551 3903 3627 3953 ait

2038 4021 2204 4075 super
2238 4020 2403 4059 cruce
2437 4003 2643 4058 Christi
2691 4003 3019 4056 erubescere
3061 4008 3113 4053 et
3158 4003 3382 4051 sanctos
3433 3992 3624 4046 crimi-.

2037 4097 2160 4151 nari
2191 4105 2244 4151 et
2280 4097 2557 4150 hominem
2591 4096 2645 4148 in
2684 4095 2961 4161 hominem
3003 4089 3344 4146 exinanitum
3383 4099 3506 4137 esse
3539 4083 3624 4135 di-.

2041 4201 2186 4252 cere,
2224 4195 2390 4255 atque
2417 4195 2543 4239 ante
2570 4184 2868 4237 adventum
2903 4197 2998 4251 per
3030 4193 3248 4232 calnem
3272 4215 3286 4236 ,
3335 4173 3627 4225 Dominum

2041 4281 2185 4337 servi
2229 4279 2461 4334 formam
2494 4280 2697 4332 habere
2726 4287 2955 4346 putare;
2991 4281 3044 4326 et
3070 4268 3276 4324 homini
3301 4264 3628 4334 redemptio-

2043 4388 2169 4429 nem
2201 4372 2524 4436 attrihuere,
2555 4369 2806 4438 duosque
2853 4366 3105 4420 Christus
3146 4369 3199 4414 et
3253 4357 3515 4412 Dominos
3571 4357 3627 4408 in

2044 4465 2300 4536 dogmate
2329 4477 2607 4526 asserere;
2640 4461 2724 4514 vel
2759 4461 2806 4514 si
2844 4473 2953 4512 non
3003 4456 3106 4509 hoc
3150 4453 3480 4515 asserimus,
3518 4448 3628 4504 sal-

2046 4565 2154 4614 tem
2190 4559 2344 4611 illum
2380 4563 2509 4610 ante
2540 4555 2856 4624 passionem
2889 4567 2997 4605 non
3046 4550 3234 4608 dicere.
3285 4543 3628 4611 unigenitum

2047 4663 2172 4704 esse
2205 4646 2484 4700 Christum
2531 4652 2586 4699 et
2637 4643 2952 4697 Dominum.
2991 4638 3059 4694 Ut
3091 4638 3256 4708 igitur
3295 4637 3436 4689 hanc
3485 4633 3634 4686 blas-

2049 4736 2322 4808 phemiam
2355 4735 2470 4790 sive
2501 4734 2724 4804 impiam
2761 4731 3116 4786 offensionem
3151 4728 3448 4798 fugiamus.
3469 4737 3633 4792 opor-

2048 4837 2163 4884 tere
2190 4835 2438 4882 autumat
2470 4841 2572 4881 nos
2599 4825 2853 4880 conlitcri
2887 4822 3084 4876 factam
3129 4835 3251 4875 esse
3292 4816 3413 4870 Filii
3440 4828 3631 4870 essen-

2047 4922 2203 4983 tiam,
2236 4935 2361 4974 cum
2401 4919 2481 4974 sic
2519 4922 2686 4972 etiam
2717 4915 2915 4971 Petrus
2953 4913 3240 4986 apostolus
3281 4909 3391 4962 tale
3434 4906 3632 4975 dogma

2048 5015 2270 5087 pr0pria
2303 5028 2440 5068 voce
2465 5012 2770 5068 conﬁrmet.
2803 5010 2927 5064 llaec
2977 5004 3351 5063 accusationis
3383 5007 3510 5056 sunt
3543 5011 3636 5049 ra-

2050 5084 2199 5173 pita;
2236 5115 2362 5154 nam
2389 5115 2732 5173 quaecunque
2753 5099 2820 5153 ad
2854 5096 3290 5152 maledicentiam
3317 5101 3370 5146 et
3395 5084 3632 5142 convitia

2053 5203 2247 5248 contra
2275 5208 2376 5248 nos
2404 5200 2534 5247 sunt
2561 5193 2845 5246 elaborata
2867 5232 2882 5256 ,
2925 5199 2984 5244 ut
3018 5188 3085 5242 ad
3119 5202 3233 5240 rem
3285 5181 3421 5234 nihil
3469 5174 3635 5245 perti—

2056 5286 2239 5341 nentia
2274 5285 2478 5339 tacitus
2514 5284 2826 5353 praeteribo.
2856 5280 3135 5336 Fortassis
3171 5275 3313 5328 enim
3339 5267 3465 5323 talis
3511 5277 3635 5318 ora-

443 5597 521 5668 (α)
563 5594 862 5661 llucusque
903 5589 1068 5643 verba
1117 5593 1244 5642 sunt
1280 5585 1529 5642 Eunomii
1573 5584 1834 5641 adversus
1878 5582 2134 5640 Basiliam
2180 5581 2249 5636 M.
2303 5596 2332 5635 a
2374 5577 2637 5648 Gregorio
2670 5573 2916 5644 Nysscno
2967 5565 3032 5620 ad
3087 5561 3309 5618 verbum
3355 5558 3534 5614 relata
3577 5566 3639 5612 et.

367 5668 602 5724 inserta.
