  <div class='ocr_page' id='page_1' title='image "/cluster/home/n/w/nwhite01/storage/ocr_20150623/45/mdp.39015011921478/355.png"; bbox 0 0 4034 6156; ppageno 0'>
   <div class='ocr_carea' id='block_1_1' title="bbox 422 159 521 218">
    <p class='ocr_par' dir='ltr' id='par_1_1' title="bbox 422 159 521 218">
     <span class='ocr_line' id='line_1_1' title="bbox 422 159 521 218; baseline -0.071 -1"><span class='ocrx_word' id='word_1_1' title='bbox 422 159 521 218; x_wconf 72' lang='grc'><strong>691</strong></span> 
     </span>
    </p>
   </div>
   <div class='ocr_carea' id='block_1_2' title="bbox 1612 147 2370 218">
    <p class='ocr_par' dir='ltr' id='par_1_2' title="bbox 1612 147 2370 218">
     <span class='ocr_line' id='line_1_2' title="bbox 1612 147 2370 218; baseline -0.009 -10"><span class='ocrx_word' id='word_1_2' title='bbox 1612 154 1670 208; x_wconf 89' lang='lat' dir='ltr'><strong>S.</strong></span> <span class='ocrx_word' id='word_1_3' title='bbox 1706 150 2034 218; x_wconf 71' lang='lat' dir='ltr'><strong>GRL’GORH</strong></span> <span class='ocrx_word' id='word_1_4' title='bbox 2076 147 2370 216; x_wconf 71' lang='lat' dir='ltr'><strong>NYSSENI</strong></span> 
     </span>
    </p>
   </div>
   <div class='ocr_carea' id='block_1_3' title="bbox 3581 145 3697 202">
    <p class='ocr_par' dir='ltr' id='par_1_3' title="bbox 3581 145 3697 202">
     <span class='ocr_line' id='line_1_3' title="bbox 3581 145 3697 202; baseline 0 -1"><span class='ocrx_word' id='word_1_5' title='bbox 3581 145 3697 202; x_wconf 68' lang='lat'><strong>6-92</strong></span> 
     </span>
    </p>
   </div>
   <div class='ocr_carea' id='block_1_4' title="bbox 423 266 2046 348">
    <p class='ocr_par' dir='ltr' id='par_1_4' title="bbox 423 275 2046 348">
     <span class='ocr_line' id='line_1_4' title="bbox 423 275 2046 348; baseline -0.003 -15"><span class='ocrx_word' id='word_1_6' title='bbox 423 278 640 346; x_wconf 84' lang='lat' dir='ltr'><strong>tionum</strong></span> <span class='ocrx_word' id='word_1_7' title='bbox 671 279 906 348; x_wconf 86' lang='lat' dir='ltr'><strong>impetus</strong></span> <span class='ocrx_word' id='word_1_8' title='bbox 933 277 1229 331; x_wconf 87' lang='lat' dir='ltr'><strong>artificiosa</strong></span> <span class='ocrx_word' id='word_1_9' title='bbox 1263 277 1500 346; x_wconf 81' lang='lat' dir='ltr'><strong>quadam</strong></span> <span class='ocrx_word' id='word_1_10' title='bbox 1555 275 1767 330; x_wconf 83' lang='lat' dir='ltr'><strong>ratione</strong></span> <span class='ocrx_word' id='word_1_11' title='bbox 1814 275 2010 329; x_wconf 81' lang='lat' dir='ltr'><strong>decur-</strong></span> <span class='ocrx_word' id='word_1_12' title='bbox 2038 324 2046 342; x_wconf 38' lang='grc' dir='ltr'><strong>γ</strong></span> 
     </span>
    </p>
   </div>
   <div class='ocr_carea' id='block_1_5' title="bbox 2148 266 3700 348">
    <p class='ocr_par' dir='ltr' id='par_1_5' title="bbox 2148 266 3700 344">
     <span class='ocr_line' id='line_1_5' title="bbox 2148 266 3700 344; baseline -0.005 -16"><span class='ocrx_word' id='word_1_13' title='bbox 2148 275 2340 338; x_wconf 77' lang='grc' dir='ltr'>,είζονα</span> <span class='ocrx_word' id='word_1_14' title='bbox 2377 271 2709 344; x_wconf 79' lang='grc' dir='ltr'>κατηγορίας</span> <span class='ocrx_word' id='word_1_15' title='bbox 2761 270 2922 338; x_wconf 72' lang='grc' dir='ltr'>ὄγκον</span> <span class='ocrx_word' id='word_1_16' title='bbox 2973 266 3335 340; x_wconf 79' lang='grc' dir='ltr'>ὲξευρημένη.</span> <span class='ocrx_word' id='word_1_17' title='bbox 3389 266 3700 338; x_wconf 76' lang='grc' dir='ltr'>’Υϐριζέτω</span> 
     </span>
    </p>
   </div>
   <div class='ocr_carea' id='block_1_6' title="bbox 423 366 2003 436">
    <p class='ocr_par' dir='ltr' id='par_1_6' title="bbox 423 366 2003 436">
     <span class='ocr_line' id='line_1_6' title="bbox 423 366 2003 436; baseline -0.001 -11"><span class='ocrx_word' id='word_1_18' title='bbox 423 385 559 428; x_wconf 87' lang='lat' dir='ltr'><strong>rens</strong></span> <span class='ocrx_word' id='word_1_19' title='bbox 587 371 902 426; x_wconf 89' lang='lat' dir='ltr'><strong>oratoribus</strong></span> <span class='ocrx_word' id='word_1_20' title='bbox 934 368 1222 423; x_wconf 80' lang='lat' dir='ltr'><strong>familiaris</strong></span> <span class='ocrx_word' id='word_1_21' title='bbox 1251 377 1336 424; x_wconf 87' lang='lat' dir='ltr'><strong>est</strong></span> <span class='ocrx_word' id='word_1_22' title='bbox 1371 367 1439 421; x_wconf 89' lang='lat' dir='ltr'><strong>ad</strong></span> <span class='ocrx_word' id='word_1_23' title='bbox 1476 366 1738 436; x_wconf 90' lang='lat' dir='ltr'><strong>majorem</strong></span> <span class='ocrx_word' id='word_1_24' title='bbox 1771 383 2003 423; x_wconf 87' lang='lat' dir='ltr'><strong>accusa-</strong></span> 
     </span>
    </p>
   </div>
   <div class='ocr_carea' id='block_1_7' title="bbox 426 459 2010 527">
    <p class='ocr_par' dir='ltr' id='par_1_7' title="bbox 426 459 2010 527">
     <span class='ocr_line' id='line_1_7' title="bbox 426 459 2010 527; baseline -0.003 -9"><span class='ocrx_word' id='word_1_25' title='bbox 426 463 596 519; x_wconf 88' lang='lat' dir='ltr'><strong>tio‘nis</strong></span> <span class='ocrx_word' id='word_1_26' title='bbox 623 470 892 516; x_wconf 78' lang='lat' dir='ltr'><strong>tumorem</strong></span> <span class='ocrx_word' id='word_1_27' title='bbox 922 461 1197 516; x_wconf 88' lang='lat' dir='ltr'><strong>inventus.</strong></span> <span class='ocrx_word' id='word_1_28' title='bbox 1226 459 1408 526; x_wconf 83' lang='lat' dir='ltr'><strong>Quare</strong></span> <span class='ocrx_word' id='word_1_29' title='bbox 1443 459 1843 515; x_wconf 87' lang='lat' dir='ltr'><strong>contumeliose</strong></span> <span class='ocrx_word' id='word_1_30' title='bbox 1885 468 2010 527; x_wconf 81' lang='lat' dir='ltr'><strong>agat</strong></span> 
     </span>
    </p>
   </div>
   <div class='ocr_carea' id='block_1_8' title="bbox 429 533 2012 620">
    <p class='ocr_par' dir='ltr' id='par_1_8' title="bbox 429 533 2012 620">
     <span class='ocr_line' id='line_1_8' title="bbox 429 533 2012 620; baseline -0.002 -13"><span class='ocrx_word' id='word_1_31' title='bbox 429 562 534 607; x_wconf 83' lang='lat' dir='ltr'><strong>sua‘</strong></span> <span class='ocrx_word' id='word_1_32' title='bbox 581 559 699 605; x_wconf 88' lang='lat' dir='ltr'><strong>arte</strong></span> <span class='ocrx_word' id='word_1_33' title='bbox 753 550 842 604; x_wconf 93' lang='lat' dir='ltr'><strong>hic</strong></span> <span class='ocrx_word' id='word_1_34' title='bbox 889 550 1135 620; x_wconf 79' lang='lat' dir='ltr'><strong>50phista</strong></span> <span class='ocrx_word' id='word_1_35' title='bbox 1160 591 1174 614; x_wconf 90' lang='lat'><strong>,</strong></span> <span class='ocrx_word' id='word_1_36' title='bbox 1217 533 1272 604; x_wconf 82' lang='lat' dir='ltr'><strong>et.</strong></span> <span class='ocrx_word' id='word_1_37' title='bbox 1310 550 1528 620; x_wconf 86' lang='lat' dir='ltr'><strong>probris</strong></span> <span class='ocrx_word' id='word_1_38' title='bbox 1557 564 1621 602; x_wconf 87' lang='lat' dir='ltr'><strong>ac</strong></span> <span class='ocrx_word' id='word_1_39' title='bbox 1659 550 1818 605; x_wconf 64' lang='lat' dir='ltr'><strong>saevis</strong></span> <span class='ocrx_word' id='word_1_40' title='bbox 1849 548 2012 604; x_wconf 88' lang='lat' dir='ltr'><strong>dictis</strong></span> 
     </span>
    </p>
   </div>
   <div class='ocr_carea' id='block_1_9' title="bbox 429 642 2013 712">
    <p class='ocr_par' dir='ltr' id='par_1_9' title="bbox 429 642 2013 712">
     <span class='ocr_line' id='line_1_9' title="bbox 429 642 2013 712; baseline -0.003 -14"><span class='ocrx_word' id='word_1_41' title='bbox 429 658 534 698; x_wconf 84' lang='lat' dir='ltr'><strong>nos</strong></span> <span class='ocrx_word' id='word_1_42' title='bbox 580 642 902 712; x_wconf 90' lang='lat' dir='ltr'><strong>juveniliter</strong></span> <span class='ocrx_word' id='word_1_43' title='bbox 946 643 1183 697; x_wconf 86' lang='lat' dir='ltr'><strong>lacessat</strong></span> <span class='ocrx_word' id='word_1_44' title='bbox 1217 652 1271 697; x_wconf 88' lang='lat' dir='ltr'><strong>et</strong></span> <span class='ocrx_word' id='word_1_45' title='bbox 1298 642 1490 696; x_wconf 87' lang='lat' dir='ltr'><strong>incitet</strong></span> <span class='ocrx_word' id='word_1_46' title='bbox 1525 662 1538 698; x_wconf 94' lang='lat'>:</span> <span class='ocrx_word' id='word_1_47' title='bbox 1571 657 1635 696; x_wconf 91' lang='lat' dir='ltr'><strong>ac</strong></span> <span class='ocrx_word' id='word_1_48' title='bbox 1662 643 1806 696; x_wconf 91' lang='lat' dir='ltr'><strong>inter</strong></span> <span class='ocrx_word' id='word_1_49' title='bbox 1838 650 2013 697; x_wconf 87' lang='lat' dir='ltr'><strong>certa-</strong></span> 
     </span>
    </p>
   </div>
   <div class='ocr_carea' id='block_1_10' title="bbox 426 733 2015 808">
    <p class='ocr_par' dir='ltr' id='par_1_10' title="bbox 426 733 2015 808">
     <span class='ocr_line' id='line_1_10' title="bbox 426 733 2015 808; baseline -0.001 -19"><span class='ocrx_word' id='word_1_50' title='bbox 426 736 579 790; x_wconf 82' lang='lat' dir='ltr'><strong>mina</strong></span> <span class='ocrx_word' id='word_1_51' title='bbox 634 736 910 808; x_wconf 76' lang='lat' dir='ltr'><strong>longiores</strong></span> <span class='ocrx_word' id='word_1_52' title='bbox 967 735 1196 804; x_wconf 86' lang='lat' dir='ltr'><strong>spiritus</strong></span> <span class='ocrx_word' id='word_1_53' title='bbox 1245 734 1584 804; x_wconf 89' lang='lat' dir='ltr'><strong>producens,</strong></span> <span class='ocrx_word' id='word_1_54' title='bbox 1631 733 1866 805; x_wconf 86' lang='lat' dir='ltr'><strong>appellet</strong></span> <span class='ocrx_word' id='word_1_55' title='bbox 1912 748 2015 788; x_wconf 89' lang='lat' dir='ltr'><strong>nos</strong></span> 
     </span>
    </p>
   </div>
   <div class='ocr_carea' id='block_1_11' title="bbox 428 823 2015 887">
    <p class='ocr_par' dir='ltr' id='par_1_11' title="bbox 428 823 2015 887">
     <span class='ocr_line' id='line_1_11' title="bbox 428 823 2015 887; baseline -0.001 -8"><span class='ocrx_word' id='word_1_56' title='bbox 428 824 827 886; x_wconf 79' lang='lat' dir='ltr'><strong>inertissimos.</strong></span> <span class='ocrx_word' id='word_1_57' title='bbox 861 827 1106 878; x_wconf 90' lang='lat' dir='ltr'><strong>omnium</strong></span> <span class='ocrx_word' id='word_1_58' title='bbox 1133 826 1369 879; x_wconf 74' lang='lat' dir='ltr'><strong>maxime</strong></span> <span class='ocrx_word' id='word_1_59' title='bbox 1401 823 1767 887; x_wconf 83' lang='lat' dir='ltr'><strong>miserabiles,</strong></span> <span class='ocrx_word' id='word_1_60' title='bbox 1795 824 2015 878; x_wconf 87' lang='lat' dir='ltr'><strong>turbido</strong></span> 
     </span>
    </p>
   </div>
   <div class='ocr_carea' id='block_1_12' title="bbox 427 914 2016 986">
    <p class='ocr_par' dir='ltr' id='par_1_12' title="bbox 427 914 2016 986">
     <span class='ocr_line' id='line_1_12' title="bbox 427 914 2016 986; baseline -0.001 -16"><span class='ocrx_word' id='word_1_61' title='bbox 427 924 482 971; x_wconf 88' lang='lat' dir='ltr'><strong>et</strong></span> <span class='ocrx_word' id='word_1_62' title='bbox 521 915 765 971; x_wconf 89' lang='lat' dir='ltr'><strong>absurdo</strong></span> <span class='ocrx_word' id='word_1_63' title='bbox 803 925 953 971; x_wconf 90' lang='lat' dir='ltr'><strong>motu</strong></span> <span class='ocrx_word' id='word_1_64' title='bbox 989 917 1214 985; x_wconf 86' lang='lat' dir='ltr'><strong>plenos;</strong></span> <span class='ocrx_word' id='word_1_65' title='bbox 1251 923 1306 970; x_wconf 92' lang='lat' dir='ltr'><strong>et</strong></span> <span class='ocrx_word' id='word_1_66' title='bbox 1334 914 1604 986; x_wconf 84' lang='lat' dir='ltr'><strong>quidquid</strong></span> <span class='ocrx_word' id='word_1_67' title='bbox 1636 916 1750 969; x_wconf 85' lang='lat' dir='ltr'><strong>vult</strong></span> <span class='ocrx_word' id='word_1_68' title='bbox 1781 930 1881 984; x_wconf 90' lang='lat' dir='ltr'><strong>pro</strong></span> <span class='ocrx_word' id='word_1_69' title='bbox 1915 930 2016 969; x_wconf 87' lang='lat' dir='ltr'><strong>suo</strong></span> 
     </span>
    </p>
   </div>
   <div class='ocr_carea' id='block_1_13' title="bbox 429 1006 2019 1076">
    <p class='ocr_par' dir='ltr' id='par_1_13' title="bbox 429 1006 2019 1076">
     <span class='ocr_line' id='line_1_13' title="bbox 429 1006 2019 1076; baseline 0.001 -16"><span class='ocrx_word' id='word_1_70' title='bbox 429 1007 557 1076; x_wconf 88' lang='lat' dir='ltr'><strong>jure</strong></span> <span class='ocrx_word' id='word_1_71' title='bbox 606 1023 706 1062; x_wconf 91' lang='lat' dir='ltr'><strong>nos</strong></span> <span class='ocrx_word' id='word_1_72' title='bbox 760 1008 1004 1061; x_wconf 88' lang='lat' dir='ltr'><strong>omnium</strong></span> <span class='ocrx_word' id='word_1_73' title='bbox 1058 1007 1355 1061; x_wconf 89' lang='lat' dir='ltr'><strong>vilissimos</strong></span> <span class='ocrx_word' id='word_1_74' title='bbox 1410 1014 1465 1062; x_wconf 91' lang='lat' dir='ltr'><strong>et</strong></span> <span class='ocrx_word' id='word_1_75' title='bbox 1519 1006 2019 1075; x_wconf 90' lang='lat' dir='ltr'><strong>contemptissimos</strong></span> 
     </span>
    </p>
   </div>
   <div class='ocr_carea' id='block_1_14' title="bbox 435 1099 2020 1170">
    <p class='ocr_par' dir='ltr' id='par_1_14' title="bbox 435 1099 2020 1170">
     <span class='ocr_line' id='line_1_14' title="bbox 435 1099 2020 1170; baseline -0.001 -15"><span class='ocrx_word' id='word_1_76' title='bbox 435 1100 766 1163; x_wconf 87' lang='lat' dir='ltr'><strong>subsannet,</strong></span> <span class='ocrx_word' id='word_1_77' title='bbox 810 1108 863 1156; x_wconf 90' lang='lat' dir='ltr'><strong>et</strong></span> <span class='ocrx_word' id='word_1_78' title='bbox 910 1101 1053 1170; x_wconf 87' lang='lat' dir='ltr'><strong>turpi</strong></span> <span class='ocrx_word' id='word_1_79' title='bbox 1095 1099 1239 1156; x_wconf 87' lang='lat' dir='ltr'><strong>fama</strong></span> <span class='ocrx_word' id='word_1_80' title='bbox 1283 1099 1538 1167; x_wconf 78' lang='lat' dir='ltr'><strong>differat;</strong></span> <span class='ocrx_word' id='word_1_81' title='bbox 1578 1113 1677 1156; x_wconf 90' lang='lat' dir='ltr'><strong>nos</strong></span> <span class='ocrx_word' id='word_1_82' title='bbox 1723 1099 2020 1155; x_wconf 89' lang='lat' dir='ltr'><strong>sustinebi-</strong></span> 
     </span>
    </p>
   </div>
   <div class='ocr_carea' id='block_1_15' title="bbox 435 1192 2024 1263">
    <p class='ocr_par' dir='ltr' id='par_1_15' title="bbox 435 1192 2024 1263">
     <span class='ocr_line' id='line_1_15' title="bbox 435 1192 2024 1263; baseline 0.001 -18"><span class='ocrx_word' id='word_1_83' title='bbox 435 1207 589 1260; x_wconf 91' lang='lat' dir='ltr'><strong>mus;</strong></span> <span class='ocrx_word' id='word_1_84' title='bbox 624 1192 864 1248; x_wconf 79' lang='lat' dir='ltr'><strong>dedecus</strong></span> <span class='ocrx_word' id='word_1_85' title='bbox 896 1202 980 1252; x_wconf 88' lang='lat' dir='ltr'><strong>est</strong></span> <span class='ocrx_word' id='word_1_86' title='bbox 1021 1193 1167 1248; x_wconf 89' lang='lat' dir='ltr'><strong>enim</strong></span> <span class='ocrx_word' id='word_1_87' title='bbox 1221 1192 1339 1248; x_wconf 87' lang='lat' dir='ltr'><strong>viro</strong></span> <span class='ocrx_word' id='word_1_88' title='bbox 1385 1192 1683 1263; x_wconf 85' lang='lat' dir='ltr'><strong>prudenti,</strong></span> <span class='ocrx_word' id='word_1_89' title='bbox 1728 1206 1840 1246; x_wconf 90' lang='lat' dir='ltr'><strong>non</strong></span> <span class='ocrx_word' id='word_1_90' title='bbox 1889 1206 2024 1247; x_wconf 86' lang='lat' dir='ltr'><strong>sane</strong></span> 
     </span>
    </p>
   </div>
   <div class='ocr_carea' id='block_1_16' title="bbox 437 1283 2025 1354">
    <p class='ocr_par' dir='ltr' id='par_1_16' title="bbox 437 1283 2025 1354">
     <span class='ocr_line' id='line_1_16' title="bbox 437 1283 2025 1354; baseline 0.001 -17"><span class='ocrx_word' id='word_1_91' title='bbox 437 1283 832 1338; x_wconf 77' lang='lat' dir='ltr'><strong>conritiantem</strong></span> <span class='ocrx_word' id='word_1_92' title='bbox 871 1285 1084 1348; x_wconf 89' lang='lat' dir='ltr'><strong>audire,</strong></span> <span class='ocrx_word' id='word_1_93' title='bbox 1122 1283 1217 1345; x_wconf 87' lang='lat' dir='ltr'><strong>sed</strong></span> <span class='ocrx_word' id='word_1_94' title='bbox 1253 1285 1321 1340; x_wconf 88' lang='lat' dir='ltr'><strong>ad</strong></span> <span class='ocrx_word' id='word_1_95' title='bbox 1354 1299 1417 1339; x_wconf 84' lang='lat' dir='ltr'><strong>ea</strong></span> <span class='ocrx_word' id='word_1_96' title='bbox 1442 1299 1565 1354; x_wconf 66' lang='lat' dir='ltr'><strong>quae</strong></span> <span class='ocrx_word' id='word_1_97' title='bbox 1603 1284 1863 1339; x_wconf 90' lang='lat' dir='ltr'><strong>dicuntur</strong></span> <span class='ocrx_word' id='word_1_98' title='bbox 1893 1298 2025 1340; x_wconf 87' lang='lat' dir='ltr'><strong>con-</strong></span> 
     </span>
    </p>
   </div>
   <div class='ocr_carea' id='block_1_17' title="bbox 437 1373 2026 1444">
    <p class='ocr_par' dir='ltr' id='par_1_17' title="bbox 437 1373 2026 1444">
     <span class='ocr_line' id='line_1_17' title="bbox 437 1373 2026 1444; baseline 0.003 -19"><span class='ocrx_word' id='word_1_99' title='bbox 437 1373 572 1426; x_wconf 82' lang='lat' dir='ltr'><strong>vitia</strong></span> <span class='ocrx_word' id='word_1_100' title='bbox 609 1381 950 1444; x_wconf 85' lang='lat' dir='ltr'><strong>retorquere.</strong></span> <span class='ocrx_word' id='word_1_101' title='bbox 989 1373 1130 1428; x_wconf 90' lang='lat' dir='ltr'><strong>Utile</strong></span> <span class='ocrx_word' id='word_1_102' title='bbox 1163 1373 1331 1428; x_wconf 88' lang='lat' dir='ltr'><strong>etiam</strong></span> <span class='ocrx_word' id='word_1_103' title='bbox 1360 1373 1566 1444; x_wconf 91' lang='lat' dir='ltr'><strong>aliquid</strong></span> <span class='ocrx_word' id='word_1_104' title='bbox 1601 1374 1764 1428; x_wconf 84' lang='lat' dir='ltr'><strong>habet</strong></span> <span class='ocrx_word' id='word_1_105' title='bbox 1791 1373 2026 1428; x_wconf 81' lang='lat' dir='ltr'><strong>fortasse</strong></span> 
     </span>
    </p>
   </div>
   <div class='ocr_carea' id='block_1_18' title="bbox 441 1448 2025 1538">
    <p class='ocr_par' dir='ltr' id='par_1_18' title="bbox 441 1448 2025 1538">
     <span class='ocr_line' id='line_1_18' title="bbox 441 1448 2025 1538; baseline -0.001 -17"><span class='ocrx_word' id='word_1_106' title='bbox 441 1467 626 1537; x_wconf 89' lang='lat' dir='ltr'><strong>ipsum</strong></span> <span class='ocrx_word' id='word_1_107' title='bbox 665 1476 857 1524; x_wconf 84' lang='lat' dir='ltr'><strong>contra</strong></span> <span class='ocrx_word' id='word_1_108' title='bbox 903 1483 1005 1522; x_wconf 91' lang='lat' dir='ltr'><strong>nos</strong></span> <span class='ocrx_word' id='word_1_109' title='bbox 1049 1483 1150 1522; x_wconf 89' lang='lat' dir='ltr'><strong>suo</strong></span> <span class='ocrx_word' id='word_1_110' title='bbox 1189 1466 1409 1538; x_wconf 84' lang='lat' dir='ltr'><strong>ingenio</strong></span> <span class='ocrx_word' id='word_1_111' title='bbox 1451 1448 1611 1522; x_wconf 80' lang='lat' dir='ltr'><strong>usum</strong></span> <span class='ocrx_word' id='word_1_112' title='bbox 1656 1467 1860 1533; x_wconf 89' lang='lat' dir='ltr'><strong>fuisse;</strong></span> <span class='ocrx_word' id='word_1_113' title='bbox 1899 1482 2025 1521; x_wconf 92' lang='lat' dir='ltr'><strong>nam</strong></span> 
     </span>
    </p>
   </div>
   <div class='ocr_carea' id='block_1_19' title="bbox 442 1559 2080 1630">
    <p class='ocr_par' dir='ltr' id='par_1_19' title="bbox 442 1559 2080 1630">
     <span class='ocr_line' id='line_1_19' title="bbox 442 1559 2080 1630; baseline 0.001 -18"><span class='ocrx_word' id='word_1_114' title='bbox 442 1561 769 1614; x_wconf 85' lang='lat' dir='ltr'><strong>maledicam</strong></span> <span class='ocrx_word' id='word_1_115' title='bbox 799 1576 954 1615; x_wconf 88' lang='lat' dir='ltr'><strong>suam</strong></span> <span class='ocrx_word' id='word_1_116' title='bbox 985 1561 1041 1613; x_wconf 91' lang='lat' dir='ltr'><strong>in</strong></span> <span class='ocrx_word' id='word_1_117' title='bbox 1077 1575 1179 1614; x_wconf 91' lang='lat' dir='ltr'><strong>nos</strong></span> <span class='ocrx_word' id='word_1_118' title='bbox 1213 1560 1454 1630; x_wconf 86' lang='lat' dir='ltr'><strong>linguam</strong></span> <span class='ocrx_word' id='word_1_119' title='bbox 1478 1575 1764 1622; x_wconf 83' lang='lat' dir='ltr'><strong>exercens,</strong></span> <span class='ocrx_word' id='word_1_120' title='bbox 1793 1559 2029 1614; x_wconf 81' lang='lat' dir='ltr'><strong>fortasse</strong></span> <span class='ocrx_word' id='word_1_121' title='bbox 2077 1591 2080 1596; x_wconf 94' lang='lat'><strong><em>-</em></strong></span> 
     </span>
    </p>
   </div>
   <div class='ocr_carea' id='block_1_20' title="bbox 2111 360 3702 438">
    <p class='ocr_par' dir='ltr' id='par_1_20' title="bbox 2111 360 3702 438">
     <span class='ocr_line' id='line_1_20' title="bbox 2111 360 3702 438; baseline -0.005 -18"><span class='ocrx_word' id='word_1_122' title='bbox 2111 367 2289 422; x_wconf 83' lang='grc' dir='ltr'>τοίνυν</span> <span class='ocrx_word' id='word_1_123' title='bbox 2323 366 2410 420; x_wconf 87' lang='grc' dir='ltr'>διὰ</span> <span class='ocrx_word' id='word_1_124' title='bbox 2454 365 2551 438; x_wconf 85' lang='grc' dir='ltr'>τὴν</span> <span class='ocrx_word' id='word_1_125' title='bbox 2606 364 2802 434; x_wconf 88' lang='grc' dir='ltr'>τέχνην</span> <span class='ocrx_word' id='word_1_126' title='bbox 2853 366 2880 416; x_wconf 91' lang='grc' dir='ltr'>ὀ</span> <span class='ocrx_word' id='word_1_127' title='bbox 2920 363 3181 432; x_wconf 80' lang='grc' dir='ltr'>σοφιστὴς</span> <span class='ocrx_word' id='word_1_128' title='bbox 3207 401 3221 424; x_wconf 91' lang='grc'><strong>,</strong></span> <span class='ocrx_word' id='word_1_129' title='bbox 3273 360 3368 414; x_wconf 75' lang='grc' dir='ltr'><strong>καὶ</strong></span> <span class='ocrx_word' id='word_1_130' title='bbox 3414 363 3526 422; x_wconf 83' lang='grc' dir='ltr'>τοῖς</span> <span class='ocrx_word' id='word_1_131' title='bbox 3571 361 3702 412; x_wconf 82' lang='grc' dir='ltr'>καθ’</span> 
     </span>
    </p>
   </div>
   <div class='ocr_carea' id='block_1_21' title="bbox 2114 450 3702 532">
    <p class='ocr_par' dir='ltr' id='par_1_21' title="bbox 2114 450 3702 532">
     <span class='ocr_line' id='line_1_21' title="bbox 2114 450 3702 532; baseline -0.006 -19"><span class='ocrx_word' id='word_1_132' title='bbox 2114 459 2270 532; x_wconf 80' lang='grc' dir='ltr'>ήμῶν</span> <span class='ocrx_word' id='word_1_133' title='bbox 2319 457 2575 512; x_wconf 82' lang='grc' dir='ltr'><strong>ὀνείδεσιν</strong></span> <span class='ocrx_word' id='word_1_134' title='bbox 2607 456 3004 526; x_wconf 74' lang='grc' dir='ltr'>ἐνακμαζέτωο</span> <span class='ocrx_word' id='word_1_135' title='bbox 3060 452 3262 524; x_wconf 78' lang='grc' dir='ltr'>μεταξὺ</span> <span class='ocrx_word' id='word_1_136' title='bbox 3313 451 3421 504; x_wconf 89' lang='grc' dir='ltr'><strong>τῶν</strong></span> <span class='ocrx_word' id='word_1_137' title='bbox 3468 450 3702 519; x_wconf 82' lang='grc' dir='ltr'><strong>ἀγώνων</strong></span> 
     </span>
    </p>
   </div>
   <div class='ocr_carea' id='block_1_22' title="bbox 2113 546 3720 622">
    <p class='ocr_par' dir='ltr' id='par_1_22' title="bbox 2113 546 3720 622">
     <span class='ocr_line' id='line_1_22' title="bbox 2113 546 3720 622; baseline -0.006 -17"><span class='ocrx_word' id='word_1_138' title='bbox 2113 554 2233 618; x_wconf 76' lang='grc' dir='ltr'>ταῖς</span> <span class='ocrx_word' id='word_1_139' title='bbox 2263 554 2600 622; x_wconf 81' lang='grc' dir='ltr'><strong>καταφοραῖς</strong></span> <span class='ocrx_word' id='word_1_140' title='bbox 2630 548 3033 620; x_wconf 85' lang='grc' dir='ltr'>ὲμπομπεύων,</span> <span class='ocrx_word' id='word_1_141' title='bbox 3068 546 3302 600; x_wconf 82' lang='grc' dir='ltr'>καλείτω</span> <span class='ocrx_word' id='word_1_142' title='bbox 3339 546 3557 603; x_wconf 82' lang='grc' dir='ltr'>πάντων</span> <span class='ocrx_word' id='word_1_143' title='bbox 3593 547 3665 616; x_wconf 60' lang='grc' dir='ltr'>ρξι</span> <span class='ocrx_word' id='word_1_144' title='bbox 3710 575 3720 582; x_wconf 88' lang='grc'><strong><em>-</em></strong></span> 
     </span>
    </p>
   </div>
   <div class='ocr_carea' id='block_1_23' title="bbox 2117 637 3705 714">
    <p class='ocr_par' dir='ltr' id='par_1_23' title="bbox 2117 637 3705 714">
     <span class='ocr_line' id='line_1_23' title="bbox 2117 637 3705 714; baseline -0.006 -17"><span class='ocrx_word' id='word_1_145' title='bbox 2117 643 2452 714; x_wconf 86' lang='grc' dir='ltr'>θυμοτάτους</span> <span class='ocrx_word' id='word_1_146' title='bbox 2472 685 2488 710; x_wconf 91' lang='grc'><strong>,</strong></span> <span class='ocrx_word' id='word_1_147' title='bbox 2519 643 2612 696; x_wconf 81' lang='grc' dir='ltr'>καὶ</span> <span class='ocrx_word' id='word_1_148' title='bbox 2644 642 2860 695; x_wconf 84' lang='grc' dir='ltr'>πάντων</span> <span class='ocrx_word' id='word_1_149' title='bbox 2889 639 3286 702; x_wconf 80' lang='grc' dir='ltr'>ἐλεεινοτάτους</span> <span class='ocrx_word' id='word_1_150' title='bbox 3306 681 3320 706; x_wconf 93' lang='grc'><strong>,</strong></span> <span class='ocrx_word' id='word_1_151' title='bbox 3355 637 3602 710; x_wconf 79' lang='grc' dir='ltr'>ταραχῆς</span> <span class='ocrx_word' id='word_1_152' title='bbox 3635 653 3705 688; x_wconf 87' lang='grc' dir='ltr'><strong>τε</strong></span> 
     </span>
    </p>
   </div>
   <div class='ocr_carea' id='block_1_24' title="bbox 2118 725 3704 804">
    <p class='ocr_par' dir='ltr' id='par_1_24' title="bbox 2118 725 3704 804">
     <span class='ocr_line' id='line_1_24' title="bbox 2118 725 3704 804; baseline -0.005 -15"><span class='ocrx_word' id='word_1_153' title='bbox 2118 725 2214 789; x_wconf 70' lang='grc' dir='ltr'><strong>καί.</strong></span> <span class='ocrx_word' id='word_1_154' title='bbox 2234 734 2459 798; x_wconf 79' lang='grc' dir='ltr'>ἀτοπίας</span> <span class='ocrx_word' id='word_1_155' title='bbox 2493 733 2738 804; x_wconf 81' lang='grc' dir='ltr'><strong>πλήρεις·</strong></span> <span class='ocrx_word' id='word_1_156' title='bbox 2765 732 2858 786; x_wconf 73' lang='grc' dir='ltr'><strong>καὶ</strong></span> <span class='ocrx_word' id='word_1_157' title='bbox 2891 731 3109 785; x_wconf 85' lang='grc' dir='ltr'>πάντων</span> <span class='ocrx_word' id='word_1_158' title='bbox 3139 732 3234 784; x_wconf 81' lang='grc' dir='ltr'><strong>ὅτι</strong></span> <span class='ocrx_word' id='word_1_159' title='bbox 3271 729 3521 799; x_wconf 87' lang='grc' dir='ltr'>βούλεται</span> <span class='ocrx_word' id='word_1_160' title='bbox 3553 746 3704 798; x_wconf 82' lang='grc' dir='ltr'>φαυ-</span> 
     </span>
    </p>
   </div>
   <div class='ocr_carea' id='block_1_25' title="bbox 2118 822 3702 896">
    <p class='ocr_par' dir='ltr' id='par_1_25' title="bbox 2118 822 3702 896">
     <span class='ocr_line' id='line_1_25' title="bbox 2118 822 3702 896; baseline -0.005 -15"><span class='ocrx_word' id='word_1_161' title='bbox 2118 827 2314 892; x_wconf 79' lang='grc' dir='ltr'>λιζέτω</span> <span class='ocrx_word' id='word_1_162' title='bbox 2343 828 2462 881; x_wconf 89' lang='grc' dir='ltr'>κατ’</span> <span class='ocrx_word' id='word_1_163' title='bbox 2503 825 2749 893; x_wconf 75' lang='grc' dir='ltr'>ἐξουσίαν</span> <span class='ocrx_word' id='word_1_164' title='bbox 2782 827 2928 896; x_wconf 84' lang='grc' dir='ltr'>ἡμᾶς</span> <span class='ocrx_word' id='word_1_165' title='bbox 2951 864 2964 889; x_wconf 83' lang='grc'><strong>,</strong></span> <span class='ocrx_word' id='word_1_166' title='bbox 3013 823 3109 878; x_wconf 68' lang='grc' dir='ltr'>καὶ</span> <span class='ocrx_word' id='word_1_167' title='bbox 3147 825 3308 894; x_wconf 79' lang='grc' dir='ltr'>ἡμεῖς</span> <span class='ocrx_word' id='word_1_168' title='bbox 3355 822 3656 892; x_wconf 80' lang='grc' dir='ltr'>ἀνεξόμεθα.</span> <span class='ocrx_word' id='word_1_169' title='bbox 3682 839 3702 854; x_wconf 81' lang='grc' dir='ltr'><strong><em>ο</em></strong></span> 
     </span>
    </p>
   </div>
   <div class='ocr_carea' id='block_1_26' title="bbox 2121 913 3704 990">
    <p class='ocr_par' dir='ltr' id='par_1_26' title="bbox 2121 913 3704 990">
     <span class='ocr_line' id='line_1_26' title="bbox 2121 913 3704 990; baseline -0.006 -16"><span class='ocrx_word' id='word_1_170' title='bbox 2121 918 2348 990; x_wconf 81' lang='grc' dir='ltr'>αἰσχύνη</span> <span class='ocrx_word' id='word_1_171' title='bbox 2382 919 2489 988; x_wconf 87' lang='grc' dir='ltr'><strong>γάρ</strong></span> <span class='ocrx_word' id='word_1_172' title='bbox 2538 919 2655 970; x_wconf 77' lang='grc' dir='ltr'>ἐστι</span> <span class='ocrx_word' id='word_1_173' title='bbox 2705 916 2783 986; x_wconf 81' lang='grc' dir='ltr'>τῷ</span> <span class='ocrx_word' id='word_1_174' title='bbox 2825 933 2889 984; x_wconf 91' lang='grc' dir='ltr'><strong>γε</strong></span> <span class='ocrx_word' id='word_1_175' title='bbox 2934 914 3059 968; x_wconf 93' lang='grc' dir='ltr'>νοῦν</span> <span class='ocrx_word' id='word_1_176' title='bbox 3091 914 3264 985; x_wconf 80' lang='grc' dir='ltr'>ἔχοντι</span> <span class='ocrx_word' id='word_1_177' title='bbox 3288 955 3302 978; x_wconf 92' lang='grc'><strong>,</strong></span> <span class='ocrx_word' id='word_1_178' title='bbox 3349 915 3411 966; x_wconf 88' lang='grc' dir='ltr'><strong>ού</strong></span> <span class='ocrx_word' id='word_1_179' title='bbox 3445 914 3504 966; x_wconf 84' lang='grc' dir='ltr'><strong>τὸ</strong></span> <span class='ocrx_word' id='word_1_180' title='bbox 3529 913 3704 966; x_wconf 84' lang='grc' dir='ltr'>λοιδο-</span> 
     </span>
    </p>
   </div>
   <div class='ocr_carea' id='block_1_27' title="bbox 2124 1004 3704 1080">
    <p class='ocr_par' dir='ltr' id='par_1_27' title="bbox 2124 1004 3704 1080">
     <span class='ocr_line' id='line_1_27' title="bbox 2124 1004 3704 1080; baseline -0.005 -16"><span class='ocrx_word' id='word_1_181' title='bbox 2124 1010 2342 1080; x_wconf 84' lang='grc' dir='ltr'>ροῦντος</span> <span class='ocrx_word' id='word_1_182' title='bbox 2371 1008 2612 1073; x_wconf 86' lang='grc' dir='ltr'>ἀκούειν,</span> <span class='ocrx_word' id='word_1_183' title='bbox 2639 1009 2773 1062; x_wconf 87' lang='grc' dir='ltr'><strong>ἀλλά</strong></span> <span class='ocrx_word' id='word_1_184' title='bbox 2802 1007 2936 1078; x_wconf 79' lang='grc' dir='ltr'>πρὸς</span> <span class='ocrx_word' id='word_1_185' title='bbox 2963 1006 3024 1058; x_wconf 84' lang='grc' dir='ltr'><strong>τὸ</strong></span> <span class='ocrx_word' id='word_1_186' title='bbox 3059 1005 3222 1077; x_wconf 80' lang='grc' dir='ltr'>ῥηθὲν</span> <span class='ocrx_word' id='word_1_187' title='bbox 3248 1004 3704 1075; x_wconf 80' lang='grc' dir='ltr'>ἐπιστρέφεσθαι.</span> 
     </span>
    </p>
   </div>
   <div class='ocr_carea' id='block_1_28' title="bbox 2127 1095 3710 1172">
    <p class='ocr_par' dir='ltr' id='par_1_28' title="bbox 2127 1095 3710 1172">
     <span class='ocr_line' id='line_1_28' title="bbox 2127 1095 3710 1172; baseline -0.003 -16"><span class='ocrx_word' id='word_1_188' title='bbox 2127 1104 2278 1172; x_wconf 85' lang='grc' dir='ltr'>Ἔχει</span> <span class='ocrx_word' id='word_1_189' title='bbox 2311 1101 2368 1155; x_wconf 88' lang='grc' dir='ltr'><strong>δέ</strong></span> <span class='ocrx_word' id='word_1_190' title='bbox 2412 1118 2463 1154; x_wconf 90' lang='grc' dir='ltr'><strong>τι</strong></span> <span class='ocrx_word' id='word_1_191' title='bbox 2491 1102 2584 1156; x_wconf 71' lang='grc' dir='ltr'><strong>καὶ</strong></span> <span class='ocrx_word' id='word_1_192' title='bbox 2613 1101 2882 1171; x_wconf 84' lang='grc' dir='ltr'>χρήσιμον</span> <span class='ocrx_word' id='word_1_193' title='bbox 2911 1099 3046 1162; x_wconf 79' lang='grc' dir='ltr'>ἴσως</span> <span class='ocrx_word' id='word_1_194' title='bbox 3077 1098 3138 1150; x_wconf 87' lang='grc' dir='ltr'><strong>τὸ</strong></span> <span class='ocrx_word' id='word_1_195' title='bbox 3185 1096 3307 1150; x_wconf 80' lang='grc' dir='ltr'>καθ’</span> <span class='ocrx_word' id='word_1_196' title='bbox 3333 1095 3488 1166; x_wconf 81' lang='grc' dir='ltr'>ἡμῶν</span> <span class='ocrx_word' id='word_1_197' title='bbox 3536 1095 3710 1152; x_wconf 70' lang='grc' dir='ltr'>αὐτὸν</span> 
     </span>
    </p>
   </div>
   <div class='ocr_carea' id='block_1_29' title="bbox 2125 1185 3705 1264">
    <p class='ocr_par' dir='ltr' id='par_1_29' title="bbox 2125 1185 3705 1264">
     <span class='ocr_line' id='line_1_29' title="bbox 2125 1185 3705 1264; baseline -0.006 -16"><span class='ocrx_word' id='word_1_198' title='bbox 2125 1193 2424 1264; x_wconf 82' lang='grc' dir='ltr'>κεχρῆσθαι</span> <span class='ocrx_word' id='word_1_199' title='bbox 2450 1196 2516 1263; x_wconf 83' lang='grc' dir='ltr'>τῇ</span> <span class='ocrx_word' id='word_1_200' title='bbox 2550 1193 2709 1262; x_wconf 87' lang='grc' dir='ltr'>φύσει</span> <span class='ocrx_word' id='word_1_201' title='bbox 2730 1207 2744 1222; x_wconf 83' lang='grc'><em>’</em></span> <span class='ocrx_word' id='word_1_202' title='bbox 2771 1191 2911 1261; x_wconf 86' lang='grc' dir='ltr'>τάχα</span> <span class='ocrx_word' id='word_1_203' title='bbox 2934 1191 3041 1262; x_wconf 81' lang='grc' dir='ltr'><strong>γὰρ</strong></span> <span class='ocrx_word' id='word_1_204' title='bbox 3073 1189 3172 1259; x_wconf 82' lang='grc' dir='ltr'>τὴν</span> <span class='ocrx_word' id='word_1_205' title='bbox 3198 1188 3506 1257; x_wconf 85' lang='grc' dir='ltr'>κακήγορον</span> <span class='ocrx_word' id='word_1_206' title='bbox 3534 1185 3705 1239; x_wconf 79' lang='grc' dir='ltr'>αὑτοῦ</span> 
     </span>
    </p>
   </div>
   <div class='ocr_carea' id='block_1_30' title="bbox 2126 1277 3709 1356">
    <p class='ocr_par' dir='ltr' id='par_1_30' title="bbox 2126 1277 3709 1356">
     <span class='ocr_line' id='line_1_30' title="bbox 2126 1277 3709 1356; baseline -0.007 -17"><span class='ocrx_word' id='word_1_207' title='bbox 2126 1286 2376 1356; x_wconf 88' lang='grc' dir='ltr'>γλῶσσαν</span> <span class='ocrx_word' id='word_1_208' title='bbox 2403 1287 2482 1349; x_wconf 88' lang='grc' dir='ltr'><strong>εἰς</strong></span> <span class='ocrx_word' id='word_1_209' title='bbox 2511 1285 2659 1354; x_wconf 81' lang='grc' dir='ltr'>ἡμᾶς</span> <span class='ocrx_word' id='word_1_210' title='bbox 2701 1282 3040 1353; x_wconf 84' lang='grc' dir='ltr'>ἁσχολήσας,</span> <span class='ocrx_word' id='word_1_211' title='bbox 3087 1279 3286 1352; x_wconf 76' lang='grc' dir='ltr'>μικράν</span> <span class='ocrx_word' id='word_1_212' title='bbox 3333 1277 3462 1346; x_wconf 87' lang='grc' dir='ltr'>γοῦν</span> <span class='ocrx_word' id='word_1_213' title='bbox 3493 1279 3709 1346; x_wconf 77' lang='grc' dir='ltr'>ἐκεχει-</span> 
     </span>
    </p>
   </div>
   <div class='ocr_carea' id='block_1_31' title="bbox 2130 1368 3711 1450">
    <p class='ocr_par' dir='ltr' id='par_1_31' title="bbox 2130 1368 3711 1450">
     <span class='ocr_line' id='line_1_31' title="bbox 2130 1368 3711 1450; baseline -0.005 -20"><span class='ocrx_word' id='word_1_214' title='bbox 2130 1379 2252 1450; x_wconf 83' lang='grc' dir='ltr'>ρίαν</span> <span class='ocrx_word' id='word_1_215' title='bbox 2278 1380 2377 1448; x_wconf 84' lang='grc' dir='ltr'>τῆς</span> <span class='ocrx_word' id='word_1_216' title='bbox 2417 1377 2558 1430; x_wconf 80' lang='grc' dir='ltr'>κατὰ</span> <span class='ocrx_word' id='word_1_217' title='bbox 2604 1374 2698 1428; x_wconf 84' lang='grc' dir='ltr'><strong>τοῦ</strong></span> <span class='ocrx_word' id='word_1_218' title='bbox 2737 1373 2873 1427; x_wconf 85' lang='grc' dir='ltr'>Θεοῦ</span> <span class='ocrx_word' id='word_1_219' title='bbox 2925 1374 3106 1444; x_wconf 83' lang='grc' dir='ltr'><strong>μάχης</strong></span> <span class='ocrx_word' id='word_1_220' title='bbox 3139 1372 3443 1442; x_wconf 84' lang='grc' dir='ltr'>ποιήσεται.</span> <span class='ocrx_word' id='word_1_221' title='bbox 3496 1368 3711 1422; x_wconf 83' lang='grc' dir='ltr'>Οὐκοῦν</span> 
     </span>
    </p>
   </div>
   <div class='ocr_carea' id='block_1_32' title="bbox 2130 1461 3714 1541">
    <p class='ocr_par' dir='ltr' id='par_1_32' title="bbox 2130 1461 3714 1541">
     <span class='ocr_line' id='line_1_32' title="bbox 2130 1461 3714 1541; baseline -0.004 -20"><span class='ocrx_word' id='word_1_222' title='bbox 2130 1468 2476 1541; x_wconf 77' lang='grc' dir='ltr'>ἐμφορείσθω</span> <span class='ocrx_word' id='word_1_223' title='bbox 2522 1466 2641 1521; x_wconf 88' lang='grc' dir='ltr'>κατ’</span> <span class='ocrx_word' id='word_1_224' title='bbox 2677 1465 2924 1529; x_wconf 78' lang='grc' dir='ltr'>ἐξουσίαν</span> <span class='ocrx_word' id='word_1_225' title='bbox 2955 1464 3063 1517; x_wconf 89' lang='grc' dir='ltr'><strong>τῶν</strong></span> <span class='ocrx_word' id='word_1_226' title='bbox 3097 1462 3342 1534; x_wconf 76' lang='grc' dir='ltr'>ὕϐρεων,</span> <span class='ocrx_word' id='word_1_227' title='bbox 3373 1462 3467 1514; x_wconf 79' lang='grc' dir='ltr'><strong>καὶ</strong></span> <span class='ocrx_word' id='word_1_228' title='bbox 3497 1462 3525 1514; x_wconf 87' lang='grc' dir='ltr'>ὁ</span> <span class='ocrx_word' id='word_1_229' title='bbox 3558 1461 3714 1514; x_wconf 83' lang='grc' dir='ltr'>ἀντι-</span> 
     </span>
    </p>
   </div>
   <div class='ocr_carea' id='block_1_33' title="bbox 2131 1552 3712 1630">
    <p class='ocr_par' dir='ltr' id='par_1_33' title="bbox 2131 1552 3712 1630">
     <span class='ocr_line' id='line_1_33' title="bbox 2131 1552 3712 1630; baseline -0.007 -16"><span class='ocrx_word' id='word_1_230' title='bbox 2131 1562 2302 1630; x_wconf 86' lang='grc' dir='ltr'>λέγων</span> <span class='ocrx_word' id='word_1_231' title='bbox 2339 1560 2441 1624; x_wconf 83' lang='grc' dir='ltr'><strong>οὐκ</strong></span> <span class='ocrx_word' id='word_1_232' title='bbox 2472 1557 2643 1612; x_wconf 80' lang='grc' dir='ltr'>ἔσται.</span> <span class='ocrx_word' id='word_1_233' title='bbox 2687 1557 2822 1610; x_wconf 60' lang='lat' dir='ltr'><strong>osse</strong></span> <span class='ocrx_word' id='word_1_234' title='bbox 2854 1556 2963 1630; x_wconf 79' lang='grc' dir='ltr'><strong>γὰρ</strong></span> <span class='ocrx_word' id='word_1_235' title='bbox 2997 1555 3051 1607; x_wconf 82' lang='grc' dir='ltr'><strong>εἰ</strong></span> <span class='ocrx_word' id='word_1_236' title='bbox 3087 1572 3173 1617; x_wconf 87' lang='grc' dir='ltr'><strong>τις</strong></span> <span class='ocrx_word' id='word_1_237' title='bbox 3206 1553 3406 1608; x_wconf 78' lang='grc' dir='ltr'>ἄτοπον</span> <span class='ocrx_word' id='word_1_238' title='bbox 3455 1552 3550 1605; x_wconf 78' lang='grc' dir='ltr'><strong>καὶ</strong></span> <span class='ocrx_word' id='word_1_239' title='bbox 3579 1553 3712 1604; x_wconf 89' lang='grc' dir='ltr'>δυσ-</span> 
     </span>
    </p>
   </div>
   <div class='ocr_carea' id='block_1_34' title="bbox 444 1637 2046 1724">
    <p class='ocr_par' dir='ltr' id='par_1_34' title="bbox 444 1651 2027 1724">
     <span class='ocr_line' id='line_1_34' title="bbox 444 1651 2027 1724; baseline -0.003 -16"><span class='ocrx_word' id='word_1_240' title='bbox 444 1652 639 1710; x_wconf 86' lang='lat' dir='ltr'><strong>breves</strong></span> <span class='ocrx_word' id='word_1_241' title='bbox 675 1652 928 1715; x_wconf 86' lang='lat' dir='ltr'><strong>inducias</strong></span> <span class='ocrx_word' id='word_1_242' title='bbox 964 1668 1156 1724; x_wconf 73' lang='lat' dir='ltr'><strong>pugnae</strong></span> <span class='ocrx_word' id='word_1_243' title='bbox 1187 1663 1379 1711; x_wconf 79' lang='lat' dir='ltr'><strong>contra</strong></span> <span class='ocrx_word' id='word_1_244' title='bbox 1414 1652 1584 1708; x_wconf 89' lang='lat' dir='ltr'><strong>Deum</strong></span> <span class='ocrx_word' id='word_1_245' title='bbox 1619 1652 1804 1706; x_wconf 79' lang='lat' dir='ltr'><strong>faciet.</strong></span> <span class='ocrx_word' id='word_1_246' title='bbox 1855 1651 2027 1722; x_wconf 76' lang='lat' dir='ltr'><strong>Igitur</strong></span> 
     </span>
    </p>
   </div>
   <div class='ocr_carea' id='block_1_35' title="bbox 2148 1637 3715 1724">
    <p class='ocr_par' dir='ltr' id='par_1_35' title="bbox 2148 1643 3715 1718">
     <span class='ocr_line' id='line_1_35' title="bbox 2148 1643 3715 1718; baseline -0.005 -14"><span class='ocrx_word' id='word_1_247' title='bbox 2148 1651 2259 1714; x_wconf 77' lang='grc' dir='ltr'>ὒδες</span> <span class='ocrx_word' id='word_1_248' title='bbox 2288 1651 2438 1702; x_wconf 90' lang='grc' dir='ltr'>πνέοι</span> <span class='ocrx_word' id='word_1_249' title='bbox 2465 1649 2606 1702; x_wconf 84' lang='grc' dir='ltr'>κατὰ</span> <span class='ocrx_word' id='word_1_250' title='bbox 2629 1647 2947 1718; x_wconf 79' lang='grc' dir='ltr'>σωματικὴν</span> <span class='ocrx_word' id='word_1_251' title='bbox 2979 1645 3330 1717; x_wconf 83' lang='grc' dir='ltr'>δυσκρασίαν,</span> <span class='ocrx_word' id='word_1_252' title='bbox 3367 1644 3399 1713; x_wconf 82' lang='grc' dir='ltr'>ἢ</span> <span class='ocrx_word' id='word_1_253' title='bbox 3422 1643 3564 1696; x_wconf 89' lang='grc' dir='ltr'>κατά</span> <span class='ocrx_word' id='word_1_254' title='bbox 3587 1659 3715 1696; x_wconf 83' lang='grc' dir='ltr'>τινα</span> 
     </span>
    </p>
   </div>
   <div class='ocr_carea' id='block_1_36' title="bbox 445 1744 2032 1814">
    <p class='ocr_par' dir='ltr' id='par_1_36' title="bbox 445 1744 2032 1814">
     <span class='ocr_line' id='line_1_36' title="bbox 445 1744 2032 1814; baseline 0.001 -19"><span class='ocrx_word' id='word_1_255' title='bbox 445 1744 795 1805; x_wconf 82' lang='lat' dir='ltr'><strong>contumeliis</strong></span> <span class='ocrx_word' id='word_1_256' title='bbox 834 1755 891 1799; x_wconf 89' lang='lat' dir='ltr'><strong>et</strong></span> <span class='ocrx_word' id='word_1_257' title='bbox 943 1746 1227 1803; x_wconf 86' lang='lat' dir='ltr'><strong>atrocibus</strong></span> <span class='ocrx_word' id='word_1_258' title='bbox 1275 1745 1495 1814; x_wconf 85' lang='lat' dir='ltr'><strong>injuriis</strong></span> <span class='ocrx_word' id='word_1_259' title='bbox 1537 1744 1772 1799; x_wconf 91' lang='lat' dir='ltr'><strong>satietur</strong></span> <span class='ocrx_word' id='word_1_260' title='bbox 1822 1752 1877 1799; x_wconf 92' lang='lat' dir='ltr'><strong>et</strong></span> <span class='ocrx_word' id='word_1_261' title='bbox 1928 1745 2032 1796; x_wconf 79' lang='lat' dir='ltr'><strong>im-</strong></span> 
     </span>
    </p>
   </div>
   <div class='ocr_carea' id='block_1_37' title="bbox 446 1832 2031 1907">
    <p class='ocr_par' dir='ltr' id='par_1_37' title="bbox 446 1832 2031 1907">
     <span class='ocr_line' id='line_1_37' title="bbox 446 1832 2031 1907; baseline 0.002 -22"><span class='ocrx_word' id='word_1_262' title='bbox 446 1832 665 1902; x_wconf 87' lang='lat' dir='ltr'><strong>pleatur</strong></span> <span class='ocrx_word' id='word_1_263' title='bbox 699 1850 796 1904; x_wconf 92' lang='lat' dir='ltr'><strong>pro</strong></span> <span class='ocrx_word' id='word_1_264' title='bbox 829 1851 929 1891; x_wconf 90' lang='lat' dir='ltr'><strong>sua</strong></span> <span class='ocrx_word' id='word_1_265' title='bbox 966 1837 1210 1900; x_wconf 91' lang='lat' dir='ltr'><strong>licentia,</strong></span> <span class='ocrx_word' id='word_1_266' title='bbox 1244 1852 1356 1894; x_wconf 90' lang='lat' dir='ltr'><strong>non</strong></span> <span class='ocrx_word' id='word_1_267' title='bbox 1397 1836 1502 1892; x_wconf 89' lang='lat' dir='ltr'><strong>erit</strong></span> <span class='ocrx_word' id='word_1_268' title='bbox 1535 1835 1625 1907; x_wconf 92' lang='lat' dir='ltr'><strong>qui</strong></span> <span class='ocrx_word' id='word_1_269' title='bbox 1670 1835 2031 1890; x_wconf 86' lang='lat' dir='ltr'><strong>contradicat.</strong></span> 
     </span>
    </p>
   </div>
   <div class='ocr_carea' id='block_1_38' title="bbox 445 1910 2037 2004">
    <p class='ocr_par' dir='ltr' id='par_1_38' title="bbox 445 1910 2037 2004">
     <span class='ocr_line' id='line_1_38' title="bbox 445 1910 2037 2004; baseline -0.001 -23"><span class='ocrx_word' id='word_1_270' title='bbox 445 1910 634 1997; x_wconf 73' lang='lat' dir='ltr'><strong>Neque</strong></span> <span class='ocrx_word' id='word_1_271' title='bbox 662 1927 806 1981; x_wconf 90' lang='lat' dir='ltr'><strong>enim</strong></span> <span class='ocrx_word' id='word_1_272' title='bbox 843 1929 892 1983; x_wconf 88' lang='lat' dir='ltr'><strong>si</strong></span> <span class='ocrx_word' id='word_1_273' title='bbox 925 1929 1052 1998; x_wconf 91' lang='lat' dir='ltr'><strong>quis</strong></span> <span class='ocrx_word' id='word_1_274' title='bbox 1089 1936 1288 1994; x_wconf 79' lang='lat' dir='ltr'><strong>tetrum</strong></span> <span class='ocrx_word' id='word_1_275' title='bbox 1320 1939 1370 1984; x_wconf 92' lang='lat' dir='ltr'><strong>et</strong></span> <span class='ocrx_word' id='word_1_276' title='bbox 1408 1915 1812 1999; x_wconf 80' lang='lat' dir='ltr'><strong>graveolcntem</strong></span> <span class='ocrx_word' id='word_1_277' title='bbox 1866 1927 2037 2004; x_wconf 83' lang='lat' dir='ltr'><strong>Spiret</strong></span> 
     </span>
    </p>
   </div>
   <div class='ocr_carea' id='block_1_39' title="bbox 454 2017 2038 2092">
    <p class='ocr_par' dir='ltr' id='par_1_39' title="bbox 454 2017 2038 2092">
     <span class='ocr_line' id='line_1_39' title="bbox 454 2017 2038 2092; baseline 0.002 -21"><span class='ocrx_word' id='word_1_278' title='bbox 454 2017 678 2080; x_wconf 86' lang='lat' dir='ltr'><strong>odorem</strong></span> <span class='ocrx_word' id='word_1_279' title='bbox 709 2029 932 2090; x_wconf 86' lang='lat' dir='ltr'><strong>propter</strong></span> <span class='ocrx_word' id='word_1_280' title='bbox 965 2022 1212 2092; x_wconf 89' lang='lat' dir='ltr'><strong>corporis</strong></span> <span class='ocrx_word' id='word_1_281' title='bbox 1243 2021 1622 2092; x_wconf 88' lang='lat' dir='ltr'><strong>intemperiem</strong></span> <span class='ocrx_word' id='word_1_282' title='bbox 1647 2062 1661 2087; x_wconf 92' lang='lat'><strong>,</strong></span> <span class='ocrx_word' id='word_1_283' title='bbox 1692 2021 1777 2076; x_wconf 88' lang='lat' dir='ltr'><strong>vel</strong></span> <span class='ocrx_word' id='word_1_284' title='bbox 1815 2029 2038 2091; x_wconf 83' lang='lat' dir='ltr'><strong>prepter</strong></span> 
     </span>
    </p>
   </div>
   <div class='ocr_carea' id='block_1_40' title="bbox 446 2108 2031 2183">
    <p class='ocr_par' dir='ltr' id='par_1_40' title="bbox 446 2108 2031 2183">
     <span class='ocr_line' id='line_1_40' title="bbox 446 2108 2031 2183; baseline 0.003 -21"><span class='ocrx_word' id='word_1_285' title='bbox 446 2108 797 2183; x_wconf 85' lang='lat' dir='ltr'><strong>pestilentem</strong></span> <span class='ocrx_word' id='word_1_286' title='bbox 825 2118 880 2179; x_wconf 76' lang='lat' dir='ltr'><strong>et</strong></span> <span class='ocrx_word' id='word_1_287' title='bbox 903 2113 1199 2183; x_wconf 80' lang='lat' dir='ltr'><strong>malignum</strong></span> <span class='ocrx_word' id='word_1_288' title='bbox 1236 2113 1510 2179; x_wconf 82' lang='lat' dir='ltr'><strong>morbum,</strong></span> <span class='ocrx_word' id='word_1_289' title='bbox 1552 2126 1873 2183; x_wconf 88' lang='lat' dir='ltr'><strong>provocaret</strong></span> <span class='ocrx_word' id='word_1_290' title='bbox 1893 2111 2031 2167; x_wconf 87' lang='lat' dir='ltr'><strong>bene</strong></span> 
     </span>
    </p>
   </div>
   <div class='ocr_carea' id='block_1_41' title="bbox 449 2203 2033 2271">
    <p class='ocr_par' dir='ltr' id='par_1_41' title="bbox 449 2203 2033 2271">
     <span class='ocr_line' id='line_1_41' title="bbox 449 2203 2033 2271; baseline -0.001 -15"><span class='ocrx_word' id='word_1_291' title='bbox 449 2203 721 2257; x_wconf 84' lang='lat' dir='ltr'><strong>valentem</strong></span> <span class='ocrx_word' id='word_1_292' title='bbox 769 2203 836 2258; x_wconf 89' lang='lat' dir='ltr'><strong>ad</strong></span> <span class='ocrx_word' id='word_1_293' title='bbox 881 2203 1168 2258; x_wconf 88' lang='lat' dir='ltr'><strong>infortunii</strong></span> <span class='ocrx_word' id='word_1_294' title='bbox 1212 2204 1636 2271; x_wconf 69' lang='lat' dir='ltr'><strong>remulatiouem,</strong></span> <span class='ocrx_word' id='word_1_295' title='bbox 1682 2204 1757 2258; x_wconf 89' lang='lat' dir='ltr'><strong>ita</strong></span> <span class='ocrx_word' id='word_1_296' title='bbox 1800 2211 1858 2257; x_wconf 89' lang='lat' dir='ltr'><strong>ut</strong></span> <span class='ocrx_word' id='word_1_297' title='bbox 1901 2203 2033 2257; x_wconf 88' lang='lat' dir='ltr'><strong>velit</strong></span> 
     </span>
    </p>
   </div>
   <div class='ocr_carea' id='block_1_42' title="bbox 451 2295 2034 2368">
    <p class='ocr_par' dir='ltr' id='par_1_42' title="bbox 451 2295 2034 2368">
     <span class='ocr_line' id='line_1_42' title="bbox 451 2295 2034 2368; baseline 0 -22"><span class='ocrx_word' id='word_1_298' title='bbox 451 2308 554 2364; x_wconf 87' lang='lat' dir='ltr'><strong>par</strong></span> <span class='ocrx_word' id='word_1_299' title='bbox 590 2295 705 2364; x_wconf 88' lang='lat' dir='ltr'><strong>pari</strong></span> <span class='ocrx_word' id='word_1_300' title='bbox 748 2295 976 2359; x_wconf 87' lang='lat' dir='ltr'><strong>referre,</strong></span> <span class='ocrx_word' id='word_1_301' title='bbox 1011 2311 1075 2352; x_wconf 89' lang='lat' dir='ltr'><strong>ac</strong></span> <span class='ocrx_word' id='word_1_302' title='bbox 1109 2313 1202 2368; x_wconf 91' lang='lat' dir='ltr'><strong>per</strong></span> <span class='ocrx_word' id='word_1_303' title='bbox 1236 2296 1517 2367; x_wconf 88' lang='lat' dir='ltr'><strong>proprium</strong></span> <span class='ocrx_word' id='word_1_304' title='bbox 1549 2295 1799 2357; x_wconf 88' lang='lat' dir='ltr'><strong>morbum</strong></span> <span class='ocrx_word' id='word_1_305' title='bbox 1846 2295 2034 2350; x_wconf 89' lang='lat' dir='ltr'><strong>insua-</strong></span> 
     </span>
    </p>
   </div>
   <div class='ocr_carea' id='block_1_43' title="bbox 451 2385 2033 2458">
    <p class='ocr_par' dir='ltr' id='par_1_43' title="bbox 451 2385 2033 2458">
     <span class='ocr_line' id='line_1_43' title="bbox 451 2385 2033 2458; baseline 0 -19"><span class='ocrx_word' id='word_1_306' title='bbox 451 2385 680 2442; x_wconf 90' lang='lat' dir='ltr'><strong>vitatem</strong></span> <span class='ocrx_word' id='word_1_307' title='bbox 727 2388 848 2457; x_wconf 88' lang='lat' dir='ltr'><strong>ejus</strong></span> <span class='ocrx_word' id='word_1_308' title='bbox 899 2388 993 2458; x_wconf 91' lang='lat' dir='ltr'><strong>qui</strong></span> <span class='ocrx_word' id='word_1_309' title='bbox 1043 2389 1184 2444; x_wconf 89' lang='lat' dir='ltr'><strong>male</strong></span> <span class='ocrx_word' id='word_1_310' title='bbox 1236 2389 1347 2443; x_wconf 89' lang='lat' dir='ltr'><strong>olet</strong></span> <span class='ocrx_word' id='word_1_311' title='bbox 1389 2403 1622 2444; x_wconf 89' lang='lat' dir='ltr'><strong>arcere:</strong></span> <span class='ocrx_word' id='word_1_312' title='bbox 1657 2388 1844 2441; x_wconf 88' lang='lat' dir='ltr'><strong>talium</strong></span> <span class='ocrx_word' id='word_1_313' title='bbox 1888 2386 2033 2441; x_wconf 89' lang='lat' dir='ltr'><strong>enim</strong></span> 
     </span>
    </p>
   </div>
   <div class='ocr_carea' id='block_1_44' title="bbox 454 2477 2029 2542">
    <p class='ocr_par' dir='ltr' id='par_1_44' title="bbox 454 2477 2029 2542">
     <span class='ocr_line' id='line_1_44' title="bbox 454 2477 2029 2542; baseline -0.001 -11"><span class='ocrx_word' id='word_1_314' title='bbox 454 2478 706 2534; x_wconf 88' lang='lat' dir='ltr'><strong>misereri</strong></span> <span class='ocrx_word' id='word_1_315' title='bbox 743 2489 796 2534; x_wconf 89' lang='lat' dir='ltr'><strong>et</strong></span> <span class='ocrx_word' id='word_1_316' title='bbox 830 2494 938 2542; x_wconf 83' lang='lat' dir='ltr'><strong>non</strong></span> <span class='ocrx_word' id='word_1_317' title='bbox 961 2480 1166 2535; x_wconf 90' lang='lat' dir='ltr'><strong>imitari</strong></span> <span class='ocrx_word' id='word_1_318' title='bbox 1199 2479 1512 2540; x_wconf 88' lang='lat' dir='ltr'><strong>communis</strong></span> <span class='ocrx_word' id='word_1_319' title='bbox 1543 2477 1782 2534; x_wconf 90' lang='lat' dir='ltr'><strong>consulit</strong></span> <span class='ocrx_word' id='word_1_320' title='bbox 1811 2485 2029 2536; x_wconf 74' lang='lat' dir='ltr'><strong>natura.</strong></span> 
     </span>
    </p>
   </div>
   <div class='ocr_carea' id='block_1_45' title="bbox 455 2568 2035 2642">
    <p class='ocr_par' dir='ltr' id='par_1_45' title="bbox 455 2568 2035 2642">
     <span class='ocr_line' id='line_1_45' title="bbox 455 2568 2035 2642; baseline -0.001 -18"><span class='ocrx_word' id='word_1_321' title='bbox 455 2568 640 2634; x_wconf 83' lang='lat' dir='ltr'><strong>Quare</strong></span> <span class='ocrx_word' id='word_1_322' title='bbox 678 2572 1063 2640; x_wconf 68' lang='lat' dir='ltr'><strong>praetermissis</strong></span> <span class='ocrx_word' id='word_1_323' title='bbox 1107 2573 1309 2626; x_wconf 87' lang='lat' dir='ltr'><strong>talibus</strong></span> <span class='ocrx_word' id='word_1_324' title='bbox 1345 2586 1470 2642; x_wconf 66' lang='lat' dir='ltr'><strong>qua:</strong></span> <span class='ocrx_word' id='word_1_325' title='bbox 1517 2571 1706 2624; x_wconf 92' lang='lat' dir='ltr'><strong>labore</strong></span> <span class='ocrx_word' id='word_1_326' title='bbox 1751 2577 1805 2623; x_wconf 89' lang='lat' dir='ltr'><strong>et</strong></span> <span class='ocrx_word' id='word_1_327' title='bbox 1854 2569 2035 2622; x_wconf 84' lang='lat' dir='ltr'><strong>studio</strong></span> 
     </span>
    </p>
   </div>
   <div class='ocr_carea' id='block_1_46' title="bbox 2130 1733 3716 1813">
    <p class='ocr_par' dir='ltr' id='par_1_46' title="bbox 2130 1733 3716 1813">
     <span class='ocr_line' id='line_1_46' title="bbox 2130 1733 3716 1813; baseline -0.003 -17"><span class='ocrx_word' id='word_1_328' title='bbox 2130 1742 2364 1813; x_wconf 73' lang='grc' dir='ltr'>λοιμώδη</span> <span class='ocrx_word' id='word_1_329' title='bbox 2399 1741 2490 1796; x_wconf 74' lang='grc' dir='ltr'><strong>καὶ</strong></span> <span class='ocrx_word' id='word_1_330' title='bbox 2515 1740 2816 1811; x_wconf 83' lang='grc' dir='ltr'>δύστροπον</span> <span class='ocrx_word' id='word_1_331' title='bbox 2846 1737 3178 1810; x_wconf 73' lang='grc' dir='ltr'>ἀρρωστίαν,</span> <span class='ocrx_word' id='word_1_332' title='bbox 3216 1735 3614 1806; x_wconf 78' lang='grc' dir='ltr'>προκαλέσαιτο</span> <span class='ocrx_word' id='word_1_333' title='bbox 3644 1733 3716 1791; x_wconf 80' lang='grc' dir='ltr'>ἂν</span> 
     </span>
    </p>
   </div>
   <div class='ocr_carea' id='block_1_47' title="bbox 2131 1827 3717 1903">
    <p class='ocr_par' dir='ltr' id='par_1_47' title="bbox 2131 1827 3717 1903">
     <span class='ocr_line' id='line_1_47' title="bbox 2131 1827 3717 1903; baseline -0.005 -16"><span class='ocrx_word' id='word_1_334' title='bbox 2131 1836 2222 1889; x_wconf 80' lang='grc' dir='ltr'><strong>τὸν</strong></span> <span class='ocrx_word' id='word_1_335' title='bbox 2256 1833 2566 1902; x_wconf 80' lang='grc' dir='ltr'>ὑγιαίνοντα</span> <span class='ocrx_word' id='word_1_336' title='bbox 2606 1831 2740 1903; x_wconf 84' lang='grc' dir='ltr'>πρὸς</span> <span class='ocrx_word' id='word_1_337' title='bbox 2805 1829 2964 1900; x_wconf 79' lang='grc' dir='ltr'>ζῆλον</span> <span class='ocrx_word' id='word_1_338' title='bbox 3013 1829 3106 1882; x_wconf 87' lang='grc' dir='ltr'><strong>τοῦ</strong></span> <span class='ocrx_word' id='word_1_339' title='bbox 3151 1829 3557 1898; x_wconf 83' lang='grc' dir='ltr'>δυστυχήματος</span> <span class='ocrx_word' id='word_1_340' title='bbox 3591 1867 3604 1890; x_wconf 90' lang='grc'><strong>,</strong></span> <span class='ocrx_word' id='word_1_341' title='bbox 3634 1827 3717 1888; x_wconf 83' lang='grc' dir='ltr'>ὡς</span> 
     </span>
    </p>
   </div>
   <div class='ocr_carea' id='block_1_48' title="bbox 2135 1918 3715 1995">
    <p class='ocr_par' dir='ltr' id='par_1_48' title="bbox 2135 1918 3715 1995">
     <span class='ocr_line' id='line_1_48' title="bbox 2135 1918 3715 1995; baseline -0.007 -14"><span class='ocrx_word' id='word_1_342' title='bbox 2135 1927 2413 1982; x_wconf 81' lang='grc' dir='ltr'>ὲθέλεσθαί</span> <span class='ocrx_word' id='word_1_343' title='bbox 2447 1942 2570 1978; x_wconf 89' lang='grc' dir='ltr'>τινα</span> <span class='ocrx_word' id='word_1_344' title='bbox 2621 1924 2701 1995; x_wconf 82' lang='grc' dir='ltr'>τῷ</span> <span class='ocrx_word' id='word_1_345' title='bbox 2747 1924 2848 1993; x_wconf 78' lang='grc' dir='ltr'><strong>ἴσῳ</strong></span> <span class='ocrx_word' id='word_1_346' title='bbox 2905 1923 2970 1976; x_wconf 89' lang='grc' dir='ltr'>δι’</span> <span class='ocrx_word' id='word_1_347' title='bbox 3021 1921 3226 1984; x_wconf 78' lang='grc' dir='ltr'>οἰκείας</span> <span class='ocrx_word' id='word_1_348' title='bbox 3265 1921 3420 1974; x_wconf 86' lang='grc' dir='ltr'>νόσου</span> <span class='ocrx_word' id='word_1_349' title='bbox 3471 1919 3569 1990; x_wconf 77' lang='grc' dir='ltr'>τὴν</span> <span class='ocrx_word' id='word_1_350' title='bbox 3617 1918 3715 1971; x_wconf 80' lang='grc' dir='ltr'><strong>τοῦ</strong></span> 
     </span>
    </p>
   </div>
   <div class='ocr_carea' id='block_1_49' title="bbox 2136 2013 3720 2087">
    <p class='ocr_par' dir='ltr' id='par_1_49' title="bbox 2136 2013 3720 2087">
     <span class='ocr_line' id='line_1_49' title="bbox 2136 2013 3720 2087; baseline -0.004 -16"><span class='ocrx_word' id='word_1_351' title='bbox 2136 2018 2389 2081; x_wconf 81' lang='grc' dir='ltr'>ὀδωδότος</span> <span class='ocrx_word' id='word_1_352' title='bbox 2420 2015 2681 2070; x_wconf 87' lang='grc' dir='ltr'>δυσωδίαν</span> <span class='ocrx_word' id='word_1_353' title='bbox 2714 2014 3046 2087; x_wconf 85' lang='grc' dir='ltr'>ἀμύνασθαι.</span> <span class='ocrx_word' id='word_1_354' title='bbox 3092 2015 3290 2066; x_wconf 88' lang='grc' dir='ltr'>Ἐλεεῖν</span> <span class='ocrx_word' id='word_1_355' title='bbox 3316 2014 3423 2084; x_wconf 86' lang='grc' dir='ltr'><strong>γὰρ</strong></span> <span class='ocrx_word' id='word_1_356' title='bbox 3449 2013 3511 2066; x_wconf 84' lang='grc' dir='ltr'><strong>ού</strong></span> <span class='ocrx_word' id='word_1_357' title='bbox 3540 2015 3720 2082; x_wconf 81' lang='grc' dir='ltr'>μιμεῖ-</span> 
     </span>
    </p>
   </div>
   <div class='ocr_carea' id='block_1_50' title="bbox 2141 2103 3721 2178">
    <p class='ocr_par' dir='ltr' id='par_1_50' title="bbox 2141 2103 3721 2178">
     <span class='ocr_line' id='line_1_50' title="bbox 2141 2103 3721 2178; baseline -0.005 -12"><span class='ocrx_word' id='word_1_358' title='bbox 2141 2113 2264 2166; x_wconf 88' lang='grc' dir='ltr'>σθαι</span> <span class='ocrx_word' id='word_1_359' title='bbox 2290 2112 2416 2174; x_wconf 80' lang='grc' dir='ltr'>τοὺς</span> <span class='ocrx_word' id='word_1_360' title='bbox 2446 2107 2720 2172; x_wconf 86' lang='grc' dir='ltr'>τοιούτους</span> <span class='ocrx_word' id='word_1_361' title='bbox 2747 2109 2781 2177; x_wconf 82' lang='grc' dir='ltr'>ἡ</span> <span class='ocrx_word' id='word_1_362' title='bbox 2808 2106 2961 2178; x_wconf 81' lang='grc' dir='ltr'>κοινὴ</span> <span class='ocrx_word' id='word_1_363' title='bbox 2991 2103 3546 2177; x_wconf 75' lang='grc' dir='ltr'>συμϐουλεύειφύσις.</span> <span class='ocrx_word' id='word_1_364' title='bbox 3577 2105 3721 2159; x_wconf 59' lang='grc' dir='ltr'>Οὑκτ</span> 
     </span>
    </p>
   </div>
   <div class='ocr_carea' id='block_1_51' title="bbox 2137 2195 3721 2275">
    <p class='ocr_par' dir='ltr' id='par_1_51' title="bbox 2137 2195 3721 2275">
     <span class='ocr_line' id='line_1_51' title="bbox 2137 2195 3721 2275; baseline -0.008 -15"><span class='ocrx_word' id='word_1_365' title='bbox 2137 2205 2230 2260; x_wconf 87' lang='grc' dir='ltr'><strong>οῦν</strong></span> <span class='ocrx_word' id='word_1_366' title='bbox 2263 2204 2529 2275; x_wconf 83' lang='grc' dir='ltr'>παρέντες</span> <span class='ocrx_word' id='word_1_367' title='bbox 2575 2202 2676 2254; x_wconf 84' lang='grc' dir='ltr'><strong>ὅσα</strong></span> <span class='ocrx_word' id='word_1_368' title='bbox 2706 2199 2929 2253; x_wconf 89' lang='grc' dir='ltr'>τοιαῦτα</span> <span class='ocrx_word' id='word_1_369' title='bbox 2963 2198 3102 2252; x_wconf 89' lang='grc' dir='ltr'><strong>κατά</strong></span> <span class='ocrx_word' id='word_1_370' title='bbox 3154 2197 3388 2269; x_wconf 81' lang='grc' dir='ltr'>σπουδὴν</span> <span class='ocrx_word' id='word_1_371' title='bbox 3440 2195 3520 2266; x_wconf 83' lang='grc' dir='ltr'>τῷ</span> <span class='ocrx_word' id='word_1_372' title='bbox 3573 2196 3721 2266; x_wconf 78' lang='grc' dir='ltr'>λόγῳ</span> 
     </span>
    </p>
   </div>
   <div class='ocr_carea' id='block_1_52' title="bbox 2139 2286 3718 2366">
    <p class='ocr_par' dir='ltr' id='par_1_52' title="bbox 2139 2286 3718 2366">
     <span class='ocr_line' id='line_1_52' title="bbox 2139 2286 3718 2366; baseline -0.005 -16"><span class='ocrx_word' id='word_1_373' title='bbox 2139 2294 2451 2366; x_wconf 78' lang='grc' dir='ltr'>κατέμιξεν,</span> <span class='ocrx_word' id='word_1_374' title='bbox 2484 2291 2771 2354; x_wconf 84' lang='grc' dir='ltr'>σκώπτων,</span> <span class='ocrx_word' id='word_1_375' title='bbox 2803 2288 3154 2360; x_wconf 78' lang='grc' dir='ltr'>σχετλιάζων,</span> <span class='ocrx_word' id='word_1_376' title='bbox 3179 2286 3520 2355; x_wconf 83' lang='grc' dir='ltr'>ἀγανακτῶν,</span> <span class='ocrx_word' id='word_1_377' title='bbox 3543 2287 3718 2342; x_wconf 82' lang='grc' dir='ltr'>λοιδο-</span> 
     </span>
    </p>
   </div>
   <div class='ocr_carea' id='block_1_53' title="bbox 2144 2377 3722 2459">
    <p class='ocr_par' dir='ltr' id='par_1_53' title="bbox 2144 2377 3722 2459">
     <span class='ocr_line' id='line_1_53' title="bbox 2144 2377 3722 2459; baseline -0.006 -19"><span class='ocrx_word' id='word_1_378' title='bbox 2144 2386 2432 2459; x_wconf 84' lang='grc' dir='ltr'>ρούμενος,</span> <span class='ocrx_word' id='word_1_379' title='bbox 2472 2385 2629 2455; x_wconf 87' lang='grc' dir='ltr'>μόνον</span> <span class='ocrx_word' id='word_1_380' title='bbox 2660 2382 2750 2436; x_wconf 78' lang='grc' dir='ltr'>τὸν</span> <span class='ocrx_word' id='word_1_381' title='bbox 2798 2380 2927 2451; x_wconf 80' lang='grc' dir='ltr'>περὶ</span> <span class='ocrx_word' id='word_1_382' title='bbox 2964 2379 3072 2435; x_wconf 89' lang='grc' dir='ltr'><strong>τῶν</strong></span> <span class='ocrx_word' id='word_1_383' title='bbox 3101 2380 3386 2449; x_wconf 79' lang='grc' dir='ltr'>δογμάτων</span> <span class='ocrx_word' id='word_1_384' title='bbox 3412 2377 3722 2446; x_wconf 62' lang='grc' dir='ltr'>ὲπισκεψώτ</span> 
     </span>
    </p>
   </div>
   <div class='ocr_carea' id='block_1_54' title="bbox 2147 2467 3721 2547">
    <p class='ocr_par' dir='ltr' id='par_1_54' title="bbox 2147 2467 3721 2547">
     <span class='ocr_line' id='line_1_54' title="bbox 2147 2467 3721 2547; baseline -0.006 -19"><span class='ocrx_word' id='word_1_385' title='bbox 2147 2475 2284 2547; x_wconf 86' lang='grc' dir='ltr'>μεθα</span> <span class='ocrx_word' id='word_1_386' title='bbox 2321 2474 2498 2542; x_wconf 87' lang='grc' dir='ltr'>λόγον.</span> <span class='ocrx_word' id='word_1_387' title='bbox 2537 2471 2923 2534; x_wconf 80' lang='grc' dir='ltr'>Ἀναλαϐόντες</span> <span class='ocrx_word' id='word_1_388' title='bbox 2949 2470 3126 2524; x_wconf 87' lang='grc' dir='ltr'>τοίνυν</span> <span class='ocrx_word' id='word_1_389' title='bbox 3172 2469 3232 2535; x_wconf 81' lang='grc' dir='ltr'>ἐξ</span> <span class='ocrx_word' id='word_1_390' title='bbox 3268 2469 3438 2539; x_wconf 79' lang='grc' dir='ltr'>ἀρχῆς</span> <span class='ocrx_word' id='word_1_391' title='bbox 3471 2470 3528 2520; x_wconf 85' lang='grc' dir='ltr'>ὲν</span> <span class='ocrx_word' id='word_1_392' title='bbox 3563 2467 3721 2538; x_wconf 75' lang='grc' dir='ltr'>μέρει</span> 
     </span>
    </p>
   </div>
   <div class='ocr_carea' id='block_1_55' title="bbox 2143 2561 3432 2639">
    <p class='ocr_par' dir='ltr' id='par_1_55' title="bbox 2143 2561 3432 2639">
     <span class='ocr_line' id='line_1_55' title="bbox 2143 2561 3432 2639; baseline -0.005 -20"><span class='ocrx_word' id='word_1_393' title='bbox 2143 2567 2278 2639; x_wconf 81' lang='grc' dir='ltr'>πρὸς</span> <span class='ocrx_word' id='word_1_394' title='bbox 2307 2566 2543 2619; x_wconf 77' lang='grc' dir='ltr'>’ἑκαστον</span> <span class='ocrx_word' id='word_1_395' title='bbox 2576 2563 2686 2619; x_wconf 86' lang='grc' dir='ltr'><strong>τῶν</strong></span> <span class='ocrx_word' id='word_1_396' title='bbox 2715 2561 3076 2633; x_wconf 76' lang='grc' dir='ltr'>ἐγκλημάτων</span> <span class='ocrx_word' id='word_1_397' title='bbox 3104 2562 3432 2632; x_wconf 87' lang='grc' dir='ltr'>στησόμεθα.</span> 
     </span>
    </p>
   </div>
   <div class='ocr_carea' id='block_1_56' title="bbox 456 2656 3725 2735">
    <p class='ocr_par' dir='ltr' id='par_1_56' title="bbox 456 2656 3725 2735">
     <span class='ocr_line' id='line_1_56' title="bbox 456 2656 3725 2735; baseline -0.002 -20"><span class='ocrx_word' id='word_1_398' title='bbox 456 2664 696 2717; x_wconf 82' lang='lat' dir='ltr'><strong>sermoni</strong></span> <span class='ocrx_word' id='word_1_399' title='bbox 736 2664 1064 2735; x_wconf 82' lang='lat' dir='ltr'><strong>admiscuit,</strong></span> <span class='ocrx_word' id='word_1_400' title='bbox 1111 2665 1459 2730; x_wconf 87' lang='lat' dir='ltr'><strong>cavillando,</strong></span> <span class='ocrx_word' id='word_1_401' title='bbox 1511 2666 1884 2729; x_wconf 89' lang='lat' dir='ltr'><strong>lamentando,</strong></span> <span class='ocrx_word' id='word_1_402' title='bbox 1916 2664 2144 2728; x_wconf 83' lang='lat' dir='ltr'><strong>moleste</strong></span> <span class='ocrx_word' id='word_1_403' title='bbox 2175 2664 2524 2734; x_wconf 78' lang='lat' dir='ltr'><strong>graviterque</strong></span> <span class='ocrx_word' id='word_1_404' title='bbox 2588 2659 2834 2730; x_wconf 87' lang='lat' dir='ltr'><strong>ferendo,</strong></span> <span class='ocrx_word' id='word_1_405' title='bbox 2859 2669 2915 2714; x_wconf 90' lang='lat' dir='ltr'><strong>et</strong></span> <span class='ocrx_word' id='word_1_406' title='bbox 2979 2656 3348 2722; x_wconf 88' lang='lat' dir='ltr'><strong>convitiando,</strong></span> <span class='ocrx_word' id='word_1_407' title='bbox 3410 2657 3588 2711; x_wconf 92' lang='lat' dir='ltr'><strong>solum</strong></span> <span class='ocrx_word' id='word_1_408' title='bbox 3655 2657 3725 2710; x_wconf 89' lang='lat' dir='ltr'><strong>de</strong></span> 
     </span>
    </p>
   </div>
   <div class='ocr_carea' id='block_1_57' title="bbox 458 2750 3724 2838">
    <p class='ocr_par' dir='ltr' id='par_1_57' title="bbox 458 2750 3724 2838">
     <span class='ocr_line' id='line_1_57' title="bbox 458 2750 3724 2838; baseline -0.001 -32"><span class='ocrx_word' id='word_1_409' title='bbox 458 2753 711 2807; x_wconf 76' lang='lat' dir='ltr'><strong>doctrina</strong></span> <span class='ocrx_word' id='word_1_410' title='bbox 730 2769 1038 2809; x_wconf 88' lang='lat' dir='ltr'><strong>sermonem</strong></span> <span class='ocrx_word' id='word_1_411' title='bbox 1064 2755 1495 2814; x_wconf 85' lang='lat' dir='ltr'><strong>consideremus.</strong></span> <span class='ocrx_word' id='word_1_412' title='bbox 1519 2757 1847 2828; x_wconf 66' lang='lat' dir='ltr'><strong>llepetentes</strong></span> <span class='ocrx_word' id='word_1_413' title='bbox 1873 2758 2039 2829; x_wconf 77' lang='lat' dir='ltr'><strong>igitur</strong></span> <span class='ocrx_word' id='word_1_414' title='bbox 2076 2771 2106 2810; x_wconf 88' lang='lat' dir='ltr'><strong>a</strong></span> <span class='ocrx_word' id='word_1_415' title='bbox 2131 2757 2405 2838; x_wconf 89' lang='lat' dir='ltr'><strong>principio</strong></span> <span class='ocrx_word' id='word_1_416' title='bbox 2444 2755 2691 2822; x_wconf 79' lang='lat' dir='ltr'><strong>vicissim</strong></span> <span class='ocrx_word' id='word_1_417' title='bbox 2731 2761 2924 2808; x_wconf 87' lang='lat' dir='ltr'><strong>contra</strong></span> <span class='ocrx_word' id='word_1_418' title='bbox 2952 2751 3168 2821; x_wconf 82' lang='lat' dir='ltr'><strong>singula</strong></span> <span class='ocrx_word' id='word_1_419' title='bbox 3241 2750 3473 2805; x_wconf 87' lang='lat' dir='ltr'><strong>erimina</strong></span> <span class='ocrx_word' id='word_1_420' title='bbox 3551 2750 3724 2807; x_wconf 89' lang='lat' dir='ltr'><strong>stabi-</strong></span> 
     </span>
    </p>
   </div>
   <div class='ocr_carea' id='block_1_58' title="bbox 461 2859 605 2898">
    <p class='ocr_par' dir='ltr' id='par_1_58' title="bbox 461 2859 605 2898">
     <span class='ocr_line' id='line_1_58' title="bbox 461 2859 605 2898; baseline -0.014 0"><span class='ocrx_word' id='word_1_421' title='bbox 461 2859 605 2898; x_wconf 78' lang='lat' dir='ltr'><strong>IDUS.</strong></span> 
     </span>
    </p>
   </div>
   <div class='ocr_carea' id='block_1_59' title="bbox 530 2935 2113 3016">
    <p class='ocr_par' dir='ltr' id='par_1_59' title="bbox 530 2935 2113 3016">
     <span class='ocr_line' id='line_1_59' title="bbox 530 2935 2113 3016; baseline 0.004 -26"><span class='ocrx_word' id='word_1_422' title='bbox 530 2935 870 3005; x_wconf 89' lang='lat' dir='ltr'><strong>Principium</strong></span> <span class='ocrx_word' id='word_1_423' title='bbox 902 2935 1279 3002; x_wconf 77' lang='lat' dir='ltr'><strong>accusationis</strong></span> <span class='ocrx_word' id='word_1_424' title='bbox 1311 2944 1449 3002; x_wconf 88' lang='lat' dir='ltr'><strong>erat,</strong></span> <span class='ocrx_word' id='word_1_425' title='bbox 1481 2955 1576 2993; x_wconf 77' lang='lat' dir='ltr'><strong>nos</strong></span> <span class='ocrx_word' id='word_1_426' title='bbox 1611 2940 1786 2995; x_wconf 79' lang='lat' dir='ltr'><strong>crucis</strong></span> <span class='ocrx_word' id='word_1_427' title='bbox 1821 2943 2039 3012; x_wconf 66' lang='lat' dir='ltr'><strong>pudere.</strong></span> <span class='ocrx_word' id='word_1_428' title='bbox 2068 2953 2113 3016; x_wconf 74' lang='grc' dir='ltr'><strong>ο</strong></span> 
     </span>
    </p>
   </div>
   <div class='ocr_carea' id='block_1_60' title="bbox 462 3027 2046 3101">
    <p class='ocr_par' dir='ltr' id='par_1_60' title="bbox 462 3027 2046 3101">
     <span class='ocr_line' id='line_1_60' title="bbox 462 3027 2046 3101; baseline 0.003 -21"><span class='ocrx_word' id='word_1_429' title='bbox 462 3028 666 3081; x_wconf 80' lang='lat' dir='ltr'><strong>Eorum</strong></span> <span class='ocrx_word' id='word_1_430' title='bbox 700 3034 848 3082; x_wconf 91' lang='lat' dir='ltr'><strong>certe</strong></span> <span class='ocrx_word' id='word_1_431' title='bbox 883 3027 976 3097; x_wconf 90' lang='lat' dir='ltr'><strong>qui</strong></span> <span class='ocrx_word' id='word_1_432' title='bbox 1018 3028 1087 3082; x_wconf 90' lang='lat' dir='ltr'><strong>ad</strong></span> <span class='ocrx_word' id='word_1_433' title='bbox 1117 3029 1282 3089; x_wconf 85' lang='lat' dir='ltr'><strong>talem</strong></span> <span class='ocrx_word' id='word_1_434' title='bbox 1315 3029 1654 3086; x_wconf 79' lang='lat' dir='ltr'><strong>deﬂexerunt</strong></span> <span class='ocrx_word' id='word_1_435' title='bbox 1693 3033 2046 3101; x_wconf 86' lang='lat' dir='ltr'><strong>Opinionem,</strong></span> 
     </span>
    </p>
   </div>
   <div class='ocr_carea' id='block_1_61' title="bbox 465 3117 2048 3194">
    <p class='ocr_par' dir='ltr' id='par_1_61' title="bbox 465 3117 2048 3194">
     <span class='ocr_line' id='line_1_61' title="bbox 465 3117 2048 3194; baseline 0.004 -22"><span class='ocrx_word' id='word_1_436' title='bbox 465 3119 639 3190; x_wconf 79' lang='lat' dir='ltr'><strong>magis</strong></span> <span class='ocrx_word' id='word_1_437' title='bbox 669 3119 952 3188; x_wconf 90' lang='lat' dir='ltr'><strong>proprium</strong></span> <span class='ocrx_word' id='word_1_438' title='bbox 995 3117 1159 3174; x_wconf 88' lang='lat' dir='ltr'><strong>fuerit</strong></span> <span class='ocrx_word' id='word_1_439' title='bbox 1199 3121 1408 3175; x_wconf 90' lang='lat' dir='ltr'><strong>crimen</strong></span> <span class='ocrx_word' id='word_1_440' title='bbox 1449 3123 1636 3177; x_wconf 91' lang='lat' dir='ltr'><strong>conari</strong></span> <span class='ocrx_word' id='word_1_441' title='bbox 1684 3138 1901 3178; x_wconf 90' lang='lat' dir='ltr'><strong>crucem</strong></span> <span class='ocrx_word' id='word_1_442' title='bbox 1949 3140 2048 3194; x_wconf 90' lang='lat' dir='ltr'><strong>pu-</strong></span> 
     </span>
    </p>
   </div>
   <div class='ocr_carea' id='block_1_62' title="bbox 466 3209 2052 3285">
    <p class='ocr_par' dir='ltr' id='par_1_62' title="bbox 466 3209 2052 3285">
     <span class='ocr_line' id='line_1_62' title="bbox 466 3209 2052 3285; baseline 0.004 -23"><span class='ocrx_word' id='word_1_443' title='bbox 466 3210 702 3265; x_wconf 81' lang='lat' dir='ltr'><strong>dendam</strong></span> <span class='ocrx_word' id='word_1_444' title='bbox 761 3209 994 3266; x_wconf 76' lang='lat' dir='ltr'><strong>efﬁcere.</strong></span> <span class='ocrx_word' id='word_1_445' title='bbox 1049 3209 1107 3266; x_wconf 91' lang='lat' dir='ltr'><strong>Si</strong></span> <span class='ocrx_word' id='word_1_446' title='bbox 1166 3213 1311 3267; x_wconf 91' lang='lat' dir='ltr'><strong>enim</strong></span> <span class='ocrx_word' id='word_1_447' title='bbox 1369 3215 1624 3269; x_wconf 88' lang='lat' dir='ltr'><strong>similiter</strong></span> <span class='ocrx_word' id='word_1_448' title='bbox 1682 3215 1749 3269; x_wconf 88' lang='lat' dir='ltr'><strong>ab</strong></span> <span class='ocrx_word' id='word_1_449' title='bbox 1801 3215 2052 3285; x_wconf 86' lang='lat' dir='ltr'><strong>utrisque</strong></span> 
     </span>
    </p>
   </div>
   <div class='ocr_carea' id='block_1_63' title="bbox 468 3303 2053 3376">
    <p class='ocr_par' dir='ltr' id='par_1_63' title="bbox 468 3303 2053 3376">
     <span class='ocr_line' id='line_1_63' title="bbox 468 3303 2053 3376; baseline 0.003 -18"><span class='ocrx_word' id='word_1_450' title='bbox 468 3303 746 3373; x_wconf 90' lang='lat' dir='ltr'><strong>passionis</strong></span> <span class='ocrx_word' id='word_1_451' title='bbox 773 3304 1114 3375; x_wconf 86' lang='lat' dir='ltr'><strong>dispensatio</strong></span> <span class='ocrx_word' id='word_1_452' title='bbox 1142 3307 1348 3360; x_wconf 89' lang='lat' dir='ltr'><strong>credita</strong></span> <span class='ocrx_word' id='word_1_453' title='bbox 1378 3317 1481 3370; x_wconf 90' lang='lat' dir='ltr'><strong>est,</strong></span> <span class='ocrx_word' id='word_1_454' title='bbox 1509 3323 1609 3362; x_wconf 90' lang='lat' dir='ltr'><strong>nos</strong></span> <span class='ocrx_word' id='word_1_455' title='bbox 1638 3308 1856 3376; x_wconf 76' lang='lat' dir='ltr'><strong>quidem</strong></span> <span class='ocrx_word' id='word_1_456' title='bbox 1882 3307 2053 3363; x_wconf 90' lang='lat' dir='ltr'><strong>Deum</strong></span> 
     </span>
    </p>
   </div>
   <div class='ocr_carea' id='block_1_64' title="bbox 469 3393 2052 3462">
    <p class='ocr_par' dir='ltr' id='par_1_64' title="bbox 469 3393 2052 3462">
     <span class='ocr_line' id='line_1_64' title="bbox 469 3393 2052 3462; baseline 0.004 -17"><span class='ocrx_word' id='word_1_457' title='bbox 469 3409 569 3462; x_wconf 76' lang='lat' dir='ltr'><strong>per</strong></span> <span class='ocrx_word' id='word_1_458' title='bbox 601 3408 821 3448; x_wconf 87' lang='lat' dir='ltr'><strong>crucem</strong></span> <span class='ocrx_word' id='word_1_459' title='bbox 861 3393 1272 3449; x_wconf 89' lang='lat' dir='ltr'><strong>manifestatum</strong></span> <span class='ocrx_word' id='word_1_460' title='bbox 1307 3395 1386 3456; x_wconf 83' lang='lat' dir='ltr'><strong>sic</strong></span> <span class='ocrx_word' id='word_1_461' title='bbox 1408 3395 1743 3450; x_wconf 89' lang='lat' dir='ltr'><strong>arbitramur</strong></span> <span class='ocrx_word' id='word_1_462' title='bbox 1761 3396 2052 3460; x_wconf 86' lang='lat' dir='ltr'><strong>colendum</strong></span> 
     </span>
    </p>
   </div>
   <div class='ocr_carea' id='block_1_65' title="bbox 466 3485 2056 3544">
    <p class='ocr_par' dir='ltr' id='par_1_65' title="bbox 466 3485 2056 3544">
     <span class='ocr_line' id='line_1_65' title="bbox 466 3485 2056 3544; baseline 0.002 -3"><span class='ocrx_word' id='word_1_463' title='bbox 466 3501 591 3542; x_wconf 83' lang='lat' dir='ltr'><strong>esse</strong></span> <span class='ocrx_word' id='word_1_464' title='bbox 627 3497 680 3541; x_wconf 91' lang='lat' dir='ltr'><strong>et</strong></span> <span class='ocrx_word' id='word_1_465' title='bbox 713 3487 922 3540; x_wconf 87' lang='lat' dir='ltr'><strong>honore</strong></span> <span class='ocrx_word' id='word_1_466' title='bbox 974 3485 1317 3539; x_wconf 76' lang='lat' dir='ltr'><strong>afﬁciendum</strong></span> <span class='ocrx_word' id='word_1_467' title='bbox 1361 3486 1508 3543; x_wconf 90' lang='lat' dir='ltr'><strong>sicut</strong></span> <span class='ocrx_word' id='word_1_468' title='bbox 1561 3485 1723 3542; x_wconf 88' lang='lat' dir='ltr'><strong>Pater</strong></span> <span class='ocrx_word' id='word_1_469' title='bbox 1753 3488 1958 3544; x_wconf 90' lang='lat' dir='ltr'><strong>colitur</strong></span> <span class='ocrx_word' id='word_1_470' title='bbox 2000 3496 2056 3544; x_wconf 88' lang='lat' dir='ltr'><strong>et</strong></span> 
     </span>
    </p>
   </div>
   <div class='ocr_carea' id='block_1_66' title="bbox 470 3573 2056 3647">
    <p class='ocr_par' dir='ltr' id='par_1_66' title="bbox 470 3573 2056 3647">
     <span class='ocr_line' id='line_1_66' title="bbox 470 3573 2056 3647; baseline 0.003 -20"><span class='ocrx_word' id='word_1_471' title='bbox 470 3575 804 3638; x_wconf 80' lang='lat' dir='ltr'><strong>honoratur;</strong></span> <span class='ocrx_word' id='word_1_472' title='bbox 840 3573 960 3627; x_wconf 91' lang='lat' dir='ltr'><strong>istis</strong></span> <span class='ocrx_word' id='word_1_473' title='bbox 992 3588 1120 3626; x_wconf 85' lang='lat' dir='ltr'><strong>vero</strong></span> <span class='ocrx_word' id='word_1_474' title='bbox 1156 3573 1341 3642; x_wconf 90' lang='lat' dir='ltr'><strong>passio</strong></span> <span class='ocrx_word' id='word_1_475' title='bbox 1376 3573 1435 3629; x_wconf 81' lang='lat' dir='ltr'><strong>fit</strong></span> <span class='ocrx_word' id='word_1_476' title='bbox 1471 3575 1881 3644; x_wconf 89' lang='lat' dir='ltr'><strong>impedimento,</strong></span> <span class='ocrx_word' id='word_1_477' title='bbox 1919 3593 2056 3647; x_wconf 91' lang='lat' dir='ltr'><strong>quo-</strong></span> 
     </span>
    </p>
   </div>
   <div class='ocr_carea' id='block_1_67' title="bbox 469 3665 2056 3740">
    <p class='ocr_par' dir='ltr' id='par_1_67' title="bbox 469 3665 2056 3740">
     <span class='ocr_line' id='line_1_67' title="bbox 469 3665 2056 3740; baseline 0.004 -22"><span class='ocrx_word' id='word_1_478' title='bbox 469 3667 656 3726; x_wconf 85' lang='lat' dir='ltr'><strong>minus</strong></span> <span class='ocrx_word' id='word_1_479' title='bbox 703 3665 1044 3735; x_wconf 82' lang='lat' dir='ltr'><strong>unigenitum</strong></span> <span class='ocrx_word' id='word_1_480' title='bbox 1093 3665 1260 3721; x_wconf 90' lang='lat' dir='ltr'><strong>Deum</strong></span> <span class='ocrx_word' id='word_1_481' title='bbox 1293 3667 1577 3737; x_wconf 85' lang='lat' dir='ltr'><strong>aequaliter</strong></span> <span class='ocrx_word' id='word_1_482' title='bbox 1619 3684 1682 3723; x_wconf 91' lang='lat' dir='ltr'><strong>ac</strong></span> <span class='ocrx_word' id='word_1_483' title='bbox 1711 3669 1923 3724; x_wconf 82' lang='lat' dir='ltr'><strong>Patrem</strong></span> <span class='ocrx_word' id='word_1_484' title='bbox 1960 3671 2056 3740; x_wconf 92' lang='lat' dir='ltr'><strong>qui</strong></span> 
     </span>
    </p>
   </div>
   <div class='ocr_carea' id='block_1_68' title="bbox 473 3755 2060 3826">
    <p class='ocr_par' dir='ltr' id='par_1_68' title="bbox 473 3755 2060 3826">
     <span class='ocr_line' id='line_1_68' title="bbox 473 3755 2060 3826; baseline 0.001 -16"><span class='ocrx_word' id='word_1_485' title='bbox 473 3756 652 3826; x_wconf 83' lang='lat' dir='ltr'><strong>ipsum</strong></span> <span class='ocrx_word' id='word_1_486' title='bbox 690 3755 876 3824; x_wconf 78' lang='lat' dir='ltr'><strong>genuit</strong></span> <span class='ocrx_word' id='word_1_487' title='bbox 907 3755 1231 3825; x_wconf 79' lang='lat' dir='ltr'><strong>glorificent.</strong></span> <span class='ocrx_word' id='word_1_488' title='bbox 1265 3755 1435 3824; x_wconf 80' lang='lat' dir='ltr'><strong>Igitur</strong></span> <span class='ocrx_word' id='word_1_489' title='bbox 1473 3758 1528 3818; x_wconf 88' lang='lat' dir='ltr'><strong>in</strong></span> <span class='ocrx_word' id='word_1_490' title='bbox 1559 3760 1897 3813; x_wconf 90' lang='lat' dir='ltr'><strong>contrarium</strong></span> <span class='ocrx_word' id='word_1_491' title='bbox 1939 3776 2060 3815; x_wconf 89' lang='lat' dir='ltr'><strong>ver-</strong></span> 
     </span>
    </p>
   </div>
   <div class='ocr_carea' id='block_1_69' title="bbox 477 3847 2058 3920">
    <p class='ocr_par' dir='ltr' id='par_1_69' title="bbox 477 3847 2058 3920">
     <span class='ocr_line' id='line_1_69' title="bbox 477 3847 2058 3920; baseline 0.004 -21"><span class='ocrx_word' id='word_1_492' title='bbox 477 3855 673 3901; x_wconf 89' lang='lat' dir='ltr'><strong>tuntur</strong></span> <span class='ocrx_word' id='word_1_493' title='bbox 703 3847 964 3916; x_wconf 70' lang='lat' dir='ltr'><strong>SOphistze</strong></span> <span class='ocrx_word' id='word_1_494' title='bbox 998 3847 1266 3914; x_wconf 89' lang='lat' dir='ltr'><strong>crimina,</strong></span> <span class='ocrx_word' id='word_1_495' title='bbox 1300 3856 1354 3904; x_wconf 87' lang='lat' dir='ltr'><strong>et</strong></span> <span class='ocrx_word' id='word_1_496' title='bbox 1394 3850 1601 3920; x_wconf 88' lang='lat' dir='ltr'><strong>quibus</strong></span> <span class='ocrx_word' id='word_1_497' title='bbox 1638 3867 1738 3907; x_wconf 92' lang='lat' dir='ltr'><strong>nos</strong></span> <span class='ocrx_word' id='word_1_498' title='bbox 1776 3853 2058 3912; x_wconf 84' lang='lat' dir='ltr'><strong>criminari</strong></span> 
     </span>
    </p>
   </div>
   <div class='ocr_carea' id='block_1_70' title="bbox 477 3937 2057 4012">
    <p class='ocr_par' dir='ltr' id='par_1_70' title="bbox 477 3937 2057 4012">
     <span class='ocr_line' id='line_1_70' title="bbox 477 3937 2057 4012; baseline 0.004 -23"><span class='ocrx_word' id='word_1_499' title='bbox 477 3943 657 4005; x_wconf 82' lang='lat' dir='ltr'><strong>putat,</strong></span> <span class='ocrx_word' id='word_1_500' title='bbox 691 3953 846 3993; x_wconf 85' lang='lat' dir='ltr'><strong>suam</strong></span> <span class='ocrx_word' id='word_1_501' title='bbox 883 3937 937 3991; x_wconf 91' lang='lat' dir='ltr'><strong>in</strong></span> <span class='ocrx_word' id='word_1_502' title='bbox 971 3938 1089 3995; x_wconf 90' lang='lat' dir='ltr'><strong>suis</strong></span> <span class='ocrx_word' id='word_1_503' title='bbox 1131 3939 1370 3995; x_wconf 90' lang='lat' dir='ltr'><strong>decretis</strong></span> <span class='ocrx_word' id='word_1_504' title='bbox 1404 3941 1737 4011; x_wconf 89' lang='lat' dir='ltr'><strong>impietatem</strong></span> <span class='ocrx_word' id='word_1_505' title='bbox 1791 3941 2057 4012; x_wconf 80' lang='lat' dir='ltr'><strong>divulgat.</strong></span> 
     </span>
    </p>
   </div>
   <div class='ocr_carea' id='block_1_71' title="bbox 475 4029 2064 4102">
    <p class='ocr_par' dir='ltr' id='par_1_71' title="bbox 475 4029 2064 4102">
     <span class='ocr_line' id='line_1_71' title="bbox 475 4029 2064 4102; baseline 0.003 -18"><span class='ocrx_word' id='word_1_506' title='bbox 475 4029 831 4098; x_wconf 85' lang='lat' dir='ltr'><strong>Perspicuum</strong></span> <span class='ocrx_word' id='word_1_507' title='bbox 861 4039 946 4085; x_wconf 91' lang='lat' dir='ltr'><strong>est</strong></span> <span class='ocrx_word' id='word_1_508' title='bbox 971 4031 1116 4084; x_wconf 90' lang='lat' dir='ltr'><strong>enim</strong></span> <span class='ocrx_word' id='word_1_509' title='bbox 1147 4032 1290 4100; x_wconf 91' lang='lat' dir='ltr'><strong>quod</strong></span> <span class='ocrx_word' id='word_1_510' title='bbox 1327 4033 1494 4102; x_wconf 85' lang='lat' dir='ltr'><strong>hujus</strong></span> <span class='ocrx_word' id='word_1_511' title='bbox 1523 4049 1690 4088; x_wconf 90' lang='lat' dir='ltr'><strong>causa</strong></span> <span class='ocrx_word' id='word_1_512' title='bbox 1718 4033 1934 4090; x_wconf 86' lang='lat' dir='ltr'><strong>Patrem</strong></span> <span class='ocrx_word' id='word_1_513' title='bbox 1970 4051 2064 4089; x_wconf 88' lang='lat' dir='ltr'><strong>su-</strong></span> 
     </span>
    </p>
   </div>
   <div class='ocr_carea' id='block_1_72' title="bbox 476 4119 2059 4195">
    <p class='ocr_par' dir='ltr' id='par_1_72' title="bbox 476 4119 2059 4195">
     <span class='ocr_line' id='line_1_72' title="bbox 476 4119 2059 4195; baseline 0.006 -22"><span class='ocrx_word' id='word_1_514' title='bbox 476 4135 573 4189; x_wconf 89' lang='lat' dir='ltr'><strong>pra</strong></span> <span class='ocrx_word' id='word_1_515' title='bbox 595 4119 796 4174; x_wconf 88' lang='lat' dir='ltr'><strong>Filium</strong></span> <span class='ocrx_word' id='word_1_516' title='bbox 838 4121 1018 4192; x_wconf 88' lang='lat' dir='ltr'><strong>ponit,</strong></span> <span class='ocrx_word' id='word_1_517' title='bbox 1066 4122 1481 4193; x_wconf 74' lang='lat' dir='ltr'><strong>majoribusqde</strong></span> <span class='ocrx_word' id='word_1_518' title='bbox 1530 4134 1690 4195; x_wconf 79' lang='lat' dir='ltr'><strong>auget</strong></span> <span class='ocrx_word' id='word_1_519' title='bbox 1735 4125 2059 4192; x_wconf 78' lang='lat' dir='ltr'><strong>honoribus,</strong></span> 
     </span>
    </p>
   </div>
   <div class='ocr_carea' id='block_1_73' title="bbox 478 4214 2066 4286">
    <p class='ocr_par' dir='ltr' id='par_1_73' title="bbox 478 4214 2066 4286">
     <span class='ocr_line' id='line_1_73' title="bbox 478 4214 2066 4286; baseline 0.003 -18"><span class='ocrx_word' id='word_1_520' title='bbox 478 4214 606 4283; x_wconf 87' lang='lat' dir='ltr'><strong>quia</strong></span> <span class='ocrx_word' id='word_1_521' title='bbox 637 4216 821 4270; x_wconf 91' lang='lat' dir='ltr'><strong>crucis</strong></span> <span class='ocrx_word' id='word_1_522' title='bbox 855 4214 1081 4269; x_wconf 88' lang='lat' dir='ltr'><strong>infamia</strong></span> <span class='ocrx_word' id='word_1_523' title='bbox 1115 4216 1170 4269; x_wconf 91' lang='lat' dir='ltr'><strong>in</strong></span> <span class='ocrx_word' id='word_1_524' title='bbox 1208 4215 1329 4286; x_wconf 87' lang='lat' dir='ltr'><strong>ipso</strong></span> <span class='ocrx_word' id='word_1_525' title='bbox 1359 4232 1468 4272; x_wconf 90' lang='lat' dir='ltr'><strong>non</strong></span> <span class='ocrx_word' id='word_1_526' title='bbox 1505 4217 1789 4282; x_wconf 85' lang='lat' dir='ltr'><strong>cernitur;</strong></span> <span class='ocrx_word' id='word_1_527' title='bbox 1825 4219 1895 4272; x_wconf 88' lang='lat' dir='ltr'><strong>ob</strong></span> <span class='ocrx_word' id='word_1_528' title='bbox 1917 4234 2066 4273; x_wconf 91' lang='lat' dir='ltr'><strong>eam-</strong></span> 
     </span>
    </p>
   </div>
   <div class='ocr_carea' id='block_1_74' title="bbox 2215 2927 3726 3010">
    <p class='ocr_par' dir='ltr' id='par_1_74' title="bbox 2215 2927 3726 3010">
     <span class='ocr_line' id='line_1_74' title="bbox 2215 2927 3726 3010; baseline 0.013 -30"><span class='ocrx_word' id='word_1_529' title='bbox 2215 2936 2382 3010; x_wconf 75' lang='grc' dir='ltr'>Ἀρχὴ</span> <span class='ocrx_word' id='word_1_530' title='bbox 2405 2935 2505 3006; x_wconf 80' lang='grc' dir='ltr'>τῆς</span> <span class='ocrx_word' id='word_1_531' title='bbox 2526 2934 2862 3005; x_wconf 83' lang='grc' dir='ltr'>κατηγορίας</span> <span class='ocrx_word' id='word_1_532' title='bbox 2881 2927 2970 3002; x_wconf 82' lang='grc' dir='ltr'>ἦν,</span> <span class='ocrx_word' id='word_1_533' title='bbox 2990 2930 3051 2984; x_wconf 76' lang='grc' dir='ltr'><strong>τὸ</strong></span> <span class='ocrx_word' id='word_1_534' title='bbox 3069 2930 3546 2999; x_wconf 67' lang='grc' dir='ltr'>ἐπαισχύνεσθαι</span> <span class='ocrx_word' id='word_1_535' title='bbox 3571 2929 3726 3001; x_wconf 75' lang='grc' dir='ltr'><strong>ἡμᾶς</strong></span> 
     </span>
    </p>
   </div>
   <div class='ocr_carea' id='block_1_75' title="bbox 2151 3022 3727 3097">
    <p class='ocr_par' dir='ltr' id='par_1_75' title="bbox 2151 3022 3727 3097">
     <span class='ocr_line' id='line_1_75' title="bbox 2151 3022 3727 3097; baseline -0.006 -13"><span class='ocrx_word' id='word_1_536' title='bbox 2151 3031 2259 3084; x_wconf 84' lang='grc' dir='ltr'>τὸν</span> <span class='ocrx_word' id='word_1_537' title='bbox 2287 3029 2572 3097; x_wconf 81' lang='grc' dir='ltr'>σταυρόν.</span> <span class='ocrx_word' id='word_1_538' title='bbox 2603 3025 2722 3080; x_wconf 92' lang='grc' dir='ltr'>Τῶν</span> <span class='ocrx_word' id='word_1_539' title='bbox 2749 3025 2858 3095; x_wconf 84' lang='grc' dir='ltr'><strong>γὰρ</strong></span> <span class='ocrx_word' id='word_1_540' title='bbox 2889 3023 3025 3096; x_wconf 77' lang='grc' dir='ltr'>πρὸς</span> <span class='ocrx_word' id='word_1_541' title='bbox 3040 3023 3143 3095; x_wconf 78' lang='grc' dir='ltr'>τὴν</span> <span class='ocrx_word' id='word_1_542' title='bbox 3156 3022 3410 3093; x_wconf 88' lang='grc' dir='ltr'>τοιαύτην</span> <span class='ocrx_word' id='word_1_543' title='bbox 3438 3039 3727 3096; x_wconf 42' lang='grc' dir='ltr'>παρατραε</span> 
     </span>
    </p>
   </div>
   <div class='ocr_carea' id='block_1_76' title="bbox 2153 3115 3728 3189">
    <p class='ocr_par' dir='ltr' id='par_1_76' title="bbox 2153 3115 3728 3189">
     <span class='ocr_line' id='line_1_76' title="bbox 2153 3115 3728 3189; baseline -0.004 -13"><span class='ocrx_word' id='word_1_544' title='bbox 2153 3122 2366 3175; x_wconf 87' lang='grc' dir='ltr'>πέντων</span> <span class='ocrx_word' id='word_1_545' title='bbox 2395 3119 2662 3189; x_wconf 80' lang='grc' dir='ltr'>ὑπόληψιν</span> <span class='ocrx_word' id='word_1_546' title='bbox 2687 3117 3014 3188; x_wconf 82' lang='grc' dir='ltr'>οἰκειότερον</span> <span class='ocrx_word' id='word_1_547' title='bbox 3041 3115 3107 3170; x_wconf 80' lang='grc' dir='ltr'>ἂν</span> <span class='ocrx_word' id='word_1_548' title='bbox 3135 3115 3220 3186; x_wconf 75' lang='grc' dir='ltr'>εἴη</span> <span class='ocrx_word' id='word_1_549' title='bbox 3251 3115 3312 3167; x_wconf 82' lang='grc' dir='ltr'><strong>τὸ</strong></span> <span class='ocrx_word' id='word_1_550' title='bbox 3354 3115 3608 3186; x_wconf 78' lang='grc' dir='ltr'>ἔγκλημα</span> <span class='ocrx_word' id='word_1_551' title='bbox 3635 3116 3728 3175; x_wconf 85' lang='grc' dir='ltr'><strong>τοῦ</strong></span> 
     </span>
    </p>
   </div>
   <div class='ocr_carea' id='block_1_77' title="bbox 2153 3208 3728 3281">
    <p class='ocr_par' dir='ltr' id='par_1_77' title="bbox 2153 3208 3728 3281">
     <span class='ocr_line' id='line_1_77' title="bbox 2153 3208 3728 3281; baseline -0.004 -11"><span class='ocrx_word' id='word_1_552' title='bbox 2153 3211 2584 3276; x_wconf 76' lang='grc' dir='ltr'>κατασκευάζειν</span> <span class='ocrx_word' id='word_1_553' title='bbox 2613 3212 2671 3263; x_wconf 78' lang='grc' dir='ltr'>ὲν</span> <span class='ocrx_word' id='word_1_554' title='bbox 2694 3209 2922 3281; x_wconf 85' lang='grc' dir='ltr'>αἰσχύνῃ</span> <span class='ocrx_word' id='word_1_555' title='bbox 2948 3209 3039 3262; x_wconf 79' lang='grc' dir='ltr'><strong>τὸν</strong></span> <span class='ocrx_word' id='word_1_556' title='bbox 3080 3208 3310 3279; x_wconf 84' lang='grc' dir='ltr'>σταυρὸν</span> <span class='ocrx_word' id='word_1_557' title='bbox 3339 3209 3628 3262; x_wconf 86' lang='grc' dir='ltr'>ποιεῖσθαι.</span> <span class='ocrx_word' id='word_1_558' title='bbox 3669 3210 3728 3264; x_wconf 81' lang='grc' dir='ltr'>Εἰ</span> 
     </span>
    </p>
   </div>
   <div class='ocr_carea' id='block_1_78' title="bbox 2154 3299 3726 3375">
    <p class='ocr_par' dir='ltr' id='par_1_78' title="bbox 2154 3299 3726 3375">
     <span class='ocr_line' id='line_1_78' title="bbox 2154 3299 3726 3375; baseline -0.003 -18"><span class='ocrx_word' id='word_1_559' title='bbox 2154 3305 2262 3375; x_wconf 86' lang='grc' dir='ltr'>γὰρ</span> <span class='ocrx_word' id='word_1_560' title='bbox 2299 3303 2500 3372; x_wconf 79' lang='grc' dir='ltr'>ὁμοίως</span> <span class='ocrx_word' id='word_1_561' title='bbox 2549 3302 2646 3373; x_wconf 81' lang='grc' dir='ltr'>μὲν</span> <span class='ocrx_word' id='word_1_562' title='bbox 2687 3301 2816 3370; x_wconf 87' lang='grc' dir='ltr'>παρ’</span> <span class='ocrx_word' id='word_1_563' title='bbox 2843 3300 3168 3372; x_wconf 83' lang='grc' dir='ltr'>ἀμφοτέρων</span> <span class='ocrx_word' id='word_1_564' title='bbox 3216 3303 3250 3372; x_wconf 85' lang='grc' dir='ltr'><strong>ἡ</strong></span> <span class='ocrx_word' id='word_1_565' title='bbox 3283 3299 3426 3353; x_wconf 85' lang='grc' dir='ltr'><strong>κατὰ</strong></span> <span class='ocrx_word' id='word_1_566' title='bbox 3460 3301 3520 3353; x_wconf 75' lang='grc' dir='ltr'>τὸ</span> <span class='ocrx_word' id='word_1_567' title='bbox 3563 3301 3726 3364; x_wconf 82' lang='grc' dir='ltr'>πάθος</span> 
     </span>
    </p>
   </div>
   <div class='ocr_carea' id='block_1_79' title="bbox 2155 3390 3728 3463">
    <p class='ocr_par' dir='ltr' id='par_1_79' title="bbox 2155 3390 3728 3463">
     <span class='ocr_line' id='line_1_79' title="bbox 2155 3390 3728 3463; baseline -0.001 -17"><span class='ocrx_word' id='word_1_568' title='bbox 2155 3391 2434 3462; x_wconf 80' lang='grc' dir='ltr'>οἰκονομία</span> <span class='ocrx_word' id='word_1_569' title='bbox 2486 3392 2880 3455; x_wconf 84' lang='grc' dir='ltr'>πεπίστευται,</span> <span class='ocrx_word' id='word_1_570' title='bbox 2921 3392 3082 3461; x_wconf 77' lang='grc' dir='ltr'>ἡμεῖς</span> <span class='ocrx_word' id='word_1_571' title='bbox 3128 3390 3183 3444; x_wconf 81' lang='grc' dir='ltr'>δὲ</span> <span class='ocrx_word' id='word_1_572' title='bbox 3219 3391 3311 3444; x_wconf 87' lang='grc' dir='ltr'><strong>τὸν</strong></span> <span class='ocrx_word' id='word_1_573' title='bbox 3359 3391 3446 3444; x_wconf 78' lang='grc' dir='ltr'>διὰ</span> <span class='ocrx_word' id='word_1_574' title='bbox 3500 3391 3728 3463; x_wconf 76' lang='grc' dir='ltr'>σταυροῦ</span> 
     </span>
    </p>
   </div>
   <div class='ocr_carea' id='block_1_80' title="bbox 2159 3479 3727 3553">
    <p class='ocr_par' dir='ltr' id='par_1_80' title="bbox 2159 3479 3727 3553">
     <span class='ocr_line' id='line_1_80' title="bbox 2159 3479 3727 3553; baseline -0.001 -19"><span class='ocrx_word' id='word_1_575' title='bbox 2159 3481 2540 3553; x_wconf 86' lang='grc' dir='ltr'>φανερωθέντα</span> <span class='ocrx_word' id='word_1_576' title='bbox 2561 3481 2692 3535; x_wconf 80' lang='grc' dir='ltr'>Θεὸν</span> <span class='ocrx_word' id='word_1_577' title='bbox 2715 3480 2890 3544; x_wconf 74' lang='grc' dir='ltr'>οὕτως</span> <span class='ocrx_word' id='word_1_578' title='bbox 2921 3481 3090 3550; x_wconf 87' lang='grc' dir='ltr'>τιμᾷν</span> <span class='ocrx_word' id='word_1_579' title='bbox 3120 3479 3348 3550; x_wconf 88' lang='grc' dir='ltr'>οἰόμεθα</span> <span class='ocrx_word' id='word_1_580' title='bbox 3395 3480 3503 3533; x_wconf 83' lang='grc' dir='ltr'>δεῖν</span> <span class='ocrx_word' id='word_1_581' title='bbox 3553 3481 3727 3545; x_wconf 79' lang='grc' dir='ltr'>καθὼς</span> 
     </span>
    </p>
   </div>
   <div class='ocr_carea' id='block_1_81' title="bbox 2158 3571 3765 3646">
    <p class='ocr_par' dir='ltr' id='par_1_81' title="bbox 2158 3571 3765 3646">
     <span class='ocr_line' id='line_1_81' title="bbox 2158 3571 3765 3646; baseline -0.001 -19"><span class='ocrx_word' id='word_1_582' title='bbox 2158 3575 2382 3646; x_wconf 81' lang='grc' dir='ltr'>τιμᾶται</span> <span class='ocrx_word' id='word_1_583' title='bbox 2412 3575 2439 3625; x_wconf 87' lang='grc' dir='ltr'><strong>ό</strong></span> <span class='ocrx_word' id='word_1_584' title='bbox 2465 3571 2654 3642; x_wconf 82' lang='grc' dir='ltr'>Πατὴρ</span> <span class='ocrx_word' id='word_1_585' title='bbox 2673 3613 2688 3640; x_wconf 90' lang='grc'><strong>,</strong></span> <span class='ocrx_word' id='word_1_586' title='bbox 2722 3574 2835 3635; x_wconf 85' lang='grc' dir='ltr'>τοῖς</span> <span class='ocrx_word' id='word_1_587' title='bbox 2865 3571 2922 3624; x_wconf 80' lang='grc' dir='ltr'><strong>δὲ</strong></span> <span class='ocrx_word' id='word_1_588' title='bbox 2955 3573 3017 3624; x_wconf 84' lang='grc' dir='ltr'><strong>τὸ</strong></span> <span class='ocrx_word' id='word_1_589' title='bbox 3046 3572 3217 3636; x_wconf 83' lang='grc' dir='ltr'>πάθος</span> <span class='ocrx_word' id='word_1_590' title='bbox 3245 3573 3503 3642; x_wconf 80' lang='grc' dir='ltr'>ἐμπόδιον</span> <span class='ocrx_word' id='word_1_591' title='bbox 3528 3574 3765 3641; x_wconf 72' lang='grc' dir='ltr'>γίνεται·</span> 
     </span>
    </p>
   </div>
   <div class='ocr_carea' id='block_1_82' title="bbox 2160 3661 3724 3736">
    <p class='ocr_par' dir='ltr' id='par_1_82' title="bbox 2160 3661 3724 3736">
     <span class='ocr_line' id='line_1_82' title="bbox 2160 3661 3724 3736; baseline -0.003 -19"><span class='ocrx_word' id='word_1_592' title='bbox 2160 3663 2296 3736; x_wconf 80' lang='grc' dir='ltr'>πρὸς</span> <span class='ocrx_word' id='word_1_593' title='bbox 2331 3664 2392 3717; x_wconf 81' lang='grc' dir='ltr'>τὸ</span> <span class='ocrx_word' id='word_1_594' title='bbox 2424 3661 2663 3732; x_wconf 76' lang='grc' dir='ltr'>δοξάζειν</span> <span class='ocrx_word' id='word_1_595' title='bbox 2701 3663 2793 3722; x_wconf 71' lang='grc' dir='ltr'><strong>τὸν</strong></span> <span class='ocrx_word' id='word_1_596' title='bbox 2843 3663 3105 3734; x_wconf 87' lang='grc' dir='ltr'>μονογενῆ</span> <span class='ocrx_word' id='word_1_597' title='bbox 3140 3664 3272 3718; x_wconf 78' lang='grc' dir='ltr'>Θεὸν</span> <span class='ocrx_word' id='word_1_598' title='bbox 3302 3664 3498 3736; x_wconf 73' lang='grc' dir='ltr'><strong>ἐπίσῗτὶς</strong></span> <span class='ocrx_word' id='word_1_599' title='bbox 3532 3665 3612 3734; x_wconf 79' lang='grc' dir='ltr'>τῷ</span> <span class='ocrx_word' id='word_1_600' title='bbox 3639 3682 3724 3732; x_wconf 80' lang='grc' dir='ltr'>γε-</span> 
     </span>
    </p>
   </div>
   <div class='ocr_carea' id='block_1_83' title="bbox 2160 3754 3728 3827">
    <p class='ocr_par' dir='ltr' id='par_1_83' title="bbox 2160 3754 3728 3827">
     <span class='ocr_line' id='line_1_83' title="bbox 2160 3754 3728 3827; baseline -0.002 -18"><span class='ocrx_word' id='word_1_601' title='bbox 2160 3756 2445 3824; x_wconf 83' lang='grc' dir='ltr'>γεννηκότι</span> <span class='ocrx_word' id='word_1_602' title='bbox 2499 3755 2704 3827; x_wconf 84' lang='grc' dir='ltr'>Πατρί’</span> <span class='ocrx_word' id='word_1_603' title='bbox 2754 3754 2863 3825; x_wconf 81' lang='grc' dir='ltr'>ἄρα</span> <span class='ocrx_word' id='word_1_604' title='bbox 2907 3756 3295 3826; x_wconf 83' lang='grc' dir='ltr'>περιτρέπεται</span> <span class='ocrx_word' id='word_1_605' title='bbox 3345 3754 3482 3824; x_wconf 81' lang='grc' dir='ltr'>πρὸς</span> <span class='ocrx_word' id='word_1_606' title='bbox 3518 3755 3728 3807; x_wconf 77' lang='grc' dir='ltr'>τούναν-</span> 
     </span>
    </p>
   </div>
   <div class='ocr_carea' id='block_1_84' title="bbox 2160 3839 3731 3918">
    <p class='ocr_par' dir='ltr' id='par_1_84' title="bbox 2160 3839 3731 3918">
     <span class='ocr_line' id='line_1_84' title="bbox 2160 3839 3731 3918; baseline -0.003 -17"><span class='ocrx_word' id='word_1_607' title='bbox 2160 3848 2272 3902; x_wconf 88' lang='grc' dir='ltr'>τίον</span> <span class='ocrx_word' id='word_1_608' title='bbox 2298 3847 2376 3918; x_wconf 83' lang='grc' dir='ltr'>τῷ</span> <span class='ocrx_word' id='word_1_609' title='bbox 2406 3849 2630 3916; x_wconf 79' lang='grc' dir='ltr'>σοφιστῇ</span> <span class='ocrx_word' id='word_1_610' title='bbox 2655 3845 2722 3899; x_wconf 85' lang='grc' dir='ltr'><strong>τὰ</strong></span> <span class='ocrx_word' id='word_1_611' title='bbox 2750 3846 3092 3915; x_wconf 77' lang='grc' dir='ltr'>ἐγκλήματα,</span> <span class='ocrx_word' id='word_1_612' title='bbox 3115 3846 3208 3899; x_wconf 75' lang='grc' dir='ltr'>καὶ</span> <span class='ocrx_word' id='word_1_613' title='bbox 3231 3846 3298 3899; x_wconf 83' lang='grc' dir='ltr'>δι’</span> <span class='ocrx_word' id='word_1_614' title='bbox 3316 3839 3390 3898; x_wconf 84' lang='grc' dir='ltr'>ὦν</span> <span class='ocrx_word' id='word_1_615' title='bbox 3412 3847 3731 3916; x_wconf 77' lang='grc' dir='ltr'>κατηγορεῖν</span> 
     </span>
    </p>
   </div>
   <div class='ocr_carea' id='block_1_85' title="bbox 2163 3937 3729 4011">
    <p class='ocr_par' dir='ltr' id='par_1_85' title="bbox 2163 3937 3729 4011">
     <span class='ocr_line' id='line_1_85' title="bbox 2163 3937 3729 4011; baseline -0.001 -19"><span class='ocrx_word' id='word_1_616' title='bbox 2163 3939 2319 4011; x_wconf 85' lang='grc' dir='ltr'>ὴμῶν</span> <span class='ocrx_word' id='word_1_617' title='bbox 2343 3939 2512 3992; x_wconf 77' lang='grc' dir='ltr'>οἴεται</span> <span class='ocrx_word' id='word_1_618' title='bbox 2538 3979 2553 4004; x_wconf 93' lang='grc'><strong>,</strong></span> <span class='ocrx_word' id='word_1_619' title='bbox 2584 3938 2681 4009; x_wconf 84' lang='grc' dir='ltr'>τὴν</span> <span class='ocrx_word' id='word_1_620' title='bbox 2725 3937 2861 3990; x_wconf 88' lang='grc' dir='ltr'>ἰδίαν</span> <span class='ocrx_word' id='word_1_621' title='bbox 2884 3938 3198 4008; x_wconf 87' lang='grc' dir='ltr'>δημοσιεύει</span> <span class='ocrx_word' id='word_1_622' title='bbox 3231 3937 3372 3991; x_wconf 86' lang='grc' dir='ltr'><strong>κατά</strong></span> <span class='ocrx_word' id='word_1_623' title='bbox 3399 3937 3509 3991; x_wconf 89' lang='grc' dir='ltr'><strong>τῶν</strong></span> <span class='ocrx_word' id='word_1_624' title='bbox 3532 3938 3729 4007; x_wconf 81' lang='grc' dir='ltr'>δογμά-</span> 
     </span>
    </p>
   </div>
   <div class='ocr_carea' id='block_1_86' title="bbox 2163 4029 3733 4102">
    <p class='ocr_par' dir='ltr' id='par_1_86' title="bbox 2163 4029 3733 4102">
     <span class='ocr_line' id='line_1_86' title="bbox 2163 4029 3733 4102; baseline -0.003 -16"><span class='ocrx_word' id='word_1_625' title='bbox 2163 4049 2270 4086; x_wconf 90' lang='grc' dir='ltr'><strong>των</strong></span> <span class='ocrx_word' id='word_1_626' title='bbox 2293 4030 2570 4085; x_wconf 81' lang='grc' dir='ltr'>ἀσέὸειαν.</span> <span class='ocrx_word' id='word_1_627' title='bbox 2591 4030 2757 4100; x_wconf 82' lang='grc' dir='ltr'>Δῆλον</span> <span class='ocrx_word' id='word_1_628' title='bbox 2781 4029 2889 4102; x_wconf 88' lang='grc' dir='ltr'>γὰρ</span> <span class='ocrx_word' id='word_1_629' title='bbox 2913 4031 2996 4082; x_wconf 84' lang='grc' dir='ltr'>ὃτι</span> <span class='ocrx_word' id='word_1_630' title='bbox 3021 4029 3210 4083; x_wconf 89' lang='grc' dir='ltr'>τούτου</span> <span class='ocrx_word' id='word_1_631' title='bbox 3235 4031 3392 4100; x_wconf 83' lang='grc' dir='ltr'>χάριν</span> <span class='ocrx_word' id='word_1_632' title='bbox 3417 4030 3733 4100; x_wconf 82' lang='grc' dir='ltr'>ὑπερτίθησι</span> 
     </span>
    </p>
   </div>
   <div class='ocr_carea' id='block_1_87' title="bbox 2165 4119 3738 4190">
    <p class='ocr_par' dir='ltr' id='par_1_87' title="bbox 2165 4119 3738 4190">
     <span class='ocr_line' id='line_1_87' title="bbox 2165 4119 3738 4190; baseline -0.004 -16"><span class='ocrx_word' id='word_1_633' title='bbox 2165 4120 2258 4174; x_wconf 93' lang='grc' dir='ltr'><strong>τοῦ</strong></span> <span class='ocrx_word' id='word_1_634' title='bbox 2282 4120 2410 4174; x_wconf 87' lang='grc' dir='ltr'>Υίοῦ</span> <span class='ocrx_word' id='word_1_635' title='bbox 2441 4121 2531 4173; x_wconf 89' lang='grc' dir='ltr'><strong>τὸν</strong></span> <span class='ocrx_word' id='word_1_636' title='bbox 2561 4119 2803 4190; x_wconf 86' lang='grc' dir='ltr'>Πατέρα,</span> <span class='ocrx_word' id='word_1_637' title='bbox 2835 4119 2929 4172; x_wconf 71' lang='grc' dir='ltr'>καὶ</span> <span class='ocrx_word' id='word_1_638' title='bbox 2954 4122 3073 4182; x_wconf 83' lang='grc' dir='ltr'>ταῖς</span> <span class='ocrx_word' id='word_1_639' title='bbox 3107 4119 3346 4190; x_wconf 78' lang='grc' dir='ltr'>μείζοσιν</span> <span class='ocrx_word' id='word_1_640' title='bbox 3376 4119 3738 4190; x_wconf 82' lang='grc' dir='ltr'>ἀποσεμνύνει</span> 
     </span>
    </p>
   </div>
   <div class='ocr_carea' id='block_1_88' title="bbox 2165 4211 3733 4285">
    <p class='ocr_par' dir='ltr' id='par_1_88' title="bbox 2165 4211 3733 4285">
     <span class='ocr_line' id='line_1_88' title="bbox 2165 4211 3733 4285; baseline -0.004 -18"><span class='ocrx_word' id='word_1_641' title='bbox 2165 4217 2351 4285; x_wconf 85' lang='grc' dir='ltr'>τιμαῖς</span> <span class='ocrx_word' id='word_1_642' title='bbox 2370 4253 2384 4278; x_wconf 93' lang='grc'><strong>,</strong></span> <span class='ocrx_word' id='word_1_643' title='bbox 2412 4214 2494 4266; x_wconf 80' lang='grc' dir='ltr'><strong>ὅτι</strong></span> <span class='ocrx_word' id='word_1_644' title='bbox 2523 4213 2556 4281; x_wconf 82' lang='grc' dir='ltr'>ἡ</span> <span class='ocrx_word' id='word_1_645' title='bbox 2585 4213 2725 4265; x_wconf 82' lang='grc' dir='ltr'><strong>κατά</strong></span> <span class='ocrx_word' id='word_1_646' title='bbox 2755 4212 2846 4265; x_wconf 76' lang='grc' dir='ltr'><strong>τὸν</strong></span> <span class='ocrx_word' id='word_1_647' title='bbox 2878 4211 3110 4283; x_wconf 79' lang='grc' dir='ltr'>σταυρὸν</span> <span class='ocrx_word' id='word_1_648' title='bbox 3151 4211 3383 4283; x_wconf 86' lang='grc' dir='ltr'>αἰσχύνη</span> <span class='ocrx_word' id='word_1_649' title='bbox 3416 4212 3545 4282; x_wconf 70' lang='grc' dir='ltr'>περὶ</span> <span class='ocrx_word' id='word_1_650' title='bbox 3584 4211 3733 4263; x_wconf 77' lang='grc' dir='ltr'>αὐτὸν</span> 
     </span>
    </p>
   </div>
   <div class='ocr_carea' id='block_1_89' title="bbox 476 4300 2046 4377">
    <p class='ocr_par' dir='ltr' id='par_1_89' title="bbox 476 4308 2046 4377">
     <span class='ocr_line' id='line_1_89' title="bbox 476 4308 2046 4377; baseline 0.004 -19"><span class='ocrx_word' id='word_1_651' title='bbox 476 4323 585 4377; x_wconf 84' lang='lat' dir='ltr'><strong>que</strong></span> <span class='ocrx_word' id='word_1_652' title='bbox 614 4323 839 4362; x_wconf 89' lang='lat' dir='ltr'><strong>causam</strong></span> <span class='ocrx_word' id='word_1_653' title='bbox 866 4308 921 4362; x_wconf 90' lang='lat' dir='ltr'><strong>in</strong></span> <span class='ocrx_word' id='word_1_654' title='bbox 957 4308 1202 4365; x_wconf 91' lang='lat' dir='ltr'><strong>deterius</strong></span> <span class='ocrx_word' id='word_1_655' title='bbox 1232 4311 1576 4364; x_wconf 90' lang='lat' dir='ltr'><strong>immutatam</strong></span> <span class='ocrx_word' id='word_1_656' title='bbox 1609 4325 1732 4366; x_wconf 89' lang='lat' dir='ltr'><strong>esse</strong></span> <span class='ocrx_word' id='word_1_657' title='bbox 1760 4309 1886 4364; x_wconf 86' lang='lat' dir='ltr'><strong>Filii</strong></span> <span class='ocrx_word' id='word_1_658' title='bbox 1905 4321 2046 4364; x_wconf 87' lang='lat' dir='ltr'><strong>uatu-</strong></span> 
     </span>
    </p>
   </div>
   <div class='ocr_carea' id='block_1_90' title="bbox 2148 4300 3732 4377">
    <p class='ocr_par' dir='ltr' id='par_1_90' title="bbox 2166 4302 3732 4377">
     <span class='ocr_line' id='line_1_90' title="bbox 2166 4302 3732 4377; baseline -0.003 -17"><span class='ocrx_word' id='word_1_659' title='bbox 2166 4308 2262 4377; x_wconf 77' lang='grc' dir='ltr'><strong>οὐχ</strong></span> <span class='ocrx_word' id='word_1_660' title='bbox 2293 4307 2486 4376; x_wconf 83' lang='grc' dir='ltr'>ὁρᾶται</span> <span class='ocrx_word' id='word_1_661' title='bbox 2513 4322 2527 4336; x_wconf 89' lang='grc'><strong>·</strong></span> <span class='ocrx_word' id='word_1_662' title='bbox 2562 4305 2656 4360; x_wconf 75' lang='grc' dir='ltr'><strong>καὶ</strong></span> <span class='ocrx_word' id='word_1_663' title='bbox 2684 4303 2772 4357; x_wconf 88' lang='grc' dir='ltr'>διὰ</span> <span class='ocrx_word' id='word_1_664' title='bbox 2804 4304 2962 4358; x_wconf 84' lang='grc' dir='ltr'>τοῦτο</span> <span class='ocrx_word' id='word_1_665' title='bbox 2991 4304 3129 4375; x_wconf 83' lang='grc' dir='ltr'>πρὸς</span> <span class='ocrx_word' id='word_1_666' title='bbox 3150 4304 3212 4358; x_wconf 83' lang='grc' dir='ltr'>τὸ</span> <span class='ocrx_word' id='word_1_667' title='bbox 3253 4307 3431 4376; x_wconf 87' lang='grc' dir='ltr'>χεῖρον</span> <span class='ocrx_word' id='word_1_668' title='bbox 3460 4302 3732 4374; x_wconf 88' lang='grc' dir='ltr'>παρηλλά-</span> 
     </span>
    </p>
   </div>
   <div class='ocr_carea' id='block_1_91' title="bbox 480 4401 2063 4473">
    <p class='ocr_par' dir='ltr' id='par_1_91' title="bbox 480 4401 2063 4473">
     <span class='ocr_line' id='line_1_91' title="bbox 480 4401 2063 4473; baseline 0.001 -17"><span class='ocrx_word' id='word_1_669' title='bbox 480 4417 598 4456; x_wconf 89' lang='lat' dir='ltr'><strong>ram</strong></span> <span class='ocrx_word' id='word_1_670' title='bbox 642 4401 947 4468; x_wconf 87' lang='lat' dir='ltr'><strong>contendit,</strong></span> <span class='ocrx_word' id='word_1_671' title='bbox 982 4403 1111 4472; x_wconf 89' lang='lat' dir='ltr'><strong>quia</strong></span> <span class='ocrx_word' id='word_1_672' title='bbox 1150 4404 1336 4459; x_wconf 89' lang='lat' dir='ltr'><strong>crucis</strong></span> <span class='ocrx_word' id='word_1_673' title='bbox 1377 4403 1636 4473; x_wconf 88' lang='lat' dir='ltr'><strong>probrum</strong></span> <span class='ocrx_word' id='word_1_674' title='bbox 1678 4404 1731 4457; x_wconf 93' lang='lat' dir='ltr'><strong>in</strong></span> <span class='ocrx_word' id='word_1_675' title='bbox 1761 4405 1939 4473; x_wconf 90' lang='lat' dir='ltr'><strong>ipsum</strong></span> <span class='ocrx_word' id='word_1_676' title='bbox 1974 4419 2063 4457; x_wconf 91' lang='lat' dir='ltr'><strong>so-</strong></span> 
     </span>
    </p>
   </div>
   <div class='ocr_carea' id='block_1_92' title="bbox 483 4493 2063 4565">
    <p class='ocr_par' dir='ltr' id='par_1_92' title="bbox 483 4493 2063 4565">
     <span class='ocr_line' id='line_1_92' title="bbox 483 4493 2063 4565; baseline 0.003 -19"><span class='ocrx_word' id='word_1_677' title='bbox 483 4495 594 4547; x_wconf 92' lang='lat' dir='ltr'><strong>lum</strong></span> <span class='ocrx_word' id='word_1_678' title='bbox 626 4493 899 4557; x_wconf 88' lang='lat' dir='ltr'><strong>refertur,</strong></span> <span class='ocrx_word' id='word_1_679' title='bbox 945 4494 1094 4564; x_wconf 89' lang='lat' dir='ltr'><strong>quod</strong></span> <span class='ocrx_word' id='word_1_680' title='bbox 1148 4495 1367 4550; x_wconf 91' lang='lat' dir='ltr'><strong>Patrem</strong></span> <span class='ocrx_word' id='word_1_681' title='bbox 1419 4511 1527 4549; x_wconf 91' lang='lat' dir='ltr'><strong>non</strong></span> <span class='ocrx_word' id='word_1_682' title='bbox 1577 4495 1816 4565; x_wconf 83' lang='lat' dir='ltr'><strong>attingit.</strong></span> <span class='ocrx_word' id='word_1_683' title='bbox 1867 4495 2063 4550; x_wconf 88' lang='lat' dir='ltr'><strong>Nullus</strong></span> 
     </span>
    </p>
   </div>
   <div class='ocr_carea' id='block_1_93' title="bbox 483 4586 2064 4657">
    <p class='ocr_par' dir='ltr' id='par_1_93' title="bbox 483 4586 2064 4657">
     <span class='ocr_line' id='line_1_93' title="bbox 483 4586 2064 4657; baseline 0.001 -17"><span class='ocrx_word' id='word_1_684' title='bbox 483 4595 667 4642; x_wconf 87' lang='lat' dir='ltr'><strong>autem</strong></span> <span class='ocrx_word' id='word_1_685' title='bbox 698 4588 975 4642; x_wconf 76' lang='lat' dir='ltr'><strong>existimet</strong></span> <span class='ocrx_word' id='word_1_686' title='bbox 1021 4601 1106 4640; x_wconf 90' lang='lat' dir='ltr'><strong>me</strong></span> <span class='ocrx_word' id='word_1_687' title='bbox 1141 4586 1313 4641; x_wconf 89' lang='lat' dir='ltr'><strong>solam</strong></span> <span class='ocrx_word' id='word_1_688' title='bbox 1343 4587 1646 4642; x_wconf 88' lang='lat' dir='ltr'><strong>secundum</strong></span> <span class='ocrx_word' id='word_1_689' title='bbox 1677 4587 1798 4657; x_wconf 89' lang='lat' dir='ltr'><strong>ejus</strong></span> <span class='ocrx_word' id='word_1_690' title='bbox 1826 4595 2064 4642; x_wconf 89' lang='lat' dir='ltr'><strong>mentem</strong></span> 
     </span>
    </p>
   </div>
   <div class='ocr_carea' id='block_1_94' title="bbox 481 4677 2064 4747">
    <p class='ocr_par' dir='ltr' id='par_1_94' title="bbox 481 4677 2064 4747">
     <span class='ocr_line' id='line_1_94' title="bbox 481 4677 2064 4747; baseline 0 -15"><span class='ocrx_word' id='word_1_691' title='bbox 481 4678 933 4732; x_wconf 86' lang='lat' dir='ltr'><strong>consecutionem</strong></span> <span class='ocrx_word' id='word_1_692' title='bbox 969 4677 1156 4746; x_wconf 90' lang='lat' dir='ltr'><strong>scripti</strong></span> <span class='ocrx_word' id='word_1_693' title='bbox 1189 4685 1504 4747; x_wconf 89' lang='lat' dir='ltr'><strong>sequentem</strong></span> <span class='ocrx_word' id='word_1_694' title='bbox 1538 4678 1652 4733; x_wconf 82' lang='lat' dir='ltr'><strong>haec</strong></span> <span class='ocrx_word' id='word_1_695' title='bbox 1691 4679 1890 4732; x_wconf 84' lang='lat' dir='ltr'><strong>dicere.</strong></span> <span class='ocrx_word' id='word_1_696' title='bbox 1927 4678 2064 4732; x_wconf 91' lang='lat' dir='ltr'><strong>Cum</strong></span> 
     </span>
    </p>
   </div>
   <div class='ocr_carea' id='block_1_95' title="bbox 485 4768 2066 4841">
    <p class='ocr_par' dir='ltr' id='par_1_95' title="bbox 485 4768 2066 4841">
     <span class='ocr_line' id='line_1_95' title="bbox 485 4768 2066 4841; baseline 0.002 -19"><span class='ocrx_word' id='word_1_697' title='bbox 485 4768 634 4822; x_wconf 90' lang='lat' dir='ltr'><strong>enim</strong></span> <span class='ocrx_word' id='word_1_698' title='bbox 671 4769 900 4839; x_wconf 72' lang='lat' dir='ltr'><strong>legendo</strong></span> <span class='ocrx_word' id='word_1_699' title='bbox 933 4771 1333 4837; x_wconf 76' lang='lat' dir='ltr'><strong>percurrissem</strong></span> <span class='ocrx_word' id='word_1_700' title='bbox 1377 4785 1591 4826; x_wconf 88' lang='lat' dir='ltr'><strong>omnem</strong></span> <span class='ocrx_word' id='word_1_701' title='bbox 1641 4771 1906 4825; x_wconf 84' lang='lat' dir='ltr'><strong>orationis</strong></span> <span class='ocrx_word' id='word_1_702' title='bbox 1947 4772 2066 4841; x_wconf 76' lang='lat' dir='ltr'><strong>ejus</strong></span> 
     </span>
    </p>
   </div>
   <div class='ocr_carea' id='block_1_96' title="bbox 487 4859 2068 4931">
    <p class='ocr_par' dir='ltr' id='par_1_96' title="bbox 487 4859 2068 4931">
     <span class='ocr_line' id='line_1_96' title="bbox 487 4859 2068 4931; baseline 0.004 -18"><span class='ocrx_word' id='word_1_703' title='bbox 487 4867 743 4914; x_wconf 88' lang='lat' dir='ltr'><strong>accurate</strong></span> <span class='ocrx_word' id='word_1_704' title='bbox 771 4859 1128 4928; x_wconf 86' lang='lat' dir='ltr'><strong>compositam</strong></span> <span class='ocrx_word' id='word_1_705' title='bbox 1166 4861 1235 4916; x_wconf 86' lang='lat' dir='ltr'><strong>ab</strong></span> <span class='ocrx_word' id='word_1_706' title='bbox 1274 4860 1394 4930; x_wconf 84' lang='lat' dir='ltr'><strong>ipso</strong></span> <span class='ocrx_word' id='word_1_707' title='bbox 1431 4861 1850 4931; x_wconf 86' lang='lat' dir='ltr'><strong>blasphemiam,</strong></span> <span class='ocrx_word' id='word_1_708' title='bbox 1882 4864 1937 4917; x_wconf 91' lang='lat' dir='ltr'><strong>in</strong></span> <span class='ocrx_word' id='word_1_709' title='bbox 1983 4880 2068 4919; x_wconf 89' lang='lat' dir='ltr'><strong>sc-</strong></span> 
     </span>
    </p>
   </div>
   <div class='ocr_carea' id='block_1_97' title="bbox 487 4949 2068 5025">
    <p class='ocr_par' dir='ltr' id='par_1_97' title="bbox 487 4949 2068 5025">
     <span class='ocr_line' id='line_1_97' title="bbox 487 4949 2068 5025; baseline 0.003 -21"><span class='ocrx_word' id='word_1_710' title='bbox 487 4949 785 5020; x_wconf 84' lang='lat' dir='ltr'><strong>quentibus</strong></span> <span class='ocrx_word' id='word_1_711' title='bbox 816 4950 1104 5005; x_wconf 88' lang='lat' dir='ltr'><strong>manifeste</strong></span> <span class='ocrx_word' id='word_1_712' title='bbox 1136 4952 1281 5006; x_wconf 89' lang='lat' dir='ltr'><strong>nuda</strong></span> <span class='ocrx_word' id='word_1_713' title='bbox 1311 4951 1554 5008; x_wconf 89' lang='lat' dir='ltr'><strong>dictione</strong></span> <span class='ocrx_word' id='word_1_714' title='bbox 1589 4953 1732 5009; x_wconf 90' lang='lat' dir='ltr'><strong>hanc</strong></span> <span class='ocrx_word' id='word_1_715' title='bbox 1765 4956 2068 5025; x_wconf 77' lang='lat' dir='ltr'><strong>expositam</strong></span> 
     </span>
    </p>
   </div>
   <div class='ocr_carea' id='block_1_98' title="bbox 489 5042 2071 5123">
    <p class='ocr_par' dir='ltr' id='par_1_98' title="bbox 489 5042 2071 5123">
     <span class='ocr_line' id='line_1_98' title="bbox 489 5042 2071 5123; baseline 0.002 -24"><span class='ocrx_word' id='word_1_716' title='bbox 489 5043 667 5114; x_wconf 86' lang='lat' dir='ltr'><strong>reperi</strong></span> <span class='ocrx_word' id='word_1_717' title='bbox 702 5042 1120 5123; x_wconf 88' lang='lat' dir='ltr'><strong>blasphemiam.</strong></span> <span class='ocrx_word' id='word_1_718' title='bbox 1149 5044 1286 5108; x_wconf 85' lang='lat' dir='ltr'><strong>Et,si</strong></span> <span class='ocrx_word' id='word_1_719' title='bbox 1317 5045 1618 5119; x_wconf 87' lang='lat' dir='ltr'><strong>videtur,in</strong></span> <span class='ocrx_word' id='word_1_720' title='bbox 1643 5048 1911 5105; x_wconf 90' lang='lat' dir='ltr'><strong>orationis</strong></span> <span class='ocrx_word' id='word_1_721' title='bbox 1938 5064 2071 5102; x_wconf 74' lang='lat' dir='ltr'><strong>mea:</strong></span> 
     </span>
    </p>
   </div>
   <div class='ocr_carea' id='block_1_99' title="bbox 492 5133 2072 5208">
    <p class='ocr_par' dir='ltr' id='par_1_99' title="bbox 492 5133 2072 5208">
     <span class='ocr_line' id='line_1_99' title="bbox 492 5133 2072 5208; baseline 0 -16"><span class='ocrx_word' id='word_1_722' title='bbox 492 5134 636 5192; x_wconf 90' lang='lat' dir='ltr'><strong>serie</strong></span> <span class='ocrx_word' id='word_1_723' title='bbox 671 5148 735 5190; x_wconf 89' lang='lat' dir='ltr'><strong>ea</strong></span> <span class='ocrx_word' id='word_1_724' title='bbox 767 5149 887 5206; x_wconf 72' lang='lat' dir='ltr'><strong>quae</strong></span> <span class='ocrx_word' id='word_1_725' title='bbox 920 5133 989 5188; x_wconf 86' lang='lat' dir='ltr'><strong>ab</strong></span> <span class='ocrx_word' id='word_1_726' title='bbox 1026 5134 1145 5204; x_wconf 91' lang='lat' dir='ltr'><strong>ipso</strong></span> <span class='ocrx_word' id='word_1_727' title='bbox 1177 5136 1382 5206; x_wconf 86' lang='lat' dir='ltr'><strong>scripta</strong></span> <span class='ocrx_word' id='word_1_728' title='bbox 1415 5145 1543 5191; x_wconf 87' lang='lat' dir='ltr'><strong>sunt</strong></span> <span class='ocrx_word' id='word_1_729' title='bbox 1593 5153 1859 5208; x_wconf 90' lang='lat' dir='ltr'><strong>apponam</strong></span> <span class='ocrx_word' id='word_1_730' title='bbox 1890 5179 1906 5204; x_wconf 94' lang='lat'><strong>,</strong></span> <span class='ocrx_word' id='word_1_731' title='bbox 1950 5153 2072 5208; x_wconf 81' lang='lat' dir='ltr'><strong>qua:</strong></span> 
     </span>
    </p>
   </div>
   <div class='ocr_carea' id='block_1_100' title="bbox 493 5225 2072 5299">
    <p class='ocr_par' dir='ltr' id='par_1_100' title="bbox 493 5225 2072 5299">
     <span class='ocr_line' id='line_1_100' title="bbox 493 5225 2072 5299; baseline -0.001 -16"><span class='ocrx_word' id='word_1_732' title='bbox 493 5229 575 5284; x_wconf 84' lang='lat' dir='ltr'><strong>sic</strong></span> <span class='ocrx_word' id='word_1_733' title='bbox 601 5244 660 5283; x_wconf 89' lang='lat' dir='ltr'><strong>sc</strong></span> <span class='ocrx_word' id='word_1_734' title='bbox 690 5227 930 5282; x_wconf 88' lang='lat' dir='ltr'><strong>habent:</strong></span> <span class='ocrx_word' id='word_1_735' title='bbox 959 5225 1035 5279; x_wconf 92' lang='lat' dir='ltr'><strong>ait</strong></span> <span class='ocrx_word' id='word_1_736' title='bbox 1058 5225 1300 5281; x_wconf 80' lang='lat' dir='ltr'><strong>enim:Si</strong></span> <span class='ocrx_word' id='word_1_737' title='bbox 1333 5227 1544 5296; x_wconf 80' lang='lat' dir='ltr'><strong>quidem</strong></span> <span class='ocrx_word' id='word_1_738' title='bbox 1570 5229 1934 5284; x_wconf 79' lang='lat' dir='ltr'><strong>demonstrare</strong></span> <span class='ocrx_word' id='word_1_739' title='bbox 1978 5246 2072 5299; x_wconf 85' lang='lat' dir='ltr'><strong>po—</strong></span> 
     </span>
    </p>
   </div>
   <div class='ocr_carea' id='block_1_101' title="bbox 495 5315 2074 5387">
    <p class='ocr_par' dir='ltr' id='par_1_101' title="bbox 495 5315 2074 5387">
     <span class='ocr_line' id='line_1_101' title="bbox 495 5315 2074 5387; baseline 0.001 -19"><span class='ocrx_word' id='word_1_740' title='bbox 495 5327 593 5372; x_wconf 83' lang='lat' dir='ltr'><strong>test</strong></span> <span class='ocrx_word' id='word_1_741' title='bbox 626 5318 787 5372; x_wconf 77' lang='lat' dir='ltr'><strong>etiam</strong></span> <span class='ocrx_word' id='word_1_742' title='bbox 828 5316 996 5370; x_wconf 87' lang='lat' dir='ltr'><strong>Deum</strong></span> <span class='ocrx_word' id='word_1_743' title='bbox 1024 5316 1114 5386; x_wconf 81' lang='lat' dir='ltr'><strong>qui</strong></span> <span class='ocrx_word' id='word_1_744' title='bbox 1147 5316 1200 5368; x_wconf 83' lang='lat' dir='ltr'><strong>in</strong></span> <span class='ocrx_word' id='word_1_745' title='bbox 1227 5315 1468 5368; x_wconf 82' lang='lat' dir='ltr'><strong>omnibus</strong></span> <span class='ocrx_word' id='word_1_746' title='bbox 1497 5327 1596 5381; x_wconf 80' lang='lat' dir='ltr'><strong>est,</strong></span> <span class='ocrx_word' id='word_1_747' title='bbox 1629 5319 1718 5387; x_wconf 79' lang='lat' dir='ltr'><strong>qui</strong></span> <span class='ocrx_word' id='word_1_748' title='bbox 1744 5318 1954 5386; x_wconf 80' lang='lat' dir='ltr'><strong>quidem</strong></span> <span class='ocrx_word' id='word_1_749' title='bbox 1983 5318 2074 5370; x_wconf 72' lang='lat' dir='ltr'><strong>lux</strong></span> 
     </span>
    </p>
   </div>
   <div class='ocr_carea' id='block_1_102' title="bbox 495 5406 2070 5477">
    <p class='ocr_par' dir='ltr' id='par_1_102' title="bbox 495 5406 2070 5477">
     <span class='ocr_line' id='line_1_102' title="bbox 495 5406 2070 5477; baseline -0.001 -15"><span class='ocrx_word' id='word_1_750' title='bbox 495 5420 573 5463; x_wconf 82' lang='lat' dir='ltr'><strong>est</strong></span> <span class='ocrx_word' id='word_1_751' title='bbox 607 5411 901 5474; x_wconf 75' lang='lat' dir='ltr'><strong>inaccessa,</strong></span> <span class='ocrx_word' id='word_1_752' title='bbox 936 5410 991 5462; x_wconf 79' lang='lat' dir='ltr'><strong>in</strong></span> <span class='ocrx_word' id='word_1_753' title='bbox 1026 5424 1186 5462; x_wconf 82' lang='lat' dir='ltr'><strong>carne</strong></span> <span class='ocrx_word' id='word_1_754' title='bbox 1221 5406 1422 5474; x_wconf 79' lang='lat' dir='ltr'><strong>factum</strong></span> <span class='ocrx_word' id='word_1_755' title='bbox 1455 5424 1568 5461; x_wconf 79' lang='lat' dir='ltr'><strong>esse</strong></span> <span class='ocrx_word' id='word_1_756' title='bbox 1619 5409 1695 5460; x_wconf 83' lang='lat' dir='ltr'><strong>vel</strong></span> <span class='ocrx_word' id='word_1_757' title='bbox 1735 5410 1852 5477; x_wconf 80' lang='lat' dir='ltr'><strong>ﬁeri</strong></span> <span class='ocrx_word' id='word_1_758' title='bbox 1899 5425 2070 5477; x_wconf 82' lang='lat' dir='ltr'><strong>posse,</strong></span> 
     </span>
    </p>
   </div>
   <div class='ocr_carea' id='block_1_103' title="bbox 497 5500 2072 5569">
    <p class='ocr_par' dir='ltr' id='par_1_103' title="bbox 497 5500 2072 5569">
     <span class='ocr_line' id='line_1_103' title="bbox 497 5500 2072 5569; baseline -0.001 -14"><span class='ocrx_word' id='word_1_759' title='bbox 497 5500 592 5555; x_wconf 80' lang='lat' dir='ltr'><strong>sub</strong></span> <span class='ocrx_word' id='word_1_760' title='bbox 617 5511 929 5568; x_wconf 80' lang='lat' dir='ltr'><strong>potestatem</strong></span> <span class='ocrx_word' id='word_1_761' title='bbox 951 5501 1174 5568; x_wconf 77' lang='lat' dir='ltr'><strong>venisse,</strong></span> <span class='ocrx_word' id='word_1_762' title='bbox 1207 5501 1442 5569; x_wconf 79' lang='lat' dir='ltr'><strong>imperiis</strong></span> <span class='ocrx_word' id='word_1_763' title='bbox 1492 5500 1748 5555; x_wconf 80' lang='lat' dir='ltr'><strong>obediisse</strong></span> <span class='ocrx_word' id='word_1_764' title='bbox 1772 5540 1787 5563; x_wconf 89' lang='lat'><strong>,</strong></span> <span class='ocrx_word' id='word_1_765' title='bbox 1827 5500 2072 5554; x_wconf 79' lang='lat' dir='ltr'><strong>Immanis</strong></span> 
     </span>
    </p>
   </div>
   <div class='ocr_carea' id='block_1_104' title="bbox 499 5591 2070 5677">
    <p class='ocr_par' dir='ltr' id='par_1_104' title="bbox 499 5591 2070 5677">
     <span class='ocr_line' id='line_1_104' title="bbox 499 5591 2070 5677; baseline 0.002 -31"><span class='ocrx_word' id='word_1_766' title='bbox 499 5591 698 5677; x_wconf 66' lang='lat' dir='ltr'><strong>{rqibus</strong></span> <span class='ocrx_word' id='word_1_767' title='bbox 753 5594 1100 5677; x_wconf 54' lang='lat' dir='ltr'><strong>gubernatum</strong></span> <span class='ocrx_word' id='word_1_768' title='bbox 1155 5595 1360 5665; x_wconf 78' lang='lat' dir='ltr'><strong>fuisse,</strong></span> <span class='ocrx_word' id='word_1_769' title='bbox 1415 5611 1625 5660; x_wconf 73' lang='lat' dir='ltr'><strong>crucem</strong></span> <span class='ocrx_word' id='word_1_770' title='bbox 1670 5595 1889 5660; x_wconf 69' lang='lat' dir='ltr'><strong>tulisse,</strong></span> <span class='ocrx_word' id='word_1_771' title='bbox 1930 5594 2070 5650; x_wconf 81' lang='lat' dir='ltr'><strong>dicat</strong></span> 
     </span>
    </p>
   </div>
   <div class='ocr_carea' id='block_1_105' title="bbox 2168 4396 3735 4472">
    <p class='ocr_par' dir='ltr' id='par_1_105' title="bbox 2168 4396 3735 4472">
     <span class='ocr_line' id='line_1_105' title="bbox 2168 4396 3735 4472; baseline -0.003 -21"><span class='ocrx_word' id='word_1_772' title='bbox 2168 4398 2294 4472; x_wconf 82' lang='grc' dir='ltr'>χθαι</span> <span class='ocrx_word' id='word_1_773' title='bbox 2322 4397 2415 4450; x_wconf 90' lang='grc' dir='ltr'><strong>τοῦ</strong></span> <span class='ocrx_word' id='word_1_774' title='bbox 2444 4396 2575 4450; x_wconf 86' lang='grc' dir='ltr'>Υίοῦ</span> <span class='ocrx_word' id='word_1_775' title='bbox 2608 4397 2708 4466; x_wconf 82' lang='grc' dir='ltr'><strong>τὴν</strong></span> <span class='ocrx_word' id='word_1_776' title='bbox 2734 4396 2896 4465; x_wconf 89' lang='grc' dir='ltr'>φύσιν</span> <span class='ocrx_word' id='word_1_777' title='bbox 2920 4397 3331 4468; x_wconf 80' lang='grc' dir='ltr'>διισχυρίζεται,</span> <span class='ocrx_word' id='word_1_778' title='bbox 3349 4398 3431 4451; x_wconf 85' lang='grc' dir='ltr'>ὅτι</span> <span class='ocrx_word' id='word_1_779' title='bbox 3455 4397 3550 4450; x_wconf 89' lang='grc' dir='ltr'><strong>τοῦ</strong></span> <span class='ocrx_word' id='word_1_780' title='bbox 3582 4414 3735 4449; x_wconf 82' lang='grc' dir='ltr'>σταυ-</span> 
     </span>
    </p>
   </div>
   <div class='ocr_carea' id='block_1_106' title="bbox 2171 4487 3739 4559">
    <p class='ocr_par' dir='ltr' id='par_1_106' title="bbox 2171 4487 3739 4559">
     <span class='ocr_line' id='line_1_106' title="bbox 2171 4487 3739 4559; baseline 0 -19"><span class='ocrx_word' id='word_1_781' title='bbox 2171 4489 2264 4559; x_wconf 90' lang='grc' dir='ltr'><strong>ροῦ</strong></span> <span class='ocrx_word' id='word_1_782' title='bbox 2286 4488 2345 4540; x_wconf 78' lang='grc' dir='ltr'>τὸ</span> <span class='ocrx_word' id='word_1_783' title='bbox 2368 4487 2570 4551; x_wconf 80' lang='grc' dir='ltr'>όνειδος</span> <span class='ocrx_word' id='word_1_784' title='bbox 2608 4491 2686 4551; x_wconf 86' lang='grc' dir='ltr'><strong>εἰς</strong></span> <span class='ocrx_word' id='word_1_785' title='bbox 2714 4488 2875 4556; x_wconf 44' lang='lat' dir='ltr'><strong>uti,th</strong></span> <span class='ocrx_word' id='word_1_786' title='bbox 2915 4489 3248 4559; x_wconf 87' lang='grc' dir='ltr'>ἀναφέρεται</span> <span class='ocrx_word' id='word_1_787' title='bbox 3289 4489 3448 4558; x_wconf 85' lang='grc' dir='ltr'>μόνον</span> <span class='ocrx_word' id='word_1_788' title='bbox 3467 4529 3482 4552; x_wconf 92' lang='grc'><strong>,</strong></span> <span class='ocrx_word' id='word_1_789' title='bbox 3510 4488 3604 4541; x_wconf 89' lang='grc' dir='ltr'><strong>τοῦ</strong></span> <span class='ocrx_word' id='word_1_790' title='bbox 3630 4489 3739 4540; x_wconf 86' lang='grc' dir='ltr'><strong>Πα-</strong></span> 
     </span>
    </p>
   </div>
   <div class='ocr_carea' id='block_1_107' title="bbox 2167 4579 3740 4652">
    <p class='ocr_par' dir='ltr' id='par_1_107' title="bbox 2167 4579 3740 4652">
     <span class='ocr_line' id='line_1_107' title="bbox 2167 4579 3740 4652; baseline -0.002 -20"><span class='ocrx_word' id='word_1_791' title='bbox 2167 4580 2294 4652; x_wconf 76' lang='grc' dir='ltr'>τρὸς</span> <span class='ocrx_word' id='word_1_792' title='bbox 2315 4581 2412 4650; x_wconf 86' lang='grc' dir='ltr'><strong>ούχ</strong></span> <span class='ocrx_word' id='word_1_793' title='bbox 2449 4579 2776 4650; x_wconf 85' lang='grc' dir='ltr'>ἀπτόμενον.</span> <span class='ocrx_word' id='word_1_794' title='bbox 2807 4580 2917 4632; x_wconf 75' lang='grc' dir='ltr'>Καὶ</span> <span class='ocrx_word' id='word_1_795' title='bbox 2951 4580 3142 4649; x_wconf 83' lang='grc' dir='ltr'>μηδεὶς</span> <span class='ocrx_word' id='word_1_796' title='bbox 3171 4579 3368 4631; x_wconf 81' lang='grc' dir='ltr'>οἰέσθω</span> <span class='ocrx_word' id='word_1_797' title='bbox 3411 4595 3476 4647; x_wconf 91' lang='grc' dir='ltr'><strong>με</strong></span> <span class='ocrx_word' id='word_1_798' title='bbox 3515 4580 3652 4649; x_wconf 84' lang='grc' dir='ltr'>μόνῃ</span> <span class='ocrx_word' id='word_1_799' title='bbox 3677 4579 3740 4645; x_wconf 82' lang='grc' dir='ltr'>τῇ</span> 
     </span>
    </p>
   </div>
   <div class='ocr_carea' id='block_1_108' title="bbox 2169 4669 3744 4740">
    <p class='ocr_par' dir='ltr' id='par_1_108' title="bbox 2169 4669 3744 4740">
     <span class='ocr_line' id='line_1_108' title="bbox 2169 4669 3744 4740; baseline -0.005 -12"><span class='ocrx_word' id='word_1_800' title='bbox 2169 4670 2309 4728; x_wconf 79' lang='grc' dir='ltr'>κατὰ</span> <span class='ocrx_word' id='word_1_801' title='bbox 2339 4671 2428 4725; x_wconf 78' lang='grc' dir='ltr'><strong>τὸν</strong></span> <span class='ocrx_word' id='word_1_802' title='bbox 2463 4670 2586 4724; x_wconf 89' lang='grc' dir='ltr'>νοῦν</span> <span class='ocrx_word' id='word_1_803' title='bbox 2635 4670 2925 4740; x_wconf 78' lang='grc' dir='ltr'>ἀκολουθία</span> <span class='ocrx_word' id='word_1_804' title='bbox 2958 4670 3055 4740; x_wconf 79' lang='grc' dir='ltr'><strong>τῆς</strong></span> <span class='ocrx_word' id='word_1_805' title='bbox 3088 4669 3455 4740; x_wconf 76' lang='grc' dir='ltr'>λογογραφίας</span> <span class='ocrx_word' id='word_1_806' title='bbox 3486 4669 3744 4737; x_wconf 80' lang='grc' dir='ltr'>ἑπόμενον</span> 
     </span>
    </p>
   </div>
   <div class='ocr_carea' id='block_1_109' title="bbox 2169 4757 3746 4832">
    <p class='ocr_par' dir='ltr' id='par_1_109' title="bbox 2169 4757 3746 4832">
     <span class='ocr_line' id='line_1_109' title="bbox 2169 4757 3746 4832; baseline -0.004 -17"><span class='ocrx_word' id='word_1_807' title='bbox 2169 4762 2340 4817; x_wconf 83' lang='grc' dir='ltr'>ταῦτα</span> <span class='ocrx_word' id='word_1_808' title='bbox 2365 4761 2563 4830; x_wconf 86' lang='grc' dir='ltr'>λέγειν.</span> <span class='ocrx_word' id='word_1_809' title='bbox 2598 4758 2967 4832; x_wconf 86' lang='grc' dir='ltr'>Προσδιελθὼν</span> <span class='ocrx_word' id='word_1_810' title='bbox 2995 4759 3105 4828; x_wconf 85' lang='grc' dir='ltr'><strong>γὰρ</strong></span> <span class='ocrx_word' id='word_1_811' title='bbox 3132 4759 3224 4814; x_wconf 89' lang='grc' dir='ltr'><strong>τοῦ</strong></span> <span class='ocrx_word' id='word_1_812' title='bbox 3257 4760 3414 4826; x_wconf 86' lang='grc' dir='ltr'>λόγου</span> <span class='ocrx_word' id='word_1_813' title='bbox 3440 4762 3620 4811; x_wconf 82' lang='grc' dir='ltr'>πᾶσαν</span> <span class='ocrx_word' id='word_1_814' title='bbox 3651 4757 3746 4826; x_wconf 79' lang='grc' dir='ltr'><strong>τὴν</strong></span> 
     </span>
    </p>
   </div>
   <div class='ocr_carea' id='block_1_110' title="bbox 2173 4849 3746 4922">
    <p class='ocr_par' dir='ltr' id='par_1_110' title="bbox 2173 4849 3746 4922">
     <span class='ocr_line' id='line_1_110' title="bbox 2173 4849 3746 4922; baseline -0.004 -16"><span class='ocrx_word' id='word_1_815' title='bbox 2173 4853 2471 4922; x_wconf 81' lang='grc' dir='ltr'>φιλοπόνως</span> <span class='ocrx_word' id='word_1_816' title='bbox 2525 4851 2890 4921; x_wconf 85' lang='grc' dir='ltr'>συγκειμένην</span> <span class='ocrx_word' id='word_1_817' title='bbox 2942 4852 2997 4904; x_wconf 83' lang='grc' dir='ltr'>ὲν</span> <span class='ocrx_word' id='word_1_818' title='bbox 3030 4850 3179 4921; x_wconf 85' lang='grc' dir='ltr'>αὐτῷ</span> <span class='ocrx_word' id='word_1_819' title='bbox 3236 4849 3584 4919; x_wconf 84' lang='grc' dir='ltr'>βλασφημίαν</span> <span class='ocrx_word' id='word_1_820' title='bbox 3619 4890 3633 4912; x_wconf 93' lang='grc'><strong>,</strong></span> <span class='ocrx_word' id='word_1_821' title='bbox 3693 4851 3746 4900; x_wconf 79' lang='grc' dir='ltr'>ἐν</span> 
     </span>
    </p>
   </div>
   <div class='ocr_carea' id='block_1_111' title="bbox 2171 4935 3749 5012">
    <p class='ocr_par' dir='ltr' id='par_1_111' title="bbox 2171 4935 3749 5012">
     <span class='ocr_line' id='line_1_111' title="bbox 2171 4935 3749 5012; baseline -0.003 -16"><span class='ocrx_word' id='word_1_822' title='bbox 2171 4947 2283 5007; x_wconf 87' lang='grc' dir='ltr'>τοῖς</span> <span class='ocrx_word' id='word_1_823' title='bbox 2309 4946 2447 5012; x_wconf 82' lang='grc' dir='ltr'><strong>μετά</strong></span> <span class='ocrx_word' id='word_1_824' title='bbox 2485 4935 2658 4996; x_wconf 82' lang='grc' dir='ltr'>ταῦτα</span> <span class='ocrx_word' id='word_1_825' title='bbox 2699 4942 2886 5010; x_wconf 83' lang='grc' dir='ltr'>σαφῶς</span> <span class='ocrx_word' id='word_1_826' title='bbox 2925 4935 3082 5011; x_wconf 75' lang='grc' dir='ltr'>εὗρον</span> <span class='ocrx_word' id='word_1_827' title='bbox 3114 4943 3292 5012; x_wconf 81' lang='grc' dir='ltr'>γυμνῇ</span> <span class='ocrx_word' id='word_1_828' title='bbox 3338 4944 3404 5011; x_wconf 78' lang='grc' dir='ltr'>τῇ</span> <span class='ocrx_word' id='word_1_829' title='bbox 3435 4941 3580 5004; x_wconf 78' lang='grc' dir='ltr'>λέξει</span> <span class='ocrx_word' id='word_1_830' title='bbox 3621 4938 3749 4992; x_wconf 82' lang='grc' dir='ltr'>ταύ-</span> 
     </span>
    </p>
   </div>
   <div class='ocr_carea' id='block_1_112' title="bbox 2173 5031 3752 5104">
    <p class='ocr_par' dir='ltr' id='par_1_112' title="bbox 2173 5031 3752 5104">
     <span class='ocr_line' id='line_1_112' title="bbox 2173 5031 3752 5104; baseline -0.003 -17"><span class='ocrx_word' id='word_1_831' title='bbox 2173 5053 2270 5104; x_wconf 88' lang='grc' dir='ltr'><strong>την</strong></span> <span class='ocrx_word' id='word_1_832' title='bbox 2322 5033 2636 5088; x_wconf 82' lang='grc' dir='ltr'>ἐκτεθεῖσαν</span> <span class='ocrx_word' id='word_1_833' title='bbox 2683 5035 2772 5087; x_wconf 79' lang='grc' dir='ltr'><strong>ὑπ’</strong></span> <span class='ocrx_word' id='word_1_834' title='bbox 2802 5032 2963 5096; x_wconf 81' lang='grc' dir='ltr'>αὑτοῦ</span> <span class='ocrx_word' id='word_1_835' title='bbox 2987 5035 3083 5102; x_wconf 81' lang='grc' dir='ltr'>τὴν</span> <span class='ocrx_word' id='word_1_836' title='bbox 3130 5033 3500 5103; x_wconf 78' lang='grc' dir='ltr'>βλασφημίαν.</span> <span class='ocrx_word' id='word_1_837' title='bbox 3536 5033 3668 5093; x_wconf 67' lang='grc' dir='ltr'>Καὶ,</span> <span class='ocrx_word' id='word_1_838' title='bbox 3705 5031 3752 5082; x_wconf 86' lang='grc' dir='ltr'><strong>εἰ</strong></span> 
     </span>
    </p>
   </div>
   <div class='ocr_carea' id='block_1_113' title="bbox 2173 5123 3753 5199">
    <p class='ocr_par' dir='ltr' id='par_1_113' title="bbox 2173 5123 3753 5199">
     <span class='ocr_line' id='line_1_113' title="bbox 2173 5123 3753 5199; baseline -0.004 -20"><span class='ocrx_word' id='word_1_839' title='bbox 2173 5127 2351 5190; x_wconf 83' lang='grc' dir='ltr'>δοκεῖ,</span> <span class='ocrx_word' id='word_1_840' title='bbox 2384 5127 2775 5199; x_wconf 81' lang='grc' dir='ltr'>παραθήσομαι</span> <span class='ocrx_word' id='word_1_841' title='bbox 2807 5128 2874 5195; x_wconf 80' lang='grc' dir='ltr'>τῇ</span> <span class='ocrx_word' id='word_1_842' title='bbox 2917 5125 3208 5195; x_wconf 78' lang='grc' dir='ltr'>ἀκολουθίᾳ</span> <span class='ocrx_word' id='word_1_843' title='bbox 3238 5124 3344 5177; x_wconf 88' lang='grc' dir='ltr'><strong>τῶν</strong></span> <span class='ocrx_word' id='word_1_844' title='bbox 3383 5123 3534 5194; x_wconf 75' lang='grc' dir='ltr'>ἐμῶν</span> <span class='ocrx_word' id='word_1_845' title='bbox 3581 5124 3753 5190; x_wconf 83' lang='grc' dir='ltr'>λόγων</span> 
     </span>
    </p>
   </div>
   <div class='ocr_carea' id='block_1_114' title="bbox 2174 5216 3750 5291">
    <p class='ocr_par' dir='ltr' id='par_1_114' title="bbox 2174 5216 3750 5291">
     <span class='ocr_line' id='line_1_114' title="bbox 2174 5216 3750 5291; baseline -0.006 -17"><span class='ocrx_word' id='word_1_846' title='bbox 2174 5219 2241 5274; x_wconf 80' lang='grc' dir='ltr'><strong>τὰ</strong></span> <span class='ocrx_word' id='word_1_847' title='bbox 2293 5221 2420 5291; x_wconf 83' lang='grc' dir='ltr'>παρ’</span> <span class='ocrx_word' id='word_1_848' title='bbox 2469 5219 2634 5274; x_wconf 82' lang='grc' dir='ltr'>αὐτοῦ</span> <span class='ocrx_word' id='word_1_849' title='bbox 2690 5219 3071 5289; x_wconf 86' lang='grc' dir='ltr'>γεγραμμένα,</span> <span class='ocrx_word' id='word_1_850' title='bbox 3131 5217 3322 5287; x_wconf 81' lang='grc' dir='ltr'>ἔχοντα</span> <span class='ocrx_word' id='word_1_851' title='bbox 3366 5216 3580 5280; x_wconf 65' lang='grc' dir='ltr'><strong>οὓτως·Δ</strong></span> <span class='ocrx_word' id='word_1_852' title='bbox 3623 5222 3750 5284; x_wconf 71' lang='grc' dir='ltr'>φησι</span> 
     </span>
    </p>
   </div>
   <div class='ocr_carea' id='block_1_115' title="bbox 2176 5298 3752 5382">
    <p class='ocr_par' dir='ltr' id='par_1_115' title="bbox 2176 5298 3752 5382">
     <span class='ocr_line' id='line_1_115' title="bbox 2176 5298 3752 5382; baseline -0.004 -17"><span class='ocrx_word' id='word_1_853' title='bbox 2176 5311 2312 5382; x_wconf 87' lang='grc' dir='ltr'>γάρ’</span> <span class='ocrx_word' id='word_1_854' title='bbox 2352 5313 2420 5365; x_wconf 81' lang='lat' dir='ltr'><em>El</em></span> <span class='ocrx_word' id='word_1_855' title='bbox 2445 5311 2562 5378; x_wconf 78' lang='grc' dir='ltr'><strong>μὲν</strong></span> <span class='ocrx_word' id='word_1_856' title='bbox 2606 5309 2728 5378; x_wconf 75' lang='grc' dir='ltr'>ἔχει</span> <span class='ocrx_word' id='word_1_857' title='bbox 2769 5308 3074 5362; x_wconf 73' lang='grc' dir='ltr'>δεικνύναι</span> <span class='ocrx_word' id='word_1_858' title='bbox 3108 5309 3206 5361; x_wconf 80' lang='grc' dir='ltr'>καὶ</span> <span class='ocrx_word' id='word_1_859' title='bbox 3247 5309 3354 5361; x_wconf 79' lang='grc' dir='ltr'>τὸν</span> <span class='ocrx_word' id='word_1_860' title='bbox 3387 5308 3486 5361; x_wconf 78' lang='grc' dir='ltr'><strong>ἐπὶ</strong></span> <span class='ocrx_word' id='word_1_861' title='bbox 3515 5298 3752 5361; x_wconf 66' lang='grc' dir='ltr'>πάντων</span> 
     </span>
    </p>
   </div>
   <div class='ocr_carea' id='block_1_116' title="bbox 2179 5396 3752 5469">
    <p class='ocr_par' dir='ltr' id='par_1_116' title="bbox 2179 5396 3752 5469">
     <span class='ocr_line' id='line_1_116' title="bbox 2179 5396 3752 5469; baseline -0.004 -14"><span class='ocrx_word' id='word_1_862' title='bbox 2179 5401 2326 5456; x_wconf 86' lang='grc' dir='ltr'>Θεὸν</span> <span class='ocrx_word' id='word_1_863' title='bbox 2352 5443 2368 5464; x_wconf 93' lang='grc'><strong>,</strong></span> <span class='ocrx_word' id='word_1_864' title='bbox 2421 5401 2610 5468; x_wconf 81' lang='grc' dir='ltr'>ὅσπερ</span> <span class='ocrx_word' id='word_1_865' title='bbox 2665 5399 2837 5453; x_wconf 78' lang='grc' dir='ltr'>ἐστίν</span> <span class='ocrx_word' id='word_1_866' title='bbox 2874 5400 3204 5468; x_wconf 80' lang='grc' dir='ltr'>ἀπρόσιτον</span> <span class='ocrx_word' id='word_1_867' title='bbox 3248 5399 3370 5469; x_wconf 62' lang='grc' dir='ltr'>φῶς</span> <span class='ocrx_word' id='word_1_868' title='bbox 3393 5438 3408 5462; x_wconf 91' lang='grc'><strong>,</strong></span> <span class='ocrx_word' id='word_1_869' title='bbox 3459 5401 3532 5451; x_wconf 83' lang='grc' dir='ltr'>ἐν</span> <span class='ocrx_word' id='word_1_870' title='bbox 3575 5396 3752 5464; x_wconf 68' lang='grc' dir='ltr'>σαρκὶ</span> 
     </span>
    </p>
   </div>
   <div class='ocr_carea' id='block_1_117' title="bbox 2177 5489 3753 5563">
    <p class='ocr_par' dir='ltr' id='par_1_117' title="bbox 2177 5489 3753 5563">
     <span class='ocr_line' id='line_1_117' title="bbox 2177 5489 3753 5563; baseline -0.007 -15"><span class='ocrx_word' id='word_1_871' title='bbox 2177 5495 2518 5563; x_wconf 74' lang='grc' dir='ltr'>γενόμενον,</span> <span class='ocrx_word' id='word_1_872' title='bbox 2555 5491 2591 5559; x_wconf 76' lang='grc' dir='ltr'><strong>ἢ</strong></span> <span class='ocrx_word' id='word_1_873' title='bbox 2631 5491 2907 5560; x_wconf 75' lang='grc' dir='ltr'>γενέσθαι</span> <span class='ocrx_word' id='word_1_874' title='bbox 2937 5491 3292 5562; x_wconf 81' lang='grc' dir='ltr'>δυνάμενον,</span> <span class='ocrx_word' id='word_1_875' title='bbox 3329 5491 3431 5543; x_wconf 80' lang='grc' dir='ltr'><strong>ὑπ’</strong></span> <span class='ocrx_word' id='word_1_876' title='bbox 3463 5489 3753 5553; x_wconf 80' lang='grc' dir='ltr'>ἐξουσίαν</span> 
     </span>
    </p>
   </div>
   <div class='ocr_carea' id='block_1_118' title="bbox 2177 5581 3750 5654">
    <p class='ocr_par' dir='ltr' id='par_1_118' title="bbox 2177 5581 3750 5654">
     <span class='ocr_line' id='line_1_118' title="bbox 2177 5581 3750 5654; baseline -0.003 -13"><span class='ocrx_word' id='word_1_877' title='bbox 2177 5585 2396 5653; x_wconf 73' lang='grc' dir='ltr'>ἐλθεῖν,</span> <span class='ocrx_word' id='word_1_878' title='bbox 2433 5582 2890 5654; x_wconf 77' lang='grc' dir='ltr'>προστάγμασιν</span> <span class='ocrx_word' id='word_1_879' title='bbox 2916 5583 3277 5649; x_wconf 75' lang='grc' dir='ltr'>ὑπακοῦσαι,</span> <span class='ocrx_word' id='word_1_880' title='bbox 3303 5585 3509 5651; x_wconf 80' lang='grc' dir='ltr'>νόμοις</span> <span class='ocrx_word' id='word_1_881' title='bbox 3534 5581 3750 5647; x_wconf 74' lang='grc' dir='ltr'>ἀνθρω-</span> 
     </span>
    </p>
   </div>
  </div>
