4010 6156
419 194 526 252 693

1556 194 1835 251 CONTRA
1863 190 2257 258 EUNOMJUM,
2295 193 2425 252 LIB.
2474 195 2533 249 V.

3576 200 3697 257 69L

420 311 621 375 πίνοις
664 310 1082 366 πολιτεύεσθαι
1110 349 1125 373 ,
1177 310 1440 377 σταυρὸν
1495 310 1763 380 ἐνεγκεῖν
1788 350 1803 377 ,
1856 307 1995 365 ἴσον

2102 310 2350 379 requa/ent
2374 311 2480 363 luci
2510 311 2696 364 lucem.
2728 312 2862 377 Quis
2901 318 3065 385 igitur
3096 310 3276 371 crucis
3313 313 3519 385 pudore
3556 317 3676 371 alli-

419 402 640 471 λεγέτω
670 400 749 465 τῷ
779 401 924 470 φωτὶ
962 401 1028 454 τὸ
1079 399 1223 470 φῶς.
1266 400 1362 465 Τίς
1404 396 1497 456 οὖν
1530 403 1558 452 ὁ
1603 402 1998 472 ἐπαισχυνόμε-

420 512 508 555 νος
549 492 627 563 τῷ
676 492 931 563 σταυρῴ;
968 494 996 545 ὁ
1034 494 1126 546 καὶ
1178 493 1315 563 μετά
1348 494 1409 547 τὸ
1462 495 1631 556 πάθος
1676 496 1999 566 προσκυνῶν

416 581 509 639 ἶσα
541 587 718 657 Πατρὶ
744 586 835 638 τὸν
865 585 995 638 Υἰὸν
1018 625 1034 652 ,
1071 585 1104 655 ἦ
1131 585 1159 637 ὁ
1194 586 1289 639 καὶ
1338 587 1444 657 πρὸ
1476 588 1569 639 τοῦ
1610 587 1815 651 πάθους
1845 587 1998 658 ὑδρί-

418 677 526 741 ζων
551 718 566 741 ,
610 678 671 731 οὐ
706 678 868 747 μόνον
897 680 963 749 τῇ
1013 678 1149 749 πρὸς
1178 678 1275 748 τὴν
1311 678 1485 731 κτίσιν
1537 678 1795 749 ὁμοτιμία
1817 720 1831 744 ,
1862 678 1998 732 ἀλλά

418 771 511 823 καὶ
560 769 640 839 τῷ
679 768 1109 832 κατασκευάζειν
1163 770 1263 838 τῆς
1312 770 1592 838 ἐμπαθοῦς
1644 770 1805 822 αὑτὸν
1857 764 1996 823 εἶναι

420 863 663 932 φύσεως,
706 862 780 933 μὴ
807 861 1101 915 ἀνελθόντα
1156 862 1293 932 πρὸς
1342 862 1441 931 τὴν
1489 863 1597 914 τῶν
1656 861 1996 933 παθημάτων

419 958 631 1027 πεῖραν,
663 957 711 1007 εί
747 954 821 1026 μὴ
842 954 1093 1025 δεκτικὴν
1119 950 1232 1023 εἷχε
1264 955 1373 1007 τῶν
1399 954 1655 1007 τοιούτων
1683 955 1781 1025 τὴν
1813 954 1994 1025 φύσιν;

429 1049 619 1117 Ἡμεῖς
657 1048 754 1116 μὲν
788 1047 897 1115 γὰρ
939 1046 1031 1098 καὶ
1073 1046 1133 1097 τὸ
1162 1038 1390 1116 σῶμ.αῷ
1432 1047 1492 1098 τὸ
1542 1046 1712 1110 πάθος
1757 1047 1994 1111 ἐδέξατο,

418 1141 484 1209 τῇ
534 1137 655 1207 θείᾳ
688 1137 847 1205 φύσει
881 1136 1228 1205 κατακραθὲν
1249 1176 1263 1200 ,
1319 1139 1494 1190 ἐκεῖνο
1529 1137 1859 1207 πεποιῆσθαί
1896 1154 1998 1205 φα-

424 1246 524 1298 μεν
556 1226 642 1280 διά
679 1228 777 1297 τῆς
815 1227 1197 1297 ἀνακράσεως,
1230 1226 1365 1296 ὅπερ
1401 1227 1432 1295 ἡ
1470 1225 1810 1280 ἀναλαϐοῦσα
1836 1225 1996 1295 φύσις

421 1320 560 1372 ἐστί.
586 1318 848 1371 Τοσοῦτον
873 1318 1149 1387 ἀπέχομεν
1178 1317 1271 1369 τοῦ
1302 1318 1493 1388 μικρόν
1523 1334 1575 1369 τι
1604 1317 1731 1386 περὶ
1768 1317 1859 1371 τὸν
1899 1332 1994 1386 μο-

424 1411 616 1479 νογενῆ
644 1410 773 1463 Θεὸν
799 1411 993 1461 ἐννοεῖν
1012 1450 1027 1473 ,
1061 1409 1134 1471 ὡς
1171 1407 1225 1460 εἴ
1255 1426 1309 1461 τι
1352 1410 1446 1462 καὶ
1473 1408 1570 1478 τῆς
1602 1408 1753 1460 κάτω
1781 1408 1999 1475 φύσεως

421 1501 511 1554 διὰ
539 1501 635 1569 τὴν
678 1499 1055 1569 φιλάνθρωπον
1106 1497 1457 1568 προσελήφθη
1507 1496 1848 1566 οἰκονομίαν,
1903 1496 1997 1548 καὶ

420 1592 575 1645 τοῦτο
622 1590 898 1643 πιστεύειν
950 1590 1417 1660 μεταπεποιῆσθαι
1475 1588 1609 1658 πρὸς
1653 1589 1714 1640 τὸ
1744 1586 1885 1639 θεῖόν
1932 1604 1989 1640 τε

419 1686 512 1739 καὶ
539 1685 813 1755 ἀκήρατον
835 1698 850 1715 ⁸
884 1684 912 1735 ὁ
937 1682 992 1735 δὲ
1025 1684 1248 1751 σημεῖον
1288 1682 1387 1752 τῆς
1431 1681 1565 1752 πρὸς
1599 1680 1658 1732 τὸ
1686 1678 1996 1732 ταπεινότε-

422 1790 513 1847 ρον
559 1775 679 1827 κατ¹
728 1773 916 1825 οὐσίαν
971 1770 1329 1842 παραλλαγῆς
1379 1769 1439 1822 τὸ
1486 1769 1613 1839 περὶ
1642 1770 1733 1821 τὸν
1768 1768 1995 1837 σταυρὸν

417 1866 589 1928 πάθος
612 1865 927 1936 πεποίηται.
964 1864 1078 1916 Οὐκ
1104 1856 1219 1915 οἶδα
1241 1862 1387 1925 ὅπως
1422 1860 1520 1931 τὴν
1552 1859 1997 1931 ὑπερϐάλλουσαν

416 1959 514 2028 τῆς
543 1957 825 2026 δυνάμεως
847 1956 1144 2027 ἐνέργειαν,
1176 1954 1297 2008 καθ’
1330 1953 1397 2024 ἢν
1428 1953 1522 2006 καὶ
1551 1951 1709 2006 τοῦτο
1734 1951 1994 2023 ἠδυνήθη,

416 2052 716 2121 τεκμήριον
745 2049 1022 2111 ἀσθενείας
1052 2048 1369 2118 ποιούμενος
1393 2065 1408 2079 ·
1448 2046 1567 2099 οὐδὲ
1614 2045 1769 2099 τοῦτο
1794 2044 1993 2108 συνεὶς,

416 2143 497 2194 ὅτι
525 2140 675 2193 οὐδὲν
706 2138 846 2196 κατὰ
874 2139 973 2208 τὴν
1008 2136 1199 2190 ἑαυτοῦ
1243 2136 1405 2206 φύσιν
1447 2136 1764 2205 κινούμενον
1796 2134 1870 2197 ὡς
1904 2134 1997 2186 ἐπὶ

418 2232 703 2301 παραδόξῳ
734 2231 1103 2301 θαυμάζεται’
1136 2229 1251 2283 ἀλλ’
1305 2230 1405 2283 ὅσα
1434 2230 1561 2291 τοὺς
1607 2229 1766 2298 ὅρους
1806 2225 1994 2280 ἐκϐαί-

417 2341 499 2378 νει
530 2324 627 2393 τῆς
663 2322 876 2392 φύσεως
896 2364 911 2387 ,
946 2322 1117 2375 ταῦτα
1153 2322 1387 2392 μάλιστα
1419 2321 1632 2374 πάντων
1664 2321 1722 2373 ἐν
1757 2318 1995 2389 θαύματι

420 2417 663 2486 γίνεται,
705 2417 799 2470 καὶ
859 2416 991 2485 πρὸς
1028 2414 1200 2468 ταῦτα
1250 2416 1397 2467 πᾶσα
1451 2414 1549 2484 μὲν
1610 2413 1996 2483 ἐπιστρέφεται

419 2509 595 2580 ἀκοὴ,
626 2510 774 2562 πᾶσα
807 2507 863 2560 δὲ
896 2507 1102 2561 διάνοια
1144 2506 1375 2559 τείνεται
1422 2506 1482 2558 τὸ
1518 2504 1818 2575 παράδοξον
1863 2503 1995 2557 θαυ-

423 2598 684 2669 μάζουσα.
716 2598 806 2649 Διὸ
847 2596 941 2650 καὶ
977 2595 1177 2658 πάντες
1212 2596 1259 2647 οἱ
1293 2594 1382 2647 τὸν
1416 2594 1571 2662 λόγον
1608 2593 1993 2664 κηρύσσοντες,

422 2692 479 2743 ἐν
504 2690 675 2759 τούτῳ
703 2688 762 2741 τὸ
791 2687 975 2757 θαῦμα
1025 2687 1117 2739 τοῦ
1173 2687 1473 2757 μυστηρίου
1505 2684 1948 2755 καταμηνύουσιν
1977 2722 1993 2748 ,

424 2784 507 2835 ὅτι
538 2782 667 2845 Θεὸς
712 2780 1027 2851 ἐφανερώθη
1077 2782 1134 2833 ἐν
1175 2780 1372 2850 σαρκὶ,
1406 2780 1488 2833 ὅτι
1528 2779 1580 2831 '0
1614 2781 1803 2848 Λόγος
1838 2776 1995 2845 σὰρξ

430 2871 661 2942 ἐγένετο
687 2912 701 2936 ,
731 2874 809 2925 δτι
851 2873 913 2926 τὸ
960 2872 1075 2940 φῶς
1110 2874 1167 2925 ἐν
1208 2875 1273 2941 τῇ
1306 2870 1495 2942 σκοτίᾳ
1530 2870 1799 2940 ἔλαμψεν,
1831 2870 1912 2922 ὅτι
1962 2870 1994 2939 ή

430 2962 543 3033 ζωὴ
573 2963 791 3017 θανάτου
816 2965 1096 3032 ἐγεύσατο,
1122 2962 1215 3017 καὶ
1238 2964 1414 3016 πάντα
1445 2961 1511 3013 τά
1546 2961 1770 3013 τοιαῦτα
1802 2959 1994 3028 βοῶσιν

426 3058 474 3109 οἱ
505 3059 775 3127 κήρυκες,
808 3057 873 3110 δι’
916 3051 988 3109 ὧν
1034 3056 1385 3120 πλεονάζεται
1429 3055 1489 3107 τὸ
1538 3054 1721 3123 θαῦμα
1769 3050 1863 3104 τοῦ
1906 3050 1994 3103 διὰ

420 3146 530 3200 τῶν
553 3148 655 3211 ἔξω
684 3149 780 3219 τῆς
804 3148 1017 3216 φύσεως
1038 3147 1098 3199 τὸ
1123 3147 1311 3217 περιὸν
1355 3145 1452 3214 τῆς
1488 3144 1768 3213 δυνάμεως
1798 3140 1993 3196 ἑαυτοῦ

421 3239 855 3311 φανερώσαντος.
874 3238 1034 3292 Ἀλλά
1062 3238 1165 3291 κᾶν
1198 3237 1425 3299 ἐκείνοις
1448 3234 1687 3305 ὑϐρίζειν
1713 3233 1799 3285 διὰ
1823 3231 1994 3285 ταῦτα

418 3335 585 3403 δοκῇ,
623 3333 717 3385 καὶ
747 3332 846 3400 τῆς
892 3331 1026 3403 πρὸς
1061 3330 1152 3383 τὸν
1190 3328 1408 3398 Πατέρα
1445 3325 1734 3396 όμοτιμίας
1765 3323 1853 3376 διὰ
1896 3323 1995 3394 τὴν

421 3424 548 3494 περὶ
587 3423 678 3475 τὸν
725 3422 958 3492 σταυρὸν
990 3418 1299 3489 οἰκονομίαν
1337 3416 1426 3469 τὸν
1452 3416 1579 3469 Υἱὸν
1607 3413 1995 3483 ἀποσχοινίζω-

424 3533 543 3569 σιν·
580 3517 739 3585 ἡμεῖς
792 3512 974 3574 καθὼς
1014 3511 1336 3582 παρέδωκαν
1391 3511 1521 3579 ἡμῖν
1580 3508 1629 3561 οἱ
1677 3506 1771 3559 ἀπ’
1822 3506 1996 3576 ἀρχῆς

421 3607 683 3660 αὐτόπται
708 3606 799 3659 καὶ
826 3604 1097 3675 ὑπηρέται
1132 3602 1224 3655 τοῦ
1254 3602 1411 3670 λόγου
1436 3596 1739 3669 γενόμενοι,
1772 3597 1861 3651 διά
1885 3596 1993 3649 τῶν

421 3700 592 3767 ἁγίων
650 3697 880 3767 Γραφῶν
934 3695 1372 3765 πεπιστεύκαμεν
1428 3694 1509 3745 ὅτι
1556 3693 1583 3745 ὁ
1619 3693 1675 3743 έν
1721 3692 1862 3760 ἀρχῇ
1922 3687 1998 3742 ὢν

422 3792 549 3854 Θεὸς
568 3831 582 3855 ,
617 3790 753 3860 μετά
781 3790 972 3853 ταῦτα,
999 3788 1179 3849 καθώς
1206 3802 1369 3857 φησιν
1399 3788 1427 3837 ό
1453 3784 1667 3854 Βαροὺχ
1687 3821 1702 3846 ,
1755 3786 1851 3840 ἐπὶ
1890 3780 1999 3848 τῆς

420 3882 534 3950 τῆς
571 3881 736 3949 ὤφθη
762 3920 776 3942 ,
823 3879 920 3933 καὶ
973 3879 1098 3943 τοῖς
1135 3876 1464 3945 ἀνθρώποις
1505 3872 1995 3941 συνανεστρὰέρη,

424 3973 777 4042 ἀντάλλαγμα
805 3972 897 4025 τοῦ
923 3971 1193 4041 ἡμετέρου
1229 3970 1459 4023 θανάτου
1502 3968 1815 4038 γενόμενος,
1844 3966 1998 4019 ἔλυσε

424 4066 512 4120 διά
537 4068 635 4136 τῆς
659 4066 793 4129 ἰδίας
821 4065 1168 4126 ἀναστάσεως
1197 4062 1267 4114 τά
1300 4062 1473 4131 δεσμά
1502 4060 1593 4113 τοῦ
1622 4059 1873 4123 θανάτου,
1906 4061 1999 4112 καὶ

424 4160 721 4229 ὡδοποίησε
771 4160 920 4229 πάσῃ
977 4156 1138 4223 σαρκὶ
1181 4158 1246 4210 δι’
1299 4155 1489 4208 ἑαυτοῦ
1539 4155 1637 4224 τὴν
1684 4152 1996 4217 ἀνάστασιν,

424 4252 717 4322 ὀμόθρονός
748 4268 806 4302 τε
860 4250 952 4303 καὶ
981 4248 1233 4318 όμόδοξος
1259 4246 1333 4301 ὢν
1371 4246 1449 4317 τῷ
1483 4247 1597 4315 ίδίῳ
1639 4247 1842 4315 Πατρὶ,
1880 4246 2000 4298 κατ’

2029 1645 2070 1699 Β

2022 2988 2068 3052 C

2102 406 2283 460 citur?
2324 407 2413 461 ille
2451 408 2543 477 qui
2576 417 2696 477 post
2724 412 3032 478 passionem
3068 409 3265 464 Filium
3302 410 3588 479 aequaliter
3616 429 3679 466 ae

2100 496 2313 552 Patrem
2348 499 2560 566 adorat,
2592 516 2659 555 an
2684 502 2729 557 is
2755 502 2846 571 qui
2874 504 3037 556 etiam
3071 512 3196 557 ante
3220 503 3531 572 passionem
3559 520 3680 556 con-

2100 590 2387 645 tumeliose
2421 591 2617 657 allicit,
2662 610 2769 648 non
2806 595 2981 647 solum
3011 609 3136 648 cum
3168 605 3419 649 creatura
3452 594 3698 651 honoris

2098 684 2429 753 aequalitate,
2464 701 2650 739 verum
2683 687 2848 740 etiam
2876 686 3197 741 allirmando
3222 688 3398 756 ipsum
3429 704 3551 741 esse
3585 705 3681 741 na-

2099 782 2235 829 tura:
2264 775 2549 832 all‘ectibus
2585 778 2856 841 obnoxiae,
2888 792 2997 831 non
3019 780 3235 834 venisse
3266 779 3330 833 ad
3364 780 3677 848 passionum

2098 868 2531 937 experientiam,
2582 869 2688 923 nisi
2737 869 3016 923 habuisset
3065 877 3318 923 naturam
3356 870 3545 923 talium
3591 886 3679 923 ca-

2100 960 2326 1029 pacem?
2359 958 2471 1014 Nos
2498 960 2717 1027 quidem
2757 961 2920 1015 etiam
2957 976 3177 1030 corpus,
3214 977 3323 1032 quo
3362 961 3680 1031 passionem

2099 1050 2362 1119 suscepit,
2398 1049 2596 1103 divina:
2636 1058 2844 1105 natura:
2892 1060 3361 1121 contemperalum
3384 1093 3397 1118 ,
3432 1052 3563 1105 illud
3598 1051 3681 1104 la-

2097 1141 2245 1192 ctum
2261 1150 2386 1193 esse
2401 1151 2498 1205 per
2525 1139 2974 1207 temperationem
2994 1141 3249 1203 dicimus,
3285 1140 3430 1208 quod
3461 1140 3680 1209 quidem

2098 1235 2180 1281 est
2213 1240 2407 1282 natura
2440 1244 2562 1299 quae
2590 1232 2907 1299 assumpsit.
2944 1229 3180 1283 Tantum
3239 1232 3393 1285 abest
3442 1239 3500 1284 ut
3550 1230 3698 1299 quid.

2096 1320 2353 1388 exiguum
2398 1321 2467 1374 de
2515 1322 2798 1390 unigenito
2843 1321 2952 1376 Deo
3008 1323 3314 1376 sentiamus
3352 1340 3365 1376 :
3409 1323 3482 1375 ita
3532 1330 3590 1376 ut
3634 1323 3680 1376 si

2096 1406 2228 1475 quid
2257 1408 2423 1461 etiam
2465 1419 2673 1464 natura:
2698 1410 2898 1463 intimae
2928 1420 3270 1479 assumptum
3308 1420 3413 1471 est,
3459 1419 3683 1480 propter

2098 1500 2564 1569 dispensationem
2596 1503 2879 1556 hominum
2930 1505 3114 1571 generi
3165 1504 3523 1570 benevolam,
3577 1505 3684 1559 hoc

2098 1592 2261 1647 etiam
2302 1594 2594 1648 credamus
2622 1593 2689 1648 ad
2724 1595 2775 1647 id
2808 1595 2952 1663 quod
2990 1596 3237 1651 divinum
3271 1604 3355 1650 est
3383 1604 3435 1650 et
3460 1597 3684 1651 immor-

2101 1685 2207 1739 tale
2242 1683 2690 1740 transl‘ormatum
2729 1701 2851 1740 esse
2893 1703 2905 1737 :
2942 1686 3031 1739 hic
3074 1696 3254 1742 autem
3297 1688 3363 1740 ad
3416 1687 3469 1741 id
3534 1686 3695 1756 quod.

2101 1774 2363 1829 humilius
2402 1783 2486 1829 cst
2541 1776 2842 1829 secundum
2893 1781 3187 1830 essentiam
3236 1776 3557 1832 mutationis
3603 1777 3681 1832 si-

2100 1881 2267 1936 gnum
2328 1866 2445 1921 sive
2488 1874 2872 1937 argumentum
2907 1866 3032 1922 fecit
3068 1867 3377 1936 passionem
3418 1883 3580 1936 quam
3624 1867 3681 1922 in

2100 1973 2262 2013 cruce
2296 1958 2538 2014 sustulit.
2573 1957 2771 2013 Nescio
2806 1975 2916 2030 quo
2943 1959 3105 2014 modo
3126 1970 3547 2029 exsuperantem
3586 1976 3682 2029 po-

2100 2051 2281 2106 tentiae
2332 2049 2704 2107 ellicacitatem
2760 2051 2875 2106 sive
2925 2053 3331 2121 operationem,
3378 2053 3681 2108 secundum

2098 2157 2262 2211 quam
2294 2142 2399 2196 hoc
2422 2143 2586 2197 etiam
2620 2144 2830 2212 potuit,
2871 2153 3083 2197 certum
3142 2143 3481 2198 inﬁrmitatis
3537 2144 3684 2198 indi-

2099 2231 2244 2285 cium
2280 2230 2441 2296 facit;
2474 2246 2649 2301 neque
2683 2231 2785 2284 hoc
2820 2231 3133 2299 intelligens
3167 2230 3312 2299 quod
3359 2232 3494 2285 nihil
3534 2232 3682 2300 quod

2099 2323 2400 2379 secundum
2468 2333 2721 2377 naturam
2777 2330 3060 2389 movetur,
3131 2322 3424 2377 admodum
3503 2323 3671 2377 mira-

2097 2414 2204 2469 bile
2222 2422 2526 2483 praeterque
2548 2414 2861 2483 opinionem
2895 2414 3149 2468 videtur:
3189 2414 3286 2469 sed
3341 2430 3683 2483 quaecunque

2098 2513 2309 2560 naturae
2348 2507 2483 2561 ﬁnes
2513 2513 2797 2574 superant,
2830 2505 2944 2559 haec
2979 2505 3214 2559 maxime
3255 2507 3501 2560 omnium
3550 2514 3684 2559 sunt

2098 2597 2152 2651 in
2188 2596 2569 2660 admiratione,
2600 2605 2654 2652 et
2685 2597 2750 2652 ad
2782 2597 2896 2651 haec
2924 2599 3105 2653 omnis
3134 2597 3355 2653 auditus
3400 2597 3681 2652 converti-

2099 2696 2206 2743 tur.
2246 2687 2438 2743 Omnis
2479 2690 2623 2743 enim
2678 2690 3038 2759 intelligentia
3100 2690 3373 2753 tenditur,
3413 2689 3543 2744 dum
3579 2689 3683 2742 ali-

2098 2780 2227 2848 quid
2259 2780 2581 2835 inusitatum
2616 2788 2669 2834 et
2702 2780 3041 2849 inepinabile
3078 2781 3310 2850 suspicit
3353 2789 3407 2835 et
3443 2779 3685 2833 admira-

2099 2878 2209 2923 tur.
2236 2868 2507 2935 Quocirea
2533 2885 2724 2925 omnes
2756 2872 2847 2939 qui
2875 2871 3103 2925 verbum
3137 2871 3461 2941 praedicant,
3494 2870 3549 2923 in
3578 2867 3683 2921 hoc

2100 2961 2426 3015 miraculum
2462 2962 2707 3032 mysterii
2756 2962 3082 3017 declarant:
3115 2961 3262 3031 quod
3312 2960 3457 3015 Deus
3506 2958 3684 3013 mani-

2097 3052 2329 3108 festatus
2362 3059 2447 3107 est
2481 3053 2535 3106 in
2563 3054 2789 3117 carne”,
2834 3054 2980 3122 quod
3034 3053 3258 3109 Verbum
3303 3071 3429 3109 caro
3481 3056 3683 3126 factum

2094 3160 2172 3204 εει
2210 3144 2254 3175 ιο
2299 3158 2310 3192 :
2344 3143 2489 3212 quod
2522 3143 2613 3196 lux
2652 3144 2706 3198 in
2750 3145 2992 3199 tenebris
3036 3143 3350 3213 splenduit,
3384 3145 3531 3214 quod
3565 3145 3677 3198 vita

2097 3242 2328 3291 mortem
2370 3235 2644 3304 gustavit,
2690 3236 2983 3304 omniaque
3030 3235 3349 3304 huiusmodi
3401 3251 3682 3304 prmconcs

2098 3328 2399 3391 clamitant,
2435 3341 2531 3396 per
2575 3342 2695 3396 quae
2730 3327 2972 3381 exundat
3020 3327 3342 3382 miraculum
3384 3328 3539 3396 ejus,
3586 3327 3685 3395 qui

2098 3434 2194 3488 per
2226 3433 2289 3472 ea
2318 3433 2441 3487 qua:
2488 3427 2617 3471 sunt
2650 3427 2805 3472 extra
2857 3424 3110 3471 natarum
3157 3416 3527 3471 manifestavit
3568 3432 3683 3472 suae

2098 3510 2357 3581 potentia:
2376 3509 2840 3580 exsuperantiam.
2865 3507 3251 3563 Verumtamen
3274 3510 3399 3562 licet
3421 3509 3530 3563 illis
3551 3522 3684 3561 eon-

2099 3602 2379 3657 tumcliam
2410 3601 2591 3655 facere
2622 3609 2843 3671 prepter
2860 3600 2976 3654 haec
3008 3598 3277 3665 videatur,
3310 3608 3363 3653 et
3394 3600 3461 3654 ab
3484 3600 3705 3668 aequali

2100 3695 2309 3749 honore
2341 3709 2463 3748 cum
2486 3692 2648 3747 Patre
2673 3708 2767 3762 per
2790 3694 2975 3747 erucis
2990 3692 3451 3762 dispensationem
3483 3691 3683 3745 Filium

2103 3796 2365 3856 tanquam
2398 3785 2644 3840 funiculo
2681 3784 3038 3854 disiungant;
3075 3801 3175 3839 nos
3205 3795 3385 3839 autem
3406 3785 3681 3839 sicuttra-

2102 3880 2365 3934 diderunt
2399 3878 2561 3932 nobis
2600 3877 2693 3948 qui
2727 3877 2795 3931 ab
2830 3876 2987 3930 initio
3021 3877 3221 3931 oculati
3249 3884 3418 3931 testes
3460 3884 3514 3929 et
3564 3890 3681 3944 spe-

2103 3978 2365 4034 ctatores,
2398 3976 2453 4024 et
2469 3968 2947 4024 administratores
2963 3967 3114 4021 verbi
3145 3966 3389 4032 fuerunt,
3424 3982 3519 4036 per
3550 3981 3680 4020 san-

2103 4072 2225 4118 etas
2253 4062 2571 4131 Scripturas
2599 4061 2959 4125 credidimus,
2996 4059 3141 4129 quod
3172 4059 3264 4127 qui
3292 4067 3411 4113 erat
3448 4058 3501 4111 in
3534 4058 3688 4127 prin-

2103 4156 2250 4225 cipio
2278 4154 2464 4220 Deus,
2515 4154 2891 4223 postea,sicut
2940 4151 3271 4205 vaticinatur
3317 4148 3531 4202 Barucb
3563 4187 3577 4212 ,
3630 4149 3686 4202 in

2106 4258 2249 4300 terra
2281 4246 2420 4299 visus
2451 4253 2552 4307 est,
2585 4252 2634 4298 et
2664 4260 2781 4297 cum
2806 4242 3103 4296 hominibus
3147 4247 3484 4292 conversatus
3519 4247 3597 4293 est
3618 4239 3683 4304 “,

425 4320 582 4407 ἀξίαν
633 4340 741 4393 τῶν
780 4340 1148 4410 βεϐιωμένων,
1200 4340 1255 4392 ἐν
1288 4341 1355 4409 τῇ
1405 4338 1587 4408 ἡμέρα
1631 4338 1728 4407 τῆς
1767 4336 1997 4407 κρίσεως

2110 4346 2310 4395 nostrae
2342 4336 2535 4391 mortis
2585 4334 2915 4404 permutatio
2958 4333 3073 4388 sive
3118 4330 3419 4400 redemptio
3469 4330 3683 4396 factus,

426 4437 641 4505 ποιήσει
669 4434 765 4504 τὴν
792 4432 971 4502 ψῆφον
1006 4434 1116 4493 τοῖς
1146 4432 1503 4500 κρινομένοις.

2111 4444 2207 4499 per
2253 4443 2407 4482 suam
2461 4425 2921 4480 resurrectionem
2976 4423 3168 4477 mortis
3205 4422 3427 4477 vincula
3486 4423 3685 4485 solvit,

424 4529 679 4597 viamque
715 4526 863 4581 omni
894 4526 1045 4579 carni
1076 4525 1271 4578 stravit
1313 4540 1406 4591 per
1435 4540 1591 4578 suam
1636 4524 2122 4585 resurrectionem,
2152 4522 2206 4574 in
2248 4520 2435 4575 eodem
2472 4518 2632 4582 solio,
2687 4517 2742 4569 in
2806 4514 2993 4571 eadem
3059 4513 3232 4584 gloria
3305 4523 3360 4568 et
3399 4516 3691 4585 splendore

426 4634 550 4672 cum
606 4632 706 4671 suo
756 4614 917 4669 Patre
969 4613 1185 4676 sedens,
1238 4628 1336 4680 pro
1380 4612 1577 4666 merito
1628 4620 1681 4666 et
1738 4612 2007 4682 dignitate
2045 4626 2236 4667 eorum
2273 4624 2393 4679 qum
2430 4608 2485 4661 in
2515 4607 2627 4661 vita
2660 4614 2814 4676 gesta
2843 4611 2993 4669 sunt,
3025 4604 3082 4657 in
3121 4603 3416 4674 diejudieii
3478 4606 3544 4661 iis
3598 4609 3695 4675 qui

425 4708 816 4777 judicabuntur
845 4705 1170 4760 sententiam
1207 4705 1418 4757 laturus
1452 4712 1555 4758 est.

497 4798 683 4854 Ταῦτα
708 4798 837 4868 περὶ
864 4795 955 4848 τόν
986 4796 1395 4866 ἐσταυρωμένον
1440 4796 1599 4864 ἡμεῖς
1629 4795 1997 4848 πεπιστεύκα-

438 4908 563 4958 μενο
597 4891 692 4943 καὶ
716 4888 805 4942 διά
824 4887 983 4942 τοῦτο
1009 4885 1411 4956 ὑπερυψοῦντες
1458 4884 1598 4938 κατὰ
1634 4883 1697 4937 τὸ
1733 4884 2001 4957 ἡμέτερον

435 4982 528 5053 τῆς
559 4982 838 5051 δυνάμεως
865 4979 1059 5049 μέτρον
1087 4979 1195 5030 οὐκ
1238 4977 1610 5045 ἀπολήγομενο
1645 4976 1727 5028 ὅτι
1756 4975 1784 5026 ὁ
1814 4974 2004 5045 μηδενὶ

435 5073 677 5144 χωρητὸς
710 5071 799 5124 διὰ
830 5070 927 5141 τὴν
951 5071 1225 5138 ἄφραστον
1264 5065 1428 5119 αὐτοῦ
1458 5067 1552 5120 καὶ
1579 5067 1871 5137 ἀπρόσιτον
1908 5084 2005 5136 με⁴

434 5163 778 5232 γαλειότητα,
810 5161 947 5230 πλὴν
976 5159 1150 5230 ἐαυτῷ
1184 5158 1277 5211 καὶ
1302 5157 1379 5228 τῷ
1408 5157 1580 5229 Πατρὶ
1609 5158 1703 5210 καὶ
1730 5156 1807 5226 τῷ
1836 5155 2005 5211 Πνεύ-

436 5234 565 5319 mla
620 5254 699 5325 τῷ
765 5254 944 5323 ἁγίῳ,
1014 5244 1167 5314 οὗτος
1216 5251 1310 5304 καὶ
1374 5250 1510 5321 πρὸς
1566 5249 1849 5303 κοινωνίαν
1913 5250 2009 5319 τῆς

436 5345 716 5408 ἀσθενείας
764 5345 921 5415 ἡμῶν
957 5344 1235 5397 κατελθεῖν
1281 5342 1540 5413 ἠδυνήθη.
1574 5342 1637 5395 Οἱ
1688 5342 1746 5394 δὲ
1803 5341 2007 5411 ταύτην

437 5437 710 5502 ἀπόδειξιν
729 5436 825 5507 τῆς
851 5436 992 5489 κατά
1019 5436 1115 5505 τὴν
1143 5434 1304 5504 φύσιν
1327 5433 1736 5505 ἀλλοτριότητος
1759 5432 1851 5486 τοῦ
1881 5431 2008 5485 Υίοῦ

546 5613 567 5646 ⁹
592 5611 615 5667 ι
644 5610 876 5667 Timoth.
909 5629 991 5680 ιιι,
1028 5612 1111 5667 t6.
1230 5612 1270 5643 ¹⁰
1318 5609 1471 5666 Joan.
1509 5626 1547 5681 ι,
1588 5612 1691 5697 14..

2181 4787 2306 4842 Haec
2336 4800 2435 4841 nos
2470 4785 2535 4839 de
2566 4783 2832 4839 erueilixo
2868 4782 3176 4851 credimus;
3222 4791 3276 4839 et
3314 4791 3537 4854 propter
3587 4783 3691 4838 hoc

2110 4895 2211 4951 pro
2230 4875 2393 4932 modo
2420 4882 2623 4932 nostrae
2654 4875 2932 4931 facultatis
2965 4875 3395 4945 superextollere
3422 4892 3530 4932 non
3554 4876 3691 4931 desi-

2110 4970 2333 5035 nimus;
2377 4966 2637 5037 quoniam
2683 4966 2775 5036 qui
2832 4966 3059 5029 anullo
3088 4966 3207 5036 capi
3260 4975 3446 5037 potest
3474 4974 3693 5035 propter

2108 5060 2439 5117 inell‘abilem
2469 5060 2590 5127 ejus
2620 5066 2673 5113 et
2704 5058 3140 5115 inaecessibilem
3182 5059 3545 5126 maiestatem,
3586 5057 3690 5111 nisi

2113 5169 2143 5209 a
2170 5154 2356 5223 seipse
2395 5160 2449 5206 et
2495 5149 2654 5205 Patre
2685 5159 2739 5207 et
2770 5150 2974 5221 Spiritu
3010 5160 3200 5207 sancto
3238 5170 3251 5204 :
3285 5151 3373 5203 hic
3415 5147 3576 5201 etiam
3623 5148 3690 5201 ad

2114 5244 2451 5301 inﬁrmitatis
2472 5253 2676 5298 nostra:
2689 5243 3130 5298 communionem
3152 5237 3482 5294 descendere
3493 5234 3689 5303 potuit.

2113 5337 2211 5393 lsti
2248 5352 2379 5393 vero
2422 5336 2524 5389 hac
2564 5334 3033 5391 demonstratione
3078 5335 3328 5391 utuntur,
3369 5332 3427 5379 ut
3460 5324 3693 5394 probent

2119 5428 2340 5485 alterius
2363 5443 2485 5485 esse
2509 5437 2716 5483 naturae
2732 5427 2931 5482 Filium
2964 5438 3086 5478 cum
3117 5419 3299 5485 Patre,
3324 5416 3470 5492 quod
3500 5432 3694 5487 nempe

1809 5611 1850 5643 ¹¹
1894 5606 2111 5665 Baruch
2160 5622 2243 5677 ιιι,
2284 5608 2377 5663 28.
