4034 6156
1590 187 1644 243 S.
1688 189 2014 244 GREGORII
2049 187 2338 243 NYSSENI

3544 177 3638 234 695

376 298 548 354 Filius
582 315 678 372 per
717 315 937 356 carnem
970 310 1022 356 et
1051 315 1269 355 crucem
1305 300 1572 357 Dominus
1606 310 1690 358 est
1735 303 1961 358 manife-

2069 304 2204 373 πρὸς
2236 302 2326 364 τὴν
2349 301 2568 372 Πατέρα
2601 301 2909 364 ποιοῦνται,
2942 298 3000 353 τὸ
3023 298 3108 352 διά
3137 299 3338 370 σαρκὸς
3370 299 3462 353 καὶ
3491 316 3643 352 σταυ-

378 401 596 459 status;
629 396 774 464 quod
807 394 984 448 Patr-is
1020 394 1238 464 quidem
1272 403 1467 448 natura
1497 411 1630 463 pura
1665 397 1720 451 in
1753 397 1956 467 impaso

378 485 640 540 sibilitate
670 493 987 553 permaneat
1013 502 1026 551 ;
1063 483 1236 540 Filius
1261 501 1389 540 vero
1415 488 1543 556 quia
1581 489 1648 541 ad
1676 489 1956 542 humilita-

380 585 486 626 tem
514 582 708 627 natura
733 582 1097 629 transmutata
1127 575 1251 639 fuit,
1280 585 1333 630 ct
1355 577 1419 630 ad
1452 578 1634 632 carnis
1655 579 1957 647 mortisque

376 665 770 733 experientiam
801 665 988 720 venire
1019 683 1126 721 non
1165 669 1580 736 impossibiliter
1614 685 1673 724 se
1708 670 1905 725 habeat
1942 690 1954 725 :

378 759 537 827 quasi
587 775 696 812 non
750 775 946 829 magna
1004 761 1144 815 facta
1194 763 1266 816 sit
1325 770 1500 816 status
1551 763 1815 830 mutatio;
1865 765 1959 818 sed

379 849 788 919 quodammodo
813 852 877 904 ad
920 863 1210 921 cognatum
1242 862 1297 907 et
1323 855 1628 908 contribule
1673 871 1739 909 ex
1794 855 1955 909 simili

378 941 698 1005 transierit,
751 957 820 995 ex
870 958 937 997 eo
980 943 1124 1013 quod
1175 954 1412 999 creatam
1455 945 1674 1014 quidem
1708 956 1957 1000 naturam

383 1033 701 1095 humanam,
732 1042 970 1088 creatam
1006 1037 1170 1089 etiarn
1204 1035 1479 1106 Unigeniti
1526 1045 1780 1091 naturam
1831 1055 1959 1108 sup-

380 1133 568 1192 ponat.
603 1123 737 1178 Uter
768 1127 934 1196 igitur
963 1127 1088 1196 jure
1115 1139 1427 1194 accusatur,
1467 1130 1536 1183 ob
1575 1146 1791 1185 crucem
1836 1148 1962 1186 eru-

381 1217 642 1272 beseere?
672 1233 739 1271 an
774 1219 821 1273 is
850 1219 942 1288 qui
967 1220 1035 1274 de
1069 1221 1252 1288 seipse
1287 1221 1410 1274 vilia
1447 1229 1499 1275 et
1533 1221 1757 1276 humilia
1793 1221 1963 1275 dicit?

383 1322 450 1362 an
484 1308 573 1364 ille
605 1311 698 1378 qui
729 1310 795 1364 de
841 1311 1257 1366 sublimioribus
1300 1311 1620 1366 contendit?
1667 1313 1862 1367 Nescio
1915 1315 1959 1368 si

382 1401 471 1454 hic
500 1410 788 1456 accusator
814 1401 964 1456 Pauli
996 1419 1243 1474 magnam
1270 1420 1456 1459 vocem
1491 1404 1698 1458 audivit
1729 1425 1740 1458 :
1768 1405 1962 1474 quisic

383 1491 552 1546 Deum
573 1495 625 1548 in
655 1509 822 1549 cruce
855 1497 1133 1565 cognitum
1165 1498 1440 1566 deprimit,
1470 1499 1649 1566 qualia
1682 1508 1735 1553 et
1761 1509 1962 1570 quanta

382 1585 476 1639 ille
520 1600 615 1638 ore
650 1586 1000 1655 magniloquo
1045 1586 1112 1640 de
1151 1601 1316 1642 cruce
1359 1598 1602 1643 enarrat.
1665 1589 1767 1655 Qui
1815 1592 1959 1644 enim

382 1691 483 1744 per
517 1684 666 1729 tanta
703 1686 758 1731 et
792 1678 916 1730 talia
947 1677 1208 1732 miracula
1261 1679 1500 1748 seipsum
1545 1690 1732 1734 notum
1781 1682 1962 1737 facere

382 1775 563 1836 potest
596 1785 609 1821 :
638 1768 809 1831 Absit,
849 1769 1044 1839 inquit,
1081 1771 1135 1824 in
1172 1772 1282 1825 alio
1321 1772 1547 1842 gloriari
1589 1774 1692 1827 nisi
1724 1776 1776 1827 in
1812 1791 1965 1828 cruce

382 1860 512 1913 Jesu
549 1859 832 1922 Christi”,
868 1868 923 1915 et
960 1861 1028 1914 ad
1068 1862 1388 1920 Corinthios
1422 1865 1553 1919 dicit
1588 1867 1812 1920 verbum
1845 1883 1964 1920 cru-

383 1950 464 2004 cis
523 1950 779 2005 virtutem
815 1951 904 2006 Dei
938 1968 1081 2018 esse,
1117 1954 1201 2009 his
1224 1956 1317 2024 qui
1360 1957 1495 2010 salvi
1536 1957 1671 2011 fiunt
1695 1960 1757 2011 ”.
1793 1957 1963 2028 Ephe-

382 2041 481 2095 siis
511 2050 692 2095 autem
739 2043 995 2098 virtutem
1050 2045 1314 2116 quidquid
1363 2054 1446 2101 est
1507 2057 1854 2117 superantem
1910 2060 1964 2105 et

382 2134 751 2188 continentem
800 2135 983 2189 crucis
1037 2137 1203 2207 figura
1261 2138 1523 2193 describit
1552 2142 1614 2204 υ,
1662 2142 1715 2193 in
1763 2143 1962 2212 quibus

381 2225 499 2278 vult
546 2226 695 2294 ipsos
747 2227 1016 2282 exaltatos
1069 2244 1227 2283 nosse
1261 2243 1684 2300 exsuperantem
1731 2233 1959 2302 gloriam

381 2317 602 2371 virtutis
661 2317 826 2386 hujus
861 2336 875 2371 :
910 2319 1252 2374 altitudinem
1307 2327 1361 2373 et
1427 2319 1849 2390 profunditatem
1908 2331 1961 2377 et

385 2407 724 2462 latitudinem
757 2417 811 2463 et.
849 2409 1243 2480 longitudinem
1278 2414 1563 2467 nominans
1597 2430 1958 2484 unumquem—

383 2515 490 2567 quc
519 2501 726 2569 apicem
755 2517 943 2555 eorum
965 2518 1086 2572 qua:
1110 2503 1162 2556 in
1189 2505 1372 2559 crucis
1405 2504 1573 2575 figura
1609 2508 1959 2576 conspiciun-

385 2602 494 2656 tur,
529 2594 768 2663 pr0priis
800 2596 1083 2664 appellans
1138 2599 1452 2652 nominibus
1481 2639 1495 2660 ,
1533 2599 1605 2650 ita
1658 2607 1714 2652 ut
1752 2607 1958 2668 partem

384 2699 677 2752 supernam
715 2685 1058 2740 altitudinem
1103 2687 1290 2748 dicat,
1348 2690 1775 2757 profunditatem
1832 2705 1962 2743 vero

383 2772 532 2840 quod
557 2783 677 2842 post
699 2788 1018 2844 compagem
1045 2777 1360 2844 subjicitur,
1380 2785 1753 2833 transversum
1779 2789 1960 2833 autem

387 2878 483 2933 per
510 2871 804 2933 utrumque
831 2868 1038 2934 apicem
1073 2869 1186 2922 sive
1215 2880 1506 2922 antennam
1534 2871 1888 2940 longitudinis
1909 2882 1963 2926 et

2065 396 2157 466 ροῦ
2187 395 2566 465 φανερωθῆναι
2614 393 2705 446 τὸν
2739 393 2976 464 Κύριον·
3019 392 3094 454 ὡς
3139 392 3238 461 τῆς
3285 391 3382 460 μὲν
3430 390 3642 458 φύσεως

2061 487 2154 540 τοῦ
2208 487 2418 557 ΙῙατρὸς
2469 486 2717 557 καθαρᾶς
2752 488 2808 538 ἐν
2843 483 3082 554 ἀπαθείᾳ
3119 481 3476 552 διαμενούσης
3501 499 3515 514 ο
3551 482 3641 534 τοῦ

2060 582 2114 634 δὲ
2148 581 2278 634 Υἱοῦ
2312 581 2399 634 διὰ
2433 581 2490 633 τὸ
2540 580 2675 650 προς
2725 578 2785 630 τὸ
2835 576 3212 644 ταπεινότερον
3265 573 3640 643 παρηλλάχθαι

2060 675 2157 744 τὴν
2189 673 2348 742 φύσιν
2368 714 2382 738 ,
2414 672 2550 744 πρδς
2595 671 2796 742 σαρκός
2847 687 2905 722 τε
2936 670 3028 722 καὶ
3061 667 3290 721 Θανάτου
3321 670 3517 738 πεῖραν
3546 667 3645 718 οὐκ

2063 764 2446 827 ἀδυνατοῦντος
2495 763 2668 816 ἐλθεῖν
2693 779 2705 792 ·
2748 762 2822 824 ὡς
2869 762 2929 813 ού
2963 760 3163 829 πολλῆς
3196 759 3499 828 γενομένης
3544 759 3645 826 τῆς

2065 857 2449 927 μεταστάσεως
2474 895 2488 919 ,
2530 855 2666 907 ἀλλά
2711 854 2909 922 τρόπον
2952 851 3074 904 τινὰ
3112 852 3245 920 πρὸς
3280 851 3338 904 τὸ
3387 852 3645 918 συγγενὲς

2063 948 2155 1001 καλ¹
2185 947 2448 1016 ὁμόφυλον
2482 948 2545 998 ἐκ
2575 944 2668 996 105
2703 943 2890 1014 ὁμοίου
2925 941 3348 1014 μεταχωρούσης
3375 982 3387 1004 ,
3433 941 3522 994 διὰ
3550 940 3646 994 τοῦ

2063 1039 2285 1106 κτιστην
2323 1038 2419 1107 μὲν
2469 1037 2565 1106 τὴν
2616 1035 2962 1104 ἀνθρωπίνην
2988 1075 3002 1097 ,
3041 1033 3262 1103 κτιστὴν
3303 1032 3360 1084 δὲ
3409 1032 3503 1085 καί¹
3548 1032 3647 1101 τὴν

2063 1128 2155 1181 165
2193 1126 2529 1195 Μονογενοῦς
2563 1125 2912 1178 ὑποτίθεσθαι
2945 1124 3124 1193 φύσιν.
3155 1123 3251 1185 Τίς
3281 1122 3459 1175 τοίνυν
3501 1122 3646 1174 είκότ

2063 1239 2170 1282 τως
2204 1219 2624 1289 ἐπαισχύνεσθαι
2667 1217 2744 1288 τῷ
2786 1217 3003 1288 σταυρῷ
3050 1219 3472 1286 κατηγορεῖται;
3517 1219 3544 1268 6
3577 1216 3645 1267 τὰ

2063 1311 2295 1363 ταπεινά
2325 1313 2452 1381 περὶ
2495 1309 2686 1361 ἑαυτοῦ
2733 1309 2924 1376 λέγων,
2957 1308 3039 1377 ἢὸ
3079 1308 3206 1377 περὶ
3244 1307 3351 1358 τῶν
3392 1305 3651 1376 ὑψηλοτέ-

2070 1419 2174 1468 ρων
2211 1401 2651 1468 ἀγωνιζόμενοςς
2693 1399 2806 1451 Οὐκ
2847 1395 2964 1452 οἶδα
3011 1399 3060 1450 εἰ
3091 1399 3187 1467 τῆς
3219 1396 3432 1449 Παύλου
3477 1413 3644 1465 μεγα-

2065 1493 2332 1561 λοφωνίας
2359 1495 2386 1544 ὁ
2417 1493 2717 1561 κατήγορος
2744 1491 3000 1559 ἤκουσεν,
3035 1490 3062 1540 ὀ
3091 1488 3232 1541 οὕτω
3264 1487 3645 1558 κατασμικρύ-

2066 1601 2171 1636 νων
2198 1584 2288 1636 τὸν
2317 1585 2409 1636 ἐπὶ
2441 1582 2530 1636 τοῦ
2568 1582 2796 1652 σταυροῦ
2842 1581 3210 1651 γνωρισθέντα
3243 1580 3374 1632 Θεὸν
3395 1621 3409 1644 _.
3441 1575 3526 1634 οἷα
3553 1582 3646 1632 καὶ

2072 1676 2170 1726 ὅσα
2220 1675 2425 1734 ἐκεῖνος
2462 1671 2539 1742 τῷ
2583 1671 2771 1742 ὑψηλῴ
2821 1671 3049 1740 στόματι
3088 1670 3217 1740 περὶ
3261 1668 3356 1721 τοῦ
3413 1667 3645 1739 σταυροῦ

2072 1765 2405 1834 διεξέρχεται
2429 1780 2441 1792 ⁸
2471 1767 2498 1817 ὁ
2539 1763 2647 1834 γὰρ
2683 1763 2770 1816 διὰ
2798 1763 3068 1817 τοσούτων
3107 1763 3207 1814 καὶ
3229 1760 3484 1817 τοιούτων
3513 1759 3646 1812 θαι-

2075 1857 2257 1926 μάτων
2297 1856 2484 1908 ἑαυτὸν
2515 1855 2801 1926 γνωρίζειν
2836 1853 2997 1923 ἔχων,
3032 1851 3125 1918 Μὴ
3166 1850 3429 1920 γένοιτο,
3462 1851 3644 1920 φησὶν,

2070 1949 2171 2000 ἐπί
2202 1965 2316 2002 τινι
2344 1948 2512 2010 ἄλλῳ
2537 1944 2915 2016 καυχᾶσθαι,
2948 1947 2999 1998 εἱ
3031 1946 3115 2013 μὴ
3157 1944 3252 1996 ἐπὶ
3297 1941 3378 2008 τῷ
3407 1941 3647 2009 σταυρῷ

2069 2039 2176 2092 τοῦ
2225 2038 2516 2107 Χριστοῦ*
2572 2040 2666 2092 καὶ
2705 2037 2840 2107 πρὶς
2888 2036 3207 2107 Κορινθίους
3239 2035 3386 2104 λέγει
3429 2037 3519 2088 τὸν
3560 2036 3650 2088 λόξ-

2070 2149 2164 2200 γον
2224 2131 2318 2184 τοῦ
2375 2130 2607 2202 σταυροῦ
2670 2130 2896 2199 δύναμιν
2953 2129 3087 2182 Θεοῦ
3146 2131 3258 2191 τοῖς
3321 2128 3646 2198 σωζομένοις

2071 2222 2205 2278 εἶναι
2231 2241 2243 2254 ·
2284 2225 2550 2292 Ἐφεσίοις
2581 2224 2635 2277 δὲ
2661 2225 2761 2294 τὴν
2800 2224 2860 2275 τὸ
2909 2225 3014 2275 πᾶν
3039 2222 3433 2293 διακρατοῦσάν
3465 2239 3525 2274 τε
3555 2224 3651 2274 καὶ

2073 2317 2398 2385 συνέχουσαν
2443 2315 2694 2385 δύναμιν,
2743 2314 2820 2384 τῷ
2851 2315 3089 2384 σχήματι
3123 2314 3216 2366 105
3271 2313 3506 2385 σταυροῦ
3551 2333 3647 2368 κα-

2069 2409 2358 2480 ταγράψει,
2395 2409 2454 2460 ὲν
2483 2403 2564 2470 οἷς
2600 2407 2848 2476 βούλεται
2877 2407 3074 2469 αὐτοὺς
3104 2405 3417 2474 ύψωθέντας
3444 2406 3647 2473 γνῶναι

2069 2502 2166 2572 τὴν
2229 2500 2671 2557 ὑπερϐάλλουσαν
2722 2499 2879 2563 δόξαν
2927 2501 3024 2570 τῆς
3075 2499 3353 2570 δυνάμεως
3408 2499 3647 2572 ταύτης,

2071 2596 2203 2664 ὕψος
2237 2596 2323 2647 καὶ
2353 2593 2512 2662 βάθος
2536 2633 2549 2657 ,
2595 2594 2690 2645 καὶ
2733 2593 2935 2655 πλάτος
2956 2632 2968 2653 ,
3002 2593 3092 2645 καί
3134 2594 3305 2662 μῆκος
3345 2594 3650 2663 κατονομάρ

2071 2689 2198 2752 ζων,
2235 2689 2470 2756 ἑκάστην
2495 2685 2721 2755 κεραίαν
2746 2686 2852 2738 τῶν
2888 2685 3026 2738 κατά
3053 2686 3113 2738 τὸ
3146 2686 3331 2755 σχῆμα
3361 2685 3453 2737 τοῦ
3489 2702 3651 2738 σταυ-

2075 2781 2164 2850 ροῦ
2221 2781 2648 2852 θεωρουμένων,
2702 2780 2851 2841 ἰδίοις
2901 2779 3324 2848 προσαγορεύων
3368 2779 3646 2848 ὀνόμασιν·

2070 2872 2144 2934 ὡς
2178 2874 2236 2924 τὸ
2285 2873 2380 2940 μὲν
2432 2874 2542 2926 ἄνω
2585 2872 2780 2942 μέρος,
2827 2871 2959 2939 ὕψος
3007 2873 3215 2922 εἰπεῖν’
3252 2870 3414 2938 βάθος
3460 2871 3537 2933 δὲ’
3590 2872 3653 2923 τὸ

387 2955 690 3009 latitudinis
737 2959 957 3012 nomine
991 2959 1309 3028 significans
1337 2961 1434 3030 (a).
1481 2963 1555 3016 Ita
1606 2973 1664 3017 ut
1713 2980 1810 3033 per
1856 2963 1960 3018 hoc

2075 2962 2212 3033 μετά
2264 2963 2359 3032 τὴν
2404 2964 2679 3034 συμϐολὴν
2712 2963 3073 3032 ὑποκείμενον
3100 2977 3112 2989 ⁸
3141 2961 3238 3030 τὴν
3271 2963 3325 3014 δὲ
3355 2962 3648 3032 ὲγκάρσιον

388 3061 642 3115 magnum
662 3049 981 3118 mysterium
1002 3051 1402 3114 manifestetur,
1423 3053 1548 3122 quia
1561 3057 1822 3123 coelestia,
1841 3056 1964 3111 sub-

386 3145 636 3190 terranea
663 3145 716 3190 et
745 3139 926 3192 omnia
957 3156 1144 3194 eorum
1186 3158 1306 3210 quae
1337 3152 1464 3196 sunt
1491 3155 1734 3199 extrema
1776 3148 1961 3201 conti-

388 3237 588 3282 nentur
617 3239 670 3283 et
691 3241 1018 3285 coercentur
1073 3235 1140 3286 ab
1173 3250 1241 3287 eo
1281 3235 1372 3304 qui
1428 3235 1568 3288 hanc
1635 3237 1959 3292 ineffabilem

386 3331 440 3374 et
469 3338 721 3392 magnam
755 3322 1011 3378 virtutem
1051 3327 1103 3378 in
1141 3326 1242 3379 hac
1289 3329 1471 3380 crucis
1501 3327 1671 3398 figura
1703 3331 1961 3384 ostendit.

389 3410 494 3465 Sed
537 3413 592 3465 in
637 3412 720 3466 his
759 3414 1239 3467 criminationibus
1281 3429 1386 3467 non
1425 3417 1657 3484 amplius
1677 3416 1965 3472 decertan-

387 3499 514 3552 dum
571 3518 692 3556 esse
735 3505 993 3563 arbitror,
1055 3517 1524 3568 supervacaneum
1572 3507 1830 3572 judicans
1862 3510 1962 3562 ad-

389 3606 583 3644 versus
610 3593 941 3644 calumniam
968 3592 1308 3658 argumentis
1347 3595 1548 3648 obnixe
1581 3605 1634 3650 et
1676 3600 1966 3654 vehemen-

387 3693 472 3736 ter
505 3682 859 3745 contendere,
895 3684 1198 3752 priesertim
1237 3700 1360 3738 eum
1390 3689 1589 3743 veritas
1625 3692 1816 3759 paucis
1867 3694 1962 3749 de-

390 3781 692 3830 monstrata
726 3775 810 3827 sit.

460 3956 642 4021 Quare
668 3957 733 4009 ad
764 3959 992 4011 alterum
1017 3963 1386 4016 accusationis
1409 3973 1572 4032 caput
1596 3972 1960 4024 transeamus.

390 4046 530 4101 Dicit
568 4049 750 4117 itaque
800 4058 1012 4102 sanctos
1060 4070 1090 4102 α
1140 4053 1288 4106 nobis
1337 4054 1388 4106 in
1440 4056 1692 4110 invidiam
1739 4062 1876 4126 rapi,
1917 4071 1965 4114 et

388 4155 480 4209 μετ’
521 4141 848 4196 calumniam
896 4147 1022 4212 peti.
1086 4142 1191 4198 Sed
1234 4147 1277 4200 si
1313 4147 1428 4214 ipse
1478 4148 1700 4214 audivit,
1760 4153 1958 4206 calum-

391 4233 659 4288 niantium
698 4237 861 4290 verba
913 4241 1147 4305 referat;
1185 4241 1328 4308 quod
1386 4242 1429 4294 si
1465 4258 1562 4297 nos
1597 4245 1717 4300 aliis
1761 4245 1967 4304 dixisse

2070 3055 2188 3107 καθ’
2215 3056 2470 3124 ἑκάτερον
2501 3055 2724 3125 κεραίαν
2746 3094 2757 3116 ,
2785 3053 2862 3123 τῷ
2905 3054 2996 3105 105
3039 3055 3244 3124 μήκους
3287 3070 3345 3106 τε
3386 3053 3479 3106 καὶ
3515 3053 3650 3105 πλά-

2067 3162 2192 3207 τους
2219 3147 2436 3213 ὀνόματι
2473 3144 2876 3214 διασημαίνων·
2914 3144 2989 3206 ὡς
3026 3143 3090 3196 ἂν
3135 3144 3221 3196 διὰ
3254 3143 3443 3196 τούτου
3486 3161 3649 3210 φανὴ

2071 3235 2265 3305 ρωθείη
2299 3236 2360 3287 τὸ
2392 3236 2533 3304 μέγα
2568 3236 2863 3305 μυστήριον
2890 3276 2902 3295 ,
2936 3235 3016 3286 ὅτι
3050 3236 3142 3286 καὶ
3195 3234 3262 3286 τά
3296 3234 3521 3302 οὐράνια
3554 3236 3647 3284 καὶ

2067 3327 2133 3380 τά
2163 3327 2507 3396 καταχθόνιοι,
2543 3327 2635 3379 καὶ
2665 3330 2839 3379 πάντα
2868 3326 2974 3378 τῶν
3002 3327 3170 3378 ὄντων
3203 3325 3265 3378 τὰ
3299 3325 3507 3395 πέρατα
3533 3327 3644 3378 δια-

2068 3422 2346 3487 κρατεῖται
2399 3420 2493 3472 καὶ
2543 3419 2823 3488 συνέχεται
2869 3419 3020 3488 παρὰ
3052 3417 3145 3469 τοῦ
3186 3417 3284 3486 τὴν
3335 3417 3643 3486 ἀπόρρητον

2070 3509 2161 3560 καί
2189 3509 2430 3578 μεγάλην
2463 3507 2666 3578 ταύτην
2711 3508 2938 3577 δύναμιν
2973 3509 3028 3558 ἐν
3068 3506 3144 3576 τῷ
3175 3507 3330 3575 τύπῳ
3361 3505 3456 3557 105
3492 3523 3642 3557 σταυ-

2071 3600 2164 3670 ροῦ
2205 3600 2645 3670 παραδείξαντος.
2710 3600 2846 3651 Ἀλλ’
2896 3600 3044 3651 οὐδὲν
3105 3596 3259 3670 οἶμαι
3317 3600 3425 3652 δεῖν
3484 3599 3640 3651 πλέω

2068 3696 2182 3754 ταῖς
2219 3694 2414 3754 αἰτίαις
2444 3694 2666 3756 ταύταις
2695 3692 3140 3760 ἐναγωνίίζεσθαι,
3174 3692 3423 3763 περιττὸν
3445 3692 3646 3761 κρίνωί

2069 3785 2538 3855 ἐμφιλοτιμεῖσθαι
2567 3789 2675 3849 τοῖς
2699 3785 2838 3839 κατὰ
2861 3787 2957 3854 τῆς
2986 3786 3349 3854 συκοφαντίας
3379 3784 3634 3853 ἐλέγχοις,

2070 3882 2160 3928 καὶ
2185 3877 2250 3928 δι’
2287 3877 2481 3945 ὀλίγων
2509 3879 2606 3947 τῆς
2645 3878 2900 3947 ἀληθείας
2930 3877 3256 3947 δειχθείσης.

2140 3968 2347 4019 Οὐκοῦν
2378 3968 2512 4038 πρὸς
2557 3970 2740 4038 ἓτερον
2779 3967 3028 4037 ἔγκλημα
3075 3967 3151 4037 τῷ
3183 3967 3326 4036 λόγῳ
3367 3968 3632 4037 μετέλθω-

2073 4077 2190 4128 μεν·
2235 4059 2663 4113 Διαϐάλλεσθαι
2703 4059 2847 4126 λέγει
2891 4060 3026 4126 παρ’
3063 4058 3393 4127 ἡμῶντοὺς
3414 4061 3634 4129 ἁγίους.

2083 4151 2220 4203 Ἀλλ’
2254 4154 2299 4203 εἰ
2338 4151 2434 4220 μὲν
2470 4151 2628 4213 αὐτὸς
2673 4151 2898 4219 ἀκήκοε,
2941 4150 3146 4216 λεγέτω
3177 4151 3244 4203 τὰ
3292 4153 3512 4221 ῥήματα
3544 4151 3638 4219 τῆς

2073 4244 2442 4312 κατηγορίας·
2497 4245 2546 4294 εἱ
2592 4244 2648 4294 δὲ
2683 4242 2818 4312 πρὸς
2874 4241 3091 4311 ἐτέρους
3150 4243 3426 4312 εἰρηκέναι
3473 4244 3634 4311 λέγει,

390 4324 607 4389 asserit,
639 4340 733 4392 per
774 4335 944 4382 testes
974 4343 1158 4382 veram
1192 4330 1407 4398 culpam
1442 4334 1692 4387 ostendat
1721 4353 1733 4388 :
1768 4337 1811 4390 si
1838 4356 1961 4394 vero

2069 4337 2294 4401 δειξάτω
2339 4337 2427 4389 διὰ
2473 4338 2579 4389 τῶν
2623 4336 3043 4407 μαρτυρούντων
3078 4336 3250 4406 ἀληθῆ
3295 4337 3392 4405 τὴν
3440 4335 3634 4388 αἰτίαν.

389 4430 454 4469 ex
491 4416 558 4470 iis
594 4433 714 4485 qua:
745 4419 1071 4487 scripsimus
1105 4420 1466 4485 demonstrat,
1519 4425 1709 4478 recitet
1735 4426 1965 4487 dicta,ct

391 4508 609 4576 culpam
636 4510 999 4579 recipiemus;
1035 4511 1184 4579 atqui
1214 4512 1347 4564 nihil
1375 4515 1482 4568 tale
1516 4502 1766 4583 proferre.
1781 4530 1964 4584 queat.

388 4599 584 4654 Nostra
611 4600 754 4652 enim
779 4602 983 4670 scripta
1014 4602 1191 4656 cuivis
1215 4604 1575 4657 examinanda
1603 4614 1652 4658 et
1689 4607 1966 4672 probanda

390 4702 789 4759 proponuntur.
819 4691 876 4744 Si
910 4693 1076 4760 igitur
1106 4710 1282 4762 neque
1315 4696 1361 4748 ei
1392 4695 1597 4748 dictum
1637 4708 1742 4759 est,
1791 4715 1968 4769 neque

389 4783 459 4835 ab
483 4782 605 4835 aliis
632 4783 862 4846 audivit,
899 4798 1075 4853 neque
1108 4801 1173 4838 ex
1206 4787 1428 4855 scriptis
1465 4789 1671 4843 nostris
1704 4799 1962 4861 tanquam

390 4873 699 4942 obsignatis
749 4875 963 4928 tabellis
1009 4884 1187 4945 potest
1222 4879 1570 4944 convincere,
1606 4887 1786 4935 tacere
1836 4892 1967 4951 puto

391 4973 648 5034 oportere
705 4980 828 5020 cum
881 4969 974 5036 qui
1022 4967 1396 5024 defensionem
1456 4972 1773 5028 instituerit.
1827 4975 1963 5029 Nam

392 5057 660 5113 adversus
710 5058 917 5111 crimen
952 5060 1096 5128 quod
1132 5062 1278 5114 nulla
1323 5061 1643 5131 probatione
1691 5066 1960 5132 subsistit,

393 5150 655 5218 praeclara
689 5165 820 5204 sane
868 5148 1114 5204 defensio
1130 5154 1472 5216 est,omnino
1488 5153 1667 5206 silere.
1691 5156 1965 5209 Pett'ttsilt-

387 5245 816 5316 quitapostolus,
845 5243 1186 5298 Dominumet
1206 5243 1474 5300 Christum
1490 5246 1631 5301 Deus
1663 5242 1784 5309 fecit
1828 5245 1964 5300 hunc

392 5334 563 5400 ipsum
608 5332 794 5387 Jesum
834 5348 986 5403 quem
1029 5350 1116 5387 vos
1164 5335 1215 5386 in
1267 5350 1472 5386 crucem
1513 5337 1693 5405 egistis
1727 5339 1787 5388 ν’.
1839 5337 1963 5393 llzcc

501 5493 541 5520 "
577 5493 769 5550 Galat.‘
799 5509 872 5557 vt,
918 5493 1000 5547 Η.
1083 5491 1159 5543 ¹³Ι
1188 5492 1314 5545 Cor.
1348 5508 1380 5556 I,
1422 5493 1506 5546 l8.

1589 5494 1630 5522 ”
1669 5493 1865 5558 Epltcs.
1893 5501 2079 5564 Ill,13.

2065 4431 2125 4481 Εἰ
2159 4429 2214 4480 δὲ.
2245 4429 2334 4496 ἀφ’
2366 4421 2438 4481 ὧν
2468 4430 2902 4498 γεγραφὴκαμεν
2927 4427 3322 4489 ἀποδείκνυσιν,
3349 4427 3636 4493 ἀναγνώτω

2064 4519 2133 4571 τὰ
2167 4517 2452 4586 εἰρημένα,
2486 4519 2582 4569 καὶ
2612 4518 2707 4587 τὴν
2742 4517 2920 4569 αἰτίαν
2951 4517 3214 4586 δεξόμεθα
3239 4533 3250 4545 ·
3304 4517 3417 4569 ἀλλ’
3445 4517 3544 4570 οὐκ
3575 4516 3636 4568 ἀν

2064 4629 2113 4663 τι
2148 4611 2384 4662 τοιοῦτον
2425 4613 2811 4680 προσενεγκεῖν
2854 4609 2987 4680 ἔχοι.
3019 4611 3312 4680 Πρὸκειται
3346 4611 3452 4679 γὰρ
3483 4609 3638 4662 παντὶ

2064 4700 2140 4768 τῷ
2173 4700 2480 4769 βουλομένῳ
2505 4699 2572 4751 τὰ
2607 4700 2734 4769 παρ’
2763 4698 2918 4768 ἡμῶν
2950 4701 3028 4761 εἰς
3057 4699 3318 4762 ἐξέτασιν.
3367 4700 3428 4750 Εἰ
3451 4700 3506 4751 δὲ
3534 4700 3635 4768 μή·

2064 4807 2122 4841 τε
2157 4789 2293 4860 πρὸς
2322 4791 2483 4842 αὐτὸν
2512 4789 2750 4860 εἴρηται,
2791 4792 2927 4859 μήτε
2964 4789 3168 4858 ἐτέρων
3205 4790 3463 4858 ἀκήκοεν,
3504 4790 3634 4858 μήτε

2064 4881 2151 4934 διὰ
2177 4881 2285 4934 τῶν
2327 4883 2729 4952 γεγραμμένων
2760 4881 2872 4950 ἔχει
2898 4881 2988 4934 τὸν
3025 4881 3266 4949 ἔλεγχον,
3302 4881 3456 4949 σιγᾷν
3487 4875 3635 4948 οἶμαι

2064 4979 2256 5048 χρῆναι
2287 4977 2376 5028 τὸν
2415 4978 2554 5047 ὑπὲρ
2587 4977 2791 5029 τούτων
2842 4972 3298 5044 ἀπολογούμενὸν.
3351 4972 3498 5042 Πρὸς
3535 4968 3638 5040 γὰρ

2062 5070 2122 5120 τὸ
2171 5069 2538 5124 ἀνυπόστατον
2591 5068 2860 5137 ἔγκλημα,
2905 5067 3188 5138 πρέπουσα
3236 5066 3451 5125 πάντως
3497 5065 3638 5115 ἐστὶν

2070 5159 2328 5226 ἀπολογία
2382 5162 2415 5229 ὴ
2471 5162 2672 5230 σιωπή,
2735 5161 2936 5231 Πέτρος
3005 5161 3169 5228 φησιν
3227 5159 3254 5209 6
3309 5155 3635 5215 ἀπόστολος.

2069 5253 2283 5318 Κύριον
2313 5253 2412 5305 καὶ
2458 5255 2711 5319 Χριστὸν
2751 5257 2783 5306 ὁ
2823 5252 2966 5317 Θεὸς
3002 5251 3250 5317 ἐποίησε
3286 5248 3502 5301 τοῦτον
3537 5243 3638 5297 τὸν

2083 5343 2322 5408 Ἰησοῦν
2345 5344 2417 5396 ὃν
2437 5343 2603 5413 ὑμεῖς
2625 5342 3062 5413 ἐσταυρώσατε.
3103 5341 3290 5411 Ἡμεῖς
3314 5337 3488 5393 ταῦτα
3513 5333 3634 5403 παρ’

2158 5503 2200 5532 ’³
2234 5501 2351 5555 Act.
2381 5517 2442 5566 ll,
2469 5502 2554 5554 '56.

471 5647 544 5717 (ιι)
587 5643 726 5700 idem
764 5647 934 5701 fusius
969 5649 1120 5702 docet
1157 5647 1215 5703 D.
1254 5649 1411 5718 Ωιι-ε.
1455 5650 1606 5719 Nyss.
1647 5651 1699 5704 in
1741 5651 2062 5708 Cum/retire
2101 5656 2336 5708 oratione
2375 5669 2425 5710 c.
2460 5654 2547 5708 52.
