4010 6156
293 233 397 291 637
1419 234 1702 290 CONTRA
1736 235 2126 308 EUNOMIUM,
2169 240 2299 298 LIB.
2342 243 2408 298 ν.
3455 252 3567 309 393

272 350 457 406 αὑτοῦ
493 351 875 423 μεμαθηκότες
919 352 1118 421 φαμὲν,
1161 353 1285 423 περὶ
1329 351 1386 406 ἒν
1431 355 1610 408 πᾶσαν
1658 354 1855 424 βλέπειε

1981 370 2082 411 nos
2113 356 2182 412 ab
2211 373 2277 423 eo
2311 359 2514 426 edocti,
2565 359 2801 416 dicimus
2847 359 2902 415 in
2938 375 3109 416 unum
3145 377 3362 421 omnem
3388 364 3560 420 dicto-

287 443 399 498 τῶν
425 444 729 515 εἰρημένων
755 445 853 513 τὴν
881 444 1215 515 σύμφρασιν,
1243 444 1406 503 αὑτὸν
1423 462 1481 498 τε
1503 445 1594 498 τὸν
1622 446 1870 516 σταυρὸν,

1983 461 2106 500 rum
2137 447 2379 518 phrasim
2404 450 2712 521 respicere;
2752 459 2805 507 et
2827 451 3001 524 ipsam
3033 469 3277 523 crucem,
3298 464 3349 511 et
3366 455 3559 512 huma-

290 535 385 589 καὶ
436 535 494 587 τὸ
542 533 884 603 ἀνθρώπινον
933 535 1142 605 ὄνομα,
1206 537 1298 589 καὶ
1350 536 1410 589 τὸ
1454 536 1720 589 δεικτικὸν
1773 538 1873 607 τῆς

1986 553 2117 591 num
2154 555 2376 607 nomen,
2425 550 2479 597 et
2512 543 2622 597 vim
2669 544 2821 598 vocis
2852 544 3368 601 demonstrativam.
3418 550 3559 604 Duas

289 628 496 697 φωνῆς.
551 627 653 680 Δύο
681 627 791 698 γὰρ
821 628 1123 698 πράγματα
1156 629 1283 699 περὶ
1306 626 1363 681 ἓν
1398 629 1688 698 πρόσωπον
1720 629 1748 680 6
1774 630 1872 699 τῆς

1981 628 2124 683 enim
2162 645 2250 687 res
2300 633 2446 688 circa
2494 648 2658 688 unam
2698 649 2989 704 personam
3029 635 3326 706 Scriptum
3380 653 3559 693 sermo

287 722 511 791 Γραφῆς
535 720 693 789 λόγος
718 720 1084 790 γεγεννῆσθαί
1109 738 1263 792 φησι·
1299 722 1450 792 παρὰ
1482 722 1580 791 μὲν
1605 720 1713 774 τῶν
1745 720 1870 775 Ἰου-

1979 721 2179 775 asserit
2207 720 2378 779 fuisse
2416 722 2614 789 factas,
2643 740 2671 778 a
2720 722 2923 780 Iudaeis
2968 726 3189 795 quidem
3224 728 3555 797 passionem,

285 810 447 865 δαίων
472 812 534 864 τὸ
581 811 776 876 πάθος,
808 811 960 882 παρὰ
982 812 1039 874 δὲ
1086 812 1179 866 τοῦ
1217 812 1352 867 Θεοῦ
1388 813 1488 883 τὴν
1516 813 1683 884 τιμήν
1710 828 1724 843 ο
1773 814 1868 883 οὑχ

1980 824 2009 863 a
2044 809 2155 865 Deo
2209 800 2390 868 autem
2439 814 2744 869 honorem:
2806 832 2917 871 non
2952 818 3096 887 quod
3149 817 3290 874 alius
3339 821 3556 890 quidem

285 902 361 966 ὼς
401 902 563 956 ἄλλου
621 902 723 974 μὲν
773 904 1123 967 πεπονθότος,
1172 903 1360 975 ἑτέρου
1404 904 1465 957 δὲ
1503 904 1593 957 διὰ
1638 903 1738 974 τῆς
1779 905 1868 958 άν-

1979 914 2179 969 passus
2196 901 2287 965 sit,
2322 903 2464 958 alius
2483 919 2612 958 vero
2627 919 2723 973 per
2746 906 3129 961 exaltationem
3150 909 3219 962 sil.
3233 908 3555 972 honoratus,

286 993 548 1063 υψὼσεως
577 996 946 1070 τετιμημένου
967 1009 979 1021 ’
1020 995 1113 1048 καὶ
1144 995 1477 1068 σαφέστερον
1507 997 1869 1069 ἐφερμηνεὺει

1977 990 2122 1059 quod
2164 991 2369 1046 clarius
2404 995 2587 1050 verbis
2612 997 3405 1067 sequentibus.interpretatur,
3427 1004 3555 1057 dum

285 1088 459 1156 λέγων
503 1088 592 1142 διὰ
636 1088 745 1141 τῶν
782 1087 1019 1158 ἐφεξῆς⁶
1062 1087 1143 1157 Τῇ
1178 1086 1347 1155 δεξιᾷ
1375 1090 1501 1160 γάρ,
1537 1089 1723 1159 φησὶν,
1762 1089 1867 1144 τοῦ

1977 1077 2129 1145 dicit,
2171 1079 2372 1134 Dextra
2401 1081 2502 1137 Dei
2533 1083 2824 1139 exaltatus.
2873 1085 3009 1153 Quis
3067 1087 3234 1157 igitur
3286 1091 3557 1149 exaltatus

285 1180 437 1235 Θεοῦ
468 1181 752 1250 ὑψωθείς.
797 1180 892 1243 Τίς
917 1176 1012 1234 οῦν
1053 1180 1280 1251 ὑψώθη;
1347 1181 1405 1234 '0
1436 1181 1690 1246 ταπεινὸς
1721 1182 1797 1247 δὲ,
1832 1182 1864 1253 ἢ

1975 1173 2098 1225 est?
2144 1173 2442 1230 humilisne
2490 1191 2560 1231 an
2626 1177 2975 1234 altissimus?
3006 1178 3151 1245 Quid
3182 1188 3361 1236 autem
3411 1183 3555 1236 aliud

281 1275 311 1327 6
341 1272 567 1342 ὕψιστος
587 1291 603 1340 ;
628 1274 693 1327 Τί
721 1275 776 1327 δὲ
797 1274 923 1329 ἄλλο
949 1273 1100 1345 παρὰ
1115 1273 1177 1327 τὸ
1194 1272 1345 1327 Θεῖόν
1364 1275 1509 1327 ἐστιν
1526 1275 1554 1326 ὁ
1568 1274 1829 1344 "mm;
1849 1294 1862 1344 ;

1975 1277 2139 1331 quam
2166 1262 2312 1319 Deus
2342 1273 2427 1320 est
2461 1266 2553 1321 ille
2584 1266 2681 1337 qui
2719 1276 2805 1327 est
2821 1268 3177 1323 Altissimus?
3202 1269 3367 1343 Atqui
3414 1269 3558 1333 Dens

298 1362 468 1415 Ἀλλά
502 1365 609 1435 μὴν
636 1366 664 1418 ὀ
692 1364 822 1428 Θεὸς
852 1363 1132 1437 ὑψωθῆναι
1175 1364 1236 1418 οὑ
1273 1364 1473 1431 δέεται,
1518 1365 1738 1435 ὕψιστος
1766 1364 1861 1420 ῶν.

1975 1355 2280 1412 altissimus
2302 1373 2424 1412 cum
2457 1358 2551 1421 sit,
2582 1374 2694 1414 non
2733 1359 2938 1431 indiget
2973 1368 3034 1414 ut
3064 1360 3388 1416 sublimetur
3416 1380 3429 1416 :
3458 1360 3558 1433 igi-

290 1455 439 1524 ’Δρα
470 1456 530 1509 τὸ
575 1455 912 1528 ἀνθρώπινον
952 1459 981 1511 6
1062 1457 1359 1521 ἀπόστολος
1406 1457 1655 1528 ὑψῶσθαι
1695 1458 1862 1527 λέγει.

1974 1454 2069 1502 tur
2110 1449 2397 1518 apostolus
2426 1451 2571 1521 quod
2607 1452 2907 1512 humanum
2954 1459 3060 1519 est,
3087 1454 3383 1509 exaltatum
3437 1471 3557 1511 esse

298 1544 520 1614 ’Υψώθη
569 1545 625 1599 δὲ
658 1546 744 1600 διὰ
780 1546 874 1599 τοῦ
922 1545 1128 1619 Κύριος
1168 1549 1263 1602 καὶ
1307 1549 1544 1619 Χριστὸς
1589 1549 1860 1618 γενέσθαι.

1976 1538 2134 1593 dicit.
2176 1538 2465 1603 Exaltatus
2500 1550 2585 1598 est
2612 1552 2817 1610 autem,
2847 1544 2976 1614 quia
3012 1544 3276 1601 Dominus
3306 1555 3358 1602 et
3400 1548 3556 1612 Chri-

279 1638 381 1697 Διὰ
406 1637 563 1691 τοῦτο
590 1637 647 1691 δὲ
679 1638 820 1709 μετὰ
849 1638 910 1691 τὸ
951 1639 1122 1704 πάθος
1148 1640 1384 1709 ἐγένετο.
1421 1641 1649 1706 Οὐκοῦν,
1678 1643 1737 1695 οὑ
1766 1642 1862 1713 τὴν

1975 1638 2096 1686 stus
2131 1633 2313 1696 factus
2343 1642 2447 1690 est.
2488 1633 2720 1706 Propter
2770 1636 2876 1695 hoc
2931 1644 3113 1692 autem
3160 1649 3285 1709 post
3338 1641 3554 1709 passio.-

279 1729 608 1800 npoattbwov
642 1729 876 1801 ὕπαρξιν
897 1731 989 1785 τοῦ
1021 1731 1228 1803 Κυρίου
1256 1731 1343 1785 διὰ
1370 1731 1464 1786 τοῦ
1486 1733 1738 1802 ἐποίησε
1762 1734 1862 1804 ρή-

1972 1738 2093 1778 nem
2139 1722 2318 1782 factus
2368 1733 2470 1784 est.
2520 1726 2885 1793 Quamobrem
2943 1730 3227 1799 apostolus
3282 1748 3389 1787 non
3450 1732 3555 1794 Do,—

282 1839 451 1891 ματος
490 1823 826 1894 παρίστησιν
854 1825 882 1876 6
937 1823 1262 1888 ἀπόστολος,
1312 1824 1450 1886 ἀλλά
1490 1825 1589 1897 τὴν
1627 1825 1723 1879 τοῦ
1767 1844 1862 1881 τα-

1969 1816 2103 1870 mini
2119 1818 2497 1879 exsistentiam
2513 1835 2635 1890 qum
2647 1823 2943 1878 antecessit
2961 1824 3183 1890 saecula,
3201 1839 3298 1893 per
3323 1825 3550 1890 verbum

277 1914 467 1971 πει-δοῦ
500 1915 637 1985 πρὸς
673 1915 733 1968 τὸ
765 1914 965 1986 ὑψηλὸν
1014 1916 1413 1987 μεταποίησινκ
1434 1916 1524 1970 διὰ
1551 1918 1652 1987 τῆς
1684 1917 1860 1982 δεξιᾶς

1971 1907 2114 1977 fecit,
2147 1918 2524 1980 reprmsentat,
2566 1911 2661 1967 sed
2697 1914 2919 1972 humilis
2963 1916 3028 1969 ad
3057 1918 3333 1974 excelsum
3376 1929 3554 1973 muta—

275 2003 368 2058 τοῦ
399 2004 535 2057 Θεοῦ
564 2006 959 2076 γεγενημένην.
976 2006 1341 2077 Σαφηνίζεται
1370 2007 1481 2080 γὰρ
1504 2009 1599 2062 καὶ
1624 2008 1711 2061 διά
1738 2009 1858 2062 τοὺ-

1972 1999 2173 2053 tionem
2207 2015 2305 2069 per
2330 2000 2611 2057 dexteram
2645 2002 2739 2060 Dei
2788 2004 3008 2062 factam.
3065 2006 3207 2074 Quin
3232 2010 3397 2064 etiam
3456 2026 3555 2081 per

273 2113 367 2151 του
390 2095 485 2149 τοῦ
520 2097 763 2168 ῥήματος
788 2097 856 2150 τὸ
877 2097 972 2167 τῆς
998 2098 1278 2164 εὐσεϐείας
1310 2101 1623 2172 μυστήριον.
1666 2102 1724 2154 '0
1752 2100 1856 2173 γάρ

1967 2088 2072 2144 hoc
2131 2090 2358 2146 verbum
2394 2093 2617 2162 pietatis
2664 2097 2990 2166 mysterium
3057 2100 3391 2156 declaratur.
3446 2102 3549 2169 Qui

275 2187 448 2247 εἰπὼν
490 2189 572 2242 ὅτι
612 2191 679 2259 τῇ
715 2186 866 2259 δεξιᾷ
906 2187 1000 2242 τοῦ
1028 2188 1165 2243 Θεοῦ
1195 2189 1450 2259 ὑψωθεὶς,
1486 2193 1736 2262 φανερῶς
1768 2196 1858 2246 ὲκ-

1969 2180 2112 2235 enim
2161 2182 2301 2238 dixit
2337 2186 2486 2256 quod
2521 2184 2713 2242 dextra
2769 2188 2865 2243 Dei
2909 2190 3206 2258 exaltatus,
3260 2193 3552 2249 manifeste

274 2278 545 2341 καλύπτει
573 2279 672 2350 τὴν
702 2279 1013 2351 ἀπόρρητον
1048 2279 1140 2334 τοῦ
1191 2283 1492 2352 μυστηρίου
1522 2284 1856 2356 οἰκονομίαν.

1968 2269 2299 2329 ineﬂ'abilem
2340 2277 2584 2348 mysterii
2628 2278 3100 2349 dispensationem
3131 2282 3349 2338 evolvit.
3395 2284 3550 2351 Quod

275 2371 402 2423 ’Ότι
432 2371 466 2440 ἡ
495 2369 643 2435 δεξιά
674 2370 767 2424 τοῦ
791 2370 923 2424 Θεοῦ
950 2372 983 2441 ἡ
1010 2372 1267 2443 ποιητικὴ
1299 2373 1517 2427 πάντων
1537 2375 1645 2428 τῶν
1664 2375 1854 2441 ὄντων,

1970 2361 2199 2418 dextera
2237 2364 2332 2421 Dei
2363 2369 2607 2425 omnium
2646 2385 2769 2440 quae
2819 2382 2949 2427 sunt
2980 2380 3065 2427 est
3108 2374 3375 2440 ell'ectrix,
3429 2392 3553 2447 qua:

271 2463 309 2533 ἦ
339 2462 487 2527 ἐστιν
529 2464 559 2515 6
602 2462 827 2534 Κύριος,
860 2462 926 2516 δι’
959 2458 1019 2518 οὗ
1059 2464 1129 2517 τά
1161 2465 1338 2518 πάντα
1369 2467 1619 2535 ὲγάκετο,
1660 2469 1756 2522 καὶ
1797 2462 1854 2523 οὗ

1967 2455 2187 2526 quidem
2251 2466 2336 2514 est
2391 2458 2681 2528 Dominus,
2734 2478 2830 2532 per
2882 2478 3044 2533 quem
3098 2466 3285 2521 omnia
3328 2466 3550 2522 condita

273 2557 447 2627 χωρὶς
476 2555 685 2626 ὑπέστη
731 2555 838 2609 τῶν
882 2554 1051 2609 ὄντων
1099 2557 1272 2621 οὐδὲν..
1302 2558 1440 2630 αὑτὴ
1467 2559 1560 2613 τὸν
1590 2560 1856 2615 ἐνωθέντα

1965 2561 2115 2616 sunt,
2152 2559 2207 2607 et
2237 2552 2358 2608 sine
2407 2567 2516 2622 quo
2542 2554 2679 2608 nihil
2714 2570 2906 2609 eorum
2950 2570 3070 2624 quae
3103 2565 3233 2610 sunt
3269 2558 3546 2619 subsistit.

274 2644 415 2716 πρὸς
445 2645 615 2715 αὑτὴν
655 2643 939 2717 ἄνθρωπον
969 2648 1049 2709 είς
1083 2646 1145 2699 τὸ
1172 2646 1301 2699 ἴδιον
1345 2646 1476 2717 ὕψος
1507 2649 1748 2718 ἀνήγαγε
1771 2650 1857 2704 διὰ

1988 2645 2094 2697 hec
2122 2645 2340 2699 unitum
2374 2660 2558 2700 secum
2596 2646 2872 2701 hominem
2907 2648 2974 2700 ad
3023 2649 3297 2718 prOpriam
3326 2650 3571 2711 celsittL-'

274 2737 377 2805 τῆς
404 2736 779 2806 ἀνακράσεως,
832 2736 971 2806 ὅπερ
1002 2736 1150 2791 ἐστὶν
1182 2738 1320 2809 αὑτὴ
1365 2739 1507 2792 κατὰ
1548 2740 1647 2811 τὴν
1673 2740 1855 2809 φύσιν,

1966 2734 2146 2791 dinem
2179 2752 2275 2806 per
2301 2739 2755 2807 tetnpcrationem
2788 2727 3007 2804 extulit,
3045 2741 3192 2810 quod
3218 2742 3441 2810 quidem
3465 2752 3549 2803 est

278 2825 535 2877 κάκεῖνον
564 2826 853 2893 ποιήσασα.
888 2825 1043 2878 Ἐστι
1072 2824 1128 2877 δὲ
1157 2826 1287 2879 αὑτὸ
1322 2827 1537 2894 Κύριος
1558 2826 1653 2880 καὶ
1680 2826 1859 2881 Βασι-

1967 2827 2084 2898 ipsa
2117 2829 2421 2884 secundum
2458 2838 2742 2895 naturam,
2786 2831 2951 2886 etiam
2979 2832 3132 2886 illum
3188 2831 3417 2890 faciens.
3454 2838 3550 2891 Est

281 2915 717 2984 ,ιεύςοΧριστὺς
763 2915 867 2987 γὰρ
910 2917 938 2969 6
987 2917 1242 2987 βασιλεὺς
1293 2912 1647 2989 όνομάζεταιο
1683 2917 1857 2972 ταῦτα

1967 2918 2147 2976 autem
2177 2921 2353 2989 ipsum
2389 2921 2649 2979 Dominus
2691 2933 2746 2980 et
2790 2923 2933 2988 Rex,
2972 2922 3226 2981 Christus
3264 2927 3410 2981 enim
3452 2942 3548 2982 rex

283 3007 538 3067 κάκεῖνον
580 3007 843 3078 ἐποίησεν.
887 3002 1098 3080 Ὥσπερ
1130 3010 1238 3081 γάρ
1271 3010 1329 3062 ὲν
1358 3009 1435 3081 τῷ
1468 3011 1677 3082 ὑψίστῳ
1706 3011 1856 3080 γενόο

1966 3009 2306 3076 nominatur,
2333 3011 2452 3067 ιιωο
2490 3016 2654 3069 etiam
2713 3015 2867 3069 illum
2923 3014 3138 3082 effecit;
3199 3023 3258 3069 ut
3292 3017 3435 3071 enim
3493 3019 3548 3079 in

278 3118 446 3172 μενος
475 3070 823 3173 ὑπερυψιὺθη,
857 3102 1000 3156 οὕτω
1028 3070 1122 3157 καὶ
1142 3070 1221 3157 ’τά
1245 3102 1379 3156 ἄλλα
1407 3070 1589 3157 ἒπάᾀτα
1619 3070 1855 3172 ἐγένετο,

1966 3100 2238 3157 altissimo
2272 3102 2474 3167 factus,
2517 3106 2958 3174 superexaltatus
2990 3113 3095 3169 cst,
3129 3106 3211 3161 sic
3242 3108 3408 3161 etiam
3441 3109 3549 3169 alia

272 3192 334 3250 ἐν
380 3190 462 3262 τῷ
507 3191 761 3263 ἀθανάτῳ
805 3194 1091 3269 ἀθάνατος,
1138 3194 1196 3246 ὲν
1233 3192 1311 3263 τῷ
1345 3193 1483 3262 φωτὶ
1529 3192 1664 3263 φῶς,
1695 3195 1752 3247 ἐν
1779 3194 1855 3263 τῷ

1965 3194 2147 3249 omnia
2167 3193 2344 3251 factus
2362 3203 2468 3259 est,
2483 3197 2537 3250 in
2553 3198 2850 3251 immortali
2868 3198 3214 3260 immortalis,
3231 3199 3283 3252 in
3300 3200 3546 3265 lucelux,

270 3284 540 3357 ἀφθάρτῳ
580 3284 879 3356 ἄφθαρτος,
923 3285 1085 3356 ὲν-τῷ
1124 3286 1341 3358 ἀοράτῳ
1381 3286 1732 3361 ἀόρατοςηέν
1781 3286 1853 3357 τῷ

1965 3284 2018 3338 in
2041 3285 2442 3356 incorruptibili
2460 3287 2893 3357 incorruptibilis
2914 3305 2928 3342 :
2951 3287 3005 3340 in
3027 3287 3290 3343 invisibili
3310 3291 3548 3353 invisibi-

270 3375 497 3448 Χριστῷ
521 3376 775 3448 Χριστὸς,
808 3379 865 3430 ἐν
897 3378 974 3448 τῷ
1006 3375 1193 3449 Κυρίῳ
1224 3377 1447 3450 Κύριος.
1490 3378 1708 3447 Πέφυκε
1748 3378 1853 3449 γὰρ

1964 3375 2057 3442 lis;
2076 3376 2129 3429 in
2146 3375 2365 3433 Christo
2406 3377 2660 3433 Christus
2681 3395 2696 3445 ;
2718 3378 2772 3432 in
2793 3376 3023 3433 Domino
3037 3377 3320 3437 Dominus.
3337 3380 3471 3435 Nam
3492 3383 3546 3439 in

267 3468 366 3535 ἐπὶ
412 3467 522 3521 τῶν
573 3467 902 3539 σωματικῶν
952 3468 1335 3539 ἀνακράσεων,
1384 3469 1513 3522 ὅταν
1558 3468 1736 3538 πολλῷ
1778 3469 1850 3539 τῷ

1963 3469 2866 3539 corporalibustemperationibus,
2898 3486 3020 3532 cum
3042 3488 3169 3542 pars
3184 3473 3356 3528 altera
3375 3475 3546 3535 multa

273 3560 461 3632 μέτρῳ
485 3560 547 3612 τὸ
591 3559 777 3632 ἕτερον
810 3559 1095 3623 πλεονάζει
1142 3561 1326 3632 μέρος,
1375 3561 1513 3631 πρὸς
1536 3561 1597 3614 τὸ
1627 3563 1855 3633 ἐπικρα-

1962 3570 2223 3611 mensura
2287 3556 2575 3625 exuberat,
2627 3574 2750 3629 qua).
2800 3560 2982 3615 minor
3036 3569 3123 3617 est
3160 3562 3545 3621 transformari

266 3650 399 3706 τοῦν
431 3652 652 3715 πάντως
689 3653 1097 3723 μεταποιεῖσθαι
1143 3653 1203 3705 τὸ
1240 3652 1653 3724 ἐλαττούμενον.
1687 3652 1849 3708 Τοῦτο

2007 3648 2101 3699 )1ει
2135 3646 2189 3699 in
2227 3660 2346 3700 eam
2373 3655 2583 3715 partem
2629 3664 2750 3718 qua:
2774 3653 3065 3719 preevalet:
3119 3652 3226 3707 hoc
3286 3653 3452 3708 etiam
3489 3654 3543 3714 in
3580 3648 3590 3661 “

268 3744 364 3807 καὶ
394 3744 489 3797 ἐπὶ
514 3742 609 3796 τοῦ
642 3744 903 3815 μυστικοῦ
938 3745 1096 3813 λόγου
1131 3745 1315 3814 σαφῶς
1355 3744 1440 3797 διὰ
1467 3745 1565 3815 τῆς
1611 3746 1705 3799 τοῦ
1748 3747 1851 3800 Πέ-

1963 3737 2198 3807 mystico
2224 3753 2476 3794 sermone
2499 3740 2660 3809 plane
2699 3758 2795 3811 per
2826 3758 3021 3799 vocem
3059 3743 3202 3799 Petri
3258 3746 3542 3811 docemur,

269 3852 400 3905 τρου
456 3834 641 3905 φωνῆς
681 3834 1062 3905 διδασκόμεθα,
1119 3836 1201 3888 ὅτι
1248 3837 1309 3889 τὸ
1360 3837 1612 3890 ταπεινὸν
1654 3837 1747 3890 τοῦ
1796 3839 1852 3905 ἐξ

1962 3830 2108 3899 quod
2148 3830 2432 3887 humilitas
2478 3832 2600 3902 ejus
2630 3836 2725 3903 qui
2758 3850 2825 3890 ex
2878 3836 3197 3893 inﬁrmitate
3248 3839 3545 3894 crucifixus

270 3924 556 3987 ἀσθενείας
609 3923 1032 3995 σταυρωθέντος,
1083 3926 1116 3996 ή
1161 3924 1219 3977 δὲ
1246 3924 1499 3979 ἀσθένεια
1542 3926 1641 3996 τὴν
1678 3927 1853 3997 σάρκα

1962 3933 2068 3989 est,
2112 3925 2231 3994 ipsa
2263 3933 2443 3979 autem
2493 3925 2785 3982 infirmitas
2816 3942 3037 3984 carnem
3089 3928 3350 3995 declarat,
3402 3931 3545 3985 sicut

266 4017 438 4088 δηλοῖ,
472 4016 657 4080 καθὼς
701 4019 829 4088 περὶ
860 4016 954 4070 τοῦ
990 4017 1196 4089 Κυρίου
1225 4016 1558 4088 ⁴ἠκούσαμεν.
1603 4018 1771 4073 Τοῦτο
1797 4020 1849 4073 δὲ

1962 4015 2030 4070 de
2086 4015 2317 4070 Domino
2358 4015 2703 4081 audivimus;
2762 4017 2865 4073 hoc
2910 4027 3091 4075 autem
3135 4035 3232 4089 per
3273 4028 3545 4089 tempera-

266 4110 354 4178 διά
387 4110 489 4180 τῆς
523 4109 661 4180 πρὸς
688 4109 749 4162 τὸ
770 4109 996 4181 ἄπειρόν
1022 4128 1082 4164 τε
1117 4111 1211 4163 καὶ
1237 4110 1488 4182 ἀόριστον
1526 4110 1621 4164 τοῦ
1648 4111 1849 4179 ἀγαθοῦ

1963 4104 2170 4165 tionem
2206 4120 2332 4160 cum
2365 4104 2583 4160 infinito
2613 4116 2667 4161 et
2697 4108 3050 4162 interminato
3101 4123 3211 4162 non
3250 4109 3453 4163 mansit
3489 4110 3542 4162 in

266 4203 649 4275 ᾁνακράσεως,
699 4201 882 4255 οὐκέτι
928 4202 1140 4273 ἔμεινεν
1185 4204 1242 4256 ὲν
1291 4205 1402 4267 τοῖς
1440 4203 1589 4267 ίδίοις
1636 4204 1849 4275 μέτροις

1961 4196 2195 4264 propriis
2218 4197 2493 4252 mensuris
2518 4207 2571 4252 et
2600 4200 3056 4268 proprietatibus,
3094 4199 3191 4255 sed
3222 4199 3419 4253 dextra
3445 4200 3540 4255 Dei

267 4293 362 4349 καὶ
395 4292 684 4363 ίδιώμασιν
710 4311 723 4325 ο
769 4292 905 4347 ἀλλὰ
940 4297 1007 4366 τῇ
1050 4293 1200 4365 δεξιᾷ
1228 4294 1320 4347 τοῦ
1350 4295 1485 4349 Θεοῦ
1512 4296 1850 4368 συνεπήρθη,

1961 4287 2195 4342 sublime
2221 4289 2425 4343 elatum
2456 4296 2557 4351 est,
2592 4298 2757 4371 atque
2805 4290 2949 4345 servi
2989 4290 3111 4344 loco
3152 4289 3418 4347 Dominus
3463 4291 3542 4346 fa-

267 4386 361 4443 καὶ
390 4386 612 4456 ἐγένετο
653 4384 775 4439 ἀντὶ
811 4385 1123 4461 ὑποχειρίου
1164 4387 1399 4458 Χριστὸς
1427 4389 1698 4458 βασιλεὺς,
1732 4389 1850 4443 ἀντὶ

1961 4389 2083 4434 ctus
2113 4387 2217 4443 est,
2249 4388 2304 4434 et
2338 4395 2434 4449 pro
2463 4382 2682 4436 subdito
2708 4381 2962 4436 Christus
2995 4396 3089 4437 rex
3124 4400 3139 4437 :
3181 4397 3390 4453 proque
3436 4383 3537 4439 hu-

264 4477 526 4547 ταπεινοῦ
557 4478 799 4555 ὕψιστος,
832 4479 955 4532 ἀντὶ
998 4478 1286 4549 ἀνθρώπου
1319 4481 1470 4544 Θεός.
1507 4482 1641 4535 Τίνα
1671 4480 1847 4536 τοίνυν

1956 4471 2071 4524 mili
2106 4470 2434 4535 altissimus,
2480 4481 2535 4526 et
2584 4487 2684 4542 pro
2739 4472 2963 4527 homine
3014 4471 3181 4531 Deus.
3234 4473 3538 4545 Quamnam

262 4570 298 4630 ὁ,
335 4570 481 4642 ὑπὲρ
524 4570 634 4635 τῶν
691 4570 1005 4633 ἀποστόλων
1045 4569 1300 4643 πολεμεῖν
1350 4572 1481 4641 ἡμῖν
1522 4573 1845 4643 σχηματιζό-

1956 4577 2085 4634 ergo
2112 4562 2205 4634 qui
2238 4578 2338 4634 pro
2383 4565 2656 4634 apostolis
2681 4564 2884 4620 bellum
2918 4565 3079 4621 nobis
3119 4566 3325 4622 inferre
3367 4568 3539 4622 simn-

267 4678 453 4738 μενος,
491 4655 652 4733 εὗρεν
680 4662 745 4714 ἐκ
785 4660 890 4714 τῶν
924 4660 1328 4732 γεγραμμένων
1362 4663 1502 4715 κατὰ
1532 4664 1640 4716 τῶν
1683 4665 1850 4732 ἁγίων

1958 4656 2052 4720 lat,
2081 4671 2147 4711 ex
2187 4656 2409 4725 scriptis
2445 4666 2640 4711 contra
2668 4662 2893 4711 sanctos
2936 4670 3129 4712 ansam
3177 4665 3378 4715 nactus
3412 4662 3541 4716 est?

264 4754 472 4826 λαϐήνς
543 4753 706 4807 Ἀλλά
749 4753 1046 4823 σιωπάσθω
1108 4755 1204 4808 καὶ
1249 4753 1406 4807 τοῦτο
1454 4753 1516 4807 τὸ
1557 4753 1808 4825 ἔγκλημα
1836 4773 1847 4784 ·

1955 4745 2064 4805 Sed
2115 4746 2220 4801 hoc
2251 4746 2460 4802 crimen
2498 4748 2722 4802 silentio
2756 4747 3100 4803 involvatur:
3140 4751 3359 4819 angusti
3392 4754 3535 4807 enim

269 4845 466 4923 μικρὸν
508 4845 618 4916 γὰρ
655 4840 807 4915 οἶμαι
841 4843 936 4897 καὶ
968 4844 1193 4913 ἀγεννὲς
1222 4840 1379 4910 εἶναι,
1418 4845 1555 4919 πρὸς
1581 4846 1650 4905 τὰ
1674 4844 1845 4918 ψευδῆ

1954 4846 2008 4892 et
2038 4837 2328 4909 degeneris
2354 4838 2525 4892 animi
2553 4854 2679 4897 esse
2708 4853 2855 4904 reor,
2897 4850 3092 4899 contra
3124 4840 3261 4903 falsa
3305 4851 3359 4899 et
3389 4847 3537 4900 nulla

264 4953 329 4989 τε
359 4938 454 4989 καὶ
485 4937 848 4991 ἀναπόδεικτα
886 4935 996 4989 τῶν
1034 4936 1340 5007 λεγομένων
1389 4936 1659 5001 ἵστασθαι.
1707 4938 1843 4991 Ἀλλ’

1953 4928 2421 4991 demonstratione
2450 4928 2662 4995 firmata
2690 4931 2922 4986 crimina
2973 4939 3140 4991 stare.
3177 4932 3285 4990 Sed
3334 4937 3403 4991 ad
3441 4953 3536 4990 az:-

265 5024 360 5093 ξπὶ
381 5023 441 5076 τὸ
474 5024 826 5097 σφοδρότερον
854 5026 952 5095 τῆς
986 5024 1323 5097 κατηγορίας
1353 5025 1717 5097 μετέλθωμεν.

1952 5019 2257 5075 cusationis
2310 5020 2691 5078 vehementius
2736 5032 2793 5078 et
2841 5023 3078 5081 validius
3112 5025 3280 5082 telum
3341 5042 3535 5097 perga-

1946 5124 2094 5165 mus.
2956 5143 2961 5147 ·

330 5203 503 5282 Φησὶ,
538 5202 647 5256 τὸν
683 5201 996 5271 ἄνθρωπον
1029 5200 1401 5270 κεκενῶσθαι
1430 5202 1634 5272 λέγειν
1658 5204 1844 5273 ἡμᾶς,

2015 5202 2108 5258 Ait
2170 5216 2263 5257 nos
2347 5203 2424 5275 (a)
2468 5204 2731 5281 hominem
2783 5208 2839 5263 in
2893 5209 3159 5264 hominem
3204 5207 3531 5262 exinanitum

260 5293 359 5361 καί
380 5296 491 5348 τὸν
518 5293 589 5363 ἐξ
613 5293 888 5362 ὑπακοῆς
910 5292 1129 5348 ἑαυτὸν
1158 5290 1612 5355 ταπεινώσαντα
1633 5292 1709 5362 τῇ
1739 5293 1843 5348 τοῦ

1946 5310 2054 5348 esse
2098 5294 2396 5375 aﬂirmare,
2451 5304 2606 5367 atque
2640 5314 2760 5352 eum
2801 5300 2892 5370 qui
2935 5300 3268 5365 semetipsum
3298 5309 3364 5348 ea:
3415 5295 3529 5354 ote-

257 5384 483 5441 δούλου
515 5383 744 5456 μορφῇ,
770 5384 1126 5453 σύμμορφον
1157 5379 1310 5437 εἶναι
1336 5384 1461 5449 τοῖς
1493 5384 1840 5453 ἀνθρώποις,

1947 5384 2145 5440 dientia
2182 5371 2427 5444 submisit
2457 5391 2591 5445 servi
2617 5391 2794 5460 forma
2827 5401 3057 5458 sumpta,
3087 5387 3383 5443 hominibus
3403 5403 3530 5444 con-

258 5477 358 5534 καὶ
399 5478 547 5548 πρὶν
590 5477 817 5545 ταύτην
852 5477 1176 5532 ἀναλαϐεῖν
1218 5477 1333 5545 τὴν
1370 5477 1631 5547 μορφήν.
1676 5477 1839 5532 Οὐδὲν

1949 5480 2166 5547 formem
2192 5497 2326 5548 esse,
2356 5484 2518 5537 etiam
2559 5483 2864 5552 priusquam
2905 5482 3039 5535 hanc
3064 5479 3292 5549 formam
3326 5494 3529 5535 assumc

328 5681 403 5756 (a)
435 5680 497 5735 D.
538 5677 805 5735 Basiliam
837 5678 1107 5756 intelligit,
1134 5679 1225 5755 qui
1254 5678 1320 5736 dc
1350 5678 1539 5744 eodem
1573 5680 1799 5744 disserit
1823 5680 1918 5740 lib.
1948 5696 2007 5750 ιι,
2050 5690 2236 5741 contra
2266 5679 2607 5742 Eunomium.
