4034 6156
468 235 577 292 699

1721 226 1780 285 S.
1822 225 2150 282 οιιεοοιιιι
2185 223 2478 281 NYSSENI

3647 225 3677 279 7
3691 227 3750 283 3t)

473 357 684 421 psisset.
720 353 863 410 Nihil
885 352 951 407 de
968 351 1207 407 dictione
1229 351 1604 407 Iubmutatnm
1624 350 1748 415 fuit,
1765 351 1858 407 sed
1873 350 2065 406 eadem

2175 348 2492 420 ὑπημείφθη
2536 348 2635 419 τῆς
2667 347 2864 414 λέξεως
2893 365 2905 379 ’
2954 347 3070 402 ἁλλ’
3102 347 3238 402 αὖτά
3266 350 3335 402 τὰ
3369 350 3590 421 ῥήματα
3624 349 3758 422 παρ’

477 447 640 502 verba
669 463 697 499 a
723 446 883 500 nobis
916 445 1182 499 translata
1242 451 1372 498 sunt
1427 460 1494 499 ex
1523 444 1673 499 illius
1705 458 1957 498 sermone
2005 443 2060 497 in

481 548 769 594 nostrum:
797 537 841 592 si
880 537 1028 591 enim
1064 536 1199 607 quid
1235 537 1290 591 in
1329 537 1539 592 nostris
1566 536 1787 607 scriptis
1807 545 1891 590 est
1933 537 2061 603 tale,

475 635 690 696 (nostra
735 629 880 684 enim
915 628 1042 683 dico
1072 645 1194 699 quae
1239 638 1369 684 sunt
1399 629 1645 684 doctoris
1667 623 1906 694 ,)nul|us
1940 643 2067 681 ora-

475 724 580 776 tori
613 722 944 776 calumniam
980 722 1234 791 imputet,
1285 737 1502 776 onmem
1549 723 1784 793 imploro
1819 721 2065 776 veritatis

479 831 710 880 curam;
756 820 811 867 et
853 829 953 868 nos
1002 815 1348 868 testabimur.
1393 813 1550 879 Quod
1600 814 1646 868 si
1695 814 1892 870 horum
1929 812 2067 867 nihil

478 911 564 958 est
594 903 649 956 in
682 903 888 957 nostris
919 903 1164 972 scriptis,
1211 905 1390 959 oratio
1449 920 1558 959 non
1590 904 1785 960 exilem
1847 904 2064 974 culpam

482 997 712 1050 inducit.
745 994 851 1050 Sed
885 1003 1143 1066 tanquam
1173 997 1385 1068 liquido
1433 1005 1487 1053 et
1522 999 1682 1068 plane
1722 997 2068 1052 demonstra-

482 1088 552 1142 tis
591 1093 884 1141 succenset
934 1097 988 1141 et
1046 1087 1387 1160 indignatur,
1426 1089 1776 1160 prodigiosas
1824 1090 2068 1160 loquaci-

483 1190 623 1235 tates
655 1180 814 1249 nugis
839 1187 892 1232 et
926 1181 1340 1249 perturbatione
1369 1173 1581 1251 plenas,
1617 1191 1672 1235 et
1720 1181 1982 1244 salebras,
2015 1188 2070 1234 et

481 1268 612 1334 talia
642 1293 869 1332 vocans.
907 1276 1046 1341 Quid
1070 1275 1341 1344 agendum
1370 1277 1439 1330 sit
1465 1291 1576 1330 non
1599 1274 1776 1329 video.
1798 1271 2072 1339 Quemad-

489 1370 715 1426 modum
751 1369 818 1423 ad
851 1368 1180 1438 improvisas
1218 1369 1331 1422 iras
1356 1367 1666 1438 plnenitide
1703 1364 2070 1420 laborantium

487 1473 543 1518 et
583 1463 906 1525 furentium,
942 1461 1091 1514 anxii
1142 1468 1196 1516 et
1228 1461 1473 1531 perplexi
1528 1475 1636 1514 non
1682 1459 1885 1513 habent
1937 1454 2069 1526 quid

485 1556 700 1610 consilii
732 1560 987 1623 captent:
1023 1551 1104 1606 sic
1135 1569 1236 1624 ego
1268 1553 1386 1622 ipse
1413 1552 1679 1606 adversus
1708 1550 1850 1604 hanc
1873 1549 2072 1618 despe-

484 1649 755 1703 rationem
791 1645 930 1700 nihil
958 1646 1177 1700 consilii
1200 1653 1251 1700 et
1286 1643 1516 1699 remedii
1543 1643 1786 1697 invenio.
1823 1641 1915 1695 Ait
1954 1655 2074 1695 ma-

2174 443 2330 514 ἡμῶν
2376 441 2761 513 μετενήνεκται
2807 439 2916 493 ἀπὸ
2950 439 3043 492 τοῦ
3075 440 3282 492 ἐκείνου
3311 440 3472 508 λόγου
3505 443 3639 512 πρὸς
3667 443 3759 496 τὸν

2171 537 2458 607 ἡμέτερον.
2491 534 2556 587 Εἰ
2582 532 2680 603 μέν
2712 533 2826 602 ἐστί
2855 551 2906 586 τι
2935 531 3176 585 τοιοῦτον
3218 534 3275 585 ἐν
3304 535 3414 596 τοῖς
3446 535 3577 605 παρ’
3603 536 3761 606 ἡμῶν

2171 627 2578 700 γεγραμμένοις
2600 626 2868 698 (ἡμέτερα
2889 626 2997 698 γὰρ
3021 627 3089 680 τὰ
3107 627 3200 679 τοῦ
3225 626 3544 680 διδασκάλου
3570 631 3762 700 φημὶ),

2127 733 2130 736 ‘
2175 721 2362 792 μηδεὶς
2425 720 2724 790 ὲγκαλείτω
2767 719 3128 789 συκοφαντίαν
3181 718 3258 789 τῷ
3301 721 3527 792 ῥήτορι,
3581 724 3766 776 πᾶσαν

2173 813 2308 866 αίτῶ
2345 813 2602 884 φροντίδα
2630 813 2731 882 τῆς
2761 810 3017 882 ἀληθείας
3041 827 3054 840 ·
3099 812 3193 865 καὶ
3219 813 3381 881 ἡμεῖς
3419 814 3769 884 μαρτυρήσου

2176 922 2294 976 μεν.
2345 906 2408 958 Ei
2449 905 2505 958 δὲ
2550 903 2754 958 τούτων
2793 903 2891 974 μέν
2929 903 3075 956 ἐστιν
3116 904 3176 956 ὲν
3205 905 3316 966 τοῖς
3354 903 3769 973 γεγραμμένοις

2170 997 2343 1064 οὐδὲν,
2378 999 2406 1050 ὁ
2441 995 2598 1064 λόγος
2626 995 2684 1052 δὲ
2717 995 2817 1049 οὒκ
2848 994 3029 1049 αἰτίαν
3064 994 3260 1063 ἐπάγει
3287 994 3470 1066 ψιλήν.
3520 995 3662 1048 Ἀλλ’
3689 996 3769 1060 ὡς

2173 1090 2267 1142 ἐπὶ
2308 1089 2559 1162 φανερῶς
2601 1088 3076 1159 ἀποδεδειγμένοις
3118 1091 3418 1157 ἀγανακτεῖ
3465 1091 3561 1143 καὶ
3609 1089 3770 1160 ὀργί-

2174 1182 2348 1247 ζεται,
2401 1183 2707 1254 τερατείας,
2755 1182 2848 1235 καὶ
2881 1182 3070 1254 λήρου,
3100 1185 3196 1238 καὶ
3233 1183 3477 1253 ταραχῆς
3515 1182 3768 1254 πλήρεις,

2175 1275 2270 1327 καὶ
2292 1273 2626 1344 ἀνωμαλίας,
2662 1272 2755 1328 καὶ
2791 1275 2858 1328 τά
2894 1273 3121 1328 τοιαῦτα
3150 1273 3330 1328 καλῶν
3351 1289 3366 1308 ο
3392 1274 3444 1325 τί
3469 1275 3573 1346 χρὴ
3597 1277 3778 1346 πράτο

2172 1383 2284 1419 τειν
2333 1367 2393 1422 οὐ
2439 1365 2668 1437 συνορῶ.
2720 1365 2992 1436 Καθάπερ
3041 1367 3090 1419 οἱ
3126 1367 3264 1437 πρὸς
3305 1367 3404 1429 τὰς
3448 1368 3768 1440 ἀπροφασί-

2180 1474 2338 1520 στους
2389 1457 2559 1528 ὀργὰς
2606 1457 2717 1511 τῶν
2766 1458 3184 1529 φρενιτιζόντων
3222 1459 3631 1529 ἀμηχανοῦντες
3667 1460 3770 1512 οὐκ

2173 1547 2387 1618 ἔχουσιν
2410 1548 2438 1601 ὅ
2460 1566 2511 1600 τι
2537 1548 2936 1618 βουλεύσονται,
2954 1549 3128 1614 οὕτως
3148 1550 3265 1603 οὐδὲ
3284 1551 3443 1614 αὐτὸς
3468 1549 3776 1622 ἐξευρίσκω

2173 1641 2295 1694 τινὰ
2323 1639 2460 1711 πρὸς
2488 1640 2586 1711 τὴν
2619 1641 2932 1712 ἀμηχανίαν
2963 1641 3166 1713 ταύτην
3201 1641 3471 1697 ἐπίνοιαν.
3525 1644 3698 1714 Φησὶν
3737 1648 3772 1698 ὀ

483 1741 653 1810 gistcr
696 1740 912 1810 (rursus
946 1741 1090 1794 enim
1132 1737 1199 1792 ad
1235 1737 1457 1792 verbum
1489 1735 1610 1804 ejus
1641 1747 1950 1789 sermonem
1986 1748 2074 1788 re-

2177 1734 2496 1798 διδάσκαλος
2540 1735 2726 1803 (πάλιν
2758 1735 2865 1807 γὰρ
2910 1737 3002 1788 ἐπὶ
3047 1735 3244 1801 λέξεως
3276 1737 3439 1791 αὐτοῦ
3484 1739 3574 1792 τὸν
3606 1740 3778 1807 λόγον

483 1831 684 1904 petam)
707 1831 851 1902 quod
882 1849 986 1886 non
1018 1831 1290 1901 theologia:
1323 1827 1536 1881 modum
1567 1825 1718 1880 nobis
1759 1825 1945 1889 tradit,
1982 1823 2073 1878 sed

483 1923 893 1993 dispensationis
926 1926 1182 1978 rationes.
1213 1924 1316 1977 Iste
1349 1928 1532 1975 autem
1573 1925 1863 1973 accusator
1895 1933 1959 1973 ex
1989 1917 2077 1972 his

486 2015 756 2084 impulsus
780 2030 879 2069 nos
902 2023 1149 2070 astruere
1170 2013 1449 2068 hominem
1470 2011 1808 2067 exinanitum
1824 2011 1877 2064 in
1896 2010 2076 2064 horni-

486 2122 610 2160 nem
629 2106 931 2160 contendit.
957 2106 1088 2172 Quae
1117 2106 1310 2159 horum
1331 2113 1384 2157 et
1415 2105 1630 2157 illorum
1647 2104 1960 2157 communio
1980 2102 2076 2156 ?Si

486 2196 722 2251 dicimus
740 2197 1045 2266 apostolum
1064 2211 1174 2249 non
1195 2196 1353 2249 nobis
1367 2195 1587 2248 modum
1607 2193 1893 2264 theologia:
1910 2192 2080 2247 tradi-

487 2286 658 2347 disse,
699 2285 792 2340 sed
839 2299 941 2340 suo
971 2299 1224 2340 sermone
1258 2283 1727 2352 dispensationem
1774 2282 2076 2338 secundum

488 2377 800 2445 passionem
828 2375 1260 2436 subostendisse,
1287 2381 1507 2445 pmpter
1524 2373 1628 2427 hoc
1652 2372 1887 2428 hominis
1906 2372 1961 2430 in
1979 2371 2078 2426 ho-

489 2469 692 2523 minem
715 2469 1145 2523 exinanitionem
1165 2476 1218 2523 et
1235 2468 1377 2522 servi
1401 2467 1633 2522 formam
1655 2474 1780 2521 ante
1803 2467 1999 2521 saecula
2024 2472 2079 2521 et

490 2562 725 2616 adventu
755 2562 809 2616 in
828 2577 995 2618 carne
1017 2561 1379 2630 antiquiorem
1409 2575 1476 2614 ex
1501 2559 1667 2613 Maria
1689 2558 1963 2614 hominem
1997 2557 2080 2611 di-

491 2669 619 2708 cere
642 2653 992 2707 damnamur.
1018 2652 1122 2707 Sed
1141 2666 1608 2722 supervacaneum
1628 2667 1750 2706 esse
1765 2650 2005 2705 arbitror
2022 2650 2078 2704 in

491 2745 662 2798 eertis
685 2752 737 2798 et
769 2743 1043 2799 confessis
1070 2737 1390 2809 immorari;
1435 2742 1739 2812 praesertim
1795 2756 1922 2795 cum
1959 2741 2078 2811 ipsa

491 2838 700 2892 veritas
747 2852 848 2890 nos
901 2837 969 2891 ab
1000 2840 1148 2890 omni
1196 2837 1424 2890 crimine
1460 2837 1673 2892 liberet.
1729 2834 1883 2890 Tunc
1931 2838 2076 2891 enim

492 2928 886 2983 accusantibus
918 2927 1177 2982 resistere
1201 2928 1672 2997 Oportet,quando
1701 2929 1827 2998 quis
1849 2928 1903 2984 in
1923 2944 1982 2984 se
2003 2929 2080 3000 ip-

492 3036 612 3075 sum
638 3021 1020 3076 calmnniatori
1053 3035 1243 3074 ansam
1269 3021 1603 3089 praebuerit:
1640 3021 1694 3076 in
1727 3021 1930 3092 quibus
1977 3036 2078 3076 au-

491 3121 601 3168 tem
633 3114 846 3168 nullu-m
880 3121 964 3168 est
990 3113 1294 3182 periculum
1314 3112 1630 3183 suspicandi
1658 3112 1862 3182 aliquid
1882 3113 2080 3168 absur—

490 3204 568 3268 di,
595 3219 702 3260 non
735 3204 855 3258 l'alsi
881 3204 1128 3259 criminis
1149 3204 1267 3273 ejus
1292 3205 1384 3274 qui
1405 3205 1744 3261 calumniose
1761 3213 2076 3271 accusatur,

492 3294 588 3350 Sed
651 3295 974 3349 accusantis
1033 3294 1240 3349 furoris
1305 3301 1360 3347 et
1415 3293 1644 3348 insania:
1700 3295 2076 3364 reprehensio,

493 3387 781 3443 accusatio
815 3385 1195 3440 constituitur.
1223 3385 1329 3438 Sed
1367 3385 1829 3452 quemadmodum
1867 3387 1935 3440 ob
1953 3402 2081 3440 cru~

490 3493 609 3532 cem
642 3479 1011 3533 erubescendi
1061 3476 1294 3530 crimine
1345 3475 1486 3530 falso
1529 3478 1804 3542 ac'cnsati,
1854 3493 1952 3548 per
2015 3494 2079 3533 ea

491 3585 614 3638 quae
645 3578 772 3624 sunt
807 3569 1121 3622 examinata
1161 3567 1217 3620 in
1247 3568 1585 3623 contrarium
1624 3583 1952 3625 conversum
1989 3587 2078 3626 re-

491 3659 610 3730 geri
677 3659 992 3713 accusatori
1042 3657 1251 3712 crimen
1303 3657 1848 3719 demonstravimus:
1897 3662 1978 3716 sic
2025 3669 2080 3717 et

493 3751 636 3804 hanc
667 3750 884 3819 culpam
918 3749 974 3802 in
1005 3759 1360 3805 accusatores
1378 3749 1668 3805 transferri
1694 3753 2074 3819 ostendemus,

492 3841 641 3911 quod
681 3840 762 3894 illi
790 3855 901 3895 non
933 3855 1036 3895 nos
1058 3856 1123 3896 ex
1153 3840 1320 3895 simili
1352 3841 1420 3896 ad
1451 3841 1634 3897 simile
1659 3840 1783 3898 Filii
1814 3839 2078 3898 mutatio-

494 3948 619 3987 nem
654 3931 711 3985 in
752 3932 1062 3988 (nconomia
1095 3929 1185 3999 (id
1217 3937 1302 3986 est
1331 3931 1778 4007 dispensatione)
1803 3934 2078 4004 passionis

492 4025 812 4090 doceamus.
863 4022 1318 4076 Examinabimus
1359 4023 1507 4077 enim
1549 4039 1673 4094 quae
1716 4025 1785 4078 ab
1824 4025 2076 4096 utrisque

491 4119 753 4182 dicuntur
781 4119 926 4172 inter
961 4131 1022 4172 se
1067 4121 1389 4187 comparata
1429 4125 1484 4170 et
1521 4117 1834 4170 summatim
1874 4119 2074 4187 posita.

491 4208 604 4276 Nos
655 4208 890 4263 dicimus
936 4207 1277 4277 unigenitum
1328 4205 1498 4261 Deum
1549 4207 1641 4276 qui
1691 4223 1788 4278 per
1833 4209 2076 4279 seipsum

494 4301 958 4382 produxitomnia
987 4317 1001 4354 :
1033 4315 1202 4354 unum
1240 4306 1424 4354 autem
1459 4314 1649 4354 eorum
1683 4315 1806 4371 quae
1838 4301 1908 4356 ab
1956 4301 2078 4372 ipso

2178 1825 2642 1898 ἐπαναλήψομαι),
2692 1830 2772 1882 ὅτι
2809 1829 2946 1897 οὺχί
2975 1831 3283 1899 θεολογίας
3320 1829 3466 1900 ἡμῖν
3511 1830 3775 1899 παραδί-

2177 1919 2324 1973 δωσι
2363 1921 2605 1986 τρόπον,
2649 1918 2811 1973 ἀλλὰ
2844 1919 2990 1986 τοὺς
3019 1920 3130 1988 τῆς
3159 1923 3498 1992 οἰκονομίας
3519 1924 3776 1992 λόγους.

2191 2009 2248 2063 '0
2273 2009 2330 2062 δὲ
2357 2010 2660 2080 κατήγορος
2691 2012 2755 2062 ὲκ
2783 2009 2988 2064 τούτων
3016 2011 3304 2083 ὁρμηθεὶς,
3349 2014 3636 2084 ἄνθρωπον
3685 2016 3778 2079 εἰς

2178 2099 2467 2171 ἄνθρωπον
2516 2101 2855 2155 κεκενῶσθαι
2908 2102 3057 2171 λέγει
3098 2105 3534 2170 κατασκευάζειν
3591 2108 3775 2176 ἡμᾶς.

2179 2192 2275 2254 Τίς
2293 2192 2544 2246 κοινωνία
2563 2191 2766 2248 τούτων
2786 2193 3085 2259 κάκείνων;
3115 2196 3178 2248 Εἰ
3200 2214 3274 2265 φα
3281 2196 3379 2267 μὲν
3404 2196 3494 2249 τὸν
3543 2196 3789 2250 ἀπόστο-

2178 2285 2268 2336 λον
2309 2285 2384 2356 μὴ
2415 2283 2694 2356 θεολογίας
2736 2287 2866 2356 ἡμῖν
2897 2285 3339 2358 παραδεδωκέναι
3386 2287 3604 2360 τρόπον,
3631 2286 3782 2340 ἀλλὰ

2179 2377 2277 2448 τήν
2303 2377 2445 2430 κατά
2462 2378 2523 2430 τὸ
2545 2377 2718 2441 πάθος
2743 2380 3056 2451 οἰκονομίαν
3084 2379 3356 2444 ὑποδεῖξαι
3383 2379 3462 2451 τῷ
3493 2381 3658 2450 λόγῳ,
3681 2381 3778 2433 διὰ

2179 2467 2338 2521 τοῦτο
2387 2468 2676 2540 ἀνθρώπου
2730 2472 2811 2534 εἰς
2844 2471 3132 2541 ἄνθρωπον
3175 2471 3424 2537 κένωσιν,
3455 2473 3549 2526 καὶ
3579 2470 3784 2525 δούλου

2183 2560 2398 2632 μορφὴν
2452 2560 2798 2633 προαιὼνιον,
2855 2563 2950 2617 καὶ
3001 2565 3102 2634 τῆς
3149 2565 3206 2617 ἐν
3251 2565 3416 2636 σαρκὶ
3464 2565 3788 2634 παρουσίας

2180 2651 2553 2723 πρεσϐύτερον
2585 2653 2674 2706 τὸν
2704 2655 2767 2706 ἐκ
2795 2655 3012 2725 Μαρίας
3036 2655 3318 2728 ἄνθρωπον
3347 2656 3525 2724 λέγειν
3553 2655 3786 2709 διαϐαλ-

2179 2742 2404 2813 λόμεθα.
2467 2744 2631 2798 Ἀλλά
2663 2745 2918 2816 περιττὸν
2953 2741 3107 2815 οἶμαι
3151 2749 3262 2811 τοῖς
3313 2745 3786 2818 ὁμολογουμένοις

2148 2830 2150 2832 ⁷
2181 2834 2558 2907 ἐνδιατρίϐειν,
2591 2837 2761 2904 αὐτῆς
2799 2837 2898 2908 τῆς
2933 2837 3194 2908 ἀληθείας
3219 2838 3473 2909 ἀφιείσης
3497 2840 3647 2909 ἡμᾶς
3675 2839 3782 2894 τοῦ

2180 2926 2545 2998 ἐγκλήματος.
2599 2929 2733 2982 Τότε
2764 2929 2872 3000 γάρ
2906 2929 3012 3000 χρὴ
3044 2933 3158 2993 τοῖς
3189 2931 3590 3002 κατηγοροῦσιν
3623 2933 3784 2984 ἀντιο

2181 3018 2575 3084 καθίστασθαι,
2639 3020 2766 3074 ὅταν
2818 3037 2904 3082 τις
2965 3021 3223 3093 παράσχῃ
3272 3021 3392 3074 καθ’
3441 3020 3640 3074 ἑαυτοῦ
3693 3022 3783 3093 τῷ

2186 3110 2494 3182 συκοφάντῃ
2545 3109 2717 3180 λαϐήν
2742 3127 2756 3141 ·
2807 3109 2896 3180 ἐφ’
2931 3103 3107 3179 ὧνιδὲ
3145 3111 3387 3176 κίνδυνός
3419 3115 3568 3166 ἐστιν
3595 3114 3784 3178 οὐδεὶς

2183 3202 2548 3272 ὑπονοηθῆναί
2571 3221 2623 3256 τι
2652 3203 2762 3255 τῶν
2787 3203 3023 3270 ἀτϐπων,
3058 3205 3117 3257 οὐ
3151 3206 3249 3275 τῆς
3276 3204 3370 3259 τοῦ
3406 3223 3785 3275 συκοφαντου-

2186 3293 2352 3362 μένου
2383 3294 2657 3364 διαϐολῆς,
2694 3295 2828 3348 ἀλλά
2855 3297 2955 3367 τῆς
2981 3296 3076 3349 τοῦ
3104 3297 3539 3368 κατηγοροῦντος
3573 3299 3785 3369 μανίας

2181 3384 2401 3455 ἐλεγχος
2447 3387 2480 3456 ή
2524 3387 2826 3458 κατηγορία
2851 3387 3226 3445 ··καθίσταται.
3267 3390 3406 3442 ’Δλλ’
3431 3391 3624 3461 ὥσπερ
3669 3393 3782 3444 ἐπα

2181 3477 2532 3549 αισχύνεσθαι
2561 3477 2640 3548 τῷ
2677 3478 2894 3550 σταυρῷ
2912 3479 3011 3550 τὴν
3029 3480 3207 3535 αἰτίαν
3238 3481 3452 3551 ἔχοντες
3488 3482 3783 3553 ἐδείξαμεν

2180 3569 2268 3622 διὰ
2295 3570 2404 3625 τῶν
2429 3571 2815 3641 ὲξητασμένων
2865 3575 2946 3635 είς
2967 3573 3276 3630 τούναντίον
3303 3576 3780 3649 περιτρεπόμενον

2179 3660 2257 3732 τῷ
2280 3663 2572 3735 κατηγόρῳ
2593 3664 2654 3717 τὸ
2670 3664 2836 3736 ἕγκλη
2847 3683 2943 3736 μα’
2968 3665 3110 3719 οὕτω
3127 3667 3218 3719 καὶ
3239 3665 3336 3739 τὴν
3364 3669 3544 3723 αἰτίαν
3564 3667 3778 3740 ταύτην

2182 3758 2262 3818 εἰς
2290 3755 2416 3820 τοὺς
2438 3757 2775 3826 κατηγόρους
2803 3759 3320 3829 ἐπαναστρέφουσαν
3361 3760 3613 3831 δείξομεν
3631 3780 3644 3790 ·
3694 3763 3776 3823 ὡς

2181 3849 2401 3902 ἐκείνων
2435 3850 2533 3920 οὐχ
2566 3851 2721 3922 ήμῶν
2753 3852 2853 3922 τὴν
2876 3851 2935 3917 ἐξ
2957 3854 3144 3923 ὁμοίου
3189 3854 3325 3925 πρὸς
3358 3855 3419 3909 τὸ
3454 3857 3645 3925 ὅμοιον
3670 3857 3770 3910 τοῦ

2180 3940 2311 3995 Υἱοῦ
2334 3944 2666 4014 μετάστασιν
2685 3947 2741 3998 ὲν
2761 3948 2828 4017 τῇ
2848 3946 2991 4000 κατὰ
3008 3947 3069 3999 τὸ
3087 3946 3258 4011 πάθος
3275 3947 3557 4020 οἰκονομίᾳ
3571 3949 3774 4019 δογμα-

2179 4035 2460 4099 τιζόντων.
2496 4036 2852 4109 Ἐξετάσομεν
2869 4037 2975 4110 γὰρ
3005 4039 3325 4110 παράλληλα
3354 4040 3536 4104 θέντες
3552 4043 3646 4095 ἐπὶ
3676 4059 3771 4095 κε-

2180 4125 2411 4194 φαλαίου
2441 4125 2511 4179 τὰ
2548 4131 2679 4198 παρ’
2710 4129 2989 4200 ἑκατέρων
3030 4131 3320 4202 λεγόμενα.
3362 4133 3557 4203 Ἡμεῖς
3587 4152 3769 4205 φαμεν

2177 4217 2271 4270 τὸν
2309 4218 2575 4288 μονογενῆ
2594 4219 2726 4272 Θεὸν
2748 4220 2814 4272 δι’
2837 4221 3032 4295 ἑαυτοῦ
3059 4224 3448 4295 παραγαγόντα
3470 4225 3539 4277 τὰ
3567 4226 3767 4288 πάντα,

2179 4309 2236 4362 ἓν
2256 4309 2312 4362 δὲ
2331 4309 2439 4363 τῶν
2465 4312 2591 4382 παρ’
2623 4311 2786 4364 αὑτοῦ
2815 4313 3134 4382 γεγονότων,
3167 4316 3260 4368 καὶ
3285 4316 3385 4385 τὴν
3415 4315 3766 4387 ἀνθρωπίνην

495 4395 637 4448 facta
673 4402 825 4456 sunt,
868 4401 922 4448 et
955 4393 1248 4447 humanam
1285 4400 1539 4448 naturam
1574 4408 1717 4459 esse,
1774 4410 1896 4464 quae
1941 4409 2068 4448 cum

2184 4401 2364 4471 φύσιν,
2415 4399 2484 4476 ἧς
2523 4403 2658 4474 πρὸς
2689 4404 2884 4457 κακίαν
2918 4405 3307 4478 ὰπορρυείσης,
3363 4408 3457 4461 καὶ
3494 4409 3584 4462 διά
3610 4409 3766 4462 τοῦτο

493 4487 549 4551 in
587 4495 873 4556 peccatum
907 4486 1056 4556 lapsa
1083 4485 1298 4550 fuisset,
1335 4494 1388 4541 et
1410 4487 1534 4542 ideo
1576 4488 1630 4540 in
1658 4488 1856 4542 mortis
1893 4501 2079 4542 corru-

494 4579 734 4648 ptionem
755 4578 1063 4641 incidisset,
1083 4592 1277 4632 rursus
1300 4577 1474 4646 ipsam
1503 4592 1598 4652 per
1625 4579 1984 4652 semetipsum
2009 4578 2078 4633 ad

496 4671 867 4726 immortalem
900 4669 1067 4723 vitam
1112 4671 1350 4723 traxisse
1377 4684 1474 4739 per
1515 4669 1816 4734 hominem,
1862 4671 1917 4724 in
1965 4687 2076 4740 quo

496 4767 758 4827 tanquam
808 4759 1160 4814 tabernaculo
1210 4759 1434 4824 mansit,
1465 4766 1580 4814 tota
1634 4760 1971 4814 humanitate
2020 4761 2075 4815 in

496 4848 681 4916 scipso
710 4857 1015 4918 assumpta,
1075 4856 1240 4918 atque
1292 4863 1448 4902 suam
1494 4849 1764 4905 vivificam
1817 4851 2075 4907 virtutem

494 4940 709 5009 mortali
753 4947 807 4995 et
856 4940 1202 5010 corruptibili
1254 4948 1463 4997 natura:
1513 4943 1913 5011 admiscuisse;
1976 4960 2076 4999 no-

493 5040 776 5100 stramque
820 5032 1294 5093 mortiﬁcationem
1326 5049 1423 5103 per
1453 5037 1962 5106 attemperationcm
2005 5037 2074 5092 ad

492 5140 551 5178 se
586 5124 639 5178 in
665 5123 888 5177 vitalem
919 5123 1152 5193 gratiam
1181 5135 1235 5180 et
1261 5127 1515 5182 virtutem
1541 5134 1970 5184 transmutasse.
2005 5129 2073 5186 Et

494 5218 596 5276 hoc
629 5215 932 5272 asserimus
967 5232 1092 5271 esse
1135 5219 1438 5273 secundum
1479 5235 1700 5276 carnem
1738 5220 2075 5294 Dominimy-

487 5309 756 5365 sterinm:
794 5309 925 5379 quia
963 5309 1054 5380 qui
1092 5319 1174 5366 est
1199 5310 1670 5369 incommutabilis
1725 5315 1778 5367 in
1824 5315 2073 5370 mutabili

492 5403 758 5480 gignitur,
816 5411 877 5454 ut
926 5402 995 5458 ab
1043 5418 1109 5458 eo
1158 5403 1304 5474 quod
1349 5403 1589 5460 deterius
1641 5413 1724 5461 est
1775 5407 1830 5461 in
1876 5408 2072 5464 melius

491 5491 834 5555 transferens
892 5501 948 5548 et
1003 5494 1303 5549 immutans
1363 5496 1656 5552 admistam
1724 5498 2070 5570 dispositioni

491 5582 734 5641 mutabili
755 5583 1132 5653 vitiositatem,
1167 5588 1412 5643 aboleret
1438 5604 1466 5643 a
1504 5597 1701 5645 natura
1723 5591 2070 5662 absumptum

491 5667 544 5763 in
571 5669 752 5749 seipso
787 5685 1094 5753 peccatum.
1141 5679 1274 5735 Nam
1317 5680 1460 5739 Deus
1492 5693 1683 5741 noster
1745 5685 1886 5756 ignis
1936 5700 2067 5742 con~

2177 4494 2476 4565 γενομένης
2503 4497 2561 4549 ὲν
2589 4499 2656 4568 τῇ
2686 4495 2780 4549 τοῦ
2805 4497 3034 4552 θανάτου
3065 4498 3260 4571 φθορᾷ,
3298 4500 3457 4556 πάλιν
3488 4501 3662 4573 αὐτὴν
3696 4504 3763 4556 δι’

2177 4585 2372 4640 ἑαυτοῦ
2399 4586 2536 4658 πρὸς
2584 4587 2682 4658 τὴν
2730 4589 2999 4643 ἀθάνατον
3052 4590 3195 4660 ζωὴν
3238 4592 3645 4660 ὲερελκύσασθαι
3676 4593 3762 4647 διὰ

2175 4678 2268 4732 τοῦ
2315 4679 2626 4750 ἀνθρώπου,
2671 4673 2716 4748 ᾧ
2767 4683 3206 4753 κατεσκήνωσεν,
3249 4685 3369 4738 ὅλον
3421 4688 3760 4741 ἀναλαϐόντα

2177 4769 2314 4841 πρὸς
2346 4769 2536 4823 ἑαυτὸν
2564 4769 2624 4822 τὸ
2649 4769 3007 4840 ἀνθρώπινον,
3045 4774 3140 4826 καὶ
3175 4773 3271 4844 τήν
3301 4774 3565 4838 ζωοποιὸν
3593 4779 3756 4831 αὑτοῦ

2172 4861 2404 4932 δύναμιν
2428 4864 2493 4933 τῇ
2529 4862 2693 4934 θνητῇ
2723 4864 2815 4916 καὶ
2844 4865 3096 4938 ὲπικήρῳ
3118 4868 3413 4938 καταμίξαι
3436 4869 3600 4938 φύσει
3624 4889 3638 4902 ⁸
3668 4872 3760 4926 καὶ

2172 4955 2272 5025 τὴν
2293 4955 2568 5025 ἡμετέραν
2591 4955 2858 5027 νέκρωσιν
2883 4955 2970 5010 διὰ
2997 4961 3100 5029 τῆς
3130 4959 3263 5030 πρὸς
3291 4961 3484 5015 ἑαυτὸν
3516 4964 3757 5037 ἀνακρά-

2176 5063 2315 5107 σεως
2349 5047 2428 5110 εἰς
2473 5045 2710 5118 ζωτικὴν
2760 5049 3128 5119 μεταποιῆσαι
3175 5053 3335 5124 χάριν
3369 5055 3462 5107 καὶ
3506 5056 3751 5128 δύναμιν.

2174 5137 2286 5192 Καὶ
2313 5135 2470 5190 τοῦτό
2505 5133 2853 5207 φαμεν-εἷναι
2885 5140 2946 5193 τὸ
2977 5142 3120 5196 κατὰ
3171 5144 3267 5215 τὴν
3311 5146 3492 5218 σάρκα
3520 5149 3615 5202 τοῦ
3646 5152 3752 5202 Κυ-

2177 5228 2293 5301 ρίου
2328 5231 2628 5301 μυστήριον
2652 5248 2665 5262 ·
2721 5232 2802 5284 ὅτι
2836 5233 2864 5284 ὁ
2904 5233 3174 5305 ἄτρεπτος
3213 5237 3271 5288 ἐν
3320 5237 3398 5308 τῷ
3426 5241 3647 5313 τρεπτῷ
3675 5241 3754 5310 γί-

2173 5337 2342 5386 νεται,
2389 5322 2474 5376 ἵνα
2529 5322 2665 5394 πρὸς
2706 5323 2766 5376 τὸ
2811 5328 3058 5396 κρεῖττον
3091 5328 3422 5396 ἀλλοιώσας,
3473 5333 3569 5387 καὶ
3604 5352 3754 5406 μετα·

2173 5411 2351 5466 ϐαλὼν
2398 5415 2463 5466 ὲκ
2507 5413 2602 5467 τοῦ
2648 5416 2890 5486 χείρονος
2917 5419 3016 5489 τήν
3044 5421 3408 5491 ὲμμιχθεῖσαν
3437 5428 3503 5496 τῇ
3548 5428 3752 5497 τρεπτῇ

2171 5501 2407 5554 διαθέσει
2433 5503 2654 5573 κακίαν,
2689 5505 2994 5580 ἐξαφανίσῃ
3035 5511 3143 5564 ἀπὸ
3168 5515 3264 5583 τῆς
3291 5513 3508 5582 φύσεως
3536 5517 3595 5568 ἐν
3631 5516 3755 5568 ἑαυ-

2170 5591 2250 5662 τῷ
2284 5592 2344 5645 τὸ
2369 5593 2538 5649 κακὸν
2563 5595 2902 5669 δαπανήσας.
2935 5599 2992 5654 '0
3017 5601 3124 5674 γάρ
3150 5603 3278 5667 Θεὸς
3305 5605 3461 5676 ἡμῶν
3492 5604 3602 5677 πῦρ
3628 5623 3754 5659 κατ-

2172 5684 2460 5742 αναλίσκον
2507 5688 2674 5758 ἐστὶν,
2710 5683 2754 5758 ᾧ
2789 5693 3158 5762 ὲναφανίζεται
3202 5696 3343 5750 πᾶσα
3392 5697 3593 5763 κακίας
3630 5695 3747 5766 ὕλη·
