4010 6156
333 215 432 274 701
473 223 478 226 ’

1473 211 1756 270 CONTRA
1789 210 2184 280 EUNOMIUM,
2216 211 2346 268 LIB.
2379 211 2437 267 V.

3506 210 3612 267 703

345 334 406 387 Ὀ
437 329 706 401 ἡμέτερος
751 325 930 393 λόγος’
971 325 1029 378 Ὁ
1066 324 1122 377 δὲ
1155 323 1460 395 κατήγορος
1503 324 1556 378 τί
1597 344 1805 397 φησιν;
1843 327 1926 380 Οὐ

2051 338 2254 380 tumens
2283 333 2370 380 est
2400 325 2445 356 ¹⁶
2473 364 2488 390 ,
2537 339 2648 394 quo
2687 323 2896 395 peccati
2949 321 3179 378 materia
3231 325 3413 379 omnis
3477 339 3610 379 eon-

334 421 445 478 τύν
472 417 766 486 ἄτρεπτον
792 432 857 469 τε
880 414 978 468 καί
1007 413 1293 467 ἅκτιστον
1321 413 1400 479 τῷ
1427 413 1524 467 διὰ
1553 416 1806 480 κτίσεως
1833 432 1926 484 ’γε-ρ

335 514 559 583 γονότι,
603 508 701 562 καὶ
743 507 840 561 διὰ
877 506 1052 560 τοῦτο
1087 505 1236 573 πρὸς
1273 507 1490 558 κακίαν
1517 503 1922 572 ἀλλοιωθέντι,

335 601 769 672 καταμιχθῆ-ναι
784 617 797 629 ·
827 598 990 653 ἀλλὰ
1011 597 1109 650 καὶ
1133 597 1320 652 αὑτὸν
1344 595 1590 650 κτιστόν
1612 597 1755 649 ὄντα
1778 596 1928 664 πρὸς

334 694 403 748 τὸ
433 690 730 762 συγγενὲς
755 688 957 743 ἐλθεῖν
989 686 1179 752 ἑαυτῷ
1215 687 1312 740 καὶ
1342 688 1674 756 ὁμόφυλον,
1717 687 1828 739 οὐκ
1857 685 1928 749 ἐξ

337 785 754 854 ὑπερεχούσης
786 783 1030 850 φύσεως
1058 779 1154 833 διὰ
1192 778 1643 848 φιλανθρωπίαν
1672 776 1790 847 τὴν
1822 794 1926 830 τα-

339 877 690 944 πεινοτέραν
714 874 1027 929 ὑποδύντα
1052 872 1261 941 φύσιν,
1284 870 1423 926 ἀλλ’
1447 869 1594 939 ὅπερ
1624 869 1726 938 ἦν,
1750 870 1929 924 τοῦτο

338 970 683 1040 γενόμενον.
740 964 832 1036 Τῷ
882 963 989 1034 γὰρ
1039 962 1240 1032 γενικῷ
1284 963 1384 1030 τῆς
1423 961 1828 1032 προσηγορίας,
1871 959 1929 1014 ἓν

340 1061 480 1115 κατὰ
509 1061 730 1114 πάντων
761 1055 877 1109 ἐστὶ
908 1054 1016 1107 τῶν
1050 1055 1114 1106 ὲκ
1139 1053 1235 1106 τοῦ
1272 1052 1346 1124 μὴ
1375 1052 1526 1115 δντος
1556 1051 1925 1117 ὑποστάντων,

337 1155 398 1207 τὺ
427 1153 524 1222 τῆς
552 1151 782 1212 κτίσεως
807 1149 978 1218 ὄνομα
995 1163 1009 1176 ·
1043 1147 1100 1198 αί
1131 1145 1187 1198 δὲ
1218 1145 1440 1216 μερικιπ.)⁵
1461 1144 1568 1197 τῶν
1590 1146 1645 1196 ὲν
1665 1145 1731 1214 τῇ
1754 1143 1930 1196 κτίσει

342 1242 733 1313 θεωρουμένων
776 1237 1054 1309 διαφοραὶ,
1083 1238 1204 1299 ταῖς
1228 1235 1338 1288 τῶν
1372 1236 1680 1305 ἰδιωμάτων
1717 1232 1929 1304 παραλ-

342 1335 572 1402 λαγαῖς,
620 1330 780 1400 έτέρα
833 1329 935 1398 τῆς
984 1327 1180 1398 ἐτέρας
1222 1325 1613 1396 διενηνόχασιν.
1668 1325 1830 1376 Ὥστε
1882 1325 1931 1378 εί

347 1423 566 1486 κτιστὺς
601 1423 697 1492 μὲν
731 1422 956 1482 ἐκεῖνος,
989 1417 1206 1480 κτιστὸς
1235 1417 1292 1469 δὲ
1321 1417 1627 1486 ἄνθρωπος,
1661 1415 1824 1478 αὐτὸς
1852 1417 1932 1478 είς

349 1516 541 1570 ἑαυτὸν
570 1499 806 1585 ἐκενώθη
837 1511 978 1566 κατὰ
1023 1510 1121 1583 τὴν
1159 1509 1426 1580 Εὐνομίου
1459 1509 1644 1580 φωνήν
1671 1524 1684 1540 ·
1733 1507 1826 1562 καὶ
1869 1507 1930 1560 οὐ

349 1608 485 1679 πρὸς
526 1606 585 1660 τὸ
629 1605 884 1658 ταπεινὸν
932 1606 997 1658 ὲκ
1040 1603 1136 1657 τοῦ
1171 1602 1552 1676 ὑπερέχοντος,
1594 1601 1710 1656 ἀλλ’
1747 1602 1811 1655 ὲκ
1837 1600 1930 1653 τοῦ

2028 426 2244 485 sumpta
2277 423 2578 470 evanescrt.
2616 413 2715 469 Hic
2744 423 2933 469 noster
2966 421 3051 468 est
3109 429 3308 469 sermo.
3365 415 3609 470 Accusa-

2029 515 2116 561 tor
2145 516 2325 562 autem
2351 506 2484 578 quid
2516 507 2632 561 ait?
2681 505 2806 561 Non
2866 507 3256 560 immutabilem
3313 516 3364 561 et
3405 508 3612 562 increao

2029 604 2142 652 tum
2194 585 2248 649 ei
2276 597 2367 666 qui
2392 611 2484 664 per
2512 597 2831 649 creationem
2866 596 3040 664 factus
3095 604 3193 661 est,
3244 605 3292 649 et
3355 594 3417 650 ob
3458 597 3511 649 id
3558 598 3612 656 in

2028 689 2218 742 vitium
2256 696 2486 750 mutato,
2532 687 2825 741 admistum
2852 687 3122 742 esse:sed
3147 696 3197 741 et
3247 689 3417 756 ipsum
3465 705 3612 742 crea—

2032 793 2140 837 tum
2153 784 2490 838 exsistentent
2509 782 2577 835 ad
2590 781 2691 835 sibi
2715 789 2994 850 cognatum
3017 791 3065 835 et
3088 782 3378 836 contribule
3394 784 3611 846 venisse,

2031 892 2137 929 non
2167 890 2232 928 ea:
2263 874 2673 942 supereminenti
2706 882 2903 925 natura
2941 882 3156 942 propter
3205 873 3613 927 benevolentiam

2032 969 2084 1022 in
2117 984 2276 1038 genus
2306 967 2596 1019 humanum
2633 965 2995 1032 humiliorem,
3020 964 3218 1037 inquit,
3245 965 3470 1019 subiisse
3514 983 3616 1018 na-

2003 1067 2232 1122 .turam,
2267 1057 2356 1112 sed
2384 1056 2523 1128 quod
2548 1067 2686 1121 erat,
2742 1060 2838 1110 hoc
2900 1055 3126 1125 factum.
3183 1055 3316 1108 Nam
3377 1057 3615 1126 generali

2034 1153 2420 1223 appellatione,
2455 1167 2624 1205 unum
2670 1150 2738 1205 de
2764 1150 3022 1204 omnibus
3057 1156 3141 1204 est
3174 1165 3362 1204 eorum
3395 1166 3522 1220 qum
3551 1167 3616 1205 ex

2033 1245 2209 1300 nihilo
2255 1245 2644 1306 substiterunt,
2686 1250 2956 1296 creaturae
2986 1256 3209 1304 nomen,
3255 1241 3348 1296 sed
3378 1241 3619 1311 particu-

2033 1335 2177 1389 lares
2200 1349 2387 1388 eorum
2409 1349 2529 1402 qua:
2556 1333 2611 1386 in
2641 1339 2896 1386 creatura
2911 1331 3336 1386 considerantur
3359 1331 3620 1386 dilieren-

2033 1426 2143 1489 tiae,
2191 1425 2586 1496 proprietatum
2621 1423 3039 1479 discriminibus
3075 1423 3196 1477 alia;
3232 1423 3300 1476 ab
3332 1422 3461 1477 aliis
3502 1423 3620 1477 dis-

2034 1523 2285 1586 crepant,
2315 1516 2496 1581 Quare
2525 1515 2571 1570 si
2603 1524 2821 1569 creatus
2851 1515 3068 1584 quidem
3102 1514 3212 1579 ille,
3239 1524 3457 1568 creatus
3489 1528 3621 1567 vero

2033 1609 2214 1672 homo,
2267 1610 2385 1678 ipse
2434 1608 2489 1662 in
2522 1608 2766 1678 seipsum
2826 1619 3129 1661 evacuatus
3185 1611 3272 1660 est
3316 1604 3621 1660 secundum

344 1669 530 1767 ὁμοίου
559 1698 695 1768 πρὸς
721 1697 785 1750 τὸ
805 1695 1064 1767 ὁμότιμον
1093 1669 1461 1766 μετεχώρησε,
1490 1693 1626 1764 πλὴν
1656 1694 1758 1764 τῆς
1788 1691 1932 1746 κατὰ

2051 1703 2293 1758 Eunomii
2320 1717 2508 1757 vocem
2533 1719 2548 1768 ;
2578 1716 2679 1755 nec
2703 1698 2769 1754 ad
2791 1699 2997 1754 humile
3019 1715 3087 1754 ex
3129 1700 3622 1768 superexeellente,

342 1791 406 1845 τὸ
434 1789 590 1860 σῶμα
611 1790 706 1842 καὶ
733 1789 793 1842 τὸ
817 1787 1106 1857 ἀσώματον
1130 1787 1410 1854 ἰδιότητος.
1443 1787 1588 1856 Πρὸς
1611 1785 1732 1838 τίνα
1750 1785 1929 1838 τοίνυν

343 1885 376 1950 ή
403 1881 585 1934 δικαία
618 1879 726 1933 τῶν
753 1879 1083 1942 δικαζόντων
1113 1876 1463 1948 ὲνεχϐήσεται
1511 1875 1725 1946 ψῆφος
1770 1876 1803 1947 ἢ
1847 1876 1930 1940 τίς

343 1974 457 2038 τοῖς
484 1971 826 2041 ἐγκλήμασιν
873 1970 1098 2033 ἐκείνοις
1138 1968 1437 2032 ὑπεύθυνος
1479 1968 1928 2038 ἀναφανήσεταις

359 2067 416 2119 ’0
446 2066 597 2135 παρὰ
633 2063 731 2118 τοῦ
762 2063 899 2117 Θεοῦ
934 2062 1029 2116 τοῦ
1073 2063 1329 2116 ἀκτίστου
1376 2062 1467 2116 τὸν
1498 2061 1712 2115 κτιστὸν
1761 2062 1932 2114 σεσῶ-

349 2160 473 2212 σθαι
518 2158 717 2224 λέγων,
773 2157 806 2229 ἢ
855 2157 884 2208 ὁ
913 2155 992 2226 τῷ
1020 2156 1279 2227 κτίσματι
1310 2155 1412 2226 τῆς
1458 2154 1731 2226 σωτηρίας
1774 2155 1932 2226 ἡμῶν

347 2251 624 2319 ἀνατιθεὶς
651 2250 750 2322 τὴν
776 2249 956 2302 αἰτίαν
978 2266 993 2316 ;

432 2431 571 2486 Ἀλλ’
612 2432 712 2484 οὐκ
743 2428 938 2496 ἄδηλος
985 2426 1092 2491 τῶν
1137 2426 1506 2492 εὐσεϐούντων
1545 2429 1578 2497 ὴ
1623 2427 1821 2499 κρίσις.
1877 2427 1937 2480 'U

351 2525 460 2594 γὰρ
491 2521 739 2592 ἀκριϐῶς
775 2517 1137 2589 ἐπιστάμενος
1169 2519 1266 2589 τήν
1299 2519 1559 2590 διαφορὰν
1589 2519 1682 2572 τοῦ
1715 2519 1936 2580 κτιστοῦ

351 2615 488 2685 πρὸς
537 2614 598 2666 τὸ
650 2613 941 2666 ἄκτιστονο
989 2604 1065 2663 ὧν
1106 2611 1140 2681 ἡ
1169 2609 1493 2682 παραλλαγή
1519 2611 1803 2683 κυριότητι
1845 2612 1938 2665 καί.

352 2705 569 2775 δουλείᾳ
599 2700 1096 2774 χαρακτηρίζεται·
1141 2701 1235 2755 τοῦ
1266 2703 1364 2773 μὲν
1394 2703 1652 2755 ἀκτίστου
1682 2702 1817 2756 Θεοῦ
1851 2703 1940 2757 δε-

357 2794 650 2858 σπόζοντος
684 2799 739 2847 ὲν
769 2796 836 2865 τῇ
868 2791 1157 2863 δυναστείᾳ
1189 2792 1352 2846 αὐτοῦ
1388 2792 1482 2845 τοῦ
1512 2792 1726 2856 αἰῶνος,
1759 2791 1942 2856 καθώς

362 2905 530 2957 φησιν
559 2890 586 2940 ὁ
613 2884 893 2958 Προφήτης
915 2902 929 2916 ·
971 2885 1191 2940 πάντων
1216 2885 1271 2938 δὲ
1298 2884 1405 2938 τῶν
1437 2887 1493 2938 ὲν
1525 2887 1589 2955 τῇ
1623 2885 1796 2939 κτίσει
1822 2885 1943 2938 δου-

2040 1797 2138 1853 sed
2173 1811 2238 1850 ex
2272 1794 2440 1850 simili
2497 1793 2643 1848 adid
2702 1792 2848 1862 quod
2884 1791 2938 1845 in
2994 1791 3203 1845 honore
3246 1791 3455 1860 aequale
3515 1797 3620 1855 est,

2042 1887 2284 1954 transiit,
2317 1894 2545 1956 excepta
2573 1885 2907 1955 proprietate
2942 1898 3064 1952 quae
3089 1889 3173 1938 est
3200 1882 3449 1952 corporis
3480 1881 3546 1934 ad
3569 1881 3625 1942 id

2042 1977 2190 2049 quod
2222 1978 2473 2048 corporis
2511 1985 2597 2031 est
2634 1989 2852 2044 expers.
2881 1972 2939 2028 in
2971 1989 3132 2044 quem
3170 1973 3335 2044 igitur
3360 1974 3507 2043 justa
3530 1973 3624 2040 ju-

2041 2071 2343 2126 dicantium
2395 2069 2670 2125 sententia
2711 2067 2936 2132 feretur,
3002 2067 3084 2122 vel
3121 2066 3248 2136 quis
3293 2066 3626 2121 criminibus

2040 2164 2150 2219 illis
2185 2163 2460 2218 obnoxius
2500 2158 2992 2230 pronuntiabitur?
3023 2159 3106 2211 An
3160 2159 3250 2213 ille
3299 2158 3393 2228 qui
3441 2174 3470 2211 a
3514 2157 3628 2212 Deo

2041 2256 2290 2311 iucreato
2312 2259 2557 2308 creatum
2592 2252 2805 2306 salvum
2842 2250 3046 2306 factum
3088 2265 3212 2306 esse
3240 2250 3396 2315 dicit,
3431 2265 3499 2302 an
3530 2250 3624 2320 qui

2036 2349 2232 2406 salutis
2259 2356 2464 2402 nostra:
2501 2360 2727 2400 causam
2775 2351 3040 2400 creaturae
3091 2345 3380 2414 assignat?

2105 2441 2211 2497 Sed
2266 2454 2374 2494 non
2408 2439 2705 2493 obscurum
2733 2443 2818 2492 est
2845 2436 2932 2506 pie
2954 2437 3306 2491 sentientium
3333 2435 3623 2505 judicium.

2035 2535 2138 2602 Qui
2175 2535 2321 2590 enim
2352 2539 2544 2587 exacte
2567 2531 2672 2586 scit
2704 2529 2872 2585 creati
2914 2545 3040 2584 cum
3084 2528 3331 2583 increato
3373 2529 3630 2584 dideren-

2037 2628 2194 2690 tiam,
2232 2639 2465 2694 quorum
2509 2622 2884 2692 discrepantia
2914 2621 3288 2676 dominatione
3343 2632 3396 2676 et
3455 2622 3629 2677 servi-

2047 2725 2163 2772 tute
2185 2721 2440 2780 notatur;
2485 2728 2612 2768 cum
2653 2713 2933 2768 increatus
2955 2713 3097 2768 Deus
3119 2711 3434 2767 dominetur
3459 2713 3514 2766 in
3541 2728 3633 2782 po-

2047 2821 2247 2868 testate
2274 2825 2373 2866 sua
2415 2812 2469 2865 in
2502 2809 2766 2866 saeculum
2797 2807 3006 2872 saeculi,
3039 2808 3183 2862 sicut
3217 2807 3292 2859 ait
3324 2805 3627 2875 Pr0pheta:

2049 2919 2242 2960 omnes
2271 2918 2401 2958 vero
2427 2910 2697 2958 creaturae
2739 2901 3004 2967 serviant,
3048 2898 3348 2955 secundum
3385 2897 3634 2966 ejusdem

365 2979 628 3042 λευόντων
670 2977 809 3032 κατά
853 2977 952 3049 τὴν
986 2976 1081 3030 τοῦ
1123 2977 1289 3032 αὐτοῦ
1333 2977 1620 3049 Προφήτου
1670 2978 1870 3048 φωνὴν,
1905 2979 1940 3048 ἦ

2051 2996 2328 3066 Propheta:
2343 3009 2552 3058 vocem,
2576 3009 2697 3064 quae
2724 2993 2828 3046 ait:
2856 2991 3048 3046 Omnia
3072 2991 3304 3045 serviunt
3333 2989 3427 3043 tibi
3448 2991 3488 3020 ”
3507 3006 3521 3054 ;
3539 2989 3634 3058 qui

363 3091 551 3145 φησιν,
597 3074 675 3126 ὅτι
721 3076 794 3128 Τὰ
825 3074 1150 3144 σύμπαντα
1193 3072 1388 3126 δοῦλα
1428 3071 1513 3126 σά
1535 3089 1546 3102 '
1582 3075 1609 3126 ὁ
1633 3072 1806 3126 ταῦτα
1835 3072 1943 3125 τοί-

356 3186 454 3222 νυν
480 3168 546 3221 δι’
573 3167 885 3237 ἐπιμελείας
910 3168 1248 3237 κατανοήσας
1276 3166 1376 3219 οὐκ
1402 3166 1588 3234 ἀγνοεῖ
1611 3165 1830 3230 πάντως
1852 3166 1942 3220 τὸν

353 3262 425 3314 ἐκ
455 3258 694 3321 δουλείας
733 3261 812 3322 είς
840 3258 1082 3314 δουλείαν
1114 3257 1204 3311 τὸν
1231 3258 1511 3328 Μονογενῆ
1544 3258 1939 3328 μετοικίζοντα.

351 3354 421 3408 Εἰ
450 3353 559 3424 γὰρ
583 3351 818 3405 δουλεύει
860 3353 959 3422 μὲν
984 3353 1017 3422 ή
1046 3350 1224 3414 κτίσις
1252 3353 1403 3405 πᾶσα
1435 3352 1576 3405 κατὰ
1596 3353 1686 3404 τὸν
1711 3351 1942 3414 Παῦλον,

352 3447 551 3517 κτιστὴ
578 3447 634 3499 δὲ
663 3447 783 3500 κατ’
822 3445 1082 3516 Εὐνόμιον
1114 3443 1209 3497 τοῦ
1241 3445 1580 3513 Μονογενοῦς
1606 3447 1637 3515 ἡ
1677 3447 1854 3507 οὐσία,
1883 3446 1944 3499 οὐ

355 3539 638 3610 Δεσπότην
667 3537 1073 3608 καταμιχθῆναι
1094 3535 1322 3602 δούλοις,
1362 3537 1498 3590 ἀλλὰ
1522 3536 1707 3590 δοῦλον
1736 3538 1792 3590 ἐν
1827 3537 1948 3589 δού-

355 3632 472 3693 λοις
505 3629 758 3698 γενέσθαι
798 3628 886 3682 διὰ
915 3627 1021 3681 τῶν
1054 3628 1338 3700 δογμάτων
1374 3630 1424 3681 οἱ
1455 3628 1684 3683 ἐναντίοι
1730 3627 1948 3691 πάντως

355 3721 882 3787 κατασκευάζουσιν.
945 3722 1105 3776 Ἀλλὰ
1148 3720 1254 3792 μὴν
1287 3720 1347 3774 τὸ
1391 3720 1498 3790 πρὸ
1535 3720 1634 3788 τῆς
1683 3721 1741 3772 ὲν
1786 3721 1950 3791 σαρκὶ

359 3814 673 3885 παρουσίας
703 3815 760 3867 ὲν
787 3813 972 3866 δούλου
1005 3815 1185 3883 μορφῇ
1219 3811 1400 3878 λέγειν
1437 3806 1576 3864 εἶναι
1601 3811 1692 3863 τὸν
1725 3811 1946 3882 Κύριον,

360 3903 483 3958 ἶσόν
544 3908 662 3958 ἐστι
721 3905 798 3976 τῷ
857 3904 1158 3964 διαϐάλλειν
1205 3903 1354 3972 ἡμᾶς
1408 3901 1482 3964 ὡς
1538 3901 1774 3971 μέλανας
1826 3903 1952 3965 τοὺς

363 3997 628 4067 ἀστέρας,
655 3996 750 4048 καὶ
780 3994 990 4064 ζοφώδη
1020 3993 1111 4046 τὸν
1137 3992 1307 4062 ἥλιον,
1334 3990 1428 4044 καὶ
1461 3989 1552 4043 τὸν
1569 3989 1795 4061 οὐρανὸν
1823 3990 1955 4060 χθα-

369 4088 563 4164 μαλὸν,
601 4087 694 4140 καὶ
735 4087 794 4138 τὸ
841 4085 983 4155 ὕδωρ
1017 4083 1201 4154 ξηρὸν,
1250 4081 1344 4134 καὶ
1391 4080 1569 4134 πάντα
1602 4079 1858 4148 λέγοντας
1886 4079 1955 4134 τὰ

363 4180 615 4235 τοιαῦτα.
679 4179 736 4231 '0
781 4179 890 4247 γὰρ
925 4177 1027 4228 οὐκ
1077 4175 1136 4241 ἐξ
1168 4168 1241 4227 ὧν
1275 4173 1481 4243 ἀκήκοέ
1523 4189 1575 4225 τι
1614 4172 1957 4226 κατασκευά-

367 4274 504 4336 ζων,
543 4267 678 4322 ἀλλὰ
719 4268 837 4319 κατ’
872 4265 1006 4318 ἰδίαν
1037 4263 1211 4334 ὁρμὴν
1237 4266 1299 4316 τὸ
1339 4262 1529 4316 δοκοῦν
1573 4261 1955 4325 ἀναπλάσσων,

2054 3089 2170 3142 haec
2219 3087 2387 3157 igitur
2440 3085 2734 3154 diligenter
2790 3082 3198 3146 animadvertit,
3263 3098 3369 3136 non
3422 3082 3636 3151 ignorat

2052 3181 2278 3236 omnino
2303 3195 2428 3235 eum
2464 3179 2556 3248 qui
2589 3175 2935 3246 Unigenitum
2963 3191 3025 3230 ex
3065 3175 3326 3230 servitute
3372 3174 3424 3227 in
3465 3172 3637 3228 servi-

2009 3297 2016 3304 ε
2053 3281 2224 3327 tutem
2257 3272 2494 3342 migrare
2533 3268 2682 3322 facit.
2713 3265 2770 3321 Si
2795 3266 2940 3322 enim
2965 3266 3143 3320 omnis
3165 3272 3417 3320 creatura
3442 3265 3635 3327 servit,

2059 3375 2117 3418 ut
2142 3365 2218 3417 ait
2256 3362 2464 3416 Paulus
2486 3404 2500 3428 ,
2533 3366 2736 3416 creata.
2755 3365 2839 3412 est
2863 3367 3044 3412 autem
3078 3354 3636 3426 Unigenitiessentia,

2057 3464 2114 3508 ut
2143 3460 2330 3508 censet
2366 3451 2670 3506 Eunomius
2707 3467 2720 3502 :
2755 3463 2863 3502 non
2903 3445 3192 3500 Dominum
3231 3444 3404 3499 servis
3441 3448 3640 3515 permi-

2057 3555 2226 3608 stum,
2265 3543 2359 3599 sed
2413 3557 2630 3597 servum
2690 3540 2833 3593 inter
2859 3553 3047 3592 servos
3109 3536 3311 3590 factum
3368 3551 3490 3590 esse
3525 3537 3642 3591 suis

2056 3640 2296 3694 decretis
2336 3635 2564 3690 omnino
2602 3631 2907 3688 adversarii
2941 3638 3220 3686 astruunt.
3251 3627 3642 3684 Verumtamen

2059 3739 2186 3785 ante
2215 3729 2511 3783 adventum
2550 3726 2606 3779 in
2641 3739 2806 3780 carne
2831 3723 2886 3779 in
2921 3723 3064 3778 servi
3094 3721 3269 3777 forma
3301 3737 3427 3776 esse
3457 3719 3642 3776 Domi-

2061 3837 2191 3876 num
2215 3819 2501 3882 allirmare,
2536 3816 2761 3887 perinde
2777 3822 2860 3870 est
2888 3815 3009 3869 acsi
3031 3813 3504 3869 calumniarentur
3537 3829 3639 3868 nos

2061 3917 2247 3972 dicere
2278 3914 2466 3983 nigras
2507 3911 2694 3966 stellas
2727 3899 2781 3966 et
2821 3909 3182 3980 caliginosum
3220 3908 3390 3962 solem
3426 3914 3481 3963 et
3533 3923 3647 3963 co:-

2061 4011 2174 4066 lum
2206 4008 2274 4063 ad
2301 4014 2500 4062 terram
2524 4006 2870 4075 depressum,
2901 4012 3171 4073 etaquam
3199 4002 3428 4065 siccam,
3457 4009 3512 4055 et
3529 4015 3648 4054 om-

2063 4107 2152 4160 nia
2185 4117 2306 4174 quae
2340 4107 2476 4157 sunt
2521 4098 2794 4170 ejusmodi
2825 4116 2838 4152 ι
2869 4097 2964 4168 qui
2995 4095 3143 4152 enim
3181 4110 3288 4150 non
3335 4109 3402 4148 ex
3443 4091 3651 4156 auditis

2064 4191 2196 4262 quid
2226 4189 2446 4252 astruit,
2499 4187 2595 4244 sed
2629 4201 2727 4258 pro
2751 4201 2852 4240 suo
2893 4185 3133 4256 impulsu
3169 4183 3316 4252 quod
3345 4181 3449 4236 sibi
3497 4181 3652 4238 vide:

2066 4289 2158 4334 tur
2187 4277 2365 4347 ﬁngit,
2397 4290 2574 4346 neque
2603 4281 2794 4344 pareat
2833 4281 3024 4328 contra
3058 4288 3160 4327 nos
3210 4270 3480 4340 ejusmodi
3536 4274 3650 4326 cri-

371 4363 510 4436 μηδὲ
534 4362 643 4415 τῶν
670 4359 924 4412 τοιούτων
949 4358 1212 4428 φειδέσθω
1241 4357 1359 4410 καθ’
1391 4357 1546 4429 ἡμῶν
1573 4356 1944 4427 ἐγκλημάτων

2068 4369 2217 4424 mina
2245 4365 2552 4420 intendere.
2589 4362 2736 4416 Nihil
2768 4362 2913 4418 enim
2945 4361 3178 4417 interest
3206 4369 3390 4415 utrum
3427 4375 3526 4430 pro
3565 4360 3659 4423 his,

367 4454 521 4512 Ἶσον
573 4453 683 4522 γάρ
727 4455 874 4504 ἐστιν
932 4449 1072 4520 ὐπέρ
1120 4465 1183 4517 γε
1239 4448 1443 4501 τούτων
1496 4449 1641 4519 ἡμᾶς
1686 4447 1780 4500 καὶ
1822 4446 1963 4517 ὑπὲρ

374 4547 602 4613 ἐκείνων
638 4541 984 4606 εὐθύνεσθαι,
1006 4540 1085 4611 τῷ
1118 4541 1282 4611 μηδὲν
1313 4539 1514 4593 τούτων
1559 4541 1656 4602 τὰς
1693 4537 1866 4609 ἀρχὰς
1900 4539 1965 4590 ἐκ

373 4638 486 4692 τῶν
518 4636 804 4707 ἡμετέρων
838 4633 1002 4704 ἔχειν.
1054 4633 1112 4685 '0
1154 4631 1262 4700 γὰρ
1290 4633 1345 4683 ὲν
1377 4633 1444 4701 τῇ
1471 4630 1565 4682 τοῦ
1596 4631 1811 4700 Πατρὸς
1839 4628 1967 4701 δόξῃ

375 4732 471 4784 τὴν
519 4728 771 4800 ἀληθινὸν
816 4727 942 4779 Υἱὸν
987 4719 1127 4778 εἶναι
1182 4723 1569 4795 διοριζόμενος,
1619 4724 1737 4783 πῶς
1793 4721 1858 4775 ἂν
1889 4723 1968 4774 ’ὲν

384 4827 566 4895 μορφῇ
621 4821 809 4876 δούλου
857 4820 956 4890 τὴν
999 4817 1216 4872 αἰώνιον
1263 4816 1358 4870 τοῦ
1404 4813 1746 4885 Μονογενοῢς
1811 4815 1970 4882 δόξαν

384 4918 633 4989 ὑϐρίζοι;
690 4914 910 4983 Ἐπειδὴ
943 4913 1120 4966 τοίνυν
1151 4912 1298 4964 δοκεῖ
1328 4910 1408 4980 τῷ
1435 4909 1761 4978 λογογράφῳ
1787 4907 1968 4977 λέγειν

383 5009 594 5074 κακῶς,
635 5004 910 5078 φροντίζει
955 5004 1011 5058 δὲ
1064 5001 1156 5056 τοῦ
1210 5002 1384 5056 δοκεῖν
1439 4998 1824 5070 εὐπροσώπους
1871 4998 1968 5062 τὰς

387 5100 566 5162 αἰτίας
616 5095 1078 5160 κατασκευάζειν,
1131 5092 1285 5145 οὐδὲν
1335 5091 1585 5161 περιττὸν
1632 5089 1698 5145 ἂν
1740 5093 1823 5162 είη
1876 5092 1972 5145 καὶ

389 5192 662 5261 ἄχρηστον
690 5191 802 5252 τοῖς
833 5187 1154 5251 ἁσυστάτοις
1183 5183 1291 5248 τῶν
1325 5183 1686 5254 ἐγκλημάτων
1716 5182 1973 5253 ἐναγωνί-

391 5279 599 5347 ζεσοαι.

467 5374 574 5425 Καὶ
624 5370 736 5442 γὰρ
789 5371 822 5438 ἡ
875 5368 1074 5439 ἐφεξῆς
1133 5367 1436 5438 κατηγορία
1489 5367 1866 5437 παραπλήσιον
1915 5369 1974 5422 τὸ

399 5463 710 5538 παράλογον
743 5460 854 5530 ἔχει
875 5478 888 5491 ·
921 5460 1012 5513 δύο
1041 5459 1151 5531 γὰρ
1190 5459 1457 5530 Χριστοὺς
1499 5460 1591 5513 καὶ
1619 5458 1710 5512 δύο
1739 5460 1976 5530 Κυρίους

506 5645 552 5678 ιθ
595 5641 770 5698 llebr.
809 5655 909 5708 xu,
943 5642 1034 5707 29.
1115 5644 1153 5676 ιτ
1201 5639 1347 5706 Psal.
1401 5657 1588 5708 cxvm.
1632 5642 1724 5707 οιρ

2063 4476 2132 4514 an
2162 4473 2261 4528 pro
2299 4456 2696 4524 illisjudicium
2724 4455 3040 4521 subeamus,
3100 4456 3229 4523 quia
3262 4454 3400 4508 nihil
3452 4453 3662 4520 horum

2063 4568 2129 4606 ex
2182 4550 2252 4605 iis
2279 4565 2400 4620 quae
2433 4549 2735 4606 asserimus
2801 4547 3132 4618 principium
3192 4547 3392 4602 trahere
3452 4553 3648 4616 potest.

2065 4640 2168 4712 Qui
2197 4641 2342 4696 enim
2377 4641 2431 4694 in
2464 4639 2638 4694 Patris
2677 4639 2851 4709 gloria
2878 4654 3068 4694 verum
3097 4638 3297 4693 Filium
3329 4653 3451 4694 esse
3482 4639 3655 4693 deter-

2068 4735 2261 4798 minat,
2293 4731 2570 4803 quomodo
2602 4733 2657 4786 in
2686 4734 2830 4788 servi
2867 4730 3040 4789 forma
3071 4732 3332 4787 aeternam
3375 4730 3663 4803 Uuigeniti

2068 4824 2303 4895 gloriam
2339 4822 2677 4884 contumelia
2725 4821 3004 4876 alliceret?
3037 4819 3305 4887 Quoniam
3351 4836 3481 4874 vero
3528 4821 3660 4874 huic

2067 4916 2430 4987 scriptitatori
2489 4915 2669 4986 placet
2712 4913 3020 4970 maledictis
3069 4915 3386 4970 incessere:
3440 4913 3663 4984 ipsique

2069 5016 2153 5065 cst
2185 5024 2332 5062 cura:
2361 5015 2422 5062 ut
2453 5007 2704 5075 videatur
2734 5006 3054 5077 plausibiles
3083 5014 3137 5061 et
3171 5006 3452 5085 speciosas
3494 5019 3660 5057 accu-_

2071 5101 2314 5159 sationes
2369 5100 2682 5155 instruere:
2754 5113 2863 5154 non
2931 5111 3396 5168 supervacaneum
3465 5100 3518 5147 et
3577 5093 3670 5160 in_-.

2077 5193 2209 5248 utile
2242 5191 2428 5258 fuerit,
2480 5191 2807 5248 criminibus
2852 5191 3206 5250 instabilibus
3243 5197 3296 5244 et
3331 5184 3484 5240 falsis
3522 5183 3672 5249 resir.

2085 5293 2246 5342 stere.

2156 5375 2368 5433 Etenim
2409 5393 2646 5448 sequens
2687 5377 2964 5434 accusatio
3005 5372 3182 5430 simile
3227 5367 3524 5424 absurdum
3573 5369 3666 5430 Ιιστ.

2088 5468 2177 5524 bet
2199 5485 2211 5535 ;
2240 5469 2378 5526 duos
2395 5472 2541 5529 enim
2559 5470 2810 5530 Christos
2830 5475 2882 5525 et
2909 5469 3047 5523 duos
3075 5462 3335 5521 Dominos
3358 5460 3540 5520 dicere
3559 5477 3664 5531 nos.
