4034 6156
432 260 536 314 703

1629 251 1684 305 S.
1729 247 2054 306 GREGORII
2096 247 2387 303 NYSSENI

3583 243 3684 298 70$

432 373 792 438 lnsimulavit,
853 387 958 428 non
992 387 1058 425 ex
1091 371 1293 426 nostris
1337 370 1558 440 scriptis
1595 369 2000 425 accusationem

2110 365 2283 434 λέγειν
2312 368 2457 436 ἡμᾶς
2485 366 2764 437 ᾐτιάσατο,
2790 366 2890 420 οὐκ
2920 367 2983 419 ἐκ
3008 365 3113 418 τῶν
3140 364 3420 434 ἡμετέρων
3445 363 3687 434 ἐλέγχειν

430 471 744 529 instituens,
801 468 891 521 scd
941 467 1005 521 ad
1058 466 1345 519 arbitrium
1389 482 1484 536 pro
1537 481 1636 520 suo
1687 465 1810 534 jure
1849 479 2003 516 men—

431 561 589 615 dario
647 566 820 612 utens.
873 557 1142 622 Quoniam
1183 557 1349 624 igitur
1385 557 1438 610 in
1471 558 1589 626 ejus
1623 563 1890 626 potestate
1921 560 2004 609 est

433 649 695 726 quidquid
725 649 872 702 lnhet
925 648 1130 712 dicere,
1191 664 1289 702 cur
1336 663 1497 731 parce
1533 657 1586 702 et
1630 649 1818 702 stricte
1849 665 2004 702 ruen-

430 744 583 802 titu'r,
618 742 756 794 duos
788 741 932 794 solos
965 739 1216 794 Christos
1253 755 1279 791 a
1307 739 1465 792 nobis
1497 740 1677 793 induci
1709 739 2008 795 allirmans?

431 831 577 887 dicat
603 847 700 900 pro
722 846 822 884 suo
849 829 991 898 jure,
1024 829 1066 883 si
1100 833 1146 882 ei
1173 829 1406 889 videtur,
1435 844 1532 881 nos
1555 829 1739 882 decem
1758 829 2004 883 Christos

433 938 702 985 asserere,
749 930 802 975 et
842 921 1023 974 decies
1055 920 1300 982 totidem,
1342 928 1395 974 et
1436 920 1499 973 ad
1539 921 1684 973 mille
1718 934 2002 973 numerum

431 1014 716 1084 producat,
774 1021 833 1064 ut
880 1011 1173 1079 jnvenilius
1206 1019 1258 1064 et
1306 1011 1769 1064 inconsideratius
1801 1012 2007 1063 calum-

429 1104 574 1158 niam
640 1102 1034 1172 apprehendat.
1062 1099 1194 1152 Nam
1228 1101 1566 1169 blasphemia
1605 1102 1660 1154 in
1715 1101 1928 1158 duobus
1954 1110 2007 1154 ct

428 1195 484 1247 in
523 1194 771 1262 pluribus
798 1192 1034 1247 Christis
1069 1192 1277 1261 :equale
1310 1191 1493 1257 habet,
1523 1193 1863 1260 criminaque
1897 1207 2002 1244 non

429 1286 676 1356 probata,
714 1300 815 1338 nec
856 1285 1231 1338 demonstrata
1282 1285 1539 1338 similiter
1580 1285 1810 1352 mqualia
1855 1292 2002 1344 sunt.

431 1374 695 1430 Ostendat
744 1376 910 1446 igitur
957 1390 1058 1430 nos
1111 1391 1428 1430 asseverare
1476 1376 1616 1436 duos
1659 1375 1920 1430 Dominos
1954 1383 2008 1429 et

431 1469 570 1521 duos
609 1467 881 1530 Christos,
932 1476 988 1519 nt
1035 1469 1101 1524 de
1148 1468 1330 1522 decies
1379 1469 1527 1522 mille
1573 1469 2006 1537 reprehensione

430 1558 574 1611 facta
618 1569 808 1619 contra
859 1575 960 1613 nos
998 1555 1321 1614 sententiam
1369 1558 1527 1612 ferat.
1569 1558 1674 1614 Sed
1707 1576 1774 1614 ex
1801 1561 2006 1614 nostris

432 1649 654 1718 scriptis
700 1664 800 1702 nos
848 1649 1171 1704 convincere
1209 1647 1510 1702 contendit.
1568 1647 1780 1702 Rursus
1820 1664 1942 1717 quae
1976 1662 2006 1700 a

431 1741 699 1809 magistro
728 1739 874 1793 dicta
904 1748 1032 1794 sunt
1055 1740 1431 1809 dispiciamus,
1463 1755 1559 1808 per
1589 1754 1709 1808 quae
1739 1740 1842 1793 iste
1873 1754 2006 1792 con-

429 1837 511 1883 tra
566 1845 665 1885 nos
712 1839 864 1898 putat
913 1831 1159 1884 crimina
1199 1831 1495 1884 intentare.
1563 1830 1684 1884 Non
1735 1831 2006 1900 theologia:

428 1923 642 1974 modum
693 1923 841 1976 nobis
893 1924 1076 1985 tradit,
1126 1925 1326 1992 inquit,
1389 1922 1479 1977 sed
1541 1925 1841 1980 ceconomiaz
1901 1926 2008 1977 sive

427 2013 834 2080 dispensationis
878 2017 1142 2079 rationes,
1189 2017 1277 2082 qui
1331 2016 1484 2081 dicit,
1538 2017 1675 2086 quod
1720 2017 2007 2072 Dominum

429 2105 600 2172 ipsum
645 2114 693 2158 et
748 2105 1016 2158 Chr-istum
1069 2105 1192 2173 fecit
1247 2105 1384 2159 Deus
1447 2107 1584 2160 hunc
1627 2107 1828 2162 Filium
1855 2125 2006 2178 quem

432 2214 520 2251 vos
565 2198 910 2266 cruciﬁxistis
951 2215 969 2252 .'
1010 2215 1128 2252 voce
1185 2198 1601 2253 demonstrativa
1653 2200 1722 2254 ad
1767 2199 1820 2253 id
1868 2200 2006 2270 quod

432 2287 720 2339 humanum
767 2296 915 2342 estet
953 2287 1089 2356 quod
1129 2289 1358 2341 cernitur
1395 2288 1634 2342 omnibus
1679 2289 2003 2344 incumbens.

346 2384 351 2388 '
435 2377 559 2432 llaec
593 2378 758 2446 igitur
781 2383 907 2431 sunt
937 2377 1163 2444 scripta.
1195 2375 1261 2429 Hi
1297 2392 1426 2430 vero
1465 2377 1572 2431 duo
1603 2377 1829 2439 Christi,
1862 2377 2006 2430 unde

430 2468 499 2521 ab
547 2465 811 2520 Eunomio
864 2481 959 2534 per
990 2466 1044 2520 id
1078 2465 1224 2534 quod
1254 2465 1461 2520 dictum
1495 2477 1578 2522 est
1612 2466 1809 2522 intrusi
1840 2464 2004 2521 sunt?

432 2567 613 2612 utrum
657 2557 843 2613 dicere
873 2557 1362 2613 demonstrativam
1392 2574 1612 2622 vocem,
1661 2559 1726 2612 ad
1777 2559 1831 2612 id
1861 2559 2006 2628 quod

431 2658 654 2717 apparet
683 2649 998 2703 incumbere
1020 2689 1033 2712 ,
1089 2649 1193 2702 hoc
1222 2651 1455 2702 duorum
1497 2649 1841 2704 Christorum
1875 2665 2007 2704 con-

433 2738 733 2791 stitutionis
759 2743 962 2790 certam
987 2737 1150 2790 habet
1175 2738 1590 2806 probationem?
1612 2741 1782 2808 Igitur
1809 2755 2008 2809 negare

430 2830 585 2883 decet
615 2838 667 2882 et
700 2828 823 2892 hoc,
875 2843 1067 2896 nempe
1114 2829 1582 2897 superexaltatum
1611 2845 1733 2884 esse
1777 2831 1844 2883 ab
1887 2830 2007 2898 ipso

430 2930 552 2988 post
609 2921 916 2988 passionem
951 2918 1260 2983 Dominum,
1298 2937 1366 2974 ne
1406 2921 1546 2975 duos
1590 2919 1897 2976 Altissimos
1924 2922 2006 2976 di-

2105 459 2202 529 τὴν
2232 459 2406 511 αἰτίαν
2433 458 2591 527 ἔχων,
2626 458 2760 510 ἀλλὰ
2789 457 2924 528 πρὸς
2960 457 3020 508 τὸ
3052 456 3240 508 δοκοῦν
3280 456 3399 508 κατ’
3443 454 3688 518 ἐξουσίαν

2105 551 2182 622 τῷ
2217 551 2398 620 ψεύδει
2430 550 2726 622 χρώμενος.
2775 551 2926 602 Ἐπεὶ
2961 545 3051 602 οὖν
3079 550 3163 601 ἐπ’
3195 549 3340 618 αὐτῷ
3364 551 3597 601 ποιεῖται
3625 547 3689 602 τὸ

2105 643 2282 711 λέγειν
2316 643 2350 696 ἃ
2386 643 2664 712 βούλεται,
2701 641 2753 693 τί
2799 641 3135 710 μικρολόγως
3174 641 3327 710 φέρει
3375 639 3432 690 τὸ
3471 637 3686 708 ψεῦδος,

2104 736 2197 788 δύο
2220 734 2410 806 μόνους
2436 735 2703 804 Χριστοὺς
2729 732 2979 802 λέγεσθαι
3007 733 3133 801 παρ’
3163 730 3316 802 ἡμῶν
3349 731 3682 783 κατασκευάς

2105 825 2213 890 ζων
2234 825 2465 893 ;λεγέτω
2508 828 2627 878 κατ’
2667 825 2934 889 ἐξουσίαν,
2968 826 3015 876 εἰ
3042 823 3218 885 δοκεῖ,
3251 822 3345 874 καὶ
3385 821 3516 874 δέκα
3551 823 3687 892 Χρι-

2063 933 2075 940 ”
2109 919 2266 981 στοὺς
2293 918 2614 990 πρεσϐεύειν
2662 919 2831 987 ἡμᾶς,
2864 916 2957 970 καὶ
2985 915 3204 976 δεκάκις
3226 915 3510 978 τοσούτους
3533 955 3546 977 ,
3597 917 3692 967 καὶ

2107 1013 2185 1073 εἰς
2212 1011 2413 1080 χιλίους
2457 1011 2546 1064 τὸν
2585 1009 2814 1080 ἀριθμὸν
2843 1008 3148 1070 ὲκτεινέτω,
3172 1008 3246 1070 ὡς
3275 1008 3339 1060 ἂν
3368 1008 3690 1061 νεανικώτε-

2112 1121 2200 1173 ρον
2263 1105 2361 1173 τῆς
2433 1102 2795 1170 συκοφαντίας
2847 1101 3312 1174 ἀντιλαμϐάνοιτο.
3360 1102 3433 1154 ’Ἡ
3478 1119 3535 1154 τε
3580 1102 3689 1174 γὰρ

2111 1195 2426 1265 βλασφημία
2447 1235 2462 1261 ,
2498 1194 2592 1246 καὶ
2632 1193 2723 1246 ἐπὶ
2753 1193 2846 1245 δύο
2879 1192 2972 1245 καί¹
3012 1193 3103 1244 ἐπὶ
3136 1191 3392 1245 πλειόνων
3438 1193 3689 1263 Χριστῶν

2108 1286 2167 1338 τὸ
2196 1281 2312 1338 ἴσον
2342 1284 2475 1354 ἔχει,
2514 1284 2606 1336 καὶ
2642 1284 2703 1335 τὺ
2749 1284 3133 1336 ἀναπόδεικτον
3165 1283 3276 1335 τῶν
3329 1283 3691 1354 ἐγκλημάτων

2108 1376 2367 1438 ὡσαύτως
2390 1371 2508 1427 ἶσόν
2539 1377 2672 1427 ἐστι.
2709 1375 2898 1439 Δείξας
2921 1374 3100 1426 τοίνυν
3137 1375 3197 1426 τὸ
3226 1374 3318 1426 δύο
3343 1375 3518 1441 λέγειν
3542 1377 3693 1444 ἡμᾶς

2108 1468 2346 1539 Κυρίους
2402 1468 2496 1520 καὶ
2554 1467 2647 1520 δύο
2703 1467 2994 1538 Χριστοὺς,
3027 1466 3102 1529 ὡς
3149 1466 3276 1537 περί
3335 1469 3540 1539 μυρίων
3599 1466 3693 1519 τὸν

2109 1560 2324 1628 ἔλεγχον
2363 1559 2760 1629 ποιησάμενος,
2786 1559 2884 1627 τὴν
2918 1557 3040 1611 καθ’
3084 1558 3238 1628 ἡμῶν
3267 1557 3443 1630 ψῆφον
3493 1559 3686 1628 ἐχέτω.

2122 1650 2259 1702 Ἀλλ’
2291 1651 2353 1702 ἐκ
2377 1648 2484 1702 τῶν
2507 1647 2788 1719 ἡμετέρων
2821 1649 2967 1718 ἡμᾶς
2996 1648 3291 1718 διελέγχειν
3331 1649 3483 1718 φησί.
3520 1648 3690 1701 Πάλιν

2109 1740 2215 1810 γὰρ
2254 1740 2323 1793 τὰ
2369 1740 2630 1810 εἰρημένα
2668 1739 2744 1808 τῷ
2783 1739 3084 1809 διδασκάλῳ
3118 1740 3575 1810 διασκεψώμεθα,
3619 1741 3690 1793 δι’

2109 1828 2182 1887 ὧν
2205 1826 2357 1895 οὗτος
2381 1833 2551 1884 οἴεται
2587 1834 2754 1884 κινεῖν
2783 1830 2904 1882 καθ’
2939 1831 3094 1901 ἡμῶν
3128 1830 3195 1883 τά
3231 1831 3568 1902 ἐγκλήματα.
3605 1835 3690 1886 Οὐ

2110 1925 2420 1993 θεολογίας
2457 1922 2600 1993 ἡμῖν
2629 1921 2997 1988 παραδίδωσι
3024 1923 3489 1992 τρόπον,.φησὶν,
3529 1923 3691 1976 ἀλλὰ

2108 2017 2252 2082 τοὺς
2278 2017 2388 2086 τῆς
2418 2016 2761 2084 οἰκονομίας
2794 2017 3036 2084 λόγους,
3065 2018 3098 2071 ό
3128 2017 3321 2086 λέγων
3349 2016 3437 2070 ὅτι
3472 2018 3694 2084 Κύριον

2109 2107 2296 2161 αὐτὸν
2329 2106 2428 2160 καὶ
2461 2105 2717 2173 Χριστὸν
2745 2104 3033 2172 ἐποίησεν
3065 2109 3098 2158 ὁ
3138 2106 3311 2170 Θεὸς,
3335 2105 3550 2158 τοῦτον
3583 2106 3692 2158 τὸν

2108 2200 2245 2254 Υἱόν
2284 2199 2357 2252 ὃν
2399 2198 2567 2268 ὑμεῖς
2605 2198 3058 2266 ἐσταυρώσατε,
3110 2195 3184 2264 τῇ
3216 2196 3483 2266 δεικτικῇ
3517 2197 3691 2265 φωνῇ

2109 2294 2260 2362 πρὸς
2278 2293 2343 2346 τὸ
2363 2293 2737 2361 ἀνθρώπινον
2762 2291 2948 2345 αὑτοῦ
2971 2290 3068 2344 καὶ
3090 2291 3476 2359 βλεπόμενον
3498 2289 3691 2346 πᾶσιν

2108 2387 2578 2454 ἐπερειδόμενος.
2619 2387 2699 2439 Τὰ
2739 2387 2836 2455 μὲν
2855 2381 2958 2468 ὀὖν
2997 2384 3353 2454 γεγραμμένα
3390 2383 3562 2438 ταῦτα
3587 2401 3600 2414 ο
3639 2386 3688 2436 οἱ

2108 2479 2164 2532 δὲ
2198 2479 2288 2531 δύο
2309 2480 2533 2549 Χριστοὶ
2573 2479 2736 2532 πόθεν
2768 2479 2919 2547 παρὰ
2951 2477 3042 2530 τοῦ
3072 2477 3336 2546 Εὑνομίου
3366 2476 3452 2528 διὰ
3494 2476 3587 2527 τοῦ
3613 2479 3691 2528 εἰσ

2112 2570 2347 2640 ρημένου
2405 2570 2897 2640 είσεκυκλὴθησαν;
2954 2565 3100 2639 Ἀρα
3155 2569 3214 2621 τὸ
3259 2568 3356 2639 τὴν
3415 2568 3691 2639 δεικτικὴν

2112 2661 2294 2732 φωνὴν
2320 2662 2453 2732 πρὸς
2484 2661 2542 2714 τὸ
2565 2661 2887 2732 φαινόμενον
2911 2663 3084 2714 εἰπεῖν
3109 2661 3482 2729 ὲπερείδεσθαι
3499 2701 3513 2722 ,
3535 2661 3693 2714 τοῦτο

2108 2753 2209 2822 τῆς
2229 2752 2336 2806 τῶν
2368 2753 2459 2805 δύο
2479 2752 2727 2822 Χριστῶν
2759 2752 3104 2822 κατασκευῆς
3126 2753 3222 2826 τὴν
3249 2753 3518 2816 ἀπόδειξιν
3548 2752 3690 2822 ἔχεις

2112 2844 2320 2896 Οὐκοῦν
2359 2843 2639 2912 ἀρνεῖσθαι
2689 2845 2991 2915 προσήκει,
3038 2845 3131 2897 καὶ
3170 2843 3230 2895 τὸ
3269 2844 3691 2914 ὑπεροψοθῆναι

2111 2935 2242 3006 παρ’
2273 2934 2438 2988 αὑτοῦ
2470 2937 2605 3005 μετὰ
2634 2935 2696 2988 τὸ
2720 2934 2890 2997 πάθος
2918 2934 3008 2991 τὸν
3053 2933 3272 3005 Κύριον,
3295 2935 3368 2997 ὡς
3396 2934 3464 2993 ἂν
3493 2936 3568 3004 μὴ
3600 2934 3692 2986 καὶ

432 3025 558 3065 eere
611 3025 954 3064 accuscmnr.
1016 3010 1295 3080 Siquidem
1319 3011 1633 3090 Altissimus
1662 3014 1878 3083 quidem
1913 3015 2005 3085 qui

2110 3026 2203 3080 δύο
2228 3022 2705 3092 Ὑψίστουςλέγειν
2724 3024 3120 3094 αἰτιαθείημεν·
3136 3024 3330 3092 εἴπερ”
3345 3022 3571 3091 lit/tcto;
3595 3023 3692 3091 μὲν

433 3103 488 3155 in
535 3103 804 3172 principio
835 3111 917 3156 est
967 3101 1202 3156 Verbum
1238 3102 1400 3170 Deus,
1437 3106 1875 3174 superexaltatus
1904 3120 2006 3159 au-

431 3200 538 3245 tem
591 3199 714 3261 post
760 3193 1072 3262 passionem
1124 3196 1217 3262 qui
1269 3209 1336 3247 ex
1391 3196 1622 3250 mortuis
1686 3197 2005 3261 resurrexit,

433 3283 576 3337 sicut
628 3285 706 3336 ait
755 3286 1074 3353 Apostolus.
1134 3285 1176 3338 E
1231 3285 1450 3340 duobus
1499 3288 1643 3341 enim
1699 3290 2009 3342 necessario

432 3377 662 3430 alterum
695 3378 1002 3447 eligendum
1035 3387 1138 3442 est,
1170 3378 1254 3432 vel
1283 3379 1515 3432 dicendo
1546 3381 2008 3448 superexaltatum

433 3482 556 3522 esse
590 3476 709 3536 post
739 3471 1076 3537 passionem,
1108 3469 1253 3536 quod
1279 3469 1498 3537 quidem
1533 3471 1741 3538 a'quale
1770 3478 1853 3524 est
1883 3470 2010 3523 huic

437 3559 753 3622 assertioni,
797 3559 1088 3612 Dominum
1129 3558 1331 3613 factum
1356 3575 1478 3614 esse
1507 3569 1560 3614 et
1582 3561 1880 3624 Christum,
1911 3563 2011 3615 im-

436 3649 652 3718 pietatis
704 3651 846 3717 apud
909 3649 1234 3704 Eunomium
1289 3667 1441 3706 reum
1486 3653 1691 3716 vocari,
1723 3655 1807 3707 vel
1840 3668 2008 3707 accu-

434 3739 698 3793 sationem
740 3740 1062 3794 declinando
1089 3742 1318 3796 inliciari
1365 3741 1775 3800 confessionem
1814 3761 2010 3815 super-

434 3832 786 3886 exaltationis
823 3833 943 3901 ejus
993 3836 1086 3903 qui
1145 3851 1342 3904 passus
1380 3848 1480 3890 est.

515 3924 622 3978 Sed
655 3925 721 3978 ad
746 3925 858 3979 hare
897 3942 1090 3980 rursus
1109 3936 1319 3996 oportet
1336 3931 1677 3984 accusatoris
1704 3946 2010 3986 sermonem

441 4026 643 4072 nostra:
695 4035 873 4073 causae
922 4019 1178 4074 dictionis
1238 4022 1600 4089 patrocinium
1652 4025 2008 4093 praestituere.

439 4111 570 4174 Qua:
615 4111 800 4179 itaque
856 4119 985 4164 sunt
1035 4111 1105 4164 ab
1155 4112 1247 4164 illo
1297 4114 1471 4181 posita
1519 4115 1585 4168 ad
1636 4117 1857 4169 verbum
1923 4132 2009 4170 re-

439 4202 752 4265 citabimus,
807 4218 902 4272 per
949 4218 1072 4272 qua:
1101 4213 1289 4258 noster
1322 4221 1503 4259 sermo
1542 4209 1916 4274 constituitur,
1946 4209 2014 4263 ad

439 4296 585 4350 hunc
628 4296 1107 4350 modunnBeatus
1152 4296 1410 4364 Joannes,
1445 4299 1641 4368 inquit,
1679 4300 1842 4355 Deum
1891 4300 2014 4354 Ver-

2111 3120 2138 3172 ὁ
2164 3120 2221 3171 ἐν
2250 3119 2391 3188 ἀρχῇ
2433 3115 2508 3169 ὢν
2543 3115 2713 3184 Λόγος
2738 3115 2890 3182 Θεὸς,
2921 3115 3344 3186 ὑπερύψωθῆναι
3385 3113 3440 3165 δὲ
3475 3115 3614 3183 μετὰ
3638 3116 3694 3168 τὸ

2113 3207 2282 3270 πάθος
2312 3209 2339 3259 ό
2369 3209 2432 3259 ὲκ
2458 3208 2666 3277 νεκρῶν
2694 3209 2952 3272 ἀναστάς,
2977 3208 3160 3271 καθώς
3182 3225 3343 3277 φησιν
3370 3209 3397 3259 ὁ
3432 3209 3691 3260 Ἀπόστο-

2111 3299 2219 3363 λος.
2253 3299 2373 3351 Τῶν
2415 3299 2508 3352 δύο
2546 3300 2653 3369 γὰρ
2684 3299 2831 3352 ἔστιν
2869 3299 2928 3364 ἐξ
2965 3299 3210 3370 ἀνάγκης
3240 3299 3453 3352 ἑλέσθαι
3485 3299 3545 3352 τό
3575 3301 3690 3358 ἕτε-

2114 3409 2225 3462 ρον,
2268 3391 2300 3461 ἢ
2348 3391 2600 3459 λέγοντας
2634 3391 3020 3464 ὑπερυψῶσθαι
3062 3392 3198 3462 μετά
3226 3392 3286 3443 τὸ
3321 3392 3519 3454 πάθος,
3556 3393 3692 3461 ὅπερ

2111 3476 2227 3534 ἴσον
2253 3481 2330 3550 τῷ
2361 3484 2563 3552 Κύριον
2585 3483 2870 3552 γενόμενον
2890 3483 2981 3536 καὶ
2999 3481 3251 3552 Χριστὸν,
3269 3482 3519 3544 ἀσεϐείας
3545 3483 3690 3552 ποιρά

2112 3573 2188 3643 τῷ
2219 3574 2467 3643 Εύνομίῳ
2509 3574 2692 3644 φέρειν
2739 3573 2977 3644 γραφὴν,
3011 3572 3044 3641 ἦ
3085 3574 3184 3641 τὴν
3229 3571 3561 3642 κατηγορίαν
3603 3573 3690 3622 ἐκ,

2115 3665 2414 3726 κλίνοντας,
2445 3665 2723 3734 ἀρνεῖσθαι
2752 3665 2849 3734 τὴν
2872 3662 3159 3733 ὁμολογίαν
3186 3661 3283 3732 τῆς
3312 3661 3403 3714 τοῦ
3431 3661 3690 3724 παθόντος

2116 3754 2536 3826 ὑπερνῴὡσεως.

2200 3931 2357 3984 Ἀλλά
2389 3931 2493 4003 χρὴ
2534 3931 2666 4002 πρὸς
2715 3929 2885 3982 ταῦτα
2919 3929 3078 3981 πάλιν
3116 3928 3206 3980 τὸν
3250 3927 3342 3980 τοῦ
3385 3927 3689 3998 κατηγόρου

2115 4026 2270 4094 λόγον
2318 4026 2612 4095 συνήγορον
2661 4023 2759 4092 τῆς
2809 4021 3082 4092 ἡμετέρας
3123 4019 3414 4087 ἀπολογίας
3460 4020 3693 4090 προστή-

2118 4113 2334 4167 σασθαι.
2371 4114 2578 4167 Οὐκοῦν
2608 4112 2841 4183 ἐροῦμεν
2881 4113 2972 4164 ἐπὶ
3004 4112 3198 4174 λέξεως
3227 4111 3295 4164 τά
3323 4113 3451 4181 παρ’
3485 4112 3687 4164 ἐκείνου

2114 4205 2356 4269 τεθέντα,
2399 4205 2465 4257 δι’
2511 4198 2585 4257 ὧν
2632 4204 2898 4274 ἡμέτερος
2940 4203 3251 4257 συνίσταται
3285 4203 3461 4270 λόγος,
3512 4203 3690 4254 τοῦτον

2115 4298 2207 4350 τὸν
2224 4299 2424 4367 τρόπον
2447 4311 2460 4325 ⁸
2483 4296 2536 4348 '0
2553 4295 2864 4365 μακάριος,
2891 4295 3073 4365 φησὶν,
3106 4295 3392 4362 Ἰωάννης
3417 4294 3524 4346 τὸν
3551 4294 3691 4350 Θεὸν

439 4389 558 4440 bum
597 4404 688 4452 per
730 4405 879 4458 quem
924 4389 1100 4442 omnia
1139 4388 1282 4456 facta
1331 4399 1474 4455 sunt,
1518 4391 1572 4442 in
1618 4407 1777 4444 carne
1810 4392 2007 4458 factum

2117 4392 2329 4460 Λόγον,
2362 4388 2437 4442 δι’
2471 4385 2542 4444 οὗ
2575 4389 2647 4442 τὰ
2679 4388 2874 4442 πάντα
2907 4389 3171 4458 γέγονεν,
3209 4389 3279 4441 ἐν
3316 4386 3497 4455 σαρκὶ
3533 4404 3689 4456 γεγε.

437 4499 548 4536 esse
586 4481 754 4544 docet,
791 4481 914 4532 dum
968 4481 1096 4533 dicit
1143 4497 1208 4533 :t
1260 4480 1330 4533 Et
1376 4481 1601 4534 Verbum
1650 4499 1774 4535 caro
1810 4481 2010 4549 factum

439 4585 514 4627 est
539 4575 599 4622 η.
628 4593 645 4624 ι
671 4573 752 4625 An
779 4572 1087 4640 intelligens
1111 4587 1232 4641 qua:
1258 4573 1468 4634 scribit,
1503 4572 1616 4627 haec
1646 4574 1880 4627 orationi
1904 4589 2016 4630 suae

441 4664 662 4733 adjicit?
707 4664 970 4732 Equidem
1003 4680 1112 4717 non
1141 4665 1384 4717 arbitror
1415 4665 1594 4734 ipsum
1645 4666 1790 4720 scire
1817 4665 2013 4720 horum

441 4756 728 4808 verborum
767 4756 1113 4809 sententiam.
1162 4753 1293 4807 Nam
1346 4755 1394 4809 si
1430 4756 1554 4825 quis
1597 4765 1854 4811 accurate
1896 4773 2017 4827 qua:

439 4846 702 4899 dicuntur
756 4845 1152 4907 consideraret,
1209 4845 1414 4898 nullam
1467 4845 1518 4898 in
1576 4845 1660 4901 his
1710 4854 1764 4901 et
1808 4863 1930 4917 quae
1981 4862 2010 4900 a

443 4934 622 4994 nobis,
663 4942 716 4986 et
751 4949 870 5001 quae
899 4935 966 4987 ab
997 4935 1088 4988 illo
1115 4933 1399 4995 dicuntur,
1436 4935 1576 4990 inter
1610 4951 1670 4991 se
1696 4952 2008 5008 repugnan-

442 5028 572 5080 tiam
599 5025 886 5079 inveniret.
917 5024 1029 5080 Nos
1052 5027 1194 5079 enim
1222 5042 1284 5081 ea
1315 5030 1476 5082 etiam
1503 5044 1624 5098 qua:
1658 5045 1756 5099 per
1789 5046 2009 5085 carnem

439 5107 756 5184 dispensdta
799 5121 928 5167 sunt
981 5116 1207 5169 seorsim
1262 5125 1596 5184 spectamus,
1653 5131 1707 5173 et
1767 5121 2007 5174 divinam

440 5210 698 5261 virtutem
759 5207 812 5260 in
856 5205 1033 5274 seipsa
1076 5205 1452 5277 intelligimus.
1495 5209 1590 5265 Ille
1639 5212 1911 5278 similiter,
1949 5220 2009 5266 ut

443 5317 561 5364 nos,
601 5313 726 5354 eum
771 5297 865 5368 qui
915 5298 967 5350 in
1001 5296 1271 5366 principio
1315 5307 1435 5352 erat
1473 5299 1712 5356 Verbum
1747 5303 1803 5356 in
1842 5318 2009 5359 carne

442 5393 842 5447 manifestatum
897 5405 1021 5445 esse
1067 5388 1223 5456 dicit,
1276 5406 1453 5461 neque
1509 5394 1650 5448 alius
1712 5395 2006 5465 quisquam

443 5483 639 5550 ipsum,
693 5497 869 5551 neque
907 5482 1024 5551 ipse
1065 5481 1304 5552 seipsum
1342 5498 1583 5554 unquam
1614 5485 1918 5552 accusavit,
1950 5495 2009 5542 ut

555 5656 596 5695 ⁴¹¹
630 5655 790 5720 Joan.
833 5673 872 5723 ι.
916 5658 1002 5724 M.

2111 4481 2330 4550 νῆσθαι
2356 4480 2625 4535 διδάσκει
2648 4482 2841 4551 λέγων
2861 4493 2874 4508 ·
2905 4498 2925 4531 ι
2953 4479 3063 4534 Καὶ
3101 4483 3133 4532 ὀ
3174 4482 3363 4548 Λόγος
3391 4479 3548 4550 σὰρξ
3575 4477 3691 4547 ἐγέ-

2111 4591 2267 4627 νετο.
2297 4593 2315 4624 ›
2353 4569 2496 4644 τΛροι
2537 4571 2738 4635 συνιεὶς
2780 4572 2817 4626 ἃ
2845 4573 3065 4642 γράφει,
3100 4571 3274 4625 ταῦτα
3301 4571 3376 4642 τῷ
3405 4572 3521 4642 ἰδίῳ
3554 4570 3692 4637 λόγῳ

2115 4667 2496 4737 προστίθησιν;
2539 4665 2678 4734 Ἐγὼ
2718 4667 2814 4734 μὲν
2843 4665 2942 4717 οὐκ
2974 4661 3126 4734 οἶμαι
3153 4664 3242 4716 τὸν
3277 4664 3439 4717 αὐτὸν
3470 4664 3563 4717 καὶ
3601 4663 3694 4733 τὴν

2115 4755 2318 4808 τούτων
2354 4755 2552 4808 εἰδέναι
2581 4753 2834 4815 διάνοιαν,
2876 4754 2967 4806 καί
2999 4754 3134 4826 πρὸς
3167 4753 3257 4805 τὸν
3290 4747 3559 4823 ἡμέτερον
3587 4753 3695 4804 δια-

2121 4843 2388 4914 μάχεσθαι
2416 4843 2591 4911 λόγον.
2617 4843 2679 4894 Εἰ
2714 4841 2822 4912 γάρ
2847 4857 2928 4902 τις
2959 4839 3202 4910 ἀκριϐῶς
3238 4835 3593 4907 ἐπισκέψαιτο
3630 4838 3694 4888 τὰ

2115 4935 2414 5003 λεγόμενα,
2449 4932 2703 5002 οὐδεμίαν
2738 4932 2795 4982 ὲν
2828 4930 3036 4992 τούτοις
3066 4930 3288 5000 εὑρήσει
3323 4929 3460 4999 πρὸς
3496 4927 3696 4996 ἄλληλα

2115 5027 2223 5082 τῶν
2257 5044 2316 5078 τε
2350 5027 2478 5096 παρ’
2507 5025 2662 5094 ἡμῶν
2692 5023 2785 5077 καὶ
2816 5023 2924 5083 τῶν
2959 5022 3090 5092 παρ’
3121 5022 3328 5074 ἐκείνου
3390 5019 3695 5090 λεγομένων

2113 5119 2212 5185 τὴν
2245 5117 2443 5188 μάχην.
2481 5117 2671 5187 Ἡμεῖς
2696 5133 2756 5167 τε
2786 5115 2893 5184 γὰρ
2931 5114 3024 5167 καὶ
3049 5114 3117 5166 τὰ
3143 5113 3233 5165 διὰ
3271 5111 3473 5181 σαρκὸς
3502 5115 3694 5164 οἰκονο-

2119 5208 2359 5280 μηθέντα
2403 5210 2521 5261 κατ’
2557 5208 2691 5260 ἰδίαν
2732 5207 2966 5278 ὁρῶμεν,
3011 5206 3106 5259 καὶ
3133 5204 3230 5274 τὴν
3276 5204 3426 5257 θείαν
3470 5203 3694 5272 δύναμιν

2117 5302 2201 5368 ἐφ’
2239 5301 2439 5370 ἑαυτῆς
2477 5299 2737 5369 νοοῦμεν·
2778 5299 2982 5360 ἐκεῖνός
3023 5315 3081 5351 τε
3127 5296 3521 5367 παραπλησίως
3567 5296 3692 5365 ἡμῖν

2118 5393 2206 5446 τὸν
2239 5395 2295 5446 ὲν
2319 5394 2460 5463 ἀρχῇ
2483 5393 2652 5461 Λόγον
2683 5393 2739 5444 ὲν
2765 5392 2927 5461 σαρκὶ
2958 5388 3374 5461 πεφανερῶσθαι
3399 5388 3566 5457 λέγει,
3598 5386 3688 5440 καὶ

2118 5486 2240 5541 οὒτε
2282 5485 2437 5549 ἄλλος
2484 5503 2567 5548 τις
2618 5484 2799 5550 αὑτὸν,
2844 5485 2967 5536 οὒτε
3015 5483 3176 5546 αὐτὸς
3213 5482 3404 5536 ἑαυτὸν
3435 5481 3690 5554 ᾐτιάσατο
