4034 6156
400 322 506 379 ’ἱῢό

1530 324 1820 381 CONTRA
1848 318 2240 393 EUNOMIUM,
2284 325 2410 380 LIB.
2459 325 2518 382 V.

3556 324 3658 389 706

406 442 644 504 πώποτε,
683 434 757 504 ὡς
785 432 878 493 δύο
908 440 1113 509 Λόγους
1140 442 1504 513 κηρύσσοντα,
1539 446 1630 498 τόν
1658 464 1719 499 τε
1752 447 1809 499 ἐν
1841 449 1982 519 ἀρχῇ

2092 446 2196 501 duo
2223 445 2394 502 Verba
2424 446 2828 516 prmdicantem,
2865 454 2920 502 et
2950 446 3097 517 quod
3132 448 3185 502 in
3217 448 3489 521 principio
3518 462 3659 515 erat.

405 533 556 595 ὂντα,
583 531 677 584 καὶ
706 531 798 584 τὸν
833 531 1009 602 σάρκα
1033 532 1340 603 γενόμενον.
1366 530 1486 587 Οἵδε
1518 536 1626 608 γὰρ
1655 536 1870 600 πάντως
1901 538 1983 590 ὅτι

400 625 427 676 6
452 623 549 693 μὲν
575 622 744 689 Λόγος
772 625 799 676 6
826 623 988 687 αὑτός
1018 625 1132 677 ἐστι
1158 624 1235 694 τῷ
1266 625 1441 695 Λόγῳ,
1466 629 1494 680 6
1524 628 1582 678 ἐν
1610 627 1773 697 σαρκὶ
1797 627 1984 695 φανεὶς

400 714 477 785 τῷ
509 714 646 785 πρὸς
666 714 797 769 Θεὸν
817 715 952 770 ὄντι.
984 717 1046 771 Ἡ
1065 717 1122 769 δὲ
1152 714 1290 789 σάρξ
1308 719 1407 789 οὐχ
1428 720 1459 790 ή
1484 719 1620 788 αὐτὴ
1643 723 1706 790 τῇ
1735 720 1944 789 θεότητι
1967 737 1981 752 ’

401 808 532 876 πρὶν
567 807 993 879 μεταποιηθῆναι
1036 810 1131 863 καὶ
1169 809 1374 881 ταύτην
1410 811 1546 878 πρὸς
1584 810 1681 882 τὴν
1731 812 1980 883 θεότητα,

400 897 476 959 ὡς
509 896 567 962 ἐξ
598 897 844 969 ἀνάγκης
885 899 1017 953 ἄλλα
1060 899 1158 970 μὲν
1186 895 1516 971 ἐφαρμόζειν
1542 891 1621 972 τῷ
1651 901 1769 973 Θεῷ
1799 902 1978 973 Λόγῳ,

400 988 564 1060 ἕτερα
591 989 649 1042 δὲ
692 992 758 1060 τῇ
795 990 889 1043 τοῦ
933 990 1120 1043 δούλου
1163 994 1366 1062 μορφῇ.
1399 987 1462 1044 Ei
1505 986 1596 1045 οὖν
1637 993 1843 1057 ἐκεῖνος
1881 993 1983 1046 οὐκ

404 1078 626 1148 ἐγκαλεῖ
648 1079 794 1151 αὐτῷ
823 1080 911 1134 διὰ
940 1082 1039 1152 τῆς
1067 1082 1320 1152 τοιαύτης
1356 1082 1644 1153 ὁμολογίας
1671 1083 1779 1136 τῶν
1796 1076 1983 1152 Λόγων

404 1172 590 1237 δυάδα,
640 1172 756 1237 πῶς
800 1175 961 1244 ἡμεῖς
1014 1173 1148 1244 πρὸς
1192 1174 1284 1227 δύο
1336 1174 1606 1246 Χριστοῦς
1650 1171 1982 1247 διαμερίζειν

402 1263 502 1335 τὴν
544 1263 725 1317 πίστιν
776 1262 1202 1334 διαϐαλλόμεθα;
1270 1264 1320 1316 οἱ
1369 1264 1460 1316 τὸν
1516 1266 1580 1318 ἐκ
1626 1263 1720 1317 τοῦ
1776 1266 1981 1330 πάθους

406 1353 849 1425 ὑπερυψωθέντα,
878 1354 1063 1407 τοῦτον
1098 1353 1299 1425 Κύριόν
1324 1373 1382 1407 τε
1423 1358 1515 1409 καὶ
1556 1357 1787 1426 Χριστὸν
1820 1373 1981 1425 γεγε-

404 1438 595 1514 νῆσθαι
627 1443 894 1510 λέγοντες,
931 1443 1017 1497 διὰ
1044 1444 1141 1514 τῆς
1172 1444 1307 1515 πρὸς
1340 1444 1429 1497 τὸν
1460 1444 1626 1506 ὅντως
1652 1445 1854 1515 Κύριον
1887 1446 1982 1499 καὶ

407 1535 637 1608 Χριστὸν
658 1531 930 1599 ἐνώσεως,
954 1528 1155 1600 είδότες
1183 1536 1249 1590 δι’
1278 1530 1351 1589 ὧν
1385 1536 1807 1608 μεμαθήκαμεν,
1840 1540 1921 1591 ὅτι
1948 1536 1980 1610 ἠ

410 1629 507 1697 μὲν
551 1627 671 1682 Θεία
720 1627 878 1698 φύσις
923 1622 1006 1680 ἀεὶ
1047 1628 1143 1698 μία
1196 1629 1288 1681 καὶ¹
1334 1630 1366 1699 ὴ
1406 1629 1543 1697 αὐτὴ
1583 1630 1675 1682 καὶ
1722 1629 1981 1694 ὡσαύτως

405 1716 601 1788 ἔχουσα
620 1735 634 1748 σ
676 1719 708 1788 ἡ
738 1714 795 1769 δὲ
834 1717 969 1786 σάρξ
996 1717 1116 1770 καθ’
1146 1718 1343 1788 ἑαυτὴν
1378 1719 1474 1788 μέν
1508 1720 1622 1771 ἐστι
1650 1719 1825 1781 τοῦτο,
1847 1721 1982 1791 ὅπερ

2090 546 2143 593 ει
2194 538 2338 608 quod
2391 540 2446 593 in
2497 554 2665 593 carne
2703 538 2906 593 factum
2948 549 3055 595 est.
3113 539 3273 594 Novit
3319 543 3465 596 enim
3504 559 3663 613 pror-«

2091 642 2186 683 sus
2231 627 2370 683 idem
2411 627 2649 683 Verbum
2695 644 2842 691 esse,
2896 629 3042 698 quod
3083 630 3136 683 in
3193 646 3360 685 carne
3410 636 3661 703 apparuit

2089 734 2213 773 cum
2257 735 2322 795 eo
2367 718 2515 789 quod
2565 728 2684 774 erat
2718 717 2862 788 apud
2896 720 3086 773 Deum.
3134 720 3276 774 Caro
3321 730 3505 776 autem
3548 717 3656 777 neu

2089 809 2276 862 eadem
2346 818 2430 863 εει
2476 825 2599 864 cum
2661 808 3001 863 divinitate:
3055 810 3373 880 priusquam
3432 813 3544 867 lucc
3591 817 3657 869 ad

2089 899 2424 954 divinitatem
2459 901 2745 965 transiret,
2795 905 2854 955 u't
2876 902 3192 956 necessario
3231 898 3411 970 aliqua
3440 903 3658 973 quidem

2089 987 2199 1044 Deo
2228 980 2408 1044 Verbo
2450 995 2838 1062 congruerent,
2879 992 2985 1047 alia
3020 1007 3150 1047 vero
3180 988 3364 1048 lormfe
3396 990 3559 1050 servi.
3598 988 3657 1050 Si

2087 1081 2254 1150 igitur
2302 1081 2392 1136 ille
2440 1098 2548 1137 non
2590 1083 2768 1152 ipsum
2816 1092 3041 1139 accusat
3090 1101 3185 1154 per
3232 1087 3393 1140 talem
3444 1081 3660 1143 confes-

2039 1178 2046 1192 '
2089 1171 2298 1225 sionem
2333 1169 2637 1227 Verborum
2682 1173 3001 1228 dualitatem
3058 1174 3335 1239 inducere,
3384 1180 3659 1247 quomodo

2088 1270 2190 1313 nos
2235 1261 2302 1313 ad
2355 1260 2492 1315 duos
2529 1253 2777 1317 Christos
2814 1262 2972 1316 ﬁdem
3000 1264 3275 1333 dispertiri
3305 1284 3400 1335 per
3440 1270 3650 1322 calum-

2088 1349 2234 1404 niam
2271 1350 2543 1409 dicimur?
2582 1353 2676 1423 qui
2736 1354 3199 1424 superexaltatum
3249 1372 3313 1410 ex
3370 1361 3650 1427 passione,

2087 1452 2211 1497 eum
2245 1443 2529 1497 Dominum
2568 1456 2619 1500 et
2650 1445 2927 1500 Christum
2958 1445 3157 1499 factum
3187 1464 3310 1502 esse
3340 1452 3656 1515 asserimus,

2088 1546 2186 1602 per
2220 1535 2481 1589 unionem
2510 1548 2631 1589 cum
2683 1551 2813 1590 vero
2844 1535 3076 1590 Domino
3109 1547 3163 1592 et
3209 1537 3448 1606 Christo,
3479 1542 3659 1598 scien-

2090 1634 2171 1681 tes
2209 1642 2276 1680 ex
2312 1628 2377 1681 iis
2406 1642 2527 1696 qua:
2561 1627 2878 1691 didicimus,
2915 1630 3059 1698 quod
3089 1631 3269 1685 divina
3312 1633 3527 1701 quidem
3561 1651 3657 1688 na-

2089 1723 2213 1769 tura
2265 1730 2481 1786 semper
2537 1732 2643 1771 una
2699 1717 3001 1787 eademque
3048 1730 3102 1774 et
3143 1720 3330 1776 eodem
3382 1722 3541 1778 modo
3599 1741 3659 1781 se

405 1807 812 1880 καταλαμϐάνει
846 1808 974 1879 περὶ
1003 1808 1173 1878 αὐτῆς
1195 1809 1223 1860 6
1252 1807 1407 1877 λόγος
1433 1825 1491 1860 τε
1529 1809 1618 1861 καὶ
1647 1811 1680 1880 ἡ
1712 1808 1983 1878 αἴσθησιςο

2092 1806 2288 1873 habct;
2321 1823 2454 1861 caro
2492 1818 2623 1862 vero
2656 1824 2753 1878 per
2777 1811 3129 1882 semetipsam
3166 1816 3265 1867 hoc
3301 1815 3518 1883 quidem
3551 1817 3655 1879 est,

405 1895 770 1969 ἀνακραθεῖσα
809 1897 865 1951 δέ
903 1898 1039 1969 πρὸς
1067 1898 1125 1950 τὸ
1145 1898 1319 1962 Θεῖον,
1356 1898 1537 1950 οὐκέτι
1566 1901 1625 1954 ἐν
1652 1902 1764 1963 τοῖς
1788 1900 1985 1970 ἑαυτῆς

404 1990 552 2063 ὅροις
579 2007 640 2043 τε
664 1992 759 2045 καὶ
783 1990 1033 2062 ίὸιώμασι
1064 1988 1234 2061 μένει,
1264 1989 1397 2043 ἀλλὰ
1420 1990 1554 2062 πρὸς
1576 1990 1636 2043 τὸ
1657 1991 1985 2060 ἐπικρατοῦν

407 2089 465 2136 τε
496 2082 587 2136 καὶ
620 2083 886 2155 ὑπερέχον
909 2081 1364 2154 ἀντιλαμϐάνεται.
1387 2084 1641 2154 Διαμένει
1669 2083 1723 2136 δὲ
1750 2083 1987 2154 ἀσύγχυ-

407 2190 498 2238 τος
522 2173 632 2228 τῶν
660 2191 719 2227 τε
744 2175 841 2245 τῆς
867 2176 1070 2245 σαρκὸς
1098 2176 1193 2228 καὶ
1215 2172 1322 2229 τῶν
1344 2173 1443 2243 τῆς
1480 2172 1728 2246 θεότητος
1767 2174 1987 2243 ἰδιωμά-

408 2275 517 2318 των
542 2267 577 2337 ἡ
610 2264 829 2337 θεωρία,
861 2266 966 2330 ἕως
999 2268 1065 2320 ἄν
1106 2269 1189 2335 ἐφ’
1224 2266 1429 2320 ἑαυτῶν
1471 2266 1752 2336 θεωρεῖται
1785 2265 1986 2318 τούτων

409 2355 685 2426 ἑκάτερον·
708 2350 816 2408 οἷόν
844 2373 896 2408 τι
919 2354 1113 2424 λέγων’
1148 2356 1206 2409 '0
1227 2356 1398 2424 Λόγος
1419 2355 1525 2426 πρὸ
1544 2356 1651 2409 τῶν
1667 2354 1874 2409 αἰώνων
1893 2350 1983 2426 ἦν’

408 2442 443 2517 ὴ
468 2444 604 2516 σὰρξ
626 2445 682 2498 δὲ
714 2448 806 2498 ἐπὶ
832 2445 941 2500 τῶν
970 2447 1214 2517 ἐσχάτων
1236 2447 1451 2516 ἐγένετο
1483 2446 1708 2517 χρόνων.
1738 2446 1847 2500 Καὶ
1887 2446 1987 2499 οὐκ

409 2534 476 2590 ἄν
500 2552 584 2598 τις
609 2535 953 2606 ἀναστρέψας
992 2537 1155 2605 εἴποι,
1182 2538 1215 2609 ἣ
1245 2537 1448 2607 ταύτην
1476 2535 1797 2608 προαιώνιον
1823 2532 1983 2600 εἶναι,

408 2622 444 2699 ἢ
474 2627 532 2681 ἐν
572 2630 686 2691 τοῖς
723 2629 971 2699 ἐσχάτοις
1016 2630 1345 2701 γεγενῆσθαι
1374 2630 1464 2682 τὸν
1493 2630 1683 2698 Λόγον.
1740 2629 1805 2681 Ἦ
1851 2628 1986 2698 σὰρξ

410 2721 721 2792 παθητικῆς
752 2723 871 2774 ἐστι
897 2722 1108 2790 φύσεως
1123 2740 1135 2752 ·
1164 2722 1521 2793 ἐνεργητικῆς
1542 2722 1597 2775 δὲ
1620 2723 1647 2775 6
1668 2721 1858 2789 Λόγος,
1878 2722 1988 2774 Καὶ

413 2815 536 2869 οὔτε
564 2813 700 2883 αὐτὴ
725 2813 1091 2884 δημιουργικὴ
1112 2814 1217 2867 τῶν
1238 2814 1424 2876 ὄντων,
1457 2813 1581 2865 οὗτε
1614 2816 1648 2882 ἠ
1684 2812 1870 2882 θεότης
1892 2829 1991 2864 πα-

413 2903 639 2975 θητικὴν
664 2904 779 2974 ἔχει
800 2904 898 2975 τὴν
935 2903 1179 2974 δύναμιν.
1227 2905 1322 2955 Ἑν
1348 2902 1504 2972 ἀρχῇ
1533 2904 1682 2971 πρὸς
1708 2904 1813 2958 τόν
1842 2904 1991 2957 Θεὸν

417 2997 445 3047 6
475 2993 683 3063 Λόγος·
716 2994 774 3044 ἐν
807 2996 871 3064 τῇ
905 2990 997 3045 τοῦ
1029 2992 1256 3045 θανάτου
1290 2992 1455 3062 πείρα
1503 2994 1532 3044 6
1558 2991 1857 3063 ἄνθρωπος·
1897 2993 1992 3044 καὶ

413 3082 537 3138 οὔτε
571 3085 629 3149 ἐξ
658 3084 825 3138 ἀϊδίου
848 3083 908 3136 τό
938 3083 1278 3155 ἀνθρώπινον
1301 3122 1315 3147 ,
1349 3081 1472 3137 οὔτε
1503 3081 1697 3153 θνητὸν
1728 3083 1789 3135 τὸ
1816 3082 1987 3136 Θεῖον.

2086 1897 2229 1966 quod
2265 1898 2332 1952 de
2359 1898 2475 1967 ipsa
2512 1900 2764 1969 ratioqde
2791 1904 2845 1955 et
2874 1916 3070 1957 sensus
3100 1906 3363 1970 assumit;
3398 1906 3491 1962 sed
3533 1923 3654 1962 cum

2087 1987 2369 2043 divinitate
2412 1997 2717 2059 temperata
2754 2008 2863 2047 non
2894 1996 3127 2063 amplius
3157 1996 3210 2050 in
3260 1997 3375 2053 suis
3411 2002 3656 2055 terminis

2085 2088 2138 2131 et
2167 2080 2590 2148 preprietatibus
2618 2090 2821 2145 manet,
2852 2086 2945 2138 sed
2977 2084 3044 2139 ad
3080 2087 3133 2141 id
3162 2089 3304 2157 quod
3330 2093 3583 2158 praevalet
3605 2098 3661 2147 et

2086 2170 2462 2236 supereminet
2484 2172 2809 2227 assumitur.
2829 2172 3022 2230 Carnis
3061 2182 3240 2232 tamen
3270 2186 3323 2233 ει
3357 2178 3659 2238 divinitatis

2087 2259 2480 2328 proprietatum
2538 2262 2826 2318 inconfusa
2890 2277 3171 2334 permanet
3225 2272 3657 2341 contemplatio,

2087 2350 2326 2419 quandiu
2388 2352 2443 2405 in
2488 2368 2548 2408 se
2604 2354 2741 2424 ipsis
2795 2354 2988 2409 horum
3038 2365 3328 2428 utrumque
3359 2369 3661 2430 spectatur:

2086 2443 2193 2497 tale
2224 2432 2351 2512 quid
2383 2443 2574 2501 dicens
2617 2462 2630 2498 :
2668 2445 2907 2501 Verbum
2939 2456 3064 2503 ante
3095 2451 3294 2505 saecula
3336 2455 3486 2515 erat,
3528 2461 3659 2507 caro

2086 2547 2220 2586 vero
2268 2532 2321 2585 in
2368 2535 2635 2590 extremis
2683 2539 3021 2607 temporibus
3071 2540 3209 2594 facta
3252 2550 3356 2595 est.
3396 2541 3507 2597 Nec
3536 2545 3659 2614 quis

2093 2632 2462 2680 retrovertens
2495 2625 2717 2691 dixerit,
2757 2630 2841 2683 vel
2897 2630 3037 2684 hanc
3069 2635 3196 2686 ante
3232 2633 3430 2687 satcula
3463 2634 3657 2701 fuisse,

2090 2715 2171 2770 vel
2213 2715 2265 2769 in
2295 2717 2608 2773 novissimis
2645 2720 2981 2788 temporibus
3009 2714 3247 2776 Verbum
3280 2723 3479 2779 factum
3512 2742 3656 2783 esse.

2089 2805 2230 2859 Caro
2270 2807 2514 2874 patibilis
2544 2815 2627 2863 est
2654 2817 2892 2876 naturae;
2925 2812 3146 2865 verbum
3174 2823 3352 2869 autem
3387 2823 3661 2887 cstagen-

2090 2895 2182 2950 tis.
2231 2894 2415 2965 Neque
2461 2899 2577 2967 ipsa
2625 2908 2707 2953 est
2748 2915 2936 2971 eorum
2979 2918 3102 2972 qua:
3149 2912 3277 2958 sunt
3322 2906 3502 2974 epifex
3545 2908 3661 2965 sive

2093 2988 2389 3051 conditrix,
2426 3004 2605 3059 neque
2674 2992 2932 3048 divinitas
2974 2994 3079 3047 vim
3141 2997 3418 3064 patibilem
3472 2999 3659 3056 habet.

2095 3075 2161 3130 In
2199 3079 2454 3147 principio
2499 3079 2636 3147 apud
2692 3081 2853 3135 Deum
2904 3092 3021 3138 erat
3078 3083 3330 3141 Verbum:
3360 3089 3414 3143 in
3469 3093 3662 3150 mortis‘

414 3176 521 3228 Καὶ
547 3177 613 3229 τά
645 3176 778 3230 ἄλλα
817 3177 992 3230 πάντα
1025 3177 1166 3229 κατά
1208 3176 1299 3229 τὸν
1337 3174 1499 3229 αὐτὸν
1545 3175 1829 3247 θεωρεῖται
1865 3175 1990 3246 τρό-

2092 3167 2466 3236 experimento
2516 3175 2601 3221 est
2649 3169 2847 3224 homo:
2885 3185 3062 3241 neque
3110 3175 3178 3228 ab
3221 3185 3424 3233 mterno
3472 3180 3662 3236 huma~

416 3283 516 3320 πον
536 3285 548 3297 ·
576 3265 697 3320 οὔτε
723 3268 975 3331 ζωοποιεῖ
1001 3266 1091 3320 τὸν
1113 3266 1363 3338 Λάζαρον
1394 3269 1427 3338 ἡ
1457 3266 1774 3338 ἀνθρωπίνη
1805 3265 1988 3334 φύσις,

415 3359 538 3413 οὔτε
576 3358 798 3432 δακρύει
831 3360 921 3413 τὸν
953 3359 1204 3428 κείμενον
1252 3361 1287 3430 ἡ
1335 3358 1551 3428 ἀπαθὴς
1586 3358 1833 3424 ἐξουσία,
1877 3357 1991 3411 ἀλλ’

419 3450 544 3504 ἴδιον
574 3450 669 3504 τοῦ
702 3451 799 3522 μέν
852 3449 1141 3521 ἀνθρώπου
1185 3450 1248 3504 τὸ
1288 3451 1552 3520 δάκρυον⁶
1589 3453 1623 3521 ἡ
1660 3450 1718 3503 δὲ
1751 3450 1862 3522 ζωὴ
1893 3452 1993 3521 τῆς

416 3546 583 3606 ὅντως
627 3538 802 3615 ζωῆς’
848 3544 908 3597 ού
946 3544 1134 3614 τρέφει
1166 3542 1264 3606 τὰς
1302 3542 1546 3613 χιλιάδας
1589 3544 1623 3612 ἡ
1677 3541 1991 3613 ἀνθρωπίνη

420 3634 681 3706 πτωχεία,
721 3632 845 3688 οὔτε
872 3634 1054 3704 τρέχει
1081 3633 1175 3688 ἐπὶ
1201 3633 1299 3704 τὴν
1325 3633 1496 3702 συκῆν
1525 3635 1558 3704 ἠ
1591 3632 1996 3704 παντοδύναμος

420 3725 656 3792 ἐξουσία.
695 3725 790 3789 Τίς
818 3727 846 3778 6
876 3724 1084 3778 κοπιῶν
1110 3727 1175 3779 ἐκ
1206 3725 1306 3795 τῆς
1330 3722 1668 3796 ὁδοιπορίας,
1709 3723 1805 3778 καὶ
1845 3723 1930 3787 τίς
1967 3724 1996 3776 6

421 3813 637 3876 ἀπόνως
673 3811 793 3865 ὅλον
823 3811 914 3866 τὸν
945 3811 1148 3883 κόσμον
1187 3812 1499 3878 ὑποστήσας
1526 3811 1605 3881 τῷ
1630 3808 1809 3883 λόγῳ;
1842 3812 1908 3865 Τί
1937 3813 1999 3867 τὸ

422 3901 523 3972 τῆς
569 3900 726 3971 δόξης
773 3901 1149 3972 ἀπαύγασμα;
1199 3901 1265 3954 Τί
1324 3901 1388 3954 τὸ
1438 3902 1552 3964 τοῖς
1593 3900 1743 3971 ἣλοις
1791 3900 2000 3955 διαπει-

429 3993 692 4064 ρόμενον;
730 3992 869 4046 Ποία
920 3991 1103 4064 μορφὴ
1142 3991 1234 4044 ἐπὶ
1278 3988 1374 4044 τοῦ
1428 3989 1633 4054 πάθους
1680 3991 1997 4061 ραπίζεται,

426 4083 519 4137 καὶ
571 4082 701 4136 ποία
744 4081 805 4147 ἐξ
841 4083 1016 4137 άῖδίου
1058 4082 1374 4149 δοξάζεται;
1423 4081 1633 4153 φανερά
1676 4080 1791 4151 γὰρ¹
1829 4082 2002 4137 ταῦτα

426 4172 530 4227 κᾶν
592 4172 666 4244 μή
720 4188 805 4236 τις
863 4173 1246 4245 ἐφερμηνεύσῃ
1296 4170 1377 4241 τῷ
1439 4170 1615 4241 λόγῳ,
1647 4171 1728 4224 ὅτι
1793 4172 1849 4224 αἱ
1904 4171 2003 4242 μὲν

427 4262 635 4336 ’πληγαὶ⁵
678 4264 774 4318 τοῦ
806 4265 992 4318 δούλου
1013 4303 1027 4328 ,
1064 4265 1121 4317 ἐν
1149 4257 1195 4332 ᾧ
1229 4266 1258 4318 6
1293 4263 1606 4334 Δεσπότηςο
1641 4264 1699 4317 αἱ
1748 4262 1804 4316 δὲ
1848 4263 2005 4333 τιμαὶ

425 4355 523 4414 τοῦ
570 4355 841 4409 Δεσπότου
888 4355 1019 4426 ’περὶ¹
1060 4355 1120 4408 ὃν
1155 4357 1183 4408 6
1222 4353 1439 4418 δοῦλος’
1480 4354 1556 4416 ὡς
1598 4352 1687 4406 διὰ
1735 4352 1831 4423 τὴν
1880 4354 2004 4406 συν-

2094 3256 2239 3311 nitas
2289 3265 2394 3323 est,
2449 3272 2626 3321 neque
2678 3256 2936 3314 divinitas
2987 3268 3072 3314 est
3119 3266 3388 3321 mortalis.
3443 3268 3507 3322 Et
3554 3271 3661 3325 alia

2094 3351 2277 3404 omnia
2307 3349 2494 3404 eodem
2527 3349 2688 3404 modo
2716 3335 3065 3418 spectantur;
3098 3367 3274 3423 neque
3304 3356 3534 3412 humana
3566 3375 3663 3413 na-

2094 3448 2217 3494 tura
2276 3438 2516 3493 viviﬁcat
2570 3437 2858 3500 Lazarum,
2924 3455 3101 3509 neque
3159 3442 3430 3512 jacentem
3488 3448 3665 3517 plorat

2095 3532 2415 3602 impatibilis
2457 3538 2723 3601 potestas.
2771 3529 2879 3585 Sed
2926 3531 3163 3588 hominis
3213 3536 3429 3605 propria
3468 3545 3552 3592 est
3581 3539 3664 3592 la-

2095 3634 2317 3694 cryma;
2371 3623 2482 3676 vita
2527 3637 2657 3676 vero
2695 3628 2781 3677 est
2828 3623 2954 3677 vitae
2996 3638 3118 3692 quae
3162 3640 3349 3680 revera
3394 3635 3497 3682 est.
3545 3627 3663 3684 Non

2098 3713 2338 3767 humana
2376 3711 2700 3766 mendicitas
2731 3711 2910 3781 pascit
2940 3713 3113 3765 multa
3141 3713 3422 3769 hominum
3460 3717 3665 3782 millia:

2098 3818 2212 3861 non
2262 3803 2333 3879 ad
2389 3802 2549 3858 ﬁcum
2609 3803 2784 3857 currit
2834 3803 3183 3873 omnipotens
3227 3814 3492 3875 potestas.
3532 3808 3667 3876 Quis

2103 3894 2362 3967 fatigatur
2389 3910 2457 3950 ex
2502 3894 2721 3958 itinere,
2756 3901 2810 3949 et
2837 3895 2963 3965 quis
2994 3896 3200 3967 absque
3239 3898 3426 3956 labore
3454 3902 3670 3957 univer-

2100 4002 2223 4042 sum
2292 3986 2556 4040 mundum
2595 3986 2762 4041 verbo
2790 3987 3091 4044 subsistere
3124 3987 3290 4044 facit?
3317 3990 3452 4057 Quis
3484 3994 3673 4062 gloria:

2100 4078 2397 4150 splendor?
2438 4077 2579 4145 Quid
2624 4079 2770 4149 quod
2818 4079 2987 4135 clavis
3013 4088 3096 4135 est
3129 4082 3503 4137 transﬁxum?
3537 4085 3673 4151 Quae

2101 4170 2285 4227 facies
2316 4171 2372 4225 in
2422 4172 2677 4242 passione
2725 4172 2972 4242 colaphis
3016 4172 3317 4240 inﬂigitur?
3370 4183 3425 4227 et
3452 4191 3575 4244 qua:
3604 4180 3673 4231 ab

2102 4269 2306 4316 aeterno
2347 4261 2718 4332 gloriﬁcatur?
2766 4259 2893 4315 ibeo
2922 4262 3069 4315 enim
3104 4267 3234 4314 sunt
3258 4261 3426 4325 clara,
3457 4262 3672 4320 etiamsi

2104 4352 2231 4421 quis
2275 4364 2530 4405 sermone
2584 4365 2692 4405 non
2742 4351 2978 4420 explicet
3004 4389 3019 4414 ,
3068 4348 3215 4417 quod
3253 4350 3421 4421 plaga:
3467 4363 3521 4407 et
3552 4369 3676 4409 ver—

428 4449 623 4517 ἀφειάν
655 4464 715 4502 τε
748 4448 842 4501 καὶ
878 4447 1153 4518 συμφυΐαν
1185 4444 1341 4498 κοινά
1383 4444 1627 4514 γίνεσθαι
1651 4443 1919 4515 ἑκατέρας
1937 4444 1990 4498 τέ

2106 4443 2237 4496 bera
2279 4447 2407 4496 sunt
2439 4441 2604 4507 servi,
2659 4441 2713 4494 in
2745 4456 2854 4511 quo
2897 4440 3195 4508 Dominus;
3225 4442 3462 4498 honores
3494 4452 3674 4501 autem

428 4539 734 4611 ἀμφότερα,
755 4535 851 4590 τοῦ
877 4536 1147 4589 Δεσπότου
1172 4536 1296 4598 τοὺς
1322 4534 1598 4598 δουλικοὺς
1624 4533 1896 4605 μώλωπας
1921 4535 1990 4598 είς

2106 4532 2343 4594 Domini,
2395 4532 2544 4586 circa
2603 4545 2765 4600 quem
2814 4545 3054 4586 servus:
3118 4531 3190 4584 ita
3242 4538 3300 4584 ut
3362 4547 3461 4602 per
3521 4548 3676 4588 com.

428 4630 617 4685 ἐαυτὸν
648 4627 1134 4699 ἀναλαμϐάνοντος,
1163 4627 1260 4680 κα)⁵
1284 4624 1378 4679 τοῦ
1400 4625 1585 4679 δούλου
1610 4628 1675 4697 τῇ
1704 4628 1990 4697 Δεσποτικῗ

2104 4638 2293 4695 pagem
2320 4631 2374 4679 ει
2395 4637 2592 4677 nexum
2630 4620 2928 4676 naturalem
2960 4622 3268 4675 communia
3303 4621 3434 4676 {iant
3471 4625 3678 4680 utrius-

426 4721 779 4792 δοξαζομένου
803 4721 972 4791 τιμῇ·
1001 4718 1089 4772 διὰ
1120 4717 1277 4772 τοῦτο
1301 4717 1409 4789 γὰρ
1427 4716 1524 4770 καὶ
1550 4715 1642 4770 τοῦ
1673 4718 1877 4788 Κυρίου
1907 4717 1990 4787 τῆς

2104 4730 2211 4784 que
2246 4721 2497 4782 utraque,
2519 4710 2750 4767 Domino
2786 4710 3011 4765 serviles
3035 4710 3245 4765 vibices
3271 4722 3604 4777 assumente,
3625 4721 3680 4769 et

427 4812 585 4884 δόξης
611 4815 639 4866 6
671 4811 903 4883 σταυρὸς
931 4810 1166 4878 λέγεται,
1196 4810 1293 4863 καὶ
1320 4811 1470 4862 πᾶσα
1505 4806 1726 4877 γλῶσσα
1760 4807 1990 4880 ἐξομολο-

2104 4818 2263 4860 servo
2287 4802 2572 4857 Dominico
2612 4802 2818 4855 honore
2838 4799 3139 4870 gloriﬁcato
3164 4817 3178 4856 :
3211 4800 3280 4857 ob
3306 4816 3426 4856 eam
3457 4818 3679 4858 causam

427 4906 627 4970 γεῖται,
670 4904 753 4958 ὅτι
785 4901 983 4973 Κύριος
1024 4900 1230 4971 Ἰησοῦς
1273 4897 1510 4970 Χριστὸς
1556 4899 1637 4961 είς
1678 4896 1836 4963 δόξαν
1870 4896 1990 4951 Θεοί

2104 4895 2250 4951 enim
2282 4903 2336 4949 et
2363 4893 2573 4948 Domini
2594 4891 2777 4963 gloriae
2808 4906 2940 4945 crux
2959 4890 3181 4955 dicitur,
3207 4899 3259 4945 et
3288 4895 3467 4949 omnis
3496 4894 3679 4965 lingua

431 4996 666 5068 Πατρός.
2108 4986 2417 5048 conﬁtetur,
2466 4987 2592 5055 quia
2629 4983 2893 5039 Dominus
2932 4981 3094 5040 Jesus
3145 4984 3396 5042 Christus
3424 4986 3479 5041 in
3509 4987 3680 5057 gloria

2108 5084 2194 5133 est
2234 5077 2329 5132 Dei
2369 5076 2550 5132 Patris
2601 5078 2667 5134 ¹⁹.

502 5174 566 5226 Et
593 5173 651 5227 δὲ
675 5172 783 5246 χρὴ
810 5173 905 5227 καὶ
931 5172 998 5227 τά
1018 5171 1182 5226 λοιπά
1213 5170 1352 5226 κατὰ
1372 5172 1464 5225 τὸν
1485 5170 1648 5225 αὐτὸν
1667 5170 1858 5223 διελεῖν
1885 5169 1990 5240 τρό⁴

2183 5168 2341 5236 Quod
2391 5169 2437 5224 si
2467 5176 2682 5238 oportet
2717 5170 2927 5238 reliqua
2959 5170 3120 5225 etiam
3153 5171 3343 5226 eodem
3376 5165 3539 5220 modo
3571 5166 3685 5221 dis-

435 5282 552 5332 πον,
592 5264 943 5335 σκεψώμεθα,
974 5264 1025 5318 τί
1055 5265 1115 5317 τὸ
1146 5264 1486 5334 ἀποθνῆσκον
1508 5301 1524 5326 ,
1554 5261 1649 5315 καὶ
1673 5261 1726 5314 τί
1756 5261 1817 5314 τὸ
1846 5278 2015 5314 κατα-

435 5356 561 5411 λύον
585 5358 676 5411 τὸν
705 5358 966 5411 θάνατον’
1008 5356 1061 5409 τί
1094 5355 1157 5408 τὸ
1194 5355 1684 5425 ἀνακαινούμενονο
1724 5353 1821 5407 καὶ
1859 5353 1913 5406 τί
1950 5352 2013 5406 τὸ

438 5448 781 5519 κενούμενον.
809 5444 1072 5500 Κενοῦται
1108 5444 1204 5515 μὲν
1237 5445 1346 5516 γὰρ
1370 5447 1405 5517 ἠ
1435 5432 1645 5513 θεότης,
1678 5444 1764 5498 ἵνα
1791 5442 2012 5515 χωρητὴ

435 5539 503 5611 τῇ
530 5535 849 5608 ἀνθρωπίνῃ
876 5533 1034 5603 φύσει
1066 5531 1306 5604 γένηται·
1338 5533 1718 5589 ἀνακαινοῦται
1742 5532 1799 5588 δέ
1829 5532 1890 5586 τὸ
1919 5533 2013 5587 ἀν-

516 5742 554 5772 ¹⁹
586 5737 824 5807 Philipp.
844 5747 904 5804 ιι,
932 5733 1013 5789 11.

2111 5261 2381 5331 tinguere,
2413 5258 2828 5316 consideremus
2858 5261 2988 5331 quid
3015 5260 3161 5330 quod
3185 5259 3439 5319 moritur,
3470 5263 3523 5309 et
3554 5257 3683 5325 quid

2115 5350 2262 5422 quod
2314 5359 2543 5406 mortem
2595 5351 2892 5407 dissolvit:
2937 5351 3070 5420 quid
3108 5349 3271 5403 etiam
3308 5346 3363 5400 id
3415 5347 3559 5415 quod
3595 5365 3683 5403 re-

2116 5448 2373 5507 novatur,
2411 5449 2465 5496 et
2486 5442 2617 5511 quid
2646 5442 2793 5512 quod
2822 5440 3158 5496 exinanitur.
3192 5435 3518 5491 Exinanitur
3538 5439 3684 5494 enim

2116 5531 2393 5597 divinitas,
2434 5539 2493 5584 ut
2535 5530 2655 5601 capi
2695 5530 2871 5599 possit
2911 5527 2965 5580 in
3022 5526 3262 5582 humana
3306 5533 3551 5584 natura:
3596 5542 3685 5586 re-
