4010 6156
343 356 447 423 707

1589 354 1648 418 Β.
1690 350 2024 418 οιιεσῡιιιι
2052 346 2349 416 NYSSEM

3494 348 3598 400 708

341 494 575 542 novatur
612 497 740 538 vero
785 477 930 552 quod
960 481 1260 536 humanum
1286 489 1390 545 est,
1426 496 1546 534 cum
1586 480 1642 535 ﬁt
1676 480 1918 534 divinum

2027 477 2320 550 θρὼπινον,
2362 475 2450 530 διὰ
2480 476 2577 546 τῆς
2612 469 2745 546 πρὸς
2777 472 2837 526 τὺ
2861 469 3016 525 Θεῖον
3059 469 3414 539 ἀνακράσεως
3465 468 3607 521 Θεῖσν

342 596 440 652 per
465 575 914 646 temperationem
943 590 1069 630 cum
1107 575 1410 632 divinitate.
1445 574 1914 641 Quemadmodum

342 671 492 725 enim
537 683 632 724 aer
686 668 801 722 sive
849 667 1082 736 spiritus
1124 664 1181 720 in
1231 680 1374 734 aqua
1428 682 1536 719 non
1582 666 1916 729 continetur,

345 777 472 816 cum
519 760 706 830 aliquo
747 757 984 829 graviori
1015 771 1247 826 corpore
1280 759 1576 812 conclusus
1611 765 1666 812 et
1696 764 1916 811 contra-

343 862 468 906 ctus
520 852 574 906 in
628 864 786 919 aquae
829 847 1203 918 profunditate
1239 848 1466 903 relictus
1503 848 1688 912 fuerit,
1720 849 1812 904 sed
1851 848 1918 903 ad

343 951 636 1014 cognatum
682 942 792 998 sibi
833 941 1071 995 recurrit
1119 941 1474 1012 principium,
1548 957 1688 1011 aqua
1737 948 1918 994 autem

345 1052 488 1106 sape
539 1050 662 1090 cum
721 1050 948 1088 recursu
995 1033 1226 1104 spiritus
1281 1033 1571 1096 attollitur,
1626 1033 1682 1087 in
1733 1031 1919 1088 subtili

343 1127 577 1197 quadam
623 1133 676 1179 et
719 1129 771 1178 in
816 1125 1034 1178 modum
1075 1124 1404 1178 membranae
1449 1124 1598 1178 tenui
1631 1123 1921 1193 superficie

346 1219 493 1272 aerio
540 1216 750 1270 circulo
795 1217 1076 1269 incurvata
1118 1222 1131 1267 ':
1181 1215 1261 1269 sic
1310 1215 1474 1268 etiam
1526 1227 1656 1269 vera
1702 1215 1814 1270 vita
1864 1214 1918 1268 in

344 1320 509 1363 carne
559 1308 667 1363 sita
717 1307 782 1361 ad
836 1307 1072 1376 seipsam
1119 1314 1242 1376 post
1289 1308 1600 1375 passionem
1659 1322 1783 1362 cum
1831 1322 1919 1361 re-

345 1400 519 1454 currit
557 1417 570 1452 :
604 1399 768 1453 etiam
811 1413 941 1452 caro
993 1412 1114 1465 quae
1167 1397 1374 1451 circum
1435 1397 1606 1466 ipsam
1655 1411 1685 1450 a
1737 1393 1920 1450 divina

346 1490 760 1545 immortalitate
795 1489 847 1542 in
879 1489 1044 1541 altum
1091 1488 1303 1542 sublata
1336 1494 1441 1553 est,
1491 1502 1518 1540 a
1567 1487 1921 1556 corruptione

346 1581 412 1635 ad
445 1582 496 1636 id
527 1581 672 1650 quod
703 1587 788 1635 est
821 1579 1234 1648 incorruptibile
1260 1594 1482 1634 sursum
1514 1578 1823 1648 compulsa.
1856 1577 1921 1631 Et

346 1669 806 1742 quemadmodum
859 1671 914 1725 in
972 1671 1118 1741 ligno
1175 1670 1318 1742 ignis
1373 1670 1517 1724 intra
1576 1655 1918 1739 superficiem

347 1765 601 1821 conditus
621 1768 673 1820 et
707 1765 941 1834 sbpitus,
966 1763 1266 1818 videntium
1297 1762 1382 1818 vel
1409 1763 1745 1833 tangentium
1784 1750 1918 1814 fallit

347 1871 491 1924 sape
535 1871 791 1921 sensum;
837 1854 1137 1909 suscitatus
1185 1861 1368 1908 autem
1425 1854 1691 1922 apparet:
1738 1852 1819 1906 sic
1867 1850 1919 1904 in

346 1952 554 2012 morte,”
593 1961 758 2017 quam
791 1945 920 2000 fecit
954 1961 1053 2017 pro
1081 1961 1180 2000 sua
1222 1952 1518 2016 potestate,
1553 1944 1646 2014 qui
1684 1943 1920 1996 animam

346 2055 504 2095 suam
544 2054 574 2091 a
621 2053 852 2108 corpore
900 2037 1190 2107 disjunxit,
1221 2051 1345 2091 cum
1379 2035 1448 2090 ad
1479 2033 1697 2090 Patrem
1742 2034 1920 2089 dixit:

349 2127 536 2194 Pater,
578 2127 671 2180 tibi
719 2129 775 2180 in
812 2141 1002 2180 manus
1036 2125 1339 2180 commendo
1369 2126 1612 2194 spiritum
1647 2140 1816 2178 meum
1839 2125 1920 2191 ’°;

346 2219 463 2290 qui,
515 2218 656 2273 sicut
695 2216 852 2282 dixit,
906 2221 1232 2286 potestatem
1283 2216 1445 2272 habet
1505 2215 1703 2270 iterum
1750 2215 1923 2284 ipsam

347 2309 596 2366 sumendi
634 2327 647 2362 :
693 2307 784 2362 hic
837 2307 1164 2363 confusione
1208 2323 1332 2378 quae
1367 2307 1434 2362 ab
1476 2306 1793 2362 hominibus
1840 2312 1925 2361 est

345 2409 681 2472 contempta,
723 2400 850 2472 quia
903 2401 974 2456 sit
1019 2399 1286 2456 Dominus
1340 2399 1550 2470 gloriae,
1597 2398 1761 2453 vel‘dti
1801 2398 1925 2452 vita:

346 2495 402 2552 in
441 2501 634 2549 natura
658 2492 906 2564 corporis
937 2499 1194 2548 contecto
1221 2491 1564 2546 suscitabulo
1585 2533 1599 2556 ,
1637 2491 1752 2544 sive
1781 2488 1922 2560 igni-

346 2586 505 2653 culo,
553 2585 609 2639 iu
663 2583 1076 2654 dispensatione
1106 2581 1410 2637 secundum
1447 2590 1680 2636 mortem
1726 2595 1924 2636 rursus

348 2680 618 2742 accendit,
656 2687 708 2733 et
743 2677 1031 2734 suscitavit
1059 2677 1302 2746 potentia
1343 2690 1456 2731 sua:
1497 2675 1742 2738 deitatis,
1779 2675 1924 2744 quod

349 2771 733 2825 mortiﬁcatum
782 2777 902 2823 erat
945 2768 1220 2830 refovens,
1270 2777 1323 2822 et
1367 2768 1446 2822 sic
1482 2767 1537 2820 in
1592 2766 1790 2820 divinae
1828 2782 1926 2836 p0-

349 2862 531 2917 tentia:
579 2859 906 2915 inﬁnitatem
975 2859 1142 2916 breve
1196 2859 1330 2913 illud
1373 2863 1582 2914 natura:
1629 2868 1831 2914 nostra:
1861 2859 1926 2912 li-

348 2953 664 3008 bamentum
705 2967 834 3006 cum
881 2951 1104 3015 infudit,
1155 2951 1300 3022 quod
1347 2953 1567 3024 quidem
1617 2953 1734 3024 ipse
1783 2960 1921 3019 erat,

347 3045 454 3101 hoc
499 3055 555 3101 et
606 3044 740 3100 illud
795 3044 948 3112 iecit,
991 3047 1242 3102 serVilem
1290 3044 1546 3110 formam,
1586 3043 1920 3100 Dominum:

344 3146 401 3193 et
439 3137 714 3192 hominem
759 3153 826 3192 ex
871 3137 1040 3192 Maria
1079 3144 1290 3203 natum,
1333 3136 1645 3204 Christum;
1694 3145 1749 3192 et
1795 3152 1923 3192 cru-

349 3229 572 3284 ciﬁxum
603 3245 668 3285 ex
697 3229 1093 3294 imbecillitate,
1124 3229 1288 3283 vitam
1318 3236 1371 3284 et
1400 3229 1698 3298 potentiam
1723 3245 1735 3280 :
1756 3236 1924 3299 atque

343 3322 526 3376 omnia
555 3336 893 3392 quaacunque
919 3321 974 3375 in
1005 3320 1116 3376 Deo
1151 3317 1329 3376 Verbo
1361 3322 1448 3390 pie
1481 3320 1922 3386 considerantur,

342 3413 506 3468 etiam
532 3413 586 3468 in
616 3422 900 3484 assumpto
930 3428 962 3467 a
995 3412 1177 3468 Verbo
1207 3412 1435 3466 faciens.
1482 3409 1560 3465 Ita
1599 3420 1659 3465 ut
1689 3426 1797 3464 non
1830 3427 1926 3480 per

343 3502 666 3557 divisionem
712 3501 1070 3571 peculiariter
1117 3501 1173 3554 in
1207 3505 1438 3568 utroque
1478 3499 1594 3552 hac
1637 3499 1926 3554 videantur

343 3607 487 3655 esse,
535 3590 629 3645 sed
685 3605 809 3643 cum
848 3589 1136 3644 divinitate
1174 3589 1590 3659 temperatione,-
1621 3588 1922 3643 secundum

343 3680 400 3736 id
437 3679 583 3750 quod
640 3679 1042 3749 prazpotentius
1089 3687 1175 3735 est
1244 3687 1489 3735 recreata
1544 3678 1923 3748 corruptibilis

343 3781 563 3834 natura,
604 3771 863 3841 potentia:
915 3769 1138 3827 deita'ris
1181 3770 1457 3843 particeps
1501 3770 1646 3826 facta
1697 3771 1790 3835 sit,
1857 3777 1918 3825 ut

345 3865 393 3919 si
437 3863 562 3934 quis
597 3864 766 3926 dicat,
815 3863 954 3918 aceti
989 3872 1193 3933 guttam
1232 3873 1384 3919 vasto
1424 3863 1563 3919 mari
1605 3864 1920 3930 immistam,

344 3972 442 4026 per
466 3955 782 4026 ltujusmodi
813 3957 1124 4012 mistionem
1157 3957 1324 4013 maris
1341 3958 1920 4028 qualitatesinduisse,

344 4050 472 4120 quia
507 4065 615 4104 non
655 4047 893 4120 amplius
929 4049 1230 4105 secundum
1261 4052 1514 4102 naturam
1549 4047 1712 4116 hujus
1745 4048 1922 4117 liquo-

343 4141 422 4197 ris
456 4142 696 4213 qualitas
725 4141 779 4196 iu
823 4140 1194 4196 immensitate
1219 4139 1572 4210 praepotentis
1601 4138 1919 4194 immaueat.

345 4231 438 4288 Sic
487 4242 675 4288 noster
722 4245 906 4286 sermo
953 4233 1064 4285 n'on
1111 4240 1401 4284 numerum
1445 4227 1812 4291 Christorum,
1863 4238 1923 4283 ut

342 4324 665 4378 criminatur
711 4319 1036 4386 Eunomius,
1090 4320 1187 4378 sed
1223 4320 1482 4376 unionem
1519 4319 1760 4378 hominis
1796 4336 1922 4377 cum

1955 1840 1994 1894 Β

1951 3183 1996 3246 c
2007 3276 2010 3279 .

2019 569 2322 638 γινόμενον.
2383 568 2468 631 Ὠς
2497 567 2604 636 γάρ
2646 565 2704 618 οὐ
2737 565 3016 635 κρατεῖται
3057 560 3274 630 πνεῦμα
3319 559 3374 610 ἐν
3429 555 3605 619 ὕδατι,

2018 660 2146 713 ὅταν
2195 660 2303 713 τινὶ
2340 659 2449 713 τῶν
2503 657 2820 729 βαρυτέρων
2873 650 3362 723 συγκατασπασθῖεν
3410 651 3611 703 ἐναπο-

2020 751 2210 821 λειφθῇ
2250 751 2326 823 τῷ
2376 750 2528 824 βάθει
2576 748 2671 802 τοῦ
2722 747 2933 809 ὓδατος,
2971 744 3084 798 ἀλλ’
3125 742 3216 796 ἐπὶ
3249 741 3310 794 rb
3347 737 3614 807 συγγενὲς

2021 845 2327 916 ἀνατρέχει·
2376 844 2436 896 rb
2483 843 2540 895 δὲ
2579 842 2720 911 ὕδωρ
2772 839 3029 902 πολλάκις
3073 838 3138 907 τῇ
3187 833 3466 904 ἀναδρομῇ
3515 831 3610 882 τοῦ

2022 937 2332 1006 πνεύματος
2366 933 2772 1004 συνεπαίρεται,
2801 933 2857 984 ἐν
2885 930 3054 998 λεπτῇ
3085 944 3188 980 τινι
3222 925 3315 978 καὶ
3343 921 3612 994 ύμενώδει

2020 1030 2086 1098 τῇ
2120 1025 2410 1098 ἐπιφανείᾳ
2443 1025 2668 1097 ἀερώδει
2695 1022 2880 1093 κύκλῳ
2907 1017 3435 1091 περικυρτούμενον·
3468 1011 3612 1065 οὕτω

2023 1121 2116 1174 καὶ
2143 1119 2244 1188 τῆς
2271 1117 2532 1189 ἀληθινῆς
2555 1116 2698 1186 ζωῆς
2719 1116 2816 1186 τῆς
2845 1110 3169 1182 ἐγκειμένης
3189 1111 3254 1178 τῇ
3285 1107 3445 1176 σαρκὶ
3472 1105 3614 1176 πρὸς

2025 1210 2218 1281 ἑαυτὴν
2266 1211 2404 1280 μετά
2445 1209 2507 1262 rb
2539 1208 2710 1272 πάθος
2753 1201 3210 1276 ἀναδραμούσηςο
3262 1199 3357 1252 καὶ
3395 1199 3430 1268 ἡ
3479 1197 3612 1266 περὶ

2023 1306 2192 1376 αὐτὴν
2238 1303 2375 1376 σὰρξ
2416 1300 2728 1374 συνεπῄρθη
2778 1290 2880 1352 ὑπὸ
2915 1298 3013 1368 τῆς
3057 1293 3241 1364 θεῖκῆς
3289 1290 3609 1353 ἀθανασίας,

2023 1396 2130 1450 ἀπὸ
2152 1399 2249 1468 τῆς
2275 1395 2480 1465 φθορᾶς
2513 1392 2915 1447 συνανωσθεῖσα
2948 1389 3039 1441 ἐπὶ
3078 1388 3138 1441 rb
3172 1385 3466 1456 ἄφθαρτον.
3499 1382 3612 1434 Καὶ

2022 1489 2211 1558 ὥσπερ
2242 1489 2302 1540 rb
2337 1489 2393 1540 ἐν
2428 1485 2506 1558 τῷ
2546 1475 2687 1557 ξύλῳ
2727 1484 2839 1554 πῦρ
2875 1482 3026 1545 ἐντὸς
3059 1479 3318 1542 πολλάκις
3351 1478 3449 1548 τῆς
3493 1479 3614 1529 ὲπι-

2024 1581 2248 1649 φανείας
2275 1568 2648 1647 κρυπτόμενον
2667 1617 2682 1642 ,
2721 1573 2972 1628 λανθάνει
3001 1571 3110 1625 τῶν
3159 1570 3407 1641 ὁρώντων
3439 1569 3471 1639 ἢ
3501 1568 3613 1620 τῶν

2022 1671 2344 1742 ἁπτομένων
2369 1669 2467 1741 τὴν
2497 1668 2744 1738 αἴσθησιν
2767 1684 2780 1696 '
2806 1655 3333 1734 ἀναζωπυρούμενον
3362 1662 3418 1714 δὲ
3448 1679 3611 1730 φανε-

2025 1765 2211 1835 ροῦται
2233 1780 2246 1793 ·
2278 1761 2450 1824 οὕτως
2483 1759 2578 1814 καλ⁸
2619 1761 2676 1813 ὲν
2707 1759 2785 1830 τῷ
2829 1757 3042 1826 θανάτῳ
3073 1756 3131 1808 ὃν
3163 1754 3456 1825 πεποίηται
3490 1752 3614 1807 κατ’

2023 1849 2266 1922 ἐξουσίαν
2292 1857 2319 1908 ὁ
2345 1852 2628 1918 διαζεύξας
2661 1852 2757 1921 τὴν
2786 1850 2962 1922 ψυχὴν
2996 1847 3103 1903 ἀπὸ
3140 1845 3234 1900 τοῦ
3276 1843 3546 1916 σώματος,
3587 1845 3614 1897 ό

2023 1948 2192 2003 εἰπὼν
2229 1948 2364 2020 πρὸς
2392 1947 2483 2000 τὸν
2519 1945 2647 1999 ἴδιον
2693 1943 2943 2014 Πατέρα,
2998 1944 3081 1996 ὅτι
3127 1941 3223 1993 Ἐν
3259 1941 3389 2005 ταῖς
3440 1937 3616 2008 χερσί

2022 2058 2139 2096 σου
2164 2039 2519 2109 παρατίθημι
2552 2037 2620 2092 τὸ
2651 2035 2884 2104 πνεῦμά
2912 2051 3031 2104 μου
3058 2050 3070 2062 ·
3111 2035 3158 2098 ὁ,
3201 2030 3381 2094 καθώς
3427 2047 3614 2099 φησιν,

2022 2133 2268 2201 ἐξουσίαν
2314 2132 2451 2202 ἔχων
2500 2129 2661 2185 πάλιν
2690 2129 2876 2182 λαϐεῖν
2909 2124 3080 2196 αὐτὴν
3116 2167 3128 2189 ,
3162 2117 3315 2186 οὗτος
3353 2125 3380 2176 ὁ
3417 2121 3517 2192 τῆς
3555 2123 3618 2172 ἐν

2021 2225 2328 2298 ἀνθρώποις
2357 2215 2616 2294 αἰσχύνης
2650 2217 3073 2298 καταφρονήσας
3094 2257 3106 2281 ,
3137 2217 3226 2270 διὰ
3253 2213 3312 2269 τὸ
3342 2210 3479 2268 εἷναι
3513 2213 3618 2282 τῆς

2021 2319 2178 2388 δόξης
2213 2317 2412 2389 Κύριος
2436 2355 2451 2380 ,
2495 2315 2656 2368 οἱονεὶ
2703 2311 3053 2383 συγκαλύψας
3089 2307 3149 2363 τὸ
3186 2308 3288 2378 τῆς
3319 2306 3465 2378 ζωῆς
3514 2307 3616 2376 ξμ-

2023 2409 2279 2480 πύρευμα
2321 2411 2387 2479 τῇ
2442 2401 2602 2475 φύσει
2639 2403 2733 2458 τοῦ
2787 2402 3077 2474 σώματος,
3129 2403 3186 2454 ὲν
3233 2402 3298 2470 τῇ
3337 2397 3479 2452 κατά
3525 2397 3620 2450 τὸν

2024 2505 2253 2559 θάνατον
2286 2498 2587 2570 οἰκονομίᾳ,
2621 2497 2782 2551 πάλιν
2812 2493 2984 2566 ἀνῆψέ
3013 2511 3069 2547 τε
3104 2483 3198 2547 καὶ
3221 2489 3619 2561 ἀνεζωπύρησὲ

2022 2596 2090 2664 τῇ
2141 2591 2367 2662 δυνάμει
2419 2590 2519 2658 τῆς
2577 2588 2710 2651 ἰδίας
2763 2586 3034 2657 θεότητος,
3073 2582 3132 2637 τὸ
3173 2581 3447 2651 νεκρωθὲν
3486 2582 3623 2633 am.-

2025 2685 2250 2755 θάλψας,
2286 2684 2379 2737 καὶ
2415 2682 2585 2745 οὕτως
2620 2680 2697 2752 τῷ
2740 2678 2953 2750 ἀπείρῳ
2982 2678 3081 2746 τῆς
3114 2675 3297 2744 θεῖκῆς
3332 2673 3622 2744 δυνάμεως

2023 2778 2122 2850 τὴν
2166 2777 2424 2849 βραχεῖαν
2474 2772 2689 2843 ἐκείνην
2742 2772 2842 2842 τῆς
2895 2767 3109 2837 φύσεως
3161 2767 3318 2838 ἡμῶν
3361 2765 3621 2836 ἀπαρχὴν

2024 2869 2292 2940 ἀναχέαςο
2321 2869 2458 2938 ὅπερ
2498 2865 2659 2929 αὐτὸς
2691 2850 2780 2936 ἧν,
2812 2862 2968 2915 τοῦτο
2997 2861 3216 2914 κάκεῖνο
3246 2857 3492 2928 ἐποίησε,
3517 2855 3622 2926 τὴν

2024 2952 2278 3031 δουλικὴν
2315 2957 2530 3029 μορφὴν
2569 2955 2806 3026 Κύριονο
2847 2953 2941 3007 καὶ
2976 2952 3066 3006 τὸν
3099 2949 3385 3020 ἄνθρωπον
3423 2947 3515 3000 τὸν
3555 2948 3622 2999 ἐκ

2023 3053 2242 3124 Μαρίας
2280 3049 2545 3123 Χριστόν·
2583 3048 2678 3101 καὶ
2707 3045 2796 3099 τὸν
2827 3042 3209 3115 σταυρωθέντα
3243 3039 3303 3104 ἐξ
3330 3039 3621 3102 ἀσθενείας

2027 3143 2171 3216 ζωὴν
2197 3145 2290 3198 καὶ
2328 3142 2590 3213 δύναμιν’
2624 3139 2719 3194 καὶ
2754 3139 2931 3193 πάντα
2964 3139 3064 3190 ὅσα
3104 3137 3162 3188 ὲν
3196 3133 3272 3205 τῷ
3306 3133 3428 3202 Θεῷ
3457 3134 3619 3203 Λόγῳ

2027 3236 2169 3292 κατὰ
2195 3236 2255 3288 rb
2284 3235 2502 3297 εὐσεϐὲς
2550 3233 2836 3304 θεωρεῖται
2857 3270 2871 3296 ,
2920 3230 3016 3284 καὶ
3052 3231 3108 3283 ὲν
3145 3228 3223 3298 τῷ
3253 3226 3618 3298 ἀναληφθέντι

2025 3326 2176 3400 παρὰ
2217 3325 2312 3379 τοῦ
2363 3323 2540 3392 Λόγου
2574 3323 2825 3393 ποιήσας.
2885 3321 2972 3384 Ὠς
3019 3319 3093 3391 μὴ
3155 3317 3297 3371 κατὰ
3346 3316 3615 3386 διαίρεσιν

2027 3419 2333 3484 ἰδιαζόντως
2357 3418 2442 3486 ἐφ’
2474 3406 2733 3487 ἑκατέρου
2767 3414 2940 3467 ταῦτα
2977 3400 3156 3466 δοκεῖν
3195 3406 3353 3474 εἶναι,
3387 3409 3524 3464 ἀλλά
3547 3411 3613 3479 τῇ

2024 3510 2160 3581 πρὸς
2192 3504 2253 3563 rb
2285 3509 2438 3562 Θείον
2481 3507 2781 3578 ἀνακράσει
2833 3504 2974 3558 κατὰ
3010 3499 3072 3556 rb
3115 3501 3445 3572 ἐπικρατοῦν
3481 3501 3611 3554 ἀνα-

2025 3600 2339 3672 ποιηθεῖσαν
2366 3599 2463 3671 τῆν
2498 3598 2762 3668 ἐπίκηρον
2792 3585 2952 3664 φύσιν
2973 3635 2987 3659 ,
3029 3591 3352 3665 μεταλαϐεῖν
3389 3591 3488 3664 τὴν
3515 3592 3613 3661 τῆς

2024 3690 2273 3760 θεότητος
2303 3687 2532 3758 δύναμιν
2555 3725 2571 3752 ,
2605 3687 2681 3750 ὡς
2720 3686 2878 3749 εἴτις
2910 3685 3089 3754 λέγοι,
3125 3685 3207 3736 ὅτι
3247 3683 3346 3754 τὴν
3380 3682 3612 3750 σταγόνα

2022 3781 2117 3835 τοῦ
2145 3780 2298 3846 ὄξους
2328 3780 2690 3851 ὲμμιχθεϊσαν
2720 3776 2798 3848 τῷ
2822 3776 3068 3844 πελάγει,
3102 3774 3376 3829 θάλασσαν
3401 3775 3435 3845 ἠ
3470 3771 3612 3843 μίξις

2024 3869 2278 3937 ἑποίωσε,
2309 3869 2389 3941 τῷ
2442 3868 2638 3941 μηκέτι
2675 3868 2774 3935 τὴν
2827 3866 2970 3920 κατὰ
3008 3865 3169 3936 φύσιν
3212 3865 3475 3935 ποιότητα
3519 3862 3610 3936 τοῦ

2023 3960 2192 4034 ὑγροῦ
2223 3960 2412 4015 τούτου
2441 3961 2499 4013 ὲν
2531 3951 2597 4031 τῇ
2633 3957 2859 4029 ἀπειρίᾳ
2887 3956 2980 4011 τοῦ
3015 3955 3441 4028 ἐπικρατοῦντος
3478 3973 3610 4025 συμ-

2025 4052 2243 4124 μένειν·
2287 4049 2462 4114 οὕτως
2501 4051 2529 4103 ὁ
2560 4050 2828 4121 ἡμέτερος
2864 4048 3020 4118 λόγος
3059 4048 3161 4102 οὐκ
3201 4044 3435 4117 ἀριθμὸν
3478 4047 3609 4117 Χριά

2025 4144 2186 4208 στῶν,
2207 4141 2390 4207 καθὼς
2415 4143 2714 4213 κατηγορεῖ
2747 4143 2775 4194 ό
2807 4140 3096 4210 Εὐνόμιος,
3133 4139 3266 4193 ἀλλὰ
3300 4138 3496 4191 ἕνωσιν
3519 4136 3607 4190 τοῦ

2023 4233 2312 4308 ἀνθρώπου
2341 4234 2478 4306 πρὸς
2507 4234 2570 4287 τὸ
2602 4235 2756 4289 Θεῖον
2789 4233 3128 4305 πρεσϐεύων,
3154 4231 3252 4302 τὴν
3291 4231 3386 4285 τοῦ
3417 4229 3608 4302 θνητοῦ

2022 4329 2157 4400 πρὸς
2187 4329 2249 4382 rb
2274 4328 2562 4390 ἀθάνατον,
2597 4327 2690 4380 καὶ
2722 4326 2819 4398 τὴν
2847 4325 2940 4380 τοῦ
2979 4324 3166 4379 δούλου
3205 4323 3342 4395 πρὸς
3380 4323 3472 4377 τὸν
3498 4321 3605 4376 Κύ-

341 4413 453 4469 Deo
496 4415 792 4478 afﬁrmans,
835 4414 1085 4469 mortalis
1112 4428 1236 4468 cum
1267 4411 1588 4476 immortali,
1621 4413 1763 4468 servi
1795 4428 1920 4467 cum

2026 4397 2160 4490 ριον,
2186 4419 2280 4472 καὶ
2306 4417 2403 4490 τὴν
2425 4418 2521 4489 τῆς
2545 4397 2818 4489 ἁμαρτίας
2849 4417 2985 4489 πρὸς
3003 4417 3102 4487 τὴν
3123 4415 3497 4487 δικαιοσύνην,
3519 4414 3606 4468 καὶ

342 4501 596 4569 Domino,
653 4505 862 4572 peccati
914 4519 1038 4558 cum
1069 4503 1324 4573 justitia;
1363 4503 1764 4559 exsecrationis
1795 4519 1920 4558 cum

2023 4511 2122 4582 τὴν
2187 4513 2286 4580 τῆς
2351 4511 2596 4582 κατάρας
2647 4502 2784 4582 πρὸς
2854 4511 2953 4582 τὴν
3013 4509 3301 4578 εὐλογίαν,
3354 4525 3453 4563 και
3514 4507 3607 4578 τὴν

341 4595 753 4664 benedictione;
809 4597 1050 4652 hominis
1094 4611 1220 4651 cum
1255 4595 1478 4651 Christo
1508 4598 1922 4651 transmutatio-

343 4703 491 4751 nem,
544 4689 815 4741 facturam
869 4689 1154 4742 nominat.
1186 4688 1322 4754 Quis
1367 4687 1532 4757 igitur
1569 4687 1922 4759 syc0phantis

343 4780 671 4849 relinquitur
697 4782 914 4834 sermo?
930 4779 1085 4847 Quod
1114 4796 1216 4835 nos
1237 4781 1374 4835 duos
1399 4779 1648 4836 Cbristos
1668 4779 1923 4850 dogmate

340 4874 535 4923 nostro
579 4869 938 4936 praedicemus
983 4889 996 4924 :
1051 4871 1098 4926 si
1151 4885 1275 4926 eum
1318 4871 1412 4941 qui
1462 4887 1494 4925 a
1541 4872 1810 4942 principio
1847 4872 1924 4926 in-

341 4959 654 5015 creabiliter
708 4968 792 5014 est
842 4960 894 5012 in
948 4956 1128 5027 Patre,
1174 4960 1467 5016 Dominum
1511 4969 1566 5017 et
1616 4961 1917 5027 Christum,

339 5061 394 5108 et
444 5049 682 5106 Verbum
732 5049 899 5104 Deum
951 5050 1154 5104 factum
1201 5067 1324 5108 esse
1361 5067 1644 5123 negamus.
1693 5053 1918 5109 Beatum

341 5159 469 5200 vero
498 5142 717 5200 Petrum
748 5140 989 5196 breviter
1017 5143 1319 5198 secundum
1350 5158 1572 5201 carnem
1598 5147 1915 5217 mysterium

341 5238 517 5292 obiter
548 5236 1019 5292 demonstrantem
1071 5232 1276 5298 dicere,
1328 5236 1626 5290 secundum
1660 5246 1783 5292 ante
1819 5237 1916 5292 de-

341 5339 696 5385 monstratam
732 5324 1171 5397 intelligentiam,
1203 5325 1571 5382 detinivimus.
1604 5326 1740 5393 Quia
1772 5328 1918 5394 quod

341 5428 406 5473 e‘x
443 5420 822 5476 imbecillitate
867 5411 1194 5474 cruciﬁxum
1243 5425 1349 5480 est,
1397 5424 1452 5472 et
1480 5417 1657 5488 ipsum
1701 5427 1918 5490 propter

2023 4602 2120 4656 τοῦ
2159 4600 2446 4674 ἀνθρώπου
2499 4602 2634 4676 πρὸς
2679 4601 2771 4656 τὸν
2821 4601 3056 4672 Χριστὸν
3102 4601 3606 4672 μεταστοιχείωσιν,

2026 4692 2247 4764 ποίησιν
2310 4693 2612 4766 ὀνομάζων.
2671 4695 2770 4759 Τίς
2829 4691 2924 4748 οὖν
2971 4695 3053 4749 ἔτι
3089 4697 3201 4759 τοῖς
3249 4698 3607 4764 συκοφάνταις

2024 4785 2374 4840 ὑπολείπεται
2412 4786 2604 4854 λόγος;
2650 4786 2738 4849 Ὠς
2780 4785 2874 4839 δύο
2919 4786 3188 4858 Χριστοὺς
3229 4786 3391 4857 ἡμῶν
3437 4789 3494 4840 ἐν
3535 4785 3608 4855 τῷ

2023 4876 2251 4946 δόγματι
2285 4876 2688 4948 κηρυσσόντων,
2719 4879 2768 4929 εί
2802 4877 2891 4930 τὸν
2920 4876 2980 4942 ἐξ
3018 4878 3192 4950 ἀρχῆς
3232 4877 3506 4941 ἀκτίστως
3547 4878 3608 4930 ἐκ

2024 4966 2118 5020 τοῦ
2146 4967 2357 5037 Πατρὸς
2380 4957 2526 5031 ὄντα,
2554 4967 2758 5038 Κύριον
2787 4969 2881 5021 καὶ
2910 4967 3160 5039 Χριστὸν,
3197 4969 3291 5020 καὶ
3316 4967 3493 5037 Λόγον
3521 4968 3608 5020 καὶ

2024 5057 2156 5111 Θεὸν
2177 5059 2239 5111 οὐ
2271 5057 2501 5128 λέγομεν
2523 5057 2870 5128 πεποιῆσθαι.
2901 5059 3003 5111 Τὸν
3024 5058 3080 5111 δὲ
3111 5058 3382 5129 μακάριον
3407 5059 3608 5127 Πέτρον

2023 5151 2082 5202 ὲν
2115 5148 2309 5220 βραχεῖ
2337 5148 2398 5202 rb
2436 5147 2582 5202 κατὰ,
2612 5149 2712 5218 τὴν
2752 5149 2929 5220 σάρκα
2966 5149 3267 5219 μυστήριον
3299 5147 3606 5220 παροδικῶς

2023 5237 2429 5308 ἐνδεικνύμενον
2457 5237 2638 5306 λέγειν
2675 5239 3041 5309 διοριζόμεθα,
3068 5239 3208 5292 κατά
3235 5239 3335 5310 τὴν
3369 5256 3604 5312 προαπο-

2015 5330 2360 5401 δεδειγμένην
2412 5331 2668 5385 διάνοιαν.
2718 5333 2840 5385 Ὅτι
2878 5331 2937 5385 τὸ
2979 5331 3293 5404 σταυρωθὲν
3340 5334 3401 5399 ἐξ
3451 5331 3602 5385 ἀσθε-

2013 5421 2182 5486 νείας,
2234 5423 2327 5474 καὶ
2365 5421 2493 5475 αὐτὸ
2537 5421 2627 5475 διὰ
2685 5422 2783 5493 τὴν
2838 5423 3285 5494 ἐπικρατήσασαν
3330 5422 3426 5475 τοῦ
3479 5423 3601 5474 ὲνοιδ

345 5511 722 5578 praevalentem
772 5510 1136 5566 inhabitantis
1185 5509 1484 5579 potentiam
1539 5509 1671 5565 illud
1712 5509 1913 5566 factum

2022 5513 2282 5582 κήσαντος
2312 5510 2572 5582 δύναμιν,
2608 5515 2784 5567 ἐκεῖνο
2810 5513 3030 5584 γέγονεν
3055 5515 3192 5586 ὅπερ
3229 5516 3259 5568 ὁ
3303 5513 3583 5584 ὲνοικήσας

342 5609 448 5665 est,
495 5602 639 5668 quod
689 5604 781 5657 ille
826 5605 922 5674 qui
977 5601 1304 5658 inhabitavit
1335 5610 1420 5658 est
1474 5610 1528 5657 et
1579 5605 1910 5672 nominatur,

341 5691 598 5747 Christus
638 5701 693 5746 et
737 5693 1019 5758 Dominus,
1070 5695 1213 5749 sicut
1261 5695 1520 5752 diximus.

417 5804 461 5835 ²⁰
487 5803 621 5860 Luc.
665 5820 824 5874 χχιιι,
881 5808 982 5875 46;
1029 5807 1173 5866 Psal.
1211 5825 1339 5877 xxx,
1375 5813 1428 5865 6.

2016 5604 2126 5656 ἔστι
2152 5619 2212 5654 τε
2238 5603 2334 5655 καὶ
2364 5602 2722 5675 ὀνομάζεται,
2763 5605 2996 5677 Χριστὸς
3021 5606 3115 5662 καὶ
3153 5605 3377 5678 Κύριος,
3408 5599 3584 5666 καθὼς

2021 5695 2344 5766 εἰρήκαμεν.
