  <div class='ocr_page' id='page_1' title='image "/cluster/home/n/w/nwhite01/storage/ocr_20150623/45/mdp.39015011921478/365.png"; bbox 0 0 4034 6156; ppageno 0'>
   <div class='ocr_carea' id='block_1_1' title="bbox 487 285 582 347">
    <p class='ocr_par' dir='ltr' id='par_1_1' title="bbox 487 285 582 347">
     <span class='ocr_line' id='line_1_1' title="bbox 487 285 582 347; baseline 0.011 -1"><span class='ocrx_word' id='word_1_1' title='bbox 487 285 582 347; x_wconf 64' lang='grc' dir='ltr'><strong>7³ίῖ</strong></span> 
     </span>
    </p>
   </div>
   <div class='ocr_carea' id='block_1_2' title="bbox 1674 275 2447 349">
    <p class='ocr_par' dir='ltr' id='par_1_2' title="bbox 1674 275 2447 349">
     <span class='ocr_line' id='line_1_2' title="bbox 1674 275 2447 349; baseline -0.003 -2"><span class='ocrx_word' id='word_1_2' title='bbox 1674 289 1746 347; x_wconf 71' lang='grc' dir='ltr'>τε.</span> <span class='ocrx_word' id='word_1_3' title='bbox 1781 275 2114 348; x_wconf 72' lang='lat' dir='ltr'><strong>ensco&#39;nu</strong></span> <span class='ocrx_word' id='word_1_4' title='bbox 2155 283 2447 349; x_wconf 61' lang='lat' dir='ltr'><strong>stseivi</strong></span> 
     </span>
    </p>
   </div>
   <div class='ocr_carea' id='block_1_3' title="bbox 3645 291 3749 344">
    <p class='ocr_par' dir='ltr' id='par_1_3' title="bbox 3645 291 3749 344">
     <span class='ocr_line' id='line_1_3' title="bbox 3645 291 3749 344; baseline 0.029 -3"><span class='ocrx_word' id='word_1_5' title='bbox 3645 291 3749 344; x_wconf 62' lang='lat' dir='ltr'><strong>’il‘i</strong></span> 
     </span>
    </p>
   </div>
   <div class='ocr_carea' id='block_1_4' title="bbox 483 402 2047 478">
    <p class='ocr_par' dir='ltr' id='par_1_4' title="bbox 483 404 2042 475">
     <span class='ocr_line' id='line_1_4' title="bbox 483 404 2042 475; baseline -0.001 -13"><span class='ocrx_word' id='word_1_6' title='bbox 483 408 679 475; x_wconf 82' lang='lat' dir='ltr'><strong>legem,</strong></span> <span class='ocrx_word' id='word_1_7' title='bbox 712 406 998 462; x_wconf 89' lang='lat' dir='ltr'><strong>anathema</strong></span> <span class='ocrx_word' id='word_1_8' title='bbox 1037 405 1119 475; x_wconf 86' lang='lat' dir='ltr'><strong>(id</strong></span> <span class='ocrx_word' id='word_1_9' title='bbox 1151 411 1234 460; x_wconf 89' lang='lat' dir='ltr'><strong>cst</strong></span> <span class='ocrx_word' id='word_1_10' title='bbox 1276 422 1514 471; x_wconf 82' lang='lat' dir='ltr'><strong>sacrum,</strong></span> <span class='ocrx_word' id='word_1_11' title='bbox 1547 404 1810 473; x_wconf 74' lang='lat' dir='ltr'><strong>devotum,</strong></span> <span class='ocrx_word' id='word_1_12' title='bbox 1843 408 2042 460; x_wconf 78' lang='lat' dir='ltr'><strong>detesla</strong></span> 
     </span>
    </p>
   </div>
   <div class='ocr_carea' id='block_1_5' title="bbox 2151 402 3750 478">
    <p class='ocr_par' dir='ltr' id='par_1_5' title="bbox 2174 402 3750 478">
     <span class='ocr_line' id='line_1_5' title="bbox 2174 402 3750 478; baseline -0.003 -18"><span class='ocrx_word' id='word_1_13' title='bbox 2174 406 2476 478; x_wconf 86' lang='grc' dir='ltr'>πτίσθημεν</span> <span class='ocrx_word' id='word_1_14' title='bbox 2504 404 2691 476; x_wconf 69' lang='grc' dir='ltr'>ὄνομα.</span> <span class='ocrx_word' id='word_1_15' title='bbox 2723 404 2796 457; x_wconf 88' lang='grc' dir='ltr'>Οὑ</span> <span class='ocrx_word' id='word_1_16' title='bbox 2829 404 2932 476; x_wconf 82' lang='grc' dir='ltr'>μὴν</span> <span class='ocrx_word' id='word_1_17' title='bbox 2956 402 3143 473; x_wconf 78' lang='grc' dir='ltr'>ἐπειδὴ</span> <span class='ocrx_word' id='word_1_18' title='bbox 3163 403 3395 473; x_wconf 79' lang='grc' dir='ltr'>κρείττω</span> <span class='ocrx_word' id='word_1_19' title='bbox 3416 403 3517 473; x_wconf 82' lang='grc' dir='ltr'>τῆς</span> <span class='ocrx_word' id='word_1_20' title='bbox 3540 403 3750 473; x_wconf 85' lang='grc' dir='ltr'>ἀνθρω-</span> 
     </span>
    </p>
   </div>
   <div class='ocr_carea' id='block_1_6' title="bbox 485 492 2071 566">
    <p class='ocr_par' dir='ltr' id='par_1_6' title="bbox 485 492 2071 566">
     <span class='ocr_line' id='line_1_6' title="bbox 485 492 2071 566; baseline -0.003 -10"><span class='ocrx_word' id='word_1_21' title='bbox 485 493 900 564; x_wconf 75' lang='lat' dir='ltr'><strong>bilem).Neque</strong></span> <span class='ocrx_word' id='word_1_22' title='bbox 949 498 1094 550; x_wconf 85' lang='lat' dir='ltr'><strong>enim</strong></span> <span class='ocrx_word' id='word_1_23' title='bbox 1156 492 1358 550; x_wconf 85' lang='lat' dir='ltr'><strong>Paulus</strong></span> <span class='ocrx_word' id='word_1_24' title='bbox 1419 512 1518 566; x_wconf 90' lang='lat' dir='ltr'><strong>pro</strong></span> <span class='ocrx_word' id='word_1_25' title='bbox 1567 497 1724 552; x_wconf 90' lang='lat' dir='ltr'><strong>nobis</strong></span> <span class='ocrx_word' id='word_1_26' title='bbox 1774 496 2071 551; x_wconf 77' lang='lat' dir='ltr'><strong>cruciﬁxus</strong></span> 
     </span>
    </p>
   </div>
   <div class='ocr_carea' id='block_1_7' title="bbox 479 587 2060 657">
    <p class='ocr_par' dir='ltr' id='par_1_7' title="bbox 479 587 2060 657">
     <span class='ocr_line' id='line_1_7' title="bbox 479 587 2060 657; baseline -0.001 -15"><span class='ocrx_word' id='word_1_27' title='bbox 479 597 564 642; x_wconf 89' lang='lat' dir='ltr'><strong>est</strong></span> <span class='ocrx_word' id='word_1_28' title='bbox 587 605 601 654; x_wconf 91' lang='lat'><strong>;</strong></span> <span class='ocrx_word' id='word_1_29' title='bbox 627 602 803 657; x_wconf 81' lang='lat' dir='ltr'><strong>neque</strong></span> <span class='ocrx_word' id='word_1_30' title='bbox 832 588 884 640; x_wconf 91' lang='lat' dir='ltr'><strong>in</strong></span> <span class='ocrx_word' id='word_1_31' title='bbox 910 587 1205 642; x_wconf 86' lang='lat' dir='ltr'><strong>humanum</strong></span> <span class='ocrx_word' id='word_1_32' title='bbox 1236 602 1434 642; x_wconf 88' lang='lat' dir='ltr'><strong>nomen</strong></span> <span class='ocrx_word' id='word_1_33' title='bbox 1475 602 1634 642; x_wconf 90' lang='lat' dir='ltr'><strong>sacro</strong></span> <span class='ocrx_word' id='word_1_34' title='bbox 1669 589 1885 642; x_wconf 88' lang='lat' dir='ltr'><strong>lavacro</strong></span> <span class='ocrx_word' id='word_1_35' title='bbox 1907 588 2060 642; x_wconf 87' lang='lat' dir='ltr'><strong>tineti</strong></span> 
     </span>
    </p>
   </div>
   <div class='ocr_carea' id='block_1_8' title="bbox 481 669 2067 750">
    <p class='ocr_par' dir='ltr' id='par_1_8' title="bbox 481 669 2067 750">
     <span class='ocr_line' id='line_1_8' title="bbox 481 669 2067 750; baseline -0.002 -17"><span class='ocrx_word' id='word_1_36' title='bbox 481 693 696 733; x_wconf 87' lang='lat' dir='ltr'><strong>sumus.</strong></span> <span class='ocrx_word' id='word_1_37' title='bbox 750 677 901 732; x_wconf 89' lang='lat' dir='ltr'><strong>llaud</strong></span> <span class='ocrx_word' id='word_1_38' title='bbox 940 687 1124 734; x_wconf 88' lang='lat' dir='ltr'><strong>tamen</strong></span> <span class='ocrx_word' id='word_1_39' title='bbox 1162 680 1424 750; x_wconf 88' lang='lat' dir='ltr'><strong>quoniam</strong></span> <span class='ocrx_word' id='word_1_40' title='bbox 1453 678 1563 733; x_wconf 91' lang='lat' dir='ltr'><strong>vim</strong></span> <span class='ocrx_word' id='word_1_41' title='bbox 1590 669 1794 732; x_wconf 82' lang='lat' dir='ltr'><strong>Christi</strong></span> <span class='ocrx_word' id='word_1_42' title='bbox 1835 679 2067 732; x_wconf 75' lang='lat' dir='ltr'><strong>salutem</strong></span> 
     </span>
    </p>
   </div>
   <div class='ocr_carea' id='block_1_9' title="bbox 481 770 2067 842">
    <p class='ocr_par' dir='ltr' id='par_1_9' title="bbox 481 770 2067 842">
     <span class='ocr_line' id='line_1_9' title="bbox 481 770 2067 842; baseline -0.003 -16"><span class='ocrx_word' id='word_1_43' title='bbox 481 770 718 826; x_wconf 89' lang='lat' dir='ltr'><strong>humana</strong></span> <span class='ocrx_word' id='word_1_44' title='bbox 741 780 937 826; x_wconf 89' lang='lat' dir='ltr'><strong>natura</strong></span> <span class='ocrx_word' id='word_1_45' title='bbox 964 773 1401 842; x_wconf 67' lang='lat' dir='ltr'><strong>praestantiorem</strong></span> <span class='ocrx_word' id='word_1_46' title='bbox 1435 787 1558 827; x_wconf 89' lang='lat' dir='ltr'><strong>esse</strong></span> <span class='ocrx_word' id='word_1_47' title='bbox 1585 770 1927 832; x_wconf 85' lang='lat' dir='ltr'><strong>conﬁtemur,</strong></span> <span class='ocrx_word' id='word_1_48' title='bbox 1955 770 2067 838; x_wconf 84' lang='lat' dir='ltr'><strong>jam</strong></span> 
     </span>
    </p>
   </div>
   <div class='ocr_carea' id='block_1_10' title="bbox 478 863 2060 934">
    <p class='ocr_par' dir='ltr' id='par_1_10' title="bbox 478 863 2060 934">
     <span class='ocr_line' id='line_1_10' title="bbox 478 863 2060 934; baseline -0.001 -17"><span class='ocrx_word' id='word_1_49' title='bbox 478 865 921 919; x_wconf 79' lang='lat' dir='ltr'><strong>adversariorum</strong></span> <span class='ocrx_word' id='word_1_50' title='bbox 971 865 1164 934; x_wconf 80' lang='lat' dir='ltr'><strong>dogma</strong></span> <span class='ocrx_word' id='word_1_51' title='bbox 1209 873 1398 919; x_wconf 87' lang='lat' dir='ltr'><strong>contra</strong></span> <span class='ocrx_word' id='word_1_52' title='bbox 1441 866 1722 919; x_wconf 88' lang='lat' dir='ltr'><strong>veritatem</strong></span> <span class='ocrx_word' id='word_1_53' title='bbox 1759 863 2060 933; x_wconf 69' lang='lat' dir='ltr'><strong>praevalet:</strong></span> 
     </span>
    </p>
   </div>
   <div class='ocr_carea' id='block_1_11' title="bbox 478 954 2064 1027">
    <p class='ocr_par' dir='ltr' id='par_1_11' title="bbox 478 954 2064 1027">
     <span class='ocr_line' id='line_1_11' title="bbox 478 954 2064 1027; baseline -0.002 -18"><span class='ocrx_word' id='word_1_54' title='bbox 478 954 564 1011; x_wconf 87' lang='lat' dir='ltr'><strong>his</strong></span> <span class='ocrx_word' id='word_1_55' title='bbox 609 959 750 1011; x_wconf 89' lang='lat' dir='ltr'><strong>enim</strong></span> <span class='ocrx_word' id='word_1_56' title='bbox 792 957 1104 1027; x_wconf 89' lang='lat' dir='ltr'><strong>propositus</strong></span> <span class='ocrx_word' id='word_1_57' title='bbox 1157 966 1241 1012; x_wconf 88' lang='lat' dir='ltr'><strong>est</strong></span> <span class='ocrx_word' id='word_1_58' title='bbox 1311 970 1535 1026; x_wconf 80' lang='lat' dir='ltr'><strong>scapus,</strong></span> <span class='ocrx_word' id='word_1_59' title='bbox 1587 963 1917 1024; x_wconf 66' lang='lat' dir='ltr'><strong>prtestruerc</strong></span> <span class='ocrx_word' id='word_1_60' title='bbox 1965 968 2064 1024; x_wconf 86' lang='lat' dir='ltr'><strong>per</strong></span> 
     </span>
    </p>
   </div>
   <div class='ocr_carea' id='block_1_12' title="bbox 477 1046 2062 1112">
    <p class='ocr_par' dir='ltr' id='par_1_12' title="bbox 477 1046 2062 1112">
     <span class='ocr_line' id='line_1_12' title="bbox 477 1046 2062 1112; baseline -0.002 -9"><span class='ocrx_word' id='word_1_61' title='bbox 477 1050 683 1112; x_wconf 87' lang='lat' dir='ltr'><strong>omnia,</strong></span> <span class='ocrx_word' id='word_1_62' title='bbox 738 1046 860 1102; x_wconf 90' lang='lat' dir='ltr'><strong>Filii</strong></span> <span class='ocrx_word' id='word_1_63' title='bbox 917 1051 1209 1105; x_wconf 76' lang='lat' dir='ltr'><strong>essentiam</strong></span> <span class='ocrx_word' id='word_1_64' title='bbox 1253 1064 1284 1102; x_wconf 88' lang='lat' dir='ltr'><strong>a</strong></span> <span class='ocrx_word' id='word_1_65' title='bbox 1330 1049 1511 1103; x_wconf 82' lang='lat' dir='ltr'><strong>Patris</strong></span> <span class='ocrx_word' id='word_1_66' title='bbox 1546 1049 1785 1104; x_wconf 85' lang='lat' dir='ltr'><strong>essentia</strong></span> <span class='ocrx_word' id='word_1_67' title='bbox 1829 1048 2062 1100; x_wconf 87' lang='lat' dir='ltr'><strong>alienam</strong></span> 
     </span>
    </p>
   </div>
   <div class='ocr_carea' id='block_1_13' title="bbox 479 1138 2061 1207">
    <p class='ocr_par' dir='ltr' id='par_1_13' title="bbox 479 1138 2061 1207">
     <span class='ocr_line' id='line_1_13' title="bbox 479 1138 2061 1207; baseline -0.001 -15"><span class='ocrx_word' id='word_1_68' title='bbox 479 1153 602 1193; x_wconf 85' lang='lat' dir='ltr'><strong>esse</strong></span> <span class='ocrx_word' id='word_1_69' title='bbox 651 1151 704 1192; x_wconf 92' lang='lat' dir='ltr'><strong>et</strong></span> <span class='ocrx_word' id='word_1_70' title='bbox 759 1139 1030 1192; x_wconf 82' lang='lat' dir='ltr'><strong>diversam</strong></span> <span class='ocrx_word' id='word_1_71' title='bbox 1085 1155 1098 1190; x_wconf 91' lang='lat'>:</span> <span class='ocrx_word' id='word_1_72' title='bbox 1154 1155 1255 1194; x_wconf 90' lang='lat' dir='ltr'><strong>nec</strong></span> <span class='ocrx_word' id='word_1_73' title='bbox 1304 1141 1480 1194; x_wconf 88' lang='lat' dir='ltr'><strong>solum</strong></span> <span class='ocrx_word' id='word_1_74' title='bbox 1519 1139 1684 1207; x_wconf 83' lang='lat' dir='ltr'><strong>geniti</strong></span> <span class='ocrx_word' id='word_1_75' title='bbox 1730 1153 1854 1190; x_wconf 93' lang='lat' dir='ltr'><strong>cum</strong></span> <span class='ocrx_word' id='word_1_76' title='bbox 1908 1138 2061 1206; x_wconf 87' lang='lat' dir='ltr'><strong>inge-</strong></span> 
     </span>
    </p>
   </div>
   <div class='ocr_carea' id='block_1_14' title="bbox 484 1230 2065 1299">
    <p class='ocr_par' dir='ltr' id='par_1_14' title="bbox 484 1230 2065 1299">
     <span class='ocr_line' id='line_1_14' title="bbox 484 1230 2065 1299; baseline 0 -17"><span class='ocrx_word' id='word_1_77' title='bbox 484 1231 600 1282; x_wconf 90' lang='lat' dir='ltr'><strong>nilo</strong></span> <span class='ocrx_word' id='word_1_78' title='bbox 659 1231 989 1293; x_wconf 75' lang='lat' dir='ltr'><strong>diﬁ‘erentia,</strong></span> <span class='ocrx_word' id='word_1_79' title='bbox 1041 1247 1226 1286; x_wconf 86' lang='lat' dir='ltr'><strong>verum</strong></span> <span class='ocrx_word' id='word_1_80' title='bbox 1255 1233 1414 1285; x_wconf 90' lang='lat' dir='ltr'><strong>etiam</strong></span> <span class='ocrx_word' id='word_1_81' title='bbox 1455 1231 1694 1299; x_wconf 89' lang='lat' dir='ltr'><strong>patibilis</strong></span> <span class='ocrx_word' id='word_1_82' title='bbox 1736 1245 1860 1283; x_wconf 90' lang='lat' dir='ltr'><strong>eum</strong></span> <span class='ocrx_word' id='word_1_83' title='bbox 1891 1230 2065 1298; x_wconf 81' lang='lat' dir='ltr'><strong>impa-</strong></span> 
     </span>
    </p>
   </div>
   <div class='ocr_carea' id='block_1_15' title="bbox 487 1321 2063 1392">
    <p class='ocr_par' dir='ltr' id='par_1_15' title="bbox 487 1321 2063 1392">
     <span class='ocr_line' id='line_1_15' title="bbox 487 1321 2063 1392; baseline 0.001 -20"><span class='ocrx_word' id='word_1_84' title='bbox 487 1321 627 1374; x_wconf 82' lang='lat' dir='ltr'><strong>tibili</strong></span> <span class='ocrx_word' id='word_1_85' title='bbox 688 1323 1049 1392; x_wconf 86' lang='lat' dir='ltr'><strong>oppositione,</strong></span> <span class='ocrx_word' id='word_1_86' title='bbox 1091 1323 1233 1391; x_wconf 89' lang='lat' dir='ltr'><strong>quod</strong></span> <span class='ocrx_word' id='word_1_87' title='bbox 1285 1323 1582 1377; x_wconf 90' lang='lat' dir='ltr'><strong>secundum</strong></span> <span class='ocrx_word' id='word_1_88' title='bbox 1629 1322 1922 1377; x_wconf 81' lang='lat' dir='ltr'><strong>essentiam</strong></span> <span class='ocrx_word' id='word_1_89' title='bbox 1977 1329 2063 1374; x_wconf 91' lang='lat' dir='ltr'><strong>cst</strong></span> 
     </span>
    </p>
   </div>
   <div class='ocr_carea' id='block_1_16' title="bbox 479 1412 1830 1478">
    <p class='ocr_par' dir='ltr' id='par_1_16' title="bbox 479 1412 1830 1478">
     <span class='ocr_line' id='line_1_16' title="bbox 479 1412 1830 1478; baseline -0.001 -13"><span class='ocrx_word' id='word_1_90' title='bbox 479 1412 769 1478; x_wconf 73' lang='lat' dir='ltr'><strong>dissimile,</strong></span> <span class='ocrx_word' id='word_1_91' title='bbox 831 1413 1209 1467; x_wconf 83' lang='lat' dir='ltr'><strong>demonstrare</strong></span> <span class='ocrx_word' id='word_1_92' title='bbox 1241 1413 1442 1467; x_wconf 83' lang='lat' dir='ltr'><strong>obnixe</strong></span> <span class='ocrx_word' id='word_1_93' title='bbox 1474 1412 1830 1466; x_wconf 87' lang='lat' dir='ltr'><strong>contendunt.</strong></span> 
     </span>
    </p>
   </div>
   <div class='ocr_carea' id='block_1_17' title="bbox 481 1505 736 1558">
    <p class='ocr_par' dir='ltr' id='par_1_17' title="bbox 481 1505 736 1558">
     <span class='ocr_line' id='line_1_17' title="bbox 481 1505 736 1558; baseline -0.004 0"><span class='ocrx_word' id='word_1_94' title='bbox 481 1505 736 1558; x_wconf 86' lang='lat' dir='ltr'><strong>struitur.</strong></span> 
     </span>
    </p>
   </div>
   <div class='ocr_carea' id='block_1_18' title="bbox 550 1592 2077 1665">
    <p class='ocr_par' dir='ltr' id='par_1_18' title="bbox 550 1592 2077 1665">
     <span class='ocr_line' id='line_1_18' title="bbox 550 1592 2077 1665; baseline 0 -17"><span class='ocrx_word' id='word_1_95' title='bbox 550 1597 668 1650; x_wconf 70' lang='lat' dir='ltr'><strong>Non</strong></span> <span class='ocrx_word' id='word_1_96' title='bbox 707 1596 889 1649; x_wconf 86' lang='lat' dir='ltr'><strong>minus</strong></span> <span class='ocrx_word' id='word_1_97' title='bbox 916 1592 1078 1649; x_wconf 80' lang='lat' dir='ltr'><strong>etiam</strong></span> <span class='ocrx_word' id='word_1_98' title='bbox 1113 1611 1207 1664; x_wconf 87' lang='lat' dir='ltr'><strong>per</strong></span> <span class='ocrx_word' id='word_1_99' title='bbox 1236 1611 1296 1650; x_wconf 88' lang='lat' dir='ltr'><strong>ea</strong></span> <span class='ocrx_word' id='word_1_100' title='bbox 1334 1611 1452 1665; x_wconf 71' lang='lat' dir='ltr'><strong>qum</strong></span> <span class='ocrx_word' id='word_1_101' title='bbox 1483 1611 1628 1650; x_wconf 87' lang='lat' dir='ltr'><strong>nunc</strong></span> <span class='ocrx_word' id='word_1_102' title='bbox 1659 1596 1916 1649; x_wconf 85' lang='lat' dir='ltr'><strong>dicuntur</strong></span> <span class='ocrx_word' id='word_1_103' title='bbox 1961 1608 2077 1648; x_wconf 88' lang='lat' dir='ltr'><strong>ma-</strong></span> 
     </span>
    </p>
   </div>
   <div class='ocr_carea' id='block_1_19' title="bbox 479 1683 2062 1755">
    <p class='ocr_par' dir='ltr' id='par_1_19' title="bbox 479 1683 2062 1755">
     <span class='ocr_line' id='line_1_19' title="bbox 479 1683 2062 1755; baseline -0.002 -13"><span class='ocrx_word' id='word_1_104' title='bbox 479 1687 739 1742; x_wconf 79' lang='lat' dir='ltr'><strong>nifestum</strong></span> <span class='ocrx_word' id='word_1_105' title='bbox 772 1693 874 1740; x_wconf 87' lang='lat' dir='ltr'><strong>est.</strong></span> <span class='ocrx_word' id='word_1_106' title='bbox 899 1683 1033 1738; x_wconf 88' lang='lat' dir='ltr'><strong>Nam</strong></span> <span class='ocrx_word' id='word_1_107' title='bbox 1067 1685 1113 1740; x_wconf 90' lang='lat' dir='ltr'><strong>si</strong></span> <span class='ocrx_word' id='word_1_108' title='bbox 1137 1701 1231 1740; x_wconf 92' lang='lat' dir='ltr'><strong>eos</strong></span> <span class='ocrx_word' id='word_1_109' title='bbox 1275 1687 1366 1754; x_wconf 89' lang='lat' dir='ltr'><strong>qui</strong></span> <span class='ocrx_word' id='word_1_110' title='bbox 1402 1693 1610 1739; x_wconf 76' lang='lat' dir='ltr'><strong>natura:</strong></span> <span class='ocrx_word' id='word_1_111' title='bbox 1645 1688 1892 1739; x_wconf 66' lang='lat' dir='ltr'><strong>humanae</strong></span> <span class='ocrx_word' id='word_1_112' title='bbox 1933 1701 2062 1755; x_wconf 87' lang='lat' dir='ltr'><strong>pas-</strong></span> 
     </span>
    </p>
   </div>
   <div class='ocr_carea' id='block_1_20' title="bbox 479 1779 2062 1847">
    <p class='ocr_par' dir='ltr' id='par_1_20' title="bbox 479 1779 2062 1847">
     <span class='ocr_line' id='line_1_20' title="bbox 479 1779 2062 1847; baseline -0.003 -12"><span class='ocrx_word' id='word_1_113' title='bbox 479 1781 688 1835; x_wconf 87' lang='lat' dir='ltr'><strong>sionem</strong></span> <span class='ocrx_word' id='word_1_114' title='bbox 709 1780 1014 1832; x_wconf 90' lang='lat' dir='ltr'><strong>attribuunt</strong></span> <span class='ocrx_word' id='word_1_115' title='bbox 1032 1791 1284 1833; x_wconf 90' lang='lat' dir='ltr'><strong>accusat:</strong></span> <span class='ocrx_word' id='word_1_116' title='bbox 1307 1779 1475 1847; x_wconf 86' lang='lat' dir='ltr'><strong>ipsam</strong></span> <span class='ocrx_word' id='word_1_117' title='bbox 1491 1779 2062 1833; x_wconf 84' lang='lat' dir='ltr'><strong>omninodivinitatem</strong></span> 
     </span>
    </p>
   </div>
   <div class='ocr_carea' id='block_1_21' title="bbox 478 1864 2065 1942">
    <p class='ocr_par' dir='ltr' id='par_1_21' title="bbox 478 1864 2065 1942">
     <span class='ocr_line' id='line_1_21' title="bbox 478 1864 2065 1942; baseline -0.001 -16"><span class='ocrx_word' id='word_1_118' title='bbox 478 1872 725 1942; x_wconf 82' lang='lat' dir='ltr'><strong>passioni</strong></span> <span class='ocrx_word' id='word_1_119' title='bbox 751 1870 863 1924; x_wconf 86' lang='lat' dir='ltr'><strong>vult</strong></span> <span class='ocrx_word' id='word_1_120' title='bbox 886 1871 1179 1940; x_wconf 80' lang='lat' dir='ltr'><strong>subjicere.</strong></span> <span class='ocrx_word' id='word_1_121' title='bbox 1208 1871 1346 1924; x_wconf 82' lang='lat' dir='ltr'><strong>Cum</strong></span> <span class='ocrx_word' id='word_1_122' title='bbox 1368 1873 1510 1926; x_wconf 88' lang='lat' dir='ltr'><strong>enim</strong></span> <span class='ocrx_word' id='word_1_123' title='bbox 1540 1873 1611 1927; x_wconf 88' lang='lat' dir='ltr'><strong>sit</strong></span> <span class='ocrx_word' id='word_1_124' title='bbox 1652 1873 1850 1942; x_wconf 80' lang='lat' dir='ltr'><strong>duplex</strong></span> <span class='ocrx_word' id='word_1_125' title='bbox 1873 1864 1933 1927; x_wconf 82' lang='lat' dir='ltr'><strong>et.</strong></span> <span class='ocrx_word' id='word_1_126' title='bbox 1958 1888 2065 1925; x_wconf 88' lang='lat' dir='ltr'><strong>am-</strong></span> 
     </span>
    </p>
   </div>
   <div class='ocr_carea' id='block_1_22' title="bbox 479 1958 2063 2030">
    <p class='ocr_par' dir='ltr' id='par_1_22' title="bbox 479 1958 2063 2030">
     <span class='ocr_line' id='line_1_22' title="bbox 479 1958 2063 2030; baseline 0.003 -19"><span class='ocrx_word' id='word_1_127' title='bbox 479 1959 639 2027; x_wconf 86' lang='lat' dir='ltr'><strong>bigua</strong></span> <span class='ocrx_word' id='word_1_128' title='bbox 660 1958 863 2027; x_wconf 90' lang='lat' dir='ltr'><strong>opinio,</strong></span> <span class='ocrx_word' id='word_1_129' title='bbox 884 1966 1066 2011; x_wconf 87' lang='lat' dir='ltr'><strong>utrum</strong></span> <span class='ocrx_word' id='word_1_130' title='bbox 1100 1958 1358 2015; x_wconf 86' lang='lat' dir='ltr'><strong>divinitas</strong></span> <span class='ocrx_word' id='word_1_131' title='bbox 1389 1976 1454 2013; x_wconf 91' lang='lat' dir='ltr'><strong>an</strong></span> <span class='ocrx_word' id='word_1_132' title='bbox 1480 1959 1789 2016; x_wconf 77' lang='lat' dir='ltr'><strong>humanitas</strong></span> <span class='ocrx_word' id='word_1_133' title='bbox 1808 1977 2063 2030; x_wconf 78' lang='lat' dir='ltr'><strong>perpessa</strong></span> 
     </span>
    </p>
   </div>
   <div class='ocr_carea' id='block_1_23' title="bbox 480 2048 2064 2122">
    <p class='ocr_par' dir='ltr' id='par_1_23' title="bbox 480 2048 2064 2122">
     <span class='ocr_line' id='line_1_23' title="bbox 480 2048 2064 2122; baseline 0.003 -20"><span class='ocrx_word' id='word_1_134' title='bbox 480 2048 647 2104; x_wconf 83' lang='lat' dir='ltr'><strong>fuerit</strong></span> <span class='ocrx_word' id='word_1_135' title='bbox 668 2069 681 2103; x_wconf 91' lang='lat'>:</span> <span class='ocrx_word' id='word_1_136' title='bbox 701 2050 895 2102; x_wconf 89' lang='lat' dir='ltr'><strong>horum</strong></span> <span class='ocrx_word' id='word_1_137' title='bbox 919 2050 1084 2103; x_wconf 89' lang='lat' dir='ltr'><strong>unius</strong></span> <span class='ocrx_word' id='word_1_138' title='bbox 1108 2051 1407 2115; x_wconf 85' lang='lat' dir='ltr'><strong>accusatio,</strong></span> <span class='ocrx_word' id='word_1_139' title='bbox 1434 2051 1554 2120; x_wconf 88' lang='lat' dir='ltr'><strong>ejus</strong></span> <span class='ocrx_word' id='word_1_140' title='bbox 1575 2053 1719 2121; x_wconf 85' lang='lat' dir='ltr'><strong>quod</strong></span> <span class='ocrx_word' id='word_1_141' title='bbox 1743 2054 2064 2122; x_wconf 88' lang='lat' dir='ltr'><strong>relinquitur</strong></span> 
     </span>
    </p>
   </div>
   <div class='ocr_carea' id='block_1_24' title="bbox 479 2140 2061 2214">
    <p class='ocr_par' dir='ltr' id='par_1_24' title="bbox 479 2140 2061 2214">
     <span class='ocr_line' id='line_1_24' title="bbox 479 2140 2061 2214; baseline 0.004 -21"><span class='ocrx_word' id='word_1_142' title='bbox 479 2141 641 2211; x_wconf 83' lang='lat' dir='ltr'><strong>plane</strong></span> <span class='ocrx_word' id='word_1_143' title='bbox 680 2140 738 2194; x_wconf 80' lang='lat' dir='ltr'><strong>iit</strong></span> <span class='ocrx_word' id='word_1_144' title='bbox 774 2142 1137 2210; x_wconf 71' lang='lat' dir='ltr'><strong>przestructio.</strong></span> <span class='ocrx_word' id='word_1_145' title='bbox 1197 2141 1254 2195; x_wconf 88' lang='lat' dir='ltr'><strong>Si</strong></span> <span class='ocrx_word' id='word_1_146' title='bbox 1298 2141 1463 2211; x_wconf 81' lang='lat' dir='ltr'><strong>igitur</strong></span> <span class='ocrx_word' id='word_1_147' title='bbox 1495 2159 1588 2197; x_wconf 89' lang='lat' dir='ltr'><strong>eos</strong></span> <span class='ocrx_word' id='word_1_148' title='bbox 1623 2144 1714 2213; x_wconf 90' lang='lat' dir='ltr'><strong>qui</strong></span> <span class='ocrx_word' id='word_1_149' title='bbox 1750 2146 2061 2214; x_wconf 86' lang='lat' dir='ltr'><strong>passionem</strong></span> 
     </span>
    </p>
   </div>
   <div class='ocr_carea' id='block_1_25' title="bbox 479 2233 2061 2304">
    <p class='ocr_par' dir='ltr' id='par_1_25' title="bbox 479 2233 2061 2304">
     <span class='ocr_line' id='line_1_25' title="bbox 479 2233 2061 2304; baseline 0.001 -17"><span class='ocrx_word' id='word_1_150' title='bbox 479 2233 534 2287; x_wconf 87' lang='lat' dir='ltr'><strong>in</strong></span> <span class='ocrx_word' id='word_1_151' title='bbox 568 2233 786 2288; x_wconf 87' lang='lat' dir='ltr'><strong>homine</strong></span> <span class='ocrx_word' id='word_1_152' title='bbox 815 2235 1096 2287; x_wconf 83' lang='lat' dir='ltr'><strong>intuentur</strong></span> <span class='ocrx_word' id='word_1_153' title='bbox 1126 2241 1410 2298; x_wconf 86' lang='lat' dir='ltr'><strong>accusant,</strong></span> <span class='ocrx_word' id='word_1_154' title='bbox 1441 2235 1561 2288; x_wconf 80' lang='lat' dir='ltr'><strong>illos</strong></span> <span class='ocrx_word' id='word_1_155' title='bbox 1588 2250 1813 2304; x_wconf 86' lang='lat' dir='ltr'><strong>prorsus</strong></span> <span class='ocrx_word' id='word_1_156' title='bbox 1828 2233 1920 2302; x_wconf 86' lang='lat' dir='ltr'><strong>qui</strong></span> <span class='ocrx_word' id='word_1_157' title='bbox 1940 2234 2061 2289; x_wconf 82' lang='lat' dir='ltr'><strong>Filii</strong></span> 
     </span>
    </p>
   </div>
   <div class='ocr_carea' id='block_1_26' title="bbox 481 2323 2060 2393">
    <p class='ocr_par' dir='ltr' id='par_1_26' title="bbox 481 2323 2060 2393">
     <span class='ocr_line' id='line_1_26' title="bbox 481 2323 2060 2393; baseline 0.003 -17"><span class='ocrx_word' id='word_1_158' title='bbox 481 2323 824 2377; x_wconf 85' lang='lat' dir='ltr'><strong>divinitatem</strong></span> <span class='ocrx_word' id='word_1_159' title='bbox 882 2325 1190 2393; x_wconf 86' lang='lat' dir='ltr'><strong>passibiiem</strong></span> <span class='ocrx_word' id='word_1_160' title='bbox 1248 2325 1475 2388; x_wconf 89' lang='lat' dir='ltr'><strong>dicunt,</strong></span> <span class='ocrx_word' id='word_1_161' title='bbox 1529 2326 1844 2381; x_wconf 88' lang='lat' dir='ltr'><strong>laudabunt.</strong></span> <span class='ocrx_word' id='word_1_162' title='bbox 1905 2325 2060 2389; x_wconf 72' lang='lat' dir='ltr'><strong>Quod</strong></span> 
     </span>
    </p>
   </div>
   <div class='ocr_carea' id='block_1_27' title="bbox 479 2415 2060 2487">
    <p class='ocr_par' dir='ltr' id='par_1_27' title="bbox 479 2415 2060 2487">
     <span class='ocr_line' id='line_1_27' title="bbox 479 2415 2060 2487; baseline 0.004 -21"><span class='ocrx_word' id='word_1_163' title='bbox 479 2421 656 2468; x_wconf 88' lang='lat' dir='ltr'><strong>autem</strong></span> <span class='ocrx_word' id='word_1_164' title='bbox 691 2422 972 2478; x_wconf 91' lang='lat' dir='ltr'><strong>astruitur,</strong></span> <span class='ocrx_word' id='word_1_165' title='bbox 1004 2415 1362 2485; x_wconf 90' lang='lat' dir='ltr'><strong>patrocinium</strong></span> <span class='ocrx_word' id='word_1_166' title='bbox 1396 2416 1746 2473; x_wconf 84' lang='lat' dir='ltr'><strong>absurditatis</strong></span> <span class='ocrx_word' id='word_1_167' title='bbox 1788 2417 2060 2487; x_wconf 80' lang='lat' dir='ltr'><strong>dogmatis</strong></span> 
     </span>
    </p>
   </div>
   <div class='ocr_carea' id='block_1_28' title="bbox 478 2507 2058 2576">
    <p class='ocr_par' dir='ltr' id='par_1_28' title="bbox 478 2507 2058 2576">
     <span class='ocr_line' id='line_1_28' title="bbox 478 2507 2058 2576; baseline 0.002 -15"><span class='ocrx_word' id='word_1_168' title='bbox 478 2507 719 2576; x_wconf 83' lang='lat' dir='ltr'><strong>ipsorum</strong></span> <span class='ocrx_word' id='word_1_169' title='bbox 753 2507 1001 2561; x_wconf 86' lang='lat' dir='ltr'><strong>eﬂicitur.</strong></span> <span class='ocrx_word' id='word_1_170' title='bbox 1043 2508 1098 2562; x_wconf 91' lang='lat' dir='ltr'><strong>Si</strong></span> <span class='ocrx_word' id='word_1_171' title='bbox 1140 2509 1283 2562; x_wconf 88' lang='lat' dir='ltr'><strong>enim</strong></span> <span class='ocrx_word' id='word_1_172' title='bbox 1314 2509 1470 2576; x_wconf 80' lang='lat' dir='ltr'><strong>juxta</strong></span> <span class='ocrx_word' id='word_1_173' title='bbox 1512 2509 1729 2563; x_wconf 87' lang='lat' dir='ltr'><strong>illorum</strong></span> <span class='ocrx_word' id='word_1_174' title='bbox 1792 2512 2058 2565; x_wconf 90' lang='lat' dir='ltr'><strong>rationem</strong></span> 
     </span>
    </p>
   </div>
   <div class='ocr_carea' id='block_1_29' title="bbox 476 2595 2059 2673">
    <p class='ocr_par' dir='ltr' id='par_1_29' title="bbox 476 2595 2059 2673">
     <span class='ocr_line' id='line_1_29' title="bbox 476 2595 2059 2673; baseline 0.006 -24"><span class='ocrx_word' id='word_1_175' title='bbox 476 2599 685 2665; x_wconf 83' lang='lat' dir='ltr'><strong>patitur</strong></span> <span class='ocrx_word' id='word_1_176' title='bbox 708 2597 828 2652; x_wconf 87' lang='lat' dir='ltr'><strong>Filii</strong></span> <span class='ocrx_word' id='word_1_177' title='bbox 859 2599 1148 2665; x_wconf 85' lang='lat' dir='ltr'><strong>divinitas;</strong></span> <span class='ocrx_word' id='word_1_178' title='bbox 1194 2599 1375 2653; x_wconf 87' lang='lat' dir='ltr'><strong>Patris</strong></span> <span class='ocrx_word' id='word_1_179' title='bbox 1413 2615 1540 2654; x_wconf 90' lang='lat' dir='ltr'><strong>vero</strong></span> <span class='ocrx_word' id='word_1_180' title='bbox 1586 2601 1637 2654; x_wconf 90' lang='lat' dir='ltr'><strong>in</strong></span> <span class='ocrx_word' id='word_1_181' title='bbox 1670 2595 1818 2655; x_wconf 83' lang='lat' dir='ltr'><strong>omni</strong></span> <span class='ocrx_word' id='word_1_182' title='bbox 1853 2603 2059 2673; x_wconf 87' lang='lat' dir='ltr'><strong>impas-</strong></span> 
     </span>
    </p>
   </div>
   <div class='ocr_carea' id='block_1_30' title="bbox 478 2690 2060 2764">
    <p class='ocr_par' dir='ltr' id='par_1_30' title="bbox 478 2690 2060 2764">
     <span class='ocr_line' id='line_1_30' title="bbox 478 2690 2060 2764; baseline 0.004 -20"><span class='ocrx_word' id='word_1_183' title='bbox 478 2690 738 2744; x_wconf 85' lang='lat' dir='ltr'><strong>sibilitate</strong></span> <span class='ocrx_word' id='word_1_184' title='bbox 792 2691 1098 2744; x_wconf 89' lang='lat' dir='ltr'><strong>secundum</strong></span> <span class='ocrx_word' id='word_1_185' title='bbox 1136 2693 1429 2746; x_wconf 83' lang='lat' dir='ltr'><strong>essentiam</strong></span> <span class='ocrx_word' id='word_1_186' title='bbox 1470 2693 1818 2750; x_wconf 84' lang='lat' dir='ltr'><strong>custoditur;</strong></span> <span class='ocrx_word' id='word_1_187' title='bbox 1858 2693 2060 2764; x_wconf 85' lang='lat' dir='ltr'><strong>impas-</strong></span> 
     </span>
    </p>
   </div>
   <div class='ocr_carea' id='block_1_31' title="bbox 480 2780 2056 2855">
    <p class='ocr_par' dir='ltr' id='par_1_31' title="bbox 480 2780 2056 2855">
     <span class='ocr_line' id='line_1_31' title="bbox 480 2780 2056 2855; baseline 0.003 -19"><span class='ocrx_word' id='word_1_188' title='bbox 480 2780 656 2836; x_wconf 82' lang='lat' dir='ltr'><strong>sibilis</strong></span> <span class='ocrx_word' id='word_1_189' title='bbox 731 2781 897 2850; x_wconf 84' lang='lat' dir='ltr'><strong>igitur</strong></span> <span class='ocrx_word' id='word_1_190' title='bbox 985 2790 1180 2835; x_wconf 86' lang='lat' dir='ltr'><strong>natura</strong></span> <span class='ocrx_word' id='word_1_191' title='bbox 1251 2783 1318 2837; x_wconf 90' lang='lat' dir='ltr'><strong>ab</strong></span> <span class='ocrx_word' id='word_1_192' title='bbox 1397 2799 1459 2838; x_wconf 87' lang='lat' dir='ltr'><strong>ea</strong></span> <span class='ocrx_word' id='word_1_193' title='bbox 1528 2800 1647 2853; x_wconf 62' lang='lat' dir='ltr'><strong>quae</strong></span> <span class='ocrx_word' id='word_1_194' title='bbox 1718 2787 2056 2855; x_wconf 89' lang='lat' dir='ltr'><strong>perpessioni</strong></span> 
     </span>
    </p>
   </div>
   <div class='ocr_carea' id='block_1_32' title="bbox 480 2874 2058 2950">
    <p class='ocr_par' dir='ltr' id='par_1_32' title="bbox 480 2874 2058 2950">
     <span class='ocr_line' id='line_1_32' title="bbox 480 2874 2058 2950; baseline 0.004 -23"><span class='ocrx_word' id='word_1_195' title='bbox 480 2874 714 2927; x_wconf 69' lang='lat' dir='ltr'><strong>obnoxia</strong></span> <span class='ocrx_word' id='word_1_196' title='bbox 771 2881 853 2928; x_wconf 84' lang='lat' dir='ltr'><strong>est</strong></span> <span class='ocrx_word' id='word_1_197' title='bbox 917 2875 1205 2929; x_wconf 87' lang='lat' dir='ltr'><strong>alienatur.</strong></span> <span class='ocrx_word' id='word_1_198' title='bbox 1255 2876 1712 2946; x_wconf 82' lang='lat' dir='ltr'><strong>Quandoquidem</strong></span> <span class='ocrx_word' id='word_1_199' title='bbox 1757 2879 1860 2933; x_wconf 94' lang='lat' dir='ltr'><strong>hoc</strong></span> <span class='ocrx_word' id='word_1_200' title='bbox 1910 2881 2058 2950; x_wconf 89' lang='lat' dir='ltr'><strong>quod</strong></span> 
     </span>
    </p>
   </div>
   <div class='ocr_carea' id='block_1_33' title="bbox 477 2957 2057 3034">
    <p class='ocr_par' dir='ltr' id='par_1_33' title="bbox 477 2957 2057 3034">
     <span class='ocr_line' id='line_1_33' title="bbox 477 2957 2057 3034; baseline 0.005 -17"><span class='ocrx_word' id='word_1_201' title='bbox 477 2957 700 3027; x_wconf 86' lang='lat' dir='ltr'><strong>dicitur,</strong></span> <span class='ocrx_word' id='word_1_202' title='bbox 755 2974 1020 3034; x_wconf 86' lang='lat' dir='ltr'><strong>quantum</strong></span> <span class='ocrx_word' id='word_1_203' title='bbox 1084 2965 1265 3019; x_wconf 86' lang='lat' dir='ltr'><strong>verbis</strong></span> <span class='ocrx_word' id='word_1_204' title='bbox 1322 2967 1819 3031; x_wconf 85' lang='lat' dir='ltr'><strong>circumscribitur,</strong></span> <span class='ocrx_word' id='word_1_205' title='bbox 1891 2969 2057 3025; x_wconf 84' lang='lat' dir='ltr'><strong>breve</strong></span> 
     </span>
    </p>
   </div>
   <div class='ocr_carea' id='block_1_34' title="bbox 479 3056 2125 3134">
    <p class='ocr_par' dir='ltr' id='par_1_34' title="bbox 479 3056 2125 3134">
     <span class='ocr_line' id='line_1_34' title="bbox 479 3056 2125 3134; baseline 0.005 -24"><span class='ocrx_word' id='word_1_206' title='bbox 479 3056 698 3125; x_wconf 86' lang='lat' dir='ltr'><strong>quidem</strong></span> <span class='ocrx_word' id='word_1_207' title='bbox 731 3065 836 3123; x_wconf 83' lang='lat' dir='ltr'><strong>est,</strong></span> <span class='ocrx_word' id='word_1_208' title='bbox 872 3057 962 3112; x_wconf 88' lang='lat' dir='ltr'><strong>sed</strong></span> <span class='ocrx_word' id='word_1_209' title='bbox 1001 3060 1178 3114; x_wconf 89' lang='lat' dir='ltr'><strong>omnis</strong></span> <span class='ocrx_word' id='word_1_210' title='bbox 1209 3059 1260 3113; x_wconf 93' lang='lat' dir='ltr'><strong>in</strong></span> <span class='ocrx_word' id='word_1_211' title='bbox 1299 3060 1552 3130; x_wconf 81' lang='lat' dir='ltr'><strong>dogmate</strong></span> <span class='ocrx_word' id='word_1_212' title='bbox 1590 3061 1879 3130; x_wconf 89' lang='lat' dir='ltr'><strong>pravitatis</strong></span> <span class='ocrx_word' id='word_1_213' title='bbox 1908 3065 2057 3133; x_wconf 89' lang='lat' dir='ltr'><strong>prin-</strong></span> <span class='ocrx_word' id='word_1_214' title='bbox 2084 3076 2125 3134; x_wconf 73' lang='grc' dir='ltr'><strong>α</strong></span> 
     </span>
    </p>
   </div>
   <div class='ocr_carea' id='block_1_35' title="bbox 475 3150 2050 3221">
    <p class='ocr_par' dir='ltr' id='par_1_35' title="bbox 475 3150 2050 3221">
     <span class='ocr_line' id='line_1_35' title="bbox 475 3150 2050 3221; baseline 0.006 -18"><span class='ocrx_word' id='word_1_215' title='bbox 475 3150 616 3218; x_wconf 88' lang='lat' dir='ltr'><strong>cipia</strong></span> <span class='ocrx_word' id='word_1_216' title='bbox 645 3160 697 3205; x_wconf 90' lang='lat' dir='ltr'><strong>et</strong></span> <span class='ocrx_word' id='word_1_217' title='bbox 728 3151 1059 3220; x_wconf 83' lang='lat' dir='ltr'><strong>hypothescs</strong></span> <span class='ocrx_word' id='word_1_218' title='bbox 1092 3153 1334 3221; x_wconf 70' lang='lat' dir='ltr'><strong>prmbet:</strong></span> <span class='ocrx_word' id='word_1_219' title='bbox 1372 3154 1581 3221; x_wconf 91' lang='lat' dir='ltr'><strong>justum</strong></span> <span class='ocrx_word' id='word_1_220' title='bbox 1620 3152 1783 3209; x_wconf 82' lang='lat' dir='ltr'><strong>fuerit</strong></span> <span class='ocrx_word' id='word_1_221' title='bbox 1818 3157 2050 3214; x_wconf 90' lang='lat' dir='ltr'><strong>lectores</strong></span> 
     </span>
    </p>
   </div>
   <div class='ocr_carea' id='block_1_36' title="bbox 476 3244 2052 3316">
    <p class='ocr_par' dir='ltr' id='par_1_36' title="bbox 476 3244 2052 3316">
     <span class='ocr_line' id='line_1_36' title="bbox 476 3244 2052 3316; baseline 0.005 -24"><span class='ocrx_word' id='word_1_222' title='bbox 476 3255 582 3293; x_wconf 87' lang='lat' dir='ltr'><strong>non</strong></span> <span class='ocrx_word' id='word_1_223' title='bbox 617 3257 938 3310; x_wconf 87' lang='lat' dir='ltr'><strong>responsum</strong></span> <span class='ocrx_word' id='word_1_224' title='bbox 970 3244 1250 3297; x_wconf 89' lang='lat' dir='ltr'><strong>concisum</strong></span> <span class='ocrx_word' id='word_1_225' title='bbox 1289 3251 1344 3296; x_wconf 91' lang='lat' dir='ltr'><strong>ct</strong></span> <span class='ocrx_word' id='word_1_226' title='bbox 1396 3244 1580 3307; x_wconf 87' lang='lat' dir='ltr'><strong>breve,</strong></span> <span class='ocrx_word' id='word_1_227' title='bbox 1614 3247 1707 3299; x_wconf 89' lang='lat' dir='ltr'><strong>sed</strong></span> <span class='ocrx_word' id='word_1_228' title='bbox 1741 3247 1884 3316; x_wconf 91' lang='lat' dir='ltr'><strong>quod</strong></span> <span class='ocrx_word' id='word_1_229' title='bbox 1925 3249 2052 3301; x_wconf 88' lang='lat' dir='ltr'><strong>vali-</strong></span> 
     </span>
    </p>
   </div>
   <div class='ocr_carea' id='block_1_37' title="bbox 473 3328 2048 3408">
    <p class='ocr_par' dir='ltr' id='par_1_37' title="bbox 473 3328 2048 3408">
     <span class='ocr_line' id='line_1_37' title="bbox 473 3328 2048 3408; baseline 0.008 -29"><span class='ocrx_word' id='word_1_230' title='bbox 473 3328 601 3381; x_wconf 81' lang='lat' dir='ltr'><strong>dum</strong></span> <span class='ocrx_word' id='word_1_231' title='bbox 653 3338 735 3384; x_wconf 87' lang='lat' dir='ltr'><strong>est</strong></span> <span class='ocrx_word' id='word_1_232' title='bbox 787 3339 838 3384; x_wconf 88' lang='lat' dir='ltr'><strong>et</strong></span> <span class='ocrx_word' id='word_1_233' title='bbox 890 3339 1064 3386; x_wconf 89' lang='lat' dir='ltr'><strong>tutum</strong></span> <span class='ocrx_word' id='word_1_234' title='bbox 1121 3335 1422 3401; x_wconf 84' lang='lat' dir='ltr'><strong>postulare.</strong></span> <span class='ocrx_word' id='word_1_235' title='bbox 1479 3332 1589 3387; x_wconf 85' lang='lat' dir='ltr'><strong>Nos</strong></span> <span class='ocrx_word' id='word_1_236' title='bbox 1658 3336 1824 3406; x_wconf 80' lang='lat' dir='ltr'><strong>igitur</strong></span> <span class='ocrx_word' id='word_1_237' title='bbox 1871 3354 2048 3408; x_wconf 88' lang='lat' dir='ltr'><strong>neque</strong></span> 
     </span>
    </p>
   </div>
   <div class='ocr_carea' id='block_1_38' title="bbox 473 3418 2048 3493">
    <p class='ocr_par' dir='ltr' id='par_1_38' title="bbox 473 3418 2048 3493">
     <span class='ocr_line' id='line_1_38' title="bbox 473 3418 2048 3493; baseline 0.007 -24"><span class='ocrx_word' id='word_1_238' title='bbox 473 3418 680 3470; x_wconf 88' lang='lat' dir='ltr'><strong>homini</strong></span> <span class='ocrx_word' id='word_1_239' title='bbox 720 3419 952 3472; x_wconf 77' lang='lat' dir='ltr'><strong>salutem</strong></span> <span class='ocrx_word' id='word_1_240' title='bbox 1016 3431 1261 3473; x_wconf 89' lang='lat' dir='ltr'><strong>nostram</strong></span> <span class='ocrx_word' id='word_1_241' title='bbox 1309 3421 1693 3484; x_wconf 87' lang='lat' dir='ltr'><strong>attribuimus,</strong></span> <span class='ocrx_word' id='word_1_242' title='bbox 1739 3440 1916 3493; x_wconf 88' lang='lat' dir='ltr'><strong>neque</strong></span> <span class='ocrx_word' id='word_1_243' title='bbox 1966 3427 2048 3481; x_wconf 91' lang='lat' dir='ltr'><strong>in-</strong></span> 
     </span>
    </p>
   </div>
   <div class='ocr_carea' id='block_1_39' title="bbox 470 3509 2047 3584">
    <p class='ocr_par' dir='ltr' id='par_1_39' title="bbox 470 3509 2047 3584">
     <span class='ocr_line' id='line_1_39' title="bbox 470 3509 2047 3584; baseline 0.006 -22"><span class='ocrx_word' id='word_1_244' title='bbox 470 3509 883 3577; x_wconf 74' lang='lat' dir='ltr'><strong>curruptibilem</strong></span> <span class='ocrx_word' id='word_1_245' title='bbox 941 3517 995 3564; x_wconf 92' lang='lat' dir='ltr'><strong>et</strong></span> <span class='ocrx_word' id='word_1_246' title='bbox 1059 3510 1300 3564; x_wconf 88' lang='lat' dir='ltr'><strong>divinam</strong></span> <span class='ocrx_word' id='word_1_247' title='bbox 1367 3521 1620 3566; x_wconf 88' lang='lat' dir='ltr'><strong>naturam</strong></span> <span class='ocrx_word' id='word_1_248' title='bbox 1682 3517 1961 3584; x_wconf 85' lang='lat' dir='ltr'><strong>patibilem</strong></span> <span class='ocrx_word' id='word_1_249' title='bbox 1992 3526 2047 3572; x_wconf 88' lang='lat' dir='ltr'><strong>et</strong></span> 
     </span>
    </p>
   </div>
   <div class='ocr_carea' id='block_1_40' title="bbox 469 3597 2044 3672">
    <p class='ocr_par' dir='ltr' id='par_1_40' title="bbox 469 3597 2044 3672">
     <span class='ocr_line' id='line_1_40' title="bbox 469 3597 2044 3672; baseline 0.007 -22"><span class='ocrx_word' id='word_1_250' title='bbox 469 3597 878 3664; x_wconf 85' lang='lat' dir='ltr'><strong>eorruptibilem</strong></span> <span class='ocrx_word' id='word_1_251' title='bbox 908 3613 1029 3654; x_wconf 87' lang='lat' dir='ltr'><strong>esse</strong></span> <span class='ocrx_word' id='word_1_252' title='bbox 1053 3598 1410 3665; x_wconf 90' lang='lat' dir='ltr'><strong>admittimus,</strong></span> <span class='ocrx_word' id='word_1_253' title='bbox 1439 3602 1531 3656; x_wconf 91' lang='lat' dir='ltr'><strong>sed</strong></span> <span class='ocrx_word' id='word_1_254' title='bbox 1553 3604 1807 3672; x_wconf 88' lang='lat' dir='ltr'><strong>quoniam</strong></span> <span class='ocrx_word' id='word_1_255' title='bbox 1843 3606 2044 3663; x_wconf 88' lang='lat' dir='ltr'><strong>divinis</strong></span> 
     </span>
    </p>
   </div>
   <div class='ocr_carea' id='block_1_41' title="bbox 469 3686 2041 3764">
    <p class='ocr_par' dir='ltr' id='par_1_41' title="bbox 469 3686 2041 3764">
     <span class='ocr_line' id='line_1_41' title="bbox 469 3686 2041 3764; baseline 0.008 -24"><span class='ocrx_word' id='word_1_256' title='bbox 469 3686 696 3740; x_wconf 89' lang='lat' dir='ltr'><strong>vocibus</strong></span> <span class='ocrx_word' id='word_1_257' title='bbox 766 3688 991 3742; x_wconf 86' lang='lat' dir='ltr'><strong>omnino</strong></span> <span class='ocrx_word' id='word_1_258' title='bbox 1062 3701 1114 3743; x_wconf 91' lang='lat' dir='ltr'><strong>et</strong></span> <span class='ocrx_word' id='word_1_259' title='bbox 1177 3690 1554 3748; x_wconf 85' lang='lat' dir='ltr'><strong>indubitanter</strong></span> <span class='ocrx_word' id='word_1_260' title='bbox 1604 3703 1820 3764; x_wconf 88' lang='lat' dir='ltr'><strong>oportet</strong></span> <span class='ocrx_word' id='word_1_261' title='bbox 1883 3697 2041 3753; x_wconf 84' lang='lat' dir='ltr'><strong>ﬁdem</strong></span> 
     </span>
    </p>
   </div>
   <div class='ocr_carea' id='block_1_42' title="bbox 468 3776 2044 3859">
    <p class='ocr_par' dir='ltr' id='par_1_42' title="bbox 468 3776 2044 3859">
     <span class='ocr_line' id='line_1_42' title="bbox 468 3776 2044 3859; baseline 0.011 -31"><span class='ocrx_word' id='word_1_262' title='bbox 468 3776 690 3839; x_wconf 85' lang='lat' dir='ltr'><strong>habere,</strong></span> <span class='ocrx_word' id='word_1_263' title='bbox 755 3793 876 3846; x_wconf 83' lang='lat' dir='ltr'><strong>quae</strong></span> <span class='ocrx_word' id='word_1_264' title='bbox 927 3779 1092 3835; x_wconf 84' lang='lat' dir='ltr'><strong>Deum</strong></span> <span class='ocrx_word' id='word_1_265' title='bbox 1176 3780 1414 3838; x_wconf 82' lang='lat' dir='ltr'><strong>Verbum</strong></span> <span class='ocrx_word' id='word_1_266' title='bbox 1478 3787 1530 3839; x_wconf 93' lang='lat' dir='ltr'><strong>in</strong></span> <span class='ocrx_word' id='word_1_267' title='bbox 1594 3788 1864 3859; x_wconf 89' lang='lat' dir='ltr'><strong>principio</strong></span> <span class='ocrx_word' id='word_1_268' title='bbox 1921 3805 2044 3846; x_wconf 89' lang='lat' dir='ltr'><strong>esse</strong></span> 
     </span>
    </p>
   </div>
   <div class='ocr_carea' id='block_1_43' title="bbox 467 3868 2041 3941">
    <p class='ocr_par' dir='ltr' id='par_1_43' title="bbox 467 3868 2041 3941">
     <span class='ocr_line' id='line_1_43' title="bbox 467 3868 2041 3941; baseline 0.011 -23"><span class='ocrx_word' id='word_1_269' title='bbox 467 3869 785 3931; x_wconf 64' lang='lat' dir='ltr'><strong>praedicant,</strong></span> <span class='ocrx_word' id='word_1_270' title='bbox 842 3880 963 3941; x_wconf 85' lang='lat' dir='ltr'><strong>post</strong></span> <span class='ocrx_word' id='word_1_271' title='bbox 1014 3889 1142 3927; x_wconf 89' lang='lat' dir='ltr'><strong>vero</strong></span> <span class='ocrx_word' id='word_1_272' title='bbox 1171 3873 1407 3928; x_wconf 81' lang='lat' dir='ltr'><strong>Verbum</strong></span> <span class='ocrx_word' id='word_1_273' title='bbox 1455 3868 1675 3932; x_wconf 84' lang='lat' dir='ltr'><strong>carnem</strong></span> <span class='ocrx_word' id='word_1_274' title='bbox 1732 3879 1933 3936; x_wconf 76' lang='lat' dir='ltr'><strong>factum</strong></span> <span class='ocrx_word' id='word_1_275' title='bbox 1985 3883 2041 3936; x_wconf 89' lang='lat' dir='ltr'><strong>in</strong></span> 
     </span>
    </p>
   </div>
   <div class='ocr_carea' id='block_1_44' title="bbox 467 3959 2036 4036">
    <p class='ocr_par' dir='ltr' id='par_1_44' title="bbox 467 3959 2036 4036">
     <span class='ocr_line' id='line_1_44' title="bbox 467 3959 2036 4036; baseline 0.009 -25"><span class='ocrx_word' id='word_1_276' title='bbox 467 3966 611 4012; x_wconf 86' lang='lat' dir='ltr'><strong>terra</strong></span> <span class='ocrx_word' id='word_1_277' title='bbox 642 3959 818 4013; x_wconf 85' lang='lat' dir='ltr'><strong>visum</strong></span> <span class='ocrx_word' id='word_1_278' title='bbox 853 3977 976 4016; x_wconf 86' lang='lat' dir='ltr'><strong>esse</strong></span> <span class='ocrx_word' id='word_1_279' title='bbox 1014 3972 1067 4015; x_wconf 91' lang='lat' dir='ltr'><strong>et</strong></span> <span class='ocrx_word' id='word_1_280' title='bbox 1106 3978 1228 4016; x_wconf 90' lang='lat' dir='ltr'><strong>cum</strong></span> <span class='ocrx_word' id='word_1_281' title='bbox 1262 3965 1575 4021; x_wconf 88' lang='lat' dir='ltr'><strong>hominibus</strong></span> <span class='ocrx_word' id='word_1_282' title='bbox 1630 3977 2036 4036; x_wconf 88' lang='lat' dir='ltr'><strong>conversatum,</strong></span> 
     </span>
    </p>
   </div>
   <div class='ocr_carea' id='block_1_45' title="bbox 464 4053 2034 4131">
    <p class='ocr_par' dir='ltr' id='par_1_45' title="bbox 464 4053 2034 4131">
     <span class='ocr_line' id='line_1_45' title="bbox 464 4053 2034 4131; baseline 0.008 -25"><span class='ocrx_word' id='word_1_283' title='bbox 464 4053 850 4107; x_wconf 77' lang='lat' dir='ltr'><strong>convenientes</strong></span> <span class='ocrx_word' id='word_1_284' title='bbox 884 4053 1002 4106; x_wconf 88' lang='lat' dir='ltr'><strong>voci</strong></span> <span class='ocrx_word' id='word_1_285' title='bbox 1025 4054 1222 4108; x_wconf 77' lang='lat' dir='ltr'><strong>divinze</strong></span> <span class='ocrx_word' id='word_1_286' title='bbox 1241 4056 1490 4112; x_wconf 90' lang='lat' dir='ltr'><strong>notiones</strong></span> <span class='ocrx_word' id='word_1_287' title='bbox 1513 4059 1565 4112; x_wconf 94' lang='lat' dir='ltr'><strong>in</strong></span> <span class='ocrx_word' id='word_1_288' title='bbox 1589 4059 1691 4114; x_wconf 88' lang='lat' dir='ltr'><strong>lide</strong></span> <span class='ocrx_word' id='word_1_289' title='bbox 1714 4062 2034 4131; x_wconf 90' lang='lat' dir='ltr'><strong>accipimus.</strong></span> 
     </span>
    </p>
   </div>
   <div class='ocr_carea' id='block_1_46' title="bbox 461 4143 2037 4217">
    <p class='ocr_par' dir='ltr' id='par_1_46' title="bbox 461 4143 2037 4217">
     <span class='ocr_line' id='line_1_46' title="bbox 461 4143 2037 4217; baseline 0.009 -23"><span class='ocrx_word' id='word_1_290' title='bbox 461 4143 596 4194; x_wconf 84' lang='lat' dir='ltr'><strong>Cum</strong></span> <span class='ocrx_word' id='word_1_291' title='bbox 645 4144 787 4196; x_wconf 87' lang='lat' dir='ltr'><strong>enim</strong></span> <span class='ocrx_word' id='word_1_292' title='bbox 839 4143 1113 4205; x_wconf 89' lang='lat' dir='ltr'><strong>audimus,</strong></span> <span class='ocrx_word' id='word_1_293' title='bbox 1156 4147 1298 4214; x_wconf 91' lang='lat' dir='ltr'><strong>quod</strong></span> <span class='ocrx_word' id='word_1_294' title='bbox 1351 4148 1440 4201; x_wconf 87' lang='lat' dir='ltr'><strong>lux</strong></span> <span class='ocrx_word' id='word_1_295' title='bbox 1472 4158 1576 4211; x_wconf 83' lang='lat' dir='ltr'><strong>est,</strong></span> <span class='ocrx_word' id='word_1_296' title='bbox 1629 4158 1682 4204; x_wconf 92' lang='lat' dir='ltr'><strong>et</strong></span> <span class='ocrx_word' id='word_1_297' title='bbox 1733 4150 1929 4217; x_wconf 91' lang='lat' dir='ltr'><strong>virtus,</strong></span> <span class='ocrx_word' id='word_1_298' title='bbox 1983 4162 2037 4208; x_wconf 89' lang='lat' dir='ltr'><strong>et</strong></span> 
     </span>
    </p>
   </div>
   <div class='ocr_carea' id='block_1_47' title="bbox 453 4233 2034 4314">
    <p class='ocr_par' dir='ltr' id='par_1_47' title="bbox 453 4233 2034 4314">
     <span class='ocr_line' id='line_1_47' title="bbox 453 4233 2034 4314; baseline 0.008 -28"><span class='ocrx_word' id='word_1_299' title='bbox 453 4233 689 4303; x_wconf 85' lang='lat' dir='ltr'><strong>justitia,</strong></span> <span class='ocrx_word' id='word_1_300' title='bbox 724 4242 777 4288; x_wconf 89' lang='lat' dir='ltr'><strong>et</strong></span> <span class='ocrx_word' id='word_1_301' title='bbox 804 4235 931 4298; x_wconf 88' lang='lat' dir='ltr'><strong>vita,</strong></span> <span class='ocrx_word' id='word_1_302' title='bbox 963 4243 1015 4289; x_wconf 93' lang='lat' dir='ltr'><strong>et</strong></span> <span class='ocrx_word' id='word_1_303' title='bbox 1040 4237 1262 4301; x_wconf 89' lang='lat' dir='ltr'><strong>veritas,</strong></span> <span class='ocrx_word' id='word_1_304' title='bbox 1303 4239 1556 4308; x_wconf 79' lang='lat' dir='ltr'><strong>quodque</strong></span> <span class='ocrx_word' id='word_1_305' title='bbox 1608 4241 1788 4295; x_wconf 87' lang='lat' dir='ltr'><strong>omnia</strong></span> <span class='ocrx_word' id='word_1_306' title='bbox 1821 4259 1916 4312; x_wconf 89' lang='lat' dir='ltr'><strong>per</strong></span> <span class='ocrx_word' id='word_1_307' title='bbox 1951 4245 2034 4314; x_wconf 90' lang='lat' dir='ltr'><strong>ip-</strong></span> 
     </span>
    </p>
   </div>
   <div class='ocr_carea' id='block_1_48' title="bbox 459 4326 2034 4401">
    <p class='ocr_par' dir='ltr' id='par_1_48' title="bbox 459 4326 2034 4401">
     <span class='ocr_line' id='line_1_48' title="bbox 459 4326 2034 4401; baseline 0.008 -23"><span class='ocrx_word' id='word_1_308' title='bbox 459 4340 580 4378; x_wconf 91' lang='lat' dir='ltr'><strong>sum</strong></span> <span class='ocrx_word' id='word_1_309' title='bbox 644 4326 784 4379; x_wconf 81' lang='lat' dir='ltr'><strong>facta</strong></span> <span class='ocrx_word' id='word_1_310' title='bbox 851 4333 998 4390; x_wconf 90' lang='lat' dir='ltr'><strong>sunt,</strong></span> <span class='ocrx_word' id='word_1_311' title='bbox 1060 4327 1173 4381; x_wconf 69' lang='lat' dir='ltr'><strong>haec</strong></span> <span class='ocrx_word' id='word_1_312' title='bbox 1233 4329 1415 4383; x_wconf 86' lang='lat' dir='ltr'><strong>omnia</strong></span> <span class='ocrx_word' id='word_1_313' title='bbox 1481 4338 1536 4384; x_wconf 93' lang='lat' dir='ltr'><strong>et</strong></span> <span class='ocrx_word' id='word_1_314' title='bbox 1603 4332 1870 4401; x_wconf 90' lang='lat' dir='ltr'><strong>ejusmodi</strong></span> <span class='ocrx_word' id='word_1_315' title='bbox 1930 4334 2034 4392; x_wconf 77' lang='lat' dir='ltr'><strong>fide</strong></span> 
     </span>
    </p>
   </div>
   <div class='ocr_carea' id='block_1_49' title="bbox 1915 1410 2092 1480">
    <p class='ocr_par' dir='ltr' id='par_1_49' title="bbox 1915 1410 2092 1480">
     <span class='ocr_line' id='line_1_49' title="bbox 1915 1410 2092 1480; baseline 0.006 -17"><span class='ocrx_word' id='word_1_316' title='bbox 1915 1410 2092 1480; x_wconf 84' lang='lat' dir='ltr'><strong>Atque</strong></span> 
     </span>
    </p>
   </div>
   <div class='ocr_carea' id='block_1_50' title="bbox 2171 493 3751 569">
    <p class='ocr_par' dir='ltr' id='par_1_50' title="bbox 2171 493 3751 569">
     <span class='ocr_line' id='line_1_50' title="bbox 2171 493 3751 569; baseline -0.001 -18"><span class='ocrx_word' id='word_1_317' title='bbox 2171 500 2334 568; x_wconf 82' lang='grc' dir='ltr'>πίνης</span> <span class='ocrx_word' id='word_1_318' title='bbox 2359 499 2574 567; x_wconf 83' lang='grc' dir='ltr'>φύσεως</span> <span class='ocrx_word' id='word_1_319' title='bbox 2594 493 2732 551; x_wconf 76' lang='grc' dir='ltr'>εἶναι</span> <span class='ocrx_word' id='word_1_320' title='bbox 2753 497 2849 568; x_wconf 81' lang='grc' dir='ltr'><strong>τὴν</strong></span> <span class='ocrx_word' id='word_1_321' title='bbox 2870 497 3134 566; x_wconf 77' lang='grc' dir='ltr'>σωτήριον</span> <span class='ocrx_word' id='word_1_322' title='bbox 3152 495 3244 547; x_wconf 76' lang='grc' dir='ltr'>τοῦ</span> <span class='ocrx_word' id='word_1_323' title='bbox 3267 495 3502 566; x_wconf 80' lang='grc' dir='ltr'><strong>Χριστοῦ</strong></span> <span class='ocrx_word' id='word_1_324' title='bbox 3524 497 3751 569; x_wconf 84' lang='grc' dir='ltr'>δύναμιν</span> 
     </span>
    </p>
   </div>
   <div class='ocr_carea' id='block_1_51' title="bbox 2171 587 3753 661">
    <p class='ocr_par' dir='ltr' id='par_1_51' title="bbox 2171 587 3753 661">
     <span class='ocr_line' id='line_1_51' title="bbox 2171 587 3753 661; baseline -0.001 -17"><span class='ocrx_word' id='word_1_325' title='bbox 2171 590 2556 660; x_wconf 72' lang='grc' dir='ltr'>ὁμολογοῦμεν,</span> <span class='ocrx_word' id='word_1_326' title='bbox 2589 591 2688 661; x_wconf 72' lang='grc' dir='ltr'>ἤδη</span> <span class='ocrx_word' id='word_1_327' title='bbox 2724 590 2784 643; x_wconf 79' lang='grc' dir='ltr'>τὸ</span> <span class='ocrx_word' id='word_1_328' title='bbox 2808 589 2981 659; x_wconf 99' lang='grc' dir='ltr'>δόγμα</span> <span class='ocrx_word' id='word_1_329' title='bbox 3007 588 3114 640; x_wconf 77' lang='grc' dir='ltr'><strong>τῶν</strong></span> <span class='ocrx_word' id='word_1_330' title='bbox 3146 587 3482 641; x_wconf 77' lang='grc' dir='ltr'>ὑπεναντίων</span> <span class='ocrx_word' id='word_1_331' title='bbox 3516 589 3577 640; x_wconf 83' lang='grc' dir='ltr'><strong>τὸ</strong></span> <span class='ocrx_word' id='word_1_332' title='bbox 3611 589 3753 644; x_wconf 85' lang='grc' dir='ltr'><strong>κατά</strong></span> 
     </span>
    </p>
   </div>
   <div class='ocr_carea' id='block_1_52' title="bbox 2172 677 3753 751">
    <p class='ocr_par' dir='ltr' id='par_1_52' title="bbox 2172 677 3753 751">
     <span class='ocr_line' id='line_1_52' title="bbox 2172 677 3753 751; baseline 0.001 -19"><span class='ocrx_word' id='word_1_333' title='bbox 2172 681 2270 750; x_wconf 85' lang='grc' dir='ltr'>τῆς</span> <span class='ocrx_word' id='word_1_334' title='bbox 2305 681 2561 750; x_wconf 75' lang='grc' dir='ltr'><strong>ἀληθείας</strong></span> <span class='ocrx_word' id='word_1_335' title='bbox 2593 680 2937 751; x_wconf 78' lang='grc' dir='ltr'>κρατύνεται.</span> <span class='ocrx_word' id='word_1_336' title='bbox 2976 679 3100 742; x_wconf 82' lang='grc' dir='ltr'><strong>Τοῖς</strong></span> <span class='ocrx_word' id='word_1_337' title='bbox 3133 679 3230 748; x_wconf 76' lang='grc' dir='ltr'><strong>μὲν</strong></span> <span class='ocrx_word' id='word_1_338' title='bbox 3264 677 3372 748; x_wconf 87' lang='grc' dir='ltr'><strong>γάρ</strong></span> <span class='ocrx_word' id='word_1_339' title='bbox 3402 680 3603 744; x_wconf 87' lang='grc' dir='ltr'>σκοπός</span> <span class='ocrx_word' id='word_1_340' title='bbox 3634 682 3753 734; x_wconf 79' lang='grc' dir='ltr'>ἐστι</span> 
     </span>
    </p>
   </div>
   <div class='ocr_carea' id='block_1_53' title="bbox 2170 771 3753 841">
    <p class='ocr_par' dir='ltr' id='par_1_53' title="bbox 2170 771 3753 841">
     <span class='ocr_line' id='line_1_53' title="bbox 2170 771 3753 841; baseline 0.001 -18"><span class='ocrx_word' id='word_1_341' title='bbox 2170 772 2256 826; x_wconf 74' lang='grc' dir='ltr'><strong>διὰ</strong></span> <span class='ocrx_word' id='word_1_342' title='bbox 2295 773 2510 826; x_wconf 84' lang='grc' dir='ltr'>πάντων</span> <span class='ocrx_word' id='word_1_343' title='bbox 2541 773 2948 826; x_wconf 85' lang='grc' dir='ltr'>κατασκευάσαι</span> <span class='ocrx_word' id='word_1_344' title='bbox 2982 771 3081 841; x_wconf 77' lang='grc' dir='ltr'>τὴν</span> <span class='ocrx_word' id='word_1_345' title='bbox 3125 773 3224 840; x_wconf 83' lang='grc' dir='ltr'>τῆς</span> <span class='ocrx_word' id='word_1_346' title='bbox 3265 771 3453 833; x_wconf 83' lang='grc' dir='ltr'>οὑσίας</span> <span class='ocrx_word' id='word_1_347' title='bbox 3494 771 3588 824; x_wconf 80' lang='grc' dir='ltr'>τοῦ</span> <span class='ocrx_word' id='word_1_348' title='bbox 3622 772 3753 825; x_wconf 77' lang='grc' dir='ltr'><strong>Υἰοῦ</strong></span> 
     </span>
    </p>
   </div>
   <div class='ocr_carea' id='block_1_54' title="bbox 2171 859 3753 933">
    <p class='ocr_par' dir='ltr' id='par_1_54' title="bbox 2171 859 3753 933">
     <span class='ocr_line' id='line_1_54' title="bbox 2171 859 3753 933; baseline 0 -21"><span class='ocrx_word' id='word_1_349' title='bbox 2171 860 2305 931; x_wconf 72' lang='grc' dir='ltr'>πρὸς</span> <span class='ocrx_word' id='word_1_350' title='bbox 2336 861 2433 931; x_wconf 81' lang='grc' dir='ltr'><strong>τὴν</strong></span> <span class='ocrx_word' id='word_1_351' title='bbox 2465 861 2559 912; x_wconf 81' lang='grc' dir='ltr'>τοῦ</span> <span class='ocrx_word' id='word_1_352' title='bbox 2600 860 2812 931; x_wconf 81' lang='grc' dir='ltr'>Πατρὸς</span> <span class='ocrx_word' id='word_1_353' title='bbox 2858 859 3233 930; x_wconf 83' lang='grc' dir='ltr'><strong>ἀλλοτρίωσιν,</strong></span> <span class='ocrx_word' id='word_1_354' title='bbox 3272 860 3365 911; x_wconf 72' lang='grc' dir='ltr'><strong>καὶ</strong></span> <span class='ocrx_word' id='word_1_355' title='bbox 3395 861 3453 912; x_wconf 92' lang='grc' dir='ltr'><strong>οὑ</strong></span> <span class='ocrx_word' id='word_1_356' title='bbox 3493 861 3652 933; x_wconf 79' lang='grc' dir='ltr'>μόνον</span> 
     </span>
    </p>
   </div>
   <div class='ocr_carea' id='block_1_55' title="bbox 2167 950 3756 1023">
    <p class='ocr_par' dir='ltr' id='par_1_55' title="bbox 2167 950 3756 1023">
     <span class='ocr_line' id='line_1_55' title="bbox 2167 950 3756 1023; baseline 0.001 -19"><span class='ocrx_word' id='word_1_357' title='bbox 2167 952 2261 1004; x_wconf 78' lang='grc' dir='ltr'>τοῦ</span> <span class='ocrx_word' id='word_1_358' title='bbox 2291 950 2554 1023; x_wconf 68' lang='grc' dir='ltr'>γεννητοῦ</span> <span class='ocrx_word' id='word_1_359' title='bbox 2588 953 2722 1021; x_wconf 75' lang='grc' dir='ltr'>πρὸς</span> <span class='ocrx_word' id='word_1_360' title='bbox 2757 951 2817 1004; x_wconf 75' lang='grc' dir='ltr'>τὸ</span> <span class='ocrx_word' id='word_1_361' title='bbox 2849 951 3143 1021; x_wconf 76' lang='grc' dir='ltr'>ἀγέννητον</span> <span class='ocrx_word' id='word_1_362' title='bbox 3182 951 3462 1022; x_wconf 77' lang='grc' dir='ltr'>διαστολῇ,</span> <span class='ocrx_word' id='word_1_363' title='bbox 3495 952 3630 1004; x_wconf 87' lang='grc' dir='ltr'><strong>ἀλλά</strong></span> <span class='ocrx_word' id='word_1_364' title='bbox 3659 955 3756 1006; x_wconf 72' lang='grc' dir='ltr'><strong>καὶ</strong></span> 
     </span>
    </p>
   </div>
   <div class='ocr_carea' id='block_1_56' title="bbox 2167 1030 3753 1116">
    <p class='ocr_par' dir='ltr' id='par_1_56' title="bbox 2167 1030 3753 1116">
     <span class='ocr_line' id='line_1_56' title="bbox 2167 1030 3753 1116; baseline 0 -20"><span class='ocrx_word' id='word_1_365' title='bbox 2167 1046 2231 1114; x_wconf 83' lang='grc' dir='ltr'>τῇ</span> <span class='ocrx_word' id='word_1_366' title='bbox 2265 1045 2355 1097; x_wconf 74' lang='grc' dir='ltr'>τοῦ</span> <span class='ocrx_word' id='word_1_367' title='bbox 2402 1045 2644 1115; x_wconf 77' lang='grc' dir='ltr'>παθητοῦ</span> <span class='ocrx_word' id='word_1_368' title='bbox 2681 1047 2818 1116; x_wconf 77' lang='grc' dir='ltr'>πρὸς</span> <span class='ocrx_word' id='word_1_369' title='bbox 2861 1030 2920 1098; x_wconf 85' lang='grc' dir='ltr'><strong>τὸ</strong></span> <span class='ocrx_word' id='word_1_370' title='bbox 2949 1035 3156 1106; x_wconf 73' lang='grc' dir='ltr'>ἀπαθὲς</span> <span class='ocrx_word' id='word_1_371' title='bbox 3187 1043 3495 1107; x_wconf 88' lang='grc' dir='ltr'>ἀντιθέσει,</span> <span class='ocrx_word' id='word_1_372' title='bbox 3531 1043 3591 1096; x_wconf 72' lang='grc' dir='ltr'>τὴ</span> <span class='ocrx_word' id='word_1_373' title='bbox 3629 1047 3753 1096; x_wconf 80' lang='grc' dir='ltr'>κατ’</span> 
     </span>
    </p>
   </div>
   <div class='ocr_carea' id='block_1_57' title="bbox 2165 1133 3756 1205">
    <p class='ocr_par' dir='ltr' id='par_1_57' title="bbox 2165 1133 3756 1205">
     <span class='ocr_line' id='line_1_57' title="bbox 2165 1133 3756 1205; baseline -0.001 -17"><span class='ocrx_word' id='word_1_374' title='bbox 2165 1136 2351 1188; x_wconf 83' lang='grc' dir='ltr'>οὑσίαν</span> <span class='ocrx_word' id='word_1_375' title='bbox 2383 1137 2628 1205; x_wconf 80' lang='grc' dir='ltr'>ἀνόμοιον</span> <span class='ocrx_word' id='word_1_376' title='bbox 2655 1136 3026 1189; x_wconf 77' lang='grc' dir='ltr'>ἀποδεικνύειν</span> <span class='ocrx_word' id='word_1_377' title='bbox 3049 1133 3424 1197; x_wconf 77' lang='grc' dir='ltr'>σπουδάζουσι.</span> <span class='ocrx_word' id='word_1_378' title='bbox 3458 1135 3568 1187; x_wconf 72' lang='grc' dir='ltr'>Καὶ</span> <span class='ocrx_word' id='word_1_379' title='bbox 3592 1135 3756 1187; x_wconf 78' lang='grc' dir='ltr'>τοῦτο</span> 
     </span>
    </p>
   </div>
   <div class='ocr_carea' id='block_1_58' title="bbox 2125 1225 3756 1301">
    <p class='ocr_par' dir='ltr' id='par_1_58' title="bbox 2125 1225 3756 1301">
     <span class='ocr_line' id='line_1_58' title="bbox 2125 1225 3756 1301; baseline 0 -20"><span class='ocrx_word' id='word_1_380' title='bbox 2125 1225 2134 1238; x_wconf 49' lang='grc'>⁸</span> <span class='ocrx_word' id='word_1_381' title='bbox 2174 1231 2511 1300; x_wconf 77' lang='grc' dir='ltr'>γυμνότερον</span> <span class='ocrx_word' id='word_1_382' title='bbox 2545 1232 2641 1301; x_wconf 81' lang='grc' dir='ltr'><strong>μὲν</strong></span> <span class='ocrx_word' id='word_1_383' title='bbox 2676 1232 2732 1283; x_wconf 77' lang='grc' dir='ltr'>ἐν</span> <span class='ocrx_word' id='word_1_384' title='bbox 2758 1233 2870 1293; x_wconf 85' lang='grc' dir='ltr'>τοῖς</span> <span class='ocrx_word' id='word_1_385' title='bbox 2898 1229 3227 1291; x_wconf 81' lang='grc' dir='ltr'>τελευταίοις</span> <span class='ocrx_word' id='word_1_386' title='bbox 3250 1228 3342 1281; x_wconf 80' lang='grc' dir='ltr'>τοῦ</span> <span class='ocrx_word' id='word_1_387' title='bbox 3386 1227 3546 1297; x_wconf 87' lang='grc' dir='ltr'>λόγου</span> <span class='ocrx_word' id='word_1_388' title='bbox 3578 1245 3756 1281; x_wconf 83' lang='grc' dir='ltr'>κατα-</span> 
     </span>
    </p>
   </div>
   <div class='ocr_carea' id='block_1_59' title="bbox 2172 1322 2512 1385">
    <p class='ocr_par' dir='ltr' id='par_1_59' title="bbox 2172 1322 2512 1385">
     <span class='ocr_line' id='line_1_59' title="bbox 2172 1322 2512 1385; baseline 0.006 -13"><span class='ocrx_word' id='word_1_389' title='bbox 2172 1322 2512 1385; x_wconf 77' lang='grc' dir='ltr'>σκευάζεται.</span> 
     </span>
    </p>
   </div>
   <div class='ocr_carea' id='block_1_60' title="bbox 2171 1409 3755 1480">
    <p class='ocr_par' dir='ltr' id='par_1_60' title="bbox 2171 1409 3755 1480">
     <span class='ocr_line' id='line_1_60' title="bbox 2171 1409 3755 1480; baseline 0.002 -19"><span class='ocrx_word' id='word_1_390' title='bbox 2171 1409 2275 1465; x_wconf 90' lang='lat' dir='ltr'><strong>hoc</strong></span> <span class='ocrx_word' id='word_1_391' title='bbox 2310 1413 2366 1465; x_wconf 89' lang='lat' dir='ltr'><strong>in</strong></span> <span class='ocrx_word' id='word_1_392' title='bbox 2413 1411 2708 1480; x_wconf 84' lang='lat' dir='ltr'><strong>postremis</strong></span> <span class='ocrx_word' id='word_1_393' title='bbox 2745 1411 3017 1465; x_wconf 89' lang='lat' dir='ltr'><strong>sermonis</strong></span> <span class='ocrx_word' id='word_1_394' title='bbox 3065 1410 3314 1480; x_wconf 85' lang='lat' dir='ltr'><strong>partibus</strong></span> <span class='ocrx_word' id='word_1_395' title='bbox 3368 1411 3568 1467; x_wconf 86' lang='lat' dir='ltr'><strong>nudius</strong></span> <span class='ocrx_word' id='word_1_396' title='bbox 3613 1425 3755 1466; x_wconf 74' lang='lat' dir='ltr'><strong>con-</strong></span> 
     </span>
    </p>
   </div>
   <div class='ocr_carea' id='block_1_61' title="bbox 2251 1577 3755 1668">
    <p class='ocr_par' dir='ltr' id='par_1_61' title="bbox 2251 1590 3755 1668">
     <span class='ocr_line' id='line_1_61' title="bbox 2251 1590 3755 1668; baseline 0.004 -26"><span class='ocrx_word' id='word_1_397' title='bbox 2251 1590 2489 1659; x_wconf 76' lang='grc' dir='ltr'>Φανερὸν</span> <span class='ocrx_word' id='word_1_398' title='bbox 2520 1590 2574 1643; x_wconf 78' lang='grc' dir='ltr'><strong>δὲ</strong></span> <span class='ocrx_word' id='word_1_399' title='bbox 2610 1590 2702 1642; x_wconf 71' lang='grc' dir='ltr'><strong>καὶ</strong></span> <span class='ocrx_word' id='word_1_400' title='bbox 2736 1591 2821 1644; x_wconf 74' lang='grc' dir='ltr'><strong>διὰ</strong></span> <span class='ocrx_word' id='word_1_401' title='bbox 2853 1590 2960 1644; x_wconf 83' lang='grc' dir='ltr'><strong>τῶν</strong></span> <span class='ocrx_word' id='word_1_402' title='bbox 2992 1591 3086 1644; x_wconf 78' lang='grc' dir='ltr'>νῦν</span> <span class='ocrx_word' id='word_1_403' title='bbox 3125 1591 3431 1661; x_wconf 87' lang='grc' dir='ltr'>λεγομένων</span> <span class='ocrx_word' id='word_1_404' title='bbox 3460 1596 3556 1665; x_wconf 87' lang='grc' dir='ltr'>οὑχ</span> <span class='ocrx_word' id='word_1_405' title='bbox 3584 1591 3755 1668; x_wconf 79' lang='grc' dir='ltr'>ἧττόν</span> 
     </span>
    </p>
   </div>
   <div class='ocr_carea' id='block_1_62' title="bbox 2169 1681 3753 1760">
    <p class='ocr_par' dir='ltr' id='par_1_62' title="bbox 2169 1681 3753 1760">
     <span class='ocr_line' id='line_1_62' title="bbox 2169 1681 3753 1760; baseline 0.004 -27"><span class='ocrx_word' id='word_1_406' title='bbox 2169 1683 2342 1736; x_wconf 80' lang='grc' dir='ltr'>ἐστιν.</span> <span class='ocrx_word' id='word_1_407' title='bbox 2376 1683 2436 1734; x_wconf 79' lang='lat' dir='ltr'><strong>Ei</strong></span> <span class='ocrx_word' id='word_1_408' title='bbox 2465 1681 2572 1751; x_wconf 88' lang='grc' dir='ltr'><strong>γάρ</strong></span> <span class='ocrx_word' id='word_1_409' title='bbox 2607 1684 2844 1734; x_wconf 81' lang='grc' dir='ltr'>αἰτιᾶται</span> <span class='ocrx_word' id='word_1_410' title='bbox 2886 1683 3011 1746; x_wconf 72' lang='grc' dir='ltr'>τοὺς</span> <span class='ocrx_word' id='word_1_411' title='bbox 3037 1684 3096 1736; x_wconf 77' lang='grc' dir='ltr'>τὸ</span> <span class='ocrx_word' id='word_1_412' title='bbox 3135 1684 3306 1747; x_wconf 86' lang='grc' dir='ltr'>πάθος</span> <span class='ocrx_word' id='word_1_413' title='bbox 3335 1689 3399 1757; x_wconf 82' lang='grc' dir='ltr'>τῇ</span> <span class='ocrx_word' id='word_1_414' title='bbox 3434 1687 3753 1760; x_wconf 73' lang='grc' dir='ltr'>ἀνθρωπίνῃ</span> 
     </span>
    </p>
   </div>
   <div class='ocr_carea' id='block_1_63' title="bbox 2167 1771 3756 1848">
    <p class='ocr_par' dir='ltr' id='par_1_63' title="bbox 2167 1771 3756 1848">
     <span class='ocr_line' id='line_1_63' title="bbox 2167 1771 3756 1848; baseline 0.008 -26"><span class='ocrx_word' id='word_1_415' title='bbox 2167 1772 2324 1840; x_wconf 73' lang='grc' dir='ltr'>φύσει</span> <span class='ocrx_word' id='word_1_416' title='bbox 2353 1771 2702 1834; x_wconf 74' lang='grc' dir='ltr'>ἀνατιθέντας</span> <span class='ocrx_word' id='word_1_417' title='bbox 2723 1815 2735 1836; x_wconf 89' lang='grc'><strong>,</strong></span> <span class='ocrx_word' id='word_1_418' title='bbox 2767 1773 3011 1842; x_wconf 80' lang='grc' dir='ltr'>βούλεται</span> <span class='ocrx_word' id='word_1_419' title='bbox 3042 1776 3261 1838; x_wconf 74' lang='grc' dir='ltr'>πάντως</span> <span class='ocrx_word' id='word_1_420' title='bbox 3284 1777 3450 1847; x_wconf 78' lang='grc' dir='ltr'>αὐτὴν</span> <span class='ocrx_word' id='word_1_421' title='bbox 3474 1779 3552 1848; x_wconf 83' lang='grc' dir='ltr'>τῷ</span> <span class='ocrx_word' id='word_1_422' title='bbox 3586 1781 3756 1835; x_wconf 78' lang='grc' dir='ltr'>πάθει</span> 
     </span>
    </p>
   </div>
   <div class='ocr_carea' id='block_1_64' title="bbox 2167 1862 3756 1943">
    <p class='ocr_par' dir='ltr' id='par_1_64' title="bbox 2167 1862 3756 1943">
     <span class='ocr_line' id='line_1_64' title="bbox 2167 1862 3756 1943; baseline 0.007 -28"><span class='ocrx_word' id='word_1_423' title='bbox 2167 1862 2470 1931; x_wconf 76' lang='grc' dir='ltr'>ὑπαγαγεῖν</span> <span class='ocrx_word' id='word_1_424' title='bbox 2494 1865 2592 1936; x_wconf 80' lang='grc' dir='ltr'>τὴν</span> <span class='ocrx_word' id='word_1_425' title='bbox 2615 1864 2876 1936; x_wconf 79' lang='grc' dir='ltr'>Θεότητα.</span> <span class='ocrx_word' id='word_1_426' title='bbox 2909 1867 3112 1936; x_wconf 74' lang='grc' dir='ltr'>Διπλῆς</span> <span class='ocrx_word' id='word_1_427' title='bbox 3137 1868 3244 1938; x_wconf 72' lang='grc' dir='ltr'>γὰρ</span> <span class='ocrx_word' id='word_1_428' title='bbox 3272 1869 3329 1921; x_wconf 69' lang='grc' dir='ltr'><strong>οὗ</strong></span> <span class='ocrx_word' id='word_1_429' title='bbox 3341 1888 3436 1941; x_wconf 79' lang='grc' dir='ltr'><strong>σης</strong></span> <span class='ocrx_word' id='word_1_430' title='bbox 3463 1872 3555 1924; x_wconf 80' lang='grc' dir='ltr'><strong>καὶ</strong></span> <span class='ocrx_word' id='word_1_431' title='bbox 3580 1873 3756 1943; x_wconf 73' lang='grc' dir='ltr'>ἀμερι-</span> 
     </span>
    </p>
   </div>
   <div class='ocr_carea' id='block_1_65' title="bbox 2166 1954 3752 2035">
    <p class='ocr_par' dir='ltr' id='par_1_65' title="bbox 2166 1954 3752 2035">
     <span class='ocr_line' id='line_1_65' title="bbox 2166 1954 3752 2035; baseline 0.009 -30"><span class='ocrx_word' id='word_1_432' title='bbox 2166 1954 2320 2006; x_wconf 80' lang='grc' dir='ltr'>6όλου</span> <span class='ocrx_word' id='word_1_433' title='bbox 2343 1954 2444 2024; x_wconf 73' lang='grc' dir='ltr'>τῆς</span> <span class='ocrx_word' id='word_1_434' title='bbox 2477 1956 2816 2026; x_wconf 72' lang='grc' dir='ltr'>ὑπολήψεως,</span> <span class='ocrx_word' id='word_1_435' title='bbox 2848 1957 2955 2010; x_wconf 75' lang='grc' dir='ltr'>εἴτε</span> <span class='ocrx_word' id='word_1_436' title='bbox 2987 1959 3045 2011; x_wconf 81' lang='grc' dir='ltr'><strong>τὸ</strong></span> <span class='ocrx_word' id='word_1_437' title='bbox 3067 1959 3218 2012; x_wconf 81' lang='grc' dir='ltr'>Θεῖον</span> <span class='ocrx_word' id='word_1_438' title='bbox 3243 1963 3351 2014; x_wconf 84' lang='grc' dir='ltr'>εἴτε</span> <span class='ocrx_word' id='word_1_439' title='bbox 3381 1964 3439 2015; x_wconf 72' lang='grc' dir='ltr'>τὸ</span> <span class='ocrx_word' id='word_1_440' title='bbox 3469 1965 3752 2035; x_wconf 76' lang='grc' dir='ltr'>ἀνθρώπε-</span> 
     </span>
    </p>
   </div>
   <div class='ocr_carea' id='block_1_66' title="bbox 2168 2044 3748 2122">
    <p class='ocr_par' dir='ltr' id='par_1_66' title="bbox 2168 2044 3748 2122">
     <span class='ocr_line' id='line_1_66' title="bbox 2168 2044 3748 2122; baseline 0.009 -27"><span class='ocrx_word' id='word_1_441' title='bbox 2168 2060 2256 2096; x_wconf 91' lang='grc' dir='ltr'><strong>νον</strong></span> <span class='ocrx_word' id='word_1_442' title='bbox 2289 2046 2348 2096; x_wconf 88' lang='grc' dir='ltr'>ὲν</span> <span class='ocrx_word' id='word_1_443' title='bbox 2393 2044 2554 2098; x_wconf 84' lang='grc' dir='ltr'>πάθει</span> <span class='ocrx_word' id='word_1_444' title='bbox 2584 2048 2826 2114; x_wconf 80' lang='grc' dir='ltr'>γέγονεν,</span> <span class='ocrx_word' id='word_1_445' title='bbox 2856 2049 2888 2117; x_wconf 83' lang='grc' dir='ltr'><strong>ἡ</strong></span> <span class='ocrx_word' id='word_1_446' title='bbox 2932 2046 3023 2100; x_wconf 77' lang='grc' dir='ltr'>τοῦ</span> <span class='ocrx_word' id='word_1_447' title='bbox 3060 2049 3175 2113; x_wconf 82' lang='grc' dir='ltr'>ἑνὸς</span> <span class='ocrx_word' id='word_1_448' title='bbox 3205 2053 3527 2122; x_wconf 82' lang='grc' dir='ltr'>κατηγορία,</span> <span class='ocrx_word' id='word_1_449' title='bbox 3575 2073 3748 2109; x_wconf 85' lang='grc' dir='ltr'>κατα-</span> 
     </span>
    </p>
   </div>
   <div class='ocr_carea' id='block_1_67' title="bbox 2167 2135 3740 2209">
    <p class='ocr_par' dir='ltr' id='par_1_67' title="bbox 2167 2135 3740 2209">
     <span class='ocr_line' id='line_1_67' title="bbox 2167 2135 3740 2209; baseline 0.01 -23"><span class='ocrx_word' id='word_1_450' title='bbox 2167 2135 2333 2206; x_wconf 81' lang='grc' dir='ltr'>σκευὴ</span> <span class='ocrx_word' id='word_1_451' title='bbox 2363 2138 2581 2201; x_wconf 76' lang='grc' dir='ltr'>πάντως</span> <span class='ocrx_word' id='word_1_452' title='bbox 2607 2137 2700 2191; x_wconf 76' lang='grc' dir='ltr'>τοῦ</span> <span class='ocrx_word' id='word_1_453' title='bbox 2735 2139 3057 2209; x_wconf 77' lang='grc' dir='ltr'>λειπομένου</span> <span class='ocrx_word' id='word_1_454' title='bbox 3087 2140 3314 2208; x_wconf 86' lang='grc' dir='ltr'>γίνεται.</span> <span class='ocrx_word' id='word_1_455' title='bbox 3348 2143 3410 2195; x_wconf 71' lang='lat' dir='ltr'><strong>Et</strong></span> <span class='ocrx_word' id='word_1_456' title='bbox 3443 2145 3620 2198; x_wconf 79' lang='grc' dir='ltr'>τοίνυν</span> <span class='ocrx_word' id='word_1_457' title='bbox 3657 2136 3740 2200; x_wconf 66' lang='lat' dir='ltr'><strong>ai-</strong></span> 
     </span>
    </p>
   </div>
   <div class='ocr_carea' id='block_1_68' title="bbox 2162 2227 3745 2306">
    <p class='ocr_par' dir='ltr' id='par_1_68' title="bbox 2162 2227 3745 2306">
     <span class='ocr_line' id='line_1_68' title="bbox 2162 2227 3745 2306; baseline 0.009 -28"><span class='ocrx_word' id='word_1_458' title='bbox 2162 2227 2383 2281; x_wconf 84' lang='grc' dir='ltr'>τιῶνται</span> <span class='ocrx_word' id='word_1_459' title='bbox 2415 2229 2539 2291; x_wconf 71' lang='grc' dir='ltr'>τοὺς</span> <span class='ocrx_word' id='word_1_460' title='bbox 2560 2230 2621 2280; x_wconf 73' lang='grc' dir='ltr'>τὸ</span> <span class='ocrx_word' id='word_1_461' title='bbox 2645 2229 2811 2293; x_wconf 81' lang='grc' dir='ltr'>πάθος</span> <span class='ocrx_word' id='word_1_462' title='bbox 2843 2232 2970 2302; x_wconf 71' lang='grc' dir='ltr'>περὶ</span> <span class='ocrx_word' id='word_1_463' title='bbox 2995 2232 3082 2284; x_wconf 78' lang='grc' dir='ltr'><strong>τὸν</strong></span> <span class='ocrx_word' id='word_1_464' title='bbox 3114 2232 3398 2302; x_wconf 80' lang='grc' dir='ltr'>ἄνθρωπον</span> <span class='ocrx_word' id='word_1_465' title='bbox 3427 2235 3745 2306; x_wconf 80' lang='grc' dir='ltr'>βλέποντας,</span> 
     </span>
    </p>
   </div>
   <div class='ocr_carea' id='block_1_69' title="bbox 2164 2319 3746 2396">
    <p class='ocr_par' dir='ltr' id='par_1_69' title="bbox 2164 2319 3746 2396">
     <span class='ocr_line' id='line_1_69' title="bbox 2164 2319 3746 2396; baseline 0.009 -27"><span class='ocrx_word' id='word_1_466' title='bbox 2164 2319 2510 2372; x_wconf 79' lang='grc' dir='ltr'>ἐπαινέσουσι</span> <span class='ocrx_word' id='word_1_467' title='bbox 2544 2322 2760 2384; x_wconf 86' lang='grc' dir='ltr'>πάντως</span> <span class='ocrx_word' id='word_1_468' title='bbox 2783 2323 2908 2384; x_wconf 86' lang='grc' dir='ltr'>τοὺς</span> <span class='ocrx_word' id='word_1_469' title='bbox 2941 2323 3157 2396; x_wconf 78' lang='grc' dir='ltr'>ἐμπαθῆ</span> <span class='ocrx_word' id='word_1_470' title='bbox 3195 2325 3456 2393; x_wconf 85' lang='grc' dir='ltr'>λέγοντας</span> <span class='ocrx_word' id='word_1_471' title='bbox 3483 2329 3576 2382; x_wconf 75' lang='grc' dir='ltr'>τοῦ</span> <span class='ocrx_word' id='word_1_472' title='bbox 3612 2331 3746 2383; x_wconf 84' lang='grc' dir='ltr'>Υίοῦ</span> 
     </span>
    </p>
   </div>
   <div class='ocr_carea' id='block_1_70' title="bbox 2162 2409 3746 2493">
    <p class='ocr_par' dir='ltr' id='par_1_70' title="bbox 2162 2409 3746 2493">
     <span class='ocr_line' id='line_1_70' title="bbox 2162 2409 3746 2493; baseline 0.005 -32"><span class='ocrx_word' id='word_1_473' title='bbox 2162 2411 2260 2480; x_wconf 80' lang='grc' dir='ltr'><strong>τὴν</strong></span> <span class='ocrx_word' id='word_1_474' title='bbox 2302 2409 2550 2480; x_wconf 86' lang='grc' dir='ltr'>θεότητα.</span> <span class='ocrx_word' id='word_1_475' title='bbox 2599 2412 2670 2463; x_wconf 85' lang='grc' dir='ltr'><strong>Τὸ</strong></span> <span class='ocrx_word' id='word_1_476' title='bbox 2715 2412 2770 2464; x_wconf 80' lang='grc' dir='ltr'>δὲ</span> <span class='ocrx_word' id='word_1_477' title='bbox 2819 2415 3388 2486; x_wconf 80' lang='grc' dir='ltr'>κατασκευαζόμενον,</span> <span class='ocrx_word' id='word_1_478' title='bbox 3448 2423 3746 2493; x_wconf 70' lang='grc' dir='ltr'>συνηγορία</span> 
     </span>
    </p>
   </div>
   <div class='ocr_carea' id='block_1_71' title="bbox 2161 2501 3747 2587">
    <p class='ocr_par' dir='ltr' id='par_1_71' title="bbox 2161 2501 3747 2587">
     <span class='ocr_line' id='line_1_71' title="bbox 2161 2501 3747 2587; baseline 0.01 -35"><span class='ocrx_word' id='word_1_479' title='bbox 2161 2501 2261 2570; x_wconf 78' lang='grc' dir='ltr'>τῆς</span> <span class='ocrx_word' id='word_1_480' title='bbox 2308 2501 2401 2554; x_wconf 78' lang='grc' dir='ltr'>τοῦ</span> <span class='ocrx_word' id='word_1_481' title='bbox 2443 2502 2710 2572; x_wconf 85' lang='grc' dir='ltr'>δόγματος</span> <span class='ocrx_word' id='word_1_482' title='bbox 2762 2504 2941 2556; x_wconf 85' lang='grc' dir='ltr'>αὑτῶν</span> <span class='ocrx_word' id='word_1_483' title='bbox 2984 2507 3208 2570; x_wconf 82' lang='grc' dir='ltr'>ἀτοπίας</span> <span class='ocrx_word' id='word_1_484' title='bbox 3253 2509 3484 2574; x_wconf 86' lang='grc' dir='ltr'>γίνεται.</span> <span class='ocrx_word' id='word_1_485' title='bbox 3539 2514 3601 2565; x_wconf 81' lang='grc' dir='ltr'><strong>Εἰ</strong></span> <span class='ocrx_word' id='word_1_486' title='bbox 3637 2521 3747 2587; x_wconf 80' lang='grc' dir='ltr'><strong>γὰρ</strong></span> 
     </span>
    </p>
   </div>
   <div class='ocr_carea' id='block_1_72' title="bbox 2163 2593 3746 2671">
    <p class='ocr_par' dir='ltr' id='par_1_72' title="bbox 2163 2593 3746 2671">
     <span class='ocr_line' id='line_1_72' title="bbox 2163 2593 3746 2671; baseline 0.008 -27"><span class='ocrx_word' id='word_1_487' title='bbox 2163 2593 2363 2663; x_wconf 86' lang='grc' dir='ltr'>πάσχει</span> <span class='ocrx_word' id='word_1_488' title='bbox 2405 2593 2502 2662; x_wconf 80' lang='grc' dir='ltr'><strong>μὲν</strong></span> <span class='ocrx_word' id='word_1_489' title='bbox 2539 2594 2678 2646; x_wconf 87' lang='grc' dir='ltr'><strong>κατά</strong></span> <span class='ocrx_word' id='word_1_490' title='bbox 2707 2593 2797 2646; x_wconf 85' lang='grc' dir='ltr'><strong>τὸν</strong></span> <span class='ocrx_word' id='word_1_491' title='bbox 2832 2595 2989 2662; x_wconf 87' lang='grc' dir='ltr'>λόγον</span> <span class='ocrx_word' id='word_1_492' title='bbox 3035 2597 3214 2649; x_wconf 78' lang='grc' dir='ltr'>αὐτῶν</span> <span class='ocrx_word' id='word_1_493' title='bbox 3248 2599 3340 2651; x_wconf 77' lang='grc' dir='ltr'>τοῦ</span> <span class='ocrx_word' id='word_1_494' title='bbox 3377 2601 3504 2653; x_wconf 82' lang='grc' dir='ltr'>Υίοῦ</span> <span class='ocrx_word' id='word_1_495' title='bbox 3539 2605 3572 2671; x_wconf 81' lang='grc' dir='ltr'>ἡ</span> <span class='ocrx_word' id='word_1_496' title='bbox 3630 2604 3746 2657; x_wconf 87' lang='grc' dir='ltr'>θεό-</span> 
     </span>
    </p>
   </div>
   <div class='ocr_carea' id='block_1_73' title="bbox 2161 2684 3746 2762">
    <p class='ocr_par' dir='ltr' id='par_1_73' title="bbox 2161 2684 3746 2762">
     <span class='ocr_line' id='line_1_73' title="bbox 2161 2684 3746 2762; baseline 0.008 -28"><span class='ocrx_word' id='word_1_497' title='bbox 2161 2701 2258 2753; x_wconf 88' lang='grc' dir='ltr'><strong>της</strong></span> <span class='ocrx_word' id='word_1_498' title='bbox 2284 2701 2296 2712; x_wconf 92' lang='grc'><strong>·</strong></span> <span class='ocrx_word' id='word_1_499' title='bbox 2330 2686 2362 2754; x_wconf 82' lang='grc' dir='ltr'>ἡ</span> <span class='ocrx_word' id='word_1_500' title='bbox 2395 2684 2450 2735; x_wconf 80' lang='grc' dir='ltr'><strong>δὲ</strong></span> <span class='ocrx_word' id='word_1_501' title='bbox 2478 2684 2572 2736; x_wconf 71' lang='grc' dir='ltr'>τοῦ</span> <span class='ocrx_word' id='word_1_502' title='bbox 2609 2685 2819 2755; x_wconf 86' lang='grc' dir='ltr'>Πατρὸς</span> <span class='ocrx_word' id='word_1_503' title='bbox 2862 2687 2919 2738; x_wconf 84' lang='grc' dir='ltr'><strong>ὲν</strong></span> <span class='ocrx_word' id='word_1_504' title='bbox 2953 2686 3189 2758; x_wconf 80' lang='grc' dir='ltr'>ἀπαθείᾳ</span> <span class='ocrx_word' id='word_1_505' title='bbox 3231 2690 3380 2762; x_wconf 83' lang='grc' dir='ltr'>πάσῃ</span> <span class='ocrx_word' id='word_1_506' title='bbox 3409 2691 3746 2759; x_wconf 65' lang='grc' dir='ltr'>φυλάσσεται</span> 
     </span>
    </p>
   </div>
   <div class='ocr_carea' id='block_1_74' title="bbox 2161 2774 3745 2855">
    <p class='ocr_par' dir='ltr' id='par_1_74' title="bbox 2161 2774 3745 2855">
     <span class='ocr_line' id='line_1_74' title="bbox 2161 2774 3745 2855; baseline 0.006 -27"><span class='ocrx_word' id='word_1_507' title='bbox 2161 2774 2303 2828; x_wconf 84' lang='grc' dir='ltr'><strong>κατά</strong></span> <span class='ocrx_word' id='word_1_508' title='bbox 2359 2775 2456 2846; x_wconf 79' lang='grc' dir='ltr'><strong>τὴν</strong></span> <span class='ocrx_word' id='word_1_509' title='bbox 2506 2776 2694 2829; x_wconf 78' lang='grc' dir='ltr'>οὐσίαν</span> <span class='ocrx_word' id='word_1_510' title='bbox 2724 2794 2736 2806; x_wconf 80' lang='lat'><strong><em>°</em></strong></span> <span class='ocrx_word' id='word_1_511' title='bbox 2795 2779 2826 2847; x_wconf 86' lang='grc' dir='ltr'>ἡ</span> <span class='ocrx_word' id='word_1_512' title='bbox 2865 2777 3083 2848; x_wconf 78' lang='grc' dir='ltr'>ἀπαθὴς</span> <span class='ocrx_word' id='word_1_513' title='bbox 3117 2780 3223 2849; x_wconf 87' lang='grc' dir='ltr'><strong>ἄρα</strong></span> <span class='ocrx_word' id='word_1_514' title='bbox 3263 2781 3422 2849; x_wconf 78' lang='grc' dir='ltr'>φύσις</span> <span class='ocrx_word' id='word_1_515' title='bbox 3473 2785 3609 2854; x_wconf 76' lang='grc' dir='ltr'>πρὸς</span> <span class='ocrx_word' id='word_1_516' title='bbox 3646 2787 3745 2855; x_wconf 74' lang='grc' dir='ltr'><strong>τὴν</strong></span> 
     </span>
    </p>
   </div>
   <div class='ocr_carea' id='block_1_75' title="bbox 2160 2867 3742 2953">
    <p class='ocr_par' dir='ltr' id='par_1_75' title="bbox 2160 2867 3742 2953">
     <span class='ocr_line' id='line_1_75' title="bbox 2160 2867 3742 2953; baseline 0.009 -34"><span class='ocrx_word' id='word_1_517' title='bbox 2160 2867 2610 2938; x_wconf 84' lang='grc' dir='ltr'>παραδεχομένην</span> <span class='ocrx_word' id='word_1_518' title='bbox 2645 2870 2706 2921; x_wconf 77' lang='grc' dir='ltr'><strong>τὸ</strong></span> <span class='ocrx_word' id='word_1_519' title='bbox 2750 2870 2920 2934; x_wconf 74' lang='grc' dir='ltr'>πάθος</span> <span class='ocrx_word' id='word_1_520' title='bbox 2969 2872 3263 2944; x_wconf 79' lang='grc' dir='ltr'>ἀλλοτρίως</span> <span class='ocrx_word' id='word_1_521' title='bbox 3317 2875 3451 2946; x_wconf 74' lang='grc' dir='ltr'>ἔχει.</span> <span class='ocrx_word' id='word_1_522' title='bbox 3523 2880 3742 2953; x_wconf 77' lang='grc' dir='ltr'>Ἐπειδὴ</span> 
     </span>
    </p>
   </div>
   <div class='ocr_carea' id='block_1_76' title="bbox 2158 2960 3742 3043">
    <p class='ocr_par' dir='ltr' id='par_1_76' title="bbox 2158 2960 3742 3043">
     <span class='ocr_line' id='line_1_76' title="bbox 2158 2960 3742 3043; baseline 0.002 -32"><span class='ocrx_word' id='word_1_523' title='bbox 2158 2961 2338 3013; x_wconf 86' lang='grc' dir='ltr'>τοίνυν</span> <span class='ocrx_word' id='word_1_524' title='bbox 2368 2960 2539 3032; x_wconf 82' lang='grc' dir='ltr'>βραχὺ</span> <span class='ocrx_word' id='word_1_525' title='bbox 2575 2961 2671 3031; x_wconf 80' lang='grc' dir='ltr'><strong>μὲν</strong></span> <span class='ocrx_word' id='word_1_526' title='bbox 2710 2963 2834 3014; x_wconf 82' lang='grc' dir='ltr'>ὅσον</span> <span class='ocrx_word' id='word_1_527' title='bbox 2873 2965 2930 3015; x_wconf 79' lang='grc' dir='ltr'>ὲν</span> <span class='ocrx_word' id='word_1_528' title='bbox 2964 2966 3027 3035; x_wconf 80' lang='grc' dir='ltr'>τῇ</span> <span class='ocrx_word' id='word_1_529' title='bbox 3061 2971 3376 3038; x_wconf 61' lang='grc' dir='ltr'>περιγραφῇ</span> <span class='ocrx_word' id='word_1_530' title='bbox 3412 2970 3523 3022; x_wconf 85' lang='grc' dir='ltr'><strong>τῶν</strong></span> <span class='ocrx_word' id='word_1_531' title='bbox 3557 2973 3742 3043; x_wconf 67' lang='grc' dir='ltr'>ῥημά-</span> 
     </span>
    </p>
   </div>
   <div class='ocr_carea' id='block_1_77' title="bbox 2158 3053 3740 3134">
    <p class='ocr_par' dir='ltr' id='par_1_77' title="bbox 2158 3053 3740 3134">
     <span class='ocr_line' id='line_1_77' title="bbox 2158 3053 3740 3134; baseline 0.007 -30"><span class='ocrx_word' id='word_1_532' title='bbox 2158 3070 2265 3105; x_wconf 89' lang='grc' dir='ltr'><strong>των</strong></span> <span class='ocrx_word' id='word_1_533' title='bbox 2297 3053 2411 3104; x_wconf 79' lang='grc' dir='ltr'>ἐστὶ</span> <span class='ocrx_word' id='word_1_534' title='bbox 2441 3053 2500 3105; x_wconf 79' lang='grc' dir='ltr'><strong>τὸ</strong></span> <span class='ocrx_word' id='word_1_535' title='bbox 2528 3053 2835 3124; x_wconf 86' lang='grc' dir='ltr'>λεγόμενον,</span> <span class='ocrx_word' id='word_1_536' title='bbox 2868 3055 3048 3126; x_wconf 80' lang='grc' dir='ltr'>πάσης</span> <span class='ocrx_word' id='word_1_537' title='bbox 3075 3057 3129 3109; x_wconf 74' lang='grc' dir='ltr'><strong>δὲ</strong></span> <span class='ocrx_word' id='word_1_538' title='bbox 3159 3059 3257 3128; x_wconf 78' lang='grc' dir='ltr'>τῆς</span> <span class='ocrx_word' id='word_1_539' title='bbox 3305 3077 3370 3111; x_wconf 85' lang='grc' dir='ltr'><strong>πε</strong></span> <span class='ocrx_word' id='word_1_540' title='bbox 3382 3061 3433 3130; x_wconf 69' lang='lat' dir='ltr'><strong>pl.</strong></span> <span class='ocrx_word' id='word_1_541' title='bbox 3476 3062 3534 3114; x_wconf 70' lang='grc' dir='ltr'>τὸ</span> <span class='ocrx_word' id='word_1_542' title='bbox 3565 3053 3740 3134; x_wconf 75' lang='grc' dir='ltr'>δόγμα</span> 
     </span>
    </p>
   </div>
   <div class='ocr_carea' id='block_1_78' title="bbox 2159 3143 3742 3223">
    <p class='ocr_par' dir='ltr' id='par_1_78' title="bbox 2159 3143 3742 3223">
     <span class='ocr_line' id='line_1_78' title="bbox 2159 3143 3742 3223; baseline 0.003 -28"><span class='ocrx_word' id='word_1_543' title='bbox 2159 3144 2358 3206; x_wconf 78' lang='grc' dir='ltr'>κακίας</span> <span class='ocrx_word' id='word_1_544' title='bbox 2383 3143 2480 3206; x_wconf 78' lang='grc' dir='ltr'><strong>τὰς</strong></span> <span class='ocrx_word' id='word_1_545' title='bbox 2521 3144 2695 3214; x_wconf 79' lang='grc' dir='ltr'>ἀρχὰς</span> <span class='ocrx_word' id='word_1_546' title='bbox 2724 3145 2818 3197; x_wconf 75' lang='grc' dir='ltr'><strong>καὶ</strong></span> <span class='ocrx_word' id='word_1_547' title='bbox 2859 3145 2958 3208; x_wconf 76' lang='grc' dir='ltr'><strong>τὰς</strong></span> <span class='ocrx_word' id='word_1_548' title='bbox 2985 3147 3266 3212; x_wconf 81' lang='grc' dir='ltr'>ὑποθέσεις</span> <span class='ocrx_word' id='word_1_549' title='bbox 3298 3152 3630 3223; x_wconf 85' lang='grc' dir='ltr'>παρέχεται,</span> <span class='ocrx_word' id='word_1_550' title='bbox 3667 3159 3742 3210; x_wconf 76' lang='grc' dir='ltr'>δε-</span> 
     </span>
    </p>
   </div>
   <div class='ocr_carea' id='block_1_79' title="bbox 2159 3234 3742 3318">
    <p class='ocr_par' dir='ltr' id='par_1_79' title="bbox 2159 3234 3742 3318">
     <span class='ocr_line' id='line_1_79' title="bbox 2159 3234 3742 3318; baseline 0.007 -32"><span class='ocrx_word' id='word_1_551' title='bbox 2159 3251 2312 3286; x_wconf 89' lang='grc' dir='ltr'>καιον</span> <span class='ocrx_word' id='word_1_552' title='bbox 2343 3234 2408 3287; x_wconf 81' lang='grc' dir='ltr'><strong>ἂν</strong></span> <span class='ocrx_word' id='word_1_553' title='bbox 2434 3234 2516 3303; x_wconf 72' lang='grc' dir='ltr'>εἴη</span> <span class='ocrx_word' id='word_1_554' title='bbox 2551 3236 2676 3297; x_wconf 69' lang='grc' dir='ltr'>τοὺς</span> <span class='ocrx_word' id='word_1_555' title='bbox 2708 3237 3132 3306; x_wconf 84' lang='grc' dir='ltr'>ἐντυγχάνοντας</span> <span class='ocrx_word' id='word_1_556' title='bbox 3165 3240 3238 3310; x_wconf 85' lang='grc' dir='ltr'>μὴ</span> <span class='ocrx_word' id='word_1_557' title='bbox 3270 3242 3327 3293; x_wconf 76' lang='grc' dir='ltr'>τὸ</span> <span class='ocrx_word' id='word_1_558' title='bbox 3351 3243 3614 3314; x_wconf 77' lang='grc' dir='ltr'>σύντομον</span> <span class='ocrx_word' id='word_1_559' title='bbox 3646 3251 3742 3318; x_wconf 79' lang='grc' dir='ltr'>τῆς</span> 
     </span>
    </p>
   </div>
   <div class='ocr_carea' id='block_1_80' title="bbox 2157 3324 3741 3404">
    <p class='ocr_par' dir='ltr' id='par_1_80' title="bbox 2157 3324 3741 3404">
     <span class='ocr_line' id='line_1_80' title="bbox 2157 3324 3741 3404; baseline 0.01 -29"><span class='ocrx_word' id='word_1_560' title='bbox 2157 3324 2515 3394; x_wconf 84' lang='grc' dir='ltr'>ἀποκρίσεως,</span> <span class='ocrx_word' id='word_1_561' title='bbox 2557 3324 2693 3377; x_wconf 89' lang='grc' dir='ltr'><strong>ἀλλά</strong></span> <span class='ocrx_word' id='word_1_562' title='bbox 2720 3326 2779 3378; x_wconf 78' lang='grc' dir='ltr'><strong>τό</strong></span> <span class='ocrx_word' id='word_1_563' title='bbox 2817 3328 3056 3395; x_wconf 73' lang='grc' dir='ltr'>ἀσφαλὲς</span> <span class='ocrx_word' id='word_1_564' title='bbox 3084 3333 3356 3384; x_wconf 85' lang='grc' dir='ltr'>ἀπαιτεῖν.</span> <span class='ocrx_word' id='word_1_565' title='bbox 3399 3333 3592 3404; x_wconf 81' lang='grc' dir='ltr'>Ἡμεῖς</span> <span class='ocrx_word' id='word_1_566' title='bbox 3627 3341 3741 3391; x_wconf 64' lang='grc' dir='ltr'>τοία</span> 
     </span>
    </p>
   </div>
   <div class='ocr_carea' id='block_1_81' title="bbox 2156 3413 3738 3499">
    <p class='ocr_par' dir='ltr' id='par_1_81' title="bbox 2156 3413 3738 3499">
     <span class='ocr_line' id='line_1_81' title="bbox 2156 3413 3738 3499; baseline 0.011 -34"><span class='ocrx_word' id='word_1_567' title='bbox 2156 3432 2248 3466; x_wconf 91' lang='grc' dir='ltr'><strong>νυν</strong></span> <span class='ocrx_word' id='word_1_568' title='bbox 2276 3413 2397 3466; x_wconf 73' lang='grc' dir='ltr'>οὔτε</span> <span class='ocrx_word' id='word_1_569' title='bbox 2429 3413 2700 3486; x_wconf 83' lang='grc' dir='ltr'>ἀνθρώπῳ</span> <span class='ocrx_word' id='word_1_570' title='bbox 2725 3416 2824 3488; x_wconf 80' lang='grc' dir='ltr'><strong>τὴν</strong></span> <span class='ocrx_word' id='word_1_571' title='bbox 2856 3420 3125 3490; x_wconf 84' lang='grc' dir='ltr'>σωτηρίαν</span> <span class='ocrx_word' id='word_1_572' title='bbox 3153 3423 3360 3477; x_wconf 80' lang='grc' dir='ltr'>ἑαυτῶν</span> <span class='ocrx_word' id='word_1_573' title='bbox 3386 3425 3738 3499; x_wconf 82' lang='grc' dir='ltr'>ἀνατίθεμεν,</span> 
     </span>
    </p>
   </div>
   <div class='ocr_carea' id='block_1_82' title="bbox 2154 3503 3738 3588">
    <p class='ocr_par' dir='ltr' id='par_1_82' title="bbox 2154 3503 3738 3588">
     <span class='ocr_line' id='line_1_82' title="bbox 2154 3503 3738 3588; baseline 0.011 -33"><span class='ocrx_word' id='word_1_574' title='bbox 2154 3503 2276 3556; x_wconf 74' lang='grc' dir='ltr'>οὔτε</span> <span class='ocrx_word' id='word_1_575' title='bbox 2310 3505 2405 3588; x_wconf 83' lang='grc' dir='ltr'><strong>τὴν</strong></span> <span class='ocrx_word' id='word_1_576' title='bbox 2440 3507 2716 3578; x_wconf 84' lang='grc' dir='ltr'>ἀκήρατον</span> <span class='ocrx_word' id='word_1_577' title='bbox 2751 3509 2842 3561; x_wconf 74' lang='grc' dir='ltr'><strong>καὶ</strong></span> <span class='ocrx_word' id='word_1_578' title='bbox 2877 3508 3027 3562; x_wconf 86' lang='grc' dir='ltr'>θείαν</span> <span class='ocrx_word' id='word_1_579' title='bbox 3054 3512 3215 3579; x_wconf 78' lang='grc' dir='ltr'>φύσιν</span> <span class='ocrx_word' id='word_1_580' title='bbox 3245 3517 3468 3588; x_wconf 81' lang='grc' dir='ltr'>ἐμπαθῆ</span> <span class='ocrx_word' id='word_1_581' title='bbox 3497 3521 3592 3572; x_wconf 74' lang='grc' dir='ltr'>καὶ</span> <span class='ocrx_word' id='word_1_582' title='bbox 3621 3523 3738 3572; x_wconf 80' lang='grc' dir='ltr'>ἐπί-</span> 
     </span>
    </p>
   </div>
   <div class='ocr_carea' id='block_1_83' title="bbox 2154 3586 3738 3680">
    <p class='ocr_par' dir='ltr' id='par_1_83' title="bbox 2154 3586 3738 3680">
     <span class='ocr_line' id='line_1_83' title="bbox 2154 3586 3738 3680; baseline 0.012 -33"><span class='ocrx_word' id='word_1_583' title='bbox 2154 3586 2329 3666; x_wconf 66' lang='grc' dir='ltr'><strong>κηρον⁹</strong></span> <span class='ocrx_word' id='word_1_584' title='bbox 2360 3593 2498 3649; x_wconf 83' lang='grc' dir='ltr'>εἶναι</span> <span class='ocrx_word' id='word_1_585' title='bbox 2527 3597 2959 3670; x_wconf 81' lang='grc' dir='ltr'>καταδεχόμεθα’</span> <span class='ocrx_word' id='word_1_586' title='bbox 2994 3603 3108 3656; x_wconf 88' lang='grc' dir='ltr'>ἀλλ’</span> <span class='ocrx_word' id='word_1_587' title='bbox 3156 3606 3343 3678; x_wconf 77' lang='grc' dir='ltr'>ἐπειδὴ</span> <span class='ocrx_word' id='word_1_588' title='bbox 3377 3586 3481 3680; x_wconf 71' lang='grc' dir='ltr'><strong>χρὴ</strong></span> <span class='ocrx_word' id='word_1_589' title='bbox 3520 3612 3738 3676; x_wconf 74' lang='grc' dir='ltr'>πάντιυς</span> 
     </span>
    </p>
   </div>
   <div class='ocr_carea' id='block_1_84' title="bbox 2152 3691 3726 3775">
    <p class='ocr_par' dir='ltr' id='par_1_84' title="bbox 2152 3691 3726 3775">
     <span class='ocr_line' id='line_1_84' title="bbox 2152 3691 3726 3775; baseline 0.013 -35"><span class='ocrx_word' id='word_1_590' title='bbox 2152 3691 2426 3743; x_wconf 77' lang='grc' dir='ltr'>πιστεὺειν</span> <span class='ocrx_word' id='word_1_591' title='bbox 2454 3695 2570 3754; x_wconf 88' lang='grc' dir='ltr'>ταῖς</span> <span class='ocrx_word' id='word_1_592' title='bbox 2602 3691 2773 3756; x_wconf 85' lang='grc' dir='ltr'>θείαις</span> <span class='ocrx_word' id='word_1_593' title='bbox 2819 3699 3022 3762; x_wconf 78' lang='grc' dir='ltr'>φωναῖς</span> <span class='ocrx_word' id='word_1_594' title='bbox 3046 3737 3059 3760; x_wconf 95' lang='grc'><strong>,</strong></span> <span class='ocrx_word' id='word_1_595' title='bbox 3099 3697 3155 3750; x_wconf 83' lang='grc' dir='ltr'>αἳ</span> <span class='ocrx_word' id='word_1_596' title='bbox 3200 3699 3329 3752; x_wconf 83' lang='grc' dir='ltr'>Θεὸν</span> <span class='ocrx_word' id='word_1_597' title='bbox 3361 3702 3451 3754; x_wconf 75' lang='grc' dir='ltr'><strong>τὸν</strong></span> <span class='ocrx_word' id='word_1_598' title='bbox 3497 3705 3555 3757; x_wconf 86' lang='grc' dir='ltr'>ὲν</span> <span class='ocrx_word' id='word_1_599' title='bbox 3590 3707 3726 3775; x_wconf 71' lang='grc' dir='ltr'>ἀρχῇ</span> 
     </span>
    </p>
   </div>
   <div class='ocr_carea' id='block_1_85' title="bbox 2150 3783 3726 3866">
    <p class='ocr_par' dir='ltr' id='par_1_85' title="bbox 2150 3783 3726 3866">
     <span class='ocr_line' id='line_1_85' title="bbox 2150 3783 3726 3866; baseline 0.01 -32"><span class='ocrx_word' id='word_1_600' title='bbox 2150 3783 2282 3836; x_wconf 76' lang='grc' dir='ltr'>ὄντα</span> <span class='ocrx_word' id='word_1_601' title='bbox 2311 3784 2482 3852; x_wconf 86' lang='grc' dir='ltr'>Λόγον</span> <span class='ocrx_word' id='word_1_602' title='bbox 2516 3784 2912 3856; x_wconf 79' lang='grc' dir='ltr'>κηρύσσουσιν·</span> <span class='ocrx_word' id='word_1_603' title='bbox 2953 3789 3088 3858; x_wconf 89' lang='grc' dir='ltr'><strong>μετά</strong></span> <span class='ocrx_word' id='word_1_604' title='bbox 3129 3791 3302 3845; x_wconf 79' lang='grc' dir='ltr'>ταῦτα</span> <span class='ocrx_word' id='word_1_605' title='bbox 3343 3795 3399 3847; x_wconf 85' lang='grc' dir='ltr'><strong>δὲ</strong></span> <span class='ocrx_word' id='word_1_606' title='bbox 3441 3795 3531 3849; x_wconf 82' lang='grc' dir='ltr'><strong>τὸν</strong></span> <span class='ocrx_word' id='word_1_607' title='bbox 3561 3800 3726 3866; x_wconf 71' lang='grc' dir='ltr'>Λόγον</span> 
     </span>
    </p>
   </div>
   <div class='ocr_carea' id='block_1_86' title="bbox 2153 3876 3724 3952">
    <p class='ocr_par' dir='ltr' id='par_1_86' title="bbox 2153 3876 3724 3952">
     <span class='ocr_line' id='line_1_86' title="bbox 2153 3876 3724 3952; baseline 0.011 -25"><span class='ocrx_word' id='word_1_608' title='bbox 2153 3876 2331 3945; x_wconf 70' lang='grc' dir='ltr'>σάρκα</span> <span class='ocrx_word' id='word_1_609' title='bbox 2361 3877 2648 3947; x_wconf 87' lang='grc' dir='ltr'>γενόμενον</span> <span class='ocrx_word' id='word_1_610' title='bbox 2679 3878 2770 3929; x_wconf 74' lang='grc' dir='ltr'><strong>ἐπὶ</strong></span> <span class='ocrx_word' id='word_1_611' title='bbox 2811 3878 2913 3947; x_wconf 81' lang='grc' dir='ltr'>τῆς</span> <span class='ocrx_word' id='word_1_612' title='bbox 2939 3881 3040 3950; x_wconf 82' lang='grc' dir='ltr'><strong>γῆς</strong></span> <span class='ocrx_word' id='word_1_613' title='bbox 3068 3881 3299 3952; x_wconf 67' lang='grc' dir='ltr'>ὀφθῆναι</span> <span class='ocrx_word' id='word_1_614' title='bbox 3329 3925 3341 3944; x_wconf 92' lang='grc'><strong>,</strong></span> <span class='ocrx_word' id='word_1_615' title='bbox 3378 3887 3470 3939; x_wconf 72' lang='grc' dir='ltr'><strong>καὶ</strong></span> <span class='ocrx_word' id='word_1_616' title='bbox 3497 3893 3612 3952; x_wconf 89' lang='grc' dir='ltr'>τοῖς</span> <span class='ocrx_word' id='word_1_617' title='bbox 3636 3892 3724 3942; x_wconf 86' lang='grc' dir='ltr'>ἀν-</span> 
     </span>
    </p>
   </div>
   <div class='ocr_carea' id='block_1_87' title="bbox 2149 3963 3722 4045">
    <p class='ocr_par' dir='ltr' id='par_1_87' title="bbox 2149 3963 3722 4045">
     <span class='ocr_line' id='line_1_87' title="bbox 2149 3963 3722 4045; baseline 0.01 -29"><span class='ocrx_word' id='word_1_618' title='bbox 2149 3963 2388 4034; x_wconf 85' lang='grc' dir='ltr'>θρώποις</span> <span class='ocrx_word' id='word_1_619' title='bbox 2420 3967 2951 4037; x_wconf 78' lang='grc' dir='ltr'>συναναστραφῆναι,</span> <span class='ocrx_word' id='word_1_620' title='bbox 2999 3969 3067 4021; x_wconf 75' lang='grc' dir='ltr'>τὰ</span> <span class='ocrx_word' id='word_1_621' title='bbox 3113 3973 3399 4042; x_wconf 67' lang='grc' dir='ltr'>πρόσφορα</span> <span class='ocrx_word' id='word_1_622' title='bbox 3435 3975 3531 4045; x_wconf 82' lang='grc' dir='ltr'>τῆς</span> <span class='ocrx_word' id='word_1_623' title='bbox 3579 3978 3722 4041; x_wconf 83' lang='grc' dir='ltr'>θείας</span> 
     </span>
    </p>
   </div>
   <div class='ocr_carea' id='block_1_88' title="bbox 2149 4058 3719 4140">
    <p class='ocr_par' dir='ltr' id='par_1_88' title="bbox 2149 4058 3719 4140">
     <span class='ocr_line' id='line_1_88' title="bbox 2149 4058 3719 4140; baseline 0.009 -31"><span class='ocrx_word' id='word_1_624' title='bbox 2149 4059 2330 4128; x_wconf 85' lang='grc' dir='ltr'>φωνῆς</span> <span class='ocrx_word' id='word_1_625' title='bbox 2356 4058 2599 4129; x_wconf 81' lang='grc' dir='ltr'>νοήματα</span> <span class='ocrx_word' id='word_1_626' title='bbox 2631 4061 2696 4126; x_wconf 80' lang='grc' dir='ltr'>τῇ</span> <span class='ocrx_word' id='word_1_627' title='bbox 2729 4060 2906 4112; x_wconf 83' lang='grc' dir='ltr'>πίστει</span> <span class='ocrx_word' id='word_1_628' title='bbox 2947 4060 3240 4131; x_wconf 78' lang='grc' dir='ltr'>δεχόμεθα.</span> <span class='ocrx_word' id='word_1_629' title='bbox 3289 4065 3459 4120; x_wconf 83' lang='grc' dir='ltr'>Ὅταν</span> <span class='ocrx_word' id='word_1_630' title='bbox 3489 4069 3586 4138; x_wconf 82' lang='grc' dir='ltr'><strong>μὲν</strong></span> <span class='ocrx_word' id='word_1_631' title='bbox 3618 4071 3719 4140; x_wconf 66' lang='grc' dir='ltr'><strong>γὰρ</strong></span> 
     </span>
    </p>
   </div>
   <div class='ocr_carea' id='block_1_89' title="bbox 2145 4149 3714 4232">
    <p class='ocr_par' dir='ltr' id='par_1_89' title="bbox 2145 4149 3714 4232">
     <span class='ocr_line' id='line_1_89' title="bbox 2145 4149 3714 4232; baseline 0.01 -31"><span class='ocrx_word' id='word_1_632' title='bbox 2145 4149 2431 4220; x_wconf 79' lang='grc' dir='ltr'>ἀκούωμεν</span> <span class='ocrx_word' id='word_1_633' title='bbox 2456 4151 2537 4202; x_wconf 86' lang='grc' dir='ltr'>ὃτι</span> <span class='ocrx_word' id='word_1_634' title='bbox 2567 4150 2682 4217; x_wconf 80' lang='grc' dir='ltr'><strong>φῶς</strong></span> <span class='ocrx_word' id='word_1_635' title='bbox 2709 4153 2845 4216; x_wconf 81' lang='grc' dir='ltr'>ἐστι,</span> <span class='ocrx_word' id='word_1_636' title='bbox 2873 4154 2967 4206; x_wconf 70' lang='grc' dir='ltr'><strong>καὶ</strong></span> <span class='ocrx_word' id='word_1_637' title='bbox 2989 4153 3236 4225; x_wconf 70' lang='grc' dir='ltr'>δύναμις,</span> <span class='ocrx_word' id='word_1_638' title='bbox 3263 4158 3354 4210; x_wconf 80' lang='grc' dir='ltr'><strong>καὶ</strong></span> <span class='ocrx_word' id='word_1_639' title='bbox 3385 4160 3714 4232; x_wconf 74' lang='grc' dir='ltr'>δικαιοσύνη,</span> 
     </span>
    </p>
   </div>
   <div class='ocr_carea' id='block_1_90' title="bbox 2145 4241 3713 4321">
    <p class='ocr_par' dir='ltr' id='par_1_90' title="bbox 2145 4241 3713 4321">
     <span class='ocr_line' id='line_1_90' title="bbox 2145 4241 3713 4321; baseline 0.008 -26"><span class='ocrx_word' id='word_1_640' title='bbox 2145 4244 2236 4296; x_wconf 75' lang='grc' dir='ltr'><strong>καὶ</strong></span> <span class='ocrx_word' id='word_1_641' title='bbox 2254 4242 2388 4312; x_wconf 67' lang='grc' dir='ltr'>ζωὴ,</span> <span class='ocrx_word' id='word_1_642' title='bbox 2412 4243 2504 4295; x_wconf 74' lang='grc' dir='ltr'>καὶ</span> <span class='ocrx_word' id='word_1_643' title='bbox 2526 4241 2769 4313; x_wconf 85' lang='grc' dir='ltr'>ἀλήθεια,</span> <span class='ocrx_word' id='word_1_644' title='bbox 2792 4245 2886 4296; x_wconf 77' lang='grc' dir='ltr'><strong>καὶ</strong></span> <span class='ocrx_word' id='word_1_645' title='bbox 2909 4247 2989 4298; x_wconf 81' lang='grc' dir='ltr'><strong>ὅτι</strong></span> <span class='ocrx_word' id='word_1_646' title='bbox 3015 4246 3189 4300; x_wconf 81' lang='grc' dir='ltr'>πάντα</span> <span class='ocrx_word' id='word_1_647' title='bbox 3206 4249 3272 4301; x_wconf 84' lang='grc' dir='ltr'>δι’</span> <span class='ocrx_word' id='word_1_648' title='bbox 3291 4250 3454 4304; x_wconf 83' lang='grc' dir='ltr'>αὑτοῦ</span> <span class='ocrx_word' id='word_1_649' title='bbox 3482 4254 3713 4321; x_wconf 78' lang='grc' dir='ltr'>ἐγένετο·</span> 
     </span>
    </p>
   </div>
   <div class='ocr_carea' id='block_1_91' title="bbox 2144 4335 3716 4414">
    <p class='ocr_par' dir='ltr' id='par_1_91' title="bbox 2144 4335 3716 4414">
     <span class='ocr_line' id='line_1_91' title="bbox 2144 4335 3716 4414; baseline 0.008 -26"><span class='ocrx_word' id='word_1_650' title='bbox 2144 4335 2320 4389; x_wconf 85' lang='grc' dir='ltr'>πάντα</span> <span class='ocrx_word' id='word_1_651' title='bbox 2348 4335 2518 4387; x_wconf 78' lang='grc' dir='ltr'>ταῦτα</span> <span class='ocrx_word' id='word_1_652' title='bbox 2555 4337 2647 4389; x_wconf 74' lang='grc' dir='ltr'>καὶ</span> <span class='ocrx_word' id='word_1_653' title='bbox 2679 4338 2747 4390; x_wconf 80' lang='grc' dir='ltr'><strong>τά</strong></span> <span class='ocrx_word' id='word_1_654' title='bbox 2789 4337 3015 4393; x_wconf 81' lang='grc' dir='ltr'>τοιαῦτα</span> <span class='ocrx_word' id='word_1_655' title='bbox 3047 4341 3213 4395; x_wconf 82' lang='grc' dir='ltr'>πιστά</span> <span class='ocrx_word' id='word_1_656' title='bbox 3266 4345 3570 4414; x_wconf 75' lang='grc' dir='ltr'>ποιούμεθα</span> <span class='ocrx_word' id='word_1_657' title='bbox 3594 4389 3607 4412; x_wconf 92' lang='grc'><strong>,</strong></span> <span class='ocrx_word' id='word_1_658' title='bbox 3639 4351 3716 4413; x_wconf 86' lang='grc' dir='ltr'><strong>είς</strong></span> 
     </span>
    </p>
   </div>
   <div class='ocr_carea' id='block_1_92' title="bbox 456 4407 2047 4511">
    <p class='ocr_par' dir='ltr' id='par_1_92' title="bbox 456 4407 2026 4485">
     <span class='ocr_line' id='line_1_92' title="bbox 456 4407 2026 4485; baseline 0.01 -17"><span class='ocrx_word' id='word_1_659' title='bbox 456 4415 618 4485; x_wconf 85' lang='lat' dir='ltr'><strong>digna</strong></span> <span class='ocrx_word' id='word_1_660' title='bbox 641 4426 694 4470; x_wconf 88' lang='lat' dir='ltr'><strong>et</strong></span> <span class='ocrx_word' id='word_1_661' title='bbox 722 4424 874 4471; x_wconf 90' lang='lat' dir='ltr'><strong>certa</strong></span> <span class='ocrx_word' id='word_1_662' title='bbox 907 4407 1139 4473; x_wconf 74' lang='lat' dir='ltr'><strong>facimus</strong></span> <span class='ocrx_word' id='word_1_663' title='bbox 1163 4421 1228 4474; x_wconf 90' lang='lat' dir='ltr'><strong>ad</strong></span> <span class='ocrx_word' id='word_1_664' title='bbox 1256 4419 1490 4476; x_wconf 88' lang='lat' dir='ltr'><strong>Verbum</strong></span> <span class='ocrx_word' id='word_1_665' title='bbox 1514 4423 1679 4477; x_wconf 92' lang='lat' dir='ltr'><strong>Deum</strong></span> <span class='ocrx_word' id='word_1_666' title='bbox 1706 4425 2026 4484; x_wconf 79' lang='lat' dir='ltr'><strong>referentes.</strong></span> 
     </span>
    </p>
   </div>
   <div class='ocr_carea' id='block_1_93' title="bbox 2151 4407 3709 4511">
    <p class='ocr_par' dir='ltr' id='par_1_93' title="bbox 2151 4407 3709 4511">
     <span class='ocr_line' id='line_1_93' title="bbox 2151 4407 3709 4511; baseline 0.01 -34"><span class='ocrx_word' id='word_1_667' title='bbox 2151 4426 2225 4478; x_wconf 73' lang='grc' dir='ltr'><strong>τὸν</strong></span> <span class='ocrx_word' id='word_1_668' title='bbox 2259 4427 2429 4493; x_wconf 88' lang='grc' dir='ltr'>Λόγον</span> <span class='ocrx_word' id='word_1_669' title='bbox 2460 4425 2551 4479; x_wconf 73' lang='grc' dir='ltr'><strong>τὸν</strong></span> <span class='ocrx_word' id='word_1_670' title='bbox 2592 4427 2724 4482; x_wconf 85' lang='grc' dir='ltr'>Θεὸν</span> <span class='ocrx_word' id='word_1_671' title='bbox 2769 4431 3151 4502; x_wconf 76' lang='grc' dir='ltr'>ἀναφέροντες.</span> <span class='ocrx_word' id='word_1_672' title='bbox 3195 4435 3363 4489; x_wconf 88' lang='grc' dir='ltr'>Ὅταν</span> <span class='ocrx_word' id='word_1_673' title='bbox 3409 4407 3466 4490; x_wconf 77' lang='grc' dir='ltr'><strong>δὲ</strong></span> <span class='ocrx_word' id='word_1_674' title='bbox 3516 4407 3709 4511; x_wconf 59' lang='grc' dir='ltr'>λύπην,</span> 
     </span>
    </p>
   </div>
   <div class='ocr_carea' id='block_1_94' title="bbox 454 4506 2030 4583">
    <p class='ocr_par' dir='ltr' id='par_1_94' title="bbox 454 4506 2030 4583">
     <span class='ocr_line' id='line_1_94' title="bbox 454 4506 2030 4583; baseline 0.008 -23"><span class='ocrx_word' id='word_1_675' title='bbox 454 4506 588 4560; x_wconf 88' lang='lat' dir='ltr'><strong>Cum</strong></span> <span class='ocrx_word' id='word_1_676' title='bbox 619 4523 747 4564; x_wconf 87' lang='lat' dir='ltr'><strong>vero</strong></span> <span class='ocrx_word' id='word_1_677' title='bbox 768 4508 1031 4571; x_wconf 89' lang='lat' dir='ltr'><strong>dolorem,</strong></span> <span class='ocrx_word' id='word_1_678' title='bbox 1059 4517 1112 4563; x_wconf 92' lang='lat' dir='ltr'><strong>et</strong></span> <span class='ocrx_word' id='word_1_679' title='bbox 1139 4525 1412 4576; x_wconf 89' lang='lat' dir='ltr'><strong>somnum,</strong></span> <span class='ocrx_word' id='word_1_680' title='bbox 1437 4521 1490 4564; x_wconf 83' lang='lat' dir='ltr'><strong>et</strong></span> <span class='ocrx_word' id='word_1_681' title='bbox 1517 4521 1832 4583; x_wconf 82' lang='lat' dir='ltr'><strong>egestatem,</strong></span> <span class='ocrx_word' id='word_1_682' title='bbox 1867 4518 2030 4572; x_wconf 90' lang='lat' dir='ltr'><strong>etiam</strong></span> 
     </span>
    </p>
   </div>
   <div class='ocr_carea' id='block_1_95' title="bbox 455 4597 2027 4672">
    <p class='ocr_par' dir='ltr' id='par_1_95' title="bbox 455 4597 2027 4672">
     <span class='ocr_line' id='line_1_95' title="bbox 455 4597 2027 4672; baseline 0.008 -22"><span class='ocrx_word' id='word_1_683' title='bbox 455 4597 846 4663; x_wconf 86' lang='lat' dir='ltr'><strong>turbationem,</strong></span> <span class='ocrx_word' id='word_1_684' title='bbox 873 4605 928 4652; x_wconf 91' lang='lat' dir='ltr'><strong>ct</strong></span> <span class='ocrx_word' id='word_1_685' title='bbox 981 4599 1203 4653; x_wconf 89' lang='lat' dir='ltr'><strong>vincula</strong></span> <span class='ocrx_word' id='word_1_686' title='bbox 1229 4642 1243 4664; x_wconf 93' lang='lat'><strong>,</strong></span> <span class='ocrx_word' id='word_1_687' title='bbox 1299 4608 1354 4655; x_wconf 89' lang='lat' dir='ltr'><strong>et</strong></span> <span class='ocrx_word' id='word_1_688' title='bbox 1415 4603 1620 4664; x_wconf 88' lang='lat' dir='ltr'><strong>clavos,</strong></span> <span class='ocrx_word' id='word_1_689' title='bbox 1662 4615 1716 4658; x_wconf 86' lang='lat' dir='ltr'><strong>et</strong></span> <span class='ocrx_word' id='word_1_690' title='bbox 1759 4606 2027 4672; x_wconf 86' lang='lat' dir='ltr'><strong>lanceam,</strong></span> 
     </span>
    </p>
   </div>
   <div class='ocr_carea' id='block_1_96' title="bbox 453 4690 2029 4762">
    <p class='ocr_par' dir='ltr' id='par_1_96' title="bbox 453 4690 2029 4762">
     <span class='ocr_line' id='line_1_96' title="bbox 453 4690 2029 4762; baseline 0.008 -22"><span class='ocrx_word' id='word_1_691' title='bbox 453 4696 506 4740; x_wconf 89' lang='lat' dir='ltr'><strong>et</strong></span> <span class='ocrx_word' id='word_1_692' title='bbox 543 4690 886 4756; x_wconf 81' lang='lat' dir='ltr'><strong>sanguinem,</strong></span> <span class='ocrx_word' id='word_1_693' title='bbox 943 4697 996 4745; x_wconf 89' lang='lat' dir='ltr'><strong>et</strong></span> <span class='ocrx_word' id='word_1_694' title='bbox 1026 4692 1272 4755; x_wconf 88' lang='lat' dir='ltr'><strong>vulnera,</strong></span> <span class='ocrx_word' id='word_1_695' title='bbox 1308 4702 1361 4745; x_wconf 92' lang='lat' dir='ltr'><strong>et</strong></span> <span class='ocrx_word' id='word_1_696' title='bbox 1410 4696 1768 4762; x_wconf 83' lang='lat' dir='ltr'><strong>sepulturam,</strong></span> <span class='ocrx_word' id='word_1_697' title='bbox 1807 4705 1860 4752; x_wconf 93' lang='lat' dir='ltr'><strong>et</strong></span> <span class='ocrx_word' id='word_1_698' title='bbox 1910 4715 2029 4753; x_wconf 91' lang='lat' dir='ltr'><strong>mo-</strong></span> 
     </span>
    </p>
   </div>
   <div class='ocr_carea' id='block_1_97' title="bbox 455 4783 2028 4852">
    <p class='ocr_par' dir='ltr' id='par_1_97' title="bbox 455 4783 2028 4852">
     <span class='ocr_line' id='line_1_97' title="bbox 455 4783 2028 4852; baseline 0.01 -24"><span class='ocrx_word' id='word_1_699' title='bbox 455 4785 806 4841; x_wconf 83' lang='lat' dir='ltr'><strong>numentum,</strong></span> <span class='ocrx_word' id='word_1_700' title='bbox 865 4785 920 4832; x_wconf 84' lang='lat' dir='ltr'><strong>et</strong></span> <span class='ocrx_word' id='word_1_701' title='bbox 990 4795 1330 4849; x_wconf 72' lang='lat' dir='ltr'><strong>qumcunque</strong></span> <span class='ocrx_word' id='word_1_702' title='bbox 1393 4783 1498 4835; x_wconf 86' lang='lat' dir='ltr'><strong>alia</strong></span> <span class='ocrx_word' id='word_1_703' title='bbox 1564 4785 1864 4852; x_wconf 90' lang='lat' dir='ltr'><strong>ejusmodi,</strong></span> <span class='ocrx_word' id='word_1_704' title='bbox 1925 4791 2028 4844; x_wconf 88' lang='lat' dir='ltr'><strong>etsi</strong></span> 
     </span>
    </p>
   </div>
   <div class='ocr_carea' id='block_1_98' title="bbox 452 4867 2028 4938">
    <p class='ocr_par' dir='ltr' id='par_1_98' title="bbox 452 4867 2028 4938">
     <span class='ocr_line' id='line_1_98' title="bbox 452 4867 2028 4938; baseline 0.013 -21"><span class='ocrx_word' id='word_1_705' title='bbox 452 4869 603 4936; x_wconf 87' lang='lat' dir='ltr'><strong>prius</strong></span> <span class='ocrx_word' id='word_1_706' title='bbox 644 4867 1053 4934; x_wconf 90' lang='lat' dir='ltr'><strong>demonstratis,</strong></span> <span class='ocrx_word' id='word_1_707' title='bbox 1089 4873 1250 4925; x_wconf 90' lang='lat' dir='ltr'><strong>modo</strong></span> <span class='ocrx_word' id='word_1_708' title='bbox 1286 4873 1672 4930; x_wconf 89' lang='lat' dir='ltr'><strong>subcontrario</strong></span> <span class='ocrx_word' id='word_1_709' title='bbox 1716 4878 1920 4934; x_wconf 88' lang='lat' dir='ltr'><strong>habere</strong></span> <span class='ocrx_word' id='word_1_710' title='bbox 1967 4897 2028 4938; x_wconf 91' lang='lat' dir='ltr'><strong>sc</strong></span> 
     </span>
    </p>
   </div>
   <div class='ocr_carea' id='block_1_99' title="bbox 451 4957 2028 5042">
    <p class='ocr_par' dir='ltr' id='par_1_99' title="bbox 451 4957 2028 5042">
     <span class='ocr_line' id='line_1_99' title="bbox 451 4957 2028 5042; baseline 0.012 -34"><span class='ocrx_word' id='word_1_711' title='bbox 451 4957 765 5011; x_wconf 90' lang='lat' dir='ltr'><strong>videantur:</strong></span> <span class='ocrx_word' id='word_1_712' title='bbox 793 4959 1149 5017; x_wconf 89' lang='lat' dir='ltr'><strong>nihilominus</strong></span> <span class='ocrx_word' id='word_1_713' title='bbox 1181 4969 1235 5016; x_wconf 91' lang='lat' dir='ltr'><strong>et</strong></span> <span class='ocrx_word' id='word_1_714' title='bbox 1265 4963 1365 5018; x_wconf 79' lang='lat' dir='ltr'><strong>fide</strong></span> <span class='ocrx_word' id='word_1_715' title='bbox 1386 4965 1546 5034; x_wconf 85' lang='lat' dir='ltr'><strong>digna</strong></span> <span class='ocrx_word' id='word_1_716' title='bbox 1578 4978 1751 5035; x_wconf 89' lang='lat' dir='ltr'><strong>certa,</strong></span> <span class='ocrx_word' id='word_1_717' title='bbox 1785 4987 2028 5042; x_wconf 88' lang='lat' dir='ltr'><strong>veraque</strong></span> 
     </span>
    </p>
   </div>
   <div class='ocr_carea' id='block_1_100' title="bbox 449 5049 1996 5129">
    <p class='ocr_par' dir='ltr' id='par_1_100' title="bbox 449 5049 1996 5129">
     <span class='ocr_line' id='line_1_100' title="bbox 449 5049 1996 5129; baseline 0.01 -26"><span class='ocrx_word' id='word_1_718' title='bbox 449 5049 798 5114; x_wconf 81' lang='lat' dir='ltr'><strong>ailirmamus,</strong></span> <span class='ocrx_word' id='word_1_719' title='bbox 823 5051 888 5104; x_wconf 87' lang='lat' dir='ltr'><strong>ad</strong></span> <span class='ocrx_word' id='word_1_720' title='bbox 921 5067 1139 5106; x_wconf 87' lang='lat' dir='ltr'><strong>carnem</strong></span> <span class='ocrx_word' id='word_1_721' title='bbox 1165 5065 1495 5124; x_wconf 83' lang='lat' dir='ltr'><strong>spectantes,</strong></span> <span class='ocrx_word' id='word_1_722' title='bbox 1525 5074 1688 5128; x_wconf 89' lang='lat' dir='ltr'><strong>quam</strong></span> <span class='ocrx_word' id='word_1_723' title='bbox 1713 5077 1807 5129; x_wconf 90' lang='lat' dir='ltr'><strong>per</strong></span> <span class='ocrx_word' id='word_1_724' title='bbox 1840 5063 1996 5118; x_wconf 77' lang='lat' dir='ltr'><strong>[idem</strong></span> 
     </span>
    </p>
   </div>
   <div class='ocr_carea' id='block_1_101' title="bbox 447 5143 2024 5214">
    <p class='ocr_par' dir='ltr' id='par_1_101' title="bbox 447 5143 2024 5214">
     <span class='ocr_line' id='line_1_101' title="bbox 447 5143 2024 5214; baseline 0.009 -19"><span class='ocrx_word' id='word_1_725' title='bbox 447 5159 570 5196; x_wconf 88' lang='lat' dir='ltr'><strong>cum</strong></span> <span class='ocrx_word' id='word_1_726' title='bbox 622 5143 786 5196; x_wconf 88' lang='lat' dir='ltr'><strong>verbo</strong></span> <span class='ocrx_word' id='word_1_727' title='bbox 837 5145 1171 5213; x_wconf 87' lang='lat' dir='ltr'><strong>accepimus.</strong></span> <span class='ocrx_word' id='word_1_728' title='bbox 1226 5148 1693 5214; x_wconf 83' lang='lat' dir='ltr'><strong>Quemadmodum</strong></span> <span class='ocrx_word' id='word_1_729' title='bbox 1742 5169 1849 5207; x_wconf 91' lang='lat' dir='ltr'><strong>non</strong></span> <span class='ocrx_word' id='word_1_730' title='bbox 1899 5156 2024 5211; x_wconf 86' lang='lat' dir='ltr'><strong>licet</strong></span> 
     </span>
    </p>
   </div>
   <div class='ocr_carea' id='block_1_102' title="bbox 445 5233 2022 5315">
    <p class='ocr_par' dir='ltr' id='par_1_102' title="bbox 445 5233 2022 5315">
     <span class='ocr_line' id='line_1_102' title="bbox 445 5233 2022 5315; baseline 0.009 -29"><span class='ocrx_word' id='word_1_731' title='bbox 445 5233 628 5288; x_wconf 85' lang='lat' dir='ltr'><strong>carnis</strong></span> <span class='ocrx_word' id='word_1_732' title='bbox 663 5234 1027 5304; x_wconf 89' lang='lat' dir='ltr'><strong>proprietates</strong></span> <span class='ocrx_word' id='word_1_733' title='bbox 1058 5238 1111 5290; x_wconf 92' lang='lat' dir='ltr'><strong>in</strong></span> <span class='ocrx_word' id='word_1_734' title='bbox 1147 5237 1327 5293; x_wconf 80' lang='lat' dir='ltr'><strong>Verbo</strong></span> <span class='ocrx_word' id='word_1_735' title='bbox 1357 5243 1502 5310; x_wconf 90' lang='lat' dir='ltr'><strong>quod</strong></span> <span class='ocrx_word' id='word_1_736' title='bbox 1529 5244 1719 5297; x_wconf 88' lang='lat' dir='ltr'><strong>eratin</strong></span> <span class='ocrx_word' id='word_1_737' title='bbox 1753 5245 2022 5315; x_wconf 87' lang='lat' dir='ltr'><strong>principio</strong></span> 
     </span>
    </p>
   </div>
   <div class='ocr_carea' id='block_1_103' title="bbox 444 5327 2021 5404">
    <p class='ocr_par' dir='ltr' id='par_1_103' title="bbox 444 5327 2021 5404">
     <span class='ocr_line' id='line_1_103' title="bbox 444 5327 2021 5404; baseline 0.011 -30"><span class='ocrx_word' id='word_1_738' title='bbox 444 5327 835 5395; x_wconf 78' lang='lat' dir='ltr'><strong>contemplari:</strong></span> <span class='ocrx_word' id='word_1_739' title='bbox 876 5329 956 5382; x_wconf 91' lang='lat' dir='ltr'><strong>sic</strong></span> <span class='ocrx_word' id='word_1_740' title='bbox 985 5338 1196 5394; x_wconf 87' lang='lat' dir='ltr'><strong>contra,</strong></span> <span class='ocrx_word' id='word_1_741' title='bbox 1235 5348 1410 5402; x_wconf 88' lang='lat' dir='ltr'><strong>neque</strong></span> <span class='ocrx_word' id='word_1_742' title='bbox 1439 5349 1501 5388; x_wconf 89' lang='lat' dir='ltr'><strong>ea</strong></span> <span class='ocrx_word' id='word_1_743' title='bbox 1537 5351 1658 5404; x_wconf 78' lang='lat' dir='ltr'><strong>quae</strong></span> <span class='ocrx_word' id='word_1_744' title='bbox 1711 5346 1842 5390; x_wconf 90' lang='lat' dir='ltr'><strong>sunt</strong></span> <span class='ocrx_word' id='word_1_745' title='bbox 1883 5338 2021 5392; x_wconf 85' lang='lat' dir='ltr'><strong>divi-</strong></span> 
     </span>
    </p>
   </div>
   <div class='ocr_carea' id='block_1_104' title="bbox 447 5415 2014 5495">
    <p class='ocr_par' dir='ltr' id='par_1_104' title="bbox 447 5415 2014 5495">
     <span class='ocr_line' id='line_1_104' title="bbox 447 5415 2014 5495; baseline 0.011 -30"><span class='ocrx_word' id='word_1_746' title='bbox 447 5415 632 5467; x_wconf 89' lang='lat' dir='ltr'><strong>nitatis</strong></span> <span class='ocrx_word' id='word_1_747' title='bbox 658 5417 898 5485; x_wconf 89' lang='lat' dir='ltr'><strong>propria,</strong></span> <span class='ocrx_word' id='word_1_748' title='bbox 929 5418 980 5471; x_wconf 91' lang='lat' dir='ltr'><strong>in</strong></span> <span class='ocrx_word' id='word_1_749' title='bbox 1024 5427 1220 5472; x_wconf 89' lang='lat' dir='ltr'><strong>natura</strong></span> <span class='ocrx_word' id='word_1_750' title='bbox 1253 5422 1437 5477; x_wconf 89' lang='lat' dir='ltr'><strong>carnis</strong></span> <span class='ocrx_word' id='word_1_751' title='bbox 1462 5423 1544 5478; x_wconf 78' lang='lat' dir='ltr'><strong>fas</strong></span> <span class='ocrx_word' id='word_1_752' title='bbox 1576 5432 1661 5478; x_wconf 88' lang='lat' dir='ltr'><strong>est</strong></span> <span class='ocrx_word' id='word_1_753' title='bbox 1690 5425 2014 5495; x_wconf 78' lang='lat' dir='ltr'><strong>intelligere.</strong></span> 
     </span>
    </p>
   </div>
   <div class='ocr_carea' id='block_1_105' title="bbox 442 5507 2018 5589">
    <p class='ocr_par' dir='ltr' id='par_1_105' title="bbox 442 5507 2018 5589">
     <span class='ocr_line' id='line_1_105' title="bbox 442 5507 2018 5589; baseline 0.01 -30"><span class='ocrx_word' id='word_1_754' title='bbox 442 5507 802 5571; x_wconf 80' lang='lat' dir='ltr'><strong>Quamobrem</strong></span> <span class='ocrx_word' id='word_1_755' title='bbox 856 5528 979 5568; x_wconf 93' lang='lat' dir='ltr'><strong>cum</strong></span> <span class='ocrx_word' id='word_1_756' title='bbox 1022 5515 1088 5569; x_wconf 89' lang='lat' dir='ltr'><strong>de</strong></span> <span class='ocrx_word' id='word_1_757' title='bbox 1143 5515 1372 5570; x_wconf 81' lang='lat' dir='ltr'><strong>Domino</strong></span> <span class='ocrx_word' id='word_1_758' title='bbox 1419 5516 1668 5571; x_wconf 88' lang='lat' dir='ltr'><strong>doctrina</strong></span> <span class='ocrx_word' id='word_1_759' title='bbox 1703 5521 2018 5589; x_wconf 85' lang='lat' dir='ltr'><strong>evangelica</strong></span> 
     </span>
    </p>
   </div>
   <div class='ocr_carea' id='block_1_106' title="bbox 441 5598 2012 5676">
    <p class='ocr_par' dir='ltr' id='par_1_106' title="bbox 441 5598 2012 5676">
     <span class='ocr_line' id='line_1_106' title="bbox 441 5598 2012 5676; baseline 0.011 -28"><span class='ocrx_word' id='word_1_760' title='bbox 441 5598 716 5662; x_wconf 85' lang='lat' dir='ltr'><strong>sitmisla,</strong></span> <span class='ocrx_word' id='word_1_761' title='bbox 750 5611 803 5654; x_wconf 86' lang='lat' dir='ltr'><strong>et</strong></span> <span class='ocrx_word' id='word_1_762' title='bbox 833 5618 895 5654; x_wconf 79' lang='lat' dir='ltr'><strong>ex</strong></span> <span class='ocrx_word' id='word_1_763' title='bbox 946 5606 1296 5667; x_wconf 89' lang='lat' dir='ltr'><strong>sublimibus,</strong></span> <span class='ocrx_word' id='word_1_764' title='bbox 1340 5607 1556 5676; x_wconf 85' lang='lat' dir='ltr'><strong>Deoquc</strong></span> <span class='ocrx_word' id='word_1_765' title='bbox 1592 5609 2012 5676; x_wconf 87' lang='lat' dir='ltr'><strong>quadrantibus,</strong></span> 
     </span>
    </p>
   </div>
   <div class='ocr_carea' id='block_1_107' title="bbox 442 5691 2013 5775">
    <p class='ocr_par' dir='ltr' id='par_1_107' title="bbox 442 5691 2013 5775">
     <span class='ocr_line' id='line_1_107' title="bbox 442 5691 2013 5775; baseline 0.013 -37"><span class='ocrx_word' id='word_1_766' title='bbox 442 5693 605 5756; x_wconf 87' lang='lat' dir='ltr'><strong>atque</strong></span> <span class='ocrx_word' id='word_1_767' title='bbox 633 5703 698 5743; x_wconf 76' lang='lat' dir='ltr'><strong>ex</strong></span> <span class='ocrx_word' id='word_1_768' title='bbox 739 5691 1035 5750; x_wconf 89' lang='lat' dir='ltr'><strong>humilibus</strong></span> <span class='ocrx_word' id='word_1_769' title='bbox 1065 5708 1354 5775; x_wconf 79' lang='lat' dir='ltr'><strong>utrumque</strong></span> <span class='ocrx_word' id='word_1_770' title='bbox 1398 5699 1761 5768; x_wconf 84' lang='lat' dir='ltr'><strong>intellectum,</strong></span> <span class='ocrx_word' id='word_1_771' title='bbox 1795 5703 2013 5773; x_wconf 87' lang='lat' dir='ltr'><strong>utrique</strong></span> 
     </span>
    </p>
   </div>
   <div class='ocr_carea' id='block_1_108' title="bbox 2136 4515 3712 4600">
    <p class='ocr_par' dir='ltr' id='par_1_108' title="bbox 2136 4515 3712 4600">
     <span class='ocr_line' id='line_1_108' title="bbox 2136 4515 3712 4600; baseline 0.009 -30"><span class='ocrx_word' id='word_1_772' title='bbox 2136 4517 2231 4570; x_wconf 76' lang='grc' dir='ltr'><strong>καὶ</strong></span> <span class='ocrx_word' id='word_1_773' title='bbox 2260 4515 2447 4580; x_wconf 76' lang='grc' dir='ltr'>ὕπνον,</span> <span class='ocrx_word' id='word_1_774' title='bbox 2481 4518 2577 4571; x_wconf 80' lang='grc' dir='ltr'><strong>καὶ</strong></span> <span class='ocrx_word' id='word_1_775' title='bbox 2607 4518 2832 4585; x_wconf 79' lang='grc' dir='ltr'>ἔνδειαν,</span> <span class='ocrx_word' id='word_1_776' title='bbox 2861 4525 2952 4576; x_wconf 80' lang='grc' dir='ltr'><strong>καὶ</strong></span> <span class='ocrx_word' id='word_1_777' title='bbox 2975 4525 3240 4595; x_wconf 83' lang='grc' dir='ltr'>ταραχὴν,</span> <span class='ocrx_word' id='word_1_778' title='bbox 3272 4529 3367 4581; x_wconf 72' lang='grc' dir='ltr'><strong>καὶ</strong></span> <span class='ocrx_word' id='word_1_779' title='bbox 3392 4529 3588 4600; x_wconf 73' lang='grc' dir='ltr'>δεσμὰ,</span> <span class='ocrx_word' id='word_1_780' title='bbox 3623 4534 3712 4586; x_wconf 76' lang='grc' dir='ltr'><strong>καὶ</strong></span> 
     </span>
    </p>
   </div>
   <div class='ocr_carea' id='block_1_109' title="bbox 2133 4608 3710 4687">
    <p class='ocr_par' dir='ltr' id='par_1_109' title="bbox 2133 4608 3710 4687">
     <span class='ocr_line' id='line_1_109' title="bbox 2133 4608 3710 4687; baseline 0.012 -29"><span class='ocrx_word' id='word_1_781' title='bbox 2133 4608 2316 4677; x_wconf 76' lang='grc' dir='ltr'>ἥλους,</span> <span class='ocrx_word' id='word_1_782' title='bbox 2353 4610 2444 4661; x_wconf 68' lang='grc' dir='ltr'><strong>καὶ</strong></span> <span class='ocrx_word' id='word_1_783' title='bbox 2468 4609 2688 4680; x_wconf 79' lang='grc' dir='ltr'>λόγχην,</span> <span class='ocrx_word' id='word_1_784' title='bbox 2723 4615 2818 4666; x_wconf 75' lang='grc' dir='ltr'><strong>καὶ</strong></span> <span class='ocrx_word' id='word_1_785' title='bbox 2852 4609 3011 4684; x_wconf 73' lang='grc' dir='ltr'>αἷμα,</span> <span class='ocrx_word' id='word_1_786' title='bbox 3043 4617 3135 4667; x_wconf 77' lang='grc' dir='ltr'><strong>καὶ</strong></span> <span class='ocrx_word' id='word_1_787' title='bbox 3160 4618 3470 4687; x_wconf 80' lang='grc' dir='ltr'>τραύματα,</span> <span class='ocrx_word' id='word_1_788' title='bbox 3502 4623 3710 4677; x_wconf 62' lang='lat'><strong>7.111:-</strong></span> 
     </span>
    </p>
   </div>
   <div class='ocr_carea' id='block_1_110' title="bbox 2134 4700 3712 4775">
    <p class='ocr_par' dir='ltr' id='par_1_110' title="bbox 2134 4700 3712 4775">
     <span class='ocr_line' id='line_1_110' title="bbox 2134 4700 3712 4775; baseline 0.013 -26"><span class='ocrx_word' id='word_1_789' title='bbox 2134 4700 2259 4772; x_wconf 84' lang='grc' dir='ltr'>φὴν,</span> <span class='ocrx_word' id='word_1_790' title='bbox 2290 4701 2381 4754; x_wconf 75' lang='grc' dir='ltr'><strong>καὶ</strong></span> <span class='ocrx_word' id='word_1_791' title='bbox 2403 4705 2686 4772; x_wconf 87' lang='grc' dir='ltr'>μνημεῖον,</span> <span class='ocrx_word' id='word_1_792' title='bbox 2710 4705 2802 4756; x_wconf 79' lang='grc' dir='ltr'><strong>καὶ</strong></span> <span class='ocrx_word' id='word_1_793' title='bbox 2819 4706 2918 4758; x_wconf 83' lang='grc' dir='ltr'>ὅσα</span> <span class='ocrx_word' id='word_1_794' title='bbox 2945 4707 3077 4760; x_wconf 85' lang='grc' dir='ltr'>ἄλλα</span> <span class='ocrx_word' id='word_1_795' title='bbox 3105 4709 3345 4775; x_wconf 79' lang='grc' dir='ltr'>τοιαῦτα,</span> <span class='ocrx_word' id='word_1_796' title='bbox 3369 4712 3472 4764; x_wconf 68' lang='grc' dir='ltr'>κᾶν</span> <span class='ocrx_word' id='word_1_797' title='bbox 3494 4715 3712 4770; x_wconf 75' lang='grc' dir='ltr'>ὑπεναν-</span> 
     </span>
    </p>
   </div>
   <div class='ocr_carea' id='block_1_111' title="bbox 2131 4791 3710 4874">
    <p class='ocr_par' dir='ltr' id='par_1_111' title="bbox 2131 4791 3710 4874">
     <span class='ocr_line' id='line_1_111' title="bbox 2131 4791 3710 4874; baseline 0.012 -31"><span class='ocrx_word' id='word_1_798' title='bbox 2131 4791 2259 4856; x_wconf 88' lang='grc' dir='ltr'>τίως</span> <span class='ocrx_word' id='word_1_799' title='bbox 2303 4792 2402 4865; x_wconf 74' lang='grc' dir='ltr'><strong>ἔχῃ</strong></span> <span class='ocrx_word' id='word_1_800' title='bbox 2434 4797 2542 4856; x_wconf 84' lang='grc' dir='ltr'>τοῖς</span> <span class='ocrx_word' id='word_1_801' title='bbox 2585 4797 3104 4868; x_wconf 84' lang='grc' dir='ltr'>προαποδεδομένοις</span> <span class='ocrx_word' id='word_1_802' title='bbox 3126 4841 3140 4864; x_wconf 94' lang='grc'><strong>,</strong></span> <span class='ocrx_word' id='word_1_803' title='bbox 3167 4801 3322 4854; x_wconf 74' lang='grc' dir='ltr'>οὐδὲν</span> <span class='ocrx_word' id='word_1_804' title='bbox 3355 4799 3517 4874; x_wconf 82' lang='grc' dir='ltr'>ἦττον</span> <span class='ocrx_word' id='word_1_805' title='bbox 3549 4810 3710 4862; x_wconf 81' lang='grc' dir='ltr'>πιστᾶ</span> 
     </span>
    </p>
   </div>
   <div class='ocr_carea' id='block_1_112' title="bbox 2129 4884 3707 4970">
    <p class='ocr_par' dir='ltr' id='par_1_112' title="bbox 2129 4884 3707 4970">
     <span class='ocr_line' id='line_1_112' title="bbox 2129 4884 3707 4970; baseline 0.011 -35"><span class='ocrx_word' id='word_1_806' title='bbox 2129 4901 2188 4935; x_wconf 88' lang='grc' dir='ltr'><strong>τε</strong></span> <span class='ocrx_word' id='word_1_807' title='bbox 2234 4887 2326 4938; x_wconf 78' lang='grc' dir='ltr'><strong>καὶ</strong></span> <span class='ocrx_word' id='word_1_808' title='bbox 2355 4886 2528 4957; x_wconf 88' lang='grc' dir='ltr'>ἀληθῆ</span> <span class='ocrx_word' id='word_1_809' title='bbox 2569 4884 2706 4940; x_wconf 81' lang='grc' dir='ltr'>εἶναι</span> <span class='ocrx_word' id='word_1_810' title='bbox 2749 4890 3016 4959; x_wconf 86' lang='grc' dir='ltr'>δεχόμεθα</span> <span class='ocrx_word' id='word_1_811' title='bbox 3039 4932 3052 4955; x_wconf 97' lang='grc'><strong>,</strong></span> <span class='ocrx_word' id='word_1_812' title='bbox 3097 4894 3233 4962; x_wconf 81' lang='grc' dir='ltr'>πρὸς</span> <span class='ocrx_word' id='word_1_813' title='bbox 3260 4896 3358 4966; x_wconf 77' lang='grc' dir='ltr'>τὴν</span> <span class='ocrx_word' id='word_1_814' title='bbox 3391 4899 3567 4968; x_wconf 83' lang='grc' dir='ltr'>σάρκα</span> <span class='ocrx_word' id='word_1_815' title='bbox 3595 4900 3707 4970; x_wconf 77' lang='grc' dir='ltr'>βλέ-</span> 
     </span>
    </p>
   </div>
   <div class='ocr_carea' id='block_1_113' title="bbox 2129 4979 3701 5061">
    <p class='ocr_par' dir='ltr' id='par_1_113' title="bbox 2129 4979 3701 5061">
     <span class='ocr_line' id='line_1_113' title="bbox 2129 4979 3701 5061; baseline 0.01 -34"><span class='ocrx_word' id='word_1_816' title='bbox 2129 4992 2340 5041; x_wconf 86' lang='grc' dir='ltr'>ποντες,</span> <span class='ocrx_word' id='word_1_817' title='bbox 2373 4979 2438 5048; x_wconf 78' lang='grc' dir='ltr'>ἣν</span> <span class='ocrx_word' id='word_1_818' title='bbox 2468 4981 2533 5049; x_wconf 84' lang='grc' dir='ltr'>τῇ</span> <span class='ocrx_word' id='word_1_819' title='bbox 2569 4980 2748 5034; x_wconf 85' lang='grc' dir='ltr'>πίστει</span> <span class='ocrx_word' id='word_1_820' title='bbox 2782 4983 2917 5051; x_wconf 85' lang='grc' dir='ltr'><strong>μετά</strong></span> <span class='ocrx_word' id='word_1_821' title='bbox 2949 4983 3042 5035; x_wconf 78' lang='grc' dir='ltr'>τοῦ</span> <span class='ocrx_word' id='word_1_822' title='bbox 3073 4984 3232 5053; x_wconf 85' lang='grc' dir='ltr'>λόγου</span> <span class='ocrx_word' id='word_1_823' title='bbox 3269 4989 3701 5061; x_wconf 81' lang='grc' dir='ltr'>παρεδεξάμεθα.</span> 
     </span>
    </p>
   </div>
   <div class='ocr_carea' id='block_1_114' title="bbox 2141 5066 3702 5153">
    <p class='ocr_par' dir='ltr' id='par_1_114' title="bbox 2141 5066 3702 5153">
     <span class='ocr_line' id='line_1_114' title="bbox 2141 5066 3702 5153; baseline 0.009 -35"><span class='ocrx_word' id='word_1_824' title='bbox 2141 5066 2228 5129; x_wconf 80' lang='grc' dir='ltr'>Ὠς</span> <span class='ocrx_word' id='word_1_825' title='bbox 2248 5068 2348 5120; x_wconf 84' lang='grc' dir='ltr'><strong>οὑκ</strong></span> <span class='ocrx_word' id='word_1_826' title='bbox 2373 5068 2487 5120; x_wconf 80' lang='grc' dir='ltr'>ἔστι</span> <span class='ocrx_word' id='word_1_827' title='bbox 2514 5070 2582 5123; x_wconf 78' lang='grc' dir='ltr'>τὰ</span> <span class='ocrx_word' id='word_1_828' title='bbox 2606 5071 2706 5137; x_wconf 76' lang='grc' dir='ltr'>τῆς</span> <span class='ocrx_word' id='word_1_829' title='bbox 2733 5073 2931 5142; x_wconf 83' lang='grc' dir='ltr'>σαρκὸς</span> <span class='ocrx_word' id='word_1_830' title='bbox 2964 5073 3227 5144; x_wconf 81' lang='grc' dir='ltr'>ἰδιώματα</span> <span class='ocrx_word' id='word_1_831' title='bbox 3247 5079 3322 5147; x_wconf 85' lang='grc' dir='ltr'><strong>τῷ</strong></span> <span class='ocrx_word' id='word_1_832' title='bbox 3339 5082 3396 5130; x_wconf 84' lang='grc' dir='ltr'><strong>ἐν</strong></span> <span class='ocrx_word' id='word_1_833' title='bbox 3423 5083 3564 5153; x_wconf 77' lang='grc' dir='ltr'>ἀρχῇ</span> <span class='ocrx_word' id='word_1_834' title='bbox 3594 5083 3702 5135; x_wconf 77' lang='grc' dir='ltr'>ὄντι</span> 
     </span>
    </p>
   </div>
   <div class='ocr_carea' id='block_1_115' title="bbox 2127 5158 3704 5242">
    <p class='ocr_par' dir='ltr' id='par_1_115' title="bbox 2127 5158 3704 5242">
     <span class='ocr_line' id='line_1_115' title="bbox 2127 5158 3704 5242; baseline 0.016 -39"><span class='ocrx_word' id='word_1_835' title='bbox 2127 5158 2566 5229; x_wconf 47' lang='lat' dir='ltr'><strong>meammeam</strong></span> <span class='ocrx_word' id='word_1_836' title='bbox 2612 5161 2768 5232; x_wconf 83' lang='grc' dir='ltr'>Λόγῳ</span> <span class='ocrx_word' id='word_1_837' title='bbox 2791 5179 2804 5191; x_wconf 92' lang='grc'><strong>·</strong></span> <span class='ocrx_word' id='word_1_838' title='bbox 2835 5163 3005 5226; x_wconf 79' lang='grc' dir='ltr'>οὑτως</span> <span class='ocrx_word' id='word_1_839' title='bbox 3044 5163 3108 5219; x_wconf 79' lang='grc' dir='ltr'><strong>αὖ</strong></span> <span class='ocrx_word' id='word_1_840' title='bbox 3141 5169 3305 5222; x_wconf 79' lang='grc' dir='ltr'>πάλιν</span> <span class='ocrx_word' id='word_1_841' title='bbox 3330 5171 3454 5224; x_wconf 79' lang='grc' dir='ltr'>οὑδὲ</span> <span class='ocrx_word' id='word_1_842' title='bbox 3501 5175 3567 5226; x_wconf 75' lang='grc' dir='ltr'><strong>τα</strong></span> <span class='ocrx_word' id='word_1_843' title='bbox 3610 5176 3704 5242; x_wconf 80' lang='grc' dir='ltr'>τῆς</span> 
     </span>
    </p>
   </div>
   <div class='ocr_carea' id='block_1_116' title="bbox 2126 5248 3698 5334">
    <p class='ocr_par' dir='ltr' id='par_1_116' title="bbox 2126 5248 3698 5334">
     <span class='ocr_line' id='line_1_116' title="bbox 2126 5248 3698 5334; baseline 0.011 -34"><span class='ocrx_word' id='word_1_844' title='bbox 2126 5248 2376 5320; x_wconf 86' lang='grc' dir='ltr'>θεότητος</span> <span class='ocrx_word' id='word_1_845' title='bbox 2414 5250 2518 5304; x_wconf 82' lang='grc' dir='ltr'>ἴδια</span> <span class='ocrx_word' id='word_1_846' title='bbox 2556 5253 2614 5304; x_wconf 85' lang='grc' dir='ltr'>ὲν</span> <span class='ocrx_word' id='word_1_847' title='bbox 2665 5255 2730 5323; x_wconf 83' lang='grc' dir='ltr'>τῇ</span> <span class='ocrx_word' id='word_1_848' title='bbox 2762 5254 2862 5322; x_wconf 78' lang='grc' dir='ltr'>τῆς</span> <span class='ocrx_word' id='word_1_849' title='bbox 2895 5256 3096 5326; x_wconf 83' lang='grc' dir='ltr'>σαρκὸς</span> <span class='ocrx_word' id='word_1_850' title='bbox 3141 5259 3302 5328; x_wconf 79' lang='grc' dir='ltr'>φύσει</span> <span class='ocrx_word' id='word_1_851' title='bbox 3351 5265 3698 5334; x_wconf 79' lang='grc' dir='ltr'>κατανοῆσαι.</span> 
     </span>
    </p>
   </div>
   <div class='ocr_carea' id='block_1_117' title="bbox 2123 5339 3696 5427">
    <p class='ocr_par' dir='ltr' id='par_1_117' title="bbox 2123 5339 3696 5427">
     <span class='ocr_line' id='line_1_117' title="bbox 2123 5339 3696 5427; baseline 0.011 -36"><span class='ocrx_word' id='word_1_852' title='bbox 2123 5339 2213 5392; x_wconf 82' lang='grc' dir='ltr'><strong>Διὸ</strong></span> <span class='ocrx_word' id='word_1_853' title='bbox 2256 5342 2608 5413; x_wconf 83' lang='grc' dir='ltr'>μεμιγμένης</span> <span class='ocrx_word' id='word_1_854' title='bbox 2643 5344 2744 5413; x_wconf 79' lang='grc' dir='ltr'>τῆς</span> <span class='ocrx_word' id='word_1_855' title='bbox 2789 5348 3148 5417; x_wconf 83' lang='grc' dir='ltr'>εὑαγγελικῆς</span> <span class='ocrx_word' id='word_1_856' title='bbox 3184 5353 3311 5420; x_wconf 76' lang='grc' dir='ltr'>περὶ</span> <span class='ocrx_word' id='word_1_857' title='bbox 3351 5354 3444 5406; x_wconf 83' lang='grc' dir='ltr'>τοῦ</span> <span class='ocrx_word' id='word_1_858' title='bbox 3496 5358 3696 5427; x_wconf 54' lang='grc' dir='ltr'>Κυρίου</span> 
     </span>
    </p>
   </div>
   <div class='ocr_carea' id='block_1_118' title="bbox 2122 5427 3697 5515">
    <p class='ocr_par' dir='ltr' id='par_1_118' title="bbox 2122 5427 3697 5515">
     <span class='ocr_line' id='line_1_118' title="bbox 2122 5427 3697 5515; baseline 0.015 -38"><span class='ocrx_word' id='word_1_859' title='bbox 2122 5427 2466 5492; x_wconf 87' lang='grc' dir='ltr'>διδασκαλίας</span> <span class='ocrx_word' id='word_1_860' title='bbox 2505 5431 2592 5485; x_wconf 88' lang='grc' dir='ltr'><strong>διά</strong></span> <span class='ocrx_word' id='word_1_861' title='bbox 2623 5449 2680 5484; x_wconf 90' lang='grc' dir='ltr'><strong>τε</strong></span> <span class='ocrx_word' id='word_1_862' title='bbox 2732 5435 2839 5487; x_wconf 84' lang='grc' dir='ltr'><strong>τῶν</strong></span> <span class='ocrx_word' id='word_1_863' title='bbox 2885 5437 3105 5508; x_wconf 69' lang='grc' dir='ltr'>ὑψηλῶν</span> <span class='ocrx_word' id='word_1_864' title='bbox 3144 5457 3202 5492; x_wconf 90' lang='grc' dir='ltr'><strong>τε</strong></span> <span class='ocrx_word' id='word_1_865' title='bbox 3248 5443 3340 5494; x_wconf 67' lang='grc' dir='ltr'><strong>καὶ</strong></span> <span class='ocrx_word' id='word_1_866' title='bbox 3385 5443 3697 5515; x_wconf 86' lang='grc' dir='ltr'>θεοπρεπῶν</span> 
     </span>
    </p>
   </div>
   <div class='ocr_carea' id='block_1_119' title="bbox 2122 5520 3696 5604">
    <p class='ocr_par' dir='ltr' id='par_1_119' title="bbox 2122 5520 3696 5604">
     <span class='ocr_line' id='line_1_119' title="bbox 2122 5520 3696 5604; baseline 0.014 -34"><span class='ocrx_word' id='word_1_867' title='bbox 2122 5521 2214 5572; x_wconf 76' lang='grc' dir='ltr'><strong>καὶ</strong></span> <span class='ocrx_word' id='word_1_868' title='bbox 2245 5520 2332 5572; x_wconf 82' lang='grc' dir='ltr'><strong>διὰ</strong></span> <span class='ocrx_word' id='word_1_869' title='bbox 2354 5522 2461 5574; x_wconf 82' lang='grc' dir='ltr'><strong>τῶν</strong></span> <span class='ocrx_word' id='word_1_870' title='bbox 2501 5526 2789 5590; x_wconf 83' lang='grc' dir='ltr'>ταπεινῶν,</span> <span class='ocrx_word' id='word_1_871' title='bbox 2830 5529 3088 5601; x_wconf 80' lang='grc' dir='ltr'>ἑκάτερον</span> <span class='ocrx_word' id='word_1_872' title='bbox 3115 5532 3222 5585; x_wconf 80' lang='grc' dir='ltr'>τῶν</span> <span class='ocrx_word' id='word_1_873' title='bbox 3253 5535 3538 5604; x_wconf 81' lang='grc' dir='ltr'>νοημάτων</span> <span class='ocrx_word' id='word_1_874' title='bbox 3572 5539 3696 5592; x_wconf 72' lang='grc' dir='ltr'>ἐκα-</span> 
     </span>
    </p>
   </div>
   <div class='ocr_carea' id='block_1_120' title="bbox 2119 5612 3693 5700">
    <p class='ocr_par' dir='ltr' id='par_1_120' title="bbox 2119 5612 3693 5700">
     <span class='ocr_line' id='line_1_120' title="bbox 2119 5612 3693 5700; baseline 0.014 -38"><span class='ocrx_word' id='word_1_875' title='bbox 2119 5612 2261 5682; x_wconf 80' lang='grc' dir='ltr'>τέρῳ</span> <span class='ocrx_word' id='word_1_876' title='bbox 2300 5614 2406 5666; x_wconf 85' lang='grc' dir='ltr'><strong>τῶν</strong></span> <span class='ocrx_word' id='word_1_877' title='bbox 2457 5616 2514 5668; x_wconf 79' lang='grc' dir='ltr'><strong>ἐν</strong></span> <span class='ocrx_word' id='word_1_878' title='bbox 2559 5618 2636 5688; x_wconf 82' lang='grc' dir='ltr'>τῷ</span> <span class='ocrx_word' id='word_1_879' title='bbox 2681 5623 2967 5693; x_wconf 84' lang='grc' dir='ltr'>μυστηρίῳ</span> <span class='ocrx_word' id='word_1_880' title='bbox 3011 5628 3312 5696; x_wconf 85' lang='grc' dir='ltr'>νοουμένων</span> <span class='ocrx_word' id='word_1_881' title='bbox 3347 5630 3693 5700; x_wconf 80' lang='grc' dir='ltr'>καταλλήλως</span> 
     </span>
    </p>
   </div>
   <div class='ocr_carea' id='block_1_121' title="bbox 2121 5704 3689 5792">
    <p class='ocr_par' dir='ltr' id='par_1_121' title="bbox 2121 5704 3689 5792">
     <span class='ocr_line' id='line_1_121' title="bbox 2121 5704 3689 5792; baseline 0.014 -38"><span class='ocrx_word' id='word_1_882' title='bbox 2121 5704 2448 5776; x_wconf 76' lang='grc' dir='ltr'>ἁρμόζομεν,</span> <span class='ocrx_word' id='word_1_883' title='bbox 2487 5709 2545 5760; x_wconf 75' lang='grc' dir='ltr'>τὸ</span> <span class='ocrx_word' id='word_1_884' title='bbox 2572 5711 2669 5780; x_wconf 74' lang='grc' dir='ltr'><strong>μὲν</strong></span> <span class='ocrx_word' id='word_1_885' title='bbox 2698 5713 3035 5784; x_wconf 79' lang='grc' dir='ltr'>ἀνθρώπινον</span> <span class='ocrx_word' id='word_1_886' title='bbox 3065 5718 3142 5789; x_wconf 80' lang='grc' dir='ltr'>τῷ</span> <span class='ocrx_word' id='word_1_887' title='bbox 3171 5721 3494 5792; x_wconf 84' lang='grc' dir='ltr'>ἀνθρωπίνῳ</span> <span class='ocrx_word' id='word_1_888' title='bbox 3513 5762 3527 5787; x_wconf 88' lang='grc'><strong>,</strong></span> <span class='ocrx_word' id='word_1_889' title='bbox 3553 5724 3614 5776; x_wconf 81' lang='grc' dir='ltr'><strong>τὸ</strong></span> <span class='ocrx_word' id='word_1_890' title='bbox 3633 5723 3689 5775; x_wconf 72' lang='grc' dir='ltr'>δὲ</span> 
     </span>
    </p>
   </div>
  </div>
