4034 6156
349 280 450 337 743

1480 290 1762 349 CONTRA
1804 291 2194 361 EUNOMIUM,
2235 294 2363 351 LIB.
2407 295 2493 350 Vl.

3517 297 3622 356 7H

351 394 554 466 ὓᾴ-ηλόν
586 399 648 468 τῇ
681 396 918 470 θεότητι,
956 401 1048 456 καί
1075 417 1255 474 φαμεν
1287 405 1368 459 ὅτι
1402 408 1537 462 καθὸ
1567 409 1700 474 Θεὸς
1729 413 1758 464 ὁ
1789 411 1936 475 Υἱὺς,

2048 427 2231 466 eorum
2287 429 2406 483 qum
2468 415 2520 466 in
2587 413 2845 485 mysterio
2905 414 3321 486 intelliguntur,
3375 414 3514 470 inter
3560 432 3622 473 se

350 487 570 557 ἀπαθὴς
611 489 825 553 πάντως
871 493 986 546 ἐστὶ
1020 495 1114 548 καὶ
1142 495 1438 568 ἀκήρατος.
1487 500 1550 552 ΕΞ
1594 499 1653 554 δέ
1682 518 1735 553 τι
1770 502 1940 564 πάθος

350 579 408 630 ἐν
431 579 506 649 τῷ
532 579 846 654 Εύαγγελίῳ
880 587 1007 657 περὶ
1037 587 1203 642 αὐτοῦ
1225 589 1458 658 λέγοιτο,
1492 591 1581 645 διὰ
1608 593 1700 646 τοῦ
1736 594 1941 665 ἀνθρω-

355 665 512 719 πίνου
563 668 780 733 πάντως
812 672 903 724 τοῦ
939 674 1232 744 δεχομένου
1276 678 1338 731 τὸ
1385 679 1557 744 πάθος
1605 681 1668 735 τὸ
1695 681 1939 736 τοιοῦτον

351 757 670 829 ἐνήργησεν.
722 762 964 834 Ἐνεργεῖ
1008 768 1115 838 γὰρ
1165 768 1240 831 ὡς
1278 769 1498 841 ἀληθῶς
1541 775 1572 844 ἠ
1628 773 1818 845 θεότης
1851 777 1938 830 διὰ

351 850 446 903 τοῦ
484 853 612 924 περὶ
658 855 828 927 αὐτὴν
866 858 1117 928 σώματος
1168 865 1478 934 σωτηρίαν,
1528 861 1672 920 εἶναι
1703 867 1803 937 τῆς
1839 871 1940 940 μὲν

354 945 552 1015 σαρκὸς
582 945 640 998 τὸ
672 947 865 1013 πάθος,
893 950 984 1003 τοῦ
1019 952 1073 1004 δὲ
1099 952 1232 1007 Θεοῦ
1255 955 1351 1026 τὴν
1379 955 1680 1027 ἐνέργειαν,
1715 959 1820 1012 κᾶν
1847 959 1939 1012 τὸν

365 1036 684 1092 Ἀπόστολον
710 1041 789 1104 εἰς
814 1043 1142 1116 συνηγορίαν
1174 1048 1317 1110 τινὲς
1350 1048 1443 1102 τοῦ
1473 1051 1716 1103 ἐναντίου
1743 1053 1938 1106 καθέλ-

351 1146 491 1185 κωσι
517 1129 806 1200 δόγματος,
852 1134 1078 1202 λέγοντα
1111 1176 1126 1198 ,
1161 1138 1243 1192 ὅτι
1287 1140 1397 1194 Τοῦ
1441 1141 1592 1195 ἰδίου
1647 1143 1786 1197 Υἱοῦ
1824 1148 1938 1200 οὐκ

351 1221 630 1289 ἐφείσατο
649 1239 664 1253 ·
695 1225 809 1287 καὶ,
851 1227 904 1278 '0
932 1226 1074 1294 Θεὸς
1103 1229 1208 1282 τὸν
1236 1230 1452 1285 ἑαυτοῦ
1481 1233 1617 1286 Υἱὸν
1645 1235 1936 1305 ἔπεμψεν,

353 1313 446 1364 καὶ
474 1313 573 1364 ὅσα
607 1312 832 1366 τοιαῦτα
868 1316 1002 1386 πρὸς
1027 1316 1124 1385 τὴν
1155 1318 1306 1372 θείαν
1335 1319 1496 1389 φύσιν
1527 1323 1582 1376 ὲν
1615 1326 1678 1395 τῇ
1705 1325 1799 1377 τοῦ
1834 1326 1939 1378 πά-

355 1403 482 1466 θους
505 1406 802 1476 οἰκονομίᾳ,
833 1409 926 1459 καὶ
953 1407 1074 1477 οὐχὶ
1106 1412 1242 1480 πρὸς
1270 1411 1330 1464 τὸ
1353 1412 1690 1484 ἀνθρώπινον
1719 1415 1938 1486 βλέπειν

353 1495 520 1548 δοκεῖ*
544 1497 693 1550 οὐδὲν
730 1495 891 1571 ἦττον
923 1499 1030 1552 τῶν
1080 1502 1246 1570 ὑγιῶν
1273 1504 1559 1574 δογμάτων
1592 1507 1694 1560 οὐκ
1740 1507 1939 1576 ἀφεξό-

359 1589 516 1658 μεθα,
548 1590 710 1644 αὐτοῦ
751 1592 843 1646 τοῦ
874 1594 1086 1646 Παύλου
1120 1596 1454 1664 γυμνότερον
1486 1598 1546 1651 τὺ
1583 1600 1710 1670 περὶ
1735 1600 1928 1654 τούτου

357 1682 747 1753 σαρηνίσαντος
796 1688 930 1756 ἡμῖν
978 1688 1295 1758 μυστήριον.
1353 1690 1632 1760 Πανταχοῦ
1695 1693 1804 1764 γαρ
1858 1693 1938 1765 τῷ

353 1773 680 1845 ἀνθρωπίνῳ
712 1776 866 1848 μέρει
897 1776 991 1830 τοῦ
1025 1779 1262 1848 Χριστοῦ
1290 1781 1389 1851 τὴν
1424 1781 1515 1834 τοῦ
1549 1783 1752 1847 πάθους
1789 1785 1933 1837 οἱκο-

353 1864 549 1934 νομίαν
596 1871 1040 1940 προσμαρτυρεῖ,
1074 1869 1278 1938 λέγων·
1325 1872 1556 1940 Ἐπειδὴ
1591 1873 1701 1942 γὰρ
1729 1875 1803 1928 δι’
1836 1877 1940 1930 ἀν-

355 1956 591 2023 θρώπου
622 1961 654 2012 o'
683 1958 938 2024 θάνατος
959 2000 972 2022 ,
1004 1961 1100 2013 καὶ
1134 1961 1208 2014 δι’
1259 1962 1573 2031 ἀνθρώπου
1601 1965 1940 2035 ἀνάστασις

356 2049 618 2115 νεκρῶν·
655 2051 746 2103 καὶ
767 2092 780 2115 ,
837 2050 900 2103 '0
945 2052 1089 2118 Θεὸς
1123 2051 1341 2107 ἑαυτοῦ
1393 2055 1528 2108 Υίὸν
1555 2055 1796 2126 πέμψας
1821 2098 1835 2121 ,
1871 2059 1940 2112 ἐν

357 2140 671 2210 ὁμοιώματι
701 2143 928 2209 σαρκὸς
949 2143 1256 2212 ἁμαρτίας,
1277 2145 1587 2213 κατέκρινε
1617 2145 1731 2215 τὴν
1750 2149 1908 2216 ἁμαρ
1924 2180 1938 2193 ο

357 2232 493 2284 τίαν
522 2231 591 2284 ἑν
615 2231 688 2300 τῇ
717 2233 901 2300 σαρκί
920 2250 932 2263 ·
967 2233 1037 2286 ἐν
1061 2233 1136 2302 τῇ
1159 2235 1339 2302 σαρκὶ
1367 2235 1476 2308 γάρ
1501 2254 1686 2308 φησιν,
1717 2240 1818 2292 οὐκ
1869 2244 1938 2295 ἐν

357 2324 425 2392 τῇ
460 2321 696 2390 θεότητι·
739 2325 852 2385 καὶ,
902 2325 1280 2395 Ἐσταηοώϐη
1313 2327 1382 2392 ἐξ
1435 2329 1770 2395 ἀσθενείας·
1828 2332 1930 2402 τὴν

361 2412 540 2484 σάρκα
576 2415 663 2467 διὰ
703 2415 801 2484 τῆς
830 2415 1113 2479 ἀσθενείας
1157 2417 1458 2486 σημαίνων·
1498 2411 1563 2484 ζῇ
1584 2417 1652 2471 δὲ
1669 2419 1737 2472 ἐκ
1759 2418 1942 2474 δυνά-

354 2521 531 2571 μεως,
561 2503 786 2558 τὶΘείον
815 2506 900 2559 διὰ
929 2507 1024 2578 τῆς
1055 2507 1336 2576 δυνάμεως
1367 2506 1794 2578 ἐνδεικνύμενος·
1822 2511 1935 2573 καὶ,

373 2595 646 2649 Ἀπέθανε
673 2595 746 2665 τῇ
775 2597 1047 2666 ἁμαρτίᾳ,
1083 2598 1227 2652 τοῦτ’
1262 2597 1406 2650 ἔστιν
1454 2599 1533 2670 τῷ
1575 2598 1824 2670 σώματι,
1865 2597 1937 2668 ζῇ

360 2683 428 2736 δὲ
462 2683 538 2750 τῷ
561 2683 680 2754 Θεῷ
705 2727 718 2750 ,
746 2686 889 2738 τοῦτ’
924 2685 1036 2740 ἔστι
1061 2691 1126 2758 τῇ
1161 2687 1394 2753 θεότητι.
1424 2688 1588 2741 Ὥστε
1615 2688 1706 2743 διὰ
1731 2687 1940 2743 τούτων

361 2777 886 2840 κατασκευάζεσθαι,
929 2779 1011 2830 ὅτι
1053 2779 1080 2830 ὁ
1131 2779 1228 2848 μὲν
1269 2778 1555 2849 ἄνθρωπος
1581 2781 1674 2833 τοῦ
1707 2781 1939 2838 θανάτου

361 2867 655 2934 ἐγεύσατο·
699 2869 731 2937 ἡ
761 2867 816 2920 δὲ
858 2866 1122 2930 ἀθάνατος
1150 2869 1309 2936 φύσις
1346 2870 1406 2922 τὸ
1435 2869 1578 2923 κατὰ
1623 2871 1852 2928 θάνατον
1877 2876 1938 2928 ού

364 2955 698 3026 παρεδέξατο
741 2955 910 3020 πάθος
937 2965 954 2984 ⁸
983 2958 1213 3013 καῖιΤὸν
1244 2958 1329 3026 μὴ
1378 2959 1598 3027 γνόντα
1625 2961 1938 3031 ἁμαρτίαν,

364 3047 516 3114 ὑπὲρ
556 3045 724 3116 ἡμῶν
780 3047 1070 3116 ἁμαρτίαν
1119 3047 1402 3116 ἐποίησε·
1457 3049 1620 3104 πάλιν
1667 3053 1942 3123 ἁμαρτίαν

361 3138 645 3206 ὀνομάζων
663 3138 760 3210 τὴν
789 3139 986 3210 σάρκα.

436 3231 608 3285 Τοῦτο
645 3232 700 3285 δὲ
751 3231 855 3286 κᾶν
901 3235 964 3285 ἐκ
1004 3231 1234 3302 παρόδου
1290 3234 1555 3308 λέγωμεν,
1605 3238 1705 3291 ούκ
1762 3238 1936 3311 ἀχρη-

366 3322 616 3392 στότερον
647 3323 774 3387 ἴσως
803 3324 950 3377 δοκεῖ
986 3325 1078 3378 τού
1122 3327 1480 3397 προκειμένου
1520 3328 1582 3381 τὸ
1613 3330 1936 3384 ἐπεισόδιον.

375 3409 597 3486 Ἐπειδὴ
627 3415 734 3486 γὰρ
761 3417 1007 3480 εἰπόντος
1035 3418 1128 3471 τοῦ
1153 3419 1310 3486 ἁγίου
1337 3421 1564 3488 Πέτρου,
1592 3423 1813 3491 Κύριον
1839 3426 1945 3478 αὺ-

372 3507 474 3560 τὸν
497 3507 595 3561 καὶ
623 3509 882 3576 Χριστὸν
917 3509 1168 3576 ἐποίησε
1188 3527 1201 3540 ·
1239 3512 1334 3564 καὶ
1363 3512 1523 3565 πάλιν
1551 3512 1645 3566 τοῦ
1712 3515 1945 3568 ἁποστό·

368 3596 458 3649 λου
505 3598 718 3651 Παύλου
779 3599 913 3670 πρὸς
973 3599 1292 3670 Ἐϐραίους,
1327 3602 1408 3655 ὅτι
1459 3602 1629 3670 Ἱερέα
1664 3605 1942 3671 ἐποίησε·

370 3688 605 3758 ἁρπάζει
642 3689 737 3758 τὴν
789 3690 1075 3757 Ἐποίησε
1111 3691 1294 3760 φωνὴν
1340 3696 1368 3746 ὁ
1411 3693 1700 3764 Εύνόμιος,
1741 3696 1817 3759 ὡς
1862 3699 1948 3750 ἐν·

368 3780 645 3850 δεικτικὴν
675 3782 774 3852 τῆς
803 3783 1128 3851 προαιωνίου
1171 3783 1474 3855 ὑπάρξεως.
1505 3787 1612 3838 Καὶ
1638 3787 1726 3840 διὰ
1757 3787 1946 3840 τούτου

372 3872 581 3942 ποίημα
614 3869 754 3928 εἶναι
787 3874 876 3927 τὸν
908 3873 1112 3945 Κύριον
1140 3875 1572 3941 κατασκευάζειν
1603 3879 1775 3932 οἴεται
1814 3880 1945 3935 δεῖν.

387 3963 695 4018 Ἀκουσάτω
717 3966 895 4018 τοίνυν
926 3965 1020 4018 τοῦ
1052 3965 1264 4018 Παύλου
1293 3967 1541 4035 λέγοντος
1565 4010 1584 4032 ,
1624 3968 1705 4021 ὅτι
1738 3970 1846 4023 Τὸν
1861 3969 1948 4039 μὴ

373 4060 590 4127 γνόντα
611 4060 903 4128 ἁμαρτίαν
943 4058 1096 4126 ὑπὲρ
1143 4059 1311 4127 ἡμῶν
1341 4061 1632 4129 ἁμαρτίαν
1679 4062 1947 4130 ἐποίησε.

373 4150 434 4203 Ei
474 4149 535 4203 τὸ
584 4152 905 4219 Ἐποίησεν
945 4151 1038 4203 ἐπὶ
1067 4152 1160 4204 τοῦ
1206 4153 1447 4222 Κυρίου,
1493 4151 1556 4205 ἐκ
1584 4171 1641 4205 τε
1676 4153 1776 4221 τῆς
1816 4156 1951 4225 πρδς

383 4243 665 4316 Ἐϐραίους
687 4244 992 4313 ἐπιστολῆς,
1020 4244 1112 4298 καὶ
1143 4245 1204 4296 ἐκ
1230 4244 1328 4312 τῆς
1351 4244 1554 4314 Πέτρου
1577 4246 1761 4316 φωνῆς
1784 4249 1864 4309 εἰς
1893 4248 1953 4301 τὸ

374 4337 694 4409 προαιώνιον
723 4339 1031 4407 ἀναπέμπει
1059 4338 1254 4407 νόημα,
1280 4338 1456 4401 καλῶς
1486 4338 1550 4392 ἂν
1577 4338 1710 4410 ἔχοι,
1735 4342 1828 4393 καὶ
1857 4341 1952 4411 τὴν

2043 504 2541 568 accommodamus,
2600 513 2651 558 et
2704 505 2848 574 quod
2907 507 3204 559 humanum
3265 506 3618 573 humanitati,

2042 594 2296 664 quodque
2349 595 2626 650 excelsum
2683 603 2766 650 est
2821 595 3126 662 divinitati;
3184 604 3239 651 et
3293 597 3619 663 asserimus,

2041 684 2185 754 quod
2213 693 2483 754 quatenus
2522 688 2660 740 Deus
2683 693 2766 740 est
2799 684 2995 748 Filius,
3034 687 3358 755 impatibilis
3390 702 3620 755 prorsus

2041 783 2124 830 est
2157 784 2209 828 et
2242 777 2696 846 incorruptibilis.
2729 776 2885 842 Quod
2943 778 2987 832 si
3041 779 3093 831 in
3153 777 3448 848 Evangelio
3499 793 3623 848 per-

2042 868 2224 937 pessio
2255 877 2306 921 rt
2335 868 2550 923 aﬂ‘eetio
2580 869 2762 938 aliqua
2791 870 3036 936 dicatur,
3069 885 3165 940 per
3195 870 3616 932 humanitatem.

2041 973 2161 1028 qum
2193 961 2352 1014 talem
2391 960 2642 1015 affectum
2693 962 2958 1031 suscepit,
2999 971 3256 1031 Operatus
3310 970 3413 1017 est.
3471 961 3620 1016 Divi-

2042 1052 2186 1106 uitas
2232 1051 2377 1104 enim
2427 1066 2523 1121 per
2567 1067 2768 1122 corpus
2811 1060 3152 1122 assumptum
3221 1054 3448 1106 salutem
3497 1068 3626 1108 vere

2041 1151 2319 1212 operatur,
2355 1145 2538 1198 carnis
2572 1144 2790 1213 quidem
2826 1145 3136 1214 passionem
3179 1159 3321 1211 esse,
3365 1143 3458 1198 Dei
3495 1159 3626 1199 vero

2040 1236 2411 1304 Operationem
2435 1277 2448 1300 ,
2489 1236 2706 1291 tametsi
2747 1235 2968 1306 quidam
3003 1237 3326 1305 Apostolum
3360 1239 3623 1293 contrarii

2040 1329 2310 1398 dogmatis
2363 1335 2656 1398 patronum
2703 1343 2767 1382 ac
2819 1326 3166 1383 defensorem
3209 1329 3494 1383 attralmnt
3543 1330 3624 1384 dio

2039 1427 2286 1484 evntem,
2343 1419 2487 1489 quod
2538 1421 2749 1490 proprio
2807 1419 2949 1474 Filio
3007 1437 3111 1475 non
3164 1423 3388 1490 pepercit
3425 1423 3478 1487 ¹,
3533 1432 3624 1490 et,

2040 1507 2181 1563 Deus
2210 1526 2363 1562 suum
2397 1509 2596 1563 Filium
2628 1510 2836 1576 misit’,
2873 1527 3104 1582 quasque
3136 1519 3265 1567 sunt
3288 1511 3624 1583 huiusmodi,

2039 1613 2162 1667 qua:
2206 1597 2448 1652 divinam
2503 1607 2756 1653 naturam
2785 1600 2838 1653 iu
2876 1602 3153 1671 passionis
3192 1601 3624 1673 dispensatione,

2040 1705 2148 1743 non
2179 1705 2306 1745 vero
2345 1689 2736 1746 humanitatem
2792 1701 3040 1762 spectare
3079 1692 3374 1748 videntur:
3419 1694 3626 1748 nihilo-

2040 1781 2222 1838 minus
2253 1795 2282 1834 a
2306 1781 2482 1836 sacris
2518 1782 2756 1837 decretis
2797 1797 2904 1837 non
2928 1783 3268 1850 recedemus,
3311 1783 3431 1853 ipso
3457 1777 3634 1839 Paulo'

2041 1868 2245 1923 nudius
2292 1868 2360 1923 de
2395 1867 2499 1922 hoc
2539 1868 2859 1940 mysterium
2916 1870 3074 1925 nobis
3106 1871 3451 1939 explanante.
3491 1870 3627 1926 Ubi-

2040 1973 2148 2026 que
2175 1958 2320 2012 enim
2345 1956 2554 2013 Christi
2580 1958 2722 2026 parti
2755 1958 3014 2014 humanae
3047 1960 3321 2029 passionis
3349 1961 3629 2031 dispensa-

2041 2046 2241 2101 tionem
2281 2048 2548 2116 assignat,
2581 2062 2706 2100 cum
2734 2046 2902 2101 dicit:
2935 2047 3201 2113 Quoniam
3233 2065 3322 2108 per
3360 2049 3626 2102 hominem

2041 2150 2216 2196 mors,
2263 2142 2312 2187 et
2361 2149 2454 2203 per
2509 2133 2770 2187 hominem
2832 2136 3146 2188 resurrectio
3212 2145 3541 2190 mortuorum
3582 2137 3624 2192 ³.

2041 2221 2107 2276 Ει
2137 2241 2151 2277 :
2187 2223 2326 2278 Deus
2377 2238 2531 2277 suum
2565 2221 2767 2277 Filium
2821 2240 2940 2277 cum
2997 2225 3160 2289 misit,
3191 2226 3245 2278 in
3280 2226 3628 2280 similitudine

2039 2316 2215 2369 carnis
2230 2317 2449 2384 peccati,
2465 2316 2517 2368 in
2535 2327 2694 2369 carne
2712 2324 2978 2385 peccatum
2997 2315 3356 2371 condemnavit
3371 2329 3386 2368 :
3402 2318 3454 2370 in
3471 2334 3649 2383 carne,

2041 2408 2270 2478 inquit‘,
2297 2422 2406 2462 non
2426 2408 2479 2460 in
2504 2406 3208 2476 divinitate;et:Cruciﬁxus
3223 2418 3298 2462 est
3319 2408 3626 2478 exin/inni-

2042 2510 2169 2565 tate,
2185 2514 2403 2554 carnem
2419 2498 2900 2568 perinfirmitatem
2920 2500 3236 2568 signiﬁcans
3269 2512 3284 2551 :
3313 2500 3628 2556 vivitautem

2038 2606 2104 2644 ea:
2132 2591 2374 2656 virtute”,
2414 2590 2752 2644 divinitatem
2789 2605 2884 2660 per
2915 2591 3169 2646 virtutem
3201 2591 3585 2647 demonstrans
3611 2609 3625 2658 ;

2039 2690 2130 2737 et:
2163 2680 2405 2736 Mortuus
2433 2691 2510 2735 est
2543 2692 2774 2750 peccato,
2816 2681 2865 2734 id
2888 2689 2970 2736 est
3005 2681 3218 2752 corpori
3253 2695 3266 2731 :
3305 2682 3427 2735 vivit
3453 2690 3628 2736 autem

2043 2772 2272 2840 Deo°,id
2299 2771 2689 2829 estdivinitati.
2714 2771 2894 2837 Quare
2922 2787 3019 2842 per
3052 2773 3166 2826 haec
3192 2773 3455 2826 astruitur
3483 2772 3629 2842 quod

2043 2866 2203 2921 homo
2225 2874 2454 2920 mortem
2473 2865 2713 2934 gustavit
2737 2883 2749 2918 :
2775 2865 3098 2920 immortalis
3120 2879 3248 2919 vero
3269 2873 3463 2920 natura
3482 2879 3629 2918 mor-

2043 2957 2113 3010 tis
2141 2956 2447 3026 passionem
2467 2971 2574 3010 non
2596 2955 2824 3025 accepit.
2860 2953 3091 3011 EttEum
3119 2957 3209 3026 qui
3226 2968 3494 3025 peccatum
3527 2973 3632 3012 non

2050 3048 2211 3111 novit,
2247 3064 2342 3117 pro
2380 3047 2528 3102 nobis
2557 3055 2825 3117 peccatum
2858 3046 2978 3116 fecit
3011 3048 3028 3078 ⁷
3061 3064 3074 3100 :
3107 3063 3298 3104 rursus
3347 3057 3630 3120 peccaturo

2055 3154 2276 3194 carnem
2311 3140 2633 3195 nominans.-

2126 3230 2240 3285 Hoc
2289 3240 2468 3284 autem
2499 3231 2662 3282 etiam
2697 3229 2875 3285 obiter
2902 3231 3172 3296 dicamus,
3223 3246 3332 3287 non
3381 3233 3631 3289 inutilius

2056 3321 2198 3376 forte
2219 3320 2510 3392 principali
2536 3321 2814 3390 proposito
2842 3320 3113 3376 videbitur
3142 3321 3500 3377 adventitimn
3525 3324 3630 3378 hoc

2054 3427 2327 3467 acroama.
2380 3409 2659 3480 Siquidem
2699 3421 2890 3466 saneto
2939 3410 3099 3467 Petro
3139 3413 3377 3478 dicente,
3433 3414 3631 3469 Domi-

2053 3521 2178 3558 num
2212 3504 2382 3573 ipsum
2422 3512 2472 3556 et
2515 3501 2784 3558 Christum
2820 3503 2942 3572 fecit
2977 3503 3026 3571 ⁸;
3072 3511 3125 3559 et
3155 3521 3349 3560 rursus
3388 3509 3635 3577 apostolo

2055 3594 2224 3649 Paulo
2251 3595 2317 3649 ad
2354 3594 2607 3649 Hebraeos
2633 3613 2645 3649 :
2676 3594 3168 3664 quod'sacerdotem
3211 3597 3406 3666 fecit’:
3438 3599 3636 3669 abripit

2057 3688 2358 3743 Eunomius
2388 3688 2613 3742 verbum
2644 3687 2766 3758 fecit
2794 3697 2852 3742 ut
2898 3689 3232 3744 exsistentiaz
3261 3699 3386 3744 ante
3432 3694 3634 3747 szccula

2056 3781 2571 3835 demonstrativum.
2625 3781 2702 3835 Ac
2737 3796 2834 3850 per
2879 3781 2979 3834 hoc
3013 3789 3168 3851 putat
3208 3793 3465 3852 oportere.
3501 3801 3637 3854 ρεςε-

2058 3883 2269 3929 struere
2305 3871 2592 3925 Dominum
2634 3871 2764 3943 quid
2822 3872 3090 3927 factftium
3142 3889 3290 3928 esse.
3334 3874 3537 3929 Audiat
3590 3878 3634 3932 is

2058 3965 2282 4020 Paulum
2302 3965 2592 4027 dicentem,
2614 3965 2756 4035 quod
2785 3983 2899 4020 eum
2923 3967 3012 4036 qui
3043 3984 3142 4022 non
3174 3971 3313 4023 norit
3342 3980 3634 4037 precatum,

2057 4075 2150 4127 pro
2191 4058 2339 4112 nobis
2368 4067 2638 4127 peccatum
2673 4058 2794 4127 fecit
2819 4059 2883 4112 ‘°.
2912 4057 2968 4112 Si
2997 4061 3224 4114 verbum
3278 4061 3399 4128 fecit
3436 4061 3502 4114 de
3537 4061 3639 4112 ho-

2062 4154 2231 4218 mino,
2280 4160 2444 4222 atque
2475 4167 2538 4206 ex
2577 4152 2811 4222 epistola
2859 4151 2924 4206 ad
2969 4151 3248 4216 ilebmos,
3291 4160 3344 4206 et
3383 4167 3447 4206 ex
3493 4151 3638 4204 Petri

2060 4260 2197 4300 voce
2223 4244 2290 4297 ad
2323 4252 2580 4298 aeternam
2615 4246 2890 4298 notionem
2923 4243 3174 4308 remittit,
3230 4243 3493 4312 prmclare
3533 4242 3635 4296 lia-

2061 4336 2205 4400 beat,
2243 4342 2298 4388 et
2339 4334 2478 4387 hanc
2513 4334 2584 4386 ibi
2619 4349 2803 4388 vocem
2837 4348 2957 4402 quae
3015 4332 3108 4398 ait,
3154 4333 3300 4403 quod
3355 4341 3640 4412 peccatum

374 4429 604 4482 ἐνταῦθα
627 4429 831 4500 φωνὴν,
858 4431 892 4499 ἤ
913 4447 1095 4499 φησιν,
1116 4431 1196 4483 ὅτι
1213 4431 1523 4498 Ἀμαρτίαν
1544 4431 1730 4483 αὑτὸν
1755 4433 1786 4485 ό
1809 4433 1943 4498 Θεὸς

2062 4429 2238 4497 ipsum
2273 4425 2399 4479 fecit
2425 4424 2586 4486 Deus,
2610 4425 2675 4478 ad
2699 4427 2926 4494 primam
2953 4425 3206 4479 essentia
3225 4425 3637 4480 subsistentiam

375 4523 681 4589 ἐποίησεν,
711 4525 791 4584 εἰς
817 4524 912 4592 τὴν
939 4524 1160 4593 πρώτην
1203 4522 1302 4590 τῆς
1345 4522 1536 4585 οὐσίας
1574 4521 1802 4590 ἀνάγειν
1829 4524 1960 4577 ὑπό-

379 4633 586 4674 στασιν,
626 4616 721 4667 καὶ
752 4615 842 4667 διὰ
871 4615 1029 4668 τοῦτο
1075 4615 1404 4683 πεποιῆσθαι
1435 4614 1596 4667 αὑτὸν
1627 4615 1748 4669 καθ’
1775 4616 1959 4686 ὁμοιό-

376 4725 512 4777 τητα
538 4709 646 4762 τῶν
671 4708 843 4763 ἄλλων
875 4707 1209 4780 μαρτυριῶν,
1240 4705 1618 4760 ἀποδεικνύειν
1641 4708 1952 4776 πειρᾶσθαι.

382 4801 493 4854 Ἵνα
514 4802 613 4872 τὴν
661 4803 982 4867 Ἐποίησεν
1024 4800 1168 4865 λέξιν
1208 4801 1289 4864 εἰς
1316 4799 1415 4869 τὴν
1442 4799 1632 4852 οὐσίαν
1652 4800 1952 4868 ὰνενέγκοι,

379 4893 685 4957 ἀκολούθως
717 4894 894 4964 ἐαυτῷ
921 4893 1110 4954 ποιῶν,
1141 4895 1236 4947 καὶ
1267 4893 1368 4964 τὴν
1398 4891 1674 4963 ἁμαρτίαν
1698 4894 1758 4945 ἐν
1777 4895 1843 4964 τῇ
1872 4894 1955 4946 οὐ·

382 4986 470 5058 σία
494 4986 685 5057 βλέπῃ.
717 4988 778 5039 Ei
809 4986 863 5038 δὲ
887 4985 1043 5039 τοῦτο
1075 4986 1161 5039 διὰ
1191 4985 1250 5038 τὸ
1282 4985 1579 5056 περιφανὲς
1600 4985 1700 5055 τῆς
1725 4987 1958 5048 ἀτοπίας

379 5078 706 5148 αἰσχύνοιτο,
737 5078 830 5131 καὶ
869 5079 967 5148 τὴν
1001 5079 1086 5129 ἐπ’
1117 5077 1362 5146 ἐσχάτων
1407 5077 1720 5148 οἰκονομίαν
1753 5077 1842 5131 διὰ
1863 5077 1958 5130 τοῦ

379 5173 894 5242 είπεῖν,⁹Αμαρτίαν
924 5172 1238 5238 ἐποίησεν,
1277 5171 1644 5225 ἐνδείκνυσθαι
1673 5173 1766 5226 τὸν
1801 5175 1959 5227 Ἀπόη

382 5258 562 5310 στολου
592 5259 737 5328 λέγοι
759 5299 772 5321 ,
803 5261 1045 5313 πεισάτω
1074 5259 1264 5312 ἑαυτὸν
1287 5259 1373 5312 διὰ
1400 5260 1497 5330 τῆς
1536 5260 1705 5330 αὐτῆς
1735 5261 1957 5314 ἀκολου-

382 5347 536 5412 θίας,
563 5351 724 5403 κάκεῖ
749 5350 810 5402 τὸ
861 5350 1137 5418 Ἐποίησε
1184 5349 1318 5419 πρὸς
1362 5350 1458 5422 τὴν
1492 5350 1804 5421 οἰκονομίαν
1838 5351 1957 5421 βλέ-

385 5455 526 5492 πειν.

453 5644 472 5678 ί
512 5642 670 5696 Rom.
713 5654 833 5703 vm,
881 5638 970 5693 32.
1067 5637 1087 5668 '
1130 5637 1263 5690 ibid.
1301 5638 1365 5700 5;
1413 5635 1588 5691 Gaiat.
1631 5653 1701 5696 tr.
1747 5637 1798 5689 4.

389 5714 410 5746 ⁸
438 5715 593 5770 liom.
633 5727 708 5775 vt,
745 5712 830 5764 10.
906 5711 922 5739 ⁷
960 5707 996 5760 ll
1029 5707 1155 5762 (lor.
1191 5724 1241 5765 ν,
1274 5709 1363 5760 2|.
1444 5709 1464 5738 ⁸
1497 5710 1613 5762 Act.
1651 5723 1712 5774 tl,
1742 5707 1829 5765 56.

709 5808 988 5867 Parnm“
1028 5801 1146 5866 Gn.
1180 5801 1357 5864 XLV.

1903 5638 1922 5668 ³
1966 5636 2139 5691 lCor.
2196 5651 2284 5698 XV,
2339 5633 2424 5685 21.

1908 5711 1927 5739 ⁹
1961 5707 2122 5763 Hebr.
2160 5723 2210 5770 γ,
2247 5708 2299 5760 6.

2061 4533 2347 4582 revocare,
2405 4528 2458 4571 et
2498 4533 2560 4570 ex
2612 4518 2716 4570 hoc
2769 4517 3099 4581 testimonio,
3147 4525 3205 4570 ut
3249 4516 3317 4571 de
3367 4516 3488 4570 aliis
3526 4517 3638 4586 jam

2060 4608 2207 4671 fecit,
2244 4609 2626 4661 demonstrare
2667 4606 2875 4669 conari,
2935 4606 3112 4675 ipsum
3145 4605 3352 4660 factum
3382 4621 3529 4661 esse.
3563 4606 3640 4659 ita

2059 4710 2117 4753 ut
2147 4699 2440 4753 dictionem
2504 4697 2625 4767 fecit
2687 4695 2752 4750 ad
2791 4697 3089 4752 essentiam
3124 4697 3354 4761 referat,
3395 4696 3498 4753 sibi
3538 4697 3638 4766 ipsi

2055 4789 2392 4843 cohmrenter
2427 4787 2654 4850 faciens,
2702 4792 2756 4840 et
2815 4794 3104 4855 peccatum
3154 4786 3206 4839 in
3259 4785 3499 4841 essentia
3550 4800 3642 4839 re-

2058 4878 2272 4946 spiciat.
2322 4877 2475 4943 Quod
2526 4879 2572 4932 si
2619 4877 2722 4931 hoc
2752 4887 2974 4946 propter
3030 4877 3387 4933 absurditatis
3432 4878 3642 4947 perspi-

2057 4971 2314 5023 cuitatem
2347 4969 2530 5023 dicere
2549 4968 2861 5033 erubescat,
2888 4969 3120 5038 atquein
3143 4969 3408 5024 extremis
3433 4978 3640 5036 tempo-

2058 5062 2209 5115 ribus
2230 5061 2423 5114 t‘actam
2438 5061 2882 5120 (economiamjd
2898 5058 3642 5128 estdispensatione-mdical

2058 5153 2376 5222 Apostolqu
2419 5153 2708 5206 ostendere
2757 5167 2821 5207 ex
2861 5169 2926 5208 eo
2973 5155 3115 5224 quod
3170 5148 3642 5222 dixit,Peccatum

2057 5249 2220 5320 fecit;
2287 5246 2388 5300 sibi
2449 5246 2548 5316 ipsi
2588 5246 2912 5313 persualeat
2971 5261 3066 5314 per
3128 5244 3377 5298 eamdem
3440 5254 3638 5294 conser-

2064 5340 2364 5408 qucntiam,
2409 5349 2461 5391 et
2522 5339 2632 5391 illic
2691 5337 2912 5391 verbum
2972 5337 3096 5404 fecit
3158 5335 3223 5387 ad
3279 5329 3638 5385 menttomiam

2066 5433 2355 5502 respicere.

2509 5632 2528 5660 ⁸
2587 5630 2740 5681 Rom.
2785 5641 2903 5688 vm,
2954 5624 3006 5678 5.
3121 5621 3142 5652 ⁵
3185 5619 3228 5673 ll
3266 5621 3392 5676 Ger.
3428 5638 3546 5692 xm,
3585 5621 3643 5678 4.

2381 5705 2422 5734 ιο
2461 5701 2620 5756 Rom.
2661 5715 2732 5765 γι,
2770 5697 2856 5751 10.

3265 5782 3344 5845 23
