  <div class='ocr_page' id='page_1' title='image "/cluster/home/n/w/nwhite01/storage/ocr_20150623/45/mdp.39015011921478/367.png"; bbox 0 0 4034 6156; ppageno 0'>
   <div class='ocr_carea' id='block_1_1' title="bbox 406 212 510 268">
    <p class='ocr_par' dir='ltr' id='par_1_1' title="bbox 406 212 510 268">
     <span class='ocr_line' id='line_1_1' title="bbox 406 212 510 268; baseline 0.01 -3"><span class='ocrx_word' id='word_1_1' title='bbox 406 212 510 268; x_wconf 82' lang='grc'><strong>715</strong></span> 
     </span>
    </p>
   </div>
   <div class='ocr_carea' id='block_1_2' title="bbox 408 424 1977 498">
    <p class='ocr_par' dir='ltr' id='par_1_2' title="bbox 408 424 1977 498">
     <span class='ocr_line' id='line_1_2' title="bbox 408 424 1977 498; baseline 0.003 -20"><span class='ocrx_word' id='word_1_2' title='bbox 408 438 630 489; x_wconf 82' lang='lat' dir='ltr'><strong>sumus;</strong></span> <span class='ocrx_word' id='word_1_3' title='bbox 669 431 924 478; x_wconf 74' lang='lat' dir='ltr'><strong>sexcenta</strong></span> <span class='ocrx_word' id='word_1_4' title='bbox 985 424 1130 477; x_wconf 90' lang='lat' dir='ltr'><strong>enim</strong></span> <span class='ocrx_word' id='word_1_5' title='bbox 1181 425 1288 479; x_wconf 88' lang='lat' dir='ltr'><strong>alia</strong></span> <span class='ocrx_word' id='word_1_6' title='bbox 1339 437 1535 496; x_wconf 63' lang='lat' dir='ltr'><strong>praeter</strong></span> <span class='ocrx_word' id='word_1_7' title='bbox 1579 427 1693 483; x_wconf 87' lang='lat' dir='ltr'><strong>haec</strong></span> <span class='ocrx_word' id='word_1_8' title='bbox 1739 444 1806 484; x_wconf 77' lang='lat' dir='ltr'><strong>ex</strong></span> <span class='ocrx_word' id='word_1_9' title='bbox 1860 429 1977 498; x_wconf 85' lang='lat' dir='ltr'><strong>ipsa</strong></span> 
     </span>
    </p>
   </div>
   <div class='ocr_carea' id='block_1_3' title="bbox 411 515 1980 589">
    <p class='ocr_par' dir='ltr' id='par_1_3' title="bbox 411 515 1980 589">
     <span class='ocr_line' id='line_1_3' title="bbox 411 515 1980 589; baseline 0.003 -21"><span class='ocrx_word' id='word_1_10' title='bbox 411 515 695 584; x_wconf 79' lang='lat' dir='ltr'><strong>Scriptura</strong></span> <span class='ocrx_word' id='word_1_11' title='bbox 757 528 1050 582; x_wconf 89' lang='lat' dir='ltr'><strong>possumus</strong></span> <span class='ocrx_word' id='word_1_12' title='bbox 1103 515 1377 584; x_wconf 84' lang='lat' dir='ltr'><strong>colligere.</strong></span> <span class='ocrx_word' id='word_1_13' title='bbox 1445 515 1558 572; x_wconf 88' lang='lat' dir='ltr'><strong>Nec</strong></span> <span class='ocrx_word' id='word_1_14' title='bbox 1620 527 1772 587; x_wconf 90' lang='lat' dir='ltr'><strong>putet</strong></span> <span class='ocrx_word' id='word_1_15' title='bbox 1827 518 1980 589; x_wconf 88' lang='lat' dir='ltr'><strong>quis-</strong></span> 
     </span>
    </p>
   </div>
   <div class='ocr_carea' id='block_1_4' title="bbox 409 604 1980 678">
    <p class='ocr_par' dir='ltr' id='par_1_4' title="bbox 409 604 1980 678">
     <span class='ocr_line' id='line_1_4' title="bbox 409 604 1980 678; baseline 0.002 -20"><span class='ocrx_word' id='word_1_16' title='bbox 409 620 571 674; x_wconf 89' lang='lat' dir='ltr'><strong>quam</strong></span> <span class='ocrx_word' id='word_1_17' title='bbox 606 605 848 659; x_wconf 89' lang='lat' dir='ltr'><strong>divinum</strong></span> <span class='ocrx_word' id='word_1_18' title='bbox 886 604 1203 676; x_wconf 84' lang='lat' dir='ltr'><strong>Apostolum</strong></span> <span class='ocrx_word' id='word_1_19' title='bbox 1236 608 1288 660; x_wconf 90' lang='lat' dir='ltr'><strong>in</strong></span> <span class='ocrx_word' id='word_1_20' title='bbox 1323 607 1561 678; x_wconf 89' lang='lat' dir='ltr'><strong>seipsum</strong></span> <span class='ocrx_word' id='word_1_21' title='bbox 1593 608 1828 663; x_wconf 85' lang='lat' dir='ltr'><strong>divisum</strong></span> <span class='ocrx_word' id='word_1_22' title='bbox 1876 607 1980 664; x_wconf 82' lang='lat' dir='ltr'><strong>sibi</strong></span> 
     </span>
    </p>
   </div>
   <div class='ocr_carea' id='block_1_5' title="bbox 414 697 1982 769">
    <p class='ocr_par' dir='ltr' id='par_1_5' title="bbox 414 697 1982 769">
     <span class='ocr_line' id='line_1_5' title="bbox 414 697 1982 769; baseline 0.003 -19"><span class='ocrx_word' id='word_1_23' title='bbox 414 697 516 766; x_wconf 83' lang='lat' dir='ltr'><strong>ipsi</strong></span> <span class='ocrx_word' id='word_1_24' title='bbox 543 697 818 751; x_wconf 88' lang='lat' dir='ltr'><strong>contraria</strong></span> <span class='ocrx_word' id='word_1_25' title='bbox 841 698 1044 753; x_wconf 91' lang='lat' dir='ltr'><strong>sentire</strong></span> <span class='ocrx_word' id='word_1_26' title='bbox 1069 716 1083 765; x_wconf 90' lang='lat'><strong>;</strong></span> <span class='ocrx_word' id='word_1_27' title='bbox 1114 713 1176 752; x_wconf 88' lang='lat' dir='ltr'><strong>ac</strong></span> <span class='ocrx_word' id='word_1_28' title='bbox 1192 715 1289 769; x_wconf 93' lang='lat' dir='ltr'><strong>pro</strong></span> <span class='ocrx_word' id='word_1_29' title='bbox 1315 701 1730 756; x_wconf 89' lang='lat' dir='ltr'><strong>conﬁrmatione</strong></span> <span class='ocrx_word' id='word_1_30' title='bbox 1756 716 1982 756; x_wconf 89' lang='lat' dir='ltr'><strong>suorum</strong></span> 
     </span>
    </p>
   </div>
   <div class='ocr_carea' id='block_1_6' title="bbox 412 790 1983 864">
    <p class='ocr_par' dir='ltr' id='par_1_6' title="bbox 412 790 1983 864">
     <span class='ocr_line' id='line_1_6' title="bbox 412 790 1983 864; baseline 0.003 -23"><span class='ocrx_word' id='word_1_31' title='bbox 412 790 729 858; x_wconf 81' lang='lat' dir='ltr'><strong>dogmatum</strong></span> <span class='ocrx_word' id='word_1_32' title='bbox 788 792 1158 860; x_wconf 83' lang='lat' dir='ltr'><strong>pugnantibus</strong></span> <span class='ocrx_word' id='word_1_33' title='bbox 1220 791 1290 846; x_wconf 88' lang='lat' dir='ltr'><strong>ad</strong></span> <span class='ocrx_word' id='word_1_34' title='bbox 1363 793 1860 864; x_wconf 80' lang='lat' dir='ltr'><strong>argumentandum</strong></span> <span class='ocrx_word' id='word_1_35' title='bbox 1928 793 1983 846; x_wconf 91' lang='lat' dir='ltr'><strong>in</strong></span> 
     </span>
    </p>
   </div>
   <div class='ocr_carea' id='block_1_7' title="bbox 416 885 1986 955">
    <p class='ocr_par' dir='ltr' id='par_1_7' title="bbox 416 885 1986 955">
     <span class='ocr_line' id='line_1_7' title="bbox 416 885 1986 955; baseline 0.004 -23"><span class='ocrx_word' id='word_1_36' title='bbox 416 889 704 952; x_wconf 90' lang='lat' dir='ltr'><strong>utramque</strong></span> <span class='ocrx_word' id='word_1_37' title='bbox 753 892 960 950; x_wconf 88' lang='lat' dir='ltr'><strong>partem</strong></span> <span class='ocrx_word' id='word_1_38' title='bbox 1009 898 1073 938; x_wconf 80' lang='lat' dir='ltr'><strong>ex</strong></span> <span class='ocrx_word' id='word_1_39' title='bbox 1125 898 1281 952; x_wconf 65' lang='lat' dir='ltr'><strong>aaquo</strong></span> <span class='ocrx_word' id='word_1_40' title='bbox 1329 899 1427 954; x_wconf 90' lang='lat' dir='ltr'><strong>per</strong></span> <span class='ocrx_word' id='word_1_41' title='bbox 1479 900 1578 940; x_wconf 84' lang='lat' dir='ltr'><strong>sua</strong></span> <span class='ocrx_word' id='word_1_42' title='bbox 1628 885 1830 955; x_wconf 83' lang='lat' dir='ltr'><strong>scripta</strong></span> <span class='ocrx_word' id='word_1_43' title='bbox 1869 900 1986 939; x_wconf 86' lang='lat' dir='ltr'><strong>ma-</strong></span> 
     </span>
    </p>
   </div>
   <div class='ocr_carea' id='block_1_8' title="bbox 415 974 1986 1047">
    <p class='ocr_par' dir='ltr' id='par_1_8' title="bbox 415 974 1986 1047">
     <span class='ocr_line' id='line_1_8' title="bbox 415 974 1986 1047; baseline 0 -19"><span class='ocrx_word' id='word_1_44' title='bbox 415 976 584 1031; x_wconf 90' lang='lat' dir='ltr'><strong>terias</strong></span> <span class='ocrx_word' id='word_1_45' title='bbox 617 976 896 1046; x_wconf 74' lang='lat' dir='ltr'><strong>praebere:</strong></span> <span class='ocrx_word' id='word_1_46' title='bbox 934 974 1202 1044; x_wconf 81' lang='lat' dir='ltr'><strong>siquidem</strong></span> <span class='ocrx_word' id='word_1_47' title='bbox 1234 976 1503 1032; x_wconf 84' lang='lat' dir='ltr'><strong>invenerit</strong></span> <span class='ocrx_word' id='word_1_48' title='bbox 1536 977 1660 1047; x_wconf 84' lang='lat' dir='ltr'><strong>quis</strong></span> <span class='ocrx_word' id='word_1_49' title='bbox 1697 976 1986 1046; x_wconf 80' lang='lat' dir='ltr'><strong>diligenter</strong></span> 
     </span>
    </p>
   </div>
   <div class='ocr_carea' id='block_1_9' title="bbox 416 1069 1966 1140">
    <p class='ocr_par' dir='ltr' id='par_1_9' title="bbox 416 1069 1966 1140">
     <span class='ocr_line' id='line_1_9' title="bbox 416 1069 1966 1140; baseline 0.001 -17"><span class='ocrx_word' id='word_1_50' title='bbox 416 1069 734 1138; x_wconf 79' lang='lat' dir='ltr'><strong>exquirens,</strong></span> <span class='ocrx_word' id='word_1_51' title='bbox 765 1069 910 1138; x_wconf 87' lang='lat' dir='ltr'><strong>quod</strong></span> <span class='ocrx_word' id='word_1_52' title='bbox 961 1069 1026 1122; x_wconf 92' lang='lat' dir='ltr'><strong>ad</strong></span> <span class='ocrx_word' id='word_1_53' title='bbox 1062 1085 1228 1123; x_wconf 89' lang='lat' dir='ltr'><strong>unum</strong></span> <span class='ocrx_word' id='word_1_54' title='bbox 1265 1079 1456 1123; x_wconf 78' lang='lat' dir='ltr'><strong>exacte</strong></span> <span class='ocrx_word' id='word_1_55' title='bbox 1508 1070 1626 1140; x_wconf 87' lang='lat' dir='ltr'><strong>ejus</strong></span> <span class='ocrx_word' id='word_1_56' title='bbox 1665 1083 1849 1124; x_wconf 88' lang='lat' dir='ltr'><strong>sermo</strong></span> <span class='ocrx_word' id='word_1_57' title='bbox 1882 1085 1966 1124; x_wconf 84' lang='lat' dir='ltr'><strong>re-</strong></span> 
     </span>
    </p>
   </div>
   <div class='ocr_carea' id='block_1_10' title="bbox 419 1158 1988 1230">
    <p class='ocr_par' dir='ltr' id='par_1_10' title="bbox 419 1158 1988 1230">
     <span class='ocr_line' id='line_1_10' title="bbox 419 1158 1988 1230; baseline -0.003 -14"><span class='ocrx_word' id='word_1_58' title='bbox 419 1160 600 1229; x_wconf 82' lang='lat' dir='ltr'><strong>Spicit.</strong></span> <span class='ocrx_word' id='word_1_59' title='bbox 635 1158 822 1229; x_wconf 85' lang='lat' dir='ltr'><strong>Neque</strong></span> <span class='ocrx_word' id='word_1_60' title='bbox 849 1161 900 1213; x_wconf 91' lang='lat' dir='ltr'><strong>iu</strong></span> <span class='ocrx_word' id='word_1_61' title='bbox 931 1160 1431 1230; x_wconf 86' lang='lat' dir='ltr'><strong>sententiis,neque</strong></span> <span class='ocrx_word' id='word_1_62' title='bbox 1463 1160 1516 1213; x_wconf 90' lang='lat' dir='ltr'><strong>in</strong></span> <span class='ocrx_word' id='word_1_63' title='bbox 1565 1159 1880 1213; x_wconf 88' lang='lat' dir='ltr'><strong>notionibus</strong></span> <span class='ocrx_word' id='word_1_64' title='bbox 1902 1158 1988 1212; x_wconf 85' lang='lat' dir='ltr'><strong>iu-</strong></span> 
     </span>
    </p>
   </div>
   <div class='ocr_carea' id='block_1_11' title="bbox 420 1251 1991 1322">
    <p class='ocr_par' dir='ltr' id='par_1_11' title="bbox 420 1251 1991 1322">
     <span class='ocr_line' id='line_1_11' title="bbox 420 1251 1991 1322; baseline -0.002 -14"><span class='ocrx_word' id='word_1_65' title='bbox 420 1261 629 1310; x_wconf 89' lang='lat' dir='ltr'><strong>certat:</strong></span> <span class='ocrx_word' id='word_1_66' title='bbox 666 1253 869 1322; x_wconf 90' lang='lat' dir='ltr'><strong>ubique</strong></span> <span class='ocrx_word' id='word_1_67' title='bbox 913 1253 1055 1306; x_wconf 91' lang='lat' dir='ltr'><strong>enim</strong></span> <span class='ocrx_word' id='word_1_68' title='bbox 1108 1252 1332 1305; x_wconf 90' lang='lat' dir='ltr'><strong>humani</strong></span> <span class='ocrx_word' id='word_1_69' title='bbox 1379 1267 1502 1306; x_wconf 89' lang='lat' dir='ltr'><strong>cum</strong></span> <span class='ocrx_word' id='word_1_70' title='bbox 1551 1251 1737 1306; x_wconf 87' lang='lat' dir='ltr'><strong>divino</strong></span> <span class='ocrx_word' id='word_1_71' title='bbox 1787 1260 1991 1320; x_wconf 88' lang='lat' dir='ltr'><strong>tempe-</strong></span> 
     </span>
    </p>
   </div>
   <div class='ocr_carea' id='block_1_12' title="bbox 422 1341 1993 1414">
    <p class='ocr_par' dir='ltr' id='par_1_12' title="bbox 422 1341 1993 1414">
     <span class='ocr_line' id='line_1_12' title="bbox 422 1341 1993 1414; baseline 0 -18"><span class='ocrx_word' id='word_1_72' title='bbox 422 1345 688 1410; x_wconf 78' lang='lat' dir='ltr'><strong>rationem</strong></span> <span class='ocrx_word' id='word_1_73' title='bbox 724 1343 1051 1413; x_wconf 66' lang='lat' dir='ltr'><strong>praedicans,</strong></span> <span class='ocrx_word' id='word_1_74' title='bbox 1089 1344 1446 1399; x_wconf 88' lang='lat' dir='ltr'><strong>nihilominus</strong></span> <span class='ocrx_word' id='word_1_75' title='bbox 1495 1343 1549 1398; x_wconf 88' lang='lat' dir='ltr'><strong>in</strong></span> <span class='ocrx_word' id='word_1_76' title='bbox 1582 1351 1814 1413; x_wconf 88' lang='lat' dir='ltr'><strong>utroque</strong></span> <span class='ocrx_word' id='word_1_77' title='bbox 1844 1341 1993 1414; x_wconf 90' lang='lat' dir='ltr'><strong>quod</strong></span> 
     </span>
    </p>
   </div>
   <div class='ocr_carea' id='block_1_13' title="bbox 424 1434 1991 1505">
    <p class='ocr_par' dir='ltr' id='par_1_13' title="bbox 424 1434 1991 1505">
     <span class='ocr_line' id='line_1_13' title="bbox 424 1434 1991 1505; baseline 0 -17"><span class='ocrx_word' id='word_1_78' title='bbox 424 1435 624 1505; x_wconf 75' lang='lat' dir='ltr'><strong>cuique</strong></span> <span class='ocrx_word' id='word_1_79' title='bbox 666 1438 946 1505; x_wconf 85' lang='lat' dir='ltr'><strong>proprium</strong></span> <span class='ocrx_word' id='word_1_80' title='bbox 977 1443 1061 1490; x_wconf 89' lang='lat' dir='ltr'><strong>est</strong></span> <span class='ocrx_word' id='word_1_81' title='bbox 1107 1434 1390 1499; x_wconf 80' lang='lat' dir='ltr'><strong>intuetur,</strong></span> <span class='ocrx_word' id='word_1_82' title='bbox 1449 1443 1508 1490; x_wconf 87' lang='lat' dir='ltr'><strong>ut</strong></span> <span class='ocrx_word' id='word_1_83' title='bbox 1551 1436 1718 1489; x_wconf 88' lang='lat' dir='ltr'><strong>etiam</strong></span> <span class='ocrx_word' id='word_1_84' title='bbox 1755 1435 1991 1489; x_wconf 87' lang='lat' dir='ltr'><strong>humana</strong></span> 
     </span>
    </p>
   </div>
   <div class='ocr_carea' id='block_1_14' title="bbox 426 1525 1994 1598">
    <p class='ocr_par' dir='ltr' id='par_1_14' title="bbox 426 1525 1994 1598">
     <span class='ocr_line' id='line_1_14' title="bbox 426 1525 1994 1598; baseline 0.001 -19"><span class='ocrx_word' id='word_1_85' title='bbox 426 1525 742 1581; x_wconf 90' lang='lat' dir='ltr'><strong>inﬁrmitate</strong></span> <span class='ocrx_word' id='word_1_86' title='bbox 786 1541 882 1596; x_wconf 84' lang='lat' dir='ltr'><strong>per</strong></span> <span class='ocrx_word' id='word_1_87' title='bbox 915 1528 1355 1582; x_wconf 89' lang='lat' dir='ltr'><strong>communionem</strong></span> <span class='ocrx_word' id='word_1_88' title='bbox 1405 1543 1529 1581; x_wconf 88' lang='lat' dir='ltr'><strong>cum</strong></span> <span class='ocrx_word' id='word_1_89' title='bbox 1581 1526 1994 1598; x_wconf 89' lang='lat' dir='ltr'><strong>incorruptibili</strong></span> 
     </span>
    </p>
   </div>
   <div class='ocr_carea' id='block_1_15' title="bbox 429 1617 1988 1688">
    <p class='ocr_par' dir='ltr' id='par_1_15' title="bbox 429 1617 1988 1688">
     <span class='ocr_line' id='line_1_15' title="bbox 429 1617 1988 1688; baseline -0.001 -16"><span class='ocrx_word' id='word_1_90' title='bbox 429 1619 484 1672; x_wconf 90' lang='lat' dir='ltr'><strong>in</strong></span> <span class='ocrx_word' id='word_1_91' title='bbox 516 1618 568 1672; x_wconf 87' lang='lat' dir='ltr'><strong>id</strong></span> <span class='ocrx_word' id='word_1_92' title='bbox 609 1617 756 1687; x_wconf 89' lang='lat' dir='ltr'><strong>quod</strong></span> <span class='ocrx_word' id='word_1_93' title='bbox 807 1618 1000 1673; x_wconf 90' lang='lat' dir='ltr'><strong>melius</strong></span> <span class='ocrx_word' id='word_1_94' title='bbox 1034 1627 1117 1674; x_wconf 88' lang='lat' dir='ltr'><strong>est</strong></span> <span class='ocrx_word' id='word_1_95' title='bbox 1149 1625 1547 1674; x_wconf 81' lang='lat' dir='ltr'><strong>transmutata:</strong></span> <span class='ocrx_word' id='word_1_96' title='bbox 1579 1626 1635 1674; x_wconf 88' lang='lat' dir='ltr'><strong>et</strong></span> <span class='ocrx_word' id='word_1_97' title='bbox 1674 1619 1858 1673; x_wconf 86' lang='lat' dir='ltr'><strong>divina</strong></span> <span class='ocrx_word' id='word_1_98' title='bbox 1893 1633 1988 1688; x_wconf 88' lang='lat' dir='ltr'><strong>po-</strong></span> 
     </span>
    </p>
   </div>
   <div class='ocr_carea' id='block_1_16' title="bbox 431 1709 1994 1780">
    <p class='ocr_par' dir='ltr' id='par_1_16' title="bbox 431 1709 1994 1780">
     <span class='ocr_line' id='line_1_16' title="bbox 431 1709 1994 1780; baseline 0.001 -17"><span class='ocrx_word' id='word_1_99' title='bbox 431 1709 601 1764; x_wconf 87' lang='lat' dir='ltr'><strong>tentia</strong></span> <span class='ocrx_word' id='word_1_100' title='bbox 655 1725 765 1764; x_wconf 90' lang='lat' dir='ltr'><strong>non</strong></span> <span class='ocrx_word' id='word_1_101' title='bbox 797 1724 824 1762; x_wconf 88' lang='lat' dir='ltr'><strong>a</strong></span> <span class='ocrx_word' id='word_1_102' title='bbox 859 1710 1079 1779; x_wconf 90' lang='lat' dir='ltr'><strong>propria</strong></span> <span class='ocrx_word' id='word_1_103' title='bbox 1104 1709 1372 1780; x_wconf 78' lang='lat' dir='ltr'><strong>dignitate</strong></span> <span class='ocrx_word' id='word_1_104' title='bbox 1408 1709 1720 1776; x_wconf 80' lang='lat' dir='ltr'><strong>excidentc,</strong></span> <span class='ocrx_word' id='word_1_105' title='bbox 1754 1726 1848 1780; x_wconf 88' lang='lat' dir='ltr'><strong>per</strong></span> <span class='ocrx_word' id='word_1_106' title='bbox 1877 1724 1994 1764; x_wconf 89' lang='lat' dir='ltr'><strong>eam</strong></span> 
     </span>
    </p>
   </div>
   <div class='ocr_carea' id='block_1_17' title="bbox 430 1803 1998 1874">
    <p class='ocr_par' dir='ltr' id='par_1_17' title="bbox 430 1803 1998 1874">
     <span class='ocr_line' id='line_1_17' title="bbox 430 1803 1998 1874; baseline 0 -16"><span class='ocrx_word' id='word_1_107' title='bbox 430 1819 591 1871; x_wconf 87' lang='lat' dir='ltr'><strong>quam</strong></span> <span class='ocrx_word' id='word_1_108' title='bbox 628 1803 788 1859; x_wconf 83' lang='lat' dir='ltr'><strong>habet</strong></span> <span class='ocrx_word' id='word_1_109' title='bbox 818 1803 1213 1859; x_wconf 82' lang='lat' dir='ltr'><strong>connexionem</strong></span> <span class='ocrx_word' id='word_1_110' title='bbox 1243 1819 1366 1859; x_wconf 87' lang='lat' dir='ltr'><strong>cum</strong></span> <span class='ocrx_word' id='word_1_111' title='bbox 1388 1819 1454 1859; x_wconf 90' lang='lat' dir='ltr'><strong>eo</strong></span> <span class='ocrx_word' id='word_1_112' title='bbox 1483 1805 1628 1874; x_wconf 85' lang='lat' dir='ltr'><strong>quod</strong></span> <span class='ocrx_word' id='word_1_113' title='bbox 1666 1812 1749 1859; x_wconf 82' lang='lat' dir='ltr'><strong>est</strong></span> <span class='ocrx_word' id='word_1_114' title='bbox 1775 1804 1998 1858; x_wconf 88' lang='lat' dir='ltr'><strong>humile.</strong></span> 
     </span>
    </p>
   </div>
   <div class='ocr_carea' id='block_1_18' title="bbox 429 1893 1992 1968">
    <p class='ocr_par' dir='ltr' id='par_1_18' title="bbox 429 1893 1992 1968">
     <span class='ocr_line' id='line_1_18' title="bbox 429 1893 1992 1968; baseline 0 -18"><span class='ocrx_word' id='word_1_115' title='bbox 429 1896 564 1950; x_wconf 82' lang='lat' dir='ltr'><strong>Cum</strong></span> <span class='ocrx_word' id='word_1_116' title='bbox 605 1897 772 1968; x_wconf 85' lang='lat' dir='ltr'><strong>igitur</strong></span> <span class='ocrx_word' id='word_1_117' title='bbox 801 1897 934 1952; x_wconf 88' lang='lat' dir='ltr'><strong>dicit</strong></span> <span class='ocrx_word' id='word_1_118' title='bbox 965 1897 1110 1968; x_wconf 90' lang='lat' dir='ltr'><strong>quod</strong></span> <span class='ocrx_word' id='word_1_119' title='bbox 1135 1893 1279 1951; x_wconf 78' lang='lat' dir='ltr'><strong>Filio</strong></span> <span class='ocrx_word' id='word_1_120' title='bbox 1302 1911 1400 1953; x_wconf 80' lang='lat' dir='ltr'><strong>non</strong></span> <span class='ocrx_word' id='word_1_121' title='bbox 1429 1895 1657 1965; x_wconf 67' lang='lat' dir='ltr'><strong>pepercit</strong></span> <span class='ocrx_word' id='word_1_122' title='bbox 1702 1897 1769 1960; x_wconf 82' lang='lat'><strong>“,</strong></span> <span class='ocrx_word' id='word_1_123' title='bbox 1805 1912 1992 1952; x_wconf 88' lang='lat' dir='ltr'><strong>verum</strong></span> 
     </span>
    </p>
   </div>
   <div class='ocr_carea' id='block_1_19' title="bbox 433 1985 2002 2057">
    <p class='ocr_par' dir='ltr' id='par_1_19' title="bbox 433 1985 2002 2057">
     <span class='ocr_line' id='line_1_19' title="bbox 433 1985 2002 2057; baseline -0.001 -16"><span class='ocrx_word' id='word_1_124' title='bbox 433 1985 632 2041; x_wconf 86' lang='lat' dir='ltr'><strong>Filium</strong></span> <span class='ocrx_word' id='word_1_125' title='bbox 688 1987 952 2042; x_wconf 88' lang='lat' dir='ltr'><strong>discernit</strong></span> <span class='ocrx_word' id='word_1_126' title='bbox 985 2002 1014 2040; x_wconf 90' lang='lat' dir='ltr'><strong>a</strong></span> <span class='ocrx_word' id='word_1_127' title='bbox 1047 1986 1320 2057; x_wconf 86' lang='lat' dir='ltr'><strong>generatis</strong></span> <span class='ocrx_word' id='word_1_128' title='bbox 1352 1994 1405 2039; x_wconf 87' lang='lat' dir='ltr'><strong>et</strong></span> <span class='ocrx_word' id='word_1_129' title='bbox 1435 1986 1510 2056; x_wconf 84' lang='grc' dir='ltr'><strong>(α)</strong></span> <span class='ocrx_word' id='word_1_130' title='bbox 1545 1985 1821 2054; x_wconf 85' lang='lat' dir='ltr'><strong>ad0ptatis</strong></span> <span class='ocrx_word' id='word_1_131' title='bbox 1850 2001 1865 2040; x_wconf 86' lang='lat'><strong>:</strong></span> <span class='ocrx_word' id='word_1_132' title='bbox 1919 1985 2002 2040; x_wconf 90' lang='lat' dir='ltr'><strong>his</strong></span> 
     </span>
    </p>
   </div>
   <div class='ocr_carea' id='block_1_20' title="bbox 433 2075 2005 2147">
    <p class='ocr_par' dir='ltr' id='par_1_20' title="bbox 433 2075 2005 2147">
     <span class='ocr_line' id='line_1_20' title="bbox 433 2075 2005 2147; baseline -0.002 -15"><span class='ocrx_word' id='word_1_133' title='bbox 433 2077 579 2138; x_wconf 80' lang='lat' dir='ltr'><strong>dico,</strong></span> <span class='ocrx_word' id='word_1_134' title='bbox 611 2078 702 2147; x_wconf 92' lang='lat' dir='ltr'><strong>qui</strong></span> <span class='ocrx_word' id='word_1_135' title='bbox 741 2093 832 2147; x_wconf 87' lang='lat' dir='ltr'><strong>per</strong></span> <span class='ocrx_word' id='word_1_136' title='bbox 875 2078 995 2146; x_wconf 83' lang='lat' dir='ltr'><strong>ejus</strong></span> <span class='ocrx_word' id='word_1_137' title='bbox 1040 2077 1326 2146; x_wconf 88' lang='lat' dir='ltr'><strong>imperium</strong></span> <span class='ocrx_word' id='word_1_138' title='bbox 1360 2075 1611 2145; x_wconf 86' lang='lat' dir='ltr'><strong>producti</strong></span> <span class='ocrx_word' id='word_1_139' title='bbox 1655 2083 1784 2130; x_wconf 87' lang='lat' dir='ltr'><strong>sunt</strong></span> <span class='ocrx_word' id='word_1_140' title='bbox 1813 2076 1878 2129; x_wconf 90' lang='lat' dir='ltr'><strong>ad</strong></span> <span class='ocrx_word' id='word_1_141' title='bbox 1910 2091 2005 2146; x_wconf 80' lang='lat' dir='ltr'><strong>ge-</strong></span> 
     </span>
    </p>
   </div>
   <div class='ocr_carea' id='block_1_21' title="bbox 436 2165 2006 2236">
    <p class='ocr_par' dir='ltr' id='par_1_21' title="bbox 436 2165 2006 2236">
     <span class='ocr_line' id='line_1_21' title="bbox 436 2165 2006 2236; baseline -0.001 -14"><span class='ocrx_word' id='word_1_142' title='bbox 436 2168 771 2223; x_wconf 75' lang='lat' dir='ltr'><strong>nerationem</strong></span> <span class='ocrx_word' id='word_1_143' title='bbox 801 2186 812 2220; x_wconf 92' lang='lat'><strong>:</strong></span> <span class='ocrx_word' id='word_1_144' title='bbox 849 2166 1048 2236; x_wconf 78' lang='lat' dir='ltr'><strong>proprii</strong></span> <span class='ocrx_word' id='word_1_145' title='bbox 1082 2167 1361 2223; x_wconf 89' lang='lat' dir='ltr'><strong>additione</strong></span> <span class='ocrx_word' id='word_1_146' title='bbox 1390 2167 1538 2236; x_wconf 89' lang='lat' dir='ltr'><strong>quod</strong></span> <span class='ocrx_word' id='word_1_147' title='bbox 1569 2165 1871 2222; x_wconf 90' lang='lat' dir='ltr'><strong>secundum</strong></span> <span class='ocrx_word' id='word_1_148' title='bbox 1906 2182 2006 2220; x_wconf 87' lang='lat' dir='ltr'><strong>na—</strong></span> 
     </span>
    </p>
   </div>
   <div class='ocr_carea' id='block_1_22' title="bbox 435 2258 2002 2330">
    <p class='ocr_par' dir='ltr' id='par_1_22' title="bbox 435 2258 2002 2330">
     <span class='ocr_line' id='line_1_22' title="bbox 435 2258 2002 2330; baseline -0.001 -15"><span class='ocrx_word' id='word_1_149' title='bbox 435 2270 612 2315; x_wconf 89' lang='lat' dir='ltr'><strong>turam</strong></span> <span class='ocrx_word' id='word_1_150' title='bbox 659 2269 745 2316; x_wconf 89' lang='lat' dir='ltr'><strong>est</strong></span> <span class='ocrx_word' id='word_1_151' title='bbox 799 2260 1066 2314; x_wconf 77' lang='lat' dir='ltr'><strong>familiare</strong></span> <span class='ocrx_word' id='word_1_152' title='bbox 1101 2258 1437 2330; x_wconf 83' lang='lat' dir='ltr'><strong>signiﬁcans.</strong></span> <span class='ocrx_word' id='word_1_153' title='bbox 1487 2260 1565 2315; x_wconf 86' lang='lat' dir='ltr'><strong>Ac</strong></span> <span class='ocrx_word' id='word_1_154' title='bbox 1627 2275 1695 2315; x_wconf 88' lang='lat' dir='ltr'><strong>ne</strong></span> <span class='ocrx_word' id='word_1_155' title='bbox 1745 2259 1872 2330; x_wconf 90' lang='lat' dir='ltr'><strong>quis</strong></span> <span class='ocrx_word' id='word_1_156' title='bbox 1904 2261 2002 2314; x_wconf 89' lang='lat' dir='ltr'><strong>im-</strong></span> 
     </span>
    </p>
   </div>
   <div class='ocr_carea' id='block_1_23' title="bbox 437 2349 2006 2423">
    <p class='ocr_par' dir='ltr' id='par_1_23' title="bbox 437 2349 2006 2423">
     <span class='ocr_line' id='line_1_23' title="bbox 437 2349 2006 2423; baseline -0.003 -15"><span class='ocrx_word' id='word_1_157' title='bbox 437 2353 651 2408; x_wconf 86' lang='lat' dir='ltr'><strong>mortali</strong></span> <span class='ocrx_word' id='word_1_158' title='bbox 684 2361 890 2407; x_wconf 77' lang='lat' dir='ltr'><strong>naturze</strong></span> <span class='ocrx_word' id='word_1_159' title='bbox 928 2351 1236 2423; x_wconf 85' lang='lat' dir='ltr'><strong>passionem</strong></span> <span class='ocrx_word' id='word_1_160' title='bbox 1271 2351 1453 2406; x_wconf 90' lang='lat' dir='ltr'><strong>crucis</strong></span> <span class='ocrx_word' id='word_1_161' title='bbox 1504 2349 1735 2417; x_wconf 57' lang='lat' dir='ltr'><strong>aﬂ‘ricet,</strong></span> <span class='ocrx_word' id='word_1_162' title='bbox 1774 2368 1871 2422; x_wconf 87' lang='lat' dir='ltr'><strong>per</strong></span> <span class='ocrx_word' id='word_1_163' title='bbox 1901 2353 2006 2405; x_wconf 83' lang='lat' dir='ltr'><strong>alia</strong></span> 
     </span>
    </p>
   </div>
   <div class='ocr_carea' id='block_1_24' title="bbox 443 2443 2007 2510">
    <p class='ocr_par' dir='ltr' id='par_1_24' title="bbox 443 2443 2007 2510">
     <span class='ocr_line' id='line_1_24' title="bbox 443 2443 2007 2510; baseline 0 -11"><span class='ocrx_word' id='word_1_164' title='bbox 443 2445 818 2501; x_wconf 71' lang='lat' dir='ltr'><strong>manifes’iora</strong></span> <span class='ocrx_word' id='word_1_165' title='bbox 849 2446 1012 2499; x_wconf 83' lang='lat' dir='ltr'><strong>talem</strong></span> <span class='ocrx_word' id='word_1_166' title='bbox 1053 2443 1311 2499; x_wconf 87' lang='lat' dir='ltr'><strong>emendat</strong></span> <span class='ocrx_word' id='word_1_167' title='bbox 1342 2458 1609 2510; x_wconf 89' lang='lat' dir='ltr'><strong>errorem,</strong></span> <span class='ocrx_word' id='word_1_168' title='bbox 1650 2445 2007 2501; x_wconf 87' lang='lat' dir='ltr'><strong>mediatorem</strong></span> 
     </span>
    </p>
   </div>
   <div class='ocr_carea' id='block_1_25' title="bbox 439 2536 2010 2608">
    <p class='ocr_par' dir='ltr' id='par_1_25' title="bbox 439 2536 2010 2608">
     <span class='ocr_line' id='line_1_25' title="bbox 439 2536 2010 2608; baseline 0.001 -16"><span class='ocrx_word' id='word_1_169' title='bbox 439 2539 616 2608; x_wconf 83' lang='lat' dir='ltr'><strong>ipsum</strong></span> <span class='ocrx_word' id='word_1_170' title='bbox 649 2537 742 2593; x_wconf 90' lang='lat' dir='ltr'><strong>Dei</strong></span> <span class='ocrx_word' id='word_1_171' title='bbox 775 2547 826 2592; x_wconf 90' lang='lat' dir='ltr'><strong>et</strong></span> <span class='ocrx_word' id='word_1_172' title='bbox 856 2537 1159 2598; x_wconf 89' lang='lat' dir='ltr'><strong>hominum,</strong></span> <span class='ocrx_word' id='word_1_173' title='bbox 1202 2545 1258 2591; x_wconf 88' lang='lat' dir='ltr'><strong>et</strong></span> <span class='ocrx_word' id='word_1_174' title='bbox 1298 2536 1574 2593; x_wconf 89' lang='lat' dir='ltr'><strong>hominem</strong></span> <span class='ocrx_word' id='word_1_175' title='bbox 1601 2548 1656 2593; x_wconf 90' lang='lat' dir='ltr'><strong>et</strong></span> <span class='ocrx_word' id='word_1_176' title='bbox 1703 2538 1870 2592; x_wconf 88' lang='lat' dir='ltr'><strong>Deum</strong></span> <span class='ocrx_word' id='word_1_177' title='bbox 1911 2553 2010 2594; x_wconf 90' lang='lat' dir='ltr'><strong>no-</strong></span> 
     </span>
    </p>
   </div>
   <div class='ocr_carea' id='block_1_26' title="bbox 440 2629 2010 2700">
    <p class='ocr_par' dir='ltr' id='par_1_26' title="bbox 440 2629 2010 2700">
     <span class='ocr_line' id='line_1_26' title="bbox 440 2629 2010 2700; baseline 0 -16"><span class='ocrx_word' id='word_1_178' title='bbox 440 2633 681 2696; x_wconf 88' lang='lat' dir='ltr'><strong>minans,</strong></span> <span class='ocrx_word' id='word_1_179' title='bbox 714 2639 773 2685; x_wconf 82' lang='lat' dir='ltr'><strong>ut</strong></span> <span class='ocrx_word' id='word_1_180' title='bbox 802 2645 924 2685; x_wconf 86' lang='lat' dir='ltr'><strong>cum</strong></span> <span class='ocrx_word' id='word_1_181' title='bbox 963 2631 1070 2684; x_wconf 91' lang='lat' dir='ltr'><strong>duo</strong></span> <span class='ocrx_word' id='word_1_182' title='bbox 1105 2629 1172 2684; x_wconf 89' lang='lat' dir='ltr'><strong>de</strong></span> <span class='ocrx_word' id='word_1_183' title='bbox 1215 2644 1326 2683; x_wconf 91' lang='lat' dir='ltr'><strong>uno</strong></span> <span class='ocrx_word' id='word_1_184' title='bbox 1367 2629 1648 2692; x_wconf 88' lang='lat' dir='ltr'><strong>dicuntur,</strong></span> <span class='ocrx_word' id='word_1_185' title='bbox 1706 2645 2010 2700; x_wconf 84' lang='lat' dir='ltr'><strong>congruum</strong></span> 
     </span>
    </p>
   </div>
   <div class='ocr_carea' id='block_1_27' title="bbox 442 2721 2015 2792">
    <p class='ocr_par' dir='ltr' id='par_1_27' title="bbox 442 2721 2015 2792">
     <span class='ocr_line' id='line_1_27' title="bbox 442 2721 2015 2792; baseline -0.002 -15"><span class='ocrx_word' id='word_1_186' title='bbox 442 2723 778 2792; x_wconf 88' lang='lat' dir='ltr'><strong>intelligatur</strong></span> <span class='ocrx_word' id='word_1_187' title='bbox 829 2722 884 2775; x_wconf 90' lang='lat' dir='ltr'><strong>in</strong></span> <span class='ocrx_word' id='word_1_188' title='bbox 929 2729 1198 2789; x_wconf 90' lang='lat' dir='ltr'><strong>utroque:</strong></span> <span class='ocrx_word' id='word_1_189' title='bbox 1247 2721 1301 2774; x_wconf 91' lang='lat' dir='ltr'><strong>in</strong></span> <span class='ocrx_word' id='word_1_190' title='bbox 1354 2735 1420 2774; x_wconf 94' lang='lat' dir='ltr'><strong>co</strong></span> <span class='ocrx_word' id='word_1_191' title='bbox 1462 2721 1609 2790; x_wconf 90' lang='lat' dir='ltr'><strong>quod</strong></span> <span class='ocrx_word' id='word_1_192' title='bbox 1645 2721 1889 2776; x_wconf 88' lang='lat' dir='ltr'><strong>divinum</strong></span> <span class='ocrx_word' id='word_1_193' title='bbox 1930 2729 2015 2777; x_wconf 88' lang='lat' dir='ltr'><strong>est</strong></span> 
     </span>
    </p>
   </div>
   <div class='ocr_carea' id='block_1_28' title="bbox 444 2809 2014 2883">
    <p class='ocr_par' dir='ltr' id='par_1_28' title="bbox 444 2809 2014 2883">
     <span class='ocr_line' id='line_1_28' title="bbox 444 2809 2014 2883; baseline 0 -16"><span class='ocrx_word' id='word_1_194' title='bbox 444 2809 880 2883; x_wconf 86' lang='lat' dir='ltr'><strong>impassibilita&#39;s,</strong></span> <span class='ocrx_word' id='word_1_195' title='bbox 917 2811 970 2865; x_wconf 89' lang='lat' dir='ltr'><strong>in</strong></span> <span class='ocrx_word' id='word_1_196' title='bbox 1002 2826 1067 2868; x_wconf 87' lang='lat' dir='ltr'><strong>eo</strong></span> <span class='ocrx_word' id='word_1_197' title='bbox 1110 2810 1256 2881; x_wconf 88' lang='lat' dir='ltr'><strong>quod</strong></span> <span class='ocrx_word' id='word_1_198' title='bbox 1311 2821 1394 2866; x_wconf 90' lang='lat' dir='ltr'><strong>est</strong></span> <span class='ocrx_word' id='word_1_199' title='bbox 1440 2812 1762 2876; x_wconf 90' lang='lat' dir='ltr'><strong>humanum,</strong></span> <span class='ocrx_word' id='word_1_200' title='bbox 1799 2813 1852 2866; x_wconf 90' lang='lat' dir='ltr'><strong>in</strong></span> <span class='ocrx_word' id='word_1_201' title='bbox 1885 2827 2014 2881; x_wconf 87' lang='lat' dir='ltr'><strong>pas-</strong></span> 
     </span>
    </p>
   </div>
   <div class='ocr_carea' id='block_1_29' title="bbox 444 2898 2018 2971">
    <p class='ocr_par' dir='ltr' id='par_1_29' title="bbox 444 2898 2018 2971">
     <span class='ocr_line' id='line_1_29' title="bbox 444 2898 2018 2971; baseline 0.004 -19"><span class='ocrx_word' id='word_1_202' title='bbox 444 2899 601 2953; x_wconf 70' lang='lat' dir='ltr'><strong>sione</strong></span> <span class='ocrx_word' id='word_1_203' title='bbox 648 2898 1012 2968; x_wconf 85' lang='lat' dir='ltr'><strong>dispensatio,</strong></span> <span class='ocrx_word' id='word_1_204' title='bbox 1080 2913 1204 2953; x_wconf 92' lang='lat' dir='ltr'><strong>cum</strong></span> <span class='ocrx_word' id='word_1_205' title='bbox 1254 2899 1569 2956; x_wconf 83' lang='lat' dir='ltr'><strong>intellectus</strong></span> <span class='ocrx_word' id='word_1_206' title='bbox 1615 2900 1920 2971; x_wconf 81' lang='lat' dir='ltr'><strong>distinguat</strong></span> <span class='ocrx_word' id='word_1_207' title='bbox 1962 2912 2018 2958; x_wconf 88' lang='lat' dir='ltr'><strong>et</strong></span> 
     </span>
    </p>
   </div>
   <div class='ocr_carea' id='block_1_30' title="bbox 1669 210 2414 269">
    <p class='ocr_par' dir='ltr' id='par_1_30' title="bbox 1669 210 2414 269">
     <span class='ocr_line' id='line_1_30' title="bbox 1669 210 2414 269; baseline 0.003 -1"><span class='ocrx_word' id='word_1_208' title='bbox 1669 213 1726 268; x_wconf 92' lang='lat' dir='ltr'>S.</span> <span class='ocrx_word' id='word_1_209' title='bbox 1766 210 2091 267; x_wconf 79' lang='lat' dir='ltr'><strong>GREGORII</strong></span> <span class='ocrx_word' id='word_1_210' title='bbox 2121 211 2414 269; x_wconf 77' lang='lat' dir='ltr'><strong>NYSSENI</strong></span> 
     </span>
    </p>
   </div>
   <div class='ocr_carea' id='block_1_31' title="bbox 476 331 2050 407">
    <p class='ocr_par' dir='ltr' id='par_1_31' title="bbox 476 331 2050 407">
     <span class='ocr_line' id='line_1_31' title="bbox 476 331 2050 407; baseline 0.002 -21"><span class='ocrx_word' id='word_1_211' title='bbox 476 331 585 387; x_wconf 81' lang='lat' dir='ltr'><strong>Sed</strong></span> <span class='ocrx_word' id='word_1_212' title='bbox 650 343 988 388; x_wconf 80' lang='lat' dir='ltr'><strong>revertamur</strong></span> <span class='ocrx_word' id='word_1_213' title='bbox 1040 348 1232 389; x_wconf 89' lang='lat' dir='ltr'><strong>rursus</strong></span> <span class='ocrx_word' id='word_1_214' title='bbox 1289 335 1354 390; x_wconf 90' lang='lat' dir='ltr'><strong>ad</strong></span> <span class='ocrx_word' id='word_1_215' title='bbox 1420 335 1472 389; x_wconf 91' lang='lat' dir='ltr'><strong>id</strong></span> <span class='ocrx_word' id='word_1_216' title='bbox 1524 335 1666 392; x_wconf 87' lang='lat' dir='ltr'><strong>unde</strong></span> <span class='ocrx_word' id='word_1_217' title='bbox 1741 336 1970 407; x_wconf 84' lang='lat' dir='ltr'><strong>digressi</strong></span> <span class='ocrx_word' id='word_1_218' title='bbox 2003 339 2050 398; x_wconf 74' lang='grc' dir='ltr'>Α</span> 
     </span>
    </p>
   </div>
   <div class='ocr_carea' id='block_1_32' title="bbox 3544 217 3646 272">
    <p class='ocr_par' dir='ltr' id='par_1_32' title="bbox 3544 217 3646 272">
     <span class='ocr_line' id='line_1_32' title="bbox 3544 217 3646 272; baseline 0.02 -2"><span class='ocrx_word' id='word_1_219' title='bbox 3544 217 3646 272; x_wconf 68' lang='grc' dir='ltr'><strong>ἨΔ</strong></span> 
     </span>
    </p>
   </div>
   <div class='ocr_carea' id='block_1_33' title="bbox 2159 335 3656 410">
    <p class='ocr_par' dir='ltr' id='par_1_33' title="bbox 2159 335 3656 410">
     <span class='ocr_line' id='line_1_33' title="bbox 2159 335 3656 410; baseline 0 -17"><span class='ocrx_word' id='word_1_220' title='bbox 2159 339 2297 393; x_wconf 82' lang='grc' dir='ltr'>Ἀλλ’</span> <span class='ocrx_word' id='word_1_221' title='bbox 2342 338 2722 410; x_wconf 66' lang='grc' dir='ltr'><strong>ἐπανέλθωμεν</strong></span> <span class='ocrx_word' id='word_1_222' title='bbox 2775 339 2936 394; x_wconf 85' lang='grc' dir='ltr'>πάλιν</span> <span class='ocrx_word' id='word_1_223' title='bbox 2977 337 3098 392; x_wconf 82' lang='grc' dir='ltr'>ὅθεν</span> <span class='ocrx_word' id='word_1_224' title='bbox 3143 335 3430 407; x_wconf 75' lang='grc' dir='ltr'>ἐξέϐημεν.</span> <span class='ocrx_word' id='word_1_225' title='bbox 3467 337 3656 409; x_wconf 64' lang='lat' dir='ltr'><strong>Munia</strong></span> 
     </span>
    </p>
   </div>
   <div class='ocr_carea' id='block_1_34' title="bbox 2080 430 3651 507">
    <p class='ocr_par' dir='ltr' id='par_1_34' title="bbox 2080 430 3651 507">
     <span class='ocr_line' id='line_1_34' title="bbox 2080 430 3651 507; baseline 0.015 -25"><span class='ocrx_word' id='word_1_226' title='bbox 2080 435 2188 507; x_wconf 82' lang='grc' dir='ltr'>γὰρ</span> <span class='ocrx_word' id='word_1_227' title='bbox 2225 434 2360 505; x_wconf 86' lang='grc' dir='ltr'>πρὸς</span> <span class='ocrx_word' id='word_1_228' title='bbox 2406 433 2613 498; x_wconf 78' lang='grc' dir='ltr'><strong>τούτοις</strong></span> <span class='ocrx_word' id='word_1_229' title='bbox 2658 432 2792 488; x_wconf 81' lang='grc' dir='ltr'>ἄλλα</span> <span class='ocrx_word' id='word_1_230' title='bbox 2834 432 3059 486; x_wconf 81' lang='grc' dir='ltr'>δυνατόν</span> <span class='ocrx_word' id='word_1_231' title='bbox 3094 433 3240 483; x_wconf 76' lang='grc' dir='ltr'>ἐστιν</span> <span class='ocrx_word' id='word_1_232' title='bbox 3261 431 3325 483; x_wconf 82' lang='grc' dir='ltr'>ὲκ</span> <span class='ocrx_word' id='word_1_233' title='bbox 3357 431 3456 500; x_wconf 70' lang='grc' dir='ltr'><strong>τῆς</strong></span> <span class='ocrx_word' id='word_1_234' title='bbox 3479 430 3651 499; x_wconf 56' lang='grc' dir='ltr'><strong>αὐτῆς</strong></span> 
     </span>
    </p>
   </div>
   <div class='ocr_carea' id='block_1_35' title="bbox 2081 521 3658 598">
    <p class='ocr_par' dir='ltr' id='par_1_35' title="bbox 2081 521 3658 598">
     <span class='ocr_line' id='line_1_35' title="bbox 2081 521 3658 598; baseline -0.002 -17"><span class='ocrx_word' id='word_1_235' title='bbox 2081 527 2303 598; x_wconf 80' lang='grc' dir='ltr'>Γραφῆς</span> <span class='ocrx_word' id='word_1_236' title='bbox 2335 525 2470 597; x_wconf 86' lang='grc' dir='ltr'>πρὸς</span> <span class='ocrx_word' id='word_1_237' title='bbox 2513 526 2605 578; x_wconf 90' lang='grc' dir='ltr'>τὸν</span> <span class='ocrx_word' id='word_1_238' title='bbox 2655 524 2852 577; x_wconf 85' lang='grc' dir='ltr'>σκοπὸν</span> <span class='ocrx_word' id='word_1_239' title='bbox 2897 522 3276 587; x_wconf 78' lang='grc' dir='ltr'>ἀναδέξασθαι.</span> <span class='ocrx_word' id='word_1_240' title='bbox 3328 523 3439 574; x_wconf 80' lang='grc' dir='ltr'><strong>Καὶ</strong></span> <span class='ocrx_word' id='word_1_241' title='bbox 3472 521 3658 592; x_wconf 71' lang='grc' dir='ltr'>μηδεὶς</span> 
     </span>
    </p>
   </div>
   <div class='ocr_carea' id='block_1_36' title="bbox 2082 610 3664 680">
    <p class='ocr_par' dir='ltr' id='par_1_36' title="bbox 2082 610 3664 680">
     <span class='ocr_line' id='line_1_36' title="bbox 2082 610 3664 680; baseline -0.007 -7"><span class='ocrx_word' id='word_1_242' title='bbox 2082 618 2277 673; x_wconf 72' lang='grc' dir='ltr'>οἰέσθω</span> <span class='ocrx_word' id='word_1_243' title='bbox 2294 617 2382 670; x_wconf 89' lang='grc' dir='ltr'><strong>τὸν</strong></span> <span class='ocrx_word' id='word_1_244' title='bbox 2403 615 2546 669; x_wconf 86' lang='grc' dir='ltr'>θεῖον</span> <span class='ocrx_word' id='word_1_245' title='bbox 2563 616 2880 669; x_wconf 78' lang='grc' dir='ltr'>Ἀπόστολον</span> <span class='ocrx_word' id='word_1_246' title='bbox 2904 614 3025 668; x_wconf 82' lang='grc' dir='ltr'>καθ’</span> <span class='ocrx_word' id='word_1_247' title='bbox 3047 612 3241 666; x_wconf 80' lang='grc' dir='ltr'>ἑαυτοῦ</span> <span class='ocrx_word' id='word_1_248' title='bbox 3265 612 3402 680; x_wconf 83' lang='grc' dir='ltr'>πρὸς</span> <span class='ocrx_word' id='word_1_249' title='bbox 3422 610 3664 665; x_wconf 79' lang='grc' dir='ltr'><strong>τά⁸ὲνανο</strong></span> 
     </span>
    </p>
   </div>
   <div class='ocr_carea' id='block_1_37' title="bbox 2083 703 3665 780">
    <p class='ocr_par' dir='ltr' id='par_1_37' title="bbox 2083 703 3665 780">
     <span class='ocr_line' id='line_1_37' title="bbox 2083 703 3665 780; baseline -0.004 -18"><span class='ocrx_word' id='word_1_250' title='bbox 2083 709 2172 762; x_wconf 86' lang='grc' dir='ltr'><strong>τία</strong></span> <span class='ocrx_word' id='word_1_251' title='bbox 2218 708 2569 780; x_wconf 71' lang='grc' dir='ltr'><strong>μερίζεσθαι,</strong></span> <span class='ocrx_word' id='word_1_252' title='bbox 2618 709 2728 770; x_wconf 86' lang='grc' dir='ltr'>τοῖς</span> <span class='ocrx_word' id='word_1_253' title='bbox 2775 705 3100 776; x_wconf 78' lang='grc' dir='ltr'><strong>μαχομένοις</strong></span> <span class='ocrx_word' id='word_1_254' title='bbox 3134 703 3272 756; x_wconf 87' lang='grc' dir='ltr'><strong>κατὰ</strong></span> <span class='ocrx_word' id='word_1_255' title='bbox 3319 703 3386 756; x_wconf 64' lang='grc' dir='ltr'><strong>τὰ</strong></span> <span class='ocrx_word' id='word_1_256' title='bbox 3416 703 3665 771; x_wconf 74' lang='grc' dir='ltr'>δόγματα</span> 
     </span>
    </p>
   </div>
   <div class='ocr_carea' id='block_1_38' title="bbox 2086 793 3668 874">
    <p class='ocr_par' dir='ltr' id='par_1_38' title="bbox 2086 793 3668 874">
     <span class='ocr_line' id='line_1_38' title="bbox 2086 793 3668 874; baseline -0.006 -20"><span class='ocrx_word' id='word_1_257' title='bbox 2086 801 2222 874; x_wconf 80' lang='grc' dir='ltr'>πρὸς</span> <span class='ocrx_word' id='word_1_258' title='bbox 2251 800 2349 872; x_wconf 84' lang='grc' dir='ltr'><strong>τὴν</strong></span> <span class='ocrx_word' id='word_1_259' title='bbox 2381 801 2459 864; x_wconf 85' lang='grc' dir='ltr'><strong>είς</strong></span> <span class='ocrx_word' id='word_1_260' title='bbox 2501 798 2759 869; x_wconf 83' lang='grc' dir='ltr'>ἑκάτερον</span> <span class='ocrx_word' id='word_1_261' title='bbox 2787 797 3125 866; x_wconf 70' lang='grc' dir='ltr'>ἐπιχείρησιν</span> <span class='ocrx_word' id='word_1_262' title='bbox 3156 795 3220 846; x_wconf 81' lang='grc' dir='ltr'>ὲκ</span> <span class='ocrx_word' id='word_1_263' title='bbox 3249 793 3344 847; x_wconf 77' lang='grc' dir='ltr'><strong>τοῦ</strong></span> <span class='ocrx_word' id='word_1_264' title='bbox 3380 794 3493 846; x_wconf 80' lang='grc' dir='ltr'>ἴσου</span> <span class='ocrx_word' id='word_1_265' title='bbox 3523 811 3668 863; x_wconf 79' lang='grc' dir='ltr'>παρ·</span> 
     </span>
    </p>
   </div>
   <div class='ocr_carea' id='block_1_39' title="bbox 2089 883 3670 965">
    <p class='ocr_par' dir='ltr' id='par_1_39' title="bbox 2089 883 3670 965">
     <span class='ocr_line' id='line_1_39' title="bbox 2089 883 3670 965; baseline -0.008 -17"><span class='ocrx_word' id='word_1_266' title='bbox 2089 897 2230 965; x_wconf 83' lang='grc' dir='ltr'>ἐχειν</span> <span class='ocrx_word' id='word_1_267' title='bbox 2261 893 2349 948; x_wconf 80' lang='grc' dir='ltr'>διὰ</span> <span class='ocrx_word' id='word_1_268' title='bbox 2362 893 2470 947; x_wconf 83' lang='grc' dir='ltr'>τῶν</span> <span class='ocrx_word' id='word_1_269' title='bbox 2500 892 2643 945; x_wconf 81' lang='grc' dir='ltr'><strong>ἰδίων</strong></span> <span class='ocrx_word' id='word_1_270' title='bbox 2664 890 2760 954; x_wconf 82' lang='grc' dir='ltr'>τὰς</span> <span class='ocrx_word' id='word_1_271' title='bbox 2790 889 2920 951; x_wconf 73' lang='grc' dir='ltr'>ὔλας</span> <span class='ocrx_word' id='word_1_272' title='bbox 2942 900 2956 913; x_wconf 92' lang='grc'><strong>·</strong></span> <span class='ocrx_word' id='word_1_273' title='bbox 2991 887 3138 957; x_wconf 74' lang='grc' dir='ltr'>εὖροι</span> <span class='ocrx_word' id='word_1_274' title='bbox 3168 883 3277 954; x_wconf 77' lang='grc' dir='ltr'>γὰρ</span> <span class='ocrx_word' id='word_1_275' title='bbox 3305 885 3370 938; x_wconf 80' lang='grc' dir='ltr'><strong>ἄν</strong></span> <span class='ocrx_word' id='word_1_276' title='bbox 3396 902 3479 947; x_wconf 86' lang='grc' dir='ltr'><strong>τις</strong></span> <span class='ocrx_word' id='word_1_277' title='bbox 3503 885 3670 956; x_wconf 78' lang='grc' dir='ltr'>ἀκρι-</span> 
     </span>
    </p>
   </div>
   <div class='ocr_carea' id='block_1_40' title="bbox 2089 975 3672 1054">
    <p class='ocr_par' dir='ltr' id='par_1_40' title="bbox 2089 975 3672 1054">
     <span class='ocr_line' id='line_1_40' title="bbox 2089 975 3672 1054; baseline -0.008 -14"><span class='ocrx_word' id='word_1_278' title='bbox 2089 988 2200 1051; x_wconf 76' lang='grc' dir='ltr'><strong>ϐῶς</strong></span> <span class='ocrx_word' id='word_1_279' title='bbox 2229 985 2518 1053; x_wconf 75' lang='grc' dir='ltr'><strong>ἐξετάζων,</strong></span> <span class='ocrx_word' id='word_1_280' title='bbox 2550 987 2633 1038; x_wconf 82' lang='grc' dir='ltr'><strong>ὅτι</strong></span> <span class='ocrx_word' id='word_1_281' title='bbox 2663 983 2799 1054; x_wconf 84' lang='grc' dir='ltr'>πρὸς</span> <span class='ocrx_word' id='word_1_282' title='bbox 2827 983 2883 1033; x_wconf 84' lang='grc' dir='ltr'><strong>ἓν</strong></span> <span class='ocrx_word' id='word_1_283' title='bbox 2903 979 3051 1050; x_wconf 82' lang='grc' dir='ltr'>αὐτῷ</span> <span class='ocrx_word' id='word_1_284' title='bbox 3082 979 3265 1048; x_wconf 78' lang='grc' dir='ltr'><strong>βλέπει</strong></span> <span class='ocrx_word' id='word_1_285' title='bbox 3292 977 3358 1029; x_wconf 82' lang='grc' dir='ltr'><strong>δι’</strong></span> <span class='ocrx_word' id='word_1_286' title='bbox 3383 975 3672 1047; x_wconf 79' lang='grc' dir='ltr'>ἀκριϐείας</span> 
     </span>
    </p>
   </div>
   <div class='ocr_carea' id='block_1_41' title="bbox 2089 1066 3673 1146">
    <p class='ocr_par' dir='ltr' id='par_1_41' title="bbox 2089 1066 3673 1146">
     <span class='ocr_line' id='line_1_41' title="bbox 2089 1066 3673 1146; baseline -0.008 -16"><span class='ocrx_word' id='word_1_287' title='bbox 2089 1078 2120 1130; x_wconf 83' lang='grc' dir='ltr'><strong>ὁ</strong></span> <span class='ocrx_word' id='word_1_288' title='bbox 2151 1078 2327 1146; x_wconf 81' lang='grc' dir='ltr'>λόγος.</span> <span class='ocrx_word' id='word_1_289' title='bbox 2357 1075 2460 1128; x_wconf 79' lang='grc' dir='ltr'>Καὶ</span> <span class='ocrx_word' id='word_1_290' title='bbox 2482 1075 2582 1128; x_wconf 88' lang='grc' dir='ltr'><strong>ούκ</strong></span> <span class='ocrx_word' id='word_1_291' title='bbox 2609 1071 2937 1136; x_wconf 77' lang='grc' dir='ltr'>ὲπιδιστάζει</span> <span class='ocrx_word' id='word_1_292' title='bbox 2964 1073 3082 1131; x_wconf 83' lang='grc' dir='ltr'>ταῖς</span> <span class='ocrx_word' id='word_1_293' title='bbox 3109 1066 3375 1129; x_wconf 77' lang='grc' dir='ltr'>ἐπινοίαις</span> <span class='ocrx_word' id='word_1_294' title='bbox 3399 1083 3409 1094; x_wconf 92' lang='grc'>·</span> <span class='ocrx_word' id='word_1_295' title='bbox 3460 1084 3673 1119; x_wconf 84' lang='grc' dir='ltr'>παντα-</span> 
     </span>
    </p>
   </div>
   <div class='ocr_carea' id='block_1_42' title="bbox 2092 1157 3675 1242">
    <p class='ocr_par' dir='ltr' id='par_1_42' title="bbox 2092 1157 3675 1242">
     <span class='ocr_line' id='line_1_42' title="bbox 2092 1157 3675 1242; baseline -0.009 -20"><span class='ocrx_word' id='word_1_296' title='bbox 2092 1169 2188 1242; x_wconf 85' lang='grc' dir='ltr'>χοῦ</span> <span class='ocrx_word' id='word_1_297' title='bbox 2211 1169 2318 1240; x_wconf 76' lang='grc' dir='ltr'><strong>γὰρ</strong></span> <span class='ocrx_word' id='word_1_298' title='bbox 2351 1167 2448 1239; x_wconf 82' lang='grc' dir='ltr'><strong>τὴν</strong></span> <span class='ocrx_word' id='word_1_299' title='bbox 2468 1165 2559 1220; x_wconf 75' lang='grc' dir='ltr'>τοῦ</span> <span class='ocrx_word' id='word_1_300' title='bbox 2581 1165 2921 1237; x_wconf 81' lang='grc' dir='ltr'>ἀνθρωπίνου</span> <span class='ocrx_word' id='word_1_301' title='bbox 2947 1161 3083 1234; x_wconf 89' lang='grc' dir='ltr'>πρὸς</span> <span class='ocrx_word' id='word_1_302' title='bbox 3111 1160 3172 1212; x_wconf 88' lang='grc' dir='ltr'><strong>τὸ</strong></span> <span class='ocrx_word' id='word_1_303' title='bbox 3197 1158 3338 1212; x_wconf 86' lang='grc' dir='ltr'>θεῖον</span> <span class='ocrx_word' id='word_1_304' title='bbox 3367 1157 3675 1228; x_wconf 81' lang='grc' dir='ltr'>ἀνάκρασιν</span> 
     </span>
    </p>
   </div>
   <div class='ocr_carea' id='block_1_43' title="bbox 2093 1247 3673 1333">
    <p class='ocr_par' dir='ltr' id='par_1_43' title="bbox 2093 1247 3673 1333">
     <span class='ocr_line' id='line_1_43' title="bbox 2093 1247 3673 1333; baseline -0.012 -17"><span class='ocrx_word' id='word_1_305' title='bbox 2093 1261 2404 1333; x_wconf 81' lang='grc' dir='ltr'><strong>κηρύσσων,</strong></span> <span class='ocrx_word' id='word_1_306' title='bbox 2437 1259 2588 1314; x_wconf 73' lang='grc' dir='ltr'>οὐδὲν</span> <span class='ocrx_word' id='word_1_307' title='bbox 2614 1251 2774 1329; x_wconf 85' lang='grc' dir='ltr'>ἦττον</span> <span class='ocrx_word' id='word_1_308' title='bbox 2805 1257 2863 1308; x_wconf 79' lang='grc' dir='ltr'><strong>ὲν</strong></span> <span class='ocrx_word' id='word_1_309' title='bbox 2898 1253 3142 1323; x_wconf 80' lang='grc' dir='ltr'>ἐκατέρῳ</span> <span class='ocrx_word' id='word_1_310' title='bbox 3184 1251 3244 1302; x_wconf 88' lang='grc' dir='ltr'><strong>τὸ</strong></span> <span class='ocrx_word' id='word_1_311' title='bbox 3279 1250 3407 1302; x_wconf 74' lang='grc' dir='ltr'>ἴδιον</span> <span class='ocrx_word' id='word_1_312' title='bbox 3438 1247 3673 1316; x_wconf 79' lang='grc' dir='ltr'>καθορᾷ,</span> 
     </span>
    </p>
   </div>
   <div class='ocr_carea' id='block_1_44' title="bbox 2093 1337 3678 1421">
    <p class='ocr_par' dir='ltr' id='par_1_44' title="bbox 2093 1337 3678 1421">
     <span class='ocr_line' id='line_1_44' title="bbox 2093 1337 3678 1421; baseline -0.013 -13"><span class='ocrx_word' id='word_1_313' title='bbox 2093 1355 2170 1417; x_wconf 81' lang='grc' dir='ltr'>ὡς</span> <span class='ocrx_word' id='word_1_314' title='bbox 2196 1352 2287 1406; x_wconf 79' lang='grc' dir='ltr'><strong>καὶ</strong></span> <span class='ocrx_word' id='word_1_315' title='bbox 2323 1350 2420 1421; x_wconf 70' lang='grc' dir='ltr'>τῆς</span> <span class='ocrx_word' id='word_1_316' title='bbox 2451 1348 2797 1417; x_wconf 77' lang='grc' dir='ltr'><strong>ἀνθρωπίνης</strong></span> <span class='ocrx_word' id='word_1_317' title='bbox 2843 1343 3127 1403; x_wconf 77' lang='grc' dir='ltr'><strong>ἀσθενείας</strong></span> <span class='ocrx_word' id='word_1_318' title='bbox 3173 1339 3262 1394; x_wconf 80' lang='grc' dir='ltr'><strong>διὰ</strong></span> <span class='ocrx_word' id='word_1_319' title='bbox 3298 1342 3396 1410; x_wconf 78' lang='grc' dir='ltr'>τῆς</span> <span class='ocrx_word' id='word_1_320' title='bbox 3447 1338 3581 1409; x_wconf 77' lang='grc' dir='ltr'>πρὸς</span> <span class='ocrx_word' id='word_1_321' title='bbox 3613 1337 3678 1389; x_wconf 85' lang='grc' dir='ltr'><strong>τὸ</strong></span> 
     </span>
    </p>
   </div>
   <div class='ocr_carea' id='block_1_45' title="bbox 2095 1430 3677 1515">
    <p class='ocr_par' dir='ltr' id='par_1_45' title="bbox 2095 1430 3677 1515">
     <span class='ocr_line' id='line_1_45' title="bbox 2095 1430 3677 1515; baseline -0.015 -14"><span class='ocrx_word' id='word_1_322' title='bbox 2095 1445 2370 1515; x_wconf 78' lang='grc' dir='ltr'>ἀκήρατον</span> <span class='ocrx_word' id='word_1_323' title='bbox 2397 1439 2680 1503; x_wconf 83' lang='grc' dir='ltr'><strong>κοινωνίας</strong></span> <span class='ocrx_word' id='word_1_324' title='bbox 2713 1437 2851 1509; x_wconf 88' lang='grc' dir='ltr'>πρὸς</span> <span class='ocrx_word' id='word_1_325' title='bbox 2880 1435 2943 1489; x_wconf 84' lang='grc' dir='ltr'><strong>τὸ</strong></span> <span class='ocrx_word' id='word_1_326' title='bbox 2986 1436 3232 1505; x_wconf 86' lang='grc' dir='ltr'>κρεῖττον</span> <span class='ocrx_word' id='word_1_327' title='bbox 3261 1430 3677 1498; x_wconf 76' lang='grc' dir='ltr'>άλλοιωθείσης,</span> 
     </span>
    </p>
   </div>
   <div class='ocr_carea' id='block_1_46' title="bbox 2097 1523 3678 1605">
    <p class='ocr_par' dir='ltr' id='par_1_46' title="bbox 2097 1523 3678 1605">
     <span class='ocr_line' id='line_1_46' title="bbox 2097 1523 3678 1605; baseline -0.011 -15"><span class='ocrx_word' id='word_1_328' title='bbox 2097 1537 2192 1590; x_wconf 75' lang='grc' dir='ltr'><strong>καὶ</strong></span> <span class='ocrx_word' id='word_1_329' title='bbox 2227 1537 2326 1605; x_wconf 81' lang='grc' dir='ltr'>τῆς</span> <span class='ocrx_word' id='word_1_330' title='bbox 2373 1533 2523 1597; x_wconf 88' lang='grc' dir='ltr'>θείας</span> <span class='ocrx_word' id='word_1_331' title='bbox 2571 1532 2850 1602; x_wconf 87' lang='grc' dir='ltr'>δυνάμεως</span> <span class='ocrx_word' id='word_1_332' title='bbox 2892 1529 2951 1582; x_wconf 85' lang='grc' dir='ltr'><strong>ού</strong></span> <span class='ocrx_word' id='word_1_333' title='bbox 3014 1523 3566 1594; x_wconf 84' lang='grc' dir='ltr'>σνγκαταπιπτούσης</span> <span class='ocrx_word' id='word_1_334' title='bbox 3605 1524 3678 1592; x_wconf 87' lang='grc' dir='ltr'>τῇ</span> 
     </span>
    </p>
   </div>
   <div class='ocr_carea' id='block_1_47' title="bbox 2100 1611 3682 1700">
    <p class='ocr_par' dir='ltr' id='par_1_47' title="bbox 2100 1611 3682 1700">
     <span class='ocr_line' id='line_1_47' title="bbox 2100 1611 3682 1700; baseline -0.011 -17"><span class='ocrx_word' id='word_1_335' title='bbox 2100 1629 2234 1700; x_wconf 71' lang='grc' dir='ltr'>πρὸς</span> <span class='ocrx_word' id='word_1_336' title='bbox 2269 1629 2331 1682; x_wconf 89' lang='grc' dir='ltr'><strong>τὸ</strong></span> <span class='ocrx_word' id='word_1_337' title='bbox 2365 1625 2620 1681; x_wconf 87' lang='grc' dir='ltr'>ταπεινὸν</span> <span class='ocrx_word' id='word_1_338' title='bbox 2661 1621 2923 1693; x_wconf 79' lang='grc' dir='ltr'>συναφείᾳ</span> <span class='ocrx_word' id='word_1_339' title='bbox 2959 1621 3060 1691; x_wconf 80' lang='grc' dir='ltr'><strong>τῆς</strong></span> <span class='ocrx_word' id='word_1_340' title='bbox 3091 1619 3330 1690; x_wconf 68' lang='grc' dir='ltr'>φύσεωςδ</span> <span class='ocrx_word' id='word_1_341' title='bbox 3382 1617 3550 1668; x_wconf 82' lang='grc' dir='ltr'>Ὅταν</span> <span class='ocrx_word' id='word_1_342' title='bbox 3581 1611 3682 1666; x_wconf 78' lang='grc' dir='ltr'><strong>οὖν</strong></span> 
     </span>
    </p>
   </div>
   <div class='ocr_carea' id='block_1_48' title="bbox 2104 1705 3686 1792">
    <p class='ocr_par' dir='ltr' id='par_1_48' title="bbox 2104 1705 3686 1792">
     <span class='ocr_line' id='line_1_48' title="bbox 2104 1705 3686 1792; baseline -0.013 -17"><span class='ocrx_word' id='word_1_343' title='bbox 2104 1722 2258 1792; x_wconf 83' lang='grc' dir='ltr'>λέγῃ,</span> <span class='ocrx_word' id='word_1_344' title='bbox 2281 1721 2362 1773; x_wconf 85' lang='grc' dir='ltr'><strong>ὅτι</strong></span> <span class='ocrx_word' id='word_1_345' title='bbox 2397 1721 2504 1772; x_wconf 83' lang='grc' dir='ltr'><strong>Τοῦ</strong></span> <span class='ocrx_word' id='word_1_346' title='bbox 2532 1716 2666 1771; x_wconf 77' lang='grc' dir='ltr'><strong>Υιοῦ</strong></span> <span class='ocrx_word' id='word_1_347' title='bbox 2695 1715 2804 1768; x_wconf 78' lang='grc' dir='ltr'><strong>οὐκ</strong></span> <span class='ocrx_word' id='word_1_348' title='bbox 2831 1712 3131 1782; x_wconf 68' lang='grc' dir='ltr'>ἐφείσατο,</span> <span class='ocrx_word' id='word_1_349' title='bbox 3155 1709 3244 1762; x_wconf 87' lang='grc' dir='ltr'><strong>τὸν</strong></span> <span class='ocrx_word' id='word_1_350' title='bbox 3273 1705 3521 1777; x_wconf 81' lang='grc' dir='ltr'>ἀληθινὸν</span> <span class='ocrx_word' id='word_1_351' title='bbox 3546 1705 3686 1762; x_wconf 62' lang='lat' dir='ltr'><strong>Tibi:</strong></span> 
     </span>
    </p>
   </div>
   <div class='ocr_carea' id='block_1_49' title="bbox 2103 1794 3688 1873">
    <p class='ocr_par' dir='ltr' id='par_1_49' title="bbox 2103 1794 3688 1873">
     <span class='ocr_line' id='line_1_49' title="bbox 2103 1794 3688 1873; baseline -0.013 -6"><span class='ocrx_word' id='word_1_352' title='bbox 2103 1809 2521 1868; x_wconf 84' lang='grc' dir='ltr'>ἀντιδιαστέλλει</span> <span class='ocrx_word' id='word_1_353' title='bbox 2550 1809 2660 1868; x_wconf 85' lang='grc' dir='ltr'>τοῖς</span> <span class='ocrx_word' id='word_1_354' title='bbox 2686 1802 2990 1873; x_wconf 87' lang='grc' dir='ltr'>γεννηθεῖσι</span> <span class='ocrx_word' id='word_1_355' title='bbox 3026 1799 3123 1854; x_wconf 81' lang='grc' dir='ltr'>καὶ</span> <span class='ocrx_word' id='word_1_356' title='bbox 3141 1799 3400 1868; x_wconf 72' lang='grc' dir='ltr'>ὑψωθεῖσι</span> <span class='ocrx_word' id='word_1_357' title='bbox 3428 1796 3523 1848; x_wconf 75' lang='grc' dir='ltr'>καὶ</span> <span class='ocrx_word' id='word_1_358' title='bbox 3555 1794 3688 1848; x_wconf 80' lang='grc' dir='ltr'>ἀθε-</span> 
     </span>
    </p>
   </div>
   <div class='ocr_carea' id='block_1_50' title="bbox 2103 1891 3681 1976">
    <p class='ocr_par' dir='ltr' id='par_1_50' title="bbox 2103 1891 3681 1976">
     <span class='ocr_line' id='line_1_50' title="bbox 2103 1891 3681 1976; baseline -0.013 -17"><span class='ocrx_word' id='word_1_359' title='bbox 2103 1907 2301 1976; x_wconf 84' lang='grc' dir='ltr'>τήσασι</span> <span class='ocrx_word' id='word_1_360' title='bbox 2329 1918 2342 1932; x_wconf 90' lang='grc'><strong>·</strong></span> <span class='ocrx_word' id='word_1_361' title='bbox 2367 1900 2576 1962; x_wconf 82' lang='grc' dir='ltr'><strong>τούτοις</strong></span> <span class='ocrx_word' id='word_1_362' title='bbox 2603 1897 2764 1966; x_wconf 87' lang='grc' dir='ltr'>λέγω,</span> <span class='ocrx_word' id='word_1_363' title='bbox 2796 1896 2907 1958; x_wconf 83' lang='grc' dir='ltr'>τοῖς</span> <span class='ocrx_word' id='word_1_364' title='bbox 2932 1892 3020 1946; x_wconf 79' lang='grc' dir='ltr'>διὰ</span> <span class='ocrx_word' id='word_1_365' title='bbox 3057 1891 3472 1963; x_wconf 85' lang='grc' dir='ltr'>προστάγματος</span> <span class='ocrx_word' id='word_1_366' title='bbox 3535 1903 3681 1976; x_wconf 61' lang='grc' dir='ltr'>παρ.</span> 
     </span>
    </p>
   </div>
   <div class='ocr_carea' id='block_1_51' title="bbox 2103 1975 3686 2071">
    <p class='ocr_par' dir='ltr' id='par_1_51' title="bbox 2103 1975 3686 2071">
     <span class='ocr_line' id='line_1_51' title="bbox 2103 1975 3686 2071; baseline -0.018 -15"><span class='ocrx_word' id='word_1_367' title='bbox 2103 1999 2342 2071; x_wconf 82' lang='grc' dir='ltr'>αχθεῖσιν</span> <span class='ocrx_word' id='word_1_368' title='bbox 2359 1996 2436 2057; x_wconf 83' lang='grc' dir='ltr'>εἰς</span> <span class='ocrx_word' id='word_1_369' title='bbox 2458 1991 2666 2061; x_wconf 79' lang='grc' dir='ltr'>γένεσιν</span> <span class='ocrx_word' id='word_1_370' title='bbox 2685 2006 2699 2021; x_wconf 78' lang='grc' dir='ltr'><strong>ο</strong></span> <span class='ocrx_word' id='word_1_371' title='bbox 2731 1990 2796 2058; x_wconf 82' lang='grc' dir='ltr'>τῇ</span> <span class='ocrx_word' id='word_1_372' title='bbox 2826 1985 2918 2039; x_wconf 74' lang='grc' dir='ltr'><strong>τού</strong></span> <span class='ocrx_word' id='word_1_373' title='bbox 2958 1984 3109 2038; x_wconf 71' lang='grc' dir='ltr'>ἰδίου</span> <span class='ocrx_word' id='word_1_374' title='bbox 3138 1980 3422 2053; x_wconf 80' lang='grc' dir='ltr'><strong>προσθήκῃ</strong></span> <span class='ocrx_word' id='word_1_375' title='bbox 3449 1977 3508 2031; x_wconf 88' lang='grc' dir='ltr'><strong>τὸ</strong></span> <span class='ocrx_word' id='word_1_376' title='bbox 3542 1975 3686 2029; x_wconf 74' lang='grc' dir='ltr'>κατὰ</span> 
     </span>
    </p>
   </div>
   <div class='ocr_carea' id='block_1_52' title="bbox 2107 2070 3685 2157">
    <p class='ocr_par' dir='ltr' id='par_1_52' title="bbox 2107 2070 3685 2157">
     <span class='ocr_line' id='line_1_52' title="bbox 2107 2070 3685 2157; baseline -0.013 -17"><span class='ocrx_word' id='word_1_377' title='bbox 2107 2070 2204 2157; x_wconf 75' lang='grc' dir='ltr'><strong>την</strong></span> <span class='ocrx_word' id='word_1_378' title='bbox 2244 2085 2402 2155; x_wconf 83' lang='grc' dir='ltr'>φύσιν</span> <span class='ocrx_word' id='word_1_379' title='bbox 2430 2084 2627 2137; x_wconf 72' lang='grc' dir='ltr'>οἰκεῖον</span> <span class='ocrx_word' id='word_1_380' title='bbox 2649 2078 3045 2150; x_wconf 78' lang='grc' dir='ltr'>ὲπισημαίνων.</span> <span class='ocrx_word' id='word_1_381' title='bbox 3085 2074 3192 2127; x_wconf 70' lang='grc' dir='ltr'><strong>Καὶ</strong></span> <span class='ocrx_word' id='word_1_382' title='bbox 3219 2073 3294 2136; x_wconf 86' lang='grc' dir='ltr'>ὼς</span> <span class='ocrx_word' id='word_1_383' title='bbox 3317 2073 3381 2126; x_wconf 80' lang='grc' dir='ltr'><strong>ἂν</strong></span> <span class='ocrx_word' id='word_1_384' title='bbox 3407 2071 3478 2141; x_wconf 82' lang='grc' dir='ltr'>μή</span> <span class='ocrx_word' id='word_1_385' title='bbox 3511 2086 3593 2131; x_wconf 87' lang='grc' dir='ltr'><strong>τις</strong></span> <span class='ocrx_word' id='word_1_386' title='bbox 3616 2070 3685 2138; x_wconf 80' lang='grc' dir='ltr'>τῇ</span> 
     </span>
    </p>
   </div>
   <div class='ocr_carea' id='block_1_53' title="bbox 2107 2160 3688 2248">
    <p class='ocr_par' dir='ltr' id='par_1_53' title="bbox 2107 2160 3688 2248">
     <span class='ocr_line' id='line_1_53' title="bbox 2107 2160 3688 2248; baseline -0.014 -16"><span class='ocrx_word' id='word_1_387' title='bbox 2107 2176 2369 2248; x_wconf 84' lang='grc' dir='ltr'>ἀκηράτῳ</span> <span class='ocrx_word' id='word_1_388' title='bbox 2403 2174 2558 2244; x_wconf 82' lang='grc' dir='ltr'>φύσει</span> <span class='ocrx_word' id='word_1_389' title='bbox 2588 2173 2647 2227; x_wconf 89' lang='grc' dir='ltr'><strong>τὸ</strong></span> <span class='ocrx_word' id='word_1_390' title='bbox 2681 2171 2824 2226; x_wconf 75' lang='grc' dir='ltr'>κατὰ</span> <span class='ocrx_word' id='word_1_391' title='bbox 2845 2171 2934 2224; x_wconf 86' lang='grc' dir='ltr'><strong>τὸν</strong></span> <span class='ocrx_word' id='word_1_392' title='bbox 2965 2166 3194 2238; x_wconf 86' lang='grc' dir='ltr'>σταυρὸν</span> <span class='ocrx_word' id='word_1_393' title='bbox 3224 2165 3391 2227; x_wconf 80' lang='grc' dir='ltr'>πάθος</span> <span class='ocrx_word' id='word_1_394' title='bbox 3426 2160 3688 2232; x_wconf 62' lang='grc' dir='ltr'><strong>προσιιτρί⁴</strong></span> 
     </span>
    </p>
   </div>
   <div class='ocr_carea' id='block_1_54' title="bbox 2111 2255 3687 2339">
    <p class='ocr_par' dir='ltr' id='par_1_54' title="bbox 2111 2255 3687 2339">
     <span class='ocr_line' id='line_1_54' title="bbox 2111 2255 3687 2339; baseline -0.015 -14"><span class='ocrx_word' id='word_1_395' title='bbox 2111 2273 2288 2334; x_wconf 73' lang='grc' dir='ltr'>ϐοιτο,</span> <span class='ocrx_word' id='word_1_396' title='bbox 2335 2270 2400 2322; x_wconf 86' lang='grc' dir='ltr'><strong>δι’</strong></span> <span class='ocrx_word' id='word_1_397' title='bbox 2446 2267 2644 2339; x_wconf 80' lang='grc' dir='ltr'>ἑτέρων</span> <span class='ocrx_word' id='word_1_398' title='bbox 2679 2261 3014 2335; x_wconf 88' lang='grc' dir='ltr'>τρανοτέρων</span> <span class='ocrx_word' id='word_1_399' title='bbox 3047 2260 3144 2330; x_wconf 77' lang='grc' dir='ltr'><strong>τὴν</strong></span> <span class='ocrx_word' id='word_1_400' title='bbox 3166 2255 3418 2325; x_wconf 81' lang='grc' dir='ltr'><strong>τοιαύτην</strong></span> <span class='ocrx_word' id='word_1_401' title='bbox 3452 2255 3687 2319; x_wconf 77' lang='grc' dir='ltr'>ἐπανορ-</span> 
     </span>
    </p>
   </div>
   <div class='ocr_carea' id='block_1_55' title="bbox 2111 2342 3685 2427">
    <p class='ocr_par' dir='ltr' id='par_1_55' title="bbox 2111 2342 3685 2427">
     <span class='ocr_line' id='line_1_55' title="bbox 2111 2342 3685 2427; baseline -0.014 -13"><span class='ocrx_word' id='word_1_402' title='bbox 2111 2358 2297 2415; x_wconf 80' lang='grc' dir='ltr'>θοῦται</span> <span class='ocrx_word' id='word_1_403' title='bbox 2328 2358 2556 2427; x_wconf 79' lang='grc' dir='ltr'><strong>πλάνην,</strong></span> <span class='ocrx_word' id='word_1_404' title='bbox 2601 2355 2825 2426; x_wconf 85' lang='grc' dir='ltr'>μεσίτην</span> <span class='ocrx_word' id='word_1_405' title='bbox 2868 2351 3029 2405; x_wconf 87' lang='grc' dir='ltr'>αὐτὸν</span> <span class='ocrx_word' id='word_1_406' title='bbox 3073 2347 3207 2402; x_wconf 79' lang='grc' dir='ltr'>Θεοῦ</span> <span class='ocrx_word' id='word_1_407' title='bbox 3238 2346 3332 2399; x_wconf 67' lang='grc' dir='ltr'><strong>καὶ</strong></span> <span class='ocrx_word' id='word_1_408' title='bbox 3362 2342 3685 2414; x_wconf 81' lang='grc' dir='ltr'>ἀνθρώπων,</span> 
     </span>
    </p>
   </div>
   <div class='ocr_carea' id='block_1_56' title="bbox 2111 2431 3723 2520">
    <p class='ocr_par' dir='ltr' id='par_1_56' title="bbox 2111 2431 3723 2520">
     <span class='ocr_line' id='line_1_56' title="bbox 2111 2431 3723 2520; baseline -0.015 -13"><span class='ocrx_word' id='word_1_409' title='bbox 2111 2453 2206 2507; x_wconf 76' lang='grc' dir='ltr'><strong>καὶ</strong></span> <span class='ocrx_word' id='word_1_410' title='bbox 2228 2451 2509 2520; x_wconf 79' lang='grc' dir='ltr'>ἄνθρωπον</span> <span class='ocrx_word' id='word_1_411' title='bbox 2538 2449 2630 2501; x_wconf 69' lang='grc' dir='ltr'><strong>καὶ</strong></span> <span class='ocrx_word' id='word_1_412' title='bbox 2650 2444 2782 2498; x_wconf 84' lang='grc' dir='ltr'>Θεὸν</span> <span class='ocrx_word' id='word_1_413' title='bbox 2820 2439 3123 2512; x_wconf 75' lang='grc' dir='ltr'><strong>ὀνομάζων,</strong></span> <span class='ocrx_word' id='word_1_414' title='bbox 3159 2439 3226 2492; x_wconf 74' lang='grc' dir='ltr'><strong>ἵν’</strong></span> <span class='ocrx_word' id='word_1_415' title='bbox 3281 2435 3466 2490; x_wconf 75' lang='grc' dir='ltr'><strong>ὲκ-τοῦ</strong></span> <span class='ocrx_word' id='word_1_416' title='bbox 3499 2433 3566 2486; x_wconf 72' lang='grc' dir='ltr'><strong>τὰ</strong></span> <span class='ocrx_word' id='word_1_417' title='bbox 3595 2431 3690 2485; x_wconf 81' lang='grc' dir='ltr'><strong>δύο</strong></span> <span class='ocrx_word' id='word_1_418' title='bbox 3711 2465 3723 2478; x_wconf 65' lang='grc' dir='ltr'><em>ρ</em></span> 
     </span>
    </p>
   </div>
   <div class='ocr_carea' id='block_1_57' title="bbox 2115 2521 3690 2613">
    <p class='ocr_par' dir='ltr' id='par_1_57' title="bbox 2115 2521 3690 2613">
     <span class='ocr_line' id='line_1_57' title="bbox 2115 2521 3690 2613; baseline -0.015 -17"><span class='ocrx_word' id='word_1_419' title='bbox 2115 2542 2244 2613; x_wconf 75' lang='grc' dir='ltr'>περὶ</span> <span class='ocrx_word' id='word_1_420' title='bbox 2272 2541 2332 2594; x_wconf 89' lang='grc' dir='ltr'><strong>τὸ</strong></span> <span class='ocrx_word' id='word_1_421' title='bbox 2359 2538 2418 2593; x_wconf 84' lang='grc' dir='ltr'><strong>ἓν</strong></span> <span class='ocrx_word' id='word_1_422' title='bbox 2461 2535 2732 2606; x_wconf 86' lang='grc' dir='ltr'>λέγεσθαι,</span> <span class='ocrx_word' id='word_1_423' title='bbox 2768 2534 2827 2586; x_wconf 87' lang='grc' dir='ltr'><strong>τὸ</strong></span> <span class='ocrx_word' id='word_1_424' title='bbox 2872 2532 3178 2603; x_wconf 74' lang='grc' dir='ltr'><strong>πρόσφορον</strong></span> <span class='ocrx_word' id='word_1_425' title='bbox 3210 2529 3380 2580; x_wconf 83' lang='grc' dir='ltr'>νοοῖτο</span> <span class='ocrx_word' id='word_1_426' title='bbox 3409 2525 3540 2594; x_wconf 77' lang='grc' dir='ltr'>περὶ</span> <span class='ocrx_word' id='word_1_427' title='bbox 3565 2521 3690 2574; x_wconf 73' lang='grc' dir='ltr'>ἑκά-</span> 
     </span>
    </p>
   </div>
   <div class='ocr_carea' id='block_1_58' title="bbox 2113 2613 3692 2706">
    <p class='ocr_par' dir='ltr' id='par_1_58' title="bbox 2113 2613 3692 2706">
     <span class='ocr_line' id='line_1_58' title="bbox 2113 2613 3692 2706; baseline -0.015 -17"><span class='ocrx_word' id='word_1_428' title='bbox 2113 2649 2302 2706; x_wconf 88' lang='grc' dir='ltr'>τερον·</span> <span class='ocrx_word' id='word_1_429' title='bbox 2363 2631 2492 2702; x_wconf 69' lang='grc' dir='ltr'>περὶ</span> <span class='ocrx_word' id='word_1_430' title='bbox 2541 2629 2636 2698; x_wconf 84' lang='grc' dir='ltr'>μὲν</span> <span class='ocrx_word' id='word_1_431' title='bbox 2677 2627 2738 2678; x_wconf 88' lang='grc' dir='ltr'><strong>τὸ</strong></span> <span class='ocrx_word' id='word_1_432' title='bbox 2784 2626 2972 2687; x_wconf 85' lang='grc' dir='ltr'>Θείον,</span> <span class='ocrx_word' id='word_1_433' title='bbox 3017 2620 3349 2690; x_wconf 82' lang='grc' dir='ltr'>ἡὰπάθεια,</span> <span class='ocrx_word' id='word_1_434' title='bbox 3399 2616 3528 2686; x_wconf 72' lang='grc' dir='ltr'>περὶ</span> <span class='ocrx_word' id='word_1_435' title='bbox 3557 2615 3612 2667; x_wconf 82' lang='grc' dir='ltr'><strong>δὲ</strong></span> <span class='ocrx_word' id='word_1_436' title='bbox 3633 2613 3692 2706; x_wconf 70' lang='grc' dir='ltr'><strong>τὸ</strong></span> 
     </span>
    </p>
   </div>
   <div class='ocr_carea' id='block_1_59' title="bbox 2116 2702 3693 2797">
    <p class='ocr_par' dir='ltr' id='par_1_59' title="bbox 2116 2702 3693 2797">
     <span class='ocr_line' id='line_1_59' title="bbox 2116 2702 3693 2797; baseline -0.015 -16"><span class='ocrx_word' id='word_1_437' title='bbox 2116 2702 2453 2797; x_wconf 80' lang='grc' dir='ltr'>ἀνθρώπινον</span> <span class='ocrx_word' id='word_1_438' title='bbox 2479 2722 2510 2792; x_wconf 78' lang='grc' dir='ltr'>ἡ</span> <span class='ocrx_word' id='word_1_439' title='bbox 2537 2718 2678 2773; x_wconf 85' lang='grc' dir='ltr'>κατὰ</span> <span class='ocrx_word' id='word_1_440' title='bbox 2704 2716 2766 2770; x_wconf 85' lang='grc' dir='ltr'><strong>τὸ</strong></span> <span class='ocrx_word' id='word_1_441' title='bbox 2817 2715 2985 2778; x_wconf 80' lang='grc' dir='ltr'>πάθος</span> <span class='ocrx_word' id='word_1_442' title='bbox 3027 2710 3303 2781; x_wconf 77' lang='grc' dir='ltr'>οἰκονομία</span> <span class='ocrx_word' id='word_1_443' title='bbox 3327 2749 3342 2771; x_wconf 91' lang='grc'>,</span> <span class='ocrx_word' id='word_1_444' title='bbox 3383 2709 3552 2778; x_wconf 75' lang='grc' dir='ltr'>αὐτῆς</span> <span class='ocrx_word' id='word_1_445' title='bbox 3599 2702 3693 2758; x_wconf 78' lang='grc' dir='ltr'><strong>οὖν</strong></span> 
     </span>
    </p>
   </div>
   <div class='ocr_carea' id='block_1_60' title="bbox 2117 2797 3694 2883">
    <p class='ocr_par' dir='ltr' id='par_1_60' title="bbox 2117 2797 3694 2883">
     <span class='ocr_line' id='line_1_60' title="bbox 2117 2797 3694 2883; baseline -0.015 -11"><span class='ocrx_word' id='word_1_446' title='bbox 2117 2818 2355 2879; x_wconf 75' lang='grc' dir='ltr'>ἐπινοίας</span> <span class='ocrx_word' id='word_1_447' title='bbox 2414 2811 2725 2883; x_wconf 78' lang='grc' dir='ltr'>διαιρούσης</span> <span class='ocrx_word' id='word_1_448' title='bbox 2783 2808 2843 2861; x_wconf 90' lang='grc' dir='ltr'><strong>τὸ</strong></span> <span class='ocrx_word' id='word_1_449' title='bbox 2895 2804 3036 2860; x_wconf 75' lang='grc' dir='ltr'>κατὰ</span> <span class='ocrx_word' id='word_1_450' title='bbox 3110 2799 3522 2873; x_wconf 72' lang='grc' dir='ltr'>φιλανθρωπίαν</span> <span class='ocrx_word' id='word_1_451' title='bbox 3594 2797 3694 2868; x_wconf 72' lang='grc' dir='ltr'>μὲν</span> 
     </span>
    </p>
   </div>
   <div class='ocr_carea' id='block_1_61' title="bbox 2117 2886 3696 2981">
    <p class='ocr_par' dir='ltr' id='par_1_61' title="bbox 2117 2886 3696 2981">
     <span class='ocr_line' id='line_1_61' title="bbox 2117 2886 3696 2981; baseline -0.016 -18"><span class='ocrx_word' id='word_1_452' title='bbox 2117 2909 2430 2981; x_wconf 81' lang='grc' dir='ltr'><strong>ἡνωμένον,</strong></span> <span class='ocrx_word' id='word_1_453' title='bbox 2482 2903 2560 2975; x_wconf 83' lang='grc' dir='ltr'>τῷ</span> <span class='ocrx_word' id='word_1_454' title='bbox 2598 2903 2654 2955; x_wconf 87' lang='grc' dir='ltr'><strong>δὲ</strong></span> <span class='ocrx_word' id='word_1_455' title='bbox 2691 2901 2834 2971; x_wconf 81' lang='grc' dir='ltr'>λόγῳ</span> <span class='ocrx_word' id='word_1_456' title='bbox 2878 2895 3300 2967; x_wconf 80' lang='grc' dir='ltr'>διακρινόμενον.</span> <span class='ocrx_word' id='word_1_457' title='bbox 3352 2891 3521 2981; x_wconf 67' lang='grc' dir='ltr'>ᾫταν</span> <span class='ocrx_word' id='word_1_458' title='bbox 3553 2886 3696 2981; x_wconf 51' lang='lat' dir='ltr'><strong>sect</strong></span> 
     </span>
    </p>
   </div>
   <div class='ocr_carea' id='block_1_62' title="bbox 445 2978 2015 3068">
    <p class='ocr_par' dir='ltr' id='par_1_62' title="bbox 445 2990 2014 3064">
     <span class='ocr_line' id='line_1_62' title="bbox 445 2990 2014 3064; baseline 0.005 -17"><span class='ocrx_word' id='word_1_459' title='bbox 445 2990 674 3058; x_wconf 82' lang='lat' dir='ltr'><strong>dividat,</strong></span> <span class='ocrx_word' id='word_1_460' title='bbox 726 2991 870 3060; x_wconf 92' lang='lat' dir='ltr'><strong>quod</strong></span> <span class='ocrx_word' id='word_1_461' title='bbox 923 2999 1148 3062; x_wconf 80' lang='lat' dir='ltr'><strong>prepter</strong></span> <span class='ocrx_word' id='word_1_462' title='bbox 1198 2993 1591 3064; x_wconf 84' lang='lat' dir='ltr'><strong>benignitatem</strong></span> <span class='ocrx_word' id='word_1_463' title='bbox 1649 2997 1701 3050; x_wconf 93' lang='lat' dir='ltr'><strong>in</strong></span> <span class='ocrx_word' id='word_1_464' title='bbox 1765 2997 2014 3056; x_wconf 88' lang='lat' dir='ltr'><strong>homines</strong></span> 
     </span>
    </p>
   </div>
   <div class='ocr_carea' id='block_1_63' title="bbox 2116 2978 3692 3068">
    <p class='ocr_par' dir='ltr' id='par_1_63' title="bbox 2121 2978 3692 3068">
     <span class='ocr_line' id='line_1_63' title="bbox 2121 2978 3692 3068; baseline -0.016 -14"><span class='ocrx_word' id='word_1_465' title='bbox 2121 2978 2514 3068; x_wconf 81' lang='grc' dir='ltr'>ύπερκείμενόν</span> <span class='ocrx_word' id='word_1_466' title='bbox 2553 3010 2614 3046; x_wconf 86' lang='grc' dir='ltr'><strong>τε</strong></span> <span class='ocrx_word' id='word_1_467' title='bbox 2668 2991 2762 3044; x_wconf 74' lang='grc' dir='ltr'><strong>καὶ</strong></span> <span class='ocrx_word' id='word_1_468' title='bbox 2795 2987 3058 3059; x_wconf 82' lang='grc' dir='ltr'>ὑπερέχον</span> <span class='ocrx_word' id='word_1_469' title='bbox 3105 2984 3281 3038; x_wconf 87' lang='grc' dir='ltr'>πάντα</span> <span class='ocrx_word' id='word_1_470' title='bbox 3318 2979 3443 3034; x_wconf 80' lang='grc' dir='ltr'>νοῦν</span> <span class='ocrx_word' id='word_1_471' title='bbox 3484 2978 3692 3049; x_wconf 86' lang='grc' dir='ltr'>κηρύσ-</span> 
     </span>
    </p>
   </div>
   <div class='ocr_carea' id='block_1_64' title="bbox 445 3080 2025 3149">
    <p class='ocr_par' dir='ltr' id='par_1_64' title="bbox 445 3080 2025 3149">
     <span class='ocr_line' id='line_1_64' title="bbox 445 3080 2025 3149; baseline 0.009 -17"><span class='ocrx_word' id='word_1_472' title='bbox 445 3080 664 3149; x_wconf 86' lang='lat' dir='ltr'><strong>quidem</strong></span> <span class='ocrx_word' id='word_1_473' title='bbox 714 3081 928 3134; x_wconf 86' lang='lat' dir='ltr'><strong>unitum</strong></span> <span class='ocrx_word' id='word_1_474' title='bbox 976 3089 1082 3146; x_wconf 76' lang='lat' dir='ltr'><strong>est,</strong></span> <span class='ocrx_word' id='word_1_475' title='bbox 1129 3083 1346 3138; x_wconf 89' lang='lat' dir='ltr'><strong>ratione</strong></span> <span class='ocrx_word' id='word_1_476' title='bbox 1382 3093 1564 3140; x_wconf 86' lang='lat' dir='ltr'><strong>autem</strong></span> <span class='ocrx_word' id='word_1_477' title='bbox 1598 3085 1917 3144; x_wconf 90' lang='lat' dir='ltr'><strong>distinctum</strong></span> <span class='ocrx_word' id='word_1_478' title='bbox 1971 3101 2025 3147; x_wconf 89' lang='lat' dir='ltr'><strong>et</strong></span> 
     </span>
    </p>
   </div>
   <div class='ocr_carea' id='block_1_65' title="bbox 447 3171 2026 3252">
    <p class='ocr_par' dir='ltr' id='par_1_65' title="bbox 447 3171 2026 3252">
     <span class='ocr_line' id='line_1_65' title="bbox 447 3171 2026 3252; baseline 0.006 -26"><span class='ocrx_word' id='word_1_479' title='bbox 447 3171 769 3228; x_wconf 76' lang='lat' dir='ltr'><strong>discretum.</strong></span> <span class='ocrx_word' id='word_1_480' title='bbox 789 3173 924 3227; x_wconf 90' lang='lat' dir='ltr'><strong>Cum</strong></span> <span class='ocrx_word' id='word_1_481' title='bbox 951 3182 1133 3228; x_wconf 89' lang='lat' dir='ltr'><strong>autem</strong></span> <span class='ocrx_word' id='word_1_482' title='bbox 1154 3174 1297 3243; x_wconf 86' lang='lat' dir='ltr'><strong>quod</strong></span> <span class='ocrx_word' id='word_1_483' title='bbox 1322 3179 1692 3245; x_wconf 86' lang='lat' dir='ltr'><strong>supereminet</strong></span> <span class='ocrx_word' id='word_1_484' title='bbox 1720 3190 1775 3234; x_wconf 91' lang='lat' dir='ltr'><strong>et</strong></span> <span class='ocrx_word' id='word_1_485' title='bbox 1803 3191 2026 3252; x_wconf 87' lang='lat' dir='ltr'><strong>superat</strong></span> 
     </span>
    </p>
   </div>
   <div class='ocr_carea' id='block_1_66' title="bbox 448 3264 2027 3334">
    <p class='ocr_par' dir='ltr' id='par_1_66' title="bbox 448 3264 2027 3334">
     <span class='ocr_line' id='line_1_66' title="bbox 448 3264 2027 3334; baseline 0.004 -16"><span class='ocrx_word' id='word_1_486' title='bbox 448 3279 662 3319; x_wconf 90' lang='lat' dir='ltr'><strong>omnem</strong></span> <span class='ocrx_word' id='word_1_487' title='bbox 678 3264 1008 3319; x_wconf 89' lang='lat' dir='ltr'><strong>intellectum</strong></span> <span class='ocrx_word' id='word_1_488' title='bbox 1027 3265 1595 3334; x_wconf 54' lang='lat' dir='ltr'><strong>prazdicagaltioribus</strong></span> <span class='ocrx_word' id='word_1_489' title='bbox 1612 3283 1743 3323; x_wconf 90' lang='lat' dir='ltr'><strong>usus</strong></span> <span class='ocrx_word' id='word_1_490' title='bbox 1755 3277 1840 3323; x_wconf 91' lang='lat' dir='ltr'><strong>est</strong></span> <span class='ocrx_word' id='word_1_491' title='bbox 1857 3272 2027 3325; x_wconf 84' lang='lat' dir='ltr'><strong>nomi-</strong></span> 
     </span>
    </p>
   </div>
   <div class='ocr_carea' id='block_1_67' title="bbox 449 3354 2023 3424">
    <p class='ocr_par' dir='ltr' id='par_1_67' title="bbox 449 3354 2023 3424">
     <span class='ocr_line' id='line_1_67' title="bbox 449 3354 2023 3424; baseline 0.002 -15"><span class='ocrx_word' id='word_1_492' title='bbox 449 3355 634 3419; x_wconf 87' lang='lat' dir='ltr'><strong>nibus,</strong></span> <span class='ocrx_word' id='word_1_493' title='bbox 657 3357 709 3410; x_wconf 91' lang='lat' dir='ltr'><strong>in</strong></span> <span class='ocrx_word' id='word_1_494' title='bbox 735 3357 989 3410; x_wconf 88' lang='lat' dir='ltr'><strong>omnibus</strong></span> <span class='ocrx_word' id='word_1_495' title='bbox 1017 3354 1182 3410; x_wconf 88' lang='lat' dir='ltr'><strong>Deum</strong></span> <span class='ocrx_word' id='word_1_496' title='bbox 1209 3365 1263 3409; x_wconf 88' lang='lat' dir='ltr'><strong>et</strong></span> <span class='ocrx_word' id='word_1_497' title='bbox 1282 3370 1536 3424; x_wconf 83' lang='lat' dir='ltr'><strong>magnum</strong></span> <span class='ocrx_word' id='word_1_498' title='bbox 1565 3355 1829 3419; x_wconf 85' lang='lat' dir='ltr'><strong>Deum,et</strong></span> <span class='ocrx_word' id='word_1_499' title='bbox 1851 3360 2023 3414; x_wconf 82' lang='lat' dir='ltr'><strong>virtu-</strong></span> 
     </span>
    </p>
   </div>
   <div class='ocr_carea' id='block_1_68' title="bbox 455 3443 2027 3516">
    <p class='ocr_par' dir='ltr' id='par_1_68' title="bbox 455 3443 2027 3516">
     <span class='ocr_line' id='line_1_68' title="bbox 455 3443 2027 3516; baseline 0.002 -16"><span class='ocrx_word' id='word_1_500' title='bbox 455 3457 562 3502; x_wconf 90' lang='lat' dir='ltr'><strong>tem</strong></span> <span class='ocrx_word' id='word_1_501' title='bbox 598 3445 714 3511; x_wconf 88' lang='lat' dir='ltr'><strong>Dei,</strong></span> <span class='ocrx_word' id='word_1_502' title='bbox 744 3455 798 3501; x_wconf 88' lang='lat' dir='ltr'><strong>et</strong></span> <span class='ocrx_word' id='word_1_503' title='bbox 830 3445 1178 3516; x_wconf 82' lang='lat' dir='ltr'><strong>sapientiam,</strong></span> <span class='ocrx_word' id='word_1_504' title='bbox 1206 3451 1262 3498; x_wconf 90' lang='lat' dir='ltr'><strong>et</strong></span> <span class='ocrx_word' id='word_1_505' title='bbox 1308 3444 1437 3498; x_wconf 89' lang='lat' dir='ltr'><strong>talia</strong></span> <span class='ocrx_word' id='word_1_506' title='bbox 1484 3443 1840 3501; x_wconf 79' lang='lat' dir='ltr'><strong>nominando.</strong></span> <span class='ocrx_word' id='word_1_507' title='bbox 1890 3447 2027 3503; x_wconf 89' lang='lat' dir='ltr'><strong>Cum</strong></span> 
     </span>
    </p>
   </div>
   <div class='ocr_carea' id='block_1_69' title="bbox 455 3536 2027 3605">
    <p class='ocr_par' dir='ltr' id='par_1_69' title="bbox 455 3536 2027 3605">
     <span class='ocr_line' id='line_1_69' title="bbox 455 3536 2027 3605; baseline 0.002 -13"><span class='ocrx_word' id='word_1_508' title='bbox 455 3555 582 3593; x_wconf 83' lang='lat' dir='ltr'><strong>vero</strong></span> <span class='ocrx_word' id='word_1_509' title='bbox 605 3553 766 3592; x_wconf 88' lang='lat' dir='ltr'><strong>omne</strong></span> <span class='ocrx_word' id='word_1_510' title='bbox 797 3536 1110 3592; x_wconf 84' lang='lat' dir='ltr'><strong>necessario</strong></span> <span class='ocrx_word' id='word_1_511' title='bbox 1137 3543 1358 3605; x_wconf 87' lang='lat' dir='ltr'><strong>propter</strong></span> <span class='ocrx_word' id='word_1_512' title='bbox 1386 3544 1628 3592; x_wconf 86' lang='lat' dir='ltr'><strong>nostram</strong></span> <span class='ocrx_word' id='word_1_513' title='bbox 1657 3537 2027 3595; x_wconf 89' lang='lat' dir='ltr'><strong>inﬁrmitatem</strong></span> 
     </span>
    </p>
   </div>
   <div class='ocr_carea' id='block_1_70' title="bbox 455 3627 2031 3696">
    <p class='ocr_par' dir='ltr' id='par_1_70' title="bbox 455 3627 2031 3696">
     <span class='ocr_line' id='line_1_70' title="bbox 455 3627 2031 3696; baseline 0.002 -12"><span class='ocrx_word' id='word_1_514' title='bbox 455 3637 794 3696; x_wconf 85' lang='lat' dir='ltr'><strong>assumptum</strong></span> <span class='ocrx_word' id='word_1_515' title='bbox 862 3627 1270 3696; x_wconf 86' lang='lat' dir='ltr'><strong>perpessionum</strong></span> <span class='ocrx_word' id='word_1_516' title='bbox 1309 3627 1735 3696; x_wconf 83' lang='lat' dir='ltr'><strong>experimentum</strong></span> <span class='ocrx_word' id='word_1_517' title='bbox 1780 3645 2031 3687; x_wconf 82' lang='lat' dir='ltr'><strong>sermone</strong></span> 
     </span>
    </p>
   </div>
   <div class='ocr_carea' id='block_1_71' title="bbox 455 3719 2030 3792">
    <p class='ocr_par' dir='ltr' id='par_1_71' title="bbox 455 3719 2030 3792">
     <span class='ocr_line' id='line_1_71' title="bbox 455 3719 2030 3792; baseline 0.003 -15"><span class='ocrx_word' id='word_1_518' title='bbox 455 3721 751 3778; x_wconf 85' lang='lat' dir='ltr'><strong>describit:</strong></span> <span class='ocrx_word' id='word_1_519' title='bbox 792 3734 858 3775; x_wconf 81' lang='lat' dir='ltr'><strong>ex</strong></span> <span class='ocrx_word' id='word_1_520' title='bbox 883 3727 1072 3774; x_wconf 90' lang='lat' dir='ltr'><strong>nostro</strong></span> <span class='ocrx_word' id='word_1_521' title='bbox 1104 3719 1266 3775; x_wconf 84' lang='lat' dir='ltr'><strong>simul</strong></span> <span class='ocrx_word' id='word_1_522' title='bbox 1297 3727 1592 3792; x_wconf 82' lang='lat' dir='ltr'><strong>utrumque</strong></span> <span class='ocrx_word' id='word_1_523' title='bbox 1637 3724 1901 3789; x_wconf 85' lang='lat' dir='ltr'><strong>nominat,</strong></span> <span class='ocrx_word' id='word_1_524' title='bbox 1929 3725 2030 3781; x_wconf 71' lang='lat' dir='ltr'><strong>ho~</strong></span> 
     </span>
    </p>
   </div>
   <div class='ocr_carea' id='block_1_72' title="bbox 458 3812 2032 3882">
    <p class='ocr_par' dir='ltr' id='par_1_72' title="bbox 458 3812 2032 3882">
     <span class='ocr_line' id='line_1_72' title="bbox 458 3812 2032 3882; baseline 0.003 -14"><span class='ocrx_word' id='word_1_525' title='bbox 458 3815 658 3868; x_wconf 89' lang='lat' dir='ltr'><strong>minem</strong></span> <span class='ocrx_word' id='word_1_526' title='bbox 716 3812 892 3882; x_wconf 90' lang='lat' dir='ltr'><strong>ipsum</strong></span> <span class='ocrx_word' id='word_1_527' title='bbox 936 3812 1236 3881; x_wconf 87' lang='lat' dir='ltr'><strong>appellans,</strong></span> <span class='ocrx_word' id='word_1_528' title='bbox 1270 3828 1377 3868; x_wconf 89' lang='lat' dir='ltr'><strong>non</strong></span> <span class='ocrx_word' id='word_1_529' title='bbox 1427 3829 1769 3870; x_wconf 85' lang='lat' dir='ltr'><strong>communem</strong></span> <span class='ocrx_word' id='word_1_530' title='bbox 1825 3817 2032 3872; x_wconf 77' lang='lat' dir='ltr'><strong>faciens</strong></span> 
     </span>
    </p>
   </div>
   <div class='ocr_carea' id='block_1_73' title="bbox 459 3903 2033 3979">
    <p class='ocr_par' dir='ltr' id='par_1_73' title="bbox 459 3903 2033 3979">
     <span class='ocr_line' id='line_1_73' title="bbox 459 3903 2033 3979; baseline 0.004 -21"><span class='ocrx_word' id='word_1_531' title='bbox 459 3919 585 3959; x_wconf 90' lang='lat' dir='ltr'><strong>cum</strong></span> <span class='ocrx_word' id='word_1_532' title='bbox 614 3903 838 3976; x_wconf 10' lang='lat' dir='ltr'><strong>reliqua}</strong></span> <span class='ocrx_word' id='word_1_533' title='bbox 861 3909 1054 3957; x_wconf 90' lang='lat' dir='ltr'><strong>natura</strong></span> <span class='ocrx_word' id='word_1_534' title='bbox 1077 3919 1173 3973; x_wconf 91' lang='lat' dir='ltr'><strong>per</strong></span> <span class='ocrx_word' id='word_1_535' title='bbox 1202 3920 1389 3960; x_wconf 85' lang='lat' dir='ltr'><strong>vocem</strong></span> <span class='ocrx_word' id='word_1_536' title='bbox 1417 3921 1542 3962; x_wconf 89' lang='lat' dir='ltr'><strong>eum</strong></span> <span class='ocrx_word' id='word_1_537' title='bbox 1575 3907 1667 3978; x_wconf 83' lang='lat' dir='ltr'><strong>qui</strong></span> <span class='ocrx_word' id='word_1_538' title='bbox 1697 3907 2033 3979; x_wconf 85' lang='lat' dir='ltr'><strong>signiﬁcatur</strong></span> 
     </span>
    </p>
   </div>
   <div class='ocr_carea' id='block_1_74' title="bbox 461 3995 2035 4067">
    <p class='ocr_par' dir='ltr' id='par_1_74' title="bbox 461 3995 2035 4067">
     <span class='ocr_line' id='line_1_74' title="bbox 461 3995 2035 4067; baseline 0.003 -18"><span class='ocrx_word' id='word_1_539' title='bbox 461 3997 537 4067; x_wconf 84' lang='lat' dir='ltr'><strong>(b)</strong></span> <span class='ocrx_word' id='word_1_540' title='bbox 551 4003 610 4051; x_wconf 87' lang='lat' dir='ltr'><strong>ut</strong></span> <span class='ocrx_word' id='word_1_541' title='bbox 626 3995 680 4050; x_wconf 89' lang='lat' dir='ltr'><strong>in</strong></span> <span class='ocrx_word' id='word_1_542' title='bbox 697 4005 925 4064; x_wconf 84' lang='lat' dir='ltr'><strong>utraque</strong></span> <span class='ocrx_word' id='word_1_543' title='bbox 961 3995 1106 4064; x_wconf 85' lang='lat' dir='ltr'><strong>quod</strong></span> <span class='ocrx_word' id='word_1_544' title='bbox 1129 3995 1276 4066; x_wconf 91' lang='lat' dir='ltr'><strong>pium</strong></span> <span class='ocrx_word' id='word_1_545' title='bbox 1296 4006 1380 4051; x_wconf 89' lang='lat' dir='ltr'><strong>est</strong></span> <span class='ocrx_word' id='word_1_546' title='bbox 1397 4007 1755 4054; x_wconf 85' lang='lat' dir='ltr'><strong>conservetur</strong></span> <span class='ocrx_word' id='word_1_547' title='bbox 1770 4007 1822 4054; x_wconf 91' lang='lat' dir='ltr'><strong>et</strong></span> <span class='ocrx_word' id='word_1_548' title='bbox 1847 4000 2035 4053; x_wconf 86' lang='lat' dir='ltr'><strong>Imma-</strong></span> 
     </span>
    </p>
   </div>
   <div class='ocr_carea' id='block_1_75' title="bbox 460 4086 2034 4162">
    <p class='ocr_par' dir='ltr' id='par_1_75' title="bbox 460 4086 2034 4162">
     <span class='ocr_line' id='line_1_75' title="bbox 460 4086 2034 4162; baseline 0.003 -21"><span class='ocrx_word' id='word_1_549' title='bbox 460 4089 627 4141; x_wconf 87' lang='lat' dir='ltr'><strong>nilate</strong></span> <span class='ocrx_word' id='word_1_550' title='bbox 655 4102 750 4155; x_wconf 86' lang='lat' dir='ltr'><strong>per</strong></span> <span class='ocrx_word' id='word_1_551' title='bbox 771 4086 1196 4156; x_wconf 85' lang='lat' dir='ltr'><strong>assumptionem</strong></span> <span class='ocrx_word' id='word_1_552' title='bbox 1211 4087 1530 4157; x_wconf 75' lang='lat' dir='ltr'><strong>gloriﬁcata,</strong></span> <span class='ocrx_word' id='word_1_553' title='bbox 1554 4096 1607 4144; x_wconf 91' lang='lat' dir='ltr'><strong>et</strong></span> <span class='ocrx_word' id='word_1_554' title='bbox 1635 4089 1920 4145; x_wconf 80' lang='lat' dir='ltr'><strong>divinitate</strong></span> <span class='ocrx_word' id='word_1_555' title='bbox 1939 4107 2034 4162; x_wconf 87' lang='lat' dir='ltr'><strong>per</strong></span> 
     </span>
    </p>
   </div>
   <div class='ocr_carea' id='block_1_76' title="bbox 461 4177 2033 4254">
    <p class='ocr_par' dir='ltr' id='par_1_76' title="bbox 461 4177 2033 4254">
     <span class='ocr_line' id='line_1_76' title="bbox 461 4177 2033 4254; baseline 0.004 -22"><span class='ocrx_word' id='word_1_556' title='bbox 461 4178 1017 4233; x_wconf 82' lang='lat' dir='ltr'><strong>accomruodationem</strong></span> <span class='ocrx_word' id='word_1_557' title='bbox 1078 4177 1378 4233; x_wconf 75' lang='lat' dir='ltr'><strong>exinanita.</strong></span> <span class='ocrx_word' id='word_1_558' title='bbox 1415 4179 1520 4236; x_wconf 90' lang='lat' dir='ltr'><strong>Sed</strong></span> <span class='ocrx_word' id='word_1_559' title='bbox 1557 4181 1646 4251; x_wconf 89' lang='lat' dir='ltr'><strong>qui</strong></span> <span class='ocrx_word' id='word_1_560' title='bbox 1679 4183 1768 4237; x_wconf 90' lang='lat' dir='ltr'><strong>det</strong></span> <span class='ocrx_word' id='word_1_561' title='bbox 1813 4184 2033 4254; x_wconf 89' lang='lat' dir='ltr'><strong>quidem</strong></span> 
     </span>
    </p>
   </div>
   <div class='ocr_carea' id='block_1_77' title="bbox 464 4271 2032 4344">
    <p class='ocr_par' dir='ltr' id='par_1_77' title="bbox 464 4271 2032 4344">
     <span class='ocr_line' id='line_1_77' title="bbox 464 4271 2032 4344; baseline 0.004 -18"><span class='ocrx_word' id='word_1_562' title='bbox 464 4271 909 4344; x_wconf 89' lang='lat' dir='ltr'><strong>perpessionibus</strong></span> <span class='ocrx_word' id='word_1_563' title='bbox 960 4271 1253 4326; x_wconf 80' lang='lat' dir='ltr'><strong>humanam</strong></span> <span class='ocrx_word' id='word_1_564' title='bbox 1309 4281 1541 4342; x_wconf 90' lang='lat' dir='ltr'><strong>partem,</strong></span> <span class='ocrx_word' id='word_1_565' title='bbox 1597 4285 1854 4344; x_wconf 81' lang='lat' dir='ltr'><strong>operetur</strong></span> <span class='ocrx_word' id='word_1_566' title='bbox 1900 4293 2032 4332; x_wconf 90' lang='lat' dir='ltr'><strong>vero</strong></span> 
     </span>
    </p>
   </div>
   <div class='ocr_carea' id='block_1_78' title="bbox 461 4344 2107 4436">
    <p class='ocr_par' dir='ltr' id='par_1_78' title="bbox 461 4344 2107 4436">
     <span class='ocr_line' id='line_1_78' title="bbox 461 4344 2107 4436; baseline 0.003 -16"><span class='ocrx_word' id='word_1_567' title='bbox 461 4380 582 4434; x_wconf 58' lang='lat' dir='ltr'><strong>ejus</strong></span> <span class='ocrx_word' id='word_1_568' title='bbox 612 4365 702 4434; x_wconf 91' lang='lat' dir='ltr'><strong>qui</strong></span> <span class='ocrx_word' id='word_1_569' title='bbox 735 4380 1027 4435; x_wconf 89' lang='lat' dir='ltr'><strong>perpessus</strong></span> <span class='ocrx_word' id='word_1_570' title='bbox 1061 4376 1144 4419; x_wconf 89' lang='lat' dir='ltr'><strong>est</strong></span> <span class='ocrx_word' id='word_1_571' title='bbox 1165 4370 1624 4420; x_wconf 86' lang='lat' dir='ltr'><strong>resurrectionem</strong></span> <span class='ocrx_word' id='word_1_572' title='bbox 1661 4383 1758 4436; x_wconf 89' lang='lat' dir='ltr'><strong>per</strong></span> <span class='ocrx_word' id='word_1_573' title='bbox 1787 4369 2030 4424; x_wconf 87' lang='lat' dir='ltr'><strong>divinam</strong></span> <span class='ocrx_word' id='word_1_574' title='bbox 2067 4344 2107 4399; x_wconf 75' lang='grc' dir='ltr'>θ</span> 
     </span>
    </p>
   </div>
   <div class='ocr_carea' id='block_1_79' title="bbox 462 4454 2032 4531">
    <p class='ocr_par' dir='ltr' id='par_1_79' title="bbox 462 4454 2032 4531">
     <span class='ocr_line' id='line_1_79' title="bbox 462 4454 2032 4531; baseline 0.005 -22"><span class='ocrx_word' id='word_1_575' title='bbox 462 4459 740 4509; x_wconf 79' lang='lat' dir='ltr'><strong>virtutem.</strong></span> <span class='ocrx_word' id='word_1_576' title='bbox 777 4454 834 4507; x_wconf 85' lang='lat' dir='ltr'><strong>Et</strong></span> <span class='ocrx_word' id='word_1_577' title='bbox 873 4455 950 4510; x_wconf 86' lang='lat' dir='ltr'><strong>sic</strong></span> <span class='ocrx_word' id='word_1_578' title='bbox 987 4455 1178 4510; x_wconf 92' lang='lat' dir='ltr'><strong>mortis</strong></span> <span class='ocrx_word' id='word_1_579' title='bbox 1213 4457 1646 4524; x_wconf 74' lang='lat' dir='ltr'><strong>experimentum</strong></span> <span class='ocrx_word' id='word_1_580' title='bbox 1684 4459 1750 4512; x_wconf 87' lang='lat' dir='ltr'><strong>ad</strong></span> <span class='ocrx_word' id='word_1_581' title='bbox 1784 4475 1907 4514; x_wconf 91' lang='lat' dir='ltr'><strong>eum</strong></span> <span class='ocrx_word' id='word_1_582' title='bbox 1937 4463 2032 4531; x_wconf 87' lang='lat' dir='ltr'><strong>qui</strong></span> 
     </span>
    </p>
   </div>
   <div class='ocr_carea' id='block_1_80' title="bbox 463 4546 2034 4622">
    <p class='ocr_par' dir='ltr' id='par_1_80' title="bbox 463 4546 2034 4622">
     <span class='ocr_line' id='line_1_80' title="bbox 463 4546 2034 4622; baseline 0.005 -23"><span class='ocrx_word' id='word_1_583' title='bbox 463 4549 736 4617; x_wconf 84' lang='lat' dir='ltr'><strong>particeps</strong></span> <span class='ocrx_word' id='word_1_584' title='bbox 776 4546 952 4602; x_wconf 82' lang='lat' dir='ltr'><strong>factus</strong></span> <span class='ocrx_word' id='word_1_585' title='bbox 977 4555 1060 4602; x_wconf 87' lang='lat' dir='ltr'><strong>est</strong></span> <span class='ocrx_word' id='word_1_586' title='bbox 1092 4556 1300 4601; x_wconf 57' lang='lat' dir='ltr'><strong>natura</strong></span> <span class='ocrx_word' id='word_1_587' title='bbox 1328 4550 1569 4616; x_wconf 91' lang='lat' dir='ltr'><strong>patibilis</strong></span> <span class='ocrx_word' id='word_1_588' title='bbox 1610 4549 1868 4616; x_wconf 85' lang='lat' dir='ltr'><strong>refertur,</strong></span> <span class='ocrx_word' id='word_1_589' title='bbox 1905 4569 2034 4622; x_wconf 84' lang='lat' dir='ltr'><strong>pro-</strong></span> 
     </span>
    </p>
   </div>
   <div class='ocr_carea' id='block_1_81' title="bbox 463 4638 2024 4709">
    <p class='ocr_par' dir='ltr' id='par_1_81' title="bbox 463 4638 2024 4709">
     <span class='ocr_line' id='line_1_81' title="bbox 463 4638 2024 4709; baseline 0.006 -18"><span class='ocrx_word' id='word_1_590' title='bbox 463 4650 582 4709; x_wconf 90' lang='lat' dir='ltr'><strong>pter</strong></span> <span class='ocrx_word' id='word_1_591' title='bbox 625 4638 862 4692; x_wconf 87' lang='lat' dir='ltr'><strong>hominis</strong></span> <span class='ocrx_word' id='word_1_592' title='bbox 893 4653 1079 4692; x_wconf 84' lang='lat' dir='ltr'><strong>secuut</strong></span> <span class='ocrx_word' id='word_1_593' title='bbox 1128 4639 1406 4693; x_wconf 84' lang='lat' dir='ltr'><strong>unionem.</strong></span> <span class='ocrx_word' id='word_1_594' title='bbox 1457 4643 1632 4709; x_wconf 80' lang='lat' dir='ltr'><strong>Atque</strong></span> <span class='ocrx_word' id='word_1_595' title='bbox 1680 4643 1771 4696; x_wconf 88' lang='lat' dir='ltr'><strong>illa</strong></span> <span class='ocrx_word' id='word_1_596' title='bbox 1811 4645 2024 4700; x_wconf 83' lang='lat' dir='ltr'><strong>excelsa</strong></span> 
     </span>
    </p>
   </div>
   <div class='ocr_carea' id='block_1_82' title="bbox 463 4729 2030 4791">
    <p class='ocr_par' dir='ltr' id='par_1_82' title="bbox 463 4729 2030 4791">
     <span class='ocr_line' id='line_1_82' title="bbox 463 4729 2030 4791; baseline 0.004 -6"><span class='ocrx_word' id='word_1_597' title='bbox 463 4742 518 4785; x_wconf 92' lang='lat' dir='ltr'><strong>et</strong></span> <span class='ocrx_word' id='word_1_598' title='bbox 550 4730 660 4783; x_wconf 88' lang='lat' dir='ltr'><strong>Deo</strong></span> <span class='ocrx_word' id='word_1_599' title='bbox 709 4729 906 4784; x_wconf 88' lang='lat' dir='ltr'><strong>decora</strong></span> <span class='ocrx_word' id='word_1_600' title='bbox 951 4730 1172 4783; x_wconf 88' lang='lat' dir='ltr'><strong>nomina</strong></span> <span class='ocrx_word' id='word_1_601' title='bbox 1224 4731 1277 4783; x_wconf 91' lang='lat' dir='ltr'><strong>in</strong></span> <span class='ocrx_word' id='word_1_602' title='bbox 1337 4731 1608 4786; x_wconf 88' lang='lat' dir='ltr'><strong>hominem</strong></span> <span class='ocrx_word' id='word_1_603' title='bbox 1664 4733 2030 4791; x_wconf 89' lang='lat' dir='ltr'><strong>descendunt.</strong></span> 
     </span>
    </p>
   </div>
   <div class='ocr_carea' id='block_1_83' title="bbox 465 4821 2036 4897">
    <p class='ocr_par' dir='ltr' id='par_1_83' title="bbox 465 4821 2036 4897">
     <span class='ocr_line' id='line_1_83' title="bbox 465 4821 2036 4897; baseline 0.004 -22"><span class='ocrx_word' id='word_1_604' title='bbox 465 4823 543 4875; x_wconf 85' lang='lat' dir='ltr'><strong>Ita</strong></span> <span class='ocrx_word' id='word_1_605' title='bbox 587 4833 647 4876; x_wconf 91' lang='lat' dir='ltr'><strong>ut</strong></span> <span class='ocrx_word' id='word_1_606' title='bbox 697 4821 960 4877; x_wconf 87' lang='lat' dir='ltr'><strong>Dominus</strong></span> <span class='ocrx_word' id='word_1_607' title='bbox 993 4823 1178 4892; x_wconf 65' lang='lat' dir='ltr'><strong>gloriae</strong></span> <span class='ocrx_word' id='word_1_608' title='bbox 1231 4821 1277 4877; x_wconf 91' lang='lat' dir='ltr'><strong>is</strong></span> <span class='ocrx_word' id='word_1_609' title='bbox 1308 4825 1399 4890; x_wconf 87' lang='lat' dir='ltr'><strong>qui</strong></span> <span class='ocrx_word' id='word_1_610' title='bbox 1432 4824 1484 4876; x_wconf 92' lang='lat' dir='ltr'><strong>in</strong></span> <span class='ocrx_word' id='word_1_611' title='bbox 1535 4839 1700 4879; x_wconf 88' lang='lat' dir='ltr'><strong>cruce</strong></span> <span class='ocrx_word' id='word_1_612' title='bbox 1744 4828 1898 4884; x_wconf 82' lang='lat' dir='ltr'><strong>visus</strong></span> <span class='ocrx_word' id='word_1_613' title='bbox 1930 4838 2036 4897; x_wconf 87' lang='lat' dir='ltr'><strong>est,</strong></span> 
     </span>
    </p>
   </div>
   <div class='ocr_carea' id='block_1_84' title="bbox 468 4912 2040 4987">
    <p class='ocr_par' dir='ltr' id='par_1_84' title="bbox 468 4912 2040 4987">
     <span class='ocr_line' id='line_1_84' title="bbox 468 4912 2040 4987; baseline 0.005 -21"><span class='ocrx_word' id='word_1_614' title='bbox 468 4915 802 4978; x_wconf 88' lang='lat' dir='ltr'><strong>nominetur,</strong></span> <span class='ocrx_word' id='word_1_615' title='bbox 854 4921 1074 4981; x_wconf 83' lang='lat' dir='ltr'><strong>propter</strong></span> <span class='ocrx_word' id='word_1_616' title='bbox 1120 4912 1572 4980; x_wconf 86' lang='lat' dir='ltr'><strong>temperatiouem</strong></span> <span class='ocrx_word' id='word_1_617' title='bbox 1617 4925 1828 4971; x_wconf 66' lang='lat' dir='ltr'><strong>naturae</strong></span> <span class='ocrx_word' id='word_1_618' title='bbox 1865 4917 2040 4987; x_wconf 87' lang='lat' dir='ltr'><strong>ipsius</strong></span> 
     </span>
    </p>
   </div>
   <div class='ocr_carea' id='block_1_85' title="bbox 466 5001 2039 5074">
    <p class='ocr_par' dir='ltr' id='par_1_85' title="bbox 466 5001 2039 5074">
     <span class='ocr_line' id='line_1_85' title="bbox 466 5001 2039 5074; baseline 0.001 -13"><span class='ocrx_word' id='word_1_619' title='bbox 466 5019 590 5061; x_wconf 84' lang='lat' dir='ltr'><strong>cum</strong></span> <span class='ocrx_word' id='word_1_620' title='bbox 629 5017 697 5058; x_wconf 82' lang='lat' dir='ltr'><strong>eo</strong></span> <span class='ocrx_word' id='word_1_621' title='bbox 727 5001 870 5072; x_wconf 90' lang='lat' dir='ltr'><strong>quod</strong></span> <span class='ocrx_word' id='word_1_622' title='bbox 900 5011 984 5056; x_wconf 87' lang='lat' dir='ltr'><strong>est</strong></span> <span class='ocrx_word' id='word_1_623' title='bbox 1011 5002 1236 5066; x_wconf 89' lang='lat' dir='ltr'><strong>humile,</strong></span> <span class='ocrx_word' id='word_1_624' title='bbox 1292 5010 1346 5057; x_wconf 91' lang='lat' dir='ltr'><strong>et</strong></span> <span class='ocrx_word' id='word_1_625' title='bbox 1372 5004 1515 5072; x_wconf 91' lang='lat' dir='ltr'><strong>quod</strong></span> <span class='ocrx_word' id='word_1_626' title='bbox 1549 5007 1721 5074; x_wconf 88' lang='lat' dir='ltr'><strong>gratia</strong></span> <span class='ocrx_word' id='word_1_627' title='bbox 1754 5009 2039 5062; x_wconf 89' lang='lat' dir='ltr'><strong>nominum</strong></span> 
     </span>
    </p>
   </div>
   <div class='ocr_carea' id='block_1_86' title="bbox 467 5094 2038 5155">
    <p class='ocr_par' dir='ltr' id='par_1_86' title="bbox 467 5094 2038 5155">
     <span class='ocr_line' id='line_1_86' title="bbox 467 5094 2038 5155; baseline -0.006 -1"><span class='ocrx_word' id='word_1_628' title='bbox 467 5115 532 5154; x_wconf 80' lang='lat' dir='ltr'><strong>ex</strong></span> <span class='ocrx_word' id='word_1_629' title='bbox 578 5096 763 5151; x_wconf 86' lang='lat' dir='ltr'><strong>divino</strong></span> <span class='ocrx_word' id='word_1_630' title='bbox 797 5095 862 5148; x_wconf 87' lang='lat' dir='ltr'><strong>ad</strong></span> <span class='ocrx_word' id='word_1_631' title='bbox 914 5094 1214 5148; x_wconf 88' lang='lat' dir='ltr'><strong>humanum</strong></span> <span class='ocrx_word' id='word_1_632' title='bbox 1249 5101 1511 5153; x_wconf 89' lang='lat' dir='ltr'><strong>transeat.</strong></span> <span class='ocrx_word' id='word_1_633' title='bbox 1547 5097 1629 5152; x_wconf 84' lang='lat' dir='ltr'><strong>Oh</strong></span> <span class='ocrx_word' id='word_1_634' title='bbox 1657 5114 1774 5155; x_wconf 82' lang='lat' dir='ltr'><strong>eam</strong></span> <span class='ocrx_word' id='word_1_635' title='bbox 1817 5115 2038 5154; x_wconf 69' lang='grc' dir='ltr'>οιιυεειιη</span> 
     </span>
    </p>
   </div>
   <div class='ocr_carea' id='block_1_87' title="bbox 469 5185 2040 5261">
    <p class='ocr_par' dir='ltr' id='par_1_87' title="bbox 469 5185 2040 5261">
     <span class='ocr_line' id='line_1_87' title="bbox 469 5185 2040 5261; baseline 0 -19"><span class='ocrx_word' id='word_1_636' title='bbox 469 5191 618 5246; x_wconf 84' lang='lat' dir='ltr'><strong>varie</strong></span> <span class='ocrx_word' id='word_1_637' title='bbox 679 5187 1105 5255; x_wconf 78' lang='lat' dir='ltr'><strong>diﬂ&#39;ereuterque</strong></span> <span class='ocrx_word' id='word_1_638' title='bbox 1142 5185 1318 5254; x_wconf 89' lang='lat' dir='ltr'><strong>ipsum</strong></span> <span class='ocrx_word' id='word_1_639' title='bbox 1370 5187 1568 5253; x_wconf 86' lang='lat' dir='ltr'><strong>tradit,</strong></span> <span class='ocrx_word' id='word_1_640' title='bbox 1619 5190 1779 5244; x_wconf 92' lang='lat' dir='ltr'><strong>modo</strong></span> <span class='ocrx_word' id='word_1_641' title='bbox 1821 5192 2040 5261; x_wconf 84' lang='lat' dir='ltr'><strong>quidem</strong></span> 
     </span>
    </p>
   </div>
   <div class='ocr_carea' id='block_1_88' title="bbox 469 5277 2043 5356">
    <p class='ocr_par' dir='ltr' id='par_1_88' title="bbox 469 5277 2043 5356">
     <span class='ocr_line' id='line_1_88' title="bbox 469 5277 2043 5356; baseline 0.001 -18"><span class='ocrx_word' id='word_1_642' title='bbox 469 5298 592 5338; x_wconf 85' lang='lat' dir='ltr'><strong>cum</strong></span> <span class='ocrx_word' id='word_1_643' title='bbox 632 5281 725 5351; x_wconf 91' lang='lat' dir='ltr'><strong>qui</strong></span> <span class='ocrx_word' id='word_1_644' title='bbox 770 5278 836 5334; x_wconf 88' lang='lat' dir='ltr'><strong>de</strong></span> <span class='ocrx_word' id='word_1_645' title='bbox 868 5278 1024 5333; x_wconf 62' lang='lat' dir='ltr'><strong>caelis</strong></span> <span class='ocrx_word' id='word_1_646' title='bbox 1055 5277 1358 5340; x_wconf 87' lang='lat' dir='ltr'><strong>descendit,</strong></span> <span class='ocrx_word' id='word_1_647' title='bbox 1411 5280 1572 5334; x_wconf 89' lang='lat' dir='ltr'><strong>modo</strong></span> <span class='ocrx_word' id='word_1_648' title='bbox 1605 5297 1635 5336; x_wconf 88' lang='lat' dir='ltr'><strong>e.</strong></span> <span class='ocrx_word' id='word_1_649' title='bbox 1681 5283 1912 5338; x_wconf 88' lang='lat' dir='ltr'><strong>muliere</strong></span> <span class='ocrx_word' id='word_1_650' title='bbox 1951 5300 2043 5356; x_wconf 82' lang='lat' dir='ltr'><strong>ge-</strong></span> 
     </span>
    </p>
   </div>
   <div class='ocr_carea' id='block_1_89' title="bbox 569 5376 1110 5441">
    <p class='ocr_par' dir='ltr' id='par_1_89' title="bbox 569 5376 1110 5441">
     <span class='ocr_line' id='line_1_89' title="bbox 569 5376 1110 5441; baseline -0.002 -12"><span class='ocrx_word' id='word_1_651' title='bbox 569 5381 609 5410; x_wconf 83' lang='lat'>&quot;</span> <span class='ocrx_word' id='word_1_652' title='bbox 655 5379 812 5433; x_wconf 73' lang='lat' dir='ltr'><strong>ltum.</strong></span> <span class='ocrx_word' id='word_1_653' title='bbox 859 5392 979 5441; x_wconf 84' lang='lat' dir='ltr'><strong>vrtt,</strong></span> <span class='ocrx_word' id='word_1_654' title='bbox 1020 5376 1110 5430; x_wconf 72' lang='lat'><strong>&#39;52.</strong></span> 
     </span>
    </p>
   </div>
   <div class='ocr_carea' id='block_1_90' title="bbox 532 5451 2038 5515">
    <p class='ocr_par' dir='ltr' id='par_1_90' title="bbox 532 5451 2038 5515">
     <span class='ocr_line' id='line_1_90' title="bbox 532 5451 2038 5515; baseline -0.003 -12"><span class='ocrx_word' id='word_1_655' title='bbox 532 5455 605 5515; x_wconf 73' lang='grc' dir='ltr'><strong>(τε)</strong></span> <span class='ocrx_word' id='word_1_656' title='bbox 624 5455 728 5505; x_wconf 82' lang='lat' dir='ltr'><strong>Hoc</strong></span> <span class='ocrx_word' id='word_1_657' title='bbox 749 5454 1003 5504; x_wconf 86' lang='lat' dir='ltr'><strong>invenitur</strong></span> <span class='ocrx_word' id='word_1_658' title='bbox 1022 5468 1071 5503; x_wconf 86' lang='lat' dir='ltr'><strong>tn</strong></span> <span class='ocrx_word' id='word_1_659' title='bbox 1089 5451 1448 5504; x_wconf 86' lang='lat' dir='ltr'><strong>Justintanied.</strong></span> <span class='ocrx_word' id='word_1_660' title='bbox 1463 5453 1536 5503; x_wconf 87' lang='lat' dir='ltr'><strong>De</strong></span> <span class='ocrx_word' id='word_1_661' title='bbox 1561 5453 1655 5515; x_wconf 77' lang='lat' dir='ltr'><strong>fide</strong></span> <span class='ocrx_word' id='word_1_662' title='bbox 1677 5452 1785 5503; x_wconf 88' lang='lat' dir='ltr'><strong>adv.</strong></span> <span class='ocrx_word' id='word_1_663' title='bbox 1807 5452 2038 5515; x_wconf 67' lang='lat' dir='ltr'><strong>hajreses.</strong></span> 
     </span>
    </p>
   </div>
   <div class='ocr_carea' id='block_1_91' title="bbox 532 5512 2037 5577">
    <p class='ocr_par' dir='ltr' id='par_1_91' title="bbox 532 5512 2037 5577">
     <span class='ocr_line' id='line_1_91' title="bbox 532 5512 2037 5577; baseline -0.007 -7"><span class='ocrx_word' id='word_1_664' title='bbox 532 5512 602 5577; x_wconf 83' lang='lat' dir='ltr'><strong>(h)</strong></span> <span class='ocrx_word' id='word_1_665' title='bbox 637 5517 828 5566; x_wconf 81' lang='lat' dir='ltr'><strong>Textus</strong></span> <span class='ocrx_word' id='word_1_666' title='bbox 862 5519 1060 5567; x_wconf 72' lang='lat' dir='ltr'><strong>Grmcus</strong></span> <span class='ocrx_word' id='word_1_667' title='bbox 1087 5523 1362 5577; x_wconf 85' lang='lat' dir='ltr'><strong>corruptus.</strong></span> <span class='ocrx_word' id='word_1_668' title='bbox 1395 5544 1448 5554; x_wconf 89' lang='lat'><strong><em>—</em></strong></span> <span class='ocrx_word' id='word_1_669' title='bbox 1472 5513 1760 5565; x_wconf 83' lang='lat' dir='ltr'><strong>Medicinam</strong></span> <span class='ocrx_word' id='word_1_670' title='bbox 1796 5513 1908 5564; x_wconf 69' lang='lat' dir='ltr'><strong>facit</strong></span> <span class='ocrx_word' id='word_1_671' title='bbox 1929 5512 2037 5561; x_wconf 85' lang='lat' dir='ltr'><strong>cod.</strong></span> 
     </span>
    </p>
   </div>
   <div class='ocr_carea' id='block_1_92' title="bbox 472 5577 2044 5642">
    <p class='ocr_par' dir='ltr' id='par_1_92' title="bbox 472 5577 2044 5642">
     <span class='ocr_line' id='line_1_92' title="bbox 472 5577 2044 5642; baseline 0.001 -14"><span class='ocrx_word' id='word_1_672' title='bbox 472 5580 665 5642; x_wconf 46' lang='lat' dir='ltr'><strong>“uvae,</strong></span> <span class='ocrx_word' id='word_1_673' title='bbox 689 5579 743 5642; x_wconf 77' lang='grc' dir='ltr'><strong>ού</strong></span> <span class='ocrx_word' id='word_1_674' title='bbox 773 5582 1056 5627; x_wconf 81' lang='grc' dir='ltr'>κοινοποιῶν</span> <span class='ocrx_word' id='word_1_675' title='bbox 1089 5577 1202 5642; x_wconf 81' lang='grc' dir='ltr'>πρὸς</span> <span class='ocrx_word' id='word_1_676' title='bbox 1232 5579 1316 5635; x_wconf 79' lang='grc' dir='ltr'>τὴν</span> <span class='ocrx_word' id='word_1_677' title='bbox 1341 5580 1506 5638; x_wconf 75' lang='grc' dir='ltr'>λοιπήν</span> <span class='ocrx_word' id='word_1_678' title='bbox 1529 5579 1663 5642; x_wconf 71' lang='grc' dir='ltr'>φύσιν</span> <span class='ocrx_word' id='word_1_679' title='bbox 1687 5579 1764 5642; x_wconf 67' lang='grc' dir='ltr'><strong>διὰ</strong></span> <span class='ocrx_word' id='word_1_680' title='bbox 1787 5584 1869 5642; x_wconf 78' lang='grc' dir='ltr'><strong>τῆς</strong></span> <span class='ocrx_word' id='word_1_681' title='bbox 1889 5580 2044 5642; x_wconf 57' lang='grc' dir='ltr'>φωνῆς</span> 
     </span>
    </p>
   </div>
   <div class='ocr_carea' id='block_1_93' title="bbox 467 5638 2043 5703">
    <p class='ocr_par' dir='ltr' id='par_1_93' title="bbox 467 5638 2043 5703">
     <span class='ocr_line' id='line_1_93' title="bbox 467 5638 2043 5703; baseline -0.003 -17"><span class='ocrx_word' id='word_1_682' title='bbox 467 5641 550 5687; x_wconf 68' lang='grc' dir='ltr'><strong>ἒτὸν</strong></span> <span class='ocrx_word' id='word_1_683' title='bbox 583 5640 894 5694; x_wconf 78' lang='grc' dir='ltr'>διελούμενον,</span> <span class='ocrx_word' id='word_1_684' title='bbox 921 5643 1022 5688; x_wconf 61' lang='grc' dir='ltr'>ἀλλ’</span> <span class='ocrx_word' id='word_1_685' title='bbox 1058 5638 1182 5688; x_wconf 64' lang='grc' dir='ltr'>ὥστε</span> <span class='ocrx_word' id='word_1_686' title='bbox 1213 5643 1316 5698; x_wconf 84' lang='grc' dir='ltr'>περὶ</span> <span class='ocrx_word' id='word_1_687' title='bbox 1345 5638 1564 5703; x_wconf 70' lang='grc' dir='ltr'>ἑκάτερον</span> <span class='ocrx_word' id='word_1_688' title='bbox 1590 5638 1644 5689; x_wconf 77' lang='grc' dir='ltr'><strong>τὸ</strong></span> <span class='ocrx_word' id='word_1_689' title='bbox 1676 5641 1861 5694; x_wconf 73' lang='grc' dir='ltr'>εὐσεϐὲς</span> <span class='ocrx_word' id='word_1_690' title='bbox 1900 5638 2043 5684; x_wconf 71' lang='grc' dir='ltr'>τύλα-</span> 
     </span>
    </p>
   </div>
   <div class='ocr_carea' id='block_1_94' title="bbox 2129 3070 3696 3164">
    <p class='ocr_par' dir='ltr' id='par_1_94' title="bbox 2129 3070 3696 3164">
     <span class='ocr_line' id='line_1_94' title="bbox 2129 3070 3696 3164; baseline -0.015 -19"><span class='ocrx_word' id='word_1_691' title='bbox 2129 3109 2217 3164; x_wconf 80' lang='grc' dir='ltr'>σῃ,</span> <span class='ocrx_word' id='word_1_692' title='bbox 2277 3093 2388 3152; x_wconf 87' lang='grc' dir='ltr'>τοῖς</span> <span class='ocrx_word' id='word_1_693' title='bbox 2434 3085 2784 3156; x_wconf 63' lang='grc' dir='ltr'>ὑψηλοτέροις</span> <span class='ocrx_word' id='word_1_694' title='bbox 2820 3082 3083 3151; x_wconf 86' lang='grc' dir='ltr'>κέχρηται</span> <span class='ocrx_word' id='word_1_695' title='bbox 3126 3075 3234 3129; x_wconf 79' lang='grc' dir='ltr'>τῶν</span> <span class='ocrx_word' id='word_1_696' title='bbox 3272 3073 3568 3164; x_wconf 81' lang='grc' dir='ltr'>ὀνομάτων,</span> <span class='ocrx_word' id='word_1_697' title='bbox 3606 3070 3696 3164; x_wconf 68' lang='grc' dir='ltr'><strong>ἐπὶ</strong></span> 
     </span>
    </p>
   </div>
   <div class='ocr_carea' id='block_1_95' title="bbox 2128 3161 3696 3244">
    <p class='ocr_par' dir='ltr' id='par_1_95' title="bbox 2128 3161 3696 3244">
     <span class='ocr_line' id='line_1_95' title="bbox 2128 3161 3696 3244; baseline -0.018 -4"><span class='ocrx_word' id='word_1_698' title='bbox 2128 3161 2342 3240; x_wconf 71' lang='grc' dir='ltr'>πάντων</span> <span class='ocrx_word' id='word_1_699' title='bbox 2369 3180 2532 3244; x_wconf 86' lang='grc' dir='ltr'>Θεὸν,</span> <span class='ocrx_word' id='word_1_700' title='bbox 2578 3176 2672 3230; x_wconf 75' lang='grc' dir='ltr'>καὶ</span> <span class='ocrx_word' id='word_1_701' title='bbox 2702 3174 2874 3244; x_wconf 84' lang='grc' dir='ltr'>μέγαν</span> <span class='ocrx_word' id='word_1_702' title='bbox 2918 3171 3082 3234; x_wconf 82' lang='grc' dir='ltr'>Θεὸν,</span> <span class='ocrx_word' id='word_1_703' title='bbox 3127 3168 3222 3222; x_wconf 71' lang='grc' dir='ltr'><strong>καὶ</strong></span> <span class='ocrx_word' id='word_1_704' title='bbox 3269 3167 3494 3234; x_wconf 88' lang='grc' dir='ltr'>δύναμιν</span> <span class='ocrx_word' id='word_1_705' title='bbox 3535 3161 3696 3222; x_wconf 74' lang='grc' dir='ltr'>Θεοῦ,</span> 
     </span>
    </p>
   </div>
   <div class='ocr_carea' id='block_1_96' title="bbox 2126 3254 3697 3343">
    <p class='ocr_par' dir='ltr' id='par_1_96' title="bbox 2126 3254 3697 3343">
     <span class='ocr_line' id='line_1_96' title="bbox 2126 3254 3697 3343; baseline -0.017 -12"><span class='ocrx_word' id='word_1_706' title='bbox 2126 3279 2221 3332; x_wconf 74' lang='grc' dir='ltr'>καὶ</span> <span class='ocrx_word' id='word_1_707' title='bbox 2273 3274 2484 3343; x_wconf 78' lang='grc' dir='ltr'>σοφίαν,</span> <span class='ocrx_word' id='word_1_708' title='bbox 2539 3270 2633 3324; x_wconf 74' lang='grc' dir='ltr'>καὶ</span> <span class='ocrx_word' id='word_1_709' title='bbox 2676 3269 2743 3323; x_wconf 73' lang='grc' dir='ltr'>τὰ</span> <span class='ocrx_word' id='word_1_710' title='bbox 2779 3265 3001 3320; x_wconf 81' lang='grc' dir='ltr'>τοιαῦτα</span> <span class='ocrx_word' id='word_1_711' title='bbox 3041 3261 3242 3317; x_wconf 84' lang='grc' dir='ltr'>καλῶν.</span> <span class='ocrx_word' id='word_1_712' title='bbox 3294 3260 3484 3312; x_wconf 76' lang='grc' dir='ltr'>Πᾶσαν</span> <span class='ocrx_word' id='word_1_713' title='bbox 3516 3256 3572 3309; x_wconf 82' lang='grc' dir='ltr'><strong>δὲ</strong></span> <span class='ocrx_word' id='word_1_714' title='bbox 3601 3254 3697 3324; x_wconf 75' lang='grc' dir='ltr'>τὴν</span> 
     </span>
    </p>
   </div>
   <div class='ocr_carea' id='block_1_97' title="bbox 2125 3345 3701 3437">
    <p class='ocr_par' dir='ltr' id='par_1_97' title="bbox 2125 3345 3701 3437">
     <span class='ocr_line' id='line_1_97' title="bbox 2125 3345 3701 3437; baseline -0.017 -13"><span class='ocrx_word' id='word_1_715' title='bbox 2125 3367 2434 3437; x_wconf 68' lang='grc' dir='ltr'>άλαγκαίως</span> <span class='ocrx_word' id='word_1_716' title='bbox 2464 3363 2552 3417; x_wconf 81' lang='grc' dir='ltr'><strong>διὰ</strong></span> <span class='ocrx_word' id='word_1_717' title='bbox 2579 3362 2639 3415; x_wconf 88' lang='grc' dir='ltr'><strong>τὸ</strong></span> <span class='ocrx_word' id='word_1_718' title='bbox 2671 3361 2935 3433; x_wconf 79' lang='grc' dir='ltr'>ἡμέτερον</span> <span class='ocrx_word' id='word_1_719' title='bbox 2965 3355 3184 3418; x_wconf 81' lang='grc' dir='ltr'>ἀσθενὲς</span> <span class='ocrx_word' id='word_1_720' title='bbox 3218 3345 3701 3422; x_wconf 70' lang='grc' dir='ltr'><strong>συμπαραληφθεῖ⁶</strong></span> 
     </span>
    </p>
   </div>
   <div class='ocr_carea' id='block_1_98' title="bbox 2129 3440 3693 3526">
    <p class='ocr_par' dir='ltr' id='par_1_98' title="bbox 2129 3440 3693 3526">
     <span class='ocr_line' id='line_1_98' title="bbox 2129 3440 3693 3526; baseline -0.018 -10"><span class='ocrx_word' id='word_1_721' title='bbox 2129 3480 2228 3517; x_wconf 93' lang='grc' dir='ltr'><strong>σαν</strong></span> <span class='ocrx_word' id='word_1_722' title='bbox 2268 3461 2375 3514; x_wconf 83' lang='grc' dir='ltr'>τῶν</span> <span class='ocrx_word' id='word_1_723' title='bbox 2417 3454 2754 3526; x_wconf 83' lang='grc' dir='ltr'>παθημάτων</span> <span class='ocrx_word' id='word_1_724' title='bbox 2803 3453 2995 3521; x_wconf 84' lang='grc' dir='ltr'>πεῖραν</span> <span class='ocrx_word' id='word_1_725' title='bbox 3044 3445 3374 3518; x_wconf 61' lang='grc' dir='ltr'>ὑπογράφων</span> <span class='ocrx_word' id='word_1_726' title='bbox 3411 3440 3491 3510; x_wconf 82' lang='grc' dir='ltr'>τῷ</span> <span class='ocrx_word' id='word_1_727' title='bbox 3532 3440 3693 3506; x_wconf 71' lang='grc' dir='ltr'>λόγῳ,</span> 
     </span>
    </p>
   </div>
   <div class='ocr_carea' id='block_1_99' title="bbox 2128 3532 3693 3621">
    <p class='ocr_par' dir='ltr' id='par_1_99' title="bbox 2128 3532 3693 3621">
     <span class='ocr_line' id='line_1_99' title="bbox 2128 3532 3693 3621; baseline -0.018 -15"><span class='ocrx_word' id='word_1_728' title='bbox 2128 3557 2193 3608; x_wconf 83' lang='grc' dir='ltr'>ὲκ</span> <span class='ocrx_word' id='word_1_729' title='bbox 2247 3552 2341 3606; x_wconf 81' lang='grc' dir='ltr'><strong>τοῦ</strong></span> <span class='ocrx_word' id='word_1_730' title='bbox 2392 3547 2665 3621; x_wconf 78' lang='grc' dir='ltr'>ἡμετέρου</span> <span class='ocrx_word' id='word_1_731' title='bbox 2720 3539 3077 3612; x_wconf 83' lang='grc' dir='ltr'>κατονομάζει</span> <span class='ocrx_word' id='word_1_732' title='bbox 3131 3537 3192 3590; x_wconf 88' lang='grc' dir='ltr'><strong>τὸ</strong></span> <span class='ocrx_word' id='word_1_733' title='bbox 3251 3532 3654 3602; x_wconf 74' lang='grc' dir='ltr'>συναμφότερον</span> <span class='ocrx_word' id='word_1_734' title='bbox 3679 3543 3693 3559; x_wconf 90' lang='grc'><strong>·</strong></span> 
     </span>
    </p>
   </div>
   <div class='ocr_carea' id='block_1_100' title="bbox 2128 3621 3697 3716">
    <p class='ocr_par' dir='ltr' id='par_1_100' title="bbox 2128 3621 3697 3716">
     <span class='ocr_line' id='line_1_100' title="bbox 2128 3621 3697 3716; baseline -0.018 -16"><span class='ocrx_word' id='word_1_735' title='bbox 2128 3646 2412 3716; x_wconf 77' lang='grc' dir='ltr'>ἄνθρωπον</span> <span class='ocrx_word' id='word_1_736' title='bbox 2452 3639 2610 3694; x_wconf 79' lang='grc' dir='ltr'>αὑτὸν</span> <span class='ocrx_word' id='word_1_737' title='bbox 2642 3633 3076 3708; x_wconf 79' lang='grc' dir='ltr'>προσαγορεύων,</span> <span class='ocrx_word' id='word_1_738' title='bbox 3110 3630 3169 3682; x_wconf 81' lang='grc' dir='ltr'><strong>ού</strong></span> <span class='ocrx_word' id='word_1_739' title='bbox 3197 3624 3511 3682; x_wconf 84' lang='grc' dir='ltr'>κοινοποιῶν</span> <span class='ocrx_word' id='word_1_740' title='bbox 3562 3621 3697 3693; x_wconf 66' lang='grc' dir='ltr'>πρὸς</span> 
     </span>
    </p>
   </div>
   <div class='ocr_carea' id='block_1_101' title="bbox 2129 3716 3700 3809">
    <p class='ocr_par' dir='ltr' id='par_1_101' title="bbox 2129 3716 3700 3809">
     <span class='ocr_line' id='line_1_101' title="bbox 2129 3716 3700 3809; baseline -0.015 -19"><span class='ocrx_word' id='word_1_741' title='bbox 2129 3738 2230 3809; x_wconf 81' lang='grc' dir='ltr'>τὴν</span> <span class='ocrx_word' id='word_1_742' title='bbox 2272 3733 2462 3804; x_wconf 74' lang='grc' dir='ltr'>λοιπὴν</span> <span class='ocrx_word' id='word_1_743' title='bbox 2498 3730 2656 3801; x_wconf 75' lang='grc' dir='ltr'>φύσιν</span> <span class='ocrx_word' id='word_1_744' title='bbox 2701 3726 2788 3780; x_wconf 70' lang='grc' dir='ltr'><strong>διὰ</strong></span> <span class='ocrx_word' id='word_1_745' title='bbox 2828 3725 2928 3796; x_wconf 71' lang='grc' dir='ltr'>τῆς</span> <span class='ocrx_word' id='word_1_746' title='bbox 2965 3723 3146 3793; x_wconf 76' lang='grc' dir='ltr'><strong>φωνῆς</strong></span> <span class='ocrx_word' id='word_1_747' title='bbox 3189 3720 3277 3774; x_wconf 85' lang='grc' dir='ltr'><strong>τὸν</strong></span> <span class='ocrx_word' id='word_1_748' title='bbox 3330 3718 3395 3774; x_wconf 83' lang='grc' dir='ltr'><strong>δ.</strong></span> <span class='ocrx_word' id='word_1_749' title='bbox 3421 3757 3435 3769; x_wconf 93' lang='grc'>.</span> <span class='ocrx_word' id='word_1_750' title='bbox 3465 3716 3700 3809; x_wconf 47' lang='grc' dir='ltr'>,ιτέραν</span> 
     </span>
    </p>
   </div>
   <div class='ocr_carea' id='block_1_102' title="bbox 2131 3806 3702 3891">
    <p class='ocr_par' dir='ltr' id='par_1_102' title="bbox 2131 3806 3702 3891">
     <span class='ocr_line' id='line_1_102' title="bbox 2131 3806 3702 3891; baseline -0.019 -8"><span class='ocrx_word' id='word_1_751' title='bbox 2131 3806 2194 3882; x_wconf 78' lang='grc' dir='ltr'><strong>τὸ</strong></span> <span class='ocrx_word' id='word_1_752' title='bbox 2214 3825 2494 3880; x_wconf 76' lang='grc' dir='ltr'>εὐσέϐειαν</span> <span class='ocrx_word' id='word_1_753' title='bbox 2528 3818 2884 3891; x_wconf 78' lang='grc' dir='ltr'>φυλαχθῆναι,</span> <span class='ocrx_word' id='word_1_754' title='bbox 2915 3814 3008 3867; x_wconf 79' lang='grc' dir='ltr'>τοῦ</span> <span class='ocrx_word' id='word_1_755' title='bbox 3037 3831 3094 3867; x_wconf 85' lang='grc' dir='ltr'><strong>τε</strong></span> <span class='ocrx_word' id='word_1_756' title='bbox 3127 3809 3464 3881; x_wconf 80' lang='grc' dir='ltr'>ἀνθρωπίνου</span> <span class='ocrx_word' id='word_1_757' title='bbox 3493 3806 3580 3858; x_wconf 74' lang='grc' dir='ltr'><strong>διὰ</strong></span> <span class='ocrx_word' id='word_1_758' title='bbox 3604 3806 3702 3874; x_wconf 79' lang='grc' dir='ltr'><strong>τῆς</strong></span> 
     </span>
    </p>
   </div>
   <div class='ocr_carea' id='block_1_103' title="bbox 2130 3898 3699 3986">
    <p class='ocr_par' dir='ltr' id='par_1_103' title="bbox 2130 3898 3699 3986">
     <span class='ocr_line' id='line_1_103' title="bbox 2130 3898 3699 3986; baseline -0.017 -15"><span class='ocrx_word' id='word_1_759' title='bbox 2130 3915 2451 3986; x_wconf 66' lang='grc' dir='ltr'>ἀναλήψεως</span> <span class='ocrx_word' id='word_1_760' title='bbox 2479 3906 2856 3978; x_wconf 78' lang='grc' dir='ltr'>δοξαζομένου,</span> <span class='ocrx_word' id='word_1_761' title='bbox 2886 3905 2978 3958; x_wconf 74' lang='grc' dir='ltr'><strong>καὶ</strong></span> <span class='ocrx_word' id='word_1_762' title='bbox 3017 3902 3110 3956; x_wconf 81' lang='grc' dir='ltr'><strong>τοῦ</strong></span> <span class='ocrx_word' id='word_1_763' title='bbox 3131 3901 3286 3954; x_wconf 58' lang='grc' dir='ltr'>(λείου</span> <span class='ocrx_word' id='word_1_764' title='bbox 3315 3899 3401 3952; x_wconf 82' lang='grc' dir='ltr'><strong>διὰ</strong></span> <span class='ocrx_word' id='word_1_765' title='bbox 3445 3898 3545 3966; x_wconf 79' lang='grc' dir='ltr'>τῆς</span> <span class='ocrx_word' id='word_1_766' title='bbox 3575 3911 3699 3962; x_wconf 84' lang='grc' dir='ltr'>συγ-</span> 
     </span>
    </p>
   </div>
   <div class='ocr_carea' id='block_1_104' title="bbox 2135 3991 3700 4069">
    <p class='ocr_par' dir='ltr' id='par_1_104' title="bbox 2135 3991 3700 4069">
     <span class='ocr_line' id='line_1_104' title="bbox 2135 3991 3700 4069; baseline -0.018 -5"><span class='ocrx_word' id='word_1_767' title='bbox 2135 4008 2485 4068; x_wconf 78' lang='grc' dir='ltr'>καταϐάσεως</span> <span class='ocrx_word' id='word_1_768' title='bbox 2513 3994 3077 4069; x_wconf 58' lang='grc' dir='ltr'>κενουμένου,(ὁ)ἀλλὰ</span> <span class='ocrx_word' id='word_1_769' title='bbox 3101 3991 3330 4055; x_wconf 79' lang='grc' dir='ltr'>διδόντος</span> <span class='ocrx_word' id='word_1_770' title='bbox 3351 3991 3447 4064; x_wconf 82' lang='grc' dir='ltr'>μὲν</span> <span class='ocrx_word' id='word_1_771' title='bbox 3459 3992 3572 4052; x_wconf 83' lang='grc' dir='ltr'>τοῖς</span> <span class='ocrx_word' id='word_1_772' title='bbox 3601 4001 3700 4037; x_wconf 71' lang='grc' dir='ltr'>παι</span> 
     </span>
    </p>
   </div>
   <div class='ocr_carea' id='block_1_105' title="bbox 2134 4075 3701 4172">
    <p class='ocr_par' dir='ltr' id='par_1_105' title="bbox 2134 4075 3701 4172">
     <span class='ocr_line' id='line_1_105' title="bbox 2134 4075 3701 4172; baseline -0.019 -16"><span class='ocrx_word' id='word_1_773' title='bbox 2134 4102 2341 4172; x_wconf 83' lang='grc' dir='ltr'>θήμασι</span> <span class='ocrx_word' id='word_1_774' title='bbox 2383 4097 2441 4151; x_wconf 77' lang='grc' dir='ltr'><strong>τὸ</strong></span> <span class='ocrx_word' id='word_1_775' title='bbox 2489 4092 2826 4164; x_wconf 82' lang='grc' dir='ltr'>ἀνθρώπινον</span> <span class='ocrx_word' id='word_1_776' title='bbox 2883 4085 3043 4158; x_wconf 78' lang='grc' dir='ltr'>μέρος</span> <span class='ocrx_word' id='word_1_777' title='bbox 3067 4100 3082 4115; x_wconf 89' lang='grc'><strong>·</strong></span> <span class='ocrx_word' id='word_1_778' title='bbox 3133 4078 3480 4172; x_wconf 77' lang='grc' dir='ltr'>ἐνεργοῦντος</span> <span class='ocrx_word' id='word_1_779' title='bbox 3511 4077 3577 4172; x_wconf 21' lang='grc' dir='ltr'><strong>*δὲ</strong></span> <span class='ocrx_word' id='word_1_780' title='bbox 3608 4075 3701 4146; x_wconf 79' lang='grc' dir='ltr'>τὴν</span> 
     </span>
    </p>
   </div>
   <div class='ocr_carea' id='block_1_106' title="bbox 2134 4169 3698 4248">
    <p class='ocr_par' dir='ltr' id='par_1_106' title="bbox 2134 4169 3698 4248">
     <span class='ocr_line' id='line_1_106' title="bbox 2134 4169 3698 4248; baseline -0.019 -1"><span class='ocrx_word' id='word_1_781' title='bbox 2266 4187 2591 4248; x_wconf 70' lang='grc' dir='ltr'>πεπονθότος</span> <span class='ocrx_word' id='word_1_782' title='bbox 2628 4182 2924 4237; x_wconf 80' lang='grc' dir='ltr'>ἀνάστασιν</span> <span class='ocrx_word' id='word_1_783' title='bbox 2961 4175 3050 4230; x_wconf 85' lang='grc' dir='ltr'><strong>διὰ</strong></span> <span class='ocrx_word' id='word_1_784' title='bbox 3080 4173 3177 4244; x_wconf 80' lang='grc' dir='ltr'>τῆς</span> <span class='ocrx_word' id='word_1_785' title='bbox 3209 4172 3355 4234; x_wconf 84' lang='grc' dir='ltr'>θείας</span> <span class='ocrx_word' id='word_1_786' title='bbox 3398 4169 3698 4238; x_wconf 79' lang='grc' dir='ltr'>δυνάμεως.</span> 
     </span>
    </p>
   </div>
   <div class='ocr_carea' id='block_1_107' title="bbox 2136 4262 3701 4348">
    <p class='ocr_par' dir='ltr' id='par_1_107' title="bbox 2136 4262 3701 4348">
     <span class='ocr_line' id='line_1_107' title="bbox 2136 4262 3701 4348; baseline -0.019 -9"><span class='ocrx_word' id='word_1_787' title='bbox 2136 4285 2246 4340; x_wconf 72' lang='grc' dir='ltr'>Καὶ</span> <span class='ocrx_word' id='word_1_788' title='bbox 2275 4281 2447 4342; x_wconf 74' lang='grc' dir='ltr'>οὕτως</span> <span class='ocrx_word' id='word_1_789' title='bbox 2478 4278 2512 4348; x_wconf 77' lang='grc' dir='ltr'>ἦ</span> <span class='ocrx_word' id='word_1_790' title='bbox 2540 4293 2597 4329; x_wconf 87' lang='grc' dir='ltr'><strong>τε</strong></span> <span class='ocrx_word' id='word_1_791' title='bbox 2627 4273 2720 4328; x_wconf 79' lang='grc' dir='ltr'><strong>τοῦ</strong></span> <span class='ocrx_word' id='word_1_792' title='bbox 2755 4271 2980 4326; x_wconf 85' lang='grc' dir='ltr'>θανάτου</span> <span class='ocrx_word' id='word_1_793' title='bbox 3011 4269 3174 4337; x_wconf 82' lang='grc' dir='ltr'>πεῖρα</span> <span class='ocrx_word' id='word_1_794' title='bbox 3203 4263 3297 4316; x_wconf 74' lang='grc' dir='ltr'>ἐπὶ</span> <span class='ocrx_word' id='word_1_795' title='bbox 3325 4262 3417 4317; x_wconf 85' lang='grc' dir='ltr'><strong>τὸν</strong></span> <span class='ocrx_word' id='word_1_796' title='bbox 3447 4277 3701 4313; x_wconf 83' lang='grc' dir='ltr'>κεκοινω-</span> 
     </span>
    </p>
   </div>
   <div class='ocr_carea' id='block_1_108' title="bbox 2137 4346 3703 4445">
    <p class='ocr_par' dir='ltr' id='par_1_108' title="bbox 2137 4346 3703 4445">
     <span class='ocr_line' id='line_1_108' title="bbox 2137 4346 3703 4445; baseline -0.018 -17"><span class='ocrx_word' id='word_1_797' title='bbox 2137 4373 2336 4445; x_wconf 81' lang='grc' dir='ltr'>νηκότα</span> <span class='ocrx_word' id='word_1_798' title='bbox 2364 4371 2460 4440; x_wconf 85' lang='grc' dir='ltr'>τῆς</span> <span class='ocrx_word' id='word_1_799' title='bbox 2485 4363 2761 4436; x_wconf 77' lang='grc' dir='ltr'>έμπαθοῦς</span> <span class='ocrx_word' id='word_1_800' title='bbox 2784 4361 2994 4430; x_wconf 79' lang='grc' dir='ltr'>φύσεως</span> <span class='ocrx_word' id='word_1_801' title='bbox 3023 4356 3349 4425; x_wconf 76' lang='grc' dir='ltr'>ἀναφέρεται</span> <span class='ocrx_word' id='word_1_802' title='bbox 3373 4352 3461 4405; x_wconf 69' lang='grc' dir='ltr'><strong>διὰ</strong></span> <span class='ocrx_word' id='word_1_803' title='bbox 3489 4351 3588 4420; x_wconf 76' lang='grc' dir='ltr'>τὴν</span> <span class='ocrx_word' id='word_1_804' title='bbox 3613 4346 3703 4402; x_wconf 75' lang='grc' dir='ltr'><strong>τοῦ</strong></span> 
     </span>
    </p>
   </div>
   <div class='ocr_carea' id='block_1_109' title="bbox 2133 4438 3704 4535">
    <p class='ocr_par' dir='ltr' id='par_1_109' title="bbox 2133 4438 3704 4535">
     <span class='ocr_line' id='line_1_109' title="bbox 2133 4438 3704 4535; baseline -0.019 -17"><span class='ocrx_word' id='word_1_805' title='bbox 2133 4438 2428 4535; x_wconf 33' lang='grc' dir='ltr'>ἀνθρώπου-</span> <span class='ocrx_word' id='word_1_806' title='bbox 2473 4457 2608 4529; x_wconf 85' lang='grc' dir='ltr'>πρὸς</span> <span class='ocrx_word' id='word_1_807' title='bbox 2642 4454 2802 4508; x_wconf 77' lang='grc' dir='ltr'>αὑτὸν</span> <span class='ocrx_word' id='word_1_808' title='bbox 2835 4453 3026 4504; x_wconf 71' lang='grc' dir='ltr'>ἕνωσιν</span> <span class='ocrx_word' id='word_1_809' title='bbox 3053 4466 3065 4478; x_wconf 80' lang='grc'><em>’</em></span> <span class='ocrx_word' id='word_1_810' title='bbox 3115 4447 3210 4500; x_wconf 74' lang='grc' dir='ltr'>καὶ</span> <span class='ocrx_word' id='word_1_811' title='bbox 3235 4443 3302 4498; x_wconf 80' lang='grc' dir='ltr'>τὰ</span> <span class='ocrx_word' id='word_1_812' title='bbox 3331 4441 3510 4512; x_wconf 56' lang='lat' dir='ltr'><strong>owe</strong></span> <span class='ocrx_word' id='word_1_813' title='bbox 3529 4457 3585 4493; x_wconf 88' lang='grc' dir='ltr'><strong>τε</strong></span> 
     </span>
    </p>
   </div>
   <div class='ocr_carea' id='block_1_110' title="bbox 2137 4528 3707 4623">
    <p class='ocr_par' dir='ltr' id='par_1_110' title="bbox 2137 4528 3707 4623">
     <span class='ocr_line' id='line_1_110' title="bbox 2137 4528 3707 4623; baseline -0.017 -16"><span class='ocrx_word' id='word_1_814' title='bbox 2137 4528 2416 4623; x_wconf 73' lang='grc' dir='ltr'>θεοπρεπῆ</span> <span class='ocrx_word' id='word_1_815' title='bbox 2448 4528 2556 4602; x_wconf 81' lang='grc' dir='ltr'><strong>τῶν</strong></span> <span class='ocrx_word' id='word_1_816' title='bbox 2584 4544 2861 4614; x_wconf 85' lang='grc' dir='ltr'>ὀνομάτων</span> <span class='ocrx_word' id='word_1_817' title='bbox 2903 4540 2993 4594; x_wconf 75' lang='grc' dir='ltr'><strong>ἐπὶ</strong></span> <span class='ocrx_word' id='word_1_818' title='bbox 3019 4539 3108 4591; x_wconf 89' lang='grc' dir='ltr'><strong>τὸν</strong></span> <span class='ocrx_word' id='word_1_819' title='bbox 3139 4535 3420 4608; x_wconf 81' lang='grc' dir='ltr'>ἄνθρωπον</span> <span class='ocrx_word' id='word_1_820' title='bbox 3453 4528 3707 4585; x_wconf 75' lang='grc' dir='ltr'>καταϐαί-</span> 
     </span>
    </p>
   </div>
   <div class='ocr_carea' id='block_1_111' title="bbox 2135 4620 3706 4707">
    <p class='ocr_par' dir='ltr' id='par_1_111' title="bbox 2135 4620 3706 4707">
     <span class='ocr_line' id='line_1_111' title="bbox 2135 4620 3706 4707; baseline -0.018 -7"><span class='ocrx_word' id='word_1_821' title='bbox 2135 4663 2233 4700; x_wconf 84' lang='grc' dir='ltr'>νει.</span> <span class='ocrx_word' id='word_1_822' title='bbox 2275 4620 2385 4705; x_wconf 36' lang='grc' dir='ltr'><strong>’Ὦς</strong></span> <span class='ocrx_word' id='word_1_823' title='bbox 2412 4642 2504 4694; x_wconf 73' lang='grc' dir='ltr'>καὶ</span> <span class='ocrx_word' id='word_1_824' title='bbox 2531 4638 2730 4707; x_wconf 83' lang='grc' dir='ltr'>Κύριον</span> <span class='ocrx_word' id='word_1_825' title='bbox 2764 4637 2862 4703; x_wconf 85' lang='grc' dir='ltr'><strong>τῆς</strong></span> <span class='ocrx_word' id='word_1_826' title='bbox 2893 4631 3052 4698; x_wconf 80' lang='grc' dir='ltr'>δόξης</span> <span class='ocrx_word' id='word_1_827' title='bbox 3083 4628 3172 4682; x_wconf 86' lang='grc' dir='ltr'><strong>τὸν</strong></span> <span class='ocrx_word' id='word_1_828' title='bbox 3215 4627 3305 4678; x_wconf 73' lang='grc' dir='ltr'><strong>ἐπὶ</strong></span> <span class='ocrx_word' id='word_1_829' title='bbox 3340 4624 3433 4677; x_wconf 83' lang='grc' dir='ltr'>τοῦ</span> <span class='ocrx_word' id='word_1_830' title='bbox 3476 4620 3706 4691; x_wconf 69' lang='grc' dir='ltr'>σταυροῦ</span> 
     </span>
    </p>
   </div>
   <div class='ocr_carea' id='block_1_112' title="bbox 2138 4710 3705 4806">
    <p class='ocr_par' dir='ltr' id='par_1_112' title="bbox 2138 4710 3705 4806">
     <span class='ocr_line' id='line_1_112' title="bbox 2138 4710 3705 4806; baseline -0.013 -16"><span class='ocrx_word' id='word_1_831' title='bbox 2138 4735 2373 4806; x_wconf 83' lang='grc' dir='ltr'>φανέντα</span> <span class='ocrx_word' id='word_1_832' title='bbox 2406 4723 2890 4797; x_wconf 76' lang='grc' dir='ltr'>κατονομάζεσθαι,</span> <span class='ocrx_word' id='word_1_833' title='bbox 2918 4723 2985 4791; x_wconf 82' lang='grc' dir='ltr'>τῇ</span> <span class='ocrx_word' id='word_1_834' title='bbox 3011 4719 3108 4780; x_wconf 81' lang='grc' dir='ltr'><strong>τῆς</strong></span> <span class='ocrx_word' id='word_1_835' title='bbox 3140 4715 3354 4806; x_wconf 59' lang='grc' dir='ltr'>φύσεως</span> <span class='ocrx_word' id='word_1_836' title='bbox 3386 4711 3553 4806; x_wconf 52' lang='grc' dir='ltr'><strong>αὖτοξ</strong></span> <span class='ocrx_word' id='word_1_837' title='bbox 3576 4710 3705 4779; x_wconf 64' lang='grc' dir='ltr'><strong>πρός</strong></span> 
     </span>
    </p>
   </div>
   <div class='ocr_carea' id='block_1_113' title="bbox 2135 4798 3708 4883">
    <p class='ocr_par' dir='ltr' id='par_1_113' title="bbox 2135 4798 3708 4883">
     <span class='ocr_line' id='line_1_113' title="bbox 2135 4798 3708 4883; baseline -0.018 -8"><span class='ocrx_word' id='word_1_838' title='bbox 2135 4798 2198 4875; x_wconf 80' lang='grc' dir='ltr'><strong>τὸ</strong></span> <span class='ocrx_word' id='word_1_839' title='bbox 2212 4817 2462 4874; x_wconf 89' lang='grc' dir='ltr'>ταπεινὸν</span> <span class='ocrx_word' id='word_1_840' title='bbox 2484 4812 2802 4883; x_wconf 83' lang='grc' dir='ltr'>ἀνακράσει,</span> <span class='ocrx_word' id='word_1_841' title='bbox 2833 4807 2925 4860; x_wconf 79' lang='grc' dir='ltr'>καὶ</span> <span class='ocrx_word' id='word_1_842' title='bbox 2950 4807 3046 4876; x_wconf 83' lang='grc' dir='ltr'>τῆς</span> <span class='ocrx_word' id='word_1_843' title='bbox 3066 4803 3171 4857; x_wconf 81' lang='grc' dir='ltr'><strong>τῶν</strong></span> <span class='ocrx_word' id='word_1_844' title='bbox 3195 4800 3472 4870; x_wconf 78' lang='grc' dir='ltr'>ὀνομάτων</span> <span class='ocrx_word' id='word_1_845' title='bbox 3493 4798 3708 4866; x_wconf 74' lang='grc' dir='ltr'>χάριτος</span> 
     </span>
    </p>
   </div>
   <div class='ocr_carea' id='block_1_114' title="bbox 2137 4890 3707 4974">
    <p class='ocr_par' dir='ltr' id='par_1_114' title="bbox 2137 4890 3707 4974">
     <span class='ocr_line' id='line_1_114' title="bbox 2137 4890 3707 4974; baseline -0.02 -7"><span class='ocrx_word' id='word_1_846' title='bbox 2137 4917 2201 4968; x_wconf 76' lang='grc' dir='ltr'>ἐκ</span> <span class='ocrx_word' id='word_1_847' title='bbox 2234 4910 2327 4965; x_wconf 74' lang='grc' dir='ltr'>τοῦ</span> <span class='ocrx_word' id='word_1_848' title='bbox 2356 4908 2514 4960; x_wconf 82' lang='grc' dir='ltr'>Θείον</span> <span class='ocrx_word' id='word_1_849' title='bbox 2555 4905 2690 4974; x_wconf 88' lang='grc' dir='ltr'>πρὸς</span> <span class='ocrx_word' id='word_1_850' title='bbox 2732 4901 2794 4955; x_wconf 90' lang='grc' dir='ltr'><strong>τὸ</strong></span> <span class='ocrx_word' id='word_1_851' title='bbox 2833 4897 3174 4970; x_wconf 86' lang='grc' dir='ltr'>ἀνθρώπινον</span> <span class='ocrx_word' id='word_1_852' title='bbox 3210 4890 3707 4963; x_wconf 82' lang='grc' dir='ltr'>συμμετελθούσης.</span> 
     </span>
    </p>
   </div>
   <div class='ocr_carea' id='block_1_115' title="bbox 2138 4980 3709 5060">
    <p class='ocr_par' dir='ltr' id='par_1_115' title="bbox 2138 4980 3709 5060">
     <span class='ocr_line' id='line_1_115' title="bbox 2138 4980 3709 5060; baseline -0.018 -2"><span class='ocrx_word' id='word_1_853' title='bbox 2138 5003 2238 5058; x_wconf 81' lang='grc' dir='ltr'><strong>Διὰ</strong></span> <span class='ocrx_word' id='word_1_854' title='bbox 2263 5001 2420 5056; x_wconf 75' lang='grc' dir='ltr'>τοῦτο</span> <span class='ocrx_word' id='word_1_855' title='bbox 2452 4997 2708 5059; x_wconf 82' lang='grc' dir='ltr'>ποικίλως</span> <span class='ocrx_word' id='word_1_856' title='bbox 2735 4993 2828 5047; x_wconf 75' lang='grc' dir='ltr'><strong>καὶ</strong></span> <span class='ocrx_word' id='word_1_857' title='bbox 2860 4990 3130 5060; x_wconf 77' lang='grc' dir='ltr'>διαφόρως</span> <span class='ocrx_word' id='word_1_858' title='bbox 3163 4985 3320 5039; x_wconf 77' lang='grc' dir='ltr'>αὐτὸν</span> <span class='ocrx_word' id='word_1_859' title='bbox 3357 4980 3709 5051; x_wconf 70' lang='grc' dir='ltr'>παραδίδωσι,</span> 
     </span>
    </p>
   </div>
   <div class='ocr_carea' id='block_1_116' title="bbox 2139 5071 3712 5167">
    <p class='ocr_par' dir='ltr' id='par_1_116' title="bbox 2139 5071 3712 5167">
     <span class='ocr_line' id='line_1_116' title="bbox 2139 5071 3712 5167; baseline -0.019 -14"><span class='ocrx_word' id='word_1_860' title='bbox 2139 5099 2235 5153; x_wconf 82' lang='grc' dir='ltr'><strong>νῦν</strong></span> <span class='ocrx_word' id='word_1_861' title='bbox 2276 5097 2372 5167; x_wconf 80' lang='grc' dir='ltr'>μὲν</span> <span class='ocrx_word' id='word_1_862' title='bbox 2396 5093 2486 5146; x_wconf 86' lang='grc' dir='ltr'><strong>τὸν</strong></span> <span class='ocrx_word' id='word_1_863' title='bbox 2526 5090 2586 5155; x_wconf 78' lang='grc' dir='ltr'><strong>ἐξ</strong></span> <span class='ocrx_word' id='word_1_864' title='bbox 2623 5085 2865 5160; x_wconf 79' lang='grc' dir='ltr'>οὐρανῶν</span> <span class='ocrx_word' id='word_1_865' title='bbox 2896 5081 3258 5144; x_wconf 74' lang='grc' dir='ltr'>κατελθόντα,</span> <span class='ocrx_word' id='word_1_866' title='bbox 3308 5075 3403 5129; x_wconf 76' lang='grc' dir='ltr'>νῦν</span> <span class='ocrx_word' id='word_1_867' title='bbox 3435 5073 3492 5126; x_wconf 72' lang='grc' dir='ltr'>δὲ</span> <span class='ocrx_word' id='word_1_868' title='bbox 3531 5073 3622 5124; x_wconf 87' lang='grc' dir='ltr'><strong>τὸν</strong></span> <span class='ocrx_word' id='word_1_869' title='bbox 3652 5071 3712 5123; x_wconf 79' lang='grc' dir='ltr'><strong>ἐκ</strong></span> 
     </span>
    </p>
   </div>
   <div class='ocr_carea' id='block_1_117' title="bbox 2139 5161 3708 5263">
    <p class='ocr_par' dir='ltr' id='par_1_117' title="bbox 2139 5161 3708 5263">
     <span class='ocr_line' id='line_1_117' title="bbox 2139 5161 3708 5263; baseline -0.022 -14"><span class='ocrx_word' id='word_1_870' title='bbox 2139 5161 2392 5263; x_wconf 75' lang='grc' dir='ltr'>γυναικὸς</span> <span class='ocrx_word' id='word_1_871' title='bbox 2435 5183 2789 5256; x_wconf 83' lang='grc' dir='ltr'>γεννηθέντα,</span> <span class='ocrx_word' id='word_1_872' title='bbox 2819 5179 2914 5233; x_wconf 72' lang='grc' dir='ltr'><strong>καὶ</strong></span> <span class='ocrx_word' id='word_1_873' title='bbox 2944 5176 3075 5229; x_wconf 79' lang='grc' dir='ltr'>Θεὸν</span> <span class='ocrx_word' id='word_1_874' title='bbox 3102 5170 3454 5243; x_wconf 82' lang='grc' dir='ltr'>προαιώνιον,</span> <span class='ocrx_word' id='word_1_875' title='bbox 3491 5165 3587 5219; x_wconf 67' lang='grc' dir='ltr'><strong>καὶ</strong></span> <span class='ocrx_word' id='word_1_876' title='bbox 3631 5161 3708 5263; x_wconf 46' lang='grc' dir='ltr'><strong>ὲπς</strong></span> 
     </span>
    </p>
   </div>
   <div class='ocr_carea' id='block_1_118' title="bbox 2142 5254 3712 5357">
    <p class='ocr_par' dir='ltr' id='par_1_118' title="bbox 2142 5254 3712 5357">
     <span class='ocr_line' id='line_1_118' title="bbox 2142 5254 3712 5357; baseline -0.022 -16"><span class='ocrx_word' id='word_1_877' title='bbox 2142 5254 2382 5357; x_wconf 74' lang='grc' dir='ltr'>έσχάτων</span> <span class='ocrx_word' id='word_1_878' title='bbox 2426 5254 2650 5350; x_wconf 65' lang='grc' dir='ltr'>ἡμερῶν</span> <span class='ocrx_word' id='word_1_879' title='bbox 2691 5272 3010 5342; x_wconf 73' lang='grc' dir='ltr'>ἄνθρωπον,</span> <span class='ocrx_word' id='word_1_880' title='bbox 3079 5265 3250 5326; x_wconf 75' lang='grc' dir='ltr'>οὕτως</span> <span class='ocrx_word' id='word_1_881' title='bbox 3283 5262 3378 5316; x_wconf 73' lang='grc' dir='ltr'><strong>καὶ</strong></span> <span class='ocrx_word' id='word_1_882' title='bbox 3422 5256 3638 5325; x_wconf 76' lang='grc' dir='ltr'>ἀπαθὴς</span> <span class='ocrx_word' id='word_1_883' title='bbox 3684 5254 3712 5307; x_wconf 83' lang='grc'>6</span> 
     </span>
    </p>
   </div>
   <div class='ocr_carea' id='block_1_119' title="bbox 2149 5436 3720 5512">
    <p class='ocr_par' dir='ltr' id='par_1_119' title="bbox 2149 5436 3720 5512">
     <span class='ocr_line' id='line_1_119' title="bbox 2149 5436 3720 5512; baseline -0.006 -16"><span class='ocrx_word' id='word_1_884' title='bbox 2149 5450 2314 5512; x_wconf 78' lang='grc' dir='ltr'>χθῇναι</span> <span class='ocrx_word' id='word_1_885' title='bbox 2331 5447 2418 5512; x_wconf 63' lang='grc' dir='ltr'><strong>τοῖ</strong></span> <span class='ocrx_word' id='word_1_886' title='bbox 2437 5446 2796 5512; x_wconf 16' lang='grc' dir='ltr'>τείᾶνθρωπίνου</span> <span class='ocrx_word' id='word_1_887' title='bbox 2815 5442 2893 5493; x_wconf 77' lang='grc' dir='ltr'><strong>διὰ</strong></span> <span class='ocrx_word' id='word_1_888' title='bbox 2903 5449 2995 5512; x_wconf 39' lang='grc' dir='ltr'>’τῆς</span> <span class='ocrx_word' id='word_1_889' title='bbox 3016 5439 3634 5512; x_wconf 61' lang='grc' dir='ltr'><strong>ἆναλήψεωςδοξαζομένον.</strong></span> <span class='ocrx_word' id='word_1_890' title='bbox 3647 5436 3720 5512; x_wconf 62' lang='grc' dir='ltr'><strong>ξ</strong></span> 
     </span>
    </p>
   </div>
   <div class='ocr_carea' id='block_1_120' title="bbox 2151 5500 3718 5568">
    <p class='ocr_par' dir='ltr' id='par_1_120' title="bbox 2151 5500 3718 5568">
     <span class='ocr_line' id='line_1_120' title="bbox 2151 5500 3718 5568; baseline -0.008 -11"><span class='ocrx_word' id='word_1_891' title='bbox 2151 5500 2236 5558; x_wconf 55' lang='grc' dir='ltr'><strong>τού</strong></span> <span class='ocrx_word' id='word_1_892' title='bbox 2274 5510 2398 5559; x_wconf 85' lang='grc' dir='ltr'>θείου</span> <span class='ocrx_word' id='word_1_893' title='bbox 2442 5511 2520 5557; x_wconf 82' lang='grc' dir='ltr'><strong>διὰ</strong></span> <span class='ocrx_word' id='word_1_894' title='bbox 2553 5500 2636 5566; x_wconf 70' lang='grc' dir='ltr'><strong>τῆς</strong></span> <span class='ocrx_word' id='word_1_895' title='bbox 2675 5500 3076 5568; x_wconf 68' lang='grc' dir='ltr'>ωγκαταῧᾲσεως</span> <span class='ocrx_word' id='word_1_896' title='bbox 3224 5500 3718 5562; x_wconf 57' lang='grc' dir='ltr'><strong>μολυιομένουυιιιῖιὸ</strong></span> 
     </span>
    </p>
   </div>
   <div class='ocr_carea' id='block_1_121' title="bbox 2151 5565 3210 5632">
    <p class='ocr_par' dir='ltr' id='par_1_121' title="bbox 2151 5565 3210 5632">
     <span class='ocr_line' id='line_1_121' title="bbox 2151 5565 3210 5632; baseline -0.008 -12"><span class='ocrx_word' id='word_1_897' title='bbox 2151 5569 2280 5622; x_wconf 84' lang='lat' dir='ltr'><strong>idem</strong></span> <span class='ocrx_word' id='word_1_898' title='bbox 2307 5572 2434 5632; x_wconf 90' lang='lat' dir='ltr'><strong>cod.,</strong></span> <span class='ocrx_word' id='word_1_899' title='bbox 2461 5573 2540 5619; x_wconf 87' lang='grc' dir='ltr'><strong>καὶ</strong></span> <span class='ocrx_word' id='word_1_900' title='bbox 2565 5565 2715 5627; x_wconf 75' lang='grc' dir='ltr'>οὕτως</span> <span class='ocrx_word' id='word_1_901' title='bbox 2739 5565 2844 5618; x_wconf 80' lang='grc' dir='ltr'>οὔτε</span> <span class='ocrx_word' id='word_1_902' title='bbox 2866 5565 2951 5616; x_wconf 74' lang='grc' dir='ltr'><strong>τοῦ</strong></span> <span class='ocrx_word' id='word_1_903' title='bbox 2976 5569 3072 5614; x_wconf 82' lang='grc' dir='ltr'>θαν.</span> <span class='ocrx_word' id='word_1_904' title='bbox 3110 5567 3210 5613; x_wconf 86' lang='grc' dir='ltr'>κτλ.</span> 
     </span>
    </p>
   </div>
  </div>
