4034 6156
341 299 448 357 717

1482 303 1762 362 CONTRA
1796 305 2184 375 EUNOMIUM,
2218 308 2347 365 LIB.
2388 309 2475 365 Vl.

3499 311 3605 365 7i8

345 414 644 486 μονογενὴς
661 417 813 485 Θεδς,
837 415 931 472 καὶ
953 416 1192 489 παθητὸς
1214 419 1242 471 6
1259 417 1490 496 Χριστὸς
1514 415 1650 474 εῖναι
1676 419 1925 475 πιστεύε·
1952 467 1958 482 Α

2063 421 2220 488 itum,
2253 433 2308 478 et
2342 423 2510 480 Deum
2542 430 2667 481 ante
2701 424 2925 489 saecula,
2960 432 3013 481 et
3046 423 3099 478 in
3130 423 3392 480 extremis
3414 423 3606 478 diebus

337 523 452 571 ται,
485 509 578 561 καὶ
613 510 642 562 6
694 511 852 579 λόγος
891 510 981 564 διὰ
1009 510 1119 564 τῶν
1156 512 1416 564 ἐναντίων
1453 511 1513 564 οὑ
1551 511 1828 580 ψεύδεται,
1862 513 1924 565 τὸ

341 600 651 671 πρόσφορον
678 601 924 673 ἐκατέρῳ
962 601 1070 656 τῶν
1095 603 1372 673 ὀνομάτων
1418 604 1476 656 ὲν
1515 605 1626 666 τοῖς
1658 604 1924 674 νοήμασιν

342 691 690 761 ἐφαρμόζων.
723 693 784 745 Εἰ
805 688 899 746 οὖν
921 693 1094 747 ταῦτα
1122 695 1337 766 φρονεῖν
1351 696 1415 748 ὲκ
1441 695 1539 765 τῆς
1565 695 1924 749 θεοπνεύστου

341 780 693 848 διδασκαλίας
723 785 999 856 ἐμάθομεν
1021 802 1034 816 °
1068 786 1187 844 πῶς
1218 785 1490 859 ἀνθρώπῳ
1517 786 1683 858 κοινῷ
1713 787 1812 860 τὴν
1838 789 1944 866 αἰχ

343 869 466 925 τίαν
494 873 595 942 τῆς
642 875 912 945 σωτηρίας
933 874 1090 945 ἡμῶν
1119 876 1448 947 ἀνατίθεμεν
1477 895 1490 945 ;
1521 878 1585 931 Εἰ
1608 878 1666 931 δὲ
1693 877 1792 950 τὴν
1829 877 1926 932 τοῦ

349 963 622 1034 μακαρίου
647 965 857 1037 Πέτρου
894 967 1216 1036 Ἐποίησεν
1240 968 1444 1040 φωνὴν,
1474 968 1573 1022 οὑκ
1602 970 1682 1031 εἰς
1708 968 1768 1024 τὸ
1796 986 1930 1039 προ-

346 1055 565 1110 αιώνιον
589 1057 688 1128 τῆς
726 1058 1105 1124 ὑποστάσεως,
1147 1060 1262 1113 ἀλλ’
1294 1062 1373 1124 εἰς
1405 1059 1465 1113 τὸ
1495 1061 1806 1130 πρόσφατον
1830 1061 1930 1131 τῆς

344 1146 656 1217 οἰκονομίας
701 1147 919 1218 βλέπειν
966 1149 1345 1221 διοριζόμεθα,
1394 1149 1449 1203 τί
1481 1149 1639 1202 τοῦτο
1683 1152 1931 1204 κοινωνεῖ

347 1239 428 1311 τῷ
462 1239 800 1310 ἐγκλήματις
861 1241 918 1294 Ὀ
967 1242 1076 1312 γάρ
1117 1241 1291 1313 μέγας
1328 1237 1480 1304 οὗτος
1503 1241 1843 1306 Ἀπόστολος,
1872 1241 1933 1295 τὸ

349 1333 479 1403 περὶ
503 1332 598 1402 τὴν
627 1332 721 1386 τοῦ
743 1333 928 1387 δούλου
957 1333 1171 1405 μορφὴν
1200 1332 1498 1405 ὁρώμενον,
1519 1334 1694 1387 ἐκεῖνο
1728 1333 1815 1388 διὰ
1835 1337 1932 1406 τῆς

346 1422 669 1493 ἀναλήψεως
696 1423 1024 1494 πεποιῆσθαι
1059 1441 1242 1494 φησιν,
1267 1424 1403 1496 ὅπερ
1429 1425 1457 1477 6
1489 1422 1770 1478 ἀναλαϐὼν
1793 1426 1933 1480 κατᾶ

350 1513 449 1585 τὴν
477 1507 668 1568 ἑαυτοῦ
701 1515 863 1583 φύσιν
887 1511 974 1586 ἦν.
1017 1517 1126 1568 Καὶ
1157 1517 1268 1588 γάρ
1293 1519 1350 1568 ὲν
1380 1518 1446 1586 τῇ
1479 1515 1614 1586 πρὸς
1647 1515 1932 1587 Ἐϐραίους

350 1605 628 1677 ἐπιστολῇ,
655 1606 716 1659 τὺ
739 1603 857 1661 ἶσον
890 1607 1006 1661 ἔστι
1049 1607 1200 1678 παρά
1251 1605 1346 1661 τοῦ
1377 1607 1590 1662 Παύλου
1625 1607 1821 1679 μαθεῖν
1847 1609 1934 1662 λέ·

351 1711 562 1764 γοντος,
629 1697 926 1752 ἀπόστολον
967 1698 1064 1751 καὶ
1109 1698 1368 1768 ἀρχιερέα
1403 1697 1495 1752 τὸν
1537 1697 1745 1768 Ἰησοῦν
1785 1698 1936 1770 παρά

352 1786 611 1840 τοῦΘεοῦ
641 1787 988 1858 γεγενῆσθαι,
1025 1788 1214 1841 πιστὸν
1253 1788 1382 1842 ὄντα
1438 1787 1518 1859 τῷ
1551 1790 1836 1860 ποιήσαντι
1857 1789 1945 1841 αὑ-

352 1880 467 1933 τόν.
499 1880 676 1933 Κάκεῖ
707 1880 816 1950 γὰρ
853 1881 945 1933 τὸν
971 1880 1048 1953 τῷ
1089 1881 1203 1952 ἰδίῳ
1256 1881 1449 1952 αἵματι
1493 1883 1621 1953 περὶ
1659 1882 1945 1953 ἁμαρτιῶν

356 1970 515 2042 ἡμῶν
546 1972 832 2043 ἱερατικῶς
860 1973 1242 2044 ἰλεωσάμενον,
1260 1973 1520 2046 ἀρχιερέα
1543 1975 1942 2045 κατονομάσας⁶

354 2063 418 2115 οὑ
450 2063 548 2134 τὴν
578 2062 800 2134 πρώτην
847 2062 941 2117 τοῦ
970 2061 1309 2132 Μονογενοῢς
1358 2065 1654 2117 ὑπόστασιν
1702 2065 1790 2120 διὰ
1846 2065 1946 2135 τῆς

358 2154 651 2222 ἐποίησεν
705 2155 900 2220 λέξεως
959 2155 1324 2225 ἀπαγγέλλει,
1374 2155 1510 2209 ἀλλά
1555 2156 1654 2226 τὴν
1703 2155 1947 2225 συνήθως

358 2247 456 2300 ἐπὶ
488 2248 585 2316 τῆς
632 2246 740 2300 τῶν
774 2249 961 2317 ἱερέων
993 2247 1316 2313 ἀναδείξεως
1345 2246 1758 2319 ὀνομαζομένην
1787 2247 1948 2318 χάριν

363 2340 713 2412 παραστῆσαι
746 2341 935 2405 θέλων,
972 2343 1105 2411 φησί
1125 2342 1185 2395 τὸ
1215 2343 1524 2410 ἐποίησεν.
1571 2340 1777 2412 Ἰησοῦς
1817 2339 1947 2412 γὰρ,

365 2431 549 2496 καθώς
571 2449 704 2504 φησι
721 2433 1017 2504 Ζαχαρίας,
1031 2435 1058 2485 ὁ
1074 2435 1383 2506 ἀρχιερεὺς,
1398 2436 1425 2488 ό
1451 2433 1642 2505 μέγας,
1656 2433 1688 2486 6
1707 2432 1799 2486 τὸν
1816 2433 1950 2486 ῐδιον

367 2523 559 2594 ἀμνὸν,
595 2523 738 2577 τοῦτ’
770 2525 885 2577 ἐστι
916 2525 976 2578 τὸ
1012 2525 1144 2578 ἴδιον
1176 2525 1354 2596 σῶμα,
1382 2525 1522 2596 ὑπὲρ
1553 2525 1650 2596 τῆς
1680 2525 1950 2595 κοσμικῆς

366 2613 644 2685 ἁμαρτίας
675 2615 716 2666 ίε
728 2615 1056 2686 ρουργήσας,
1083 2617 1110 2668 6
1127 2615 1214 2668 διά
1229 2615 1297 2668 τὰ
1323 2614 1510 2668 παιδία
1537 2614 1606 2668 τά
1637 2631 1954 2685 κεκοινωνηο

369 2706 504 2759 κότα
535 2705 735 2776 σαρκός
768 2722 828 2758 τε
862 2706 957 2758 καὶ
979 2707 1209 2777 αἵματος
1243 2707 1338 2759 καὶ
1368 2705 1530 2771 αὑτὸς
1557 2706 1954 2778 παραπλησίως

370 2795 774 2868 συμμετασχὼν
796 2797 888 2850 τοῦ
914 2798 1163 2865 αἵματος,
1185 2799 1244 2850 οὑ
1270 2798 1405 2851 καθὸ
1432 2799 1487 2852 ἐν
1507 2799 1648 2870 ἀρχῇ
1670 2795 1758 2869 ἦν.
1784 2799 1957 2868 Λόγος

365 2887 448 2941 ὢν
473 2888 568 2940 καὶ
591 2887 745 2953 Θεὸς,
775 2887 868 2940 καί
895 2889 952 2940 ὲν
977 2891 1160 2959 μορφῇ
1184 2888 1320 2941 Θεοῦ
1342 2889 1625 2959 ὑπάρχων,
1650 2891 1746 2942 καὶ
1762 2889 1836 2942 ὣν
1864 2887 1958 2944 ἷσα

368 2979 495 3050 Θεῷ
515 2996 528 3010 ·
573 2980 710 3034 ἀλλά
753 2981 890 3034 καθὸ
941 2981 1206 3036 ἐκένωσεν
1235 2981 1429 3034 ἐαυτὸν
1468 2982 1525 3033 ἐν
1554 2983 1618 3052 τῇ
1648 2981 1741 3033 τοῦ
1770 2981 1958 3034 δούλου

2028 515 2326 582 hominem,
2361 517 2440 572 sic
2483 518 2650 572 etiam
2699 517 3017 588 impatibilis
3063 516 3388 588 unigenitus
3436 513 3603 580 Deus,

2025 617 2079 665 et
2114 609 2356 680 patibilis
2384 609 2638 665 Christus
2669 616 2794 665 esse
2828 610 3103 673 creditur,
3147 624 3248 663 nec
3282 622 3467 663 sermo
3509 622 3610 678 per

2028 700 2306 754 contraria
2338 701 2620 766 mentitur,
2645 701 2927 771 applicans
2949 709 3002 755 et
3027 698 3453 755 accommodans
3479 698 3613 751 utri-

2027 805 2134 860 que
2163 791 2445 845 nominum
2464 789 2607 860 quod
2625 805 2926 862 congruum
2945 797 3030 845 est
3047 789 3346 846 secundum
3364 801 3608 843 sensum.

2031 881 2090 935 Si
2127 882 2291 952 igitur
2335 882 2450 937 haec
2491 897 2686 953 sapere
2769 897 2836 936 ex
2882 881 3149 936 divinitus
3181 880 3450 950 inspirata
3483 877 3616 933 doc-

2030 971 2173 1026 trina
2200 971 2527 1028 didicimus:
2564 972 3067 1044 quomodohomini
3117 971 3396 1027 communi
3422 969 3615 1026 salutis

2030 1071 2234 1117 nostra:
2265 1077 2490 1118 causam
2541 1063 2942 1119 attribuimns?
2980 1063 3136 1129 Quod
3187 1062 3234 1117 si
3275 1063 3418 1117 beati
3467 1060 3615 1116 Petri

2032 1168 2222 1209 vocem
2277 1154 2400 1224 fecit
2457 1168 2566 1209 non
2615 1155 2686 1210 ad
2720 1155 3140 1209 subsistentiam
3186 1162 3470 1217 aeternam,
3522 1152 3617 1207 sed

2033 1246 2101 1302 ad
2142 1257 2419 1303 recentem
2471 1247 2837 1303 oeconomiam
2863 1247 2951 1318 (id
3004 1253 3088 1302 est
3118 1245 3623 1318 dispensationem)

2033 1338 2310 1410 respicere
2365 1340 2817 1407 determinamus,
2865 1339 2998 1410 quid
3043 1339 3145 1394 hoc
3174 1338 3492 1393 commercii
3523 1337 3621 1389 ha-

2034 1432 2126 1488 bet
2185 1446 2308 1485 cum
2368 1431 2637 1488 crimine?
2685 1430 2916 1503 Magnus
2969 1430 3115 1486 enim
3169 1430 3259 1484 hic
3305 1427 3621 1499 Apostolus,

2035 1521 2179 1592 quod
2209 1522 2263 1576 in
2291 1523 2432 1578 servi
2452 1521 2625 1578 forma
2648 1523 2882 1589 videtur,
2910 1522 3044 1577 illud
3069 1537 3166 1594 per
3189 1519 3623 1590 assumptionem

2039 1610 2244 1666 factum
2285 1627 2408 1669 esse
2443 1612 2521 1667 ait
2547 1613 2615 1679 “,
2647 1613 2792 1683 quod
2824 1613 3044 1684 quidem
3081 1613 3170 1667 ille
3204 1611 3296 1682 qui
3328 1610 3625 1678 assumpsit

2045 1698 2346 1754 secundum
2377 1715 2533 1754 suam
2579 1709 2833 1754 naturam
2881 1709 3022 1756 erat.
3054 1700 3270 1756 Etenim
3308 1700 3363 1754 in
3394 1699 3623 1770 epistola

2047 1790 2114 1845 ad
2157 1788 2410 1846 Hebraeos
2455 1793 2666 1863 aequale
2717 1807 2786 1848 ex
2834 1791 3004 1847 Paulo
3035 1792 3250 1847 discere
3300 1791 3445 1855 licet,
3496 1791 3625 1844 dum

2046 1879 2198 1945 dicit,
2242 1881 2551 1951 apostolum
2574 1890 2628 1938 et
2658 1883 2968 1953 pontiﬁcem
2992 1881 3362 1938 confessionis
3405 1891 3626 1948 nostrae,

2047 1969 2232 2027 Jcsum
2268 1987 2297 2026 a
2328 1971 2438 2027 Deo
2471 1975 2833 2029 constitutum
2867 1990 3012 2038 esse,
3052 1974 3262 2028 fidelem
3284 1974 3332 2029 ei
3355 1973 3448 2043 qui
3501 1971 3631 2026 fecit.

2050 2063 2201 2117 illum
2261 2064 2325 2118 ⁸³.
2384 2064 2500 2120 Illic
2561 2066 2708 2120 enim
2757 2082 2881 2121 eum
2941 2066 3034 2136 qui
3092 2067 3312 2138 proprio
3365 2064 3631 2135 sanguine

2048 2166 2148 2220 pro
2199 2153 2440 2222 peccatis
2480 2154 2690 2211 nostris
2743 2155 2994 2210 sacriﬁce
3041 2156 3159 2212 sive
3217 2154 3634 2214 sacerdotaliter

2052 2242 2308 2312 placavit,
2360 2245 2670 2314 pontiﬁcem
2713 2260 2841 2300 cum
2870 2238 3203 2314 nominarit;
3253 2262 3362 2300 non
3399 2246 3632 2315 primam

2056 2332 2328 2404 Unigenit't
2356 2337 2776 2392 subsistentiam
2812 2353 2906 2410 per
2935 2339 3235 2393 dictionem
3270 2337 3392 2406 fecit
3427 2352 3634 2392 renun~

2052 2427 2174 2495 tiat,
2203 2427 2299 2484 sed
2335 2431 2539 2485 usitato
2582 2444 2737 2485 more
2794 2430 2849 2484 in
2904 2430 3256 2486 sacerdotum
3301 2428 3636 2483 iudicatione

2053 2523 2390 2577 nominatam
2425 2525 2652 2594 gratiam
2689 2534 3084 2594 repraesentare
3117 2524 3328 2588 volens,
3357 2523 3454 2586 ait,
3489 2521 3633 2590 fecit.

2052 2612 2209 2668 Jesus
2239 2614 2407 2677 enim,
2441 2615 2583 2668 sicut
2617 2615 2798 2686 inquit
2826 2614 3149 2679 Zacharias,
3195 2630 3417 2684 magnus
3456 2627 3638 2666 sacer-

2055 2704 2234 2758 dotum
2254 2706 2495 2776 princeps
2518 2706 2583 2773 ”,
2608 2707 2700 2778 qui
2722 2707 3000 2777 proprium
3025 2721 3248 2776 agnum,
3276 2706 3378 2760 hoc
3407 2713 3488 2759 est
3508 2717 3637 2774 pre—

2060 2797 2239 2867 prium
2282 2812 2486 2867 corpus
2541 2811 2640 2868 pro
2687 2797 2876 2852 mundi
2914 2805 3141 2868 peccato
3187 2793 3512 2860 immolavit,
3539 2793 3635 2864 qui

2061 2896 2282 2960 pr0pter
2313 2890 2514 2944 ﬁliolos
2549 2890 2642 2961 qui
2688 2891 2987 2962 participes
3020 2897 3152 2945 sunt
3189 2888 3374 2944 carnis
3409 2894 3466 2943 et
3513 2903 3642 2942 san-

2061 2980 2270 3049 guinis,
2317 2981 2573 3036 similiter
2619 2983 2740 3052 ipse
2790 2983 3398 3054 sanguinis'particeps
3438 2980 3640 3044 factus,

373 3075 584 3144 μορφῇ,
611 3073 706 3126 καὶ
749 3075 1065 3145 προσήγαγε
1110 3072 1428 3144 προσφορὰν
1460 3073 1552 3126 καὶ
1595 3072 1784 3126 θυσίαν
1817 3074 1957 3145 ὑπὲρ

2065 3086 2175 3124 non
2205 3073 2554 3140 quatenusin
2583 3074 2852 3143 principio
2891 3081 3010 3129 erat
3064 3072 3303 3129 Verbum
3357 3081 3411 3127 et
3459 3071 3635 3137 Dens,

374 3163 552 3235 ἡμῶν·
589 3157 742 3228 οὗτος
762 3164 977 3232 ἐγένετο
1007 3165 1211 3236 ἱερεὺς,
1235 3164 1458 3227 πολλαῖς
1481 3163 1704 3236 ὕστερον
1727 3167 1961 3233 γενεαῖς,

376 3254 520 3309 κατά
551 3255 650 3325 τὴν
670 3256 824 3320 τάξιν
853 3257 1208 3328 Μελχισεδέκ.
1256 3253 1375 3310 Οἶδε
1407 3257 1464 3310 δὲ
1494 3257 1713 3320 πάντως
1746 3258 1807 3311 τὸ
1837 3262 1966 3330 περὶ

377 3347 566 3401 τούτου
605 3350 918 3420 μυστήριον,
941 3352 968 3402 6
1000 3349 1072 3421 μὴ
1094 3351 1384 3421 παρέργως
1420 3349 1498 3421 τῷ
1529 3350 1967 3422 πρὸςἙϐραίους

379 3440 751 3512 καθομιλήσας
779 3441 941 3512 λόγῳ.
982 3442 1215 3513 Ὁμοίως
1263 3440 1356 3496 οὖν
1399 3442 1634 3497 ἐνταῦθα
1677 3460 1735 3495 τε
1787 3442 1968 3513 ἱερεὺς

381 3532 478 3586 καὶ
501 3532 831 3596 ἀπόστολος,
866 3535 1028 3586 κάκεῖ
1054 3534 1256 3604 Κύριος
1271 3535 1362 3587 καὶ
1381 3534 1616 3607 Χριστὸς
1641 3533 1970 3605 πεποιῆσθαι

381 3623 621 3692 λέγεται⁶
649 3623 710 3676 τὸ
744 3622 842 3694 μὲν
861 3665 874 3688 ,
902 3624 978 3688 ὡς
1005 3624 1139 3696 πρὸς
1165 3624 1263 3696 τὴν
1293 3625 1432 3695 ὑπὲρ
1454 3624 1609 3696 ἡμῶν
1635 3624 1965 3695 οἰκονομίαν·

384 3718 448 3772 τὸ
480 3718 536 3772 δέ
568 3718 656 3772 διὰ
678 3719 777 3791 τὴν
804 3718 941 3791 πρὸς
963 3717 1022 3770 τὸ
1053 3719 1209 3771 Θείον
1240 3719 1334 3772 τοῦ
1367 3717 1707 3789 ἀνθρωπίνου
1745 3715 1972 3787 μεταϐο-

389 3811 490 3883 λήν
513 3830 570 3865 τε
603 3812 696 3865 καὶ
737 3811 1112 3883 μεταποίησιν·
1174 3811 1391 3882 ποίησιν
1429 3811 1538 3881 γὰρ
1581 3811 1609 3862 6
1652 3809 1973 3874 Ἀπόστολος

385 3902 535 3972 λέγει
566 3902 664 3975 τὴν
697 3902 1073 3974 μεταποίησιν.
1116 3903 1325 3956 Οὐκοῦν
1354 3903 1615 3974 πρόδηλος
1643 3905 1676 3972 ἡ
1705 3919 1976 3970 συκοφαν-

385 3995 480 4048 τία
503 3993 610 4048 τῶν
637 3993 914 4060 ἐναντίων,
949 3993 1016 4048 τὰ
1045 3995 1144 4068 τῆς
1175 3995 1483 4066 οἰκονομίας
1518 3998 1736 4067 ῥήματα
1770 3996 1849 4059 εἰς
1876 3993 1974 4066 τὴν

393 4086 718 4158 προαιὼνιον
775 4086 1070 4140 ὑπόστασιν
1135 4085 1548 4158 ἐπηρεαστικῶς
1597 4085 1971 4158 ἁρπαζόντων.

393 4178 529 4231 οὐδὲ
576 4177 685 4248 γὰρ
733 4177 934 4249 ὁμοίως
979 4176 1258 4248 ἐμάθομεν
1309 4177 1461 4248 παρά
1513 4177 1608 4230 τοῦ
1651 4175 1975 4231 Ἀποστόλου

394 4269 683 4338 γινώσκειν
710 4263 944 4340 Χριστὸν
973 4268 1069 4322 νῦν
1111 4285 1171 4322 τε
1213 4269 1306 4322 καὶ
1347 4269 1644 4340 πρότερον,
1684 4267 1858 4332 οὕτως
1899 4269 1979 4321 εἰ·

396 4360 589 4424 πόντος
611 4358 706 4413 τοῦ
730 4357 963 4423 Παύλου,
989 4359 1068 4411 ὅτι
1096 4363 1165 4414 Εἰ
1181 4359 1277 4412 καὶ
1297 4357 1639 4428 ἑγνώκαμέν
1661 4374 1806 4412 ποτε
1830 4357 1980 4411 κατά

2068 3162 2231 3218 etiam
2262 3164 2315 3217 in
2345 3161 2518 3217 forma
2558 3163 2651 3218 Dei
2695 3165 2996 3229 cxsistens,
3054 3173 3107 3221 et
3141 3181 3266 3220 cum
3319 3165 3431 3220 Deo
3463 3179 3645 3234 requa-

2069 3254 2193 3309 liter
2227 3269 2287 3309 se
2330 3253 2564 3320 habens,
2620 3254 2714 3309 sed
2779 3271 2887 3325 qua
2951 3255 3191 3326 seipsum
3251 3255 3554 3310 exinanivit
3592 3255 3648 3308 in

2077 3342 2253 3398 forma
2287 3344 2453 3407 servi,
2486 3351 2541 3399 et
2573 3360 2632 3400 se
2656 3345 2986 3401 oblationem
3017 3353 3072 3401 et
3104 3345 3436 3401 sacriﬁcium
3468 3347 3631 3400 obtu-

2071 3435 2134 3490 lit
2166 3449 2263 3506 pro
2294 3434 2476 3502 nobis,
2511 3435 2602 3491 hic
2631 3443 2748 3490 erat
2795 3436 3056 3492 sacerdos
3097 3436 3290 3491 multis
3323 3442 3445 3505 post
3487 3450 3652 3506 gene-

2072 3529 2374 3585 rationibus
2401 3528 2702 3585 secundum
2732 3529 2984 3585 ordinem
3030 3528 3454 3584 Melchisedech.
3488 3527 3654 3582 Novit

2073 3621 2235 3691 plane
2269 3621 2335 3676 de
2370 3621 2473 3676 hoc
2508 3623 2855 3694 mysterium,
2888 3621 2982 3691 qui
3032 3638 3142 3676 non
3176 3621 3378 3691 frigide
3440 3631 3494 3676 et
3530 3619 3652 3674 lan-

2075 3712 2234 3782 guide
2259 3713 2311 3766 in
2341 3727 2594 3768 sermone
2625 3712 2692 3768 ad
2723 3712 2983 3768 Hebraeos
3014 3713 3346 3770 collocutus.
3381 3710 3657 3766 Similiter

2077 3805 2261 3874 igitur,
2282 3798 2465 3874 ibiQue
2498 3803 2759 3860 sacerdos
2788 3814 2841 3860 et
2873 3807 3185 3875 apostolus,
3216 3815 3269 3860 et
3303 3805 3415 3860 illic
3462 3803 3655 3859 Domi-

2078 3911 2182 3951 nus
2212 3906 2266 3950 et
2295 3895 2549 3952 Christus
2578 3899 2755 3953 factus
2780 3913 2901 3952 esse
2931 3899 3159 3962 dicitur,
3194 3900 3391 3970 partim
3428 3899 3658 3970 quidem

2081 3997 2139 4044 ut
2167 3991 2234 4044 ad
2271 3990 2637 4046 trecenomiam
2670 3990 2748 4062 (id
2779 4003 2863 4048 est
2895 3995 3393 4066 dispensationem)
3425 3989 3524 4063 pro
3553 4009 3657 4047 no-

2080 4084 2200 4150 bis;
2237 4084 2431 4152 partim
2456 4099 2586 4141 vero
2617 4095 2837 4154 propter
2871 4084 3233 4139 humanitatis
3292 4085 3346 4137 in
3394 4084 3658 4138 divinita-

2079 4183 2189 4232 tem
2212 4176 2751 4232 transformationem
2775 4177 3333 4232 etinstaurationem.
3360 4174 3495 4229 Nam
3516 4177 3661 4244 Apo—

2083 4270 2257 4324 stolus
2301 4269 2373 4322 ibi
2440 4271 2654 4340 ποίησιν
2710 4269 2981 4337 facturam
3051 4268 3308 4335 intelligit
3361 4268 3662 4338 μεταποίη-

2086 4375 2170 4411 σιν
2250 4358 2589 4428 refectionem
2647 4360 2763 4414 sive
2827 4359 3294 4412 instaurationem.
3369 4358 3702 4413 Manifesta-

396 4451 594 4523 σάρκα
629 4453 916 4523 Χριστὸν,
965 4451 1126 4506 ἀλλὰ
1173 4451 1288 4505 νῦν
1337 4451 1541 4506 οὐκέτι
1580 4450 1956 4520 γινώσκομεν

2084 4450 2252 4521 igitur
2305 4448 2578 4504 calumnia
2635 4448 3111 4512 adversariorum,
3164 4449 3468 4504 mconomia:
3513 4449 3665 4516 (dis-

397 4543 474 4607 ὼς
509 4543 726 4614 ἐκείνης
756 4544 856 4613 τῆς
884 4542 1136 4612 γνώσεως
1172 4543 1270 4611 τὴν
1304 4543 1637 4613 πρόσκαιρον
1667 4543 1980 4613 οἰκονομίαν

393 4636 684 4708 δηλούσης,
699 4636 854 4689 τοῦτο
868 4637 921 4688 δέ
937 4636 1034 4708 τὴν
1050 4636 1219 4689 ἀΐδιον
1239 4635 1348 4688 ὑπα
1358 4634 1490 4705 ρξιν.
1516 4633 1725 4687 Οὐκοῦν
1743 4635 1982 4705 μετρίως

399 4730 532 4800 ἡμῖν
558 4731 584 4782 6
607 4729 765 4797 λόγος
799 4729 937 4798 ὑπὲρ
965 4729 1072 4781 τῶν
1099 4727 1460 4799 ἐγκλημάτων
1484 4725 1899 4796 ἀπολελόγηται,
1922 4724 1985 4778 τὸ

402 4821 542 4892 μήτε
570 4819 664 4873 δύο
683 4819 920 4890 νομίζειν
941 4820 1206 4890 Χριστοὺς
1235 4819 1544 4890 ῆΚυρίους,
1576 4819 1709 4888 μήτε
1735 4817 1986 4888 ἐναισχύ-

403 4913 590 4967 νεσθαι
623 4913 702 4984 τῷ
738 4912 975 4985 σταυρῷ,
1009 4915 1142 4984 μήτε
1169 4912 1345 4966 κο-ινδν
1393 4911 1676 4983 ἄνθρωπον
1710 4911 1852 4983 ὑπὲρ
1888 4910 1984 4964 τοῦ

405 5005 607 5076 κόσμου
636 5005 961 5058 πεπονθέναι
994 5004 1254 5069 δοξέιζειν,
1289 5005 1425 5074 μήτε
1459 5004 1565 5074 μὴν
1597 5003 1656 5056 τὸ
1689 5003 1985 5070 ἐποίησεν

407 5098 487 5160 εἰς
551 5097 650 5168 τὴν
702 5101 800 5168 τῆς
867 5099 1053 5160 οὐσίας
1115 5095 1458 5166 κατασκευὴν
1510 5094 1718 5148 οἴεσθαι
1777 5095 1984 5166 φέρειν.

407 5187 517 5256 Τῆς
563 5187 621 5240 δὲ
677 5187 927 5257 τοιαύτης
963 5185 1118 5256 ἡμῶν
1173 5184 1511 5255 ὑπολήψεως,
1540 5184 1600 5236 οὑ
1645 5183 1844 5254 μικράν
1877 5183 1988 5253 ἔχει

413 5280 537 5348 παρ’
569 5278 734 5330 αὑτοῦ
773 5277 867 5330 τοῦ
897 5278 1204 5348 κατηγόρου
1251 5277 1349 5347 τὴν
1393 5278 1707 5347 συμμαχίαν
1743 5279 1771 5330 6
1806 5277 1984 5346 λόγος,

409 5368 464 5420 ἐν
493 5362 574 5427 οἷς
602 5366 802 5436 μεταξὺ
827 5367 1204 5436 καταφορικῶς
1219 5367 1352 5434 ἡμῖν
1368 5364 1678 5417 ἐπελαύνων
1693 5363 1789 5436 τὴν
1807 5365 1984 5432 γλῶσ-

411 5475 529 5522 σαν,
560 5457 833 5512 καὶτοῦτο
865 5457 1125 5528 προφέρει
1149 5496 1164 5519 ,
1199 5458 1280 5510 ὅτι
1303 5457 1533 5523 Ταύτην
1555 5458 1758 5525 μέντοι
1782 5457 1989 5524 μάχην

413 5552 592 5617 αὐτὸς
616 5550 765 5619 πρέ-ς
793 5549 1009 5602 ἑαυτὸν
1051 5547 1327 5616 ἀναφέρει
1362 5548 1697 5613 Βίισίλειος,
1739 5549 1835 5602 καί
1879 5548 1991 5603 δεί-

2080 4540 2696 4612 ρεηδαιὶοηὶψόοειὺιιιτι
2738 4539 2802 4594 ad
2839 4551 3097 4594 atternam
3136 4547 3264 4594 ante
3303 4540 3504 4594 saecula
3527 4545 3660 4595 ειιιι-

2082 4634 2386 4690 sis-tentiam
2436 4632 2776 4687 ealnmniose
2840 4632 3193 4699 rapientium.
3250 4630 3438 4702 Neque
3514 4634 3659 4688 enim

2085 4727 2344 4784 similiter
2372 4733 2427 4782 et
2473 4741 2622 4780 nunc
2668 4733 2722 4780 ct
2772 4726 2927 4797 prius
2963 4725 3032 4779 ab
3071 4725 3335 4795 Apostolo
3377 4724 3662 4780 Christum

2085 4833 2416 4890 cognoscere
2443 4817 2756 4881 didicimus,
2789 4818 2869 4872 sic
2895 4817 3112 4872 dicente
3136 4817 3303 4872 Paulo
3338 4836 3351 4874 :
3388 4816 3455 4873 Et
3488 4820 3534 4872 si
3561 4819 3661 4871 ali-

2085 4910 2296 4981 quando
2373 4911 2706 4981 cognovimus
2753 4909 3040 4963 secundum
3100 4927 3312 4965 carnem
3372 4910 3665 4970 Christum.

2087 5003 2174 5057 sed
2209 5017 2345 5055 nunc
2367 5001 2484 5071 jam
2525 5017 2626 5054 non
2663 5001 2898 5054 novimus
2919 5000 3001 5068 ¹⁵;
3032 5002 3191 5070 quasi
3216 5002 3306 5056 illa
3330 5001 3552 5069 quidem
3573 5013 3670 5052 c0-

2088 5094 2263 5164 gnitio
2310 5092 2701 5161 temporariam
2735 5091 3208 5161 dispenSationem
3241 5093 3502 5153 declaret,
3549 5088 3666 5141 haee

2085 5199 2216 5239 vero
2266 5191 2524 5238 aeternam
2591 5184 2973 5238 exsistentiam
3041 5185 3266 5239 indicet.
3307 5181 3425 5234 Non
3492 5178 3663 5247 igitur

2090 5275 2440 5330 mediocriter
2496 5273 2823 5331 criminibus
2856 5275 3166 5330 refellendis
3201 5273 3338 5325 ratio
3369 5269 3526 5324 nobis
3559 5270 3659 5322 de—

2092 5369 2399 5423 fensionem
2433 5368 2636 5434 attulit,
2673 5368 2819 5438 quod
2861 5382 3040 5436 neque
3083 5366 3221 5419 duos
3257 5361 3530 5425 Christus,
3574 5362 3662 5416 vei

2094 5457 2352 5513 Dominus
2378 5460 2775 5521 existimemus,
2809 5472 2983 5525 neque
3000 5469 3216 5508 crucem
3252 5451 3663 5515 erubescamus.

2098 5531 2274 5622 neque
2320 5565 2664 5606 communem
2724 5549 2995 5602 hominem
3052 5560 3148 5613 pro
3198 5541 3404 5597 mundo
3447 5559 3670 5616 passum

488 5728 532 5759 ”
573 5727 806 5800 Philipp.
843 5745 914 5797 ιι,
949 5729 980 5783 6
1013 5745 1132 5798 sqq.
1212 5705 1254 5760 "3
1283 5728 1440 5785 Hebr.
1480 5747 1557 5798 tu,
1595 5731 1642 5788 Ι.
1725 5733 1765 5764 ’⁸
1805 5732 1950 5788 Ztteh

2061 5751 2090 5796 ι,
2120 5737 2164 5787 l.
2248 5733 2288 5764 ⁸⁵
2332 5732 2520 5786 llCor.
2553 5745 2603 5789 γ,
2644 5728 2723 5780 l6.
