4010 6156
336 321 437 380 Ἷ21

1456 323 1743 380 CONTRA
1784 321 2176 388 EUNOMIUM,
2220 321 2348 380 LlB.
2395 325 2479 382 Ἦ.

3502 323 3608 380 722

339 436 441 508 ἐμὲ
462 433 560 488 τὸν
605 435 663 490 ἐν
708 435 784 506 τῷ
819 435 992 507 Πατρὶ
1023 435 1170 502 ὄντα,
1209 436 1370 490 αὐτὸν
1408 437 1615 493 ἐκεῖνον
1660 439 1919 510 ἑωρακὼς

2025 456 2238 512 semper
2289 441 2454 496 idem.
2505 439 2571 494 Et
2621 440 2668 496 si
2722 441 2824 495 hoc
2879 437 3104 504 videris,
3153 441 3330 510 ipsum
3387 437 3606 496 Patrem

338 531 488 583 ἔσται
510 527 606 582 τὸν
633 522 750 598 ὲνῷ
771 531 901 601 εἰμι,
928 529 1006 600 τῷ
1029 529 1120 584 τὸν
1140 529 1301 584 αὑτὸν
1322 532 1644 603 χαρακτῆρα
1680 533 1778 602 τῆς
1803 531 1922 584 θεό-

338 635 497 688 τητος
524 619 612 672 ἐπ’
640 620 845 690 ἀμφοῖν
867 621 1222 693 καθορᾶσθαι.
1274 624 1384 694 Τὴν
1410 619 1502 677 οὖν
1530 624 1802 694 ἀκήρατον
1832 624 1923 676 καὶ

341 710 525 782 ἀπαθῆ
555 711 648 766 καὶ
680 711 934 767 ἄκτιστον
976 714 1158 782 φύσιν,
1203 717 1260 769 ὲν
1301 714 1379 785 τῷ
1414 714 1643 787 παθητῷ
1680 716 1778 787 τῆς
1805 716 1923 768 κτί-

342 817 479 866 σεως
517 803 849 874 γεγενῆσθαι
887 805 1250 870 πιστεύοντες,
1301 808 1392 860 καὶ
1422 808 1484 860 ἐκ
1511 806 1719 862 τούτων.
1743 808 1924 860 νοοῦν-

337 911 426 958 τες
476 893 574 966 τὴν
630 895 915 950 ἀλλοίωσιν
943 912 954 925 ·
1005 896 1123 960 πῶς
1172 897 1332 950 αὑτὸν
1384 899 1464 961 είς
1516 898 1706 952 ἑαυτὸν
1762 917 1921 952 κεκε-

339 984 541 1038 νῶσθαι
578 985 760 1054 λέγειν
809 987 1262 1059 κατηγορούμεθα
1333 989 1484 1060 ποιρᾶ
1513 989 1620 1043 τῶν
1670 989 1762 1042 τὸν
1793 989 1923 1042 ἴδιον

336 1072 493 1142 λόγον
520 1076 632 1137 τοῖς
667 1076 957 1147 ἡμετέροις
994 1077 1258 1147 δόγμασιν
1288 1078 1787 1150 ἐπιθρυλλούντωνς
1815 1078 1921 1134 Τοῦ

338 1164 448 1234 γὰρ
485 1165 702 1218 κτιστοῦ
735 1167 870 1236 πρὸς
912 1166 1004 1219 τὸν
1042 1168 1260 1222 κτιστὺν
1309 1171 1341 1239 ἡ
1376 1169 1646 1235 κοινωνία,
1696 1170 1922 1240 οὐδεμία

339 1255 520 1321 δεξιᾶς
575 1259 720 1310 ἐστιν
759 1257 1062 1324 ἀλλοίωσις.
1147 1260 1385 1332 Κτιστὴν
1438 1261 1546 1332 γὰρ
1597 1260 1777 1328 δεξιὰν
1823 1262 1922 1331 τῆς

341 1348 595 1402 ἅκτίστου
626 1348 835 1417 φύσεως
857 1350 1056 1418 λέγειν,
1083 1353 1348 1422 Εὐνομίου
1376 1353 1559 1424 μόνου,
1592 1355 1686 1407 καὶ
1717 1353 1824 1406 τῶν
1854 1353 1922 1406 τὰ

339 1441 505 1510 ὃμοια
548 1441 722 1511 τούτῳ
770 1443 1104 1512 φρονούντων
1146 1445 1311 1499 ἐστίν.
1383 1445 1442 1498 '0
1490 1446 1598 1516 γὰρ
1637 1445 1915 1516 ὀφθαλμὸν

342 1531 480 1603 ἔχων
506 1533 640 1603 πρὸς
673 1533 771 1604 τὴν
802 1533 1054 1605 ἀλήθειαν
1085 1535 1364 1604 βλέποντα,
1388 1534 1499 1590 οἷον
1532 1536 1625 1590 τὸν
1661 1537 1920 1606 ’Ὕψιστον

337 1625 458 1695 ὁρᾷ,
486 1623 738 1694 τοιαύτην
771 1624 862 1677 καὶ
887 1626 986 1697 τὴν
1018 1625 1195 1692 δεξιὰν
1215 1626 1576 1695 τοῦὙψίστου
1605 1627 1918 1696 κατόψεται,

335 1715 592 1769 ἄκτιστον
612 1714 888 1779 ἀκτίστου,
915 1715 1121 1786 ἀγαθοῦ
1146 1717 1378 1790 ἀγαθὴν,
1405 1719 1575 1772 ἀϊδίου
1605 1719 1791 1783 ἀΐδιον,
1823 1735 1920 1788 μη-

332 1807 420 1860 δὲν
459 1807 558 1879 τὴν
594 1809 872 1882 ἀϊδιότητα
916 1807 1009 1862 τοῦ
1054 1810 1326 1880 γεννητῶς
1378 1807 1516 1863 εἶναι
1549 1810 1717 1879 αὐτὴν
1752 1810 1808 1861 ὲν
1846 1808 1922 1879 τῷ

335 1900 512 1970 Πατρὶ
546 1902 1040 1967 καταϐλάπτοντος.
1077 1901 1238 1954 Ὥστε
1261 1901 1481 1972 λέληθεν
1517 1902 1708 1955 ἑαυτὸν
1736 1902 1764 1952 ὁ
1791 1918 1923 1954 κατ-

331 1993 531 2063 ήγορος
548 1996 661 2056 τοῖς
681 1993 826 2056 ἰδίοις
840 1992 1066 2046 ὀνείδεσι
1089 1992 1207 2045 καθ’
1227 1994 1380 2064 ἡμῶν
1400 1992 1698 2064 χρώμενος,
1715 1991 1848 2062 πρὸς
1865 1990 1922 2044 δὲ

329 2084 454 2147 τοὺς
479 2083 558 2154 τῷ
587 2083 752 2138 πάθει
780 2085 1234 2156 προσπταίοντας,
1276 2087 1370 2138 καὶ
1397 2085 1484 2138 διὰ
1514 2085 1705 2138 τούτου
1749 2101 1920 2139 κατα-

333 2174 701 2238 σκευάζοντας
743 2175 842 2246 τὴν
884 2175 995 2228 τῶν
1048 2174 1245 2228 οὐσιῶν
1296 2176 1591 2247 ἑτερότητα
1620 2190 1632 2205 ·
1692 2175 1768 2238 ὠς
1827 2174 1920 2228 τοῦ

328 2265 548 2337 Πατρὸς
581 2267 679 2336 μὲν
709 2267 797 2319 διὰ
841 2267 901 2321 τὸ
933 2268 1200 2338 ὑπερέχον
1253 2268 1355 2336 τῆς
1388 2267 1602 2336 φύσεως
1647 2269 1707 2321 ού
1751 2285 1917 2337 παρα-

330 2356 624 2428 δεχομένου
665 2359 727 2412 τὺ
776 2359 966 2423 πάθος,
1005 2359 1094 2412 τοῦ
1137 2359 1267 2413 1⁸ίοῦ
1318 2359 1374 2412 δὲ
1413 2359 1501 2412 διὰ
1550 2359 1611 2411 τὸ
1653 2358 1918 2421 καταδεὲς

329 2453 424 2505 καὶ
453 2451 910 2523 παρηλλαγμένον
942 2452 1076 2523 πρὸς
1103 2451 1198 2522 τὴν
1223 2451 1332 2506 τῶν
1364 2451 1702 2523 παθημάτων
1727 2467 1914 2503 κοινω-

329 2543 450 2597 νίαν
485 2544 895 2612 συγητιὸντος.

2026 547 2186 599 quem
2238 532 2440 600 quaeris
2471 529 2679 595 videre,
2722 531 2970 586 intuitus
2999 548 3080 586 es.
3132 531 3237 597 Qui
3281 532 3424 586 enim
3472 532 3607 586 videt

2026 639 2106 675 me
2138 621 2222 690 ¹⁶,
2281 637 2387 676 non
2429 638 2553 677 cum
2605 623 2701 693 qui
2751 632 2974 692 apparet
3025 624 3081 678 itt
3140 625 3464 686 mutatione,
3511 627 3607 678 sed

2024 727 2150 766 vere
2187 728 2291 779 me,
2328 715 2418 782 qui
2460 729 2581 769 sum
2629 714 2685 768 in
2733 713 2915 777 Patre,
2972 713 3145 785 ipsum
3201 716 3354 769 illum
3404 717 3608 772 videbit

2026 803 2080 857 in
2130 819 2238 874 quo
2284 820 2427 868 sum,
2471 805 2598 876 quia
2656 803 2800 860 idem
2863 805 3151 862 character
3195 806 3500 864 divinitatis
3551 811 3606 862 in

2025 895 2287 950 ambobus
2317 898 2678 966 cort5pieitur.
2727 897 3092 954 Immortalem
3126 901 3293 970 igitur
3334 908 3390 955 et
3429 900 3606 969 impa-

2023 986 2235 1040 tibiiem
2277 996 2331 1042 et
2380 988 2680 1044 increatam
2725 995 2980 1043 naturam
3015 991 3068 1044 in
3099 991 3308 1061 patibili
3351 1003 3604 1046 creatura

2025 1078 2330 1140 credentes,
2367 1087 2420 1133 et
2456 1079 2510 1133 in
2552 1079 2639 1134 his
2676 1081 3032 1135 mutationem
3064 1082 3448 1154 intelligentes,
3471 1098 3603 1153 quo-

2025 1168 2187 1222 modo
2237 1169 2412 1239 ipsum
2464 1171 2519 1224 in
2570 1172 2815 1243 seipsum
2870 1173 3207 1227 exinanitum
3247 1191 3371 1230 esse
3419 1175 3602 1230 dicere

2026 1259 2409 1314 insimulamur
2489 1261 2558 1316 ab
2597 1262 2663 1316 iis
2713 1264 2807 1332 qui
2847 1279 3002 1318 suam
3049 1264 3314 1319 rationem
3367 1281 3475 1334 prae
3508 1282 3605 1319 no-

2025 1352 2154 1406 stris
2207 1352 2449 1408 decretis
2501 1355 2821 1410 vendilant?
2859 1357 3039 1412 Creati
3070 1359 3215 1412 enim
3263 1357 3326 1410 ad
3359 1367 3602 1412 creatum

2023 1442 2361 1506 communio,
2401 1442 2556 1497 nulla
2577 1453 2662 1499 est
2695 1445 2903 1502 dextra:
2930 1447 3180 1502 mutatio.
3208 1446 3341 1501 Nam
3364 1459 3600 1502 creatam

2023 1531 2268 1585 dextram
2323 1534 2577 1588 incrcatae
2640 1544 2852 1592 naturae
2917 1545 3226 1604 autumare,
3292 1539 3469 1594 solius
3517 1549 3603 1594 est

2023 1621 2303 1690 Eunomii,
2343 1637 2397 1682 et
2446 1644 2637 1683 eorum
2681 1631 2776 1698 qui
2810 1631 3008 1686 similia
3044 1645 3168 1685 cum
3213 1647 3286 1686 eo
3331 1631 3600 1686 sentiunt.

2024 1715 2124 1782 Qui
2165 1719 2310 1772 enim
2351 1720 2570 1773 oculum
2610 1721 2771 1775 habet
2798 1721 2866 1774 ad
2897 1720 3180 1776 veritatem
3219 1730 3596 1784 contuentem,

1955 1787 1997 1841 Β
2025 1810 2241 1876 qualem
2263 1805 2608 1866 Altissimum
2643 1812 2808 1876 videt,
2840 1813 3003 1868 talem
3041 1820 3095 1868 ct
3134 1812 3414 1870 dexteram
3439 1811 3602 1868 Altis-

2023 1901 2148 1954 simi
2188 1903 2648 1971 contemplabitur
2678 1917 2690 1950 :
2723 1900 3019 1959 increatam
3055 1905 3304 1968 increati,
3349 1905 3473 1960 boni
3507 1905 3601 1958 bo-

2021 2005 2170 2055 nam,
2220 1998 2480 2044 a-ternam
2517 1993 2728 2056 aeterni,
2765 2009 2888 2047 cum
2925 1995 3063 2048 nihil
3093 1995 3450 2050 mternitatem
3479 1996 3600 2064 ejus

2021 2078 2288 2145 offendat,
2332 2083 2476 2152 quod
2515 2098 2612 2152 per
2649 2084 2873 2137 modum
2905 2087 3274 2156 generationis
3313 2087 3384 2142 sit
3415 2087 3470 2141 in
3500 2085 3603 2140 Pa-

2023 2183 2127 2229 tre.
2164 2172 2345 2240 Quare
2368 2174 2561 2230 fefellit
2588 2176 3163 2246 seipsumaccusatur,
3201 2177 3330 2232 dum
3368 2177 3601 2247 propriis

2023 2266 2290 2322 conviciis
2323 2273 2377 2320 et
2413 2267 2630 2336 probris
2669 2277 2863 2328 contra
2894 2283 2994 2324 nos
3028 2269 3224 2334 utitur,
3255 2268 3508 2324 nesciens
3542 2284 3601 2323 se

2022 2357 2127 2412 hoc
2175 2355 2427 2427 proferre
2461 2357 2730 2412 adversus
2771 2373 2869 2414 eos
2913 2360 3006 2429 Qui
3045 2361 3098 2413 in
3141 2359 3451 2429 passionem
3499 2359 3601 2412 im-

2020 2452 2272 2520 pingunt,
2305 2460 2356 2504 et
2381 2464 2476 2518 per
2503 2449 2608 2503 hoc
2633 2451 2998 2505 essentiarum
3029 2451 3406 2506 diversitatem
3441 2450 3600 2522 (alte-

2030 2541 2268 2610 ritatem)
2323 2547 2660 2610 praestruunt
2688 2560 2700 2594 :
2752 2541 2908 2611 quasi
2943 2541 3101 2596 Pater
3128 2542 3348 2612 quidem
3381 2550 3600 2612 pr0pter

329 2643 545 2690 natura:
617 2633 996 2689 excellentiam
1051 2634 1163 2691 sive
1214 2637 1561 2691 eminentiam
1647 2637 1956 2708 passionem
2032 2650 2144 2689 non
2195 2631 2472 2699 admittat,
2533 2631 2705 2689 Filius
2757 2649 2884 2688 vero
2944 2641 3166 2704 propter
3215 2633 3487 2690 defectum
3547 2644 3602 2689 et

334 2724 688 2780 immutatum
718 2732 930 2781 statum
971 2725 1037 2779 ad
1089 2729 1504 2798 perpessionum
1545 2733 1986 2784 emuntunionem
2022 2723 2348 2782 descendat.

407 2816 600 2870 Ταῦτα
627 2818 947 2888 προσθεῖναι,
977 2817 1236 2890 βούλομαι
1281 2823 1392 2883 τοῖς
1438 2822 1784 2892 εἰρημένοις,
1831 2822 1913 2875 ὅτι

340 2907 497 2962 οὐδὲν
527 2909 674 2965 κατὰ,
704 2908 958 2980 ἀλήθειαν
983 2910 1151 2974 πάθος
1183 2912 1328 2965 ἐστὶν
1357 2912 1384 2965 ὃ
1417 2913 1491 2983 μὴ
1529 2914 1610 2976 εἰς
1642 2914 1914 2984 ἁμαρτίαν

338 2999 522 3071 φέρει.
559 3000 688 3053 Οὐδὲ
735 3001 933 3072 κυρίως
964 3001 1028 3056 ἄν
1083 3019 1164 3066 τις
1207 3003 1296 3056 τὸν
1341 3003 1638 3072 ἀναγκαῖον
1674 3007 1772 3075 τῆς
1815 3003 1916 3074 φύ-

2089 2817 2214 2872 Htec
2250 2816 2414 2872 dictis
2460 2815 2701 2885 adjicere
2739 2816 2858 2872 volo
2899 2836 2922 2873 :-
2966 2817 3118 2888 quod
3171 2821 3476 2876 secundum
3508 2839 3601 2878 ve-

2013 2912 2233 2966 ritatem
2278 2910 2431 2965 nulla
2481 2918 2567 2965 est
2618 2911 2829 2980 passio,
2883 2927 3006 2981 qua:
3058 2927 3167 2967 non
3207 2913 3274 2967 ad
3312 2923 3600 2984 peccatum

2015 3002 2175 3056 ferat.
2238 2999 2427 3068 Neque
2479 3001 2704 3068 proprie
2767 3001 2894 3070 quis
2958 3002 3330 3057 necessariam
3394 3013 3604 3059 uatum

333 3108 480 3155 σεως
519 3091 705 3161 εἱρμὸν
739 3091 907 3156 πάθος
939 3092 1108 3163 λέγοι,
1143 3093 1353 3164 βλέπων
1398 3093 1510 3165 ὁδῷ,
1538 3094 1831 3167 προϊοῦσαν
1860 3097 1916 3147 ὲν

2025 3093 2237 3156 seriem,
2265 3091 2456 3156 πάθος,
2492 3091 2544 3144 id
2568 3098 2652 3146 est
2679 3093 3015 3160 passionem,
3040 3107 3138 3148 seu
3170 3093 3426 3148 affectum
3452 3095 3602 3150 dixe-

324 3183 486 3249 τάξει
518 3185 622 3237 τινὶ
655 3184 745 3236 καὶ
769 3183 1060 3256 ἀκολουθίᾳ
1091 3185 1189 3256 τὴν
1219 3185 1468 3239 σύνθετον
1499 3186 1678 3254 φύσιν..
1717 3187 1780 3238 Ἥ
1807 3185 1916 3257 γὰρ

320 3274 437 3328 τῶν
480 3275 794 3345 ἑτεροφυιῖη
847 3277 1123 3346 στοιχείων
1177 3279 1311 3350 πρὸς
1359 3278 1563 3349 ἄλληλα
1617 3278 1912 3350 συνδρομὴν

319 3366 470 3420 κατὰ
518 3365 620 3436 τὴν
664 3364 759 3418 τοῦ
795 3364 1045 3436 σώματος
1082 3368 1238 3438 ἡμῶν
1271 3371 1633 3441 κατασκευὴν,
1669 3369 1915 3434 σύνθεσίς

315 3456 403 3521 τίς
439 3458 569 3511 ἐστι
597 3459 683 3511 διὰ
715 3458 979 3512 πλειόνων
1015 3461 1281 3529 ἀνομοίων
1309 3461 1676 3534 ἁρμοζομένη.
1725 3463 1913 3516 Ἐκλυ·

315 3548 514 3622 θείσης
560 3550 616 3602 δὲ
659 3549 738 3620 τῷ
782 3549 1075 3620 καθήκοντι
1107 3551 1283 3623 καιρῷ
1326 3554 1422 3624 τῆς
1451 3553 1773 3624 συνδεούσης
1818 3554 1916 3626 τὴν

312 3640 426 3694 τῶν
481 3641 771 3710 στοιχείων
807 3641 1113 3712 συνδρομὴν
1157 3643 1455 3714 ἁρμονίας,
1493 3643 1654 3698 πάλιν
1702 3645 1762 3698 τὸ
1796 3645 1918 3699 σύν-

311 3731 474 3784 θετον
517 3732 610 3793 είς
654 3731 724 3784 τὰ
765 3732 824 3798 ἐξ
877 3727 952 3787 ὧν
1000 3733 1324 3805 συνέστηκεν
1358 3733 1665 3790 ἀναλύεται.
1715 3735 1916 3805 Ἔργον

306 3816 406 3874 οὖν
446 3822 583 3873 ἐστι
614 3821 773 3875 τοῦτο
807 3822 1024 3890 μᾶλλον,
1058 3824 1150 3876 καὶ
1181 3823 1301 3893 οὐχὶ
1335 3823 1504 3886 πάθος
1537 3824 1634 3894 τῆς
1680 3823 1913 3892 φύσεως.

309 3911 500 3963 Μόνον
557 3909 668 3979 γὰρ
708 3910 768 3962 τὺ
793 3909 852 3974 ἐξ
879 3912 1121 3964 ἐναντίου
1151 3914 1217 3984 τῇ
1250 3912 1390 3965 κατὰ
1417 3912 1516 3983 τὴν
1546 3913 1745 3984 ἀρετὴν
1776 3914 1917 3966 ἁπα-

308 4004 438 4076 θείᾳ
491 4001 822 4072 νοούμενον,
855 4003 1058 4075 κυρίως
1091 4003 1570 4075 προσαγορεύομεν
1615 4005 1815 4066 πάθος·
1857 3998 1918 4059 οὗ

309 4095 410 4146 καὶ
443 4096 506 4146 ὲν
538 4096 615 4164 τῇ
655 4093 904 4165 κοινωνίᾳ
940 4093 1041 4164 τῆς
1086 4095 1360 4166 ἡμετέρας
1404 4095 1618 4165 φύσεως
1655 4096 1919 4167 ἀμέτοχον

308 4185 608 4257 διαμεῖναι
657 4185 748 4238 τὸν
786 4186 886 4256 τὴν
925 4185 1198 4256 σωτηρίαν
1242 4187 1372 4257 ἡμῖν
1406 4186 1762 4257 χαριζόμενον
1820 4204 1919 4239 πε,-

311 4277 736 4347 πιστεύκαμεν,
773 4275 864 4330 τὸν
917 4278 1354 4349 πεπειρασμένον
1391 4278 1532 4332 κατὰ
1569 4279 1746 4333 πάντα
1799 4277 1919 4334 καθ’

308 4369 632 4441 ὁμοιότητα
667 4370 836 4438 χωρὶς
873 4370 1167 4440 ἁμαρτίας.
1199 4369 1304 4423 Τοῦ
1351 4370 1450 4442 μὲν
1483 4365 1575 4424 οὖν
1609 4369 1750 4425 κατὰ
1788 4371 1923 4442 ἁλή-

2024 3181 2114 3248 rit,
2155 3189 2414 3251 spectans
2441 3180 2529 3237 via
2563 3182 3000 3252 progredientem
3046 3184 3099 3236 in
3135 3183 3332 3239 ordine
3365 3185 3602 3254 quodam

2021 3279 2075 3324 et
2109 3269 2501 3324 consecutione
2525 3270 2885 3338 compositam
2915 3280 3186 3325 naturam.
3208 3272 3342 3327 Nam
3369 3275 3604 3329 elemen-

2024 3369 2206 3416 torum
2251 3361 2449 3416 diversi
2499 3361 2719 3431 generis
2769 3361 2913 3414 inter
2953 3376 3013 3416 se
3059 3363 3358 3418 concursio
3382 3362 3448 3416 ad
3480 3379 3604 3418 cor-

2023 3456 2174 3526 poris
2212 3455 2391 3510 nostri
2442 3453 2932 3515 constructionem,
2989 3454 3319 3522 compositio
3358 3454 3605 3524 quaedam

2023 3557 2108 3603 est
2149 3563 2214 3602 ex
2245 3547 2496 3615 pluribus
2540 3545 2907 3601 dissimilibus
2937 3554 3302 3615 congruenter
3349 3547 3603 3600 conﬂata.

2023 3637 2282 3693 Resoluta
2319 3642 2501 3690 autem
2531 3634 2879 3689 convenienti
2915 3643 3181 3704 tempore,
3224 3651 3347 3704 qua:
3367 3637 3606 3690 clemen—

2025 3737 2224 3780 torum.
2266 3740 2602 3780 coucursum
2668 3722 2964 3792 colligabat
3027 3723 3352 3788 harmonia;
3413 3737 3606 3776 rursus

2024 3817 2392 3886 c0tupositum
2423 3814 2478 3867 in
2511 3829 2571 3868 ca
2605 3829 2670 3868 ex
2711 3813 2913 3882 quibus
2948 3798 3236 3867 constabat
3265 3812 3602 3868 dissolvitur.

2025 3905 2140 3960 lloc
2184 3905 2350 3976 igitur
2386 3911 2599 3958 natura:
2649 3903 2834 3972 potius
2872 3918 3011 3972 opus
3061 3913 3144 3958 cst
3195 3920 3359 3974 quam
3412 3904 3583 3966 πάθος

2027 4000 2081 4055 id
2124 4010 2209 4055 est
2262 3999 2470 4069 passio,
2524 3999 2638 4054 sive
2685 3997 2926 4052 aﬂ'ectio.
2964 3997 3152 4051 Solum
3183 3999 3327 4051 enim
3352 3997 3498 4066 quod
3540 4012 3604 4051 ex

2025 4093 2304 4155 contrario
2327 4092 2377 4146 ei
2400 4105 2523 4161 qua)
2545 4089 2846 4145 secundum
2869 4088 3121 4142 virtutem
3147 4095 3253 4151 est,
3275 4089 3340 4157 τῇ
3358 4086 3607 4157 ἀληθείᾳ,

2026 4183 2451 4255 impassibilitati
2497 4182 2842 4251 intelligitur,
2895 4181 3119 4250 proprie
3171 4177 3604 4246 ndﬁogpassim

2027 4292 2152 4332 nem
2185 4291 2466 4341 vocamus,
2494 4274 2657 4344 cujus
2694 4273 2858 4328 etiam
2902 4272 2957 4325 in
2985 4268 3374 4325 communione
3407 4275 3609 4322 nostra!

2029 4376 2241 4421 naturae
2280 4372 2559 4434 expertem
2597 4363 2971 4433 permansisse
3000 4376 3128 4416 eum
3149 4359 3424 4429 quinobis
3458 4359 3608 4414 salu-

311 4462 476 4517 θειαν
504 4462 745 4525 πάθους,
776 4461 803 4514 ὂ
837 4461 1208 4534 προαιρέσεώς
1240 4441 1359 4516 ἐστι
1404 4463 1578 4528 νόσος,
1624 4465 1724 4518 οὐκ
1780 4441 1921 4520 ἐκοι-

2029 4465 2138 4514 tem
2169 4457 2532 4526 gratiﬁcatur,
2561 4454 2922 4517 credidimus,
2955 4453 3049 4522 qui
3081 4467 3179 4520 per
3206 4451 3387 4505 omnia
3413 4466 3608 4506 secun-
3687 4441 3701 4454 ’

309 4554 575 4626 νώνησεν
600 4572 614 4585 ·
682 4553 987 4623 Ἁμαρτίαν
1034 4555 1166 4624 γὰρ,
1223 4554 1406 4626 φησιν,
1456 4558 1568 4610 οὐκ
1615 4557 1922 4624 ἐποίησεν,

309 4647 466 4701 οὐδὲ
506 4644 736 4716 εὑρέθη
791 4645 972 4710 δόλος
1007 4646 1078 4700 ἐν
1123 4645 1203 4712 τῷ
1255 4647 1507 4716 στόματι
1548 4648 1735 4702 αὑτοῦ
1762 4665 1774 4678 ο
1817 4646 1926 4700 τῶν

308 4741 368 4795 δὲ
404 4741 515 4812 τῆς
572 4738 794 4809 φύσεως
836 4739 992 4809 ἡμῶν
1044 4739 1370 4811 ἰδιωμάτων,
1415 4740 1451 4794 ἃ
1480 4740 1567 4794 διά
1603 4757 1749 4804 τινος
1801 4758 1928 4798 συν-

308 4835 520 4906 ηθείας
562 4833 666 4886 καὶ
714 4834 1102 4903 καταχρήσεως
1132 4831 1436 4904 ὁμωνύμως
1475 4832 1690 4900 λέγεται
1736 4832 1880 4903 πάθη
1908 4871 1923 4895 ,

307 4925 536 4979 τούτων
583 4927 879 4994 μετασχεῖν
919 4923 1288 4995 ὁμολογοῦμεν
1338 4924 1428 4977 τὸν
1470 4924 1928 4996 Κύριον,,γεννή-

312 5035 484 5081 σεως,
543 5015 651 5068 καὶ
691 5015 918 5086 τροφῆς,
953 5015 1047 5068 καὶ
1081 5017 1384 5087 αὐξήσεως,
1419 5015 1588 5069 ὕπνου
1629 5033 1688 5068 τε
1719 5016 1810 5069 καὶ
1843 5014 1935 5067 κό-

309 5126 443 5171 που,
484 5107 592 5160 καὶ
628 5105 726 5158 ὅσα
762 5105 895 5174 πρὸς
925 5106 1023 5169 τὰς
1053 5106 1368 5177 σωματικὰς
1400 5107 1695 5178 ἀχθηδόνας
1724 5108 1757 5177 ἡ
1785 5105 1933 5176 ψυχὴ

310 5196 587 5268 φυσδκῶς
641 5194 1070 5248 συνδιατίθεσθαι
1120 5195 1352 5264 πέφυκε,
1403 5195 1502 5266 τὴν
1535 5196 1627 5249 τοῦ
1665 5197 1935 5256 ἐνδέοντος

313 5289 518 5358 ἔφεσιν
574 5287 650 5338 ὲκ
684 5285 774 5338 τοῦ
812 5285 1059 5356 σώματος
1109 5287 1200 5340 ἐπὶ
1231 5286 1328 5359 τὴν
1371 5286 1547 5357 ψυχὴν
1573 5286 1671 5357 τῆς
1699 5285 1930 5354 ὀρέξεως

317 5378 742 5447 ῖιατεινούσης,
777 5379 870 5430 καὶ
906 5378 1082 5448 λύπης
1119 5379 1392 5449 αἴσθησιν,
1424 5378 1518 5434 καὶ
1547 5377 1748 5431 δειλίαν
1793 5379 1930 5450 πρὸς

299 5474 581 5534 divas-0v,
623 5469 730 5523 καὶ
761 5469 857 5522 ὅσα
880 5469 1120 5536 τοιαῦτα,
1145 5470 1280 5543 πλὴν
1308 5474 1356 5524 εί
1388 5471 1463 5542 μή
1496 5488 1549 5524 τι
1586 5468 1718 5542 πρὸς
1747 5470 1929 5542 ἁμαρ-

296 5567 431 5629 τίας
467 5558 826 5616 ἀκολουθίαν
846 5559 1019 5630 ςέρει.
1046 5562 1254 5632 Ὠσπερ
1278 5562 1455 5616 τοίνυν
1476 5561 1572 5628 τὴν
1603 5561 1690 5614 διὰ
1715 5561 1926 5614 πάντων

397 5749 450 5784 ²⁶
495 5743 684 5801 Joan.
716 5757 826 5807 ιιν,
857 5743 909 5800 9.
1023 5748 1066 5780 ιτ
1107 5746 1269 5804 llcbr.
1307 5763 1378 5815 tv,
1428 5745 1509 5802 l5.

2030 4550 2160 4604 dum
2185 4544 2603 4602 similitudinem
2629 4551 2872 4598 tentatus
2909 4553 3014 4608 est,
3051 4545 3260 4612 absque
3292 4550 3514 4611 peccato
3541 4543 3605 4597 ".

2031 4641 2164 4710 Ejus
2207 4640 2376 4710 igitur
2406 4638 2498 4708 qui
2528 4652 2656 4692 vere
2694 4645 2780 4691 est
2809 4635 3061 4698 atfectus,
3091 4635 3182 4706 qui
3213 4634 3432 4704 quidem
3463 4649 3602 4689 mor-

2031 4732 2138 4787 bus
2167 4738 2251 4786 cst
2281 4728 2570 4785 electionis
2598 4729 2714 4783 sive
2737 4726 2981 4790 consilii,
3013 4742 3122 4780 non
3160 4726 3434 4796 particeps
3467 4724 3568 4780 fuit
3594 4744 3607 4778 :

2038 4824 2318 4879 Peccatum
2351 4823 2504 4875 enim,
2541 4818 2762 4891 (inquit)
2805 4835 2906 4872 non
2939 4819 3081 4884 fecit,
3142 4833 3231 4873 nec
3270 4817 3325 4871 in
3373 4834 3462 4871 ore
3494 4817 3608 4886 ejus

2033 4914 2188 4971 dolus
2222 4914 2461 4968 iuventus
2495 4921 2572 4965 est
2603 4911 2647 4943 ⁸⁸
2676 4929 2688 4966 :
2731 4914 3126 4980 proprietatum
3161 4917 3344 4963 autem
3374 4917 3606 4973 naturae,

2032 5022 2155 5078 quae
2222 5021 2319 5075 per
2372 5005 2612 5074 aliquam
2672 5002 3123 5058 consuetudinem
3184 5011 3237 5058 et
3291 5003 3608 5058 abusionem

2031 5100 2311 5168 atquivoce
2345 5097 2605 5151 dicuntur
2638 5095 2808 5167 πάθη,
2843 5096 2896 5149 id
2928 5103 3034 5160 est,
3074 5097 3378 5164 passiones,
3411 5093 3607 5145 harum

2035 5191 2354 5262 participem
2403 5187 2576 5242 fuisse
2625 5186 2914 5242 Dominum
2961 5189 3306 5246 conlitemur,
3351 5190 3408 5235 ut
3447 5197 3610 5250 gene-

2037 5285 2291 5344 rationis,
2331 5281 2672 5344 nutritiouis,
2701 5280 3053 5340 accretionis,
3087 5275 3376 5342 somnique
3410 5284 3462 5326 et
3503 5273 3612 5326 las-

2037 5374 2321 5436 situdinis,
2361 5383 2415 5427 ct
2447 5373 2682 5429 aliorum
2723 5372 2922 5442 quibus
2956 5367 3279 5422 naturaliter
3317 5364 3500 5416 anima
3541 5365 3608 5417 ad

2035 5483 2332 5538 corporeas
2387 5466 2674 5521 molestias
2722 5473 2775 5518 et
2828 5463 3046 5516 dolores
3098 5459 3235 5511 solet
3282 5454 3444 5521 allici,
3487 5455 3608 5525 ejus

2036 5561 2178 5634 quod
2229 5575 2367 5628 npus
2397 5569 2479 5614 est
2514 5555 2867 5620 desiderium,
2893 5566 2956 5605 ex
2989 5563 3217 5618 corpore
3258 5549 3324 5603 ad
3365 5548 3608 5604 animant

1589 5745 1630 5776 ⁸⁸
1668 5742 1856 5799 ll‘ctr.
1893 5741 2078 5808 11,32;
2115 5741 2220 5800 lsa.
2249 5757 2362 5808 IIII,
2392 5741 2444 5796 θ.
