4010 6156
392 284 499 342 723

1635 285 1719 357 ,s.
1762 282 2087 342 cneconu
2118 284 2411 341 NYSSENI

3532 279 3636 337 72‘

392 395 633 467 appetitu
676 393 1024 458 extendente,
1061 400 1114 449 et
1158 393 1363 450 doloris
1397 410 1619 451 sensum
1666 405 1723 450 et
1752 397 1955 450 timidi-
1986 451 1988 457 ,

2089 396 2223 454 ιῦτοῦ
2269 396 2559 467 διήκουσαν
2598 392 2824 465 δύναμιν
2869 386 3277 454 κατανοοῦντες.
3318 387 3383 445 ἐν
3424 387 3644 463 οὐρανῷ

392 494 559 541 tatem
594 485 660 539 ad
696 493 953 548 mortem,
984 492 1038 540 et
1073 499 1416 555 qumcunquc
1442 485 1734 551 ejusmodi,
1767 495 1961 557 praeter

394 577 447 630 id
497 575 641 644 quod
698 575 763 628 ad
819 576 1027 644 peccati
1087 576 1534 631 consecutionem
1600 576 1720 631 fert.
1768 581 1963 643 Quem-

395 664 685 717 admodum
720 662 885 733 igitur
915 663 1087 734 ipsius
1136 665 1388 720 virtutem
1438 682 1533 736 per
1582 670 1763 721 omnia
1804 684 1965 736 pene-

393 761 625 809 trantem
673 757 856 809 animo
926 758 1473 826 comprehendentes,
1524 760 1576 812 in
1634 760 1775 815 cmlo
1812 769 1866 815 et
1908 760 1963 815 itt

394 860 539 908 aere,
582 854 635 899 et
684 852 849 909 terra,
893 858 946 901 et
987 849 1147 910 mari,
1188 857 1241 903 et
1298 849 1343 904 si
1396 851 1528 919 quid
1576 853 1967 920 supercmleste

394 946 449 989 et
488 938 926 1001 subterraneum,
956 939 1181 1009 ubique,
1219 948 1269 994 et
1300 957 1397 1011 per
1426 943 1606 995 omnia
1638 942 1814 1013 ipsum
1846 958 1967 997 esse

395 1028 697 1091 credimus,
741 1030 877 1082 nihil
928 1037 1108 1084 autem
1151 1046 1338 1086 eorum
1373 1033 1424 1085 in
1463 1033 1661 1103 quibus
1692 1041 1776 1088 est
1815 1034 1965 1087 illum

396 1134 518 1174 esse
562 1119 820 1175 dicimus.
872 1119 989 1174 Non
1029 1122 1174 1175 enim
1211 1123 1411 1177 caelum
1460 1132 1544 1179 est
1577 1125 1623 1179 is
1662 1125 1754 1195 qui
1791 1125 1966 1195 ipsum

399 1213 578 1281 palmo
606 1212 926 1267 continente
959 1213 1272 1268 universum
1302 1214 1626 1286 complexus
1648 1224 1768 1283 est;
1795 1232 1971 1286 neque

398 1311 565 1367 terra,
614 1303 707 1372 qui
755 1305 1001 1359 continet
1049 1320 1263 1375 gyrum,
1313 1306 1427 1361 sive
1478 1307 1740 1361 ambitum
1789 1315 1969 1376 terrai,

400 1410 576 1464 neque
606 1410 799 1451 rursus
834 1410 996 1465 aqua,
1027 1395 1121 1466 qui
1147 1396 1428 1451 humidam
1458 1399 1843 1468 complectitur
1875 1414 1973 1454 na-

402 1494 613 1553 turam;
676 1486 755 1541 sic
807 1501 982 1556 neque
1030 1502 1124 1556 per
1187 1487 1360 1543 dictas
1417 1490 1599 1544 carnis
1653 1489 1973 1545 atl’ectiones

401 1577 704 1633 venientem
725 1578 901 1648 ipsum
923 1577 1205 1635 ati‘ectibus
1230 1580 1526 1634 obnoxium
1550 1596 1674 1637 esse
1694 1582 1934 1637 dicimus
1958 1601 1971 1636 :

400 1670 495 1725 sed
524 1677 583 1724 ut
610 1686 799 1725 eorum
835 1686 956 1741 qua:
980 1679 1107 1726 sunt
1142 1681 1419 1727 auctorem
1460 1680 1515 1727 et
1554 1674 1795 1729 universi
1826 1688 1976 1728 com-

404 1761 814 1831 prehensorem,
843 1770 1005 1831 atque
1036 1762 1298 1817 ineﬂ'abili
1325 1765 1564 1831 potentia
1595 1765 1829 1835 propriae
1861 1781 1975 1820 ma-

403 1852 727 1921 gttiticentitc
747 1852 1015 1922 quidquid
1041 1862 1290 1908 movetur
1311 1854 1727 1925 gubernantem,
1755 1869 1807 1912 et
1830 1858 1975 1928 quod

404 1952 510 1998 stat
557 1944 609 1998 in
663 1943 769 1997 lixa
820 1945 1113 2015 stabilique
1157 1945 1275 2002 basi
1328 1957 1767 2004 conservantem.
1802 1949 1979 2021 Atque

403 2036 459 2088 in
501 2036 659 2090 nobis
708 2043 896 2089 natum
946 2052 1070 2092 esse
1129 2036 1366 2092 dicimus
1398 2038 1464 2092 ad
1498 2039 1803 2093 sanandum
1847 2056 1978 2110 pec-

404 2126 511 2180 cati
539 2127 816 2192 morbum,
840 2128 1109 2183 concinne
1131 2137 1601 2200 congruenterque
1621 2130 1836 2185 aﬂectui
1868 2133 1981 2187 sive

405 2218 647 2287 passioni
693 2220 978 2273 medicina:
1020 2220 1316 2275 eliicaciam
1353 2221 1891 2287 accommodantem;
1923 2230 1982 2276 ut

406 2316 631 2360 noverat
650 2305 901 2361 conferre
930 2308 1068 2377 parti
1099 2318 1362 2362 creatura:
1390 2310 1700 2380 aegrotanti,
1726 2312 1807 2366 sic
1830 2327 1984 2367 sana-

407 2395 606 2449 tionem
630 2395 996 2452 inducentem.
1022 2397 1375 2454 Conducebat
1396 2409 1576 2456 autem
1610 2401 1689 2456 sic
1717 2409 1863 2457 tactu
1897 2420 1987 2460 cus

408 2487 519 2542 rari
553 2486 804 2542 affectum
836 2489 974 2558 ejus,
1008 2491 1095 2545 cui
1124 2506 1259 2545 cura
1306 2499 1356 2546 et
1392 2492 1663 2555 medicina
1693 2494 1989 2550 adhibeba-

407 2586 516 2630 tur.
548 2574 664 2629 Non
686 2584 865 2633 tamen
894 2581 1153 2647 quoniam
1184 2580 1551 2636 inﬁrmitatem
1577 2590 1752 2647 curat,
1778 2584 1986 2641 idcirco

408 2666 524 2733 ipse
556 2666 746 2720 morbo
793 2675 847 2721 et
885 2671 1127 2737 passioni
1170 2671 1439 2728 obnoxius
1492 2674 1662 2729 fuisse
1710 2675 1987 2744 putandus

409 2765 513 2810 est.
542 2755 724 2824 Neque
755 2758 900 2811 enim
928 2760 995 2814 de
1018 2760 1329 2817 hominibus
1357 2763 1465 2818 tale
1504 2764 1629 2831 quid
1662 2765 1842 2821 dicere
1861 2781 1990 2822 con-

2063 509 2120 544 τε
2153 496 2246 544 καὶ
2278 489 2417 558 ἀέρι,
2455 488 2545 541 καὶ
2585 489 2678 559 γῇ,
2725 487 2818 545 καὶ
2862 484 3123 557 θαλάσσῃ,
3158 483 3251 536 καὶ
3284 482 3337 535 εἷ
3373 500 3425 536 τι
3472 483 3638 535 ἐπου-

2066 583 2266 655 ράνιον,
2299 584 2393 635 καὶ
2423 581 2475 633 ετ
2500 598 2550 633 τι
2582 578 2952 649 καταχθόνιον,
2996 574 3269 644 πανταχοῦ
3301 576 3399 646 μὲν
3427 574 3522 627 καὶ
3552 573 3643 627 διὰ

2066 674 2285 728 πάντων
2311 672 2471 727 αὐτὸν
2497 668 2635 724 εἶναι
2662 668 3010 740 πιστεύομεν,
3041 667 3192 721 οὐδὲν
3218 667 3273 719 δὲ
3302 666 3507 718 τούτων
3534 665 3646 717 τῶν

2066 768 2123 818 ἐν
2164 758 2209 833 ᾧ
2255 767 2421 827 ἐστιν,
2462 763 2667 816 ἐκεῖνον
2712 756 2849 813 εἶναί
2898 775 3095 829 φαμεν.
3149 758 3223 810 Οὐ
3259 755 3368 828 γὰρ
3416 755 3645 826 οὐρανός

2068 853 2204 915 ἐστι,
2235 850 2522 921 διειληφὼς
2557 850 2716 904 αὐτὸν
2753 852 2820 919 τῇ
2850 849 3279 920 περικρατητικῇ
3311 845 3404 899 τοῦ
3445 845 3648 913 παντὸς

2069 944 2336 1017 σπιθαμῇ,
2374 944 2494 998 οὐδὲ
2527 943 2621 1012 γῆ,
2673 944 2701 995 ό
2752 941 3001 1010 κατέχων
3035 939 3127 993 τὸν
3153 938 3320 1010 γύρον
3363 937 3464 1008 τῆς
3502 937 3606 1008 γῆς
3630 953 3647 967 ⁸
3698 950 3707 955 ·

2067 1035 2188 1088 οὐδὲ
2219 1035 2361 1105 ὕδωρ
2384 1033 2606 1098 πάλιν,ό
2638 1031 2735 1103 τὴν
2765 1030 2936 1102 ὑγρὰν
2965 1028 3230 1101 περιέχων
3255 1027 3417 1097 φύσιν
3438 1043 3454 1059 ο
3478 1025 3656 1090 οὕτως

2068 1126 2189 1179 οὐδὲ
2246 1126 2333 1178 διὰ
2385 1123 2493 1177 τῶν
2540 1122 2850 1193 λεγομένων
2908 1120 3009 1190 τῆς
3059 1118 3260 1191 σαρκὸς
3309 1116 3656 1188 παθημάτων

2070 1216 2311 1280 ἐλθόντα,
2343 1214 2562 1285 ἐμπαθῆ
2594 1213 2755 1266 αὐτὸν
2788 1206 2927 1265 εἴναί
2975 1228 3177 1281 φαμεν.
3239 1210 3378 1262 Ἀλλ’
3421 1208 3495 1271 ὡς
3545 1207 3657 1261 τῶν

2072 1306 2238 1361 ὄντων
2279 1305 2471 1371 αἴτιον,
2519 1305 2614 1358 καὶ
2652 1301 2747 1357 τοῦ
2782 1302 2982 1366 παντὸς
3012 1298 3530 1373 περιδεδραγμένον,
3562 1300 3660 1352 καὶ

2072 1402 2137 1469 τῇ
2183 1398 2445 1469 άφράστῳ
2481 1396 2706 1466 δυνάμει
2752 1393 2855 1463 τῆς
2891 1393 3027 1457 ἰδίας
3079 1391 3514 1463 μεγαλειότητος,
3548 1391 3663 1442 πᾶν

2074 1491 2134 1543 τό
2163 1506 2222 1543 τε
2258 1487 2571 1558 κινούμενον
2596 1485 2925 1551 οἰακίξοντα,
2960 1486 3057 1539 καὶ
3080 1484 3139 1538 τὸ
3181 1483 3352 1548 ἑστὼς
3382 1485 3439 1537 ἐν
3475 1484 3665 1556 παγίῳ

2078 1581 2443 1654 συντηροῦντα
2468 1581 2534 1652 τῇ
2586 1578 2760 1648 βάσει,
2794 1578 2888 1631 καὶ
2935 1579 2993 1632 ὲν
3032 1578 3163 1648 ἡμῖν
3193 1575 3524 1647 γεγενῆσθαι
3555 1592 3664 1645 φα-

2082 1693 2179 1746 μεν
2221 1676 2313 1727 ἐπὶ
2367 1672 2632 1744 θεραπείᾳ
2674 1672 2773 1743 τῆς
2814 1670 2956 1725 κατὰ
3002 1671 3101 1741 τὴν
3155 1669 3428 1740 ἁμαρτίαν
3480 1668 3666 1732 νόσου,

2078 1766 2425 1838 καταλλήλως
2469 1764 2548 1836 τῷ
2595 1765 2755 1819 πάθει
2798 1764 2898 1836 τὴν
2935 1761 3216 1833 ἐνέργειαν
3271 1760 3368 1831 τῆς
3414 1761 3668 1831 ἰατρικῆς

2077 1856 2478 1928 ἁρμοσάμενον,
2528 1856 2604 1919 ὡς
2653 1854 2768 1926 ᾔδει
2819 1852 3115 1924 συμφέρειν
3163 1850 3241 1922 τῷ
3288 1850 3667 1922 ἀρῤωστοῦντι

2080 1948 2236 2019 μέρει
2282 1948 2384 2017 τῆς
2433 1945 2683 2009 κτίσεως,
2724 1943 2896 2007 οὓτως
2945 1940 3294 2009 ἐπαγαγόντα
3345 1940 3446 2010 τὴν
3487 1939 3666 1993 ἴασιν·

2082 2038 2340 2109 συνέφερε
2381 2038 2437 2090 δὲ
2483 2038 2550 2108 τῇ
2591 2037 2773 2105 ἐπαφῇ
2812 2035 2872 2087 τὸ
2902 2032 3071 2096 πάθος
3104 2030 3355 2085 ἰάσασθαι
3395 2028 3674 2083 οὕτωκαὶ

2085 2132 2391 2201 ἰασάμενον.
2431 2130 2505 2183 υύ
2540 2127 2647 2199 μὴν
2675 2127 2860 2198 ἐπειδὴ
2911 2123 3148 2196 ξατρεύει
3185 2124 3285 2194 τὴν
3329 2121 3670 2194 ἀρρωστίαν,

2081 2222 2167 2275 διὰ
2200 2220 2354 2273 τοῦτο
2381 2220 2472 2272 καὶ
2502 2218 2662 2281 αὐτὸς
2711 2216 2965 2288 ἐμπαθὴς
3004 2213 3329 2284 γεγενῆσθαι
3363 2214 3669 2283 νομὶζεται.

2084 2310 2216 2364 eos:
2251 2310 2357 2380 γὰρ
2402 2309 2493 2361 ἐπὶ
2537 2309 2645 2361 τῶν
2689 2307 2992 2379 ἀνθρώπων
3021 2307 3081 2359 τὸ
3110 2304 3353 2357 τοιοῦτον
3408 2304 3589 2371 λέγειν
3638 2304 3676 2372 ἡ

2088 2401 2340 2470 συνήθεια
2372 2399 2572 2453 δίδωσι.
2628 2398 2731 2451 Τὸν
2774 2398 2880 2469 γὰρ
2930 2395 3333 2466 θεραπευτικῶς
3366 2393 3682 2464 ἁπτόμενον

2085 2492 2177 2545 τοῦ
2220 2492 2590 2561 νενοσηκότος,
2624 2492 2723 2544 οὐκ
2749 2490 2910 2543 αὑτὸν
2938 2489 3182 2559 μετέχειν
3216 2487 3313 2557 τῆς
3349 2487 3671 2558 ἀρρωστίας

2088 2585 2287 2655 φαμὲν,
2337 2582 2473 2637 ἀλλὰ
2524 2582 2618 2635 καὶ
2667 2581 2745 2652 τῷ
2796 2580 3036 2635 νοσοῦντι
3082 2577 3394 2650 χαρίζεσθαι
3446 2578 3545 2650 τὴν
3595 2582 3686 2643 εὶς

2090 2675 2298 2744 ὑγίειαν
2329 2672 2604 2737 ἐπάνοδον,
2648 2672 2740 2724 καὶ
2797 2672 2870 2743 μὴ
2925 2671 3171 2743 μετέχειν
3218 2670 3317 2743 τῆς
3363 2670 3685 2741 ἀρρωστίας

2090 2764 2289 2834 φαμέν·
2326 2763 2445 2816 οὐδὲ
2476 2761 2585 2832 γὰρ
2630 2761 2840 2815 ἐκείνου
2884 2761 2943 2814 τὸ
2973 2761 3162 2827 πάθος,
3191 2758 3324 2813 ἀλλὰ
3348 2759 3409 2812 τὸ
3439 2758 3683 2828 ἔμπαλιν

411 2847 640 2902 sttetudo
691 2847 976 2919 permittit.
1035 2851 1141 2917 Qui
1188 2854 1332 2907 enim
1361 2863 1622 2922 aegrotum
1682 2858 1875 2927 tangit,
1933 2867 1988 2913 ut

2091 2857 2293 2919 ἐκεῖνος
2320 2855 2414 2909 τοῦ
2443 2855 2870 2927 ἀρρωστήματος
2903 2853 3155 2908 ἅπτεται.
3192 2853 3255 2905 Εἰ
3285 2848 3379 2906 οῦν
3405 2854 3433 2906 ό
3462 2851 3551 2905 διὰ
3579 2852 3687 2923 τῆς

411 2948 588 3003 curet,
618 2954 725 2993 non
743 2954 876 2994 eum
909 2942 1084 2997 morbi
1114 2943 1432 3013 participem
1456 2959 1578 3000 esse
1605 2945 1861 3013 dicimus,
1895 2950 1988 3004 sed

2090 2946 2283 3016 τέχνης
2331 2944 2533 3012 ἀγαθόν
2576 2961 2626 2997 τι
2669 2947 2783 3007 τοῖς
2834 2940 3081 3013 σώμασιν
3115 2941 3371 3013 ἐνεργῶν,
3406 2942 3531 3012 οὐχὶ
3575 2959 3684 2995 νω-

409 3031 694 3099 ωειηιεηιί
742 3031 1035 3102 gratiﬁcari
1073 3041 1128 3090 et
1161 3034 1456 3090 liberaliter
1486 3037 1551 3091 ad
1591 3040 1879 3096 sanitatem
1905 3057 1988 3097 re-

2095 3036 2222 3108 θρός
2263 3054 2322 3089 τε
2375 3036 2467 3089 καὶ
2517 3036 2817 3106 ἄρρωστος,
2853 3034 2990 3087 ἀλλὰ
3036 3033 3414 3106 φιλάνθρωπός
3462 3050 3526 3086 τε
3579 3035 3675 3088 καὶ

412 3121 584 3175 ditum
612 3123 872 3190 praebere,
912 3139 1020 3179 non
1069 3132 1248 3181 autem
1292 3129 1467 3183 morbi
1513 3131 1829 3202 participem
1876 3148 2000 3189 esse

412 3213 671 3279 dicimus,
704 3231 878 3285 neque
911 3218 1054 3271 enim
1082 3218 1235 3272 illum
1262 3219 1510 3288 aﬂ‘ectus,
1550 3224 1642 3277 sed
1683 3231 1869 3278 contra
1910 3226 2000 3280 ille

414 3304 662 3359 morbum
691 3307 896 3375 tangit;
938 3310 983 3362 si
1014 3309 1183 3380 igitur
1208 3313 1300 3381 qui
1344 3329 1437 3381 per
1467 3326 1638 3369 artem
1671 3318 1999 3386 corporibus

412 3396 615 3450 bonum
646 3398 865 3468 aliquod
898 3410 1178 3470 operatur,
1208 3417 1318 3456 non
1345 3403 1631 3472 languidus
1656 3414 1709 3460 et
1734 3415 1994 3475 mgrotus,

412 3487 508 3541 sed
541 3488 835 3556 humanus,
869 3501 921 3546 et
948 3492 1290 3555 benefactor,
1321 3500 1374 3547 et
1403 3494 1455 3546 id
1487 3508 1659 3563 genus
1688 3497 2001 3553 nominibus

414 3580 750 3647 appellatur:
784 3597 883 3635 cur
922 3590 980 3635 ut
1009 3582 1288 3645 humilem,
1326 3584 1589 3653 abjcctam
1630 3596 1679 3641 et
1710 3586 2000 3656 ignobilem

416 3668 563 3722 circa
603 3684 702 3723 nos
745 3669 1209 3739 dispensationem
1262 3675 1673 3740 calumniantes,
1723 3693 1821 3748 per
1861 3678 2003 3733 hanc

419 3768 666 3827 prompte
695 3760 813 3813 Filii
855 3762 1146 3824 essentiam
1180 3763 1522 3820 imminutam
1554 3783 1677 3823 csse
1724 3777 2001 3840 astruunt,

417 3852 561 3920 quod
614 3850 791 3908 Patris
831 3855 1051 3924 quidem
1099 3866 1291 3913 natura
1336 3860 1406 3914 sit
1450 3862 1897 3930 perpessionibus
1948 3874 2004 3921 et

419 3941 797 3999 att‘ectionibus
848 3947 1122 4015 superior,
1166 3947 1440 4020 Unigeniti
1492 3967 1621 4007 vero
1666 3968 1696 4007 a
1748 3954 2003 4024 passione

421 4049 529 4086 non
564 4035 735 4089 libera
762 4045 816 4090 ct
849 4038 1100 4107 [ιιιγεῖὃί
1131 4041 1274 4093 enim
1325 4056 1525 4111 scopus
1578 4043 2002 4113 dispensationis

422 4141 516 4194 per
548 4141 792 4191 carnem,
840 4144 949 4183 non
980 4136 1038 4182 ut
1071 4129 1333 4185 Dominus
1366 4134 1815 4202 perpessionibtts
1851 4136 2004 4192 ﬂeret

419 4218 712 4283 obnoxius,
750 4220 846 4274 sed
881 4227 939 4275 ut
972 4220 1194 4276 humani
1232 4224 1450 4293 generis
1494 4235 1704 4280 amator
1744 4235 1798 4282 et
1836 4226 2006 4284 bene-

419 4308 576 4363 volus
606 4310 1027 4379 ostenderetur;
1074 4311 1342 4383 benignus
1375 4322 1556 4369 autem
1604 4324 1660 4371 et
1708 4319 2002 4377 benevolus

2100 3129 2412 3199 εὐεργέτης,
2466 3127 2559 3180 καὶ
2610 3127 2709 3178 ὅσα
2739 3125 2965 3179 τοιαῦτα
2998 3126 3458 3197 κατονομάζεταιο
3504 3125 3559 3178 τί
3604 3125 3682 3189 ὡς

2099 3217 2353 3271 ταπεινόν
2379 3234 2437 3269 τε
2484 3218 2576 3270 καὶ
2624 3216 2808 3281 ἄδοξον
2853 3215 2952 3287 τὴν
3004 3216 3132 3287 περὶ
3179 3218 3324 3286 ἡμᾶς
3367 3216 3692 3286 οἰκονομίαν

2100 3307 2492 3368 διαϐάλλοντες,
2541 3305 2627 3358 διὰ
2656 3305 2857 3378 ταύτης
2886 3304 2946 3357 τὸ
2980 3306 3267 3376 πρόχειρον
3299 3305 3687 3375 παρηλλάχθαι

2100 3398 2191 3451 τοῦ
2229 3398 2357 3450 Υἱοῦ
2406 3398 2503 3469 τὴν
2541 3398 2726 3451 οὐσίαν
2779 3398 3289 3461 κατασκευάζουσιν,
3339 3398 3416 3461 ὡς
3444 3399 3543 3469 τῆς
3583 3398 3694 3453 τοῦ

2102 3488 2315 3560 Πατρὸς
2364 3489 2459 3561 μὲν
2491 3490 2703 3559 φύσεως
2739 3487 3016 3559 ἀνωτέρας
3063 3489 3171 3541 τῶν
3213 3488 3555 3559 παθημάτων
3590 3489 3689 3542 οῦ-

2105 3600 2224 3652 σης,
2258 3584 2357 3653 τῆς
2398 3582 2455 3635 δὲ
2501 3581 2596 3635 τοῦ
2639 3580 2976 3649 Μονογενοῦς
3019 3582 3081 3634 οὺ
3122 3581 3538 3653 καθαρευούσης
3584 3582 3693 3637 τοῦΔ

2103 3675 2327 3738 πάθους;
2354 3675 2416 3726 Ei
2446 3673 2554 3746 γὰρ
2584 3676 2612 3726 ὁ
2644 3672 2842 3736 σκοπὸς
2869 3673 2966 3742 τῆς
2995 3672 3081 3725 διὰ
3113 3672 3315 3744 σαρκὸς
3346 3674 3684 3740 οἰκονομίας,

2064 3790 2071 3796 ·
2102 3764 2165 3817 οὐ
2208 3764 2269 3816 τὸ
2300 3762 2519 3833 ἐμπαθῆ
2556 3759 2805 3829 γενέσθαι
2834 3758 2923 3812 τὸν
2964 3758 3187 3829 Κύριον,
3222 3758 3357 3812 ἀλλὰ
3395 3759 3464 3825 ,τὸ
3495 3758 3688 3828 φιλάνο

2105 3854 2318 3926 θρωπον
2358 3852 2756 3922 ἐπιδειχθῆναι*
2789 3850 3167 3922 φιλάνθρωπος
3206 3850 3259 3903 δὲ
3305 3848 3399 3903 καὶ
3432 3851 3460 3902 ό
3492 3851 3688 3921 Πατὴρ

2105 3944 2243 4001 εἶναι
2272 3947 2370 3999 οὐκ
2399 3943 2816 4015 ἀμφιϐάλλεται·
2843 3944 2901 3995 ἐν
2928 3945 3039 4004 τοῖς
3076 3942 3257 4003 αὐτοῖς
3288 3941 3437 3992 ἐστιν
3468 3940 3576 4011 ἄρα
3607 3940 3687 4011 τῷ

2104 4039 2219 4110 Υἰῷ
2245 4040 2274 4092 6
2301 4038 2509 4108 Πατὴρ,
2539 4037 2587 4088 εἰ
2616 4034 2752 4104 πρὸς
2780 4032 2871 4087 τὸν
2904 4032 3104 4086 σκοπόν
3128 4049 3210 4093 τις
3237 4031 3411 4084 ἐθέλοι
3442 4031 3686 4100 βλέπειν.

2105 4133 2167 4186 Εἰ
2192 4132 2248 4185 δὲ
2272 4130 2369 4199 οὐχ
2410 4130 2437 4181 6
2470 4125 2654 4197 Πατὴρ
2694 4126 2965 4195 ἐνήργησε
2993 4122 3088 4194 τὴν
3120 4122 3211 4175 τοῦ
3255 4121 3488 4175 θανάτου
3519 4122 3689 4175 κατά-

2104 4226 2276 4288 λυσιν,
2308 4220 2592 4290 θαυμάσῃς
2631 4217 2817 4288 μηδέν.
2850 4217 2961 4269 Καὶ
2999 4216 3106 4287 γὰρ
3130 4215 3223 4268 καὶ
3247 4215 3345 4285 τὴν
3377 4214 3558 4286 κρίσιν
3581 4217 3689 4266 πᾶ-

2109 4332 2208 4371 σαν
2234 4314 2400 4367 ἔδωκε
2419 4310 2496 4381 τῷ
2527 4308 2659 4379 Υἱῷ,
2687 4307 2847 4369 αὐτὸς
2886 4305 3084 4378 κρίνων
3122 4305 3332 4369 οὐδένα,
3376 4306 3436 4358 ού
3480 4306 3559 4374 τῷ
3609 4306 3688 4376 μὴ

417 4415 546 4470 erga
590 4401 888 4455 humanum
921 4419 1093 4473 genus
1143 4403 1301 4459 Pater
1342 4420 1465 4461 esse
1515 4421 1623 4461 non
1668 4410 1988 4481 ambigitur:

2106 4402 2365 4459 δύνασθαι
2413 4400 2446 4470 ἦ
2504 4397 2673 4451 σῶσαι
2722 4396 2813 4449 τὸν
2863 4395 3228 4466 ἀπολόμενον,
3278 4397 3312 4465 ἢ
3359 4397 3542 4466 κρῖναι
3594 4396 3690 4448 τὸν

420 4486 476 4541 in
521 4490 712 4545 iisdem
748 4491 915 4561 igitur
956 4501 1039 4548 cst
1089 4491 1251 4548 Pater
1291 4510 1414 4548 cum
1461 4495 1634 4560 Filio,
1673 4500 1717 4553 si
1759 4502 1882 4570 quis
1934 4502 2006 4559 ad

419 4593 643 4648 scopum
676 4582 805 4635 velit
847 4591 1119 4650 spectare.
1175 4585 1329 4649 Quod
1379 4585 1423 4640 si
1458 4585 1618 4643 Pater
1660 4591 1851 4647 mortis
1891 4591 1999 4650 dis-

420 4672 747 4727 solutionem
780 4690 889 4728 non
920 4686 1176 4744 operatus
1202 4686 1305 4741 est,
1336 4678 1475 4733 nihil
1506 4681 1747 4737 mireris.
1781 4683 1995 4740 Etenim

420 4761 585 4814 etiam
633 4778 793 4819 omne
835 4766 1103 4835 judicium
1153 4768 1302 4824 dedit
1352 4767 1513 4835 Filio,
1561 4773 1678 4843 ipse
1725 4776 1996 4831 neminem

418 4850 674 4922 judicans
704 4857 770 4921 ’⁸,
799 4872 906 4912 nou
929 4858 1075 4928 quod
1106 4875 1216 4912 non
1261 4862 1435 4930 possit
1469 4863 1553 4916 vel
1601 4879 1821 4920 servare
1858 4866 2004 4937 quod

420 4942 691 5013 perierat,
745 4947 829 5001 vel
879 4948 1126 5017 judicare
1176 4966 1300 5006 eum
1364 4953 1461 5023 qui
1509 4967 1854 5023 peccaverat,
1911 4974 2006 5029 per

420 5035 617 5089 Filium
652 5035 764 5091 haec
808 5037 1035 5108 faciens,
1065 5044 1161 5096 sed
1200 5048 1328 5113 quia
1373 5061 1469 5114 per
1504 5062 1656 5100 suam
1704 5049 2003 5117 potentiam

420 5143 517 5198 per
557 5144 720 5196 quam
768 5130 953 5184 omnia
992 5142 1271 5202 operatur,
1302 5135 1416 5190 hate
1463 5138 1626 5192 etiam
1659 5138 1859 5204 faciat;
1908 5156 2005 5209 po-

419 5223 593 5275 tentia
617 5232 796 5277 autcm
826 5220 1006 5278 Patris
1029 5234 1112 5279 est
1135 5225 1332 5283 Filius.
1356 5229 1533 5295 Quare
1561 5231 1651 5298 qui
1677 5246 1773 5299 per
1802 5229 1999 5285 Filium

422 5314 560 5368 salvi
598 5314 723 5370 tacti
768 5323 918 5378 sunt,
972 5317 1211 5386 potentia
1258 5316 1441 5375 Patris
1488 5321 1689 5375 servati
1733 5331 1881 5377 sunt.
1934 5322 2001 5377 Et

422 5406 514 5474 qui
560 5407 628 5460 ab
670 5409 771 5462 hoc
820 5407 1156 5477 judicatttur,
1203 5407 1295 5464 Dei
1337 5410 1552 5479 justitia
1580 5412 1842 5481 judicium
1867 5415 1999 5469 sub-

424 5506 575 5551 eunt.
624 5497 879 5557 Christus
932 5502 1078 5559 enim
1126 5510 1212 5561 est
1267 5502 1362 5561 Dei
1426 5503 1662 5575 justitia,
1707 5520 1830 5577 qua:
1906 5523 2001 5579 per

503 5674 548 5708 ι’
583 5673 741 5732 Joan.
777 5697 827 5746 v,
850 5681 939 5737 εδει.

2105 4496 2517 4569 ἀμαρτήσαντα,
2564 4490 2653 4545 διὰ
2698 4488 2792 4542 τοῦ
2835 4488 2960 4541 Υἱοῦ
2992 4487 3163 4541 ταῦτα
3205 4487 3408 4552 ποιῶν,
3445 4488 3579 4542 ἀλλὰ
3611 4490 3689 4560 τῷ

2103 4588 2190 4643 διὰ
2214 4587 2313 4657 τῆς
2345 4585 2479 4647 ἰδίας
2508 4581 2810 4652 δυνάμεως,
2854 4580 2922 4633 δι’
2954 4575 3022 4652 ἦς
3052 4579 3120 4633 τά
3160 4581 3337 4634 πάντα
3371 4582 3689 4649 ἐργάζεται,

2104 4677 2398 4733 καὶταῦτα
2442 4676 2644 4728 ποιεῖν’
2692 4672 2918 4742 δύναμις
2963 4671 3020 4724 δὲ
3069 4671 3162 4724 τοῦ
3214 4672 3430 4742 Πατρός
3466 4675 3615 4726 ἐστιν
3665 4678 3693 4728 6

2105 4770 2252 4833 Υἱός.
2293 4766 2501 4822 Οὐκοῦν
2527 4768 2576 4819 οἱ
2616 4764 2703 4818 διὰ
2747 4763 2839 4816 τοῦ
2872 4761 3002 4815 Υἱοῦ
3033 4762 3315 4827 σωθέντες,
3346 4766 3413 4834 τῇ
3459 4765 3692 4836 δυνάμει

2101 4862 2195 4916 τοῦ
2228 4860 2437 4931 Πατρός
2469 4856 2768 4927 ἐσώθησαν.
2795 4855 2904 4907 Καὶ
2947 4856 2997 4907 οἱ
3027 4854 3178 4925 παρὰ
3205 4854 3394 4908 τούτου
3429 4856 3692 4927 κρινόμε-

2101 4970 2201 5017 νοι,
2247 4954 2311 5022 τῇ
2355 4948 2665 5019 δικαιοσύνῃ
2716 4945 2810 5000 τοῦ
2847 4946 2981 5000 Θεοῦ
3028 4946 3125 5018 τὴν
3172 4946 3350 5018 κρίσιν
3400 4950 3690 5019 ὑπέχουσι,

2100 5044 2334 5117 Χριστὸς
2359 5042 2466 5111 γάρ
2499 5043 2644 5094 ἐστιν
2672 5040 2704 5109 ἡ
2734 5038 2827 5091 τοῦ
2856 5038 2990 5092 Θεοῦ
3033 5040 3367 5111 δικαιοσύνη,
3401 5043 3435 5110 ἡ
3464 5042 3555 5094 διὰ
3591 5044 3692 5111 τῆς

2100 5135 2459 5205 εὑαγγελικῆς
2490 5130 3003 5203 ἀποκαλυπτομένη,
3040 5131 3219 5193 καθώς
3249 5149 3413 5202 φησιν
3445 5133 3474 5183 ό
3530 5134 3693 5186 Ἀπά-

2108 5230 2313 5292 στολος,
2354 5225 2455 5280 κᾶν
2496 5225 2576 5286 εἰς
2624 5223 2716 5276 τὸν
2748 5221 2951 5292 κόσμον
3000 5221 3117 5293 ἴδῃς
3162 5222 3302 5287 ὅλον,
3353 5223 3456 5277 κᾶν
3496 5227 3577 5287 εἰς
3621 5225 3692 5278 τὰ

2111 5320 2249 5392 μέρη
2293 5318 2388 5371 τοῦ
2420 5316 2623 5386 κόσμου
2652 5313 2723 5367 τὰ
2769 5314 3193 5385 συμπληροῦντα
3230 5317 3292 5368 τὸ
3328 5316 3469 5381 ὅλον,
3506 5318 3691 5371 πάντα

2105 5412 2274 5466 ταῦτα
2300 5409 2394 5464 τοῦ
2434 5408 2647 5478 Πατρός
2690 5406 2837 5458 ἐστιν
2880 5405 3035 5476 ἔργα,
3068 5406 3170 5475 τῆς
3211 5406 3493 5477 δυνάμεως
3519 5409 3687 5461 αὑτοῦ

2107 5504 2244 5577 ἔργα
2275 5501 2558 5573 γενόμενα,
2590 5497 2685 5551 καὶ
2722 5496 2893 5564 οὕτως
2920 5497 3175 5570 ἀληθεύει
3203 5498 3270 5553 δι’
3301 5500 3624 5571 ἀμφοτέρων
3658 5503 3687 5555 6
