4034 6156
402 242 509 303 725

1524 256 1806 313 CONTRA
1844 259 2231 331 EUNOMIUM,
2268 262 2394 319 LIB.
2433 262 2520 318 Vl.

3541 266 3644 322 720

398 363 589 433 λόγος·
639 364 733 417 καὶ
785 366 957 419 πάντα
989 367 1079 421 τὸν
1120 369 1342 442 Πατέρα
1393 372 1718 443 ὲργὰζεσθαι
1763 376 1933 445 λέγων

2075 378 2453 450 Evangelicam
2488 380 2793 436 doctrinam
2821 380 3115 447 revelatnr,
3147 380 3289 436 sicut
3314 379 3390 434 ait
3421 378 3654 450 Aposto-

400 459 490 511 καὶ
518 458 685 529 χωρὶς
712 460 804 512 τοῦ
833 460 963 513 Υίοῦ
991 463 1234 530 γίνεσθαι
1264 467 1372 519 τῶν
1401 466 1569 522 ὄντων
1593 469 1745 523 οὐδέν
1763 487 1775 501 ·
1811 472 1843 540 ή
1866 471 1973 543 γὰρ

395 550 499 621 τῆς
539 548 819 621 δυνάμεως
854 553 1122 637 ἐνέργεια,
1151 558 1231 619 είς
1262 558 1353 611 τὸν
1381 554 1440 614 οὗ
1479 561 1626 614 ἐστιν
1666 563 1699 629 ἡ
1745 562 1973 634 δύναμις

394 640 491 710 τὴν
515 641 791 713 ἀναφορὰν
819 644 950 715 ἔχει.
999 645 1151 700 Ἐπεὶ
1187 644 1281 703 οὖν
1307 649 1536 722 δύναμις
1577 652 1671 706 τοῦ
1702 654 1915 725 Πατρὸς
1944 658 1973 710 ὁ

397 730 559 795 Υἱόςο
613 733 790 788 πάντα
831 735 897 789 τὰ
944 736 1080 807 ἔργα
1128 739 1221 793 τοῦ
1252 742 1402 805 Υίοῦ,
1444 742 1540 796 τοῦ
1584 744 1793 816 Πατρός
1826 747 1971 800 ἐστιν

396 821 551 893 ἔργα.
596 822 714 877 Ὀτι
742 824 848 897 γὰρ
876 828 995 899 οὑχὶ
1026 829 1240 898 φύσεως
1270 833 1541 905 ἀσθενείᾳ,
1573 835 1710 905 πρὸς
1753 836 1849 908 τὴν
1875 838 1968 891 τοῦ

395 912 599 977 πάθους
626 915 952 985 οἰκονομίαν,
989 918 1103 973 ἀλλ’
1133 920 1352 994 ἐξουσία
1385 922 1690 995 θελήματος
1725 925 1967 997 ἔρχεται,

396 1004 594 1076 μυρίας
625 1006 769 1060 ἔστιν
803 1009 867 1062 ὲκ
885 1010 975 1062 τοῦ
1011 1011 1342 1081 Εὑαγγελίου
1387 1016 1730 1086 παραθέσθαι
1760 1016 1965 1085 φωνὰς,

390 1098 457 1162 ἃς
482 1100 742 1166 σιωπήσω
766 1100 853 1154 διὰ
883 1103 942 1154 τὸ
976 1105 1257 1175 πρόδηλον,
1285 1107 1360 1170 ὡς
1405 1107 1471 1161 ἂν
1507 1108 1580 1179 μὴ
1624 1111 1739 1171 τοῖς
1779 1109 1964 1177 ὁμολο-

389 1190 672 1259 γουμένοις
723 1192 1088 1263 ἐνδιατρίϐων,
1136 1198 1164 1250 ὁ
1212 1197 1370 1266 λόγος
1403 1199 1713 1269 μηκύνοιτο.
1772 1201 1834 1253 Ei
1868 1200 1966 1270 μὲν

389 1279 481 1335 οὖν
527 1282 694 1335 κακὸν
736 1285 796 1337 τὸ
825 1286 1126 1355 γινόμενον,
1156 1289 1214 1342 οὑ
1243 1290 1334 1342 τὸν
1368 1292 1585 1361 Πατέρα
1624 1291 1803 1360 μόνον,
1831 1292 1965 1346 ἀλλὰ

387 1371 599 1425 καὶτὸν
659 1373 786 1429 Υίὸν
816 1374 908 1427 τοῦ
951 1376 1121 1431 κο.κοῦ
1153 1380 1469 1450 χωριστέον.
1504 1383 1565 1434 Ei
1594 1382 1649 1435 δὲ
1692 1382 1894 1450 ἀγαθὸν
1928 1385 1960 1452 ἡ

388 1465 630 1534 σωτηρία
658 1465 766 1519 τῶν
794 1468 1263 1537 ἀπολωλότων,καὶ
1288 1472 1348 1524 οὑ
1381 1471 1548 1535 πάθος
1567 1513 1581 1536 ,
1615 1473 1746 1527 ἀλλὰ
1777 1473 1963 1542 φιλαν-

386 1556 601 1626 θρωπία
652 1558 712 1610 τὸ
766 1561 1128 1631 γεγενημένον
1192 1563 1341 1615 ἐστί·
1398 1564 1452 1616 τί
1503 1564 1803 1636 ἀλλοτριοίς
1871 1566 1961 1620 τὸν

384 1648 602 1718 Πατέρα
630 1650 726 1718 τῆς
757 1650 849 1702 ἐπὶ
877 1653 942 1721 τῇ
978 1651 1219 1723 σωτηρίᾳ
1261 1653 1418 1723 ήμῶν
1446 1655 1797 1726 εὐχαριστίας
1817 1699 1830 1723 ,
1871 1656 1959 1709 τὸν

380 1739 470 1792 διὰ
497 1741 595 1811 τῆς
629 1741 760 1804 ἰδίας
789 1739 1089 1814 δυνάμεως,
1127 1746 1250 1816 ἥτις
1297 1748 1443 1801 ἐστὶν
1482 1750 1510 1801 ὁ
1558 1748 1813 1819 Χριστὸς,
1852 1751 1951 1822 τὴν
1994 1727 2034 1782 Β

382 1832 444 1883 ὲκ
471 1830 561 1884 τοῦ
606 1832 834 1887 θανάτου
869 1835 1177 1906 ἐλευθερίαν
1204 1842 1315 1903 τοῖς
1340 1839 1646 1910 ἀνθρώποις
1687 1859 1956 1913 κατεργα-

381 1922 652 1991 σάμενον;
705 1925 842 1979 Ἀλλ’
897 1928 1176 1981 ἐπανιτέον
1236 1930 1396 1984 πάλιν
1444 1932 1538 1984 ἐπὶ
1586 1934 1677 1987 τὸν
1728 1933 1955 2005 σφοδρὸν

379 2012 737 2085 λογογράφον,
789 2018 883 2070 καὶ
927 2018 1025 2089 τὴν
1075 2021 1321 2076 σύντονον
1370 2023 1584 2095 ἐκείνην
1633 2026 1752 2079 καθ’
1798 2027 1955 2098 ἡμῶν

382 2105 664 2175 ῥητορείαν
709 2107 1044 2178 ἀναληπτέον
1074 2112 1224 2181 ἡμῖν.
1264 2113 1514 2165 Αίτιᾶται
1557 2114 1619 2167 τὸ
1670 2114 1745 2185 μὴ
1773 2115 1953 2184 λέγειν

379 2197 700 2267 πεποιῆσθαι
743 2199 833 2252 τοῦ
864 2200 995 2254 Υίοῧ
1022 2202 1120 2272 τὴν
1147 2203 1334 2255 οὑσίαν
1364 2204 1527 2273 ἡμᾶς,
1557 2203 1633 2268 ὡς
1671 2206 1948 2260 ἐναντιου-

381 2286 571 2355 μένους
595 2291 658 2360 τῇ
686 2292 834 2362 φωνῇ
868 2292 1093 2363 Πέτρου,
1122 2294 1339 2360 Κύριον
1365 2294 1550 2347 αὐτὸν
1568 2294 1667 2349 καὶ
1691 2297 1949 2364 Χριστὸν

376 2377 647 2446 ἐποίησε,
678 2382 891 2435 τοῦτον
928 2386 1035 2437 τὸν
1081 2385 1315 2452 Ἰησοῦν
1342 2384 1415 2439 ὃν
1450 2386 1619 2455 ὑμεῖς
1650 2388 1948 2458 ἐσταυρὼ-

375 2486 540 2524 dare.
585 2474 691 2525 Καὶ
730 2474 894 2538 πολύς
926 2478 1072 2529 ἐστιν
1116 2478 1437 2545 ἀγανακτῶν
1466 2480 1559 2532 ἐπὶ
1595 2478 1806 2544 τούτοις
1848 2483 1944 2537 καὶ

376 2562 794 2634 λοιδορούμενος,
853 2568 948 2620 καὶ
990 2569 1387 2634 κατασκευάζει
1436 2569 1502 2624 δι’
1548 2565 1621 2627 ὧν
1653 2574 1818 2627 οἴεται
1861 2577 1943 2631 δι·

372 2650 614 2722 ελέγχειν
646 2654 736 2705 τὸν
770 2656 1034 2727 ἡμέτερον
1063 2658 1239 2727 λόγον.

2074 472 2159 528 lus
2190 472 2257 537 ὀ,
2298 472 2414 527 sive
2456 481 2629 527 totum
2677 474 2939 528 mundum
2982 472 3264 542 inspicias,
3309 472 3423 527 sive
3466 482 3650 543 partes

2073 565 2260 619 mundi
2288 579 2410 634 quae
2438 572 2609 620 totum
2643 566 2937 636 complent,
2973 566 3086 618 haec
3112 563 3291 619 omnia
3316 574 3443 618 sunt
3469 564 3651 624 Patris

2071 672 2257 726 opera,
2289 659 2549 728 potentiae
2574 658 2747 728 ipsius
2785 672 2950 728 opera
2996 656 3161 723 facta,
3199 657 3391 726 sicque
3422 658 3487 712 de
3519 673 3649 712 am—

2069 745 2244 802 bobus
2292 761 2418 802 vere
2465 747 2600 802 dicit
2647 762 2847 811 sermo,
2902 747 3032 801 dum
3079 747 3156 799 ait
3200 745 3415 800 Patrem
3464 748 3646 801 omnia

2068 836 2313 905 operari,
2352 846 2407 892 et
2436 837 2555 893 sine
2599 837 2736 892 Filio
2764 837 2899 892 nihil
2940 852 3128 891 eorum
3172 852 3292 907 qua:
3322 845 3450 891 sunt
3492 838 3645 893 ﬁeri:

2070 929 2319 996 potentiae
2368 929 2514 983 enim
2548 928 2843 984 emcacitas
2915 928 2983 983 ad
3036 945 3160 984 enm
3215 929 3375 997 cujus
3422 938 3505 985 est
3553 946 3648 999 po-

2068 1018 2237 1073 tentia
2285 1020 2605 1075 relationem
2670 1020 2853 1075 habet.
2917 1018 3185 1086 Quoniam
3245 1022 3408 1090 igitur
3467 1020 3645 1075 Patris

2066 1107 2312 1177 potentia
2341 1106 2512 1163 Filius
2547 1116 2654 1174 est,
2697 1109 2881 1163 omnia
2921 1124 3084 1178 opera
3128 1107 3249 1162 Filii
3296 1116 3421 1163 sunt
3463 1106 3643 1162 Patris

2064 1214 2249 1269 opera.
2282 1198 2439 1265 Quod
2465 1199 2611 1253 enim
2646 1214 2753 1253 non
2805 1206 3014 1253 natura:
3049 1199 3365 1252 infirmitate
3409 1199 3474 1251 ad
3520 1214 3643 1268 pas-

2065 1292 2238 1348 sionis
2291 1291 2785 1361 dispensationem,
2851 1290 2947 1345 sed
3011 1298 3284 1360 potestate
3345 1291 3640 1345 voluntatis

2065 1382 2235 1449 venit,
2265 1364 2508 1437 infinitas
2538 1397 2703 1439 voces
2731 1397 2798 1437 ex
2829 1380 3121 1451 Evangelio
3154 1378 3397 1450 proferre
3430 1380 3639 1441 liceret,

2063 1491 2201 1545 quas
2239 1476 2508 1538 omittam,
2561 1475 2690 1545 quia
2729 1470 2830 1527 hoc
2879 1474 3014 1528 satis
3048 1471 3394 1543 perspicuum
3441 1478 3642 1539 est,ne

2064 1569 2117 1620 in
2164 1567 2330 1621 certis
2377 1575 2432 1621 et
2482 1557 2754 1622 confessis
2807 1567 3127 1627 immorans,
3187 1579 3369 1619 sermo
3424 1562 3640 1633 longius

2063 1660 2436 1729 protrahatur.
2461 1660 2617 1726 Quod
2647 1660 2696 1717 si
2723 1660 2927 1713 malum
2956 1666 3038 1714 est
3064 1658 3115 1715 id
3135 1658 3277 1728 quod
3299 1656 3500 1711 factum
3531 1664 3637 1717 est,

2065 1771 2175 1811 non
2215 1755 2389 1811 solum
2437 1752 2674 1819 Patrem,
2716 1751 2811 1808 sed
2852 1752 3015 1806 etiam
3046 1748 3243 1804 Filium
3292 1764 3322 1802 a
3361 1749 3503 1803 malo
3550 1763 3639 1802 se-

2067 1862 2261 1917 parare
2286 1852 2521 1915 oportet.
2555 1843 2613 1897 Si
2649 1854 2828 1898 autem
2867 1843 3068 1898 bonum
3108 1856 3298 1896 eorum
3331 1841 3423 1910 qui
3465 1840 3641 1909 peric-

2063 1945 2189 1992 runt
2236 1938 2423 2003 salus,
2473 1952 2581 1991 non
2625 1936 2844 2006 passio,
2898 1933 2992 1991 sed
3044 1933 3098 1988 in
3136 1933 3416 1989 hominum
3465 1948 3637 2003 genus

2058 2043 2212 2083 amor
2244 2038 2298 2084 et
2327 2027 2701 2084 benevolentia
2732 2026 2874 2095 quod
2903 2023 3107 2079 factum
3138 2032 3258 2078 est:
3288 2037 3387 2078 cur
3418 2020 3637 2075 Patrem

2056 2136 2086 2176 a
2117 2121 2417 2191 gratiarum
2453 2120 2669 2173 actione
2706 2118 2777 2172 ob
2826 2117 3058 2172 salutem
3108 2120 3353 2169 nostram
3389 2113 3635 2177 alienas,

2054 2211 2147 2279 qui
2208 2225 2304 2278 per
2360 2207 2638 2277 prepriam
2706 2205 3039 2275 potentiam,
3095 2217 3216 2273 quae
3275 2200 3495 2272 quidem
3552 2208 3636 2255 est

2051 2300 2326 2361 Christus.
2362 2298 2665 2352 libertatem
2712 2309 2742 2349 a
2790 2304 2965 2349 morte
3019 2294 3335 2348 hominibus
3377 2305 3632 2364 operatus

2050 2392 2177 2448 est?
2205 2390 2310 2446 Sed
2334 2389 2401 2443 ad
2432 2389 2802 2445 vehementem
2836 2386 3144 2447 orationum
3181 2386 3507 2456 scriptorem
3553 2400 3635 2439 re-

2049 2482 2325 2539 deundum
2352 2489 2455 2548 est,
2488 2490 2540 2536 et
2567 2480 2837 2535 concitata
2863 2479 2951 2533 illa
2978 2487 3167 2533 contra
3200 2494 3301 2533 nos
3320 2476 3631 2548 eloquentia

2048 2576 2376 2633 resumenda
2416 2574 2575 2630 nobis
2609 2580 2712 2628 est.
2747 2572 2984 2625 Accusat
3015 2586 3133 2635 nos,
3160 2577 3445 2640 propterea
3485 2569 3631 2638 quod

2050 2683 2161 2722 non
2195 2666 2443 2721 dicamus
2480 2663 2774 2720 essentiam
2822 2660 2947 2715 Filii
2978 2660 3176 2715 factam
3222 2675 3365 2727 esse,
3402 2667 3460 2713 ut
3485 2658 3629 2713 Petri

376 2743 495 2796 voci
526 2741 876 2799 adversantes
901 2748 1155 2809 dicentis,
1180 2750 1467 2805 Dominum
1491 2754 1729 2820 ipsumet
1753 2754 2020 2811 Christum
2043 2759 2187 2828 fecit,
2207 2759 2342 2811 hunc
2363 2756 2545 2812 Iesum
2563 2772 2713 2826 quem
2730 2771 2817 2811 vos
2833 2753 3195 2822 cruciﬁxistt’s.
3219 2751 3527 2820 Mnltusque
3547 2764 3632 2811 est

374 2835 446 2888 ob
471 2834 584 2887 haec
614 2835 835 2905 indigne
868 2836 1069 2903 ferens,
1091 2852 1145 2894 et
1161 2843 1423 2898 conviciis
1440 2847 1820 2912 proscindens,
1847 2858 1900 2903 et
1927 2851 2198 2907 construit
2220 2865 2282 2903 ea
2303 2850 2503 2919 quibus
2525 2855 2677 2918 putat
2694 2863 2753 2902 se
2774 2854 3021 2902 nostrum
3044 2859 3348 2900 sermonem
3368 2843 3627 2897 refutare.

448 2928 677 2997 Ἴδωμεν
724 2928 897 2982 τοίνυν
928 2930 1036 2984 τῶν
1062 2930 1503 3005 ἐπιχειρημάτων
1530 2938 1629 3007 τὴν
1677 2939 1903 3011 δύναμιν
1925 2958 1938 2972 ·

2117 2943 2412 2998 Videamus
2445 2943 2612 3014 igitur
2638 2942 2746 2996 vim
2777 2946 3219 3011 argumentorum
3246 2956 3258 2991 :
3289 2936 3512 3011 Ecquid,
3544 2938 3629 2993 in-

375 3017 483 3070 Καὶ
538 3019 648 3083 τίς,
695 3019 895 3091 φησὶν,
940 3016 988 3076 ὦ
1032 3022 1273 3076 πάντων
1316 3024 1484 3093 ὑμεῖς
1527 3027 1947 3097 ῥᾳθυμότατοι,

373 3111 610 3180 μορφὴν
642 3113 801 3181 ἔχων
832 3113 1076 3181 δούλου,
1100 3117 1345 3186 μορφὴν
1380 3119 1785 3187 ἀναλαμϐάνει
1813 3122 1950 3177 δού-

375 3205 519 3267 λου;
556 3204 741 3268 Οὐδεὶς
770 3206 876 3258 τῶν
910 3206 1033 3260 νοῦν
1063 3209 1313 3278 ἐχόντων,
1359 3208 1496 3280 πρὸς
1523 3211 1686 3265 αὑτὸν
1715 3212 1948 3285 ἐροῦμεν

374 3296 551 3363 ἡμεῖς,
581 3296 640 3347 τὸ
667 3297 905 3352 τοιοῦτον
932 3299 997 3352 ἂν
1024 3300 1167 3354 είποι
1187 3340 1215 3365 ,.
1240 3302 1379 3374 πλὴν
1408 3304 1456 3354 εί
1506 3303 1579 3374 μή
1628 3322 1772 3369 τινες
1814 3308 1950 3361 καθ-

373 3385 492 3437 ολου
508 3387 605 3456 τῆς
626 3387 837 3451 ἐλπίδος
863 3389 973 3443 τῶν
994 3389 1333 3461 Χριστιανῶν
1350 3394 1757 3470 ἡλλοτρίωνται.
1787 3391 1947 3452 Οὗτοι

372 3476 427 3528 δέ
454 3478 574 3530 ὲστε
603 3478 759 3546 ὑμεῖς
802 3481 850 3532 οί
879 3480 1231 3549 ἐγκαλοῦντες
1262 3485 1535 3557 ρᾳθυμίαν
1563 3490 1715 3561 ἡμῖν,
1745 3491 1827 3544 ὃτι
1869 3492 1944 3561 μὴ

375 3567 588 3619 κτιστὸν
603 3568 691 3620 τὸν
709 3569 929 3640 κτίστην
946 3573 1368 3643 καταδεχόμεθα.
1389 3579 1452 3632 Εἰ
1469 3581 1579 3651 γὰρ
1598 3582 1671 3653 μὴ
1688 3582 1942 3649 ψεύδεται

369 3657 459 3711 διὰ
494 3658 587 3712 τοῦ
632 3661 908 3731 προφήτου
934 3662 1106 3731 λέγων
1131 3666 1199 3717 τὸ
1219 3667 1442 3739 Πνεῦμα
1464 3673 1524 3724 τὸ
1554 3671 1725 3740 ἅγιον,
1758 3674 1837 3726 ὅτι
1866 3675 1946 3727 Τὰ

375 3746 663 3811 σύμπαντα
700 3749 859 3803 δοῦλα
907 3751 997 3816 σὰ,
1046 3753 1135 3806 καὶ
1184 3757 1330 3809 πᾶσα
1379 3759 1413 3829 ή
1458 3760 1632 3825 κτίσις
1685 3762 1943 3828 δουλεύει,

375 3839 586 3919 κτιστὸς
604 3837 660 3892 δὲ
681 3838 801 3893 καθ’
826 3842 969 3911 ὑμᾶς
999 3842 1027 3893 ὁ
1066 3844 1187 3909 Υἱὸς
1205 3884 1221 3909 ,
1269 3847 1557 3916 ὁμόδουλός
1584 3852 1699 3904 ὲστι
1728 3852 1947 3917 πάντως

374 3930 482 3991 ⁵ιοῖς
530 3929 796 3997 σύμπασι,
843 3931 922 4001 τῷ
968 3937 1241 3988 κοινωνεῖν
1287 3938 1384 4007 τῆς
1441 3939 1705 4004 κτίσεως,
1758 3944 1837 4006 είς
1888 3944 1947 3996 τὸ

374 4020 646 4069 κοινωνεῖν
677 4020 769 4072 καὶ
795 4020 894 4090 τῆς
920 4021 1163 4085 δουλείας
1191 4026 1712 4099 συγκαθελκόμενος.
1761 4030 1849 4101 Τῷ
1889 4030 1955 4085 δὲ

372 4106 673 4160 δουλεύοντι
722 4109 938 4174 πάντως
968 4112 1125 4181 ὑμεῖς
1162 4115 1256 4168 καὶ
1292 4115 1389 4188 τὴν
1429 4117 1677 4191 δουλικὴν
1732 4123 1945 4194 μορφὴν

372 4199 716 4270 περιθήσετε.
745 4202 819 4254 Οὑ
847 4203 953 4274 γὰρ
983 4204 1063 4257 δεῖ
1105 4205 1286 4261 δοῦλον
1311 4209 1705 4279 ὁμολογοῦντας
1737 4216 1803 4284 τῇ
1843 4213 1944 4283 (pti-

2050 3034 2186 3102 quit,
2221 3051 2252 3088 ο
2298 3034 2604 3089 inertissimi
2651 3033 2928 3088 omnium!
2978 3033 3113 3087 servi
3158 3030 3387 3101 formam
3431 3029 3626 3084 habens

2049 3122 2278 3191 formam
2313 3124 2446 3176 servi
2486 3122 2717 3191 accipit?
2740 3121 2849 3177 Nos
2872 3121 2922 3176 ei
2947 3120 3414 3191 respondebimus,
3436 3115 3627 3175 Nullus

2049 3230 2239 3270 eorum
2295 3215 2389 3285 qui
2434 3225 2615 3269 mente
2659 3220 2789 3269 sunt
2823 3213 3033 3283 praditi
3082 3212 3189 3266 tale
3234 3210 3364 3280 quid
3406 3209 3624 3273 dixerit,

2046 3306 2155 3362 nisi
2204 3321 2395 3361 eorum
2443 3305 2637 3376 aliqui,
2687 3306 2780 3375 qui
2830 3304 3056 3359 omnino
3105 3317 3135 3356 a
3186 3302 3626 3357 Christianorum

2049 3412 2147 3468 spe
2175 3397 2394 3453 alienati
2418 3395 2645 3451 fuerint.
2676 3395 2784 3452 Sed
2810 3411 2907 3450 vos
2939 3395 3028 3451 isti
3067 3394 3198 3450 estis
3232 3393 3325 3464 qui
3353 3407 3454 3447 nos
3478 3391 3627 3446 iner-

2045 3489 2136 3543 tiae
2168 3496 2222 3543 et
2252 3488 2496 3558 stuporis
2541 3487 2839 3552 accusatis,
2897 3485 2989 3556 qui
3028 3492 3272 3540 creatum
3311 3481 3623 3538 Creatorem

2045 3598 2155 3637 non
2207 3582 2569 3636 admittimus.
2619 3579 2677 3634 Si
2715 3580 2860 3634 enim
2900 3594 3006 3633 non
3062 3578 3323 3632 mentitur
3374 3575 3469 3644 qui
3530 3589 3628 3643 per

2045 3673 2365 3743 prephetam
2418 3672 2550 3726 dicit
2600 3670 2839 3742 Spiritus
2877 3678 3148 3725 sanctus:
3204 3666 3353 3737 quod
3405 3664 3619 3719 Cuncta

2044 3762 2308 3825 serviunt,
2343 3768 2397 3814 et
2426 3760 2604 3815 omnis
2632 3768 2881 3815 creatura
2916 3759 3122 3827 servit;
3169 3764 3385 3813 creatus
3435 3767 3617 3810 autem

2044 3851 2345 3907 secundum
2392 3866 2490 3906 vos
2541 3849 2733 3915 Filius,
2788 3864 3089 3905 conservus
3133 3848 3348 3918 penitus
3382 3855 3467 3903 est
3496 3862 3621 3901 cum

2045 3946 2335 4008 universis,
2371 3946 2498 4014 quia
2554 3957 2679 3997 cum
2728 3953 2982 3998 creatura
3012 3941 3400 4007 communicat,
3447 3950 3501 3995 et
3552 3938 3621 3993 ad

2042 4037 2323 4095 servitutis
2351 4035 2790 4091 communionem
2836 4034 2995 4090 simul
3036 4033 3290 4103 adigitur.
3326 4031 3390 4085 Ei
3438 4036 3619 4085 autem

2042 4128 2133 4197 qui
2175 4126 2343 4181 servit
2375 4140 2599 4196 prorsus
2626 4140 2725 4179 vos
2754 4124 3006 4179 servilem
3038 4122 3269 4177 formam
3307 4122 3622 4189 circumpo-

2044 4219 2196 4273 nitis.
2232 4217 2351 4272 Non
2378 4218 2523 4271 enim
2553 4217 2667 4285 jam
2697 4230 2915 4270 servum
2950 4220 3148 4268 natura
3176 4210 3522 4272 confitentes,
3551 4210 3620 4265 ob

375 4306 455 4344 σει
502 4292 577 4362 τῷ
629 4296 955 4367 προσωπείῳ
986 4298 1083 4369 τῆς
1114 4299 1355 4364 δουλείας
1395 4304 1940 4374 ἐπαισχυνθήσεσθαι.

2053 4307 2330 4362 servitutis
2367 4321 2653 4376 personam
2684 4306 3005 4362 erubescere
3055 4319 3152 4360 vos
3200 4310 3436 4374 oportet.
3485 4301 3619 4368 Quis

374 4383 465 4446 Τίς
500 4379 612 4449 οὖν,
658 4379 703 4437 ὦ
743 4386 1061 4457 δριμύτατοι
1108 4391 1369 4461 ρητόρων,
1404 4394 1438 4446 ὁ.
1479 4395 1542 4447 ἐκ
1569 4396 1666 4468 τῆς
1696 4395 1945 4466 δουλικῆς

377 4475 589 4545 μορφῆς
617 4475 706 4527 τὸν
733 4476 862 4530 Υἰὺν
892 4480 971 4540 είς
1015 4478 1180 4550 ἄλλην
1205 4480 1390 4535 δούλου
1416 4484 1794 4553 μεταϐιϐάζων
1823 4503 1948 4556 μορρ

375 4567 501 4633 φὴν,
534 4568 562 4619 ὁ
602 4566 663 4619 τὸ
703 4567 956 4623 ἄκτιστον
997 4571 1146 4642 αὑτῷ
1194 4576 1652 4646 προσμαρτυρῶν,
1697 4572 1740 4645 ᾧ
1766 4579 1947 4631 καὶτὸ

377 4656 451 4727 μὴ
494 4657 768 4713 δουλεύειν
816 4661 1328 4730 συναποδείκνυται;
1375 4665 1445 4716 Ἢ
1477 4666 1678 4734 μᾶλλον
1716 4668 1948 4740 οἱδιαρο

376 4748 542 4819 ῥήδην
586 4748 818 4818 βοῶντες
864 4751 1022 4820 ὑμεῖς
1069 4752 1253 4806 δοῦλον
1296 4750 1441 4807 εἶναι
1470 4754 1564 4808 τοῦ
1612 4757 1822 4828 Πατρὸς
1856 4760 1947 4812 τὸν

374 4838 519 4908 Υἱὸν,
553 4842 647 4895 καὶ
677 4843 779 4912 πρὸ
810 4843 908 4914 τῆς
935 4843 1027 4897 τοῦ
1062 4844 1245 4899 δούλου
1289 4847 1502 4917 μορφῆς
1532 4847 1625 4902 καὶ
1651 4849 1741 4902 ὑπ’
1781 4850 1945 4904 αὑτοῦ

372 4931 753 5003 κυριεὺεσθαι;
807 4936 881 4988 Οὑ
911 4936 1101 5006 δέομαι
1143 4937 1411 4991 δικαστῶν
1451 4940 1672 5012 ἐτέρων,
1717 4942 1800 4996 σοὶ
1848 4944 1947 5015 τὴν

373 5028 502 5095 περὶ
523 5025 728 5079 τούτων
750 5028 1028 5099 ἐπιτρέπω
1051 5028 1249 5098 ψῆφον.
1284 5026 1448 5101 Οἶμαι
1475 5031 1581 5102 γὰρ
1611 5033 1685 5104 μὴ
1717 5034 1782 5088 ἂν
1804 5034 1946 5088 οὕτω

373 5118 508 5188 πρὸς
550 5117 647 5189 τὴν
688 5118 948 5190 ἀλήθειαν
992 5120 1225 5183 ἀναιδῶς
1262 5138 1411 5184 τινας
1459 5122 1619 5193 ἔχειν,
1655 5123 1794 5177 ὥστε
1834 5129 1947 5190 τοῖς

371 5207 820 5277 ὁμολογουμένοις
861 5209 928 5262 δι’
952 5211 1329 5281 ἀναισχυντίας
1359 5214 1690 5268 ἐνίστασθαι.
1735 5217 1943 5288 Πρόδη-

372 5296 462 5348 λον
528 5298 636 5370 γὰρ
703 5299 864 5352 παντὶ
914 5299 973 5353 τὸ
1033 5301 1322 5371 λεγόμενον
1349 5344 1363 5367 ,
1416 5303 1498 5356 ὅτι
1550 5303 1609 5357 τὸ
1651 5304 1834 5358 δοῦλον
1879 5310 1942 5378 τῇ

374 5388 553 5456 φύσει,
590 5391 701 5453 τοῖς
755 5388 1002 5459 ίδιώμασι
1040 5391 1139 5461 τῆς
1177 5392 1417 5457 δουλείας
1460 5395 1942 5466 χαρακτηρίζεται,

376 5480 503 5534 [διον
537 5480 648 5552 γὰρ
699 5479 939 5543 δουλείας
980 5483 1014 5552 ἠ
1055 5483 1251 5547 κτίσις.
1312 5485 1370 5537 '0
1415 5481 1507 5539 οὖν
1553 5486 1737 5540 δοῦλον
1786 5488 1945 5541 αὑτὸν

374 5572 505 5626 ὄντα
573 5570 670 5644 τὴν
729 5572 1003 5643 ἡμετέραν
1070 5575 1241 5644 λέγων
1294 5577 1679 5649 ὑπεληλυθέναι
1710 5580 1942 5652 μορφὴν,

445 5731 490 5764 ¹⁹
532 5731 687 5786 fiunt.
716 5748 750 5801 ι,
801 5731 879 5786 18.

2048 4398 2234 4469 igitur,
2262 4415 2295 4455 ο
2324 4407 2605 4452 oratorum
2636 4398 2974 4462 acutissime,
3006 4412 3072 4453 ex
3115 4397 3300 4452 servili
3332 4395 3504 4449 forma
3532 4392 3620 4449 Fi-

2048 4488 2180 4543 lium
2216 4487 2270 4541 in
2308 4487 2467 4541 aliam
2504 4487 2735 4543 formam
2780 4487 2922 4542 servi
2967 4484 3246 4553 transfert,
3294 4500 3362 4539 an
3398 4484 3489 4541 ille
3523 4483 3619 4555 qui

2046 4580 2097 4636 ei
2149 4578 2444 4634 increatam
2500 4586 2753 4633 naturam
2802 4579 3076 4643 attribuit,
3134 4594 3239 4645 qua
3292 4578 3454 4633 etiam
3507 4592 3618 4632 non

2049 4672 2255 4728 servire
2312 4671 2474 4726 simul
2522 4670 2969 4727 demonstratur?
3020 4686 3089 4724 an
3143 4671 3323 4741 potius
3375 4685 3474 4726 vos
3524 4669 3619 4740 qui

2047 4747 2353 4817 clamantes.
2376 4762 2674 4832 propalatis
2697 4760 2874 4835 Patris
2918 4761 3117 4816 Filium
3146 4777 3360 4817 servum
3391 4776 3533 4828 esse,
3566 4770 3622 4815 et

2047 4861 2173 4907 ante
2221 4852 2365 4907 servi
2409 4851 2660 4917 formam,
2712 4852 2885 4922 ipsius
2943 4853 3172 4923 imperio
3220 4852 3448 4922 subjici?
3500 4850 3620 4906 Non

2046 4947 2183 5001 alios
2203 4944 2419 5015 judices
2465 4945 2704 5016 postulo,
2733 4946 2831 5001 tibi
2873 4946 2941 5001 de
2978 4946 3045 5001 iis
3073 4946 3356 5002 committo
3396 4953 3619 5001 senten-

2046 5038 2201 5091 tiam.
2252 5035 2531 5092 Neminem
2585 5037 2731 5093 enim
2784 5037 3023 5094 arbitror
3059 5038 3140 5093 sic
3171 5039 3434 5094 adversus
3481 5036 3622 5089 veri-

2046 5135 2212 5182 tatem
2244 5127 2588 5197 impudenter
2615 5129 2783 5195 affici,
2814 5137 2873 5185 ut
2899 5131 3064 5186 certis
3098 5137 3152 5186 ct
3188 5126 3467 5185 concessis
3510 5140 3622 5193 pra:

2046 5218 2383 5289 impudentia
2408 5219 2791 5275 incunctanter
2808 5221 3086 5277 adversari
3113 5221 3263 5274 velit.
3288 5215 3442 5282 Quod
3473 5214 3619 5267 enim

2045 5307 2248 5362 dicitur
2291 5309 2466 5365 cuivis
2507 5317 2697 5367 nolunt
2741 5320 2824 5367 est
2877 5319 2931 5366 et
2973 5309 3356 5379 perspicuum:
3392 5303 3539 5373 quod
3568 5303 3622 5358 id

2045 5402 2188 5470 quod
2236 5408 2434 5456 natura
2474 5418 2692 5457 servum
2732 5410 2837 5466 est,
2885 5398 3165 5454 servitutis
3197 5393 3622 5465 proprietatibus

2045 5501 2100 5548 et
2134 5494 2280 5550 notis
2325 5494 2662 5563 insignitur;
2707 5492 2987 5561 proprium
3030 5488 3174 5542 enim
3227 5485 3506 5540 servitutis
3539 5492 3624 5539 est

2046 5594 2288 5639 creatum
2339 5599 2480 5641 esse.
2518 5583 2620 5649 Qui
2653 5583 2814 5651 igitur
2855 5582 3031 5650 ipsum
3083 5593 3301 5633 servum
3350 5578 3483 5635 dicit
3525 5592 3624 5632 no-
