4034 6156
459 296 561 352 727

1761 297 1818 352 S.
1860 294 2186 352 GREGURII
2222 293 2516 350 NYSSENI

3607 294 3712 353 περ,

457 421 627 466 stram
667 409 901 466 subiisse
935 408 1188 472 formam.
1221 411 1310 466 ille
1337 423 1420 467 est
1450 413 1608 482 plane
1635 414 1725 483 qui
1769 429 1832 469 ex
1865 413 2017 468 servi

2138 411 2348 475 ἐκεῖνός
2380 411 2495 463 ἐστι
2531 407 2744 472 πάντως
2771 410 2799 462 ὁ
2838 408 2901 462 ὲκ
2940 407 3182 471 δουλείας
3226 408 3305 472 είς
3332 407 3580 462 δουλείαν
3621 409 3710 461 τὸν

456 509 571 556 tute
603 501 655 554 in
682 501 999 555 servitutem
1035 501 1382 572 Unigenitum
1414 504 1712 575 remigrare
1746 503 1894 560 facit.
1923 503 2029 558 Sed

453 592 614 645 dictis
665 581 1006 658 reluctatur,
1066 603 1120 648 et
1153 593 1287 648 dicit
1339 595 1620 664 paululum
1676 596 1817 650 infra
1851 615 1864 651 :
1901 592 2030 655 Cum

451 682 597 737 enim
627 681 912 752 interjecta
942 692 1091 744 sunt,
1111 685 1237 754 quia
1267 685 1618 741 mediocriter
1641 687 1692 741 in
1723 686 2030 756 praeceden-

451 774 599 828 tibus
625 775 932 828 cxaminata
968 784 1098 831 sunt
1130 791 1275 830 nunc
1321 778 1813 831 transcendamzut
1851 777 1919 832 ad
1945 778 2027 832 di-

448 865 682 919 cendum
735 873 789 918 et
838 865 1179 920 sentiendum
1232 867 1590 938 impossibilia
1645 867 1881 922 audaces
1929 883 2029 924 nos

449 955 815 1020 caluntnians,
851 957 1200 1012 miseratione
1241 959 1402 1012 etiam
1447 958 1800 1029 dignissimos
1843 960 2029 1029 appel-

449 1045 591 1111 lans,
630 1046 742 1099 haec
780 1047 1009 1116 adjicit:
1040 1045 1097 1102 Si
1140 1049 1278 1102 enim
1308 1066 1411 1102 non
1444 1048 1507 1103 de
1546 1050 1706 1105 Verbo
1735 1052 1874 1121 quod
1914 1062 2028 1105 erat

449 1138 501 1189 in
527 1139 781 1206 principio
821 1149 870 1192 et
893 1149 1004 1192 erat
1033 1140 1194 1205 Deus,
1225 1141 1405 1194 beatus
1433 1141 1620 1195 Petrus
1652 1141 1864 1196 disserit
1889 1158 1907 1196 :
1936 1143 2026 1196 sed

447 1227 511 1281 de
544 1243 604 1281 eo
641 1229 730 1298 qui
759 1228 1054 1291 videbatur,
1085 1239 1134 1282 et
1163 1230 1253 1299 qui
1287 1231 1516 1298 seipsum
1546 1230 1855 1296 exinanivit,
1891 1234 2028 1285 sicut

448 1319 525 1370 ait
553 1317 826 1385 Basilius;
847 1321 935 1388 qui
964 1331 1139 1374 autem
1168 1319 1442 1374 videbatur
1476 1321 1632 1375 homo
1668 1323 1890 1390 seipsum
1916 1325 2024 1377 exi-

447 1410 646 1463 nanivit
705 1411 759 1464 in
811 1412 945 1465 servi
1001 1412 1264 1480 formam;
1315 1413 1404 1481 qui
1464 1423 1637 1466 autem
1688 1416 1916 1484 seipsum
1971 1418 2026 1469 in

447 1500 677 1566 formam
729 1503 861 1557 servi
911 1504 1220 1568 exinanivit,
1269 1505 1324 1557 in
1354 1504 1580 1559 hominis
1637 1508 2025 1576 generationem

445 1591 674 1658 seipsum
704 1594 1010 1648 exinanivt‘t.

516 1679 776 1739 Fortasse
820 1686 1038 1754 quidem
1083 1686 1344 1742 continuo
1383 1702 1450 1742 ex
1504 1687 1572 1743 iis
1625 1703 1746 1759 quae
1786 1690 2023 1760 perlecta

2131 501 2411 570 Μονογενῆ
2457 499 2798 570 μετοικίζων.
2861 498 3000 552 Ἀλλ’
3035 500 3432 566 ἐπαγωνίζεται
3478 502 3590 561 τοῖς
3634 501 3713 554 εί.-

2133 591 2409 664 ρημένοις,
2446 590 2539 644 καί
2573 608 2706 662 φησι
2753 590 2946 662 μικρὸν
2987 591 3225 654 ύποὸά;’
3258 591 3343 644 Τὰ
3380 592 3490 663 γὰρ
3533 593 3591 644 ἐν
3631 591 3712 661 τῷ

2136 687 2304 756 μέσῳ,
2337 685 2426 738 διὰ
2460 685 2520 738 τὸ
2547 685 2779 756 μετρίως
2825 686 2883 736 ἐν
2926 687 3037 747 τοῖς
3071 684 3398 755 προάγουσιν
3427 684 3712 754 ἐξετασθῆ-

2131 793 2239 840 ναι,
2267 776 2360 829 νῦν
2400 777 2813 848 ὑπερϐήσομαιο
2861 775 2935 838 ὡς
2965 776 3268 847 τολμηροὺς
3313 777 3388 839 είς
3442 777 3503 828 τὸ
3531 776 3712 845 λέγειν

2131 869 2225 922 καὶ
2275 871 2497 938 φρονεῖν
2533 868 2792 938 ἀμήχανα
2835 866 3156 931 διαϐάλλων,
3205 867 3599 930 ὲλεεινοτάτους
3636 885 3699 920 τε

2129 958 2607 1029 προσαγορεύσας,
2661 959 2835 1012 ταῦτα
2887 958 3288 1029 προστίθησιν,
3326 962 3396 1012 Ei
3447 961 3558 1028 γὰρ
3619 960 3707 1028 μὴ

2127 1051 2262 1119 περὶ
2304 1052 2410 1106 τοῦ
2441 1053 2511 1104 ἐν
2549 1050 2704 1120 ἀρχῇ
2737 1051 2911 1115 ὄντος
2951 1052 3165 1119 Λόγου,
3196 1051 3292 1104 καὶ
3327 1051 3473 1104 Θεοῦ
3512 1044 3707 1116 ὄντος,

2128 1145 2161 1195 o'
2199 1143 2490 1212 μακάριος
2540 1143 2869 1212 διαλέγεται
2911 1142 3163 1210 Πέτροςο
3215 1142 3375 1196 ἀλλὰ
3418 1142 3551 1209 περὶ
3601 1143 3709 1197 τοῦ

2122 1235 2506 1304 βλεπομένου
2551 1234 2659 1288 καὶ
2690 1234 3068 1298 κενώσαντος
3102 1233 3340 1294 ἑαυτὸν,
3378 1233 3570 1298 καθώς
3598 1251 3710 1301 ρη-

2127 1342 2231 1379 σιν
2263 1327 2296 1378 ό
2337 1325 2674 1389 Βασίλειος,
2727 1324 3028 1377 ἐκένωσεν
3072 1323 3288 1376 ἑαυτὸν
3323 1323 3390 1376 δὲ
3425 1326 3457 1376 ὁ
3481 1324 3710 1386 ,ϐλεπό-

2123 1431 2304 1482 μενος
2352 1413 2662 1482 ἅνθρωπος
2707 1411 2966 1484 [ἑαυτὸν]
2995 1415 3080 1476 εὶς
3127 1411 3352 1471 δούλου
3386 1413 3706 1482 μορφὴνμί

2125 1501 2194 1556 δὲ
2238 1501 2509 1568 κενώσας
2559 1503 2777 1558 ἑαυτὸν
2805 1505 2890 1568 είς
2923 1501 3146 1557 δούλου
3184 1502 3448 1573 μορφὴν,
3479 1507 3565 1570 εἰς
3610 1505 3709 1558 ἀμ

2125 1595 2359 1661 θρώπου
2381 1594 2626 1663 γένεσιν
2660 1592 2959 1647 ἐκένωσεν
2988 1593 3223 1651 ἑαυτόν.

2201 1683 2354 1754 Τάχα
2432 1685 2530 1755 μὲν
2604 1679 2704 1736 οὖν.
2755 1681 2930 1747 εὐθὺς¹
2975 1686 3039 1736 ὲκ
3108 1683 3220 1736 τῶν
3282 1684 3708 1754 ἀνεγνωσμένων

445 1780 596 1837 sunt,
640 1773 948 1830 auditorum
989 1777 1199 1845 judicio
1258 1778 1599 1849 deprehensa
1637 1789 1720 1835 est
1767 1791 2017 1837 constru-

2128 1774 2555 1848 rrpemtpcbpa-sat
2601 1778 2667 1846 τῇ
2720 1775 2898 1846 κρίσει
2938 1775 3047 1828 τῶν
3093 1775 3422 1838 ἀκουόντων,
3467 1776 3566 1846 τῆς
3606 1777 3704 1833 τοῦ

444 1863 644 1922 ctionis
672 1867 835 1936 hujus
864 1871 1135 1926 sermonis
1188 1872 1459 1928 calliditas
1487 1873 1650 1928 simul
1673 1881 1728 1929 et
1760 1877 2016 1932 amentia.

441 1955 813 2018 Nihilominus
843 1963 1035 2032 paucis
1056 1965 1238 2020 verbis
1256 1980 1444 2020 eorum
1469 1982 1598 2037 quae-
1626 1967 1696 2022 ab
1729 1967 1848 2039 ipso
1876 1969 2020 2025 dicta

443 2058 573 2103 sunt
603 2050 986 2108 refutationem
1017 2056 1409 2124 subjiciemus:
1440 2074 1549 2114 non
1583 2057 1650 2112 ad
1679 2061 2016 2117 eversionem

442 2150 552 2196 tam
585 2141 792 2198 indocti
821 2154 873 2200 et
896 2144 1088 2200 insciti—
1109 2149 1426 2215 commenti,
1460 2149 1606 2220 quod
1643 2151 1806 2207 etiam
1842 2169 2019 2224 perse

442 2233 589 2304 apud
613 2241 816 2291 attente
859 2235 1142 2293 audientes
1184 2254 1432 2295 eversum
1491 2250 1622 2297 est:
1676 2242 1771 2297 sed
1818 2259 1888 2298 ne
1938 2245 2019 2299 vi-

441 2327 668 2380 deamur
697 2335 959 2396 praetextu
980 2337 1036 2384 et
1062 2330 1244 2399 specie
1267 2340 1613 2403 contemptus
1643 2334 1872 2390 vilitatis
1903 2351 2020 2393 ser-

440 2417 644 2481 monis,
672 2416 950 2490 despicere
975 2421 1119 2492 quod
1142 2424 1478 2494 prnpositum
1525 2435 1610 2481 est
1641 2427 2013 2484 iuexcussum.

443 2507 536 2562 Sic
563 2509 728 2580 igitur
753 2527 1060 2568 sermonem
1109 2516 1559 2573 consideremus:
1595 2518 1852 2586 Quaenam
1890 2537 2018 2592 apo-

441 2601 566 2656 stoli
597 2598 954 2658 voﬂNotum
985 2606 1076 2672 sit,
1109 2607 1307 2677 inquit,
1352 2611 1490 2678 quod
1529 2609 1810 2666 Dominum
1846 2615 2018 2682 ipsum

443 2692 713 2748 Christum
740 2695 861 2764 fecit
882 2695 1022 2750 Deus
1052 2699 1117 2750 ".
1148 2697 1351 2754 Deinde
1383 2701 1532 2755 velut
1563 2702 1609 2756 si
1645 2704 1772 2772 quis
1820 2705 2017 2760 scisci-

440 2792 590 2839 tatus
620 2793 766 2841 esset
816 2786 870 2841 in
917 2803 1028 2856 quo
1081 2787 1224 2844 facta
1281 2799 1428 2846 esset
1477 2793 1605 2850 talis
1659 2796 1855 2866 gratia,
1916 2813 2016 2854 ceu

441 2875 614 2947 digito
652 2877 959 2948 subjectum
1005 2883 1246 2936 ostendit
1282 2901 1292 2936 :
1338 2882 1520 2950 Hunc,
1576 2886 1788 2958 inquit,
1831 2888 2016 2945 Iesum

441 2983 593 3036 quem
614 2985 703 3024 vos
733 2972 1098 3040 cruci/ixistis.
1145 2973 1285 3041 Quid
1326 2977 1394 3033 de
1428 2994 1494 3034 eo
1533 2981 1710 3050 inquit
1747 2983 2018 3042 Basilius?

441 3060 588 3128 quod
615 3059 729 3116 haec
755 3077 859 3117 vox
890 3064 1158 3121 sermonis
1187 3066 1616 3126 demonstrativa
1642 3072 1785 3130 hunc
1813 3073 2014 3130 factum

439 3166 566 3208 esse
591 3153 723 3208 dicit
755 3154 1030 3212 Christum
1061 3166 1114 3213 et
1160 3159 1469 3228 Dominum,
1512 3165 1604 3234 qui
1642 3165 1709 3220 ab
1752 3166 1886 3238 ipsis
1920 3184 2016 3223 au-

440 3243 718 3302 dientibus
741 3249 1034 3305 cruciﬁxus
1066 3251 1260 3307 fuerat.
1300 3252 1405 3310 Vos
1452 3257 1619 3320 enim,
1657 3259 1752 3322 ait,
1801 3261 2018 3316 crucifi-

443 3337 619 3393 xistis.
665 3337 730 3393 Ει
774 3341 1071 3400 verisimile
1115 3356 1236 3399 erat
1290 3361 1386 3401 eos
1451 3347 1554 3416 qui
1599 3357 1788 3403 contra
1839 3352 2016 3420 ipsum

438 3429 640 3485 caedem
691 3435 1121 3502 postulaverant,
1170 3437 1451 3494 auditores
1497 3438 1673 3494 fuisse
1718 3445 2011 3498 sermonis.

436 3521 558 3578 Non
599 3524 742 3578 enim
800 3541 830 3578 a
884 3542 1049 3580 cruce
1102 3527 1168 3580 ad
1222 3527 1366 3582 Petri
1420 3531 1740 3587 concionem
1786 3536 2010 3588 multant

438 3612 627 3664 aberat
667 3619 900 3681 tempus.
941 3613 1082 3680 Quid
1119 3615 1286 3686 igitur
1326 3616 1392 3672 ad
1431 3617 1535 3673 hoc
1579 3621 1787 3690 profert
1833 3623 2013 3680 Euno-

438 3699 582 3754 tnius
607 3701 640 3753 ?’
680 3699 800 3754 Nisi
850 3703 914 3756 de
965 3719 1024 3758 eo
1064 3706 1202 3776 quod
1228 3718 1345 3762 erat
1379 3709 1433 3762 in
1461 3711 1721 3779 principio
1764 3712 2011 3780 Verbum,

436 3802 487 3843 et
528 3791 668 3846 Deus
697 3803 833 3863 erat,
864 3796 1074 3851 disserit
1103 3798 1318 3867 Petrus,
1360 3800 1451 3856 sed
1495 3802 1558 3856 de
1579 3818 1638 3858 eo
1666 3806 1757 3874 qui
1783 3807 2010 3874 videtur,

436 3881 626 3950 quique
693 3885 922 3953 seipsum
979 3888 1304 3955 exinanivit,
1363 3892 1500 3945 sicut
1569 3895 1645 3946 ait
1709 3895 1941 3950 Basilius
1993 3913 2011 3951 :

436 3971 754 4027 L‘Zrinanivit
804 3987 979 4032 autem
1013 3981 1104 4048 qui
1157 3982 1390 4036 cernitur
1433 3983 1588 4038 homo
1621 3985 1674 4039 in
1719 3990 1852 4040 servi
1901 3990 2011 4058 for-

2119 1865 2278 1935 λόγου
2328 1869 2670 1938 κατασκευῆς
2712 1866 2745 1937 ἦ
2774 1883 2831 1918 τε
2866 1868 3171 1938 κακουργία
3229 1869 3322 1922 καὶ
3352 1869 3410 1921 τὸ
3444 1869 3703 1940 ἀνόητον·

2121 1958 2261 2030 πλὴν
2309 1958 2376 2012 δι’
2445 1957 2641 2025 ὀλίγων
2699 1959 2792 2012 καὶ
2827 1959 2956 2028 παρ’
2988 1959 3143 2030 ἡμῶν
3185 1961 3213 2012 6
3251 1960 3358 2014 τῶν
3401 1962 3708 2030 εἰρημένων

2101 2050 2340 2120 -ἔλεγχος
2375 2049 2836 2121 ⁴ιτροστεθήσεται’
2871 2050 2970 2103 οὑκ
3013 2051 3092 2113 εἰς
3107 2051 3422 2124 ἀνατροπὴν
3451 2052 3708 2107 τοσοῦτον

2119 2140 2212 2194 τοῦ
2249 2140 2576 2195 ἀπαιδεύτου
2615 2139 2970 2209 σοφίσματος,
3027 2139 3055 2194 ὅ
3097 2139 3164 2193 δι’
3195 2140 3387 2193 ἑαυτοῦ
3421 2141 3574 2212 παρά
3595 2145 3706 2208 τοῖς

2119 2231 2332 2302 ἔχουσιν
2354 2232 2523 2302 ἀκοὴν
2548 2231 2957 2300 ἀνατέτραπται
2978 2248 2988 2260 ·
3013 2231 3128 2290 ἀλλ’
3147 2231 3222 2296 ὡς
3239 2232 3304 2286 ἂν
3325 2232 3399 2304 μὴ
3416 2233 3704 2304 δοκοίημεν

2118 2326 2177 2378 ὲν
2215 2324 2562 2394 προσχήματι
2607 2321 2703 2375 τοῦ
2755 2325 3116 2394 καταφρονεῖν
3158 2324 3256 2393 τῆς
3295 2323 3571 2388 εὐτελείας
3609 2326 3704 2383 τοῦ

2119 2415 2278 2484 λόγου
2313 2415 2576 2486 περιορᾷν
2625 2414 2686 2467 τὸ
2743 2414 3006 2484 προτεθὲν
3057 2413 3437 2478 ἀνεξέταστον.
3486 2413 3706 2474 Οὕτως).

2118 2509 2294 2561 τοίνυν
2347 2506 2446 2560 τὸν
2503 2493 2661 2575 λόγον
2705 2506 3159 2578 ἐπισκεψώμεθα·
3216 2506 3312 2570 Τίς
3351 2509 3500 2561 ἐστιν
3542 2509 3699 2580 ήτοῖ

2119 2598 2416 2654 ἀποστόλου
2480 2599 2628 2669 φωνή
2656 2615 2670 2664 ;
2715 2600 3002 2654 Γνωστὸν
3056 2601 3233 2666 ἔστω,
3267 2603 3452 2672 φησὶν,
3475 2602 3563 2654 ὅτι
3589 2603 3703 2656 Κύ-

2109 2709 2248 2760 ριον
2282 2691 2470 2746 αὐτὸν
2495 2692 2591 2746 καὶ
2629 2693 2888 2760 Χριστὸν
2903 2693 3194 2760 ἐποίησεν·
3218 2697 3250 2748 ό
3281 2695 3444 2760 Θεός.
3475 2689 3608 2747 Εἶτα
3631 2694 3705 2758 ὡς

2119 2785 2184 2838 ἂν
2216 2783 2526 2855 πυθομένου
2560 2785 2702 2848 τινὸς
2725 2785 2856 2856 περὶ
2889 2785 3007 2839 τίνα
3030 2786 3252 2854 γέγονεν
3279 2788 3310 2856 ὴ
3343 2787 3572 2857 τοιαύτη
3605 2788 3700 2856 χά-

2120 2897 2224 2952 ρις,
2253 2880 2414 2934 οἱονεὶ
2431 2879 2678 2950 δακτύλῳ
2699 2879 2758 2933 τὸ
2781 2881 3138 2951 ὑποκείμενον
3167 2881 3400 2935 δεικνύει
3422 2921 3436 2941 ,
3461 2882 3700 2946 Τοῦτον,

2118 2972 2310 3036 εἰπὼν,
2362 2973 2603 3040 Ἰησοῦν
2633 2973 2706 3028 ὃν
2752 2973 2924 3043 ὑμεῖς
2971 2974 3408 3042 ἐσταυρώσατε.
3460 2973 3526 3028 Τί
3579 2973 3703 3046 περὶ

2118 3065 2307 3118 τούτου
2336 3066 2500 3137 φησιν
2527 3067 2555 3117 6
2582 3065 2897 3132 Βασίλειος;
2933 3065 3052 3119 ’Ὁτι
3085 3066 3118 3136 ἡ
3147 3065 3390 3136 δεικτικὴ
3416 3066 3510 3119 τοῦ
3545 3066 3702 3134 λόγου

2120 3156 2291 3227 φωνὴ,
2327 3155 2516 3210 τοῦτον
2546 3155 2877 3227 πεποιῆσθαι
2902 3155 3137 3228 Χριστὸν
3163 3156 3311 3224 λέγει
3346 3159 3441 3210 καὶ
3475 3157 3702 3228 Κύριον,

2115 3250 2206 3304 τὸν
2233 3251 2364 3321 παρ’
2395 3248 2572 3303 αὐτῶν
2599 3248 2706 3301 τῶν
2725 3249 3033 3302 ἀκουόντων
3056 3249 3489 3320 ἐσταυρωμένον.
3517 3251 3701 3322 Ὑμεῖς

2115 3341 2225 3412 γὰρ
2273 3338 2678 3411 ἐσταυρώσατε,
2709 3340 2877 3410 φησί·
2916 3340 3010 3393 καὶ⁵
3039 3339 3184 3402 εἰκὸς
3211 3336 3278 3411 ἦν
3312 3342 3438 3404 τοὺς
3471 3344 3700 3410 αἰτησα-

2119 3433 2312 3504 μένους
2328 3432 2420 3485 τὸν
2447 3433 2567 3485 κατ’
2612 3430 2776 3486 αὐτοῦ
2810 3431 2987 3501 φόνον,
3018 3431 3293 3502 ἀκροατὰς
3321 3427 3458 3484 εἶναι
3489 3433 3582 3485 τοῦ
3615 3433 3700 3486 λόε-

2115 3540 2229 3592 γου.
2251 3524 2386 3576 Οὐδὲ
2397 3522 2504 3596 γὰρ
2518 3523 2684 3586 πολὺς
2702 3518 2770 3594 ἦν
2789 3525 2816 3577 6
2833 3522 2938 3576 ἀπὸ
2958 3522 3052 3575 τοῦ
3072 3521 3307 3591 σταυροῦ
3335 3522 3468 3594 πρὸς
3494 3523 3587 3592 τὴν
3608 3523 3702 3594 δη-

2117 3615 2384 3687 μηγορίαν
2416 3614 2509 3668 τοῦ
2533 3614 2740 3684 Πέτρου
2767 3614 2974 3685 χρόνος.
2997 3614 3062 3667 Τί
3091 3610 3183 3667 οὖν
3206 3613 3339 3684 πρὸς
3371 3613 3545 3666 ταῦτα
3568 3631 3697 3685 προ-

2114 3706 2271 3777 φέρει
2295 3708 2323 3759 ὁ
2351 3706 2642 3777 Εὐνόμιος;
2678 3707 2749 3760 Εὶ
2764 3703 2850 3774 μὴ
2867 3702 3121 3771 περὶτοῦ
3138 3703 3207 3756 ἐν
3221 3701 3380 3770 ἀρχῇ
3400 3701 3576 3768 ὄντος
3597 3704 3699 3756 Λό-

2112 3815 2241 3868 γου,
2265 3798 2361 3852 καὶ
2383 3798 2530 3852 Θεοῦ
2547 3799 2720 3864 ὄντος
2738 3800 2770 3851 ό
2789 3796 3080 3866 μακάριος
3096 3794 3428 3865 διαλέγεται
3453 3795 3691 3864 Πέτρος,

2110 3889 2271 3944 ἀλλὰ
2299 3889 2432 3958 περὶ
2459 3890 2563 3943 τοῦ
2593 3889 2998 3957 βλεπομένου,
3029 3887 3124 3940 καὶ
3150 3885 3530 3952 κενώσαντος
3556 3887 3692 3940 ἐαυ-

2110 3979 2236 4045 τὸν,
2255 3980 2445 4047 καθώς
2459 3995 2647 4050 φησιν
2659 3982 2690 4033 ό
2703 3978 3038 4043 Βασίλειος·
3071 3977 3404 4031 Ἑκένωσεν
3419 3977 3488 4029 δὲ
3505 3980 3536 4030 ὀ
3546 3978 3692 4040 .315-

435 4079 597 4117 mam.
652 4063 926 4124 Subsiste.
972 4069 1106 4136 Quis
1145 4071 1249 4127 ltoc
1278 4073 1451 4128 dicit:
1488 4077 1634 4145 quod
1684 4093 1878 4134 rursus
1926 4098 2011 4137 se-

2119 4072 2368 4140 πιόμενος
2399 4072 2707 4138 ἄνθρωπος
2735 4073 2821 4136 εἰς
2856 4068 3080 4123 δούλου
3110 4067 3372 4138 μορφήν.
3418 4068 3687 4138 Ἐπίσχες·

433 4154 613 4225 ipsum
637 4160 941 4215 exinanivit
957 4163 1049 4233 qui
1072 4164 1314 4219 cernitur
1332 4165 1493 4220 homo
1511 4167 1564 4221 in
1583 4169 1722 4224 servi
1748 4169 2008 4240 formam;

2119 4162 2192 4224 τίς
2223 4161 2377 4218 τοῦτό
2411 4179 2596 4232 φησιν,
2629 4163 2710 4214 ὅτι
2743 4161 2903 4213 πάλιν
2933 4159 3124 4212 ἑαυτὸν
3163 4159 3426 4213 ἐκένωσεν
3456 4161 3483 4211 ὁ
3506 4159 3694 4229 βλεπό-

434 4249 518 4304 vel
540 4250 664 4319 quis
689 4253 908 4319 astruit,
932 4253 1222 4324 quod'ante
1241 4256 1633 4325 apparitionem
1657 4275 1750 4329 per
1766 4276 2007 4330 carnem,

2119 4267 2272 4320 μενος
2299 4248 2580 4320 ἄνθρωπος
2609 4251 2687 4312 εἰς
2724 4249 2918 4302 δούλου.
2939 4248 3180 4320 μορφὴν,
3201 4249 3232 4320 ἢ
3255 4249 3337 4313 τίς
3356 4249 3689 4302 κατασκευά-

433 4343 614 4399 crucis
666 4343 809 4400 facta
865 4355 946 4402 est
1002 4349 1224 4417 passio?
1263 4347 1449 4419 Neque
1496 4351 1640 4405 enim
1694 4367 1827 4408 crux
1885 4365 2009 4412 ante

2119 4342 2214 4406 ζει,
2243 4343 2324 4395 ὅτι
2357 4342 2462 4412 πρὸ
2482 4341 2580 4410 τῆς
2603 4341 2692 4394 διά
2727 4341 2927 4409 σαρκὸς
2971 4342 3311 4410 ἐπιφανείας,
3343 4341 3405 4395 τὸ
3437 4343 3574 4394 κατά
3601 4342 3688 4394 τὸν

434 4450 654 4506 corpus,
714 4453 889 4510 neque
955 4455 1157 4511 corpus
1215 4450 1342 4497 ante
1395 4443 1540 4497 servi
1597 4443 1846 4501 formam.
1880 4448 2004 4513 _Scd

2119 4433 2344 4505 σταυρὸν
2391 4433 2579 4501 γέγονε
2614 4431 2822 4496 πάθος;
2880 4431 3017 4485 Οὔτε
3070 4433 3179 4504 γάρ
3217 4435 3245 4486 6
3297 4433 3531 4505 σταυρὸς
3589 4433 3689 4504 πρὸ

434 4527 649 4596 quidem
687 4527 826 4586 Deus
885 4532 946 4585 in
989 4547 1155 4589 carne
1202 4535 1622 4601 manifestatur;
1666 4553 1795 4592 caro
1833 4547 2010 4594 autem

2119 4522 2213 4580 τοῦ
2235 4522 2504 4592 σώματος,
2533 4522 2656 4574 οὔτε
2685 4522 2752 4574 τὸν
2773 4521 2929 4593 σῶμα
2959 4523 3065 4594 πρὸ
3095 4525 3193 4594 τῆς
3228 4524 3322 4577 τοῦ
3343 4524 3528 4578 δούλου
3559 4541 3686 4596 μορ·

435 4636 555 4690 quae
587 4621 754 4677 Deum
788 4624 842 4678 in
898 4625 1075 4695 seipse
1124 4628 1386 4691 ostendit,
1432 4637 1719 4700 postquam
1774 4631 2016 4701 implevit

2119 4618 2243 4688 φῆςο
2276 4616 2388 4669 ἀλλ’
2413 4618 2441 4670 ὁ
2461 4616 2558 4686 μὲν
2575 4615 2706 4678 Θεὸς
2740 4618 2797 4668 ὲν
2823 4616 2984 4687 σαρκὶ
3021 4615 3382 4686 φανεροῦται,
3413 4619 3446 4687 ή
3474 4617 3529 4670 δὲ
3560 4616 3690 4686 σὰρξ

437 4711 532 4780 per
555 4713 788 4782 seipsam
811 4730 1065 4786 magnum
1085 4717 1276 4774 mortis
1299 4721 1643 4789 mysterium,
1663 4721 1716 4776 in
1736 4723 2011 4778 excelsum

2119 4709 2148 4778 ὴ
2175 4708 2428 4761 τὸνΘεὸν
2465 4709 2521 4760 ὲν
2552 4708 2718 4776 ἑαυτῇ
2766 4707 3006 4774 δείξασα,
3037 4707 3176 4779 μετά
3202 4709 3265 4761 τὸ
3305 4710 3593 4781 πληρῶσαι
3625 4709 3689 4762 δι’

434 4811 491 4856 et
513 4803 756 4859 divinum
789 4823 884 4877 per
926 4811 1375 4879 temperationem
1419 4821 1840 4881 transmutatur,
1873 4815 2013 4870 facta

2119 4803 2312 4874 ἑαυτῆς
2329 4801 2390 4854 τὸ
2406 4801 2548 4872 μέγα
2583 4801 2678 4852 τοῦ
2702 4800 2933 4853 θανάτου
2969 4803 3289 4872 μυστήριον,
3314 4806 3688 4872 μεταποιεῖται

435 4891 687 4946 Christus
734 4903 786 4948 et
832 4895 1093 4954 Dominus
1123 4939 1140 4965 ,
1191 4900 1250 4953 in
1318 4901 1448 4955 illud
1500 4903 1892 4960 transformata
1956 4915 2010 4960 et

434 4985 718 5040 immutata
736 4987 877 5054 quod
901 4988 1116 5056 quidem
1142 4998 1260 5044 erat
1278 4991 1369 5059 qui
1393 4991 1444 5043 in
1463 4991 1558 5046 illa
1573 5009 1737 5049 carne
1757 4995 1998 5064 seipsum

433 5075 829 5133 manifeslavit.
881 5077 983 5133 Sed
1030 5081 1076 5135 si
1124 5096 1227 5136 nos
1276 5097 1470 5137 rursus
1506 5083 1620 5139 haec
1676 5084 2009 5148 diceremus,

430 5185 554 5223 eum
585 5168 678 5238 qui
713 5169 767 5223 in
795 5184 958 5224 cruce
985 5169 1393 5226 demonstratus
1429 5185 1513 5228 est
1551 5174 1606 5228 in
1648 5176 1876 5231 alterius
1913 5176 2010 5229 ho-

433 5262 596 5316 minis
628 5264 1032 5332 generationem
1063 5263 1402 5317 exiuanitum
1442 5279 1585 5327 esse,
1614 5263 1761 5334 quod
1797 5281 1898 5321 nos
1927 5267 2010 5321 di-

430 5369 559 5408 cere
612 5354 718 5411 iste
769 5355 1018 5411 veritatis
1075 5363 1446 5426 propugnator
1494 5356 1727 5419 astruit,
1792 5358 1896 5414 ltoc
1942 5359 2009 5413 ad

447 5445 670 5499 verbum
701 5447 1009 5517 composito
1058 5447 1256 5501 cavillo
1292 5445 1390 5501 :Si
1437 5447 1525 5516 qui
1573 5445 1777 5499 videtur
1830 5447 2002 5513 homo,

434 5533 632 5602 inquit,
679 5539 968 5592 exinanirit
1015 5541 1244 5611 seipsum
1299 5539 1353 5595 iu
1404 5539 1538 5595 servi
1585 5539 1809 5610 formam
1919 5541 2008 5612 qui

508 5707 552 5738 “
581 5705 700 5761 Act.
737 5727 794 5776 tt,
830 5712 917 5765 56.

2115 4897 2250 4967 πρὸς
2275 4896 2335 4949 τὸ
2355 4894 2556 4966 ὑψηλόν
2578 4893 2746 4947 τεκαὶ
2770 4893 2908 4946 θεῖον
2939 4892 3006 4945 δι’
3041 4894 3420 4964 ἀνακράσεως,
3459 4894 3689 4965 Χριστὸς

2113 4989 2376 5058 γενομένη
2431 4986 2526 5038 καὶ
2577 4984 2800 5056 Κύριος,
2868 4986 2946 5047 εἰς
2986 4985 3160 5038 ὲκεῖνο
3207 4985 3563 5055 μετατεθεῖσα
3601 4987 3692 5040 καὶ

2113 5079 2425 5147 ἀλλαγεῖσα,
2454 5078 2593 5147 ὅπερ
2615 5073 2682 5147 ἦν
2712 5079 2740 5130 6
2771 5077 2827 5130 ὲν
2865 5075 3048 5148 ἐκείνῃ
3075 5079 3143 5147 τῇ
3181 5079 3342 5148 σαρκὶ
3372 5078 3564 5131 ἑαυτὸν
3593 5096 3691 5146 αα-

2113 5171 2375 5242 νερώσας.
2415 5169 2552 5222 Ἀλλ’
2605 5171 2652 5222 εἰ
2691 5167 2863 5222 ταῦτα
2902 5167 3154 5237 λέγοιμεν
3193 5169 3354 5221 πάλιν
3388 5171 3570 5238 ἡμεῖς,
3605 5169 3690 5222 τὸν

2113 5265 2204 5317 ἐπὶ
2234 5263 2325 5316 τοῦ
2348 5261 2581 5332 σταυροῦ
2612 5259 2889 5329 δειχθέντα
2910 5261 2995 5322 εἰς
3025 5259 3185 5313 ἄλλου
3213 5259 3502 5331 ἀνθρώπου
3538 5261 3687 5330 γένε-

2116 5372 2198 5409 σιν
2248 5351 2603 5416 κεκενῶσθαι,
2630 5349 2658 5402 ὃ
2695 5349 2874 5418 λέγειν
2906 5351 3054 5420 ἡμᾶς
3095 5353 3123 5403 6
3152 5351 3564 5422 προαγωνιστὴς
3603 5345 3687 5404 οὗ·

2111 5463 2202 5508 τος
2229 5447 2326 5514 τῆς
2353 5442 2607 5514 ἀληθείας
2637 5440 3054 5506 κατασκευάζει,
3083 5442 3296 5506 συνθεὶς
3323 5443 3521 5496 οὑτωσὶ
3549 5443 3687 5496 κατά

2115 5537 2210 5609 τὴν
2234 5534 2374 5600 λέξιν
2394 5533 2453 5587 τὸ
2480 5533 2738 5604 σόφισμα·
2780 5533 2850 5586 Et
2883 5534 2914 5585 ό
2938 5532 3334 5604 βλεπόμενος,
3369 5533 3552 5604 φησιν,
3581 5533 3684 5586 ἆν-
