4010 6156
339 257 445 314 7ἳ¹9

1465 249 1746 307 CONTRA
1781 247 2168 316 EUNOMIUM,
2213 250 2342 306 LIB.
2391 249 2472 306 Vl.

3507 257 3607 312 730

342 378 571 445 (ᾕαωπος
611 369 912 426 ἐκένωσεν
943 370 1162 425 ἑαυτὸν
1199 374 1287 438 είς
1320 370 1545 427 δούλου
1568 373 1809 443 μορφήν
1831 390 1844 404 ·
1888 376 1920 426 ό

2031 381 2197 426 autent
2237 373 2530 427 exinanivit
2575 376 2804 442 seipsum
2852 376 2902 428 in
2951 376 3086 430 servi
3130 375 3377 444 formam,
3426 376 3478 429 in
3515 377 3608 427 ito-

341 466 409 520 δὲ
437 463 705 528 κενώσας
725 463 944 517 ἑαυτὸν
959 466 1046 523 είς
1059 463 1280 519 δούλου
1300 467 1565 536 μορφὴν,
1595 470 1681 532 εἰς
1709 465 1927 534 ἀνθρὼ-

343 575 458 612 που
490 555 732 626 γένεσιν
755 552 1056 608 ἐκένωσεν
1070 555 1318 608 ἑαυτόν·
1358 560 1390 610 ό
1409 557 1788 626 ,ϐλεπόμενος
1821 553 1929 608 ἄν·

342 653 572 717 θρωπος
617 649 705 712 είς
752 645 1068 714 ἀνθρώπου
1093 646 1335 716 γένεσιν
1361 647 1660 701 ἐκένωσεν
1687 647 1925 702 ἑαυτόν.

418 741 481 791 Ὠ
505 739 622 801 πῶς
649 737 924 808 μέμνηται
964 739 1062 808 τῆς
1105 738 1472 810 προκειμένης
1508 738 1780 808 σπουδῆςί
1811 737 1929 801 πῶς

346 831 482 886 κατὰ
535 829 738 882 σκοπὸν
808 831 1167 901 συμπεραίνει
1211 831 1300 883 τὸν
1332 831 1524 898 λόγονί
1567 830 1800 902 Χριστὸν
1828 847 1926 881 πε-
1962 892 1963 895 η

346 923 600 994 ποιῆσθαι
631 922 727 976 καὶ
757 924 901 976 κατὰ
940 923 1030 974 τὸν
1064 921 1394 992 βλεπόμενον
1424 923 1729 992 ἄνθρωπον,
1763 923 1926 992 φησὶν

344 1014 622 1088 εἰρηκέναι
674 1014 766 1066 16v
840 1011 1132 1066 ἀπόστολον
1181 1016 1208 1066 6
1259 1013 1569 1077 Βασίλειος·
1600 1017 1627 1068 6
1664 1015 1720 1067 δὲ
1757 1013 1928 1076 δεινὸς

343 1102 498 1169 οὗτος
544 1106 637 1159 καὶ
688 1107 938 1176 ἀγχίνους
967 1107 1074 1158 τῶν
1111 1106 1416 1177 εἰρημένων
1460 1105 1828 1176 ἀνατροπεύςο
1863 1107 1926 1158 Et

350 1198 428 1269 μὴ
456 1198 554 1270 τὴν
577 1197 782 1262 οὐσίαν,
812 1198 964 1267 φησὶ,
990 1195 1081 1249 τοῦ
1129 1199 1188 1249 ἐν
1231 1199 1372 1268 ἀρχῇ
1419 1197 1570 1260 ὄντος
1599 1198 1925 1268 πεποιῆσθαι

348 1288 496 1359 λέγει
527 1291 555 1342 6
588 1291 810 1358 Πέτρος,
841 1285 1104 1342 ἐκένωσεν
1135 1289 1326 1342 ἑαυτὸν
1357 1289 1686 1360 βλεπόμενος
1717 1289 1926 1362 ἄνθρω-

349 1400 452 1446 πος
492 1384 570 1444 είς
602 1381 783 1436 δούλου
823 1381 1050 1451 μορφήν.
1099 1380 1159 1433 Ὀ
1192 1380 1248 1433 δὲ
1301 1379 1544 1444 κενώσας
1595 1382 1784 1435 ἑαυτὸν
1849 1382 1925 1444 είς

346 1474 533 1528 δούλου
567 1472 798 1544 popae-qv,
825 1473 902 1535 είς
949 1471 1236 1543 ἀνθρώπου
1263 1473 1476 1540 γένεσιν
1504 1473 1772 1526 ἐκένωσεν
1805 1474 1926 1526 ἐαυ-

345 1567 456 1626 16v.
500 1563 812 1636 Ἠττήμεθα
846 1564 944 1634 τῆς
962 1565 1176 1635 ἀμάχου
1199 1564 1403 1635 ταύτης
1433 1564 1644 1634 σοφίας,
1669 1566 1920 1635 Εὐνόμιε.

358 1656 786 1726 ’Λπελήλεγκται
817 1655 956 1708 κατὰ
980 1656 1182 1726 κράτος
1210 1654 1269 1708 16
1295 1655 1368 1727 μὴ
1403 1657 1539 1726 πρὸς
1561 1656 1650 1710 16v
1679 1655 1738 1720 ἐξ
1760 1656 1923 1709 ἀσθε-

2031 465 2188 518 minis
2229 466 2614 536 generationem
2666 469 2892 535 seipsum
2939 469 3227 523 exinanivit
3266 481 3284 518 :
3318 469 3406 530 qui
3445 469 3609 538 igitur

2031 554 2232 609 videtur
2258 559 2432 622 homo,
2464 558 2517 610 in
2541 557 2766 611 hominis
2805 559 3190 629 generationem
3237 564 3462 628 seipsum
3507 563 3609 613 erci-

2032 647 2258 701 nanivit.

2101 732 2144 789 Ο
2171 738 2446 804 quomodo
2476 739 2739 809 propositi
2766 737 2929 792 studii
2959 754 3165 794 memor
3195 741 3313 796 est!
3336 742 3606 809 quomodo

2031 829 2330 884 secundum
2353 845 2578 900 scopum
2607 830 3010 886 conclusionem
3046 832 3262 886 conficit
3287 833 3299 885 ί
3331 831 3607 886 Christum

2030 916 2235 971 factum
2266 934 2387 974 esse
2431 927 2483 974 et
2523 919 2822 973 secundum
2879 920 3152 974 hominem
3202 921 3295 991 qui
3342 924 3606 984 cernitur,

2030 1011 2336 1079 apostolum
2383 1013 2586 1067 dixisse
2638 1014 2713 1066 ait
2759 1012 3030 1067 Basilius:
3078 1015 3164 1068 hic
3218 1024 3400 1069 autem
3443 1017 3606 1070 vehe-

2030 1118 2184 1159 mens
2209 1113 2262 1158 et
2286 1105 2456 1158 solers
2485 1105 2750 1159 dictorum
2769 1121 2990 1160 eversor
3016 1125 3029 1159 :
3065 1107 3120 1161 Si
3153 1123 3258 1161 non
3289 1109 3604 1170 essentiam,

2031 1195 2224 1264 inquit,
2260 1195 2379 1265 ejus
2411 1196 2503 1265 qui
2549 1204 2665 1251 erat
2707 1197 2759 1250 in
2791 1197 3056 1266 principio
3101 1198 3297 1252 factam
3327 1215 3449 1254 esse
3480 1200 3609 1254 dicit

2029 1279 2245 1348 Petrus,
2279 1283 2369 1353 qui
2405 1284 2580 1340 oculis
2611 1287 2855 1339 cernitur
2886 1286 3048 1341 homo
3080 1287 3133 1340 in
3163 1287 3308 1341 servi
3347 1287 3579 1341 formam

2031 1374 2268 1444 seipsum
2309 1375 2634 1436 ,cxinanivit.
2685 1376 2786 1443 Qui
2839 1387 3020 1432 autem
3051 1379 3353 1433 exinanivit
3405 1392 3607 1435 semet-

2037 1469 2219 1540 ipsum
2259 1470 2313 1523 in
2364 1471 2507 1525 servi
2547 1469 2776 1525 formam
2827 1472 2881 1525 in
2915 1473 3152 1527 hominis
3206 1475 3608 1541 generationem

2030 1563 2270 1631 seipsum
2299 1563 2619 1617 exiuanivit.
2662 1563 2704 1615 ()
2743 1561 2994 1627 Eunomi,
3051 1564 3153 1618 hac
3203 1565 3607 1635 inexpugnabili

2031 1656 2294 1724 sapientia
2326 1656 2452 1710 victi
2484 1671 2694 1710 sumus.
2726 1655 2983 1710 Relutata
3018 1665 3146 1710 sunt
3193 1665 3464 1727 potenter,
3516 1671 3612 1726 per

344 1748 490 1810 νείας
538 1745 918 1817 σταυρωθέντα
952 1746 1168 1816 βλέπειν
1209 1745 1300 1800 τοῦ
1367 1746 1664 1800 ἀποστόλου
1717 1747 1808 1801 τὸν
1841 1747 1926 1800 λό-

2033 1761 2096 1800 ea
2133 1747 2335 1814 quibus
2384 1747 2697 1812 didicimus,
2738 1747 2967 1816 apostoli
3001 1763 3304 1802 sermonem
3364 1764 3473 1802 non
3522 1764 3610 1802 rc-

345 1856 461 1913 γον,
483 1839 550 1892 δι’
574 1831 648 1892 ὧν
680 1837 977 1909 ἐμάθομεν.
1011 1839 1132 1892 ’Ότι
1167 1839 1232 1893 ἂν
1261 1839 1417 1892 τοῦτο
1454 1838 1620 1903 οὕτως
1655 1839 1796 1910 ἔχειν
1836 1858 1927 1893 πι-

346 1929 684 2000 στεύσωμεν,
743 1929 906 1983 πάλιν
947 1932 975 1982 6
1022 1929 1349 2000 βλεπόμενος
1403 1929 1686 2000 ἄνθρωπος
1742 1930 1926 2000 ἔτερος

343 2021 575 2094 γίνεται,
632 2021 712 2083 είς
775 2019 938 2089 ἄλλην
995 2018 1286 2090 ἀνθρώπου
1332 2019 1655 2089 κενούμενος
1689 2019 1923 2087 γένεσιν.

345 2112 418 2167 υύ
461 2110 644 2181 παύσῃ
685 2109 816 2162 ποτὲ
870 2108 1076 2173 παίζων
1120 2107 1261 2162 κατὰ
1296 2109 1403 2160 τῶν
1435 2108 1786 2179 ἀτολμήτων;
1814 2109 1927 2162 Ούκ

345 2201 685 2274 ἐρυθριάσεις
703 2199 914 2276 ἐνούτῳ
947 2199 1174 2267 γελοίοις
1200 2200 1492 2270 σοφίσμασι
1522 2199 1614 2252 τὸν
1636 2200 1744 2252 τῶν
1767 2199 1926 2252 θείων

350 2293 662 2373 μυστηρίων
681 2291 888 2344 ἐκλύων
902 2291 1618 2362 φόϐον;ούκὲπιστραφήσῃ
1648 2291 1740 2345 νῦν
1771 2290 1922 2360 γοῦν,

345 2387 393 2438 εί
453 2385 544 2438 καὶ
596 2383 670 2456 μὴ
710 2384 969 2454 πρότερον
1017 2383 1151 2455 πρὸς
1178 2382 1238 2435 16
1262 2381 1463 2450 γνῶναι
1499 2385 1582 2436 ὅτι
1627 2385 1655 2436 6
1699 2400 1923 2452 μονογε-

344 2477 439 2548 νὴς
471 2477 626 2538 Θεὸς,
656 2478 683 2529 6
706 2475 862 2529 ὣν·ὲν
883 2477 993 2537 τοῖς
1028 2473 1248 2538 κόλποις
1279 2473 1370 2527 τοῦ
1402 2474 1632 2546 Πατρός,
1660 2475 1828 2542 Λόγος
1852 2473 1926 2526 ὣν

345 2570 440 2627 καὶ
480 2568 728 2639 βασιλεὺς
758 2568 852 2620 καὶ
889 2565 1114 2635 Κύριος,
1161 2566 1254 2618 καὶ
1283 2568 1390 2619 πᾶν
1429 2566 1631 2638 ὑψηλὸν
1668 2565 1840 2634 ὄνομά
1867 2581 1925 2617 τε

347 2658 441 2715 καὶ
467 2656 662 2725 νόημα,
693 2655 845 2706 οὐδὲν
890 2653 998 2706 τῶν
1034 2653 1256 2722 ἀγαθῶν
1295 2654 1546 2722 γενέσθαι
1582 2655 1924 2725 προσδέεται,

351 2747 514 2808 αὐτὸς
535 2746 608 2797 ὣν
641 2745 744 2798 τῶν
767 2745 987 2815 ἀγαθῶν
1025 2745 1241 2798 πάντων
1263 2746 1322 2798 τὸ
1351 2746 1644 2817 πλήρωμα.
1679 2748 1738 2799 Ὀ
1771 2746 1826 2798 δὲ
1850 2747 1928 2808 είς

354 2838 408 2896 τί
459 2836 932 2906 μεταϐαλλόμενος,
967 2839 1142 2890 ἐκεῖνο
1157 2837 1362 2905 γίνεται
1387 2838 1416 2890 6
1447 2838 1519 2907 μὴ
1544 2839 1804 2908 πρότερον
1823 2833 1925 2907 ἧν;

357 2929 570 3000 ’Ὠσπερ
598 2924 687 2981 οὖν
719 2931 745 2981 6
784 2929 855 3000 μὴ
897 2930 1058 2997 γνοὺς
1099 2929 1392 2999 ἁμαρτίαν,
1424 2928 1664 3002 ἁμαρτία
1697 2928 1924 2996 γίνεται,

352 3021 440 3074 ἵνα
467 3021 575 3093 ἄρῃ
619 3021 713 3092 τὴν
759 3021 1032 3091 ἁμαρτίαν
1080 3018 1174 3072 τοῦ
1216 3020 1442 3090 κόσμου,
1485 3020 1656 3083 οὕτως
1706 3020 1927 3092 πάλινή

344 3112 615 3184 δεξαμένη
646 3113 735 3165 τὸν
758 3112 961 3184 Κύριον
993 3112 1150 3183 σὰρξ,
1179 3113 1411 3182 Χριστὸς
1438 3113 1531 3165 καὶ
1561 3111 1766 3182 Κύριος
1791 3112 1931 3182 γίνε-

343 3225 456 3273 ται,
486 3208 513 3259 ὃ
549 3208 623 3277 μὴ
648 3201 716 3277 ἦν
759 3207 824 3276 τῇ
868 3204 1025 3273 φύσει
1059 3207 1138 3268 είς
1185 3203 1341 3258 τοῦτο
1382 3206 1820 3275 μεταποιουμένη
1842 3205 1930 3259 διὰ

341 3302 440 3372 τῆς
468 3301 842 3371 ἀνακράσεως.
901 3299 978 3350 Δι’
1017 3290 1092 3350 ὧν
1135 3296 1495 3367 μανθάνομεν,
1523 3297 1604 3350 ὅτι
1638 3295 1750 3350 οὒτ’
1774 3298 1840 3351 ἂν
1868 3299 1927 3351 ὲν

347 3395 512 3466 σαρκὶ
542 3396 569 3446 6
596 3393 726 3454 Θεὸς
746 3387 1085 3461 ἐφανερώθη,
1112 3393 1159 3443 εί
1180 3391 1297 3461 μὴὸ
1317 3391 1487 3458 Λόγος
1513 3389 1650 3462 σὰρξ
1675 3391 1891 3459 ἐγένετο
1909 3409 1923 3422 ο

343 3486 455 3544 οὔτ’
494 3485 559 3538 ἂν
595 3481 925 3556 μετεποιήθη
960 3483 1096 3552 πρὸς
1125 3483 1187 3534 τὸ
1235 3482 1390 3535 Θεῖον
1424 3484 1457 3553 ἡ
1487 3484 1617 3554 περὶ
1645 3483 1806 3538 αὑτὸν
1830 3482 1924 3536 τοῦ

343 3577 632 3651 ἀνθρώπου
662 3575 818 3647 σὰρξ,
847 3577 895 3627 εί
919 3573 992 3646 μὴ
1020 3574 1082 3627 16
1106 3574 1428 3644 φαινόμενον
1460 3575 1675 3643 ἐγένετο
1695 3576 1927 3647 Χριστός

343 3688 404 3724 τε
443 3649 537 3722 καὶ
562 3667 788 3740 Κύριος.
825 3663 1554 3720 Ἀλλὰδιαπτύουσιτὸνίδί...
1574 3667 1650 3740 (ιε)
1671 3667 1764 3720 τοῦ
1791 3670 1928 3738 ἡμε-

341 3759 503 3838 τέρου
537 3759 912 3830 κηρύγματος,
936 3756 985 3808 οἱ
1002 3757 1068 3827 τῇ
1097 3754 1256 3826 οὐσία
1276 3752 1371 3806 τοῦ
1389 3753 1523 3808 Θεοῦ
1552 3755 1642 3808 διὰ
1662 3755 1771 3810 τῶν
1803 3757 1926 3810 συλ-

342 3849 620 3928 λογισμῶν
651 3847 1064 3920 ἐμϐατεύοντες,
1096 3845 1190 3899 καὶ
1221 3844 1497 3916 βούλονται
1526 3846 1618 3899 τὸν
1656 3848 1830 3901 πάντα
1858 3848 1927 3902 τὰ

345 3944 476 3998 ὄντα
504 3941 910 4012 διαπαράγοντα
932 3939 1012 4001 είς
1040 3937 1274 4006 γένεσιν,
1292 3937 1455 3989 αὐτὸν
1470 3935 1742 4002 ἀποδεῖξαι
1762 3939 1925 4010 μέρος

341 4038 472 4095 ὄντα
493 4036 594 4103 τῆς
632 4033 882 4097 κτίσεως,
909 4031 1002 4085 καὶ
1026 4030 1312 4103 σύμμαχον
1339 4031 1440 4102 τῆς
1466 4031 1723 4102 τοιαύτης
1759 4049 1926 4085 σπουο

342 4127 462 4198 δῆς,
515 4125 612 4196 τὴν
669 4124 854 4195 φωνὴν
890 4123 984 4176 τοῦ
1024 4124 1232 4194 Πέτρου
1278 4122 1420 4195 πρὸς
1448 4123 1790 4195 κατασκευὴν
1826 4128 1924 4196 τῆς

348 4217 696 4290 βλασφημίας
723 4216 1060 4285 ἐφέλκοντες,
1083 4215 1176 4268 τοῦ
1199 4215 1332 4286 πρὸς
1353 4217 1481 4278 τοὺς
1517 4215 1802 4278 Ἰουδαίους
1828 4217 1926 4287 φή-

346 4328 557 4376 σαντος,
586 4311 667 4363 ὅτι
694 4307 980 4363 Γνωστὸν
1008 4307 1163 4360 ἔστω
1183 4307 1360 4362 παντί
1385 4307 1464 4372 τῷ
1493 4309 1635 4375 οἴκῳ
1662 4308 1922 4377 Ἰσραὴλ,

2029 1837 2246 1906 Spicere
2282 1839 2346 1894 ad
2373 1855 2495 1894 eum
2526 1840 2616 1910 qui
2654 1855 2719 1894 ex
2753 1840 3067 1894 infirmitate
3098 1839 3391 1894 cruciﬁxus
3424 1846 3508 1894 cst
3537 1842 3606 1893 ”.

2027 1929 2182 1996 Quod
2211 1932 2254 1986 si
2285 1932 2387 1987 hoc
2434 1933 2507 1986 ita
2561 1949 2685 1989 esse
2723 1932 3134 1998 crediderimus,
3167 1948 3362 1988 rursus
3405 1933 3498 2002 qui
3531 1932 3609 1983 vi-

2027 2022 2187 2077 detur
2219 2024 2402 2088 homo,
2430 2025 2569 2080 alius
2602 2025 2864 2096 gignitur,
2899 2028 2954 2081 in
2989 2027 3148 2079 aiiam
3189 2025 3422 2077 hominis
3449 2038 3609 2092 gene-

2029 2115 2296 2168 rationem
2334 2117 2668 2170 exinanitus.
2694 2114 2810 2170 Non
2839 2115 3080 2172 cessabis
3105 2114 3400 2185 aliquando
3424 2113 3611 2166 ludere

2028 2214 2216 2260 contra
2240 2221 2347 2262 non
2378 2207 2672 2261 audenda?
2695 2222 2802 2262 non
2830 2208 3123 2264 erubesces
3143 2207 3197 2260 iu
3222 2213 3332 2259 tam
3365 2205 3610 2258 ridiculis

2028 2297 2238 2352 cavillis
2253 2297 2558 2353 divinorum
2573 2299 2952 2368 mysteriorum
2967 2297 3247 2353 exsolvere
3265 2292 3609 2350 metumiuon

2028 2389 2366 2444 converteris
2390 2404 2534 2444 nunc
2554 2400 2726 2456 certe,
2751 2389 3014 2461 siquidem
3030 2405 3137 2444 non
3163 2389 3313 2459 prius
3336 2389 3400 2442 ad
3421 2403 3610 2458 cogno-

2029 2480 2290 2535 scendum
2340 2481 2488 2551 quod
2533 2483 2852 2552 unigenitus
2891 2482 3034 2537 Deus
3089 2481 3185 2551 qui
3217 2488 3334 2534 erat
3380 2480 3434 2533 in
3483 2480 3609 2545 sinu

2027 2567 2228 2633 Patris,
2285 2568 2542 2634 Verbum,
2580 2571 2744 2625 etiam
2798 2587 2891 2626 rex
2946 2581 2998 2626 et
3036 2569 3322 2635 Dominus,
3359 2576 3414 2624 et
3448 2583 3610 2622 omne

2029 2663 2302 2716 excelsum
2333 2677 2529 2716 nomen
2559 2669 2613 2716 et
2641 2662 2976 2731 cegitameu,
3019 2661 3152 2714 nihil
3183 2661 3448 2715 bonorum
3497 2658 3609 2713 ﬁeri

2030 2751 2256 2824 indiget,
2289 2754 2403 2822 ipse
2441 2769 2566 2808 cum
2600 2754 2672 2809 sit
2709 2754 2951 2808 omnium
2990 2754 3258 2807 bonorum
3301 2753 3608 2823 plenitudo.

2031 2843 2130 2898 llic
2159 2853 2339 2898 autem
2371 2845 2425 2898 in
2461 2846 2590 2915 quid
2626 2846 2826 2899 mutari
2868 2855 3064 2915 potest,
3100 2853 3156 2898 ut
3183 2846 3271 2900 liat
3299 2846 3430 2899 illud
3463 2845 3608 2915 quod

2029 2936 2182 3005 prius
2228 2951 2332 2990 non
2389 2938 2544 2990 erat?
2598 2936 3074 3003 Quemadmodum
3132 2938 3298 3008 igitur
3353 2940 3443 3007 qui
3499 2954 3608 2992 non

2032 3029 2181 3084 novit
2225 3040 2529 3099 peccatum,
2583 3039 2868 3098 peccatum
2901 3029 2979 3092 lit,
3020 3037 3079 3083 ut
3121 3029 3272 3083 tollat
3323 3040 3608 3100 peccatum

2035 3119 2263 3174 mundi:
2323 3121 2404 3175 sic
2452 3135 2646 3174 rursus
2693 3135 2821 3173 caro
2873 3135 2992 3188 quae
3043 3120 3332 3174 Dominum
3377 3123 3605 3190 accepit,

2033 3211 2286 3266 Christus
2337 3219 2390 3265 et
2432 3208 2694 3264 Dominus
2727 3208 2975 3276 efficitur,
3025 3210 3168 3278 quod
3208 3226 3316 3263 non
3357 3219 3472 3264 erat
3515 3227 3607 3264 na-

2033 3311 2161 3356 tura
2213 3302 2267 3355 iu
2312 3301 2413 3354 hoc
2467 3307 2828 3354 transmutata
2875 3315 2971 3370 per
3026 3301 3493 3368 temperationem.
3531 3300 3607 3355 Ex

2036 3396 2235 3465 quibus
2266 3394 2555 3457 discimus,
2598 3393 2740 3462 quod
2775 3392 2915 3448 Deus
2957 3407 3065 3446 non
3100 3393 3152 3446 in
3181 3407 3346 3446 carne
3380 3393 3608 3448 manife-

2034 3497 2210 3542 status
2243 3493 2408 3551 esset,
2441 3486 2548 3540 nisi
2573 3485 2811 3538 Verbum
2845 3498 2976 3537 caro
3000 3484 3198 3537 factum
3223 3494 3396 3551 esset;
3435 3501 3608 3555 neque

2031 3593 2162 3632 caro
2187 3577 2423 3632 homiui's
2449 3592 2566 3646 qua:
2594 3574 2951 3630 circumdedit
2986 3575 3163 3644 ipsum
3195 3575 3248 3627 in
3271 3575 3606 3630 divinitatem

2034 3673 2396 3721 transmutata
2436 3666 2650 3728 fuisset,
2713 3665 2817 3719 nisi
2874 3665 3019 3733 quod
3063 3664 3360 3734 apparebat
3404 3663 3606 3718 factum

2031 3767 2176 3815 esset
2199 3766 2252 3814 et
2281 3759 2540 3813 Christ-us»
2563 3767 2616 3812 et
2645 3756 2924 3811 Dominus.
3005 3754 3110 3813 Sed
3171 3759 3488 3830 despuunt...
3511 3771 3606 3810 no-

2033 3859 2161 3905 slrm
2183 3847 2606 3920 prmdieationis,
2631 3847 2723 3917 qui
2752 3863 2845 3916 per
2869 3847 3213 3918 syllogismos
3239 3847 3292 3900 in
3311 3850 3605 3902 essentiam

2032 3943 2125 3998 Dei
2152 3943 2391 4005 irruunt,
2419 3951 2472 3996 et
2504 3941 2693 3995 volunt
2725 3956 2846 3994 eum
2882 3939 2974 4009 qui
3010 3940 3192 3992 omnia
3229 3955 3350 4009 quae
3380 3951 3509 3995 sunt
3539 3942 3603 3993 ad

2031 4043 2211 4091 ortum
2247 4035 2492 4099 adduxit,
2551 4033 2928 4088 demonstrare
2984 4030 3162 4100 ipsum
3220 4039 3428 4100 partem
3484 4047 3606 4086 esse

2031 4135 2315 4189 creatum,
2370 4133 2533 4196 atque
2578 4126 2634 4179 in
2667 4124 2938 4178 auxilium
2975 4123 3100 4176 talis
3149 4132 3379 4175 conatus
3416 4136 3603 4175 vocem

2031 4218 2178 4272 Petri
2222 4218 2288 4271 ad
2334 4218 2685 4286 blasphemite
2735 4213 3204 4283 praestructionem
3259 4211 3602 4279 pertrahunt,

2031 4311 2122 4380 qui
2155 4311 2218 4362 ad
2253 4308 2468 4363 Judasos
2495 4309 2662 4362 dixit:
2704 4306 2906 4360 Notum
2935 4305 3005 4358 sit
3028 4306 3170 4358 omni
3198 4303 3380 4357 domui
3409 4303 3603 4367 Israel,

352 4406 438 4462 ι”τι
461 4403 684 4470 Κύριον
715 4401 902 4456 αὐτὸν
938 4399 1035 4453 καὶ
1073 4399 1328 4467 Χριστὸν
1372 4400 1651 4466 ἐποίησε,
1710 4401 1925 4455 τοῦτον

2031 4401 2165 4472 quod
2199 4399 2484 4453 Dominum
2521 4401 2692 4464 ipsum
2721 4407 2770 4452 et
2801 4397 3071 4452 Christum
3101 4395 3224 4464 fecit
3254 4395 3391 4447 hunc
3422 4393 3602 4448 Iesum

345 4492 454 4546 τὸν
487 4491 720 4560 Ἰησοῦν
763 4489 837 4544 ὃν
883 4487 1054 4557 ὑμεῖς
1101 4487 1518 4555 ἐσταυρώσατε
1554 4501 1568 4515 ·
1592 4489 1795 4561 ταύτην
1830 4489 1924 4543 τοῦ

347 4584 572 4654 κτιστὴν
602 4579 741 4637 εἶναι
775 4580 870 4635 τοῦ
911 4578 1233 4652 μονογενοῦς
1255 4577 1390 4632 Θεοῦ
1423 4581 1523 4649 τὴν
1541 4581 1747 4645 ούσίαν,
1791 4599 1928 4654 προ-

347 4675 632 4729 ϐάλλονται
679 4674 779 4743 τὴν
824 4671 1116 4737 ἀπόδειξιν.
1161 4671 1225 4722 Τί
1283 4665 1394 4731 οὖν,
1431 4671 1552 4723 είπέ
1581 4689 1690 4740 μοι,
1719 4674 1792 4744 μὴ
1824 4675 1928 4746 πρὸ

347 4767 539 4830 αἰῶνος
561 4768 610 4819 οί
642 4765 882 4818 Ἰουδαῖοι
905 4761 1040 4834 πρὸς
1068 4760 1160 4824 οὓς
1181 4764 1208 4815 6
1235 4761 1390 4830 λόγος
1421 4762 1666 4830 ὲγένετο;
1702 4763 1775 4835 μὴ
1797 4783 1931 4837 προ-

347 4860 572 4931 κόσμιος
609 4861 636 4912 6
677 4856 906 4929 σταυρὸς
935 4872 948 4922 ;
988 4854 1073 4924 Μὴ
1106 4854 1212 4925 πρὸ
1241 4854 1421 4924 πάσης
1451 4854 1678 4918 κτίσεως
1709 4857 1736 4909 6
1766 4857 1927 4910 Πιλά-

345 4968 463 5018 τος;
520 4951 612 5022 Μὴ
652 4949 868 5021 πρῶτον
907 4946 1134 5018 Ἰησοῦς,
1182 4945 1277 4998 καὶ
1331 4945 1469 5016 μετὰ
1513 4945 1686 5000 ταῦτα
1716 4948 1926 5015 Λόγος;

350 5045 422 5116 μὴ
463 5042 813 5116 πρεσϐυτέρα
866 5040 900 5110 ἠ
950 5037 1084 5108 σὰρξ
1125 5036 1222 5106 τῆς
1271 5035 1550 5107 θεότητοςς
1582 5039 1673 5109 Μὴ
1705 5040 1810 5110 πρὸ
1835 5040 1929 5093 τοῦ

343 5137 551 5206 κόσμου
611 5133 638 5185 6
679 5130 919 5202 Γαϐριὴλ
961 5133 1027 5202 τῇ
1065 5129 1254 5200 Μαρίᾳ
1288 5128 1730 5196 εὐαγγελίζεται;
1764 5132 1874 5200 Οὐχ
1903 5135 1931 5185 6

346 5228 442 5298 μὲν
497 5225 638 5278 κατὰ
697 5223 934 5294 Χριστὸν
964 5221 1269 5292 ἄνθρωπος,
1294 5221 1386 5273 ἐπὶ
1419 5220 1695 5290 Καίσαρος
1718 5224 1928 5292 Αὐγού-

345 5337 467 5372 στου
501 5317 600 5388 τὴν
627 5313 804 5386 ἀρχὴν
816 5312 1088 5382 λαμϐάνει
1109 5311 1196 5365 διὰ
1215 5313 1586 5383 γεννήσεως,ό
1615 5313 1672 5366 δὲ
1696 5314 1753 5367 ἐν
1780 5316 1920 5388 ἀρχῇ

347 5405 413 5464 Iw
440 5408 610 5476 Λόγος
639 5405 794 5468 Θεὸς,
820 5403 1076 5473 βασιλεὺς·
1109 5402 1265 5473 ἡμῶν
1302 5402 1649 5480 προαιώνιος,
1687 5407 1868 5473 καθὼς
1894 5413 1923 5464 ὁ

412 5551 456 5580 η
501 5546 542 5599 ll
576 5546 706 5600 Cor.
732 5561 847 5609 x:u,
887 5546 938 5600 4.
1019 5543 1069 5574 ’³
1104 5544 1221 5598 Act.
1253 5559 1310 5607 ιι,
1353 5543 1443 5598 56.

407 5698 486 5772 (τι)
533 5693 680 5767 Lege
720 5692 1022 5766 ίδιωτισμὸν
1053 5712 1116 5752 ex
1141 5695 1331 5750 codice
1359 5693 1644 5750 Bavarico.

2027 4507 2178 4562 quem
2221 4507 2307 4544 vos
2359 4490 2769 4558 cruciﬁxistt's"
2799 4505 2809 4540 :
2843 4488 2945 4543 hac
3000 4502 3135 4542 voce
3195 4487 3460 4556 unigeniti
3509 4484 3604 4539 Dei

2026 4585 2322 4639 essentiam
2354 4589 2594 4636 creatam
2621 4575 3151 4634 esse'demonstrare
3182 4578 3601 4648 praetendentes.

2027 4677 2166 4744 Quid
2198 4677 2384 4746 igitur,
2418 4673 2504 4727 dic
2539 4672 2694 4734 mihi,
2728 4686 2856 4724 num
2893 4679 3018 4725 ante
3046 4670 3306 4727 sarculum
3337 4669 3508 4725 Judaei
3537 4671 3603 4726 ad

2027 4782 2166 4838 quos
2197 4767 2373 4820 factus
2400 4772 2484 4819 est
2524 4763 2744 4818 sermo?
2783 4777 2911 4816 num
2954 4769 3081 4816 ante
3130 4761 3391 4817 mundum
3435 4765 3607 4818 crux?

2029 4874 2158 4912 num
2195 4865 2319 4911 ante
2351 4871 2568 4910 omnem
2599 4863 2906 4909 creaturam
2940 4853 3188 4910 Pilatus?
3209 4871 3337 4910 num
3368 4858 3601 4926 primum

2026 4951 2209 5009 Jesus,
2239 4957 2293 5003 et
2332 4956 2517 5018 postea
2557 4945 2832 5000 Verbum?
2856 4963 2985 5000 num
3017 4946 3300 5003 divinitate
3328 4949 3601 5018 antiquior

2028 5041 2198 5095 caro?
2238 5055 2366 5092 num
2406 5048 2532 5092 ante
2583 5037 2845 5092 mundum
2889 5038 3108 5094 Gabriel
3141 5037 3324 5092 Maria:
3364 5040 3601 5091 faustum

2029 5132 2356 5186 attnuntiat?
2410 5129 2526 5184 Non
2578 5130 2668 5185 hic
2718 5132 2937 5200 quidem
2977 5133 3281 5188 secundum
3325 5130 3601 5183 Christum

2030 5226 2212 5289 homo,
2243 5224 2547 5294 imperante
2567 5223 2782 5278 (lassare
2800 5224 3066 5294 Augusto,
3087 5219 3412 5292 principium
3439 5221 3599 5273 sumit

2033 5333 2128 5387 per
2177 5317 2606 5387 generationem,
2668 5317 2762 5370 sed
2807 5315 2893 5368 hic
2941 5315 3034 5383 qui
3084 5315 3138 5364 in
3186 5310 3456 5380 principio
3485 5320 3599 5365 erat

2033 5406 2268 5464 Verbum
2308 5407 2450 5464 Deus
2480 5406 2592 5461 Rex
2619 5416 2821 5467 noster,
2857 5412 2981 5459 ante
3015 5410 3271 5476 reternus,
3304 5402 3447 5458 sicut
3473 5401 3597 5458 Pro-
