4034 6156
449 265 545 322 751
1671 259 1730 320 S.
1772 259 2101 320 ςπεοοιιιι
2137 261 2437 324 NYSSENI
3601 267 3702 323 733

452 388 613 458 pheta
664 391 914 441 testatur.
957 381 1075 436 Non
1126 380 1278 437 vides
1324 377 1540 451 qualem
1593 381 1810 438 inducis
1859 381 2024 437 verbo

2136 386 2417 458 προφήτης
2487 385 2852 459 μαρτύρεται;
2899 385 3011 455 Οὑχ
3059 385 3188 456 ὁρᾷς
3228 383 3343 438 οἵαν
3383 382 3608 452 ὲπάγεις
3632 385 3706 457 τῷ

451 477 854 539 confusionem,
919 473 1104 528 omnia
1161 488 1380 528 sursum
1445 487 1509 528 ac
1562 473 1815 529 deorsum
1870 472 2026 542 juxta

2136 477 2273 550 λόγῳ
2305 481 2405 551 τὴν
2442 479 2722 550 σύγχυσιν,
2772 479 2839 533 τὰ
2871 479 2982 534 άνω
3015 478 3164 532 κάτω
3209 476 3351 530 κατὰ
3382 477 3481 546 τὴν
3514 494 3705 550 παροι-

452 568 801 639 proverbium
827 565 1210 621 confundens?
1240 565 1740 636 Quinquagesimus
1761 574 1882 636 post
1908 579 2030 637 pas-

452 661 659 714 sionem
701 665 817 712 erat
860 655 1000 721 dies,
1032 655 1252 725 quando
1279 655 1394 709 haec
1421 653 1624 710 Iudaeis
1655 654 1849 712 Petrus
1896 670 2028 710 con-

451 749 778 804 cianahatur
821 746 1032 812 dicens,
1082 746 1227 817 quod
1263 745 1329 799 Et
1355 745 1637 800 Dominum
1675 757 1722 800 et
1761 745 2028 800 Christum

453 843 624 912 ipsum
655 840 792 894 Deus
824 839 949 908 fecit
978 839 1116 892 hunc
1158 838 1329 906 ipsum
1362 837 1548 892 Jesum
1588 854 1740 908 quem
1775 854 1863 892 vos
1907 854 2030 890 cru-

453 934 720 1004 ciﬁxistis.
771 931 876 988 Sed
908 947 1060 1001 quem
1089 947 1200 993 vos,
1251 930 1448 1000 inquit,
1485 931 1853 999 cruci/histis,
1890 930 2028 982 Itum:

450 1028 570 1096 [erit
606 1025 741 1079 Deus
772 1023 1042 1080 Christum
1078 1032 1124 1076 et
1145 1021 1351 1089 Iesum,
1386 1029 1444 1076 ut
1473 1038 1537 1077 ex
1561 1021 1646 1077 his
1675 1020 2026 1092 perspicuum

449 1127 630 1175 esset:
675 1117 820 1189 quod
852 1132 959 1171 non
993 1115 1125 1170 illud
1152 1116 1296 1186 quod
1329 1123 1454 1170 ante
1498 1116 1720 1178 secula,
1759 1114 1853 1170 sed
1882 1112 2026 1184 quod

450 1220 574 1282 post
597 1210 1069 1281 dispensationem
1107 1209 1312 1264 factum
1343 1216 1428 1264 est
1459 1207 1712 1278 intelligit
1737 1206 1955 1264 Petrus.

523 1298 808 1365 Quomodo
866 1299 1034 1370 igitur
1065 1312 1173 1352 non
1209 1297 1362 1353 vides
1391 1305 1559 1352 totam
1585 1298 1638 1350 in
1670 1312 1734 1353 eo
1757 1297 1902 1368 quod
1933 1296 2031 1352 de-

450 1400 791 1448 monstratur
829 1389 1102 1446 sermonis
1132 1389 1339 1445 versari
1369 1389 1619 1444 notitiam
1647 1405 1660 1454 ;
1697 1387 2033 1444 sed‘ritlicu-

455 1484 540 1538 lus
563 1481 763 1537 videris
787 1482 842 1536 in
869 1482 1064 1552 puerili
1084 1481 1438 1553 sOphismatis
1456 1480 1615 1551 plexu
1638 1465 1828 1535 dicens
1887 1520 1903 1545 ,
1968 1480 2016 1536 si

453 1591 576 1630 eum
606 1573 700 1645 qui
735 1573 1020 1629 videbatur
1049 1582 1101 1628 et
1131 1569 1407 1628 Christum
1433 1578 1485 1625 et
1509 1570 1797 1624 Dominum
1827 1569 2028 1624 factum

450 1683 573 1724 esse
602 1685 633 1721 a
669 1667 777 1723 Deo
819 1666 1128 1722 credimus:
1166 1664 1542 1721 necessarium
1587 1678 1707 1720 esse
1736 1677 1930 1718 rursus
1971 1663 2025 1716 in

2132 570 2262 640 μίαν
2301 571 2518 638 κυκῶν;
2570 571 2916 642 Πεντηκοστὴ
2947 569 3085 637 μετὰ
3111 568 3171 621 τὸ
3206 567 3377 632 πάθος
3411 568 3596 640 ἡμέρα
3619 564 3705 640 ἦν,

2127 662 2218 716 ὅτε
2240 661 2415 716 ταῦτα
2445 665 2558 726 τοῖς
2574 661 2844 725 Ἰουδαίοις
2867 661 3203 732 ἐδημηγόρει
3234 661 3262 713 6
3283 660 3485 728 Πέτρος
3505 659 3676 727 λέγων
3692 701 3708 726 ,

2122 759 2207 813 ὅτι
2241 756 2460 813 Τοῦτον
2471 755 2544 810 ὃν
2556 753 2725 824 ὑμεῖς
2743 751 3163 820 ἐσταυρώσατε
3184 745 3443 816 Χριστὸν
3475 744 3573 797 καὶ
3593 744 3709 797 Κύ-

2119 867 2256 920 ριον
2271 853 2302 904 ό
2323 847 2468 914 Θεὸς
2483 845 2794 913 ἐποίησεν.
2813 843 2971 896 Ἀλλὰ
2986 842 3058 895 ὃν
3074 840 3261 912 ὑμεῖς,
3283 837 3472 910 φησὶν,
3497 836 3713 889 ἐσταυ-

2120 940 2594 1011 ρώσατε,τοῦτον
2608 937 2902 1004 ἐποίησεν
2915 939 2948 990 ό
2967 933 3399 1002 Θεὸς,Χριστόν
3412 947 3476 983 τε
3497 928 3592 982 καὶ
3607 927 3716 980 Κύ-

2122 1051 2285 1104 ριον·
2320 1031 2396 1097 ὼς
2435 1032 2593 1102 δῆλον
2622 1033 2687 1084 ὲκ
2719 1029 2926 1083 τούτων
2959 1024 3122 1091 εἶναι,
3155 1029 3236 1080 ὅτι
3271 1026 3333 1078 οὑ
3369 1023 3428 1078 τὸ
3469 1021 3576 1093 πρὸ
3607 1017 3716 1072 τῶν

2127 1123 2360 1188 αἰώνων,
2389 1123 2526 1178 ἀλλὰ
2547 1122 2607 1176 τὸ
2641 1121 2778 1194 μετὰ
2805 1122 2905 1192 τὴν
2936 1119 3246 1191 οἰκονομίαν
3274 1119 3301 1171 6
3320 1116 3523 1188 Πέτρος
3543 1113 3715 1182 λέγει.

2204 1301 2327 1364 Πῶς
2355 1296 2449 1355 οὖν
2480 1299 2578 1370 οὐχ
2627 1299 2759 1370 ὁρᾷς
2794 1297 2921 1368 ὃλην
2950 1297 3078 1368 περὶ
3123 1294 3183 1350 τὸ
3201 1294 3552 1364 δεικνύμενον
3581 1293 3718 1347 άναο

2136 1393 2506 1465 στρεφομένην
2534 1391 2627 1444 τοῦ
2667 1391 2823 1459 λόγου
2862 1389 2960 1460 τὴν
2989 1389 3217 1452 ἔννοιαν,
3249 1385 3385 1440 ἀλλὰ
3415 1385 3719 1454 γελοιάζεις

2133 1489 2190 1540 ὲν
2220 1489 2285 1557 τῇ
2323 1483 2674 1556 μειρακιώδει
2699 1483 2873 1552 πλοκῇ
2906 1479 3000 1534 τοῦ
3035 1480 3388 1550 σοφίσματος,
3417 1476 3610 1546 λέγων·
3653 1477 3716 1530 Et

2133 1579 2224 1634 τδν
2253 1577 2575 1649 φαινόμενον
2623 1573 2856 1646 Χριστόν
2894 1590 2951 1626 τε
2995 1572 3090 1625 καὶ
3136 1570 3340 1642 Κύριον
3387 1567 3716 1638 πεποιῆσθαι

2137 1671 2288 1744 παρὰ
2311 1670 2403 1724 τοῦ
2437 1667 2571 1722 Θεοῦ
2601 1665 3066 1736 πεπιστεύκαμεν,
3109 1663 3355 1732 ἀνάγκην
3381 1656 3518 1714 εἶναι
3553 1659 3716 1712 πάλιν

453 1761 726 1816 hominem
778 1767 901 1830 post
948 1758 1217 1814 exinaniri
1269 1757 1579 1820 hominum,
1623 1764 1678 1811 et
1730 1755 2026 1812 secundam

2136 1767 2214 1828 είς
2244 1762 2528 1834 ἄνθρωπον
2557 1756 2985 1832 μετακενοῦσθαι
3017 1757 3108 1809 τὸν
3141 1753 3377 1825 Κύριον,
3409 1752 3502 1806 καὶ
3539 1749 3716 1803 δευτέ-

451 1855 637 1910 Subire
678 1850 1282 1924 generationem?Quid
1314 1851 1488 1920 magis
1512 1864 1608 1919 per
1633 1849 1748 1903 haec
1781 1855 2026 1903 vestrum

449 1949 644 2018 dogma
671 1944 1066 2002 conﬁrmatur?
1098 1943 1374 2016 quomodo
1415 1958 1510 2014 per
1538 1942 1682 1998 dicta
1709 1942 1852 2013 regis
1874 1956 2027 1996 crea-

452 2050 587 2096 turae
610 2039 846 2096 essentia
874 2048 1058 2094 creata
1096 2035 1542 2093 demonstratur?
1574 2035 1684 2106 Ego
1728 2051 1858 2091 vero
1897 2050 2030 2090 con-

452 2133 682 2188 trarium
726 2130 872 2194 dico,
919 2139 1108 2185 nostra
1148 2144 1245 2199 per
1274 2143 1337 2184 ea
1369 2142 1488 2197 qua:
1533 2127 1692 2183 nobis
1725 2133 2029 2197 repugnant

452 2221 694 2284 defendi,
744 2227 796 2274 et
827 2235 937 2290 prae
965 2220 1134 2272 nimia
1169 2219 1472 2273 attentione
1501 2217 1779 2288 egregium
1822 2217 2031 2271 locuto-

457 2329 571 2368 rem
604 2327 714 2366 non
745 2311 1044 2366 advertissc
1067 2309 1214 2380 quod
1245 2308 1310 2362 ad
1343 2308 1638 2364 absurdum
1665 2316 1813 2363 certe
1841 2309 2030 2378 dispu-

455 2404 719 2457 tationem
758 2393 1089 2470 propellens,
1123 2399 1324 2470 quibus
1358 2408 1590 2454 conatur
1624 2407 1887 2462 evertere.
1935 2414 2030 2469 per

459 2493 569 2546 time
600 2491 685 2546 his
713 2491 911 2561 quibus
940 2491 1140 2546 bellum
1171 2490 1420 2557 infertur,
1450 2491 1770 2560 opitulatur.
1809 2489 1865 2545 Si
1883 2492 2028 2545 enim

452 2601 517 2638 ex
548 2598 613 2638 eo
638 2583 784 2654 quod
816 2583 1184 2654 supereminet
1210 2583 1274 2636 ad
1310 2583 1362 2637 id
1391 2583 1535 2654 quod
1566 2591 1650 2640 est
1675 2583 1878 2637 humile
1910 2599 2030 2639 cre-

453 2676 691 2731 dendum
719 2682 802 2729 est
840 2675 1034 2728 iactant
1065 2689 1187 2730 esse
1216 2674 1345 2730 Jesu
1382 2675 1834 2744 demigrationem
1863 2693 1874 2726 :
1912 2675 2030 2729 sola

454 2777 633 2823 autem
670 2768 1039 2837 supereminet
1067 2777 1333 2822 creatum
1364 2767 1547 2821 divina
1578 2774 1631 2822 et
1661 2767 1903 2821 increata
1937 2783 2026 2820 na.

455 2870 598 2924 tura,
631 2867 848 2914 creatus
879 2869 1060 2914 autem
1091 2860 1291 2915 homo:
1334 2860 1566 2915 fortasse
1601 2859 1939 2930 perspiciens
1965 2875 2026 2914 ex

453 2953 674 3023 propria
724 2952 932 3007 ratione
981 2951 1048 3006 ad
1091 2951 1370 3006 veritatem
1412 2959 1783 3016 eonvertrtur,
1837 2967 2031 3008 assen-

457 3047 598 3101 tiens
649 3055 870 3115 prepter
910 3044 1345 3100 benevolentiam
1377 3052 1432 3099 et
1473 3044 1864 3114 benignitatem
1904 3058 2028 3114 erga

458 3137 728 3203 homines,
762 3135 906 3207 quod
929 3136 1229 3191 increatum
1261 3144 1342 3190 est
1366 3133 1569 3189 factum
1593 3150 1716 3189 esse
1749 3133 1802 3188 in
1827 3142 2029 3188 creato.

457 3227 612 3296 Quod
644 3229 689 3284 si
737 3235 890 3298 putat
921 3236 1162 3282 creatum
1212 3224 1502 3280 Dominum
1547 3241 1606 3282 se
1656 3226 2036 3281 demonstrare

459 3337 554 3393 per
583 3319 633 3374 id
667 3319 811 3390 quod
851 3319 1263 3385 detnonstrarit,
1311 3334 1434 3372 eum
1471 3319 1564 3388 qui
1605 3329 1722 3373 erat
1751 3317 1894 3373 Deus
1927 3318 2034 3372 hu-

458 3428 632 3467 mana:
668 3422 875 3465 nazura:
909 3411 1231 3482 participem
1264 3407 1466 3462 factum
1499 3423 1652 3464 esse:
1688 3410 1856 3464 multa
1887 3409 2036 3478 ejus-

457 3503 603 3558 modi
630 3503 697 3557 ad
716 3503 961 3558 eamdem
985 3501 1362 3572 probationem
1380 3500 1728 3554 astruendam
1754 3501 2037 3555 invenien-

459 3603 570 3660 tur,
605 3611 669 3650 ex
707 3594 873 3648 simili
914 3592 1278 3661 patrocinium
1303 3593 1542 3647 orationi
1605 3592 1904 3662 implentia.
1940 3593 2036 3647 Et-

457 3691 604 3746 enim
629 3687 885 3757 quoniam
929 3683 1167 3741 Verbum
1200 3693 1316 3740 erat
1351 3694 1406 3741 et
1437 3686 1581 3743 Deus
1606 3695 1754 3743 erat:
1794 3689 2036 3758 posthaec

461 3791 663 3843 autem,
699 3777 842 3833 sicut
865 3777 939 3830 ait
965 3777 1230 3848 propheta
1253 3778 1317 3845 ’⁵,
1355 3777 1421 3832 In
1455 3788 1595 3834 terra
1631 3781 1793 3847 uisus,
1824 3791 1873 3836 et
1917 3799 2034 3835 cum

458 3869 756 3924 hominibus
806 3879 1144 3924 conversatus
1211 3881 1309 3934 est,
1357 3888 1525 3926 unum
1562 3888 1628 3928 ex
1672 3875 1871 3930 creatis
1913 3889 2036 3930 esse

461 3978 558 4034 per
593 3961 705 4016 haec
732 3960 1220 4016 demonstrabitur.
1247 3961 1400 4028 Quod
1433 3965 1478 4018 si
1512 3965 1626 4018 hate
1656 3965 1816 4035 longe
1837 3965 2037 4020 absunt

459 4057 529 4110 ab
558 4055 646 4111 his
667 4070 788 4125 quae
819 4061 1162 4125 quaeruntur,
1201 4070 1379 4128 neque
1411 4057 1610 4110 similia
1647 4057 1806 4126 plane
1840 4073 2037 4128 propo-

459 4147 582 4202 sitis
608 4146 1020 4203 accommodata
1066 4155 1215 4203 sunt.
1247 4147 1395 4202 Idem
1427 4158 1510 4202 est
1551 4149 1696 4203 enim
1733 4149 2034 4205 secundum

459 4253 704 4300 sensum.
730 4255 855 4296 eum
886 4241 979 4311 qui
1013 4248 1131 4296 erat
1171 4242 1225 4296 in
1260 4243 1527 4312 principio
1566 4241 1825 4307 Verbum,
1860 4243 2037 4298 mani-

461 4331 715 4387 festatum
751 4348 876 4388 esse
927 4333 1170 4402 postth
1221 4333 1538 4391 hominibus
1584 4335 1800 4402 dicere;
1838 4345 1893 4390 et
1940 4335 2034 4406 qui

2139 1875 2236 1929 ραν
2268 1853 2598 1909 ὑποδύεσθαι
2647 1851 2935 1921 γέννησιν;
2973 1848 3036 1901 Τί
3090 1847 3289 1918 μᾶλλον
3316 1844 3403 1898 διά
3429 1842 3634 1896 τούτων
3660 1841 3721 1894 τὸ

2135 1949 2259 2004 καθ’
2283 1950 2426 2020 ὑμᾶς
2451 1947 2624 2017 δόγμα
2673 1943 3037 2015 κρατύνεταις
3079 1941 3203 2004 Πῶς
3230 1937 3318 1993 διὰ
3349 1937 3458 1991 τῶν
3493 1935 3720 2008 εἰρημέ-

2135 2062 2240 2096 νων
2270 2045 2304 2114 ή
2331 2041 2424 2095 τοῦ
2452 2038 2716 2112 βασιλέως
2765 2038 2864 2108 τῆς
2915 2035 3146 2096 κτίσεως
3171 2031 3327 2085 οὑσία
3360 2027 3554 2098 κτιστὴ
3583 2027 3720 2081 ἀπο-

2135 2137 2441 2200 δείκνυται;
2484 2131 2624 2203 Ἐγὼ
2667 2131 2764 2203 μὲν
2803 2129 2914 2200 γὰρ
2951 2125 3259 2180 τούναντίον
3305 2123 3468 2193 φημὶ,
3495 2121 3564 2174 τὰ
3591 2119 3722 2190 ἡμέ·

2135 2247 2271 2302 τερα
2309 2228 2396 2282 διὰ
2425 2227 2533 2280 τῶν
2571 2223 2890 2297 μαχομένων
2919 2222 3052 2292 ἡμῖν
3107 2213 3588 2288 συναγορεύεσθαι,
3624 2211 3721 2264 καὶ

2137 2322 2242 2374 ὑπὸ
2268 2322 2368 2389 τῆς
2397 2320 2537 2387 ἄγαν
2565 2315 2836 2388 προσοχῆς
2862 2313 2938 2384 μὴ
2962 2307 3468 2380 συνεωρακέναιτὸν
3488 2308 3715 2389 ῥήτορα,

2136 2415 2217 2467 ὅτι
2247 2412 2381 2484 πρὸς
2404 2411 2465 2463 τὸ
2513 2410 2712 2464 ἄτοπον
2753 2405 2911 2476 δῆθεν
2945 2403 3162 2470 ὲξωθῶν
3197 2401 3290 2455 τδν
3335 2399 3511 2462 λόγον,
3541 2390 3610 2448 διδ
3639 2388 3715 2448 ὧν

2137 2504 2463 2576 ἀνατρέπειν
2491 2500 2774 2568 ἐπιχειρεῖ,
2801 2495 2888 2548 διὰ
2916 2493 3119 2547 τούτων
3149 2493 3261 2554 τοῖς
3290 2485 3718 2557 πολεμουμένοις

2139 2592 2580 2664 συναγωνίζεται.
2640 2592 2701 2643 Ei
2751 2589 2859 2659 γὰρ
2885 2589 2948 2641 ὲκ
2968 2585 3062 2639 τοῦ
3107 2585 3466 2654 ὑπερέχοντος
3496 2581 3630 2651 πρὸς
3658 2579 3721 2632 τὸ

2136 2686 2388 2740 ταπεινὸν
2419 2681 2694 2737 πιστεύειν
2748 2679 2856 2750 χρὴ
2913 2674 3241 2746 γεγενῆσθαι
3269 2673 3362 2726 τοῦ
3401 2669 3576 2743 Ἰησοῦ
3621 2670 3717 2740 τὴν

2110 2756 2118 2768 Ι
2141 2779 2469 2850 μετάστασιν
2489 2794 2502 2808 ο
2542 2775 2677 2845 μόνη
2719 2772 2776 2826 δὲ
2811 2770 3130 2840 ὑπέρκειται
3158 2767 3256 2836 τῆς
3281 2765 3508 2827 κτίσεως
3535 2765 3570 2833 ἡ
3599 2761 3717 2823 θεία

2139 2889 2194 2925 τε
2220 2871 2312 2925 καὶ
2343 2869 2596 2930 ἄκτιστος
2625 2864 2806 2935 φύσις,
2844 2860 3060 2924 κτιστδς
3082 2858 3138 2912 δὲ
3171 2861 3198 2911 6
3224 2857 3507 2927 ἅνθρωπος
3531 2872 3544 2886 ·
3580 2853 3721 2923 τάχα

2137 2963 2428 3033 διαϐλέψας
2476 2960 2562 3013 διὰ
2608 2957 2702 3011 τοῦ
2763 2956 2894 3010 ἰδίου
2936 2953 3098 3021 λόγου
3154 2950 3289 3021 πρὸς
3327 2949 3424 3020 τὴν
3461 2946 3730 3017 ἀλήθεια)-

2142 3054 2518 3127 μετατάξεται,
2575 3047 2898 3118 συνθέμενος
2919 3047 2975 3098 ὲν
3012 3043 3091 3115 τῷ
3121 3040 3322 3112 κτιστῷ
3359 3039 3500 3094 κατὰ
3530 3039 3720 3110 φιλαν-

2139 3147 2384 3220 θρωπίαν
2429 3140 2757 3213 γεγενῆσθαι
2795 3139 2859 3192 τὸ
2903 3137 3177 3190 ἅκτιστον.
3211 3135 3273 3188 Et
3315 3133 3371 3187 δὲ
3399 3133 3570 3185 οἴεται
3603 3148 3724 3184 κτι-

2140 3239 2261 3293 στδν
2315 3233 2690 3291 ἀποδεικνύειν
2733 3229 2825 3283 τὸν
2871 3229 3101 3300 Κύριον,
3138 3224 3223 3279 διὰ
3263 3224 3356 3277 τοῦ
3389 3223 3557 3288 δεῖξαι
3585 3221 3720 3274 Θεὸν

2135 3333 2268 3386 ὄντα
2307 3329 2406 3400 τῆς
2457 3323 2803 3397 ἀνθρωπίνης
2842 3321 3057 3390 φύσεως
3103 3315 3517 3388 μετεσχηκέναι,
3550 3313 3723 3366 πολλά

2136 3421 2359 3476 τοιαῦτα
2389 3418 2524 3489 πρὸς
2551 3416 2647 3488 τὴν
2674 3414 2770 3468 τοῦ
2811 3414 2928 3467 [σου
2954 3407 3299 3480 κατασκευὴν
3337 3405 3719 3476 εὑρεθήσεται,

2137 3516 2202 3568 ὲκ
2250 3511 2343 3565 τοῦ
2392 3510 2579 3581 ὁμοίου
2622 3507 2720 3580 τὴν
2751 3504 3074 3577 συνηγορίαν
3108 3500 3420 3574 πληροῦντα
3448 3497 3526 3569 τῷ
3555 3497 3718 3566 λόγῳ.

2136 3607 2249 3662 Καὶ
2279 3605 2390 3676 γὰρ
2419 3601 2606 3672 ἐπειδὴ
2641 3601 2812 3669 Λόγος
2839 3594 2908 3669 ἦν
2939 3596 3033 3650 καὶ
3065 3595 3193 3658 Θεὸς
3228 3588 3296 3664 ἦν
3324 3610 3337 3623 ·
3383 3592 3520 3663 μετὰ
3549 3590 3728 3643 ταῦτα·

2136 3699 2218 3762 δὲ,
2242 3694 2423 3760 καθώς
2440 3710 2604 3765 φησιν
2623 3693 2651 3744 6
2673 3691 2983 3762 προφήτης,
3015 3687 3139 3740 Ἐπὶ
3167 3685 3276 3751 τῆς
3302 3681 3411 3752 γῆς
3430 3682 3599 3751 ὤφθη
3622 3679 3726 3734 καὶ.

2137 3787 2260 3853 τοῖς
2292 3783 2623 3854 ἀνθρώποις
2651 3778 3138 3847 συνανεστράρη,
3165 3772 3228 3829 ἕν’
3263 3775 3370 3828 τῶν
3407 3775 3720 3842 κτισμάτων

2137 3877 2276 3933 εἶναι
2304 3877 2392 3931 διὰ
2423 3876 2628 3929 τούτων
2662 3871 3132 3942 ἀποδειχθήσεται.
3168 3868 3230 3921 Εἰ
3257 3867 3313 3920 δὲ
3340 3866 3512 3919 ταῦτα
3533 3865 3720 3936 πόρρω

2135 3970 2244 4022 τῶν
2272 3967 2642 4039 ζητουμένων,
2675 3963 2796 4018 οὑδὲ
2843 3962 2909 4016 τὰ
2933 3962 3095 4031 ὅμοια
3121 3960 3340 4022 πάντως
3363 3959 3474 4020 τοῖς
3501 3973 3721 4026 προκει-

2141 4062 2323 4134 μένοις
2380 4058 2668 4131 ᾡκείωται.
2701 4052 2847 4109 Ἶσον
2897 4054 3007 4124 γάρ
3052 4054 3168 4105 ἔστι
3210 4050 3353 4105 κατά
3387 4049 3482 4121 τὴν
3513 4049 3721 4102 ἔννοιαν

2136 4154 2227 4206 τὸν
2261 4155 2318 4206 ὲν
2349 4153 2515 4222 ἀρχῇ.
2545 4149 2676 4202 ὄντα
2705 4147 2876 4214 Λόγον
2923 4144 3060 4215 μετὰ
3094 4141 3268 4196 ταῦτα
3304 4140 3718 4213 πεφανερῶσθαι

2135 4247 2248 4308 τοῖς
2277 4241 2582 4314 ἀνθρώποις
2599 4240 2686 4293 διὰ
2702 4237 2901 4309 σαρκὸς
2931 4236 3132 4304 λέγειν,
3164 4234 3260 4288 καὶ
3293 4235 3351 4287 ἐν
3383 4237 3564 4305 μορφῇ
3585 4231 3712 4286 Θεοῦ

2139 4337 2471 4410 ὑπάρχοντα,
2500 4333 2602 4403 τὴν
2641 4332 2736 4385 τοῦ
2759 4330 2943 4384 δούλου
2979 4328 3192 4399 μορφὴν
3243 4326 3588 4380 ὑποδύεσθαι.
3619 4319 3715 4376 Ὧν

460 4433 577 4478 erat
617 4425 672 4480 in
698 4423 874 4479 forma
909 4425 1000 4480 Dei
1033 4425 1262 4481 formam
1301 4427 1444 4482 servi
1474 4427 1752 4484 habuisse.
1789 4426 2032 4493 Quorum

2141 4433 2190 4484 εἰ
2217 4430 2278 4482 τὸ
2310 4428 2496 4498 ἕτερον
2521 4428 2599 4488 είς
2644 4422 2991 4494 κατασκευὴν
3015 4421 3114 4490 τῆς
3143 4419 3493 4490 βλασφημίας
3535 4420 3722 4488 ἀνόνη-

459 4519 506 4573 si
549 4519 780 4573 alterum
825 4518 894 4572 ad
930 4519 1283 4589 blasphemia:
1325 4520 1796 4590 praestruetionem
1823 4530 1906 4577 est
1956 4521 2040 4575 in-

461 4611 616 4674 utile,
654 4627 883 4667 necesse
909 4621 992 4666 est
1016 4620 1069 4666 et
1088 4611 1360 4682 reliquum
1385 4611 1644 4682 abjieere.
1673 4611 1776 4668 Sed
1805 4613 2042 4668 humane

461 4716 513 4759 et
549 4705 808 4759 benevole
864 4703 1024 4759 nobis
1072 4705 1312 4760 consulit
1361 4703 1428 4757 ab
1472 4719 1659 4759 errore
1708 4703 2039 4769 desciscere,

462 4803 516 4853 et
548 4809 710 4864 quam
747 4795 865 4865 ipse
908 4796 1189 4865 praestruit
1218 4795 1452 4850 subinde
1480 4795 1688 4850 indicat
1717 4796 2039 4852 veritatem:

463 4886 598 4939 Eum
631 4885 722 4954 qui
751 4892 869 4939 erat
900 4887 952 4940 in
983 4887 1276 4958 principio,
1308 4887 1504 4957 inquit,
1535 4886 1773 4943 Verbum
1795 4899 1849 4944 et
1873 4889 2037 4954 Deus,

462 4976 611 5034 hunc
640 4976 841 5032 factum
865 4994 988 5034 esse
1019 4979 1177 5036 docet
1207 4980 1401 5036 Petrus
1425 4981 1728 5051 apostolus.
1756 4981 2036 5052 Siquidem

425 5134 431 5138 _
463 5077 555 5131 ille
587 5073 746 5129 nobis
785 5074 998 5128 somnia
1047 5073 1273 5143 ﬁngeret
1311 5081 1366 5128 et
1394 5089 1517 5144 quae
1562 5075 1618 5128 in
1665 5077 1874 5130 somnis
1904 5090 2040 5129 eon-

463 5167 624 5236 tiugit
650 5149 1045 5220 divinationem
1070 5173 1342 5228 narraret,
1384 5165 1521 5220 nihil
1552 5165 1787 5223 fortasse
1815 5167 2040 5236 periculi

461 5266 608 5313 esset
650 5256 755 5327 ipsi
783 5255 1092 5310 conc-edere
1139 5254 1205 5309 ad
1237 5253 1458 5325 quidvis
1489 5271 1589 5325 pro
1620 5273 1720 5313 suo
1773 5257 2040 5311 arbitratu

462 5349 738 5407 adducere
764 5350 997 5406 visionis
1020 5348 1330 5417 amigrnata.
1359 5347 1464 5404 Sed
1491 5349 1618 5419 quia
1642 5350 1856 5405 divinas
1879 5365 2040 5404 voces

462 5442 594 5496 dicit
645 5443 762 5512 ipse
801 5459 857 5500 se
917 5457 1197 5505 enarrare,
1237 5457 1346 5496 non
1399 5450 1574 5497 tutum
1624 5450 1711 5498 est
1750 5443 1910 5498 nobis
1943 5459 2042 5513 pro

466 5547 565 5587 sua
595 5535 816 5590 licentia
845 5536 895 5591 ei
932 5535 1215 5607 indulgere
1243 5535 1405 5593 verba
1443 5550 1728 5609 perperam
1766 5535 2038 5607 interpre-

539 5709 583 5739 “
612 5706 821 5762 Baruch
850 5725 929 5775 tu,
972 5710 1059 5764 57.

2135 4537 2248 4582 τον,
2296 4514 2686 4571 συναποϐαλείν
2725 4514 2939 4584 ἀνάγκη
2968 4511 3060 4565 καὶ
3087 4510 3148 4563 τὸ
3179 4509 3519 4580 λειπόμενον.
3559 4507 3713 4560 Ἀλλὰ

2139 4607 2496 4683 συμϐουλεύει
2574 4603 2970 4677 φιλανθρώπως
3031 4604 3162 4673 ἡμῖν
3235 4601 3566 4672 μεταθέσθαι
3619 4598 3711 4653 τοῦ

2138 4703 2364 4766 πλάνου,
2425 4698 2519 4754 καὶ
2595 4697 2971 4752 ὑποδείκνυσιν
3032 4697 3098 4765 ἢν
3160 4693 3321 4756 αὐτὸς
3374 4691 3718 4746 κατασκευά-

2139 4799 2222 4862 ζει
2276 4789 2688 4866 άλήθειαν.Τὸν
2731 4793 2787 4844 ἐν
2813 4790 2978 4860 ἀρχῇ,
3015 4788 3200 4858 φησὶν,
3249 4787 3380 4840 ὄντα
3423 4787 3593 4854 Λόγον
3628 4785 3718 4838 καὶ

2142 4890 2294 4952 Θεὸν,
2344 4888 2531 4941 τοῦτον
2566 4882 2892 4954 πεποιῆσθαι
2935 4880 3177 4934 διδάσκει
3213 4881 3241 4933 6
3307 4880 3603 4944 ἀπόστολος
3627 4878 3723 4932 Πέ-

2142 4997 2289 5052 τρος.
2348 4978 2480 5032 Ἀλλ’
2520 4979 2568 5031 εί
2616 4976 2713 5048 μὲν
2754 4973 2995 5045 ὀνείρους
3035 4975 3166 5043 ἡμῖν
3210 4970 3594 5042 ὑποκρίνεται,
3631 4971 3721 5023 καὶ

2143 5072 2242 5142 τὴν
2288 5071 2534 5124 ἐνύπνιον
2581 5066 2946 5138 ἐπηγγέλλετο
3003 5065 3301 5136 μαντικὴν,
3355 5065 3602 5128 κίνδυνος
3654 5061 3720 5136 ἦν

2145 5168 2276 5229 ἴσως
2305 5163 2480 5228 οὐδεὶς
2505 5163 2640 5234 πρὸς
2667 5163 2728 5214 τὸ
2751 5160 2940 5214 δοκοῦν
2971 5161 3274 5230 συγχωρεῖν
3295 5159 3441 5228 αὑτῷ
3469 5176 3720 5229 παραγαο

2145 5263 2262 5329 γεῖν
2292 5259 2360 5314 τὰ
2379 5259 2475 5329 τῆς
2517 5255 2815 5327 φαντασίας
2839 5255 3156 5324 αἰνίγματα.
3193 5254 3342 5306 Ἐπεὶ
3367 5253 3424 5306 δὲ
3451 5252 3551 5315 τὰς
3573 5251 3719 5313 θείας

2143 5352 2328 5422 φωνάς
2374 5348 2683 5421 ἐξηγεῖσθαί
2714 5363 2906 5418 φησιν,
2942 5345 3117 5400 οὐκέτ’
3157 5345 3396 5413 ἀσφαλὲς
3433 5345 3567 5414 ἡμῖν
3600 5343 3717 5396 κατ’

2142 5444 2387 5509 ὲξουσὲαν
2439 5441 2585 5512 αύτῷ
2629 5440 2827 5494 διδόναι
2874 5436 3310 5510 παρερμηνεύειν
3365 5435 3434 5489 τὰ
3474 5436 3711 5507 ῥήματα.

2143 5535 2208 5589 Τί
2233 5550 2394 5606 φησιν
2421 5532 2694 5605 ήΓραερὴς
2720 5531 2842 5584 ’Ὁτι
2870 5530 3089 5599 Κύριον
3117 5527 3213 5582 καί
3239 5524 3497 5596 Χριστόν
3516 5526 3716 5591 ἐποίη-
