4034 6156
390 232 501 287 7'53

1501 226 1781 283 CONTRA
1824 226 2217 296 ΕυΝοιιιυω,
2260 227 2386 287 LIB.
2431 228 2521 283 Vi.

3530 237 3631 292 733

391 361 507 399 σεν
535 344 568 397 d
599 341 741 407 Θεὸς
780 339 989 394 τοῦτον
1016 340 1120 394 τὸν
1163 340 1404 406 Ἰησοῦν
1441 340 1512 394 ὃν
1542 342 1708 409 ὑμεῖς
1740 342 1941 395 ἐσταυ·

2067 342 2189 398 lari,
2216 341 2353 408 Quid
2386 343 2461 397 ait
2492 339 2817 410 Scriptura?
2846 341 3123 397 Dominum
3152 354 3201 399 et
3223 345 3487 402 Christum
3514 352 3631 415 {erit

383 434 637 505 ρώσατε.
665 431 874 486 Οὐκοῦν
914 433 1129 485 πάντων
1161 432 1280 485 κατ’
1323 432 1483 486 αὐτὸν
1514 433 1956 503 συνδραμόντων,

386 529 487 596 τῆς
517 524 788 593 δεικτικῆς
816 523 998 592 φωνῆς
1030 522 1121 575 τοῦ
1157 522 1507 594 ἀνθρωπίνως
1536 522 1921 593 ὠνομασμένον
1940 566 1954 590 ,

385 618 487 685 τῆς
517 616 623 668 τῶν
660 615 1128 685 μιαιφονησάντων
1170 615 1504 684 κατηγορίας
1525 654 1539 677 ,
1566 613 1659 666 τοῦ
1701 614 1842 667 κατά
1870 616 1960 668 τὸν

388 706 620 777 σταυρὸν
659 705 880 770 πάθους,
922 705 979 771 ἐξ
1014 706 1255 775 ἀνάγκης
1286 707 1318 774 ἡ
1347 705 1552 757 διάνοια
1578 705 1714 775 πρὸς
1744 706 1804 758 τὸ
1831 724 1959 775 φαι-

385 801 605 870 νόμενον
630 798 833 869 βλέπει.
871 800 928 852 Ὀ
950 798 1007 851 δέ
1038 816 1168 868 φησι
1190 798 1359 850 ταῦτα
1386 798 1483 867 μὲν
1514 797 1691 865 λέγειν
1718 798 1921 869 Πέτρον
1942 814 1954 827 ο

383 889 750 943 ἐνδείκνυσθαι
765 889 821 941 δὲ
850 889 937 942 διὰ
963 889 1063 959 τῆς
1084 890 1371 957 ἐποίησεν
1387 888 1583 955 λέξεως
1608 890 1705 962 τὴν
1720 890 1957 961 προαιὼ-

383 999 492 1035 νιον
539 982 745 1035 οὐσίαν.
791 980 948 1035 Ἀλλά
986 982 1192 1045 τίτθαις
1242 980 1339 1051 μὲν
1373 981 1405 1051 ἢ
1436 981 1706 1051 γραῖδίοις
1740 983 1955 1035 ἀκίνδυο

382 1089 472 1126 νον
504 1075 804 1142 συγχωρεῖν
842 1072 1059 1137 παίζειν
1098 1074 1234 1144 πρὸς
1263 1074 1331 1129 τά
1373 1076 1632 1147 μειράκια
1654 1118 1668 1141 ,
1701 1078 1794 1129 καὶ
1823 1077 1957 1148 πρὸς

381 1166 451 1219 τὰ
477 1164 733 1218 δοκοῦντα
763 1165 1017 1235 μετάγειν
1063 1165 1163 1228 τὰς
1191 1166 1299 1217 τῶν
1344 1168 1609 1220 ἐνυπνίων
1655 1169 1951 1238 ἐμφάσεις·

381 1257 477 1325 τῆς
537 1254 593 1307 δὲ
640 1253 997 1308 θεοπνεύστου
1050 1255 1230 1326 φωνῆς
1287 1257 1655 1327 προκειμένης
1702 1259 1830 1328 ἡμῖν
1876 1261 1956 1323 εἰς

381 1348 674 1417 ἐξήγησιν,
708 1344 905 1399 κωλύει
944 1348 968 1399 6
1002 1345 1173 1415 μέγας
1209 1346 1527 1411 Ἀπόστολος
1554 1347 1652 1409 τάς
1690 1347 1953 1419 γραώδεις

380 1435 708 1503 κενοφωνίας
751 1434 1085 1506 προσίεσθαι.
1133 1436 1370 1507 Σταυρὸν
1416 1435 1523 1507 γὰρ
1567 1436 1823 1502 ἀκούσας,
1863 1436 1953 1490 τὸν

380 1526 609 1598 σταυρὸν
637 1525 763 1593 νοῶ,
810 1526 905 1579 καὶ
938 1525 1275 1597 ἀνθρώπινον
1306 1526 1477 1598 ὄνομα
1511 1527 1807 1597 διδαχθεὶς,
1841 1528 1953 1599 ὁρῶ

376 1618 474 1689 τὴν
502 1618 831 1689 δηλουμένην
860 1616 963 1670 ὑπὸ
985 1617 1077 1670 τοῦ
1110 1618 1370 1689 ὀνόματος
1405 1618 1584 1686 φύσιν.
1621 1619 1819 1671 Τοῦτον
1856 1616 1947 1673 οὖν

379 1708 564 1779 μαθὼν
610 1708 937 1780 πεποιῆσθαι
990 1708 1139 1778 παρὰ
1194 1707 1288 1761 τοῦ
1345 1709 1551 1780 Πέτρου
1598 1709 1801 1780 Κύριον
1855 1712 1947 1764 καὶ

376 1798 649 1869 Χριστὸν,
686 1798 776 1851 τὸν
810 1799 867 1851 ἐν
911 1797 1203 1867 ὀφθαλμοῖς
1241 1797 1395 1867 ἡμῶν
1439 1799 1827 1869 γεγενημένον,
1863 1800 1949 1852 λέ-

375 1905 492 1957 γειν
520 1890 619 1943 οὐκ
656 1889 997 1959 ἀμφιϐάλλω.
1046 1889 1262 1960 Ἐπειδὴ
1295 1890 1387 1943 καὶ
1421 1890 1769 1959 συμφωνοῦσι
1811 1891 1947 1962 πρὸς

376 1981 635 2050 ἀλλήλους
668 1982 718 2033 οἱ
769 1980 946 2049 ἅγιοι,
1008 1983 1120 2043 τοῖς
1165 1998 1225 2033 τε
1275 1980 1454 2044 ἄλλοις
1489 1982 1642 2044 πᾶσι,
1678 1982 1770 2034 καὶ
1818 1981 1946 2052 περὶ

372 2070 529 2129 τοῦτο
572 2071 633 2123 τὸ
667 2071 847 2142 μέρος.
890 2070 978 2133 Ὠς
1023 2069 1130 2141 γὰρ
1181 2069 1341 2133 αὐτὸς
1392 2070 1481 2123 τὸν
1534 2070 1944 2141 ἐσταυρωμένον

375 2162 577 2233 Κύριον
624 2162 952 2233 πεποιῆσθαι
997 2162 1177 2232 λέγει,
1219 2162 1359 2215 οὕτω
1398 2163 1491 2215 καὶ
1536 2161 1748 2225 Παῦλός
1782 2179 1943 2233 φησιν

375 2255 531 2309 αὑτὸν
563 2252 948 2325 ύπερυψῶσθαι
996 2254 1133 2324 μετά
1160 2254 1220 2306 τὸ
1255 2254 1423 2317 πάθος
1459 2255 1552 2309 καὶ
1578 2254 1675 2325 τὴν
1710 2255 1943 2309 ἀνάστα-

374 2362 475 2405 σιν,
506 2345 565 2397 οὐ
604 2345 736 2397 καθὸ
788 2344 920 2407 Θεὸς
963 2344 1079 2396 ἐστι
1131 2344 1248 2397 κατ’
1274 2346 1445 2397 έκεῖνο
1491 2344 1811 2415 ὑψούμενον·
1855 2347 1943 2416 (τί

372 2438 479 2508 γὰρ
508 2437 823 2509 ὑπέρκειται
846 2437 938 2490 τοῦ
962 2437 1105 2490 θείου
1134 2436 1300 2506 ὕψους
1330 2436 1615 2508 ἀνώτερον,
1638 2438 1777 2491 ὥστε
1807 2440 1942 2510 πρὸς

372 2531 545 2583 ἐκεῖνο
576 2529 752 2597 λέγειν
781 2528 870 2582 τὸν
908 2528 1039 2581 Θεὸν
1070 2526 1367 2597 ὑψοῦσθαις
1403 2528 1576 2595 )ἀλλὰ
1600 2528 1659 2581 τὸ
1690 2531 1942 2583 ταπεινὸν

371 2622 468 2690 τῆς
504 2619 848 2691 ἀνθρωπίνης
882 2619 1095 2688 φύσεως
1121 2620 1381 2689 ὑψοῦσθαι
1420 2619 1584 2689 λέγει,
1616 2620 1939 2686 δεικνύντος,

369 2708 543 2783 οἶμαι,
576 2710 670 2764 τοῦ
718 2711 876 2778 λόγου
920 2712 1017 2781 τὴν
1061 2712 1155 2765 τοῦ
1206 2712 1603 2781 ἀναληφθέντος
1654 2714 1940 2784 ἀνθρώπου

369 2802 507 2872 πρὸς
543 2802 604 2854 τὸ
649 2800 781 2869 θψος
818 2800 917 2868 τῆς
956 2799 1103 2862 θείας
1146 2798 1359 2867 φύσεως
1405 2800 1721 2868 ὲξομοίωσίν
1746 2819 1804 2854 τε
1850 2802 1943 2854 καὶ

370 2890 583 2945 ἕνωσιν.
615 2889 783 2942 Τοῦτο
811 2889 987 2943 τοίνυν
1018 2890 1298 2960 σημαίνειν
1326 2890 1417 2942 καὶ
1448 2890 1616 2960 μέγαν
1648 2890 1939 2943 πεπιστεύ-

370 2996 547 3049 καμεν
584 2978 818 3049 Πέτρον,
856 2979 912 3032 ὲν
954 2977 1031 3049 τῷ
1078 2978 1256 3048 λέγειν
1301 2979 1392 3033 τὸν
1448 2978 1651 3049 Κύριον
1700 2980 1792 3031 ἐπὶ
1847 2979 1940 3033 τοῦ

370 3071 604 3143 σταυροῦ
648 3070 1007 3143 γεγενῆσθαι,
1051 3071 1137 3125 διὰ
1167 3072 1265 3140 τῆς
1296 3070 1435 3124 κατά
1478 3071 1655 3124 πάντα
1703 3070 1837 3141 πρὸς
1879 3071 1941 3123 τὸ

360 3158 516 3212 Θεῖον
540 3162 803 3230 ένώσεως,
837 3164 1011 3217 ἐκεῖνο
1042 3164 1332 3234 γενόμενον
1365 3163 1392 3215 ὃ
1413 3162 1470 3216 τὸ
1494 3162 1648 3215 Θεῖόν
1678 3163 1844 3217 ἐστιν.
1878 3164 1940 3216 Εί

366 3252 422 3306 δέ
450 3270 533 3316 τις
570 3254 663 3307 καὶ
702 3254 1045 3325 συγχωρήσει
1087 3256 1145 3307 ὲν
1189 3252 1334 3323 αὐτῷ
1369 3250 1790 3323 παρεξηγεῖσθαι
1840 3252 1939 3323 τὴν

368 3343 517 3397 θείαν
551 3344 732 3414 φωνὴν
753 3384 767 3408 ,
814 3344 932 3397 οὐδὲ
964 3343 1136 3407 οὕτως
1180 3343 1313 3413 πρὸς
1353 3344 1440 3397 τὸν
1474 3344 1673 3397 σκοπὸν
1725 3346 1819 3415 τῆς
1851 3346 1937 3398 ati-

372 3436 568 3507 ρέσεως
603 3436 630 3488 6
656 3434 810 3504 λόγος
835 3434 1366 3505 συμπερανθήσεται.
1402 3435 1641 3489 Δεδὸσθω
1670 3435 1777 3507 γὰρ
1811 3436 1937 3508 περὶ

366 3526 460 3580 τοῦ
494 3528 550 3579 ὲν
587 3527 728 3599 ἀρχῇ
767 3526 917 3590 ὄντος
959 3526 1134 3593 λέγειν
1174 3526 1263 3578 τὸν
1319 3525 1554 3597 Πέτρον,
1605 3527 1685 3580 ὅτι
1722 3526 1938 3595 Κύριον

366 3620 552 3674 αὑτὸν
590 3619 689 3672 καὶ
728 3618 984 3687 Χριστὸν
1027 3617 1274 3684 ἐποίησε
1310 3618 1522 3671 τοῦτον
1557 3616 1662 3671 τὸν
1693 3618 1937 3685 Ἰησοῦν

370 3713 441 3765 ὅν
458 3711 627 3781 ὑμεῖς
645 3709 1083 3778 ἐσταυρώσατε.
1138 3708 1473 3779 Εὑρίσκομεν
1524 3708 1630 3780 γὰρ
1680 3706 1803 3762 οὕτε
1849 3709 1936 3762 διὰ

365 3804 552 3857 τούτου
579 3803 675 3874 τὴν
708 3801 1051 3873 βλασφημίαν
1079 3797 1228 3868 ἰσχύν
1249 3815 1367 3851 τινα
1391 3797 1533 3850 κατὰ
1553 3799 1650 3868 τῆς
1680 3797 1935 3868 ἀληθείας

366 3894 743 3966 λαμὸἀνουσαν
767 3909 779 3920 '
823 3894 1063 3960 Κύριον,
1109 3890 1292 3959 φησιν,
1325 3888 1510 3944 αὑτὸν
1542 3890 1639 3942 καὶ
1681 3890 1936 3957 Χριστὸν

365 3988 650 4057 ἐποίησεν
695 3988 727 4039 ό
776 3985 935 4050 Θεός.
989 3984 1083 4046 Εἰς
1126 3982 1180 4036 τί
1238 3982 1416 4035 τοίνυν
1466 3980 1574 4034 τῶν
1635 3981 1934 4053 εἰρημένων

365 4078 729 4147 ὲπιναιρέρειν
779 4077 884 4147 χρὴ
924 4076 983 4129 τὸ
1006 4074 1293 4140 ἐποίησεν
1310 4089 1329 4137 ;
1357 4073 1460 4124 τίνι
1480 4072 1585 4126 τῶν
1609 4073 1668 4126 ἐν
1697 4074 1763 4144 τῇ
1795 4069 1933 4141 φρά-

370 4189 450 4225 σει
491 4170 753 4242 κειμένων
794 4168 891 4239 τὴν
936 4168 1117 4237 φωνὴν
1165 4164 1578 4236 ὲιραρμόσομεν;
1634 4163 1773 4232 Τρία
1828 4164 1933 4236 γάρ

366 4265 513 4317 ἐστιν
529 4262 595 4315 τά
616 4260 962 4332 προκείμενα·
982 4254 1175 4321 οὗτος,
1196 4257 1289 4310 καὶ
1316 4256 1528 4324 Κύριος
1551 4254 1641 4308 καὶ
1658 4256 1929 4323 Χριστός

1973 3020 2017 3081 C

2065 430 2202 485 Deus
2249 431 2384 485 hunc
2415 430 2599 485 Iesum
2646 447 2797 502 quem
2846 449 2933 485 vos
2972 431 3335 503 cruciﬁxistis.
3367 435 3632 497 Omnibus

2062 523 2227 591 igitur
2277 524 2329 576 in
2377 524 2629 577 eumdem
2661 526 3117 581 concurrentibus
3150 538 3201 581 et
3244 544 3374 584 voce
3411 532 3633 588 demon-

2062 621 2269 669 Strante
2302 630 2424 669 eum
2456 615 2547 684 qui
2584 614 2821 670 humane
2849 618 3161 672 nominatus
3185 626 3289 683 est,
3322 628 3375 673 et
3407 637 3632 678 accusa-

2062 707 2209 760 tione
2246 722 2432 761 eorum
2468 708 2562 775 qui
2601 707 2747 762 cmde
2797 723 2854 763 se
2900 710 3225 777 polluerant,
3276 720 3329 766 et
3377 717 3633 782 passione

2061 798 2361 852 secundum
2389 813 2643 853 crucem:
2687 800 2999 854 necessario
3034 801 3100 854 ad
3148 801 3201 855 id
3227 804 3371 872 quod
3410 818 3632 875 apparet

2060 887 2412 958 intelligentia
2473 889 2760 943 verborum
2819 889 3098 945 referenda
3150 902 3253 947 est.
3302 893 3400 949 Hie
3448 905 3628 952 autem

2057 976 2358 1033 Eunomius
2406 979 2481 1031 ait
2525 977 2743 1033 Petrum
2797 980 2910 1035 haec
2951 983 3168 1051 quidem
3209 986 3407 1050 dicere,
3445 997 3497 1041 et
3534 1005 3631 1058 per

2057 1070 2279 1123 verbum
2326 1069 2448 1138 fecit
2493 1085 2614 1138 quae
2654 1079 2737 1124 est
2787 1078 2912 1126 ante
2956 1076 3155 1127 saecula
3203 1079 3495 1134 essentiam
3530 1082 3625 1136 de-

2056 1171 2382 1217 monstrare.
2431 1158 2537 1215 Sed
2585 1161 2895 1218 nutricibus
2940 1172 2993 1217 et
3044 1165 3275 1222 aniculis
3330 1172 3628 1227 concedere

2056 1265 2178 1304 cum
2210 1250 2493 1305 inl‘antulis
2521 1259 2573 1304 et
2603 1253 2842 1319 parvulis
2884 1253 3070 1309 ludere
3103 1256 3237 1310 nihil
3288 1259 3445 1313 aﬂ‘ert
3485 1263 3626 1331 peri-

2056 1340 2184 1404 culi,
2217 1350 2269 1396 et
2294 1342 2358 1395 ad
2383 1342 2637 1412 qualibet
2668 1359 2799 1398 suas
2827 1345 2879 1398 in
2911 1347 3140 1401 somniis
3168 1348 3406 1404 visiones
3440 1353 3627 1407 tradu-

2055 1445 2210 1485 cere:
2242 1432 2338 1488 sed
2371 1450 2492 1489 cum
2523 1449 2554 1488 a
2578 1432 2687 1490 Deo
2718 1436 2981 1505 inspirata
3008 1454 3108 1491 vox
3136 1439 3201 1493 ad
3230 1443 3623 1511 expositionem

2056 1525 2402 1593 preponitur,
2442 1533 2585 1580 vetat
2628 1542 2858 1596 magnus
2894 1527 3188 1597 Apostolus
3218 1533 3388 1588 aniles
3419 1543 3471 1589 et
3504 1537 3623 1589 ina-

2054 1629 2151 1668 nes
2195 1629 2360 1669 voces
2403 1613 2678 1669 affectare.
2728 1618 2968 1672 Crucem
3009 1620 3152 1674 enim
3200 1626 3446 1688 audiens,
3497 1642 3623 1680 cru-

2055 1721 2173 1760 cem
2209 1706 2472 1776 intelligo,
2526 1717 2579 1762 et
2623 1709 2919 1764 humanum
2975 1728 3171 1767 nomen
3220 1713 3433 1781 doctus,
3467 1718 3622 1773 video

2053 1797 2380 1851 declaralam
2410 1813 2504 1866 per
2526 1799 2575 1851 id
2606 1816 2800 1856 nomen
2834 1810 3108 1858 naturam.
3137 1802 3288 1859 Hune
3313 1807 3475 1875 igitur
3498 1824 3621 1862 cuin

2053 1887 2218 1942 didici
2244 1904 2308 1942 ex
2342 1889 2500 1943 Petro
2525 1888 2727 1943 factum
2757 1907 2878 1946 esse
2910 1892 3196 1948 Dominum
3232 1903 3285 1950 et
3315 1897 3620 1964 Christum,

2052 1992 2173 2031 eum
2201 1979 2291 2048 qui
2328 1979 2379 2032 in
2415 1983 2615 2035 nostris
2637 1983 2808 2039 oculis
2839 1983 3013 2039 iactus
3036 1994 3120 2041 est
3143 1986 3325 2042 dicere
3356 2006 3461 2043 non
3505 2006 3621 2043 am-

2050 2068 2199 2135 bigo,
2233 2071 2533 2137 prmsertiiu
2570 2087 2692 2125 cum
2726 2073 2901 2127 sancti
2931 2074 3035 2129 sibi
3064 2079 3366 2134 concordes
3397 2080 3504 2133 sint
3537 2082 3621 2135 in-

2050 2159 2224 2213 vicem
2258 2159 2313 2213 in
2344 2160 2468 2216 aliis
2494 2162 2766 2227 omnibus,
2809 2171 2920 2216 tum
2958 2165 3009 2217 in
3045 2166 3145 2219 hac
3174 2175 3345 2235 parte.
3377 2168 3445 2223 Ut
3474 2173 3620 2225 enim

2050 2250 2168 2318 ipse
2197 2251 2518 2307 cruciﬁxum
2550 2251 2751 2305 factum
2784 2269 2903 2308 esse
2933 2254 3066 2309 dicit
3100 2256 3381 2312 Dominum
3411 2279 3424 2316 :
3456 2262 3536 2315 sic
3567 2273 3621 2317 et

2049 2338 2254 2397 Paulus
2294 2342 2369 2395 ait
2402 2342 2578 2412 ipsum
2615 2346 3075 2416 supercxaltalum
3111 2364 3231 2404 esse
3259 2359 3379 2420 post
3406 2353 3615 2423 passio-

2049 2450 2171 2487 nein
2206 2442 2260 2489 et
2294 2435 2777 2501 resurrectionem,
2824 2452 2929 2490 non
2962 2453 3068 2507 qua
3106 2437 3247 2493 Deus
3276 2452 3379 2505 est,
3421 2458 3619 2497 secun-

2048 2523 2177 2577 dum
2212 2526 2356 2580 illam
2388 2526 2651 2580 rationem
2677 2529 3011 2585 exaltatum:
3044 2531 3171 2599 quid
3200 2533 3345 2585 enim
3372 2533 3462 2587 Dei
3494 2538 3616 2589 alti-

2050 2617 2236 2671 tudine
2267 2618 2429 2673 altius
2456 2620 2847 2688 supereminet,
2883 2628 2942 2674 ut
2972 2621 3041 2675 ad
3072 2623 3203 2677 illud
3226 2624 3395 2679 Deum
3427 2628 3613 2681 extolli

2047 2706 2225 2761 dicat?
2261 2708 2355 2762 Sed
2402 2709 2545 2778 quod
2593 2709 2841 2764 humana:
2888 2722 3095 2767 naturae
3148 2714 3348 2770 humile
3393 2725 3475 2771 est
3518 2733 3615 2771 ex-

2048 2796 2202 2849 altari
2223 2796 2373 2861 dicit,
2388 2797 2817 2866 demonstrante,
2839 2808 2895 2854 ut
2914 2810 3064 2871 puto,
3085 2818 3333 2860 sermone
3351 2809 3613 2876 assumpti

2049 2886 2287 2942 hominis
2325 2888 2391 2942 ad
2440 2889 2639 2945 divinat
2670 2901 2876 2947 natura:
2914 2895 3313 2963 celsitudinem,
3362 2899 3616 2951 similitu-

2049 2977 2338 3048 diuemque
2369 2988 2423 3033 et
2450 2982 2729 3038 unionem.
2762 2982 2875 3039 Hoc
2905 2986 3070 3056 igitur
3116 3002 3367 3057 magnuzu
3396 2990 3613 3045 Petrum

2048 3068 2357 3137 signiﬁcare
2383 3072 2677 3136 credimus,
2717 3074 2844 3127 dum
2886 3077 3016 3131 dicit
3050 3077 3332 3133 Dominum
3364 3080 3416 3134 in
3452 3098 3615 3136 cruce

2052 3156 2251 3211 factum
2298 3174 2439 3224 esse,
2491 3171 2714 3230 propter
2766 3165 2820 3216 in
2857 3167 3111 3223 omnibus
3162 3185 3282 3225 cum
3332 3172 3616 3229 divinitate

2046 3249 2346 3304 unitionem
2376 3250 2506 3307 illud
2545 3252 2744 3307 factum
2778 3258 2918 3325 quod
2945 3256 3086 3313 Deus
3115 3268 3216 3313 cst.
3245 3261 3395 3327 Quod
3421 3266 3463 3318 si
3488 3266 3614 3333 quis

2044 3341 2205 3393 etiam
2236 3343 2497 3397 concedet
2543 3344 2595 3397 in
2650 3346 2769 3415 ipso
2804 3357 2947 3402 recte
2996 3349 3337 3419 interpretari
3374 3353 3610 3409 divinam

2044 3447 2252 3497 vocem,
2289 3450 2470 3504 neque
2499 3437 2577 3491 sic
2601 3436 2667 3490 ad
2701 3453 2922 3509 scopum
2956 3440 3228 3497 haereseos
3259 3447 3613 3501 concludetur

2043 3524 2239 3578 oratio.
2277 3523 2443 3580 Detur
2470 3529 2612 3582 enim
2648 3527 2867 3585 Petrum
2906 3532 3051 3601 loqui
3098 3532 3164 3588 de
3191 3550 3255 3588 eo
3285 3537 3374 3604 qui
3405 3546 3519 3590 erat
3556 3538 3610 3593 in

2042 3614 2328 3683 principio,
2373 3618 2517 3686 quod
2555 3618 2833 3674 Dominum
2869 3623 3037 3690 ipsum
3082 3635 3129 3677 et
3177 3625 3443 3679 Christum
3487 3630 3609 3694 fecit

2042 3708 2176 3761 hunc
2191 3706 2371 3763 Iesum
2391 3728 2537 3781 quem
2559 3729 2644 3765 vos
2662 3714 3025 3782 cruci/ixistis.
3052 3716 3427 3786 Comperimus
3463 3721 3609 3774 enim

2042 3813 2219 3868 neque
2266 3816 2361 3871 per
2411 3802 2513 3857 hoc
2558 3804 2948 3873 blasphemiam
2992 3807 3097 3861 vim
3135 3809 3367 3879 aliquam
3420 3820 3611 3865 contra

2041 3893 2320 3947 veritatem
2362 3908 2675 3951 assumere:
2713 3895 3015 3960 Dominum,
3049 3899 3141 3963 ait,
3174 3900 3344 3969 ipsum
3373 3912 3421 3956 et
3456 3901 3610 3957 Chri-

2041 3993 2179 4038 stum
2215 3984 2338 4053 fecit
2370 3985 2530 4040 Deus.
2584 3986 2663 4040 Ad
2711 3988 2841 4058 quid
2891 3988 3054 4059 igitur
3101 3990 3290 4044 horum
3336 3992 3606 4047 dictorum

2040 4076 2261 4131 verbum
2287 4078 2406 4146 fecit
2436 4078 2777 4134 referendum
2810 4082 2928 4135 est?
2958 4080 3046 4135 cui
3077 4096 3264 4134 eorum
3293 4097 3411 4149 qum
3434 4084 3483 4134 in
3506 4083 3608 4137 liae

2043 4165 2317 4221 locutione
2352 4169 2527 4237 posita
2558 4177 2685 4223 sunt
2713 4184 2899 4224 vocem
2931 4170 3277 4239 aptabimus?
3312 4170 3439 4237 Tria
3460 4171 3606 4223 enim

2040 4264 2169 4310 sunt
2196 4275 2209 4310 :
2234 4256 2341 4320 hic,
2370 4265 2423 4312 et
2446 4258 2702 4318 Dominus
2729 4267 2782 4311 et
2808 4256 3047 4311 Christus
3086 4277 3097 4311 :
3122 4274 3244 4312 cum
3274 4273 3382 4329 quo
3410 4259 3609 4315 horum

365 4355 470 4409 τίνι
542 4354 745 4407 τούτων
818 4353 919 4422 τὴν
981 4350 1269 4415 ἐποίησεν
1331 4346 1653 4410 συσκευάζει
1714 4346 1933 4416 φωνήν;

2046 4346 2261 4401 verbum
2297 4346 2417 4414 fecit
2454 4348 2766 4400 construit?
2803 4345 2908 4401 Sed
2949 4348 3131 4403 nullus
3175 4355 3259 4403 est
3287 4359 3392 4403 tam
3427 4349 3605 4406 audax

378 4445 515 4499 Ἀλλ’
545 4444 719 4507 οὐδεὶς
761 4442 931 4505 οὔτως
972 4440 1113 4494 κατά
1145 4440 1242 4509 τῆς
1286 4438 1538 4507 ἀληθείας
1580 4436 1814 4508 θρασὺς,
1862 4436 1937 4501 ὡς

365 4542 538 4594 εἰπεῖν
570 4540 651 4592 ὅτι
688 4537 762 4607 μὴ
803 4535 937 4605 πρὸς
972 4533 1062 4585 τὸν
1114 4530 1341 4601 Χριστόν
1389 4546 1446 4582 τε
1498 4529 1590 4581 καὶ
1619 4527 1822 4599 Κύριον
1872 4528 1936 4580 τὸ

365 4632 654 4700 ἐποίησεν
691 4627 893 4698 βλέπει.
912 4626 1076 4679 Ὄντα
1104 4622 1212 4692 γὰρ
1245 4620 1404 4673 αὑτὸν
1426 4621 1453 4672 ὃ
1473 4619 1525 4673 τί
1558 4635 1685 4671 ποτε
1700 4614 1786 4689 ἦν,
1803 4620 1936 4689 Χρι-

368 4724 489 4776 στὸν
542 4723 636 4775 καὶ
693 4719 895 4791 Κύριον
938 4715 1264 4785 γεγενῆσθαι
1314 4709 1464 4780 παρά
1512 4706 1607 4762 τοῦ
1653 4709 1863 4779 Πατρὸς
1905 4709 1933 4760 6

363 4815 567 4885 Πέτρος
589 4812 768 4884 φησίν.
799 4810 913 4864 Οὐκ
946 4807 1075 4878 ἐμὸς
1103 4810 1130 4860 6
1175 4801 1350 4875 λόγος,
1386 4802 1497 4856 ἀλλ’
1523 4800 1686 4854 αὐτοῦ
1711 4800 1802 4853 τοῦ
1825 4817 1929 4871 μα-

363 4906 588 4976 χομένου
619 4904 695 4974 τῷ
716 4902 877 4971 λόγῳ.

432 4996 569 5064 Φησὶ
595 4994 702 5064 γὰρ
727 4995 784 5045 ὲν
810 4991 990 5052 αὐτοῖς
1022 4988 1132 5049 τοῖς
1158 4981 1530 5053 προκειμένοις
1561 4978 1767 5042 τούτοις
1798 4979 1927 5049 ἡμῖν

363 5090 439 5150 εἰς
465 5088 726 5151 ἐξέτασιν,
750 5082 947 5137 οὑτωσὶ
966 5082 1073 5143 τοῖς
1107 5078 1310 5150 ῥήμασι
1336 5074 1527 5142 λέγων·
1561 5072 1697 5139 Περὶ
1726 5071 1831 5124 τοῦ
1860 5072 1931 5124 ἐν

361 5177 517 5246 ἀρχῇ
559 5176 732 5241 ὄντος
771 5172 870 5227 καί
922 5170 1068 5225 Θεοῦ
1112 5168 1319 5233 ὄντος,
1354 5167 1385 5218 ὁ
1413 5161 1702 5233 μακάριος
1730 5159 1928 5213 διαλέ-

362 5286 522 5333 γεται
564 5267 805 5334 Πέτρος,
836 5263 935 5317 καὶ
987 5261 1201 5315 τοῦτον
1248 5253 1590 5311 ἐκδιδάσκει
1626 5251 1927 5320 γεγονέναι

364 5360 586 5428 Κύριον
614 5357 710 5410 καὶ
742 5354 1018 5422 Χριστόν.
1052 5349 1261 5405 Οὐκοῦν
1289 5347 1378 5400 τὸν
1397 5346 1523 5399 ὄντα
1550 5342 1646 5396 δτι
1678 5360 1806 5397 ποτε
1836 5344 1930 5397 καὶ

361 5448 449 5523 ἦν,
479 5448 708 5521 Χριστὸν
737 5445 1013 5516 γεγονέναι
1041 5445 1133 5496 καὶ
1169 5440 1371 5511 Κύριον
1399 5439 1427 5491 6
1464 5435 1724 5505 Εύνόμιος
1756 5434 1924 5504 λέγει,

362 5542 449 5597 οἷα
474 5544 538 5612 δὴ
562 5540 655 5593 καὶ
682 5538 808 5608 περὶ
838 5533 932 5588 τοῦ
960 5534 1120 5587 Δαὸιδ
1139 5530 1345 5601 ἱστορία
1372 5528 1537 5598 φησιν
1554 5568 1567 5589 ,
1596 5527 1677 5580 ὅτι
1709 5526 1832 5589 Υἱὸς
1857 5526 1932 5580 ὢν

364 5634 684 5700 τοῦἰεσσαι,
713 5627 932 5685 καὶτῶν
963 5625 1224 5697 ποιμνίων
1255 5620 1576 5685 ἐπιστατῶν,
1604 5619 1679 5685 είς
1711 5617 1932 5688 βασιλέα

2035 4441 2088 4487 et
2119 4433 2442 4487 temerarius
2476 4433 2723 4488 veritatis
2757 4444 3118 4504 oppugnator,
3151 4437 3281 4506 quin
3313 4437 3457 4491 dicat
3480 4455 3605 4491 vera

2033 4523 2161 4576 bum
2184 4524 2304 4593 fecit
2325 4523 2392 4578 ad
2415 4523 2691 4579 Christum
2715 4532 2767 4578 et
2795 4523 3080 4592 Dominum
3110 4529 3381 4596 respicere
3398 4529 3607 4597 :ipsum

2032 4615 2175 4668 enim
2215 4630 2338 4669 cum
2372 4622 2540 4678 esset,
2576 4615 2722 4685 quod
2755 4615 2972 4686 quidem
3012 4617 3123 4686 jam
3153 4628 3291 4682 erat,
3324 4620 3607 4673 Christum

2032 4715 2085 4759 et
2138 4704 2425 4761 Dominum
2466 4706 2669 4761 factum
2719 4723 2842 4763 esse
2895 4723 2924 4762 a
2980 4706 3090 4764 Deo
3142 4708 3335 4766 Petrus
3384 4714 3598 4767 asserit.

2034 4794 2152 4851 Non
2198 4815 2351 4855 meus
2396 4808 2481 4855 est
2523 4814 2724 4866 sermo,
2782 4799 2877 4855 sed
2911 4798 3030 4871 eius
3060 4802 3151 4872 qui
3197 4818 3297 4859 nos
3325 4810 3601 4876 oppugnat

2033 4891 2297 4945 oratione.

2101 4987 2191 5040 Ait
2212 4986 2353 5041 enim
2387 4986 2439 5040 in
2468 4985 2556 5041 his
2595 4985 2728 5057 ipsis
2763 5002 2882 5057 quae
2903 4986 3259 5064 examinanda
3287 4988 3444 5041 nobis
3476 5000 3601 5056 pro-

2031 5078 2331 5147 posuimus,
2359 5079 2437 5133 sic
2470 5078 2651 5133 verbis
2684 5078 2902 5134 dicens:
2948 5079 3020 5133 De
3051 5096 3109 5133 eo
3140 5080 3229 5149 qui
3254 5078 3307 5131 in
3342 5076 3599 5146 principio

2029 5181 2143 5226 erat
2178 5170 2335 5235 Deus,
2369 5170 2548 5225 beatus
2588 5170 2799 5226 disserit
2835 5171 3042 5238 Petrus,
3089 5170 3299 5224 ethunc
3337 5168 3482 5219 docet
3510 5169 3598 5233 [a-

2031 5272 2172 5314 ctum
2228 5279 2339 5316 esse
2387 5262 2670 5315 Dominum
2707 5272 2755 5316 et
2789 5261 3076 5317 Christum.
3119 5258 3255 5325 Ergo
3306 5272 3426 5308 eum
3471 5270 3599 5310 cum

2029 5361 2176 5409 esset
2209 5352 2352 5423 quod
2397 5355 2669 5423 quondam
2701 5355 2863 5409 etiam
2896 5359 3036 5415 erat,
3086 5347 3360 5402 Christum
3394 5346 3597 5400 factum

2029 5460 2152 5499 esse
2181 5454 2235 5499 et
2259 5444 2569 5508 Dominum,
2607 5445 2683 5497 ait
2704 5441 3025 5501 Eunomius,
3052 5435 3231 5505 qualia
3256 5442 3401 5488 certe
3430 5437 3595 5492 etiam

2029 5536 2095 5590 de
2120 5535 2282 5590 David
2318 5537 2541 5589 historia
2562 5535 2723 5586 dicit:
2771 5533 2906 5600 quod
2932 5530 3073 5582 tilius
3095 5541 3215 5579 cum
3239 5526 3592 5591 cssetJessne,

2031 5636 2084 5682 et
2125 5625 2378 5697 gregibus
2428 5622 2731 5694 pratfcctus,
2772 5622 2823 5676 in
2854 5635 3033 5692 regem
3083 5625 3276 5673 unctus
3306 5616 3444 5677 fuit:
3486 5636 3592 5681 non
