  <div class='ocr_page' id='page_1' title='image "/cluster/home/n/w/nwhite01/storage/ocr_20150623/45/mdp.39015011921478/377.png"; bbox 0 0 4034 6156; ppageno 0'>
   <div class='ocr_carea' id='block_1_1' title="bbox 444 289 552 355">
    <p class='ocr_par' dir='ltr' id='par_1_1' title="bbox 444 289 552 355">
     <span class='ocr_line' id='line_1_1' title="bbox 444 289 552 355; baseline -0.009 0"><span class='ocrx_word' id='word_1_1' title='bbox 444 289 552 355; x_wconf 71' lang='lat'><strong>7‘53</strong></span> 
     </span>
    </p>
   </div>
   <div class='ocr_carea' id='block_1_2' title="bbox 1669 289 2441 351">
    <p class='ocr_par' dir='ltr' id='par_1_2' title="bbox 1669 289 2441 351">
     <span class='ocr_line' id='line_1_2' title="bbox 1669 289 2441 351; baseline -0.006 0"><span class='ocrx_word' id='word_1_2' title='bbox 1669 296 1725 351; x_wconf 90' lang='lat' dir='ltr'><strong>S.</strong></span> <span class='ocrx_word' id='word_1_3' title='bbox 1779 289 2106 350; x_wconf 75' lang='lat' dir='ltr'><strong>GREGORII</strong></span> <span class='ocrx_word' id='word_1_4' title='bbox 2145 289 2441 348; x_wconf 79' lang='lat' dir='ltr'><strong>NYSSENI</strong></span> 
     </span>
    </p>
   </div>
   <div class='ocr_carea' id='block_1_3' title="bbox 3591 289 3696 345">
    <p class='ocr_par' dir='ltr' id='par_1_3' title="bbox 3591 289 3696 345">
     <span class='ocr_line' id='line_1_3' title="bbox 3591 289 3696 345; baseline 0.019 -2"><span class='ocrx_word' id='word_1_5' title='bbox 3591 289 3696 345; x_wconf 72' lang='lat'><strong>7&#39;56</strong></span> 
     </span>
    </p>
   </div>
   <div class='ocr_carea' id='block_1_4' title="bbox 445 407 2027 489">
    <p class='ocr_par' dir='ltr' id='par_1_4' title="bbox 445 413 2016 489">
     <span class='ocr_line' id='line_1_4' title="bbox 445 413 2016 489; baseline -0.004 -18"><span class='ocrx_word' id='word_1_6' title='bbox 445 416 590 489; x_wconf 88' lang='lat' dir='ltr'><strong>quod</strong></span> <span class='ocrx_word' id='word_1_7' title='bbox 622 415 805 471; x_wconf 89' lang='lat' dir='ltr'><strong>unctio</strong></span> <span class='ocrx_word' id='word_1_8' title='bbox 846 421 976 468; x_wconf 91' lang='lat' dir='ltr'><strong>tunc</strong></span> <span class='ocrx_word' id='word_1_9' title='bbox 1007 413 1240 483; x_wconf 90' lang='lat' dir='ltr'><strong>primum</strong></span> <span class='ocrx_word' id='word_1_10' title='bbox 1285 413 1462 484; x_wconf 90' lang='lat' dir='ltr'><strong>ipsum</strong></span> <span class='ocrx_word' id='word_1_11' title='bbox 1493 413 1768 470; x_wconf 81' lang='lat' dir='ltr'><strong>hominem</strong></span> <span class='ocrx_word' id='word_1_12' title='bbox 1804 413 2016 478; x_wconf 83' lang='lat' dir='ltr'><strong>fecerit,</strong></span> 
     </span>
    </p>
   </div>
   <div class='ocr_carea' id='block_1_5' title="bbox 2130 407 3698 489">
    <p class='ocr_par' dir='ltr' id='par_1_5' title="bbox 2130 407 3698 484">
     <span class='ocr_line' id='line_1_5' title="bbox 2130 407 3698 484; baseline -0.006 -17"><span class='ocrx_word' id='word_1_13' title='bbox 2130 413 2367 484; x_wconf 71' lang='grc' dir='ltr'>ἑχρίσθη·</span> <span class='ocrx_word' id='word_1_14' title='bbox 2411 413 2509 467; x_wconf 83' lang='grc' dir='ltr'><strong>οὑκ</strong></span> <span class='ocrx_word' id='word_1_15' title='bbox 2545 413 2824 484; x_wconf 84' lang='grc' dir='ltr'>ἄνθρωπον</span> <span class='ocrx_word' id='word_1_16' title='bbox 2870 411 3028 465; x_wconf 85' lang='grc' dir='ltr'>αὑτὸν</span> <span class='ocrx_word' id='word_1_17' title='bbox 3095 408 3391 480; x_wconf 80' lang='grc' dir='ltr'>τηνικαῦτα</span> <span class='ocrx_word' id='word_1_18' title='bbox 3438 407 3698 478; x_wconf 80' lang='grc' dir='ltr'><strong>ποιούσης</strong></span> 
     </span>
    </p>
   </div>
   <div class='ocr_carea' id='block_1_6' title="bbox 446 505 2020 576">
    <p class='ocr_par' dir='ltr' id='par_1_6' title="bbox 446 505 2020 576">
     <span class='ocr_line' id='line_1_6' title="bbox 446 505 2020 576; baseline -0.005 -10"><span class='ocrx_word' id='word_1_19' title='bbox 446 509 541 566; x_wconf 85' lang='lat' dir='ltr'><strong>sed</strong></span> <span class='ocrx_word' id='word_1_20' title='bbox 587 523 707 562; x_wconf 92' lang='lat' dir='ltr'><strong>cum</strong></span> <span class='ocrx_word' id='word_1_21' title='bbox 749 515 893 562; x_wconf 89' lang='lat' dir='ltr'><strong>esset</strong></span> <span class='ocrx_word' id='word_1_22' title='bbox 925 505 1068 576; x_wconf 87' lang='lat' dir='ltr'><strong>quod</strong></span> <span class='ocrx_word' id='word_1_23' title='bbox 1105 505 1325 575; x_wconf 82' lang='lat' dir='ltr'><strong>quidem</strong></span> <span class='ocrx_word' id='word_1_24' title='bbox 1359 514 1475 560; x_wconf 89' lang='lat' dir='ltr'><strong>erat</strong></span> <span class='ocrx_word' id='word_1_25' title='bbox 1522 507 1822 561; x_wconf 91' lang='lat' dir='ltr'><strong>secundum</strong></span> <span class='ocrx_word' id='word_1_26' title='bbox 1866 521 2020 561; x_wconf 87' lang='lat' dir='ltr'><strong>suam</strong></span> 
     </span>
    </p>
   </div>
   <div class='ocr_carea' id='block_1_7' title="bbox 446 597 2024 667">
    <p class='ocr_par' dir='ltr' id='par_1_7' title="bbox 446 597 2024 667">
     <span class='ocr_line' id='line_1_7' title="bbox 446 597 2024 667; baseline -0.002 -14"><span class='ocrx_word' id='word_1_27' title='bbox 446 610 717 659; x_wconf 86' lang='lat' dir='ltr'><strong>naturam,</strong></span> <span class='ocrx_word' id='word_1_28' title='bbox 755 613 818 651; x_wconf 77' lang='lat' dir='ltr'><strong>ex</strong></span> <span class='ocrx_word' id='word_1_29' title='bbox 849 600 1061 667; x_wconf 82' lang='lat' dir='ltr'><strong>privato</strong></span> <span class='ocrx_word' id='word_1_30' title='bbox 1096 600 1148 652; x_wconf 92' lang='lat' dir='ltr'><strong>in</strong></span> <span class='ocrx_word' id='word_1_31' title='bbox 1191 613 1368 667; x_wconf 73' lang='lat' dir='ltr'><strong>regem</strong></span> <span class='ocrx_word' id='word_1_32' title='bbox 1401 599 1710 653; x_wconf 78' lang='lat' dir='ltr'><strong>mutaverit.</strong></span> <span class='ocrx_word' id='word_1_33' title='bbox 1749 597 1888 664; x_wconf 86' lang='lat' dir='ltr'><strong>Quid</strong></span> <span class='ocrx_word' id='word_1_34' title='bbox 1923 598 2024 667; x_wconf 82' lang='lat' dir='ltr'><strong>igi-</strong></span> 
     </span>
    </p>
   </div>
   <div class='ocr_carea' id='block_1_8' title="bbox 445 686 2024 756">
    <p class='ocr_par' dir='ltr' id='par_1_8' title="bbox 445 686 2024 756">
     <span class='ocr_line' id='line_1_8' title="bbox 445 686 2024 756; baseline 0 -15"><span class='ocrx_word' id='word_1_35' title='bbox 445 687 571 741; x_wconf 90' lang='lat' dir='ltr'><strong>tur?</strong></span> <span class='ocrx_word' id='word_1_36' title='bbox 617 687 860 756; x_wconf 77' lang='lat' dir='ltr'><strong>magisne</strong></span> <span class='ocrx_word' id='word_1_37' title='bbox 901 703 994 756; x_wconf 89' lang='lat' dir='ltr'><strong>per</strong></span> <span class='ocrx_word' id='word_1_38' title='bbox 1029 689 1141 741; x_wconf 70' lang='lat' dir='ltr'><strong>haec</strong></span> <span class='ocrx_word' id='word_1_39' title='bbox 1185 686 1304 740; x_wconf 84' lang='lat' dir='ltr'><strong>Filii</strong></span> <span class='ocrx_word' id='word_1_40' title='bbox 1336 688 1629 742; x_wconf 81' lang='lat' dir='ltr'><strong>essentiam</strong></span> <span class='ocrx_word' id='word_1_41' title='bbox 1673 686 1869 740; x_wconf 85' lang='lat' dir='ltr'><strong>factam</strong></span> <span class='ocrx_word' id='word_1_42' title='bbox 1902 701 2024 741; x_wconf 87' lang='lat' dir='ltr'><strong>esse</strong></span> 
     </span>
    </p>
   </div>
   <div class='ocr_carea' id='block_1_9' title="bbox 447 777 2021 848">
    <p class='ocr_par' dir='ltr' id='par_1_9' title="bbox 447 777 2021 848">
     <span class='ocr_line' id='line_1_9' title="bbox 447 777 2021 848; baseline -0.001 -17"><span class='ocrx_word' id='word_1_43' title='bbox 447 780 813 848; x_wconf 69' lang='lat' dir='ltr'><strong>prmstrnitur,</strong></span> <span class='ocrx_word' id='word_1_44' title='bbox 863 779 932 844; x_wconf 89' lang='lat' dir='ltr'><strong>si,</strong></span> <span class='ocrx_word' id='word_1_45' title='bbox 977 778 1433 848; x_wconf 84' lang='lat' dir='ltr'><strong>quemadmodum</strong></span> <span class='ocrx_word' id='word_1_46' title='bbox 1484 780 1556 831; x_wconf 87' lang='lat' dir='ltr'><strong>ait</strong></span> <span class='ocrx_word' id='word_1_47' title='bbox 1607 777 1928 840; x_wconf 84' lang='lat' dir='ltr'><strong>Eunomius,</strong></span> <span class='ocrx_word' id='word_1_48' title='bbox 1967 777 2021 830; x_wconf 90' lang='lat' dir='ltr'><strong>in</strong></span> 
     </span>
    </p>
   </div>
   <div class='ocr_carea' id='block_1_10' title="bbox 448 869 2021 940">
    <p class='ocr_par' dir='ltr' id='par_1_10' title="bbox 448 869 2021 940">
     <span class='ocr_line' id='line_1_10' title="bbox 448 869 2021 940; baseline -0.001 -17"><span class='ocrx_word' id='word_1_49' title='bbox 448 871 718 940; x_wconf 88' lang='lat' dir='ltr'><strong>principio</strong></span> <span class='ocrx_word' id='word_1_50' title='bbox 744 870 922 940; x_wconf 91' lang='lat' dir='ltr'><strong>ipsum</strong></span> <span class='ocrx_word' id='word_1_51' title='bbox 954 870 1047 939; x_wconf 88' lang='lat' dir='ltr'><strong>qui</strong></span> <span class='ocrx_word' id='word_1_52' title='bbox 1079 878 1215 927; x_wconf 80' lang='lat' dir='ltr'><strong>erat,</strong></span> <span class='ocrx_word' id='word_1_53' title='bbox 1235 877 1287 923; x_wconf 90' lang='lat' dir='ltr'><strong>et</strong></span> <span class='ocrx_word' id='word_1_54' title='bbox 1316 869 1457 925; x_wconf 86' lang='lat' dir='ltr'><strong>Deus</strong></span> <span class='ocrx_word' id='word_1_55' title='bbox 1486 877 1623 933; x_wconf 89' lang='lat' dir='ltr'><strong>erat,</strong></span> <span class='ocrx_word' id='word_1_56' title='bbox 1655 878 1708 925; x_wconf 93' lang='lat' dir='ltr'><strong>et</strong></span> <span class='ocrx_word' id='word_1_57' title='bbox 1737 869 2021 924; x_wconf 90' lang='lat' dir='ltr'><strong>Dominum</strong></span> 
     </span>
    </p>
   </div>
   <div class='ocr_carea' id='block_1_11' title="bbox 447 959 2027 1016">
    <p class='ocr_par' dir='ltr' id='par_1_11' title="bbox 447 959 2027 1016">
     <span class='ocr_line' id='line_1_11' title="bbox 447 959 2027 1016; baseline 0 -2"><span class='ocrx_word' id='word_1_58' title='bbox 447 968 501 1014; x_wconf 87' lang='lat' dir='ltr'><strong>et</strong></span> <span class='ocrx_word' id='word_1_59' title='bbox 521 960 797 1014; x_wconf 77' lang='lat' dir='ltr'><strong>Christum</strong></span> <span class='ocrx_word' id='word_1_60' title='bbox 835 959 977 1014; x_wconf 92' lang='lat' dir='ltr'><strong>Deus</strong></span> <span class='ocrx_word' id='word_1_61' title='bbox 1013 959 1176 1014; x_wconf 82' lang='lat' dir='ltr'><strong>fecit?</strong></span> <span class='ocrx_word' id='word_1_62' title='bbox 1204 959 1510 1014; x_wconf 88' lang='lat' dir='ltr'><strong>Dominatio</strong></span> <span class='ocrx_word' id='word_1_63' title='bbox 1532 961 1676 1015; x_wconf 91' lang='lat' dir='ltr'><strong>enim</strong></span> <span class='ocrx_word' id='word_1_64' title='bbox 1710 977 1815 1015; x_wconf 92' lang='lat' dir='ltr'><strong>non</strong></span> <span class='ocrx_word' id='word_1_65' title='bbox 1845 977 2027 1016; x_wconf 89' lang='lat' dir='ltr'><strong>essen-</strong></span> 
     </span>
    </p>
   </div>
   <div class='ocr_carea' id='block_1_12' title="bbox 448 1052 2026 1123">
    <p class='ocr_par' dir='ltr' id='par_1_12' title="bbox 448 1052 2026 1123">
     <span class='ocr_line' id='line_1_12' title="bbox 448 1052 2026 1123; baseline -0.001 -17"><span class='ocrx_word' id='word_1_66' title='bbox 448 1053 540 1107; x_wconf 69' lang='lat' dir='ltr'><strong>tize</strong></span> <span class='ocrx_word' id='word_1_67' title='bbox 567 1069 765 1107; x_wconf 81' lang='lat' dir='ltr'><strong>nomen</strong></span> <span class='ocrx_word' id='word_1_68' title='bbox 809 1052 902 1107; x_wconf 85' lang='lat' dir='ltr'><strong>sed</strong></span> <span class='ocrx_word' id='word_1_69' title='bbox 946 1053 1233 1120; x_wconf 83' lang='lat' dir='ltr'><strong>potestatis</strong></span> <span class='ocrx_word' id='word_1_70' title='bbox 1263 1063 1368 1116; x_wconf 91' lang='lat' dir='ltr'><strong>est,</strong></span> <span class='ocrx_word' id='word_1_71' title='bbox 1417 1059 1470 1107; x_wconf 90' lang='lat' dir='ltr'><strong>et</strong></span> <span class='ocrx_word' id='word_1_72' title='bbox 1500 1053 1700 1108; x_wconf 85' lang='lat' dir='ltr'><strong>Christi</strong></span> <span class='ocrx_word' id='word_1_73' title='bbox 1738 1053 2026 1123; x_wconf 76' lang='lat' dir='ltr'><strong>appellatio</strong></span> 
     </span>
    </p>
   </div>
   <div class='ocr_carea' id='block_1_13' title="bbox 448 1144 2025 1216">
    <p class='ocr_par' dir='ltr' id='par_1_13' title="bbox 448 1144 2025 1216">
     <span class='ocr_line' id='line_1_13' title="bbox 448 1144 2025 1216; baseline -0.001 -16"><span class='ocrx_word' id='word_1_74' title='bbox 448 1161 679 1216; x_wconf 79' lang='lat' dir='ltr'><strong>regnum</strong></span> <span class='ocrx_word' id='word_1_75' title='bbox 727 1144 988 1207; x_wconf 85' lang='lat' dir='ltr'><strong>ostendit,</strong></span> <span class='ocrx_word' id='word_1_76' title='bbox 1035 1145 1174 1198; x_wconf 89' lang='lat' dir='ltr'><strong>alius</strong></span> <span class='ocrx_word' id='word_1_77' title='bbox 1203 1152 1382 1198; x_wconf 86' lang='lat' dir='ltr'><strong>autem</strong></span> <span class='ocrx_word' id='word_1_78' title='bbox 1426 1144 1601 1214; x_wconf 82' lang='lat' dir='ltr'><strong>regni,</strong></span> <span class='ocrx_word' id='word_1_79' title='bbox 1642 1144 1780 1199; x_wconf 84' lang='lat' dir='ltr'><strong>alius</strong></span> <span class='ocrx_word' id='word_1_80' title='bbox 1819 1155 2025 1200; x_wconf 62' lang='lat' dir='ltr'><strong>natura:</strong></span> 
     </span>
    </p>
   </div>
   <div class='ocr_carea' id='block_1_14' title="bbox 449 1235 2023 1293">
    <p class='ocr_par' dir='ltr' id='par_1_14' title="bbox 449 1235 2023 1293">
     <span class='ocr_line' id='line_1_14' title="bbox 449 1235 2023 1293; baseline 0.001 -1"><span class='ocrx_word' id='word_1_81' title='bbox 449 1253 651 1293; x_wconf 85' lang='lat' dir='ltr'><strong>sermo.</strong></span> <span class='ocrx_word' id='word_1_82' title='bbox 709 1235 1103 1290; x_wconf 76' lang='lat' dir='ltr'><strong>Verumtamen</strong></span> <span class='ocrx_word' id='word_1_83' title='bbox 1161 1237 1276 1289; x_wconf 63' lang='lat' dir='ltr'><strong>haec</strong></span> <span class='ocrx_word' id='word_1_84' title='bbox 1326 1237 1469 1290; x_wconf 87' lang='lat' dir='ltr'><strong>circa</strong></span> <span class='ocrx_word' id='word_1_85' title='bbox 1515 1236 1709 1290; x_wconf 93' lang='lat' dir='ltr'><strong>Filium</strong></span> <span class='ocrx_word' id='word_1_86' title='bbox 1758 1237 1850 1293; x_wconf 88' lang='lat' dir='ltr'><strong>Dei</strong></span> <span class='ocrx_word' id='word_1_87' title='bbox 1884 1238 2023 1293; x_wconf 82' lang='lat' dir='ltr'><strong>facta</strong></span> 
     </span>
    </p>
   </div>
   <div class='ocr_carea' id='block_1_15' title="bbox 447 1328 2026 1400">
    <p class='ocr_par' dir='ltr' id='par_1_15' title="bbox 447 1328 2026 1400">
     <span class='ocr_line' id='line_1_15' title="bbox 447 1328 2026 1400; baseline 0.001 -15"><span class='ocrx_word' id='word_1_88' title='bbox 447 1346 571 1385; x_wconf 88' lang='lat' dir='ltr'><strong>esse</strong></span> <span class='ocrx_word' id='word_1_89' title='bbox 621 1330 694 1382; x_wconf 88' lang='lat' dir='ltr'><strong>ait</strong></span> <span class='ocrx_word' id='word_1_90' title='bbox 717 1328 1021 1396; x_wconf 81' lang='lat' dir='ltr'><strong>Scriptura.</strong></span> <span class='ocrx_word' id='word_1_91' title='bbox 1041 1329 1467 1384; x_wconf 86' lang='lat' dir='ltr'><strong>Consideremus</strong></span> <span class='ocrx_word' id='word_1_92' title='bbox 1498 1329 1661 1400; x_wconf 82' lang='lat' dir='ltr'><strong>igitur</strong></span> <span class='ocrx_word' id='word_1_93' title='bbox 1682 1331 1824 1399; x_wconf 88' lang='lat' dir='ltr'><strong>quod</strong></span> <span class='ocrx_word' id='word_1_94' title='bbox 1856 1331 2026 1400; x_wconf 78' lang='lat' dir='ltr'><strong>magis</strong></span> 
     </span>
    </p>
   </div>
   <div class='ocr_carea' id='block_1_16' title="bbox 449 1414 2023 1492">
    <p class='ocr_par' dir='ltr' id='par_1_16' title="bbox 449 1414 2023 1492">
     <span class='ocr_line' id='line_1_16' title="bbox 449 1414 2023 1492; baseline 0 -19"><span class='ocrx_word' id='word_1_95' title='bbox 449 1414 594 1490; x_wconf 83' lang='lat' dir='ltr'><strong>pium</strong></span> <span class='ocrx_word' id='word_1_96' title='bbox 624 1427 1235 1475; x_wconf 89' lang='lat' dir='ltr'><strong>estetconsentaneum.</strong></span> <span class='ocrx_word' id='word_1_97' title='bbox 1265 1419 1564 1485; x_wconf 85' lang='lat' dir='ltr'><strong>Quemnam</strong></span> <span class='ocrx_word' id='word_1_98' title='bbox 1597 1437 1694 1491; x_wconf 87' lang='lat' dir='ltr'><strong>per</strong></span> <span class='ocrx_word' id='word_1_99' title='bbox 1720 1420 2023 1492; x_wconf 81' lang='lat' dir='ltr'><strong>profectum</strong></span> 
     </span>
    </p>
   </div>
   <div class='ocr_carea' id='block_1_17' title="bbox 449 1513 2026 1582">
    <p class='ocr_par' dir='ltr' id='par_1_17' title="bbox 449 1513 2026 1582">
     <span class='ocr_line' id='line_1_17' title="bbox 449 1513 2026 1582; baseline 0.001 -15"><span class='ocrx_word' id='word_1_100' title='bbox 449 1513 685 1582; x_wconf 78' lang='lat' dir='ltr'><strong>alicujus</strong></span> <span class='ocrx_word' id='word_1_101' title='bbox 716 1514 977 1566; x_wconf 88' lang='lat' dir='ltr'><strong>honorum</strong></span> <span class='ocrx_word' id='word_1_102' title='bbox 1009 1513 1370 1567; x_wconf 73' lang='lat' dir='ltr'><strong>excelsiorum</strong></span> <span class='ocrx_word' id='word_1_103' title='bbox 1404 1513 1727 1582; x_wconf 85' lang='lat' dir='ltr'><strong>participem</strong></span> <span class='ocrx_word' id='word_1_104' title='bbox 1774 1514 1890 1568; x_wconf 84' lang='lat' dir='ltr'><strong>ﬁeri</strong></span> <span class='ocrx_word' id='word_1_105' title='bbox 1945 1514 2026 1568; x_wconf 79' lang='lat' dir='ltr'><strong>fas</strong></span> 
     </span>
    </p>
   </div>
   <div class='ocr_carea' id='block_1_18' title="bbox 449 1601 2024 1673">
    <p class='ocr_par' dir='ltr' id='par_1_18' title="bbox 449 1601 2024 1673">
     <span class='ocr_line' id='line_1_18' title="bbox 449 1601 2024 1673; baseline -0.001 -15"><span class='ocrx_word' id='word_1_106' title='bbox 449 1610 535 1658; x_wconf 87' lang='lat' dir='ltr'><strong>est</strong></span> <span class='ocrx_word' id='word_1_107' title='bbox 576 1613 629 1658; x_wconf 92' lang='lat' dir='ltr'><strong>et</strong></span> <span class='ocrx_word' id='word_1_108' title='bbox 661 1603 808 1673; x_wconf 91' lang='lat' dir='ltr'><strong>pium</strong></span> <span class='ocrx_word' id='word_1_109' title='bbox 863 1601 1065 1666; x_wconf 87' lang='lat' dir='ltr'><strong>dicere,</strong></span> <span class='ocrx_word' id='word_1_110' title='bbox 1113 1601 1278 1656; x_wconf 90' lang='lat' dir='ltr'><strong>Demn</strong></span> <span class='ocrx_word' id='word_1_111' title='bbox 1333 1617 1401 1656; x_wconf 90' lang='lat' dir='ltr'><strong>an</strong></span> <span class='ocrx_word' id='word_1_112' title='bbox 1436 1601 1754 1658; x_wconf 87' lang='lat' dir='ltr'><strong>hominem?</strong></span> <span class='ocrx_word' id='word_1_113' title='bbox 1789 1603 1920 1670; x_wconf 85' lang='lat' dir='ltr'><strong>Quis</strong></span> <span class='ocrx_word' id='word_1_114' title='bbox 1953 1604 2024 1657; x_wconf 88' lang='lat' dir='ltr'><strong>ita</strong></span> 
     </span>
    </p>
   </div>
   <div class='ocr_carea' id='block_1_19' title="bbox 451 1692 2026 1764">
    <p class='ocr_par' dir='ltr' id='par_1_19' title="bbox 451 1692 2026 1764">
     <span class='ocr_line' id='line_1_19' title="bbox 451 1692 2026 1764; baseline -0.002 -14"><span class='ocrx_word' id='word_1_115' title='bbox 451 1703 631 1750; x_wconf 87' lang='lat' dir='ltr'><strong>mente</strong></span> <span class='ocrx_word' id='word_1_116' title='bbox 654 1710 809 1764; x_wconf 89' lang='lat' dir='ltr'><strong>puer,</strong></span> <span class='ocrx_word' id='word_1_117' title='bbox 841 1695 933 1764; x_wconf 88' lang='lat' dir='ltr'><strong>qui</strong></span> <span class='ocrx_word' id='word_1_118' title='bbox 962 1702 1111 1760; x_wconf 89' lang='lat' dir='ltr'><strong>putet</strong></span> <span class='ocrx_word' id='word_1_119' title='bbox 1133 1692 1300 1748; x_wconf 90' lang='lat' dir='ltr'><strong>Demn</strong></span> <span class='ocrx_word' id='word_1_120' title='bbox 1330 1694 1642 1749; x_wconf 87' lang='lat' dir='ltr'><strong>accessione</strong></span> <span class='ocrx_word' id='word_1_121' title='bbox 1659 1703 1709 1749; x_wconf 90' lang='lat' dir='ltr'><strong>et</strong></span> <span class='ocrx_word' id='word_1_122' title='bbox 1738 1704 2026 1764; x_wconf 82' lang='lat' dir='ltr'><strong>augmento</strong></span> 
     </span>
    </p>
   </div>
   <div class='ocr_carea' id='block_1_20' title="bbox 450 1784 2026 1857">
    <p class='ocr_par' dir='ltr' id='par_1_20' title="bbox 450 1784 2026 1857">
     <span class='ocr_line' id='line_1_20' title="bbox 450 1784 2026 1857; baseline 0 -17"><span class='ocrx_word' id='word_1_123' title='bbox 450 1787 517 1842; x_wconf 84' lang='lat' dir='ltr'><strong>ad</strong></span> <span class='ocrx_word' id='word_1_124' title='bbox 547 1787 845 1857; x_wconf 84' lang='lat' dir='ltr'><strong>perfectum</strong></span> <span class='ocrx_word' id='word_1_125' title='bbox 889 1786 1054 1840; x_wconf 81' lang='lat' dir='ltr'><strong>ferri?</strong></span> <span class='ocrx_word' id='word_1_126' title='bbox 1091 1784 1164 1838; x_wconf 84' lang='lat' dir='ltr'><strong>De</strong></span> <span class='ocrx_word' id='word_1_127' title='bbox 1197 1787 1434 1839; x_wconf 88' lang='lat' dir='ltr'><strong>humana</strong></span> <span class='ocrx_word' id='word_1_128' title='bbox 1476 1794 1655 1840; x_wconf 90' lang='lat' dir='ltr'><strong>autem</strong></span> <span class='ocrx_word' id='word_1_129' title='bbox 1692 1796 1884 1840; x_wconf 89' lang='lat' dir='ltr'><strong>natura</strong></span> <span class='ocrx_word' id='word_1_130' title='bbox 1921 1787 2026 1840; x_wconf 90' lang='lat' dir='ltr'><strong>tale</strong></span> 
     </span>
    </p>
   </div>
   <div class='ocr_carea' id='block_1_21' title="bbox 450 1877 2023 1949">
    <p class='ocr_par' dir='ltr' id='par_1_21' title="bbox 450 1877 2023 1949">
     <span class='ocr_line' id='line_1_21' title="bbox 450 1877 2023 1949; baseline -0.003 -16"><span class='ocrx_word' id='word_1_131' title='bbox 450 1881 693 1949; x_wconf 83' lang='lat' dir='ltr'><strong>cogitare</strong></span> <span class='ocrx_word' id='word_1_132' title='bbox 720 1894 827 1932; x_wconf 90' lang='lat' dir='ltr'><strong>non</strong></span> <span class='ocrx_word' id='word_1_133' title='bbox 859 1885 940 1933; x_wconf 88' lang='lat' dir='ltr'><strong>est</strong></span> <span class='ocrx_word' id='word_1_134' title='bbox 973 1877 1405 1943; x_wconf 87' lang='lat' dir='ltr'><strong>dissentaneum,</strong></span> <span class='ocrx_word' id='word_1_135' title='bbox 1444 1878 1882 1948; x_wconf 88' lang='lat' dir='ltr'><strong>quamloquidctn</strong></span> <span class='ocrx_word' id='word_1_136' title='bbox 1926 1893 2023 1930; x_wconf 71' lang='lat' dir='ltr'><strong>vox</strong></span> 
     </span>
    </p>
   </div>
   <div class='ocr_carea' id='block_1_22' title="bbox 447 1971 2022 2043">
    <p class='ocr_par' dir='ltr' id='par_1_22' title="bbox 447 1971 2022 2043">
     <span class='ocr_line' id='line_1_22' title="bbox 447 1971 2022 2043; baseline -0.003 -17"><span class='ocrx_word' id='word_1_137' title='bbox 447 1973 758 2043; x_wconf 81' lang='lat' dir='ltr'><strong>evangelica</strong></span> <span class='ocrx_word' id='word_1_138' title='bbox 848 1971 1142 2025; x_wconf 78' lang='lat' dir='ltr'><strong>manifesto</strong></span> <span class='ocrx_word' id='word_1_139' title='bbox 1246 1971 1547 2025; x_wconf 86' lang='lat' dir='ltr'><strong>secundum</strong></span> <span class='ocrx_word' id='word_1_140' title='bbox 1631 1971 2022 2024; x_wconf 79' lang='lat' dir='ltr'><strong>humanitatem</strong></span> 
     </span>
    </p>
   </div>
   <div class='ocr_carea' id='block_1_23' title="bbox 450 2060 2021 2126">
    <p class='ocr_par' dir='ltr' id='par_1_23' title="bbox 450 2060 2021 2126">
     <span class='ocr_line' id='line_1_23' title="bbox 450 2060 2021 2126; baseline -0.003 -8"><span class='ocrx_word' id='word_1_141' title='bbox 450 2064 679 2118; x_wconf 82' lang='lat' dir='ltr'><strong>Domino</strong></span> <span class='ocrx_word' id='word_1_142' title='bbox 729 2063 978 2118; x_wconf 90' lang='lat' dir='ltr'><strong>attrihuit</strong></span> <span class='ocrx_word' id='word_1_143' title='bbox 1031 2063 1448 2116; x_wconf 89' lang='lat' dir='ltr'><strong>incrementum.</strong></span> <span class='ocrx_word' id='word_1_144' title='bbox 1509 2060 1667 2116; x_wconf 79' lang='lat' dir='ltr'><strong>Jesus</strong></span> <span class='ocrx_word' id='word_1_145' title='bbox 1712 2062 1874 2126; x_wconf 90' lang='lat' dir='ltr'><strong>enim,</strong></span> <span class='ocrx_word' id='word_1_146' title='bbox 1927 2062 2021 2124; x_wconf 88' lang='lat' dir='ltr'><strong>ait,</strong></span> 
     </span>
    </p>
   </div>
   <div class='ocr_carea' id='block_1_24' title="bbox 449 2149 2024 2226">
    <p class='ocr_par' dir='ltr' id='par_1_24' title="bbox 449 2149 2024 2226">
     <span class='ocr_line' id='line_1_24' title="bbox 449 2149 2024 2226; baseline -0.004 -17"><span class='ocrx_word' id='word_1_147' title='bbox 449 2156 755 2226; x_wconf 76' lang='lat' dir='ltr'><strong>proﬁciebat</strong></span> <span class='ocrx_word' id='word_1_148' title='bbox 809 2163 992 2215; x_wconf 73' lang='lat' dir='ltr'><strong>celate,</strong></span> <span class='ocrx_word' id='word_1_149' title='bbox 1047 2161 1095 2205; x_wconf 81' lang='lat' dir='ltr'><strong>et</strong></span> <span class='ocrx_word' id='word_1_150' title='bbox 1151 2152 1433 2220; x_wconf 78' lang='lat' dir='ltr'><strong>sapientia,</strong></span> <span class='ocrx_word' id='word_1_151' title='bbox 1482 2159 1530 2204; x_wconf 82' lang='lat' dir='ltr'><strong>et</strong></span> <span class='ocrx_word' id='word_1_152' title='bbox 1567 2151 1829 2221; x_wconf 78' lang='lat' dir='ltr'><strong>gratia&quot;.</strong></span> <span class='ocrx_word' id='word_1_153' title='bbox 1885 2149 2024 2215; x_wconf 82' lang='lat' dir='ltr'><strong>Quid</strong></span> 
     </span>
    </p>
   </div>
   <div class='ocr_carea' id='block_1_25' title="bbox 449 2243 2025 2318">
    <p class='ocr_par' dir='ltr' id='par_1_25' title="bbox 449 2243 2025 2318">
     <span class='ocr_line' id='line_1_25' title="bbox 449 2243 2025 2318; baseline -0.004 -15"><span class='ocrx_word' id='word_1_154' title='bbox 449 2249 614 2318; x_wconf 83' lang='lat' dir='ltr'><strong>igitur</strong></span> <span class='ocrx_word' id='word_1_155' title='bbox 665 2247 837 2314; x_wconf 78' lang='lat' dir='ltr'><strong>magis</strong></span> <span class='ocrx_word' id='word_1_156' title='bbox 891 2253 1312 2298; x_wconf 70' lang='lat' dir='ltr'><strong>consentaneum</strong></span> <span class='ocrx_word' id='word_1_157' title='bbox 1363 2251 1448 2298; x_wconf 82' lang='lat' dir='ltr'><strong>est</strong></span> <span class='ocrx_word' id='word_1_158' title='bbox 1499 2259 1562 2298; x_wconf 80' lang='lat' dir='ltr'><strong>ex</strong></span> <span class='ocrx_word' id='word_1_159' title='bbox 1616 2243 1845 2312; x_wconf 83' lang='lat' dir='ltr'><strong>apostoli</strong></span> <span class='ocrx_word' id='word_1_160' title='bbox 1895 2257 2025 2296; x_wconf 59' lang='lat' dir='ltr'><strong>voce</strong></span> 
     </span>
    </p>
   </div>
   <div class='ocr_carea' id='block_1_26' title="bbox 451 2335 2026 2410">
    <p class='ocr_par' dir='ltr' id='par_1_26' title="bbox 451 2335 2026 2410">
     <span class='ocr_line' id='line_1_26' title="bbox 451 2335 2026 2410; baseline -0.005 -13"><span class='ocrx_word' id='word_1_161' title='bbox 451 2355 755 2410; x_wconf 82' lang='lat' dir='ltr'><strong>supponere</strong></span> <span class='ocrx_word' id='word_1_162' title='bbox 782 2338 946 2392; x_wconf 89' lang='lat' dir='ltr'><strong>Deum</strong></span> <span class='ocrx_word' id='word_1_163' title='bbox 976 2338 1066 2407; x_wconf 91' lang='lat' dir='ltr'><strong>qui</strong></span> <span class='ocrx_word' id='word_1_164' title='bbox 1092 2347 1207 2392; x_wconf 88' lang='lat' dir='ltr'><strong>erat</strong></span> <span class='ocrx_word' id='word_1_165' title='bbox 1231 2337 1286 2389; x_wconf 91' lang='lat' dir='ltr'><strong>in</strong></span> <span class='ocrx_word' id='word_1_166' title='bbox 1315 2335 1582 2406; x_wconf 91' lang='lat' dir='ltr'><strong>principio</strong></span> <span class='ocrx_word' id='word_1_167' title='bbox 1616 2351 1678 2389; x_wconf 79' lang='lat' dir='ltr'><strong>cx</strong></span> <span class='ocrx_word' id='word_1_168' title='bbox 1705 2335 2026 2389; x_wconf 87' lang='lat' dir='ltr'><strong>accessione</strong></span> 
     </span>
    </p>
   </div>
   <div class='ocr_carea' id='block_1_27' title="bbox 450 2426 2025 2502">
    <p class='ocr_par' dir='ltr' id='par_1_27' title="bbox 450 2426 2025 2502">
     <span class='ocr_line' id='line_1_27' title="bbox 450 2426 2025 2502; baseline -0.005 -14"><span class='ocrx_word' id='word_1_169' title='bbox 450 2444 502 2488; x_wconf 90' lang='lat' dir='ltr'><strong>et</strong></span> <span class='ocrx_word' id='word_1_170' title='bbox 538 2432 782 2502; x_wconf 78' lang='lat' dir='ltr'><strong>proiectu</strong></span> <span class='ocrx_word' id='word_1_171' title='bbox 815 2429 1100 2482; x_wconf 80' lang='lat' dir='ltr'><strong>Dominum</strong></span> <span class='ocrx_word' id='word_1_172' title='bbox 1148 2427 1351 2482; x_wconf 83' lang='lat' dir='ltr'><strong>factum</strong></span> <span class='ocrx_word' id='word_1_173' title='bbox 1380 2442 1522 2492; x_wconf 88' lang='lat' dir='ltr'><strong>esse,</strong></span> <span class='ocrx_word' id='word_1_174' title='bbox 1547 2442 1712 2496; x_wconf 89' lang='lat' dir='ltr'><strong>quam</strong></span> <span class='ocrx_word' id='word_1_175' title='bbox 1750 2427 1892 2496; x_wconf 87' lang='lat' dir='ltr'><strong>quod</strong></span> <span class='ocrx_word' id='word_1_176' title='bbox 1923 2426 2025 2480; x_wconf 88' lang='lat' dir='ltr'><strong>hu-</strong></span> 
     </span>
    </p>
   </div>
   <div class='ocr_carea' id='block_1_28' title="bbox 451 2517 2026 2578">
    <p class='ocr_par' dir='ltr' id='par_1_28' title="bbox 451 2517 2026 2578">
     <span class='ocr_line' id='line_1_28' title="bbox 451 2517 2026 2578; baseline -0.004 0"><span class='ocrx_word' id='word_1_177' title='bbox 451 2525 577 2578; x_wconf 73' lang='lat' dir='ltr'><strong>mile</strong></span> <span class='ocrx_word' id='word_1_178' title='bbox 615 2533 697 2578; x_wconf 85' lang='lat' dir='ltr'><strong>est</strong></span> <span class='ocrx_word' id='word_1_179' title='bbox 734 2524 981 2575; x_wconf 74' lang='lat' dir='ltr'><strong>humana:</strong></span> <span class='ocrx_word' id='word_1_180' title='bbox 1009 2528 1218 2573; x_wconf 86' lang='lat' dir='ltr'><strong>naturae</strong></span> <span class='ocrx_word' id='word_1_181' title='bbox 1270 2534 1336 2573; x_wconf 80' lang='lat' dir='ltr'><strong>ex</strong></span> <span class='ocrx_word' id='word_1_182' title='bbox 1365 2517 1748 2572; x_wconf 75' lang='lat' dir='ltr'><strong>ccutmunione</strong></span> <span class='ocrx_word' id='word_1_183' title='bbox 1786 2534 1907 2573; x_wconf 90' lang='lat' dir='ltr'><strong>cum</strong></span> <span class='ocrx_word' id='word_1_184' title='bbox 1943 2518 2026 2572; x_wconf 90' lang='lat' dir='ltr'><strong>di-</strong></span> 
     </span>
    </p>
   </div>
   <div class='ocr_carea' id='block_1_29' title="bbox 451 2607 2022 2688">
    <p class='ocr_par' dir='ltr' id='par_1_29' title="bbox 451 2607 2022 2688">
     <span class='ocr_line' id='line_1_29' title="bbox 451 2607 2022 2688; baseline -0.004 -20"><span class='ocrx_word' id='word_1_185' title='bbox 451 2614 677 2688; x_wconf 61' lang='lat' dir='ltr'><strong>rittitate</strong></span> <span class='ocrx_word' id='word_1_186' title='bbox 701 2613 765 2666; x_wconf 89' lang='lat' dir='ltr'><strong>ad</strong></span> <span class='ocrx_word' id='word_1_187' title='bbox 799 2610 1080 2681; x_wconf 81' lang='lat' dir='ltr'><strong>dignitatis</strong></span> <span class='ocrx_word' id='word_1_188' title='bbox 1121 2608 1504 2664; x_wconf 71' lang='lat' dir='ltr'><strong>celsitudinem</strong></span> <span class='ocrx_word' id='word_1_189' title='bbox 1533 2608 1783 2663; x_wconf 86' lang='lat' dir='ltr'><strong>assumi?</strong></span> <span class='ocrx_word' id='word_1_190' title='bbox 1813 2607 2022 2662; x_wconf 87' lang='lat' dir='ltr'><strong>Etenim</strong></span> 
     </span>
    </p>
   </div>
   <div class='ocr_carea' id='block_1_30' title="bbox 452 2697 2024 2773">
    <p class='ocr_par' dir='ltr' id='par_1_30' title="bbox 452 2697 2024 2773">
     <span class='ocr_line' id='line_1_30' title="bbox 452 2697 2024 2773; baseline -0.004 -15"><span class='ocrx_word' id='word_1_191' title='bbox 452 2704 619 2759; x_wconf 79' lang='lat' dir='ltr'><strong>David</strong></span> <span class='ocrx_word' id='word_1_192' title='bbox 666 2704 926 2773; x_wconf 82' lang='lat' dir='ltr'><strong>prOpheta</strong></span> <span class='ocrx_word' id='word_1_193' title='bbox 987 2716 1050 2755; x_wconf 83' lang='lat' dir='ltr'><strong>ex</strong></span> <span class='ocrx_word' id='word_1_194' title='bbox 1111 2714 1342 2770; x_wconf 90' lang='lat' dir='ltr'><strong>persona</strong></span> <span class='ocrx_word' id='word_1_195' title='bbox 1403 2697 1616 2751; x_wconf 89' lang='lat' dir='ltr'><strong>Domini</strong></span> <span class='ocrx_word' id='word_1_196' title='bbox 1655 2699 1875 2768; x_wconf 88' lang='lat' dir='ltr'><strong>inquit:</strong></span> <span class='ocrx_word' id='word_1_197' title='bbox 1917 2697 2024 2768; x_wconf 83' lang='lat' dir='ltr'><strong>Ego</strong></span> 
     </span>
    </p>
   </div>
   <div class='ocr_carea' id='block_1_31' title="bbox 452 2788 2022 2857">
    <p class='ocr_par' dir='ltr' id='par_1_31' title="bbox 452 2788 2022 2857">
     <span class='ocr_line' id='line_1_31' title="bbox 452 2788 2022 2857; baseline -0.005 -5"><span class='ocrx_word' id='word_1_198' title='bbox 452 2798 770 2852; x_wconf 75' lang='lat' dir='ltr'><strong>constitutus</strong></span> <span class='ocrx_word' id='word_1_199' title='bbox 805 2811 916 2848; x_wconf 79' lang='lat' dir='ltr'><strong>sum</strong></span> <span class='ocrx_word' id='word_1_200' title='bbox 958 2808 1052 2846; x_wconf 73' lang='lat' dir='ltr'><strong>rex</strong></span> <span class='ocrx_word' id='word_1_201' title='bbox 1078 2792 1141 2844; x_wconf 87' lang='lat' dir='ltr'><strong>ab</strong></span> <span class='ocrx_word' id='word_1_202' title='bbox 1163 2808 1221 2844; x_wconf 76' lang='lat' dir='ltr'><strong>eo</strong></span> <span class='ocrx_word' id='word_1_203' title='bbox 1248 2791 1321 2857; x_wconf 22' lang='lat'><strong>1&quot;.</strong></span> <span class='ocrx_word' id='word_1_204' title='bbox 1368 2788 1597 2844; x_wconf 79' lang='lat' dir='ltr'><strong>Perinde</strong></span> <span class='ocrx_word' id='word_1_205' title='bbox 1629 2805 1690 2844; x_wconf 90' lang='lat' dir='ltr'><strong>ac</strong></span> <span class='ocrx_word' id='word_1_206' title='bbox 1721 2790 1766 2843; x_wconf 86' lang='lat' dir='ltr'><strong>si</strong></span> <span class='ocrx_word' id='word_1_207' title='bbox 1797 2789 2022 2854; x_wconf 84' lang='lat' dir='ltr'><strong>diceret,</strong></span> 
     </span>
    </p>
   </div>
   <div class='ocr_carea' id='block_1_32' title="bbox 451 2873 2026 2950">
    <p class='ocr_par' dir='ltr' id='par_1_32' title="bbox 451 2873 2026 2950">
     <span class='ocr_line' id='line_1_32' title="bbox 451 2873 2026 2950; baseline -0.005 -10"><span class='ocrx_word' id='word_1_208' title='bbox 451 2873 704 2940; x_wconf 82' lang='lat' dir='ltr'><strong>Chrisuts</strong></span> <span class='ocrx_word' id='word_1_209' title='bbox 735 2884 908 2937; x_wconf 83' lang='lat' dir='ltr'><strong>factus</strong></span> <span class='ocrx_word' id='word_1_210' title='bbox 938 2897 1080 2936; x_wconf 91' lang='lat' dir='ltr'><strong>sum.</strong></span> <span class='ocrx_word' id='word_1_211' title='bbox 1137 2881 1202 2932; x_wconf 85' lang='lat' dir='ltr'><strong>Et</strong></span> <span class='ocrx_word' id='word_1_212' title='bbox 1232 2895 1446 2943; x_wconf 85' lang='lat' dir='ltr'><strong>rursus,</strong></span> <span class='ocrx_word' id='word_1_213' title='bbox 1505 2888 1762 2948; x_wconf 86' lang='lat' dir='ltr'><strong>tanquam</strong></span> <span class='ocrx_word' id='word_1_214' title='bbox 1801 2896 1866 2934; x_wconf 82' lang='lat' dir='ltr'><strong>ex</strong></span> <span class='ocrx_word' id='word_1_215' title='bbox 1905 2896 2026 2950; x_wconf 86' lang='lat' dir='ltr'><strong>pcr-</strong></span> 
     </span>
    </p>
   </div>
   <div class='ocr_carea' id='block_1_33' title="bbox 452 2971 2026 3033">
    <p class='ocr_par' dir='ltr' id='par_1_33' title="bbox 452 2971 2026 3033">
     <span class='ocr_line' id='line_1_33' title="bbox 452 2971 2026 3033; baseline -0.003 0"><span class='ocrx_word' id='word_1_216' title='bbox 452 2993 585 3033; x_wconf 74' lang='lat' dir='ltr'><strong>sona</strong></span> <span class='ocrx_word' id='word_1_217' title='bbox 613 2975 791 3030; x_wconf 86' lang='lat' dir='ltr'><strong>Patris</strong></span> <span class='ocrx_word' id='word_1_218' title='bbox 823 2975 888 3028; x_wconf 90' lang='lat' dir='ltr'><strong>ad</strong></span> <span class='ocrx_word' id='word_1_219' title='bbox 922 2972 1118 3026; x_wconf 90' lang='lat' dir='ltr'><strong>Filium</strong></span> <span class='ocrx_word' id='word_1_220' title='bbox 1147 2989 1158 3025; x_wconf 91' lang='lat'><strong>:</strong></span> <span class='ocrx_word' id='word_1_221' title='bbox 1183 2971 1474 3025; x_wconf 87' lang='lat' dir='ltr'><strong>Dominare</strong></span> <span class='ocrx_word' id='word_1_222' title='bbox 1504 2972 1554 3024; x_wconf 82' lang='lat' dir='ltr'><strong>in</strong></span> <span class='ocrx_word' id='word_1_223' title='bbox 1583 2971 1751 3025; x_wconf 82' lang='lat' dir='ltr'><strong>medio</strong></span> <span class='ocrx_word' id='word_1_224' title='bbox 1784 2973 2026 3028; x_wconf 82' lang='lat' dir='ltr'><strong>inimico-</strong></span> 
     </span>
    </p>
   </div>
   <div class='ocr_carea' id='block_1_34' title="bbox 2122 499 3704 575">
    <p class='ocr_par' dir='ltr' id='par_1_34' title="bbox 2122 499 3704 575">
     <span class='ocr_line' id='line_1_34' title="bbox 2122 499 3704 575; baseline -0.003 -19"><span class='ocrx_word' id='word_1_225' title='bbox 2122 508 2220 575; x_wconf 80' lang='grc' dir='ltr'><strong>τῆς</strong></span> <span class='ocrx_word' id='word_1_226' title='bbox 2255 507 2484 575; x_wconf 82' lang='grc' dir='ltr'>χρίσεως</span> <span class='ocrx_word' id='word_1_227' title='bbox 2507 545 2520 568; x_wconf 95' lang='grc'><strong>,</strong></span> <span class='ocrx_word' id='word_1_228' title='bbox 2553 505 2668 559; x_wconf 79' lang='grc' dir='ltr'>ἀλλ’</span> <span class='ocrx_word' id='word_1_229' title='bbox 2707 505 2834 558; x_wconf 79' lang='grc' dir='ltr'>ὄντα</span> <span class='ocrx_word' id='word_1_230' title='bbox 2879 502 3018 557; x_wconf 86' lang='grc' dir='ltr'>κατὰ</span> <span class='ocrx_word' id='word_1_231' title='bbox 3047 502 3144 572; x_wconf 80' lang='grc' dir='ltr'>τὴν</span> <span class='ocrx_word' id='word_1_232' title='bbox 3176 501 3338 554; x_wconf 79' lang='grc' dir='ltr'>αὑτοῦ</span> <span class='ocrx_word' id='word_1_233' title='bbox 3374 499 3533 569; x_wconf 74' lang='grc' dir='ltr'>φύσιν</span> <span class='ocrx_word' id='word_1_234' title='bbox 3559 501 3704 570; x_wconf 74' lang='grc' dir='ltr'>ὅπερ</span> 
     </span>
    </p>
   </div>
   <div class='ocr_carea' id='block_1_35' title="bbox 2123 591 3694 666">
    <p class='ocr_par' dir='ltr' id='par_1_35' title="bbox 2123 591 3694 666">
     <span class='ocr_line' id='line_1_35' title="bbox 2123 591 3694 666; baseline -0.003 -18"><span class='ocrx_word' id='word_1_235' title='bbox 2123 595 2451 666; x_wconf 87' lang='grc' dir='ltr'>ἐτύγχανεν,</span> <span class='ocrx_word' id='word_1_236' title='bbox 2480 595 2538 661; x_wconf 78' lang='grc' dir='ltr'>ἐξ</span> <span class='ocrx_word' id='word_1_237' title='bbox 2588 595 2795 650; x_wconf 76' lang='grc' dir='ltr'><strong>ἰδιώτου</strong></span> <span class='ocrx_word' id='word_1_238' title='bbox 2840 593 2976 664; x_wconf 80' lang='grc' dir='ltr'>πρὸς</span> <span class='ocrx_word' id='word_1_239' title='bbox 3020 593 3240 664; x_wconf 79' lang='grc' dir='ltr'><strong>βασιλέα</strong></span> <span class='ocrx_word' id='word_1_240' title='bbox 3296 591 3694 663; x_wconf 70' lang='grc' dir='ltr'>μετατιθείσης.</span> 
     </span>
    </p>
   </div>
   <div class='ocr_carea' id='block_1_36' title="bbox 2124 684 3715 760">
    <p class='ocr_par' dir='ltr' id='par_1_36' title="bbox 2124 684 3715 760">
     <span class='ocr_line' id='line_1_36' title="bbox 2124 684 3715 760; baseline -0.003 -18"><span class='ocrx_word' id='word_1_241' title='bbox 2124 691 2189 742; x_wconf 89' lang='grc' dir='ltr'>Τί</span> <span class='ocrx_word' id='word_1_242' title='bbox 2221 685 2313 743; x_wconf 77' lang='grc' dir='ltr'><strong>οὖν</strong></span> <span class='ocrx_word' id='word_1_243' title='bbox 2360 689 2558 760; x_wconf 80' lang='grc' dir='ltr'>μᾶλλον</span> <span class='ocrx_word' id='word_1_244' title='bbox 2589 688 2675 742; x_wconf 73' lang='grc' dir='ltr'>διὰ</span> <span class='ocrx_word' id='word_1_245' title='bbox 2705 688 2906 742; x_wconf 87' lang='grc' dir='ltr'>τούτων</span> <span class='ocrx_word' id='word_1_246' title='bbox 2941 688 3004 741; x_wconf 84' lang='grc' dir='ltr'><strong>τὸ</strong></span> <span class='ocrx_word' id='word_1_247' title='bbox 3049 687 3374 756; x_wconf 80' lang='grc' dir='ltr'><strong>πεποιῆσθαι</strong></span> <span class='ocrx_word' id='word_1_248' title='bbox 3421 686 3516 738; x_wconf 78' lang='grc' dir='ltr'><strong>τοῦ</strong></span> <span class='ocrx_word' id='word_1_249' title='bbox 3562 684 3715 756; x_wconf 40' lang='grc' dir='ltr'><strong>Υίοῦ,</strong></span> 
     </span>
    </p>
   </div>
   <div class='ocr_carea' id='block_1_37' title="bbox 2123 777 3693 850">
    <p class='ocr_par' dir='ltr' id='par_1_37' title="bbox 2123 777 3693 850">
     <span class='ocr_line' id='line_1_37' title="bbox 2123 777 3693 850; baseline -0.004 -17"><span class='ocrx_word' id='word_1_250' title='bbox 2123 781 2221 850; x_wconf 81' lang='grc' dir='ltr'>τὴν</span> <span class='ocrx_word' id='word_1_251' title='bbox 2249 780 2435 833; x_wconf 85' lang='grc' dir='ltr'>οὑσίαν</span> <span class='ocrx_word' id='word_1_252' title='bbox 2479 777 2982 842; x_wconf 80' lang='grc' dir='ltr'>κατασκευάζεται,</span> <span class='ocrx_word' id='word_1_253' title='bbox 3021 779 3087 840; x_wconf 79' lang='grc' dir='ltr'><strong>εί,</strong></span> <span class='ocrx_word' id='word_1_254' title='bbox 3129 777 3306 841; x_wconf 84' lang='grc' dir='ltr'>καθώς</span> <span class='ocrx_word' id='word_1_255' title='bbox 3342 793 3506 848; x_wconf 82' lang='grc' dir='ltr'>φησιν</span> <span class='ocrx_word' id='word_1_256' title='bbox 3530 777 3558 827; x_wconf 87' lang='grc' dir='ltr'>ὁ</span> <span class='ocrx_word' id='word_1_257' title='bbox 3591 777 3693 828; x_wconf 83' lang='grc' dir='ltr'><strong>Εὑ-</strong></span> 
     </span>
    </p>
   </div>
   <div class='ocr_carea' id='block_1_38' title="bbox 2123 867 3700 944">
    <p class='ocr_par' dir='ltr' id='par_1_38' title="bbox 2123 867 3700 944">
     <span class='ocr_line' id='line_1_38' title="bbox 2123 867 3700 944; baseline -0.004 -17"><span class='ocrx_word' id='word_1_258' title='bbox 2123 873 2328 944; x_wconf 84' lang='grc' dir='ltr'>νόμιος,</span> <span class='ocrx_word' id='word_1_259' title='bbox 2361 874 2419 925; x_wconf 85' lang='grc' dir='ltr'>ὲν</span> <span class='ocrx_word' id='word_1_260' title='bbox 2446 875 2584 944; x_wconf 82' lang='grc' dir='ltr'>ἀρχῇ</span> <span class='ocrx_word' id='word_1_261' title='bbox 2617 872 2778 926; x_wconf 75' lang='grc' dir='ltr'>αὑτὸν</span> <span class='ocrx_word' id='word_1_262' title='bbox 2812 873 2959 935; x_wconf 73' lang='grc' dir='ltr'>ὄντα,</span> <span class='ocrx_word' id='word_1_263' title='bbox 2997 871 3087 924; x_wconf 71' lang='grc' dir='ltr'>καὶ</span> <span class='ocrx_word' id='word_1_264' title='bbox 3117 870 3248 923; x_wconf 93' lang='grc' dir='ltr'>Θεὸν</span> <span class='ocrx_word' id='word_1_265' title='bbox 3281 870 3438 934; x_wconf 79' lang='grc' dir='ltr'>ὄντα,</span> <span class='ocrx_word' id='word_1_266' title='bbox 3463 870 3559 922; x_wconf 72' lang='grc' dir='ltr'><strong>καὶ</strong></span> <span class='ocrx_word' id='word_1_267' title='bbox 3589 867 3700 921; x_wconf 82' lang='grc' dir='ltr'>Κύ-</span> 
     </span>
    </p>
   </div>
   <div class='ocr_carea' id='block_1_39' title="bbox 2126 961 3701 1036">
    <p class='ocr_par' dir='ltr' id='par_1_39' title="bbox 2126 961 3701 1036">
     <span class='ocr_line' id='line_1_39' title="bbox 2126 961 3701 1036; baseline -0.003 -19"><span class='ocrx_word' id='word_1_268' title='bbox 2126 982 2239 1036; x_wconf 96' lang='grc' dir='ltr'>ριον</span> <span class='ocrx_word' id='word_1_269' title='bbox 2258 1007 2270 1024; x_wconf 86' lang='grc'><strong>,</strong></span> <span class='ocrx_word' id='word_1_270' title='bbox 2307 967 2397 1018; x_wconf 70' lang='grc' dir='ltr'><strong>καὶ</strong></span> <span class='ocrx_word' id='word_1_271' title='bbox 2426 965 2655 1036; x_wconf 79' lang='grc' dir='ltr'>Χριστὸν</span> <span class='ocrx_word' id='word_1_272' title='bbox 2675 967 2702 1018; x_wconf 98' lang='lat'><strong>6</strong></span> <span class='ocrx_word' id='word_1_273' title='bbox 2724 965 2854 1028; x_wconf 81' lang='grc' dir='ltr'>Θεὸς</span> <span class='ocrx_word' id='word_1_274' title='bbox 2893 965 3175 1033; x_wconf 89' lang='grc' dir='ltr'>ἐποίησεν;</span> <span class='ocrx_word' id='word_1_275' title='bbox 3211 963 3275 1015; x_wconf 85' lang='grc' dir='ltr'><strong><em>Ἡ</em></strong></span> <span class='ocrx_word' id='word_1_276' title='bbox 3300 962 3408 1031; x_wconf 80' lang='grc' dir='ltr'>γὰρ</span> <span class='ocrx_word' id='word_1_277' title='bbox 3441 961 3701 1032; x_wconf 78' lang='grc' dir='ltr'>κυριότης</span> 
     </span>
    </p>
   </div>
   <div class='ocr_carea' id='block_1_40' title="bbox 2123 1052 3698 1128">
    <p class='ocr_par' dir='ltr' id='par_1_40' title="bbox 2123 1052 3698 1128">
     <span class='ocr_line' id='line_1_40' title="bbox 2123 1052 3698 1128; baseline -0.004 -18"><span class='ocrx_word' id='word_1_278' title='bbox 2123 1058 2244 1126; x_wconf 74' lang='grc' dir='ltr'>οὐχὶ</span> <span class='ocrx_word' id='word_1_279' title='bbox 2295 1057 2480 1120; x_wconf 85' lang='grc' dir='ltr'>ούσίας</span> <span class='ocrx_word' id='word_1_280' title='bbox 2527 1058 2718 1128; x_wconf 68' lang='grc' dir='ltr'>ὄνομα,</span> <span class='ocrx_word' id='word_1_281' title='bbox 2777 1057 2890 1109; x_wconf 82' lang='grc' dir='ltr'>ἀλλ’</span> <span class='ocrx_word' id='word_1_282' title='bbox 2943 1055 3188 1122; x_wconf 78' lang='grc' dir='ltr'>ἐξουσίας</span> <span class='ocrx_word' id='word_1_283' title='bbox 3217 1053 3363 1117; x_wconf 73' lang='grc' dir='ltr'>ἐστὶ,</span> <span class='ocrx_word' id='word_1_284' title='bbox 3397 1054 3490 1106; x_wconf 68' lang='grc' dir='ltr'><strong>καὶ</strong></span> <span class='ocrx_word' id='word_1_285' title='bbox 3523 1055 3556 1122; x_wconf 81' lang='grc' dir='ltr'><strong>ἡ</strong></span> <span class='ocrx_word' id='word_1_286' title='bbox 3603 1052 3698 1105; x_wconf 74' lang='grc' dir='ltr'>τοῦ</span> 
     </span>
    </p>
   </div>
   <div class='ocr_carea' id='block_1_41' title="bbox 2123 1147 3699 1222">
    <p class='ocr_par' dir='ltr' id='par_1_41' title="bbox 2123 1147 3699 1222">
     <span class='ocr_line' id='line_1_41' title="bbox 2123 1147 3699 1222; baseline -0.003 -19"><span class='ocrx_word' id='word_1_287' title='bbox 2123 1149 2359 1222; x_wconf 74' lang='grc' dir='ltr'>Χριστοῦ</span> <span class='ocrx_word' id='word_1_288' title='bbox 2387 1151 2723 1222; x_wconf 71' lang='grc' dir='ltr'><strong>προσηγορία</strong></span> <span class='ocrx_word' id='word_1_289' title='bbox 2745 1150 2842 1221; x_wconf 79' lang='grc' dir='ltr'>τὴν</span> <span class='ocrx_word' id='word_1_290' title='bbox 2865 1149 3139 1220; x_wconf 84' lang='grc' dir='ltr'>βασιλείαν</span> <span class='ocrx_word' id='word_1_291' title='bbox 3164 1149 3514 1210; x_wconf 78' lang='grc' dir='ltr'>ἐνδείκνυται,</span> <span class='ocrx_word' id='word_1_292' title='bbox 3541 1147 3699 1210; x_wconf 80' lang='grc' dir='ltr'>ἄλλος</span> 
     </span>
    </p>
   </div>
   <div class='ocr_carea' id='block_1_42' title="bbox 2154 1237 3694 1314">
    <p class='ocr_par' dir='ltr' id='par_1_42' title="bbox 2154 1237 3694 1314">
     <span class='ocr_line' id='line_1_42' title="bbox 2154 1237 3694 1314; baseline -0.004 -17"><span class='ocrx_word' id='word_1_293' title='bbox 2154 1245 2180 1298; x_wconf 83' lang='grc' dir='ltr'><strong>ὲ</strong></span> <span class='ocrx_word' id='word_1_294' title='bbox 2214 1244 2314 1314; x_wconf 81' lang='grc' dir='ltr'>τῆς</span> <span class='ocrx_word' id='word_1_295' title='bbox 2349 1242 2652 1313; x_wconf 74' lang='grc' dir='ltr'>βασιλείας,</span> <span class='ocrx_word' id='word_1_296' title='bbox 2700 1242 2792 1295; x_wconf 74' lang='grc' dir='ltr'><strong>καὶ</strong></span> <span class='ocrx_word' id='word_1_297' title='bbox 2831 1241 3017 1314; x_wconf 75' lang='grc' dir='ltr'>ἕτερος</span> <span class='ocrx_word' id='word_1_298' title='bbox 3065 1242 3093 1292; x_wconf 80' lang='grc' dir='ltr'>ὁ</span> <span class='ocrx_word' id='word_1_299' title='bbox 3129 1240 3235 1309; x_wconf 78' lang='grc' dir='ltr'><strong>τῆς</strong></span> <span class='ocrx_word' id='word_1_300' title='bbox 3265 1239 3477 1308; x_wconf 82' lang='grc' dir='ltr'>φύσεως</span> <span class='ocrx_word' id='word_1_301' title='bbox 3516 1237 3694 1306; x_wconf 85' lang='grc' dir='ltr'>λόγος.</span> 
     </span>
    </p>
   </div>
   <div class='ocr_carea' id='block_1_43' title="bbox 2137 1329 3698 1406">
    <p class='ocr_par' dir='ltr' id='par_1_43' title="bbox 2137 1329 3698 1406">
     <span class='ocr_line' id='line_1_43' title="bbox 2137 1329 3698 1406; baseline -0.005 -16"><span class='ocrx_word' id='word_1_302' title='bbox 2137 1337 2297 1390; x_wconf 79' lang='grc' dir='ltr'>Ἀλλὰ</span> <span class='ocrx_word' id='word_1_303' title='bbox 2329 1334 2433 1406; x_wconf 79' lang='grc' dir='ltr'><strong>μὴν</strong></span> <span class='ocrx_word' id='word_1_304' title='bbox 2467 1333 2638 1388; x_wconf 78' lang='grc' dir='ltr'>ταῦτα</span> <span class='ocrx_word' id='word_1_305' title='bbox 2669 1335 2794 1404; x_wconf 70' lang='grc' dir='ltr'>περὶ</span> <span class='ocrx_word' id='word_1_306' title='bbox 2820 1334 2910 1387; x_wconf 86' lang='grc' dir='ltr'><strong>τὸν</strong></span> <span class='ocrx_word' id='word_1_307' title='bbox 2936 1333 3064 1386; x_wconf 86' lang='grc' dir='ltr'>Υίὸν</span> <span class='ocrx_word' id='word_1_308' title='bbox 3088 1332 3181 1386; x_wconf 76' lang='grc' dir='ltr'>τοῦ</span> <span class='ocrx_word' id='word_1_309' title='bbox 3213 1330 3348 1385; x_wconf 66' lang='grc' dir='ltr'><strong>Θεοῐι⁹</strong></span> <span class='ocrx_word' id='word_1_310' title='bbox 3374 1329 3698 1400; x_wconf 80' lang='grc' dir='ltr'>γεγενῆσθαί</span> 
     </span>
    </p>
   </div>
   <div class='ocr_carea' id='block_1_44' title="bbox 2126 1421 3699 1497">
    <p class='ocr_par' dir='ltr' id='par_1_44' title="bbox 2126 1421 3699 1497">
     <span class='ocr_line' id='line_1_44' title="bbox 2126 1421 3699 1497; baseline -0.004 -19"><span class='ocrx_word' id='word_1_311' title='bbox 2126 1443 2288 1497; x_wconf 79' lang='grc' dir='ltr'>φησιν</span> <span class='ocrx_word' id='word_1_312' title='bbox 2341 1428 2374 1497; x_wconf 84' lang='grc' dir='ltr'>ἡ</span> <span class='ocrx_word' id='word_1_313' title='bbox 2418 1425 2629 1495; x_wconf 68' lang='grc' dir='ltr'>Γραφή.</span> <span class='ocrx_word' id='word_1_314' title='bbox 2677 1425 2884 1478; x_wconf 83' lang='grc' dir='ltr'>Οὐκοῦν</span> <span class='ocrx_word' id='word_1_315' title='bbox 2931 1423 3357 1495; x_wconf 75' lang='grc' dir='ltr'>ἐπισκεψώμεθα</span> <span class='ocrx_word' id='word_1_316' title='bbox 3401 1422 3463 1475; x_wconf 85' lang='grc' dir='ltr'><strong>τὸ</strong></span> <span class='ocrx_word' id='word_1_317' title='bbox 3498 1421 3699 1492; x_wconf 80' lang='grc' dir='ltr'>μᾶλλον</span> 
     </span>
    </p>
   </div>
   <div class='ocr_carea' id='block_1_45' title="bbox 2124 1514 3699 1588">
    <p class='ocr_par' dir='ltr' id='par_1_45' title="bbox 2124 1514 3699 1588">
     <span class='ocr_line' id='line_1_45' title="bbox 2124 1514 3699 1588; baseline -0.005 -15"><span class='ocrx_word' id='word_1_318' title='bbox 2124 1519 2346 1582; x_wconf 79' lang='grc' dir='ltr'>εύσεῦἐς</span> <span class='ocrx_word' id='word_1_319' title='bbox 2387 1519 2479 1572; x_wconf 71' lang='grc' dir='ltr'><strong>καὶ</strong></span> <span class='ocrx_word' id='word_1_320' title='bbox 2520 1518 2827 1573; x_wconf 86' lang='grc' dir='ltr'>ἀκόλουθον.</span> <span class='ocrx_word' id='word_1_321' title='bbox 2879 1518 3012 1572; x_wconf 89' lang='grc' dir='ltr'>Τίνα</span> <span class='ocrx_word' id='word_1_322' title='bbox 3058 1517 3199 1572; x_wconf 82' lang='grc' dir='ltr'>κατὰ</span> <span class='ocrx_word' id='word_1_323' title='bbox 3231 1514 3513 1588; x_wconf 77' lang='grc' dir='ltr'>προκοπὴν</span> <span class='ocrx_word' id='word_1_324' title='bbox 3567 1531 3699 1586; x_wconf 88' lang='grc' dir='ltr'>μετ-</span> 
     </span>
    </p>
   </div>
   <div class='ocr_carea' id='block_1_46' title="bbox 2127 1606 3698 1682">
    <p class='ocr_par' dir='ltr' id='par_1_46' title="bbox 2127 1606 3698 1682">
     <span class='ocr_line' id='line_1_46' title="bbox 2127 1606 3698 1682; baseline -0.003 -20"><span class='ocrx_word' id='word_1_325' title='bbox 2127 1611 2268 1680; x_wconf 82' lang='grc' dir='ltr'>έχειν</span> <span class='ocrx_word' id='word_1_326' title='bbox 2298 1610 2440 1670; x_wconf 82' lang='grc' dir='ltr'>τινὸς</span> <span class='ocrx_word' id='word_1_327' title='bbox 2472 1611 2580 1665; x_wconf 87' lang='grc' dir='ltr'><strong>τῶν</strong></span> <span class='ocrx_word' id='word_1_328' title='bbox 2611 1610 2954 1682; x_wconf 72' lang='grc' dir='ltr'><strong>ὑψηλοτέρων</strong></span> <span class='ocrx_word' id='word_1_329' title='bbox 2987 1609 3179 1678; x_wconf 83' lang='grc' dir='ltr'>εὐαγές</span> <span class='ocrx_word' id='word_1_330' title='bbox 3225 1610 3338 1661; x_wconf 84' lang='grc' dir='ltr'>ἐστι</span> <span class='ocrx_word' id='word_1_331' title='bbox 3369 1606 3582 1675; x_wconf 84' lang='grc' dir='ltr'>λέγειν;</span> <span class='ocrx_word' id='word_1_332' title='bbox 3608 1609 3698 1658; x_wconf 81' lang='grc' dir='ltr'><strong>τὸν</strong></span> 
     </span>
    </p>
   </div>
   <div class='ocr_carea' id='block_1_47' title="bbox 2127 1697 3694 1773">
    <p class='ocr_par' dir='ltr' id='par_1_47' title="bbox 2127 1697 3694 1773">
     <span class='ocr_line' id='line_1_47' title="bbox 2127 1697 3694 1773; baseline -0.005 -17"><span class='ocrx_word' id='word_1_333' title='bbox 2127 1703 2277 1765; x_wconf 84' lang='grc' dir='ltr'>Θεὸν,</span> <span class='ocrx_word' id='word_1_334' title='bbox 2311 1702 2343 1771; x_wconf 86' lang='grc' dir='ltr'>ἢ</span> <span class='ocrx_word' id='word_1_335' title='bbox 2375 1702 2466 1754; x_wconf 83' lang='grc' dir='ltr'><strong>τὸν</strong></span> <span class='ocrx_word' id='word_1_336' title='bbox 2504 1701 2820 1773; x_wconf 85' lang='grc' dir='ltr'>ἅνθρωπον;</span> <span class='ocrx_word' id='word_1_337' title='bbox 2855 1700 2949 1764; x_wconf 88' lang='grc' dir='ltr'><strong>Τίς</strong></span> <span class='ocrx_word' id='word_1_338' title='bbox 2981 1699 3123 1753; x_wconf 77' lang='grc' dir='ltr'>οὑτω</span> <span class='ocrx_word' id='word_1_339' title='bbox 3152 1702 3276 1761; x_wconf 86' lang='grc' dir='ltr'>παῖς</span> <span class='ocrx_word' id='word_1_340' title='bbox 3311 1701 3409 1770; x_wconf 79' lang='grc' dir='ltr'><strong>τὴν</strong></span> <span class='ocrx_word' id='word_1_341' title='bbox 3438 1697 3694 1759; x_wconf 79' lang='grc' dir='ltr'>διάνοιαν,</span> 
     </span>
    </p>
   </div>
   <div class='ocr_carea' id='block_1_48' title="bbox 2127 1787 3698 1863">
    <p class='ocr_par' dir='ltr' id='par_1_48' title="bbox 2127 1787 3698 1863">
     <span class='ocr_line' id='line_1_48' title="bbox 2127 1787 3698 1863; baseline -0.004 -15"><span class='ocrx_word' id='word_1_342' title='bbox 2127 1797 2201 1859; x_wconf 83' lang='grc' dir='ltr'><strong>ὡς</strong></span> <span class='ocrx_word' id='word_1_343' title='bbox 2250 1794 2456 1848; x_wconf 76' lang='grc' dir='ltr'>οἴεσθαι</span> <span class='ocrx_word' id='word_1_344' title='bbox 2507 1794 2567 1846; x_wconf 86' lang='grc' dir='ltr'><strong>τὸ</strong></span> <span class='ocrx_word' id='word_1_345' title='bbox 2610 1787 2765 1847; x_wconf 83' lang='grc' dir='ltr'>Θεῖον</span> <span class='ocrx_word' id='word_1_346' title='bbox 2813 1795 2876 1846; x_wconf 88' lang='grc' dir='ltr'><strong>ἐκ</strong></span> <span class='ocrx_word' id='word_1_347' title='bbox 2922 1791 3236 1863; x_wconf 81' lang='grc' dir='ltr'>προσθήκης</span> <span class='ocrx_word' id='word_1_348' title='bbox 3269 1791 3361 1843; x_wconf 77' lang='grc' dir='ltr'>ἐπὶ</span> <span class='ocrx_word' id='word_1_349' title='bbox 3405 1789 3466 1842; x_wconf 84' lang='grc' dir='ltr'><strong>τὸ</strong></span> <span class='ocrx_word' id='word_1_350' title='bbox 3495 1789 3698 1844; x_wconf 83' lang='grc' dir='ltr'>τέλειον</span> 
     </span>
    </p>
   </div>
   <div class='ocr_carea' id='block_1_49' title="bbox 2127 1880 3699 1955">
    <p class='ocr_par' dir='ltr' id='par_1_49' title="bbox 2127 1880 3699 1955">
     <span class='ocr_line' id='line_1_49' title="bbox 2127 1880 3699 1955; baseline -0.004 -16"><span class='ocrx_word' id='word_1_351' title='bbox 2127 1886 2418 1955; x_wconf 76' lang='grc' dir='ltr'>φέρεσθαι;</span> <span class='ocrx_word' id='word_1_352' title='bbox 2449 1883 2584 1954; x_wconf 70' lang='grc' dir='ltr'>Περὶ</span> <span class='ocrx_word' id='word_1_353' title='bbox 2613 1883 2668 1938; x_wconf 85' lang='grc' dir='ltr'><strong>δέ</strong></span> <span class='ocrx_word' id='word_1_354' title='bbox 2695 1885 2793 1953; x_wconf 82' lang='grc' dir='ltr'>τῆς</span> <span class='ocrx_word' id='word_1_355' title='bbox 2823 1883 3169 1954; x_wconf 81' lang='grc' dir='ltr'>ἀνθρωπίνης</span> <span class='ocrx_word' id='word_1_356' title='bbox 3198 1880 3409 1949; x_wconf 83' lang='grc' dir='ltr'>φύσεως</span> <span class='ocrx_word' id='word_1_357' title='bbox 3437 1880 3496 1934; x_wconf 81' lang='grc' dir='ltr'><strong>τὸ</strong></span> <span class='ocrx_word' id='word_1_358' title='bbox 3525 1880 3699 1934; x_wconf 85' lang='grc' dir='ltr'>τοιοῦ-</span> 
     </span>
    </p>
   </div>
   <div class='ocr_carea' id='block_1_50' title="bbox 2126 1970 3698 2044">
    <p class='ocr_par' dir='ltr' id='par_1_50' title="bbox 2126 1970 3698 2044">
     <span class='ocr_line' id='line_1_50' title="bbox 2126 1970 3698 2044; baseline -0.003 -14"><span class='ocrx_word' id='word_1_359' title='bbox 2126 1995 2216 2030; x_wconf 87' lang='grc' dir='ltr'><strong>τον</strong></span> <span class='ocrx_word' id='word_1_360' title='bbox 2254 1978 2532 2041; x_wconf 82' lang='grc' dir='ltr'>ὑπονοεῖν,</span> <span class='ocrx_word' id='word_1_361' title='bbox 2576 1976 2676 2030; x_wconf 79' lang='grc' dir='ltr'><strong>οὐκ</strong></span> <span class='ocrx_word' id='word_1_362' title='bbox 2722 1976 2826 2041; x_wconf 79' lang='grc' dir='ltr'>ἔξω</span> <span class='ocrx_word' id='word_1_363' title='bbox 2856 1977 2948 2030; x_wconf 82' lang='grc' dir='ltr'>τοῦ</span> <span class='ocrx_word' id='word_1_364' title='bbox 2995 1975 3201 2038; x_wconf 80' lang='grc' dir='ltr'>εἰκότος</span> <span class='ocrx_word' id='word_1_365' title='bbox 3228 1975 3375 2041; x_wconf 70' lang='grc' dir='ltr'>ἐστὶ,</span> <span class='ocrx_word' id='word_1_366' title='bbox 3409 1972 3596 2043; x_wconf 78' lang='grc' dir='ltr'>σαφῶς</span> <span class='ocrx_word' id='word_1_367' title='bbox 3618 1970 3698 2044; x_wconf 78' lang='grc' dir='ltr'>τῷ</span> 
     </span>
    </p>
   </div>
   <div class='ocr_carea' id='block_1_51' title="bbox 2127 2064 3698 2140">
    <p class='ocr_par' dir='ltr' id='par_1_51' title="bbox 2127 2064 3698 2140">
     <span class='ocr_line' id='line_1_51' title="bbox 2127 2064 3698 2140; baseline -0.003 -18"><span class='ocrx_word' id='word_1_368' title='bbox 2127 2069 2317 2140; x_wconf 85' lang='grc' dir='ltr'>Κυρίῳ</span> <span class='ocrx_word' id='word_1_369' title='bbox 2349 2069 2447 2140; x_wconf 84' lang='grc' dir='ltr'>τῆς</span> <span class='ocrx_word' id='word_1_370' title='bbox 2472 2069 2566 2122; x_wconf 84' lang='grc' dir='ltr'><strong>τοὺ</strong></span> <span class='ocrx_word' id='word_1_371' title='bbox 2616 2069 2946 2138; x_wconf 84' lang='grc' dir='ltr'>Εύαγγελίου</span> <span class='ocrx_word' id='word_1_372' title='bbox 2987 2070 3169 2139; x_wconf 83' lang='grc' dir='ltr'><strong>φωνῆς</strong></span> <span class='ocrx_word' id='word_1_373' title='bbox 3195 2067 3291 2139; x_wconf 83' lang='grc' dir='ltr'><strong>τὴν</strong></span> <span class='ocrx_word' id='word_1_374' title='bbox 3333 2064 3474 2120; x_wconf 86' lang='grc' dir='ltr'><strong>κατά</strong></span> <span class='ocrx_word' id='word_1_375' title='bbox 3499 2065 3564 2118; x_wconf 81' lang='grc' dir='ltr'><strong>τδ</strong></span> <span class='ocrx_word' id='word_1_376' title='bbox 3602 2065 3698 2117; x_wconf 86' lang='grc' dir='ltr'>ἀν-</span> 
     </span>
    </p>
   </div>
   <div class='ocr_carea' id='block_1_52' title="bbox 2127 2149 3700 2231">
    <p class='ocr_par' dir='ltr' id='par_1_52' title="bbox 2127 2149 3700 2231">
     <span class='ocr_line' id='line_1_52' title="bbox 2127 2149 3700 2231; baseline 0.003 -18"><span class='ocrx_word' id='word_1_377' title='bbox 2127 2159 2395 2230; x_wconf 86' lang='grc' dir='ltr'>θρώπινον</span> <span class='ocrx_word' id='word_1_378' title='bbox 2438 2159 2664 2231; x_wconf 78' lang='grc' dir='ltr'>αὔξησιν</span> <span class='ocrx_word' id='word_1_379' title='bbox 2713 2158 3275 2231; x_wconf 74' lang='grc' dir='ltr'>προσμαρτυρούσηςο</span> <span class='ocrx_word' id='word_1_380' title='bbox 3321 2156 3550 2224; x_wconf 81' lang='grc' dir='ltr'>Ἰησοῦς</span> <span class='ocrx_word' id='word_1_381' title='bbox 3590 2149 3700 2220; x_wconf 72' lang='grc' dir='ltr'>γὰρ</span> 
     </span>
    </p>
   </div>
   <div class='ocr_carea' id='block_1_53' title="bbox 2125 2245 3695 2321">
    <p class='ocr_par' dir='ltr' id='par_1_53' title="bbox 2125 2245 3695 2321">
     <span class='ocr_line' id='line_1_53' title="bbox 2125 2245 3695 2321; baseline -0.002 -18"><span class='ocrx_word' id='word_1_382' title='bbox 2125 2251 2490 2318; x_wconf 80' lang='grc' dir='ltr'>προέκοπτε,</span> <span class='ocrx_word' id='word_1_383' title='bbox 2521 2249 2704 2321; x_wconf 73' lang='grc' dir='ltr'>φησὶν,</span> <span class='ocrx_word' id='word_1_384' title='bbox 2740 2252 2943 2319; x_wconf 77' lang='grc' dir='ltr'>ἡλικίᾳ</span> <span class='ocrx_word' id='word_1_385' title='bbox 2984 2249 3082 2304; x_wconf 75' lang='grc' dir='ltr'><strong>καί</strong></span> <span class='ocrx_word' id='word_1_386' title='bbox 3130 2249 3316 2319; x_wconf 70' lang='grc' dir='ltr'>σοφίᾳ</span> <span class='ocrx_word' id='word_1_387' title='bbox 3359 2247 3458 2302; x_wconf 77' lang='grc' dir='ltr'>καὶ</span> <span class='ocrx_word' id='word_1_388' title='bbox 3484 2245 3695 2317; x_wconf 72' lang='grc' dir='ltr'>χάριτι.</span> 
     </span>
    </p>
   </div>
   <div class='ocr_carea' id='block_1_54' title="bbox 2126 2337 3697 2413">
    <p class='ocr_par' dir='ltr' id='par_1_54' title="bbox 2126 2337 3697 2413">
     <span class='ocr_line' id='line_1_54' title="bbox 2126 2337 3697 2413; baseline -0.001 -20"><span class='ocrx_word' id='word_1_389' title='bbox 2126 2342 2191 2394; x_wconf 90' lang='grc' dir='ltr'>Τί</span> <span class='ocrx_word' id='word_1_390' title='bbox 2223 2343 2402 2395; x_wconf 70' lang='grc' dir='ltr'>τοίνυν</span> <span class='ocrx_word' id='word_1_391' title='bbox 2443 2341 2808 2413; x_wconf 76' lang='grc' dir='ltr'>εὐλογώτερον</span> <span class='ocrx_word' id='word_1_392' title='bbox 2845 2343 2992 2395; x_wconf 90' lang='grc' dir='ltr'>ἐστιν</span> <span class='ocrx_word' id='word_1_393' title='bbox 3033 2344 3097 2396; x_wconf 83' lang='grc' dir='ltr'><strong>ἐκ</strong></span> <span class='ocrx_word' id='word_1_394' title='bbox 3124 2341 3225 2412; x_wconf 87' lang='grc' dir='ltr'>τῆς</span> <span class='ocrx_word' id='word_1_395' title='bbox 3274 2339 3369 2393; x_wconf 75' lang='grc' dir='ltr'>τοῦ</span> <span class='ocrx_word' id='word_1_396' title='bbox 3404 2337 3697 2393; x_wconf 80' lang='grc' dir='ltr'>ἀποστόλου</span> 
     </span>
    </p>
   </div>
   <div class='ocr_carea' id='block_1_55' title="bbox 2128 2430 3700 2504">
    <p class='ocr_par' dir='ltr' id='par_1_55' title="bbox 2128 2430 3700 2504">
     <span class='ocr_line' id='line_1_55' title="bbox 2128 2430 3700 2504; baseline -0.004 -19"><span class='ocrx_word' id='word_1_397' title='bbox 2128 2433 2312 2503; x_wconf 67' lang='grc' dir='ltr'>φωνῆς</span> <span class='ocrx_word' id='word_1_398' title='bbox 2343 2433 2727 2498; x_wconf 84' lang='grc' dir='ltr'>ύποτίθεσθαι;</span> <span class='ocrx_word' id='word_1_399' title='bbox 2761 2433 2852 2485; x_wconf 84' lang='grc' dir='ltr'><strong>τὸν</strong></span> <span class='ocrx_word' id='word_1_400' title='bbox 2883 2433 2940 2485; x_wconf 88' lang='grc' dir='ltr'><strong>ἐν</strong></span> <span class='ocrx_word' id='word_1_401' title='bbox 2972 2434 3112 2504; x_wconf 83' lang='grc' dir='ltr'>ἀρχῇ</span> <span class='ocrx_word' id='word_1_402' title='bbox 3139 2433 3267 2485; x_wconf 78' lang='grc' dir='ltr'>ὄντα</span> <span class='ocrx_word' id='word_1_403' title='bbox 3293 2430 3444 2492; x_wconf 85' lang='grc' dir='ltr'>Θεὸν,</span> <span class='ocrx_word' id='word_1_404' title='bbox 3473 2430 3537 2482; x_wconf 86' lang='grc' dir='ltr'><strong>ἐκ</strong></span> <span class='ocrx_word' id='word_1_405' title='bbox 3567 2444 3700 2498; x_wconf 87' lang='grc' dir='ltr'>προ-</span> 
     </span>
    </p>
   </div>
   <div class='ocr_carea' id='block_1_56' title="bbox 2126 2518 3698 2598">
    <p class='ocr_par' dir='ltr' id='par_1_56' title="bbox 2126 2518 3698 2598">
     <span class='ocr_line' id='line_1_56' title="bbox 2126 2518 3698 2598; baseline -0.004 -21"><span class='ocrx_word' id='word_1_406' title='bbox 2126 2527 2301 2596; x_wconf 81' lang='grc' dir='ltr'>κοπῆς</span> <span class='ocrx_word' id='word_1_407' title='bbox 2333 2524 2536 2598; x_wconf 87' lang='grc' dir='ltr'>Κύριον</span> <span class='ocrx_word' id='word_1_408' title='bbox 2563 2523 2831 2594; x_wconf 77' lang='grc' dir='ltr'>γενέσθαι,</span> <span class='ocrx_word' id='word_1_409' title='bbox 2868 2524 2901 2596; x_wconf 80' lang='grc' dir='ltr'>ἢ</span> <span class='ocrx_word' id='word_1_410' title='bbox 2934 2524 2993 2577; x_wconf 86' lang='grc' dir='ltr'><strong>τὸ</strong></span> <span class='ocrx_word' id='word_1_411' title='bbox 3015 2522 3267 2577; x_wconf 83' lang='grc' dir='ltr'>ταπεινὸν</span> <span class='ocrx_word' id='word_1_412' title='bbox 3297 2523 3391 2592; x_wconf 84' lang='grc' dir='ltr'>τῆς</span> <span class='ocrx_word' id='word_1_413' title='bbox 3421 2518 3698 2592; x_wconf 75' lang='grc' dir='ltr'>ἀνθρωπίο</span> 
     </span>
    </p>
   </div>
   <div class='ocr_carea' id='block_1_57' title="bbox 2126 2611 3701 2686">
    <p class='ocr_par' dir='ltr' id='par_1_57' title="bbox 2126 2611 3701 2686">
     <span class='ocr_line' id='line_1_57' title="bbox 2126 2611 3701 2686; baseline -0.002 -19"><span class='ocrx_word' id='word_1_414' title='bbox 2126 2632 2222 2686; x_wconf 89' lang='grc' dir='ltr'><strong>νης</strong></span> <span class='ocrx_word' id='word_1_415' title='bbox 2255 2614 2487 2683; x_wconf 83' lang='grc' dir='ltr'>φύσεως,</span> <span class='ocrx_word' id='word_1_416' title='bbox 2523 2616 2587 2668; x_wconf 86' lang='grc' dir='ltr'><strong>ἐκ</strong></span> <span class='ocrx_word' id='word_1_417' title='bbox 2623 2613 2722 2684; x_wconf 83' lang='grc' dir='ltr'><strong>τῆς</strong></span> <span class='ocrx_word' id='word_1_418' title='bbox 2760 2613 2895 2684; x_wconf 81' lang='grc' dir='ltr'>πρὸς</span> <span class='ocrx_word' id='word_1_419' title='bbox 2931 2613 2992 2667; x_wconf 84' lang='grc' dir='ltr'><strong>τὸ</strong></span> <span class='ocrx_word' id='word_1_420' title='bbox 3019 2614 3169 2668; x_wconf 85' lang='grc' dir='ltr'>Θεῖον</span> <span class='ocrx_word' id='word_1_421' title='bbox 3200 2613 3500 2679; x_wconf 77' lang='grc' dir='ltr'>κοινωνίας,</span> <span class='ocrx_word' id='word_1_422' title='bbox 3535 2613 3615 2674; x_wconf 78' lang='grc' dir='ltr'><strong>είς</strong></span> <span class='ocrx_word' id='word_1_423' title='bbox 3639 2611 3701 2664; x_wconf 54' lang='lat' dir='ltr'><strong>re</strong></span> 
     </span>
    </p>
   </div>
   <div class='ocr_carea' id='block_1_58' title="bbox 2127 2704 3700 2776">
    <p class='ocr_par' dir='ltr' id='par_1_58' title="bbox 2127 2704 3700 2776">
     <span class='ocr_line' id='line_1_58' title="bbox 2127 2704 3700 2776; baseline -0.003 -17"><span class='ocrx_word' id='word_1_424' title='bbox 2127 2706 2256 2776; x_wconf 64' lang='grc' dir='ltr'>ὑοζρος</span> <span class='ocrx_word' id='word_1_425' title='bbox 2301 2706 2397 2776; x_wconf 84' lang='grc' dir='ltr'>τῆς</span> <span class='ocrx_word' id='word_1_426' title='bbox 2443 2705 2600 2771; x_wconf 80' lang='grc' dir='ltr'>ἀξίας</span> <span class='ocrx_word' id='word_1_427' title='bbox 2654 2705 3158 2776; x_wconf 80' lang='grc' dir='ltr'>ἀναλαμϐάνεσθαι;</span> <span class='ocrx_word' id='word_1_428' title='bbox 3193 2706 3302 2758; x_wconf 72' lang='grc' dir='ltr'><strong>Καὶ</strong></span> <span class='ocrx_word' id='word_1_429' title='bbox 3343 2704 3451 2775; x_wconf 80' lang='grc' dir='ltr'>γὰρ</span> <span class='ocrx_word' id='word_1_430' title='bbox 3489 2705 3518 2756; x_wconf 95' lang='lat'><strong>6</strong></span> <span class='ocrx_word' id='word_1_431' title='bbox 3565 2719 3700 2772; x_wconf 83' lang='grc' dir='ltr'>προ-</span> 
     </span>
    </p>
   </div>
   <div class='ocr_carea' id='block_1_59' title="bbox 2127 2795 3698 2870">
    <p class='ocr_par' dir='ltr' id='par_1_59' title="bbox 2127 2795 3698 2870">
     <span class='ocr_line' id='line_1_59' title="bbox 2127 2795 3698 2870; baseline -0.003 -19"><span class='ocrx_word' id='word_1_432' title='bbox 2127 2802 2302 2870; x_wconf 81' lang='grc' dir='ltr'>φήτης</span> <span class='ocrx_word' id='word_1_433' title='bbox 2341 2797 2506 2850; x_wconf 62' lang='grc' dir='ltr'>Δαϐἱδ</span> <span class='ocrx_word' id='word_1_434' title='bbox 2546 2797 2621 2860; x_wconf 83' lang='grc' dir='ltr'>ὡς</span> <span class='ocrx_word' id='word_1_435' title='bbox 2654 2799 2718 2850; x_wconf 84' lang='grc' dir='ltr'><strong>ἐκ</strong></span> <span class='ocrx_word' id='word_1_436' title='bbox 2763 2797 3053 2868; x_wconf 82' lang='grc' dir='ltr'>προσώπου</span> <span class='ocrx_word' id='word_1_437' title='bbox 3096 2796 3190 2850; x_wconf 83' lang='grc' dir='ltr'>τοῦ</span> <span class='ocrx_word' id='word_1_438' title='bbox 3235 2798 3438 2866; x_wconf 86' lang='grc' dir='ltr'>Κυρίου</span> <span class='ocrx_word' id='word_1_439' title='bbox 3500 2795 3698 2866; x_wconf 74' lang='grc' dir='ltr'>φησὶν,</span> 
     </span>
    </p>
   </div>
   <div class='ocr_carea' id='block_1_60' title="bbox 2125 2887 3699 2960">
    <p class='ocr_par' dir='ltr' id='par_1_60' title="bbox 2125 2887 3699 2960">
     <span class='ocr_line' id='line_1_60' title="bbox 2125 2887 3699 2960; baseline -0.003 -16"><span class='ocrx_word' id='word_1_440' title='bbox 2125 2893 2205 2944; x_wconf 81' lang='grc' dir='ltr'><strong>ὅτι</strong></span> <span class='ocrx_word' id='word_1_441' title='bbox 2244 2889 2391 2960; x_wconf 74' lang='grc' dir='ltr'><strong>Ἐγὼ</strong></span> <span class='ocrx_word' id='word_1_442' title='bbox 2417 2889 2485 2943; x_wconf 83' lang='grc' dir='ltr'>δὲ</span> <span class='ocrx_word' id='word_1_443' title='bbox 2509 2889 2884 2956; x_wconf 74' lang='grc' dir='ltr'>κατεστάθην</span> <span class='ocrx_word' id='word_1_444' title='bbox 2902 2889 3202 2955; x_wconf 76' lang='grc' dir='ltr'>βασιλεὺς</span> <span class='ocrx_word' id='word_1_445' title='bbox 3225 2891 3325 2942; x_wconf 81' lang='grc' dir='ltr'>ὑπ’</span> <span class='ocrx_word' id='word_1_446' title='bbox 3358 2887 3699 2943; x_wconf 76' lang='grc' dir='ltr'>αὐτοῦ’-πα-</span> 
     </span>
    </p>
   </div>
   <div class='ocr_carea' id='block_1_61' title="bbox 2130 2981 3702 3054">
    <p class='ocr_par' dir='ltr' id='par_1_61' title="bbox 2130 2981 3702 3054">
     <span class='ocr_line' id='line_1_61' title="bbox 2130 2981 3702 3054; baseline -0.003 -17"><span class='ocrx_word' id='word_1_447' title='bbox 2130 2983 2424 3054; x_wconf 84' lang='grc' dir='ltr'>ραπλήσιον</span> <span class='ocrx_word' id='word_1_448' title='bbox 2467 2982 2639 3051; x_wconf 77' lang='grc' dir='ltr'>λέγων</span> <span class='ocrx_word' id='word_1_449' title='bbox 2662 2981 2760 3052; x_wconf 83' lang='grc' dir='ltr'><strong>τῷ,</strong></span> <span class='ocrx_word' id='word_1_450' title='bbox 2791 2982 3023 3053; x_wconf 84' lang='grc' dir='ltr'>Χριστὸς</span> <span class='ocrx_word' id='word_1_451' title='bbox 3063 2983 3347 3053; x_wconf 79' lang='grc' dir='ltr'>ἐγενόμην.</span> <span class='ocrx_word' id='word_1_452' title='bbox 3393 2983 3508 3035; x_wconf 77' lang='grc' dir='ltr'>Καὶ·</span> <span class='ocrx_word' id='word_1_453' title='bbox 3541 2981 3702 3034; x_wconf 76' lang='grc' dir='ltr'>πάλιν</span> 
     </span>
    </p>
   </div>
   <div class='ocr_carea' id='block_1_62' title="bbox 452 3062 2027 3145">
    <p class='ocr_par' dir='ltr' id='par_1_62' title="bbox 452 3062 2023 3128">
     <span class='ocr_line' id='line_1_62' title="bbox 452 3062 2023 3128; baseline -0.003 -7"><span class='ocrx_word' id='word_1_454' title='bbox 452 3087 568 3122; x_wconf 88' lang='lat' dir='ltr'><strong>rum</strong></span> <span class='ocrx_word' id='word_1_455' title='bbox 605 3081 814 3119; x_wconf 82' lang='lat' dir='ltr'><strong>tuorum</strong></span> <span class='ocrx_word' id='word_1_456' title='bbox 843 3067 909 3119; x_wconf 76' lang='grc'><strong>’⁷.</strong></span> <span class='ocrx_word' id='word_1_457' title='bbox 949 3064 1093 3117; x_wconf 87' lang='lat' dir='ltr'><strong>Idem</strong></span> <span class='ocrx_word' id='word_1_458' title='bbox 1123 3078 1244 3117; x_wconf 93' lang='lat' dir='ltr'><strong>cum</strong></span> <span class='ocrx_word' id='word_1_459' title='bbox 1298 3062 1456 3118; x_wconf 87' lang='lat' dir='ltr'><strong>Petro</strong></span> <span class='ocrx_word' id='word_1_460' title='bbox 1486 3063 1694 3128; x_wconf 84' lang='lat' dir='ltr'><strong>dicens,</strong></span> <span class='ocrx_word' id='word_1_461' title='bbox 1763 3062 2023 3118; x_wconf 89' lang='lat' dir='ltr'><strong>Dominus</strong></span> 
     </span>
    </p>
   </div>
   <div class='ocr_carea' id='block_1_63' title="bbox 2130 3062 3699 3145">
    <p class='ocr_par' dir='ltr' id='par_1_63' title="bbox 2130 3071 3699 3145">
     <span class='ocr_line' id='line_1_63' title="bbox 2130 3071 3699 3145; baseline -0.003 -19"><span class='ocrx_word' id='word_1_462' title='bbox 2130 3073 2203 3137; x_wconf 87' lang='grc' dir='ltr'>ὡς</span> <span class='ocrx_word' id='word_1_463' title='bbox 2230 3075 2293 3125; x_wconf 85' lang='grc' dir='ltr'><strong>ἐκ</strong></span> <span class='ocrx_word' id='word_1_464' title='bbox 2323 3072 2414 3125; x_wconf 80' lang='grc' dir='ltr'><strong>τοὺ</strong></span> <span class='ocrx_word' id='word_1_465' title='bbox 2446 3072 2659 3143; x_wconf 83' lang='grc' dir='ltr'>Πατρὸς</span> <span class='ocrx_word' id='word_1_466' title='bbox 2689 3071 2823 3145; x_wconf 88' lang='grc' dir='ltr'>πρὸς</span> <span class='ocrx_word' id='word_1_467' title='bbox 2873 3072 2965 3125; x_wconf 89' lang='grc' dir='ltr'><strong>τὸν</strong></span> <span class='ocrx_word' id='word_1_468' title='bbox 3012 3072 3243 3143; x_wconf 83' lang='grc' dir='ltr'>Κύριον,</span> <span class='ocrx_word' id='word_1_469' title='bbox 3279 3071 3699 3139; x_wconf 67' lang='grc' dir='ltr'>Κατακυρίεινε,</span> 
     </span>
    </p>
   </div>
   <div class='ocr_carea' id='block_1_64' title="bbox 452 3153 2028 3224">
    <p class='ocr_par' dir='ltr' id='par_1_64' title="bbox 452 3153 2028 3224">
     <span class='ocr_line' id='line_1_64' title="bbox 452 3153 2028 3224; baseline -0.004 -8"><span class='ocrx_word' id='word_1_470' title='bbox 452 3161 550 3216; x_wconf 84' lang='lat' dir='ltr'><strong>ﬁas</strong></span> <span class='ocrx_word' id='word_1_471' title='bbox 629 3160 970 3213; x_wconf 88' lang='lat' dir='ltr'><strong>inimicorum</strong></span> <span class='ocrx_word' id='word_1_472' title='bbox 1049 3167 1285 3210; x_wconf 86' lang='lat' dir='ltr'><strong>tuorum.</strong></span> <span class='ocrx_word' id='word_1_473' title='bbox 1348 3153 1811 3220; x_wconf 67' lang='lat' dir='ltr'><strong>Quemadmodum</strong></span> <span class='ocrx_word' id='word_1_474' title='bbox 1865 3157 2028 3224; x_wconf 77' lang='lat' dir='ltr'><strong>igitur</strong></span> 
     </span>
    </p>
   </div>
   <div class='ocr_carea' id='block_1_65' title="bbox 450 3247 2030 3321">
    <p class='ocr_par' dir='ltr' id='par_1_65' title="bbox 450 3247 2030 3321">
     <span class='ocr_line' id='line_1_65' title="bbox 450 3247 2030 3321; baseline -0.004 -14"><span class='ocrx_word' id='word_1_475' title='bbox 450 3252 602 3321; x_wconf 75' lang='lat' dir='ltr'><strong>regni</strong></span> <span class='ocrx_word' id='word_1_476' title='bbox 639 3251 963 3306; x_wconf 85' lang='lat' dir='ltr'><strong>constitutio</strong></span> <span class='ocrx_word' id='word_1_477' title='bbox 1021 3265 1129 3303; x_wconf 92' lang='lat' dir='ltr'><strong>non</strong></span> <span class='ocrx_word' id='word_1_478' title='bbox 1163 3249 1415 3303; x_wconf 61' lang='lat' dir='ltr'><strong>essentia:</strong></span> <span class='ocrx_word' id='word_1_479' title='bbox 1453 3247 1725 3319; x_wconf 80' lang='lat' dir='ltr'><strong>significat</strong></span> <span class='ocrx_word' id='word_1_480' title='bbox 1773 3257 2030 3303; x_wconf 85' lang='lat' dir='ltr'><strong>constru-</strong></span> 
     </span>
    </p>
   </div>
   <div class='ocr_carea' id='block_1_66' title="bbox 450 3339 2026 3411">
    <p class='ocr_par' dir='ltr' id='par_1_66' title="bbox 450 3339 2026 3411">
     <span class='ocr_line' id='line_1_66' title="bbox 450 3339 2026 3411; baseline -0.003 -14"><span class='ocrx_word' id='word_1_481' title='bbox 450 3345 706 3405; x_wconf 69' lang='lat' dir='ltr'><strong>cxionem,</strong></span> <span class='ocrx_word' id='word_1_482' title='bbox 747 3344 839 3398; x_wconf 92' lang='lat' dir='ltr'><strong>sed</strong></span> <span class='ocrx_word' id='word_1_483' title='bbox 889 3342 956 3396; x_wconf 89' lang='lat' dir='ltr'><strong>ad</strong></span> <span class='ocrx_word' id='word_1_484' title='bbox 1001 3341 1320 3411; x_wconf 84' lang='lat' dir='ltr'><strong>dignitatem</strong></span> <span class='ocrx_word' id='word_1_485' title='bbox 1371 3339 1801 3411; x_wconf 83' lang='lat' dir='ltr'><strong>provectionem,</strong></span> <span class='ocrx_word' id='word_1_486' title='bbox 1842 3346 1896 3393; x_wconf 90' lang='lat' dir='ltr'><strong>et</strong></span> <span class='ocrx_word' id='word_1_487' title='bbox 1935 3339 2026 3409; x_wconf 91' lang='lat' dir='ltr'><strong>qui</strong></span> 
     </span>
    </p>
   </div>
   <div class='ocr_carea' id='block_1_67' title="bbox 446 3425 2028 3504">
    <p class='ocr_par' dir='ltr' id='par_1_67' title="bbox 446 3425 2028 3504">
     <span class='ocr_line' id='line_1_67' title="bbox 446 3425 2028 3504; baseline -0.004 -18"><span class='ocrx_word' id='word_1_488' title='bbox 446 3434 597 3504; x_wconf 86' lang='lat' dir='ltr'><strong>jnhet</strong></span> <span class='ocrx_word' id='word_1_489' title='bbox 634 3433 924 3494; x_wconf 89' lang='lat' dir='ltr'><strong>dominari,</strong></span> <span class='ocrx_word' id='word_1_490' title='bbox 969 3447 1076 3485; x_wconf 91' lang='lat' dir='ltr'><strong>non</strong></span> <span class='ocrx_word' id='word_1_491' title='bbox 1112 3439 1240 3484; x_wconf 90' lang='lat' dir='ltr'><strong>tunc</strong></span> <span class='ocrx_word' id='word_1_492' title='bbox 1277 3430 1414 3491; x_wconf 83' lang='lat' dir='ltr'><strong>ﬁeri,</strong></span> <span class='ocrx_word' id='word_1_493' title='bbox 1450 3425 1594 3497; x_wconf 87' lang='lat' dir='ltr'><strong>quod</strong></span> <span class='ocrx_word' id='word_1_494' title='bbox 1647 3442 1754 3480; x_wconf 88' lang='lat' dir='ltr'><strong>non</strong></span> <span class='ocrx_word' id='word_1_495' title='bbox 1786 3436 1902 3480; x_wconf 89' lang='lat' dir='ltr'><strong>erat</strong></span> <span class='ocrx_word' id='word_1_496' title='bbox 1938 3428 2028 3496; x_wconf 89' lang='lat' dir='ltr'><strong>ju-</strong></span> 
     </span>
    </p>
   </div>
   <div class='ocr_carea' id='block_1_68' title="bbox 450 3515 2027 3590">
    <p class='ocr_par' dir='ltr' id='par_1_68' title="bbox 450 3515 2027 3590">
     <span class='ocr_line' id='line_1_68' title="bbox 450 3515 2027 3590; baseline -0.004 -11"><span class='ocrx_word' id='word_1_497' title='bbox 450 3524 561 3587; x_wconf 81' lang='lat' dir='ltr'><strong>bet,</strong></span> <span class='ocrx_word' id='word_1_498' title='bbox 594 3523 686 3577; x_wconf 90' lang='lat' dir='ltr'><strong>scd</strong></span> <span class='ocrx_word' id='word_1_499' title='bbox 718 3522 767 3576; x_wconf 89' lang='lat' dir='ltr'><strong>ei</strong></span> <span class='ocrx_word' id='word_1_500' title='bbox 806 3521 896 3590; x_wconf 89' lang='lat' dir='ltr'><strong>qui</strong></span> <span class='ocrx_word' id='word_1_501' title='bbox 931 3530 1012 3575; x_wconf 92' lang='lat' dir='ltr'><strong>cst</strong></span> <span class='ocrx_word' id='word_1_502' title='bbox 1044 3528 1234 3572; x_wconf 88' lang='lat' dir='ltr'><strong>contra</strong></span> <span class='ocrx_word' id='word_1_503' title='bbox 1267 3517 1496 3573; x_wconf 85' lang='lat' dir='ltr'><strong>rebelles</strong></span> <span class='ocrx_word' id='word_1_504' title='bbox 1545 3515 1639 3570; x_wconf 86' lang='lat' dir='ltr'><strong>dat</strong></span> <span class='ocrx_word' id='word_1_505' title='bbox 1689 3517 1976 3586; x_wconf 90' lang='lat' dir='ltr'><strong>imperium</strong></span> <span class='ocrx_word' id='word_1_506' title='bbox 2014 3534 2027 3572; x_wconf 93' lang='lat'><strong>:</strong></span> 
     </span>
    </p>
   </div>
   <div class='ocr_carea' id='block_1_69' title="bbox 453 3608 2029 3680">
    <p class='ocr_par' dir='ltr' id='par_1_69' title="bbox 453 3608 2029 3680">
     <span class='ocr_line' id='line_1_69' title="bbox 453 3608 2029 3680; baseline -0.007 -9"><span class='ocrx_word' id='word_1_507' title='bbox 453 3617 532 3671; x_wconf 89' lang='lat' dir='ltr'><strong>sic</strong></span> <span class='ocrx_word' id='word_1_508' title='bbox 570 3617 761 3668; x_wconf 88' lang='lat' dir='ltr'><strong>beatus</strong></span> <span class='ocrx_word' id='word_1_509' title='bbox 792 3612 983 3667; x_wconf 84' lang='lat' dir='ltr'><strong>Petrus</strong></span> <span class='ocrx_word' id='word_1_510' title='bbox 1006 3611 1307 3677; x_wconf 85' lang='lat' dir='ltr'><strong>Christum,</strong></span> <span class='ocrx_word' id='word_1_511' title='bbox 1339 3610 1442 3664; x_wconf 92' lang='lat' dir='ltr'><strong>hoc</strong></span> <span class='ocrx_word' id='word_1_512' title='bbox 1463 3615 1547 3663; x_wconf 87' lang='lat' dir='ltr'><strong>est</strong></span> <span class='ocrx_word' id='word_1_513' title='bbox 1574 3624 1756 3680; x_wconf 82' lang='lat' dir='ltr'><strong>regem</strong></span> <span class='ocrx_word' id='word_1_514' title='bbox 1786 3608 2029 3661; x_wconf 90' lang='lat' dir='ltr'><strong>omnium</strong></span> 
     </span>
    </p>
   </div>
   <div class='ocr_carea' id='block_1_70' title="bbox 456 3701 2033 3772">
    <p class='ocr_par' dir='ltr' id='par_1_70' title="bbox 456 3701 2033 3772">
     <span class='ocr_line' id='line_1_70' title="bbox 456 3701 2033 3772; baseline -0.005 -10"><span class='ocrx_word' id='word_1_515' title='bbox 456 3709 660 3762; x_wconf 80' lang='lat' dir='ltr'><strong>factum</strong></span> <span class='ocrx_word' id='word_1_516' title='bbox 695 3719 817 3759; x_wconf 86' lang='lat' dir='ltr'><strong>esse</strong></span> <span class='ocrx_word' id='word_1_517' title='bbox 860 3718 982 3757; x_wconf 90' lang='lat' dir='ltr'><strong>cum</strong></span> <span class='ocrx_word' id='word_1_518' title='bbox 1007 3702 1162 3765; x_wconf 85' lang='lat' dir='ltr'><strong>dicit,</strong></span> <span class='ocrx_word' id='word_1_519' title='bbox 1195 3701 1414 3772; x_wconf 86' lang='lat' dir='ltr'><strong>adjecit,</strong></span> <span class='ocrx_word' id='word_1_520' title='bbox 1443 3702 1642 3770; x_wconf 87' lang='lat' dir='ltr'><strong>ipsum,</strong></span> <span class='ocrx_word' id='word_1_521' title='bbox 1675 3710 1734 3754; x_wconf 90' lang='lat' dir='ltr'><strong>ut</strong></span> <span class='ocrx_word' id='word_1_522' title='bbox 1760 3701 1825 3754; x_wconf 90' lang='lat' dir='ltr'><strong>ab</strong></span> <span class='ocrx_word' id='word_1_523' title='bbox 1847 3715 2033 3755; x_wconf 83' lang='lat' dir='ltr'><strong>essen-</strong></span> 
     </span>
    </p>
   </div>
   <div class='ocr_carea' id='block_1_71' title="bbox 453 3792 2028 3862">
    <p class='ocr_par' dir='ltr' id='par_1_71' title="bbox 453 3792 2028 3862">
     <span class='ocr_line' id='line_1_71' title="bbox 453 3792 2028 3862; baseline -0.004 -13"><span class='ocrx_word' id='word_1_524' title='bbox 453 3797 530 3850; x_wconf 88' lang='lat' dir='ltr'><strong>tia</strong></span> <span class='ocrx_word' id='word_1_525' title='bbox 557 3803 609 3848; x_wconf 87' lang='lat' dir='ltr'><strong>et</strong></span> <span class='ocrx_word' id='word_1_526' title='bbox 632 3795 717 3848; x_wconf 92' lang='lat' dir='ltr'><strong>his</strong></span> <span class='ocrx_word' id='word_1_527' title='bbox 742 3807 860 3862; x_wconf 67' lang='lat' dir='ltr'><strong>quze</strong></span> <span class='ocrx_word' id='word_1_528' title='bbox 896 3792 948 3845; x_wconf 90' lang='lat' dir='ltr'><strong>in</strong></span> <span class='ocrx_word' id='word_1_529' title='bbox 973 3792 1075 3845; x_wconf 90' lang='lat' dir='ltr'><strong>hac</strong></span> <span class='ocrx_word' id='word_1_530' title='bbox 1108 3800 1427 3860; x_wconf 89' lang='lat' dir='ltr'><strong>spectantur</strong></span> <span class='ocrx_word' id='word_1_531' title='bbox 1452 3797 1666 3860; x_wconf 87' lang='lat' dir='ltr'><strong>separet</strong></span> <span class='ocrx_word' id='word_1_532' title='bbox 1698 3806 2028 3846; x_wconf 89' lang='lat' dir='ltr'><strong>sermonem.</strong></span> 
     </span>
    </p>
   </div>
   <div class='ocr_carea' id='block_1_72' title="bbox 447 3882 2029 3952">
    <p class='ocr_par' dir='ltr' id='par_1_72' title="bbox 447 3882 2029 3952">
     <span class='ocr_line' id='line_1_72' title="bbox 447 3882 2029 3952; baseline -0.001 -12"><span class='ocrx_word' id='word_1_533' title='bbox 447 3890 578 3940; x_wconf 74' lang='lat' dir='ltr'><strong>(“nm</strong></span> <span class='ocrx_word' id='word_1_534' title='bbox 605 3887 745 3939; x_wconf 90' lang='lat' dir='ltr'><strong>enim</strong></span> <span class='ocrx_word' id='word_1_535' title='bbox 775 3893 918 3939; x_wconf 87' lang='lat' dir='ltr'><strong>esset</strong></span> <span class='ocrx_word' id='word_1_536' title='bbox 953 3883 1004 3936; x_wconf 90' lang='lat' dir='ltr'><strong>id</strong></span> <span class='ocrx_word' id='word_1_537' title='bbox 1066 3883 1208 3952; x_wconf 92' lang='lat' dir='ltr'><strong>quod</strong></span> <span class='ocrx_word' id='word_1_538' title='bbox 1239 3893 1339 3946; x_wconf 91' lang='lat' dir='ltr'><strong>est,</strong></span> <span class='ocrx_word' id='word_1_539' title='bbox 1373 3899 1494 3952; x_wconf 66' lang='lat' dir='ltr'><strong>quae</strong></span> <span class='ocrx_word' id='word_1_540' title='bbox 1525 3883 1669 3938; x_wconf 89' lang='lat' dir='ltr'><strong>dicta</strong></span> <span class='ocrx_word' id='word_1_541' title='bbox 1710 3891 1840 3937; x_wconf 85' lang='lat' dir='ltr'><strong>sunt</strong></span> <span class='ocrx_word' id='word_1_542' title='bbox 1881 3882 2029 3938; x_wconf 84' lang='lat' dir='ltr'><strong>fecit.</strong></span> 
     </span>
    </p>
   </div>
   <div class='ocr_carea' id='block_1_73' title="bbox 457 3974 2034 4046">
    <p class='ocr_par' dir='ltr' id='par_1_73' title="bbox 457 3974 2034 4046">
     <span class='ocr_line' id='line_1_73' title="bbox 457 3974 2034 4046; baseline -0.001 -16"><span class='ocrx_word' id='word_1_543' title='bbox 457 3978 511 4030; x_wconf 86' lang='lat' dir='ltr'><strong>Si</strong></span> <span class='ocrx_word' id='word_1_544' title='bbox 555 3977 718 4046; x_wconf 79' lang='lat' dir='ltr'><strong>igitur</strong></span> <span class='ocrx_word' id='word_1_545' title='bbox 757 3975 838 4029; x_wconf 81' lang='lat' dir='ltr'><strong>fas</strong></span> <span class='ocrx_word' id='word_1_546' title='bbox 877 3983 1022 4028; x_wconf 85' lang='lat' dir='ltr'><strong>esset.</strong></span> <span class='ocrx_word' id='word_1_547' title='bbox 1056 3974 1108 4025; x_wconf 91' lang='lat' dir='ltr'><strong>in</strong></span> <span class='ocrx_word' id='word_1_548' title='bbox 1161 3975 1599 4043; x_wconf 89' lang='lat' dir='ltr'><strong>superemineute</strong></span> <span class='ocrx_word' id='word_1_549' title='bbox 1628 3983 1820 4028; x_wconf 88' lang='lat' dir='ltr'><strong>natura</strong></span> <span class='ocrx_word' id='word_1_550' title='bbox 1852 3975 2034 4028; x_wconf 89' lang='lat' dir='ltr'><strong>dicere</strong></span> 
     </span>
    </p>
   </div>
   <div class='ocr_carea' id='block_1_74' title="bbox 456 4064 2029 4137">
    <p class='ocr_par' dir='ltr' id='par_1_74' title="bbox 456 4064 2029 4137">
     <span class='ocr_line' id='line_1_74' title="bbox 456 4064 2029 4137; baseline -0.001 -17"><span class='ocrx_word' id='word_1_551' title='bbox 456 4067 660 4137; x_wconf 86' lang='lat' dir='ltr'><strong>aliquid</strong></span> <span class='ocrx_word' id='word_1_552' title='bbox 696 4065 807 4120; x_wconf 83' lang='lat' dir='ltr'><strong>ﬁeri</strong></span> <span class='ocrx_word' id='word_1_553' title='bbox 840 4081 932 4136; x_wconf 83' lang='lat' dir='ltr'><strong>per</strong></span> <span class='ocrx_word' id='word_1_554' title='bbox 956 4064 1329 4135; x_wconf 82' lang='lat' dir='ltr'><strong>profectumet</strong></span> <span class='ocrx_word' id='word_1_555' title='bbox 1369 4072 1741 4134; x_wconf 79' lang='lat' dir='ltr'><strong>augmentum,</strong></span> <span class='ocrx_word' id='word_1_556' title='bbox 1771 4067 1932 4134; x_wconf 85' lang='lat' dir='ltr'><strong>quale</strong></span> <span class='ocrx_word' id='word_1_557' title='bbox 1965 4081 2029 4119; x_wconf 86' lang='lat' dir='ltr'><strong>ex</strong></span> 
     </span>
    </p>
   </div>
   <div class='ocr_carea' id='block_1_75' title="bbox 456 4155 2032 4230">
    <p class='ocr_par' dir='ltr' id='par_1_75' title="bbox 456 4155 2032 4230">
     <span class='ocr_line' id='line_1_75' title="bbox 456 4155 2032 4230; baseline -0.003 -19"><span class='ocrx_word' id='word_1_558' title='bbox 456 4158 667 4230; x_wconf 76' lang='lat' dir='ltr'><strong>privato</strong></span> <span class='ocrx_word' id='word_1_559' title='bbox 701 4173 902 4227; x_wconf 69' lang='lat' dir='ltr'><strong>regem,</strong></span> <span class='ocrx_word' id='word_1_560' title='bbox 933 4172 999 4211; x_wconf 79' lang='lat' dir='ltr'><strong>ex</strong></span> <span class='ocrx_word' id='word_1_561' title='bbox 1040 4156 1229 4209; x_wconf 90' lang='lat' dir='ltr'><strong>humili</strong></span> <span class='ocrx_word' id='word_1_562' title='bbox 1263 4156 1561 4217; x_wconf 81' lang='lat' dir='ltr'><strong>excelsum,</strong></span> <span class='ocrx_word' id='word_1_563' title='bbox 1581 4162 1634 4208; x_wconf 89' lang='lat' dir='ltr'><strong>ct</strong></span> <span class='ocrx_word' id='word_1_564' title='bbox 1663 4171 1727 4208; x_wconf 81' lang='lat' dir='ltr'><strong>ex</strong></span> <span class='ocrx_word' id='word_1_565' title='bbox 1753 4170 1911 4210; x_wconf 79' lang='lat' dir='ltr'><strong>servo</strong></span> <span class='ocrx_word' id='word_1_566' title='bbox 1935 4155 2032 4208; x_wconf 91' lang='lat' dir='ltr'><strong>do-</strong></span> 
     </span>
    </p>
   </div>
   <div class='ocr_carea' id='block_1_76' title="bbox 456 4242 2035 4315">
    <p class='ocr_par' dir='ltr' id='par_1_76' title="bbox 456 4242 2035 4315">
     <span class='ocr_line' id='line_1_76' title="bbox 456 4242 2035 4315; baseline -0.001 -14"><span class='ocrx_word' id='word_1_567' title='bbox 456 4249 661 4302; x_wconf 89' lang='lat' dir='ltr'><strong>minum</strong></span> <span class='ocrx_word' id='word_1_568' title='bbox 694 4266 707 4301; x_wconf 90' lang='lat'><strong>:</strong></span> <span class='ocrx_word' id='word_1_569' title='bbox 752 4249 985 4300; x_wconf 77' lang='lat' dir='ltr'><strong>fortasse</strong></span> <span class='ocrx_word' id='word_1_570' title='bbox 1007 4247 1168 4300; x_wconf 90' lang='lat' dir='ltr'><strong>etiam</strong></span> <span class='ocrx_word' id='word_1_571' title='bbox 1211 4259 1398 4298; x_wconf 85' lang='lat' dir='ltr'><strong>vocem</strong></span> <span class='ocrx_word' id='word_1_572' title='bbox 1427 4242 1572 4297; x_wconf 90' lang='lat' dir='ltr'><strong>Petri</strong></span> <span class='ocrx_word' id='word_1_573' title='bbox 1608 4245 1803 4298; x_wconf 66' lang='lat' dir='ltr'><strong>divinae</strong></span> <span class='ocrx_word' id='word_1_574' title='bbox 1835 4245 2035 4315; x_wconf 80' lang='lat' dir='ltr'><strong>Unige-</strong></span> 
     </span>
    </p>
   </div>
   <div class='ocr_carea' id='block_1_77' title="bbox 456 4334 2032 4401">
    <p class='ocr_par' dir='ltr' id='par_1_77' title="bbox 456 4334 2032 4401">
     <span class='ocr_line' id='line_1_77' title="bbox 456 4334 2032 4401; baseline -0.003 -8"><span class='ocrx_word' id='word_1_575' title='bbox 456 4341 553 4394; x_wconf 91' lang='lat' dir='ltr'><strong>niti</strong></span> <span class='ocrx_word' id='word_1_576' title='bbox 591 4340 838 4393; x_wconf 64' lang='lat' dir='ltr'><strong>essentize</strong></span> <span class='ocrx_word' id='word_1_577' title='bbox 871 4339 1089 4392; x_wconf 87' lang='lat' dir='ltr'><strong>deceret</strong></span> <span class='ocrx_word' id='word_1_578' title='bbox 1150 4336 1586 4391; x_wconf 89' lang='lat' dir='ltr'><strong>accommodare.</strong></span> <span class='ocrx_word' id='word_1_579' title='bbox 1621 4334 1893 4401; x_wconf 87' lang='lat' dir='ltr'><strong>Quoniam</strong></span> <span class='ocrx_word' id='word_1_580' title='bbox 1932 4353 2032 4390; x_wconf 85' lang='lat' dir='ltr'><strong>au-</strong></span> 
     </span>
    </p>
   </div>
   <div class='ocr_carea' id='block_1_78' title="bbox 2128 3158 3703 3232">
    <p class='ocr_par' dir='ltr' id='par_1_78' title="bbox 2128 3158 3703 3232">
     <span class='ocr_line' id='line_1_78' title="bbox 2128 3158 3703 3232; baseline -0.003 -16"><span class='ocrx_word' id='word_1_581' title='bbox 2128 3163 2311 3232; x_wconf 75' lang='grc' dir='ltr'>φησὶν,</span> <span class='ocrx_word' id='word_1_582' title='bbox 2338 3162 2407 3215; x_wconf 83' lang='grc' dir='ltr'>ἐν</span> <span class='ocrx_word' id='word_1_583' title='bbox 2432 3161 2596 3231; x_wconf 79' lang='grc' dir='ltr'>μέσῳ</span> <span class='ocrx_word' id='word_1_584' title='bbox 2629 3161 2746 3214; x_wconf 80' lang='grc' dir='ltr'>τῶν</span> <span class='ocrx_word' id='word_1_585' title='bbox 2776 3160 3005 3232; x_wconf 83' lang='grc' dir='ltr'><strong>ἐχθρῶν</strong></span> <span class='ocrx_word' id='word_1_586' title='bbox 3030 3179 3146 3216; x_wconf 84' lang='grc' dir='ltr'>σου</span> <span class='ocrx_word' id='word_1_587' title='bbox 3165 3179 3177 3193; x_wconf 86' lang='grc'><strong>·</strong></span> <span class='ocrx_word' id='word_1_588' title='bbox 3211 3161 3403 3214; x_wconf 87' lang='grc' dir='ltr'>ταυτὸν</span> <span class='ocrx_word' id='word_1_589' title='bbox 3435 3160 3606 3228; x_wconf 82' lang='grc' dir='ltr'>λέγων</span> <span class='ocrx_word' id='word_1_590' title='bbox 3628 3158 3703 3229; x_wconf 79' lang='grc' dir='ltr'>τῷ</span> 
     </span>
    </p>
   </div>
   <div class='ocr_carea' id='block_1_79' title="bbox 2128 3250 3707 3323">
    <p class='ocr_par' dir='ltr' id='par_1_79' title="bbox 2128 3250 3707 3323">
     <span class='ocr_line' id='line_1_79' title="bbox 2128 3250 3707 3323; baseline -0.003 -15"><span class='ocrx_word' id='word_1_591' title='bbox 2128 3253 2340 3323; x_wconf 80' lang='grc' dir='ltr'>Πέτρῳ,</span> <span class='ocrx_word' id='word_1_592' title='bbox 2367 3250 2445 3316; x_wconf 86' lang='grc' dir='ltr'><strong>τὸ,</strong></span> <span class='ocrx_word' id='word_1_593' title='bbox 2465 3251 2667 3321; x_wconf 90' lang='grc' dir='ltr'>Κύριος</span> <span class='ocrx_word' id='word_1_594' title='bbox 2687 3252 2836 3320; x_wconf 89' lang='grc' dir='ltr'>γίνου</span> <span class='ocrx_word' id='word_1_595' title='bbox 2860 3251 2967 3306; x_wconf 86' lang='grc' dir='ltr'><strong>τῶν</strong></span> <span class='ocrx_word' id='word_1_596' title='bbox 2991 3251 3198 3323; x_wconf 78' lang='grc' dir='ltr'>ἐχθρῶν</span> <span class='ocrx_word' id='word_1_597' title='bbox 3222 3268 3335 3305; x_wconf 89' lang='grc' dir='ltr'>σου.</span> <span class='ocrx_word' id='word_1_598' title='bbox 3367 3251 3579 3322; x_wconf 82' lang='grc' dir='ltr'>Ὠσπερ</span> <span class='ocrx_word' id='word_1_599' title='bbox 3599 3250 3707 3304; x_wconf 79' lang='grc' dir='ltr'>τοί·</span> 
     </span>
    </p>
   </div>
   <div class='ocr_carea' id='block_1_80' title="bbox 2127 3341 3701 3413">
    <p class='ocr_par' dir='ltr' id='par_1_80' title="bbox 2127 3341 3701 3413">
     <span class='ocr_line' id='line_1_80' title="bbox 2127 3341 3701 3413; baseline -0.002 -16"><span class='ocrx_word' id='word_1_600' title='bbox 2127 3361 2220 3398; x_wconf 91' lang='grc' dir='ltr'><strong>νυν</strong></span> <span class='ocrx_word' id='word_1_601' title='bbox 2251 3345 2284 3413; x_wconf 80' lang='grc' dir='ltr'><strong>ἡ</strong></span> <span class='ocrx_word' id='word_1_602' title='bbox 2307 3343 2402 3413; x_wconf 79' lang='grc' dir='ltr'>τῆς</span> <span class='ocrx_word' id='word_1_603' title='bbox 2428 3342 2700 3413; x_wconf 83' lang='grc' dir='ltr'>βασιλείας</span> <span class='ocrx_word' id='word_1_604' title='bbox 2725 3343 2978 3412; x_wconf 79' lang='grc' dir='ltr'>σημαίνει</span> <span class='ocrx_word' id='word_1_605' title='bbox 3001 3344 3352 3406; x_wconf 71' lang='grc' dir='ltr'>κατάστασις,</span> <span class='ocrx_word' id='word_1_606' title='bbox 3377 3341 3565 3413; x_wconf 50' lang='grc' dir='ltr'>ούλτὴν</span> <span class='ocrx_word' id='word_1_607' title='bbox 3601 3342 3701 3410; x_wconf 76' lang='grc' dir='ltr'>τῆς</span> 
     </span>
    </p>
   </div>
   <div class='ocr_carea' id='block_1_81' title="bbox 2129 3433 3700 3506">
    <p class='ocr_par' dir='ltr' id='par_1_81' title="bbox 2129 3433 3700 3506">
     <span class='ocr_line' id='line_1_81' title="bbox 2129 3433 3700 3506; baseline -0.003 -16"><span class='ocrx_word' id='word_1_608' title='bbox 2129 3436 2318 3499; x_wconf 81' lang='grc' dir='ltr'>οὐσίας</span> <span class='ocrx_word' id='word_1_609' title='bbox 2339 3435 2702 3506; x_wconf 82' lang='grc' dir='ltr'>κατασκευὴν,</span> <span class='ocrx_word' id='word_1_610' title='bbox 2734 3435 2867 3488; x_wconf 79' lang='grc' dir='ltr'>ἀλλὰ</span> <span class='ocrx_word' id='word_1_611' title='bbox 2887 3435 2984 3506; x_wconf 70' lang='grc' dir='ltr'>τὴν</span> <span class='ocrx_word' id='word_1_612' title='bbox 3012 3436 3091 3498; x_wconf 84' lang='grc' dir='ltr'><strong>είς</strong></span> <span class='ocrx_word' id='word_1_613' title='bbox 3123 3435 3180 3487; x_wconf 84' lang='grc' dir='ltr'><strong>τὸ</strong></span> <span class='ocrx_word' id='word_1_614' title='bbox 3212 3434 3425 3504; x_wconf 83' lang='grc' dir='ltr'>ἀξίωμα</span> <span class='ocrx_word' id='word_1_615' title='bbox 3455 3433 3700 3502; x_wconf 79' lang='grc' dir='ltr'>πρόοδον,</span> 
     </span>
    </p>
   </div>
   <div class='ocr_carea' id='block_1_82' title="bbox 2132 3526 3705 3600">
    <p class='ocr_par' dir='ltr' id='par_1_82' title="bbox 2132 3526 3705 3600">
     <span class='ocr_line' id='line_1_82' title="bbox 2132 3526 3705 3600; baseline -0.001 -20"><span class='ocrx_word' id='word_1_616' title='bbox 2132 3529 2228 3580; x_wconf 70' lang='lat' dir='ltr'><strong>ml.</strong></span> <span class='ocrx_word' id='word_1_617' title='bbox 2253 3530 2280 3580; x_wconf 85' lang='lat'><strong>6</strong></span> <span class='ocrx_word' id='word_1_618' title='bbox 2304 3527 2722 3598; x_wconf 84' lang='grc' dir='ltr'>κατακυριεύέιν</span> <span class='ocrx_word' id='word_1_619' title='bbox 2749 3527 3186 3600; x_wconf 72' lang='grc' dir='ltr'>ἐγκελευόμενος,</span> <span class='ocrx_word' id='word_1_620' title='bbox 3217 3528 3281 3580; x_wconf 79' lang='grc' dir='ltr'><strong>οὑ</strong></span> <span class='ocrx_word' id='word_1_621' title='bbox 3317 3526 3432 3579; x_wconf 83' lang='grc' dir='ltr'>τότε</span> <span class='ocrx_word' id='word_1_622' title='bbox 3457 3527 3705 3595; x_wconf 78' lang='grc' dir='ltr'>γίνεσθαι</span> 
     </span>
    </p>
   </div>
   <div class='ocr_carea' id='block_1_83' title="bbox 2129 3615 3702 3687">
    <p class='ocr_par' dir='ltr' id='par_1_83' title="bbox 2129 3615 3702 3687">
     <span class='ocr_line' id='line_1_83' title="bbox 2129 3615 3702 3687; baseline 0 -19"><span class='ocrx_word' id='word_1_623' title='bbox 2129 3617 2190 3669; x_wconf 87' lang='grc' dir='ltr'><strong>τὸ</strong></span> <span class='ocrx_word' id='word_1_624' title='bbox 2227 3618 2299 3687; x_wconf 83' lang='grc' dir='ltr'><strong>μὴ</strong></span> <span class='ocrx_word' id='word_1_625' title='bbox 2325 3615 2384 3669; x_wconf 80' lang='grc' dir='ltr'>ὃν</span> <span class='ocrx_word' id='word_1_626' title='bbox 2411 3615 2658 3680; x_wconf 89' lang='grc' dir='ltr'>κελεύει,</span> <span class='ocrx_word' id='word_1_627' title='bbox 2687 3616 2822 3670; x_wconf 79' lang='grc' dir='ltr'>ἀλλὰ</span> <span class='ocrx_word' id='word_1_628' title='bbox 2847 3616 2922 3687; x_wconf 82' lang='grc' dir='ltr'>τῷ</span> <span class='ocrx_word' id='word_1_629' title='bbox 2944 3617 3056 3669; x_wconf 80' lang='grc' dir='ltr'>δ’ντι</span> <span class='ocrx_word' id='word_1_630' title='bbox 3087 3616 3268 3670; x_wconf 83' lang='grc' dir='ltr'>δίδωσι</span> <span class='ocrx_word' id='word_1_631' title='bbox 3297 3616 3404 3687; x_wconf 75' lang='grc' dir='ltr'><strong>τὴν</strong></span> <span class='ocrx_word' id='word_1_632' title='bbox 3425 3615 3569 3669; x_wconf 88' lang='grc' dir='ltr'><strong>κατά</strong></span> <span class='ocrx_word' id='word_1_633' title='bbox 3598 3617 3702 3669; x_wconf 83' lang='grc' dir='ltr'><strong>τῶν</strong></span> 
     </span>
    </p>
   </div>
   <div class='ocr_carea' id='block_1_84' title="bbox 2133 3706 3702 3780">
    <p class='ocr_par' dir='ltr' id='par_1_84' title="bbox 2133 3706 3702 3780">
     <span class='ocr_line' id='line_1_84' title="bbox 2133 3706 3702 3780; baseline 0.001 -20"><span class='ocrx_word' id='word_1_634' title='bbox 2133 3706 2498 3760; x_wconf 77' lang='grc' dir='ltr'>ἀπειθούντων</span> <span class='ocrx_word' id='word_1_635' title='bbox 2549 3708 2756 3779; x_wconf 80' lang='grc' dir='ltr'>ἀρχήν·</span> <span class='ocrx_word' id='word_1_636' title='bbox 2807 3706 2947 3761; x_wconf 78' lang='grc' dir='ltr'>οὑτω</span> <span class='ocrx_word' id='word_1_637' title='bbox 2980 3711 3072 3762; x_wconf 74' lang='grc' dir='ltr'><strong>καὶ</strong></span> <span class='ocrx_word' id='word_1_638' title='bbox 3108 3709 3136 3761; x_wconf 89' lang='lat'><strong>6</strong></span> <span class='ocrx_word' id='word_1_639' title='bbox 3181 3708 3449 3780; x_wconf 84' lang='grc' dir='ltr'>μακάριος</span> <span class='ocrx_word' id='word_1_640' title='bbox 3498 3710 3702 3780; x_wconf 82' lang='grc' dir='ltr'>Πέτρος</span> 
     </span>
    </p>
   </div>
   <div class='ocr_carea' id='block_1_85' title="bbox 2134 3798 3701 3872">
    <p class='ocr_par' dir='ltr' id='par_1_85' title="bbox 2134 3798 3701 3872">
     <span class='ocr_line' id='line_1_85' title="bbox 2134 3798 3701 3872; baseline 0.004 -24"><span class='ocrx_word' id='word_1_641' title='bbox 2134 3799 2391 3871; x_wconf 84' lang='grc' dir='ltr'>Χριστὸν,</span> <span class='ocrx_word' id='word_1_642' title='bbox 2405 3798 2547 3852; x_wconf 80' lang='grc' dir='ltr'>τοῦτ’</span> <span class='ocrx_word' id='word_1_643' title='bbox 2568 3800 2678 3852; x_wconf 79' lang='grc' dir='ltr'>ἐστι</span> <span class='ocrx_word' id='word_1_644' title='bbox 2703 3799 2923 3868; x_wconf 78' lang='grc' dir='ltr'>βασιλέα</span> <span class='ocrx_word' id='word_1_645' title='bbox 2942 3801 3156 3855; x_wconf 84' lang='grc' dir='ltr'>πάντων</span> <span class='ocrx_word' id='word_1_646' title='bbox 3174 3800 3493 3872; x_wconf 84' lang='grc' dir='ltr'>γεγενῆσθαι</span> <span class='ocrx_word' id='word_1_647' title='bbox 3512 3799 3701 3870; x_wconf 81' lang='grc' dir='ltr'>λέγων.</span> 
     </span>
    </p>
   </div>
   <div class='ocr_carea' id='block_1_86' title="bbox 2132 3891 3703 3964">
    <p class='ocr_par' dir='ltr' id='par_1_86' title="bbox 2132 3891 3703 3964">
     <span class='ocr_line' id='line_1_86' title="bbox 2132 3891 3703 3964; baseline 0.001 -22"><span class='ocrx_word' id='word_1_648' title='bbox 2132 3891 2437 3962; x_wconf 80' lang='grc' dir='ltr'>προσέθηκε</span> <span class='ocrx_word' id='word_1_649' title='bbox 2480 3891 2561 3957; x_wconf 84' lang='grc' dir='ltr'><strong>τὸ,</strong></span> <span class='ocrx_word' id='word_1_650' title='bbox 2590 3892 2749 3944; x_wconf 85' lang='grc' dir='ltr'>αὑτὸν</span> <span class='ocrx_word' id='word_1_651' title='bbox 2769 3933 2783 3957; x_wconf 93' lang='grc'><strong>,</strong></span> <span class='ocrx_word' id='word_1_652' title='bbox 2815 3893 2903 3945; x_wconf 85' lang='grc' dir='ltr'><strong>ἵνα</strong></span> <span class='ocrx_word' id='word_1_653' title='bbox 2929 3892 3135 3964; x_wconf 82' lang='grc' dir='ltr'>χωρίσῃ</span> <span class='ocrx_word' id='word_1_654' title='bbox 3170 3893 3270 3962; x_wconf 79' lang='grc' dir='ltr'>τῆς</span> <span class='ocrx_word' id='word_1_655' title='bbox 3292 3910 3351 3945; x_wconf 90' lang='grc' dir='ltr'><strong>τε</strong></span> <span class='ocrx_word' id='word_1_656' title='bbox 3385 3893 3572 3956; x_wconf 88' lang='grc' dir='ltr'>ούσίας</span> <span class='ocrx_word' id='word_1_657' title='bbox 3614 3893 3703 3945; x_wconf 76' lang='grc' dir='ltr'><strong>καὶ</strong></span> 
     </span>
    </p>
   </div>
   <div class='ocr_carea' id='block_1_87' title="bbox 2131 3982 3701 4054">
    <p class='ocr_par' dir='ltr' id='par_1_87' title="bbox 2131 3982 3701 4054">
     <span class='ocr_line' id='line_1_87' title="bbox 2131 3982 3701 4054; baseline 0.001 -20"><span class='ocrx_word' id='word_1_658' title='bbox 2131 3982 2241 4035; x_wconf 88' lang='grc' dir='ltr'><strong>τῶν</strong></span> <span class='ocrx_word' id='word_1_659' title='bbox 2266 3983 2392 4053; x_wconf 68' lang='grc' dir='ltr'>περὶ</span> <span class='ocrx_word' id='word_1_660' title='bbox 2421 3982 2625 4052; x_wconf 80' lang='grc' dir='ltr'>ταύτην</span> <span class='ocrx_word' id='word_1_661' title='bbox 2665 3983 3049 4054; x_wconf 79' lang='grc' dir='ltr'>θεωρουμένων</span> <span class='ocrx_word' id='word_1_662' title='bbox 3078 3984 3166 4037; x_wconf 85' lang='grc' dir='ltr'><strong>τὸν</strong></span> <span class='ocrx_word' id='word_1_663' title='bbox 3190 3983 3364 4052; x_wconf 76' lang='grc' dir='ltr'>λόγον.</span> <span class='ocrx_word' id='word_1_664' title='bbox 3404 3985 3570 4036; x_wconf 84' lang='grc' dir='ltr'>Ὄντα</span> <span class='ocrx_word' id='word_1_665' title='bbox 3595 3982 3701 4052; x_wconf 80' lang='grc' dir='ltr'>γὰρ</span> 
     </span>
    </p>
   </div>
   <div class='ocr_carea' id='block_1_88' title="bbox 2132 4071 3701 4145">
    <p class='ocr_par' dir='ltr' id='par_1_88' title="bbox 2132 4071 3701 4145">
     <span class='ocr_line' id='line_1_88' title="bbox 2132 4071 3701 4145; baseline -0.001 -19"><span class='ocrx_word' id='word_1_666' title='bbox 2132 4072 2268 4141; x_wconf 80' lang='grc' dir='ltr'>ὅπερ</span> <span class='ocrx_word' id='word_1_667' title='bbox 2298 4073 2432 4135; x_wconf 66' lang='grc' dir='ltr'>ἐστὶ,</span> <span class='ocrx_word' id='word_1_668' title='bbox 2462 4072 2530 4125; x_wconf 79' lang='grc' dir='ltr'>τὰ</span> <span class='ocrx_word' id='word_1_669' title='bbox 2563 4073 2829 4144; x_wconf 72' lang='grc' dir='ltr'>εἰρημένα</span> <span class='ocrx_word' id='word_1_670' title='bbox 2868 4074 3140 4144; x_wconf 80' lang='grc' dir='ltr'>ἐποίησεν.</span> <span class='ocrx_word' id='word_1_671' title='bbox 3171 4074 3236 4127; x_wconf 72' lang='lat' dir='ltr'><strong>Et</strong></span> <span class='ocrx_word' id='word_1_672' title='bbox 3269 4076 3366 4145; x_wconf 82' lang='grc' dir='ltr'><strong>μὲν</strong></span> <span class='ocrx_word' id='word_1_673' title='bbox 3390 4071 3482 4127; x_wconf 81' lang='grc' dir='ltr'><strong>οὑν</strong></span> <span class='ocrx_word' id='word_1_674' title='bbox 3511 4074 3701 4140; x_wconf 82' lang='grc' dir='ltr'>εύαγές</span> 
     </span>
    </p>
   </div>
   <div class='ocr_carea' id='block_1_89' title="bbox 2132 4161 3701 4238">
    <p class='ocr_par' dir='ltr' id='par_1_89' title="bbox 2132 4161 3701 4238">
     <span class='ocr_line' id='line_1_89' title="bbox 2132 4161 3701 4238; baseline -0.001 -22"><span class='ocrx_word' id='word_1_675' title='bbox 2132 4161 2200 4236; x_wconf 79' lang='grc' dir='ltr'>ἦν</span> <span class='ocrx_word' id='word_1_676' title='bbox 2235 4166 2326 4217; x_wconf 75' lang='grc' dir='ltr'><strong>ἐπὶ</strong></span> <span class='ocrx_word' id='word_1_677' title='bbox 2369 4165 2468 4234; x_wconf 77' lang='grc' dir='ltr'>τῆς</span> <span class='ocrx_word' id='word_1_678' title='bbox 2510 4165 2881 4236; x_wconf 78' lang='grc' dir='ltr'>ὑπερεχούσης</span> <span class='ocrx_word' id='word_1_679' title='bbox 2909 4165 3121 4234; x_wconf 83' lang='grc' dir='ltr'>φύσεως</span> <span class='ocrx_word' id='word_1_680' title='bbox 3158 4167 3218 4220; x_wconf 86' lang='grc' dir='ltr'><strong>τὸ</strong></span> <span class='ocrx_word' id='word_1_681' title='bbox 3249 4167 3396 4221; x_wconf 81' lang='grc' dir='ltr'>κατὰ·</span> <span class='ocrx_word' id='word_1_682' title='bbox 3427 4167 3701 4238; x_wconf 80' lang='grc' dir='ltr'>προκοπήν</span> 
     </span>
    </p>
   </div>
   <div class='ocr_carea' id='block_1_90' title="bbox 2134 4253 3699 4328">
    <p class='ocr_par' dir='ltr' id='par_1_90' title="bbox 2134 4253 3699 4328">
     <span class='ocr_line' id='line_1_90' title="bbox 2134 4253 3699 4328; baseline -0.001 -18"><span class='ocrx_word' id='word_1_683' title='bbox 2134 4274 2184 4310; x_wconf 87' lang='grc' dir='ltr'><strong>τι</strong></span> <span class='ocrx_word' id='word_1_684' title='bbox 2220 4255 2473 4324; x_wconf 79' lang='grc' dir='ltr'>γενέσθαι</span> <span class='ocrx_word' id='word_1_685' title='bbox 2519 4256 2727 4325; x_wconf 81' lang='grc' dir='ltr'>λέγειν,</span> <span class='ocrx_word' id='word_1_686' title='bbox 2761 4253 2872 4310; x_wconf 75' lang='grc' dir='ltr'>οἷον</span> <span class='ocrx_word' id='word_1_687' title='bbox 2901 4258 2958 4321; x_wconf 84' lang='grc' dir='ltr'><strong>ἐξ</strong></span> <span class='ocrx_word' id='word_1_688' title='bbox 2990 4257 3194 4311; x_wconf 80' lang='grc' dir='ltr'>ἰδιώτου</span> <span class='ocrx_word' id='word_1_689' title='bbox 3247 4257 3488 4328; x_wconf 81' lang='grc' dir='ltr'>βασιλέα,</span> <span class='ocrx_word' id='word_1_690' title='bbox 3525 4259 3615 4312; x_wconf 71' lang='grc' dir='ltr'>καὶ</span> <span class='ocrx_word' id='word_1_691' title='bbox 3642 4259 3699 4309; x_wconf 85' lang='grc' dir='ltr'><strong>ἐκ</strong></span> 
     </span>
    </p>
   </div>
   <div class='ocr_carea' id='block_1_91' title="bbox 2133 4343 3698 4418">
    <p class='ocr_par' dir='ltr' id='par_1_91' title="bbox 2133 4343 3698 4418">
     <span class='ocr_line' id='line_1_91' title="bbox 2133 4343 3698 4418; baseline 0 -22"><span class='ocrx_word' id='word_1_692' title='bbox 2133 4343 2390 4397; x_wconf 77' lang='grc' dir='ltr'>ταπεινοῦ</span> <span class='ocrx_word' id='word_1_693' title='bbox 2431 4343 2664 4414; x_wconf 71' lang='grc' dir='ltr'>ὑψηλὸν,</span> <span class='ocrx_word' id='word_1_694' title='bbox 2719 4347 2810 4398; x_wconf 72' lang='grc' dir='ltr'><strong>καὶ</strong></span> <span class='ocrx_word' id='word_1_695' title='bbox 2859 4349 2922 4398; x_wconf 86' lang='grc' dir='ltr'><strong>ἐκ</strong></span> <span class='ocrx_word' id='word_1_696' title='bbox 2967 4345 3151 4398; x_wconf 82' lang='grc' dir='ltr'>δούλου</span> <span class='ocrx_word' id='word_1_697' title='bbox 3199 4346 3420 4418; x_wconf 73' lang='grc' dir='ltr'>κύριον,</span> <span class='ocrx_word' id='word_1_698' title='bbox 3468 4346 3698 4416; x_wconf 78' lang='grc' dir='ltr'>ἔπρεπεν</span> 
     </span>
    </p>
   </div>
   <div class='ocr_carea' id='block_1_92' title="bbox 455 4426 2027 4508">
    <p class='ocr_par' dir='ltr' id='par_1_92' title="bbox 455 4426 2027 4497">
     <span class='ocr_line' id='line_1_92' title="bbox 455 4426 2027 4497; baseline 0 -16"><span class='ocrx_word' id='word_1_699' title='bbox 455 4438 561 4484; x_wconf 92' lang='lat' dir='ltr'><strong>tem</strong></span> <span class='ocrx_word' id='word_1_700' title='bbox 591 4429 768 4483; x_wconf 87' lang='lat' dir='ltr'><strong>divina</strong></span> <span class='ocrx_word' id='word_1_701' title='bbox 791 4435 986 4481; x_wconf 87' lang='lat' dir='ltr'><strong>natura</strong></span> <span class='ocrx_word' id='word_1_702' title='bbox 1018 4426 1385 4497; x_wconf 88' lang='lat' dir='ltr'><strong>quodcunque</strong></span> <span class='ocrx_word' id='word_1_703' title='bbox 1412 4441 1650 4496; x_wconf 86' lang='lat' dir='ltr'><strong>unquam</strong></span> <span class='ocrx_word' id='word_1_704' title='bbox 1674 4443 1796 4482; x_wconf 84' lang='lat' dir='ltr'><strong>esse</strong></span> <span class='ocrx_word' id='word_1_705' title='bbox 1825 4429 2027 4482; x_wconf 82' lang='lat' dir='ltr'><strong>credita</strong></span> 
     </span>
    </p>
   </div>
   <div class='ocr_carea' id='block_1_93' title="bbox 2130 4426 3698 4508">
    <p class='ocr_par' dir='ltr' id='par_1_93' title="bbox 2135 4434 3698 4508">
     <span class='ocr_line' id='line_1_93' title="bbox 2135 4434 3698 4508; baseline 0.002 -22"><span class='ocrx_word' id='word_1_706' title='bbox 2135 4435 2264 4498; x_wconf 80' lang='grc' dir='ltr'>ἴσως</span> <span class='ocrx_word' id='word_1_707' title='bbox 2295 4435 2386 4488; x_wconf 73' lang='grc' dir='ltr'><strong>καὶ</strong></span> <span class='ocrx_word' id='word_1_708' title='bbox 2415 4435 2514 4506; x_wconf 78' lang='grc' dir='ltr'><strong>τὴν</strong></span> <span class='ocrx_word' id='word_1_709' title='bbox 2546 4434 2644 4488; x_wconf 76' lang='grc' dir='ltr'>τοῦ</span> <span class='ocrx_word' id='word_1_710' title='bbox 2693 4436 2900 4505; x_wconf 79' lang='grc' dir='ltr'>Πέτρου</span> <span class='ocrx_word' id='word_1_711' title='bbox 2942 4437 3123 4506; x_wconf 79' lang='grc' dir='ltr'>φωνὴν</span> <span class='ocrx_word' id='word_1_712' title='bbox 3147 4439 3211 4507; x_wconf 82' lang='grc' dir='ltr'>τῇ</span> <span class='ocrx_word' id='word_1_713' title='bbox 3244 4438 3364 4508; x_wconf 78' lang='grc' dir='ltr'>θείᾳ</span> <span class='ocrx_word' id='word_1_714' title='bbox 3392 4437 3484 4490; x_wconf 77' lang='grc' dir='ltr'>τοῦ</span> <span class='ocrx_word' id='word_1_715' title='bbox 3530 4440 3698 4491; x_wconf 76' lang='lat' dir='ltr'><strong>Mavo-</strong></span> 
     </span>
    </p>
   </div>
   <div class='ocr_carea' id='block_1_94' title="bbox 453 4517 2029 4589">
    <p class='ocr_par' dir='ltr' id='par_1_94' title="bbox 453 4517 2029 4589">
     <span class='ocr_line' id='line_1_94' title="bbox 453 4517 2029 4589; baseline 0.001 -16"><span class='ocrx_word' id='word_1_716' title='bbox 453 4528 558 4583; x_wconf 89' lang='lat' dir='ltr'><strong>est,</strong></span> <span class='ocrx_word' id='word_1_717' title='bbox 594 4535 809 4589; x_wconf 79' lang='lat' dir='ltr'><strong>Semper</strong></span> <span class='ocrx_word' id='word_1_718' title='bbox 862 4518 1048 4572; x_wconf 76' lang='lat' dir='ltr'><strong>eodem</strong></span> <span class='ocrx_word' id='word_1_719' title='bbox 1092 4519 1250 4571; x_wconf 88' lang='lat' dir='ltr'><strong>modo</strong></span> <span class='ocrx_word' id='word_1_720' title='bbox 1281 4533 1339 4573; x_wconf 89' lang='lat' dir='ltr'><strong>se</strong></span> <span class='ocrx_word' id='word_1_721' title='bbox 1373 4517 1556 4580; x_wconf 86' lang='lat' dir='ltr'><strong>habet,</strong></span> <span class='ocrx_word' id='word_1_722' title='bbox 1615 4519 1760 4572; x_wconf 87' lang='lat' dir='ltr'><strong>omni</strong></span> <span class='ocrx_word' id='word_1_723' title='bbox 1813 4520 2029 4588; x_wconf 87' lang='lat' dir='ltr'><strong>quidem</strong></span> 
     </span>
    </p>
   </div>
   <div class='ocr_carea' id='block_1_95' title="bbox 457 4609 2036 4680">
    <p class='ocr_par' dir='ltr' id='par_1_95' title="bbox 457 4609 2036 4680">
     <span class='ocr_line' id='line_1_95' title="bbox 457 4609 2036 4680; baseline 0.001 -17"><span class='ocrx_word' id='word_1_724' title='bbox 457 4611 772 4664; x_wconf 89' lang='lat' dir='ltr'><strong>accessione</strong></span> <span class='ocrx_word' id='word_1_725' title='bbox 824 4611 1093 4680; x_wconf 84' lang='lat' dir='ltr'><strong>superior,</strong></span> <span class='ocrx_word' id='word_1_726' title='bbox 1154 4609 1553 4664; x_wconf 89' lang='lat' dir='ltr'><strong>innninutionis</strong></span> <span class='ocrx_word' id='word_1_727' title='bbox 1609 4624 1740 4664; x_wconf 72' lang='lat' dir='ltr'><strong>vero</strong></span> <span class='ocrx_word' id='word_1_728' title='bbox 1799 4627 1905 4663; x_wconf 92' lang='lat' dir='ltr'><strong>non</strong></span> <span class='ocrx_word' id='word_1_729' title='bbox 1952 4619 2036 4664; x_wconf 87' lang='lat' dir='ltr'><strong>est</strong></span> 
     </span>
    </p>
   </div>
   <div class='ocr_carea' id='block_1_96' title="bbox 455 4700 2029 4769">
    <p class='ocr_par' dir='ltr' id='par_1_96' title="bbox 455 4700 2029 4769">
     <span class='ocr_line' id='line_1_96' title="bbox 455 4700 2029 4769; baseline 0.001 -16"><span class='ocrx_word' id='word_1_730' title='bbox 455 4715 649 4769; x_wconf 74' lang='lat' dir='ltr'><strong>capax,</strong></span> <span class='ocrx_word' id='word_1_731' title='bbox 681 4716 905 4755; x_wconf 88' lang='lat' dir='ltr'><strong>necesse</strong></span> <span class='ocrx_word' id='word_1_732' title='bbox 936 4700 1160 4754; x_wconf 90' lang='lat' dir='ltr'><strong>omnino</strong></span> <span class='ocrx_word' id='word_1_733' title='bbox 1191 4707 1298 4764; x_wconf 88' lang='lat' dir='ltr'><strong>est,</strong></span> <span class='ocrx_word' id='word_1_734' title='bbox 1351 4700 1417 4752; x_wconf 90' lang='lat' dir='ltr'><strong>ad</strong></span> <span class='ocrx_word' id='word_1_735' title='bbox 1451 4700 1504 4753; x_wconf 89' lang='lat' dir='ltr'><strong>id</strong></span> <span class='ocrx_word' id='word_1_736' title='bbox 1543 4700 1687 4768; x_wconf 90' lang='lat' dir='ltr'><strong>quod</strong></span> <span class='ocrx_word' id='word_1_737' title='bbox 1734 4701 2029 4754; x_wconf 89' lang='lat' dir='ltr'><strong>humanum</strong></span> 
     </span>
    </p>
   </div>
   <div class='ocr_carea' id='block_1_97' title="bbox 455 4790 2027 4859">
    <p class='ocr_par' dir='ltr' id='par_1_97' title="bbox 455 4790 2027 4859">
     <span class='ocr_line' id='line_1_97' title="bbox 455 4790 2027 4859; baseline 0 -15"><span class='ocrx_word' id='word_1_738' title='bbox 455 4798 561 4852; x_wconf 88' lang='lat' dir='ltr'><strong>est,</strong></span> <span class='ocrx_word' id='word_1_739' title='bbox 615 4807 920 4846; x_wconf 87' lang='lat' dir='ltr'><strong>sermonem</strong></span> <span class='ocrx_word' id='word_1_740' title='bbox 960 4805 1260 4856; x_wconf 86' lang='lat' dir='ltr'><strong>revocare;</strong></span> <span class='ocrx_word' id='word_1_741' title='bbox 1294 4791 1385 4859; x_wconf 91' lang='lat' dir='ltr'><strong>qui</strong></span> <span class='ocrx_word' id='word_1_742' title='bbox 1419 4791 1560 4844; x_wconf 91' lang='lat' dir='ltr'><strong>enim</strong></span> <span class='ocrx_word' id='word_1_743' title='bbox 1595 4790 1734 4846; x_wconf 90' lang='lat' dir='ltr'><strong>Deus</strong></span> <span class='ocrx_word' id='word_1_744' title='bbox 1767 4790 2027 4857; x_wconf 84' lang='lat' dir='ltr'><strong>Verbum,</strong></span> 
     </span>
    </p>
   </div>
   <div class='ocr_carea' id='block_1_98' title="bbox 455 4880 2032 4952">
    <p class='ocr_par' dir='ltr' id='par_1_98' title="bbox 455 4880 2032 4952">
     <span class='ocr_line' id='line_1_98' title="bbox 455 4880 2032 4952; baseline 0.001 -18"><span class='ocrx_word' id='word_1_745' title='bbox 455 4880 601 4952; x_wconf 89' lang='lat' dir='ltr'><strong>quod</strong></span> <span class='ocrx_word' id='word_1_746' title='bbox 649 4883 864 4948; x_wconf 86' lang='lat' dir='ltr'><strong>quidem</strong></span> <span class='ocrx_word' id='word_1_747' title='bbox 916 4890 1031 4936; x_wconf 90' lang='lat' dir='ltr'><strong>erat</strong></span> <span class='ocrx_word' id='word_1_748' title='bbox 1067 4883 1120 4934; x_wconf 92' lang='lat' dir='ltr'><strong>in</strong></span> <span class='ocrx_word' id='word_1_749' title='bbox 1157 4882 1443 4951; x_wconf 86' lang='lat' dir='ltr'><strong>principio,</strong></span> <span class='ocrx_word' id='word_1_750' title='bbox 1503 4882 1606 4935; x_wconf 86' lang='lat' dir='ltr'><strong>hoc</strong></span> <span class='ocrx_word' id='word_1_751' title='bbox 1671 4883 1835 4935; x_wconf 87' lang='lat' dir='ltr'><strong>etiam</strong></span> <span class='ocrx_word' id='word_1_752' title='bbox 1887 4899 2032 4937; x_wconf 89' lang='lat' dir='ltr'><strong>nunc</strong></span> 
     </span>
    </p>
   </div>
   <div class='ocr_carea' id='block_1_99' title="bbox 454 4972 2036 5045">
    <p class='ocr_par' dir='ltr' id='par_1_99' title="bbox 454 4972 2036 5045">
     <span class='ocr_line' id='line_1_99' title="bbox 454 4972 2036 5045; baseline 0.001 -18"><span class='ocrx_word' id='word_1_753' title='bbox 454 4981 556 5035; x_wconf 89' lang='lat' dir='ltr'><strong>est,</strong></span> <span class='ocrx_word' id='word_1_754' title='bbox 585 4979 638 5026; x_wconf 89' lang='lat' dir='ltr'><strong>et</strong></span> <span class='ocrx_word' id='word_1_755' title='bbox 663 4972 716 5024; x_wconf 91' lang='lat' dir='ltr'><strong>in</strong></span> <span class='ocrx_word' id='word_1_756' title='bbox 765 4983 1025 5026; x_wconf 71' lang='lat' dir='ltr'><strong>aeternum</strong></span> <span class='ocrx_word' id='word_1_757' title='bbox 1074 4984 1370 5043; x_wconf 87' lang='lat' dir='ltr'><strong>permanet.</strong></span> <span class='ocrx_word' id='word_1_758' title='bbox 1409 4976 1636 5044; x_wconf 81' lang='lat' dir='ltr'><strong>Semper</strong></span> <span class='ocrx_word' id='word_1_759' title='bbox 1661 4973 1794 5036; x_wconf 77' lang='lat' dir='ltr'><strong>Rex,</strong></span> <span class='ocrx_word' id='word_1_760' title='bbox 1821 4992 2036 5045; x_wconf 84' lang='lat' dir='ltr'><strong>semper</strong></span> 
     </span>
    </p>
   </div>
   <div class='ocr_carea' id='block_1_100' title="bbox 453 5061 2031 5135">
    <p class='ocr_par' dir='ltr' id='par_1_100' title="bbox 453 5061 2031 5135">
     <span class='ocr_line' id='line_1_100' title="bbox 453 5061 2031 5135; baseline 0.001 -17"><span class='ocrx_word' id='word_1_761' title='bbox 453 5061 1072 5122; x_wconf 86' lang='lat' dir='ltr'><strong>Dominus,Altissimus</strong></span> <span class='ocrx_word' id='word_1_762' title='bbox 1114 5081 1329 5135; x_wconf 87' lang='lat' dir='ltr'><strong>semper</strong></span> <span class='ocrx_word' id='word_1_763' title='bbox 1363 5074 1416 5119; x_wconf 90' lang='lat' dir='ltr'><strong>et</strong></span> <span class='ocrx_word' id='word_1_764' title='bbox 1471 5064 1633 5129; x_wconf 88' lang='lat' dir='ltr'><strong>Dens,</strong></span> <span class='ocrx_word' id='word_1_765' title='bbox 1671 5065 1804 5118; x_wconf 90' lang='lat' dir='ltr'><strong>nihil</strong></span> <span class='ocrx_word' id='word_1_766' title='bbox 1838 5067 2031 5120; x_wconf 91' lang='lat' dir='ltr'><strong>horum</strong></span> 
     </span>
    </p>
   </div>
   <div class='ocr_carea' id='block_1_101' title="bbox 454 5153 2037 5226">
    <p class='ocr_par' dir='ltr' id='par_1_101' title="bbox 454 5153 2037 5226">
     <span class='ocr_line' id='line_1_101' title="bbox 454 5153 2037 5226; baseline 0 -14"><span class='ocrx_word' id='word_1_767' title='bbox 454 5173 520 5212; x_wconf 83' lang='lat' dir='ltr'><strong>ex</strong></span> <span class='ocrx_word' id='word_1_768' title='bbox 554 5154 800 5226; x_wconf 80' lang='lat' dir='ltr'><strong>profectu</strong></span> <span class='ocrx_word' id='word_1_769' title='bbox 836 5153 1157 5216; x_wconf 49' lang='lat' dir='ltr'><strong>factus,&#39;sed</strong></span> <span class='ocrx_word' id='word_1_770' title='bbox 1191 5158 1373 5209; x_wconf 83' lang='lat' dir='ltr'><strong>omnia</strong></span> <span class='ocrx_word' id='word_1_771' title='bbox 1397 5157 1487 5225; x_wconf 91' lang='lat' dir='ltr'><strong>qui</strong></span> <span class='ocrx_word' id='word_1_772' title='bbox 1517 5165 1599 5210; x_wconf 86' lang='lat' dir='ltr'><strong>est</strong></span> <span class='ocrx_word' id='word_1_773' title='bbox 1632 5157 1684 5209; x_wconf 90' lang='lat' dir='ltr'><strong>in</strong></span> <span class='ocrx_word' id='word_1_774' title='bbox 1717 5161 1951 5225; x_wconf 77' lang='lat' dir='ltr'><strong>potentia</strong></span> <span class='ocrx_word' id='word_1_775' title='bbox 1983 5168 2037 5212; x_wconf 82' lang='lat' dir='ltr'><strong>et</strong></span> 
     </span>
    </p>
   </div>
   <div class='ocr_carea' id='block_1_102' title="bbox 456 5247 2035 5316">
    <p class='ocr_par' dir='ltr' id='par_1_102' title="bbox 456 5247 2035 5316">
     <span class='ocr_line' id='line_1_102' title="bbox 456 5247 2035 5316; baseline -0.001 -13"><span class='ocrx_word' id='word_1_776' title='bbox 456 5249 654 5303; x_wconf 76' lang='lat' dir='ltr'><strong>virtute</strong></span> <span class='ocrx_word' id='word_1_777' title='bbox 684 5256 910 5310; x_wconf 61' lang='lat' dir='ltr'><strong>naturae,</strong></span> <span class='ocrx_word' id='word_1_778' title='bbox 938 5262 1274 5316; x_wconf 67' lang='lat' dir='ltr'><strong>qnmcnnque</strong></span> <span class='ocrx_word' id='word_1_779' title='bbox 1296 5249 1455 5300; x_wconf 82' lang='lat' dir='ltr'><strong>etiam</strong></span> <span class='ocrx_word' id='word_1_780' title='bbox 1486 5248 1762 5300; x_wconf 79' lang='lat' dir='ltr'><strong>dicuntur.</strong></span> <span class='ocrx_word' id='word_1_781' title='bbox 1791 5247 2035 5302; x_wconf 84' lang='lat' dir='ltr'><strong>llumana</strong></span> 
     </span>
    </p>
   </div>
   <div class='ocr_carea' id='block_1_103' title="bbox 455 5339 2030 5410">
    <p class='ocr_par' dir='ltr' id='par_1_103' title="bbox 455 5339 2030 5410">
     <span class='ocr_line' id='line_1_103' title="bbox 455 5339 2030 5410; baseline -0.001 -16"><span class='ocrx_word' id='word_1_782' title='bbox 455 5357 583 5395; x_wconf 83' lang='lat' dir='ltr'><strong>vero</strong></span> <span class='ocrx_word' id='word_1_783' title='bbox 635 5351 849 5400; x_wconf 87' lang='lat' dir='ltr'><strong>natura,</strong></span> <span class='ocrx_word' id='word_1_784' title='bbox 913 5357 1006 5410; x_wconf 90' lang='lat' dir='ltr'><strong>per</strong></span> <span class='ocrx_word' id='word_1_785' title='bbox 1071 5341 1499 5408; x_wconf 90' lang='lat' dir='ltr'><strong>assumptioncm</strong></span> <span class='ocrx_word' id='word_1_786' title='bbox 1561 5340 1624 5394; x_wconf 87' lang='lat' dir='ltr'><strong>ad</strong></span> <span class='ocrx_word' id='word_1_787' title='bbox 1695 5339 2030 5394; x_wconf 83' lang='lat' dir='ltr'><strong>divinitatem</strong></span> 
     </span>
    </p>
   </div>
   <div class='ocr_carea' id='block_1_104' title="bbox 456 5430 2031 5502">
    <p class='ocr_par' dir='ltr' id='par_1_104' title="bbox 456 5430 2031 5502">
     <span class='ocr_line' id='line_1_104' title="bbox 456 5430 2031 5502; baseline -0.001 -17"><span class='ocrx_word' id='word_1_788' title='bbox 456 5434 712 5495; x_wconf 70' lang='lat' dir='ltr'><strong>exaltata,</strong></span> <span class='ocrx_word' id='word_1_789' title='bbox 747 5433 891 5487; x_wconf 88' lang='lat' dir='ltr'><strong>aliud</strong></span> <span class='ocrx_word' id='word_1_790' title='bbox 925 5432 1053 5502; x_wconf 91' lang='lat' dir='ltr'><strong>quid</strong></span> <span class='ocrx_word' id='word_1_791' title='bbox 1089 5447 1212 5484; x_wconf 91' lang='lat' dir='ltr'><strong>cum</strong></span> <span class='ocrx_word' id='word_1_792' title='bbox 1254 5440 1421 5492; x_wconf 76' lang='lat' dir='ltr'><strong>esset,</strong></span> <span class='ocrx_word' id='word_1_793' title='bbox 1455 5441 1508 5485; x_wconf 86' lang='lat' dir='ltr'><strong>et</strong></span> <span class='ocrx_word' id='word_1_794' title='bbox 1532 5431 1677 5484; x_wconf 79' lang='lat' dir='ltr'><strong>aliud</strong></span> <span class='ocrx_word' id='word_1_795' title='bbox 1710 5430 1836 5500; x_wconf 90' lang='lat' dir='ltr'><strong>quid</strong></span> <span class='ocrx_word' id='word_1_796' title='bbox 1869 5431 2031 5494; x_wconf 76' lang='lat' dir='ltr'><strong>facta,</strong></span> 
     </span>
    </p>
   </div>
   <div class='ocr_carea' id='block_1_105' title="bbox 459 5521 2033 5594">
    <p class='ocr_par' dir='ltr' id='par_1_105' title="bbox 459 5521 2033 5594">
     <span class='ocr_line' id='line_1_105' title="bbox 459 5521 2033 5594; baseline 0.003 -23"><span class='ocrx_word' id='word_1_797' title='bbox 459 5525 675 5594; x_wconf 73' lang='lat' dir='ltr'><strong>proprie</strong></span> <span class='ocrx_word' id='word_1_798' title='bbox 704 5534 755 5579; x_wconf 87' lang='lat' dir='ltr'><strong>et</strong></span> <span class='ocrx_word' id='word_1_799' title='bbox 784 5541 907 5581; x_wconf 84' lang='lat' dir='ltr'><strong>vere</strong></span> <span class='ocrx_word' id='word_1_800' title='bbox 926 5525 1180 5580; x_wconf 88' lang='lat' dir='ltr'><strong>Christus</strong></span> <span class='ocrx_word' id='word_1_801' title='bbox 1199 5531 1251 5578; x_wconf 92' lang='lat' dir='ltr'><strong>et</strong></span> <span class='ocrx_word' id='word_1_802' title='bbox 1285 5523 1545 5577; x_wconf 88' lang='lat' dir='ltr'><strong>Dominus</strong></span> <span class='ocrx_word' id='word_1_803' title='bbox 1577 5523 1716 5574; x_wconf 88' lang='lat' dir='ltr'><strong>l&#39;acta</strong></span> <span class='ocrx_word' id='word_1_804' title='bbox 1748 5537 1867 5576; x_wconf 84' lang='lat' dir='ltr'><strong>esse</strong></span> <span class='ocrx_word' id='word_1_805' title='bbox 1896 5521 2033 5576; x_wconf 78' lang='lat' dir='ltr'><strong>dici-</strong></span> 
     </span>
    </p>
   </div>
   <div class='ocr_carea' id='block_1_106' title="bbox 534 5701 1977 5775">
    <p class='ocr_par' dir='ltr' id='par_1_106' title="bbox 534 5701 1977 5775">
     <span class='ocr_line' id='line_1_106' title="bbox 534 5701 1977 5775; baseline -0.001 -20"><span class='ocrx_word' id='word_1_806' title='bbox 534 5703 576 5733; x_wconf 71' lang='lat'>”</span> <span class='ocrx_word' id='word_1_807' title='bbox 611 5701 738 5756; x_wconf 81' lang='lat' dir='ltr'><strong>Luc.</strong></span> <span class='ocrx_word' id='word_1_808' title='bbox 781 5720 837 5768; x_wconf 96' lang='lat' dir='ltr'><strong>ll,</strong></span> <span class='ocrx_word' id='word_1_809' title='bbox 870 5705 957 5758; x_wconf 77' lang='lat'><strong>5‘2.</strong></span> <span class='ocrx_word' id='word_1_810' title='bbox 1036 5706 1079 5737; x_wconf 61' lang='grc' dir='ltr'><strong>’τ’</strong></span> <span class='ocrx_word' id='word_1_811' title='bbox 1112 5704 1254 5758; x_wconf 87' lang='lat' dir='ltr'><strong>Psal.</strong></span> <span class='ocrx_word' id='word_1_812' title='bbox 1292 5718 1352 5768; x_wconf 88' lang='lat' dir='ltr'><strong>ll,</strong></span> <span class='ocrx_word' id='word_1_813' title='bbox 1386 5703 1438 5758; x_wconf 80' lang='grc'><strong>6.</strong></span> <span class='ocrx_word' id='word_1_814' title='bbox 1489 5774 1492 5775; x_wconf 16' lang='grc' dir='ltr'><em>ν</em></span> <span class='ocrx_word' id='word_1_815' title='bbox 1525 5703 1567 5733; x_wconf 76' lang='grc'><strong>’⁷</strong></span> <span class='ocrx_word' id='word_1_816' title='bbox 1604 5701 1742 5757; x_wconf 81' lang='lat' dir='ltr'><strong>I‘sal.</strong></span> <span class='ocrx_word' id='word_1_817' title='bbox 1775 5717 1885 5766; x_wconf 72' lang='lat' dir='ltr'><strong>cur,</strong></span> <span class='ocrx_word' id='word_1_818' title='bbox 1928 5702 1977 5754; x_wconf 76' lang='grc'><strong>2.</strong></span> 
     </span>
    </p>
   </div>
   <div class='ocr_carea' id='block_1_107' title="bbox 2137 4523 3700 4596">
    <p class='ocr_par' dir='ltr' id='par_1_107' title="bbox 2137 4523 3700 4596">
     <span class='ocr_line' id='line_1_107' title="bbox 2137 4523 3700 4596; baseline 0.001 -20"><span class='ocrx_word' id='word_1_819' title='bbox 2137 4523 2326 4592; x_wconf 79' lang='grc' dir='ltr'>γενοῦς</span> <span class='ocrx_word' id='word_1_820' title='bbox 2359 4523 2685 4595; x_wconf 77' lang='grc' dir='ltr'>ἐφαρμόζειν</span> <span class='ocrx_word' id='word_1_821' title='bbox 2703 4525 2879 4596; x_wconf 73' lang='grc' dir='ltr'>ούσίᾳ.</span> <span class='ocrx_word' id='word_1_822' title='bbox 2911 4526 3061 4578; x_wconf 79' lang='grc' dir='ltr'>Ἐπεὶ</span> <span class='ocrx_word' id='word_1_823' title='bbox 3085 4526 3142 4579; x_wconf 78' lang='grc' dir='ltr'><strong>δὲ</strong></span> <span class='ocrx_word' id='word_1_824' title='bbox 3163 4527 3222 4579; x_wconf 80' lang='grc' dir='ltr'><strong>τὸ</strong></span> <span class='ocrx_word' id='word_1_825' title='bbox 3248 4527 3400 4580; x_wconf 85' lang='grc' dir='ltr'>Θεῖον</span> <span class='ocrx_word' id='word_1_826' title='bbox 3433 4529 3461 4579; x_wconf 81' lang='grc' dir='ltr'><strong>ὃ</strong></span> <span class='ocrx_word' id='word_1_827' title='bbox 3486 4527 3539 4579; x_wconf 90' lang='grc' dir='ltr'><strong>τί</strong></span> <span class='ocrx_word' id='word_1_828' title='bbox 3577 4543 3700 4579; x_wconf 86' lang='grc' dir='ltr'>ποτε</span> 
     </span>
    </p>
   </div>
   <div class='ocr_carea' id='block_1_108' title="bbox 2137 4613 3702 4688">
    <p class='ocr_par' dir='ltr' id='par_1_108' title="bbox 2137 4613 3702 4688">
     <span class='ocr_line' id='line_1_108' title="bbox 2137 4613 3702 4688; baseline 0 -18"><span class='ocrx_word' id='word_1_829' title='bbox 2137 4613 2274 4670; x_wconf 79' lang='grc' dir='ltr'>εἶναι</span> <span class='ocrx_word' id='word_1_830' title='bbox 2301 4616 2674 4681; x_wconf 84' lang='grc' dir='ltr'>πεπίστευται,</span> <span class='ocrx_word' id='word_1_831' title='bbox 2704 4616 2930 4669; x_wconf 84' lang='grc' dir='ltr'>πάντοτε</span> <span class='ocrx_word' id='word_1_832' title='bbox 2959 4615 3220 4680; x_wconf 78' lang='grc' dir='ltr'>ὡσαύτως</span> <span class='ocrx_word' id='word_1_833' title='bbox 3248 4616 3702 4688; x_wconf 61' lang='grc' dir='ltr'>ἔχει,προσθὴκης</span> 
     </span>
    </p>
   </div>
   <div class='ocr_carea' id='block_1_109' title="bbox 2141 4704 3701 4776">
    <p class='ocr_par' dir='ltr' id='par_1_109' title="bbox 2141 4704 3701 4776">
     <span class='ocr_line' id='line_1_109' title="bbox 2141 4704 3701 4776; baseline -0.001 -19"><span class='ocrx_word' id='word_1_834' title='bbox 2141 4707 2239 4776; x_wconf 75' lang='grc' dir='ltr'><strong>μὲν</strong></span> <span class='ocrx_word' id='word_1_835' title='bbox 2289 4706 2470 4775; x_wconf 83' lang='grc' dir='ltr'>πάσης</span> <span class='ocrx_word' id='word_1_836' title='bbox 2523 4704 2824 4775; x_wconf 76' lang='grc' dir='ltr'>ἀνώτερον,</span> <span class='ocrx_word' id='word_1_837' title='bbox 2881 4704 3155 4775; x_wconf 90' lang='grc' dir='ltr'>μειώσεως</span> <span class='ocrx_word' id='word_1_838' title='bbox 3208 4705 3264 4758; x_wconf 84' lang='grc' dir='ltr'><strong>δὲ</strong></span> <span class='ocrx_word' id='word_1_839' title='bbox 3328 4705 3701 4771; x_wconf 82' lang='grc' dir='ltr'>ἀνεπίδεκτον,</span> 
     </span>
    </p>
   </div>
   <div class='ocr_carea' id='block_1_110' title="bbox 2137 4795 3703 4868">
    <p class='ocr_par' dir='ltr' id='par_1_110' title="bbox 2137 4795 3703 4868">
     <span class='ocr_line' id='line_1_110' title="bbox 2137 4795 3703 4868; baseline 0.002 -18"><span class='ocrx_word' id='word_1_840' title='bbox 2137 4797 2346 4867; x_wconf 78' lang='grc' dir='ltr'>ἀνάγκη</span> <span class='ocrx_word' id='word_1_841' title='bbox 2382 4797 2530 4849; x_wconf 80' lang='grc' dir='ltr'>πᾶσα</span> <span class='ocrx_word' id='word_1_842' title='bbox 2561 4795 2696 4866; x_wconf 84' lang='grc' dir='ltr'>πρὸς</span> <span class='ocrx_word' id='word_1_843' title='bbox 2737 4796 2801 4848; x_wconf 83' lang='grc' dir='ltr'>τὸ·</span> <span class='ocrx_word' id='word_1_844' title='bbox 2841 4796 3178 4865; x_wconf 85' lang='grc' dir='ltr'>ἀνθρώπινον</span> <span class='ocrx_word' id='word_1_845' title='bbox 3210 4797 3361 4866; x_wconf 81' lang='grc' dir='ltr'>ἄγειν</span> <span class='ocrx_word' id='word_1_846' title='bbox 3388 4799 3480 4851; x_wconf 84' lang='grc' dir='ltr'><strong>τὸν</strong></span> <span class='ocrx_word' id='word_1_847' title='bbox 3529 4800 3703 4868; x_wconf 80' lang='grc' dir='ltr'>λόγον.</span> 
     </span>
    </p>
   </div>
   <div class='ocr_carea' id='block_1_111' title="bbox 2148 4881 3705 4958">
    <p class='ocr_par' dir='ltr' id='par_1_111' title="bbox 2148 4881 3705 4958">
     <span class='ocr_line' id='line_1_111' title="bbox 2148 4881 3705 4958; baseline 0.002 -19"><span class='ocrx_word' id='word_1_848' title='bbox 2148 4887 2204 4939; x_wconf 81' lang='grc' dir='ltr'><strong>Ὀ</strong></span> <span class='ocrx_word' id='word_1_849' title='bbox 2234 4887 2339 4956; x_wconf 72' lang='grc' dir='ltr'><strong>γὰρ</strong></span> <span class='ocrx_word' id='word_1_850' title='bbox 2363 4885 2492 4948; x_wconf 84' lang='grc' dir='ltr'>Θεὸς</span> <span class='ocrx_word' id='word_1_851' title='bbox 2525 4885 2721 4953; x_wconf 85' lang='grc' dir='ltr'>Λόγος,</span> <span class='ocrx_word' id='word_1_852' title='bbox 2750 4885 2884 4956; x_wconf 86' lang='grc' dir='ltr'>ὅπερ</span> <span class='ocrx_word' id='word_1_853' title='bbox 2907 4887 2964 4938; x_wconf 83' lang='grc' dir='ltr'><strong>ὲν</strong></span> <span class='ocrx_word' id='word_1_854' title='bbox 2993 4887 3133 4958; x_wconf 79' lang='grc' dir='ltr'>ἀρχῇ</span> <span class='ocrx_word' id='word_1_855' title='bbox 3179 4881 3267 4957; x_wconf 75' lang='grc' dir='ltr'>ἦν,</span> <span class='ocrx_word' id='word_1_856' title='bbox 3298 4888 3458 4940; x_wconf 76' lang='grc' dir='ltr'>τοῦτο</span> <span class='ocrx_word' id='word_1_857' title='bbox 3487 4891 3582 4942; x_wconf 67' lang='grc' dir='ltr'><strong>καὶ</strong></span> <span class='ocrx_word' id='word_1_858' title='bbox 3615 4890 3705 4942; x_wconf 71' lang='grc' dir='ltr'>νῦν</span> 
     </span>
    </p>
   </div>
   <div class='ocr_carea' id='block_1_112' title="bbox 2137 4976 3704 5052">
    <p class='ocr_par' dir='ltr' id='par_1_112' title="bbox 2137 4976 3704 5052">
     <span class='ocr_line' id='line_1_112' title="bbox 2137 4976 3704 5052; baseline 0.006 -26"><span class='ocrx_word' id='word_1_859' title='bbox 2137 4977 2270 5039; x_wconf 79' lang='grc' dir='ltr'>ἐστι,</span> <span class='ocrx_word' id='word_1_860' title='bbox 2303 4977 2397 5028; x_wconf 72' lang='grc' dir='ltr'><strong>καὶ</strong></span> <span class='ocrx_word' id='word_1_861' title='bbox 2429 4978 2599 5028; x_wconf 72' lang='grc' dir='ltr'>εἰσαεὶ</span> <span class='ocrx_word' id='word_1_862' title='bbox 2623 4976 2884 5046; x_wconf 79' lang='grc' dir='ltr'>διαμένει.</span> <span class='ocrx_word' id='word_1_863' title='bbox 2925 4979 3034 5030; x_wconf 68' lang='grc' dir='ltr'><strong>Ἀεὶ</strong></span> <span class='ocrx_word' id='word_1_864' title='bbox 3061 4979 3329 5048; x_wconf 79' lang='grc' dir='ltr'>βασιλεὺς,</span> <span class='ocrx_word' id='word_1_865' title='bbox 3369 4981 3454 5032; x_wconf 82' lang='grc' dir='ltr'><strong>ἀεί</strong></span> <span class='ocrx_word' id='word_1_866' title='bbox 3487 4982 3704 5052; x_wconf 78' lang='grc' dir='ltr'>Κύριος.</span> 
     </span>
    </p>
   </div>
   <div class='ocr_carea' id='block_1_113' title="bbox 2139 5067 3708 5140">
    <p class='ocr_par' dir='ltr' id='par_1_113' title="bbox 2139 5067 3708 5140">
     <span class='ocr_line' id='line_1_113' title="bbox 2139 5067 3708 5140; baseline 0.002 -22"><span class='ocrx_word' id='word_1_867' title='bbox 2139 5067 2399 5136; x_wconf 39' lang='lat' dir='ltr'><strong>&quot;fenero;</strong></span> <span class='ocrx_word' id='word_1_868' title='bbox 2427 5067 2512 5119; x_wconf 72' lang='grc' dir='ltr'><strong>ἀεὶ</strong></span> <span class='ocrx_word' id='word_1_869' title='bbox 2543 5068 2635 5120; x_wconf 75' lang='grc' dir='ltr'><strong>καὶ</strong></span> <span class='ocrx_word' id='word_1_870' title='bbox 2664 5067 2813 5128; x_wconf 52' lang='grc' dir='ltr'>(θεὸς,</span> <span class='ocrx_word' id='word_1_871' title='bbox 2843 5068 2992 5120; x_wconf 86' lang='grc' dir='ltr'>ούδέν</span> <span class='ocrx_word' id='word_1_872' title='bbox 3015 5069 3218 5121; x_wconf 89' lang='grc' dir='ltr'>τούτων</span> <span class='ocrx_word' id='word_1_873' title='bbox 3244 5071 3306 5122; x_wconf 88' lang='grc' dir='ltr'>ὲκ</span> <span class='ocrx_word' id='word_1_874' title='bbox 3325 5075 3604 5140; x_wconf 73' lang='grc' dir='ltr'>προκοπῆς</span> <span class='ocrx_word' id='word_1_875' title='bbox 3623 5088 3708 5137; x_wconf 75' lang='grc' dir='ltr'>γε·</span> 
     </span>
    </p>
   </div>
   <div class='ocr_carea' id='block_1_114' title="bbox 2137 5159 3705 5231">
    <p class='ocr_par' dir='ltr' id='par_1_114' title="bbox 2137 5159 3705 5231">
     <span class='ocr_line' id='line_1_114' title="bbox 2137 5159 3705 5231; baseline -0.001 -19"><span class='ocrx_word' id='word_1_876' title='bbox 2137 5160 2380 5228; x_wconf 76' lang='grc' dir='ltr'>νόμενος,</span> <span class='ocrx_word' id='word_1_877' title='bbox 2421 5160 2553 5212; x_wconf 80' lang='grc' dir='ltr'><strong>ἀλλά</strong></span> <span class='ocrx_word' id='word_1_878' title='bbox 2584 5160 2759 5212; x_wconf 77' lang='grc' dir='ltr'>πάντα</span> <span class='ocrx_word' id='word_1_879' title='bbox 2797 5159 2871 5211; x_wconf 82' lang='grc' dir='ltr'>ὣν</span> <span class='ocrx_word' id='word_1_880' title='bbox 2897 5163 2953 5212; x_wconf 78' lang='grc' dir='ltr'><strong>ἐν</strong></span> <span class='ocrx_word' id='word_1_881' title='bbox 2978 5164 3040 5230; x_wconf 81' lang='grc' dir='ltr'>τῇ</span> <span class='ocrx_word' id='word_1_882' title='bbox 3076 5161 3298 5231; x_wconf 78' lang='grc' dir='ltr'>δυνάμει</span> <span class='ocrx_word' id='word_1_883' title='bbox 3339 5161 3439 5230; x_wconf 78' lang='grc' dir='ltr'><strong>τῆς</strong></span> <span class='ocrx_word' id='word_1_884' title='bbox 3473 5163 3705 5229; x_wconf 72' lang='grc' dir='ltr'>φύσεως,</span> 
     </span>
    </p>
   </div>
   <div class='ocr_carea' id='block_1_115' title="bbox 2139 5250 3710 5322">
    <p class='ocr_par' dir='ltr' id='par_1_115' title="bbox 2139 5250 3710 5322">
     <span class='ocr_line' id='line_1_115' title="bbox 2139 5250 3710 5322; baseline 0 -20"><span class='ocrx_word' id='word_1_885' title='bbox 2139 5251 2236 5302; x_wconf 78' lang='grc' dir='ltr'><strong>ὅσα</strong></span> <span class='ocrx_word' id='word_1_886' title='bbox 2271 5253 2362 5303; x_wconf 83' lang='grc' dir='ltr'><strong>καὶ</strong></span> <span class='ocrx_word' id='word_1_887' title='bbox 2391 5250 2628 5318; x_wconf 77' lang='grc' dir='ltr'>λέγεται.</span> <span class='ocrx_word' id='word_1_888' title='bbox 2674 5252 2742 5303; x_wconf 76' lang='grc' dir='ltr'><strong>Ὀ</strong></span> <span class='ocrx_word' id='word_1_889' title='bbox 2770 5252 2824 5304; x_wconf 77' lang='grc' dir='ltr'>δὲ</span> <span class='ocrx_word' id='word_1_890' title='bbox 2858 5252 2912 5318; x_wconf 80' lang='grc' dir='ltr'>ἐξ</span> <span class='ocrx_word' id='word_1_891' title='bbox 2952 5251 3235 5322; x_wconf 79' lang='grc' dir='ltr'>ἀνθρώπου</span> <span class='ocrx_word' id='word_1_892' title='bbox 3266 5253 3351 5306; x_wconf 66' lang='grc' dir='ltr'><strong>διὰ</strong></span> <span class='ocrx_word' id='word_1_893' title='bbox 3382 5254 3481 5322; x_wconf 79' lang='grc' dir='ltr'>τῆς</span> <span class='ocrx_word' id='word_1_894' title='bbox 3515 5253 3710 5320; x_wconf 77' lang='grc' dir='ltr'>ἀναλή-</span> 
     </span>
    </p>
   </div>
   <div class='ocr_carea' id='block_1_116' title="bbox 2138 5340 3708 5412">
    <p class='ocr_par' dir='ltr' id='par_1_116' title="bbox 2138 5340 3708 5412">
     <span class='ocr_line' id='line_1_116' title="bbox 2138 5340 3708 5412; baseline 0.001 -20"><span class='ocrx_word' id='word_1_895' title='bbox 2138 5340 2283 5409; x_wconf 63' lang='grc' dir='ltr'>ψεως</span> <span class='ocrx_word' id='word_1_896' title='bbox 2312 5341 2447 5412; x_wconf 82' lang='grc' dir='ltr'>πρὸς</span> <span class='ocrx_word' id='word_1_897' title='bbox 2466 5342 2524 5393; x_wconf 85' lang='grc' dir='ltr'><strong>τὸ</strong></span> <span class='ocrx_word' id='word_1_898' title='bbox 2551 5341 2702 5393; x_wconf 85' lang='grc' dir='ltr'>Θεῖον</span> <span class='ocrx_word' id='word_1_899' title='bbox 2728 5343 2979 5411; x_wconf 64' lang='grc' dir='ltr'>ὑψωθεὶς,</span> <span class='ocrx_word' id='word_1_900' title='bbox 3004 5344 3129 5396; x_wconf 85' lang='grc' dir='ltr'>ἄλλο</span> <span class='ocrx_word' id='word_1_901' title='bbox 3152 5361 3203 5396; x_wconf 86' lang='grc' dir='ltr'><strong>τι</strong></span> <span class='ocrx_word' id='word_1_902' title='bbox 3231 5344 3325 5409; x_wconf 84' lang='grc' dir='ltr'><strong>ὣν,</strong></span> <span class='ocrx_word' id='word_1_903' title='bbox 3357 5345 3452 5396; x_wconf 60' lang='grc' dir='ltr'><strong>καί⁵</strong></span> <span class='ocrx_word' id='word_1_904' title='bbox 3481 5343 3606 5397; x_wconf 81' lang='grc' dir='ltr'>ἄλλο</span> <span class='ocrx_word' id='word_1_905' title='bbox 3625 5359 3708 5409; x_wconf 81' lang='grc' dir='ltr'>γι-</span> 
     </span>
    </p>
   </div>
   <div class='ocr_carea' id='block_1_117' title="bbox 2141 5435 3708 5509">
    <p class='ocr_par' dir='ltr' id='par_1_117' title="bbox 2141 5435 3708 5509">
     <span class='ocr_line' id='line_1_117' title="bbox 2141 5435 3708 5509; baseline -0.001 -22"><span class='ocrx_word' id='word_1_906' title='bbox 2141 5435 2362 5505; x_wconf 86' lang='grc' dir='ltr'>νόμενος</span> <span class='ocrx_word' id='word_1_907' title='bbox 2391 5476 2404 5493; x_wconf 85' lang='grc'><strong>,</strong></span> <span class='ocrx_word' id='word_1_908' title='bbox 2458 5435 2659 5506; x_wconf 85' lang='grc' dir='ltr'>κυρίως</span> <span class='ocrx_word' id='word_1_909' title='bbox 2711 5439 2805 5490; x_wconf 71' lang='grc' dir='ltr'><strong>καὶ</strong></span> <span class='ocrx_word' id='word_1_910' title='bbox 2849 5437 3060 5508; x_wconf 77' lang='grc' dir='ltr'>ἀληθῶς</span> <span class='ocrx_word' id='word_1_911' title='bbox 3106 5438 3335 5509; x_wconf 81' lang='grc' dir='ltr'>Χριστὸς</span> <span class='ocrx_word' id='word_1_912' title='bbox 3373 5439 3468 5490; x_wconf 75' lang='grc' dir='ltr'>καὶ</span> <span class='ocrx_word' id='word_1_913' title='bbox 3510 5437 3708 5505; x_wconf 80' lang='grc' dir='ltr'>Κύριος</span> 
     </span>
    </p>
   </div>
   <div class='ocr_carea' id='block_1_118' title="bbox 2143 5525 3705 5601">
    <p class='ocr_par' dir='ltr' id='par_1_118' title="bbox 2143 5525 3705 5601">
     <span class='ocr_line' id='line_1_118' title="bbox 2143 5525 3705 5601; baseline 0.017 -29"><span class='ocrx_word' id='word_1_914' title='bbox 2143 5526 2471 5596; x_wconf 76' lang='grc' dir='ltr'>γεγενῆσθαι</span> <span class='ocrx_word' id='word_1_915' title='bbox 2505 5526 2739 5595; x_wconf 80' lang='grc' dir='ltr'>λέγεται.</span> <span class='ocrx_word' id='word_1_916' title='bbox 2791 5529 2882 5581; x_wconf 81' lang='grc' dir='ltr'>Ἐκ</span> <span class='ocrx_word' id='word_1_917' title='bbox 2913 5529 3097 5582; x_wconf 80' lang='grc' dir='ltr'>δούλου</span> <span class='ocrx_word' id='word_1_918' title='bbox 3147 5530 3254 5601; x_wconf 79' lang='grc' dir='ltr'>γὰρ</span> <span class='ocrx_word' id='word_1_919' title='bbox 3280 5527 3442 5582; x_wconf 80' lang='grc' dir='ltr'>αὑτὸν</span> <span class='ocrx_word' id='word_1_920' title='bbox 3485 5525 3705 5596; x_wconf 67' lang='grc' dir='ltr'><strong>Κύριον»</strong></span> 
     </span>
    </p>
   </div>
  </div>
