4034 6156
485 233 590 295 159
1721 228 1775 282 S.
1814 226 2142 285 GltEGORll
2185 229 2478 286 NYSSENI
3627 231 3739 289 πο

554 354 821 422 Quoniam
861 358 1037 405 autem
1069 350 1143 401 ait
1190 348 1488 404 Eunomius
1543 364 1736 405 nomen
1795 353 1916 413 hoc,
1953 352 2059 405 Do-
2089 362 2133 414 Α

2246 354 2396 407 Ἐπεὶ
2429 354 2484 407 δέ
2518 371 2649 426 φησι
2689 354 2786 425 τὴν
2848 354 3059 423 Κύριος
3088 351 3229 418 λέξιν
3286 352 3384 422 τῆς
3416 352 3604 416 οὐσίας
3640 354 3733 408 τοῦ

484 452 688 508 minus,
741 446 808 500 de
866 441 1099 497 essentia
1163 439 1461 510 Unigeniti,
1522 457 1629 496 non
1682 442 1754 497 de
1802 445 2061 513 dignitate

2161 446 2527 515 Μονογενοῦς,
2583 448 2645 500 οὐ
2674 448 2771 517 τῆς
2815 446 2968 510 ἀξίας
2998 445 3453 517 κατηγορεῖσθαι⁸
3504 447 3598 499 καὶ
3645 446 3736 499 τὸν

482 535 792 597 enuntiari,
854 545 1015 601 alque
1070 530 1389 599 Apostolum
1424 530 1491 584 ad
1524 532 1637 586 haec
1688 540 1883 587 testem
1930 533 2062 588 citat

2174 536 2490 590 Ἀπὸστολον
2510 536 2719 601 τούτοις
2745 539 3171 610 ὲπιμαρτύρεται
3198 539 3419 605 λέγοντα
3455 542 3592 610 πρὸς
3627 542 3736 593 Κο-

480 636 750 689 dicentem
802 632 867 684 ad
904 630 1215 684 Corinthios
1250 648 1261 683 :
1318 628 1575 681 Dominus
1625 638 1797 682 autem
1828 628 2060 696 Spiritus

2162 626 2416 695 ρινοίους·
2458 629 2520 681 '0
2551 627 2618 681 δὲ
2636 629 2853 697 Κύριος
2896 630 2962 681 τὸ
2993 628 3231 698 Πνεῦμα
3258 630 3457 683 ἐστιν’
3486 630 3736 698 εὔκαιρον

480 736 556 779 est
597 728 637 789 ¹,
674 734 1039 793 opportunum
1070 720 1288 788 quidem
1343 718 1525 782 fuerit,
1556 734 1731 786 neque
1763 720 1908 772 hunc
1941 720 2060 788 ejus

2160 714 2227 767 ἂν
2284 715 2368 785 εἴη
2425 715 2559 787 μηδὲ
2607 716 2809 787 ταύτην
2868 716 3032 770 αὐτοῦ
3085 718 3183 787 τὴν
3237 716 3441 787 πλάνην
3477 718 3736 786 περιιδεῖν

479 830 720 871 errorem
752 814 1114 867 incorrectum
1145 811 1442 879 despicere.
1475 811 1771 865 Dictionem
1800 811 2059 864 Dominus

2160 804 2505 877 ἀδιόρθωτον.
2525 807 2635 877 Τὴν
2656 808 2868 875 Κύριος
2890 805 3032 871 λέξιν
3056 808 3151 876 τῆς
3174 806 3359 869 οὐσίας
3377 802 3515 859 εἶναι
3536 823 3738 875 σημαν-

480 906 733 962 essentiae
750 902 1166 973 signiﬁcativam
1192 902 1409 965 asserit,
1434 909 1486 954 et
1506 900 1571 955 ad
1600 902 1765 970 hujus
1787 903 2059 972 opinionis

2157 895 2313 964 τικὴν
2336 895 2661 965 διορίζεται,
2705 898 2798 949 καὶ
2831 898 2910 959 είς
2962 896 3231 962 ἀπόδειξιν
3273 896 3374 966 τῆς
3412 896 3734 967 ὑπολήψεως

481 995 1002 1051 demonstrationem
1091 992 1296 1045 dictum
1335 1005 1642 1044 sermonem
1703 991 1942 1045 adducit.
1979 990 2062 1044 Vi-

2157 985 2362 1055 ταύτης
2389 986 2583 1053 ἐπάγει
2610 987 2699 1040 τὸν
2734 986 2966 1058 ρηθέντα
2992 986 3169 1054 λόγον.
3204 986 3431 1057 Ἱδωμεν
3467 988 3648 1039 τοίνυν
3683 987 3736 1041 εῐ

479 1090 705 1142 deamus
738 1086 903 1155 igitur
940 1085 985 1138 si
1044 1082 1173 1151 quid
1230 1096 1519 1135 commune
1557 1082 1718 1136 habet
1773 1082 1875 1135 hoc
1914 1082 2058 1152 quod

2156 1096 2208 1133 τι
2231 1080 2408 1133 κοινὸν
2440 1080 2598 1133 τοῦτο
2627 1082 2985 1150 προκείμενον
3014 1078 3147 1149 ἔχει.
3198 1079 3261 1132 '0
3290 1081 3502 1147 Κύριος
3520 1120 3534 1142 ,
3564 1080 3729 1150 φησι,

480 1173 821 1243 proponitur.
854 1170 1134 1230 Dominus,
1165 1168 1359 1236 inquit,
1404 1167 1634 1236 Spiritus
1669 1178 1765 1223 est.
1798 1170 1896 1224 llic
1929 1186 2059 1227 vero

2157 1170 2223 1222 τὸ
2253 1170 2495 1240 Πνεῦμά
2510 1172 2699 1225 ἐστιν.
2745 1171 2803 1225 '0
2829 1172 2885 1224 δὲ
2916 1171 3014 1242 τὴν
3042 1170 3259 1243 Γραφὴν
3292 1172 3424 1242 πρὸς
3453 1172 3514 1224 τὸ
3544 1170 3732 1224 δοκοῦν

481 1266 820 1331 Scripturam
853 1277 948 1331 pro
983 1275 1084 1315 suo
1136 1259 1365 1312 arbitrio
1408 1273 1707 1328 exponens,
1760 1263 2055 1315 essentiam

2158 1264 2546 1334 ἐξηγούμενος,
2589 1266 2774 1319 οὐσίαν
2823 1263 3075 1336 ὀνομάζει
3116 1266 3214 1336 τὴν
3285 1266 3601 1336 κυριότητα,
3640 1265 3732 1318 καὶ

478 1356 724 1408 nominat
753 1354 1215 1417 dominationem;
1257 1363 1310 1407 et
1366 1369 1429 1407 ex
1474 1354 1541 1407 iis
1565 1366 1685 1421 quae
1732 1352 1874 1406 dicta
1906 1361 2055 1417 sunt,

2157 1356 2245 1409 διὰ
2289 1357 2397 1409 τῶν
2439 1358 2739 1427 εἰρημένων
2797 1358 2965 1410 οἴεται
3005 1358 3095 1411 τὸν
3150 1358 3306 1424 λόγον
3338 1361 3415 1421 εἰς
3458 1358 3730 1422 ἀπόδειξιν

480 1454 632 1515 putat
665 1446 730 1498 ad
763 1445 1131 1514 probationem
1164 1452 1366 1497 certam
1389 1445 1531 1497 hunc
1554 1458 1859 1497 sermonem
1888 1444 2057 1497 addu-

2158 1446 2328 1513 ἄγειν.
2376 1447 2513 1499 Ἀλλ’
2558 1448 2605 1499 εί
2649 1448 2746 1517 μὲν
2785 1450 2968 1518 είρητο
3000 1448 3148 1521 παρὰ
3181 1447 3273 1501 τοῦ
3317 1449 3547 1512 Παύλου,
3584 1448 3645 1501 Ὀ
3675 1449 3732 1501 δὲ

477 1554 621 1592 cere.
652 1536 755 1591 Sed
789 1538 834 1591 si
863 1537 1066 1589 dictum
1103 1545 1250 1592 esset
1280 1552 1308 1589 a
1342 1535 1530 1601 Paulo,
1578 1536 1836 1589 Dominus
1867 1552 2057 1590 essen-

2158 1535 2359 1604 Κύριος
2380 1535 2534 1589 οὐσία
2562 1538 2726 1601 ἐστὶν,
2756 1538 2849 1590 καὶ
2873 1539 3032 1609 ἡμεῖς
3062 1539 3173 1601 τοῖς
3194 1537 3503 1607 λεγομένοις
3524 1537 3588 1591 ἂν
3610 1555 3733 1590 ων-

478 1633 551 1681 tia
581 1637 685 1689 est,
722 1642 820 1681 nos
883 1628 1044 1681 etiam
1094 1628 1255 1683 dictis
1312 1628 1727 1682 assentiremur.
1785 1624 2051 1691 Quoniam

2158 1624 2483 1695 εδράμομεν.
2542 1627 2690 1679 Ἐπεὶ
2734 1626 2791 1679 δὲ
2832 1629 2859 1679 6
2904 1628 3000 1697 μὲν
3048 1627 3402 1691 Θεόπνευστος
3464 1628 3619 1696 λόγος
3672 1629 3733 1681 τὸ

476 1734 605 1773 vero
638 1735 666 1771 a
719 1718 824 1771 Deo
884 1720 1181 1786 inSpiratus
1247 1733 1428 1772 sermo
1458 1717 1748 1770 Dominum
1789 1718 2052 1785 Spiritum

2159 1716 2382 1786 Πνεῦμά
2421 1734 2581 1788 φησιν
2626 1715 2765 1770 εἶναι
2807 1719 2897 1772 τὸν
2937 1719 3139 1790 Κύριον
3166 1736 3178 1748 ·
3211 1720 3238 1770 6
3267 1720 3321 1773 δὲ
3348 1720 3607 1790 Εὐνόμιος
3639 1722 3732 1773 οὐ·

474 1825 597 1864 esse
645 1809 775 1862 dicit
824 1826 837 1862 :
895 1808 1196 1864 Eunomius
1245 1823 1376 1862 vero
1428 1808 1857 1862 dominationem
1918 1808 2053 1862 dicit

2160 1808 2281 1860 σίαν
2308 1808 2453 1875 λέγει
2496 1809 2594 1877 τὴν
2638 1809 2965 1880 κυριότηταο
3020 1810 3120 1863 οὐκ
3165 1805 3282 1863 οἴδα
3316 1809 3476 1863 πόθεν
3507 1810 3537 1861 6
3577 1808 3732 1878 λόγος

475 1904 802 1968 essentiam‘;
857 1902 1043 1956 nescio
1084 1899 1228 1955 unde
1282 1902 1388 1954 vim
1416 1912 1469 1955 et
1523 1902 1689 1953 robur
1715 1901 1835 1968 ejus
1873 1916 2057 1956 sermo

2158 1895 2303 1966 αὐτῷ
2330 1896 2426 1966 τὴν
2459 1897 2610 1967 ἰσχὺν
2650 1897 2783 1968 ἔχει,
2820 1901 2867 1952 εί
2914 1898 2989 1969 μὴ
3021 1899 3160 1968 τάχα
3196 1898 3354 1953 πάλιν
3385 1900 3477 1953 καὶ
3508 1900 3605 1971 τὴν
3636 1900 3729 1953 τοῦ

473 1996 647 2067 possit
668 1994 1000 2055 habere,nisi
1035 1992 1169 2047 forte
1203 2008 1396 2046 rursus
1418 1993 1579 2046 etiam
1603 1993 1827 2061 spiritus
1857 1992 2057 2046 dictio-

2164 1988 2470 2060 πνεύματος
2520 1989 2663 2054 λέξιν
2716 1990 2836 2043 ἀντὶ
2884 1991 2985 2061 τῆς
3041 1992 3227 2056 οὐσίας
3277 1992 3423 2061 λέγοι
3477 1993 3628 2063 παρὰ
3663 1996 3726 2063 τῇ

476 2103 597 2139 nem
632 2102 661 2138 a
716 2085 997 2155 Scriptura
1030 2086 1155 2155 poni
1206 2100 1303 2154 pro
1336 2086 1575 2138 essentia
1627 2084 1793 2139 dicat.
1851 2084 2056 2150 Quam-

2158 2078 2345 2149 Γραφῇ
2379 2079 2611 2132 κεῖσθαι.
2658 2080 3031 2151 Ἐξετάσωμεν
3074 2082 3253 2135 τοίνυν
3285 2083 3336 2135 εί
3383 2099 3484 2134 που
3522 2086 3588 2153 τῇ
3636 2083 3728 2135 τοῦ

474 2176 664 2230 obrem
695 2178 1036 2245 inquiramus
1065 2177 1349 2244 diligenter
1375 2184 1556 2229 utrum
1603 2176 1801 2229 alicubi
1832 2176 2058 2244 spiritus

2156 2172 2495 2240 πνεύματος
2531 2171 2672 2239 λέξει
2699 2172 3041 2243 χρησάμενος
3075 2175 3103 2225 6
3140 2172 3481 2237 Ἀπόστολος,
3514 2173 3611 2245 τὴν
3639 2175 3730 2226 οὐ-

475 2270 712 2322 dictione
747 2284 877 2322 usus
909 2268 1219 2337 Apostolus,
1245 2268 1542 2321 essentiam
1578 2282 1673 2336 per
1700 2268 1839 2320 hanc
1869 2282 2054 2320 vocem

2158 2261 2277 2314 σίαν
2328 2261 2416 2315 διὰ
2467 2264 2566 2333 τῆς
2612 2266 2793 2335 φωνῆς
2847 2263 3159 2327 ἐνεδείξατο.
3208 2264 3393 2331 Αὐτὸ,
3450 2268 3611 2336 φησὶ,
3666 2266 3728 2319 τὸ

475 2360 753 2415 indicavit.
793 2358 932 2428 Ipse,
962 2360 1156 2428 inquit,
1206 2359 1435 2426 Spiritus
1487 2367 1808 2411 contestatur
1845 2359 2057 2427 spiritui

2158 2352 2397 2421 Πνεῦμα
2425 2354 2838 2422 συμμαρτυρεῖ
2856 2353 2935 2419 τῷ
2954 2356 3240 2425 πνεύματι
3265 2354 3450 2423 ήμῶν·
3485 2357 3598 2422 καὶ,
3618 2359 3730 2410 Οὑ-

474 2466 654 2505 nostro
680 2454 698 2483 ²
724 2472 736 2519 ;
764 2460 838 2517 et,
872 2450 1071 2505 Nullus
1099 2454 1238 2505 novit
1270 2468 1384 2520 qua:
1410 2460 1532 2505 sunt
1555 2451 1779 2503 hominis
1807 2452 1911 2504 nisi
1949 2451 2059 2519 spi-

2155 2443 2279 2509 δεῖς
2325 2441 2447 2497 οἶδε
2486 2443 2557 2497 τὰ
2586 2444 2692 2498 τοῦ
2731 2445 3044 2513 ἀνθρώπου
3074 2450 3127 2500 εί
3159 2447 3244 2517 μὴ
3282 2448 3347 2501 τὸ
3397 2448 3631 2517 πνεῦμα
3665 2450 3727 2503 τὸ

473 2550 608 2599 ritus
638 2546 725 2613 qui
750 2554 824 2598 est
850 2546 901 2597 in
928 2560 1040 2612 ipso
1060 2543 1101 2608 ³;
1131 2552 1204 2605 et,
1230 2541 1431 2595 Littera
1460 2541 1669 2606 occidit,
1688 2540 1905 2608 spiritus
1931 2539 2060 2593 vivi-

2156 2535 2219 2589 ὲν
2242 2535 2420 2601 αὐτῷ·
2449 2537 2563 2601 καὶ,
2591 2537 2661 2592 T6
2685 2537 2917 2608 γράμμα
2936 2539 3291 2603 ἀποκτείνει,
3315 2539 3379 2593 τὸ
3403 2540 3471 2592 δὲ
3495 2540 3730 2608 πνεῦμα

472 2636 597 2703 ﬁcat
636 2635 687 2698 ¹⁸;
734 2642 806 2697 et,
861 2632 921 2686 Si
967 2633 1155 2698 spiritu
1189 2630 1331 2699 facta
1359 2632 1536 2682 carnis
1586 2629 2053 2698 mortiﬁcaveritis,

2157 2625 2432 2687 ζωοποιεῖ⁵
2460 2628 2574 2693 καὶ,
2602 2629 2671 2682 El
2693 2630 2981 2698 πνεύματι
3010 2630 3115 2694 τὰς
3138 2629 3371 2696 πράξεις
3409 2630 3513 2683 τοῦ
3542 2629 3730 2699 σὼμαρ

473 2727 655 2779 vivetis
702 2724 761 2788 ’;
820 2734 904 2784 et,
952 2724 1010 2776 Si
1058 2724 1248 2790 spiritu
1306 2723 1559 2786 vivimus,
1608 2721 1799 2789 spiritu
1846 2718 2056 2772 inceda-

2155 2734 2257 2785 τος
2304 2719 2647 2786 θανατοῦτε,
2689 2719 2913 2785 ζήσετε·
2948 2721 3058 2785 καὶ,
3096 2722 3164 2774 El
3194 2719 3374 2788 ζῶμεν
3409 2722 3725 2789 πνεύματι,

475 2831 591 2868 mus
631 2815 671 2866 °.
727 2813 929 2881 Ecquis
984 2811 1225 2881 Apostoli
1286 2828 1446 2866 voces
1480 2810 1545 2866 de
1577 2811 1680 2865 hac
1731 2827 1789 2866 re
1831 2826 2058 2866 enume’

2155 2814 2445 2882 πνεύματι
2467 2814 2565 2867 καὶ
2594 2814 2947 2884 στοιχῶμεν.
2977 2816 3085 2867 Καὶ
3101 2815 3182 2877 τίς
3210 2813 3275 2867 ἂν
3303 2814 3728 2884 ἐξαριθμήσαιτο

472 2908 643 2961 rando
673 2913 990 2976 percenseat
1024 2944 1039 2969 ,
1102 2905 1153 2957 in
1182 2904 1379 2973 quibus
1410 2922 1503 2974 per
1572 2906 1711 2958 hanc
1753 2904 2051 2959 dictionem

2153 2904 2253 2967 τὰς
2288 2904 2382 2957 τοῦ
2433 2904 2753 2958 ’Λποστόλου
2789 2906 2917 2975 περὶ
2951 2904 3139 2957 τούτου
3173 2904 3354 2974 φωνάς
3376 2922 3390 2935 '
3425 2908 3482 2957 ἐν
3520 2900 3606 2968 αἶς
3639 2907 3727 2958 οὐ·

470 3000 766 3054 esscntiam
798 3000 1096 3068 signiﬁcari
1153 3013 1423 3068 nusquam
1472 2998 1880 3068 comperimus?
1916 2996 2050 3051 Nam

2154 2996 2327 3069 δαμοῦ
2357 2996 2455 3067 τὴν
2488 2997 2674 3049 οὐσίαν
2722 2997 2809 3050 διὰ
2833 3000 2932 3066 τῆς
2975 2996 3172 3063 λέξεως
3215 2995 3416 3067 ταύτης
3471 3014 3730 3067 σημαινο-

469 3087 562 3156 qui
598 3088 752 3151 dicit,
786 3055 932 3157 quod
963 3088 1070 3155 ipse
1095 3055 1321 3155 Spiritus
1346 3055 1698 3140 testimonium
1727 3085 1819 3139 dat
1844 3087 2050 3154 spiritui

2158 3055 2325 3159 μένην
2382 3055 2737 3161 εῦρίσκομενς
2795 3089 2853 3142 ’0
2888 3055 3011 3159 ¹γέιρ
3048 3055 3271 3157 ⁷λέγων,
3321 3055 3410 3142 ὅτι⁷
3452 3055 3609 3143 Auiti
3662 3091 3725 3143 τὸ

470 3190 671 3244 nostra,
699 3180 833 3233 nihil
865 3180 1010 3232 aliud
1035 3179 1238 3233 indicat
1269 3187 1465 3248 praeter
1492 3178 1754 3247 Spiritum
1780 3188 2048 3242 sanctum,

2158 3180 2408 3249 Πνεῦμα
2458 3180 2874 3248 συμμαρτυρεῖ
2900 3179 2985 3251 τῷ
3003 3182 3289 3249 πνεύματι
3345 3180 3513 3249 ἡμῶν
3532 3221 3547 3245 ,
3576 3182 3729 3235 οὐδὲν

470 3275 526 3329 in
563 3281 740 3327 mente
772 3272 1008 3326 ﬁdelium
1042 3271 1288 3326 insitum.
1324 3272 1534 3325 Etenim
1568 3280 1801 3326 mentem
1827 3286 2050 3326 suorum

2152 3272 2334 3341 ἕτερον
2365 3272 2396 3342 ἢ
2430 3274 2489 3324 τὸ
2520 3273 2671 3339 ἆγιον
2699 3272 3025 3325 ἐνδείκνυται
3061 3273 3305 3343 Πνεῦμα,
3336 3274 3395 3325 τὸ
3423 3276 3487 3343 τῇ
3524 3274 3730 3345 διανοίᾳ

469 3380 782 3419 sermonum
833 3379 975 3432 saepe
1025 3364 1281 3434 spiritum
1338 3364 1610 3424 nominat,
1644 3379 1763 3430 qua:
1786 3378 1908 3415 cum
1943 3363 2051 3431 spi-

2152 3362 2260 3414 τῶν
2285 3362 2489 3414 πιστῶν
2523 3362 2887 3431 ἐγγινόμενον.
2922 3362 3028 3414 Καὶ
3066 3362 3174 3433 γὰρ
3208 3363 3300 3415 καὶ
3331 3363 3420 3415 τὸν
3442 3362 3566 3415 νοῦν
3603 3362 3730 3413 ποῖ-.-

467 3458 609 3512 ritus
648 3457 1090 3511 communionem
1150 3455 1382 3524 accepit,
1419 3454 1505 3509 his
1552 3454 1643 3525 qui
1704 3463 2049 3523 acceperunt,

2151 3451 2286 3523 λαχῆ
2331 3452 2440 3505 τῶν
2499 3451 2691 3506 ἑαυτοῦ
2740 3453 2913 3521 λόγων
2956 3452 3175 3522 πνεῦμα
3227 3454 3614 3523 κατονομάζει,
3665 3446 3724 3505 οῦ

469 3549 778 3617 adeptionis
851 3548 1088 3616 dignitas
1156 3546 1369 3600 accedit
1433 3565 1447 3601 :
1501 3553 1555 3601 et
1639 3546 1788 3610 hoc,
1853 3545 2049 3600 Nullus

2150 3544 2440 3615 δεξαμένου
2469 3545 2565 3617 τὴν
2586 3546 2865 3599 κοινωνίαν
2888 3546 2981 3599 τοῦ
3014 3546 3339 3616 πνεύματος,
3367 3546 3723 3617 παραγίνεται

468 3641 607 3691 novit
634 3656 694 3691 ea
719 3655 834 3708 qua:
851 3648 969 3690 sunt
994 3638 1244 3701 hominis,
1270 3638 1372 3691 nisi
1397 3638 1615 3705 spiritus
1634 3639 1721 3707 qui
1740 3648 1818 3691 est
1840 3638 1892 3690 iu
1913 3639 2045 3706 ipso.

2149 3638 2262 3698 τοῖς
2312 3634 2621 3706 δεξαμένοις
2665 3638 2723 3691 τὸ
2768 3638 2867 3708 τῆς
2905 3638 3175 3700 υἰοΟεσίας
3207 3638 3421 3707 ἀξίωμα
3452 3656 3466 3667 ·
3499 3638 3590 3691 καὶ
3640 3638 3719 3701 τὸ,

469 3728 525 3783 Si
562 3732 723 3782 etiam
782 3729 941 3781 homo
976 3729 1041 3783 de
1099 3730 1354 3791 essentia,
1396 3738 1449 3783 et
1493 3730 1721 3796 spiritus
1774 3729 2045 3792 similiter,

2146 3726 2353 3792 Οὐδεὶς
2378 3723 2501 3780 οἵδε
2522 3728 2594 3780 τὰ
2622 3724 2727 3780 τοῦ
2755 3727 3090 3797 ἀνθρώπου,
3113 3731 3165 3781 εί
3187 3728 3272 3797 μὴ
3305 3728 3367 3781 τὸ
3390 3728 3625 3797 πνεῦμα
3657 3728 3723 3781 τὸ

467 3821 604 3874 duas
647 3821 916 3875 cssentias
960 3822 1013 3875 in
1067 3821 1288 3875 homine
1334 3836 1457 3876 esse
1514 3837 1576 3875 ex
1616 3821 1683 3876 iis
1739 3837 1860 3892 qum
1903 3822 2046 3875 dicta

2149 3818 2217 3870 ἐν
2258 3818 2438 3883 αὐτῷ.
2476 3819 2538 3871 Εἰ
2573 3820 2664 3872 καὶ
2688 3821 2716 3871 6
2747 3819 3028 3890 ἄνθρωπος
3070 3818 3208 3872 κατὰ
3243 3820 3341 3888 τῆς
3372 3820 3588 3883 οὐσίας,
3629 3820 3724 3872 καὶ

467 3920 617 3973 sunt,
648 3912 933 3967 astruitur.
990 3912 1092 3978 Qui
1120 3922 1299 3965 autem
1332 3912 1466 3966 dicit
1509 3913 1738 3967 litteram
1772 3912 2044 3975 occidere,

2148 3908 2207 3961 τὸ
2240 3909 2454 3979 πνεῦμα
2484 3910 2766 3976 ὡσαύτως,
2807 3910 2900 3964 δύο
2931 3912 3107 3965 οὐσίαι
3147 3913 3174 3964 ὁ
3205 3910 3485 3980 ἄνθρωπος
3516 3913 3581 3964 ὲκ
3614 3911 3722 3963 τῶν

467 4006 718 4072 spiritum
752 4018 880 4058 vero
911 4005 1205 4065 vivilicare,
1227 4004 1412 4058 nescio
1447 4002 1718 4072 quomodo
1753 4002 2045 4057 essentiam

2147 4000 2446 4072 εἰρημένων
2494 3998 2634 4057 εἶναι
2676 4004 3162 4069 κατασκευάζεται.
3201 4004 3259 4057 '0
3292 4004 3347 4055 δὲ
3384 4004 3443 4054 τὸ
3486 4003 3724 4072 γράμμα

467 4098 659 4151 littera:
710 4097 933 4165 opponit
990 4118 1000 4150 :
1049 4096 1130 4148 vel
1184 4109 1376 4149 rursus
1409 4094 1682 4163 quomodo
1754 4094 1838 4148 hic
1894 4101 2047 4165 putat

2146 4090 2318 4159 λέγων
2338 4090 2752 4157 ἁποκτεννύναι,
2768 4092 3046 4156 ζωοποιεῖν
3070 4092 3126 4145 δὲ
3156 4092 3215 4144 τὸ
3246 4092 3478 4163 πνεῦμα,
3503 4094 3605 4144 οὐκ
3626 4090 3722 4145 οἶδ’

464 4186 690 4241 Paulum
746 4186 1039 4250 dicentem,
1079 4184 1273 4253 spiritu
1323 4182 1577 4253 oportere
1619 4183 1759 4238 facta
1798 4187 2045 4254 corporis

2145 4180 2291 4244 ὅπως
2328 4182 2514 4234 οὐσίαν
2556 4183 2971 4235 ἀντιδιαστέλλει
3014 4182 3089 4252 τῷ
3131 4182 3451 4253 γράμματι·
3488 4183 3521 4253 ἧ
3562 4183 3722 4235 πάλιν

464 4280 677 4339 tolli-re,
707 4278 771 4331 ad
795 4277 1089 4332 essentiam
1118 4276 1389 4331 adducere
1414 4277 1640 4345 spiritus
1658 4276 2041 4345 signiﬁcatum.

2146 4272 2263 4336 πῶς
2292 4269 2442 4337 οὗτος
2467 4272 2636 4328 οἴεται
2664 4274 2887 4342 λέγοντα.
2920 4275 3009 4327 τὸν
3048 4274 3284 4338 Παῦλον,
3313 4273 3581 4343 πνεύματι
3609 4276 3721 4326 δεῖν

462 4367 599 4421 Il!ud
631 4382 759 4421 vero
799 4367 980 4420 vivere
1011 4365 1204 4434 spiritu
1260 4375 1312 4421 ct
1363 4366 1643 4420 ambulare
1671 4365 1887 4435 spiritu,
1942 4366 2044 4420 hoc

2146 4365 2242 4427 τὰς
2291 4364 2517 4434 πράξεις
2560 4365 2654 4417 τοῦ
2690 4366 2941 4435 σώματος
2987 4366 3246 4434 ἀναιρεῖν,
3286 4366 3374 4417 ἐπὶ
3406 4365 3504 4434 τὴν
3534 4364 3721 4415 οὐσίαν

459 4458 623 4511 etiam
692 4472 916 4526 prorsus
967 4464 1119 4509 extra
1176 4456 1586 4527 intelligentiam
1638 4457 1823 4520 fuerit.
1861 4459 1907 4513 si
1974 4459 2043 4512 ad

2146 4456 2298 4525 ἄγειν
2336 4457 2395 4508 τὸ
2420 4455 2512 4509 τοῦ
2559 4456 2865 4527 πνεύματος
2918 4456 3330 4528 σημαινόμενον.
3391 4456 3464 4508 Τὸ
3512 4456 3568 4509 δὲ
3623 4456 3720 4524 ζῇν

457 4546 751 4600 essentiam
778 4545 1006 4615 spiritus
1034 4545 1395 4614 signiﬁcatum
1439 4546 1727 4603 referatur.
1762 4546 1861 4601 Per
1894 4548 2041 4603 aliud

2145 4545 2437 4617 πνεύματι,
2472 4548 2565 4600 καὶ
2610 4551 2840 4619 στοιχεῖν
2884 4548 3173 4618 πνεύματι,
3199 4548 3356 4601 τοῦτο
3392 4548 3485 4600 καὶ
3519 4548 3723 4600 παντά-

458 4640 604 4692 enim
652 4637 911 4704 quidnam
968 4645 1022 4689 et
1053 4650 1159 4689 non
1202 4651 1297 4705 per
1343 4638 1661 4698 essentiam,
1694 4638 1817 4691 vita:
1850 4653 2041 4692 sumus

2144 4655 2310 4691 πασιν
2347 4638 2452 4704 ἔξω
2477 4639 2714 4703 διανοίας
2743 4639 2808 4693 ἂν
2838 4640 2943 4709 εἴη,
2976 4641 3023 4691 εί
3052 4640 3185 4711 πρὸς
3219 4639 3314 4709 τὴν
3335 4638 3523 4691 οὐσίαν
3545 4638 3604 4689 τὸ
3627 4637 3719 4690 τοῦ

460 4727 752 4795 participes
780 4742 970 4781 omnes
1000 4726 1090 4798 qui
1117 4727 1169 4780 in
1204 4727 1312 4780 vita
1340 4733 1569 4782 sumus?
1592 4727 1808 4785 deinde.
1841 4728 1907 4783 de
1937 4728 2040 4782 hoc

2142 4730 2448 4802 πνεύματος
2482 4732 2875 4802 σημαινόμενον
2905 4732 3139 4803 φέροιτο.
3172 4733 3290 4785 Τίνι
3320 4730 3428 4801 γὰρ
3458 4730 3601 4800 ἄλλῳ
3629 4731 3720 4781 καὶ

460 4816 670 4870 scilicet
724 4816 1015 4868 consilium
1073 4816 1231 4868 nobis
1278 4814 1370 4868 dat
1416 4817 1708 4881 Apostolus
1744 4836 1757 4870 :
1793 4820 2036 4876 essentia

2141 4824 2262 4893 οὐχ).
2293 4827 2357 4893 τῇ
2393 4824 2549 4895 οὐσίᾳ⁵
2576 4823 2667 4877 τοῦ
2705 4822 2805 4895 ζῇν
2854 4823 3153 4894 μετέχομεν
3192 4824 3427 4885 ἅπαντες
3463 4824 3511 4875 οἱ
3545 4824 3600 4873 ὲν
3642 4820 3718 4889 τῷ

456 4905 671 4967 vivere;
704 4906 855 4971 quasi
886 4905 1090 4958 diceret
1114 4925 1123 4959 :
1150 4903 1253 4957 Per
1277 4920 1374 4959 vos
1400 4905 1550 4975 ipsos
1575 4917 1625 4960 et
1654 4922 1762 4961 non
1793 4923 1886 4976 per
1901 4909 2039 4963 alios

2138 4913 2238 4985 ζῇν
2291 4915 2475 4979 ova-sq;
2534 4912 2665 4967 Εἶτα
2726 4916 2853 4987 περὶ
2904 4915 3093 4968 τούτου
3143 4914 3450 4985 συμϐουλὴν
3501 4916 3635 4983 ἡμῖν
3688 4914 3716 4964 ὁ

456 4998 577 5051 vita:
621 4995 911 5063 participes
949 4996 1102 5050 estis.
1150 4995 1207 5049 Si
1241 4997 1402 5066 igitur
1435 5014 1700 5067 nusquam
1735 4999 1879 5053 hunc
1909 5016 2036 5070 pro-

2148 5006 2468 5069 Ἀπόστολος
2496 5007 2875 5061 κατατίθεται·
2911 5008 3069 5079 οὐσίᾳ
3092 5007 3211 5078 ζῇν,
3237 5007 3310 5070 ὡς
3334 5006 3398 5059 ἂν
3430 5007 3478 5058 εἰ
3505 5006 3710 5071 ἔλεγεν,

456 5088 570 5158 prie
623 5086 749 5138 licet
779 5098 997 5137 sensum
1037 5085 1348 5153 percipere,
1406 5090 1682 5154 quomodo
1720 5088 1807 5141 hic
1843 5104 2035 5142 rursus

2133 5097 2213 5151 ὅτι
2234 5097 2481 5166 Δι’ύμῶν
2508 5099 2686 5152 αὐτῶν
2711 5100 2802 5152 καὶ
2838 5099 2911 5168 μὴ
2941 5098 3006 5151 δι’
3038 5099 3238 5169 ἐτέρων
3270 5098 3365 5167 τῆς
3402 5096 3546 5165 ζωῆς
3582 5112 3710 5165 μετ·

472 5178 782 5248 ¹¹Υβ⁰ετίι³⁵
829 5174 1168 5228 ⁵⁰¹¹¹¹¹ί⁰¹Ί¹¹η
1196 5175 1461 5239 ί¹¹³Ῑ¹³ιυ8τ
1494 5194 1590 5246 pro
1615 5180 2031 5248 essentiajubet
2134 5188 2305 5258 έχετε.
2367 5190 2428 5240 ΕΞ
2472 5186 2563 5242 οὖν
2620 5190 2854 5261 οὐδαμοῦ
2903 5189 3105 5260 ταύτην
3152 5190 3357 5260 κυρίως
3399 5189 3515 5241 ἔστι
3558 5203 3711 5257 περι-

448 5272 932 5338 ερίιίιιιηιεειροιε,
969 5274 1027 5319 ut
1058 5266 1348 5319 concludat
1379 5270 1710 5338 syllogistice
1730 5271 2025 5326 dictionem

2134 5279 2403 5351 ληφθῆναι
2441 5281 2537 5352 τὴν
2569 5281 2796 5343 ἔννοιαν,
2831 5281 2948 5345 πῶς
2974 5280 3205 5333 ἐνταῦθα
3232 5281 3391 5333 πάλιν
3423 5281 3549 5342 τοὺς
3583 5281 3710 5331 61:0-

449 5362 704 5415 Dominus
759 5360 826 5414 de
874 5357 1113 5412 essentia
1163 5358 1535 5426 exponendam
1578 5363 1741 5415 esse?
1781 5362 1835 5414 Si
1879 5364 2024 5417 enim

2134 5372 2326 5443 κριτὰς
2360 5373 2466 5425 τῶν
2501 5374 2722 5445 ὀνείρων
2758 5374 3089 5444 μιμούμενος
3134 5373 3252 5425 ἀντὶ
3278 5372 3375 5442 τῆς
3401 5372 3586 5435 οὐσίας
3622 5388 3707 5423 κε-

448 5454 673 5519 Spiritus
704 5450 939 5505 essentia
974 5457 1077 5513 est,
1104 5458 1156 5503 et
1182 5448 1439 5511 Dominus
1464 5460 1546 5507 est
1564 5454 1806 5522 spiritus,
1851 5454 2026 5511 Domi-

2135 5464 2279 5517 λεύει
2314 5466 2374 5517 τὸ
2412 5466 2629 5535 πνεῦμα
2666 5466 3215 5537 παραλαμϐάνεσθαι,
3268 5465 3352 5516 ἵνα
3386 5464 3704 5533 συμπεράνῃ

522 5630 539 5661 ⁸
569 5630 611 5684 ιι
646 5632 770 5685 Cor.
835 5650 913 5702 ιιι,
957 5635 1038 5689 l7.
1142 5637 1161 5667 ⁸
1194 5634 1349 5689 Rom.
1382 5649 1498 5703 vui,
1539 5637 1616 5691 l6.
1698 5640 1715 5669 ³
1745 5637 1760 5691 Ι
1796 5638 1919 5694 Cor.
1957 5654 2016 5707 ιι,
2051 5641 2129 5698 li.
2234 5643 2250 5672 ⁸
2280 5641 2316 5695 ll
2353 5641 2476 5695 (ζον.
2506 5658 2585 5709 ιιι,
2620 5643 2670 5697 6.
2770 5644 2790 5675 ‘
2827 5642 2981 5697 Rom.
3018 5659 3133 5707 vni,
3176 5645 3257 5697 i5.
3336 5642 3355 5672 ‘
3389 5642 3505 5696 Gal.
3535 5659 3586 5704 v,
3611 5638 3701 5694 9.5.
