4010 6156
334 254 430 310 741

1441 251 1719 309 CONTRA
1773 244 2162 310 EUNOMIUM,
2207 247 2333 301 LIB.
2377 247 2488 302 VZI.

3493 237 3595 296 71.2

333 371 752 438 συλλογιστικῶς
793 371 854 424 τὸ
897 370 1037 424 κατὰ
1077 373 1174 442 τῆς
1231 371 1414 436 οὐσίας
1458 370 1774 441 συγκεῖσθαι
1814 368 1913 439 τὴν

2025 383 2121 421 nus
2154 367 2319 438 igitur
2354 380 2579 436 prorsus
2623 364 2861 421 essentia
2898 363 3192 420 invenitur.
3226 365 3270 420 0
3321 366 3598 435 quomodo

331 465 547 531 Κύριος
586 462 758 527 λέξιν,
786 465 848 517 Ei
875 465 982 536 γὰρ
1027 464 1088 518 τὸ
1124 463 1338 535 πνεῦμα
1369 465 1526 518 οὐσία
1568 464 1736 524 ἐστὶν,
1779 463 1807 514 6
1852 461 1909 514 δὲ

331 557 532 627 Κύριος
576 554 638 607 τὸ
692 555 911 626 πνεῦμά
941 559 1109 621 ἐστιν,
1162 559 1190 610 6
1243 558 1447 628 Κύριος
1491 554 1649 608 οὐσία
1695 553 1911 616 πάντως

331 646 661 717 εὑρίσκεται.
695 649 760 700 Ὦ
803 647 921 712 πῶς
961 647 1480 719 ἀνανταγώνιστοςή
1511 647 1605 701 τοῦ
1631 647 1911 718 ἐπιχειρήο

335 756 503 809 ματος
535 737 790 806 δύναμιςί
823 741 947 804 Πῶς
987 741 1131 794 ἔστιν
1159 738 1376 794 ἐκδῦναι
1401 740 1492 794 καὶ
1524 739 1785 793 ἀναλῦσαι
1812 739 1910 808 τὴν

330 829 609 899 ἀμήχανον
631 832 836 898 ταύτην
860 830 966 884 τῶν
1002 829 1326 894 ἀποδείξεων
1353 831 1630 902 ἀνάγκην;
1657 831 1684 882 6
1707 829 1910 898 Κύριος

335 921 473 973 κατὰ
498 919 596 990 τῆς
634 922 822 985 οὐσίας
848 922 1085 991 λέγεται,
1123 923 1240 987 πῶς
1264 922 1423 976 τοῦτο
1448 922 1872 986 κατασκευάζων
1893 938 1908 986 ;

337 1014 457 1065 ’Ότι
500 1014 663 1084 φησὶν
694 1015 722 1066 6
763 1015 1106 1078 Ἀπόστολος,
1151 1015 1207 1067 '0
1241 1015 1308 1068 δὲ
1336 1016 1550 1082 Κύριος
1581 1014 1648 1068 τὸ
1676 1012 1914 1081 πνεῦμά

331 1105 481 1159 ἐστι.
500 1106 564 1156 Τί
591 1102 682 1159 οὖν
699 1106 856 1158 τοῦτο
876 1106 1009 1177 πρὸς
1035 1107 1134 1177 τὴν
1155 1107 1371 1175 οὐσίανς
1411 1106 1571 1160 Ἀλλὰ
1608 1107 1666 1159 τὸ
1697 1105 1913 1174 πνεῦμα

334 1195 642 1249 κελεύουσιν
663 1195 784 1248 ἀντὶ
801 1197 897 1267 τῆς
915 1196 1099 1260 οὐσίας
1119 1196 1374 1266 τετάχθαι
1396 1195 1501 1249 τῶν
1519 1195 1912 1250 ἀποδεικτικῶν

334 1285 538 1352 ἐφόδων
563 1288 616 1338 αἱ
643 1286 846 1355 τέχναι.
891 1283 1075 1338 Ταῦτα
1109 1287 1210 1355 τῆς
1269 1286 1701 1356 Ἀριστοτελικῆς
1727 1303 1912 1356 τεχνο-

333 1377 519 1446 λογίας
538 1377 606 1431 τὰ
629 1377 1042 1448 κατορθώματα.
1078 1377 1177 1430 Διὰ
1199 1378 1355 1430 τοῦτο
1377 1377 1598 1430 ὲλεεινοὶ
1627 1378 1725 1448 μὲν
1753 1380 1912 1449 ἡμεῖς

335 1469 479 1523 κατὰ
518 1469 607 1522 τὸν
642 1469 732 1522 σὺν
768 1467 943 1537 λόγον,
977 1471 1026 1522 οἱ
1064 1471 1162 1539 τῆς
1205 1471 1394 1538 σοφίας
1438 1471 1642 1542 ταύτης
1677 1470 1914 1541 ἀμύητοι

337 1561 700 1633 (μακαριστὸς
725 1561 779 1614 δὲ
818 1563 878 1614 ού
911 1561 1126 1624 πάντως
1156 1564 1183 1615 6
1205 1561 1290 1614 διὰ
1312 1565 1409 1632 τῆς
1441 1561 1693 1632 τοιαύτης
1724 1563 1912 1631 ἐφόδου

332 1651 567 1720 τάληθὲς
607 1651 947 1721 ἀνιχνεύων),
977 1651 1118 1705 οὕτω
1154 1654 1292 1706 νοεῖν
1314 1653 1402 1705 τὸν
1449 1652 1798 1720 Ἀπόστολον,
1838 1652 1913 1716 ὡς

333 1744 456 1796 ἀντὶ.
493 1743 593 1813 τῆς
633 1744 818 1807 οὐσίας
866 1743 961 1796 τοῦ
1003 1741 1338 1812 Μονογενοῦς
1371 1742 1576 1796 οἴεσθαι
1611 1743 1672 1796 τὸ
1702 1741 1918 1814 πνεῦμα
1951 1726 1992 1786 Β

331 1834 464 1905 παρ’
496 1833 660 1888 αὐτοῦ
685 1835 964 1905 τετάχθαι.

404 1948 530 2012 Πῶς
574 1944 665 2003 οὖν
718 1948 978 2019 ἀρμὸσεις
1032 1947 1173 2002 κατὰ
1208 1949 1270 2003 τὸ
1312 1951 1642 2016 ἀκόλουθονς
1690 1952 1764 2004 Οὐ
1812 1950 1921 2022 γὰρ

334 2039 543 2104 τούτοις
563 2040 623 2093 τὸ
649 2041 826 2111 νόημα
849 2040 1264 2112 περιγράφεται.
1290 2043 1469 2098 Εἰπὼν
1495 2045 1602 2116 γὰρ
1628 2047 1655 2097 6
1686 2043 1919 2107 Παῦλος.

344 2133 400 2184 '0
431 2132 499 2185 δὲ
541 2131 754 2200 Κύριος
796 2131 860 2184 τὸ
907 2132 1142 2202 πνεῦμὰ
1182 2133 1372 2198 ἐστιν,
1421 2137 1682 2207 ἐπήγαγε,
1730 2131 1810 2190 Οὗ
1855 2135 1923 2188 δὲ

331 2223 400 2280 τὸ
436 2226 670 2295 πνεῦμα
698 2227 945 2294 Kvplov,
973 2226 1301 2295 ἐλευθερία.
1334 2229 1397 2282 Εἰ
1425 2224 1516 2282 οὖν
1546 2228 1754 2300 Κύριός¹
1777 2230 1922 2281 ἐστιν

334 2319 369 2388 ἡ
402 2318 575 2379 οὐσία,
601 2317 757 2370 οὐσία
787 2318 843 2371 δὲ
871 2319 930 2371 τὸ
967 2318 1178 2389 πνεῦμα
1197 2335 1208 2346 ·
1235 2319 1318 2382 τίς
1343 2319 1504 2374 πάλιν
1548 2322 1580 2391 ἠ
1611 2321 1708 2389 τῆς
1735 2320 1924 2382 οὐσίας

333 2410 525 2474 οὐσία;
561 2409 675 2464 Μία
701 2410 808 2484 γὰρ
837 2413 992 2466 οὐσία
1025 2412 1086 2465 τὸ
1117 2412 1334 2484 πνεῦμα
1367 2414 1506 2468 κατὰ
1538 2415 1627 2467 τὸν
1649 2413 1804 2482 λόγον
1832 2411 1923 2465 τὸν

334 2503 450 2565 σὺν,
472 2504 608 2576 ὅπερ
634 2505 780 2558 ἐστὶν
805 2506 834 2556 6
867 2503 1086 2577 Κύριος.
1128 2506 1294 2560 Πάλιν
1326 2506 1419 2559 τοῦ
1453 2507 1680 2578 Κυρίου,
1714 2507 1773 2569 ὃς
1804 2507 1922 2557 ἐστι

332 2595 575 2668 πνεῦμα,
591 2596 775 2666 ἓτερον
790 2596 936 2664 λέγει
958 2596 1193 2666 πνεῦμα,
1208 2597 1350 2650 τοῦτ’
1363 2597 1508 2651 ἔστιν
1525 2598 1689 2668 ἄλλην
1709 2598 1920 2662 οὐσίαν,

335 2690 480 2744 κατὰ
495 2688 592 2759 τὴν
613 2687 707 2759 σὴν
731 2689 1042 2760 ἑρμηνείαν.
1060 2688 1225 2742 Οὐδὲν
1253 2684 1345 2743 οῦν
1367 2690 1494 2744 ἄλλο
1521 2685 1658 2743 κατὰ
1682 2691 1772 2744 τὸν
1792 2691 1924 2762 ὑμέ-

339 2798 501 2852 τερον
539 2781 714 2850 λόγον,
746 2781 779 2851 ἢ
817 2781 1003 2834 οὐσίαν
1023 2780 1211 2844 οὐσίας
1237 2783 1346 2834 νοεῖ
1368 2781 1396 2832 6
1431 2781 1766 2844 Ἀπόστολος,
1805 2781 1921 2835 Κύ-

348 2889 466 2943 ριον
485 2871 720 2941 πνεῦμα,
745 2875 834 2926 καὶ
872 2872 1092 2943 πνεῦμα
1119 2873 1325 2944 Κυρίου
1359 2872 1652 2944 διαρρήδην
1675 2873 1922 2945 γράφων.

363 2963 504 3016 Ἀλλ’
535 2963 776 3034 Εὐνομίῳ
806 2965 901 3034 μὲν
944 2965 1116 3035 ἐχέτω
1161 2965 1230 3019 τὰ
1274 2967 1635 3036 γεγραμμένα
1681 2967 1822 3020 κατὰ
1867 2969 1926 3038 τὸ

345 3056 581 3128 ἀρέσκον
606 3055 779 3126 αὐτῷ’
809 3055 837 3108 ὃ
877 3056 932 3109 δὲ
957 3058 1117 3127 ἡμεῖς
1155 3057 1284 3128 περὶ
1331 3075 1520 3110 τουτου
1562 3057 1921 3127 γινώσκομεν,
1953 3085 1994 3142 C

337 3147 582 3201 τοιοῦτόν
607 3150 771 3200 ἐστιν·
809 3148 872 3201 Ἡ
898 3148 1250 3212 θεόπνευστος
1274 3148 1484 3220 Γραφὴ,
1521 3148 1703 3212 καθὼς
1732 3151 1758 3201 6
1787 3149 1926 3213 θεῖος

349 3239 671 3303 Ἀπόστολος
723 3239 893 3310 αὐτὴν
948 3240 1221 3310 ὀνομάζει,
1277 3239 1370 3293 τοῦ
1419 3240 1574 3310 ἁγίου
1614 3241 1928 3311 Πνεύματός

336 3333 455 3385 ἐστι
483 3332 692 3402 Γραφή.
724 3330 796 3382 T6
815 3331 870 3384 δὲ
902 3329 1148 3400 βούλημα
1174 3331 1399 3402 ταύτης,
1427 3332 1461 3402 ἡ
1484 3331 1592 3385 τῶν
1627 3330 1928 3403 ἀνθρώπων

337 3424 487 3476 ἐστὶν
503 3423 756 3490 ὠφέλεια.
775 3421 948 3477 Πᾶσα
962 3425 1088 3493 γὰρ,
1109 3423 1264 3493 φησι,
1296 3421 1506 3492 Γραφὴ
1525 3423 1928 3490 θεόπνευστος

335 3515 441 3568 καὶ
467 3513 782 3584 ὠφέλιμος.
811 3513 1035 3583 Ποικίλη
1062 3513 1117 3566 δὲ
1157 3515 1249 3568 καὶ
1291 3515 1574 3585 πολυειδὴς
1615 3514 1924 3586 ἠώφέλεια,

337 3605 525 3669 καθώς
559 3623 722 3677 φησιν
755 3608 783 3659 6
823 3605 1162 3669 ’Δπόστολος,
1209 3605 1347 3677 πρὸς
1389 3605 1754 3670 διδασκαλίαν,
1791 3609 1928 3679 πρὸς

338 3699 594 3770 ἒλεγμὺν,
632 3698 766 3768 πρὸς
817 3697 1208 3768 ὲπανορθωσιν,
1255 3697 1391 3767 πρὸς
1441 3698 1690 3752 παιδείαν
1729 3699 1824 3770 τὴν
1870 3701 1926 3752 ἐν

337 3789 676 3860 δικαιοσύνῃ.
713 3789 784 3841 Τὸ
815 3788 872 3841 δὲ
910 3787 1122 3842 τοιοῦτο
1151 3787 1362 3859 κέρδος,
1395 3789 1497 3841 οὐκ
1541 3789 1606 3842 ὲκ
1647 3789 1740 3842 τοῦ
1792 3807 1926 3860 προ-

341 3882 526 3954 χείρου
576 3882 763 3935 λαϐεῖν
809 3880 923 3933 ἔστι
983 3882 1095 3943 τοῖς
1149 3879 1564 3947 ἐντυγχάνουσιν
1589 3896 1602 3911 ·
1654 3878 1768 3932 ἀλλ’
1818 3873 1928 3933 οἷον

342 3972 808 4044 παραπετάσματί
831 3989 938 4027 τινι
967 3971 1043 4042 τῷ
1069 3970 1280 4042 σώματι
1303 3971 1402 4041 τῆς
1435 3970 1656 4041 Γραφῆς
1683 3971 1743 4024 τὸ
1786 3973 1925 4028 θεῖον

342 4070 774 4142 ὑποκρύπτεται.
814 4109 826 4121 .
870 4109 886 4124 .
930 4108 944 4122 .
980 4065 1298 4137 νομοθεσίας
1330 4065 1526 4136 τινὸςῆ
1560 4065 1798 4136 ἱστορίας
1819 4065 1928 4117 τῶν

344 4164 490 4218 κατὰ
522 4163 612 4215 τὸν
640 4161 762 4215 νοῦν
795 4160 1180 4231 θεωρουμένων
1223 4157 1676 4228 προϐεϐλημένος.
1713 4157 1810 4210 Διά
1845 4173 1928 4210 τοι

343 4251 508 4310 τοῦτο
543 4257 670 4317 τοὺς
704 4252 838 4324 πρὸς
875 4253 936 4305 τὸ
986 4250 1144 4322 σῶμα
1176 4251 1467 4322 βλέποντας
1502 4249 1602 4319 τῆς
1628 4249 1868 4319 Γραφῆς,
1900 4249 1928 4300 6

355 4346 679 4407 Ἀπδστολος
717 4344 979 4414 κάλυμμα
1025 4343 1118 4394 ἐπὶ
1173 4342 1268 4412 τῆς
1313 4341 1539 4412 καρδίας
1586 4341 1728 4410 ἔχειν
1772 4338 1927 4410 φησι,

2020 458 2388 514 ineluctabilis
2447 465 2530 513 est
2586 457 2669 512 vis
2729 455 3244 527 argumentationis!
3310 455 3596 522 Quomodo

2019 551 2144 605 licet
2176 565 2377 606 exuere
2426 559 2480 606 et
2529 551 2801 604 resolvere
2831 549 2972 603 hanc
3002 548 3471 617 inexpugnabilem
3496 548 3595 604 dc-

2017 643 2474 698 monstrationum
2513 644 2897 697 necessitatem
2924 639 3228 695 ?Dominus
3265 640 3330 695 de
3357 641 3594 696 essentia

2017 732 2250 789 dicitur:
2281 734 2554 803 quomodo
2591 733 2693 788 hoc
2724 732 3168 802 prtestruit?quia
3189 731 3484 800 Apostolus
3513 732 3597 784 in-

2018 827 2419 896 quit,Dominus
2449 827 2668 894 spiritus
2684 827 2815 879 est".
2837 824 2975 890 Quid
3003 824 3165 893 igitur
3187 824 3287 877 hoc
3318 821 3383 876 ad
3407 837 3597 878 essen-

2019 919 2186 970 tiam?
2223 914 2330 969 Sed
2382 915 2635 982 spiritum
2690 928 2789 982 pro
2832 913 3068 967 essentia
3105 910 3232 981 poni
3267 908 3460 978 jubent
3499 908 3596 962 de-

2017 1007 2502 1063 monstrativarum
2555 1005 3088 1072 argumentationum
3117 1010 3283 1056 artes.
3317 999 3444 1055 Hmc
3467 1008 3597 1055 sunt

2017 1094 2346 1151 Aristotelici
2373 1095 2587 1148 artiﬁcii
2614 1095 2873 1164 praeclara
2905 1094 3229 1148 documenta
3263 1112 3276 1148 :
3309 1101 3596 1163 propterea

2017 1202 2119 1243 nos
2159 1187 2253 1258 qui
2288 1189 2451 1258 hujus
2487 1188 2765 1258 sapientiae
2793 1186 2964 1241 sacris
2999 1201 3107 1239 non
3141 1201 3332 1240 sumus
3371 1185 3593 1248 initiati,

2019 1279 2359 1334 miserabiles
2383 1279 2683 1334 secundum
2717 1285 2867 1330 tuum
2892 1291 3201 1332 sermonem
3239 1277 3466 1343 (beatus
3500 1293 3597 1330 au-

2017 1377 2126 1425 tem
2160 1385 2268 1425 non
2297 1378 2476 1424 tamen
2512 1369 2737 1423 omnino
2775 1367 2866 1437 qui
2905 1381 2999 1435 per
3033 1366 3195 1419 talem
3251 1377 3597 1437 argumenta-

2021 1459 2224 1515 tionem
2255 1476 2441 1515 verum
2472 1453 2867 1530 pervestigat),
2909 1457 2988 1510 si’c
3017 1455 3316 1526 intelligere
3365 1456 3598 1524 Apesto-

2020 1551 2154 1615 lum,
2191 1558 2250 1605 ut
2301 1567 2398 1620 pro
2428 1551 2667 1606 essentia
2730 1547 3023 1617 Unigeniti,
3091 1547 3344 1616 spiritum
3383 1547 3452 1601 ab
3479 1547 3598 1616 ipso

2020 1644 2152 1712 poni
2181 1645 2482 1700 existimet.

2091 1953 2378 2021 Quomodo
2417 1952 2582 2024 igitur
2612 1954 2756 2024 quod
2796 1955 3151 2025 consequitur
3185 1954 3448 2024 aptabis?
3482 1969 3590 2009 non

2020 2047 2166 2102 enim
2208 2046 2296 2101 his
2334 2046 2812 2101 circumscribitur
2843 2062 3058 2104 sensus.
3101 2045 3399 2118 Postquam
3449 2047 3595 2100 enim

2021 2139 2157 2194 dixit
2187 2137 2426 2201 Paulus,
2464 2137 2722 2193 Dominus
2787 2148 2962 2192 autem
2999 2140 3218 2208 spiritus
3268 2148 3366 2202 est,
3434 2139 3597 2192 indu-

2022 2229 2135 2291 xit,
2160 2223 2258 2281 Ubi
2285 2239 2456 2283 autem
2492 2231 2714 2300 spiritus
2748 2229 2994 2296 Domini,
3033 2231 3249 2285 libertas
3281 2240 3378 2285 est.
3410 2232 3467 2286 Si
3500 2232 3600 2303 igi-

2023 2329 2115 2375 tur
2142 2319 2409 2377 Dominus
2435 2329 2520 2377 est
2546 2323 2786 2377 essentia
2810 2365 2823 2387 ,
2855 2323 3094 2378 essentia
3123 2330 3303 2377 autem
3333 2324 3559 2393 Spiritus
3578 2364 3594 2389 ,

2024 2428 2145 2483 qum
2179 2430 2372 2470 rursus
2408 2418 2647 2470 essentia
2685 2416 2980 2470 essentia?
3014 2432 3120 2470 una
3162 2417 3307 2470 enim
3351 2416 3595 2470 essentia

2025 2505 2256 2575 spiritus
2277 2546 2292 2570 ,
2329 2507 2630 2561 secundum
2663 2517 2814 2561 tuum
2865 2522 3210 2570 sermonem,
3242 2508 3332 2576 qui
3377 2507 3598 2576 quidem

2023 2606 2108 2654 est
2139 2597 2420 2654 Dominus.
2447 2598 2664 2654 Rursus
2694 2599 2947 2665 Domini,
2980 2600 3074 2669 qui
3105 2607 3191 2655 est
3225 2599 3457 2669 spiritus
3477 2639 3492 2663 ,
3522 2599 3602 2652 al—

2025 2700 2202 2748 terum
2233 2692 2366 2747 dicit
2396 2692 2650 2764 spiritum
2670 2737 2684 2758 ,
2715 2693 2768 2747 id
2801 2699 2917 2758 est,
2956 2692 3116 2745 aliam
3145 2691 3439 2747 essentiam
3463 2730 3479 2755 ,
3509 2707 3598 2746 se-

2026 2785 2267 2841 cundum
2301 2793 2448 2838 tuam
2483 2784 3019 2855 interpretationem.
3053 2784 3199 2838 Nihil
3226 2785 3394 2854 igitur
3415 2785 3563 2838 aliud
3585 2823 3601 2848 ,

2026 2875 2326 2932 secundum
2361 2884 2602 2930 vestrum
2639 2891 2969 2941 sermonem,
2990 2891 3153 2946 quam
3187 2877 3482 2931 essentiam
3516 2891 3605 2931 es-

2027 2965 2215 3018 sentia:
2250 2964 2500 3031 intelligit
2527 2963 2858 3034 Apostolus,
2895 2965 3182 3019 Dominum
3212 2966 3502 3031 spiritum,
3549 2974 3605 3020 et

2028 3055 2280 3125 spiritum
2305 3054 2516 3109 Domini
2542 3066 2728 3125 aperte
2753 3057 3022 3112 scribens.
3054 3056 3161 3112 Sed
3186 3057 3452 3112 Eunomia
3479 3059 3606 3126 qui-

2030 3147 2150 3200 dem
2176 3147 2382 3215 scripta
2415 3146 2723 3200 habeantur
2749 3157 2908 3216 prout
2929 3149 2979 3201 ei
3010 3148 3219 3217 placet;
3245 3149 3390 3218 quod
3423 3161 3603 3204 autem

2029 3249 2131 3288 nos
2163 3235 2232 3288 de
2265 3235 2367 3290 hoc
2400 3237 2705 3301 sentimus,
2745 3238 2854 3291 tale
2877 3246 2998 3293 est.
3029 3239 3303 3294 Divinitus
3338 3241 3606 3312 inspirata

2030 3322 2314 3396 Scriptura
2337 3367 2351 3390 ,
2380 3327 2525 3380 sicut
2551 3327 2724 3396 ipsam
2749 3327 2972 3382 divinus
2995 3328 3292 3398 Apostolus
3319 3330 3564 3384 nominat
3587 3370 3602 3393 .

2030 3420 2204 3475 sancti
2242 3418 2482 3489 Spiritus
2515 3426 2600 3474 est
2633 3417 2943 3506 Scriptura.
2983 3419 3157 3488 Ilujus
3191 3428 3372 3476 autem
3408 3421 3607 3476 volun-

2030 3519 2113 3566 tas
2159 3518 2212 3566 et
2257 3511 2489 3565 intentio
2539 3510 2821 3566 hominum
2874 3523 2960 3568 est
2989 3513 3224 3568 utilitas.
3268 3515 3486 3582 Omnis,
3517 3516 3606 3569 in-

2029 3601 2185 3670 quit,
2221 3599 2500 3669 Scriptura
2533 3600 2788 3656 divinitus
2825 3603 3090 3671 inspirata
3142 3614 3190 3658 et
3227 3605 3378 3659 utilis
3413 3606 3476 3661 δε
3511 3621 3607 3659 va-

2029 3694 2110 3747 ria
2171 3703 2354 3748 autem
2409 3702 2462 3749 et
2517 3693 2805 3763 multiplex
2852 3697 3100 3763 utilitas,
3148 3699 3291 3753 sicut
3339 3699 3415 3753 ait
3461 3699 3604 3754 idem

2028 3786 2360 3856 Apostolus,
2414 3786 2483 3840 ad
2513 3785 2825 3841 doctrinam
2849 3827 2862 3852 ,
2900 3789 2968 3843 ad
3010 3791 3483 3859 redargutionem,
3538 3792 3604 3848 ad

2028 3879 2509 3948 reprehensionem
2527 3919 2542 3946 ,
2570 3879 2637 3933 ad
2664 3882 3067 3950 correptionem
3085 3922 3099 3945 ,
3129 3885 3194 3937 ad
3223 3883 3568 3954 disciplinam
3589 3925 3604 3948 ,

2030 3972 2576 4042 siveinstitutionem
2612 3988 2734 4043 quae
2767 3981 2854 4028 est
2888 3975 2942 4029 in
2977 3974 3218 4044 justitia.
3256 3975 3388 4031 Tale
3423 3985 3606 4032 autem

2031 4063 2246 4118 lucrum
2271 4079 2383 4120 non
2411 4064 2466 4119 in
2490 4072 2746 4135 promptu
2777 4071 2860 4119 est
2885 4065 3218 4134 quibuslibet
3241 4081 3482 4132 sumere.
3511 4067 3606 4122 sed

2029 4153 2196 4208 veluti
2229 4154 2466 4223 quodam
2517 4154 2837 4220 involucra,
2868 4169 3098 4224 corpore
3133 4154 3432 4224 Scriptura:
3460 4157 3606 4225 quod

2030 4243 2278 4298 divinum
2311 4251 2397 4300 est
2429 4244 2849 4300 suboccultatur
2885 4286 2900 4298 .
2941 4287 2954 4300 .
2993 4285 3006 4298 .
3041 4243 3118 4310 (α)
3167 4246 3299 4314 quia
3347 4246 3606 4302 videlicet

2033 4333 2168 4404 legis
2205 4335 2438 4402 alicujus
2471 4337 2722 4402 sanetio,
2749 4336 2836 4390 vel
2870 4336 2947 4390 rei
2980 4344 3148 4405 gestas
3181 4337 3429 4390 narratio
3465 4353 3607 4407 prae-

345 4440 444 4495 καὶ⁹
470 4437 544 4509 μὴ
572 4435 827 4490 δύνασθαι
865 4433 1001 4505 πρὸς
1029 4431 1125 4502 τὴν
1156 4431 1312 4495 δόξαν
1337 4431 1616 4501 διαϐλέψαι
1645 4429 1738 4483 τοῦ
1767 4446 1924 4482 πνευ-

2034 4425 2294 4480 tendatur
2346 4426 2417 4481 iis
2468 4428 2646 4482 rebus.
2689 4442 2812 4496 quae
2871 4434 3053 4480 mente
3103 4427 3306 4481 debent
3356 4429 3606 4500 intelligi.

350 4529 583 4605 ματικοῦ
617 4529 805 4598 νόμου,
847 4523 1217 4594 κωλυομένους
1245 4523 1334 4576 διὰ
1371 4521 1464 4576 τοῦ
1501 4520 1926 4591 ὲπιϐεὸλημένου

343 4624 425 4695 τῷ
454 4621 782 4695 προσωπείῳ
810 4617 906 4671 τοῦ
935 4615 1224 4686 νομοθέτου
1256 4613 1629 4684 καλύμματος.
1659 4613 1751 4665 Διό
1774 4627 1924 4682 φησι·

351 4716 424 4770 T6
447 4713 684 4783 γράμμα
726 4708 1080 4771 ἀποκτείνει,
1126 4705 1194 4759 τὸ
1243 4703 1310 4758 δὲ
1359 4703 1592 4773 πνεῦμα
1634 4701 1924 4763 ζωοποιεῖ·

342 4808 559 4868 δεικνὺς
597 4806 677 4858 ὅτι
711 4801 951 4870 πολλαχῆ
989 4799 1096 4852 τῶν
1133 4796 1531 4867 γεγραμμένων
1568 4795 1602 4865 ἠ
1641 4793 1929 4864 πρόχειρος

347 4898 635 4972 ἑρμηνεία,
659 4897 706 4950 εί
731 4895 804 4966 μὴ
825 4892 967 4947 κατὰ
983 4892 1074 4944 τὸν
1102 4892 1442 4961 προσήκοντα
1461 4886 1584 4940 νοῦν
1611 4885 1929 4956 ὲκληφθείη,

347 4996 415 5061 τῇ
450 4989 538 5044 διὰ
573 4989 668 5042 τοῦ
705 4986 1012 5056 πνεύματος
1043 4980 1471 5052 ὐποδεικνυμένῃ
1524 4977 1636 5049 ζωῇ
1677 4977 1739 5030 τὸ
1781 4978 1935 5030 ὲναν-

347 5083 461 5136 τίον
493 5082 656 5134 ποιεῖ.
699 5076 804 5132 Τοῦ
841 5077 958 5147 μὲν,
988 5074 1048 5128 τὺ
1084 5074 1284 5126 τέλειον
1320 5071 1416 5142 τῆς
1464 5070 1662 5140 ἀρετῆς
1702 5071 1760 5122 ὲν
1791 5070 1935 5122 ἁπα-

352 5173 479 5243 θεία
525 5172 661 5224 πᾶσι
690 5171 803 5230 τοῖς
828 5163 1134 5234 ἀνθρώποις
1179 5158 1600 5231 νομοθετοῦντος
1627 5175 1641 5188 ·
1699 5159 1796 5227 τῆς
1855 5157 1931 5223 δὲ,

352 5263 460 5317 τῶν
493 5258 896 5330 γεγραμμένων
944 5253 1202 5324 ἱστορίας,
1243 5251 1390 5304 ἐστιν
1435 5253 1568 5305 ὅπου
1614 5248 1710 5302 καὶ⁹
1753 5249 1931 5317 ἀπεμ-

421 5470 444 5502 ⁷
473 5465 518 5522 ll
561 5465 692 5521 Cor.
720 5479 801 5518 ιιι.
835 5463 951 5518 H.-
996 5462 1018 5492 ³
1043 5459 1086 5514 ll
1125 5457 1270 5547 Tim.
1299 5472 1383 5522 ιιι,
1418 5455 1504 5510 l6.

410 5630 489 5700 (α)
533 5628 740 5698 Supple
764 5627 1011 5699 βούλημα
1033 5645 1097 5684 ex
1129 5628 1527 5700 codiceiBoiro.
1555 5629 1669 5682 Lex'
1693 5625 1925 5700 justitia:

347 5698 466 5756 reos
502 5701 704 5756 statuit
732 5709 785 5754 ct
831 5701 992 5755 morti
1027 5700 1269 5756 addicit:
1300 5699 1653 5760 Evanuelium
1698 5698 1922 5758 iconl'crt

2034 4513 2302 4582 Quocirca
2333 4515 2634 4586 Apostolus
2664 4516 2800 4570 dicit
2822 4557 2837 4578 ,
2874 4532 2972 4572 eos
3006 4517 3060 4570 in
3094 4518 3260 4573 corde
3290 4519 3471 4574 velum
3514 4522 3612 4574 ha-

2033 4606 2199 4669 bere,
2247 4621 2346 4660 nec
2390 4623 2553 4675 posse
2596 4607 2663 4661 ad
2711 4607 2846 4678 legis
2891 4608 3158 4677 spiritalis
3200 4609 3427 4678 gloriam
3478 4626 3612 4666 con-

2033 4698 2205 4764 tueri,
2238 4699 2328 4768 qui
2359 4699 2719 4768 prohibentur
2747 4715 2842 4770 per
2871 4699 3171 4755 obductum
3205 4700 3360 4756 faciei
3393 4703 3610 4772 legisla-

2033 4789 2170 4843 toris
2196 4790 2398 4844 velum.
2457 4789 2585 4846 ldeo
2631 4790 2838 4860 inquit,
2877 4789 3080 4846 Littera
3107 4793 3354 4859 perimit;
3391 4795 3610 4864 spiritus

2033 4888 2206 4933 autem
2244 4880 2508 4950 vivi/icat,
2537 4882 2860 4945 ostendens,
2895 4882 3040 4952 quod
3072 4898 3214 4954 saepe
3253 4902 3440 4940 eorum
3490 4903 3610 4958 quae

2031 4972 2235 5040 scripta
2267 4981 2396 5027 sunt
2429 4973 2636 5042 primus
2673 4975 2766 5044 qui
2787 4975 3039 5030 occurrit
3068 4994 3290 5041 sensus.
3319 4980 3422 5035 nisi
3447 4980 3606 5049 juxta

2032 5063 2453 5118 convenientem
2495 5065 3004 5134 interpretationem
3059 5080 3334 5136 sumatur,
3379 5079 3606 5124 contra—

2031 5151 2174 5206 rium
2206 5161 2469 5222 operatur
2493 5153 2542 5209 ei
2569 5155 2693 5208 νίιαε
2719 5172 2841 5226 qua:
2871 5173 2969 5227 per
2996 5160 3250 5227 spiritum
3278 5159 3608 5215 subdemon-

2032 5253 2241 5300 stratur
2268 5263 2282 5300 :
2315 5261 2439 5301 cum
2471 5246 2702 5316 spiritus
2733 5251 2953 5320 quidem
2975 5293 2992 5318 ,
3041 5250 3094 5305 id
3143 5257 3264 5312 est,
3302 5247 3607 5318 Spirituaiis

2028 5624 2302 5693 justitiam
2334 5633 2388 5679 et
2423 5624 2620 5685 vitam;
2662 5635 2773 5693 quo
2809 5619 2972 5675 etiam
3018 5617 3190 5675 tendit
3229 5618 3363 5690 legis
3411 5633 3607 5676 sensus

2031 5691 2316 5762 snit-italis,
2367 5710 2498 5764 uon_
2535 5691 2804 5748 litterulis.
