4034 6156
262 737 272 781 l

314 304 423 362 745

1406 300 1685 359 CONTRA
1719 296 2111 365 EUNOMIUM,
2149 297 2278 353 LIB.
2321 294 2433 351 Vll.

3468 288 3577 347 746

314 418 522 490 Κύριον
561 411 678 471 είπε
705 413 1236 486 καταλαμϐάνεσθαι,
1264 414 1324 478 ὃς
1355 415 1415 469 τὸ
1448 415 1709 479 ζωοποιὺν
1734 413 1898 467 πνεῦ-

2024 422 2154 466 ιιιιιι
2182 425 2438 481 magnum
2472 406 2703 461 Paulum
2754 412 2810 461 et
2854 402 3132 474 Evangelii
3182 416 3388 458 vocem.
3431 401 3571 459 Nam

316 510 397 579 μά
428 512 565 563 ἐστι.
592 510 665 561 Τὸ
689 509 744 561 δὲ
774 508 975 579 ὑψηλὸν
1006 507 1334 577 Εύαγγέλιον
1360 509 1492 578 φησί
1516 523 1530 538 ⁸
1568 508 1646 562 Τὰ
1661 507 1901 576 ῥήματα

313 599 356 656 ἆ
374 601 491 671 ἐγὼ
521 599 689 654 λαλῶ
726 600 965 669 πνεῦμά
991 601 1119 653 ἐστι
1147 600 1243 653 καὶ
1288 599 1421 667 ζωὴ,
1465 600 1539 663 ὡς
1569 599 1750 669 γυμνά
1776 598 1902 652 ὄντα

267 723 272 763 ί
312 691 408 746 τοῦ
442 691 752 761 σωματικοῦ
784 692 1265 763 προκαλύμματος.
1298 692 1501 745 Οὐσίαν
1542 691 1599 744 δὲ
1643 690 1737 742 τοῦ
1784 692 1900 744 Μο-

261 822 270 847 ε
315 784 566 853 νογενοῦς
620 784 681 837 τὸ
744 783 959 854 πνεῦμα
1011 788 1182 849 νοεῖν,
1239 786 1364 847 τοὺς
1423 783 1797 854 ὀνειροπόλους
1836 782 1903 835 ἂν

255 875 270 919 l

318 879 577 947 φήσωμεν
602 893 614 905 υ
668 875 865 946 μᾶλλον
917 876 972 929 δὲ
1017 876 1157 930 κατά
1212 875 1522 947 περιουσίαν
1571 873 1771 944 πολλὴν
1811 874 1905 926 καὶ

315 972 429 1031 τοῖς
482 968 705 1021 ἐκείνων
766 968 1080 1039 χρησόμεθα
1109 1009 1125 1035 ,
1162 969 1255 1022 καὶ
1319 968 1404 1021 διὰ
1467 966 1576 1020 τῶν
1650 965 1904 1019 ἐναντίων

318 1059 487 1129 βελῶν
554 1058 951 1128 καθοπλίσομεν
1005 1058 1104 1127 τὴν
1177 1057 1457 1129 ἀλήθειαν.
1514 1055 1730 1121 Ἔξεστι
1800 1054 1907 1125 γὰρ

318 1152 746 1221 συλαγωγεῖσθαι
812 1153 965 1223 παρὰ
1021 1151 1128 1203 τῶν
1197 1148 1545 1221 Ἰσραηλιτῶν
1600 1149 1690 1200 τὸν
1744 1147 1909 1216 Αίγύ-

320 1262 497 1306 πτιον,
543 1244 633 1295 καὶ
683 1243 905 1310 ποιῆσαι
944 1243 1035 1295 τὸν
1092 1242 1314 1295 ἐκείνων
1365 1240 1593 1293 πλοῦτον
1642 1240 1908 1311 ἡμέτερον

320 1335 542 1405 κόσμον.
579 1336 640 1388 El
674 1334 889 1403 πνεῦμα
915 1334 1128 1402 λέγεται
1156 1332 1246 1387 τοῦ
1271 1332 1396 1385 Υἱοῦ
1424 1333 1457 1402 ἡ
1482 1333 1657 1395 ούσία,
1695 1333 1910 1402 πνεῦμα

317 1426 495 1480 δὲκαὶ
536 1428 562 1479 6
600 1425 764 1488 Θεόςο
798 1426 936 1479 οὕτω
978 1425 1086 1493 γάρ
1126 1424 1271 1493 λέγει
1319 1426 1413 1478 καὶ
1454 1425 1513 1477 τὸ
1559 1424 1911 1493 Εὐαγγέλιον·

320 1520 415 1573 καὶ
463 1521 495 1589 ὴ
554 1517 646 1571 τοῦ
696 1519 908 1587 Πατρός
950 1517 1105 1571 οὐσία
1146 1517 1362 1580 πάντως
1398 1517 1616 1585 λέγεται
1674 1515 1908 1585 πνεῦμα.

332 1610 494 1664 Ἀλλά
537 1610 694 1681 μόνον
731 1611 954 1663 ἐκείνων
993 1610 1149 1677 λόγος
1192 1609 1329 1675 ἐστὶ,
1365 1608 1433 1662 τά
1481 1607 1746 1678 ἀνομοίως
1775 1624 1911 1677 προ-

325 1699 619 1769 φερόμενοι,
655 1698 750 1751 ml
782 1699 923 1752 κατὰ
951 1698 1045 1768 τὴν
1074 1698 1234 1768 φύσιν
1279 1697 1547 1766 ἀνομοίως
1586 1697 1756 1765 ἔχειν’
1790 1712 1914 1747 συν-

323 1789 515 1858 άγεται
554 1789 787 1852 πάντως,
835 1788 903 1841 τὰ
948 1789 1208 1850 ὡσαύτως
1258 1787 1546 1857 λεγόμενα,
1590 1786 1725 1856 μηδὲ
1773 1785 1913 1838 κατά

320 1880 422 1953 τὴν
454 1881 614 1948 φύσιν
642 1880 1030 1952 ἠλλοτριῶσθαι
1057 1879 1192 1951 πρὸς
1221 1878 1443 1948 ἄλληλα.
1476 1878 1626 1930 Ἐπεὶ
1651 1872 1742 1930 οὖν
1773 1876 1913 1929 κατά

322 1971 414 2024 τὸν
442 1971 597 2039 λόγον
640 1971 819 2023 αὐτῶν
866 1970 1083 2041 πνεῦμα
1128 1971 1343 2039 λέγεται
1379 1968 1473 2023 τοῦ
1518 1968 1650 2021 Υἱοῦ
1693 1966 1911 2020 καὶτοῦ

323 2063 536 2132 Πατρὸς
566 2064 598 2133 ὴ
625 2063 781 2115 οὐσία
804 2080 816 2092 ⁶
854 2062 916 2115 τὸ
952 2062 1025 2133 μὴ
1070 2057 1209 2115 εἶναι
1253 2062 1353 2133 τῆς
1400 2060 1583 2124 οὐσίας
1630 2057 1912 2132 διαφορὰν,

322 2147 412 2200 διὰ
441 2147 644 2200 τούτων
678 2148 863 2218 σαφῶς
895 2149 1289 2202 ἀποδέδεικται.

2002 505 2205 559 Paulus
2242 503 2290 558 ei
2331 501 2424 572 qui
2459 515 2519 555 se
2547 514 2576 553 a
2611 498 2790 552 littera
2823 497 2889 551 ad
2918 496 3172 566 spiritum
3206 492 3575 555 converterit,

2004 613 2113 652 non
2145 595 2381 665 amplius
2421 591 2837 646 interticicntcm
2872 588 3192 642 servitutem
3214 624 3227 649 ,
3264 584 3357 640 sed
3396 584 3578 639 Domi-

2005 703 2133 743 num
2178 686 2320 742 dixit
2365 681 2787 751 comprehendi,
2843 695 2937 749 qui
2990 678 3239 732 vivilieus
3285 687 3368 732 est
3419 678 3583 748 spiri-

2005 787 2115 834 tus.
2162 778 2410 832 Sublime
2449 782 2632 828 autem
2680 770 3038 841 Evangelium
3066 769 3238 839 dicit:
3279 768 3445 822 Verba
3467 784 3584 837 quq:

2004 889 2096 941 ego
2121 871 2326 940 loquor,
2355 867 2574 935 spiritus
2604 874 2724 918 sunt
2750 873 2799 917 et
2828 864 2938 916 vita
2968 862 3031 927 “',
3063 871 3119 914 ttt
3151 877 3271 931 qua:
3302 861 3444 914 nuda
3475 862 3588 914 sint

2006 969 2060 1015 et
2111 973 2281 1013 vacua
2333 955 2606 1026 corporali
2655 954 2982 1007 velamento.
3030 950 3343 1006 Essentiam
3402 958 3586 1003 autem

2010 1049 2289 1119 Unigeniti
2322 1048 2576 1117 spiritum
2606 1045 2911 1113 intelligere
2944 1043 3291 1097 somniorum
3328 1042 3581 1109 interpre

2010 1152 2092 1197 tes
2124 1141 2450 1196 dixerimus.
2497 1138 2642 1204 Quin
2684 1138 2848 1191 etiam
2892 1151 2992 1204 pro
3038 1134 3330 1188 corollario
3371 1135 3590 1187 illorum

2009 1232 2322 1288 rationibus
2353 1238 2597 1293 utemur,
2630 1237 2685 1283 et
2731 1228 3168 1281 adversariorum
3219 1226 3341 1279 telis
3388 1226 3587 1278 verita-

2012 1333 2121 1380 tem
2176 1324 2538 1377 armabimus.
2593 1321 2746 1375 Licet
2792 1319 2938 1373 enim
2985 1317 3247 1372 lsraelitis
3293 1315 3590 1385 AZgyptum

2013 1416 2315 1486 depraadari
2341 1423 2395 1470 et
2425 1429 2614 1470 eorum
2658 1412 2880 1466 divitias
2921 1420 3181 1465 ornatum
3228 1418 3479 1463 nostrum
3513 1407 3593 1460 fa-

2014 1523 2139 1564 cere
2166 1517 2220 1563 et
2250 1514 2457 1562 nostra.
2496 1505 2552 1559 Si
2604 1504 2837 1574 spiritus
2885 1503 3091 1557 dicitm~
3143 1486 3267 1555 Filii
3313 1500 3591 1562 essentia,

2014 1601 2238 1672 spiritus
2293 1605 2478 1652 autem
2535 1595 2681 1651 Deus
2708 1636 2723 1659 ,
2774 1596 2856 1650 sic
2903 1594 3052 1649 enim
3089 1594 3168 1647 ait
3199 1591 3592 1661 Evangelium,

2016 1696 2178 1757 atque
2222 1688 2386 1742 etiam
2437 1685 2621 1740 Patris
2672 1685 2910 1739 essentia
2957 1699 3185 1751 prorsus
3229 1682 3431 1737 dicitur
3479 1682 3594 1751 spi-

2020 1781 2181 1835 ritus.
2236 1779 2342 1834 Sed
2387 1779 2563 1834 solum
2611 1778 2827 1832 illorum
2864 1778 3003 1831 ratio
3039 1777 3153 1829 haec
3186 1785 3303 1839 est,
3338 1774 3485 1845 quod
3531 1789 3595 1827 ea

2020 1888 2140 1942 quae
2169 1871 2515 1927 dissimiliter
2552 1870 2812 1924 dicuntur
2832 1909 2847 1934 ,
2878 1869 3042 1924 etiam
3076 1867 3377 1922 secundum
3430 1874 3596 1920 natu-

2018 1976 2136 2016 ram
2189 1959 2530 2015 dissimiliter
2574 1974 2635 2014 se
2680 1959 2917 2023 habent;
2969 1956 3319 2011 concluditur
3361 1971 3591 2025 prorsus

2022 2053 2169 2123 quod
2200 2069 2265 2108 ea
2294 2067 2415 2123 quae
2445 2051 2637 2106 eodem
2675 2049 2839 2106 modo
2872 2050 3149 2111 dicuntur,
3185 2063 3364 2118 neque
3394 2062 3596 2102 secun-

2029 2144 2159 2198 dum
2202 2152 2454 2199 naturam
2502 2152 2631 2197 sunt
2684 2142 2827 2195 inter
2867 2156 2925 2196 se
2975 2140 3214 2194 alienata
3254 2146 3308 2195 et
3350 2139 3593 2196 diversa.

325 2237 593 2303 Quoniam
634 2240 800 2309 igitur
830 2241 1132 2296 secundum
1163 2244 1429 2296 rationem
1462 2242 1743 2311 ipsorum,
1772 2237 1897 2293 Filii
1937 2242 1991 2290 et
2062 2236 2244 2291 Patris
2300 2236 2535 2291 essentia
2589 2235 2793 2289 dicitur
2858 2233 3122 2304 spiritus,
3179 2248 3287 2288 non
3343 2230 3600 2287 essentia:

325 2327 685 2383 dill‘erentiam
733 2346 889 2394 esse,
928 2348 1022 2401 per
1059 2332 1171 2386 haec
1219 2333 1511 2387 manifesto
1546 2332 1985 2387 demonstratum
2019 2337 2124 2383 est.

397 2422 606 2492 Μικρὸν
653 2423 761 2495 γάρ
811 2425 951 2496 μετὰ
998 2425 1170 2478 ταῦτά
1209 2443 1370 2496 φησιν
1418 2428 1446 2478 6
1499 2426 1796 2496 Εὐνόμιος,
1830 2426 1911 2479 ὅτι

333 2512 455 2567 Τῶν
518 2516 1034 2585 παρηλλαγμένων
1097 2516 1322 2571 οὐσιῶν
1346 2557 1361 2582 ,
1425 2514 1917 2586 παρηλλαπιιέναι

327 2603 565 2670 πάντως
592 2606 686 2659 καί
718 2609 777 2659 al
806 2606 1166 2675 σημαντικαὶ
1202 2606 1312 2676 τῆς
1340 2609 1555 2673 οὐσίας
1582 2607 1702 2661 εὶσὶ
1731 2618 1917 2674 προσ-

326 2698 579 2767 ηγορίαι.
635 2699 760 2766 Ἐφ’
791 2694 878 2751 ὧν
915 2698 984 2751 δὲ
1022 2698 1255 2767 μίακαὶ
1306 2701 1343 2767 ἡ
1399 2699 1552 2769 αὑτὴ
1602 2698 1793 2768 φωνὴ,
1849 2698 1922 2754 ἓν

325 2786 566 2853 πάντως
594 2786 765 2840 ἔσται
798 2786 894 2839 καὶ
924 2786 988 2839 τὸ
1014 2786 1088 2855 τῇ
1130 2787 1285 2856 αὐτῇ
1312 2790 1679 2858 προσηγορίᾳ
1703 2788 1921 2857 δηλού-

319 2896 532 2950 μενον.
559 2879 719 2930 Ὥστε
758 2877 846 2930 διά
872 2878 1086 2931 πάντων
1109 2882 1137 2932 6
1168 2880 1531 2951 δρασσόμενος
1556 2881 1683 2943 τοὺς
1725 2881 1919 2949 σοφοὺς

326 2969 391 3019 ὲν
440 2967 504 3035 τῇ
545 2965 852 3036 πανουργίᾳ
898 2965 1096 3030 αὐτῶν,
1139 2968 1266 3030 τοὺς
1312 2968 1556 3038 μακροὺς
1603 2969 1796 3031 πόνους
1828 2969 1919 3022 τοῦ

325 3056 697 3127 λογογράφου,
741 3057 835 3110 καὶ
878 3058 1003 3122 τοὺς
1058 3057 1283 3129 μυρίους
1309 3060 1399 3111 ἐπὶ
1445 3061 1556 3121 τοῖς
1610 3058 1920 3130 πονηθεῖσιν

330 3148 586 3221 ἱδρῶτας,
617 3148 754 3220 πρὸς
784 3148 880 3220 τὴν
914 3149 1171 3204 σύστασιν
1195 3149 1288 3203 τοῦ
1327 3149 1446 3203 καθ’
1478 3152 1624 3221 ἡμᾶς
1654 3151 1920 3221 δόγματος

2080 2421 2253 2476 Paulo
2303 2430 2428 2489 post
2493 2436 2620 2475 vero
2664 2420 2739 2474 ait
2789 2419 3088 2474 Eunoniius
3130 2436 3142 2470 :
3198 2418 3601 2490 Uisjunctaruni

2010 2517 2356 2569 essentiarum
2377 2513 2656 2582 disjunctw
2671 2522 2791 2566 sunt
2813 2529 3028 2581 prorsus
3055 2513 3294 2566 essentia:
3318 2513 3598 2581 signiﬁca-

2016 2606 2134 2659 time
2173 2605 2577 2680 qppellationes.
2638 2604 2703 2658 lu
2743 2604 2933 2674 quibus
2974 2621 3091 2659 vero
3151 2622 3259 2659 una
3315 2606 3600 2674 eademque

2013 2711 2150 2761 vox,
2204 2713 2369 2749 unum
2418 2696 2626 2764 penitus
2681 2696 2782 2748 erit
2833 2695 2972 2764 quod
3011 2694 3195 2748 eadem
3243 2696 3599 2763 appellatione

2015 2788 2343 2845 declaratur.
2396 2787 2579 2854 Quare
2614 2802 2710 2856 per
2740 2787 2927 2841 omnia
2985 2787 3078 2856 qui
3116 2786 3348 2856 corripit
3382 2787 3601 2857 sapien-

2018 2888 2102 2937 tes
2140 2882 2195 2936 in
2235 2882 2436 2936 astutia
2484 2882 2768 2950 ipsorum,
2810 2881 3005 2950 longos
3048 2881 3265 2935 labores
3309 2880 3599 2950 scriptoris

2018 2972 2182 3040 hujus
2226 2980 2280 3028 et
2326 2973 2572 3029 inﬁnitos
2622 2975 2694 3029 ob
2741 2974 3021 3028 elaborata
3056 2971 3289 3027 sudores
3324 2973 3391 3026 ad
3424 2973 3599 3027 nostri

2020 3066 2293 3136 dogmatis
2317 3066 2847 3121 commendationem
2872 3064 3259 3119 circumduxit.
3290 3063 3345 3117 Si
3368 3063 3516 3120 enim
3544 3063 3599 3117 in

2024 3155 2321 3227 Evangelio
2368 3157 2597 3227 spiritus
2650 3155 2795 3210 Deus
2845 3154 3090 3221 dicitur;
3140 3155 3369 3225 spiritus
3415 3162 3599 3211 autem

330 3240 693 3310 περιήγαγεν.
718 3240 779 3292 Εἰ
804 3240 911 3312 γάρ
939 3240 1154 3311 πνεῦμα
1184 3241 1281 3311 μὲν
1320 3242 1349 3293 6
1390 3241 1520 3304 Θεὸς
1555 3243 1611 3294 ὲν
1635 3241 1712 3313 τῷ
1742 3242 1916 3310 Εὐαγ-

2024 3224 2303 3318 Unigeniti
2329 3224 2571 3303 essentia
2595 3246 2663 3300 ab
2688 3245 2957 3302 Eunomio
2980 3248 3268 3310 astruitur,
3293 3261 3417 3301 cum
3451 3246 3603 3300 nulla

330 3329 498 3399 γελίῳ
532 3328 773 3398 λέγεται·
814 3329 1031 3400 πνεῦμα
1073 3330 1129 3383 δὲ
1175 3330 1269 3385 τοῦ
1319 3332 1656 3400 Μονογενούς
1690 3335 1722 3404 ή
1765 3332 1921 3384 οὐσία

333 3423 487 3494 παρὰ
510 3420 603 3474 τοῦ
631 3422 893 3492 Εὐνομίου
918 3424 1404 3490 κατασκευάζεται,
1435 3425 1512 3496 τῷ
1536 3425 1758 3496 ὀνόματι
1785 3425 1921 3497 πρὸς

332 3512 398 3567 τὸ
428 3514 597 3585 ὄνομα
634 3514 901 3586 μηδεμιᾶς
948 3514 1191 3586 ὑπούσης
1232 3515 1514 3588 διαφορᾶς,
1547 3518 1665 3571 οὐδὲ
1705 3520 1771 3571 τά
1820 3537 1919 3590 ση-

334 3605 634 3675 μαινόμενα
663 3606 896 3669 ’πάντως
936 3606 1041 3659 ὑπὸ
1093 3606 1199 3661 τῶν
1234 3609 1511 3677 ὀνομάτων
1555 3608 1648 3662 ἀπ’
1678 3610 1921 3682 ἀλλήλων

332 3697 477 3751 κατά
526 3697 624 3769 τὴν
663 3699 823 3764 φύσιν
864 3697 1278 3771 διενεχθήσεται.
1334 3701 1517 3771 Κάμοὶ
1567 3702 1711 3755 δοκεῖ
1741 3704 1920 3767 καλῶς

334 3787 481 3858 ἔχειν
510 3788 608 3860 τὴν
640 3789 843 3861 ἀδρανῆ
888 3789 1091 3862 ταύτην
1138 3792 1232 3845 καὶ
1279 3791 1554 3863 ἄπληκτον
1596 3795 1921 3866 σκιομαχίαν

332 3882 434 3952 τὴν
472 3881 668 3952 ἑφεξῆς
695 3882 842 3955 αὐτῷ
865 3885 1383 3956 συγγεγραμμένην,
1425 3886 1560 3955 πρὸς
1588 3886 1921 3958 κατηγορίαν

333 3974 445 4028 τῶν
466 3973 558 4028 τοῦ
586 3975 899 4029 διδασκάλου
930 3976 1124 4045 λόγων,
1147 3977 1525 4048 παραδραμεῖν
1546 3978 1917 4043 ἀνεξέταστον.

338 4064 602 4134 Ἔλεγχος
627 4066 734 4136 γάρ
763 4066 945 4129 ἱκανὸς
964 4067 1063 4135 τῆς
1092 4065 1200 4119 τῶν
1222 4066 1525 4137 εἰρημένων
1554 4068 1669 4120 ἐστὶ
1695 4068 1922 4139 ματαιό-

335 4173 521 4228 τητος,
555 4156 716 4220 αὐτὸς
748 4159 777 4211 6
806 4158 962 4227 λόγος
988 4157 1055 4211 δι’
1089 4158 1282 4212 ἑαυτοῦ
1322 4158 1460 4229 βοῶν
1493 4158 1589 4230 τὴν
1618 4160 1919 4218 ἀσθένειαν.

335 4245 412 4299 Τὸ
454 4246 511 4301 δὲ
554 4248 666 4310 τοῖς
702 4246 961 4313 τοιούτοις
999 4248 1057 4301 ὲν
1103 4249 1310 4321 ἀγωνίᾳ
1353 4250 1778 4321 συμπλέκεσθαι,
1804 4246 1923 4306 ἶσόν

334 4338 453 4389 ἐστι
508 4336 587 4408 τῷ
630 4339 723 4391 καὶ
769 4341 981 4408 νεκροῖς
1040 4340 1409 4410 ὲπεμὸαίνειν.
1446 4343 1768 4414 Ἐκθέμενος
1814 4344 1922 4417 γάρ

336 4418 403 4481 ἐκ
433 4428 632 4499 πολλῆς
670 4432 1041 4499 πεποιθήσεως
1080 4434 1238 4502 ῥῆσιν
1286 4433 1379 4487 τοῦ
1412 4435 1730 4490 διδασκάλου
1779 4436 1920 4504 τινὰ,

2024 3340 2204 3396 subsit
2233 3339 2541 3395 diﬂ'erentia
2578 3336 2826 3393 nominis
2856 3351 2982 3392 cum
3024 3337 3275 3401 nomine,
3313 3353 3492 3408 neque
3521 3336 3600 3391 si-

2024 3432 2285 3503 gniﬁcata
2336 3447 2567 3502 prorsus
2614 3430 2720 3486 sub
2764 3430 3083 3485 nominibus
3125 3431 3267 3484 inter
3315 3445 3376 3486 se
3401 3445 3601 3485 sectius

2023 3522 2153 3576 dum
2198 3530 2453 3576 naturam
2495 3520 2772 3575 dill'erent.
2804 3520 2882 3575 Ac
2919 3520 3053 3574 mihi
3088 3520 3307 3575 videtur
3334 3522 3602 3591 praeclare

2024 3613 2226 3669 habere
2277 3614 2420 3668 hanc
2472 3613 2745 3669 imbellem
2790 3622 2846 3668 et
2892 3612 3117 3668 minime
3160 3612 3446 3669 hedentem
3480 3629 3602 3667 um-

2025 3706 2277 3761 bratilem
2307 3722 2544 3777 pugnam
2595 3706 2862 3776 deinceps
2905 3704 2977 3761 ab
3022 3706 3141 3775 ipso
3189 3704 3598 3776 conscriptam,

2026 3799 2093 3854 ad
2145 3798 2392 3853 doctoris
2442 3812 2762 3853 sermonum
2813 3798 3267 3864 accusationem,
3326 3799 3600 3868 inexpun-

2026 3898 2170 3944 ctam
2199 3890 2317 3945 sive
2350 3891 2700 3944 inexcussam
2733 3894 3181 3958 praetercurrere.
3223 3887 3601 3960 Reprehensio

2024 3984 2169 4037 enim
2197 3981 2335 4038 satis
2362 3981 2544 4035 valida
2576 3990 2661 4037 est
2688 3989 2743 4036 et
2770 3980 2966 4035 idonea
2999 3980 3258 4036 vanitatis
3287 3981 3600 4047 dictorum,

2025 4075 2141 4144 ipse
2174 4080 2355 4129 sermo
2384 4088 2482 4144 per
2517 4087 2578 4129 se
2606 4072 2854 4127 clamans
2882 4071 3339 4129 imbecillitatem.
3374 4070 3601 4125 Talibus

2025 4175 2206 4221 autem
2250 4165 2304 4220 in
2344 4167 2492 4221 luela
2526 4173 2580 4221 et
2630 4164 2934 4221 certamine
2984 4163 3343 4233 complicari,
3393 4163 3603 4232 aequale

2024 4267 2108 4311 est
2136 4257 2185 4311 ei
2212 4258 2359 4327 quod
2388 4257 2592 4313 dicitur
2621 4258 2676 4311 in
2704 4264 2955 4311 mortuos
2978 4255 3262 4309 insultare.
3291 4252 3429 4309 Cum
3454 4254 3599 4308 enim

2026 4345 2195 4397 multa
2226 4344 2561 4410 conﬁdentia
2603 4356 2657 4399 et
2688 4344 3049 4412 persuasione
3077 4342 3376 4397 dictionem
3407 4358 3603 4412 quam-

1991 4484 1996 4488 .
2025 4437 2149 4490 dam
2179 4436 2424 4491 doctoris
2451 4436 2836 4506 exposuisset,
2868 4443 2996 4490 ante
3022 4434 3394 4507 calumniatus
3426 4442 3480 4488 et
3510 4448 3604 4487 ex-

335 4520 433 4573 καὶ
463 4522 837 4611 προδιαϐαλὼν
869 4525 961 4577 καὶ
994 4524 1313 4591 διαπτύσας,
1354 4528 1447 4580 xui.
1478 4529 1600 4582 ἀντὶ
1635 4529 1726 4583 τοῦ
1758 4530 1916 4602 μηδε-

2027 4538 2314 4590 secratus,
2344 4542 2399 4582 ει
2429 4542 2526 4595 pro
2558 4527 2733 4580 nihilo
2765 4542 2889 4581 esse
2923 4541 2981 4581 se
3016 4533 3449 4581 monstraturum
3485 4525 3605 4596 pol-

336 4612 429 4676 νὸς
452 4608 589 4667 εἶναι
621 4614 813 4681 δείξειν
843 4617 1328 4688 ἐπαγγειλάμενος,
1368 4619 1564 4673 ταύτὸν
1603 4620 1771 4674 ἔπαθε
1810 4624 1916 4685 τοῖς

2024 4619 2229 4683 licitus,
2260 4619 2401 4674 idem
2430 4618 2533 4688 ipsi
2560 4618 2764 4672 accidit
2789 4615 2938 4687 quod
2967 4617 3151 4673 stultis
3178 4624 3234 4671 et
3270 4616 3600 4681 infantibus,

337 4706 554 4775 νηπίοις
592 4707 701 4760 τῶν
740 4708 979 4761 παίδων·
1016 4704 1097 4773 οἷς
1141 4710 1203 4763 τὸ
1248 4710 1434 4773 ἀτελὲς
1482 4710 1576 4765 καὶ
1617 4713 1794 4782 ἄωρον
1826 4714 1926 4784 τῆς

338 4797 580 4862 διανοίας
628 4799 722 4852 καὶ
758 4799 819 4852 τὸ
857 4798 967 4854 τῶν
1014 4800 1382 4873 αἰσθητηρίων
1419 4801 1767 4873 ἀγύμναστον
1825 4806 1925 4857 οὐκ

338 4887 545 4959 ἀκριϐῆ
576 4890 758 4944 δίδωσι
790 4890 900 4944 τῶν
932 4893 1269 4962 φαινομένων
1310 4892 1407 4963 τὴν
1455 4894 1800 4964 κατανόησιν.
1828 4896 1926 4949 Διά

340 4978 501 5032 τοῦτο
530 4981 783 5046 πολλάκις
814 4984 1007 5053 πικρὸν
1027 4982 1167 5055 ὑπὲρ
1191 4984 1430 5054 κεφαλῆς
1451 4980 1589 5039 εἶναι
1614 4987 1739 5048 τοὺς
1766 4986 1925 5040 ἀστέ-

344 5088 442 5142 ρας
489 5072 814 5142 νομίςοντες,
869 5074 1059 5145 βώλοις
1106 5077 1247 5129 τισὶν
1294 5076 1398 5129 ὑπὸ
1442 5078 1691 5149 παιδικῆς
1738 5079 1922 5143 ἀνοίας

342 5163 713 5232 προφανέντας
738 5164 1202 5229 καταλιθάζουσιν.
1233 5161 1366 5219 Εἶτα
1390 5166 1805 5235 καταπεσούσης
1824 5168 1922 5238 τῆς

342 5250 537 5322 βώλου,
570 5253 665 5305 σὺν
694 5255 871 5325 κρότῳ
910 5256 1004 5309 καὶ
1049 5257 1242 5325 γέλωτι
1291 5256 1427 5328 πρὸς
1470 5258 1594 5320 τοὺς
1632 5256 1924 5328 ἡλικιώτας

344 5342 795 5414 μεγαλαυχοῦων,
823 5346 896 5408 ὡς
926 5347 1010 5398 ἐπ’
1042 5348 1236 5411 αὐτοὺς
1286 5348 1410 5411 τοὺς
1437 5349 1671 5419 ἀστέρας
1713 5349 1810 5418 τῆς
1837 5349 1925 5419 βο-

334 5433 440 5504 λῆς
465 5434 793 5505 ὲνεχθείσης.
830 5436 1079 5502 Τοιοῦτος
1106 5441 1134 5492 ὁ
1165 5439 1240 5510 τῷ
1273 5439 1416 5510 βέλει
1458 5438 1563 5492 τῶν
1589 5440 1796 5511 νηπίων
1829 5441 1925 5513 τὴν

338 5523 602 5595 ἀλήθειαν
658 5524 860 5594 βαλών·
915 5527 975 5592 ὃς
1029 5530 1278 5603 καθάπερ
1327 5531 1561 5603 ἀστέρας
1604 5531 1753 5595 τινὰς
1800 5534 1926 5596 τοὺς

416 5679 463 5712 ⁸⁸
491 5675 650 5738 Joan.
684 5698 761 5747 Vl,
800 5682 891 5738 64.

665 5789 940 5851 ΡΑΤιιοι..
1002 5788 1120 5853 Gn.
1148 5787 1338 5851 XLV.

2002 4713 2224 4782 ‘quibus
2254 4709 2578 4780 imperlecta
2611 4718 2665 4764 et
2696 4709 2938 4763 nondum
2974 4719 3185 4763 matura
3214 4708 3600 4779 intelligentia,

2021 4810 2075 4857 et
2121 4803 2612 4857 instrumentorum
2657 4814 2917 4856 sensuum
2960 4798 3310 4852 imbecillitas
3348 4813 3456 4853 non
3506 4798 3602 4852 dat

2022 4905 2271 4951 exactam
2313 4909 2505 4948 eorum
2539 4909 2659 4962 qu:e
2694 4900 2958 4962 apparent
2999 4892 3370 4962 cognitionem
3407 4909 3420 4947 :
3468 4906 3602 4961 pro-

2024 4997 2210 5058 pterea
2252 5002 2396 5056 saepe
2437 4988 2696 5042 acerbum
2742 4999 2907 5053 supra
2953 4993 3113 5054 caput
3148 4999 3271 5040 esse
3313 4984 3501 5039 stellas
3533 4984 3601 5035 ab

2022 5077 2156 5147 ipsis
2185 5077 2444 5147 prrevisas
2477 5084 2749 5146 putantes,
2770 5076 2943 5145 glebis
2973 5075 3442 5145 quibusdamprae
3467 5088 3601 5142 pue-

2023 5170 2111 5222 rili
2148 5169 2388 5224 amentia
2418 5168 2689 5240 lapidant.
2738 5167 2943 5224 Deinde
2989 5184 3113 5224 cum
3156 5169 3308 5239 gleba
3361 5164 3598 5224 cecidit,

2023 5274 2149 5314 cum
2187 5262 2382 5331 plausu
2418 5271 2473 5316 et
2518 5261 2636 5317 risu
2687 5259 2756 5314 ad
2809 5276 2939 5318 suos
2990 5260 3228 5329 aequales
3276 5255 3596 5326 gloriantur,

2025 5351 2258 5408 sublatis
2290 5353 2604 5408 cervicibus
2626 5392 2640 5415 ,
2680 5352 2908 5422 perinde
2939 5366 3004 5405 ac
3040 5351 3086 5404 si
3131 5350 3274 5402 ictus
3305 5345 3371 5398 ad
3409 5344 3599 5396 stellas

2034 5445 2183 5515 ipsas
2215 5446 2571 5515 pervenisset.
2605 5444 2756 5499 Talis
2788 5454 2873 5499 est
2907 5445 2994 5496 hic
3031 5440 3124 5510 qui
3158 5440 3268 5492 telo
3304 5434 3596 5489 infantium

2034 5539 2316 5595 veritatem
2352 5539 2654 5609 percussit,
2700 5536 2790 5604 qui
2827 5545 3083 5602 tanquam
3116 5530 3382 5601 quasdam
3413 5526 3597 5585 stellas

3210 5782 3291 5852 24
