4010 6156
438 312 579 395 τίη,
1685 318 1742 373 s.
1773 316 2048 372 culmen

2152 317 2419 375 iYSSENI
3591 318 3698 373 753

440 434 850 503 Superluecntes
883 431 1005 484 illus
1053 431 1297 487 doctoris
1341 447 1630 488 Sermones
1680 449 1804 489 cum
1861 436 2048 505 prius.

2153 440 2492 509 περλαμπεῖς
2525 440 2764 504 ἐκείνους
2804 439 2894 494 τοῦ
2939 440 3254 495 διδασκάλου
3300 439 3705 511 προεκθέμενος

442 526 820 596 exposuisset,
858 532 908 577 et
939 525 1255 592 proculcata
1287 532 1341 576 et
1373 525 1522 578 banti
1555 536 1779 596 repente
1809 529 2014 581 intelli-

439 618 651 688 gentia,
682 633 711 670 e
743 626 891 670 terra
936 625 1187 671 terrenos
1216 625 1270 670 et
1301 619 1592 674 instabiles
1625 621 1857 690 proiecit
1901 637 2015 677 scr-

443 724 653 764 mones.
700 707 801 773 Qni
841 715 1052 762 tantum
1086 709 1405 772 sublimati,
1437 721 1704 780 quantum
1762 729 1869 767 non
1915 714 2012 768 ha-

443 803 605 855 beant
637 801 780 854 unde
804 800 1143 862 ceciderint,
1173 816 1306 856 casu
1337 810 1384 854 cl
1418 811 1622 856 temere
1651 813 1851 874 suopte
1879 822 2018 876 pon-

442 892 572 946 dere
597 889 847 944 subversi
878 899 1029 945 sunt.
1061 891 1236 962 Magni
1264 893 1409 946 enim
1435 891 1620 948 Basilii
1648 895 1818 948 dictio
1842 896 1922 950 sic
1951 898 2016 952 ad

443 983 669 1036 verbum
695 982 952 1053 babet(a)
984 1001 996 1036 :
1028 981 1232 1036 Etenim
1250 985 1377 1054 quis
1408 983 1528 1038 huic
1561 988 1792 1041 sermoni
1821 989 2009 1042 mentis

443 1090 654 1142 compos
701 1084 751 1129 et
804 1075 1010 1129 sobrius
1069 1077 1438 1139 consenserit,
1479 1076 1718 1141 Quorum
1801 1081 2019 1134 ilo-uina

445 1185 569 1229 sunt
610 1175 948 1245 eli/ferentia,
989 1176 1175 1229 [torum
1213 1177 1375 1230 etiam
1419 1175 1676 1229 cssenlias
1721 1173 2017 1236 dissidere,

448 1284 652 1322 necesse
675 1268 790 1322 cst?
811 1267 950 1322 Nam
992 1269 1155 1332 Petri,
1189 1279 1236 1322 et
1263 1269 1444 1333 Pauli,
1484 1276 1532 1322 et
1560 1276 1616 1319 ut
1650 1264 1809 1320 semel
1832 1265 2022 1327 dicam,

447 1358 683 1410 omnium
717 1357 985 1410 hominum
1029 1358 1404 1425 appellationes
1453 1355 1661 1426 quidem
1692 1363 1815 1407 sunt
1866 1352 2021 1420 (li/fe-

451 1459 669 1503 rentes:
714 1450 948 1502 omnium
998 1459 1172 1503 (unum
1210 1450 1438 1503 essentia
1491 1464 1617 1500 una.
1670 1445 1932 1512 Quocirca
1971 1445 2024 1498 in

452 1540 699 1608 plurimis
749 1538 907 1593 iidem
958 1540 1106 1593 'inter
1139 1556 1234 1594 nos
1290 1554 1493 1603 sumus,
1525 1538 1651 1590 solis
1684 1545 1857 1589 autem
1904 1551 2027 1604 pro-

2117 529 2326 598 λόγους,
2360 532 2595 601 χαμόθεν
2637 534 2698 584 ἐκ
2734 533 2833 603 τῆς
2867 534 3255 603 πεπατημένης
3285 535 3375 585 καὶ
3401 533 3698 602 χαμαιρῤι-

2118 623 2251 687 ποῦς
2283 625 2538 686 διανοίας,
2578 625 2703 688 τοὺς
2739 624 2958 693 γεώδεις
2994 643 3052 678 τε
3093 626 3186 679 καὶ
3217 627 3481 689 ἀστάτους
3511 623 3706 695 ἔρριψα

2118 717 2307 785 λόγους
2329 733 2341 745 ο
2398 717 2446 769 οἳ
2484 717 2732 770 τοσοῦτον
2762 717 3084 786 causam,
3116 719 3239 771 ὅσον
3278 718 3353 788 μὴ
3401 716 3546 788 ἔχειν
3583 717 3710 770 ὅθεν

2119 809 2356 862 πέσωσιν
2390 809 2728 878 αὐτομάτως,
2776 807 2853 878 τῷ
2891 809 3097 860 ἑαυτῶν
3141 807 3297 879 βάρει
3328 807 3708 879 περιετράπη-

2121 917 2237 954 σαν.
2284 901 2345 952 Ἦ
2380 898 2477 970 μὲν
2506 898 2614 969 γὰρ
2638 899 2731 952 τοῦ
2761 899 2996 968 μεγάλου
3031 899 3310 951 Βασιλείου
3349 898 3506 968 ῥῆσις
3535 896 3711 959 οὕτως

2121 991 2261 1046 κατὰ
2295 991 2392 1062 τὴν
2418 991 2560 1055 λέξιν
2589 992 2719 1061 ἔχει·
2747 992 2947 1046 Καίτοι
2984 991 3076 1056 τίς
3105 989 3182 1043 ἂν
3215 989 3293 1054 τῷ
3324 991 3484 1058 λόγῳ
3522 991 3714 1056 τούτῳ

2121 1082 2449 1152 σωφρονῶν
2485 1083 2805 1152 πρόσθοιτο
2827 1099 2841 1113 ο
2887 1082 2976 1143 ὅτι
3018 1075 3106 1134 ὧν
3150 1083 3222 1135 τὰ
3265 1080 3529 1150 ὀνόματὰ
3579 1081 3715 1134 ἐστι

2121 1175 2405 1244 διάφορα,
2455 1175 2681 1229 τούτων
2722 1173 3140 1243 παρηλλάχθαι
3192 1173 3291 1227 καὶ
3339 1172 3446 1238 τὰς
3495 1173 3717 1238 οὐσίας

2123 1266 2385 1336 ἀνάγκης
2409 1265 2632 1334 Πέτρου
2657 1265 2766 1334 γὰρ
2795 1264 2890 1318 καὶ
2921 1265 3164 1318 Παύλου
3193 1263 3290 1316 καὶ
3313 1261 3713 1328 ἁπαξαπλῶς,

2123 1356 2448 1428 ἀνθρώπων
2487 1359 2875 1428 προσηγορίαι
2921 1357 3037 1428 μὲν
3075 1357 3378 1426 διάφοροι·
3432 1357 3617 1410 οὐσία
3647 1354 3720 1408 es

2126 1450 2368 1504 πάντων
2397 1451 2528 1521 μία.
2579 1451 2789 1519 Διόπερ
2828 1451 2898 1504 ἐν
2934 1451 3059 1516 τοῖς
3104 1451 3414 1515 πλείστοις
3457 1453 3510 1503 ot
3543 1449 3719 1503 αὐτοὶ

2127 1544 2423 1612 ἀλλήλοις
2471 1543 2680 1613 ἐσμὲν,
2730 1541 2854 1608 τοῖς
2899 1541 2967 1594 δὲ
3021 1540 3293 1610 ὶδιώμασι
3334 1542 3547 1610 μόνοις
3592 1539 3722 1607 τοῖς

453 1632 766 1701 prietatibus
791 1647 907 1699 qua:
939 1631 992 1684 in
1016 1631 1238 1701 singulis
1255 1628 1660 1684 considerantur
1691 1627 1788 1681 alii
1816 1627 1879 1680 ab
1903 1627 2026 1680 aliis

2152 1638 2256 1706 τερ)
2290 1637 2550 1691 ἕκαστον
2586 1634 3027 1704 θεωρουμένοις,
3058 1634 3259 1702 ἕτερος
3289 1633 3494 1703 ἐτέρου
3519 1633 3724 1701 διενη-

455 1727 774 1795 (li/ferimus.
808 1724 1033 1794 Ideoque
1069 1723 1308 1793 sequitur
1341 1721 1740 1791 appellationes,
1761 1735 1874 1789 qua:
1921 1720 2029 1772 sin—

2152 1731 2413 1801 η’όχαμεν.
2435 1731 2609 1783 Ὅθεν
2641 1727 2737 1781 καί
2765 1727 3153 1795 προσηγορίαι
3181 1725 3316 1794 οὐχὶ
3349 1723 3470 1778 τῶν
3492 1722 3728 1778 οὐσιῶν

456 1819 607 1889 gulos
639 1818 918 1888 designant
951 1825 1000 1870 et
1027 1825 1233 1879 notant,
1272 1831 1375 1868 non
1408 1830 1520 1868 esse
1569 1813 1918 1868 essentiarum
1956 1811 2032 1864 si-

2152 1790 2250 1877 :lo't
2279 1790 2675 1892 ’σημαντικαῂ
2725 1790 2887 1875 enim
3106 1790 3452 1888 ἰδιωμάτων,
3504 1815 3570 1870 aI
3613 1814 3727 1869 tor

457 1913 834 1984 gniﬁcatrices,
862 1909 953 1964 sed
983 1911 1384 1979 proprietatum.
1431 1907 1562 1961 Cum
1602 1906 1767 1976 igitur
1797 1903 2033 1958 audieri-

2152 1919 2261 1972 cat)’
2315 1917 2425 1971 ἕνα
2477 1912 3031 1985 χηρακτηρίζουσιν.
3067 1911 3255 1964 Ὅταν
3304 1904 3417 1964 οὖν
3453 1908 3730 1962 ἀκούσω-

460 2021 574 2058 mus
603 2003 699 2058 hoc
729 2019 914 2056 nontcn
941 2001 1174 2065 Petrum,
1203 2016 1309 2053 non
1337 1999 1620 2053 essentiam
1660 1997 1774 2066 ejus
1815 1995 1910 2050 hoc
1946 2011 2034 2048 no-

2152 2027 2246 2064 ἰεν
2281 2009 2527 2077 Πέτρου,
2573 2007 2646 2060 οὐ
2693 2007 2808 2072 τὴν
2847 2004 3067 2057 οὐσίαν
3116 2000 3304 2056 αὑτοῦ
3349 1999 3613 2066 νοοῦμεν
3656 1999 3729 2052 ἐκ

463 2098 599 2150 mine
624 2103 794 2148 mente
826 2091 1149 2159 concipimus
1174 2106 1191 2154 ;
1219 2091 1501 2145 essentiam
1530 2099 1707 2141 autem
1748 2104 1884 2141 nunc
1915 2088 2034 2141 dico

2152 2104 2243 2158 τοῦ
2274 2104 2602 2170 ὀνόματος-ο
2655 2097 2875 2151 οὐσίαν
2911 2094 2979 2148 δὲ
3023 2095 3179 2164 ,λέγω
3219 2093 3358 2156 νῦν,
3387 2093 3459 2145 οὐ
3499 2092 3564 2144 τὸ
3592 2093 3729 2146 15.11-

463 2205 564 2243 non
588 2186 862 2241 materiale
909 2183 1225 2252 subjectum,
1265 2182 1354 2236 sed
1394 2181 1778 2250 proprietatum
1821 2196 1939 2250 qua:
1981 2181 2035 2233 in

2152 2194 2249 2248 ter
2278 2191 2690 2259 ὑποκείμενον,
2716 2185 2878 2242 ἀλλὰ
2924 2183 3044 2238 τῶν
3078 2181 3402 2254 ἰδιωμάτων
3448 2181 3568 2235 τῶν
3593 2182 3730 2249 περὶ

465 2283 577 2349 ipso
615 2284 918 2345 spectantur
961 2274 1206 2328 notitiam
1252 2273 1626 2340 informamus.
1689 2269 1813 2324 llaec
1871 2271 2039 2340 igitur

2152 2281 2327 2338 αὐτὸν
2367 2279 2782 2350 θεωρουμένων
2840 2277 2955 2345 τὴν
3000 2275 3244 2329 ἔννοιαν
3290 2274 3732 2342 ἐντυπούμεθα.

461 2384 690 2440 magnus
737 2367 891 2422 dicit.
945 2364 1047 2431 Qui
1092 2372 1273 2418 autem
1323 2363 1484 2417 dictis
1531 2370 1840 2432 repugnat,
1889 2361 2037 2430 quali

2152 2373 2326 2428 Ταῦτα
2362 2371 2460 2442 μὲν
2489 2373 2517 2423 ὁ
2568 2368 2732 2440 μέγας
2761 2367 2944 2437 φησίν.
2982 2366 3040 2418 '0
3073 2365 3129 2419 δέ
3172 2364 3477 2435 μαχόμενος
3501 2366 3614 2426 τοῖς
3650 2363 3733 2415 εί-

464 2469 656 2516 contra
683 2474 784 2514 nos
810 2460 985 2512 utitur
1020 2458 1264 2519 solertia,
1295 2454 1382 2508 cui
1413 2454 1632 2508 abunde
1667 2463 1826 2508 vacat
1869 2453 2040 2506 inuti-

2152 2466 2419 2540 ρημένοις,
2446 2462 2536 2533 οἵᾳ.
2561 2457 2826 2531 κέχρηται
2849 2457 2968 2512 καθ’
2995 2457 3151 2528 ἡμῶν
3191 2459 3258 2527 τῇ
3307 2454 3583 2525 εὐστοχίᾳ,
3621 2455 3735 2523 ὅτῳ

467 2552 610 2606 libus
639 2557 694 2604 et
726 2550 933 2604 frivolis
956 2555 1172 2618 tempus
1201 2558 1256 2600 et
1289 2545 1460 2600 otium
1495 2553 1796 2610 conterere,
1827 2559 1892 2599 ex
1923 2545 2040 2615 ipsa

2152 2557 2308 2629 σχολὴ
2345 2557 2456 2618 τοῖς
2482 2553 2762 2624 ἀνονήτοις
2794 2552 3149 2621 ἐνευκαιρεῖν,
3185 2548 3245 2613 ἐξ
3289 2548 3457 2617 αὐτῆς
3497 2547 3591 2600 τοῦ
3624 2548 3738 2600 Εὐ·

468 2644 720 2700 Eunomii
757 2643 1166 2711 conscriptione
1189 2640 1317 2694 licet
1345 2652 1699 2708 cognoscere.
1847 2679 1856 2688 .

2152 2649 2331 2720 νομίου
2359 2646 2454 2714 τῆς
2482 2643 2801 2715 συγγραφῆς
2826 2641 3206 2711 διδασκόμεθα.

537 2733 656 2789 Non
688 2735 830 2788 enim
872 2733 1005 2786 mihi
1041 2732 1238 2800 volupe
1265 2738 1350 2784 est
1391 2729 1526 2783 meis
1566 2727 1810 2782 inserere
1841 2726 2043 2781 labori-

2218 2741 2293 2794 Οὐ
2333 2739 2442 2810 γάρ
2492 2755 2580 2808 μοι
2624 2736 2774 2804 φίλον
2831 2736 2942 2797 τοῖς
2983 2735 3136 2805 ἐμοῖς
3193 2730 3580 2803 παρεντιθέναι
3635 2730 3740 2790 πό-

471 2829 576 2883 bus
606 2839 934 2880 nauseosam
964 2823 1129 2893 hujus
1156 2820 1394 2876 oratoris
1429 2819 1838 2888 loquacitatem,
1871 2818 2044 2872 insci-

2152 2851 2259 2896 νοις
2295 2833 2394 2902 τὴν
2444 2828 2709 2899 ναυτιώδη
2755 2827 3023 2898 φλυαρίαν
3078 2825 3173 2878 τοῦ
3230 2826 3492 2896 ῥήτορος,
3533 2825 3630 2876 καὶ
3679 2824 3742 2877 τδ

473 2921 714 2990 tiamque
765 2917 941 2988 ipsius
986 2925 1042 2971 et
1096 2915 1392 2970 amentiam
1454 2915 1509 2966 in
1558 2911 1739 2967 medio
1797 2925 2044 2966 meorum

2152 2925 2359 2999 ἀμαθὲς
2392 2922 2556 2977 αὺτοῦ
2595 2922 2689 2975 καὶ
2720 2920 2881 2974 ἄνουν
2933 2918 3021 2971 διά
3052 2918 3218 2988 μέσου
3245 2916 3352 2968 τῶν
3382 2915 3532 2986 ἐμῶν
3562 2915 3740 2982 λόγων

475 3025 788 3067 sermonum
821 3019 1012 3064 notare
1044 3016 1098 3062 et
1127 3007 1383 3063 insectari
1429 3025 1442 3060 :
1483 3006 1791 3060 encomium
1819 3004 1964 3059 enim
1993 3011 2048 3058 et

2152 3013 2641 3086 ὲνστηλιτεύεσοαι.
2663 3013 2920 3065 ’Ἐπαινον
2937 3009 3045 3080 γάρ
3068 3026 3188 3061 τινα
3208 3006 3544 3078 διεξέρχεται
3563 3007 3734 3075 λόγων

475 3104 692 3160 laudem
720 3104 906 3160 nescio
935 3117 1097 3172 quam
1133 3101 1358 3170 exponit
1387 3115 1576 3155 eorum
1611 3099 1900 3154 verborum
1926 3111 2048 3168 quae

2156 3114 2262 3168 τῶν
2297 3107 2668 3182 σημαντικῶν,
2705 3105 2766 3158 τὺ
2808 3102 3166 3172 ὑποκείμενον
3202 3097 3598 3169 φανερούντων·
3640 3095 3732 3148 καὶ

477 3195 911 3269 signiticantiora
940 3165 1089 3257 sunt,
1113 3203 1167 3248 et
1194 3165 1503 3261 subjectum
1536 3191 1710 3262 magis
1739 3165 2045 3253 declarant,

2152 3165 2238 3261 διά
2279 3165 2385 3275 τῆς
2411 3165 2671 3271 συνήθους
2709 3195 2901 3250 ἐαυτοῦ
2940 3165 3137 3261 λέξεως
3178 3165 3458 3262 συντίὸησι
3489 3189 3590 3243 καὶ
3614 3189 3732 3242 διαο

476 3299 532 3345 ct
581 3290 782 3345 usitata
835 3287 942 3343 sibi
979 3287 1220 3340 dictione
1256 3284 1532 3355 componit
1570 3291 1624 3337 et
1656 3281 1956 3352 compingit
1995 3282 2050 3334 in

477 3383 656 3438 triviis
696 3381 942 3452 quadam
983 3377 1448 3435 dictiuncularum
1491 3375 1703 3441 abiecta
1758 3383 1813 3427 et
1870 3376 2050 3428 lacera

477 3475 827 3534 vestimenta.
866 3472 1194 3539 Rursusque
1225 3465 1412 3522 infelix
1447 3465 1717 3521 Isocrates
1739 3465 1813 3536 (ὁ)
1846 3481 2052 3520 consu-

479 3568 649 3621 mitur
680 3572 734 3618 et
766 3561 1100 3625 corroditur,
1136 3559 1300 3613 verba
1330 3565 1384 3612 et
1421 3558 1628 3626 ﬁguras
1671 3556 1739 3610 ad
1781 3559 2055 3626 composi-

481 3659 686 3710 tionem
733 3651 1030 3723 propositaa
1075 3650 1178 3706 sibi
1216 3648 1474 3704 dictionis
1511 3649 1757 3720 depilans
1786 3658 1840 3704 et
1871 3650 2053 3720 degla-

483 3748 670 3803 brans.
717 3745 994 3800 Interdum
1041 3743 1208 3798 etiam
1309 3739 1566 3797 licbrams
1661 3739 1816 3796 Pbilo
1913 3742 2054 3798 idem

486 3837 694 3908 patitur
715 3851 780 3890 ex
810 3834 1051 3905 propriis
1076 3833 1356 3888 laboribus
1381 3831 1750 3888 dictiunculas
1781 3831 1884 3887 sibi
1907 3846 2060 3886 com-

487 3931 718 4001 planans
746 3945 761 3982 :
796 3927 889 3982 sed
926 3940 1101 3997 neque
1130 3927 1212 3981 sle
1256 3926 1434 3982 adhuc
1483 3926 1720 3997 perfecte
1750 3926 2062 3981 elaboratus

487 4030 572 4078 est
609 4022 712 4092 ipsi
745 4019 918 4075 variis
947 4019 1226 4074 coloribus
1259 4018 1509 4089 depictus
1540 4027 1594 4074 ct
1622 4019 1916 4074 distinctus
1944 4033 2054 4074 ser-

488 4127 711 4166 monum
750 4116 954 4175 textus,
994 4109 1089 4165 scd
1132 4124 1294 4164 omne
1339 4117 1744 4181 argumentum,
1782 4117 1836 4164 ct
1883 4111 2064 4166 omnis

489 4205 699 4275 petitio,
747 4204 860 4260 sive
891 4203 1124 4258 intentio
1171 4203 1477 4265 nationum,
1523 4210 1685 4272 atque
1717 4203 1894 4258 omnis
1933 4203 2066 4258 arti-

490 4301 677 4355 ﬁciosa
727 4299 1070 4369 pmstructio
1137 4297 1278 4368 ipsa,
1323 4298 1470 4350 circa
1517 4296 1755 4366 seipsam
1805 4297 2063 4353 deﬂuxit:

490 4399 545 4445 et
570 4390 736 4461 quale
773 4390 904 4460 quid
937 4389 1085 4444 circa
1115 4388 1294 4443 bullas
1327 4388 1466 4442 solet
1493 4388 1829 4458 contingere,
1861 4402 1986 4442 eum
2012 4389 2064 4442 in

2155 3299 2320 3369 κολλᾷ
2347 3295 2416 3350 τά
2444 3296 2500 3348 ἐν
2522 3292 2754 3364 τριόδοις
2781 3286 3172 3360 ἀπεῤῥιμμένα
3197 3285 3305 3338 τῶν
3337 3281 3612 3348 λεξειδίων
3647 3284 3746 3353 ῥα-

2155 3390 2408 3461 κώματα.
2429 3387 2537 3441 Καὶ
2565 3384 2726 3438 πάλιν
2763 3384 2791 3436 ὁ
2825 3381 3046 3452 τλήμων
3083 3377 3400 3447 Ἰσοκράτης
3429 3374 3747 3447 περιεσθίε-

2154 3502 2245 3538 ται
2293 3479 2515 3556 ῥήματά
2550 3495 2610 3532 τε
2652 3477 2746 3530 καὶ
2773 3476 3027 3545 σχήματα
3055 3472 3191 3546 πρὸς
3221 3471 3317 3542 τὴν
3358 3469 3610 3522 σύνθεσιν
3646 3470 3748 3540 τῆς

2161 3567 3049 3648 προκειμένης*παρατιλλόμενος.
3109 3565 3267 3618 Ἔστι
3303 3563 3360 3616 δὲ
3395 3563 3530 3616 ὅπου
3575 3562 3684 3616 ικαὶ
3719 3563 3751 3616 6

2169 3667 2419 3739 Ἐὅραῖος
2455 3663 2629 3718 Φίλων
2666 3660 2732 3714 τά
2753 3656 2846 3713 ἶσα
2880 3659 3110 3727 πάσχει,
3147 3657 3212 3709 ἐκ
3243 3654 3351 3708 τῶν
3384 3654 3530 3708 ἰδίων
3564 3654 3750 3706 πόνων

2163 3758 2529 3832 συντρανίζων
2553 3753 2705 3825 αὐτῷ
2729 3753 2798 3806 τὰ
2825 3750 3076 3818 λεξείδια·
3109 3747 3205 3801 καὶ
3223 3746 3343 3800 οὐδὲ
3369 3745 3544 3809 οὕτως
3572 3743 3752 3814 ἐξειρ-

2161 3852 2335 3923 γάσθη
2370 3850 2430 3903 τὸ
2479 3846 2874 3915 πολυκέντητον
2917 3839 3076 3895 τοῦτο
3108 3840 3202 3894 καὶ
3244 3837 3606 3908 πολύχρωμον
3639 3836 3752 3888 τῶν

2162 3946 2335 4014 λόγων
2386 3940 2692 4010 ἐξύφασμα·
2739 3935 2877 3990 ἀλλά
2922 3935 3030 3988 πᾶν
3058 3931 3412 4002 ἐπιχείρημα,
3461 3930 3557 3982 καὶ
3596 3929 3754 3982 πᾶσι

2166 4031 2406 4106 προϐολὴ
2433 4030 2741 4102 νοημάτων,
2785 4027 2878 4081 καὶ
2920 4027 3071 4079 πᾶσα
3109 4024 3432 4096 παρασκευὴ
3480 4022 3709 4092 τεχνικὴ
3733 4064 3752 4087 ,

2166 4124 2303 4194 αὐτὴ
2332 4122 2461 4192 περὶ
2512 4118 2710 4188 ἐαυτὴν
2746 4115 3054 4187 κατερρύη·
3100 4114 3194 4168 καὶ
3221 4107 3331 4168 οἷόν
3376 4130 3430 4166 τι
3477 4114 3608 4182 περὶ
3652 4112 3754 4175 τὰς

2167 4212 2520 4286 πομφόλυγας
2555 4207 2869 4280 συμϐαίνειν
2908 4205 3116 4271 εἴωθεν,
3155 4207 3282 4259 ὅταν
3314 4204 3452 4274 πρός
3485 4221 3606 4256 τινα
3654 4200 3754 4255 σύ·-

2170 4321 2356 4358 στασιν
2391 4302 2595 4355 ὑδάτων
2632 4299 2836 4353 ἀνωθεν
2880 4300 2934 4352 αἱ
2969 4297 3228 4366 σταγόνες
3275 4297 3606 4367 φερόμεναι,
3652 4293 3757 4358 τὰς

2169 4393 2440 4466 ἀφρὼδεις
2462 4389 2858 4452 ἐπαναστάσεις
2887 4387 3231 4459 ἐργάζονται,
3259 4385 3312 4439 αἳ
3340 4385 3478 4456 ὁμοῦ
3513 4402 3573 4437 τε
3623 4400 3756 4434 συν-

493 4484 730 4553 aliquam
797 4495 1063 4552 aquarum
1120 4479 1430 4550 congeriem
1488 4478 1728 4548 desuper
1790 4478 2048 4534 stillante:

2172 4487 2427 4556 ἔστησαν,
2456 4482 2551 4536 καὶ
2591 4481 2932 4554 παραχρῆμα
2977 4478 3244 4543 διέπεσον,
3294 4477 3462 4548 μηδὲν
3489 4475 3588 4545 τῆς
3616 4475 3758 4536 ἰδίας

496 4584 662 4644 guttae
687 4574 968 4634 decidunt.
994 4586 1287 4643 spumosas
1309 4570 1623 4641 eruptiones
1651 4570 1913 4635 elllciunt,
1945 4587 2067 4641 qua:

497 4667 660 4722 simul
703 4676 866 4735 atque
913 4664 1304 4725 cxtumuerint,
1342 4669 1562 4730 repente
1587 4661 1811 4731 dilapsze
1843 4662 2066 4726 eadunt,

499 4759 708 4812 nullum
765 4756 999 4826 propria:
1045 4753 1423 4810 consistentia:
1469 4752 1524 4806 in
1573 4753 1731 4822 aquis
1778 4753 2068 4823 vestigium

502 4849 737 4905 subinde
784 4849 1159 4916 relinquentes
1209 4861 1225 4898 :
1271 4842 1411 4897 tales
1459 4841 1625 4911 bujus
1681 4842 2073 4912 seriptitatoris

503 4942 786 4995 uolionum
822 4937 1093 5008 ampulla.
1118 4949 1241 5005 qua:
1266 4934 1428 4988 sinml
1459 4941 1621 5004 atque
1656 4936 1912 5006 proiecta:
1951 4938 2071 4995 lue-

501 5035 638 5094 rint,
685 5030 852 5084 nullis
902 5028 1256 5098 tangentibus
1299 5026 1744 5098 exstinguuntur.
1781 5027 1916 5083 Nam
1948 5040 2072 5102 post

504 5129 632 5182 illos
696 5121 1022 5178 insolubiles
1081 5126 1379 5188 apparatus
1439 5126 1492 5174 et
1552 5119 1951 5189 philosophiam
2016 5123 2070 5176 in

503 5219 712 5272 somnis
744 5221 1122 5284 apparentem,
1167 5225 1262 5280 per
1297 5224 1460 5280 quam
1494 5210 1776 5265 nominum
1809 5211 2070 5268 dilferen-

504 5311 598 5365 tiis
621 5306 858 5363 asseruit
885 5301 1119 5357 divisam
1143 5300 1440 5356 essentiam
1472 5300 1857 5369 comprehendi
1881 5303 2072 5366 ,‘velut

507 5401 725 5470 quidam
759 5407 1056 5465 spumosus
1091 5400 1273 5445 tumor
1307 5404 1404 5460 per
1428 5387 1632 5442 ﬂnmm
1663 5389 1754 5458 qui
1786 5390 2078 5446 abducitur

512 5494 669 5544 alicui
697 5485 914 5556 corpori
934 5480 1140 5538 duriori
1163 5480 1335 5535 illisus
1355 5481 1618 5536 dilabitur
1645 5499 1658 5534 :
1687 5484 1766 5537 sic
1793 5482 2072 5541 incassum

525 5642 877 5760 thgznx'erba
933 5640 995 5694 Ι).
1053 5639 1220 5694 Basil.
1272 5638 1544 5693 habentur
1591 5637 1730 5692 libro
1787 5652 1826 5692 ιι
1887 5647 2066 5698 contra

551 5747 565 5758 ι
671 5741 674 5743 >
764 5726 852 5760 tm.

551 5725 601 5758 ιιι
609 5725 720 5759 nom
727 5725 741 5758 1
749 5725 777 5758 ll
785 5727 830 5761 111
838 5745 852 5759 ο

593 5779 669 5846 (ὁ)
700 5779 964 5835 Isocrates
997 5787 1107 5835 tres
1155 5791 1292 5848 pene
1335 5774 1688 5848 Olympiadas
1721 5780 2067 5852 consumpsit

2169 4576 2479 4637 συστάσεως
2504 4574 2614 4636 τοῖς
2637 4571 2820 4624 ὕδασιν
2847 4570 2989 4641 ἴχνος
3017 4567 3444 4639 ὑπολειπόμεναι
3467 4585 3478 4596 ⁸
3503 4566 3758 4620 τοιαῦται

2165 4667 2273 4721 τῶν
2313 4663 2408 4719 τοῦ
2452 4663 2791 4732 λογογράφου
2829 4663 3117 4732 νοημάτων
3149 4662 3203 4715 al
3248 4659 3572 4730 φυσαλίδες,
3613 4656 3757 4730 ὁμοῦ

2166 4757 2245 4829 τῷ
2276 4753 2644 4828 προϐληθῆναι
2665 4753 2787 4824 δίχα
2817 4750 2925 4804 τῶν
2957 4751 3279 4822 ἁπτομένων
3301 4750 3756 4822 κατασϐεννύμε-

2168 4868 2278 4906 ναι.
2311 4847 2466 4903 Μετὰ
2496 4845 2606 4918 γὰρ
2638 4845 2735 4910 τὰς
2763 4842 2990 4908 ἀλύτους
3023 4843 3236 4906 ἐκείνας
3263 4839 3635 4907 κατασκευὰς,
3663 4842 3758 4894 καὶ

2168 4943 2270 5015 τὴν
2310 4940 2557 4994 ἐνύπνιον
2587 4936 2922 5007 φιλοσοφίαν,
2953 4935 3019 4989 δι’
3049 4931 3116 5008 ἦς
3158 4936 3279 4999 ταῖς
3327 4933 3436 4988 τῶν
3475 4933 3759 5003 ὀνομάτων

2169 5031 2550 5104 παραλλαγαῖς
2584 5027 2652 5081 rb‘
2693 5025 3022 5100 διῃρημένον
3063 5022 3186 5079 εἷπε
3219 5025 3317 5096 τῆς
3349 5024 3541 5087 οὐσίας
3589 5038 3762 5077 κατα-

2169 5121 2572 5197 λαμϐάνεσθαι,
2599 5118 2848 5192 καθάπερ
2877 5136 2960 5183 τις
2986 5117 3245 5190 ἀφρώδης
3273 5117 3436 5187 ὄγκος
3461 5115 3606 5170 κατὰ
3631 5113 3763 5187 ῥοῦν

2171 5217 2533 5287 ἀπαγόμενος,
2557 5211 2802 5277 ἐνσείσας
2819 5211 2924 5266 τινί
2945 5209 3054 5264 τῶν
3077 5211 3345 5284 στερεωτέ
3354 5228 3463 5281 ρων
3483 5209 3759 5263 διέπεσεν·

2178 5310 2322 5365 οὕτω
2379 5305 2522 5361 κατά
2563 5303 2624 5358 τὺ
2674 5303 2976 5374 αὐτόματον
3009 5305 3038 5357 6
3074 5301 3232 5371 λόγος
3280 5303 3621 5374 φερόμενος,
3667 5300 3765 5355 καὶ

2182 5398 2505 5470 ἀπροόπτως
2538 5396 2604 5464 τῇ
2635 5392 2861 5464 ἀληθείᾳ
2886 5392 3288 5464 προσενεχθεὶς,
3317 5393 3416 5462 τὴν
3455 5392 3768 5446 ἀνυπόστα-

2157 5506 2272 5562 [rev
2301 5485 2504 5556 ταύτην
2535 5483 2628 5537 καὶ
2657 5483 3058 5555 πομφολυγώδη
3100 5481 3194 5537 τοῦ
3223 5481 3454 5552 ψεύδους
3498 5482 3767 5537 σύστασιν

2191 5648 2543 5776 Ἆιᾶἳηῶεηιια
2559 5646 2804 5704 oratione
2821 5660 3027 5719 panegy
3035 5645 3142 5701 rica
3153 5641 3309 5700 .Vide
3335 5641 3470 5698 Plat.
3493 5639 3571 5695 De
3587 5637 3768 5710 gloria

2297 5734 2381 5774 εη.
