4010 6156
266 255 370 318 749

1344 261 1627 322 CONTRA
1660 264 2051 330 Epirotarum,
2095 264 2226 318 LIB.
2274 263 2377 315 vn.

3410 266 3514 322 750

260 375 344 439 εις
390 375 450 427 τὸ
495 374 570 446 μὴ
611 374 671 428 δν
713 374 1074 429 διεσκέδασεν.
1118 375 1280 443 Λέγει
1333 377 1440 446 γὰρ
1485 382 1597 443 τοῖς
1640 380 1848 451 ῥήμασι

1952 383 2004 430 et
2050 385 2255 431 temere
2289 372 2419 427 dum
2466 370 2640 427 fertur
2684 372 2882 440 oratio,
2921 383 2976 429 et
3023 389 3089 429 ex
3126 373 3424 445 improviso
3461 375 3516 429 in

260 465 494 529 τούτοις
527 466 626 529 Τίς
651 464 825 530 οὕτως
851 466 1078 535 ἠλίθιος,
1109 468 1201 520 καὶ
1233 467 1330 538 τῆς
1364 469 1711 542 ἀνθρωπίνης
1741 488 1843 525 κα-

260 557 576 620 ταστάσεως
606 557 763 622 ἐκτὸς
783 597 800 624 ,
847 558 923 633 ὡς
949 559 1078 629 περὶ
1107 559 1408 632 ἀνθρώπων
1442 561 1841 631 διαλεγόμενος,

261 650 354 702 τὸν
379 648 478 719 μὲν
496 651 666 702 εἰπεῖν
686 649 987 720 ἄνθρωπον,
1007 649 1094 703 τὸν
1116 650 1171 704 δὲ
1192 652 1372 718 ἵππον,
1395 650 1570 704 καλῶν
1585 657 1605 677 ⁶
1621 652 1846 723 συγκρί-

265 756 404 803 νων;
437 737 659 808 Είποιμι
692 738 760 791 ἂν
808 738 943 810 πρὸς
973 739 1133 792 αὐτὸν
1163 740 1305 808 ἐγώ·
1337 741 1530 806 Καλῶς
1561 743 1845 813 ὀνομάζεις

265 828 472 898 ἠλίθιον
518 827 610 880 τὸν
637 827 812 891 οὕτως
838 829 965 900 περὶ
989 830 1084 892 τὰς
1106 831 1288 900 φωνὰς
1315 833 1715 903 ἁμαρτάνοντα,
1752 835 1846 888 κα)⁵

267 921 547 990 χρήσομαι
570 919 706 989 πρὸς
732 921 1059 992 συνηγορίαν
1079 923 1178 992 τῆς
1199 923 1454 994 ἀληθείας
1483 925 1718 997 μάρτυρι
1743 926 1842 982 σοί.

264 1010 328 1063 Et
349 1010 458 1081 γὰρ
485 1013 583 1081 τῆς
607 1010 842 1081 ἐσχάτης
862 1012 1009 1064 ἐστὶν
1031 1013 1386 1084 ἠλιθιότητος,
1423 1016 1515 1068 τὸν
1538 1017 1634 1086 μὲν
1659 1019 1843 1081 ἵππον,

262 1101 354 1154 τὸν
380 1101 434 1154 δὲ
467 1101 752 1172 ἄνθρωπον
785 1101 984 1170 λέγειν,
1015 1103 1174 1175 εἴπερ
1205 1103 1482 1178 ἄνθρωποι
1528 1108 1668 1162 κατὰ
1715 1108 1846 1180 ἀλή-

265 1189 416 1242 θειαν
446 1188 555 1243 εἶεν
588 1190 910 1262 ἀμφότεροι·
943 1193 1044 1262 τῆς
1074 1192 1195 1263 ίσης
1221 1193 1438 1262 πάντως
1463 1197 1847 1268 παραπληξίας

263 1281 404 1345 ἐστὶ,
444 1280 580 1335 Θεοῦ
613 1281 712 1351 μὲν
739 1282 832 1335 105
865 1284 1099 1354 Πατρὸς,
1140 1285 1274 1339 Θεοῦ
1324 1287 1380 1341 δὲ
1411 1288 1505 1342 τοῦ
1541 1289 1672 1342 Υἱοῦ
1706 1285 1846 1346 εἶναι

263 1369 738 1440 πεπιστευμένου,
786 1372 879 1424 τὸν
929 1373 1029 1442 μὲν
1070 1375 1308 1440 κτιστὸν,
1357 1377 1448 1429 τὸν
1493 1377 1549 1430 δὲ
1595 1378 1848 1433 ἇκτιστον

261 1458 469 1529 λέγειν,
495 1460 570 1525 ὡς
593 1462 709 1514 ἐκεῖ
734 1463 830 1532 τῆς
850 1451 1285 1535 άνθρωπότητος,
1309 1464 1481 1532 οὕτως
1498 1468 1591 1522 καὶ
1617 1468 1846 1524 ἐνταῦθα

253 1553 367 1623 ’τῆς
401 1551 652 1622 θεότητος
689 1554 790 1606 οὐκ
833 1555 1223 1628 ἐπιδεχομένης
1263 1557 1362 1629 τὴν
1396 1559 1534 1630 πρὸς
1571 1559 1630 1613 τὸ
1669 1562 1848 1632 ἑτερο-

263 1643 422 1710 γενὲς
461 1643 818 1715 παρατροπήν
850 1645 943 1698 τοῦ
991 1645 1274 1718 ὀνόματος.
1329 1651 1395 1702 Ὃ
1435 1651 1544 1721 γάρ
1591 1653 1740 1704 ἐστιν
1787 1652 1848 1706 τὸ

262 1732 458 1802 ἄλογον
490 1734 626 1804 πρὸς
656 1734 747 1788 τὸν
781 1736 1088 1808 ἄνθρωπον,
1118 1739 1277 1793 τοῦτο
1304 1741 1397 1794 καὶ
1429 1744 1461 1812 ἡ
1499 1742 1675 1807 κτίσις
1714 1744 1849 1815 πρὸς

262 1824 366 1896 τὴν
400 1824 664 1896 θεότητα,
708 1827 851 1881 κατὰ
895 1829 955 1882 τὸ
987 1825 1102 1882 ἴσον
1143 1830 1218 1902 μὴ
1249 1831 1519 1904 δυναμένη
1566 1834 1656 1886 τὸν
1687 1835 1848 1888 αὐτὸν

263 1916 615 1980 ἐπιδέξασθαι
639 1917 718 1988 τῷ
750 1921 1043 1989 προάγοντι
1091 1922 1270 1991 λόγον.
1315 1925 1427 1978 Καὶ
1458 1926 1534 1990 ὡς
1571 1928 1672 1980 οὐκ
1703 1927 1849 1981 ἔστιν

261 2006 357 2059 τὸν
385 2006 550 2061 αὐτὸν
588 2009 900 2080 ἐφαρμόσαι
925 2013 1049 2082 ὅρον
1081 2013 1159 2083 τῷ
1192 2013 1395 2085 λογικῷ
1427 2033 1488 2069 τε
1522 2018 1616 2070 καὶ
1649 2018 1726 2089 τῷ
1759 2037 1849 2072 τε-

263 2098 494 2168 τράποδι
541 2099 830 2168 (διίσταται
875 2104 985 2172 γὰρ
1018 2105 1258 2172 φυσικῶς
1302 2107 1561 2180 ἑκάτερον
1610 2109 1716 2166 ἀπὸ
1755 2109 1849 2164 105

263 2192 455 2262 ἐτέρου
486 2190 566 2261 τῷ
602 2192 900 2263 ἰδιάζοντι),
925 2195 1097 2259 οὕτως
1125 2198 1245 2251 οὐδὲ
1276 2199 1374 2270 τὴν
1405 2203 1632 2272 κτιστὴν
1663 2219 1722 2256 τε
1757 2203 1848 2256 καὶ

262 2281 517 2335 ἇκτιστον
550 2283 736 2335 οὐσίαν
781 2284 870 2339 διὰ
903 2286 1009 2339 τῶν
1061 2287 1239 2341 αὐτῶν
1293 2290 1689 2361 ἑρμηνεύσεις,
1741 2292 1850 2345 τῶν

262 2372 358 2424 ἐπὶ
381 2371 584 2442 ταύτης
609 2372 916 2444 λεγομένων
945 2375 1046 2445 τῆς
1074 2376 1294 2443 οὐσίας,
1321 2380 1422 2432 οὐκ
1454 2382 1850 2452 ἐφευρισκομέ-
1900 2431 1902 2434 .

262 2479 372 2514 νων
400 2465 468 2533 τῇ
495 2462 652 2534 ἄλλῃ’
698 2463 772 2526 ὡς
805 2465 912 2535 γὰρ
947 2465 1043 2537 οὐχ
1075 2466 1388 2538 εὑρίσκεται
1426 2469 1487 2522 τὸ
1531 2473 1746 2540 λογικὸν
1792 2475 1849 2528 ὲν

263 2551 440 2620 ἵππῳ,
465 2552 583 2605 οὐδὲ
607 2554 662 2605 ὲν
689 2553 962 2624 ἀνθρώπῳ
989 2557 1050 2608 τὸ
1078 2557 1402 2630 μονὼνυχονο
1435 2561 1606 2626 οὕτως
1634 2563 1758 2616 οὔτε
1781 2567 1848 2636 τῇ

263 2641 443 2694 κτίσει
469 2645 500 2712 ἡ
527 2643 733 2714 θεότης,
763 2644 886 2698 οὔτε
914 2650 978 2717 τῇ
1003 2647 1216 2720 θεότητι
1239 2652 1300 2704 τὸ
1323 2653 1409 2706 διὰ
1434 2655 1662 2720 κτίσεως
1690 2653 1845 2710 εἶναι·

267 2733 385 2786 ἀλλ’
410 2735 460 2786 εἰ
484 2735 615 2798 Θεὸς
635 2775 650 2799 ,
691 2737 910 2800 πάντως
938 2739 1031 2790 καὶ
1056 2738 1328 2809 ἄκτιστος,
1358 2745 1406 2796 εἰ
1439 2744 1495 2798 δὲ
1524 2747 1764 2810 κτιστὸς,
1789 2748 1846 2799 οὐ

268 2826 427 2888 Θεός.
457 2827 522 2880 Εἰ
557 2829 628 2898 μή
656 2846 737 2892 τις
761 2829 866 2900 ἄρα
890 2830 977 2883 διὰ
997 2833 1247 2904 χρήσεώς
1271 2852 1414 2899 τινος
1451 2838 1543 2890 καὶ
1566 2839 1851 2908 συνηθείας

272 2914 470 2982 λόγοιν,
511 2915 663 2976 ψιλὸν
705 2920 793 2972 ἐπὶ
837 2922 936 2992 τὴν
979 2925 1158 2978 κτίσιν
1205 2926 1328 2994 ἄγοι
1356 2928 1417 2980 τὸ
1467 2929 1568 2998 τῆς
1601 2929 1850 3000 θεότητος

273 3006 480 3076 ὄνομα,
513 3009 757 3083 καθάπερ
784 3015 874 3066 καὶ
897 3015 1084 3079 ἵπποις
1117 3017 1229 3070 τισὶ
1285 3019 1354 3071 τὰ
1387 3018 1700 3089 ἀνθρώπινα
1743 3021 1851 3076 τῶν

267 3095 556 3168 ὀνομάτων
615 3103 765 3173 παρὰ
816 3105 927 3158 τῶν
981 3108 1227 3162 ἱππικῶν
1293 3110 1678 3184 ἐπιϐέϐληται·
1735 3114 1849 3168 ἀλλ’

265 3188 394 3242 οὔτε
427 3192 456 3244 ό
489 3191 654 3255 ἵππος
682 3193 988 3265 ἅνθρωπος,
1021 3199 1124 3251 κᾶν
1155 3199 1472 3272 ἀνθρωπίνῃ
1507 3205 1852 3276 προσηγορίᾳ

265 3283 720 3354 κατονομάζεται,
742 3287 865 3341 οὔτε
899 3289 960 3342 τὸ
982 3291 1189 3361 κτίσμα
1226 3293 1356 3358 Θεὸς
1376 3333 1390 3358 ,
1432 3294 1534 3348 κᾶν
1567 3312 1853 3367 προσμαρ-

263 3369 507 3440 τυρῶσιν
532 3374 683 3444 αὐτῷ
703 3393 847 3440 τινες
867 3378 966 3448 τὴν
995 3381 1179 3451 φωνὴν
1199 3385 1298 3452 τῆς
1326 3382 1598 3454 θεότητος,
1619 3386 1853 3454 φθόγγον

267 3462 516 3516 διάκενον
557 3467 615 3517 ὲν
652 3465 804 3520 δυάδι
839 3462 1118 3525 συλλαϐῶν
1157 3472 1522 3542 χαριζόμενοι.
1578 3477 1731 3529 Ἐπεὶ
1761 3473 1853 3531 οὖν

271 3555 574 3626 συνηνέχθη
611 3559 751 3610 κατὰ
781 3559 842 3611 τὸ
871 3561 1174 3631 αὐτόματον
1211 3567 1238 3617 ό
1264 3564 1362 3634 τῆς
1393 3567 1656 3636 αἱρέσεως
1697 3568 1852 3637 λόγος

270 3645 411 3715 πρὸς
439 3647 537 3717 τὴν
559 3648 838 3718 ἀλήθειαν,
870 3651 1032 3716 αὐτὸς
1060 3654 1236 3725 ἑαυτῷ
1264 3657 1717 3725 συμϐουλευσάτω
1741 3663 1853 3724 τοῖς

268 3737 493 3801 οἰκείοις
542 3741 820 3810 ἐμμένειν·
869 3744 962 3796 καὶ
1009 3745 1130 3814 μηδ’
1171 3746 1230 3798 ὲν
1273 3747 1458 3818 τρόπῳ
1512 3749 1609 3812 τὰς
1659 3750 1850 3804 ἑαυτοῦ

270 3829 460 3895 φωνὰς
504 3831 885 3898 ἀνατίθεσθαι,
930 3835 1069 3890 ἀλλὰ
1104 3837 1184 3906 τῷ
1231 3837 1343 3891 δντι
1377 3839 1616 3908 νομίζειν
1647 3841 1852 3910 ἠλίθιον

273 3914 415 3973 εἶναι
447 3922 541 3974 καὶ
568 3923 1015 3995 παρεξεστηκότα
1038 3967 1054 3992 ,
1079 3928 1170 3981 τὸν
1193 3929 1254 3981 τὸ
1287 3931 1642 3999 ὑποκείμενον
1677 3933 1750 4003 μὴ
1779 3933 1854 3996 ὡς

271 4008 422 4061 ἔστιν
468 4011 831 4080 ὀνομάζοντα,
873 4015 986 4068 ἀλλ’
1033 4017 1154 4070 ἀντὶ
1199 4017 1483 4090 ἀνθρώπου
1531 4020 1716 4087 ἵππον,
1761 4025 1852 4076 καὶ¹

272 4099 394 4151 ἀντὶ
425 4101 656 4171 οὐρανοῦ
689 4103 980 4170 θάλασσαν,
1019 4107 1113 4159 καὶ
1146 4107 1265 4159 ιίιντὶ⁵
1302 4107 1434 4160 Θεοῦ
1469 4108 1692 4178 λέγοντα
1737 4113 1852 4164 κτίο

274 4205 432 4286 cpta:
463 4192 556 4286 καὶ
593 4195 778 4286 μηδεὶς
803 4196 1185 4286 οἰέσθωμαρὰ
1210 4198 1364 4267 λόγον
1410 4200 1852 4272 ἀντιδιαιρεῖσθαι

271 4282 354 4350 τῷ
399 4283 519 4354 Θεῷ
565 4285 662 4354 τὴν
707 4288 906 4350 κτίσιν,
940 4282 1076 4342 ἀλλὰ
1117 4291 1252 4362 πρὸς
1278 4292 1404 4354 τοὺς
1448 4294 1731 4364 προφήτας
1758 4297 1852 4348 καὶ

1947 464 2229 519 veritatem
2263 462 2494 532 allapsa,
2532 461 2676 516 hanc
2713 461 3025 517 instabilem
3062 473 3114 517 et
3155 463 3516 532 ampullarem

1945 555 2216 611 mendacii
2247 554 2696 609 constitutionem
2727 552 2782 607 in
2811 553 3046 607 nihilum
3077 553 3387 622 dissipavit.
3419 553 3518 609 llis

1944 649 2091 702 enim
2121 647 2304 702 verbis
2334 645 2505 701 dicit:
2541 645 2678 712 Quis
2723 646 2796 699 ita
2842 643 3100 715 stupidus
3141 652 3195 700 et
3231 660 3428 701 vecors
3467 655 3523 700 ct

1947 738 2302 794 humanitatis
2334 752 2547 802 exsors,
2603 744 2664 791 ut
2714 734 2783 790 de
2840 736 3155 790 hominibus
3208 735 3516 798 disserens,

1947 829 2093 884 hunc
2123 829 2343 901 quidem
2373 829 2672 892 hominem,
2703 826 2857 880 illum
2892 842 3024 880 vero
3063 843 3265 897 equum
3298 827 3520 893 dixerit,

1948 921 2196 990 ipsorum
2231 921 2639 990 comparatione
2669 917 2853 973 facta?
2874 919 2943 972 At
2971 933 3073 989 ego
3110 919 3212 989 ipsi
3245 919 3477 973 dixerim
3505 934 3518 970 :

1948 999 2217 1064 Praeclare
2250 1011 2503 1064 nominas
2538 1008 2796 1064 stolidum
2832 1021 2887 1064 et
2911 1009 3183 1076 hebetem,
3213 1019 3267 1065 et
3291 1010 3520 1064 bardum

1951 1103 2032 1157 sic
2056 1101 2204 1156 circa
2244 1115 2406 1155 voces
2437 1099 2782 1155 aberrantem
2821 1118 2835 1152 :
2866 1107 2920 1154 et
2955 1100 3021 1154 ad
3053 1100 3304 1155 veritatis
3334 1108 3522 1170 patro-

1948 1193 2153 1247 cinium
2187 1200 2239 1246 te
2271 1201 2395 1245 utar
2429 1198 2590 1248 teste.
2624 1190 2681 1244 Si
2713 1192 2859 1245 enim
2893 1199 2979 1245 est
3019 1200 3278 1245 extremae
3304 1191 3522 1248 stolidi-

1952 1285 2084 1361 tatis
2119 1290 2173 1339 et
2207 1281 2500 1348 fatuitatis,
2527 1283 2675 1338 hunc
2704 1281 2928 1352 quidem
2952 1297 3178 1353 equum,
3212 1283 3366 1338 illum
3391 1299 3522 1338 vero
3579 1278 3583 1282 ”

1947 1371 2221 1428 hominem
2242 1373 2445 1435 dicere,
2471 1373 2516 1427 si
2543 1372 2760 1442 quidem
2785 1372 3106 1427 vereambo
3133 1383 3319 1428 essent
3350 1373 3524 1426 homi-

1949 1479 2047 1518 nes
2083 1483 2093 1516 :
2130 1463 2361 1532 aequalis
2391 1478 2620 1534 prorsus
2655 1462 2898 1533 stuporis
2933 1470 3018 1518 est
3056 1477 3181 1517 cum
3216 1461 3360 1518 Deus
3399 1465 3523 1531 qui-

1950 1554 2067 1608 dem
2096 1551 2278 1620 Pater,
2331 1553 2472 1609 Deus
2514 1569 2642 1608 vero
2670 1552 2844 1608 Filius
2887 1568 3011 1608 esse
3051 1554 3329 1616 credatur,
3380 1554 3524 1607 hunc

1956 1644 2172 1714 quidem
2213 1654 2484 1712 creatum,
2533 1645 2687 1700 illum
2733 1659 2860 1700 vero
2890 1645 3197 1700 increatum
3230 1644 3520 1706 afﬁrmare,

1951 1751 2076 1789 cum
2115 1751 2217 1791 nec
2248 1737 2362 1791 illic
2408 1737 2745 1809 humanitas,
2767 1752 2870 1791 nec
2917 1737 3006 1791 hic
3047 1736 3328 1796 divinitas.
3366 1735 3431 1788 ad
3468 1735 3523 1789 id

1951 1827 2098 1896 quod
2153 1827 2361 1884 diversi
2411 1829 2631 1898 generis
2682 1834 2767 1881 est
2818 1826 3062 1881 nominis
3111 1825 3522 1896 perversionem

1951 1917 2126 1986 possit
2155 1917 2467 1971 admittere.
2494 1915 2652 1982 Quod
2682 1917 2829 1971 enim
2861 1924 2947 1972 est
2978 1916 3212 1971 rationis
3235 1931 3431 1984 erpers
3456 1915 3522 1968 ad

1951 2007 2251 2076 hominem,
2283 2009 2388 2063 hoc
2414 2009 2577 2063 etiam
2609 2019 2862 2062 creatura
2889 2008 2957 2062 ad
2992 2008 3358 2072 divinitatem,
3398 2022 3523 2061 eum

1950 2116 2014 2156 ex
2043 2116 2199 2170 aequo
2232 2117 2339 2154 non
2372 2100 2550 2171 possit
2575 2101 2862 2155 admittere
2892 2098 3137 2154 eamdem
3165 2113 3290 2152 eum
3324 2099 3527 2169 produ-

1950 2200 2104 2247 cente
2178 2192 2463 2246 rationem.
2527 2194 2594 2246 Et
2666 2176 3122 2260 quemadmodum
3175 2205 3283 2243 non
3347 2197 3527 2259 potest

1950 2284 2138 2338 eadem
2189 2281 2433 2336 deﬁnitio
2482 2297 2792 2352 congruere
2853 2281 3087 2335 rationis
3149 2279 3426 2350 participi,
3471 2287 3526 2333 et

1951 2371 2289 2442 quadrupedi
2324 2391 2337 2426 :
2373 2372 2543 2428 distat
2566 2371 2714 2426 enim
2748 2371 2984 2424 alterum
3016 2369 3084 2425 ab
3109 2369 3281 2423 altero
3308 2377 3528 2422 natura-

1953 2463 2076 2518 liter
2108 2478 2208 2517 sua
2237 2462 2502 2532 peculiari
2538 2463 2873 2532 proprietate
2908 2480 2922 2515 :
2962 2461 3042 2516 sic
3077 2476 3251 2530 neque
3281 2469 3523 2514 creatam

1951 2563 2004 2608 et
2028 2555 2330 2608 increatam
2357 2555 2655 2609 essentiam
2690 2569 2789 2624 per
2817 2553 3008 2608 eadem
3051 2552 3522 2622 interpr-elaberis,

1951 2659 2075 2698 cum
2108 2659 2170 2699 ea
2200 2659 2322 2714 quae
2351 2649 2416 2698 de
2456 2646 2560 2698 ista
2591 2643 2852 2698 dicuntur
2891 2643 3132 2698 essentia
3153 2684 3166 2707 ,
3215 2657 3322 2697 non
3373 2642 3527 2697 inve-

1951 2737 2173 2789 niantur
2220 2736 2275 2790 in
2314 2737 2418 2790 alia
2454 2753 2466 2788 :
2500 2737 2640 2790 sicut
2667 2737 2813 2790 enim
2840 2735 2895 2788 in
2926 2749 3068 2804 equo
3109 2734 3375 2788 rationale
3415 2750 3526 2789 non

1952 2826 2263 2894 invenitur;
2301 2843 2476 2896 neque
2511 2827 2566 2880 in
2599 2827 2837 2890 homine,
2880 2826 3024 2896 quod
3073 2841 3238 2880 unam
3269 2825 3528 2880 solidam-

1953 2932 2058 2985 que
2083 2917 2247 2971 habet
2279 2919 2536 2987 ungulam
2575 2936 2586 2970 :
2622 2918 2703 2972 sic
2733 2932 2910 2986 neque
2947 2916 3000 2970 in
3034 2926 3284 2970 creatura
3323 2916 3525 2970 divini-

1953 3015 2058 3067 tas.
2095 3023 2273 3076 neque
2311 3008 2364 3061 in
2409 3006 2691 3062 divinitate
2726 3007 2869 3076 quod
2908 3022 3003 3077 per
3035 3007 3366 3060 creationem
3407 3020 3526 3060 esse

1953 3099 2306 3167 comperitur.
2348 3097 2454 3152 Sed
2485 3098 2528 3152 si
2565 3097 2708 3153 Deus
2731 3110 2836 3162 ρει,
2864 3100 3026 3152 etiam
3059 3113 3286 3168 prorsus
3317 3097 3526 3153 increa-

1953 3199 2044 3244 tus
2079 3209 2091 3244 :
2129 3191 2175 3246 si
2222 3200 2444 3244 creatus
2493 3201 2598 3254 est,
2631 3206 2738 3243 non
2777 3201 2862 3244 est
2907 3189 3070 3245 Deus.
3105 3189 3220 3244 Nisi
3267 3190 3391 3259 quis
3424 3206 3526 3244 usu

1952 3282 2188 3353 quodam
2232 3293 2285 3338 et
2336 3283 2734 3337 consuetudine
2786 3281 3042 3352 loquendi
3109 3293 3274 3336 tenue
3325 3297 3526 3336 nomen

1953 3373 2256 3430 divinitatis
2293 3373 2361 3428 ad
2397 3383 2704 3429 creaturam
2747 3373 2952 3438 trahat,
2985 3373 3444 3444 quemadmodum
3475 3383 3529 3427 et

1952 3470 2110 3537 equis
2143 3466 2503 3536 quisbusdam
2537 3467 2774 3521 humana
2820 3466 3044 3520 nomina
3075 3466 3142 3519 ab
3174 3466 3528 3536 equestribus

1955 3566 2084 3613 sunt
2119 3559 2288 3612 indita
2319 3579 2332 3614 :
2368 3559 2462 3614 sed
2517 3574 2695 3628 neque
2723 3574 2898 3627 equus
2939 3558 3121 3620 homo,
3156 3560 3255 3613 etsi
3288 3558 3527 3613 humana

1954 3650 2314 3720 appellatione
2330 3649 2663 3715 nominatur,
2686 3665 2859 3720 neque
2881 3657 3130 3704 creatura
3152 3648 3315 3712 Deus,
3339 3665 3527 3718 quam-

1953 3743 2036 3798 vis
2073 3741 2122 3797 ei
2147 3743 2367 3812 quidam
2407 3757 2594 3801 vocem
2640 3741 2938 3796 divinitatis
2966 3744 3287 3806 attribuant,
3332 3757 3526 3795 sonum

1954 3834 2173 3888 inanem
2209 3833 2261 3886 in
2290 3833 2626 3901 syllabarum
2659 3832 2923 3887 dualitate
2949 3835 3344 3904 gratiﬁcantes.
3380 3833 3529 3900 Quo,-

1953 3925 2100 3978 niam
2154 3923 2320 3994 igitur
2373 3933 2576 3979 temere
2628 3936 2682 3978 et
2735 3923 2960 3980 fortuito
3015 3925 3289 3981 haereseos
3345 3943 3529 3981 sermo

1961 4016 2178 4070 veritati
2213 4017 2518 4082 consensit,
2558 4017 2674 4088 ipse
2707 4017 2810 4072 sibi
2851 4019 3105 4074 consulat
3137 4020 3372 4089 prOpriis
3421 4019 3527 4071 im-

1954 4123 2209 4169 manere;
2243 4124 2344 4163 nec
2375 4125 2470 4178 per
2515 4117 2733 4180 tropum
2769 4111 2884 4165 sive
2917 4109 3146 4181 ﬁguram
3186 4125 3314 4164 suas
3363 4123 3527 4162 voces

1953 4201 2269 4264 attribuere,
2308 4201 2402 4256 sed
2441 4216 2567 4256 vere
2593 4210 2646 4257 et
2680 4203 2897 4257 realiter
2925 4202 3238 4257 existimare
3268 4201 3525 4263 stolidum

1953 4305 2098 4352 esse,
2151 4307 2329 4360 neque
2371 4293 2458 4347 sui
2509 4303 2838 4362 compotem,
2890 4308 3013 4348 eum
3063 4292 3154 4361 qui
3201 4306 3309 4344 non
3354 4300 3411 4344 ut
3441 4298 3527 4345 est

273 4373 412 4442 πρὸς
447 4376 572 4438 τοὺς
608 4378 932 4442 ἀποστόλους
970 4380 1229 4450 βλεπέτω.
1274 4383 1330 4436 '0
1369 4383 1466 4454 μὲν
1501 4385 1605 4457 γὰρ
1638 4389 1851 4458 προφή-

1959 4381 2271 4451 suhjectum
2315 4384 2581 4449 nominat,
2642 4385 2737 4440 sed
2784 4401 2881 4454 pro
2931 4385 3149 4438 homine
3197 4399 3422 4452 equum,
3473 4391 3528 4437 ct

271 4482 375 4535 της
419 4468 584 4535 φησὶν
623 4471 685 4522 ὲκ
718 4471 1010 4541 προσώπου
1055 4472 1147 4526 τοῦ
1191 4475 1438 4546 Πατρὸς,
1474 4479 1556 4531 ὅτι
1613 4480 1678 4534 Ἦ
1720 4482 1850 4550 χείρ

272 4573 391 4623 μου
416 4557 668 4626 ἐποίησε
705 4561 901 4614 πάντα
936 4562 1140 4624 ταῦτα,
1169 4566 1326 4635 χεῖρα
1351 4566 1450 4638 τὴν
1483 4568 1578 4621 τοῦ
1615 4571 1852 4640 Μονογε-

274 4647 403 4711 νοῦς
428 4650 656 4720 δύναμιν
696 4652 773 4723 τῷ
817 4655 1097 4726 αἰνίγματι
1128 4657 1332 4725 λέγων’
1367 4659 1394 4710 ὁ
1435 4658 1491 4710 δὲ
1535 4660 1852 4726 Ἀπόστολος

275 4743 343 4794 ὲκ
369 4741 464 4794 τοῦ
490 4743 700 4814 Πατρὸς
726 4740 863 4798 εἴναι
891 4746 963 4800 τὰ
1010 4747 1206 4814 πάντα,
1251 4749 1347 4802 καὶ
1371 4747 1459 4802 διὰ
1495 4748 1586 4803 105
1620 4750 1748 4804 Υἱοῦ
1785 4753 1854 4806 τὰ

274 4833 457 4886 πάντα
483 4833 651 4902 λέγει·
679 4837 966 4907 συμϐαίνει
989 4839 1046 4891 δέ
1068 4858 1181 4904 πως
1203 4841 1264 4893 τὸ
1286 4842 1622 4913 προφητικὸν
1639 4844 1854 4912 πνεῦμα

276 4928 344 4996 τῇ
376 4927 704 5000 ἀποστολικῇ
731 4930 1046 5000 διδασκαλίᾳ
1087 4933 1382 5006 καὶταύτῃ
1420 4933 1508 4987 διὰ
1547 4934 1856 5006 πνεύματος

275 5019 563 5094 γενομένῃ.
602 5022 748 5075 Ἐκεῖ
766 5040 826 5076 τε
851 5023 959 5094 γὰρ
986 5023 1052 5076 τὰ
1077 5025 1254 5079 πάντα
1280 5026 1378 5096 τῆς
1406 5027 1586 5096 χειρὸς
1609 5027 1742 5097 ἔργα
1765 5026 1854 5081 105

277 5110 372 5162 ἐπὶ
419 5112 636 5166 πάντων
673 5117 701 5166 ὁ
741 5117 1026 5186 προφήτης
1060 5115 1248 5182 εἰπὼν,
1277 5117 1573 5170 διαστέλλει
1610 5119 1704 5190 τὴν
1750 5118 1857 5172 τῶν

276 5202 582 5270 γεγονότων
621 5205 782 5274 φύσιν
812 5207 943 5278 πρὸς
967 5209 1060 5261 τὸν
1085 5210 1403 5279 ποιήσαντα.
1449 5209 1506 5262 Ὀ
1535 5210 1591 5262 δὲ
1626 5213 1855 5282 ποιήσας

277 5291 397 5344 ἐστὶ
440 5291 528 5345 διὰ
572 5294 672 5362 τῆς
711 5294 843 5357 ἰδίας
875 5297 1054 5368 χειρὸς
1094 5297 1163 5350 τὰ
1198 5299 1395 5360 πάντα,
1438 5302 1465 5352 ὁ
1509 5298 1600 5350 ἐπὶ
1641 5301 1856 5353 πάντων

275 5381 412 5445 Θεός
436 5400 449 5413 ο
482 5383 579 5454 τὴν
611 5386 708 5454 μὲν
754 5389 909 5459 χεῖρα
951 5387 1109 5459 ἔχων,
1157 5388 1226 5442 τὰ
1271 5389 1328 5442 δὲ
1371 5390 1550 5444 πάντα
1593 5389 1659 5443 δι’
1692 5391 1860 5461 αὐτῆς

1957 4489 2060 4543 pro
2097 4475 2238 4528 coelo
2290 4490 2461 4538 mare,
2511 4483 2566 4530 et
2605 4493 2704 4546 pro
2733 4476 2845 4531 Deo
2897 4485 3201 4530 creaturam
3250 4474 3525 4528 dicendo:

1954 4575 2010 4621 et
2042 4583 2108 4621 ne
2138 4568 2261 4637 quis
2291 4568 2569 4622 existimet
2601 4610 2614 4635 ,
2655 4576 2851 4637 praeter
2899 4568 3167 4621 rationem
3215 4576 3525 4621 creaturam

1959 4658 2070 4713 Deo
2112 4675 2178 4713 ex
2231 4659 2462 4713 adverso
2491 4661 2713 4729 opponi,
2759 4661 2852 4716 sed
2897 4660 2962 4713 ad
3015 4659 3327 4729 prophetas.
3366 4667 3419 4713 ct
3460 4661 3526 4713 ad

1963 4749 2241 4818 apostolos
2273 4749 2554 4820 respiciat.
2597 4749 2731 4803 Nam
2775 4750 3039 4820 propheta
3077 4749 3255 4819 inquit
3303 4766 3367 4802 cx
3405 4766 3527 4820 per—

1953 4857 2088 4896 sona
2127 4843 2303 4897 Patris
2338 4860 2352 4897 :
2395 4843 2590 4898 Manus
2639 4860 2756 4897 mea
2793 4845 2903 4898 Iure
2951 4845 3129 4897 omru'a
3173 4845 3293 4912 [erit
3333 4844 3396 4906 ³⁸,
3434 4860 3529 4913 per

1952 4949 2196 4999 manum,
2245 4935 2522 5005 Unigeniti
2574 4936 2832 4990 virtutem
2893 4937 3126 4990 obscure
3184 4935 3525 5007 signiﬁcans.

1955 5026 2250 5095 Apostolus
2285 5043 2414 5080 vero
2439 5043 2505 5080 ex
2532 5016 2850 5083 Patre-tisse
2877 5029 3084 5088 omnia,
3111 5037 3164 5082 et.
3200 5045 3292 5098 per
3327 5028 3525 5082 Filiu-n

1956 5118 2136 5171 oumia
2161 5117 2292 5172 dicit
2326 5119 2401 5184 ¹⁶;
2432 5119 2785 5190 propheticus
2820 5129 2999 5175 autem
3032 5120 3255 5191 spiritus
3295 5134 3526 5171 consen-

1954 5210 2017 5262 tit
2053 5210 2370 5278 apostolicae
2408 5210 2692 5277 doctrin-.9,
2751 5229 2872 5282 qua:
2916 5193 3078 5268 etiam
3129 5228 3224 5281 per
3272 5208 3522 5263 eumde

1956 5300 2207 5369 spiritum
2251 5299 2394 5355 facta
2427 5311 2532 5355 est.
2567 5303 2685 5358 Illic
2716 5305 2863 5359 enim
2898 5306 3078 5359 omnia
3126 5315 3293 5371 opera
3329 5313 3525 5350 manus

1958 5392 2082 5461 ejus
2113 5393 2206 5463 qui
2237 5401 2322 5448 est
2360 5395 2412 5447 in
2445 5396 2702 5450 omnibus
2733 5397 2994 5466 propheta
3027 5409 3151 5447 cum
3183 5389 3342 5451 dixit,
3367 5397 3527 5439 natu—

279 5472 668 5544 ἐργαζόμενος.
700 5477 810 5530 Καὶ
841 5477 1076 5532 ἐνταῦθα
1112 5477 1272 5532 πάλιν
1314 5479 1343 5530 ὀ
1402 5479 1719 5546 Ἀπόστολος
1761 5483 1851 5554 τὴν

1961 5498 2077 5539 ram
2117 5501 2306 5540 eorum
2337 5502 2458 5557 qua:
2494 5487 2634 5541 facta
2670 5494 2819 5549 sunt,
2853 5486 2921 5540 ah
2953 5498 3018 5538 eo
3045 5482 3138 5552 qui
3175 5477 3304 5534 fecit
3330 5477 3528 5532 distin-

278 5564 450 5635 αὐτὴν
482 5568 717 5620 ποιεῖται
750 5566 857 5623 τῶν
880 5570 1048 5633 ὄντων
1077 5571 1276 5641 τομήν·
1309 5571 1378 5625 τὰ
1425 5572 1598 5627 πάντα
1631 5573 1731 5645 μὲν
1762 5575 1862 5646 τῆς

355 5655 404 5687 ³⁸
433 5655 538 5715 lsa.
572 5673 761 5728 ιιι-ιιι,
798 5659 881 5716 15.
958 5663 1000 5695 ’⁸
1024 5659 1043 5713 1
1067 5660 1196 5718 Cor.
1232 5675 1352 5729 vm,
1383 5661 1436 5718 6.

1968 5576 2088 5647 guit
2128 5593 2193 5634 ac
2233 5586 2472 5648 separat.
2527 5575 2633 5642 Qui
2677 5583 2858 5630 autem
2913 5587 3079 5628 manu
3125 5570 3344 5644 propria
3399 5568 3525 5626 fecit
