4034 6156
326 292 432 352 753

1416 297 1692 355 CONTRA
1737 298 2128 366 EUNOMIUM,
2171 301 2300 359 LIB.
2340 301 2452 356 VII.

3476 293 3582 351 75o!-

323 405 490 464 λοιπά
518 402 622 459 τῶν
652 406 921 482 γεννητῶν
948 406 1265 480 ἀποκρίνας,
1307 409 1421 463 ἀλλ’
1449 413 1723 483 ὁμοτίμως
1743 417 1904 465 ποιεῖ-

2008 414 2235 485 reliquis
2263 428 2386 488 quae
2413 427 2510 484 per
2541 410 2875 468 creationem
2916 409 3054 466 facta
3079 414 3228 474 sunt,
3253 408 3502 467 tribuens
3527 416 3583 466 et

321 517 416 555 ται
443 499 543 570 τὴν
570 499 703 569 πρὸς
735 499 865 552 Θεὸν
891 499 1170 572 διαστολὴν
1199 503 1416 555 πάντων
1447 503 1555 557 τῶν
1577 505 1896 572 γεγονότων·

322 589 424 642 οὐκ
449 587 643 653 ἐξελὼν
683 587 771 641 τὸν
801 589 928 644 Υίὸν
968 591 1075 644 τῶν
1106 591 1342 646 πάντων.
1380 594 1490 646 Καὶ
1518 592 1606 646 διά
1649 593 1749 662 τῆς
1794 592 1903 646 τῶν

323 680 543 734 ἀτόπων
582 679 742 750 δῆθεν
785 681 1165 753 ἀναστροφῆς,
1211 683 1462 754 φανερῶς
1509 682 1601 737 τὸν
1643 683 1770 736 Υἱὸν
1803 683 1904 753 τῆς

328 769 478 834 θείας
510 768 764 839 ἀφίστησι
803 770 1036 841 φύσεως,
1059 771 1232 841 λέγων
1263 774 1401 844 μήτε
1427 791 1476 826 τι
1501 773 1610 826 τῶν
1631 773 1902 844 γεννητῶν

327 863 640 932 ἀγέννητον,
673 863 807 934 μήτε
829 863 920 917 τὸν
956 863 1086 920 Θεὸν
1122 864 1250 919 Υἱὸν
1276 866 1309 936 ἢ
1341 866 1595 936 γεννητὸν
1627 865 1899 934 λέγεσθαι,

234 959 238 962 ’
327 954 395 1022 τῇ
425 950 808 1022 ἀντιδιαιρέσει
838 953 1022 1022 σαφῶς
1060 953 1122 1007 τὸ
1151 955 1376 1024 φρικτὸν
1414 954 1770 1008 ὲκκαλύπτων
1803 955 1901 1025 τῆς

330 1041 704 1112 βλασφημίας·
739 1041 1044 1107 διαστείλας
1088 1043 1196 1116 γὰρ
1241 1045 1309 1099 τὰ
1360 1045 1624 1114 γεγονότα
1667 1047 1801 1117 πρὸς
1845 1047 1902 1100 τὸ

323 1132 638 1203 ἀγέννητον,
672 1133 729 1186 ἐν
760 1135 825 1204 τῇ
854 1134 993 1188 κατά
1017 1135 1074 1188 τὸ
1101 1135 1453 1207 ἀντίστροφον
1487 1139 1749 1208 ἐπαγωγῇ
1773 1138 1902 1190 οὑκ-

325 1223 406 1277 έτι
428 1224 517 1278 τὸν
545 1224 856 1296 ἀγέννητον,
882 1227 1016 1281 ἀλλά
1037 1228 1128 1281 τὸν
1157 1228 1288 1282 Θεὸν
1314 1225 1467 1282 εἶπεν
1494 1230 1620 1282 Υἱὸν
1645 1229 1678 1300 ἢ
1713 1247 1898 1300 γεννηο

322 1313 415 1368 τὸν
441 1314 700 1369 ἀδύνατον
720 1313 856 1371 εἶναι
881 1317 1081 1385 λέγειν,
1104 1318 1317 1382 δεικνὺς
1338 1319 1424 1372 διὰ
1447 1319 1551 1372 τῶν
1572 1319 1899 1390 εἰρημένων,

322 1406 406 1460 ὅτι
434 1406 495 1458 τὸ
524 1407 597 1478 μὴ
626 1407 920 1476 ἀγέννητον
946 1408 1077 1471 Θεὸς
1101 1409 1198 1461 οὐκ
1235 1409 1348 1460 ἐστι
1368 1449 1382 1470 ,
1417 1410 1510 1460 καὶ
1539 1409 1620 1460 ὅτι
1653 1409 1902 1461 τοσοῦτον

322 1497 516 1566 ἀπέχει
554 1499 582 1550 ό
617 1499 910 1568 μονογενὴς
949 1498 1080 1562 Θεὸς
1117 1499 1204 1551 διὰ
1246 1498 1307 1552 τὸ
1344 1498 1600 1570 γεννητὸν
1632 1494 1768 1551 εἶναι
1809 1499 1901 1551 τοῦ

322 1586 462 1642 εἶναι
495 1589 646 1651 Θεὸς,
687 1592 809 1643 ὅσον
841 1591 931 1644 καὶ
957 1593 986 1644 ό
1011 1592 1305 1660 ἀγέννητος
1341 1589 1434 1643 τοῦ
1467 1590 1724 1660 γεννητὸς
1763 1589 1902 1644 εἶναι

319 1684 354 1752 ἢ
388 1681 658 1750 λέγεσθαι.
690 1684 763 1736 Οὐ
799 1685 905 1756 γὰρ
930 1685 1121 1756 ἀγνοίᾳ
1157 1685 1255 1756 τῆς
1293 1684 1434 1739 κατά
1461 1687 1550 1739 τὸν
1582 1686 1738 1754 λόγον
1770 1688 1898 1740 ἀκο-

2004 521 2320 571 secernens,
2353 507 2448 562 sed
2487 503 2753 577 aequalem
2790 501 2919 558 facit
2953 516 3144 558 eorum
3186 501 3430 556 omnium
3463 518 3582 568 qua:

2002 612 2098 667 per
2125 598 2530 668 generationem
2563 596 2707 651 facta
2730 601 2860 649 sunt
2890 609 3016 650 cum
3048 591 3160 649 Deo
3186 591 3581 657 diﬁcrentiam,

2003 689 2069 741 ab
2097 688 2354 745 omnibus
2387 704 2494 743 non
2525 686 2946 760 excepto-Filio.
2994 684 3057 739 Et
3091 700 3185 754 per
3215 684 3579 740 absurdorum

2003 789 2150 834 certe
2176 780 2546 835 inversionem
2577 779 2868 833 manifeste
2893 777 3092 830 Filium
3119 791 3148 829 a
3175 775 3358 829 divina
3387 787 3581 829 natura

2007 869 2297 933 abstrahit,
2344 883 2470 922 cum
2508 867 2663 933 dicit,
2711 881 2890 936 neque
2933 866 3240 934 genitorum
3283 863 3581 933 quidquam

2007 956 2332 1025 ingenitum,
2377 972 2552 1027 neque
2585 958 2777 1020 Deum,
2815 954 3014 1008 Filium
3048 957 3132 1009 vel
3166 955 3409 1024 genitum
3451 955 3580 1015 dici,

2005 1048 2106 1101 hac
2131 1051 2508 1118 oppositorum
2538 1049 2810 1104 divisione
2839 1047 3157 1102 horribilem
3185 1047 3581 1116 blasphemiam

2005 1149 2191 1208 aperte
2223 1140 2530 1194 recludens.
2571 1139 2705 1193 Cum
2736 1141 2879 1193 enim
2912 1155 2972 1194 ea
3011 1153 3130 1208 quae
3176 1137 3315 1191 facta
3355 1149 3477 1192 sunt
3517 1138 3584 1190 ab

2005 1227 2249 1295 ingenito
2277 1227 2646 1293 distinxisset,
2687 1245 2809 1281 mox
2845 1229 2898 1282 in
2939 1244 2999 1280 ca
3033 1243 3153 1296 qua!
3187 1244 3282 1297 per
3313 1229 3584 1282 inversio-
3612 1296 3615 1297 ν

2005 1333 2127 1370 nem
2177 1317 2232 1369 iit
2282 1317 2624 1381 inductione,
2673 1333 2779 1371 non
2835 1319 3070 1387 amplius
3121 1317 3442 1385 ingenitum,
3489 1317 3580 1370 St'tl

2008 1408 2175 1461 Deum
2214 1409 2350 1465 dixit
2392 1408 2590 1462 Filium
2630 1411 2709 1463 vel
2749 1411 2988 1479 genitum
3029 1409 3179 1462 nullo
3229 1422 3392 1477 posse
3421 1409 3585 1460 modo

2005 1500 2138 1566 dici,
2184 1517 2280 1571 per
2332 1501 2444 1555 haec
2476 1501 2619 1555 dicta
2657 1502 3063 1559 demonstrans.
3095 1501 3238 1566 quod
3276 1499 3408 1553 illud
3440 1499 3582 1569 quod

2007 1600 2225 1644 nonest
2265 1592 2594 1660 ingenitum,
2628 1607 2734 1644 non
2773 1601 2854 1645 est
2884 1590 3051 1656 Deus,
3102 1599 3151 1645 ct
3191 1589 3334 1658 quod
3370 1596 3582 1641 tantum

2008 1680 2182 1745 abest,
2210 1689 2268 1732 ut
2299 1681 2610 1750 uuigenitus
2645 1679 2787 1734 Dcus
2828 1681 2899 1734 sit
2942 1679 3103 1743 Deus,
3154 1678 3279 1748 quia
3315 1678 3385 1730 sit
3434 1677 3585 1747 geni-

319 1773 541 1837 λουοίας
563 1773 890 1845 ἀσύμφωνόν
930 1793 986 1828 τε
1038 1778 1128 1829 καὶ
1157 1777 1497 1848 ἀνάρμοστον
1531 1781 1762 1832 ποιεῖται
1794 1779 1900 1832 τῶν

2007 1778 2131 1837 tus,
2207 1781 2470 1841 quantum
2536 1772 2700 1826 etiam
2764 1770 3037 1842 ingenitus
3104 1779 3162 1822 ut
3233 1771 3304 1824 sit
3367 1768 3582 1838 genitus

318 1865 585 1920 τεθέντων
612 1865 707 1936 τὴν
737 1866 1103 1938 ἀναστροφὴν,
1126 1868 1260 1921 ἀλλά
1283 1868 1605 1942 κακουργῶν
1626 1869 1724 1938 τῆς
1745 1871 1899 1922 εὐσε-

318 1957 472 2021 ϐείας
500 1958 590 2011 τὸν
618 1957 794 2026 λόγον,
827 1959 1247 2014 ἀντιδιαστέλλει
1268 1961 1346 2032 τῷ
1381 1961 1625 2031 γεννητῷ
1656 1961 1753 2033 τὴν
1785 1962 1899 2015 θεόε

318 2065 479 2117 τητα,
521 2048 681 2102 τοῦτο
717 2050 784 2103 δι’
818 2047 892 2105 ὧν
927 2051 1076 2120 λέγει
1117 2055 1562 2119 κατασκευάζων,
1614 2055 1694 2108 ὅτι
1727 2055 1786 2106 τὸ
1827 2054 1900 2125 μὴ

319 2140 611 2210 ἀγέννητον
637 2142 768 2206 Θεὸς
795 2144 894 2196 οὑκ
927 2143 1089 2199 ἔστιν.
1128 2141 1204 2198 Ἦ
1238 2146 1346 2218 γὰρ
1379 2147 1582 2217 ἀληθὴς
1611 2148 1901 2202 ἀκολουθία

318 2230 415 2283 τοῦ
439 2230 595 2298 λόγου
627 2249 710 2294 τις
739 2226 828 2301 ἦν,
860 2233 1082 2287 εἰπόντα
1125 2234 1288 2304 μηδὲν
1320 2233 1426 2286 τῶν
1465 2235 1736 2304 γεννητῶν
1763 2234 1900 2288 εἶναι

318 2323 634 2391 ἀγέννητον,
669 2324 965 2391 ἐπαγαγεῖν
986 2324 1066 2376 ὃτι
1095 2325 1216 2377 οὐδὲ
1245 2325 1296 2378 ετ
1325 2342 1376 2377 τι
1406 2326 1547 2378 κατά
1574 2326 1732 2395 φύσιν
1755 2327 1900 2379 ἐστὶν

318 2413 633 2482 ἀγέννητον,
671 2415 924 2482 γεννητὸν
956 2411 1093 2468 εἶναι
1120 2415 1359 2469 δύναται.
1409 2415 1469 2469 '0
1512 2416 1618 2486 γὰρ
1662 2417 1899 2481 τοιοῦτος

318 2506 476 2571 λόγος
531 2505 625 2559 καὶ
651 2503 710 2557 τὸ
740 2505 937 2576 ἀληθὲς
972 2506 1082 2576 ἔχει
1105 2545 1119 2567 ,
1161 2507 1253 2560 καὶ
1285 2507 1384 2575 τῆς
1427 2507 1773 2579 βλασφημίας
1810 2525 1902 2560 κεο

318 2594 603 2665 χώρισται.
631 2593 743 2646 Νῦν
764 2595 820 2648 δὲ
846 2594 922 2666 τῷ
948 2594 1226 2666 προθεῖναι
1252 2595 1348 2666 μὲν
1371 2597 1450 2649 ὅτι
1482 2597 1589 2650 τῶν
1624 2595 1900 2667 γεννητῶν

317 2681 470 2735 οὐδέν
494 2682 640 2734 ἐστιν
660 2681 971 2751 ἀγέννητον,
991 2684 1290 2750 ἐπαγαγεῖν
1319 2683 1374 2736 δὲ
1398 2685 1478 2737 ὃτι
1502 2685 1621 2737 οὐδὲ
1645 2683 1900 2754 γεννητὸς

317 2777 348 2826 ὀ
394 2774 564 2836 Θεὸς,
609 2771 792 2840 σαφῶς
829 2773 923 2827 τοῦ
968 2769 1105 2826 εἶναι
1145 2774 1274 2827 Θεὸν
1305 2775 1395 2829 τὸν
1459 2775 1720 2845 μονογενῆ
1767 2775 1899 2827 Θεὸν

316 2863 588 2932 ἀφορίζει·
630 2861 718 2914 διὰ
740 2861 833 2914 τοῦ
867 2863 942 2933 μὴ
967 2863 1257 2931 ἀγέννητον
1280 2865 1443 2917 αὑτὸν
1481 2863 1615 2917 εἶναι
1637 2908 1650 2926 ,
1678 2866 1738 2918 τὸ
1766 2865 1900 2935 μηδὲ

316 2953 456 3006 Θεὸν
486 2952 648 3004 αὐτὸν
679 2948 818 3005 εἶναι
845 2952 1288 3017 κατασκευάζων.
1316 2949 1440 3024 τΛρ’
1472 2949 1564 3006 οὖν
1593 2955 1793 3026 ἐτέρων
1821 2957 1900 3008 ἔτι

319 3042 461 3112 πρὸς
485 3041 759 3108 ἀπόδειξιν
798 3043 896 3114 τῆς
920 3043 1152 3096 ὲκτόπου
1193 3044 1397 3112 ταύτης
1424 3045 1769 3115 βλασφημίας
1796 3046 1902 3098 τῶν

321 3134 564 3203 ἐλέγχων
586 3133 854 3203 δεόμεθα;
899 3135 1010 3187 Kal.
1050 3135 1149 3187 ούκ
1187 3138 1348 3206 ἀρκεῖ
1391 3135 1551 3189 τοῦτο
1588 3137 1746 3207 μόνον
1786 3138 1904 3189 ἀντὶ

324 3225 524 3296 στήλης
554 3225 805 3292 γενέσθαι
832 3225 909 3296 τῷ
931 3227 1318 3296 Χριστομάχῳ,
1342 3225 1419 3296 τῷ
1445 3225 1903 3289 κατασκευάζοντι

321 3319 412 3372 διὰ
449 3316 554 3370 τῶν
590 3318 893 3388 εἰρημένων
929 3319 1002 3389 μὴ
1043 3315 1182 3370 εἶναι
1222 3319 1352 3371 Θεὸν
1384 3319 1474 3372 τὸν
1511 3321 1568 3372 ἐν
1602 3319 1744 3389 ἀρχῇ
1777 3317 1905 3370 ὄντα

322 3410 494 3478 Λόγον
520 3410 680 3475 Θεόν;
701 3411 765 3463 Τί
787 3408 878 3464 οὖν
909 3411 987 3464 έτι
1015 3411 1121 3482 χρὴ
1158 3411 1293 3482 πρὸς
1321 3413 1446 3474 τοὺς
1473 3411 1746 3472 τοιούτους
1777 3428 1906 3480 συμ-

325 3503 657 3567 πλέκεσθαι;
696 3502 829 3555 Οὐδὲ
853 3503 960 3574 γὰρ
981 3505 1086 3565 τοῖς,
1117 3503 1243 3573 περὶ
1265 3503 1332 3554 τά
1363 3501 1555 3555 εἴδωλα
1584 3502 1676 3555 καὶ
1702 3501 1760 3554 τὸ
1788 3503 1905 3554 επι-

324 3592 532 3662 6ώμιον
553 3592 747 3664 λύθρον
777 3593 1188 3663 ἀσχολουμένοις
1220 3593 1645 3664 διαπλεκὸμεθα,
1681 3596 1800 3665 οὐχὶ
1831 3595 1908 3665 τῷ

328 3685 673 3740 συντίθεσθαι
701 3681 768 3756 τῇ
800 3685 1044 3756 ἀπωλείᾳ.
1078 3685 1186 3738 τῶν
1228 3686 1745 3756 είδωλομανούντων,
1775 3688 1908 3742 ἀλλὰ

328 3776 407 3847 τῷ
433 3775 735 3846 βαρυτέραν
770 3772 909 3828 εἶναι
933 3775 1030 3846 τὴν
1067 3777 1219 3828 νόσον
1257 3776 1435 3829 αὐτῶν
1466 3777 1566 3844 τῆς
1592 3780 1719 3847 παρ’
1751 3777 1908 3847 ἡμῶν

330 3866 648 3936 θεραπείας.
701 3865 910 3935 Ὠσπερ
955 3865 1135 3918 τοίνυν
1184 3866 1281 3937 τὴν
1328 3867 1737 3938 είδωλολατρίαν
1779 3869 1910 3923 αὐτὸ

330 3958 672 4028 καταμηνύει
721 3958 782 4010 τὸ
824 3957 1004 4029 ἔργον,
1033 3959 1124 4010 καὶ
1153 3959 1640 4029 προλαμϐανόντων
1671 3962 1776 4014 τῶν
1816 3980 1911 4015 κα-

330 4051 578 4120 τηγόρεον
599 4050 689 4103 τὸν
710 4049 930 4120 ἔλεγχον
958 4049 1016 4101 τὸ
1053 4049 1220 4102 κακὸν
1245 4051 1300 4100 ὲν
1331 4051 1607 4123 παρρησίᾳ
1633 4051 1912 4122 τολμῶμε-

330 4160 441 4194 νον·
470 4140 613 4193 οὕτω
645 4140 738 4193 καὶ
759 4138 990 4192 ἐνταῦθα
1015 4141 1171 4210 σιγᾷν
1200 4135 1349 4210 οἶμαι
1381 4142 1488 4195 δεῖν
1514 4143 1602 4197 τὸν
1631 4144 1728 4212 τῆς
1758 4145 1912 4196 εὐσε-

329 4228 484 4291 ϐείας
513 4231 831 4298 συνήγορον,
857 4225 992 4297 πρὸς
1016 4227 1105 4279 τὸν
1141 4227 1348 4296 βοῶντα
1382 4232 1501 4284 καθ’
1534 4232 1726 4285 ἑαυτοῦ
1757 4251 1910 4304 περι-

331 4318 516 4386 φανῶς
541 4317 640 4388 τὴν
665 4317 940 4372 ἀσέϐειαν.
972 4318 1238 4391 Καθάπερ
1275 4321 1370 4374 καὶ
1411 4324 1503 4375 ἐπὶ
1535 4322 1643 4377 τῶν
1674 4323 1751 4395 τῷ
1781 4343 1913 4397 καρ-

1955 1894 1970 1911 .
2005 1862 2086 1916 vel
2110 1862 2349 1917 dicatur.
2389 1861 2500 1917 Nec
2531 1861 2676 1917 enim
2719 1863 3058 1931 ignoratione
3089 1860 3210 1928 ejus
3242 1874 3363 1928 qua:
3390 1873 3586 1912 secun-

2004 1950 2131 2004 dum
2181 1955 2450 2006 rationem
2494 1959 2579 2005 cst
2617 1952 3042 2022 consequentiaa.
3095 1951 3480 2004 inconcinnam
3532 1954 3586 2001 et

2006 2045 2365 2114 incongruam
2407 2045 2534 2098 facit
2565 2043 2868 2114 positorum
2905 2043 3297 2104 inversionem,
3337 2039 3433 2094 sed
3466 2053 3584 2091 ma-

2004 2136 2184 2190 litiose
2238 2144 2292 2190 et
2344 2135 2534 2190 dolose
2591 2135 2812 2205 pictatis
2875 2149 3184 2189 sermonem
3249 2132 3582 2201 depravatis,

2004 2227 2233 2296 opponit
2267 2227 2450 2297 genito
2492 2226 2858 2290 divinitatem,
2907 2225 3011 2278 hoc
3064 2240 3156 2292 per
3190 2240 3250 2276 ea
3292 2237 3412 2292 quae
3451 2222 3584 2274 dicit

2005 2327 2342 2387 priestrucns
2383 2337 2394 2371 :
2430 2317 2576 2387 quod
2628 2317 2760 2372 illud
2796 2316 2939 2386 quod
2977 2333 3082 2369 non
3135 2324 3216 2368 est
3257 2313 3581 2383 ingcnittun,

2004 2425 2114 2464 non
2162 2421 2246 2464 est
2274 2409 2434 2463 Deus.
2467 2407 2600 2461 Nam
2645 2423 2767 2462 vera
2802 2406 3048 2476 quaedam
3086 2408 3197 2460 haec
3237 2413 3383 2460 esset
3421 2405 3582 2458 ratio-

2005 2503 2092 2556 nis
2123 2500 2534 2571 consequentia,
2551 2500 2731 2553 dicere
2748 2497 2888 2567 quod
2911 2497 3042 2551 nihil
3063 2512 3248 2550 corum
3269 2511 3387 2566 quae
3405 2496 3584 2566 genita

2003 2601 2150 2656 sunt,
2175 2601 2257 2646 est
2278 2591 2598 2661 ingenitum,
2628 2606 2691 2644 ac
2725 2589 2950 2660 proinde
2971 2588 3194 2651 inferre,
3227 2588 3371 2658 quod
3408 2602 3584 2656 neque

2003 2686 2050 2740 si
2113 2683 2241 2755 quid
2277 2683 2580 2738 secundum
2615 2691 2865 2735 naturam
2920 2690 3004 2736 est
3063 2681 3362 2750 ingenitum
3426 2679 3581 2749 geni--

2003 2785 2116 2828 tum
2145 2792 2267 2831 esse
2311 2784 2507 2844 potest.
2543 2773 2692 2828 Talis
2726 2774 2873 2827 enim
2917 2772 3093 2825 oratio
3129 2781 3182 2826 et
3218 2769 3405 2824 ve'ram
3437 2785 3572 2831 con-

2004 2871 2138 2922 tinet
2170 2875 2222 2922 et
2250 2883 2278 2921 a
2309 2867 2646 2936 blasphemia
2683 2874 2934 2936 separata
2963 2865 3075 2921 est.
3111 2865 3264 2918 Nunc
3292 2880 3418 2918 vero
3457 2880 3584 2932 pro-

2006 2964 2321 3027 ponentem,
2365 2958 2511 3027 quod
2557 2973 2748 3020 eorum
2790 2974 2911 3027 qua:
2943 2957 3124 3028 genita
3171 2966 3296 3010 sunt
3329 2957 3466 3010 nihil
3502 2964 3588 3010 est

2008 3048 2330 3117 ingenitum,
2363 3048 2568 3105 inferre
2616 3048 2762 3118 quod
2801 3065 2976 3119 neque
3029 3048 3248 3120 genitus
3296 3057 3379 3102 est
3419 3047 3584 3110 Deus,

2009 3139 2303 3193 manifesto
2335 3140 2402 3193 ab
2434 3156 2498 3194 eo
2539 3138 2687 3209 quod
2725 3148 2810 3194 est
2853 3139 2996 3194 Deus
3041 3139 3382 3210 unigenitum
3423 3138 3586 3192 Deum

2008 3229 2329 3284 abstrahere
2351 3237 2436 3284 est
2464 3249 2474 3282 :
2511 3231 2638 3283 dum
2669 3246 2732 3282 ex
2767 3244 2832 3283 co
2859 3228 3003 3297 quod
3035 3230 3149 3297 ipse
3183 3245 3289 3281 non
3324 3236 3403 3282 cst
3440 3228 3590 3295 inge-

2008 3321 2184 3382 nitus.
2221 3337 2404 3391 neque
2439 3322 2619 3391 ipsum
2663 3337 2784 3375 esse
2828 3319 2995 3372 Deum
3043 3321 3258 3372 astruit.
3300 3320 3380 3371 An
3428 3318 3592 3378 igitur

2008 3411 2133 3464 aliis
2158 3410 2223 3464 ad
2257 3411 2778 3464 demonstrationem
2809 3411 2971 3472 hujus
2997 3416 3104 3461 tam
3131 3407 3424 3460 insolentis
3447 3407 3592 3459 blas-

2011 3501 2237 3571 phemia!
2267 3502 2608 3571 argumentis
2655 3502 2918 3570 cgetnus?
2963 3516 3062 3552 nec.
3097 3497 3227 3551 illud
3264 3497 3441 3550 solum
3477 3495 3591 3547 suf-

2012 3595 2123 3648 licit
2155 3595 2333 3649 instar
2378 3595 2524 3663 cippi
2572 3593 2700 3646 huic
2731 3591 2937 3646 Christi
2968 3587 3354 3658 oppugnatori,
3389 3585 3481 3654 qui
3521 3600 3586 3638 cx

2011 3687 2175 3741 dictis
2230 3687 2508 3754 pra'struit
2558 3702 2664 3738 non
2711 3700 2831 3739 esse
2868 3683 3056 3745 Deum,
3095 3682 3186 3750 qui
3223 3680 3274 3732 in
3320 3677 3590 3748 principio

2011 3787 2131 3831 erat
2186 3778 2424 3830 Verbum
2467 3777 2646 3830 Doris?
2681 3775 2820 3841 Quid
2873 3775 3040 3843 igitur
3069 3771 3308 3841 amplius
3362 3783 3589 3822 necesse

2013 3881 2097 3925 est
2135 3872 2399 3923 ailvcrsus
2446 3869 2761 3937 hujusniodi
2810 3867 3096 3920 lurrclicos
3151 3862 3458 3934 implicari?
3493 3878 3590 3916 nc-

2013 3978 2120 4032 quc
2150 3961 2295 4014 enim
2335 3977 2460 4013 cum
2509 3960 2592 4014 bis
2645 3959 2738 4027 qui
2783 3959 2930 4010 circa
2970 3957 3111 4010 idola
3177 3965 3233 4008 et
3273 3970 3436 4023 super
3466 3967 3590 4006 aras

2013 4057 2243 4111 cﬂusum
2277 4069 2532 4107 cruorem
2568 4059 2927 4118 occupantur,
2976 4048 3135 4102 nobis
3167 4056 3244 4100 est
3285 4044 3586 4113 negotium,

2016 4164 2122 4201 non
2159 4145 2305 4214 quod
2341 4143 2586 4198 interitui
2621 4157 2834 4205 eorum,
2877 4141 2968 4209 qui
3015 4141 3210 4193 insano
3239 4136 3387 4190 cultu
3416 4133 3592 4185 idolo-

2018 4253 2136 4291 rum
2174 4247 2455 4296 tenentur,
2507 4235 2899 4294 assentiamur,
2956 4231 3049 4285 scd
3094 4229 3221 4298 quia
3253 4227 3473 4296 gravior
3519 4223 3592 4275 sit

2017 4345 2206 4384 corum
2239 4327 2464 4380 morbus
2503 4340 2665 4393 quam
2700 4323 2881 4376 omnis
2914 4327 3102 4374 nostra
3132 4314 3386 4370 medendi
3424 4310 3586 4364 ratio.

333 4405 548 4459 κινώδει
594 4405 757 4458 πάθει
811 4405 1238 4476 κεκρατημένων
1291 4407 1573 4478 ἄπρακτος
1618 4411 1651 4480 ἡ
1706 4411 1904 4482 ἰατρεία

2019 4416 2488 4485 Quemadmodum
2547 4415 2712 4483 igitur
2769 4413 3036 4465 idolorum
3085 4408 3292 4461 cultum
3349 4402 3591 4457 declarat

334 4498 510 4568 μένει,
534 4495 622 4550 διὰ
641 4496 702 4549 τὸ
736 4496 1084 4568 ὑπερισχύειν
1110 4497 1208 4568 τῆς
1231 4497 1426 4572 τέχνης
1450 4501 1546 4572 τὴν
1570 4503 1742 4558 νόσον.

2017 4511 2196 4578 ipsum
2225 4521 2384 4575 opus,
2417 4511 2474 4558 et
2503 4513 2890 4557 accusatorum
2918 4497 3186 4567 judicium
3214 4491 3456 4565 praeripit
3485 4490 3592 4544 cri-

329 4603 458 4642 men
487 4587 632 4658 quod
663 4591 716 4642 in
753 4587 921 4643 libera
955 4590 1298 4644 contumacia
1328 4592 1594 4648 audenter
1621 4597 1977 4653 committitur
2003 4619 2014 4655 :
2045 4599 2123 4655 sic
2152 4597 2388 4651 arbitror
2423 4593 2511 4647 hic
2542 4601 2798 4664 Oportere
2829 4590 3046 4660 pietatis
3078 4595 3370 4657 patronum
3409 4581 3588 4637 conti-

331 4696 553 4736 ccscere
595 4681 862 4736 adversus
886 4695 1010 4735 eum
1046 4681 1142 4752 qui
1184 4691 1379 4736 contra
1405 4685 1646 4753 seipsum
1682 4687 2017 4758 impietatem
2047 4689 2100 4742 in
2133 4686 2420 4759 propatulo
2452 4685 2802 4738 vociferatur.
2836 4679 3306 4748 Quemadmodum
3338 4677 3499 4732 etiam
3533 4675 3587 4730 in

332 4769 422 4825 his
453 4769 545 4837 qui
576 4770 950 4824 carcinomate
982 4779 1110 4823 sunt
1131 4770 1364 4834 obsessi,
1385 4773 1531 4829 iners
1565 4783 1620 4828 et
1659 4777 1953 4834 inolliciosa
1981 4788 2162 4833 manet
2199 4776 2491 4838 medicina,
2523 4775 2648 4844 quia
2675 4775 2833 4827 decta
2875 4774 2994 4844 plus
3037 4773 3177 4825 valet
3205 4779 3323 4825 arte
3360 4771 3582 4824 malum.

406 4860 552 4932 Πλὴν
607 4860 793 4931 ἐπειδή
849 4877 901 4913 τι
941 4860 1080 4930 μετά
1132 4859 1201 4914 τὰ
1235 4863 1503 4932 είρημένα
1558 4868 1649 4919 καὶ
1709 4870 1915 4940 ἰσχυρό-

331 4967 490 5021 τερον
516 4949 911 5019 ἐπαγγέλλεται
934 4948 1132 5019 λέγειν,
1168 4950 1241 5014 ὡς
1263 4950 1328 5004 ἂν
1355 4952 1428 5023 μὴ
1457 4954 1605 5024 φόϐῳ
1629 4958 1732 5012 τῶν
1758 4960 1914 5014 δυνα-

332 5042 585 5113 τωτέρων
616 5042 939 5111 καθυφιέναι
977 5041 1267 5112 δοκοίημεν
1305 5043 1402 5116 τὴν
1435 5047 1770 5120 ἀντίρρησιν,
1813 5052 1912 5105 κά-

335 5134 482 5186 κεῖνο
507 5135 618 5196 τοτς
652 5132 964 5205 εἰρημένοις
1002 5134 1505 5205 προσεξετάσωμεν.
1541 5138 1716 5202 Ἔδει,
1760 5143 1911 5212 φησὶ,

333 5220 576 5276 πάντων
603 5221 922 5292 ἀφέμενον,
955 5223 1056 5276 ἐπὶ
1087 5223 1194 5276 τὸν
1221 5225 1612 5293 ἰσχυρότερον
1647 5228 1915 5296 χωρῆσαι

333 5315 539 5382 λόγον.
589 5314 812 5368 Ἐκεῖνα
829 5313 1085 5384 φήσαιμι
1113 5315 1208 5380 ἂν,
1235 5317 1323 5370 ὅτι
1354 5316 1589 5371 καὶτῶν
1612 5319 1712 5372 ὑπ’
1729 5321 1914 5376 αὐτοῦ

334 5404 484 5472 πρὸς
513 5407 767 5474 ἔλεγχον
805 5407 1258 5474 προϐληθέντων
1304 5408 1600 5478 ὀνομάτων
1642 5410 1916 5482 παραδει-

336 5497 623 5565 χθέντων,
667 5495 847 5550 οὐδὲν
886 5486 1068 5566 ἧτὲον
1097 5498 1328 5565 ἀληθὴς
1362 5501 1395 5552 ὁ
1434 5500 1571 5570 παρ’
1602 5501 1770 5570 ἡμῶν
1805 5520 1915 5572 5m-

239 5630 252 5641 .
339 5588 737 5657 νερωθήσεται
762 5591 961 5658 λόγος.
992 5588 1172 5657 Εἴπερ
1203 5592 1240 5657 ἡ
1272 5591 1628 5661 παραλλαγὴ
1665 5594 1780 5650 τῶν
1808 5593 1913 5660 τὰς

339 5677 641 5749 ἰδιότητας
678 5677 1096 5750 σημαινόντων
1127 5677 1431 5749 ὀνομάτων
1471 5680 1581 5752 τὴν
1613 5685 1914 5754 παραλλα-

2087 4868 2477 4922 Verumtamen
2525 4866 2786 4936 quoniam
2839 4873 2959 4934 post
3005 4879 3067 4917 ca
3098 4878 3219 4932 qua:
3259 4862 3372 4931 jam
3405 4861 3474 4915 ab
3519 4876 3586 4915 eo

2011 4961 2154 5013 dicta
2183 4969 2330 5021 sunt,
2363 4958 2540 5012 adhuc
2571 4957 2778 5025 aliquid
2822 4957 3090 5012 valentius
3131 4956 3183 5010 in
3221 4957 3460 5010 medium
3495 4953 3591 5006 ad-

2013 5053 2304 5106 ducturum
2337 5066 2396 5106 se
2429 5065 2552 5105 esse
2586 5039 2898 5118 p’ollicctur,
2933 5064 3000 5103 ne
3043 5056 3186 5116 metu
3219 5047 3587 5115 potentiorum

2013 5144 2299 5198 videamur
2320 5142 2812 5197 contradictionem
2836 5141 3118 5196 remittere
3138 5150 3190 5192 et
3218 5134 3587 5208 praevaricari,

2012 5231 2145 5288 illud
2176 5232 2344 5288 etiam
2376 5231 2610 5286 subinde
2637 5232 3094 5286 exatninabimus.
3149 5226 3457 5294 Oportebat,
3507 5224 3590 5275 in-

2014 5325 2150 5395 quit.
2206 5325 2446 5380 omnibus
2507 5326 2742 5387 omissis,
2797 5325 2866 5377 ad
2917 5323 3253 5378 valentiorem
3311 5319 3571 5370 rationum

2016 5417 2206 5470 venire.
2244 5415 2353 5470 Illa
2401 5418 2578 5485 utique
2625 5417 2872 5479 dixerint,
2904 5409 3325 5485 quandoquidem
3364 5424 3481 5460 cum
3527 5425 3588 5462 ea

2012 5523 2128 5577 qua:
2162 5507 2225 5560 ab
2263 5508 2372 5576 ipso
2406 5510 2474 5562 ad
2505 5510 2957 5576 reprehensionem
2981 5515 3219 5561 nostram
3250 5501 3590 5557 adducuntur

2017 5599 2230 5652 nomina
2251 5609 2386 5654 recte
2408 5599 2776 5654 demonslrala
2812 5599 3030 5666 fuerint,
3058 5593 3401 5648 nihilominus
3437 5610 3587 5650 uerus

2019 5698 2193 5745 noster
2222 5689 2650 5762 manifestabilur
2672 5706 2862 5745 sermo.
2890 5686 3158 5761 Siquidem
3180 5684 3446 5742 nominum
3471 5701 3588 5758 qua
