4010 6156
455 311 560 369 755

1728 311 1785 366 S.
1827 309 2155 367 GREGORII
2181 307 2476 365 NYSSENI

3599 309 3704 366 7226

455 418 797 494 proprictﬁtes
839 423 1140 494 signiﬁcant
1166 423 1485 494 differentia,
1519 443 1693 481 rerum
1733 429 1894 482 etiam
1928 428 2017 483 de-

2122 425 2240 496 γὴν
2283 425 2553 496 ἐμφαίνει
2591 424 2710 478 τῶν
2759 424 3138 493 πραγμάτων,
3182 421 3412 494 ἀνάγκη
3456 423 3534 495 δή
3587 439 3702 482 που

455 515 627 569 clarat
649 514 1081 583 discrepantiam,
1115 532 1319 572 necesse
1340 527 1418 572 est
1444 519 1630 587 procul
1658 518 1817 574 dubio
1842 536 2027 575 conce-

455 611 579 660 dere
615 607 776 660 etiam
805 623 897 676 per
935 605 1288 676 cli/Terentiam
1321 611 1590 664 nominum
1619 627 1736 681 qua:
1773 613 2028 667 essentias

456 697 949 767 signiﬁcant,simul
966 699 1323 754 demonstrari
1342 703 1689 755 essentiarurn
1718 703 2026 757 discrimen.

457 791 626 858 Atque
650 788 746 844 hoc
770 792 824 843 in
855 791 1096 845 omnibus
1126 792 1204 846 ita
1230 809 1342 846 esse
1379 794 1496 864 quis
1537 794 1866 860 compererit,
1909 794 2029 847 dico

455 874 794 946 substa’ntiis,
819 883 1140 946 actionibus,
1165 884 1454 948 coloribus,
1481 885 1666 954 ﬁguris
1683 893 1734 938 et
1756 886 1877 939 aliis
1899 901 2030 955 qua-

458 975 725 1039 litatibus,
751 976 923 1045 ignem
961 977 1121 1029 etiam
1148 985 1196 1029 et
1228 992 1420 1044 aquam
1452 977 1750 1044 diﬂ‘erentes
1774 978 2028 1031 essentias

457 1067 723 1120 distinctis
761 1066 1205 1134 appellationibus
1249 1068 1634 1136 significamus,
1660 1085 1934 1138 aeremque
1978 1079 2028 1122 et

456 1169 675 1220 terram,
709 1157 1066 1228 [rigidumque
1087 1168 1135 1212 et
1154 1157 1410 1222 calidum,
1435 1168 1483 1212 et
1511 1160 1688 1212 album
1718 1169 1767 1213 et
1797 1161 2024 1228 nigrum,

453 1251 532 1302 vel
590 1249 916 1319 triangulum
963 1258 1014 1303 et
1059 1250 1365 1305 rotundum.
1415 1249 1557 1316 Quid
1597 1252 1735 1304 enim
1785 1267 1914 1320 opus
1951 1263 2027 1304 est

456 1339 610 1392 verba
638 1339 816 1407 facere
849 1340 916 1394 de
959 1340 1336 1410 spiritualibus
1380 1342 1646 1404 essentiis,
1689 1358 1820 1410 quas
1853 1358 2029 1394 recen-

454 1448 573 1484 sens
619 1434 899 1500 Apostolus
942 1449 1033 1500 per
1077 1433 1434 1503 differentiam
1483 1434 1775 1498 nominum,
1830 1433 2028 1486 discre-

454 1525 697 1592 pantiam
748 1528 1097 1580 essentiarum
1143 1526 1344 1594 pariter
1389 1525 1716 1580 declaravit?
1751 1524 1884 1589 Quis
1916 1538 2024 1578 non

456 1612 806 1681 obstupuerit
836 1615 1106 1668 attonitus
1139 1614 1207 1667 ad
1253 1613 1390 1667 hanc
1429 1611 1903 1682 inexpugnabilem
1940 1627 2024 1664 ar-

455 1699 701 1761 gumenti
758 1700 904 1754 vim?
955 1701 1138 1755 hercle
1171 1701 1182 1752 !
1215 1700 1637 1770 promissionem
1672 1709 1894 1768 superat
1937 1698 2027 1751 bic

2129 517 2462 587 συγχωρεῖν
2511 514 2611 568 καί
2661 512 2738 582 τῇ
2775 511 3135 583 παραλλαγῇ
3173 511 3290 566 τῶν
3345 514 3453 580 τὰς
3497 515 3708 580 οὐσίας

2129 613 2571 676 σημαινόντων,
2605 606 3117 674 συνεμφαίνεσθαι
3160 603 3273 672 τὴν
3317 605 3711 674 παραλλαγὴν

2128 699 2246 752 τῶν
2279 697 2524 752 οὐσιῶν.
2575 695 2686 750 Καὶ
2724 696 2898 751 τοῦτο
2933 697 3032 750 ἐπὶ
3067 696 3310 752 πάντων
3353 697 3541 762 οὕτως
3569 697 3711 766 ἕχον

2127 789 2289 858 εὕροι
2314 807 2403 854 τις
2433 788 2529 851 ἂν,
2561 787 2714 858 λέγω
2747 787 2815 840 δὲ
2843 787 3089 852 οὐσιῶν,
3125 786 3451 855 ἐνεργειῶν,
3478 775 3726 857 χρωμάέ

2127 898 2266 946 των,
2308 879 2656 950 σχημάτων,
2703 878 2822 933 τῶν
2859 880 3062 934 ἄλλων
3093 880 3443 948 ποιοτήτων.
3484 881 3611 949 Πῦρ
3650 899 3713 935 τε

2127 973 2237 1041 γὰρ
2263 971 2361 1024 καὶ
2390 971 2566 1039 ὕδωρ,
2595 970 2917 1039 διαφόρους
2939 971 3151 1035 οὐσίας
3181 970 3711 1040 παρηλλαγμένως

2127 1060 2508 1129 σημαίνομεν
2534 1059 2984 1127 προσηγορίαις,
3019 1058 3165 1127 ἀέρα
3196 1076 3258 1112 τε
3286 1061 3383 1113 καὶ
3412 1059 3550 1128 γῆν,
3594 1063 3711 1128 ψυ-

2127 1151 2276 1220 χρόν
2315 1166 2377 1202 τε
2414 1145 2492 1204 αὗ
2531 1149 2630 1202 καί
2670 1148 2906 1218 θερμὸν,
2949 1151 3174 1202 λευκόν
3213 1167 3277 1203 τε
3301 1151 3400 1203 καὶ
3423 1150 3639 1218 μέλαν,
3671 1151 3708 1217 ἢ

2126 1240 2417 1309 τρίγωνον
2442 1240 2540 1292 καὶ
2568 1237 2898 1308 περιφερές.
2930 1238 2996 1292 Τί
3021 1240 3129 1308 γὰρ
3155 1240 3251 1294 δεῖ
3271 1241 3403 1307 περὶ
3435 1241 3553 1294 τῶν
3577 1260 3710 1310 νοη-

2124 1329 2244 1383 τῶν
2269 1330 2470 1399 λέγειν
2491 1329 2732 1398 οὐσιῶν,
2766 1329 2838 1396 ἃς
2861 1330 3206 1400 καταλέγων
3238 1334 3270 1385 ό
3319 1332 3708 1398 Ἀπόστολος,

2127 1421 2203 1490 τῇ
2237 1419 2491 1490 διαφορᾷ
2530 1419 2648 1474 τῶν
2687 1420 2990 1489 ὀνομάτων
3030 1423 3146 1489 τὴν
3177 1424 3578 1492 παραλλαγὴν
3611 1423 3709 1476 ἐν·

2124 1510 2310 1579 έρηνε
2344 1511 2462 1565 τῶν
2497 1511 2760 1576 οὐσιῶν;
2797 1511 2892 1574 Τίς
2917 1512 3016 1564 οὑκ
3051 1512 3518 1584 ἂνκαταπλαγείη
3576 1515 3712 1585 πρὸς

2123 1603 2222 1672 τὴν
2245 1601 2714 1671 ἀνανταγώνιστον
2738 1602 2942 1672 ταύτην
2968 1603 3063 1656 τοὺ
3098 1605 3530 1676 ἐπιχειρήματος
3560 1605 3712 1660 δυνα-

2129 1709 2253 1763 μιν;
2294 1693 2464 1764 Ὑπὲρ
2490 1693 2589 1765 τὴν
2615 1694 2948 1762 ἐπαγγελίαν
2970 1695 2998 1746 ὀ
3023 1694 3180 1764 λόγος
3196 1713 3208 1725 ο
3239 1696 3593 1767 φοϐερωτέρα
3615 1699 3713 1767 τῆς

453 1786 668 1838 sermo!
707 1786 1005 1840 terribilior
1049 1802 1182 1842 sane
1222 1787 1569 1841 minitatione
1615 1786 1705 1840 hic
1752 1787 2017 1840 conatus!

2133 1783 2422 1854 ἀπειλῆςή
2466 1787 2652 1854 πεῖρα.
2703 1787 2826 1838 Ἐπὶ
2865 1785 2956 1838 τὸν
2994 1785 3355 1858 ἰσχυρότερον,
3391 1788 3576 1858 φησὶν,
3601 1790 3716 1858 ἥξω

451 1875 533 1928 Ad
571 1875 878 1940 fortiorem,
932 1877 1128 1946 inquit,
1159 1878 1372 1931 veniam
1425 1878 1712 1930 rationem.
1766 1876 2023 1941 Quaenam

454 1966 569 2020 haec
611 1967 730 2022 est?
779 1965 922 2036 quod
973 1983 1096 2021 cum
1151 1982 1248 2038 per
1280 1967 1460 2025 omnia
1510 1983 1633 2036 quae
1664 1967 2025 2036 proprietates

451 2055 764 2123 significant
820 2057 1218 2124 proprietatum
1268 2064 1642 2126 cognoscatur
1693 2056 2022 2119 differentia,

453 2159 681 2199 necesse
711 2154 828 2208 est,
881 2147 1079 2214 inquit,
1128 2148 1429 2201 concedere
1473 2149 1634 2202 etiam
1683 2148 2024 2203 differentias

463 2239 830 2293 essentiarutn
889 2238 941 2292 in
1010 2239 1292 2294 nominum
1352 2239 1678 2296 differentiis
1751 2244 2021 2298 denotari.

452 2328 715 2392 Quaenam
755 2329 922 2400 igitur
953 2330 1035 2386 ba:
1070 2338 1199 2385 sunt
1232 2334 1596 2386 essentiarum
1629 2335 2023 2404 appellationes

449 2421 653 2490 quibus
683 2423 733 2475 in
764 2421 925 2477 Patre
949 2433 1002 2478 et
1041 2420 1178 2476 Filio
1216 2432 1426 2478 natura:
1463 2424 1753 2480 dissidium
1799 2425 2024 2479 demon-

450 2522 682 2566 stratum
700 2515 820 2569 est?
848 2516 1024 2586 ignem
1052 2515 1185 2569 dicit
1212 2523 1265 2571 et
1291 2532 1486 2586 aquam
1509 2525 1562 2570 et
1603 2532 1807 2578 aerem,
1833 2525 1886 2570 et
1914 2524 2023 2570 ter-

450 2618 590 2666 ram,
621 2602 988 2674 frigidumque
1019 2613 1074 2659 et
1101 2605 1368 2670 calidum,
1403 2607 1583 2661 album
1614 2616 1666 2661 et
1697 2609 1934 2678 nigrum,
1969 2619 2024 2662 et

451 2691 788 2762 triangulum
824 2702 879 2748 et
913 2695 1182 2748 circulum
1217 2715 1229 2748 :
1266 2696 1397 2750 vicit
1426 2696 1713 2764 exemplis,
1747 2699 2023 2767 superavit

449 2783 629 2838 valida
664 2787 984 2856 potentique
1031 2787 1266 2851 ratione,
1310 2803 1489 2857 neque
1525 2788 1640 2854 ipse
1674 2789 2018 2852 contradico,

449 2876 1032 2944 perincommutabilia
1060 2881 1282 2933 nomina
1309 2880 1667 2934 differentiam
1699 2891 2019 2936 naturarum

448 2970 895 3025 commonstrari.
930 2968 1032 3025 Sed
1065 2970 1167 3024 hoc
1195 2971 1370 3024 solum
1399 2987 1507 3025 non
1535 2971 1671 3025 vidit
1705 2973 1791 3026 hic
1824 2984 2020 3028 acutus

448 3068 502 3112 et
531 3060 813 3130 perspicax
851 3059 918 3114 ad
948 3059 1365 3133 intelligendum
1403 3082 1416 3118 :
1452 3063 1602 3133 quod
1651 3063 1740 3118 hic
1779 3073 1832 3119 et
1859 3064 2020 3119 Pater

2125 1871 2232 1925 τῶν
2256 1873 2449 1942 λόγων.
2480 1875 2576 1938 Τίς
2608 1869 2758 1938 οὗτός
2781 1877 2962 1941 ἐστιν;
3002 1876 3124 1928 Ὅτι
3150 1876 3248 1946 τῆς
3271 1875 3380 1928 τῶν
3407 1877 3714 1948 ἰδιωμάτων

2125 1963 2385 2032 διαφορᾶς
2411 1963 2498 2017 διὰ
2518 1965 2626 2017 τῶν
2651 1967 2930 2036 ὀνομάτων
2953 1967 3368 2037 γινωσκομένης
3388 1967 3500 2020 τῶν
3524 1986 3719 2039 σημαι-

2125 2055 2322 2107 νόντων
2362 2055 2461 2118 τὰς
2508 2055 2804 2127 ἰδιότητας,
2859 2057 3071 2127 ἀνάγκη
3115 2057 3179 2129 δή
3228 2075 3330 2111 που
3385 2064 3713 2131 συγχωρεῖν,

2126 2145 2280 2214 φησὶ,
2312 2145 2406 2199 καὶ
2425 2145 2524 2209 τὰς
2562 2146 2668 2201 τῶν
2691 2147 2889 2201 οὑσιῶν
2917 2147 3181 2219 διαφορὰς
3221 2151 3277 2200 ὲν
3306 2152 3429 2212 ταῖς
3454 2150 3565 2204 τῶν
3593 2151 3712 2205 ὀνο-

2129 2237 2313 2306 μάτων
2347 2238 2726 2310 παραλλαγαῖς
2755 2239 3173 2311 ἑρμηνεύεσθαι.
3207 2241 3363 2305 Τίνες
3399 2237 3493 2295 οὖν
3527 2244 3715 2299 αἰτῶν

2124 2328 2320 2382 οὐσιῶν
2349 2331 2746 2400 προσηγορίαι,
2775 2330 2840 2382 δι’
2882 2324 2956 2384 ὧν
2983 2332 3074 2384 ἐπὶ
3109 2333 3321 2402 Πατρδς
3348 2335 3443 2387 καὶ
3488 2335 3621 2388 Υἱοῦ
3653 2337 3718 2390 τὺ

2125 2419 2581 2489 παρηλλαγμένον
2626 2422 2877 2494 ἐδιδάχθη
2938 2423 3188 2492 φύσεως;
3239 2425 3356 2496 Πῦρ
3414 2425 3564 2495 λέγει
3617 2429 3717 2482 καὶ

2126 2508 2290 2580 ὕδωρ,
2322 2511 2418 2564 καὶ
2447 2510 2605 2582 ἀέρα,
2631 2515 2724 2566 καὶ
2749 2514 2873 2584 γῆν,
2903 2513 3109 2586 ψυχρόν
3138 2533 3197 2569 τε
3223 2519 3316 2570 καὶ
3345 2518 3570 2588 θερμὸν,
3596 2519 3719 2573 λευ-

2123 2598 2216 2650 κόν
2237 2615 2293 2649 τε
2321 2599 2412 2651 καὶ
2448 2600 2638 2669 μέλαν,
2665 2601 2929 2672 τρίγωνον
2961 2605 3055 2657 καὶ
3087 2605 3385 2678 περιφερές
3410 2621 3424 2636 ’
3459 2607 3719 2678 νενίκηκε

2122 2693 2233 2752 τοῖς
2277 2691 2688 2761 ὑποδείγμασιν·
2724 2692 2992 2763 ὑπερέσχε
3027 2697 3168 2748 κατά
3208 2697 3409 2766 κράτος
3430 2697 3510 2768 τῷ
3534 2698 3716 2770 λόγῳ,

2122 2783 2240 2834 οὐδὲ
2265 2784 2372 2852 γὰρ
2403 2783 2564 2846 αὑτὸς
2597 2783 2884 2853 ἀντιλέγω,
2911 2786 2981 2839 τὰ
3002 2787 3091 2840 διὰ
3124 2789 3334 2842 πάντων
3368 2789 3721 2861 ἀκοινώνητα

2120 2870 2228 2924 τῶν
2252 2872 2529 2940 ὀνομάτων
2551 2873 2647 2944 τὴν
2678 2875 2784 2927 τῶν
2807 2875 3021 2945 φύσεων
3043 2877 3308 2949 διαφορὰν
3341 2881 3719 2934 συνενδείκνυο

2124 2962 2266 3015 σθαι.
2341 2963 2498 3018 Ἀλλὰ
2553 2964 2727 3019 ταῦτα
2795 2967 2954 3038 μόνον
3002 2969 3101 3021 οὑκ
3156 2965 3294 3022 εἶδεν
3347 2973 3376 3023 ὀ
3431 2971 3559 3037 ὀξὺς
3613 2974 3713 3026 καὶ

2121 3053 2424 3124 διορατικὸς
2457 3055 2552 3126 τὴν
2579 3056 2854 3116 διάνοιαν.
2914 3059 2993 3111 ὅτι
3047 3059 3281 3112 ἐνταῦοα
3325 3061 3352 3113 ὃ
3418 3079 3480 3114 τε
3524 3063 3709 3134 Πατὴρ

451 3152 614 3218 Deus,
653 3163 707 3209 et
759 3153 929 3210 Filius
978 3153 1141 3218 Deus,
1191 3153 1490 3225 justnsque
1534 3163 1588 3209 et
1639 3155 2014 3226 incorruptus,

2123 3144 2287 3208 Θεὸς,
2343 3147 2434 3198 καὶ
2473 3123 2658 3211 ὀῠΥίὸς
2704 3148 2856 3212 Θεὸς,
2917 3151 3124 3214 δίκαιός
3165 3168 3222 3204 τε
3277 3154 3370 3206 καὶ
3407 3123 3715 3226 damage;

447 3257 499 3300 et
535 3246 717 3301 omnia
763 3246 1050 3317 theologia:
1083 3247 1304 3300 nomina
1332 3248 1616 3316 azqualiter
1659 3248 1726 3302 de
1763 3245 1923 3302 Patre
1966 3257 2020 3303 et

453 3337 594 3393 Filio
627 3337 920 3404 dicuntur;
953 3352 1125 3406 quare
1163 3337 1210 3391 si
1253 3336 1548 3391 discrimen
1588 3337 2017 3407 appellationum

448 3430 809 3486 differentiam
831 3436 1154 3483 naturarum
1188 3427 1476 3496 significat,
1501 3428 1869 3481 communitas
1896 3443 2011 3482 no—

447 3524 654 3575 minum
683 3520 933 3575 essentia:
968 3518 1413 3572 communionem
1457 3533 1686 3588 prorsus
1733 3518 2014 3573 indicabit.

446 3612 513 3665 Et
543 3611 588 3666 si
616 3609 1027 3665 concedendum
1066 3617 1152 3664 est
1177 3609 1419 3663 divinam
1461 3610 1757 3664 essentiam
1794 3626 1888 3680 per
1920 3627 2018 3664 no-

445 3703 595 3756 mina
627 3701 950 3772 significari,
983 3702 1085 3756 bas
1117 3702 1366 3758 excelsas
1399 3709 1453 3756 et
1485 3699 1595 3755 Deo
1626 3707 2018 3758 convenientes

447 3809 608 3849 voces
635 3793 833 3848 divinte
865 3803 1080 3850 natura:
1103 3794 1280 3863 magis
1308 3792 1554 3848 decuerit
1580 3795 2015 3859 accommodare,

443 3901 606 3954 quam
654 3885 821 3957 geniti
869 3894 922 3940 et.
970 3884 1196 3955 ingeniti
1258 3885 1818 3953 eognominationem.
1876 3887 2013 3953 Quia

446 3977 646 4030 bonum
686 3976 905 4046 quidem
935 3985 989 4028 et
1018 3978 1424 4044 incorruptum,
1456 3975 1666 4042 justum
1695 3963 1746 4028 et
1769 3975 2012 4044 sapiens,

440 4077 496 4124 et
533 4083 874 4138 quaecunque
931 4074 1059 4120 sunt
1101 4065 1368 4135 ejusmodi
1407 4066 1509 4120 soli
1545 4065 1764 4135 proprie
1797 4072 1850 4120 et
1884 4083 2015 4121 con-

443 4160 722 4215 venientcr
773 4159 1053 4228 superanti
1092 4173 1309 4211 omnem
1347 4165 1585 4211 mentem
1623 4165 1836 4211 natur-te
1877 4173 2010 4211 con-

439 4261 659 4322 gruunt.
717 4251 973 4306 Genitum
1023 4263 1151 4304 vero
1195 4248 1363 4303 etiam
1399 4263 1522 4303 cum
1567 4248 1652 4302 bis
1701 4264 1822 4317 qua:
1871 4250 2013 4303 inter

439 4342 730 4397 inferiores
777 4349 1060 4396 creaturas
1118 4347 1247 4394 sunt
1293 4338 1508 4404 viliora,
1567 4339 1803 4395 nominis
1849 4339 2014 4394 habet

440 4434 919 4500 communionem,
950 4433 1220 4502 siquidem
1242 4446 1430 4486 canem
1461 4440 1515 4486 et
1557 4447 1744 4485 ranam
1775 4432 2009 4502 genitam

437 4527 698 4591 dicimus,
725 4533 776 4581 et
811 4525 994 4580 omnia
1035 4539 1155 4594 qua:
1186 4539 1282 4594 per
1313 4523 1716 4594 generationem
1748 4523 1800 4576 itt
1838 4523 2011 4577 lucem

435 4618 694 4672 eduntur.
737 4616 880 4682 Quin
929 4615 1093 4671 etiam
1131 4615 1234 4669 boc
1286 4629 1506 4676 nomen,
1532 4614 1860 4685 ingenitum,
1895 4629 2001 4667 non

445 4708 622 4762 solum
651 4708 718 4762 de
749 4723 815 4763 eo
846 4707 991 4778 quod
1019 4707 1139 4761 sine
1172 4721 1337 4761 causa
1361 4705 1615 4761 subsistit
1648 4704 1873 4767 dicitur,
1912 4705 2006 4760 sed

443 4799 610 4853 etiam
645 4814 768 4852 cum
802 4815 866 4854 eo
897 4797 1043 4869 quod
1086 4811 1192 4851 non
1227 4795 1464 4863 exsistit,
1499 4796 1659 4852 habet
1699 4797 2008 4851 necessitu—

437 4885 658 4940 dinem:
686 4887 960 4956 ingenitus
990 4888 1154 4941 etiam
1185 4885 1387 4939 dicitur
1422 4886 1844 4957 scindapsus(a)
1876 4910 1886 4940 :
1923 4887 2006 4940 in-

433 4976 650 5047 genitus
670 4984 722 5030 et
744 4975 1103 5038 Minotaurus,
1135 4975 1315 5048 Scylla
1337 4986 1390 5031 et
1412 4976 1701 5043 Cbimazra,
1726 4994 1834 5031 non
1863 4978 2005 5046 quod

437 5068 684 5139 ingenito
725 5068 887 5120 modo
921 5083 980 5123 se
1033 5068 1292 5130 habeant,
1345 5069 1438 5125 sed
1493 5069 1622 5136 quia
1676 5083 1742 5122 ne
1788 5068 2006 5137 quidem

432 5160 659 5218 omnino
701 5159 754 5212 in
802 5174 985 5211 rerum
1029 5166 1222 5210 natura
1259 5159 1389 5214 sint.
1439 5157 1494 5210 Si
1532 5158 1697 5226 igitur
1736 5159 2006 5211 diviniora

432 5253 657 5308 nomina
687 5250 826 5306 Filio
862 5264 985 5304 cum
1028 5247 1188 5302 Patre
1214 5258 1343 5302 sunt
1371 5249 1682 5302 communia
1702 5289 1716 5312 ,
1737 5264 1997 5318 qumcun-

431 5361 539 5414 que
573 5353 754 5400 autem
790 5343 872 5397 vel
908 5357 1031 5396 cum
1073 5355 1138 5394 eo
1170 5340 1314 5410 quod
1363 5341 1586 5392 omnino
1626 5356 1733 5394 non
1766 5342 2004 5404 exsistit,

428 5437 516 5492 vel
542 5453 668 5492 cum
702 5437 1002 5491 humilibus
1035 5443 1089 5489 et
1113 5433 1344 5504 abjectis
1367 5433 1605 5488 nominis
1633 5433 1832 5487 habent
1854 5451 2003 5488 com-

430 5531 772 5596 munionem,
817 5529 933 5585 haec
977 5529 1318 5599 discrepant;
1368 5527 1592 5582 robusta
1639 5543 1771 5584 sane
1801 5537 1992 5583 contra

2124 3236 2218 3288 καὶ
2257 3236 2432 3289 πάντα
2465 3238 2534 3291 τά
2579 3238 2679 3309 τῆς
2739 3241 3016 3310 θεολογίας
3069 3243 3308 3312 ὀνόματα
3335 3249 3476 3299 κατὰ
3501 3247 3565 3298 τὸ
3597 3245 3720 3302 ἴσον

2121 3328 2212 3380 ἐπί
2243 3345 2299 3380 τε
2331 3328 2540 3400 Πατρὺς
2579 3331 2671 3384 καὶ
2707 3332 2836 3385 Υίοῢ
2881 3333 3125 3402 λέγεται·
3150 3334 3290 3388 ὥστε
3323 3338 3371 3388 εἰ
3399 3338 3460 3390 τὸ
3493 3340 3718 3409 παρηλ-

2121 3418 2391 3488 λαγμένον
2456 3419 2564 3473 τῶν
2617 3424 2998 3495 προσηγοριῶν
3026 3427 3123 3495 τὴν
3152 3426 3416 3498 διαφορὰν
3453 3431 3720 3500 σημαίνει

2120 3510 2228 3563 τῶν
2263 3510 2476 3579 φύσεων
2496 3529 2508 3541 ·
2542 3514 2575 3584 ἡ
2606 3514 2850 3584 κοινότης
2872 3514 2980 3567 τῶν
2999 3515 3278 3584 ὀνομάτων
3300 3522 3362 3571 τὸ
3395 3521 3575 3574 κοινὸν
3605 3523 3718 3592 τῆς

2119 3602 2307 3665 οὐσίας
2359 3605 2579 3680 πάντως
2633 3604 2943 3670 ἐνδείξεται,
3001 3607 3108 3660 Καὶ
3162 3611 3211 3660 εί
3266 3608 3371 3680 χρὴ
3418 3611 3721 3667 συνθέσθαι

2120 3695 2216 3764 τὴν
2240 3695 2383 3748 θείαν
2410 3695 2596 3748 οὑσίαν
2624 3696 2689 3749 δι’
2717 3697 2996 3768 ὀνομάτων
3033 3699 3356 3770 μηνὺεσθαι,
3394 3703 3606 3769 πρέπον
3644 3705 3722 3759 ἂν

2120 3787 2204 3858 εἴη
2229 3787 2326 3851 τὰς
2352 3788 2559 3858 ὑψηλὰς
2605 3787 2808 3852 ταύτας
2837 3790 2930 3842 καὶ
2970 3789 3290 3862 θεοπρεπεῖς
3319 3794 3504 3862 φωνὰς
3535 3797 3721 3868 ἐφαρ-

2122 3881 2306 3949 μόζειν
2329 3883 2394 3952 τῇ
2427 3881 2546 3952 θείᾳ
2567 3881 2726 3951 φύσει
2749 3882 2969 3951 μᾶλλον,
2999 3883 3030 3954 ἢ
3059 3884 3156 3956 τὴν
3186 3883 3278 3938 τοῦ
3307 3888 3572 3957 γεννητοῦ
3613 3893 3722 3944 καὶ

2118 3969 2412 4039 ἀγεννήτου
2465 3971 2800 4040 ἐπωνυμίαν.
2855 3972 2978 4024 Ὅτι
3037 3973 3099 4025 τὸ
3145 3977 3241 4045 μὲν
3288 3977 3492 4044 ἀγαθόν
3517 3997 3578 4032 τε
3611 3982 3725 4035 καὶ

2118 4062 2408 4131 ἄφθαρτον,
2449 4061 2652 4115 δίκαιόν
2669 4080 2727 4114 τε
2762 4063 2856 4116 καὶ
2889 4064 3070 4133 σοφὸν,
3106 4069 3198 4119 καὶ
3223 4069 3322 4120 ὅσα
3349 4071 3576 4124 τοιαῦτα
3607 4075 3716 4142 μό·-

2121 4169 2184 4222 νῃ
2219 4152 2509 4222 προσφυῶς
2543 4155 2608 4223 τῇ
2653 4154 2990 4225 ὑπερεχούσῃ
3030 4156 3202 4209 πάντα
3232 4161 3357 4211 νοῦν
3396 4161 3723 4232 ἐφαρμόζε-

2120 4261 2208 4296 ται
2241 4242 2419 4312 φύσει.
2479 4244 2550 4296 Τὸ
2592 4243 2648 4296 δὲ
2676 4245 2931 4314 γεννητὸν
2964 4247 3058 4300 καὶ
3106 4249 3239 4318 πρὸς
3283 4250 3352 4303 τὰ
3381 4251 3573 4323 εὐτελῆ
3603 4255 3722 4324 τῆς

2120 4336 2270 4388 κάτω
2307 4335 2537 4398 κτίσεως
2580 4334 2677 4406 τὴν
2729 4338 3048 4409 ὁμωνυμίαν
3096 4340 3238 4410 ἔχει’
3285 4344 3546 4413 γεννητὸν
3593 4347 3722 4417 γάρ

2121 4444 2302 4495 φαμεν
2341 4427 2434 4478 καὶ
2499 4425 2635 4480 κύνα
2695 4429 2787 4481 καὶ
2830 4427 3117 4500 βάτραχον,
3160 4433 3255 4486 καὶ
3280 4434 3460 4487 πάντα
3489 4437 3589 4489 ὅσα
3614 4438 3722 4493 διὰ

2123 4517 2427 4584 γεννήσεως
2451 4514 2562 4586 ἔχει
2585 4515 2682 4588 τὴν
2713 4519 2962 4590 πάροδον.
2981 4520 3140 4575 Ἀλλὰ
3167 4522 3259 4576 καὶ
3280 4523 3339 4576 τὸ
3365 4523 3723 4594 ἀγέννητον

2119 4607 2305 4676 ὄνομα,
2341 4608 2399 4659 οὑ
2423 4608 2580 4677 μόνον
2609 4608 2702 4661 ἐπὶ
2725 4607 2819 4661 τοῦ
2846 4609 2972 4664 ἄνευ
3001 4612 3180 4675 αἰτίας
3204 4613 3510 4680 ὑφεστῶτος
3543 4617 3719 4684 λέγε-

2117 4716 2228 4759 ται,
2259 4698 2393 4752 ἀλλὰ
2425 4700 2517 4751 καὶ
2571 4699 2708 4771 πρὸς
2756 4700 2816 4753 τὸ
2846 4701 3190 4774 ἀνύπαρκτον
3223 4703 3334 4776 ἕχει
3374 4707 3472 4776 τὴν
3497 4710 3719 4763 ciust-5-

2115 4809 2282 4862 τηταο
2315 4792 2606 4862 ἁγέννητος
2642 4792 2976 4860 λέγεταικαὶ
3003 4797 3030 4848 ὁ
3053 4794 3364 4865 σκινδαψός·
3400 4799 3719 4870 ἀγέννητας

2112 4884 2139 4935 ὁ
2173 4882 2544 4952 Μινεὶιταυρος,
2573 4885 2605 4954 ἡ
2639 4883 2866 4951 Σκύλλα,
2895 4889 2926 4956 ή
2963 4887 3228 4958 Χίμαιρα,
3263 4888 3322 4941 οὑ
3345 4889 3424 4958 τῷ
3458 4892 3676 4964 ἀγεννῆ

2111 4991 2216 5036 τως
2241 4971 2398 5036 εἶναι,
2427 4974 2560 5027 ἀλλὰ
2583 4974 2659 5044 τῷ
2696 4975 2768 5046 μὴ
2787 4977 3038 5043 γενέσθαι
3064 4977 3218 5040 ὅλως.
3245 4979 3305 5031 El
3329 4977 3424 5032 οὖν
3457 4982 3526 5034 τὰ
3557 4983 3712 5036 θειό-

2109 5083 2241 5135 τερα
2283 5065 2391 5120 τῶν
2424 5069 2699 5136 ὀνομάτων
2714 5069 2865 5121 κοινᾶ
2899 5068 2976 5139 τῷ
2999 5069 3112 5140 Υίῷ
3134 5069 3270 5138 πρὸς
3305 5070 3396 5123 τὸν
3429 5073 3665 5145 Πατέρα.
3695 5091 3714 5103 ·

2108 5158 2176 5210 τὰ
2207 5158 2260 5210 δὲ
2286 5159 2438 5229 δσαῆ
2478 5159 2610 5231 πρὸς
2629 5159 2688 5212 τὸ
2726 5159 3090 5231 ἀνύπαρκτον,
3122 5161 3154 5233 ἢ
3185 5162 3318 5234 πρὸς
3350 5163 3420 5216 τὰ
3460 5168 3718 5220 ταπεινὰ

2107 5254 2204 5324 τὴν
2237 5254 2553 5323 ὁμωνυμίαν
2607 5254 2739 5324 ἔχει,
2768 5255 2940 5308 ταῦτα
2981 5256 3356 5328 παρήλλακται
3383 5272 3394 5284 ·
3425 5259 3457 5328 ἡ
3492 5260 3716 5328 ἰσχυρὰ

2109 5347 2202 5401 τοῦ
2233 5348 2494 5416 Εὑνομίου
2523 5347 2642 5400 καθ’
2671 5347 2825 5417 ἡμῶν
2869 5348 3226 5418 ἐπιχείρησις,
3261 5348 3397 5417 αὑτὴ
3429 5349 3716 5416 κρατύνει

2110 5438 2237 5507 τῆς²
2262 5438 2514 5508 ἀληθείας
2570 5438 2630 5490 τὸ
2681 5438 2874 5509 δόγμα,
2929 5439 3198 5510 μηδεμίαν
3228 5435 3367 5492 εἶναι
3408 5441 3552 5493 nati
3587 5442 3715 5510 τὴν

2111 5531 2270 5601 φύσιν
2307 5529 2568 5600 διασοράν
2627 5530 2993 5602 μαρτυροῦσα,
3021 5531 3109 5584 διὰ
3149 5532 3208 5584 τὸ
3245 5531 3376 5604 μηδὲ
3419 5533 3532 5595 τοῖς
3576 5533 3716 5587 ὀνό-

507 5706 584 5778 (α)
621 5705 952 5778 δυίῐιὼψειιε
997 5727 1103 5768 vox
1150 5712 1359 5783 fictitia,
1407 5728 1528 5785 qute
1569 5714 1708 5772 nihil
1757 5730 1950 5773 revera
1989 5712 2262 5772 cxsistcns
2293 5716 2587 5788 significat,
2617 5722 2674 5770 ut
2697 5713 3066 5788 tragelaphus.
