4034 6156
361 221 462 276 757

1493 226 1772 284 CONTRA
1813 227 2207 296 EUNOMIUM,
2249 231 2377 287 LIB.
2424 232 2533 290 VII.

3511 237 3614 296 τεο

355 339 489 409 μασί
513 354 635 391 τινα
660 337 1008 410 παραλλαγὴν
1042 338 1392 412 καθορᾶσθαι.
1436 343 1498 395 Εἰ
1523 343 1579 397 δὲ
1605 345 1663 398 ἐν
1700 343 1775 416 τῷ
1810 363 1931 414 γεν-

2039 365 2140 406 nos
2181 348 2433 402 Euuomii
2483 348 2910 420 argumentatio,
2965 349 3084 422 ipsa
3119 351 3365 408 ‘veritatis
3408 351 3610 423 dogma
3670 375 3679 384 ί

353 429 502 500 νητῷ
544 431 636 483 καὶ
669 431 945 501 ἀγεννήτῳ
979 431 1040 484 τὺ
1071 432 1326 504 διάφορον
1362 433 1459 503 τῆς
1492 435 1679 499 οὑσίας
1701 436 1928 501 τίθεται,

352 518 429 581 ὡς
458 520 536 588 τῷ
565 521 694 590 πυρὶ
726 521 819 574 καὶ
855 523 932 592 τῷ
962 521 1113 578 ὕδατι
1131 541 1142 553 ·
1184 525 1278 578 καὶ
1314 525 1485 587 οὕτως
1512 525 1685 580 οἴεται
1716 529 1784 581 τὰ
1813 529 1932 583 ὀνό-

355 628 500 679 ματα
536 611 656 665 καθ’
677 613 971 685 ὁμοιότητα
1013 616 1122 669 τῶν
1145 619 1202 670 ὲν
1233 619 1346 681 τοῖς
1367 618 1758 687 ὑποδείγμασιν
1784 623 1935 691 εἰρη-

355 703 532 772 μένων
586 703 909 770 διακεῖσθαι,
975 706 1052 770 ώς
1103 706 1180 777 τῷ
1210 709 1344 777 πυρὶ
1386 708 1479 761 καὶ
1506 708 1585 778 τῷ
1616 707 1767 761 ὕδατι
1799 709 1934 780 πρὸς

351 793 577 865 ἄλληλα,
614 795 776 850 πάλιν
829 797 1062 853 ἐνταῦθα
1113 799 1174 852 τὸ
1206 799 1431 870 φρικτὸν
1460 801 1558 870 τῆς
1586 799 1934 870 βλασφημίας

351 886 445 940 καὶ
496 887 826 942 σιωπώντων
859 889 1016 962 ἡμῶν
1053 892 1516 963 φανεροθήσεται.
1559 891 1633 944 Τὸ
1667 890 1782 962 πῦρ
1825 890 1934 964 γὰρ

351 979 447 1032 καὶ
476 979 620 1050 ὕδωρ
693 980 996 1052 φθαρτικὴν
1043 987 1162 1037 κατ’
1193 983 1439 1054 ἀλλήλων
1480 984 1770 1056 τὴνφύσιν
1798 983 1932 1056 ἔχει,

353 1069 448 1122 καὶ
481 1071 609 1134 ἴσως
646 1071 916 1142 ἑκάτερον·
961 1074 1020 1125 ἐν
1049 1073 1128 1145 τῷ
1161 1074 1333 1146 ἑτέρῳ
1365 1074 1678 1145 γενόμενον,
1718 1077 1784 1146 τῇ
1817 1077 1935 1128 ἐπι-

351 1162 616 1232 κρατήσει
655 1162 749 1216 τοῦ
799 1163 1181 1230 πλεονάζοντος
1222 1164 1523 1236 φθείρεται,
1572 1168 1632 1220 Ei
1671 1163 1766 1220 οὖν
1793 1166 1935 1220 οῦτω

351 1253 627 1308 διεστάναι
655 1254 749 1308 τοῦ
779 1256 1074 1328 ἀγεννήτου
1111 1257 1212 1329 τὴν
1232 1257 1393 1326 φύσιν
1422 1259 1558 1329 πρὸς
1578 1259 1676 1330 τὴν
1704 1259 1796 1313 τοῦ
1830 1261 1936 1314 Μο-

349 1345 598 1413 νογενοῦς
626 1346 958 1417 δογματίζει,
996 1349 1213 1413 πάντως
1240 1350 1334 1402 καὶ
1359 1350 1458 1422 τὴν
1489 1351 1795 1423 φθαρτικὴν
1806 1354 1935 1405 ταὺ-

351 1455 454 1505 την
478 1438 825 1510 ἐναντιότητα
865 1443 932 1511 τῇ
969 1440 1290 1512 παραλλαγῇ
1326 1443 1435 1496 τῶν
1462 1443 1664 1496 οὑσιιῖιν
1699 1444 1935 1514 ἐνυπάρσ

351 1545 468 1598 χειν
500 1529 640 1581 κατά
669 1529 729 1582 τὸ
750 1530 1038 1584 ἀκόλουθον
1059 1532 1271 1586 δίδωσιν
1291 1549 1304 1564 ⁸
1325 1533 1402 1595 ὡς
1420 1533 1734 1604 ἀσύμϐατον
1755 1537 1936 1589 αὐτῶν

348 1619 437 1671 διὰ
473 1619 663 1672 τούτου
704 1623 798 1674 καὶ
833 1621 1195 1693 ἀκοινώνητον
1229 1620 1368 1680 εἶναι
1397 1626 1496 1698 τὴν
1518 1626 1697 1696 φύσιν,
1737 1628 1828 1682 καὶ
1852 1631 1935 1682 ὲν·

2035 439 2359 504 conﬁrmat,
2415 440 2619 494 nullam
2658 454 2782 498 esse
2815 442 3116 498 secundum
3170 450 3426 497 naturam
3457 441 3614 498 dilic-

2037 533 2619 598 rentiamtestiﬂcaus,
2651 534 2779 605 quia
2811 534 2867 588 in
2893 535 3209 590 nominibus
3235 534 3385 589 nulla
3414 533 3611 590 immu-

2035 626 2192 690 tatio,
2245 625 2361 682 sive
2394 627 2768 697 discrepantia
2806 641 3084 685 cernatur.
3133 628 3288 696 Quod
3329 626 3375 683 si
3426 629 3480 682 in
3529 629 3615 686 his

2035 720 2373 783 nominibus,
2407 721 2574 791 geniti
2612 722 2825 779 scilicet
2856 731 2910 776 et
2935 721 3190 792 ingeniti,
3216 720 3468 776 essentia:
3499 720 3616 776 dis-

2035 811 2244 880 crimen
2279 812 2682 881 ponitur.sicut
2719 812 2773 866 in
2803 813 2927 883 igne
2952 823 3008 868 et
3033 828 3202 884 aqua,
3235 812 3430 884 sicque
3462 819 3618 882 putat

2034 901 2284 966 nomina,
2325 917 2421 972 per
2465 903 2887 959 similitudinem
2935 920 3125 961 eorum
3177 920 3300 976 qua:
3335 907 3390 960 in
3431 920 3618 960 exem-

2036 991 2143 1061 plis
2171 993 2318 1046 dicta
2362 1003 2513 1058 sum,
2571 994 2714 1049 inter
2766 1010 2828 1052 se
2877 995 3045 1061 afﬁci,
3100 996 3249 1052 sicut
3288 996 3342 1050 in
3389 997 3515 1067 igne
3563 1003 3618 1051 et

2035 1098 2180 1152 aqua
2215 1084 2356 1140 inter
2391 1101 2450 1142 se
2479 1085 2714 1142 invicem
2746 1107 2761 1143 :
2798 1104 2994 1146 rursus
3028 1089 3119 1144 hic
3147 1088 3434 1145 horribilis
3466 1087 3616 1144 blas-

2039 1176 2256 1244 phemia
2323 1179 2488 1233 etiam
2558 1181 2870 1237 tacentibus
2925 1182 3086 1239 nobis
3144 1181 3613 1238 manifestabitur.

2039 1265 2185 1337 Ignis
2219 1269 2366 1323 enim
2399 1278 2454 1324 et
2488 1286 2631 1340 aqua
2668 1273 3043 1343 corruptivam
3087 1273 3231 1328 inter
3266 1289 3326 1330 se
3358 1284 3614 1328 naturam

2039 1359 2261 1423 habent,
2296 1371 2351 1416 et
2403 1361 2639 1420 fortasse
2683 1365 3008 1421 alterutrum
3046 1365 3103 1420 in
3143 1366 3317 1420 altero
3362 1366 3490 1420 dum
3520 1366 3614 1426 sit,

2037 1450 2266 1506 victoria
2309 1456 2696 1524 exsuperantis
2733 1460 3128 1527 corrumpitur.
3175 1457 3234 1512 Si
3271 1457 3436 1527 igitur
3468 1457 3618 1526 inge-

2039 1543 2138 1596 nili
2163 1555 2414 1600 naturam
2445 1563 2568 1601 cum
2594 1557 2790 1603 natura
2821 1547 3093 1620 Unigeniti
3120 1549 3387 1606 dissidere
3425 1549 3610 1610 docet,

2040 1637 2267 1693 omnino
2308 1639 2472 1694 etiam
2531 1641 2673 1698 hanc
2744 1643 3117 1712 corruptivam
3173 1641 3618 1698 contrarietatem

347 1710 692 1766 δαπανᾶσθαι
714 1712 795 1782 τῷ
814 1714 984 1785 ἑτέρῳ
1004 1715 1067 1769 τὸ
1085 1715 1297 1788 ἕτερον,
1327 1720 1378 1773 εί
1397 1720 1454 1772 ἐν
1483 1719 1734 1791 ἀλλήλοις
1755 1721 1931 1792 ἀμφό-

2037 1727 2110 1782 ob
2150 1730 2515 1785 essentiarum
2571 1732 2936 1788 dill‘ereutiam
2993 1735 3175 1790 inesse
3221 1750 3286 1789 ex
3348 1747 3617 1787 consecu-

347 1821 486 1875 τερα
517 1805 550 1876 ἢ
583 1807 698 1876 μετ’
727 1805 974 1877 ἀλλήλων
1000 1807 1264 1876 γένοιντο.

2039 1819 2189 1874 tione
2215 1820 2309 1876 dat
2338 1840 2351 1876 :
2407 1822 2480 1876 ita
2516 1833 2574 1877 ut
2609 1832 2894 1894 propterea
2926 1832 3121 1880 natura
3163 1827 3402 1896 ipsorum
3441 1824 3607 1876 mini-

352 1911 440 1949 me
479 1896 773 1951 convenire
808 1905 864 1951 et
917 1897 1114 1953 sociari
1174 1898 1405 1968 possit,
1475 1899 1818 1970 alterumque
1877 1904 1944 1959 ab
1983 1907 2154 1964 altero
2208 1911 2564 1980 absumatur,
2616 1916 2662 1971 si
2701 1917 2754 1970 in
2806 1933 2864 1972 se
2939 1916 3172 1971 invicem
3233 1923 3461 1985 utraque
3531 1912 3616 1968 vel

352 2002 458 2043 una
485 1987 650 2042 simul
682 1988 906 2044 fuerint.

423 2075 544 2138 Πῶς
564 2073 656 2132 οὖν
690 2081 747 2132 ὲν
773 2079 852 2150 τῷ
880 2080 1053 2152 Πατρὶ
1073 2083 1103 2136 ὁ
1138 2082 1283 2148 Υἱὸς,
1308 2084 1400 2136 καὶ
1426 2083 1487 2135 οὐ
1516 2083 1812 2156 φθείρεται,
1837 2086 1930 2139 καί

353 2168 470 2230 πῶς
495 2171 553 2220 ἐν
581 2169 657 2239 τῷ
687 2171 799 2241 Υίῷ
821 2173 849 2225 ὁ
868 2173 1057 2244 Πατὴρ
1097 2173 1196 2238 ὢν,
1235 2176 1314 2237 είς
1337 2174 1400 2228 τὸ
1437 2175 1679 2245 διηνεκὲς
1717 2177 1930 2246 ἀντέχει

356 2261 430 2330 μὴ
481 2261 886 2334 δαπανώμενος,
933 2265 1093 2338 είπερ
1135 2267 1168 2337 ή
1202 2265 1296 2320 τοῦ
1322 2267 1494 2339 πυρὸς
1518 2267 1654 2338 πρὸς
1697 2267 1753 2321 τὸ
1786 2266 1932 2337 ὕδωρ

356 2353 552 2424 ίδιότης
585 2357 678 2408 καὶ
711 2358 771 2410 ἐν
797 2359 862 2428 τῇ
903 2357 998 2411 τοῦ
1043 2358 1300 2430 γεννητοῦ
1350 2359 1488 2430 πρὸς
1535 2359 1595 2414 τὸ
1639 2361 1932 2430 ἀγέννητον

352 2445 672 2510 διασώζεται
721 2449 924 2519 σχέσει,
975 2450 1156 2514 καθώς
1187 2467 1351 2521 φησιν
1380 2453 1410 2504 ὁ
1445 2451 1745 2522 Εὑνόμιος;
1794 2451 1930 2504 Ἀλλ’

354 2535 480 2590 οὔτε
504 2538 608 2608 γῆς
638 2539 773 2610 πρὺς
800 2540 938 2610 ἀέρα
963 2542 1246 2596 κοινωνίαν
1274 2544 1304 2596 δ
1329 2543 1483 2611 λόγος
1515 2543 1700 2613 βλέπει
1725 2561 1738 2576 ·
1777 2545 1808 2613 ἠ
1837 2543 1934 2613 μὲν

356 2627 486 2700 γὰρ,
505 2630 740 2702 σταθερά
754 2633 848 2686 καὶ
872 2633 1136 2706 ἐμϐριθὴς
1159 2635 1253 2688 καὶ
1267 2635 1557 2699 ἀντίτυπος
1574 2636 1668 2690 καὶ
1692 2650 1935 2702 κατωφε-

355 2720 455 2792 ρὴς
489 2723 583 2775 καὶ
609 2723 821 2794 βαρεῖα,
843 2724 922 2794 τῷ
939 2723 994 2778 δὲ
1023 2725 1145 2796 ἀέρι
1172 2727 1236 2779 ὲκ
1267 2725 1378 2779 τῶν
1407 2727 1662 2780 ἐναντίων
1685 2729 1718 2798 ἡ
1749 2726 1929 2796 φύσις.

365 2815 596 2885 Ὁμοίως
617 2817 679 2868 τὸ
699 2815 890 2868 λευκὸν
913 2815 1006 2869 καὶ
1019 2816 1082 2868 τὸ
1105 2816 1269 2886 μέλαν
1291 2819 1348 2869 ὲν
1369 2820 1435 2887 τῇ
1467 2817 1796 2888 ὲναντιότητι
1819 2818 1931 2872 τῶν

353 2907 659 2976 χρωμάτων
679 2907 1012 2978 εὑρίσκεται.
1045 2907 1153 2960 Καὶ
1172 2906 1251 2977 τῷ
1274 2906 1526 2977 τριγώνῳ
1550 2908 1610 2960 τὸ
1639 2909 1932 2979 περιφερὲς

355 2999 432 3069 μὴ
456 2997 651 3052 ταὺτὺν
675 2993 814 3054 εἶναι
837 2998 1159 3052 συντίθεται*
1178 2998 1354 3052 ἐκεῖνο
1368 2999 1476 3068 γάρ
1495 3000 1644 3052 ἐστιν
1670 2999 1930 3070 ἑκάτερον

350 3092 412 3143 ὲν
442 3090 521 3161 τῷ
545 3090 688 3161 λόγῳ
717 3090 812 3143 τοῦ
847 3091 1145 3160 σχήματος,
1174 3091 1312 3161 ὅπερ
1335 3091 1435 3144 οὑκ
1463 3090 1578 3144 ἔστι
1616 3089 1680 3143 τὸ
1725 3091 1930 3161 ἕτερον.

363 3182 486 3235 Ἐπὶ
529 3181 586 3234 δὲ
635 3180 772 3236 θεοῦ
800 3181 892 3234 τοῦ
931 3181 1161 3252 Πατρὸς,
1191 3183 1286 3236 καὶ
1317 3182 1452 3235 Θεοῦ
1479 3182 1572 3234 τοῦ
1595 3182 1934 3249 Μονογενοῦς

349 3274 503 3331 Υίοῦ.
537 3275 679 3329 κατά
713 3275 764 3327 τί
814 3275 1000 3345 βλέπει
1033 3275 1131 3346 τὴν
1169 3275 1502 3340 ἐναντίωσιν,
1533 3274 1630 3345 οὑχ
1671 3274 1930 3344 εὑρίσκω.

363 3366 660 3434 ’Λγαθότης
683 3365 802 3436 μία,
823 3365 1003 3433 σοφία,
1021 3365 1354 3434 δικαιοσύνη,
1380 3365 1662 3436 φρόνησις,
1681 3365 1930 3435 δύναμις,

348 3459 649 3530 ἀφθαρσία,
671 3459 740 3513 τὰ
759 3459 894 3515 ἄλλα
934 3457 1111 3515 πάντα
1136 3459 1237 3513 ὅσα
1259 3463 1358 3530 τῆς
1387 3459 1592 3530 ὑψηλῆς
1614 3459 1730 3512 ἐστι
1755 3475 1932 3530 σημαυ

351 3553 494 3619 σίας,
528 3553 613 3623 ἔφ’
636 3552 896 3624 ἑκατέρου
927 3550 1188 3614 ὡσαύτως
1224 3550 1783 3622 λέγεται,καὶτρόπον
1809 3549 1933 3604 τινὰ

349 3648 408 3698 ὲν
431 3645 509 3716 τῷ
533 3645 705 3718 ἑτέρῳ
729 3644 790 3697 τὺ
809 3644 994 3715 ἕτερον
1028 3640 1127 3712 τὴν
1162 3643 1316 3714 ίσχὺν
1343 3642 1474 3713 ἔχει.
1507 3642 1575 3694 Ὅ
1597 3659 1656 3694 τε
1688 3641 1797 3713 γὰρ
1828 3645 1933 3696 Πα-

350 3738 454 3808 τὴρ
477 3737 566 3792 διὰ
587 3737 680 3790 τοῦ
713 3735 843 3790 Υίοῦ
875 3736 945 3790 τὰ
971 3735 1148 3789 πάντα
1173 3736 1333 3798 ποιεί,
1367 3735 1397 3788 ὅ
1425 3751 1483 3787 τε
1512 3733 1819 3803 Μονογενὴς
1842 3732 1933 3787 δύ-

349 3829 514 3901 ναμις
537 3829 612 3883 ὣν
635 3827 730 3882 τοῦ
762 3829 993 3898 Πατρδς,
1027 3829 1084 3881 ὲν
1103 3825 1282 3896 ἑαυτῷ
1301 3825 1362 3879 τὸ
1386 3827 1495 3880 πᾶν
1516 3826 1928 3895 κατεργάζεται.

351 3926 485 3978 Τίνα
503 3923 683 3976 τοίνυν
717 3923 904 3992 χρείαν
934 3922 1132 3992 πληροῖ
1169 3919 1280 3991 πῦρ
1307 3935 1366 3972 τε
1410 3919 1505 3972 καὶ
1527 3917 1672 3988 ὕδωρ
1693 3918 1772 3981 είς
1797 3919 1932 3972 ἀπό-

347 4018 516 4085 δειξιν
559 4015 659 4086 τῆς
705 4014 799 4066 ἐπὶ
823 4012 952 4067 Υίοῦ
975 4029 1036 4065 τε
1067 4013 1161 4066 καὶ
1190 4010 1400 4082 Πατρὸς
1439 4010 1580 4063 κατά
1609 4011 1708 4080 τὴν
1746 4011 1933 4065 οὑσίαν

351 4108 778 4179 ἀλλοτριότητος,
821 4104 917 4159 καὶ
947 4104 1030 4169 τίς
1055 4105 1084 4158 ὀ
1117 4102 1335 4175 ίσχυρὸς
1373 4103 1578 4165 ἐκεῖνος
1622 4103 1716 4155 καὶ
1760 4102 1932 4174 ἀπόρ-

354 4204 514 4272 ρνιιτος
537 4198 710 4267 λόγος,
733 4197 861 4252 ὁδιά
879 4194 1086 4248 τούτων
1113 4192 1565 4264 ἀποδεικνύμενος
1587 4209 1601 4258 ;
1637 4193 1795 4246 Ἀλλὰ
1813 4192 1934 4246 τολ-

355 4291 565 4362 μηροὺς
592 4291 737 4362 ἡμᾶς
753 4287 1002 4359 ὀνομάζει
1021 4285 1120 4357 τήν
1137 4303 1197 4340 τε
1217 4285 1312 4356 τῆς
1343 4283 1554 4353 φύσεως
1576 4285 1798 4356 ἑνότητα
1831 4286 1931 4358 (τι),

2108 2089 2390 2155 Quomodo
2413 2091 2577 2160 igitur
2612 2091 2664 2146 in
2697 2091 2858 2148 Patre
2890 2091 3062 2148 Filius
3085 2107 3192 2147 non
3221 2091 3610 2160 corrumpitur,

2037 2186 2091 2231 et
2120 2179 2392 2248 quomodo
2429 2179 2589 2236 Pater
2633 2181 2725 2251 qui
2768 2189 2852 2238 est
2903 2182 2956 2236 in
2999 2181 3136 2237 Filio
3193 2182 3246 2236 in
3297 2189 3613 2251 perpetuum

2038 2268 2244 2323 resistit
2275 2284 2384 2324 non
2432 2271 2777 2339 absumptus,
2809 2270 3076 2340 siquidem
3125 2271 3428 2341 proprietas
3475 2268 3616 2339 ignis

2040 2365 2102 2417 ad
2143 2378 2361 2434 aquam,
2399 2365 2562 2420 etiam
2592 2365 2647 2418 in
2677 2379 2740 2420 ea
2763 2380 2883 2435 qua:
2911 2374 2995 2420 est
3017 2365 3182 2436 geniti
3202 2380 3325 2419 cum
3378 2363 3618 2434 ingenito

2038 2455 2299 2511 relatione
2327 2465 2597 2521 servatur,
2625 2457 2767 2513 sicut
2795 2458 2870 2511 ait
2902 2456 3241 2513 Eunomius?
3270 2456 3375 2511 Sed
3434 2472 3612 2526 neque

2031 2561 2150 2604 eam
2181 2563 2300 2616 qua:
2331 2556 2415 2604 est
2443 2557 2600 2604 terra:
2632 2563 2756 2604 cum
2807 2565 2931 2604 acre
2957 2551 3400 2604 communionem
3435 2564 3616 2602 sermo

2031 2645 2265 2707 spectat,
2289 2638 2558 2708 siquidem
2600 2648 2744 2694 terra
2795 2640 3028 2701 stabilis,
3089 2639 3286 2699 solida,
3347 2640 3612 2703 renitens,

2030 2727 2234 2797 gravis,
2282 2727 2538 2782 deorsum
2587 2726 2835 2790 tendens,
2870 2729 2982 2781 aeri
3036 2743 3162 2782 vero
3190 2745 3253 2782 ex
3315 2727 3614 2784 contrariis

2035 2826 2231 2872 natura
2267 2819 2428 2874 inest.
2461 2816 2724 2876 Similiter
2747 2819 2928 2872 album
2963 2830 3017 2872 et
3043 2819 3254 2887 nigrum
3286 2819 3338 2872 in
3367 2819 3611 2872 colorum

2037 2908 2428 2962 contrarietate
2459 2907 2752 2964 invenitur.
2789 2906 2855 2960 Ει
2879 2907 3144 2961 circulum
3185 2923 3306 2961 cum
3341 2909 3612 2977 lriangulo

2038 3011 2143 3050 non
2184 2997 2323 3051 idem
2347 3012 2469 3053 esse
2492 2996 2846 3052 consentitur.
2880 2996 3014 3050 lllud
3067 2998 3212 3052 enim
3271 3005 3354 3052 est
3412 2998 3613 3052 alteru-

2039 3099 2180 3144 trum
2212 3091 2264 3143 in
2295 3091 2507 3145 ratione
2543 3092 2745 3159 [ἰείη-ιιι,
2777 3091 2918 3160 quod
2975 3107 3082 3146 non
3126 3103 3208 3146 cst
3243 3093 3491 3146 alterum.
3545 3094 3613 3144 At

2039 3182 2091 3234 in
2125 3181 2229 3236 Deo
2261 3181 2418 3236 Patre
2446 3193 2498 3237 et
2529 3183 2638 3236 Deo
2671 3184 2947 3252 unigenito
2978 3183 3115 3238 Filio
3139 3185 3438 3238 secundum
3481 3184 3611 3252 quid

2035 3277 2476 3331 contrarietatem
2513 3276 2733 3344 respicit
2763 3291 2870 3328 non
2903 3276 3120 3330 invenio
3152 3294 3164 3329 :
3218 3291 3322 3330 una
3376 3277 3610 3342 bonitas,

2035 3366 2588 3435 sapicntia,justitia,
2639 3366 2949 3435 prudentia,
3007 3367 3274 3436 potentia,
3334 3367 3614 3420 immorta-

2035 3458 2158 3511 htas
2189 3466 2242 3511 et
2279 3458 2384 3510 alia
2410 3458 2590 3511 omnia
2621 3473 2960 3528 quaecunque
2993 3465 3121 3512 sunt
3149 3459 3386 3513 excelsre
3443 3457 3612 3528 signi-

2035 3549 2284 3610 licantiae,
2321 3550 2372 3603 in
2406 3557 2635 3618 utroque
2664 3549 2853 3604 eodem
2897 3549 3057 3604 niodo
3088 3548 3366 3614 dicuntur,
3403 3557 3613 3619 etquo-

2032 3643 2154 3696 dam
2196 3643 2356 3696 modo
2389 3643 2442 3695 in
2477 3643 2648 3696 altero
2681 3642 2911 3695 alterum
2945 3642 3114 3695 robur
3156 3641 3340 3697 habet.
3402 3639 3536 3696 Nam
3561 3649 3615 3695 ct

2031 3735 2192 3790 Pater
2209 3750 2303 3804 per
2331 3734 2523 3790 Filium
2557 3736 2736 3789 omnia
2769 3735 2919 3795 facit.
2941 3743 2994 3788 et
3019 3733 3359 3806 Unigenitus,
3387 3749 3510 3788 curn
3542 3735 3614 3789 sit

2033 3826 2210 3882 Patris
2227 3827 2484 3896 potentia,
2509 3828 2560 3880 in
2587 3827 2704 3895 ipso
2731 3835 2930 3882 cuncta
2955 3834 3230 3896 operatur.
3255 3826 3428 3893 Quam
3452 3827 3613 3896 igitur

2032 3924 2204 3977 vicem
2237 3923 2460 3992 implent
2509 3924 2648 3993 ignis
2695 3933 2749 3981 et
2783 3939 2924 3994 aqua
2974 3925 3039 3980 ad
3079 3925 3602 3980 demonstrationem

2029 4013 2152 4084 ejus
2178 4029 2298 4084 qua:
2324 4023 2407 4070 est
2439 4013 2490 4067 in
2520 4012 2656 4069 Filio
2685 4021 2740 4070 et
2773 4013 2932 4070 Patre
2965 4015 3266 4069 secundum
3315 4014 3609 4070 essentiam

2032 4105 2412 4160 diversitatis?
2455 4121 2704 4174 qmenam
2737 4107 2959 4162 robusta
2993 4107 3082 4161 illa
3116 4114 3170 4161 et
3214 4105 3612 4175 inexpugnabi-

2035 4197 2100 4252 lis
2139 4199 2298 4264 ratio,
2323 4215 2444 4267 qu:e
2475 4214 2569 4268 per
2591 4198 2706 4252 haec
2731 4198 3181 4254 demonstratur?
3221 4195 3327 4252 Sed
3359 4212 3464 4251 nos
3513 4211 3610 4249 au-

2033 4289 2198 4344 daces
2249 4289 2490 4343 nominat
2544 4285 2634 4356 qui
2692 4295 2748 4342 ct
2801 4297 3004 4343 naturae
3050 4289 3343 4353 unitatem,
3382 4298 3436 4343 et
3482 4304 3607 4359 pcr~

352 4384 446 4435 καὶ
485 4381 582 4453 τὴν
611 4380 719 4433 τῶν
761 4377 1108 4431 ὑποστάσεων
1149 4375 1412 4446 διαφορὰν
1451 4377 1925 4444 παραστήσαντας,

2035 4394 2290 4435 sonorum
2345 4378 2703 4434 diﬂ'erentiam
2752 4380 3072 4443 astruimus,
3139 4388 3195 4436 et
3241 4383 3428 4450 gravia
3475 4382 3610 4435 dicit

352 4476 446 4526 καὶ
479 4473 628 4527 δεινά
661 4487 794 4541 φησι
819 4470 948 4538 παρ’
975 4466 1132 4539 ἡμῶν
1163 4465 1484 4536 τολμᾶσθαι,
1519 4469 1564 4518 εί
1587 4469 1699 4527 τοῖς
1726 4465 1930 4528 ὑλικοῖς

352 4562 712 4629 ὑποδείγμασι
744 4560 811 4628 τῇ
836 4557 944 4609 τῶν
959 4553 1163 4624 νοητῶν
1180 4554 1382 4625 θεωρίᾳ
1402 4554 1492 4607 τὸν
1513 4554 1667 4622 λόγον
1688 4554 1927 4624 προάγο-

355 4671 474 4723 μεν.
515 4651 705 4713 Καλῶς
731 4651 760 4702 ὀ
782 4647 1072 4718 διορθωτὴς
1094 4647 1201 4700 τῶν
1227 4645 1506 4715 ἡμετέρων
1537 4645 1892 4714 πταισμάτων
1912 4662 1926 4674 ·

352 4744 532 4807 καλῶς
554 4741 801 4796 ἐπικαλεί
829 4740 928 4810 τὴν
971 4739 1174 4809 τόλμαν
1225 4739 1356 4808 ἡμῖν
1393 4739 1504 4799 τοῖς
1551 4737 1613 4789 τὸ
1644 4736 1799 4790 Θεῖον
1837 4737 1926 4789 διὰ

350 4835 459 4886 τῶν
491 4834 691 4887 ὑλικῶν
720 4830 1099 4902 ὲρμηνεύουσι.
1131 4828 1195 4882 Τί
1225 4823 1318 4881 οὖν
1355 4825 1616 4896 περὶτῶν
1650 4827 1929 4896 στοιχείων

349 4931 518 5000 ἐρεῖς,
541 4930 569 4981 ὁ
597 4927 854 4997 σταθερός
881 4941 940 4978 τε
962 4924 1055 4976 καὶ
1078 4921 1543 4994 περιεσκεμμένος
1571 4940 1586 4990 ;
1621 4921 1814 4976 Ἀὖλον
1830 4921 1927 4991 τὴν

351 5020 476 5089 γῆν,
507 5019 696 5090 νοητὸν
727 5017 788 5070 τὸ
823 5015 956 5086 πῦρ,
990 5013 1279 5082 ἀσώματον
1307 5013 1366 5066 τὸ
1387 5012 1552 5083 ὕδωρ,
1588 5013 1692 5078 ἔξω
1711 5016 1809 5082 τῆς
1839 5016 1924 5068 αι-

353 5110 555 5180 σθητῆς
583 5107 917 5180 ἀντιλήψεως
948 5107 1039 5160 τὸν
1067 5105 1224 5176 ἀέρα.
1259 5103 1417 5157 Οὕτω
1449 5105 1803 5159 συντέτακταί
1846 5125 1926 5159 σοι

351 5203 488 5275 πρὸς
511 5203 603 5256 τὸν
648 5201 913 5270 σκοπὸνή
956 5198 1185 5262 διάνοια,
1241 5196 1384 5250 οὕτω
1421 5199 1756 5267 πανταχόθεν
1805 5197 1927 5264 ὀξυ-

348 5295 540 5356 ωπεῖς,
580 5292 820 5363 ἄληπτον
861 5293 973 5352 τοῖς
1017 5285 1494 5356 ἀντιτεταγμένοις
1535 5287 1798 5355 διεξάγων
1837 5291 1928 5363 τὸν

349 5386 528 5455 λόγον,
570 5383 644 5446 ὡς
667 5384 740 5451 μὴ
764 5381 976 5451 βλέπειν
992 5384 1049 5434 ὲν
1071 5379 1279 5450 σεαυτῷ
1307 5379 1377 5432 τὰ
1404 5379 1542 5432 κατά
1564 5379 1670 5432 τῶν
1696 5397 1927 5449 κατηγο-

355 5473 632 5550 ρουμένων
693 5471 1049 5542 ἐγκλήματα;
1084 5473 1155 5525 Ἦ
1189 5471 1271 5524 σοὶ¹
1325 5471 1422 5542 μὲν
1445 5469 1536 5524 διὰ
1560 5472 1658 5542 τῆς
1693 5471 1822 5542 ὕλης
1866 5474 1926 5528 τὸ

2041 4485 2142 4524 nos
2172 4469 2398 4534 audere,
2431 4469 2477 4523 si
2521 4470 2895 4525 materialibus
2922 4457 3186 4540 exemplis
3235 4471 3303 4524 ad
3355 4471 3612 4541 intelligi-

2039 4559 2226 4613 bilium
2252 4559 2765 4628 contemplationem
2792 4575 3098 4614 sermonem
3123 4562 3467 4632 appellimus.
3503 4561 3611 4615 No-

2033 4661 2275 4708 strorum
2315 4659 2622 4706 erratorum
2671 4653 2920 4722 egregius
2953 4661 3236 4709 corrector
3261 4654 3503 4710 audacia:
3556 4663 3611 4710 et

2037 4745 2358 4801 temeritatis
2387 4760 2486 4800 nos
2536 4755 2782 4808 accusat,
2833 4746 2978 4816 quod
3049 4747 3290 4803 divinam
3354 4760 3608 4805 naturam

2037 4836 2410 4892 materialibus
2451 4837 2715 4906 exemplis
2760 4839 3118 4909 explicemus.
3172 4841 3312 4906 Quid
3347 4842 3510 4913 igitur
3541 4843 3609 4896 de

2032 4929 2318 4983 elementis
2346 4929 2497 4984 dices
2519 4929 2611 4998 qui
2653 4929 2724 4984 ita
2753 4933 2944 4986 ﬁrmus
2976 4947 3036 4986 es
3064 4942 3118 4987 et
3143 4934 3608 5004 circumspectus?

2034 5021 2445 5074 immaterialcm
2489 5029 2714 5085 terram,
2747 5022 2922 5093 ignem
2954 5032 3134 5080 mente
3173 5025 3603 5095 perceptibilem,
3700 5096 3703 5099 _

2032 5129 2226 5180 aqua-tu
2280 5112 2674 5184 incorporeum,
2707 5131 2885 5171 acrem
2921 5126 3075 5171 extra
3105 5119 3417 5173 sensibilem
3457 5131 3607 5169 com-

2035 5205 2472 5274 prehensionem.
2508 5206 2600 5262 Sic
2627 5208 2694 5261 ad
2717 5223 2943 5278 scopum
2969 5210 3064 5263 tibi
3098 5210 3346 5262 ordinata
3390 5214 3476 5260 est
3523 5204 3605 5258 in-

2032 5299 2354 5368 telligentia,
2389 5299 2469 5355 sic
2497 5300 2737 5368 undique
2767 5312 2925 5357 acute
2964 5302 3146 5355 cernis
3183 5297 3601 5364 incomprehen-

2033 5406 2150 5444 smn
2185 5391 2517 5446 adversariis
2542 5393 2780 5448 educens
2815 5404 3145 5447 sermonem,
3172 5394 3231 5440 ut
3260 5400 3370 5439 non
3413 5384 3600 5441 videas

2033 5481 2084 5534 in
2149 5489 2201 5535 te
2230 5483 2347 5552 ipso
2375 5483 2604 5537 crimina
2649 5496 2772 5551 qua:
2801 5479 2910 5535 rcis
2939 5472 3314 5547 objiciuntur?
3369 5473 3454 5531 An
3500 5475 3599 5531 tibi

423 5678 500 5750 (ο)
545 5677 636 5736 Sic
667 5677 858 5749 supple
909 5691 972 5733 cx
1007 5673 1197 5732 codice
1229 5673 1414 5743 Boico,
1447 5639 1584 5728 ἀλλὰ
1610 5671 1761 5741 τολμ.
1798 5669 1931 5741 ἡμᾶς

2035 5687 2104 5740 ομ
2151 5670 2357 5739 Πέτρου
2387 5670 2478 5722 καὶ
2501 5665 2710 5720 Παύλου
2729 5661 2824 5732 τήν
2853 5675 2908 5711 τε
2928 5656 3023 5727 τῆς
3053 5655 3264 5725 φύσεως
3289 5649 3538 5722 ἑνότητα.
