4034 6156
496 233 601 289 759

1707 229 1765 291 S.
1802 226 2130 286 GRECOBII
2166 223 2464 283 NYSSENI
2731 282 2739 289 ί
3612 231 3698 290 760

454 335 463 345 ’
495 361 595 419 per
625 349 866 418 exempla
914 363 943 403 a
981 349 1147 406 rebus
1179 349 1555 407 materialibus
1609 358 1828 421 sumpta
1882 365 2071 407 essen-

2174 348 2294 401 κατ’
2314 347 2502 401 οὐσίαν
2518 344 2793 415 ἀλλότριον
2818 341 3278 406 κατασκευάζοντι
3304 343 3711 415 συγχωρήσομεν,

500 441 702 494 tiarum
730 438 1103 495 diversitatem
1130 442 1483 511 prastruenti
1506 441 1913 497 concedemus'!
1965 441 2077 496 Nos

496 536 678 583 autem
715 530 807 599 qui
844 544 940 599 per
966 530 1213 602 exempla
1247 546 1370 602 quae
1408 545 1438 584 a
1471 530 1629 587 nobis
1669 531 1786 600 capi
1818 538 2076 601 possunt,

494 631 704 675 naturae
726 621 1113 691 proprietatem
1147 630 1203 677 et
1244 624 1704 679 communionem
1735 623 2079 679 demonstra-

492 728 640 779 mus,
682 713 1004 784 repudiandi
1041 715 1277 770 sumus?

565 802 670 860 Sed
702 802 921 869 Petrus,
954 804 1150 874 inquit,
1188 812 1242 859 et
1275 803 1477 861 Paulus
1522 805 1593 861 ab
1621 805 1934 861 hominibus
1976 818 2078 859 no-

492 895 685 951 minati
716 903 867 961 sunt,
899 904 1187 967 pr0pterea
1215 898 1268 951 in
1295 898 1431 968 ipsis
1467 898 1865 969 appellationes
1891 908 2077 969 potue-

492 993 623 1040 runt
648 986 949 1041 immutari.
1000 987 1272 1052 Quidnam
1303 1000 1491 1042 eorum
1522 1003 1642 1057 qua:
1674 996 1804 1041 sunt
1838 1003 1945 1041 non
1991 994 2077 1043 est

490 1080 561 1134 ab
585 1078 899 1134 hominibus
921 1080 1363 1135 nominatum?te
1386 1080 1655 1135 sermonis
1683 1088 1875 1134 testem
1902 1077 2074 1132 addu-

491 1185 580 1224 co.
619 1170 678 1225 Si
706 1170 853 1248 enim
888 1172 1172 1226 nominum
1209 1171 1521 1227 immutatio
1554 1172 1770 1243 signum
1801 1180 1855 1227 et
1904 1162 2066 1243 argu-

490 1270 739 1319 mentum
786 1264 950 1331 lacis,
987 1262 1132 1334 quod
1164 1262 1233 1317 ab
1254 1264 1568 1320 hominibus
1593 1281 1681 1321 res
1719 1264 1831 1320 sint
1888 1264 2066 1319 nomi-

490 1363 651 1421 natae,
682 1371 781 1425 per
819 1356 925 1409 hoc
957 1355 1183 1411 omnino
1208 1357 1555 1414 conﬁteberis
1599 1371 1762 1411 omne
1799 1371 1997 1411 nomen
2035 1369 2066 1408 a

492 1448 656 1502 nobis
706 1449 875 1504 rebus
904 1463 1027 1519 qua:
1054 1456 1185 1503 sunt
1218 1448 1449 1503 inditum
1484 1464 1627 1512 esse,
1684 1464 1749 1503 ex
1798 1463 1864 1505 eo
1922 1446 2069 1518 quod

491 1554 603 1594 non
635 1540 836 1595 eaedem
868 1558 1029 1598 voces
1059 1549 1113 1597 et
1143 1542 1535 1612 appellationes
1568 1557 1748 1597 rerum
1784 1540 1925 1611 apud
1955 1556 2072 1594 om-

492 1643 591 1684 nes
628 1630 1035 1699 praevaluerint.
1074 1630 1142 1685 Ut
1171 1630 1317 1687 enim
1347 1630 1572 1698 Paulus,
1603 1632 1695 1703 qui
1737 1632 1888 1701 prius
1928 1629 2068 1685 Sau-

2180 440 2343 509 ἡμεῖς
2389 440 2447 494 δὲ
2485 440 2577 493 διὰ
2611 438 2720 492 τῶν
2766 438 3031 509 χωρητῶν
3072 438 3203 507 ἡμῖν
3248 438 3635 507 ὑποδειγμάτων
3664 442 3714 495 τὸ

2178 532 2376 587 οἰκεῖον
2399 530 2498 603 τῆς
2533 531 2751 600 φύσεως
2777 528 3197 592 ἀποδεικνύντες
3218 529 3533 600 ἀπόϐλητοις

2257 790 2416 844 Ἀλλὰ
2468 792 2693 863 Πέτρος,
2753 792 2907 864 φησὶ,
2943 793 3037 846 καὶ
3086 791 3293 855 Παῦλος
3343 792 3489 864 παρὰ
3525 793 3707 865 ἀνθρώ-

2177 898 2296 935 πων
2316 882 2839 953 κατωνομάσθησαν,
2864 884 2957 936 καὶ
2982 883 3069 935 διὰ
3095 882 3252 936 τοῦτο
3272 883 3364 935 καὶ
3396 884 3716 955 μετατεθῆναι

2175 972 2275 1036 τὰς
2323 973 2693 1044 προσηγορίας
2740 976 2826 1027 ἐπ’
2865 974 3043 1028 αὐτῶν
3090 975 3312 1028 δυνατὸν
3355 974 3555 1043 γέγονε.
3590 976 3647 1028 Τί
3672 978 3719 1030 δὲ

2172 1064 2282 1117 τῶν
2310 1064 2479 1118 ὄντων
2515 1065 2578 1118 οὐ
2612 1065 2761 1137 παρὰ
2787 1064 3091 1136 ἀνθρώπων
3132 1065 3476 1136 ῶνόμασταις
3505 1066 3568 1119 Σὲ
3599 1069 3715 1138 μάρ-

2172 1174 2312 1227 τυρα
2345 1156 2439 1210 τοῦ
2476 1156 2637 1227 λόγου
2670 1157 3035 1230 προσάγομαι.
3074 1158 3138 1211 El
3160 1157 3271 1228 γὰρ
3306 1157 3402 1229 τὴν
3427 1158 3532 1210 τῶν
3555 1159 3717 1229 ὀνομά-

2170 1264 2281 1301 των
2331 1246 2620 1319 μετάθεσιν
2668 1248 2895 1317 σημεῖον
2955 1249 3082 1318 ποιῇ
3128 1247 3223 1300 τοῦ
3273 1245 3423 1315 παρὰ
3455 1246 3719 1318 ἀνθρώταυν

2172 1337 2592 1409 κατωνομάσθαι
2648 1337 2718 1391 τὰ
2772 1337 3095 1408 πράγματα,
3159 1336 3401 1409 συνθήση
3437 1337 3522 1391 διὰ
3558 1336 3717 1392 τούτου

2172 1431 2394 1493 πάντως
2426 1431 2535 1483 πᾶν
2566 1428 2737 1499 ὄνομα
2760 1429 2892 1499 παρ’
2946 1429 3095 1501 ἡμῶν
3133 1428 3404 1483 τεθεῖσθαι
3436 1432 3543 1492 τοῖς
3561 1425 3717 1494 οὖσιν,

2171 1521 2235 1574 ἑκ
2259 1520 2354 1573 τοῦ
2393 1521 2467 1592 μὴ
2497 1522 2597 1584 τὰς
2641 1520 2809 1584 αὐτὰς
2833 1523 2943 1575 τῶν
2986 1522 3363 1593 ὑποκειμένων
3393 1522 3721 1593 προσηγορίας

2171 1609 2323 1684 παρὰ
2354 1612 2487 1665 πᾶσι
2517 1612 2942 1682 κεκρατηκέναι.
2981 1612 3069 1675 Ὠς
3102 1612 3213 1685 γὰρ
3248 1612 3474 1676 Παῦλος,
3506 1614 3533 1664 ὁ
3555 1614 3721 1682 πρότεο

492 1718 599 1784 lus,
632 1726 687 1773 et
718 1716 915 1774 Petrus
957 1733 1023 1774 ex
1056 1718 1301 1784 Simone,
1340 1720 1421 1774 sic
1459 1702 1699 1774 terraet
1748 1719 1972 1781 malum,
2018 1728 2071 1773 et

2176 1718 2269 1775 ρον
2298 1703 2520 1769 Σαῦλος,
2544 1703 2637 1757 καὶ
2665 1704 2870 1775 Πέτρος
2901 1706 2967 1757 ὲκ
3007 1703 3274 1774 Σίμωνος,
3307 1704 3446 1758 οὕτω
3478 1704 3543 1775 γῆ
3574 1720 3625 1756 τε
3647 1702 3723 1757 καὶ

490 1821 621 1876 aur,
656 1816 712 1866 et
747 1825 898 1865 mare
919 1851 933 1874 ,
961 1818 1018 1865 et
1054 1825 1247 1867 omnes
1276 1819 1539 1866 creatura:
1570 1820 1753 1880 partes
1776 1826 1887 1865 non
1917 1808 2073 1865 simi-

489 1902 614 1958 liter
645 1903 786 1973 apud
816 1918 1011 1961 omnes
1034 1904 1328 1959 nominata!
1350 1912 1499 1959 sunt.
1538 1902 1643 1959 Sed
1667 1904 1826 1958 aliter
1850 1901 2069 1973 quidem

489 1994 632 2063 apud
668 1994 950 2062 Hebraeos,
992 1996 1157 2051 aliter
1187 1996 1331 2066 apud
1372 2012 1494 2059 nos,
1539 2005 1592 2050 et
1626 1994 1769 2066 apud
1823 1994 2072 2064 singulos

490 2084 870 2143 differentibus
896 2088 1207 2143 nominibus
1232 2088 1597 2157 appellantur.
1632 2086 1688 2141 Si
1718 2088 1885 2157 igitur
1930 2087 2070 2141 vali-

491 2175 621 2229 dum
645 2185 731 2232 est
768 2177 1019 2233 Eunomii
1078 2188 1484 2250 argumentum,
1536 2179 1607 2234 ob
1657 2178 1710 2233 id
1740 2177 1961 2233 Petrum
2013 2184 2068 2233 et

490 2264 721 2321 Paulum
752 2267 833 2323 sic
873 2279 1058 2339 postea
1084 2280 1307 2327 vocatos
1340 2287 1463 2327 esse
1494 2272 1893 2342 przestruentis.
1928 2271 2059 2340 quia

492 2357 563 2411 ab
587 2356 906 2413 hominibus
947 2358 1171 2412 nomina
1205 2366 1333 2413 sunt
1365 2359 1500 2429 ipsis
1541 2358 1835 2429 imposita;
1878 2363 2069 2411 noster

494 2464 723 2518 prorsus
750 2449 1051 2505 invalescct
1080 2465 1264 2505 sermo
1287 2466 1352 2505 ex
1383 2450 1656 2507 similibus
1691 2450 2069 2521 progrediens,

490 2540 583 2607 qni
633 2540 820 2595 omnia
847 2555 877 2594 a
913 2540 1073 2595 nobis
1105 2556 1227 2597 esse
1264 2541 1546 2595 nominata
1589 2542 1745 2607 dicit,
1782 2552 2070 2612 propterea

490 2630 638 2702 quod
688 2631 1089 2701 appellationes
1117 2632 1419 2687 secundum
1451 2634 1693 2703 gentium
1734 2633 2071 2688 dillerentias

488 2724 712 2794 penitus
742 2723 1121 2777 immutcntur.
1155 2722 1310 2788 Quod
1344 2726 1389 2777 si
1421 2724 1603 2778 omnia
1635 2725 1715 2779 sic
1738 2740 1797 2779 se
1844 2725 2068 2790 habent,

492 2830 672 2885 neque
723 2813 963 2884 genitum
1016 2828 1244 2882 prorsus
1291 2832 1470 2885 neque
1505 2816 1804 2885 ingenitum
1857 2816 2066 2872 aliter:

492 2906 759 2977 siquidem
791 2906 905 2961 haec
935 2908 1098 2962 etiam
1145 2916 1275 2962 sunt
1300 2925 1365 2964 ex
1402 2908 1486 2963 bis
1531 2924 1652 2979 qua:
1687 2907 2062 2963 nominantur.

490 2997 709 3053 Etenim
743 3014 863 3054 eam
909 3015 1032 3069 qua:
1060 2998 1126 3054 de
1153 3001 1401 3071 subjecto
1431 3001 1586 3055 nobis
1628 3001 1934 3055 innascitur
1958 3017 2058 3055 no-

493 3092 726 3155 tionem,
748 3092 891 3147 sicut
920 3094 1160 3150 nominis
1187 3094 1414 3149 formam
1437 3102 1801 3158 assumentes,
1830 3095 2072 3163 aliquan-

493 3183 565 3238 do
590 3183 768 3240 verbis
809 3185 933 3241 aliis
974 3186 1119 3256 qttod
1163 3195 1344 3241 mente
1391 3196 1719 3258 conceptum
1765 3195 1850 3242 est
1900 3203 2071 3243 enun-

490 3278 811 3341 tiamus,res
845 3293 951 3331 non
995 3279 1370 3344 immutantes,
1408 3279 1502 3334 sed
1532 3294 1697 3333 voces
1734 3279 1935 3348 quibus
1982 3294 2071 3334 res

491 3369 865 3424 nominamus.
901 3368 1037 3424 Nam
1082 3386 1166 3426 res
1205 3380 1263 3425 ut
1286 3386 1474 3425 earum
1509 3370 1609 3424 fert
1649 3378 1841 3424 natura
1893 3372 1946 3424 in
1978 3386 2067 3426 se~

492 3458 632 3528 ipsis
680 3468 930 3524 manent,
989 3461 1299 3515 intellectus
1338 3468 1519 3513 autem
1573 3475 1661 3515 res
1710 3460 1858 3528 ipsas
1898 3460 2069 3513 attin-

495 3564 658 3619 gens,
695 3551 899 3618 quibus
929 3558 1107 3619 potest
1130 3551 1314 3604 verbis
1341 3566 1563 3604 sensum
1593 3565 1749 3603 suum
1785 3550 1981 3619 aperit.
2008 3549 2073 3602 Et

494 3641 953 3709 quemadmodum
997 3641 1140 3694 Petri
1185 3643 1424 3696 essentia
1471 3657 1593 3696 cum
1642 3643 1941 3696 mutatione
1972 3658 2071 3697 no—

493 3731 659 3785 minis
690 3747 799 3785 non
832 3740 1234 3785 commutatur:
1266 3732 1347 3787 sic
1378 3749 1552 3804 neque
1577 3734 1721 3787 aliud
1772 3735 2066 3803 quidquam

492 3837 683 3878 eorum
741 3839 862 3892 quas
908 3824 1329 3881 considerantur
1372 3826 1426 3880 in
1473 3826 1754 3880 nominum
1799 3825 2068 3881 dill‘erenti

492 3915 760 3970 varietate
801 3924 1163 3985 permittatur.
1214 3917 1578 3983 Quamobrem
1622 3927 1676 3973 et
1714 3919 1932 3987 ingeniti
1977 3934 2070 3973 vo-

493 4020 612 4060 cem
648 4022 677 4059 a
709 4008 865 4062 nobis
909 4007 1131 4062 inditam
1168 4024 1290 4065 esse
1340 4009 1574 4064 dicimus
1630 4009 1800 4075 Patri,
1836 4026 1966 4064 vero
2015 4020 2070 4066 et

493 4099 671 4169 primo
701 4100 1086 4156 universorum
1122 4103 1357 4165 auctori,
1390 4103 1713 4172 nullumque
1747 4103 1799 4155 in
1835 4103 2068 4171 subjecti

494 4194 894 4264 significatione
942 4194 1057 4248 lieri
1104 4195 1489 4251 detrimentum
1519 4237 1533 4261 ,
1589 4196 1632 4250 si
1672 4213 1735 4250 ex
1781 4197 1884 4250 alia
1938 4213 2072 4253 voce

492 4284 636 4340 idem
685 4300 1106 4357 cognoscamus.
1173 4286 1275 4342 Fas
1329 4290 1471 4343 enim
1543 4296 1627 4343 est
1676 4290 1792 4343 loco
1846 4291 2069 4361 ingeniti

2176 1798 2424 1869 οὐρανὸς,
2480 1796 2575 1850 καὶ
2599 1796 2728 1867 ἀὴρ,
2772 1796 2868 1849 καὶ
2899 1796 3165 1862 θάλασσα,
3217 1798 3316 1850 καὶ
3347 1796 3520 1851 πάντα
3551 1798 3612 1851 τὰ
3642 1797 3723 1866 τῆς

2174 1890 2404 1951 κτίσεως
2440 1888 2605 1959 μέρη,
2629 1890 2727 1959 ούχ
2760 1887 2962 1958 ὁμοίως
3008 1888 3162 1960 παρὰ
3197 1890 3368 1942 πᾶσιν
3411 1889 3691 1957 ὠνόμασται
3712 1903 3726 1918 ·

2172 1980 2287 2035 ἀλλ’
2314 1979 2515 2049 ἑτέρως
2549 1980 2645 2050 μὲν
2668 1979 2798 2049 παρ’
2828 1979 3118 2050 Ἑϐραίοις,
3138 1980 3351 2052 ἑτέρως
3369 1981 3424 2035 δὲ
3443 1984 3564 2050 παρ’
3590 1982 3721 2051 ἡμῖν,

2172 2071 2267 2126 καὶ
2294 2071 2422 2143 παρ’
2450 2071 2701 2134 ἑκάστοις
2731 2071 2838 2125 τῶν
2859 2071 3027 2127 ἐθνῶν
3056 2071 3342 2143 διαφόροις
3363 2074 3478 2135 ταῖς
3502 2086 3731 2142 προσηγο-

2174 2163 2319 2236 ρίαις
2370 2163 2820 2234 κατονομάζεται.
2845 2165 2907 2217 El
2936 2159 3029 2218 οὖν
3061 2164 3233 2235 ἰσχύει
3282 2164 3374 2218 τοῦ
3416 2163 3657 2234 Εύνομίου
3681 2163 3729 2215 τὸ

2172 2254 2531 2326 ἐπιχείρημα,
2573 2255 2777 2326 Πέτρον
2821 2256 2915 2309 καὶ
2958 2256 3170 2311 Παῦλον
3209 2256 3309 2310 διὰ
3350 2257 3502 2311 τοῦτο
3530 2274 3727 2328 μετακε-

2173 2340 2401 2412 κλῆσθαι
2457 2344 2978 2409 κατασκευάζοντος,
3009 2346 3121 2407 ,διὰ
3163 2347 3220 2399 τὸ
3260 2347 3420 2420 παρὰ
3468 2347 3728 2420 ἀνθρώπων

2172 2432 2356 2495 αὐτοῖς
2401 2432 2503 2497 τὰς
2552 2435 2927 2506 προσηγορίας
2966 2436 3265 2505 τεθεῖσθαι,
3312 2439 3513 2510 ίσχύσει
3543 2440 3729 2500 πάντως

2173 2526 2267 2578 καὶ
2297 2526 2325 2577 ὁ
2350 2526 2616 2599 ἡμέτερος
2667 2527 2824 2596 λόγος
2871 2530 2935 2583 ἑκ
2964 2530 3073 2583 τῶν
3114 2532 3328 2602 ὁμοίων
3376 2532 3730 2605 ὁρμώμενοςώ

2173 2617 2348 2671 πάντα
2375 2621 2505 2691 παρ’
2540 2620 2697 2691 ἡμῶν
2729 2624 3145 2694 κατωνομάσθαι
3179 2624 3365 2692 λέγων
3395 2666 3411 2692 ,
3439 2626 3514 2697 τῷ
3545 2625 3729 2678 πάντων

2170 2709 2271 2773 τὰς
2306 2713 2674 2785 προσηγορίας
2705 2716 2845 2769 κατὰ
2861 2716 2958 2779 τὰς
2980 2715 3090 2770 τῶν
3120 2716 3303 2772 ἐθνῶν
3320 2718 3572 2790 διαφορὰς
3597 2715 3728 2787 ἑνηλ-

2173 2804 2390 2875 λάχθαι.
2446 2807 2509 2860 Εί
2553 2807 2611 2861 δὲ
2647 2806 2715 2860 τὰ
2751 2808 2931 2861 πάντα
2985 2808 3181 2874 οὕτως,
3234 2811 3369 2865 οὐδὲ
3419 2813 3475 2865 τὸ
3511 2812 3729 2881 γεννητὸν

2175 2898 2392 2962 πάντως
2446 2899 2539 2951 καὶ
2588 2900 2884 2971 ἀγέννητον
2937 2900 3132 2965 ἄλλως.
3169 2903 3292 2957 Ka‘t
3326 2904 3432 2975 γὰρ
3477 2904 3731 2958 καὶταῦτα

2172 2990 2281 3045 τῶν
2311 2991 2832 3064 μετονομαζομένων
2866 2992 3003 3046 ἑστί.
3025 2994 3098 3048 Τὸ
3126 2994 3235 3067 γὰρ
3264 2996 3600 3068 ἐγγινόμενον
3623 2997 3731 3065 ἡμῖν

2176 3082 2304 3153 περὶ
2355 3081 2449 3134 τοῦ
2507 3082 2868 3154 ὑποκειμένου
2924 3083 3122 3155 νόημα,
3179 3084 3254 3148 ὡς
3312 3085 3563 3157 ὀνόματος
3587 3083 3731 3137 τύπον

2177 3174 2699 3244 μεταλαμϐάνοντες,
2753 3174 2941 3230 ἄλλοτε
2975 3176 3154 3239 άλλοις
3214 3179 3431 3248 ῥήμασι
3468 3179 3526 3230 τὸ
3569 3176 3730 3246 νοηθὲν

2172 3264 2587 3336 ἐξαγγέλλομεν,
2627 3266 2750 3336 οὐχὶ
2800 3268 3221 3337 μεταποιοῦντες
3251 3271 3322 3325 τὸ
3349 3271 3586 3341 πρᾶγμα,
3618 3267 3732 3322 ἀλλὰ

2172 3357 2241 3410 τὰ
2272 3358 2490 3428 ῥήματα
2517 3358 2582 3410 δι’
2601 3351 2675 3412 ὧν
2701 3358 3061 3431 ὀνομάζομεν.
3093 3360 3175 3414 Τὰ
3204 3362 3314 3432 μὲν
3334 3362 3440 3435 γὰρ
3470 3361 3731 3433 πράγματα

2172 3448 2354 3513 καθὼς
2389 3449 2454 3503 ἂν
2483 3449 2596 3519 ἔχοι
2624 3450 2837 3519 φύσεως
2866 3454 2950 3521 ἐφ’
2981 3453 3190 3505 ἑαυτῶν
3216 3455 3394 3523 μένει·
3426 3454 3529 3523 ἡδὲ
3554 3453 3730 3505 διάνοια

2171 3541 2279 3594 τῶν
2306 3541 2475 3594 ὄντων
2508 3542 2811 3613 ἁπτομένη.
2844 3543 2913 3595 δι’
2950 3536 3025 3597 ὧν
3055 3542 3123 3596 ἂν
3150 3544 3383 3615 γένηται
3407 3544 3614 3599 δυνατὸν
3646 3544 3729 3613 ρη-

2176 3632 2381 3703 μάτων.
2408 3632 2779 3687 ἀνακαλύπτει
2800 3633 2861 3687 τὸ
2881 3634 3078 3704 νόημα.
3112 3635 3223 3687 Καὶ
3247 3636 3442 3709 ὥσπερ
3473 3636 3529 3689 ού
3555 3648 3731 3703 συμμε-

2169 3724 2405 3795 τεϐλήθη
2433 3726 2497 3795 τῇ
2534 3724 2803 3796 μεταϐολῇ
2839 3724 2933 3778 τοῦ
2962 3726 3224 3795 ὀνόματος
3276 3730 3309 3799 ἡ
3354 3728 3508 3781 οὐσία
3533 3724 3618 3779 τοῦ
3642 3722 3731 3777 Πέ-

2170 3834 2299 3889 τρου
2321 3835 2333 3848 ·
2359 3817 2531 3882 οὕτως
2550 3818 2674 3871 οὐδὲ
2690 3817 2816 3871 ἄλλο
2840 3836 2893 3871 τι
2919 3818 3029 3872 τῶν
3061 3818 3461 3892 θεωρουμένων
3486 3822 3541 3873 ἑν
3557 3821 3616 3889 τῇ
3639 3815 3729 3871 τῶν

2171 3908 2448 3979 ὀνομάτων
2494 3909 2771 3980 ἐπαλλαγῇ
2828 3910 3242 3980 μεταϐάλλεται.
3300 3913 3390 3965 Διὸ
3428 3912 3516 3966 καὶ
3535 3910 3624 3981 τὴν
3651 3908 3729 3961 τοῦ

2172 4003 2509 4072 ἀγεννήτου
2532 4003 2713 4073 φωνὴν
2737 4005 2869 4074 παρ’
2890 4002 3049 4073 ἡμῶν
3075 4004 3447 4058 ἑπιτεθεῖσθαί
3480 4020 3643 4075 φαμεν
3665 3998 3729 4070 τῷ

2172 4093 2409 4163 ἀληθινῷ
2434 4096 2528 4147 καὶ
2560 4093 2761 4165 πρώτῳ
2785 4095 2959 4165 Πατρὶ
2984 4094 3063 4163 τῷ
3110 4094 3207 4148 τοῦ
3238 4097 3439 4159 παντὸς
3465 4095 3631 4165 αἰτίῳ,
3653 4094 3729 4145 καὶ

2178 4186 2448 4257 μηδεμίαν
2491 4189 2549 4239 ἐν
2574 4189 2640 4258 τῇ
2696 4187 2941 4257 σημασίᾳ
2988 4186 3080 4239 τοῦ
3117 4187 3481 4260 ὑποκειμένου
3512 4186 3726 4256 γίνεσθαι

2175 4278 2400 4349 βλάϐην,
2445 4280 2493 4330 εί
2532 4277 2592 4342 ἐξ
2649 4277 2845 4349 ἑτέρας
2887 4279 3070 4349 φωνῆς
3120 4281 3182 4332 τὸ
3206 4277 3326 4334 ἶσον
3369 4281 3724 4352 γνωρίσωμεν.

494 4377 733 4445 primum
792 4379 970 4450 ipsum
1018 4389 1297 4435 auctorem
1355 4381 1665 4450 appellare;
1717 4385 1801 4435 vel
1850 4381 2066 4437 Patrem

2178 4371 2394 4435 Ἔξεστι
2422 4368 2531 4439 γὰρ
2548 4369 2667 4422 ἀντὶ
2693 4369 2786 4421 τοῦ
2808 4371 2983 4422 εἰπεῖν
3005 4370 3321 4440 ἀγέννητον,
3358 4373 3563 4443 πρῶτον
3584 4370 3727 4422 αἴτιον

497 4470 797 4541 Unigeniti,
839 4474 923 4528 vel
953 4489 1077 4527 eum
1121 4474 1213 4544 qui
1264 4474 1412 4528 nulla
1466 4490 1530 4528 ex
1568 4490 1735 4529 causa
1790 4476 2065 4538 subsistit,

492 4564 775 4634 multaque
809 4565 913 4617 alia
971 4580 1092 4634 qua:
1123 4565 1188 4619 ad
1223 4565 1468 4621 eamdem
1504 4566 1911 4636 intelligentiam
1952 4581 2070 4637 per-

495 4655 695 4709 tinent.
741 4654 1088 4726 Quapropter
1124 4672 1220 4726 per
1262 4659 1479 4711 eosdem
1537 4672 1818 4712 sermones
1872 4658 2073 4726 quibus

499 4745 787 4801 adversum
844 4762 944 4802 nos
995 4751 1397 4804 accusationem
1450 4750 1708 4813 instituit.
1786 4749 2075 4804 confirmat

500 4846 692 4892 nostra
741 4837 1016 4907 dogmata,
1061 4856 1183 4895 cum
1227 4840 1380 4903 dicit,
1421 4857 1527 4895 non
1584 4840 1843 4896 didicisse
1878 4856 2071 4895 nomen

499 4926 648 4995 quod
685 4926 758 4979 sit
794 4927 994 4983 divinas
1026 4941 1236 4983 natura:
1286 4930 1730 4999 signiticativum.
1786 4930 1889 4985 Sed
1929 4930 2071 5001 quod

499 5017 721 5089 quidem
754 5018 872 5088 ipsa
919 5020 992 5074 sit
1027 5021 1205 5075 edocti
1253 5037 1483 5089 sumus;
1544 5022 1653 5076 vim
1717 5030 1898 5077 autem
1958 5024 2075 5077 sive

501 5109 802 5183 potentiam
840 5110 964 5179 talis
1004 5112 1404 5180 appellationis,
1438 5128 1543 5183 qua
1579 5113 1868 5171 incll'abilis
1898 5122 1951 5167 et
1988 5116 2075 5167 in-

501 5202 725 5257 deﬁnita
762 5210 958 5256 natura
990 5201 1493 5269 comprehenditur,
1541 5204 1623 5257 vel
1656 5219 1761 5257 non
1794 5219 1919 5259 esse
1958 5220 2078 5259 om-

501 5294 634 5348 nino
664 5293 990 5359 asserimus,
1033 5292 1116 5347 vel
1144 5292 1304 5363 plane
1344 5294 1503 5349 nobis
1550 5310 1674 5349 esse
1721 5296 2076 5365 incognitam.

502 5388 683 5449 Quare
713 5385 1012 5440 familiares
1057 5384 1160 5440 sibi
1195 5397 1369 5454 nugas
1398 5392 1451 5439 ct
1491 5384 1702 5440 fabulas
1750 5386 2079 5455 praetermit-

501 5484 648 5538 tens.
675 5477 933 5535 ostendat
981 5476 1379 5548 significativas
1426 5478 1791 5534 essentiarum
1842 5480 2082 5549 appella-

504 5565 685 5622 tiones
726 5578 784 5624 (ιι
835 5585 931 5639 per
966 5570 1245 5627 nominum
1290 5570 1716 5643 discrepantiam
1764 5571 2078 5642 subjectum

506 5673 726 5729 quoque
752 5660 959 5716 dividat
985 5676 1049 5718 ac
1070 5662 1309 5743 divellat.
1341 5664 1447 5725 Sed
1481 5679 1766 5738 quousque
1806 5678 1970 5721 verus
1992 5670 2079 5721 cst

2176 4459 2336 4513 αὑτὸν
2370 4462 2684 4529 προσειπεῖν
2708 4474 2723 4488 ·
2772 4459 2805 4530 ἢ
2860 4460 3077 4531 Πατέρα
3110 4462 3203 4514 τοῦ
3240 4462 3586 4531 Μονογενοῦς.
3617 4460 3646 4530 ἦ
3676 4461 3728 4511 ἐκ

2178 4551 2443 4620 μηδεμιᾶς
2470 4550 2646 4613 αίτίας
2681 4551 3042 4623 ὑφεστηκότα,
3076 4554 3170 4605 καὶ
3199 4554 3371 4607 πολλὰ
3397 4553 3609 4607 τοιαῦτα
3645 4553 3728 4603 ὅσα

2175 4642 2309 4712 πρὸς
2333 4642 2432 4709 τὴν
2470 4642 2637 4714 αὐτὴν
2658 4641 2896 4696 διάνοιαν
2928 4644 3104 4714 φέρει.
3142 4643 3305 4697 ’Ὥστε
3340 4645 3435 4700 καὶ
3462 4644 3526 4697 δι’
3557 4636 3625 4695 ὧν
3652 4642 3729 4706 ἑγ-

2176 4736 2327 4787 καλεῖ
2349 4734 2543 4803 λόγων,
2562 4734 2816 4806 κρατύνει
2839 4737 2905 4790 τὰ
2933 4736 3175 4806 ἡμέτερα
3195 4737 3439 4807 δόγματα
3454 4754 3469 4769 ·
3487 4738 3563 4790 ὃτι
3582 4735 3728 4801 ὄνομα

2175 4824 2275 4893 τῆς
2309 4824 2458 4887 θείας
2485 4825 2700 4892 φύσεως
2740 4826 3071 4896 σημαντικὸν
3107 4827 3207 4879 οὐκ
3262 4827 3551 4897 ἐμάθομεν.
3591 4822 3727 4874 Ἀλλὰ

2175 4918 2237 4969 τὸ
2292 4918 2390 4988 μὲν
2441 4915 2578 4970 εἶναι
2608 4918 2778 4987 αὐτὴν
2817 4917 3192 4989 ἐδιδάχθημεν,
3228 4919 3457 4989 δύναμιν
3496 4917 3550 4970 δὲ
3580 4928 3723 4985 προσ-

2178 5012 2406 5080 ηγορίας
2437 5010 2692 5083 τοιαύτης
2725 5011 2792 5063 δι’
2837 5004 2906 5083 ἦς
2950 5011 3489 5083 ἐμπεριλαμϐάνεται
3528 5006 3728 5079 ήάφραο

2178 5105 2303 5167 στω
2351 5122 2409 5157 τε
2453 5106 2545 5157 καὶ
2575 5106 2823 5177 ἀόριστος
2870 5104 3050 5173 φύσις,
3088 5105 3120 5175 ἢ
3165 5106 3261 5158 ούκ
3299 5100 3438 5157 εἶναι
3475 5100 3590 5155 καθ’
3624 5096 3725 5150 ὃ).ου

2179 5194 2428 5265 quaem-ii
2454 5194 2669 5269 πάντως
2703 5196 2833 5265 ἡμῖν
2874 5196 3149 5262 ἄγνωστον
3184 5191 3340 5247 εἶναι.
3371 5194 3529 5246 Ὥστε
3556 5184 3726 5254 παρεὶς

2178 5290 2277 5359 τὴν
2318 5272 2518 5358 συνήθη
2564 5285 2909 5355 μυθολογίαν,
2968 5284 3227 5338 δεικνύτω
3280 5285 3380 5346 τὰς
3416 5273 3725 5351 σημαντικὰς

2180 5379 2288 5432 τῶν
2320 5377 2516 5431 οὐσιῶν
2551 5376 2940 5447 προσηγορίας,
2972 5377 3065 5428 καὶ
3093 5376 3169 5446 τῷ
3191 5371 3616 5444 παρηλλαγμένῳ
3633 5361 3726 5415 τῶν

2181 5470 2460 5542 ὀνομάτων
2493 5466 2908 5536 συνδιασχιζέτω
2939 5467 2999 5520 τὸ
3028 5468 3407 5538 ὑποκείμενον.
3449 5462 3585 5520 Ἕως
3607 5456 3645 5507 δ’
3668 5452 3723 5505 ἂν

2182 5566 2211 5619 ό
2226 5564 2323 5634 τῆς
2336 5562 2555 5633 Γραφῆς
2571 5558 2821 5635 ἀληθεύει
2836 5558 3014 5627 λόγος,
3032 5560 3113 5613 ὅτι
3145 5557 3399 5631 Ἀϐραὰμ
3417 5553 3509 5606 καὶ
3549 5543 3725 5635 Μωσῆς

2182 5633 2290 5715 οὐκ
2309 5654 2594 5729 ἐχώρησαν
2610 5633 2713 5725 ’τὴν
2740 5652 2833 5709 τοῦ
2860 5653 3121 5725 ὀνόματος
3139 5653 3381 5723 γνῶσιν·
3409 5644 3499 5700 καὶ
3523 5642 3597 5697 ὅτι
3615 5633 3729 5689 Θεὸν
