4034 6156
381 252 482 310 76!

1478 248 1756 309 CONTRA
1795 248 2190 320 EUNOMIUM,
2230 248 2357 305 LIB.
2402 247 2515 306 Vll.

3542 256 3641 315 76$

382 368 556 430 οὐδεὶς
584 367 796 440 ἑώρακε
830 367 1070 432 πώποτε,
1095 366 1189 419 καὶ
1210 358 1348 419 εἶδεν
1368 364 1532 419 αὑτὸν
1551 364 1855 436 ἀνθρώπων
1881 363 1962 417 οὑ-

2068 361 2367 433 Scripturze
2409 378 2591 419 sermo
2629 362 2721 434 qui
2757 360 2911 426 dicit,
2949 363 3091 431 quod
3125 363 3400 419 Abraham
3432 372 3487 420 et
3534 365 3644 419 Mo-

380 461 516 528 δεὶς,
541 460 664 516 οὔτε
721 460 846 514 ἰδεῖν
892 459 1113 514 δύναται
1131 477 1145 492 ·
1179 459 1274 513 καὶ
1312 458 1396 512 ὃτι
1420 456 1482 510 τὸ
1513 458 1640 529 περὶ
1662 457 1824 510 αὑτὸν
1852 456 1969 526 φῶς

385 553 699 625 ἀπρόσιτον,
747 552 838 606 καὶ
878 555 978 624 τῆς
1041 549 1431 622 μεγαλωσύνης
1462 548 1628 601 αὑτοῦ
1668 548 1841 617 πέρας
1868 548 1969 600 οὑκ

383 646 548 710 εστιν,
581 647 684 709 ἕως
714 645 780 699 ἂν
801 644 974 698 ταῦτα
997 645 1367 715 λαλῆταιπαρ*
1385 641 1543 715 ἡμῶν
1574 642 1671 694 καὶ
1703 638 1968 709 πιστεύη-

381 751 498 789 ταιο
551 735 665 800 πῶς
721 736 879 805 λόγος
918 739 948 791 ό
967 737 1257 807 περίληψιν
1280 751 1400 788 τινα
1428 734 1523 787 καὶ
1550 729 1847 802 ἑρμηνείαν
1869 730 1967 801 τῆς

382 826 633 898 ἀορίστου
657 828 870 896 φύσεως
889 829 976 884 διὰ
1000 830 1100 900 τῆς
1120 826 1481 899 ὀνομαστικῆς
1498 824 1769 894 σημασίας
1794 824 1965 893 ἐπαγ-

382 918 723 989 γελλόμενος,
760 921 943 991 ὅμοιός
998 924 1116 974 ἐστι
1163 919 1243 990 τῷ
1268 916 1357 971 διὰ
1393 916 1494 986 τῆς
1537 914 1672 977 ἰδίας
1705 912 1965 983 παλάμῃς

382 1011 562 1064 πᾶσαν
594 1012 1087 1083 ὲκπεριλαμϐάνειν
1106 1011 1336 1082 οἰομένῳ
1354 1010 1453 1081 τὴν
1473 1008 1747 1063 θάλασσαν
1772 1024 1786 1073 ;
1806 1006 1834 1060 ὃ
1854 1008 1963 1078 γάρ

381 1102 499 1154 ἐστι
528 1103 708 1172 χειρὸς
757 1104 957 1175 κοτύλη
1010 1105 1145 1176 πρὸς
1184 1104 1416 1171 πέλαγος
1461 1101 1600 1162 ὅλον,
1630 1099 1789 1153 τοῦτο
1812 1100 1961 1152 πᾶσα

378 1192 609 1263 δύναμις
640 1193 814 1262 λόγων
862 1196 996 1268 πρὸς
1027 1197 1126 1264 τὴν
1159 1196 1437 1264 ἄφραστον
1471 1193 1564 1248 καὶ
1591 1190 1960 1261 ἀπερίληπτον

379 1299 559 1350 φυσιν.

2067 470 2158 511 ses
2193 470 2304 510 non
2344 455 2586 509 nominis
2640 455 2948 509 habuerunt
2983 456 3371 525 cognitionem,
3421 461 3641 526 etquod

2066 546 2233 603 Deum
2266 563 2429 603 nemo
2465 547 2598 603 vidit
2626 565 2867 618 unquam
2905 550 2947 579 ”
2974 590 2988 615 ,
3022 559 3077 603 et
3106 551 3255 603 novit
3285 550 3464 618 ipsum
3514 551 3641 603 nul-

2065 637 2151 692 lus
2189 637 2493 703 hominum,
2518 653 2694 708 neque
2727 637 2909 692 videre
2940 646 3117 707 potest
3145 640 3189 670 “‘
3217 658 3229 693 :
3262 638 3518 709 quodque
3533 641 3642 694 cir-

2065 745 2190 784 cum
2237 728 2417 800 ipsum
2466 728 2558 783 lux
2600 730 3001 785 inaccessibilis
3048 739 3102 784 et
3157 732 3461 801 majestatis
3520 731 3641 800 cjus

2066 818 2484 890 comprehensio
2533 834 2643 875 non
2674 830 2780 883 est,
2827 820 3074 891 quandiu
3117 820 3230 875 haec
3290 820 3642 891 proferuntur

2065 928 2097 967 a
2156 913 2317 968 nobis
2369 919 2537 982 atque
2596 912 2916 980 creduntur,
2967 911 3256 979 (quomodo
3305 927 3485 967 sermo
3547 912 3639 982 qui

2065 1006 2301 1077 aliquam
2333 1004 2401 1061 de
2431 1005 2646 1059 inﬁnita
2688 1012 2887 1059 natura
2917 1021 3014 1075 per
3056 1004 3295 1060 nominis
3326 1004 3643 1075 signiﬁcan-

2064 1098 2217 1161 tiam,
2250 1094 2801 1165 comprehensionem
2850 1103 2904 1151 et
2934 1095 3437 1166 interpretationem
3487 1096 3643 1164 polli-

2065 1200 2241 1252 cetur,
2272 1188 2467 1244 similis
2488 1198 2574 1244 est
2606 1188 2657 1242 ei
2687 1189 2780 1258 qui
2813 1188 3037 1258 propria
3069 1203 3233 1242 manu
3284 1203 3445 1241 omne
3486 1193 3643 1256 putat

2066 1279 2353 1349 complecti
2380 1282 2559 1335 mare?
2624 1279 2769 1350 quod
2814 1280 2957 1334 enim
3006 1290 3088 1334 est
3147 1296 3342 1336 manus
3389 1280 3510 1334 vola
3573 1277 3639 1331 ad

382 1384 553 1431 totum
577 1377 826 1450 pelagus,
867 1378 973 1436 hoc
1013 1380 1196 1435 omnis
1252 1376 1526 1435 sermonis
1558 1376 1642 1432 vis
1688 1374 1806 1432 sive
1860 1373 2100 1444 potentia
2172 1372 2240 1427 ad
2306 1370 2637 1427 ineﬂabilem
2699 1378 2754 1427 et
2825 1371 3430 1443 incon‘iprebcnsibilem
3482 1381 3644 1428 natu-

378 1483 521 1525 ram.

449 1561 635 1617 Ταῦτα
655 1560 713 1616 δέ
741 1578 943 1632 φαμεν,
984 1558 1084 1630 οὑχ
1106 1559 1182 1624 ὡς
1212 1558 1537 1633 ἀρνούμενοι
1561 1557 1621 1612 τὸ
1649 1556 1961 1627 ἀγεννήτως

378 1651 518 1711 εἶναι
543 1656 636 1709 τὸν
668 1654 907 1725 Πατέρα,
941 1653 1050 1707 οὐδ’
1080 1653 1156 1716 ὡς
1177 1652 1255 1723 μὴ
1284 1650 1653 1722 συντιθέμενοι
1673 1648 1751 1720 τῷ
1767 1664 1960 1717 γεννη-

375 1748 469 1801 τὸν
498 1743 636 1801 εἶναι
661 1746 753 1800 τὸν
792 1744 1059 1816 μονογενῆ
1086 1743 1241 1799 Θεόν.
1281 1742 1440 1797 ’Δλλὰ
1461 1742 1553 1796 καὶ
1596 1734 1748 1803 οὗτος
1769 1737 1958 1808 γεγέν-

378 1854 557 1908 νηται,
590 1838 841 1900 κάκεῖνος
880 1837 942 1890 οὑ
968 1836 1313 1906 γεγέννηται.
1340 1835 1405 1888 Τί
1428 1834 1484 1888 δὲ
1514 1833 1655 1888 κατὰ
1675 1832 1773 1903 τὴν
1800 1831 1960 1902 φύσιν

378 1930 525 1983 ἐστὶν
555 1933 585 1983 ὁ
600 1930 725 2001 δίχα
754 1930 1061 1998 γεννήσεως
1082 1927 1156 1982 ὢν
1178 1928 1273 1982 καὶ
1288 1925 1646 1996 γεγεννῆσθαι
1672 1941 1962 1978 πεπιστευ-

380 2020 563 2091 μένος,
595 2022 658 2073 ἐκ
677 2020 779 2090 τῆς
806 2018 901 2073 τοῦ
936 2019 1263 2089 γεννηθῆναι
1294 2019 1387 2072 καὶ
1423 2017 1498 2089 μὴ
1524 2016 1847 2087 γεννηθῆναι
1867 2033 1962 2086 ση-

381 2112 581 2182 μασίας
635 2112 736 2164 οὑκ
782 2110 1160 2181 ἐδιδάχθημεν.
1197 2110 1458 2173 Εἰπόντες
1494 2109 1602 2179 γὰρ
1634 2110 1714 2163 ὅτι
1746 2102 1959 2177 οὗτοςῆ

376 2203 774 2272 γεγέννηται,ἢ
802 2202 861 2254 οὑ
885 2202 1226 2271 γεγέννηται,
1254 2200 1447 2271 διπλῆν
1475 2199 1847 2271 ὲντυπούμεθα
1873 2198 1963 2252 διὰ

375 2294 486 2347 τῶν
515 2294 818 2365 εἰρημένων
848 2294 1087 2347 διάνοιαν
1109 2310 1123 2324 ο
1160 2292 1237 2364 τῷ
1272 2294 1371 2363 μὲν
1399 2292 1655 2363 δεικτικῷ
1684 2293 1775 2347 τοῦ
1801 2292 1960 2361 λόγου

378 2384 512 2454 πρὸς
535 2385 596 2439 τὸ
622 2385 978 2455 ὑποκείμενον
1015 2384 1324 2454 βλέποντες,
1348 2383 1428 2454 τῷ
1467 2384 1523 2437 δὲ
1562 2383 1906 2453 Γεγέννηται,
1924 2385 1958 2454 ἢ

380 2477 454 2529 υὺ
485 2476 826 2547 γεγέννηται,
864 2476 925 2529 τὸ
964 2474 1043 2546 τῷ
1076 2474 1421 2545 ὑποκειμένῳ
1452 2473 1960 2545 προσθεωρούμενον

376 2565 757 2638 διδασκόμεθα.
801 2568 889 2630 Ὠς
937 2566 1066 2620 ἄλλο
1115 2566 1213 2636 μέν
1243 2582 1295 2617 τι
1329 2566 1456 2635 περὶ
1488 2564 1578 2616 τοῦ
1612 2564 1762 2627 ὗντος
1800 2566 1959 2630 νοεῖν,

377 2657 507 2712 ἀλλο
533 2658 590 2711 δέ
636 2675 690 2711 τι
723 2659 851 2728 περί
888 2658 981 2712 τοῦ
1017 2657 1485 2728 ὲπιθεωρουμένου
1524 2657 1756 2727 τῷδντι.
1804 2655 1963 2711 Ἀλλά

377 2752 473 2804 καὶ
492 2750 652 2805 παντὶ
679 2750 903 2820 ὀνόματι
925 2751 1003 2821 τῷ
1028 2753 1157 2821 περὶ
1177 2752 1275 2820 τὴν
1304 2750 1455 2804 θείαν
1476 2749 1749 2820 λεγομένῳ
1777 2749 1958 2818 φύσιν,

378 2843 442 2896 τὸ
474 2844 608 2896 ἐστι
636 2842 854 2905 πάντως
884 2843 1337 2907 συνυπακούεται,
1369 2838 1478 2895 οἷον
1502 2842 1726 2907 δίκαιος,
1748 2841 1959 2912 ἄφθαρ-

379 2950 492 2996 τος,
525 2932 789 2995 ἀθάνατός
810 2950 871 2985 τε
905 2933 1000 2985 καί
1028 2933 1343 3001 ἀγέννητος,
1389 2933 1481 2985 καὶ
1503 2933 1553 2984 εἴ
1578 2950 1632 2985 τι
1659 2934 1845 3005 ἓτερον
1868 2934 1959 2987 λέ-

380 3040 560 3092 γεται,
591 3024 695 3077 κᾶν
727 3023 799 3094 μὴ
848 3027 914 3094 τῇ
972 3027 1120 3094 φωνῇ
1184 3024 1683 3095 συμπαρομαρτῶν
1715 3024 1852 3095 τύχῃ
1904 3027 1983 3078 τὸκ

382 3115 536 3185 ρῆιμα
565 3115 739 3168 τοῦτο.
782 3115 917 3167 Ἀλλ’
950 3117 983 3184 ἡ
1008 3115 1215 3167 διάνοια
1234 3116 1449 3177 παντως
1471 3114 1562 3167 τοῦ
1594 3115 1961 3184 φθεγγομένου

380 3208 474 3260 καὶ
505 3204 601 3259 τοῦ
625 3206 934 3270 ἀκούοντος,
960 3206 1034 3276 τῷ
1058 3205 1192 3259 ἐστι
1227 3206 1657 3276 προσαπαρτίζει
1690 3206 1751 3257 τὸ
1773 3206 1961 3276 ὄνομα,

380 3296 458 3361 ὡς
477 3300 525 3349 εἰ
554 3295 628 3367 μὴ
662 3296 820 3351 τοῦτο
849 3297 1191 3367 προσκέοιτο,
1216 3297 1357 3351 κατὰ
1387 3295 1542 3348 κενοῦ
1570 3295 1665 3366 τὴν
1695 3313 1964 3366 προσηγο-

384 3389 507 3459 ρίαν
526 3389 765 3441 πίπτειν·
804 3382 910 3443 οἷον
934 3388 1315 3460 (κρεῖττονγὰρ
1335 3389 1390 3440 ὲν
1412 3387 1769 3455 ὑποδείγματι
1788 3405 1965 3459 παρα-

383 3480 577 3549 στῆσαι
618 3477 710 3530 τὸν
748 3477 948 3548 λόγον),
971 3477 1212 3541 εἰπόντος
1242 3476 1334 3529 τοῦ
1375 3475 1538 3529 Δαθὶδ
1562 3516 1577 3541 ,
1607 3477 1688 3529 ὅτι
1727 3477 1787 3529 '0
1820 3478 1960 3543 Θεώς

382 3566 587 3636 κριτὴς
617 3567 845 3633 δίκαιος
864 3570 961 3621 καί
986 3566 1237 3636 ἰσχυρὸς
1249 3568 1347 3620 καί
1366 3567 1778 3636 μακρόθυμοςο
1810 3570 1859 3621 εἰ
1887 3567 1960 3637 μὴ

384 3657 811 3712 συνυπακούοιτο
836 3657 942 3711 τῶν
971 3657 1419 3727 κατειλημμένων
1448 3656 1726 3727 ὀνομάτων
1747 3658 1961 3729 ἑκάστῳ

381 3748 445 3801 τὸ
478 3748 633 3813 ἐστὶ,
692 3749 896 3820 ματαία
944 3748 1070 3813 δόξα
1096 3750 1191 3801 καὶ
1217 3749 1585 3811 ἀνυπόστατος
1609 3750 1643 3820 ἡ
1672 3750 1779 3802 τῶν
1800 3767 1962 3821 προσ-

379 3841 621 3913 ηγοριῶν
654 3840 1053 3913 ἀπαρίθμησις.
1100 3839 1235 3911 πρὸς
1268 3840 1419 3892 οὐδὲν
1446 3841 1957 3912 ὑποκείμενονὲρει-

379 3934 577 4004 δομένη
602 3952 616 3966 ·
656 3932 1164 4003 συνυπακουομένου
1201 3932 1258 3986 δὲ
1299 3930 1391 3984 τοῦ
1421 3932 1592 3985 ἐστὶν
1616 3934 1830 4004 ἑκάστῳ
1850 3934 1959 3987 τῶν

380 4026 681 4095 ὀνομάτων,
740 4024 946 4095 ἰσχύσει
980 4024 1195 4087 πάντως
1226 4023 1294 4077 τὰ
1345 4024 1611 4093 εἰρημένα
1657 4026 1785 4096 περὶ
1817 4026 1876 4078 τὸ
1900 4025 1959 4079 ὃν

381 4115 754 4185 θεωρούμενα.
786 4116 994 4186 Ὠσπερ
1021 4114 1198 4168 τοίνυν
1225 4114 1468 4177 εἰπόντες
1495 4114 1577 4167 ὅτι
1603 4119 1795 4186 κριτής
1819 4118 1954 4180 ἐστι,

379 4206 468 4260 διὰ
528 4206 625 4276 μὲν
678 4207 776 4277 τῆς
829 4206 1081 4277 κρίσεως,
1125 4206 1405 4277 ἐνέργειάν
1459 4223 1581 4261 τινα
1613 4207 1740 4278 περὶ
1797 4208 1957 4262 αὑτὸν

380 4298 704 4366 ὲνοήσαμεν⁹
747 4297 843 4361 διὰ
899 4296 956 4349 δὲ
1001 4297 1096 4350 τοῦ
1150 4298 1281 4350 ἐστὶ
1345 4296 1425 4366 τῷ
1486 4297 1827 4368 ὑποκειμένῳ
1867 4300 1957 4352 τὸν

2144 1545 2265 1601 llaec
2289 1561 2423 1601 vero
2454 1545 2709 1613 dicimus,
2750 1562 2861 1601 non
2906 1549 3052 1619 quod
3089 1549 3395 1607 inﬁciemnr
3429 1551 3641 1609 Patrem

2073 1639 2235 1693 modo
2295 1637 2539 1709 ingenito
2588 1654 2746 1705 esse;
2788 1655 2964 1709 neque
3010 1650 3069 1695 ut
3122 1657 3231 1696 non
3276 1647 3643 1701 assentiamur

1992 1721 2034 1776 B
2079 1730 2419 1800 unigenitum
2451 1727 2616 1784 Deum
2678 1732 2918 1800 genitum
2947 1746 3086 1786 esse.
3133 1731 3239 1788 Sed
3265 1746 3318 1789 et
3350 1736 3436 1790 hic
3478 1738 3630 1808 geni-

2067 1829 2156 1877 tus
2185 1831 2267 1876 est
2298 1828 2351 1875 et
2382 1820 2472 1875 ille
2516 1836 2625 1875 non
2656 1822 2892 1892 genitus.
2927 1821 3070 1888 Quid
3116 1834 3296 1879 autem
3342 1829 3643 1883 secundum

2066 1923 2317 1967 naturam
2346 1920 2432 1967 est
2460 1911 2605 1982 quod
2645 1913 2765 1967 sine
2796 1916 3151 1981 generatione
3172 1924 3224 1972 et
3246 1918 3486 1987 genitum
3522 1935 3646 1974 esse

2068 2003 2329 2069 creditur,
2360 2019 2424 2057 ex
2458 2003 2858 2072 signiﬁcatione
2883 2006 3051 2074 geniti
3082 2015 3135 2061 et
3168 2024 3277 2061 non
3313 2009 3477 2079 geniti
3530 2026 3641 2065 non

2069 2111 2262 2151 Stunus
2293 2095 2665 2153 edocti.,Cum
2706 2096 2850 2150 enim
2880 2098 3135 2162 dicimus,
3156 2100 3252 2154 llic
3291 2103 3371 2155 vel
3429 2103 3644 2171 genitus
3682 2162 3684 2164 τ

2068 2194 2172 2250 est,
2208 2187 2290 2241 vel
2325 2202 2431 2240 non
2466 2196 2550 2243 est
2580 2187 2818 2257 genitus,
2857 2188 3128 2259 duplicem
3164 2193 3523 2248 informamus
3551 2211 3645 2264 per

2070 2278 2185 2332 haec
2239 2279 2384 2331 dicta
2432 2278 2888 2346 intelligentiam:
2936 2279 3369 2336 demonstrativo
3424 2286 3642 2353 quidem

2068 2370 2416 2441 pronomine,
2450 2368 2516 2423 ad
2553 2369 2859 2439 subjectum
2886 2372 3263 2442 re5picientes.
3300 2378 3465 2430 verbo
3517 2392 3646 2429 vero

2068 2464 2287 2532 genitus
2311 2470 2415 2525 est,
2446 2461 2526 2537 vel
2560 2476 2667 2516 non
2686 2463 2903 2533 genitus
2932 2473 3036 2528 est,
3068 2464 3117 2517 id
3153 2466 3293 2535 quod
3320 2467 3373 2519 in
3397 2466 3647 2537 subjecto

2070 2553 2458 2609 Consideratur
2491 2536 2774 2607 docemur.
2813 2556 2886 2607 lta
2930 2564 2986 2608 ut
3042 2557 3172 2626 quid
3226 2558 3371 2612 aliud
3424 2536 3642 2629 quidem

2067 2646 2134 2700 de
2165 2661 2230 2701 eo
2254 2645 2401 2715 quod
2437 2654 2520 2699 est
2544 2644 2931 2715 intelligamus,
2961 2647 3105 2699 aliud
3139 2664 3265 2702 vero
3296 2648 3364 2703 de
3404 2665 3469 2703 eo
3498 2650 3642 2719 quod

2067 2736 2469 2798 consideratur.
2530 2736 2583 2789 in
2629 2752 2693 2789 eo
2731 2736 2874 2805 quod
2911 2744 3010 2789 est.
3072 2736 3380 2802 Quinetiam
3425 2739 3475 2793 in
3525 2756 3644 2793 oni-

2081 2829 2136 2882 ni
2172 2829 2395 2882 nomine
2448 2828 2593 2897 quod
2640 2828 2707 2882 de
2751 2827 2933 2882 divina
3004 2838 3191 2881 natura
3237 2831 3457 2893 dicitur,
3499 2847 3646 2888 sem-

2070 2935 2163 2988 per
2201 2918 2528 2973 subauditur
2561 2921 2785 2973 omnino
2822 2920 2923 2973 hoc
2961 2921 3183 2974 verbum
3220 2931 3318 2986 est,
3353 2931 3408 2976 ut
3432 2925 3638 2994 justus.

2076 3010 2452 3082 incorruptus,
2471 3012 2795 3067 immortalis
2813 3021 2862 3066 et
2888 3012 3181 3084 ingenitus,
3201 3024 3252 3067 ct
3272 3015 3316 3067 si
3341 3016 3470 3085 quid
3502 3019 3647 3073 aliud

2067 3101 2290 3165 dicitur,
2333 3105 2543 3157 etiamsi
2578 3104 2677 3156 hoc
2706 3104 2964 3167 verbum,
2999 3122 3190 3174 nempe
3219 3115 3331 3169 est,
3368 3124 3501 3161 voce
3536 3125 3645 3163 non

2066 3196 2399 3249 enuntietur.
2444 3196 2549 3250 Sed
2591 3198 2944 3266 intelligentia
2988 3209 3040 3251 et
3085 3215 3238 3252 luens
3280 3200 3551 3268 loquentis
3593 3210 3648 3254 et

2070 3287 2345 3341 audientis
2383 3303 2581 3341 nomen
2612 3287 2834 3357 adaptat
2877 3288 3043 3341 verbo
3071 3300 3171 3351 est,
3207 3289 3278 3342 ita
3311 3300 3366 3342 ut
3408 3292 3511 3345 nisi
3544 3293 3648 3346 hoc

2072 3379 2339 3446 adjaceat,
2392 3380 2669 3434 incassum
2718 3381 3008 3449 appellatio
3049 3382 3229 3434 cadat.
3277 3380 3433 3436 Verbi
3472 3384 3647 3453 gratia

2069 3471 2314 3540 (praestat
2361 3472 2506 3527 enim
2559 3472 2860 3525 orationem
2909 3475 3172 3543 exemplis
3223 3473 3402 3528 animo
3450 3490 3647 3544 reprae-

2061 3572 2301 3636 sentare)
2338 3583 2463 3623 cum
2494 3567 2632 3622 dixit
2666 3567 2852 3631 David,
2895 3567 3038 3637 quod
3084 3567 3219 3622 Deus
3267 3568 3436 3639 judea:
3464 3570 3646 3638 justus

2059 3670 2105 3713 et
2156 3660 2334 3728 fortis,
2389 3670 2439 3713 et
2497 3660 2811 3730 longanimis
2872 3661 2955 3727 ‘9;
3014 3660 3121 3715 nisi
3175 3661 3537 3716 subaudiatur
3590 3664 3642 3718 in

2060 3767 2277 3821 quoque
2327 3752 2607 3807 nominum
2653 3768 2776 3821 qua:
2824 3751 2927 3807 hoc
2974 3752 3244 3807 versiculo
3288 3755 3647 3824 comprehen-

2060 3842 2286 3905 dunlnr,
2332 3843 2556 3897 verbum
2600 3852 2708 3903 est.
2753 3859 2889 3895 vana
2937 3844 3153 3912 opinio,
3194 3855 3245 3898 et
3291 3862 3411 3915 quae
3458 3848 3646 3917 nequit

2060 3934 2361 3989 subsistere
2420 3934 2841 4003 appellationum
2894 3936 3269 4000 enumeratio,
3321 3954 3444 3992 cum
3497 3940 3646 3992 nullo

2060 4026 2309 4095 subjecto
2343 4025 2415 4078 sit
2444 4024 2578 4079 [ulla
2604 4036 2657 4080 ct
2692 4026 2899 4080 innixa.
2939 4026 2995 4080 Si
3023 4042 3152 4082 vero
3183 4026 3235 4079 in
3277 4029 3508 4098 singulis
3547 4043 3644 4081 no-

2059 4119 2299 4173 minibus
2346 4119 2432 4175 his
2478 4119 2837 4173 subaudiatnr
2890 4119 3112 4173 verbum
3165 4130 3272 4178 est,
3332 4120 3437 4170 vim
3495 4129 3642 4173 certe

2060 4207 2336 4262 habebunt
2374 4226 2436 4262 ea
2474 4226 2595 4277 quze
2637 4210 2779 4263 dicta
2824 4220 2951 4261 sunt
2992 4225 3115 4261 cum
3166 4210 3217 4261 in
3271 4224 3337 4260 eo
3385 4210 3641 4277 quodest

2058 4301 2496 4357 considerantur.
2527 4300 2995 4365 Quemadmodum
3026 4299 3170 4353 enim
3203 4314 3324 4352 cum
3359 4298 3597 4353 dicimus

381 4387 506 4440 νοῦν
554 4388 928 4459 ἐπεϐάλομεν,
970 4388 1156 4456 σαφῶς
1198 4387 1572 4459 διδασκόμενοι
1603 4388 1689 4442 διὰ
1728 4390 1952 4456 τούτων,

2062 4390 2200 4457 quod
2237 4388 2403 4455 judcx
2444 4399 2546 4451 est,
2588 4405 2681 4457 per
2714 4389 2979 4457 judicium
3012 4388 3227 4459 quidem
3264 4388 3636 4456 operationem

383 4479 459 4549 μὴ
492 4479 580 4532 τὸν
608 4479 770 4532 αὑτὸν
810 4478 1050 4549 νομίζειν
1073 4481 1140 4549 τῇ
1178 4478 1447 4551 ἐνεργείᾳ,
1469 4480 1561 4533 τὸν
1589 4481 1683 4532 τοῦ
1706 4477 1842 4534 εἶναι
1869 4481 1956 4537 λό-

381 4587 501 4637 γον’
539 4569 711 4632 οὕτως
743 4570 837 4623 καὶ¹
868 4571 933 4623 ἐκ
956 4569 1050 4623 τοῦ
1084 4572 1276 4635 εἰπεῖν,
1308 4563 1389 4623 ὅτι
1413 4571 1698 4639 γεννητὸς
1727 4571 1759 4644 ἢ
1787 4570 1960 4640 ἀγέν-

378 4663 561 4730 νητός
596 4666 733 4723 ἐστι,
760 4661 1052 4734 μερίζομεν
1073 4661 1206 4732 πρὸς
1220 4661 1411 4731 διπλῆν
1431 4662 1694 4731 ὑπόληψιν
1714 4664 1811 4733 τὴν
1839 4664 1955 4716 διά-

378 4771 550 4808 νοιανο
576 4753 663 4806 δια
689 4753 788 4823 μὲν
808 4752 899 4806 τοῦ
922 4752 1055 4807 ἐστί
1083 4753 1327 4815 νοοῦντες
1354 4754 1414 4805 τὸ
1462 4755 1838 4823 ὑποκείμενον,
1867 4754 1957 4808 διὰ

376 4846 436 4898 δὲ
468 4846 562 4898 τοὺ
594 4844 884 4916 γεννητὸς
926 4845 959 4913 ἦ
992 4844 1340 4913 ἀγέννητος,
1380 4844 1441 4896 τὸ
1472 4844 1671 4913 προσὸν
1709 4844 1787 4913 τῷ
1824 4845 1953 4897 ὑπο-

378 4939 614 5008 κειμένῳ
642 4937 1172 5007 καταλαμϐάνοντες.
1205 4936 1472 5005 Καθάπερ
1497 4934 1671 4985 τοίνυν
1698 4934 1891 5004 κριτὴν
1918 4935 1950 5005 ἢ

380 5030 625 5103 μακρόου
634 5048 730 5101 μον
758 5028 908 5099 παρά
939 5028 1034 5082 τοῦ
1063 5028 1223 5080 Δαϐὶδ
1245 5025 1380 5079 εἶναι
1413 5028 1503 5080 τὸν
1526 5027 1655 5080 Θεὸν
1679 5029 1953 5098 διδαχθέν-

375 5134 487 5183 τες,
540 5119 599 5171 οὑ
646 5116 743 5188 τὴν
788 5116 937 5170 θείαν
986 5116 1194 5182 οὐσίαν,
1232 5116 1367 5169 ἀλλά
1398 5133 1451 5167 τι
1492 5116 1599 5168 τῶν
1631 5119 1756 5188 περὶ
1784 5119 1953 5189 αὑτὴν

375 5209 761 5280 θεωρουμένων
812 5208 1088 5280 ἐμάθομεν
1111 5227 1125 5240 ·
1179 5207 1349 5272 οὕτως
1384 5208 1476 5260 καὶ
1503 5209 1753 5274 ἐνταῦθα,
1784 5210 1844 5262 τὸ
1880 5211 1953 5281 μὴ

2059 4480 2348 4549 quamdam
2400 4479 2450 4532 in
2500 4481 2616 4548 ipso
2655 4480 3058 4540 intelleximus;
3102 4496 3191 4548 per
3242 4481 3461 4534 verbum
3511 4499 3637 4537 vero

2053 4581 2154 4634 est,
2196 4572 2261 4624 ad
2297 4572 2603 4639 subjectum
2651 4582 2885 4624 mentem
2939 4572 3269 4640 appulimus,
3305 4582 3489 4641 aperte
3543 4590 3637 4642 per

2055 4665 2167 4717 haec
2199 4664 2399 4726 edocti,
2445 4679 2552 4717 non
2591 4662 2835 4716 eamdem
2876 4678 2997 4717 esse
3041 4663 3356 4716 existimare
3399 4673 3554 4717 actus
3584 4676 3637 4719 ct

2052 4754 2305 4809 essentia:
2339 4754 2604 4807 rationem
2642 4772 2657 4810 :
2686 4753 2765 4808 sic
2797 4754 2961 4807 etiam
2997 4772 3061 4808 ex
3106 4769 3172 4809 eo
3208 4755 3349 4824 quod
3381 4755 3636 4823 dicimus,

2053 4844 2197 4914 quod
2237 4844 2443 4914 genitus
2489 4855 2588 4909 est,
2640 4846 2724 4900 vel
2771 4845 3055 4913 ingenitus.
3112 4845 3166 4898 in
3221 4846 3490 4915 duplicem
3542 4866 3631 4902 no:

2055 4937 2251 4990 tionem
2288 4935 2701 5006 intelligentiam
2744 4945 2986 4990 nostram
3020 4937 3323 5005 partimur;
3374 4956 3496 4991 nam
3545 4956 3625 5008 pst

2054 5026 2281 5081 verbum
2313 5038 2413 5091 est,
2444 5028 2799 5097 intelligimus
2821 5028 3128 5096 subjectum
3158 5046 3172 5094 ;
3200 5040 3249 5082 et
3276 5045 3370 5099 per
3392 5029 3633 5098 genitum

2053 5120 2138 5173 vel
2171 5118 2493 5190 ingenitum,
2522 5119 2573 5172 id
2607 5118 2750 5188 quod
2796 5117 2950 5173 adest
2995 5120 3246 5189 subjecto
3287 5120 3635 5187 comprehen-

2055 5211 2258 5267 dimus.
2295 5210 2763 5277 Quemadmodum
2789 5211 3235 5282 igiturjudiccm,
3269 5211 3347 5263 vel
3384 5209 3633 5276 longani-

374 5304 730 5373 γεγεννῆσθαι
758 5302 1109 5367 ἀκούσαντες.
1157 5304 1218 5355 οὑ
1258 5303 1315 5355 τὸ
1348 5301 1705 5370 ὑποκείμενον
1733 5302 1819 5354 διὰ
1857 5303 1954 5372 τῆς

2062 5315 2187 5355 nem
2204 5316 2327 5356 esse
2347 5301 2513 5357 Deum
2545 5318 2573 5356 a
2605 5302 2810 5359 Davide
2830 5321 2955 5359 cum
2982 5305 3127 5358 docti
3149 5317 3360 5363 sumus,
3377 5316 3482 5353 non
3498 5302 3632 5354 divi-

372 5393 741 5463 ὸπεμφάσεως
770 5393 1012 5463 ἔγνωμεν
1033 5412 1046 5423 ·
1078 5394 1212 5448 ἀλλὰ
1249 5394 1301 5446 τί
1329 5394 1390 5447 οὑ
1426 5394 1531 5465 χρὴ
1566 5392 1696 5461 περί
1725 5394 1784 5445 τὸ
1818 5394 1953 5445 ὑπο-

2046 5407 2171 5446 nam
2194 5394 2512 5458 essentiam,
2538 5396 2631 5451 sed
2655 5413 2842 5451 eorum
2863 5396 3066 5464 aliquid
3089 5410 3207 5463 qua:
3234 5394 3285 5445 in
3313 5392 3425 5460 ipsa
3445 5396 3628 5449 consi-

372 5482 626 5554 κείμενον
659 5488 796 5540 νοεῖν
824 5487 1204 5558 ὡδηγήθημεν.
1234 5488 1307 5541 Τὸ
1333 5488 1390 5541 δὲ
1429 5488 1545 5541 κατ’
1574 5485 1767 5539 οὐσίαν
1798 5486 1825 5537 ὃ
1899 5481 1951 5536 τί

2064 5483 2311 5541 lerantur
2363 5487 2657 5549 didicimus
2686 5508 2697 5542 :
2726 5490 2806 5545 sic
2842 5498 2894 5542 et
2943 5487 3026 5541 hic
3058 5500 3165 5539 non
3220 5483 3460 5554 genitum
3505 5501 3627 5541 esse

449 5624 673 5724 vi...
714 5685 752 5735 l,
795 5666 880 5723 ιε.
941 5664 1067 5740 ,ξοι
1103 5665 1254 5739 nm.
1298 5681 1371 5733 γι,
1412 5665 1495 5724 ιθ.
1544 5666 1617 5743 κιο
1669 5663 1816 5722 Psal.
1848 5676 2030 5732 οων,
2061 5661 2094 5718 8
