4046 6150
1679 137 1716 157 ιι

406 255 511 313 765

1661 251 1720 310 S.
1761 249 2086 307 GBECOIlIl
2119 247 2404 305 NYSSENI

3564 250 3665 305 784

407 375 711 440 audientes,
755 386 862 425 non
908 369 1214 438 subjectum
1249 381 1346 439 per
1379 365 1520 420 hanc
1560 365 1983 420 declarationem

2093 361 2219 415 ποτέ
2247 363 2414 427 ἐστιν,
2455 359 2607 414 οὐδὲν
2658 353 2822 432 ἦττον
2871 360 2932 412 ἐν
2968 357 3147 429 ἀδήλῳ
3195 359 3374 431 μένει·
3407 355 3550 413 οὕτω
3574 362 3669 414 καὶ

409 467 682 526 novimus,
716 460 810 515 sed
843 459 1045 529 aliquid
1080 455 1371 527 quod-non
1398 461 1614 526 Oportet
1642 453 1709 509 de
1738 453 1986 523 subjecto

408 563 586 608 mente
619 549 908 619 concipere
951 547 1162 602 inducti
1207 559 1438 602 sumus:
1486 543 1632 614 quod
1667 551 1848 598 autem
1895 556 1986 596 se-

409 643 648 697 cundum
676 641 974 696 essentiam
1003 639 1264 709 quidnam
1290 636 1510 691 tandem
1533 643 1616 691 est
1631 633 1988 689 nihilominus

409 752 462 790 ιιι
493 735 729 788 obscuro
757 742 957 788 manet.
992 731 1083 786 Sic
1125 731 1289 786 etiam
1318 745 1438 784 cum
1474 735 1662 784 sancta
1704 725 1987 796 Scriptura

409 826 616 894 reliqua
669 823 852 878 divina
905 823 1125 877 nomina
1169 821 1237 876 de
1282 836 1349 874 eo
1399 818 1545 889 quod
1595 826 1680 874 cst
1721 818 1988 885 enuntiat,

411 917 585 986 ipsum
621 929 750 968 vero
792 911 1180 967 innominabile
1211 909 1344 966 Mosi
1385 909 1572 964 tradit.
1599 909 1702 974 Qui
1732 923 1863 978 ergo
1891 921 1989 962 na-

408 1013 583 1061 turam
602 1004 721 1072 ejus
750 1002 894 1072 quod
915 1011 999 1057 est
1030 1000 1243 1072 aperire
1264 1015 1323 1056 se
1341 999 1644 1070 proﬁtetur,
1673 999 1989 1067 neutiquam

408 1111 470 1152 ea
504 1110 625 1165 qua:
659 1103 788 1150 sunt
811 1095 878 1149 de
928 1108 994 1148 eo
1041 1091 1185 1162 quod
1237 1101 1321 1147 est
1364 1091 1616 1160 explicet,
1676 1089 1770 1145 sed
1817 1090 1988 1158 ipsam

408 1187 524 1242 suis
552 1186 733 1241 verbis
764 1185 809 1240 si
842 1193 1019 1255 potest
1041 1183 1199 1240 nobis
1227 1183 1478 1254 explanet
1510 1189 1782 1235 naturam.
1811 1179 1991 1246 Quod-

407 1295 626 1349 cunque
665 1278 811 1333 enim
855 1293 1050 1332 nomen
1082 1275 1307 1336 dixeris,
1340 1282 1424 1329 est
1455 1275 1522 1329 de
1567 1289 1632 1328 eo
1678 1273 1822 1343 quod
1865 1279 1989 1339 est;

411 1387 520 1424 non
551 1369 681 1423 illud
715 1376 796 1423 est
846 1387 860 1423 :
905 1368 1106 1432 bonus,
1151 1367 1446 1436 ingenuitas,
1505 1366 1601 1420 sed
1644 1366 1791 1433 quod
1837 1373 1921 1420 cst
1961 1380 1990 1417 a

412 1462 562 1515 nullo
604 1461 798 1513 horum
826 1459 1114 1514 deseritur.
1153 1456 1328 1526 Hujus
1371 1457 1532 1527 igitur
1561 1458 1653 1526 qui
1692 1469 1775 1511 est
1814 1457 1991 1512 bonus

410 1558 464 1605 et
511 1551 604 1619 qui
650 1559 733 1604 est
786 1549 1080 1618 ingenitus,
1132 1548 1292 1602 sicuti
1347 1555 1431 1602 est
1475 1547 1844 1603 deﬁnitionem
1898 1547 1990 1616 qui

413 1641 752 1696 redditurum
783 1657 841 1695 se
873 1640 1174 1709 pollicetur,
1210 1655 1380 1694 vanus
1406 1641 1588 1702 fuerit,
1623 1640 1748 1693 dum
1783 1655 1843 1695 ea
1871 1655 1990 1709 qum

2088 455 2187 525 τῆς
2213 453 2378 522 ἁγίας
2403 453 2625 524 Γραφῆς
2664 455 2732 506 τὰ
2763 451 2862 523 μὲν
2887 451 3046 504 λοιπά
3071 451 3176 505 τῶν
3202 451 3362 505 θείων
3386 451 3669 522 ὀνομάτων

2091 544 2229 598 κατὰ
2266 543 2361 598 τοῦ
2411 545 2567 609 ὄντος
2605 543 3036 615 κατηγορούσης,
3067 543 3199 599 αὐτὸ
3231 543 3288 597 δὲ
3324 543 3386 597 τὸ
3410 543 3470 596 δν
3506 545 3671 597 ἀκατ-

2087 637 2386 707 ονόμαστον
2409 635 2487 708 τῷ
2514 639 2684 708 Μωσῇ
2711 635 3091 707 παραδίδωσιν,
3111 637 3167 691 Ὀ
3189 635 3366 689 τοίνυν
3393 634 3487 688 τοῦ
3516 633 3669 698 ὄντος

2089 727 2446 782 ἐκκαλύπτων
2495 727 2596 800 τὴν
2634 727 2816 798 φύσιν,
2853 728 2928 800 μὴ
2971 731 3041 782 τὰ
3078 730 3206 799 περὶ
3229 727 3293 781 τὸ
3329 723 3667 790 ὂνδιεξιὲτω,

2089 820 2204 874 ἀλλ’
2250 820 2420 892 αὐτὴν
2455 822 2588 891 ἡμῖν
2641 820 2954 892 φανερούτω
2985 821 3051 874 δι’
3077 814 3152 874 ὧν
3185 820 3332 888 λέγει
3361 820 3460 889 τὴν
3483 817 3669 887 φύσιν.

2091 914 2208 967 Πᾶν
2239 912 2348 983 γὰρ
2369 913 2397 966 ὅ
2427 913 2480 966 τί
2524 931 2627 984 περ
2667 913 2733 967 ἂν
2758 914 2917 986 εἴπῃς
2943 912 3134 983 ὄνομα,
3165 913 3295 983 ’περὶ
3329 912 3390 964 τὸ
3412 913 3472 964 ὄν
3498 914 3668 973 ἐστιν,

2090 1005 2191 1057 οὐκ
2229 1003 2403 1057 ἐκεῖνό
2436 1005 2580 1057 ἐστιν
2604 1021 2618 1034 ·
2644 1003 2864 1072 ἀγαθὸς.
2891 1005 3207 1074 ἀγέννητος,
3233 1002 3370 1056 ἀλλὰ
3399 1002 3460 1055 τὸ
3493 1001 3668 1061 ἐστὶν,

2093 1097 2322 1150 ἑκάστου
2357 1096 2562 1150 τούτων
2595 1097 2695 1150 οὐκ
2732 1097 3102 1151 ἀπολείπεται.
3135 1095 3338 1150 Τούτου
3366 1095 3548 1147 τοίνυν
3575 1093 3671 1147 τοῦ

2090 1189 2242 1254 ὄντος
2288 1189 2512 1260 ἀγαθοῦ,
2546 1189 2640 1244 καὶ
2673 1189 2826 1253 ὄντος
2850 1189 3166 1260 ἀγεννήτου,
3195 1187 3377 1250 καθώς
3407 1188 3545 1251 ἐστι,
3579 1187 3672 1239 τὸν

2092 1282 2246 1352 λόγον
2267 1299 2351 1344 τις
2374 1279 2671 1335 ἀποδώσειν
2687 1281 3170 1351 ἐπαγγειλάμενος,
3199 1280 3427 1351 μάταιος
3460 1278 3534 1339 ἂν
3548 1278 3634 1346 εῐη
3656 1294 3670 1308 ο

2093 1372 2163 1426 τὰ
2195 1373 2290 1443 μὲν
2311 1371 2751 1443 ἐπιθεωρούμενα
2794 1372 2968 1440 λέγων
2991 1412 3006 1436 ,
3041 1371 3212 1440 αὐτὴν
3240 1370 3298 1424 δὲ
3327 1369 3545 1424 σιωπῶν
3571 1369 3671 1438 τὴν

2093 1464 2278 1518 οὐσίαν
2301 1465 2364 1535 ἦν
2395 1463 2714 1534 ἑρμηνεύειν
2755 1463 2833 1534 τῷ
2869 1463 3010 1533 λόγῳ
3049 1461 3570 1529 κατεπαγγέλλεται.
3598 1460 3674 1511 Τὸ

2095 1555 2204 1626 γάρ
2224 1557 2532 1627 ἀγεννήτως
2565 1551 2724 1618 εἶναι,
2777 1554 2834 1607 ἓν
2873 1554 2984 1608 τῶν
3035 1550 3523 1623 ἐπιθεωρουμένων
3556 1549 3673 1602 ἐστὶ

2094 1647 2172 1719 τῷ
2221 1648 2354 1701 ὄντι.
2391 1648 2582 1712 Ἀλλος
2620 1647 2676 1701 δὲ
2715 1647 2810 1700 τοῦ
2834 1643 3010 1711 ἐἷναι,
3062 1645 3156 1699 καὶ
3208 1644 3368 1707 ἄλλος
3418 1641 3513 1695 τοῦ
3555 1640 3674 1703 πῶς

414 1735 469 1788 in
504 1749 567 1787 eo
594 1731 736 1802 quod
782 1743 864 1786 est
907 1713 1346 1790 censue-rantur.
1383 1748 1634 1787 sermone
1673 1740 1893 1797 trac1at,
1927 1731 1991 1786 de

2096 1713 2232 1793 εἶναι
2261 1743 2289 1794 ὁ
2317 1740 2493 1809 λόγος.
2517 1742 2582 1794 '0
2607 1740 2769 1811 μέχρι
2795 1739 2890 1793 τοῦ
2919 1739 3015 1792 νῦν
3041 1736 3278 1810 άρρητόν
3303 1751 3364 1788 τε
3391 1735 3486 1787 καὶ
3512 1734 3675 1799 ἀνερο

413 1825 530 1896 ipsa
571 1840 699 1879 vero
721 1823 981 1891 essentia,
1021 1839 1180 1893 quam
1240 1823 1489 1878 oratione
1529 1825 1802 1892 explicare
1836 1825 1991 1893 polli-

2094 1834 2357 1902 μήνευτον
2411 1833 2474 1884 ὲκ
2511 1831 2618 1884 τῶν
2651 1833 2952 1903 εἰρημένων
2997 1829 3161 1882 ἐστίν.
3191 1826 3402 1881 Οὐκοῦν
3427 1841 3674 1895 φανερω·

410 1927 569 1972 cetur
599 1932 666 1971 ne
695 1918 918 1970 verbum
954 1915 1194 1985 quidem.
1228 1913 1360 1969 Nam
1397 1917 1636 1985 ingenite
1673 1930 1794 1969 esse
1826 1931 1991 1968 unum

2093 1925 2240 1978 σάτω
2291 1925 2552 1996 πρότερον
2603 1925 2734 1994 ἡμῖν
2777 1925 2846 1977 τὰ
2886 1924 2982 1992 τῆς
3027 1921 3216 1984 οὐσίας
3263 1919 3503 1991 ὀνόματα
3528 1933 3543 1948 ·
3578 1917 3676 1969 καὶ

410 2018 498 2064 est
525 2025 712 2063 eorum
742 2024 862 2078 qua:
903 2009 956 2062 in
1000 2025 1065 2063 eo
1107 2007 1203 2077 qui
1255 2017 1338 2062 est
1384 2008 1818 2062 considerantur.
1876 2007 1991 2060 Alia

2093 2018 2211 2070 τότε
2240 2020 2303 2087 τῇ
2339 2016 2644 2087 παραλογίᾳ
2664 2015 2772 2069 τῶν
2808 2012 3186 2087 προσηγοριῶν
3217 2009 3551 2080 διατεμνέτω
3573 2008 3676 2076 τὴν

409 2102 557 2158 enim
599 2101 774 2153 oratio
820 2116 941 2170 qua:
991 2100 1125 2155 dicit
1171 2115 1293 2154 esse
1337 2117 1350 2165 ;
1407 2099 1512 2154 alia
1564 2114 1690 2153 vero
1747 2114 1867 2168 quae
1921 2100 1991 2153 ait

2093 2107 2272 2176 φύσιν.
2311 2107 2455 2170 Ἕως
2483 2107 2526 2160 δ’
2549 2106 2615 2161 ἂν
2640 2104 3017 2176 ἀνεκφὼνητον
3053 2104 3114 2157 τὸ
3147 2102 3478 2174 ζητούμενον
3515 2099 3676 2170 μένῃ,

410 2191 652 2261 quodam
674 2189 834 2245 modo
852 2206 994 2246 esse.
1014 2190 1168 2256 Quod
1188 2191 1467 2258 hucusque
1483 2197 1566 2244 est
1580 2187 1868 2254 ineﬂ‘abilc,
1891 2207 1990 2246 nec

2099 2197 2276 2267 μάτην
2305 2195 2454 2266 αὐτῷ
2483 2196 2551 2248 τὰ
2585 2196 2712 2267 περὶ
2751 2195 2860 2248 τῶν
2892 2193 3170 2265 ὀνομάτων
3209 2188 3674 2261 τετεχνολόγηται,

414 2300 510 2355 per
529 2298 589 2338 ea
622 2295 742 2351 qme
772 2281 916 2334 dicta
941 2281 1420 2350 suntexplicabile.
1452 2279 1610 2335 Prius
1636 2280 1801 2348 igitur
1832 2283 1989 2337 nobis

2094 2285 2204 2336 τῶν
2233 2284 2511 2353 ὀνομάτων
2553 2286 2652 2338 οὐκ
2675 2283 2866 2338 ὄντων.

412 2377 666 2430 essentia:
689 2377 907 2430 nomina
940 2373 1268 2427 Inanil'estet:
1293 2381 1404 2425 tmn
1425 2373 1642 2427 demum
1663 2373 2084 2441 appellationum
2103 2375 2331 2430 fallaciis
2352 2387 2600 2429 naturam
2623 2375 2851 2430 dividat.
2876 2373 3054 2429 Donec
3074 2372 3218 2428 enim
3235 2371 3379 2442 quod
3398 2370 3669 2441 quaeritur

411 2477 597 2524 mmet
619 2455 733 2523 non.
747 2481 1087 2536 expressum,
1111 2465 1386 2519 incassum
1407 2465 1519 2518 haec
1536 2463 1602 2518 de
1622 2465 1931 2519 nominibus
1949 2467 2016 2521 ab
2034 2470 2148 2536 ipso
2161 2467 2452 2522 artiﬁciose
2465 2469 2768 2538 excogitata
2795 2466 3145 2530 l‘nerint,eunt
3166 2480 3274 2519 non
3299 2464 3412 2518 sint
3431 2465 3676 2518 nomina.

487 2560 637 2615 Talis
670 2560 834 2630 igitur
858 2557 1138 2613 robustior
1172 2557 1260 2610 illa
1297 2555 1548 2612 Eunontii
1575 2573 1707 2612 ansa
1727 2557 1991 2613 adversus

2170 2561 2234 2612 Ἢ
2286 2560 2382 2630 μὲν
2424 2556 2515 2614 οὖν
2555 2559 2877 2630 ἰσχυροτέρα
2924 2557 3033 2611 τῶν
3084 2557 3349 2627 Εὐνομίου
3382 2557 3524 2610 κατὰ
3575 2556 3679 2626 τῆς

417 2654 738 2713 veritatem,
803 2665 928 2703 cum
985 2650 1153 2702 multa
1211 2649 1263 2701 in
1318 2648 1420 2701 hac
1478 2658 1629 2718 parte
1679 2650 1991 2718 scriptionis

2093 2651 2348 2722 ἀληθείας
2401 2650 2538 2723 λαϐὴ
2618 2649 2863 2720 τοιαύτη,
2893 2648 3104 2703 πολλῶν
3139 2648 3280 2702 κατὰ
3323 2649 3486 2718 μέρος
3519 2647 3682 2699 τοῦτο

412 2745 668 2814 dogmata
701 2743 918 2796 silentio
955 2742 1065 2796 sint
1107 2741 1395 2809 praeterita.
1431 2739 1564 2793 Nam
1607 2741 1736 2794 mihi
1777 2739 1991 2810 quidem

2093 2744 2191 2814 τῆς
2223 2743 2590 2814 λογογραφίας
2621 2742 3005 2813 σιωπηθέντων
3035 2739 3342 2810 δογμάτων.
3377 2743 3536 2792 Δοκεῖ
3567 2739 3681 2810 γάρ

415 2835 634 2889 videtur
661 2849 756 2888 eos
785 2834 980 2887 decere
1013 2831 1108 2901 qui
1154 2832 1208 2885 in
1258 2832 1359 2885 hoc
1410 2846 1688 2886 armorum
1721 2833 1991 2886 curriculo

2099 2853 2188 2907 μοι
2217 2838 2447 2906 πρέπειν
2467 2837 2579 2898 τοῖς
2595 2835 2683 2887 τὸν
2710 2834 2955 2888 ἐνόπλιον
2979 2833 3165 2886 τοῦτον
3182 2833 3322 2887 κατὰ
3336 2831 3444 2885 τῶν
3467 2831 3682 2901 ἐχθρῶν

415 2935 710 2981 versantur
739 2923 1286 2997 adversusveritatis
1317 2923 1520 2989 hostes,
1560 2933 1618 2976 ut
1662 2931 1851 2977 contra
1895 2939 1990 2978 eos

2093 2928 2193 2998 τῆς
2221 2927 2478 2996 ἀληθείας
2507 2925 2758 2997 τρέχουσι
2781 2923 2998 2994 δρόμον,
3031 2921 3166 2992 πρὸς
3194 2922 3320 2985 τοὺς
3353 2919 3685 2990 πεφραγμὲο

415 3018 637 3088 quidem
685 3024 966 3070 armentur
1008 3015 1100 3084 qui
1142 3015 1391 3084 speciosa
1439 3013 1673 3084 quadam
1721 3013 1989 3069 mendacii

2094 3036 2218 3081 νους
2246 3018 2426 3079 ποσῶς
2456 3020 2522 3088 τῇ
2576 3016 2891 3086 πιθανότητι
2927 3013 3024 3067 τοῦ
3066 3012 3290 3082 ψεύδους
3320 3011 3640 3076 ὁπλίζεσθαι
3663 3026 3679 3040 ⁶

419 3109 806 3182 probabilitate
857 3108 1049 3160 Innniti
1099 3121 1220 3162 esse
1255 3105 1544 3173 videntur;
1590 3107 1812 3160 minime
1869 3122 1996 3160 vero

414 3214 725 3256 sermonem
775 3198 1151 3252 contaminare
1201 3197 1253 3250 in
1291 3196 1641 3252 cadaverosis
1686 3213 1748 3250 ac
1793 3197 1998 3266 putidis

416 3292 649 3347 aliorum
677 3289 1159 3345 notionibns.Nam
1191 3295 1379 3358 putare
1407 3290 1588 3343 omnia
1610 3303 1728 3357 qnze
1749 3289 1998 3343 essentia:

417 3384 631 3438 ratione
685 3383 836 3436 unita
894 3390 1022 3436 sunt
1064 3379 1286 3432 omnino
1333 3377 1496 3432 etiam
1548 3389 1823 3446 corporeae
1872 3393 1998 3431 cor-

418 3470 660 3543 ruptioni
703 3471 917 3540 alligata
958 3484 1120 3525 esse:
1146 3467 1249 3520 hoc
1275 3466 1420 3520 enim
1445 3467 1588 3535 quod
1633 3469 1733 3519 hac
1762 3467 1816 3520 in
1847 3475 1998 3536 parte

417 3566 516 3626 ait,
543 3571 602 3614 ut
623 3559 1010 3614 cadaverosatn
1055 3556 1479 3627 graveolentiam
1511 3556 1684 3610 libens
1721 3565 1997 3627 transgre-

420 3653 543 3706 tliar
578 3669 592 3706 :
634 3649 880 3718 cujusvis
919 3655 1052 3718 puto
1081 3655 1317 3702 mentem
1349 3647 1621 3711 habentis,
1657 3649 1708 3702 in
1743 3663 1995 3720 promp'u

418 3743 740 3811 conspicere
768 3748 873 3805 est,
904 3740 1046 3808 quod
1081 3751 1355 3794 mortuum
1391 3746 1475 3795 est
1507 3750 1559 3794 ct
1609 3740 1908 3811 collapsum
1939 3741 1994 3795 in

419 3835 541 3904 ejus
596 3833 867 3886 oratione.
919 3831 1054 3897 Quis
1100 3832 1245 3886 enim
1297 3831 1509 3903 ignorat
1558 3831 1824 3886 inﬁnitam
1875 3848 1996 3888 esse

419 3929 780 3981 humanarum
830 3925 1135 3977 animarum
1177 3924 1617 3988 multitudinem,
1659 3939 1821 3978 unam
1869 3939 1997 3978 vero

417 4017 714 4073 essentiam
747 4015 1003 4071 omnibus
1053 4014 1288 4084 subjici;
1340 4023 1394 4069 et
1434 4014 1579 4084 quod
1633 4016 1686 4068 in
1733 4016 1869 4084 ipsis
1913 4025 1996 4071 est

420 4110 754 4179 Suhjerlttnt,
790 4125 819 4163 a
850 4122 1140 4179 corporum
1166 4109 1284 4162 labe
1321 4115 1375 4161 et
1411 4107 1760 4176 corruptione
1793 4108 1997 4162 aliena-

420 4211 534 4257 tum
569 4217 714 4269 esse,
765 4201 839 4256 ita
870 4209 928 4254 ιιι
977 4200 1138 4255 ctiam
1179 4199 1422 4270 parvulis
1468 4205 1631 4252 notus
1676 4198 1747 4252 sit
1790 4213 1991 4265 sermo,

425 4290 566 4362 quod
610 4306 839 4360 corpora
891 4306 998 4346 non
1050 4291 1176 4359 quia
1207 4290 1315 4345 sint
1345 4289 1486 4343 inter
1525 4305 1587 4344 se
1623 4288 1868 4359 ejusdem
1901 4305 1993 4344 es-

2098 3113 2207 3172 τοῖς
2225 3110 2281 3162 δὲ
2312 3111 2524 3177 νεκροῖς
2548 3109 2642 3162 καὶ
2673 3107 2892 3160 ὀδωδὸσι
2929 3106 3037 3158 τῶν
3066 3107 3373 3176 νοημάτων,
3404 3104 3479 3175 μὴ
3508 3105 3685 3174 ὲμμο-

2099 3199 2274 3253 λύνειν
2302 3199 2391 3251 τὸν
2435 3199 2609 3265 λόγον.
2645 3198 2719 3251 Τδ
2750 3198 2858 3268 γὰρ
2890 3195 3096 3251 οἴεσθαι
3129 3197 3307 3249 πάντα
3331 3198 3430 3248 ὅσα
3457 3195 3542 3266 τῷ
3578 3195 3684 3264 τῆς

2097 3291 2284 3349 οὐσίας
2312 3290 2518 3358 ἥνωται
2548 3288 2710 3358 λόγῳ,
2731 3288 2946 3349 πάντως
2972 3286 3066 3340 καὶ
3096 3288 3154 3339 ἐν
3187 3288 3470 3356 σωματικῇ
3504 3285 3683 3356 φθορᾷ

2100 3378 2451 3448 συνεζεῦχθαι
2495 3379 2688 3460 (τοῦτρ
2715 3379 2845 3450 γὰρ,
2874 3380 2902 3433 ὄ
2924 3377 3076 3449 ἐντῷ
3099 3377 3251 3448 μέρει
3283 3376 3457 3446 τούτῳ
3492 3378 3679 3447 φησὶν,

2098 3473 2174 3533 ὡς
2207 3468 2450 3542 νεκρώδη
2487 3470 2781 3534 δυσωδίαν,
2817 3470 2958 3524 ἑκὼν
3001 3469 3428 3542 ὑπερϐήσομαι),
3475 3468 3680 3531 παντὺς

2097 3555 2250 3628 οἶμαι
2280 3558 2372 3611 τοῦ
2413 3558 2536 3612 νοῦν
2591 3559 2800 3629 ἔχοντος
2850 3562 2943 3615 ’ἐκ
2959 3557 3051 3612 τοῦ
3107 3559 3396 3630 προχείρου
3440 3560 3681 3612 κατιδεῖν

2095 3650 2392 3720 δυναμένου
2425 3650 2486 3703 τὸ
2502 3649 2759 3721 τεθνηκός
2791 3668 2849 3704 τε
2873 3651 2968 3703 καὶ
2989 3650 3368 3712 διαπεπτωκὸς
3382 3651 3475 3703 τοῦ
3493 3650 3674 3717 λόγου.

2096 3740 2193 3803 Τίς
2212 3740 2321 3811 γὰρ
2351 3740 2450 3793 οὐκ
2479 3737 2619 3793 οἶδεν
2645 3741 2725 3793 ὃτι
2746 3739 2948 3809 πλῆθος
2968 3740 3067 3810 μὲν
3088 3740 3310 3809 ἄπειρον
3337 3737 3444 3791 τῶν
3467 3738 3680 3808 ἀνθρω-

2096 3831 2268 3884 πίνων
2303 3833 2420 3885 ὲστὶ
2455 3833 2664 3902 ψυχῶν,
2693 3832 2852 3884 οὐσία
2901 3831 2957 3884 δὲ
2991 3831 3194 3893 πάσαις
3225 3832 3508 3884 ὑπόκειται
3541 3831 3671 3900 μία’

2095 3921 2189 3973 καὶ
2213 3921 2273 3972 τὸ
2295 3921 2644 3992 ὑποκείμενον
2662 3920 2718 3971 ἐν
2738 3918 2927 3981 αὑταῖς
2952 3921 2968 3941 ⁴
2989 3920 3091 3990 τῆς
3107 3920 3428 3990 σωματικῆς
3453 3919 3676 3988 διαφθο-

2096 4013 2196 4082 ρᾶς
2252 4011 2640 4082 ἠλλοτρίωται,
2678 4010 2820 4065 ὥστε
2881 4011 3094 4082 νηπίοις
3144 4013 3378 4084 φανερὸν
3409 4006 3552 4064 εἶναι
3585 4013 3675 4062 τὸν

2093 4103 2269 4172 λόγον,
2297 4105 2379 4158 ὅτι
2401 4103 2470 4156 τὰ
2493 4101 2719 4175 σώματα
2747 4103 2810 4158 ού
2832 4104 2920 4158 διὰ
2949 4104 3010 4157 τὸ
3053 4105 3317 4175 ὁμοούσια
3344 4101 3486 4159 εἶναι
3511 4106 3672 4174 ἀλλή-

2094 4195 2226 4260 λοις,
2277 4195 2648 4270 διαφθείρεταί
2687 4213 2749 4249 τε
2803 4197 2896 4250 καὶ
2939 4196 3250 4250 διαλύεται·
3295 4196 3436 4249 ἀλλὰ
3479 4197 3567 4250 διὰ
3614 4196 3674 4248 τὸ

2096 4285 2352 4339 σύνθετον
2389 4287 2669 4357 εἰληφέναι
2721 4286 2823 4357 τὴν
2873 4283 3068 4354 φύσινς
3102 4284 3296 4348 ’Δλλος
3338 4285 3394 4338 δὲ
3419 4284 3516 4336 τοῦ
3561 4301 3670 4336 συνο

417 4382 608 4437 sentia:
666 4389 1096 4451 corrumpuntur
1145 4389 1199 4436 et
1257 4380 1669 4444 dissolvuntur,
1724 4382 1820 4436 sed
1865 4383 1990 4452 quia

2097 4377 2275 4443 θέτου,
2311 4379 2406 4430 καὶ
2435 4377 2622 4448 ἕτερος
2649 4376 2744 4432 τοῦ
2774 4378 3134 4449 ὑποκειμένου
3154 4379 3250 4449 τῆς
3265 4378 3453 4440 οὐσίας
3483 4378 3635 4445 λόγος
3654 4391 3668 4405 ·

416 4475 775 4544 rompositam
807 4475 1024 4542 indepta
1051 4481 1180 4528 sunt.
1214 4472 1496 4526 naturam?
1517 4473 1635 4527 Alia
1658 4473 1802 4528 enim
1842 4488 1995 4528 com-

417 4569 602 4637 positi,
651 4567 756 4620 alia
802 4564 1033 4634 subjecti
1078 4565 1330 4620 essentiae
1369 4565 1528 4618 ratio.
1584 4565 1765 4631 Quare
1810 4565 1994 4620 dicere

415 4657 561 4726 quod
601 4671 828 4724 corpora
871 4670 990 4724 qua:
1041 4664 1167 4708 sunt
1217 4654 1386 4724 ίιῙιιειΙ,
1408 4670 1461 4708 ιιι
1511 4654 1830 4709 substantia:
1867 4669 1993 4709 cor-

417 4748 653 4816 ruptioni
687 4754 816 4802 sunt
838 4747 1094 4812 obnoxia,
1129 4761 1313 4800 verum
1347 4754 1451 4806 est,
1488 4745 1776 4801 conversio
1811 4753 1991 4801 autem

415 4851 602 4890 verum
657 4852 764 4891 non
835 4837 1013 4890 habet.
1083 4835 1238 4902 Quod
1295 4836 1559 4906 quidquid
1610 4847 1694 4890 est
1746 4837 1988 4906 ejusdem

415 4927 757 4988 substanthe,
798 4927 899 4979 hoc
933 4927 1004 4980 sit
1039 4928 1264 4981 omnino
1296 4928 1689 4996 corruptibile:
1727 4929 1871 4982 sicut
1896 4944 1988 4982 os-

415 5018 659 5074 tenditur
690 5017 744 5071 in
775 5018 994 5081 animis,
1022 5034 1254 5086 qttorum
1286 5034 1393 5073 una
1419 5027 1502 5074 est
1533 5019 1792 5084 essentia,
1835 5035 1988 5073 eom-

390 5112 664 5167 ‘munioni
692 5119 872 5164 tamen
903 5111 1157 5164 essentia:
1194 5111 1446 5167 interitus
1477 5127 1585 5165 non
1636 5114 1799 5165 inest.
1835 5110 1991 5176 Quod

413 5219 541 5257 vero
602 5200 672 5255 de
719 5199 917 5253 anilnis
967 5198 1350 5264 delinivimus,
1404 5200 1454 5253 id
1508 5201 1669 5254 etiam
1724 5201 1793 5254 de
1841 5201 1992 5255 omni

411 5290 767 5347 intellectuali
805 5290 1119 5346 substantia
1155 5304 1275 5358 qua:
1305 5289 1359 5342 in
1391 5299 1642 5344 creatura
1687 5299 1988 5360 spectatur,

410 5399 536 5438 vere
562 5393 616 5440 et
638 5384 854 5454 preprie
883 5384 990 5438 diei
1025 5390 1224 5453 potest.
1258 5379 1374 5435 Non
1404 5382 1582 5446 enim,
1627 5389 1687 5436 ut
1737 5383 1848 5437 vult
1886 5380 1992 5435 En-

412 5477 648 5537 homins.
677 5493 706 5530 a
741 5477 908 5532 Paulo
925 5478 1168 5533 collecta:
1193 5490 1353 5530 voces
1384 5475 1645 5529 virtutum
1673 5483 1989 5529 transmun-

410 5565 675 5620 (lanarum
731 5579 955 5624 naturas
1015 5570 1227 5638 aliquas
1283 5568 1422 5623 inter
1472 5582 1530 5621 se
1581 5566 1894 5621 dilIereutcs
1934 5575 1987 5621 et

410 5655 660 5727 dispares
683 5660 1010 5728 signiﬁcant,
1045 5660 1141 5717 sed
1171 5659 1597 5734 appellationum
1622 5657 1988 5730 signiﬁcantia

2095 4468 2236 4522 ὥστε
2283 4468 2344 4521 τὸ
2399 4469 2497 4538 μὲν
2544 4469 2805 4539 ὁμοούσια
2842 4470 2910 4524 τὰ
2935 4471 3150 4541 φθαρτὰ
3193 4469 3426 4539 σώματα
3470 4469 3671 4536 λέγειν.

2095 4560 2291 4630 ἀληθές
2336 4561 2502 4621 ἐστιν,
2545 4561 2579 4630 ἡ
2625 4560 2682 4613 δὲ
2729 4562 3040 4633 ἀναστροφὴ
3076 4561 3138 4616 τὸ
3170 4560 3372 4632 άληθὲς
3405 4561 3506 4613 οὐκ
3527 4561 3668 4629 ἔχει·

2095 4655 2203 4705 πᾶν
2256 4653 2317 4706 τὸ
2372 4652 2678 4723 ὁμοούσιον,
2719 4654 2877 4706 τοῦτο
2925 4656 3016 4707 καὶ
3035 4653 3273 4723 φθαρτόν
3297 4655 3413 4706 ἐστι
3439 4655 3669 4714 πάντως.

2105 4745 2195 4807 Ὠς
2226 4745 2320 4798 ἐπὶ
2348 4745 2457 4798 τῶν
2479 4745 2668 4816 ψυχῶν
2695 4747 3097 4813 ἀποδείκνυται,
3127 4740 3203 4801 ὧν
3235 4747 3331 4800 καὶ
3361 4747 3525 4798 οὐσία
3553 4748 3669 4816 μία,

2093 4837 2187 4888 καὶ
2212 4835 2387 4905 φθορὰ
2421 4839 2486 4908 τῇ
2536 4838 2805 4909 κοινότητι
2845 4839 2945 4908 τῆς
2970 4840 3152 4902 οὐσίας
3179 4839 3240 4892 οὐ
3266 4839 3580 4907 πρόσεστιν,
3616 4837 3675 4889 '0

2092 4925 2150 4977 δέ
2191 4913 2447 4996 περὶτῶν
2468 4927 2656 4998 ψυχῶν
2686 4928 2970 4992 άποδοθεὶς
3013 4929 3188 4995 λόγος,
3218 4929 3313 4981 καὶ
3341 4929 3471 4998 περὶ
3495 4929 3675 4995 πάσης

2095 5020 2286 5089 νοερᾶς
2343 5021 2694 5086 ὑποστάσεως
2721 5021 2820 5090 τῆς
2864 5024 2920 5074 ἐν
2955 5024 3023 5092 τῇ
3062 5022 3239 5076 κτίσει
3291 5021 3675 5092 θεωρουμένης

2091 5110 2304 5175 οἰκείως
2334 5111 2400 5164 ἂν
2451 5111 2584 5182 ἔχοι.
2635 5113 2710 5165 υύ
2736 5112 2846 5184 γὰρ
2874 5111 3055 5176 καθὼς
3097 5113 3359 5184 Εὐνόμιος
3401 5113 3672 5182 βούλεται,

2092 5203 2147 5255 αί
2179 5203 2330 5272 παρὰ
2353 5203 2446 5255 τοῦ
2470 5203 2681 5257 Παύλου
2723 5204 3134 5274 κατειλεγμέναι
3171 5206 3344 5272 φωναὶ
3371 5205 3483 5258 τῶν
3511 5206 3676 5276 ὑπερ-

2093 5296 2333 5365 κοσμίων
2388 5295 2688 5366 δυνάμεωνσ
2709 5295 2899 5364 φύσεις
2925 5295 3074 5358 τινὰς
3104 5295 3349 5367 ἀλλήλων
3393 5297 3674 5367 παρηλλα-

2091 5390 2296 5458 γμένας
2331 5391 2686 5460 σημαίνουσιν
2707 5405 2720 5420 °
2748 5389 2862 5443 ἀλλ’
2895 5391 2928 5460 ἡ
2955 5389 3063 5442 τῶν
3087 5389 3474 5459 προσηγοριῶν
3497 5406 3678 5460 σημα-

2093 5480 2182 5533 σία
2212 5480 2396 5550 σαφῶς
2419 5481 2771 5546 ἐνδείκνυται,
2801 5481 2863 5535 τὺ
2885 5481 2959 5551 μὴ
2992 5481 3207 5551 φύσεων
3232 5478 3678 5552 διαφορὰς-,ἁλλὰ

2091 5571 2190 5640 τῆς
2217 5573 2537 5642 ἐπουρανίου
2564 5576 2820 5644 στρατιᾶς
2853 5575 2948 5638 τὰς
2975 5575 3225 5640 ποικίλας
3243 5574 3350 5628 τῶν
3383 5573 3676 5644 ἐνεργειῶν

2096 5661 2358 5732 ἰδιότητας
2399 5662 2475 5733 τῷ
2519 5663 2657 5733 λόγῳ
2703 5664 3077 5734 παρίστασθαι.
3128 5667 3315 5736 Ἀρχαὶ
3350 5666 3479 5737 γὰρ,
3516 5664 3672 5736 φησι,
