4034 6156
458 285 565 343 769

1471 284 1751 344 CONTRA
1782 284 2148 344 EUNOMIUM
2171 325 2189 353 ,
2226 285 2358 342 LIB.
2399 284 2533 343 VIII.

3594 282 3697 338 710

461 417 642 472 ριστον
675 402 732 455 ἰν
751 399 830 469 τῷ
860 398 994 453 εἶναι
1022 398 1528 471 καταλαμϐάνεται⁸
1568 402 1665 455 καὶ
1692 403 1800 456 πᾶν
1820 402 1880 457 τὸ
1902 404 2029 474 περὶ

2142 402 2357 456 nitatem
2383 402 2440 455 in
2461 413 2587 456 esse
2609 396 3072 470 deprehenditur:
3106 403 3162 452 et
3195 392 3457 467 quidquid
3489 391 3542 447 in
3579 391 3698 463 ipso

459 489 592 543 αὐτό
616 488 983 559 θεωρούμενον
1009 490 1096 543 ἀεὶ
1126 490 1385 552 ὡσαύτως
1413 490 1549 559 ἔχει,
1589 489 1711 544 οὔτε
1740 490 2026 563 προσγινό-

2133 502 2415 562 spectatur
2446 507 2664 563 semper
2700 491 2893 547 eodem
2933 489 3097 545 modo
3129 504 3189 543 se
3216 487 3400 552 liabet,
3430 500 3608 556 neque
3640 490 3697 538 in

462 594 623 648 μενον
661 577 783 630 οὔτε
832 580 1238 650 ἀπογινόμενον.
1293 580 1458 633 Ὥστε
1496 582 1549 634 εἰ
1577 597 1661 643 τις
1701 581 1848 648 λέγοι
1897 576 2037 650 περ’*

2142 599 2199 639 eo
2244 585 2303 639 iit
2329 584 2627 655 quidquam
2655 583 2739 643 vel
2770 582 2923 652 prius
2955 582 3041 636 vel
3075 580 3369 651 posterius.
3420 576 3599 643 Quare
3649 576 3698 631 si

457 668 591 721 Θεοῦ
614 711 628 734 ,
667 671 748 723 ὅτι
783 671 1046 742 πρότερον
1082 672 1180 742 μὲν
1206 666 1309 743 ἦν,
1344 671 1438 724 νῦν
1466 672 1521 724 δὲ
1555 671 1655 725 οὐκ
1683 671 1850 734 ἔστιν,
1884 672 1916 743 ἢ
1945 672 2025 724 ὅτι

457 760 554 814 νῦν
590 762 690 831 μὲν
714 760 853 825 ἔστι,
884 763 1149 835 πρότερον
1178 762 1235 815 δὲ
1256 763 1356 816 οὐκ
1391 760 1480 834 ῆν,
1511 764 1704 834 ἐπίσης
1727 763 1883 817 ἄθεον
1908 764 2029 834 κρί-

457 867 619 921 νομεν
664 852 775 906 τῶν
839 854 1143 925 εἰρημένων
1195 854 1489 925 ἑκάτερον·
1550 855 1863 909 κολοϐοὖται
1918 856 2028 929 γὰρ

455 943 657 1013 ὁμοίως
693 944 761 998 δι’
791 944 1116 1016 ἀμφοτέρων
1142 946 1173 997 6
1220 946 1319 1015 τῆς
1349 945 1645 1016 ἀῖδιότητος
1683 946 1839 1015 λόγος
1860 988 1875 1011 ,
1906 947 2026 1002 καθ’

458 1036 717 1105 ἑκάτερον
766 1036 929 1107 μέρος
961 1035 1164 1106 ὁμοίιος
1196 1034 1274 1105 τῷ
1318 1035 1652 1106 ἀνυπάρκτῳ
1704 1035 2027 1107 περικοπτό-

460 1144 639 1198 μενος.
678 1128 740 1181 Εἰ
779 1125 1149 1197 προσθεωροίη
1180 1144 1262 1190 τις
1286 1126 1346 1179 τὸ
1379 1126 1454 1196 μὴ
1499 1126 1559 1180 ὃν
1598 1126 1691 1180 τοῦ
1719 1127 1888 1191 ὄντος,
1919 1129 2027 1180 εἴτε

458 1218 787 1287 καταλήγειν
812 1218 872 1270 τὸ
902 1217 962 1270 ὃν
991 1220 1070 1280 εἰς
1098 1218 1160 1270 τὸ
1195 1217 1269 1288 μὴ
1303 1217 1361 1270 ὃν
1387 1219 1746 1286 ἀποφαίνεται
1766 1259 1781 1282 ,
1814 1219 1908 1273 καὶ
1935 1221 2028 1273 οὐ·

457 1312 543 1363 δὲν
572 1309 976 1380 παραμυθεῖται
1013 1309 1112 1379 τὴν
1142 1310 1311 1379 ἀσεϐῆ
1341 1310 1465 1380 περὶ
1486 1311 1546 1363 τὸ
1565 1310 1718 1363 Θεῖον
1740 1310 2025 1381 ὑπόληψιν,

460 1405 517 1454 ἐν
554 1401 788 1473 πρώτοις
829 1400 862 1469 ἢ
902 1400 1232 1462 τελευταίοις
1274 1399 1764 1470 ὲπιθρυλλούμενον
1803 1400 1881 1470 τῷ
1910 1400 2029 1471 Θεῷ

458 1495 520 1547 τὸ
574 1494 939 1564 ἀνύπαρκτον.
995 1492 1095 1544 Διὰ
1131 1490 1289 1544 τοῦτο
1322 1490 1422 1561 τὴν
1465 1491 1594 1561 περὶ
1635 1491 1730 1544 τοῦ
1774 1490 1847 1562 μὴ
1893 1489 2029 1545 εἶναί

460 1604 589 1639 ποτε
635 1587 727 1639 τὸν
767 1585 936 1648 ὄντως
979 1583 1107 1637 ὄντα
1153 1584 1536 1654 κατασκευὴν,
1579 1584 1808 1653 ἄρνησίν
1848 1601 1908 1636 τε
1937 1585 2031 1637 καὶ

457 1676 713 1747 ἀθέτησιν
749 1674 851 1745 τῆς
878 1674 1136 1745 ἀληθινῆς
1178 1673 1429 1744 θεότητος
1466 1669 1608 1727 εἶναι
1656 1674 2028 1755 διοριζόμεθα.

2132 676 2259 746 quis
2288 675 2436 731 dicat
2464 675 2534 730 de
2572 674 2682 730 Deo
2723 672 2870 744 quod
2904 672 3057 743 prius
3105 671 3324 741 quidem
3364 675 3503 733 erat,
3553 681 3699 723 nunc

2132 777 2314 824 autem
2347 783 2456 822 non
2486 775 2573 823 est
2609 805 2625 831 ,
2657 767 2740 821 vel
2770 765 2920 837 quod
2955 779 3100 820 nunc
3127 763 3346 834 quidem
3396 770 3502 823 est,
3545 760 3700 829 prius

2133 868 2313 915 autem
2345 876 2454 915 non
2468 868 2587 915 erat
2614 877 2629 915 :
2662 875 2726 914 ex
2757 873 2913 929 aequo
2942 856 3167 928 impium
3197 864 3490 922 utrumque
3521 851 3699 906 dicto-

2130 966 2253 1007 rum
2289 966 2607 1007 censemus:
2646 950 2852 1019 pariter
2884 949 3030 1004 enim
3064 962 3157 1017 per
3200 955 3494 1014 utrumque
3537 950 3698 997 mter-

2134 1043 2321 1098 nitatis
2362 1042 2505 1097 ratio
2557 1041 2864 1103 mutilatur,
2905 1041 2973 1093 ab
3022 1047 3254 1108 utraque
3290 1041 3442 1105 parte
3501 1049 3532 1087 a
3588 1046 3699 1087 non

2131 1134 2430 1189 exsistente
2455 1131 2802 1188 circumcisa.
2834 1131 2890 1186 Si
2920 1131 3046 1200 quis
3074 1129 3385 1199 prospicere
3414 1125 3542 1180 velit
3590 1138 3699 1178 non

2132 1240 2231 1279 ens
2260 1225 2316 1278 in
2347 1232 2493 1289 ente,
2553 1224 2637 1279 vel
2671 1222 2902 1291 deﬁcere
2928 1236 3027 1275 ens
3083 1221 3137 1273 in
3188 1235 3298 1273 non
3329 1234 3428 1272 cus
3456 1230 3699 1286 pronun-

2134 1316 2253 1379 tiat,
2297 1316 2387 1371 hic
2418 1315 2639 1385 impiam
2674 1313 2741 1369 de
2762 1312 2874 1367 Deo
2905 1311 3215 1381 Opinionem
3248 1310 3302 1362 in
3336 1308 3533 1361 animis
3561 1306 3699 1359 insi-

2137 1417 2246 1462 tam
2283 1408 2419 1461 nihil
2444 1407 2617 1475 juvat,
2652 1407 2707 1461 in
2746 1404 2939 1475 primis
2970 1418 3067 1457 seu
3091 1400 3409 1472 postremis,
3454 1397 3507 1451 id
3552 1394 3698 1465 quod

2137 1515 2246 1554 non
2281 1499 2501 1554 exsistit
2539 1500 2593 1552 in
2635 1497 2765 1559 Deo,
2807 1496 3009 1565 passim
3054 1507 3329 1549 asserens.
3355 1489 3700 1557 Quapmpter

2136 1604 2259 1644 eum
2292 1591 2385 1658 qui
2422 1604 2551 1642 vere
2596 1596 2681 1643 est
2712 1602 2821 1641 non
2883 1600 3007 1640 esse
3046 1592 3313 1647 astruere,
3354 1581 3697 1651 negationem

2137 1688 2621 1749 contemptumque
2644 1694 2765 1734 esse
2786 1694 2925 1734 verae
2940 1677 3159 1732 deitatis
3176 1675 3380 1729 diserte
3401 1683 3454 1729 et
3473 1687 3699 1741 expres-

474 1767 689 1837 Ἐπειδὴ
717 1765 825 1835 γὰρ
855 1766 883 1818 6
912 1766 1010 1835 μὲν
1054 1764 1141 1818 διὰ
1175 1764 1269 1818 τοῦ
1298 1766 1474 1834 φωτὸς
1516 1764 1707 1819 ἑαυτὸν
1751 1765 1828 1835 τῷ
1861 1767 2031 1837 Μωσῇ

2142 1790 2195 1829 se
2234 1773 2489 1828 dicimus.
2559 1770 2836 1842 Siquidem
2915 1771 3007 1825 ille
3050 1770 3144 1839 qui
3198 1767 3550 1835 semetipsum
3603 1778 3700 1833 per

461 1859 658 1926 δείξας,
684 1858 812 1911 ὄντα
834 1856 1022 1911 ἑαυτὸν
1050 1856 1326 1928 ὀνομάζει,
1356 1856 1708 1926 λέγων,Ἐγὼ
1734 1860 1848 1927 εἰμι
1868 1860 1901 1912 ό
1925 1858 2026 1912 ὢν.

474 1950 699 2011 Ἡσαΐας
717 1948 774 2001 δὲ
794 1947 1044 2017 καθάπερ
1060 1947 1290 2018 ὄργανον
1305 1946 1398 2001 τοῦ
1415 1949 1473 1999 ὲν
1492 1947 1639 2018 αύτῷ
1661 1947 2028 2017 φθεγγομένου

461 2038 749 2106 γενόμενος
769 2076 783 2100 ,
814 2039 879 2089 ὲκ
912 2036 1202 2107 προσώπου
1245 2037 1390 2105 λέγει
1421 2036 1515 2089 τοῦ
1544 2037 1695 2101 ὄντος
1714 2078 1729 2102 ,
1758 2040 1839 2092 ὅτι
1878 2038 2027 2108 Ἐγὼ

460 2130 711 2199 πρῶτος,
735 2129 831 2183 καὶ
857 2130 973 2199 ἐγὼ
986 2130 1136 2198 μετὰ
1150 2130 1353 2192 ταῦτα,
1378 2130 1454 2193 ὡς
1472 2131 1560 2184 διὰ
1587 2130 1778 2184 τούτου
1795 2131 2031 2184 νοεῖσθαι

463 2225 584 2277 καθ’
621 2223 886 2294 ἑκατέραν
920 2223 1126 2276 ἔννοιαν
1180 2223 1273 2276 ἐπὶ
1303 2221 1438 2276 Θεοῦ
1474 2223 1536 2276 τὸ
1561 2223 1748 2278 ἀΐδιον.
1804 2222 2031 2292 Ὁμοίως

459 2315 517 2369 δὲ
540 2316 633 2370 καὶ
661 2317 695 2387 ἡ
725 2317 859 2385 πρὸς
881 2316 971 2368 τὸν
1004 2314 1199 2369 Μανωὲ
1228 2314 1491 2385 γενομένη
1516 2298 1710 2384 ⁸φωνὴ,
1747 2313 1809 2367 τὸ
1844 2313 2031 2383 ἀπερίο

463 2408 662 2476 ληπτον
684 2403 822 2460 εἶναι
846 2406 932 2459 διὰ
951 2406 1049 2476 τῆς
1075 2405 1170 2459 τοῦ
1200 2406 1461 2475 ὀνόματος
1490 2405 1764 2475 σημασίας
1793 2404 1854 2457 τὸ
1878 2404 2031 2457 Θεῖον

462 2496 808 2567 ἐνδείκνυται,
832 2497 919 2549 ὅτε
940 2496 1129 2567 μαθεῖν
1149 2494 1424 2559 ἀξιοῦντος
1444 2494 1536 2548 τοῦ
1561 2495 1758 2548 Μανωὲ
1777 2494 1837 2547 τὸ
1863 2494 2030 2562 ὄνομα

458 2564 535 2649 ib;
560 2587 926 2657 προελθούσης
942 2564 1037 2649 *εἰς
1065 2586 1222 2657 ἔργον
1241 2587 1338 2657 τῆς
1368 2586 1692 2653 ἐπαγγελίας
1715 2587 1803 2637 ἐπ’
1836 2586 2031 2654 ὀνόμα-

463 2695 551 2742 τος
576 2679 770 2749 δοξάσῃ
797 2678 887 2731 τὸν
909 2678 1222 2748 εὐεργέτην,
1246 2677 1395 2745 λέγει
1423 2677 1560 2747 πρὸς
1581 2678 1764 2731 αὐτόν·
1785 2678 1845 2730 Τί
1861 2674 2031 2730 τοῦτο

462 2768 682 2835 ἐρωτᾷς
713 2785 731 2831 ;
759 2769 858 2821 καὶ
893 2770 1042 2822 αὑτό
1073 2769 1203 2821 ἐστι
1239 2768 1600 2836 θαυμαστόν-ο
1626 2767 1701 2828 ὡς
1728 2766 1814 2819 διὰ
1842 2766 2030 2819 τούτου

469 2856 677 2925 μαθεῖν,
720 2858 799 2909 ὃτι
841 2854 899 2908 ἓν
948 2858 1062 2909 ἐστι
1097 2856 1429 2925 σημαντικὸν
1475 2857 1571 2924 τῆς
1621 2856 1772 2917 θείας
1816 2855 2032 2924 φύσεως

466 2947 669 3016 ὄνομα,
708 2947 770 3000 τὸ
806 2947 1064 3018 ἀρρήτως
1107 2946 1238 3015 περὶ
1287 2946 1454 3014 αὐτῆς
1488 2947 1619 3014 ἡμῖν
1652 2945 1839 3014 θαῦμα
1888 2946 2030 2998 κατὰ

466 3038 643 3108 ψυχὴν
672 3039 1040 3107 ἐγγινόμενον.
1093 3036 1362 3099 Ὡσαύτως
1382 3036 1439 3088 δὲ
1467 3036 1560 3089 καὶ
1580 3037 1607 3088 6
1645 3036 1815 3105 μέγας
1842 3035 2029 3101 Δαϐὶδ,

2140 1867 2316 1919 lucem
2351 1863 2486 1919 Mosi
2522 1863 2935 1927 demonstravit,
2974 1871 3151 1917 entem
3186 1861 3426 1928 seipsum
3456 1857 3701 1911 nominat

2137 1958 2360 2019 dicens,
2403 1955 2517 2026 Ego
2548 1970 2662 2007 sum
2687 1955 2775 2023 qui
2807 1970 2944 2008 sunt.
2970 1952 3140 2007 Isaias
3176 1965 3304 2005 vero
3333 1959 3587 2017 tanquam
3612 1947 3700 2001 in-

2138 2054 2509 2102 strumentum
2538 2046 2679 2113 ejus,
2721 2044 2814 2113 qui
2856 2044 2910 2097 in
2950 2058 3016 2097 eo
3050 2041 3370 2111 loquebatur
3412 2039 3586 2093 Iactus
3633 2053 3700 2091 ex

2136 2153 2371 2207 persona
2407 2137 2529 2206 ejus
2556 2137 2645 2205 qui
2692 2144 2773 2191 est
2803 2135 2934 2189 dicit
2969 2153 2981 2187 :
3022 2132 3128 2201 Ego
3154 2134 3356 2201 primus
3384 2140 3431 2183 et
3462 2146 3552 2199 ego
3582 2137 3697 2197 post

2136 2228 2348 2295 ha‘c“,
2372 2236 2432 2280 ut
2476 2242 2571 2295 per
2624 2227 2727 2278 hoc
2782 2225 3078 2279 secundum
3129 2230 3413 2287 utramque
3452 2220 3697 2274 notitiam

2136 2317 2279 2385 quod
2308 2324 2569 2370 aeternum
2617 2324 2702 2369 cst
2784 2315 2839 2367 in
2873 2313 2982 2369 Deo
3032 2313 3387 2381 intelligatur.
3439 2309 3702 2363 Similiter

2135 2402 2297 2455 etiam
2322 2416 2422 2455 vox
2448 2400 2538 2454 illa
2551 2416 2671 2469 qum
2699 2400 2765 2453 ad
2781 2400 2970 2455 Manoe
2992 2399 3133 2454 facta
3157 2408 3262 2459 est,
3290 2396 3455 2453 Deum
3480 2397 3701 2452 essein-

2135 2490 2701 2560 comprehensibilem,
2716 2505 2809 2559 per
2826 2490 3059 2545 nominis
3079 2489 3494 2559 signiticantiam
3516 2495 3699 2543 osten-

2136 2582 2235 2648 dit,
2254 2597 2375 2652 qme
2390 2598 2513 2636 cum
2533 2582 2744 2638 discere
2763 2583 2920 2637 vellet
2936 2581 3124 2635 Manoe
3140 2595 3335 2635 nomen
3352 2580 3489 2649 ejus.
3507 2587 3562 2632 ut
3587 2594 3703 2647 pro-

2138 2675 2396 2728 missione
2419 2673 2711 2743 adimpleta
2736 2672 3060 2726 nominatim
3093 2669 3492 2725 benef-actorem
3533 2670 3701 2740 glori-

2138 2762 2345 2826 ﬁcaret,
2383 2763 2448 2815 ad
2470 2777 2593 2817 eum
2615 2762 2768 2828 dicit,
2805 2760 2945 2828 Quid
2973 2761 3066 2814 hoc
3097 2761 3432 2831 interrogas?
3455 2770 3503 2813 et
3533 2762 3702 2828 ipsum

2136 2864 2216 2909 est
2243 2855 2556 2909 admirabile
2589 2857 2632 2921 ³,
2665 2854 2737 2907 ita
2779 2862 2838 2908 ut
2873 2870 2939 2909 ex
2970 2855 3072 2909 hoc
3099 2854 3311 2909 discere
3337 2854 3515 2919 liceat,
3558 2851 3703 2923 quod

2140 2944 2609 2999 unumestdivinaa
2631 2952 2841 3000 naturae
2859 2944 3281 3016 signiﬁcativum
3302 2960 3525 3007 nomen,
3554 2944 3699 3013 quod

2138 3050 2337 3113 nempe
2362 3036 2430 3090 de
2463 3026 2583 3105 ipsa
2618 3036 2961 3091 ineil‘abiliter
2992 3046 3225 3092 mentem
3273 3045 3512 3091 nostram
3560 3036 3707 3089 subit

467 3130 526 3181 ὲν
567 3131 678 3191 τοῖς
711 3127 829 3181 καθ’
864 3126 1053 3180 ἑαυτοῦ
1101 3126 1313 3195 λόγοις,
1341 3126 1403 3179 τὸ
1433 3121 1549 3179 ἴσον
1598 3124 1715 3196 βοᾷ,
1747 3127 1821 3189 ὼς
1856 3126 2037 3195 πάσης

2144 3126 2456 3179 admiratio.
2490 3125 2753 3181 Similiter
2774 3128 2938 3183 etiam
2976 3142 3209 3197 magnus
3240 3126 3408 3181 David
3458 3127 3586 3181 dum
3640 3126 3707 3181 de

450 3218 572 3288 μὲν
595 3218 695 3288 τῆς
724 3217 951 3280 κτίσεως
977 3218 1066 3270 ὑπ’
1087 3216 1252 3270 αὑτοῦ
1282 3216 1654 3287 παραχθείσης
1686 3218 1763 3279 εἰς
1787 3216 1997 3282 γένεσιν
2020 3256 2035 3281 ,

475 3310 633 3381 μόνου
663 3309 719 3361 δὲ
745 3308 839 3361 τοῦ
885 3308 1020 3361 Θεοῦ
1060 3307 1322 3369 ὡσαύτως
1349 3308 1435 3360 ἀεί
1464 3324 1523 3359 τε
1548 3306 1720 3369 ὄντος,
1750 3307 1843 3358 καὶ
1868 3307 2040 3358 εἰσαεὶ

468 3399 811 3470 διαμένοντος
833 3414 846 3428 ·
882 3402 939 3452 ὲν
965 3397 1045 3462 οἷς
1078 3416 1243 3469 φησι,
1272 3398 1355 3452 Σὺ
1386 3398 1453 3450 δὲ
1476 3401 1508 3452 ό
1532 3398 1715 3464 αὐτὸς
1736 3396 1813 3465 εἶ,
1842 3400 1941 3453 καὶ
1966 3401 2038 3454 τὰ

470 3491 575 3557 ἐτη
622 3506 738 3545 σου
771 3491 882 3543 οὐκ
919 3489 1299 3557 ἐκλείψουσι.
1350 3486 1533 3541 Ταῦτα
1573 3489 1668 3542 καὶ
1710 3490 1779 3543 τὰ
1819 3490 2040 3545 τοιαῦτα

475 3581 623 3649 παρὰ
665 3580 770 3633 τῶν
802 3578 1241 3649 θεοφορουμένων
1273 3578 1594 3642 ἀκούοντες,
1626 3580 1741 3643 πῶς
1782 3581 1880 3650 οὐχ
1907 3581 1936 3634 ὃ
1966 3582 2039 3653 μὴ

474 3670 534 3735 ἐξ
557 3672 729 3725 ἀϊδίου
764 3671 943 3735 ἐστὶν,
977 3670 1052 3735 ὼς
1084 3670 1393 3739 πρόσφατόν
1428 3686 1489 3722 τε
1512 3655 1607 3724 κάι
1638 3671 1917 3742 ἀλλότριον
1945 3674 2043 3743 τῆς

382 3804 385 3809 .
474 3762 735 3833 ἀληθινῆς
781 3761 1078 3832 Θεότητος,
1110 3764 1221 3823 τοῖς
1275 3760 1684 3832 εἰδωλολάτραις
1722 3766 2044 3834 προσκυνεῖν

477 3852 872 3921 καταλείπομεν
890 3868 904 3917 ;
930 3851 1003 3903 Τὸ
1014 3851 1121 3921 γὰρ
1139 3850 1230 3902 νῦν
1244 3849 1325 3913 ὃν,
1344 3850 1603 3920 πρότερον
1618 3851 1673 3904 δὲ
1691 3852 1762 3923 μὴ
1782 3852 1860 3918 ὃν,
1880 3852 2043 3923 πρόσ-

476 3943 643 4010 φατόν
674 3944 790 3995 ἐστι
830 3942 1044 4005 πάντως
1070 3942 1161 3996 καὶ
1185 3942 1284 3995 οὐκ
1316 3941 1504 3994 ἀΐδιον·
1533 3942 1595 3994 τὸ
1614 3942 1669 3995 δὲ
1692 3943 1829 4013 πρός
1858 3959 1910 3996 τι
1931 3943 2046 3997 τῶν

478 4032 788 4101 προσφάτω-
841 4032 992 4104 ὁρᾷν,
1042 4032 1308 4101 δαιμόνων
1342 4031 1596 4104 λατρείαν
1623 4034 1659 4086 -ό
1696 4034 1899 4103 Μωσῆς
1927 4034 2044 4087 ὸνοο

480 4123 672 4193 μάζει,
717 4123 775 4175 λέ
789 4140 917 4190 (ωψ
960 4124 1229 4177 Ἔθυσαν
1274 4122 1601 4191 δαιμονίοις
1638 4124 1733 4177 καί
1769 4126 1840 4177 οὐ
1886 4124 2043 4188 Θεῷ·

478 4210 634 4275 θεοῖς
651 4205 739 4276 οἷς
761 4213 869 4263 οὐκ
892 4210 1144 4279 ᾔδεισαν
1160 4214 1213 4265 oi
1236 4211 1488 4279 πατέρες
1505 4210 1721 4275 αὐτῶν,
1739 4212 1931 4268 καινοί
1951 4212 2049 4266 καί

477 4303 809 4369 πρόσφατοι
840 4300 1081 4368 ἦκασιν.
1108 4303 1170 4355 Εἰ
1203 4299 1295 4354 οὖν
1326 4301 1386 4354 τὸ
1444 4302 1757 4372 πρόσφατον
1788 4303 1846 4357 ἐν
1885 4302 2047 4355 σεϐά-

480 4408 666 4463 σματι,
688 4392 953 4462 δαιμόνων
979 4394 1093 4445 ἐστὶ
1111 4394 1357 4464 λατρεία,
1386 4394 1480 4446 καὶ
1506 4393 1605 4463 τῆς
1637 4378 1893 4464 ἀληθινῆς
1919 4393 2048 4445 Θεό-

478 4500 637 4555 τητος
664 4483 1016 4553 ἠλλοτρίωται
1040 4501 1053 4515 ·
1085 4485 1116 4540 ὃ
1150 4483 1207 4536 δὲ
1247 4484 1340 4537 νῦν
1384 4484 1481 4553 μέν
1530 4487 1707 4547 ἐστιν,
1743 4484 1828 4536 ἀεὶ
1852 4483 1911 4538 δὲ
1948 4483 2047 4535 ούκ

477 4566 567 4640 ῆν,
595 4572 907 4641 πρόσφατόν
935 4572 1050 4623 ἐστι
1082 4573 1175 4625 καὶ
1202 4572 1302 4625 οὐκ
1342 4572 1532 4636 ἀΐδιον,
1558 4573 1870 4641 ἀναγκαίως
1911 4572 2048 4643 πρὸς

477 4663 540 4716 τὸ
573 4664 631 4716 ὃν
660 4663 947 4733 βλέποντες
970 4705 985 4730 ,
1011 4666 1135 4728 τοὺς
1165 4663 1224 4716 τὸ
1252 4663 1325 4734 μὴ
1352 4662 1409 4717 ὃν
1432 4662 1509 4733 τῷ
1538 4665 1651 4716 ὄντι
1687 4664 2049 4736 συνθεωροῖΝ-

478 4769 578 4816 τας
610 4754 705 4807 καὶ
730 4753 1005 4821 λέγοντας,
1033 4757 1116 4808 ὅτι
1148 4754 1278 4806 ποτὲ
1311 4755 1411 4806 οὐκ
1441 4748 1530 4824 ῆν,
1550 4756 1660 4817 τοῖς
1687 4754 2049 4825 θεραπευταῖς

479 4845 588 4899 τῶν
609 4844 840 4898 εἰδώλων
869 4847 1324 4917 ὲγκαταλέγομεν.
1360 4846 1469 4899 Καὶ
1489 4846 1598 4915 γὰρ
1618 4848 1646 4899 6
1667 4846 1839 4917 μέγας
1871 4846 2046 4901 Ἰωάν-

479 4952 578 5006 νης
596 4938 686 4990 τὸν
720 4939 982 5008 μονογενῆ
1006 4937 1137 4991 Θεὸν
1169 4937 1283 5007 ἰδίῳ
1304 4936 1686 5004 καταγγέλλων
1718 4936 2051 5007 κηρύγματι,

482 5030 748 5093 παντοίως
795 5032 884 5082 τὸν
924 5029 1119 5084 ἑαυτοῦ
1152 5028 1611 5096 κατασφαλίζεται
1649 5028 1823 5098 λόγον,
1860 5029 1934 5092 ὡς
1979 5030 2054 5098 μή

483 5133 602 5171 τινα
637 5121 870 5191 πάροδον
911 5120 1006 5192 τὴν
1046 5119 1140 5172 τοῦ
1178 5119 1252 5190 μὴ
1302 5115 1438 5171 εἷναι
1476 5119 1740 5188 ὑπόληψιν
1771 5120 1911 5173 κατὰ
1954 5119 2047 5171 τοῦ

484 5206 631 5270 ὄντος
660 5209 861 5267 λαϐεῖν.
888 5210 1049 5278 Λέγει
1088 5210 1194 5280 γὰρ
1214 5248 1228 5273 ,
1268 5210 1347 5262 ὅτι
1394 5207 1481 5260 Ἐν
1515 5209 1653 5277 ἀρχῇ
1678 5203 1764 5278 ἦν,
1798 5207 2050 5278 καὶπρὸς

484 5301 575 5352 τὸν
603 5301 734 5353 Θεὸν
759 5297 846 5372 ἦν,
877 5304 970 5355 καὶ
1001 5303 1130 5363 Θεὸς
1154 5297 1243 5372 ῆν,
1283 5300 1377 5353 καὶ
1407 5300 1523 5367 φῶς
1556 5295 1646 5369 ἦν,
1682 5300 1775 5352 καὶ¹
1810 5300 1921 5370 ζωὴ
1957 5302 2051 5354 καὶ

486 5389 732 5456 ἀλήθεια,
765 5392 858 5443 καὶ
886 5391 1063 5444 πάντα
1092 5394 1159 5443 τὰ
1187 5390 1364 5458 ἀγαθὰ
1394 5390 1622 5443 πάντοτε
1650 5384 1740 5459 ἦν,
1772 5390 1865 5441 καὶ
1902 5389 2051 5443 οὐδὲν

487 5478 741 5532 οὐδέποτέ
772 5497 823 5532 τι
850 5480 956 5533 τῶν
987 5482 1165 5535 καλῶν
1192 5484 1291 5535 οὐκ
1322 5476 1421 5551 ἢν,
1459 5484 1486 5535 6
1513 5482 1728 5537 πάντων
1753 5481 1860 5536 τῶν
1905 5483 2044 5552 ἀγα-

2141 3229 2207 3269 eo
2233 3215 2490 3281 loquitur,
2539 3215 2679 3269 idem
2714 3216 2998 3269 clamitat:
3049 3231 3264 3270 omnem
3296 3218 3514 3285 quidem
3552 3231 3706 3271 crea-

2143 3314 2321 3359 turam
2353 3306 2422 3360 ab
2470 3305 2590 3375 ipso
2621 3304 2688 3359 ad
2744 3308 3152 3375 generationem
3180 3306 3469 3360 adductam
3515 3306 3703 3372 fuisse,

2141 3400 2319 3453 solum
2343 3412 2475 3451 vero
2516 3398 2684 3453 Deum
2717 3399 2910 3454 eodem
2949 3399 3109 3453 modo
3151 3413 3365 3468 semper
3394 3414 3537 3462 esse,
3556 3414 3710 3453 eum-

2141 3491 2375 3560 demque
2409 3491 2462 3544 in
2491 3498 2811 3560 perpetuum
2842 3504 3186 3560 permanere.
3246 3490 3304 3548 lu
3340 3490 3542 3559 quibus
3596 3491 3705 3544 ait:

2144 3582 2223 3636 Tu
2261 3593 2434 3635 autem
2462 3582 2598 3635 idem
2625 3598 2679 3635 es
2706 3621 2721 3645 ,
2761 3590 2810 3635 et
2842 3582 2970 3634 anni
3006 3581 3083 3633 tui
3112 3596 3213 3633 non
3251 3580 3489 3649 deﬁcient
3517 3580 3557 3632 ³.
3587 3580 3710 3634 Ilaec

2141 3682 2196 3728 et
2219 3672 2488 3741 ejusmodi
2524 3688 2589 3726 ex
2616 3672 2752 3727 viris
2794 3670 2886 3725 Dei
2920 3671 3116 3741 spiritu
3149 3672 3345 3727 al'llatis
3392 3687 3515 3725 cum
3561 3672 3712 3724 andi-

2145 3777 2292 3826 mus,
2328 3764 2604 3831 quomodo
2634 3761 2687 3815 id
2708 3762 2852 3830 quod
2884 3763 2951 3815 ab
2968 3771 3170 3817 aeterno
3184 3777 3292 3817 non
3314 3770 3421 3827 est,
3443 3772 3500 3817 ut
3518 3780 3711 3821 recens

2144 3861 2200 3907 et
2228 3853 2467 3907 alienum
2501 3868 2530 3906 a
2561 3867 2691 3906 vera
2749 3853 2979 3918 “citate,
3016 3853 3338 3921 idololatris,
3390 3856 3441 3910 id
3496 3867 3599 3923 est,
3648 3859 3711 3912 ﬁ-

2146 3943 2427 3998 ctitiorum
2455 3945 2681 3998 deorum
2706 3944 3007 4001 cultoribus
3038 3944 3370 4001 adorandum
3411 3964 3519 4003 non
3548 3950 3711 4004 relin-

2146 4034 2406 4103 quimus?
2440 4034 2598 4099 Quod
2644 4035 2788 4088 enim
2841 4050 2999 4091 nunc
3048 4044 3156 4102 est,
3179 4039 3332 4107 prius
3375 4048 3553 4095 autem
3601 4059 3711 4096 non

2147 4132 2282 4190 erat,
2346 4138 2539 4180 recens
2561 4132 2646 4179 est
2674 4126 2899 4180 omnino
2926 4142 3025 4182 nec
3052 4136 3355 4196 aaternum;
3391 4131 3589 4187 intueri
3617 4151 3713 4189 au-

2149 4220 2256 4267 tem
2289 4214 2342 4267 in
2376 4213 2581 4283 aliquid
2617 4218 2942 4280 recentium,
2969 4216 3276 4271 daemonum
3313 4220 3521 4275 cultum
3557 4232 3714 4278 vocat

2152 4302 2354 4369 Moses,
2405 4303 2596 4360 dicens
2639 4323 2653 4359 :
2717 4303 3132 4359 [inmolaverunt
3194 4306 3490 4373 dwmoniis,
3519 4320 3567 4363 et
3610 4328 3714 4366 non

2152 4394 2261 4448 Deo
2302 4408 2321 4446 :
2371 4393 2475 4448 diis
2512 4411 2640 4463 quas
2687 4397 3000 4466 ignorarunt
3052 4405 3228 4465 patres
3273 4398 3542 4467 ipsorum,
3597 4404 3715 4457 noui

2150 4496 2479 4554 recentesque
2510 4497 2755 4541 uenerunt
2806 4488 2848 4541 ⁵.
2885 4486 2941 4540 Si
2971 4488 3135 4557 igitur
3160 4489 3303 4558 quod
3334 4505 3523 4546 recens
3552 4503 3635 4548 est
3660 4495 3714 4549 in

2147 4577 2233 4632 his
2260 4592 2381 4647 quae
2409 4578 2686 4640 coluntur,
2716 4579 3021 4633 daemonum
3046 4586 3132 4634 est
3163 4581 3397 4645 cultura,
3436 4589 3492 4637 et
3537 4599 3565 4637 a
3591 4601 3716 4641 vera

2147 4666 2354 4723 Deitate
2399 4666 2636 4721 alienum
2666 4674 2791 4723 est:
2836 4667 2981 4736 quod
3016 4675 3198 4723 autem
3257 4685 3403 4723 nunc
3436 4679 3540 4734 est,
3576 4688 3718 4728 sem-

2150 4773 2245 4828 per
2271 4764 2450 4813 autem
2479 4771 2586 4811 non
2611 4764 2751 4819 erat,
2772 4771 2964 4811 recens
2991 4765 3075 4812 εει
3116 4766 3171 4811 et
3194 4772 3298 4812 IIOI'I
3323 4765 3582 4819 aeternum
3600 4778 3719 4817 2110-

2152 4849 2396 4904 cessario
2419 4862 2521 4902 nos
2549 4848 2647 4917 qui
2672 4847 2727 4902 id
2740 4846 2887 4917 quod
2917 4856 3001 4903 est
3032 4849 3325 4913 intuemur,
3345 4865 3442 4905 eos
3462 4852 3551 4921 qui
3573 4853 3717 4921 quod

2153 4955 2261 4994 non
2287 4945 2368 4993 est
2416 4954 2539 4993 cum
2564 4954 2629 4994 eo
2675 4939 2823 5009 quod
2850 4946 2930 4994 est
2963 4940 3419 5009 contemplantur,
3455 4951 3507 4996 et
3530 4943 3720 4997 dicunt

2152 5030 2297 5099 quod
2342 5027 2619 5099 quondam
2656 5043 2766 5081 non
2803 5036 2942 5092 erat,
2988 5028 3257 5085 idolorum
3282 5031 3583 5085 cultoribus
3622 5046 3720 5083 au-

2156 5134 2532 5175 numeramus.
2575 5118 2787 5174 Etenim
2830 5134 3059 5190 magnus
3096 5118 3336 5175 Joannes
3382 5121 3717 5187 unigenitum

2158 5212 2326 5268 Deum
2355 5226 2455 5267 suo
2506 5211 2779 5281 praeconio
2840 5212 3197 5275 annuntians,
3255 5226 3414 5266 suum
3465 5211 3720 5263 omnibus

2158 5303 2336 5357 modis
2365 5302 2652 5370 praemunit
2682 5316 3015 5365 sermonem,
3042 5308 3103 5354 ut
3135 5300 3319 5353 nullus
3346 5298 3418 5350 sit
3446 5296 3628 5351 aditus
3653 5298 3721 5352 ad

2162 5392 2471 5461 Opinionem
2497 5391 2907 5461 concipiendam
2932 5397 3121 5444 contra
3163 5388 3213 5441 id
3245 5388 3387 5454 quod
3419 5395 3503 5440 est
3544 5387 3721 5457 ipsum

2157 5498 2267 5538 non
2300 5482 2594 5552 aliquando
2623 5481 2823 5538 fuisse:
2855 5478 3175 5543 dieitenim,
3205 5478 3263 5533 In
3298 5476 3566 5549 principio
3580 5485 3722 5546 erat,

558 5653 577 5684 ¹
602 5657 617 5677 ⁹
642 5654 761 5713 Isai.
806 5673 926 5722 ην,
976 5658 1030 5713 5.
1104 5659 1124 5689 ⁸
1152 5656 1329 5713 Judic.
1365 5674 1480 5727 xm,
1510 5658 1600 5717 I8.
1675 5659 1696 5692 ³
1722 5658 1866 5716 Psal.
1901 5673 1977 5729 Cl,
2000 5659 2037 5714 2

2168 5661 2190 5693 ⁸
2224 5660 2383 5719 Deut.
2413 5677 2593 5733 xxxii,
2619 5661 2708 5719 Π.

437 5772 485 5790 ν
