4046 6150
406 280 504 331 774

1642 271 1700 325 S.
1727 268 2055 327 GREGORII
2092 266 2376 325 NYSSENI

3539 273 3640 326 772

397 403 456 446 et
485 389 625 463 apud
660 388 825 444 Deum
855 392 994 449 erat,
1029 393 1083 441 et
1127 385 1270 440 Deus
1313 390 1455 449 erat,
1487 392 1541 439 ct
1574 384 1667 439 lux
1737 394 1857 439 erat
1879 424 1894 449 ,
1921 402 1954 440 e

2077 384 2186 438 θῶν
2213 386 2274 438 τὸ
2294 384 2568 456 πλήρωμα
2598 384 2692 451 ὢν,
2719 385 2813 439 καὶ
2842 386 2899 439 ὲν
2923 386 3035 450 τοῖς
3056 385 3279 449 κόλποις
3301 381 3399 439 τοῦ
3428 388 3642 457 Πατρὶς

401 493 509 539 vita
540 493 593 539 et
617 482 836 543 veritas,
858 487 914 533 et
936 478 1120 533 omnia
1151 478 1292 531 bona
1324 491 1540 546 semper
1568 488 1685 531 erat
1721 478 1773 530 ἐ
1808 490 1861 532 et
1886 478 1970 531 ni-

402 574 474 628 hil
507 585 743 640 unquam
791 567 1095 637 quidquam
1124 566 1399 620 bonorum
1436 579 1542 619 non
1567 574 1706 627 erat,
1747 564 1840 633 qui
1887 573 1969 619 est

394 665 639 719 omnium
685 662 952 716 bonorum
982 658 1288 728 plenitudo,
1320 668 1375 712 et
1422 657 1477 710 in
1530 657 1743 711 sinibus
1772 652 1962 711 Patris.

400 757 457 811 Si
522 757 688 826 igitur
736 753 915 807 Moses
947 752 1097 805 velut
1132 766 1274 805 vera:
1311 749 1539 804 Deitatis
1594 749 1961 803 characterem

399 849 633 916 aliquem
669 845 823 899 nobis
843 846 958 911 lege
980 841 1182 904 sanxit,
1214 841 1349 895 nihil
1377 854 1570 909 nempe
1597 840 1743 893 aliud
1766 839 1833 893 de
1856 839 1964 893 Deo

396 952 725 1009 cognoscere
768 950 929 1003 quam
962 934 1067 987 hoc
1091 933 1267 987 solum
1312 931 1459 1000 quod
1499 940 1580 985 est
1613 948 1625 983 :
1670 931 1773 985 hoc
1818 933 1960 985 enim

396 1032 759 1091 demonstrat,
787 1025 900 1095 Ego
933 1040 1048 1077 sunt
1079 1024 1166 1092 qui
1213 1039 1329 1075 sum
1381 1023 1421 1075 ⁸.
1448 1023 1617 1076 lsaias
1650 1030 1829 1075 autem
1857 1037 1960 1074 un-

395 1120 559 1188 dique
590 1117 910 1173 inlinitatem
943 1116 1085 1169 entis
1115 1128 1218 1169 suo
1265 1112 1545 1182 prazconio
1598 1113 1959 1182 pronuntiat,

396 1226 571 1279 neque
600 1211 653 1263 in
689 1208 976 1278 principio,
1011 1220 1190 1274 neque
1212 1205 1265 1257 in
1304 1205 1407 1257 line
1436 1219 1533 1258 ens
1567 1203 1621 1256 in
1675 1205 1785 1259 Deo
1817 1202 1958 1257 limi-

392 1310 566 1355 latum
597 1310 649 1354 et
680 1300 958 1352 delinitum
983 1298 1224 1351 intuens.
1265 1294 1399 1348 Nam
1435 1308 1558 1347 cum
1615 1292 1745 1345 dixit
1780 1308 1793 1345 :
1851 1290 1959 1360 Ego

393 1396 595 1461 primus
622 1401 670 1444 et
699 1406 790 1459 ego
822 1397 938 1456 post
966 1386 1075 1441 lucc
1128 1387 1172 1451 τ,
1203 1386 1258 1441 in
1294 1393 1487 1440 neutro
1510 1382 1827 1437 aeternitatis
1861 1392 1963 1436 ter-

393 1485 602 1538 minum
639 1481 851 1537 statuit.
882 1481 955 1533 lta
991 1488 1051 1533 ut
1072 1493 1250 1547 neque
1276 1477 1342 1531 ad
1372 1476 1698 1547 principium
1728 1489 1961 1528 cernen-

391 1586 496 1639 tes,
539 1573 879 1627 inveniamus
908 1569 1122 1640 signum
1159 1568 1374 1638 aliquod
1398 1583 1426 1620 a
1455 1583 1564 1636 quo
1608 1581 1730 1621 esse
1779 1580 1960 1632 cmpe—

390 1665 484 1729 rit,
512 1674 565 1717 et
598 1662 881 1732 postqnod
913 1677 1022 1714 non
1043 1670 1201 1714 erat:
1239 1674 1417 1727 neque
1444 1658 1509 1711 ad
1543 1656 1592 1710 id
1624 1654 1771 1726 quod
1800 1655 1958 1709 dein-

2073 473 2167 528 ὢν.
2210 476 2272 528 Εἰ
2302 476 2483 529 τοίνυν
2513 476 2711 547 Μωσῆς
2745 477 2844 548 μὲν
2883 473 2992 531 οἷόν
3021 495 3144 530 τινα
3190 478 3511 549 χαρακτῆρα
3540 478 3643 548 τῆς

2070 566 2329 636 ἀληθινῆς
2373 566 2636 638 Θεότητος
2684 570 2815 639 ἡμῖν
2864 568 3162 638 νομοθετεῖ,
3196 569 3257 621 τὸ
3307 569 3470 640 μηδὲν
3513 569 3644 624 ἄλλο

2073 659 2202 728 περὶ
2227 657 2366 713 Θεοῦ
2395 658 2703 727 γινώσκειν.
2737 660 2771 730 ἦ
2801 659 2957 713 τοῦτο
2995 661 3155 731 μόνον
3188 662 3271 713 ὅτι
3297 660 3433 713 ἐστι.
3471 660 3644 713 Τοῦτο

2071 750 2179 820 γὰρ
2218 749 2551 804 ἐνδείκνυται
2589 752 2830 823 τὸ,ἙΊώ
2853 755 2967 821 ειμι
3010 755 3044 806 ὁ
3080 752 3186 805 ὧν.
3238 752 3464 815 Ἡσαΐας
3494 751 3551 804 δὲ
3582 751 3644 804 τὺ

2072 841 2410 909 πανταχόθεν
2446 843 2693 912 ἀόριστον
2730 843 2822 897 τοῦ
2860 843 3007 906 ὄντος
3047 842 3147 913 βοᾷ
3178 842 3255 913 τῷ
3291 842 3641 913 κηρύγματι,

2073 933 2209 1001 μήτε
2242 932 2310 985 δι’
2346 933 2553 1003 ἀρχῆς,
2593 935 2729 1003 μήτε
2773 935 2862 989 διὰ
2902 934 3086 998 τέλους
3119 934 3329 1003 βλέπων
3370 934 3429 986 τὸ
3459 934 3517 986 ὃν
3547 933 3643 985 ἐπὶ

2066 1021 2161 1073 τοῦ
2191 1022 2324 1075 Θεοῦ
2354 1022 2685 1093 ὁριζόμενον.
2704 1025 2761 1078 '0
2787 1025 2894 1095 γὰρ
2915 1024 3103 1090 εἰπὼν,
3130 1025 3210 1078 ὅτι
3247 1024 3394 1094 Ἐγὼ
3409 1024 3643 1093 πρῶτος

2067 1113 2165 1166 καὶ
2193 1116 2345 1181 μετὰ
2372 1115 2558 1169 ταῦτα
2575 1156 2590 1180 ,
2626 1117 2684 1169 ὲν
2713 1117 2981 1189 οὐθετέρῳ
3007 1117 3099 1170 τὸν
3125 1118 3249 1187 ὅρον
3276 1119 3375 1186 τῆς
3404 1117 3643 1186 ἁῖδιότηο

2065 1219 2156 1267 τος
2187 1204 2420 1274 ἵστησιν⁸
2443 1205 2520 1269 ὡς
2552 1208 2691 1275 μήτε
2717 1208 2854 1279 πρὸς
2874 1211 2973 1279 τὴν
2994 1210 3167 1280 ἀρχὴν
3196 1208 3438 1279 ὁρῶντας
3458 1209 3641 1278 εὑρεῖν

2065 1312 2119 1347 τι
2150 1298 2378 1364 σημεῖον
2422 1297 2514 1365 ἀφ’
2562 1290 2623 1350 οῦ
2661 1299 2813 1365 ἐστι,
2852 1301 2946 1352 καὶ
2992 1300 3109 1369 μεθ’
3145 1295 3205 1353 οὗ
3236 1300 3334 1351 οὐκ
3372 1294 3462 1369 ἦν,
3502 1301 3641 1369 μήτε

2066 1386 2203 1456 πρὸς
2250 1388 2311 1439 τὸ
2356 1390 2553 1459 ἑφεξῆς
2593 1391 2691 1461 τὴν
2730 1390 2968 1444 διάνοιαν
3018 1391 3351 1459 ἀνάγοντας,
3377 1392 3489 1461 ὅρῳ
3532 1391 3641 1445 τινὶ

2065 1476 2373 1530 διακόπτειν
2406 1478 2499 1531 τοῦ
2522 1479 2671 1543 δντος
2706 1480 2804 1551 τὴν
2842 1481 2934 1533 ἐπὶ
2962 1482 3023 1534 τὸ
3052 1481 3221 1534 ἀΐδιον
3255 1480 3508 1552 πρόοδον·
3544 1481 3638 1534 τοῦ

2065 1568 2121 1621 δὲ
2149 1571 2423 1640 προφήτου
2455 1571 2618 1624 Δαϐὶδ
2648 1573 2955 1643 πρόσφατόν
2983 1590 3036 1625 τι
3066 1573 3157 1625 καὶ
3201 1573 3479 1645 ἀλλότριον
3516 1573 3639 1626 θεὸν

2070 1661 2491 1730 προσκυνεῖσθαι
2518 1665 2951 1734 ἀπαγορεύοντος
2970 1705 2985 1725 ,
3020 1659 3096 1719 ὧν
3133 1665 3394 1736 ἑκάτερον
3420 1666 3482 1718 ἐν
3528 1666 3638 1727 τοῖς

392 1769 519 1823 ceps
554 1753 803 1821 sequitur
845 1751 1262 1820 intelligentiam
1304 1749 1661 1818 appellentcs,
1727 1748 1954 1799 termino

2060 1752 2321 1821 δόγμασιν
2342 1755 2457 1806 ἐστι
2484 1754 2583 1824 τῆς
2614 1756 2894 1827 αἱρέσεως.
2939 1757 3028 1810 'Ev
3060 1758 3159 1827 μὲν
3181 1757 3260 1827 τῷ
3284 1757 3357 1828 μὴ
3386 1756 3541 1827 ἀϊδίῳ
3575 1756 3639 1808 τὸ

390 1844 578 1911 aliquo
607 1843 725 1911 ejus
770 1841 915 1910 quod
959 1849 1043 1894 est
1089 1840 1483 1895 intercidamus
1538 1852 1852 1909 processum
1905 1837 1959 1890 in

388 1946 666 1992 aeternum.
718 1934 852 1989 Cum
872 1932 1172 2003 praesertim
1204 1930 1371 1984 David
1401 1932 1662 1999 propheta
1688 1937 1958 1984 recentem

2067 1842 2401 1911 πρόσφατον,
2449 1847 2506 1898 ἐν
2532 1845 2588 1897 δὲ
2616 1846 2693 1915 τῷ
2717 1849 2816 1917 τῆς
2839 1846 2933 1900 τοῦ
2959 1848 3216 1918 ἀληθινοῦ
3251 1848 3385 1900 Θεοῦ
3421 1847 3639 1916 φύσεως

2067 1932 2458 1999 ἀπεξενῶσθαι,
2486 1936 2545 1989 τὸ
2565 1937 2841 2009 ἀλλότριον
2867 1938 3052 2008 σαφῶς
3083 1939 3463 1993 ἐπιδείκνυται.

386 2041 441 2086 et
459 2031 693 2085 alienum
733 2028 892 2081 deum
911 2026 1136 2080 adorare
1163 2032 1309 2078 vetet
1336 2024 1390 2077 δι
1421 2023 1473 2077 in
1492 2037 1722 2092 quorum
1742 2035 2033 2090 utrumque
2050 2026 2355 2096 impingunt
2369 2028 2641 2084 haereseos
2658 2030 2931 2100 dogmata.
2954 2029 3088 2085 Nam
3109 2032 3162 2085 in
3179 2047 3243 2087 eo
3259 2031 3404 2101 quod
3421 2030 3635 2095 dicunt,

392 2137 501 2177 non
543 2137 666 2176 esse
690 2128 974 2181 aeternum,
1011 2127 1280 2172 recentem
1307 2155 1322 2181 ,
1358 2117 1413 2169 in
1442 2131 1507 2171 eo
1542 2115 1684 2185 quod
1719 2123 1962 2168 anatura
1982 2119 2091 2171 veri
2144 2119 2239 2174 Dei
2289 2122 2697 2187 abhorrentem,
2746 2124 2985 2178 alienum
3020 2136 3209 2195 aperte
3233 2126 3635 2180 demonstrant.

463 2213 586 2267 Haec
611 2213 777 2282 igitur
791 2227 915 2265 cum
946 2212 1019 2263 ita
1045 2226 1106 2265 se
1133 2209 1389 2271 habeant,
1408 2206 1671 2276 quidquid
1698 2206 1969 2274 ejusmodi

392 2323 487 2377 per
529 2306 753 2358 cavillos
797 2308 1153 2373 praestruunt,
1196 2288 1339 2368 quod
1380 2297 1631 2352 videlicet
1672 2297 1968 2366 aliquando

391 2416 499 2455 non
531 2398 695 2454 fuerit
723 2396 813 2452 ille
840 2395 933 2465 qui
965 2410 1093 2448 vere
1118 2402 1223 2454 est,
1254 2392 1387 2445 nihil
1413 2390 1560 2444 aliud
1595 2405 1760 2460 quam
1787 2397 1969 2441 trans-

388 2494 724 2563 gressionem
756 2486 1190 2548 Christianismi,
1223 2492 1276 2538 et
1298 2484 1363 2536 ad
1402 2483 1668 2537 idolorum
1693 2482 1964 2536 culturam

389 2586 753 2637 reversionem
780 2592 902 2632 esse
925 2577 1236 2630 delinitnns.
1272 2573 1409 2628 Cum
1440 2574 1586 2627 ettim
1626 2573 1964 2641 evangelista

386 2689 485 2743 per
514 2670 842 2739 theologiam
878 2667 1118 2735 undique
1155 2681 1219 2720 ex
1259 2680 1325 2718 eo
1353 2664 1497 2732 quod
1525 2670 1631 2725 est,
1663 2663 1807 2732 quod
1846 2677 1956 2715 non

346 2780 348 2783 ·
387 2775 472 2821 est
519 2760 918 2822 exterminarit,
980 2769 1033 2812 et
1081 2773 1179 2826 per
1231 2757 1545 2810 continuam
1593 2755 1770 2816 verbi,
1818 2763 1952 2816 erat,

387 2855 789 2926 repetitionem,
821 2851 963 2921 quod
997 2865 1106 2904 non
1142 2849 1234 2911 sit,
1260 2846 1574 2916 suspicandi
1605 2846 1953 2901 occasionem

386 2947 674 3016 diligenter
721 2941 1066 3011 expunxerit,
1104 2941 1284 3008 ipsum
1334 2952 1464 2991 vero
1499 2935 1875 3007 Unigenitum,
1901 2945 1956 2991 et

388 3037 580 3101 Deum,
626 3043 680 3087 et
714 3033 947 3088 Verbum
989 3033 1100 3093 Dei,
1140 3038 1192 3084 et
1232 3027 1429 3081 Filium
1463 3027 1577 3089 Dei,
1608 3036 1661 3081 et
1692 3028 1951 3096 aequalem

390 3129 521 3193 Deo,
555 3139 609 3184 et
637 3129 816 3182 omnia
854 3142 974 3196 quae
1001 3133 1129 3181 sunt
1174 3120 1491 3191 hujusmodi
1539 3121 1739 3190 ubique
1779 3120 1956 3173 nomi-

388 3221 621 3285 naverit,
667 3219 883 3273 firmum
916 3219 1182 3271 habemus
1233 3217 1338 3269 hoc
1385 3215 1437 3268 in
1472 3214 1769 3282 nobisipsis
1805 3211 1956 3281 judi-

385 3314 531 3368 cium
564 3323 725 3382 atque
758 3310 1115 3371 immutabile,
1154 3306 1300 3376 quod
1348 3306 1394 3359 si
1427 3304 1568 3358 Deus
1603 3313 1685 3359 est
1715 3305 1959 3373 unigeni-

384 3413 477 3462 tus
511 3406 675 3469 Deus,
707 3417 921 3473 semper
950 3400 1282 3456 credendum
1314 3405 1398 3452 est
1429 3396 1611 3465 ipsum
1640 3411 1762 3450 esse
1784 3395 1954 3449 Deum

385 3501 478 3568 qui
516 3497 759 3552 creditus
791 3502 893 3547 est.
926 3491 1238 3557 Quinetiam
1278 3489 1323 3543 si
1346 3503 1472 3543 vere
1497 3496 1580 3542 est
1615 3486 1779 3553 Deus,
1808 3502 1955 3542 sem-

384 3604 482 3661 per
512 3588 737 3641 omnino
767 3592 871 3647 est,
903 3591 957 3636 et
985 3595 1265 3649 nunquam
1294 3593 1402 3632 non
1444 3591 1568 3633 esse
1595 3577 1955 3647 comprehen-

384 3682 553 3751 ditur.
612 3677 753 3731 Deus
800 3675 967 3739 enim,
1022 3672 1167 3728 sicut
1214 3685 1359 3741 sape
1408 3669 1670 3733 diximus.
1714 3670 1759 3724 si
1807 3682 1953 3723 nunc

382 3752 489 3834 est,
542 3776 597 3824 et
642 3780 862 3836 semper
906 3764 1131 3819 omnino
1179 3763 1281 3816 l‘uit
1321 3758 1513 3832 :quod
1560 3761 1608 3816 si
1656 3760 1953 3831 aliquando

382 3881 487 3919 non
525 3859 647 3923 fuit,
679 3859 813 3913 nihil
855 3872 1003 3913 nunc
1031 3864 1112 3911 est
1137 3855 1405 3910 funditus.
1441 3854 1546 3909 Sed
1573 3853 1830 3923 quoniam
1864 3850 1954 3905 Fi-

381 3953 514 4007 lium
545 3965 668 4006 esse
707 3948 1046 4020 unigenitum
1083 3946 1248 3999 Deum
1284 3952 1335 3999 et
1378 3944 1431 3997 in
1478 3951 1796 4013 perpetuum
1828 3957 1955 4013 per-

381 4057 627 4106 manere,
677 4040 838 4096 etiatn
884 4039 953 4093 ab
1002 4036 1245 4091 inimicis
1283 4035 1533 4089 veritatis
1582 4033 1950 4089 conceditur:

381 4138 487 4191 hoc
534 4134 769 4189 dicimus
802 4129 948 4201 quod
984 4128 1077 4199 qui
1123 4141 1341 4197 semper
1373 4135 1457 4181 est
1498 4128 1555 4180 in
1604 4123 1788 4189 Patre,
1841 4139 1951 4180 non

378 4225 681 4285 secundum
720 4239 887 4277 unum
933 4221 1109 4276 solum
1143 4227 1227 4274 est
1256 4223 1309 4272 in
1344 4218 1485 4288 ipso,
1523 4216 1619 4272 sed
1647 4215 1947 4272 secundum

378 4320 564 4375 omnia
593 4332 714 4388 qum
740 4317 902 4370 Pater
929 4329 1051 4370 esse
1075 4312 1417 4382 intelligitur,
1451 4326 1545 4381 per
1572 4310 1755 4364 omnia
1786 4316 1870 4364 est
1893 4308 1947 4363 in

381 4413 523 4481 ipso.
558 4407 1029 4474 Quemadmodum
1066 4404 1230 4473 igitur
1261 4402 1308 4457 is
1333 4403 1423 4473 qui
1457 4402 1509 4455 in
1535 4401 1948 4470 incorruptione

377 4501 559 4556 Patris
598 4508 706 4562 est,
749 4493 1188 4565 incorruptibilis
1251 4502 1334 4550 est
1383 4499 1437 4547 et
1481 4492 1536 4545 in
1564 4492 1811 4546 bonitate
1845 4491 1944 4544 bo-

376 4608 503 4656 nus,
538 4598 593 4646 et
636 4592 689 4644 in
737 4594 1007 4658 potestate
1053 4593 1267 4655 potens,
1300 4591 1355 4639 ct
1404 4583 1459 4638 in
1489 4597 1708 4653 quoque
1755 4595 1946 4637 eorum

376 4697 499 4754 qua:
531 4679 910 4749 prazstantiora
944 4677 998 4730 in
1030 4673 1190 4730 Patre
1216 4673 1617 4744 intelliguntur,
1651 4670 1783 4725 illud
1812 4677 1897 4725 est
1927 4684 1941 4722 :

379 4774 462 4828 sic
514 4772 676 4825 etiam
724 4770 818 4839 qui
869 4770 923 4822 in
984 4766 1290 4822 mternitate
1342 4764 1519 4820 Patris
1560 4774 1662 4829 est,
1721 4762 1946 4818 omnino

375 4871 617 4919 aeternus
666 4868 771 4912 est.
812 4858 993 4913 Patris
1037 4867 1216 4914 autem
1264 4852 1543 4912 aeternitas
1576 4855 1704 4910 inde
1752 4854 1944 4926 digno-

377 4954 575 5015 scitur,
609 4949 752 5017 quod
785 4949 1039 5003 videlicet
1075 4964 1253 5018 neque
1291 4963 1355 5003 ex
1388 4964 1498 5002 non
1528 4955 1652 5003 ente
1693 4948 1943 5017 coeperit,

375 5058 552 5115 neque
603 5042 658 5095 in
697 5040 749 5095 id
796 5038 943 5110 quod
996 5055 1103 5093 non
1130 5050 1214 5094 est
1255 5039 1487 5094 desinat.
1527 5036 1668 5107 Ergo
1711 5039 1801 5092 ille
1849 5037 1944 5107 qui

372 5138 555 5192 omnia
586 5150 706 5206 quae
735 5140 863 5188 sunt
890 5130 1068 5185 Patris
1102 5132 1287 5195 habet,
1319 5139 1483 5200 atque
1513 5131 1567 5185 in
1594 5131 1741 5184 omni
1769 5130 1942 5199 gloria

372 5227 551 5281 Patris
603 5223 1011 5285 consideratur,
1057 5219 1516 5289 quemadmodum
1559 5220 1833 5274 exsistens
1884 5222 1939 5273 in

374 5318 492 5368 vita
514 5316 692 5371 Patris
721 5313 823 5368 line
850 5310 1114 5374 carentis,
1141 5308 1301 5363 linem
1332 5308 1455 5362 vita}
1489 5325 1599 5362 non
1625 5310 1786 5364 habet
1818 5328 1831 5363 :
1861 5310 1941 5364 sic

373 5408 427 5461 in
462 5409 620 5463 Patre
648 5409 916 5478 originem
947 5420 1052 5460 non
1080 5401 1336 5465 habente,
1364 5401 1576 5455 dierum
1610 5402 1935 5472 principium

373 5514 479 5553 non
511 5500 690 5565 habet,
724 5500 868 5554 sicut
896 5497 1074 5570 inquit
1104 5495 1399 5567 Apostolus
1444 5495 1489 5560 ’,
1524 5494 1620 5551 sed
1651 5504 1705 5550 et
1739 5509 1805 5551 ex
1836 5494 1939 5549 Pa-

434 5654 453 5683 '
496 5655 703 5721 Joana,
737 5659 764 5712 ι
820 5675 943 5729 sqq.
1019 5659 1041 5693 ⁸
1068 5657 1237 5731 Exod.
1272 5676 1365 5729 tu,
1397 5659 1482 5718 M.
1562 5660 1584 5696 "
1622 5661 1763 5737 ﬁlsai.
1796 5677 1920 5733 ειν,
1955 5666 2024 5721 5..
2086 5664 2108 5697 ⁸
2145 5662 2289 5720 Psal.
2319 5676 2486 5731 Lux,
2524 5663 2581 5722 9.
2644 5664 2666 5699 ’
2708 5663 2874 5723 Hebr.
2914 5679 3014 5734 vn,
3047 5666 3102 5723 5.

1981 3076 2029 3138 C

2136 2211 2357 2267 Τούτων
2400 2211 2495 2269 οὖν
2535 2215 2709 2280 οὕτως
2753 2215 3005 2287 ἐχόντων,
3046 2219 3228 2271 πᾶσαν
3261 2217 3360 2287 τὴν
3403 2217 3491 2270 διὰ
3531 2218 3637 2271 τῶν

2065 2304 2415 2372 σοφισμάτων
2443 2287 2789 2378 κατασκευὴν
2822 2307 2918 2379 τὴν
2947 2309 3075 2379 περὶ
3102 2307 3195 2362 τοῦ
3236 2308 3311 2378 μὴ
3335 2306 3473 2361 εἶναι
3507 2323 3635 2360 ποτε

2062 2391 2154 2444 τὸν
2185 2393 2353 2456 ὅντως
2381 2395 2511 2449 ὄντα
2534 2436 2550 2461 ,
2573 2397 2726 2449 οὐδὲν
2762 2397 2892 2451 ἄλλο
2928 2398 2960 2468 ἢ
3013 2399 3323 2469 παράϐασιν
3372 2397 3465 2451 τοῦ
3503 2396 3637 2469 Χρι-

2065 2484 2408 2554 στιανισμοῦ,
2432 2487 2527 2539 καὶ
2552 2487 2756 2558 τροπὴν
2773 2491 2852 2552 εἰς
2878 2488 3283 2561 εἰδωλολατρίαν
3308 2486 3446 2542 εἶναι
3472 2489 3637 2560 διορι-

2062 2573 2289 2643 ζόμεθα.
2336 2575 2445 2629 Τοῦ
2492 2577 2601 2647 γὰρ
2648 2578 3032 2646 εὐαγγελιστοῦ
3074 2579 3162 2633 διὰ
3212 2581 3312 2650 τῆς
3360 2579 3635 2647 θεολογίας

2064 2665 2400 2734 πανταχόθεν
2434 2666 2776 2737 ὲξορίσαντος
2803 2670 2866 2722 τὸ
2895 2670 2970 2740 μὴ
3002 2670 3061 2724 ὃν
3094 2673 3161 2724 ὲκ
3197 2671 3289 2723 τοῦ
3318 2670 3469 2732 ὄντος
3492 2709 3509 2735 ,
3541 2670 3634 2723 καὶ

2061 2753 2149 2808 διὰ
2186 2755 2286 2824 τῆς
2324 2758 2578 2828 συνεχοῦς
2609 2759 2702 2813 τοῦ
2737 2753 2816 2828 ἦν
2844 2763 3234 2833 ἐπαναλήψεως
3273 2762 3373 2835 τὴν
3414 2763 3509 2817 τοῦ
3559 2763 3633 2833 μὴ

2061 2842 2200 2899 εἶναι
2238 2848 2492 2903 ὑπόνοιαν
2534 2851 2809 2921 ἐπιμελῶς
2838 2854 3238 2925 ὲξαλείψαντος,
3282 2858 3542 2928 μονογενῆ
3576 2856 3635 2910 δὲ

2059 2936 2214 2999 Θεὸν.
2247 2940 2342 2992 καὶ
2360 2940 2530 3008 Λόγον
2551 2941 2704 3005 Θεοῦ,
2735 2944 2829 2996 καὶ
2862 2945 2989 2998 Υὶδν
3022 2945 3180 3009 Θεοῦ,
3215 2946 3310 2999 καὶ
3330 2941 3451 3001 ἶσον
3485 2946 3628 3017 Θεῷ,

2061 3031 2155 3083 καὶ
2188 3032 2366 3086 πάντα
2391 3035 2459 3087 τὰ
2487 3034 2707 3087 τοιαῦτα
2734 3037 3223 3106 κατονομάσαντος.
3254 3037 3459 3105 παγῑαν
3501 3038 3623 3107 έχο-

2063 3137 2163 3190 μεν
2196 3126 2399 3193 ταύτην
2434 3126 2491 3177 ὲν
2534 3127 2746 3190 ἑαυτοῖς
2790 3127 2889 3199 τὴν
2930 3128 3111 3198 κρίσιν
3144 3130 3237 3182 καὶ
3271 3128 3629 3199 ἀμετάθετον,

2056 3213 2138 3265 ὅτι
2162 3215 2209 3265 εἰ
2238 3213 2370 3276 Θεός
2398 3216 2543 3267 ἐστιν
2562 3219 2590 3268 6
2621 3217 2915 3289 μονογενὴς
2938 3217 3089 3284 Θεὸς,
3114 3221 3201 3272 ἀεὶ
3226 3220 3332 3290 χρὴ
3354 3218 3632 3273 πιστεύειν

2057 3298 2218 3352 αὐτὸν
2264 3295 2404 3354 εἶναι
2450 3302 2541 3354 τὸν
2602 3304 2733 3358 Θεὸν
2787 3308 3236 3378 πεπιστευμένον.
3303 3309 3464 3363 Ἀλλὰ
3523 3310 3629 3382 μὴν

2058 3388 2271 3459 ἀληθῶς
2318 3392 2435 3445 ἐστι
2469 3393 2600 3458 Θεὸς
2619 3435 2633 3460 ,
2669 3396 2757 3449 ἀεὶ
2783 3399 2960 3451 πάντα
2986 3399 3122 3464 ἐστὶ,
3163 3400 3257 3453 καὶ
3284 3401 3538 3455 οὐδέποτε
3569 3402 3623 3454 ἐν

2056 3479 2133 3549 τῷ
2160 3481 2234 3551 μὴ
2263 3478 2401 3536 εἶναι
2432 3485 2924 3555 καταλαμϐάνεται.
2957 3490 3087 3555 Θεὸς
3116 3492 3246 3563 γὰρ,
3277 3491 3463 3555 καθὼς
3497 3493 3628 3547 πολ-

2055 3567 2212 3634 λάκις
2243 3572 2562 3644 εἰρήκαμεν,
2600 3577 2649 3629 εἰ
2681 3578 2776 3633 νῦν
2805 3580 2943 3644 ἐστι,
2968 3583 3062 3635 καὶ
3091 3583 3177 3636 ἀεὶ
3207 3586 3425 3649 πάντως
3450 3581 3541 3659 ἦν,
3580 3588 3628 3641 ei

2054 3661 2113 3714 δέ
2139 3681 2271 3716 ποτε
2300 3666 2373 3737 μὴ
2401 3662 2489 3738 ἦν,
2510 3670 2631 3723 οὐδὲ
2652 3670 2745 3725 νῦν
2776 3675 2923 3726 ἐστιν
2952 3674 3106 3738 ὅλως,
3156 3675 3296 3729 Ἀλλ’
3327 3680 3628 3750 ἑπειδὴςὸν

2056 3754 2184 3808 Υἱδν
2209 3753 2344 3812 εἶναι
2390 3760 2483 3814 τὸν
2518 3763 2784 3833 μονογενῆ
2827 3764 2961 3818 Θεὸν
2988 3768 3080 3819 καὶ
3130 3768 3303 3822 εἰσαεὶ
3331 3770 3627 3842 διαμένειν,

2055 3847 2149 3900 καὶ
2190 3849 2341 3919 παρά
2385 3852 2495 3905 τῶν
2530 3853 2739 3924 ἐχθρῶν
2790 3858 2888 3926 τῆς
2938 3856 3195 3928 ἀληθείας
3242 3861 3623 3931 ὁμολογεῖται·

2053 3938 2209 3993 τοῦτό
2265 3958 2463 4012 φαμεν,
2510 3944 2591 3997 ὅτι
2624 3948 2653 3998 6
2690 3948 2748 3999 ὲν
2797 3947 2875 4018 τῷ
2918 3950 3094 4019 Πατρὶ
3152 3950 3261 4015 ὣν,
3303 3953 3366 4005 οὐ
3401 3954 3526 4007 καθ’
3569 3954 3626 4009 ιν

2058 4029 2216 4099 μόνον
2247 4033 2395 4087 ἐστὶν
2425 4035 2485 4088 ὲν
2525 4035 2673 4107 αὐτῷ
2695 4075 2711 4100 ,
2753 4038 2886 4092 ἀλλά
2913 4042 3053 4093 κατὰ
3092 4043 3269 4097 πάντα
3295 4044 3396 4096 ὅσα
3429 4048 3626 4100 νοεῖται

2052 4119 2083 4170 ό
2112 4120 2319 4191 Πατὴρ,
2350 4122 2440 4176 διὰ
2484 4127 2699 4181 πάντων
2740 4128 2889 4181 ἐστὶν
2918 4131 2976 4183 ὲν
3016 4130 3183 4201 αὐτῷ.
3232 4132 3317 4196 Ὡς
3346 4130 3442 4187 οὖν
3469 4136 3527 4188 ὲν
3551 4135 3625 4203 τῷ

2053 4211 2313 4284 ἀφθάρτῳ
2342 4216 2435 4268 τοῦ
2480 4218 2692 4289 Πατρδς
2730 4219 2826 4285 ὢν,
2858 4221 3131 4293 ἄφθαρτός
3166 4226 3312 4287 ἐστι,
3339 4226 3434 4279 καὶ
3471 4228 3528 4279 ὲν
3550 4227 3625 4297 τῷ

2053 4302 2244 4375 ἀγαθῷ
2289 4304 2520 4373 ἀγαθὸς,
2551 4310 2645 4362 καὶ
2688 4311 2744 4364 ὲν
2772 4310 2851 4381 τῷ
2890 4311 3101 4382 δυνατῷ
3141 4312 3397 4377 δυνατὸς,
3430 4319 3526 4371 καὶ
3568 4319 3625 4371 ὲν

2055 4394 2270 4465 ἑκάστῳ
2300 4395 2375 4451 ὢν
2403 4398 2512 4452 τῶν
2541 4399 2677 4471 πρὸς
2709 4402 2769 4455 τδ
2798 4407 3045 4475 κρεῖττον
3074 4406 3131 4457 ὲν
3158 4406 3237 4477 τῷ
3270 4409 3448 4480 Πατρὶ
3475 4426 3624 4462 νοου-

2058 4484 2256 4553 μένων,
2283 4486 2458 4541 ὲκεῖνό
2495 4490 2642 4544 ἐστιν
2662 4507 2676 4521 ο
2703 4492 2875 4556 οὕτως
2907 4494 3000 4547 καὶ
3028 4495 3087 4547 ἐν
3112 4496 3190 4566 τῷ
3228 4498 3384 4568 ἀϊδίῳ
3409 4501 3624 4563 πάντως

2057 4577 2249 4642 ἀΐδιος.
2284 4576 2350 4631 ’Π
2374 4578 2431 4631 δὲ
2456 4579 2549 4632 τοῦ
2587 4582 2800 4654 Πατρὸς
2826 4584 3065 4655 ἀῖδιότης
3090 4586 3147 4639 ἐν
3177 4585 3254 4656 τῷ
3280 4588 3416 4658 μήτε
3441 4589 3508 4643 ἐκ
3530 4590 3621 4643 τοῦ

2056 4669 2133 4738 μὴ
2189 4667 2340 4732 ὄντος
2383 4669 2685 4740 ἄρξασθαι,
2741 4674 2877 4743 μήτε
2931 4676 3013 4738 εἰς
3065 4676 3127 4729 τὸ
3172 4677 3245 4747 μὴ
3286 4677 3346 4730 ὃν
3389 4682 3622 4751 καταλή-

2052 4774 2170 4827 γειν
2218 4760 2559 4833 γνωρίζεται.
2607 4763 2817 4817 Οὐκοῦν
2847 4765 2875 4817 6
2908 4765 3128 4830 πάντως
3158 4766 3228 4819 τὰ
3271 4768 3364 4821 τοῦ
3409 4770 3623 4842 Πατρός

2048 4849 2207 4921 ἔχων,
2257 4853 2353 4905 καὶ
2400 4854 2459 4906 ὲν
2506 4852 2656 4926 πάσῃ
2696 4857 2763 4925 τῇ
2813 4853 2939 4927 δόξῃ
2982 4856 3077 4909 τοῦ
3124 4858 3335 4928 Πατρὺς
3388 4860 3620 4932 θεωρού-

2050 4960 2209 5012 μενος
2239 4984 2255 5008 ,
2311 4942 2499 5014 ὥσπερ
2546 4945 2604 4997 ὲν
2636 4945 2713 5015 τῷ
2760 4946 3099 5018 ἀτελευτήτῳ
3128 4948 3220 5002 τοῦ
3261 4950 3476 5020 Πατρὸς
3522 4952 3616 5013 ὣν,

2048 5032 2195 5101 ζωῆς
2229 5033 2382 5096 τέλος
2412 5035 2511 5087 οὐκ
2539 5034 2654 5105 ἔχει
2678 5054 2691 5066 ·
2740 5036 2882 5090 οὕτω
2921 5039 3015 5091 καὶ
3053 5040 3109 5093 ὲν
3141 5038 3222 5109 τῷ
3266 5041 3489 5112 ἀνάρχῳ
3525 5043 3617 5097 τοῦ

2051 5123 2264 5192 Πατρὸς
2294 5123 2389 5187 ὢν,
2420 5125 2593 5197 ἀρχὴν
2619 5127 2839 5199 ἡμερῶν
2877 5128 2975 5182 οὐκ
3000 5128 3112 5200 ἔχει
3140 5171 3154 5194 ,
3186 5132 3367 5196 καθώς
3394 5151 3559 5203 φησιν
3589 5136 3617 5186 6

2061 5213 2398 5278 Ἀπόστολος,
2428 5216 2562 5269 ἀλλά
2591 5217 2683 5269 καὶ
2712 5218 2777 5271 ἐκ
2802 5219 2895 5272 τοῦ
2927 5221 3138 5291 Πατρός
3166 5222 3301 5285 ἐστι,
3334 5225 3427 5275 καὶ
3452 5225 3513 5276 ἐν
3550 5227 3610 5293 τῇ

2047 5303 2306 5374 ἀῖδιότητι
2326 5305 2420 5358 τοῦ
2457 5306 2668 5377 Πατρὺς
2704 5308 3020 5379 καθορᾶται,
3052 5311 3147 5364 καὶ
3174 5312 3347 5381 τούτῳ
3381 5314 3614 5382 μάλιστα

2046 5392 2124 5462 τῷ
2154 5394 2357 5465 τρόπῳ,
2380 5396 2440 5448 τὸ
2462 5395 2548 5448 διὰ
2576 5397 2792 5451 πάντων
2819 5398 2917 5469 τῆς
2941 5400 3147 5463 εἰκόνος
3176 5402 3607 5473 ἀπαράλλακτον,

2043 5482 2179 5553 πρὸς
2205 5484 2297 5536 τὸν
2327 5478 2388 5539 οῦ
2407 5486 2555 5541 ἐστιν
2572 5486 2755 5554 εἰκὼν,
2788 5487 3092 5559 θεωρεῖται.
3112 5492 3222 5545 Καὶ
3246 5491 3450 5565 ἀληθὴς
3466 5494 3497 5545 6
3518 5490 3607 5546 λό-

3616 5732 3655 5774 /
