  <div class='ocr_page' id='page_1' title='image "/cluster/home/n/w/nwhite01/storage/ocr_20150623/45/mdp.39015011921478/396.png"; bbox 0 0 4046 6150; ppageno 0'>
   <div class='ocr_carea' id='block_1_1' title="bbox 414 199 525 256">
    <p class='ocr_par' dir='ltr' id='par_1_1' title="bbox 414 199 525 256">
     <span class='ocr_line' id='line_1_1' title="bbox 414 199 525 256; baseline -0.009 0"><span class='ocrx_word' id='word_1_1' title='bbox 414 199 525 256; x_wconf 81' lang='grc'><strong>775</strong></span> 
     </span>
    </p>
   </div>
   <div class='ocr_carea' id='block_1_2' title="bbox 1503 194 2550 264">
    <p class='ocr_par' dir='ltr' id='par_1_2' title="bbox 1503 194 2550 264">
     <span class='ocr_line' id='line_1_2' title="bbox 1503 194 2550 264; baseline -0.004 -9"><span class='ocrx_word' id='word_1_2' title='bbox 1503 198 1780 255; x_wconf 76' lang='lat' dir='ltr'><strong>CONTRA</strong></span> <span class='ocrx_word' id='word_1_3' title='bbox 1819 197 2204 264; x_wconf 76' lang='lat' dir='ltr'><strong>EUNOMIUM,</strong></span> <span class='ocrx_word' id='word_1_4' title='bbox 2247 197 2376 253; x_wconf 85' lang='lat' dir='ltr'><strong>LIB.</strong></span> <span class='ocrx_word' id='word_1_5' title='bbox 2423 194 2550 253; x_wconf 75' lang='lat' dir='ltr'><strong>Vill.</strong></span> 
     </span>
    </p>
   </div>
   <div class='ocr_carea' id='block_1_3' title="bbox 3583 200 3685 258">
    <p class='ocr_par' dir='ltr' id='par_1_3' title="bbox 3583 200 3685 258">
     <span class='ocr_line' id='line_1_3' title="bbox 3583 200 3685 258; baseline 0.049 -5"><span class='ocrx_word' id='word_1_6' title='bbox 3583 200 3685 258; x_wconf 64' lang='lat'><strong>77‘</strong></span> 
     </span>
    </p>
   </div>
   <div class='ocr_carea' id='block_1_4' title="bbox 414 305 1990 384">
    <p class='ocr_par' dir='ltr' id='par_1_4' title="bbox 414 306 1990 380">
     <span class='ocr_line' id='line_1_4' title="bbox 414 306 1990 380; baseline 0.001 -17"><span class='ocrx_word' id='word_1_7' title='bbox 414 327 509 380; x_wconf 82' lang='grc' dir='ltr'><strong>γος</strong></span> <span class='ocrx_word' id='word_1_8' title='bbox 540 311 597 362; x_wconf 83' lang='grc' dir='ltr'><strong>έν</strong></span> <span class='ocrx_word' id='word_1_9' title='bbox 627 307 834 373; x_wconf 81' lang='grc' dir='ltr'>τούτοις</span> <span class='ocrx_word' id='word_1_10' title='bbox 866 306 1209 379; x_wconf 83' lang='grc' dir='ltr'>εὑρίσκεται,</span> <span class='ocrx_word' id='word_1_11' title='bbox 1246 310 1273 361; x_wconf 86' lang='lat'><strong>6</strong></span> <span class='ocrx_word' id='word_1_12' title='bbox 1298 308 1489 374; x_wconf 82' lang='grc' dir='ltr'>εἰπὼν,</span> <span class='ocrx_word' id='word_1_13' title='bbox 1522 311 1600 365; x_wconf 79' lang='grc' dir='ltr'>ὅτι</span> <span class='ocrx_word' id='word_1_14' title='bbox 1633 313 1662 364; x_wconf 86' lang='lat'><strong>6</strong></span> <span class='ocrx_word' id='word_1_15' title='bbox 1700 307 1990 380; x_wconf 77' lang='grc' dir='ltr'>Ἐωρακὼς</span> 
     </span>
    </p>
   </div>
   <div class='ocr_carea' id='block_1_5' title="bbox 2092 305 3684 384">
    <p class='ocr_par' dir='ltr' id='par_1_5' title="bbox 2101 305 3684 384">
     <span class='ocr_line' id='line_1_5' title="bbox 2101 305 3684 384; baseline 0.006 -21"><span class='ocrx_word' id='word_1_16' title='bbox 2101 317 2187 365; x_wconf 86' lang='lat' dir='ltr'><strong>tre</strong></span> <span class='ocrx_word' id='word_1_17' title='bbox 2218 317 2323 378; x_wconf 88' lang='lat' dir='ltr'><strong>est,</strong></span> <span class='ocrx_word' id='word_1_18' title='bbox 2368 315 2423 364; x_wconf 88' lang='lat' dir='ltr'><strong>et</strong></span> <span class='ocrx_word' id='word_1_19' title='bbox 2456 308 2513 364; x_wconf 92' lang='lat' dir='ltr'><strong>in</strong></span> <span class='ocrx_word' id='word_1_20' title='bbox 2562 305 2742 363; x_wconf 79' lang='lat' dir='ltr'><strong>Patris</strong></span> <span class='ocrx_word' id='word_1_21' title='bbox 2771 307 3074 365; x_wconf 58' lang='lat' dir='ltr'><strong>aeternitate</strong></span> <span class='ocrx_word' id='word_1_22' title='bbox 3105 311 3459 384; x_wconf 87' lang='lat' dir='ltr'><strong>conspicitur,</strong></span> <span class='ocrx_word' id='word_1_23' title='bbox 3492 322 3546 370; x_wconf 92' lang='lat' dir='ltr'><strong>et</strong></span> <span class='ocrx_word' id='word_1_24' title='bbox 3579 315 3684 372; x_wconf 87' lang='lat' dir='ltr'><strong>hoc</strong></span> 
     </span>
    </p>
   </div>
   <div class='ocr_carea' id='block_1_6' title="bbox 413 400 1996 474">
    <p class='ocr_par' dir='ltr' id='par_1_6' title="bbox 413 400 1996 474">
     <span class='ocr_line' id='line_1_6' title="bbox 413 400 1996 474; baseline 0.001 -19"><span class='ocrx_word' id='word_1_25' title='bbox 413 403 517 472; x_wconf 80' lang='grc' dir='ltr'><strong>ἐμὲ</strong></span> <span class='ocrx_word' id='word_1_26' title='bbox 530 400 753 470; x_wconf 66' lang='grc' dir='ltr'>έάψακε</span> <span class='ocrx_word' id='word_1_27' title='bbox 766 401 874 454; x_wconf 73' lang='grc' dir='ltr'><strong>τὸν</strong></span> <span class='ocrx_word' id='word_1_28' title='bbox 891 400 1138 468; x_wconf 85' lang='grc' dir='ltr'><strong>Πατέρα.</strong></span> <span class='ocrx_word' id='word_1_29' title='bbox 1171 401 1327 457; x_wconf 80' lang='grc' dir='ltr'>Ἀλλὰ</span> <span class='ocrx_word' id='word_1_30' title='bbox 1354 403 1526 456; x_wconf 75' lang='grc' dir='ltr'>καὶτὸ</span> <span class='ocrx_word' id='word_1_31' title='bbox 1546 402 1696 474; x_wconf 88' lang='grc' dir='ltr'><strong>παρά</strong></span> <span class='ocrx_word' id='word_1_32' title='bbox 1724 402 1817 457; x_wconf 82' lang='grc' dir='ltr'>τοῦ</span> <span class='ocrx_word' id='word_1_33' title='bbox 1834 404 1996 456; x_wconf 82' lang='grc' dir='ltr'>Ἀπο-</span> 
     </span>
    </p>
   </div>
   <div class='ocr_carea' id='block_1_7' title="bbox 414 491 1997 565">
    <p class='ocr_par' dir='ltr' id='par_1_7' title="bbox 414 491 1997 565">
     <span class='ocr_line' id='line_1_7' title="bbox 414 491 1997 565; baseline -0.001 -17"><span class='ocrx_word' id='word_1_34' title='bbox 414 495 601 548; x_wconf 88' lang='grc' dir='ltr'>στόλου</span> <span class='ocrx_word' id='word_1_35' title='bbox 624 494 916 564; x_wconf 79' lang='grc' dir='ltr'><strong>εἰρημένον</strong></span> <span class='ocrx_word' id='word_1_36' title='bbox 972 491 1144 556; x_wconf 77' lang='grc' dir='ltr'>οὓτως</span> <span class='ocrx_word' id='word_1_37' title='bbox 1178 493 1245 546; x_wconf 81' lang='grc' dir='ltr'><strong>ἂν</strong></span> <span class='ocrx_word' id='word_1_38' title='bbox 1280 492 1515 563; x_wconf 87' lang='grc' dir='ltr'>μάλιστα</span> <span class='ocrx_word' id='word_1_39' title='bbox 1543 493 1756 565; x_wconf 81' lang='grc' dir='ltr'><strong>νοηθείη</strong></span> <span class='ocrx_word' id='word_1_40' title='bbox 1775 536 1789 559; x_wconf 89' lang='grc'><strong>,</strong></span> <span class='ocrx_word' id='word_1_41' title='bbox 1817 492 1997 558; x_wconf 84' lang='grc' dir='ltr'>καλῶς</span> 
     </span>
    </p>
   </div>
   <div class='ocr_carea' id='block_1_8' title="bbox 414 580 2000 657">
    <p class='ocr_par' dir='ltr' id='par_1_8' title="bbox 414 580 2000 657">
     <span class='ocr_line' id='line_1_8' title="bbox 414 580 2000 657; baseline -0.001 -18"><span class='ocrx_word' id='word_1_42' title='bbox 414 588 505 639; x_wconf 76' lang='grc' dir='ltr'><strong>καὶ</strong></span> <span class='ocrx_word' id='word_1_43' title='bbox 534 585 829 656; x_wconf 82' lang='grc' dir='ltr'><strong>προσφυῶς</strong></span> <span class='ocrx_word' id='word_1_44' title='bbox 852 584 973 654; x_wconf 80' lang='grc' dir='ltr'>ἔχον</span> <span class='ocrx_word' id='word_1_45' title='bbox 986 624 1002 650; x_wconf 93' lang='grc'><strong>,</strong></span> <span class='ocrx_word' id='word_1_46' title='bbox 1033 583 1095 636; x_wconf 87' lang='grc' dir='ltr'><strong>τὸ</strong></span> <span class='ocrx_word' id='word_1_47' title='bbox 1113 583 1451 654; x_wconf 82' lang='grc' dir='ltr'><strong>ἀπαύγασμα</strong></span> <span class='ocrx_word' id='word_1_48' title='bbox 1469 580 1607 638; x_wconf 71' lang='grc' dir='ltr'>εἶναι</span> <span class='ocrx_word' id='word_1_49' title='bbox 1626 585 1722 655; x_wconf 79' lang='grc' dir='ltr'><strong>τῆς</strong></span> <span class='ocrx_word' id='word_1_50' title='bbox 1738 585 1891 657; x_wconf 82' lang='grc' dir='ltr'>δόξης</span> <span class='ocrx_word' id='word_1_51' title='bbox 1906 585 2000 640; x_wconf 74' lang='grc' dir='ltr'><strong>καὶ</strong></span> 
     </span>
    </p>
   </div>
   <div class='ocr_carea' id='block_1_9' title="bbox 425 675 2001 749">
    <p class='ocr_par' dir='ltr' id='par_1_9' title="bbox 425 675 2001 749">
     <span class='ocr_line' id='line_1_9' title="bbox 425 675 2001 749; baseline 0.001 -21"><span class='ocrx_word' id='word_1_52' title='bbox 425 677 751 749; x_wconf 71' lang='grc' dir='ltr'><strong>χαρακτῆρα</strong></span> <span class='ocrx_word' id='word_1_53' title='bbox 778 675 879 746; x_wconf 83' lang='grc' dir='ltr'>τῆς</span> <span class='ocrx_word' id='word_1_54' title='bbox 912 675 1265 740; x_wconf 84' lang='grc' dir='ltr'><strong>ὑποστάσεως</strong></span> <span class='ocrx_word' id='word_1_55' title='bbox 1294 677 1385 729; x_wconf 77' lang='grc' dir='ltr'>τὸν</span> <span class='ocrx_word' id='word_1_56' title='bbox 1416 676 1560 731; x_wconf 76' lang='grc' dir='ltr'>Υἱόν.</span> <span class='ocrx_word' id='word_1_57' title='bbox 1589 678 1714 740; x_wconf 85' lang='grc' dir='ltr'>Τοῖς</span> <span class='ocrx_word' id='word_1_58' title='bbox 1743 676 1851 748; x_wconf 86' lang='grc' dir='ltr'>γὰρ</span> <span class='ocrx_word' id='word_1_59' title='bbox 1876 678 2001 730; x_wconf 90' lang='grc' dir='ltr'>ἀδυ-</span> 
     </span>
    </p>
   </div>
   <div class='ocr_carea' id='block_1_10' title="bbox 417 765 1999 839">
    <p class='ocr_par' dir='ltr' id='par_1_10' title="bbox 417 765 1999 839">
     <span class='ocr_line' id='line_1_10' title="bbox 417 765 1999 839; baseline 0.001 -18"><span class='ocrx_word' id='word_1_60' title='bbox 417 768 666 822; x_wconf 80' lang='grc' dir='ltr'>νατοῦσιν</span> <span class='ocrx_word' id='word_1_61' title='bbox 706 768 801 820; x_wconf 75' lang='grc' dir='ltr'>ἐπὶ</span> <span class='ocrx_word' id='word_1_62' title='bbox 832 767 892 821; x_wconf 90' lang='grc' dir='ltr'>τὺ</span> <span class='ocrx_word' id='word_1_63' title='bbox 926 765 1059 837; x_wconf 70' lang='grc' dir='ltr'>ὕψος</span> <span class='ocrx_word' id='word_1_64' title='bbox 1100 768 1198 839; x_wconf 80' lang='grc' dir='ltr'>τῆς</span> <span class='ocrx_word' id='word_1_65' title='bbox 1243 766 1576 839; x_wconf 81' lang='grc' dir='ltr'>θεογνωσίας</span> <span class='ocrx_word' id='word_1_66' title='bbox 1615 768 1708 821; x_wconf 85' lang='grc' dir='ltr'><strong>τὸν</strong></span> <span class='ocrx_word' id='word_1_67' title='bbox 1740 768 1999 839; x_wconf 79' lang='grc' dir='ltr'>λογισμὺν</span> 
     </span>
    </p>
   </div>
   <div class='ocr_carea' id='block_1_11' title="bbox 414 857 1998 930">
    <p class='ocr_par' dir='ltr' id='par_1_11' title="bbox 414 857 1998 930">
     <span class='ocr_line' id='line_1_11' title="bbox 414 857 1998 930; baseline -0.001 -16"><span class='ocrx_word' id='word_1_68' title='bbox 414 862 639 928; x_wconf 81' lang='grc' dir='ltr'><strong>ἀγαγεῖν</strong></span> <span class='ocrx_word' id='word_1_69' title='bbox 663 860 752 913; x_wconf 78' lang='grc' dir='ltr'>διὰ</span> <span class='ocrx_word' id='word_1_70' title='bbox 771 860 873 927; x_wconf 84' lang='grc' dir='ltr'><strong>τῆς</strong></span> <span class='ocrx_word' id='word_1_71' title='bbox 897 860 1006 912; x_wconf 83' lang='grc' dir='ltr'>τῶν</span> <span class='ocrx_word' id='word_1_72' title='bbox 1033 857 1238 929; x_wconf 80' lang='grc' dir='ltr'>νοητῶν</span> <span class='ocrx_word' id='word_1_73' title='bbox 1260 858 1491 930; x_wconf 82' lang='grc' dir='ltr'>θεωρίας</span> <span class='ocrx_word' id='word_1_74' title='bbox 1513 876 1525 888; x_wconf 91' lang='grc'>·</span> <span class='ocrx_word' id='word_1_75' title='bbox 1550 859 1760 923; x_wconf 81' lang='grc' dir='ltr'>τούτοις</span> <span class='ocrx_word' id='word_1_76' title='bbox 1798 860 1863 912; x_wconf 82' lang='grc' dir='ltr'>ὲκ</span> <span class='ocrx_word' id='word_1_77' title='bbox 1890 858 1998 912; x_wconf 85' lang='grc' dir='ltr'><strong>τῶν</strong></span> 
     </span>
    </p>
   </div>
   <div class='ocr_carea' id='block_1_12' title="bbox 412 951 1999 1022">
    <p class='ocr_par' dir='ltr' id='par_1_12' title="bbox 412 951 1999 1022">
     <span class='ocr_line' id='line_1_12' title="bbox 412 951 1999 1022; baseline 0.001 -18"><span class='ocrx_word' id='word_1_78' title='bbox 412 956 479 1022; x_wconf 86' lang='grc' dir='ltr'>τῇ</span> <span class='ocrx_word' id='word_1_79' title='bbox 509 952 759 1020; x_wconf 76' lang='grc' dir='ltr'><strong>αἰσθήσει</strong></span> <span class='ocrx_word' id='word_1_80' title='bbox 788 951 1235 1021; x_wconf 66' lang='grc' dir='ltr'>προφαινομένων</span> <span class='ocrx_word' id='word_1_81' title='bbox 1254 952 1477 1021; x_wconf 75' lang='grc' dir='ltr'><strong>ἐμποιεῖ</strong></span> <span class='ocrx_word' id='word_1_82' title='bbox 1501 969 1622 1006; x_wconf 86' lang='grc' dir='ltr'>τινα</span> <span class='ocrx_word' id='word_1_83' title='bbox 1642 954 1752 1015; x_wconf 86' lang='grc' dir='ltr'>τοῖς</span> <span class='ocrx_word' id='word_1_84' title='bbox 1770 952 1999 1006; x_wconf 90' lang='grc' dir='ltr'>ἀκούου-</span> 
     </span>
    </p>
   </div>
   <div class='ocr_carea' id='block_1_13' title="bbox 416 1042 1998 1115">
    <p class='ocr_par' dir='ltr' id='par_1_13' title="bbox 416 1042 1998 1115">
     <span class='ocr_line' id='line_1_13' title="bbox 416 1042 1998 1115; baseline -0.001 -17"><span class='ocrx_word' id='word_1_85' title='bbox 416 1062 497 1098; x_wconf 86' lang='grc' dir='ltr'>σιν</span> <span class='ocrx_word' id='word_1_86' title='bbox 527 1046 554 1096; x_wconf 89' lang='grc' dir='ltr'>ὁ</span> <span class='ocrx_word' id='word_1_87' title='bbox 593 1044 914 1107; x_wconf 82' lang='grc' dir='ltr'>Ἀπόστολος</span> <span class='ocrx_word' id='word_1_88' title='bbox 933 1046 1027 1097; x_wconf 81' lang='grc' dir='ltr'>τοῦ</span> <span class='ocrx_word' id='word_1_89' title='bbox 1055 1043 1289 1113; x_wconf 74' lang='grc' dir='ltr'>ἀληθοῦς</span> <span class='ocrx_word' id='word_1_90' title='bbox 1321 1042 1646 1111; x_wconf 80' lang='grc' dir='ltr'>φαντασίαν.</span> <span class='ocrx_word' id='word_1_91' title='bbox 1682 1042 1769 1109; x_wconf 85' lang='grc' dir='ltr'>Ὠς</span> <span class='ocrx_word' id='word_1_92' title='bbox 1800 1044 1908 1115; x_wconf 84' lang='grc' dir='ltr'>γὰρ</span> <span class='ocrx_word' id='word_1_93' title='bbox 1936 1043 1998 1097; x_wconf 85' lang='grc' dir='ltr'><strong>τὸ</strong></span> 
     </span>
    </p>
   </div>
   <div class='ocr_carea' id='block_1_14' title="bbox 413 1134 1997 1209">
    <p class='ocr_par' dir='ltr' id='par_1_14' title="bbox 413 1134 1997 1209">
     <span class='ocr_line' id='line_1_14' title="bbox 413 1134 1997 1209; baseline 0.003 -24"><span class='ocrx_word' id='word_1_94' title='bbox 413 1136 635 1205; x_wconf 76' lang='grc' dir='ltr'>ἡλιακὸν</span> <span class='ocrx_word' id='word_1_95' title='bbox 673 1136 831 1205; x_wconf 84' lang='grc' dir='ltr'>σῶμα</span> <span class='ocrx_word' id='word_1_96' title='bbox 861 1136 970 1206; x_wconf 84' lang='grc' dir='ltr'><strong>ὅλῳ</strong></span> <span class='ocrx_word' id='word_1_97' title='bbox 992 1135 1071 1205; x_wconf 82' lang='grc' dir='ltr'>τῷ</span> <span class='ocrx_word' id='word_1_98' title='bbox 1097 1135 1407 1206; x_wconf 80' lang='grc' dir='ltr'>περιέχοντι</span> <span class='ocrx_word' id='word_1_99' title='bbox 1440 1134 1624 1206; x_wconf 80' lang='grc' dir='ltr'><strong>κύκλῳ</strong></span> <span class='ocrx_word' id='word_1_100' title='bbox 1651 1136 1997 1209; x_wconf 71' lang='grc' dir='ltr'>χαρακτηρία</span> 
     </span>
    </p>
   </div>
   <div class='ocr_carea' id='block_1_15' title="bbox 415 1224 1995 1297">
    <p class='ocr_par' dir='ltr' id='par_1_15' title="bbox 415 1224 1995 1297">
     <span class='ocr_line' id='line_1_15' title="bbox 415 1224 1995 1297; baseline 0.001 -18"><span class='ocrx_word' id='word_1_101' title='bbox 415 1228 589 1291; x_wconf 77' lang='grc' dir='ltr'>ζεται,</span> <span class='ocrx_word' id='word_1_102' title='bbox 613 1227 705 1280; x_wconf 77' lang='grc' dir='ltr'><strong>καὶ</strong></span> <span class='ocrx_word' id='word_1_103' title='bbox 737 1229 765 1279; x_wconf 84' lang='grc' dir='ltr'>ὁ</span> <span class='ocrx_word' id='word_1_104' title='bbox 785 1226 874 1280; x_wconf 80' lang='grc' dir='ltr'><strong>τὸν</strong></span> <span class='ocrx_word' id='word_1_105' title='bbox 902 1226 1102 1279; x_wconf 78' lang='grc' dir='ltr'>κύκλον</span> <span class='ocrx_word' id='word_1_106' title='bbox 1126 1225 1271 1290; x_wconf 82' lang='grc' dir='ltr'>ἰδὼν,</span> <span class='ocrx_word' id='word_1_107' title='bbox 1297 1225 1419 1279; x_wconf 85' lang='grc' dir='ltr'>ὅλου</span> <span class='ocrx_word' id='word_1_108' title='bbox 1445 1224 1540 1279; x_wconf 81' lang='grc' dir='ltr'>τοῦ</span> <span class='ocrx_word' id='word_1_109' title='bbox 1570 1227 1712 1280; x_wconf 78' lang='grc' dir='ltr'>κατὰ</span> <span class='ocrx_word' id='word_1_110' title='bbox 1738 1226 1798 1279; x_wconf 84' lang='grc' dir='ltr'><strong>τὸ</strong></span> <span class='ocrx_word' id='word_1_111' title='bbox 1830 1226 1995 1297; x_wconf 80' lang='grc' dir='ltr'>βάθος</span> 
     </span>
    </p>
   </div>
   <div class='ocr_carea' id='block_1_16' title="bbox 416 1316 1997 1388">
    <p class='ocr_par' dir='ltr' id='par_1_16' title="bbox 416 1316 1997 1388">
     <span class='ocr_line' id='line_1_16' title="bbox 416 1316 1997 1388; baseline 0.003 -20"><span class='ocrx_word' id='word_1_112' title='bbox 416 1318 780 1386; x_wconf 82' lang='grc' dir='ltr'>ὑποκειμένου</span> <span class='ocrx_word' id='word_1_113' title='bbox 809 1318 905 1388; x_wconf 72' lang='grc' dir='ltr'>τὴν</span> <span class='ocrx_word' id='word_1_114' title='bbox 946 1318 1246 1371; x_wconf 82' lang='grc' dir='ltr'>ὑπόστασιν</span> <span class='ocrx_word' id='word_1_115' title='bbox 1285 1316 1375 1370; x_wconf 81' lang='grc' dir='ltr'>διὰ</span> <span class='ocrx_word' id='word_1_116' title='bbox 1398 1318 1493 1371; x_wconf 81' lang='grc' dir='ltr'>τοῦ</span> <span class='ocrx_word' id='word_1_117' title='bbox 1525 1319 1851 1388; x_wconf 80' lang='grc' dir='ltr'>φαινομένου</span> <span class='ocrx_word' id='word_1_118' title='bbox 1911 1321 1997 1372; x_wconf 84' lang='grc' dir='ltr'>ἀν-</span> 
     </span>
    </p>
   </div>
   <div class='ocr_carea' id='block_1_17' title="bbox 415 1407 1998 1481">
    <p class='ocr_par' dir='ltr' id='par_1_17' title="bbox 415 1407 1998 1481">
     <span class='ocr_line' id='line_1_17' title="bbox 415 1407 1998 1481; baseline 0.002 -19"><span class='ocrx_word' id='word_1_119' title='bbox 415 1410 696 1477; x_wconf 79' lang='grc' dir='ltr'>ελογίσατο</span> <span class='ocrx_word' id='word_1_120' title='bbox 714 1426 726 1438; x_wconf 74' lang='grc'><strong>⁸</strong></span> <span class='ocrx_word' id='word_1_121' title='bbox 756 1410 926 1473; x_wconf 79' lang='grc' dir='ltr'>οὕτως</span> <span class='ocrx_word' id='word_1_122' title='bbox 943 1407 1095 1463; x_wconf 82' lang='grc' dir='ltr'>εἶπεν</span> <span class='ocrx_word' id='word_1_123' title='bbox 1117 1411 1174 1463; x_wconf 86' lang='grc' dir='ltr'>ὲν</span> <span class='ocrx_word' id='word_1_124' title='bbox 1190 1409 1268 1480; x_wconf 82' lang='grc' dir='ltr'>τῷ</span> <span class='ocrx_word' id='word_1_125' title='bbox 1288 1410 1507 1481; x_wconf 79' lang='grc' dir='ltr'>μεγέθει</span> <span class='ocrx_word' id='word_1_126' title='bbox 1532 1411 1629 1481; x_wconf 85' lang='grc' dir='ltr'><strong>τῆς</strong></span> <span class='ocrx_word' id='word_1_127' title='bbox 1655 1410 1746 1465; x_wconf 80' lang='grc' dir='ltr'>τοῦ</span> <span class='ocrx_word' id='word_1_128' title='bbox 1764 1410 1894 1465; x_wconf 87' lang='grc' dir='ltr'>Υἱοῦ</span> <span class='ocrx_word' id='word_1_129' title='bbox 1913 1412 1998 1467; x_wconf 87' lang='grc' dir='ltr'>δυ-</span> 
     </span>
    </p>
   </div>
   <div class='ocr_carea' id='block_1_18' title="bbox 414 1499 1995 1574">
    <p class='ocr_par' dir='ltr' id='par_1_18' title="bbox 414 1499 1995 1574">
     <span class='ocr_line' id='line_1_18' title="bbox 414 1499 1995 1574; baseline 0.004 -23"><span class='ocrx_word' id='word_1_130' title='bbox 414 1500 629 1569; x_wconf 71' lang='grc' dir='ltr'>νάμεως</span> <span class='ocrx_word' id='word_1_131' title='bbox 650 1500 710 1552; x_wconf 83' lang='grc' dir='ltr'><strong>τὸ</strong></span> <span class='ocrx_word' id='word_1_132' title='bbox 730 1499 822 1553; x_wconf 76' lang='grc' dir='ltr'>τοῦ</span> <span class='ocrx_word' id='word_1_133' title='bbox 841 1502 1053 1571; x_wconf 82' lang='grc' dir='ltr'>Πατρὸς</span> <span class='ocrx_word' id='word_1_134' title='bbox 1069 1500 1355 1571; x_wconf 84' lang='grc' dir='ltr'>μεγαλεῖον</span> <span class='ocrx_word' id='word_1_135' title='bbox 1374 1503 1892 1574; x_wconf 78' lang='grc' dir='ltr'>χαρακτηρίζεσθαι,</span> <span class='ocrx_word' id='word_1_136' title='bbox 1908 1505 1995 1558; x_wconf 76' lang='grc' dir='ltr'><strong>ἵνα</strong></span> 
     </span>
    </p>
   </div>
   <div class='ocr_carea' id='block_1_19' title="bbox 409 1588 1994 1664">
    <p class='ocr_par' dir='ltr' id='par_1_19' title="bbox 409 1588 1994 1664">
     <span class='ocr_line' id='line_1_19' title="bbox 409 1588 1994 1664; baseline 0.003 -19"><span class='ocrx_word' id='word_1_137' title='bbox 409 1594 534 1646; x_wconf 79' lang='grc' dir='ltr'>ὅσον</span> <span class='ocrx_word' id='word_1_138' title='bbox 572 1594 729 1647; x_wconf 78' lang='grc' dir='ltr'>τοῦτο</span> <span class='ocrx_word' id='word_1_139' title='bbox 760 1594 1096 1664; x_wconf 84' lang='grc' dir='ltr'>γινώσκηται</span> <span class='ocrx_word' id='word_1_140' title='bbox 1119 1633 1134 1656; x_wconf 88' lang='lat'><strong>,</strong></span> <span class='ocrx_word' id='word_1_141' title='bbox 1176 1595 1429 1649; x_wconf 80' lang='grc' dir='ltr'>τοσοῦτον</span> <span class='ocrx_word' id='word_1_142' title='bbox 1458 1588 1597 1649; x_wconf 76' lang='grc' dir='ltr'>εἶναι</span> <span class='ocrx_word' id='word_1_143' title='bbox 1652 1596 1878 1650; x_wconf 80' lang='grc' dir='ltr'>κάκεῖνο</span> <span class='ocrx_word' id='word_1_144' title='bbox 1904 1614 1994 1650; x_wconf 87' lang='grc' dir='ltr'>πι-</span> 
     </span>
    </p>
   </div>
   <div class='ocr_carea' id='block_1_20' title="bbox 2103 399 3684 475">
    <p class='ocr_par' dir='ltr' id='par_1_20' title="bbox 2103 399 3684 475">
     <span class='ocr_line' id='line_1_20' title="bbox 2103 399 3684 475; baseline 0.005 -20"><span class='ocrx_word' id='word_1_145' title='bbox 2103 401 2344 457; x_wconf 80' lang='lat' dir='ltr'><strong>maxime</strong></span> <span class='ocrx_word' id='word_1_146' title='bbox 2392 400 2556 457; x_wconf 88' lang='lat' dir='ltr'><strong>modo</strong></span> <span class='ocrx_word' id='word_1_147' title='bbox 2585 399 2732 472; x_wconf 88' lang='lat' dir='ltr'><strong>quod</strong></span> <span class='ocrx_word' id='word_1_148' title='bbox 2765 418 2862 475; x_wconf 87' lang='lat' dir='ltr'><strong>per</strong></span> <span class='ocrx_word' id='word_1_149' title='bbox 2884 402 3254 458; x_wconf 89' lang='lat' dir='ltr'><strong>omnimodam</strong></span> <span class='ocrx_word' id='word_1_150' title='bbox 3294 412 3347 459; x_wconf 88' lang='lat' dir='ltr'><strong>et</strong></span> <span class='ocrx_word' id='word_1_151' title='bbox 3382 406 3684 462; x_wconf 86' lang='lat' dir='ltr'><strong>invariabi-</strong></span> 
     </span>
    </p>
   </div>
   <div class='ocr_carea' id='block_1_21' title="bbox 2102 488 3684 565">
    <p class='ocr_par' dir='ltr' id='par_1_21' title="bbox 2102 488 3684 565">
     <span class='ocr_line' id='line_1_21' title="bbox 2102 488 3684 565; baseline 0.008 -24"><span class='ocrx_word' id='word_1_152' title='bbox 2102 488 2205 543; x_wconf 86' lang='lat' dir='ltr'><strong>lem</strong></span> <span class='ocrx_word' id='word_1_153' title='bbox 2252 488 2507 560; x_wconf 81' lang='lat' dir='ltr'><strong>imaginis</strong></span> <span class='ocrx_word' id='word_1_154' title='bbox 2551 490 2989 558; x_wconf 76' lang='lat' dir='ltr'><strong>similitudinem,</strong></span> <span class='ocrx_word' id='word_1_155' title='bbox 3037 508 3201 565; x_wconf 89' lang='lat' dir='ltr'><strong>quam</strong></span> <span class='ocrx_word' id='word_1_156' title='bbox 3254 494 3575 551; x_wconf 86' lang='lat' dir='ltr'><strong>habetcum</strong></span> <span class='ocrx_word' id='word_1_157' title='bbox 3615 513 3684 553; x_wconf 84' lang='lat' dir='ltr'><strong>eo</strong></span> 
     </span>
    </p>
   </div>
   <div class='ocr_carea' id='block_1_22' title="bbox 2101 578 3685 650">
    <p class='ocr_par' dir='ltr' id='par_1_22' title="bbox 2101 578 3685 650">
     <span class='ocr_line' id='line_1_22' title="bbox 2101 578 3685 650; baseline 0.004 -17"><span class='ocrx_word' id='word_1_158' title='bbox 2101 578 2262 649; x_wconf 84' lang='lat' dir='ltr'><strong>cujus</strong></span> <span class='ocrx_word' id='word_1_159' title='bbox 2299 586 2385 634; x_wconf 90' lang='lat' dir='ltr'><strong>est</strong></span> <span class='ocrx_word' id='word_1_160' title='bbox 2424 579 2625 650; x_wconf 81' lang='lat' dir='ltr'><strong>imago,</strong></span> <span class='ocrx_word' id='word_1_161' title='bbox 2659 589 2962 650; x_wconf 89' lang='lat' dir='ltr'><strong>spectatur.</strong></span> <span class='ocrx_word' id='word_1_162' title='bbox 2994 581 3060 635; x_wconf 87' lang='lat' dir='ltr'><strong>Et</strong></span> <span class='ocrx_word' id='word_1_163' title='bbox 3089 598 3253 638; x_wconf 86' lang='lat' dir='ltr'><strong>verus</strong></span> <span class='ocrx_word' id='word_1_164' title='bbox 3283 583 3339 637; x_wconf 93' lang='lat' dir='ltr'><strong>in</strong></span> <span class='ocrx_word' id='word_1_165' title='bbox 3387 584 3474 639; x_wconf 92' lang='lat' dir='ltr'><strong>his</strong></span> <span class='ocrx_word' id='word_1_166' title='bbox 3501 600 3685 640; x_wconf 92' lang='lat' dir='ltr'><strong>sermo</strong></span> 
     </span>
    </p>
   </div>
   <div class='ocr_carea' id='block_1_23' title="bbox 2107 672 3683 743">
    <p class='ocr_par' dir='ltr' id='par_1_23' title="bbox 2107 672 3683 743">
     <span class='ocr_line' id='line_1_23' title="bbox 2107 672 3683 743; baseline 0.004 -16"><span class='ocrx_word' id='word_1_167' title='bbox 2107 672 2407 739; x_wconf 83' lang='lat' dir='ltr'><strong>invenitur,</strong></span> <span class='ocrx_word' id='word_1_168' title='bbox 2468 674 2561 743; x_wconf 90' lang='lat' dir='ltr'><strong>qui</strong></span> <span class='ocrx_word' id='word_1_169' title='bbox 2615 673 2751 727; x_wconf 77' lang='lat' dir='ltr'><strong>dixit</strong></span> <span class='ocrx_word' id='word_1_170' title='bbox 2784 692 2798 728; x_wconf 87' lang='lat'><strong>:</strong></span> <span class='ocrx_word' id='word_1_171' title='bbox 2827 672 2933 740; x_wconf 83' lang='lat' dir='ltr'><strong>Qui</strong></span> <span class='ocrx_word' id='word_1_172' title='bbox 2975 673 3105 728; x_wconf 80' lang='lat' dir='ltr'><strong>vidit</strong></span> <span class='ocrx_word' id='word_1_173' title='bbox 3162 694 3264 740; x_wconf 83' lang='lat' dir='ltr'><strong>me,</strong></span> <span class='ocrx_word' id='word_1_174' title='bbox 3293 677 3422 731; x_wconf 79' lang='lat' dir='ltr'><strong>uidit</strong></span> <span class='ocrx_word' id='word_1_175' title='bbox 3469 688 3516 731; x_wconf 82' lang='lat' dir='ltr'><strong>et</strong></span> <span class='ocrx_word' id='word_1_176' title='bbox 3570 676 3683 733; x_wconf 83' lang='lat' dir='ltr'><strong>Pa-</strong></span> 
     </span>
    </p>
   </div>
   <div class='ocr_carea' id='block_1_24' title="bbox 2103 761 3681 838">
    <p class='ocr_par' dir='ltr' id='par_1_24' title="bbox 2103 761 3681 838">
     <span class='ocr_line' id='line_1_24' title="bbox 2103 761 3681 838; baseline 0.004 -21"><span class='ocrx_word' id='word_1_177' title='bbox 2103 772 2238 818; x_wconf 83' lang='lat' dir='ltr'><strong>trem</strong></span> <span class='ocrx_word' id='word_1_178' title='bbox 2266 763 2330 819; x_wconf 83' lang='lat'><strong>&#39;°.</strong></span> <span class='ocrx_word' id='word_1_179' title='bbox 2367 761 2474 819; x_wconf 85' lang='lat' dir='ltr'><strong>Sed</strong></span> <span class='ocrx_word' id='word_1_180' title='bbox 2519 772 2574 819; x_wconf 88' lang='lat' dir='ltr'><strong>et</strong></span> <span class='ocrx_word' id='word_1_181' title='bbox 2607 763 2709 818; x_wconf 89' lang='lat' dir='ltr'><strong>hoc</strong></span> <span class='ocrx_word' id='word_1_182' title='bbox 2744 764 2888 834; x_wconf 90' lang='lat' dir='ltr'><strong>quod</strong></span> <span class='ocrx_word' id='word_1_183' title='bbox 2933 764 3139 819; x_wconf 89' lang='lat' dir='ltr'><strong>dictum</strong></span> <span class='ocrx_word' id='word_1_184' title='bbox 3170 776 3255 823; x_wconf 91' lang='lat' dir='ltr'><strong>est</strong></span> <span class='ocrx_word' id='word_1_185' title='bbox 3298 767 3367 822; x_wconf 88' lang='lat' dir='ltr'><strong>ab</strong></span> <span class='ocrx_word' id='word_1_186' title='bbox 3396 767 3681 838; x_wconf 82' lang='lat' dir='ltr'><strong>Apostolo,</strong></span> 
     </span>
    </p>
   </div>
   <div class='ocr_carea' id='block_1_25' title="bbox 2100 854 3678 928">
    <p class='ocr_par' dir='ltr' id='par_1_25' title="bbox 2100 854 3678 928">
     <span class='ocr_line' id='line_1_25' title="bbox 2100 854 3678 928; baseline 0.002 -16"><span class='ocrx_word' id='word_1_187' title='bbox 2100 857 2181 912; x_wconf 88' lang='lat' dir='ltr'><strong>sic</strong></span> <span class='ocrx_word' id='word_1_188' title='bbox 2205 854 2436 927; x_wconf 79' lang='lat' dir='ltr'><strong>intelligi</strong></span> <span class='ocrx_word' id='word_1_189' title='bbox 2471 863 2673 926; x_wconf 84' lang='lat' dir='ltr'><strong>potest,</strong></span> <span class='ocrx_word' id='word_1_190' title='bbox 2703 856 2965 925; x_wconf 60' lang='lat' dir='ltr'><strong>praeclare</strong></span> <span class='ocrx_word' id='word_1_191' title='bbox 3000 865 3053 911; x_wconf 92' lang='lat' dir='ltr'><strong>et</strong></span> <span class='ocrx_word' id='word_1_192' title='bbox 3082 859 3329 928; x_wconf 89' lang='lat' dir='ltr'><strong>apposite</strong></span> <span class='ocrx_word' id='word_1_193' title='bbox 3359 874 3419 915; x_wconf 90' lang='lat' dir='ltr'><strong>se</strong></span> <span class='ocrx_word' id='word_1_194' title='bbox 3450 859 3678 925; x_wconf 89' lang='lat' dir='ltr'><strong>habens,</strong></span> 
     </span>
    </p>
   </div>
   <div class='ocr_carea' id='block_1_26' title="bbox 2099 946 3681 1021">
    <p class='ocr_par' dir='ltr' id='par_1_26' title="bbox 2099 946 3681 1021">
     <span class='ocr_line' id='line_1_26' title="bbox 2099 946 3681 1021; baseline 0.003 -19"><span class='ocrx_word' id='word_1_195' title='bbox 2099 946 2245 1018; x_wconf 91' lang='lat' dir='ltr'><strong>quod</strong></span> <span class='ocrx_word' id='word_1_196' title='bbox 2283 948 2540 1002; x_wconf 86' lang='lat' dir='ltr'><strong>nimirum</strong></span> <span class='ocrx_word' id='word_1_197' title='bbox 2586 947 2760 1003; x_wconf 88' lang='lat' dir='ltr'><strong>Filius</strong></span> <span class='ocrx_word' id='word_1_198' title='bbox 2795 948 2867 1004; x_wconf 90' lang='lat' dir='ltr'><strong>sit</strong></span> <span class='ocrx_word' id='word_1_199' title='bbox 2893 949 3153 1021; x_wconf 81' lang='lat' dir='ltr'><strong>splendor</strong></span> <span class='ocrx_word' id='word_1_200' title='bbox 3182 951 3388 1021; x_wconf 77' lang='lat' dir='ltr'><strong>glorize,</strong></span> <span class='ocrx_word' id='word_1_201' title='bbox 3422 960 3477 1006; x_wconf 89' lang='lat' dir='ltr'><strong>et</strong></span> <span class='ocrx_word' id='word_1_202' title='bbox 3508 952 3681 1021; x_wconf 87' lang='lat' dir='ltr'><strong>figura</strong></span> 
     </span>
    </p>
   </div>
   <div class='ocr_carea' id='block_1_27' title="bbox 2098 1038 3683 1111">
    <p class='ocr_par' dir='ltr' id='par_1_27' title="bbox 2098 1038 3683 1111">
     <span class='ocr_line' id='line_1_27' title="bbox 2098 1038 3683 1111; baseline 0.001 -16"><span class='ocrx_word' id='word_1_203' title='bbox 2098 1038 2423 1096; x_wconf 78' lang='lat' dir='ltr'><strong>substantia:</strong></span> <span class='ocrx_word' id='word_1_204' title='bbox 2452 1038 2634 1094; x_wconf 89' lang='lat' dir='ltr'><strong>Patris</strong></span> <span class='ocrx_word' id='word_1_205' title='bbox 2667 1039 2731 1091; x_wconf 82' lang='lat'><strong>“.</strong></span> <span class='ocrx_word' id='word_1_206' title='bbox 2785 1039 2882 1095; x_wconf 85' lang='lat' dir='ltr'><strong>llis</strong></span> <span class='ocrx_word' id='word_1_207' title='bbox 2909 1042 3054 1096; x_wconf 87' lang='lat' dir='ltr'><strong>enim</strong></span> <span class='ocrx_word' id='word_1_208' title='bbox 3091 1042 3185 1111; x_wconf 90' lang='lat' dir='ltr'><strong>qui</strong></span> <span class='ocrx_word' id='word_1_209' title='bbox 3236 1042 3463 1097; x_wconf 90' lang='lat' dir='ltr'><strong>minime</strong></span> <span class='ocrx_word' id='word_1_210' title='bbox 3498 1046 3683 1097; x_wconf 82' lang='lat' dir='ltr'><strong>valent</strong></span> 
     </span>
    </p>
   </div>
   <div class='ocr_carea' id='block_1_28' title="bbox 2100 1130 3679 1202">
    <p class='ocr_par' dir='ltr' id='par_1_28' title="bbox 2100 1130 3679 1202">
     <span class='ocr_line' id='line_1_28' title="bbox 2100 1130 3679 1202; baseline 0.001 -18"><span class='ocrx_word' id='word_1_211' title='bbox 2100 1131 2168 1186; x_wconf 91' lang='lat' dir='ltr'><strong>ad</strong></span> <span class='ocrx_word' id='word_1_212' title='bbox 2223 1130 2606 1187; x_wconf 84' lang='lat' dir='ltr'><strong>celsitudinem</strong></span> <span class='ocrx_word' id='word_1_213' title='bbox 2663 1131 2995 1202; x_wconf 74' lang='lat' dir='ltr'><strong>cognitionis</strong></span> <span class='ocrx_word' id='word_1_214' title='bbox 3042 1131 3138 1187; x_wconf 84' lang='lat' dir='ltr'><strong>Dei</strong></span> <span class='ocrx_word' id='word_1_215' title='bbox 3198 1133 3679 1189; x_wconf 83' lang='lat' dir='ltr'><strong>ratiocinationem</strong></span> 
     </span>
    </p>
   </div>
   <div class='ocr_carea' id='block_1_29' title="bbox 2097 1223 3681 1296">
    <p class='ocr_par' dir='ltr' id='par_1_29' title="bbox 2097 1223 3681 1296">
     <span class='ocr_line' id='line_1_29' title="bbox 2097 1223 3681 1296; baseline 0.003 -18"><span class='ocrx_word' id='word_1_216' title='bbox 2097 1223 2334 1279; x_wconf 86' lang='lat' dir='ltr'><strong>educere</strong></span> <span class='ocrx_word' id='word_1_217' title='bbox 2369 1239 2466 1293; x_wconf 90' lang='lat' dir='ltr'><strong>per</strong></span> <span class='ocrx_word' id='word_1_218' title='bbox 2501 1224 2929 1296; x_wconf 84' lang='lat' dir='ltr'><strong>intelligibilium</strong></span> <span class='ocrx_word' id='word_1_219' title='bbox 2977 1225 3413 1294; x_wconf 87' lang='lat' dir='ltr'><strong>speculationem</strong></span> <span class='ocrx_word' id='word_1_220' title='bbox 3450 1246 3462 1280; x_wconf 93' lang='lat'><strong>:</strong></span> <span class='ocrx_word' id='word_1_221' title='bbox 3491 1241 3556 1281; x_wconf 84' lang='lat' dir='ltr'><strong>ex</strong></span> <span class='ocrx_word' id='word_1_222' title='bbox 3595 1227 3681 1282; x_wconf 88' lang='lat' dir='ltr'><strong>his</strong></span> 
     </span>
    </p>
   </div>
   <div class='ocr_carea' id='block_1_30' title="bbox 2096 1314 3678 1385">
    <p class='ocr_par' dir='ltr' id='par_1_30' title="bbox 2096 1314 3678 1385">
     <span class='ocr_line' id='line_1_30' title="bbox 2096 1314 3678 1385; baseline 0.003 -18"><span class='ocrx_word' id='word_1_223' title='bbox 2096 1329 2219 1384; x_wconf 68' lang='lat' dir='ltr'><strong>qum</strong></span> <span class='ocrx_word' id='word_1_224' title='bbox 2263 1315 2520 1371; x_wconf 84' lang='lat' dir='ltr'><strong>sensibus</strong></span> <span class='ocrx_word' id='word_1_225' title='bbox 2567 1322 2868 1370; x_wconf 89' lang='lat' dir='ltr'><strong>occurrunt</strong></span> <span class='ocrx_word' id='word_1_226' title='bbox 2911 1314 3202 1385; x_wconf 86' lang='lat' dir='ltr'><strong>quamdam</strong></span> <span class='ocrx_word' id='word_1_227' title='bbox 3248 1317 3358 1371; x_wconf 87' lang='lat' dir='ltr'><strong>veri</strong></span> <span class='ocrx_word' id='word_1_228' title='bbox 3410 1317 3678 1372; x_wconf 89' lang='lat' dir='ltr'><strong>visionem</strong></span> 
     </span>
    </p>
   </div>
   <div class='ocr_carea' id='block_1_31' title="bbox 2097 1408 3681 1482">
    <p class='ocr_par' dir='ltr' id='par_1_31' title="bbox 2097 1408 3681 1482">
     <span class='ocr_line' id='line_1_31' title="bbox 2097 1408 3681 1482; baseline 0.003 -20"><span class='ocrx_word' id='word_1_229' title='bbox 2097 1408 2213 1463; x_wconf 83' lang='lat' dir='ltr'><strong>sive</strong></span> <span class='ocrx_word' id='word_1_230' title='bbox 2242 1408 2691 1480; x_wconf 82' lang='lat' dir='ltr'><strong>imaginationem</strong></span> <span class='ocrx_word' id='word_1_231' title='bbox 2720 1409 3020 1481; x_wconf 78' lang='lat' dir='ltr'><strong>Apostolus</strong></span> <span class='ocrx_word' id='word_1_232' title='bbox 3063 1410 3417 1466; x_wconf 88' lang='lat' dir='ltr'><strong>audientibus</strong></span> <span class='ocrx_word' id='word_1_233' title='bbox 3455 1411 3681 1482; x_wconf 88' lang='lat' dir='ltr'><strong>ingene-</strong></span> 
     </span>
    </p>
   </div>
   <div class='ocr_carea' id='block_1_32' title="bbox 2095 1497 3680 1576">
    <p class='ocr_par' dir='ltr' id='par_1_32' title="bbox 2095 1497 3680 1576">
     <span class='ocr_line' id='line_1_32' title="bbox 2095 1497 3680 1576; baseline 0.006 -23"><span class='ocrx_word' id='word_1_234' title='bbox 2095 1508 2201 1553; x_wconf 89' lang='lat' dir='ltr'><strong>rat.</strong></span> <span class='ocrx_word' id='word_1_235' title='bbox 2249 1497 2319 1554; x_wconf 91' lang='lat' dir='ltr'><strong>Ut</strong></span> <span class='ocrx_word' id='word_1_236' title='bbox 2361 1501 2506 1555; x_wconf 88' lang='lat' dir='ltr'><strong>euim</strong></span> <span class='ocrx_word' id='word_1_237' title='bbox 2542 1500 2725 1557; x_wconf 87' lang='lat' dir='ltr'><strong>solare</strong></span> <span class='ocrx_word' id='word_1_238' title='bbox 2768 1516 2972 1572; x_wconf 85' lang='lat' dir='ltr'><strong>corpus</strong></span> <span class='ocrx_word' id='word_1_239' title='bbox 3024 1510 3139 1557; x_wconf 84' lang='lat' dir='ltr'><strong>toto</strong></span> <span class='ocrx_word' id='word_1_240' title='bbox 3190 1504 3680 1576; x_wconf 84' lang='lat' dir='ltr'><strong>circumplectente</strong></span> 
     </span>
    </p>
   </div>
   <div class='ocr_carea' id='block_1_33' title="bbox 2096 1589 3681 1662">
    <p class='ocr_par' dir='ltr' id='par_1_33' title="bbox 2096 1589 3681 1662">
     <span class='ocr_line' id='line_1_33' title="bbox 2096 1589 3681 1662; baseline 0.005 -18"><span class='ocrx_word' id='word_1_241' title='bbox 2096 1590 2305 1645; x_wconf 90' lang='lat' dir='ltr'><strong>circulo</strong></span> <span class='ocrx_word' id='word_1_242' title='bbox 2333 1589 2619 1660; x_wconf 83' lang='lat' dir='ltr'><strong>figuratur,</strong></span> <span class='ocrx_word' id='word_1_243' title='bbox 2649 1600 2703 1646; x_wconf 89' lang='lat' dir='ltr'><strong>et</strong></span> <span class='ocrx_word' id='word_1_244' title='bbox 2733 1591 2824 1662; x_wconf 91' lang='lat' dir='ltr'><strong>qui</strong></span> <span class='ocrx_word' id='word_1_245' title='bbox 2854 1593 3121 1647; x_wconf 87' lang='lat' dir='ltr'><strong>circulum</strong></span> <span class='ocrx_word' id='word_1_246' title='bbox 3150 1593 3302 1661; x_wconf 84' lang='lat' dir='ltr'><strong>vidit,</strong></span> <span class='ocrx_word' id='word_1_247' title='bbox 3340 1597 3511 1651; x_wconf 87' lang='lat' dir='ltr'><strong>totius</strong></span> <span class='ocrx_word' id='word_1_248' title='bbox 3545 1597 3681 1652; x_wconf 87' lang='lat' dir='ltr'><strong>sub-</strong></span> 
     </span>
    </p>
   </div>
   <div class='ocr_carea' id='block_1_34' title="bbox 412 1677 1990 1772">
    <p class='ocr_par' dir='ltr' id='par_1_34' title="bbox 412 1685 1990 1758">
     <span class='ocr_line' id='line_1_34' title="bbox 412 1685 1990 1758; baseline 0.003 -20"><span class='ocrx_word' id='word_1_249' title='bbox 412 1685 688 1755; x_wconf 84' lang='grc' dir='ltr'>στεύηται.</span> <span class='ocrx_word' id='word_1_250' title='bbox 711 1688 822 1739; x_wconf 76' lang='grc' dir='ltr'><strong>Καὶ</strong></span> <span class='ocrx_word' id='word_1_251' title='bbox 850 1687 1011 1741; x_wconf 79' lang='grc' dir='ltr'>πάλιν</span> <span class='ocrx_word' id='word_1_252' title='bbox 1032 1688 1107 1750; x_wconf 88' lang='grc' dir='ltr'>ὼς</span> <span class='ocrx_word' id='word_1_253' title='bbox 1133 1687 1197 1740; x_wconf 81' lang='grc' dir='ltr'>ὲκ</span> <span class='ocrx_word' id='word_1_254' title='bbox 1224 1687 1424 1752; x_wconf 81' lang='grc' dir='ltr'>παντὸς</span> <span class='ocrx_word' id='word_1_255' title='bbox 1438 1686 1534 1741; x_wconf 83' lang='grc' dir='ltr'>τοῦ</span> <span class='ocrx_word' id='word_1_256' title='bbox 1552 1687 1777 1758; x_wconf 72' lang='grc' dir='ltr'>ἡλιακοῦ</span> <span class='ocrx_word' id='word_1_257' title='bbox 1793 1688 1990 1743; x_wconf 84' lang='grc' dir='ltr'>κύκλου</span> 
     </span>
    </p>
   </div>
   <div class='ocr_carea' id='block_1_35' title="bbox 2092 1677 3676 1772">
    <p class='ocr_par' dir='ltr' id='par_1_35' title="bbox 2096 1677 3676 1753">
     <span class='ocr_line' id='line_1_35' title="bbox 2096 1677 3676 1753; baseline 0.004 -19"><span class='ocrx_word' id='word_1_258' title='bbox 2096 1677 2228 1747; x_wconf 85' lang='lat' dir='ltr'><strong>jccti</strong></span> <span class='ocrx_word' id='word_1_259' title='bbox 2280 1681 2700 1736; x_wconf 85' lang='lat' dir='ltr'><strong>subsistentiam</strong></span> <span class='ocrx_word' id='word_1_260' title='bbox 2751 1682 3057 1737; x_wconf 88' lang='lat' dir='ltr'><strong>secundum</strong></span> <span class='ocrx_word' id='word_1_261' title='bbox 3101 1685 3559 1753; x_wconf 82' lang='lat' dir='ltr'><strong>profunditatem,</strong></span> <span class='ocrx_word' id='word_1_262' title='bbox 3608 1702 3676 1741; x_wconf 76' lang='lat' dir='ltr'><strong>ex</strong></span> 
     </span>
    </p>
   </div>
   <div class='ocr_carea' id='block_1_36' title="bbox 410 1777 1991 1849">
    <p class='ocr_par' dir='ltr' id='par_1_36' title="bbox 410 1777 1991 1849">
     <span class='ocr_line' id='line_1_36' title="bbox 410 1777 1991 1849; baseline 0.003 -20"><span class='ocrx_word' id='word_1_263' title='bbox 410 1780 473 1848; x_wconf 84' lang='grc' dir='ltr'>τῇ</span> <span class='ocrx_word' id='word_1_264' title='bbox 488 1777 581 1830; x_wconf 88' lang='grc' dir='ltr'><strong>τοὺ</strong></span> <span class='ocrx_word' id='word_1_265' title='bbox 600 1778 777 1846; x_wconf 74' lang='grc' dir='ltr'>φωτὸς</span> <span class='ocrx_word' id='word_1_266' title='bbox 798 1777 1103 1848; x_wconf 83' lang='grc' dir='ltr'>λαμπηδόνι</span> <span class='ocrx_word' id='word_1_267' title='bbox 1117 1778 1496 1845; x_wconf 79' lang='grc' dir='ltr'>ἀπαυγὰζεται</span> <span class='ocrx_word' id='word_1_268' title='bbox 1510 1796 1524 1809; x_wconf 88' lang='grc'><strong>·</strong></span> <span class='ocrx_word' id='word_1_269' title='bbox 1541 1778 1601 1832; x_wconf 86' lang='grc' dir='ltr'><strong>ού</strong></span> <span class='ocrx_word' id='word_1_270' title='bbox 1617 1778 1797 1849; x_wconf 79' lang='grc' dir='ltr'>γὰρτὸ</span> <span class='ocrx_word' id='word_1_271' title='bbox 1820 1779 1918 1849; x_wconf 90' lang='grc' dir='ltr'><strong>μέν</strong></span> <span class='ocrx_word' id='word_1_272' title='bbox 1939 1796 1991 1833; x_wconf 89' lang='grc' dir='ltr'><strong>τι</strong></span> 
     </span>
    </p>
   </div>
   <div class='ocr_carea' id='block_1_37' title="bbox 411 1864 1987 1937">
    <p class='ocr_par' dir='ltr' id='par_1_37' title="bbox 411 1864 1987 1937">
     <span class='ocr_line' id='line_1_37' title="bbox 411 1864 1987 1937; baseline 0.003 -24"><span class='ocrx_word' id='word_1_273' title='bbox 411 1864 636 1933; x_wconf 83' lang='grc' dir='ltr'>λάμπει,</span> <span class='ocrx_word' id='word_1_274' title='bbox 673 1864 735 1917; x_wconf 88' lang='grc' dir='ltr'><strong>τὸ</strong></span> <span class='ocrx_word' id='word_1_275' title='bbox 763 1865 822 1918; x_wconf 84' lang='grc' dir='ltr'><strong>δὲ</strong></span> <span class='ocrx_word' id='word_1_276' title='bbox 847 1864 1098 1936; x_wconf 80' lang='grc' dir='ltr'>ἀλαμπές</span> <span class='ocrx_word' id='word_1_277' title='bbox 1137 1866 1255 1919; x_wconf 68' lang='grc' dir='ltr'>ἐστι</span> <span class='ocrx_word' id='word_1_278' title='bbox 1282 1866 1375 1918; x_wconf 81' lang='grc' dir='ltr'><strong>τοῦ</strong></span> <span class='ocrx_word' id='word_1_279' title='bbox 1402 1866 1603 1918; x_wconf 88' lang='grc' dir='ltr'>κύκλου</span> <span class='ocrx_word' id='word_1_280' title='bbox 1630 1882 1644 1895; x_wconf 89' lang='grc'><strong>·</strong></span> <span class='ocrx_word' id='word_1_281' title='bbox 1680 1865 1855 1929; x_wconf 72' lang='grc' dir='ltr'>οὕτως</span> <span class='ocrx_word' id='word_1_282' title='bbox 1893 1865 1987 1937; x_wconf 84' lang='grc' dir='ltr'><strong>ὅλη</strong></span> 
     </span>
    </p>
   </div>
   <div class='ocr_carea' id='block_1_38' title="bbox 411 1951 1991 2023">
    <p class='ocr_par' dir='ltr' id='par_1_38' title="bbox 411 1951 1991 2023">
     <span class='ocr_line' id='line_1_38' title="bbox 411 1951 1991 2023; baseline 0.003 -20"><span class='ocrx_word' id='word_1_283' title='bbox 411 1954 444 2021; x_wconf 79' lang='grc' dir='ltr'>ἡ</span> <span class='ocrx_word' id='word_1_284' title='bbox 477 1952 604 2017; x_wconf 78' lang='grc' dir='ltr'>δόξα</span> <span class='ocrx_word' id='word_1_285' title='bbox 633 1953 753 2023; x_wconf 82' lang='grc' dir='ltr'>ἤτις</span> <span class='ocrx_word' id='word_1_286' title='bbox 780 1953 946 2015; x_wconf 74' lang='grc' dir='ltr'>ἐστὶν,</span> <span class='ocrx_word' id='word_1_287' title='bbox 987 1953 1017 2005; x_wconf 88' lang='grc' dir='ltr'>ὁ</span> <span class='ocrx_word' id='word_1_288' title='bbox 1044 1952 1232 2023; x_wconf 84' lang='grc' dir='ltr'>Πατὴρ</span> <span class='ocrx_word' id='word_1_289' title='bbox 1256 1992 1270 2015; x_wconf 87' lang='grc'><strong>,</strong></span> <span class='ocrx_word' id='word_1_290' title='bbox 1305 1952 1382 2022; x_wconf 85' lang='grc' dir='ltr'><strong>τῷ</strong></span> <span class='ocrx_word' id='word_1_291' title='bbox 1407 1951 1467 2017; x_wconf 80' lang='grc' dir='ltr'>ἐξ</span> <span class='ocrx_word' id='word_1_292' title='bbox 1505 1952 1702 2023; x_wconf 77' lang='grc' dir='ltr'>ἑαυτῆς</span> <span class='ocrx_word' id='word_1_293' title='bbox 1739 1953 1991 2022; x_wconf 87' lang='grc' dir='ltr'>ἀπαυγά-</span> 
     </span>
    </p>
   </div>
   <div class='ocr_carea' id='block_1_39' title="bbox 411 2043 1985 2116">
    <p class='ocr_par' dir='ltr' id='par_1_39' title="bbox 411 2043 1985 2116">
     <span class='ocr_line' id='line_1_39' title="bbox 411 2043 1985 2116; baseline 0.004 -23"><span class='ocrx_word' id='word_1_294' title='bbox 411 2059 578 2113; x_wconf 86' lang='grc' dir='ltr'>σματι</span> <span class='ocrx_word' id='word_1_295' title='bbox 600 2082 616 2105; x_wconf 85' lang='grc'><strong>,</strong></span> <span class='ocrx_word' id='word_1_296' title='bbox 652 2043 798 2097; x_wconf 81' lang='grc' dir='ltr'>τοῦτ’</span> <span class='ocrx_word' id='word_1_297' title='bbox 834 2043 950 2097; x_wconf 80' lang='grc' dir='ltr'>ἔστι</span> <span class='ocrx_word' id='word_1_298' title='bbox 981 2044 1059 2114; x_wconf 84' lang='grc' dir='ltr'>τῷ</span> <span class='ocrx_word' id='word_1_299' title='bbox 1091 2044 1328 2114; x_wconf 87' lang='grc' dir='ltr'>ἀληθινῷ</span> <span class='ocrx_word' id='word_1_300' title='bbox 1358 2045 1498 2114; x_wconf 74' lang='grc' dir='ltr'>φωτὶ</span> <span class='ocrx_word' id='word_1_301' title='bbox 1523 2045 1860 2116; x_wconf 84' lang='grc' dir='ltr'>πανταχόθεν</span> <span class='ocrx_word' id='word_1_302' title='bbox 1892 2064 1985 2099; x_wconf 88' lang='grc' dir='ltr'>πε-</span> 
     </span>
    </p>
   </div>
   <div class='ocr_carea' id='block_1_40' title="bbox 412 2135 1987 2208">
    <p class='ocr_par' dir='ltr' id='par_1_40' title="bbox 412 2135 1987 2208">
     <span class='ocr_line' id='line_1_40' title="bbox 412 2135 1987 2208; baseline 0.003 -21"><span class='ocrx_word' id='word_1_303' title='bbox 412 2135 787 2204; x_wconf 73' lang='grc' dir='ltr'>ριαυγάζεται.</span> <span class='ocrx_word' id='word_1_304' title='bbox 816 2136 928 2189; x_wconf 76' lang='grc' dir='ltr'><strong>Καὶ</strong></span> <span class='ocrx_word' id='word_1_305' title='bbox 950 2136 1025 2197; x_wconf 81' lang='grc' dir='ltr'>ὡς</span> <span class='ocrx_word' id='word_1_306' title='bbox 1057 2136 1123 2188; x_wconf 76' lang='grc' dir='ltr'>ἐκ</span> <span class='ocrx_word' id='word_1_307' title='bbox 1151 2135 1247 2189; x_wconf 78' lang='grc' dir='ltr'>τοῦ</span> <span class='ocrx_word' id='word_1_308' title='bbox 1288 2136 1440 2206; x_wconf 77' lang='grc' dir='ltr'>ἡλίου</span> <span class='ocrx_word' id='word_1_309' title='bbox 1494 2136 1594 2206; x_wconf 87' lang='grc' dir='ltr'><strong>μέν</strong></span> <span class='ocrx_word' id='word_1_310' title='bbox 1634 2138 1783 2191; x_wconf 74' lang='grc' dir='ltr'>ἐστιν</span> <span class='ocrx_word' id='word_1_311' title='bbox 1809 2139 1843 2208; x_wconf 79' lang='grc' dir='ltr'><strong>ἠ</strong></span> <span class='ocrx_word' id='word_1_312' title='bbox 1885 2138 1987 2191; x_wconf 88' lang='grc' dir='ltr'>ἀκ-</span> 
     </span>
    </p>
   </div>
   <div class='ocr_carea' id='block_1_41' title="bbox 418 2221 1988 2299">
    <p class='ocr_par' dir='ltr' id='par_1_41' title="bbox 418 2221 1988 2299">
     <span class='ocr_line' id='line_1_41' title="bbox 418 2221 1988 2299; baseline 0.003 -22"><span class='ocrx_word' id='word_1_313' title='bbox 418 2226 500 2288; x_wconf 79' lang='grc' dir='ltr'>τίς</span> <span class='ocrx_word' id='word_1_314' title='bbox 522 2244 534 2255; x_wconf 89' lang='grc'><strong>·</strong></span> <span class='ocrx_word' id='word_1_315' title='bbox 569 2226 630 2277; x_wconf 87' lang='grc' dir='ltr'><strong>οὑ</strong></span> <span class='ocrx_word' id='word_1_316' title='bbox 662 2226 770 2296; x_wconf 78' lang='grc' dir='ltr'>γὰρ</span> <span class='ocrx_word' id='word_1_317' title='bbox 794 2224 860 2278; x_wconf 85' lang='grc' dir='ltr'>ἂν</span> <span class='ocrx_word' id='word_1_318' title='bbox 887 2221 955 2296; x_wconf 75' lang='grc' dir='ltr'>ἦν</span> <span class='ocrx_word' id='word_1_319' title='bbox 985 2226 1143 2289; x_wconf 74' lang='grc' dir='ltr'>ἀκτὶς</span> <span class='ocrx_word' id='word_1_320' title='bbox 1168 2266 1183 2289; x_wconf 91' lang='grc'><strong>,</strong></span> <span class='ocrx_word' id='word_1_321' title='bbox 1216 2227 1265 2279; x_wconf 82' lang='grc' dir='ltr'>εἰ</span> <span class='ocrx_word' id='word_1_322' title='bbox 1311 2226 1386 2297; x_wconf 79' lang='grc' dir='ltr'>μὴ</span> <span class='ocrx_word' id='word_1_323' title='bbox 1424 2226 1452 2277; x_wconf 90' lang='lat'><strong>6</strong></span> <span class='ocrx_word' id='word_1_324' title='bbox 1493 2227 1643 2298; x_wconf 76' lang='grc' dir='ltr'>ἥλιος</span> <span class='ocrx_word' id='word_1_325' title='bbox 1673 2222 1760 2298; x_wconf 80' lang='grc' dir='ltr'>ἦν,</span> <span class='ocrx_word' id='word_1_326' title='bbox 1789 2229 1850 2280; x_wconf 90' lang='grc' dir='ltr'><strong>οὑ</strong></span> <span class='ocrx_word' id='word_1_327' title='bbox 1880 2229 1988 2299; x_wconf 78' lang='grc' dir='ltr'>μήν</span> 
     </span>
    </p>
   </div>
   <div class='ocr_carea' id='block_1_42' title="bbox 411 2317 1985 2389">
    <p class='ocr_par' dir='ltr' id='par_1_42' title="bbox 411 2317 1985 2389">
     <span class='ocr_line' id='line_1_42' title="bbox 411 2317 1985 2389; baseline 0.003 -20"><span class='ocrx_word' id='word_1_328' title='bbox 411 2335 541 2369; x_wconf 86' lang='grc' dir='ltr'>ποτε</span> <span class='ocrx_word' id='word_1_329' title='bbox 567 2318 734 2389; x_wconf 77' lang='grc' dir='ltr'>χωρὶς</span> <span class='ocrx_word' id='word_1_330' title='bbox 761 2318 859 2389; x_wconf 75' lang='grc' dir='ltr'><strong>τῆς</strong></span> <span class='ocrx_word' id='word_1_331' title='bbox 902 2317 1368 2389; x_wconf 77' lang='grc' dir='ltr'>ἀπαυγαζομένης</span> <span class='ocrx_word' id='word_1_332' title='bbox 1404 2319 1623 2381; x_wconf 82' lang='grc' dir='ltr'>ἀκτῖνος</span> <span class='ocrx_word' id='word_1_333' title='bbox 1664 2320 1750 2387; x_wconf 78' lang='grc' dir='ltr'><strong>ἐφ’</strong></span> <span class='ocrx_word' id='word_1_334' title='bbox 1789 2320 1985 2374; x_wconf 73' lang='grc' dir='ltr'>ἑαυτοῦ</span> 
     </span>
    </p>
   </div>
   <div class='ocr_carea' id='block_1_43' title="bbox 410 2410 1989 2483">
    <p class='ocr_par' dir='ltr' id='par_1_43' title="bbox 410 2410 1989 2483">
     <span class='ocr_line' id='line_1_43' title="bbox 410 2410 1989 2483; baseline 0.003 -21"><span class='ocrx_word' id='word_1_335' title='bbox 410 2414 607 2464; x_wconf 78' lang='grc' dir='ltr'>νοεῖται</span> <span class='ocrx_word' id='word_1_336' title='bbox 628 2412 656 2462; x_wconf 89' lang='lat'><strong>6</strong></span> <span class='ocrx_word' id='word_1_337' title='bbox 684 2410 832 2481; x_wconf 67' lang='grc' dir='ltr'>ἥλιος</span> <span class='ocrx_word' id='word_1_338' title='bbox 854 2430 864 2440; x_wconf 92' lang='grc'><strong>·</strong></span> <span class='ocrx_word' id='word_1_339' title='bbox 897 2411 1040 2464; x_wconf 80' lang='grc' dir='ltr'>οὕτω</span> <span class='ocrx_word' id='word_1_340' title='bbox 1070 2411 1129 2464; x_wconf 87' lang='grc' dir='ltr'>τὸ</span> <span class='ocrx_word' id='word_1_341' title='bbox 1153 2411 1384 2479; x_wconf 73' lang='grc' dir='ltr'>συναφές</span> <span class='ocrx_word' id='word_1_342' title='bbox 1406 2428 1463 2463; x_wconf 88' lang='grc' dir='ltr'><strong>τε</strong></span> <span class='ocrx_word' id='word_1_343' title='bbox 1488 2412 1579 2464; x_wconf 77' lang='grc' dir='ltr'><strong>καὶ</strong></span> <span class='ocrx_word' id='word_1_344' title='bbox 1610 2412 1777 2465; x_wconf 81' lang='grc' dir='ltr'>ἀΐδιον</span> <span class='ocrx_word' id='word_1_345' title='bbox 1798 2412 1896 2483; x_wconf 84' lang='grc' dir='ltr'>τῆς</span> <span class='ocrx_word' id='word_1_346' title='bbox 1922 2414 1989 2467; x_wconf 84' lang='grc' dir='ltr'>ὲκ</span> 
     </span>
    </p>
   </div>
   <div class='ocr_carea' id='block_1_44' title="bbox 409 2501 1989 2575">
    <p class='ocr_par' dir='ltr' id='par_1_44' title="bbox 409 2501 1989 2575">
     <span class='ocr_line' id='line_1_44' title="bbox 409 2501 1989 2575; baseline 0.003 -20"><span class='ocrx_word' id='word_1_347' title='bbox 409 2504 503 2555; x_wconf 75' lang='grc' dir='ltr'>τοῦ</span> <span class='ocrx_word' id='word_1_348' title='bbox 531 2502 743 2573; x_wconf 62' lang='grc' dir='ltr'>Πατρός</span> <span class='ocrx_word' id='word_1_349' title='bbox 771 2503 1059 2573; x_wconf 78' lang='grc' dir='ltr'>ὑπάρξεως</span> <span class='ocrx_word' id='word_1_350' title='bbox 1093 2501 1187 2556; x_wconf 76' lang='grc' dir='ltr'>τοῦ</span> <span class='ocrx_word' id='word_1_351' title='bbox 1230 2502 1572 2572; x_wconf 81' lang='grc' dir='ltr'>Μονογενοῦς</span> <span class='ocrx_word' id='word_1_352' title='bbox 1600 2504 1931 2575; x_wconf 80' lang='grc' dir='ltr'>παραδιδοὺς</span> <span class='ocrx_word' id='word_1_353' title='bbox 1958 2506 1989 2560; x_wconf 80' lang='grc' dir='ltr'><strong>ὁ</strong></span> 
     </span>
    </p>
   </div>
   <div class='ocr_carea' id='block_1_45' title="bbox 424 2594 1982 2667">
    <p class='ocr_par' dir='ltr' id='par_1_45' title="bbox 424 2594 1982 2667">
     <span class='ocr_line' id='line_1_45' title="bbox 424 2594 1982 2667; baseline 0.003 -20"><span class='ocrx_word' id='word_1_354' title='bbox 424 2594 763 2658; x_wconf 79' lang='grc' dir='ltr'>Ἀπόστολος,</span> <span class='ocrx_word' id='word_1_355' title='bbox 793 2594 1136 2666; x_wconf 85' lang='grc' dir='ltr'>ἀπαύγασμα</span> <span class='ocrx_word' id='word_1_356' title='bbox 1157 2595 1314 2666; x_wconf 80' lang='grc' dir='ltr'>δόξης</span> <span class='ocrx_word' id='word_1_357' title='bbox 1334 2594 1425 2648; x_wconf 84' lang='grc' dir='ltr'><strong>τὸν</strong></span> <span class='ocrx_word' id='word_1_358' title='bbox 1452 2594 1582 2647; x_wconf 80' lang='grc' dir='ltr'>Υἱὸν</span> <span class='ocrx_word' id='word_1_359' title='bbox 1605 2596 1982 2667; x_wconf 84' lang='grc' dir='ltr'>κατωνόμασε.</span> 
     </span>
    </p>
   </div>
   <div class='ocr_carea' id='block_1_46' title="bbox 2100 1771 3678 1843">
    <p class='ocr_par' dir='ltr' id='par_1_46' title="bbox 2100 1771 3678 1843">
     <span class='ocr_line' id='line_1_46' title="bbox 2100 1771 3678 1843; baseline 0.006 -20"><span class='ocrx_word' id='word_1_360' title='bbox 2100 1779 2399 1841; x_wconf 89' lang='lat' dir='ltr'><strong>apparente</strong></span> <span class='ocrx_word' id='word_1_361' title='bbox 2429 1771 2644 1826; x_wconf 86' lang='lat' dir='ltr'><strong>circulo</strong></span> <span class='ocrx_word' id='word_1_362' title='bbox 2687 1772 2899 1843; x_wconf 85' lang='lat' dir='ltr'><strong>colligit</strong></span> <span class='ocrx_word' id='word_1_363' title='bbox 2930 1792 2942 1827; x_wconf 95' lang='lat'><strong>:</strong></span> <span class='ocrx_word' id='word_1_364' title='bbox 2974 1773 3055 1828; x_wconf 91' lang='lat' dir='ltr'><strong>sic</strong></span> <span class='ocrx_word' id='word_1_365' title='bbox 3092 1775 3257 1828; x_wconf 86' lang='lat' dir='ltr'><strong>etiam</strong></span> <span class='ocrx_word' id='word_1_366' title='bbox 3289 1775 3430 1829; x_wconf 82' lang='lat' dir='ltr'><strong>dixit</strong></span> <span class='ocrx_word' id='word_1_367' title='bbox 3458 1776 3511 1831; x_wconf 93' lang='lat' dir='ltr'><strong>in</strong></span> <span class='ocrx_word' id='word_1_368' title='bbox 3559 1794 3678 1832; x_wconf 91' lang='lat' dir='ltr'><strong>ma-</strong></span> 
     </span>
    </p>
   </div>
   <div class='ocr_carea' id='block_1_47' title="bbox 2099 1861 3677 1938">
    <p class='ocr_par' dir='ltr' id='par_1_47' title="bbox 2099 1861 3677 1938">
     <span class='ocr_line' id='line_1_47' title="bbox 2099 1861 3677 1938; baseline 0.005 -23"><span class='ocrx_word' id='word_1_369' title='bbox 2099 1863 2387 1933; x_wconf 79' lang='lat' dir='ltr'><strong>gnitudine</strong></span> <span class='ocrx_word' id='word_1_370' title='bbox 2443 1864 2700 1933; x_wconf 69' lang='lat' dir='ltr'><strong>potentiae</strong></span> <span class='ocrx_word' id='word_1_371' title='bbox 2757 1864 2916 1930; x_wconf 86' lang='lat' dir='ltr'><strong>Filii,</strong></span> <span class='ocrx_word' id='word_1_372' title='bbox 2966 1861 3147 1922; x_wconf 79' lang='lat' dir='ltr'><strong>Patris</strong></span> <span class='ocrx_word' id='word_1_373' title='bbox 3217 1868 3677 1938; x_wconf 85' lang='lat' dir='ltr'><strong>magnificentiam</strong></span> 
     </span>
    </p>
   </div>
   <div class='ocr_carea' id='block_1_48' title="bbox 2097 1955 3678 2029">
    <p class='ocr_par' dir='ltr' id='par_1_48' title="bbox 2097 1955 3678 2029">
     <span class='ocr_line' id='line_1_48' title="bbox 2097 1955 3678 2029; baseline 0.004 -19"><span class='ocrx_word' id='word_1_374' title='bbox 2097 1955 2352 2025; x_wconf 80' lang='lat' dir='ltr'><strong>exprimi,</strong></span> <span class='ocrx_word' id='word_1_375' title='bbox 2393 1964 2452 2009; x_wconf 89' lang='lat' dir='ltr'><strong>ut</strong></span> <span class='ocrx_word' id='word_1_376' title='bbox 2507 1966 2711 2027; x_wconf 87' lang='lat' dir='ltr'><strong>quanta</strong></span> <span class='ocrx_word' id='word_1_377' title='bbox 2762 1958 2876 2011; x_wconf 57' lang='lat' dir='ltr'><strong>haec.</strong></span> <span class='ocrx_word' id='word_1_378' title='bbox 2919 1967 3310 2029; x_wconf 89' lang='lat' dir='ltr'><strong>cognoscatur,</strong></span> <span class='ocrx_word' id='word_1_379' title='bbox 3360 1968 3510 2015; x_wconf 89' lang='lat' dir='ltr'><strong>tanta</strong></span> <span class='ocrx_word' id='word_1_380' title='bbox 3553 1976 3678 2016; x_wconf 89' lang='lat' dir='ltr'><strong>esse</strong></span> 
     </span>
    </p>
   </div>
   <div class='ocr_carea' id='block_1_49' title="bbox 2096 2048 3676 2108">
    <p class='ocr_par' dir='ltr' id='par_1_49' title="bbox 2096 2048 3676 2108">
     <span class='ocr_line' id='line_1_49' title="bbox 2096 2048 3676 2108; baseline 0.003 -7"><span class='ocrx_word' id='word_1_381' title='bbox 2096 2049 2261 2102; x_wconf 86' lang='lat' dir='ltr'><strong>etiam</strong></span> <span class='ocrx_word' id='word_1_382' title='bbox 2288 2049 2375 2101; x_wconf 88' lang='lat' dir='ltr'><strong>illa</strong></span> <span class='ocrx_word' id='word_1_383' title='bbox 2416 2048 2694 2105; x_wconf 83' lang='lat' dir='ltr'><strong>credatur.</strong></span> <span class='ocrx_word' id='word_1_384' title='bbox 2725 2049 2803 2105; x_wconf 86' lang='lat' dir='ltr'><strong>Ac</strong></span> <span class='ocrx_word' id='word_1_385' title='bbox 2833 2065 3028 2105; x_wconf 87' lang='lat' dir='ltr'><strong>rursus</strong></span> <span class='ocrx_word' id='word_1_386' title='bbox 3053 2052 3199 2106; x_wconf 88' lang='lat' dir='ltr'><strong>sicut</strong></span> <span class='ocrx_word' id='word_1_387' title='bbox 3225 2067 3290 2107; x_wconf 81' lang='lat' dir='ltr'><strong>ex</strong></span> <span class='ocrx_word' id='word_1_388' title='bbox 3322 2053 3469 2106; x_wconf 89' lang='lat' dir='ltr'><strong>omni</strong></span> <span class='ocrx_word' id='word_1_389' title='bbox 3509 2053 3676 2108; x_wconf 85' lang='lat' dir='ltr'><strong>solari</strong></span> 
     </span>
    </p>
   </div>
   <div class='ocr_carea' id='block_1_50' title="bbox 2100 2140 3678 2214">
    <p class='ocr_par' dir='ltr' id='par_1_50' title="bbox 2100 2140 3678 2214">
     <span class='ocr_line' id='line_1_50' title="bbox 2100 2140 3678 2214; baseline 0.002 -18"><span class='ocrx_word' id='word_1_390' title='bbox 2100 2140 2314 2196; x_wconf 90' lang='lat' dir='ltr'><strong>circulo</strong></span> <span class='ocrx_word' id='word_1_391' title='bbox 2358 2140 2499 2195; x_wconf 89' lang='lat' dir='ltr'><strong>lucis</strong></span> <span class='ocrx_word' id='word_1_392' title='bbox 2541 2140 2753 2211; x_wconf 79' lang='lat' dir='ltr'><strong>fulgore</strong></span> <span class='ocrx_word' id='word_1_393' title='bbox 2808 2142 3158 2211; x_wconf 88' lang='lat' dir='ltr'><strong>resplendet:</strong></span> <span class='ocrx_word' id='word_1_394' title='bbox 3198 2158 3307 2197; x_wconf 92' lang='lat' dir='ltr'><strong>non</strong></span> <span class='ocrx_word' id='word_1_395' title='bbox 3351 2143 3496 2198; x_wconf 91' lang='lat' dir='ltr'><strong>enim</strong></span> <span class='ocrx_word' id='word_1_396' title='bbox 3545 2159 3678 2214; x_wconf 83' lang='lat' dir='ltr'><strong>pars</strong></span> 
     </span>
    </p>
   </div>
   <div class='ocr_carea' id='block_1_51' title="bbox 2096 2230 3674 2303">
    <p class='ocr_par' dir='ltr' id='par_1_51' title="bbox 2096 2230 3674 2303">
     <span class='ocr_line' id='line_1_51' title="bbox 2096 2230 3674 2303; baseline 0.004 -19"><span class='ocrx_word' id='word_1_397' title='bbox 2096 2230 2277 2301; x_wconf 90' lang='lat' dir='ltr'><strong>aliqua</strong></span> <span class='ocrx_word' id='word_1_398' title='bbox 2329 2231 2497 2299; x_wconf 87' lang='lat' dir='ltr'><strong>lucet,</strong></span> <span class='ocrx_word' id='word_1_399' title='bbox 2546 2247 2676 2303; x_wconf 89' lang='lat' dir='ltr'><strong>pars</strong></span> <span class='ocrx_word' id='word_1_400' title='bbox 2720 2248 2850 2287; x_wconf 90' lang='lat' dir='ltr'><strong>vero</strong></span> <span class='ocrx_word' id='word_1_401' title='bbox 2896 2233 3090 2288; x_wconf 86' lang='lat' dir='ltr'><strong>circuli</strong></span> <span class='ocrx_word' id='word_1_402' title='bbox 3138 2234 3243 2288; x_wconf 88' lang='lat' dir='ltr'><strong>alia</strong></span> <span class='ocrx_word' id='word_1_403' title='bbox 3275 2236 3512 2289; x_wconf 89' lang='lat' dir='ltr'><strong>obscura</strong></span> <span class='ocrx_word' id='word_1_404' title='bbox 3548 2243 3674 2291; x_wconf 85' lang='lat' dir='ltr'><strong>est:</strong></span> 
     </span>
    </p>
   </div>
   <div class='ocr_carea' id='block_1_52' title="bbox 2096 2321 3677 2394">
    <p class='ocr_par' dir='ltr' id='par_1_52' title="bbox 2096 2321 3677 2394">
     <span class='ocr_line' id='line_1_52' title="bbox 2096 2321 3677 2394; baseline 0.002 -17"><span class='ocrx_word' id='word_1_405' title='bbox 2096 2321 2178 2377; x_wconf 89' lang='lat' dir='ltr'><strong>sic</strong></span> <span class='ocrx_word' id='word_1_406' title='bbox 2210 2331 2637 2393; x_wconf 86' lang='lat' dir='ltr'><strong>quantacunque</strong></span> <span class='ocrx_word' id='word_1_407' title='bbox 2678 2330 2758 2378; x_wconf 91' lang='lat' dir='ltr'><strong>est</strong></span> <span class='ocrx_word' id='word_1_408' title='bbox 2790 2324 2970 2378; x_wconf 90' lang='lat' dir='ltr'><strong>omnis</strong></span> <span class='ocrx_word' id='word_1_409' title='bbox 3008 2324 3183 2394; x_wconf 87' lang='lat' dir='ltr'><strong>gloria</strong></span> <span class='ocrx_word' id='word_1_410' title='bbox 3217 2330 3359 2393; x_wconf 85' lang='lat' dir='ltr'><strong>ejus,</strong></span> <span class='ocrx_word' id='word_1_411' title='bbox 3394 2324 3577 2392; x_wconf 89' lang='lat' dir='ltr'><strong>Pater,</strong></span> <span class='ocrx_word' id='word_1_412' title='bbox 3609 2343 3677 2381; x_wconf 78' lang='lat' dir='ltr'><strong>ex</strong></span> 
     </span>
    </p>
   </div>
   <div class='ocr_carea' id='block_1_53' title="bbox 2096 2414 3676 2487">
    <p class='ocr_par' dir='ltr' id='par_1_53' title="bbox 2096 2414 3676 2487">
     <span class='ocr_line' id='line_1_53' title="bbox 2096 2414 3676 2487; baseline 0.002 -18"><span class='ocrx_word' id='word_1_413' title='bbox 2096 2414 2389 2483; x_wconf 86' lang='lat' dir='ltr'><strong>splendore</strong></span> <span class='ocrx_word' id='word_1_414' title='bbox 2433 2414 2503 2471; x_wconf 90' lang='lat' dir='ltr'><strong>ab</strong></span> <span class='ocrx_word' id='word_1_415' title='bbox 2547 2417 2664 2487; x_wconf 87' lang='lat' dir='ltr'><strong>ipsa</strong></span> <span class='ocrx_word' id='word_1_416' title='bbox 2709 2425 3094 2485; x_wconf 88' lang='lat' dir='ltr'><strong>promanante,</strong></span> <span class='ocrx_word' id='word_1_417' title='bbox 3146 2417 3250 2470; x_wconf 89' lang='lat' dir='ltr'><strong>hoc</strong></span> <span class='ocrx_word' id='word_1_418' title='bbox 3295 2426 3377 2471; x_wconf 88' lang='lat' dir='ltr'><strong>est</strong></span> <span class='ocrx_word' id='word_1_419' title='bbox 3410 2433 3539 2473; x_wconf 89' lang='lat' dir='ltr'><strong>vero</strong></span> <span class='ocrx_word' id='word_1_420' title='bbox 3587 2419 3676 2472; x_wconf 90' lang='lat' dir='ltr'><strong>lu-</strong></span> 
     </span>
    </p>
   </div>
   <div class='ocr_carea' id='block_1_54' title="bbox 2097 2505 3677 2580">
    <p class='ocr_par' dir='ltr' id='par_1_54' title="bbox 2097 2505 3677 2580">
     <span class='ocr_line' id='line_1_54' title="bbox 2097 2505 3677 2580; baseline 0.003 -20"><span class='ocrx_word' id='word_1_421' title='bbox 2097 2505 2267 2570; x_wconf 82' lang='lat' dir='ltr'><strong>mine,</strong></span> <span class='ocrx_word' id='word_1_422' title='bbox 2331 2506 2574 2578; x_wconf 91' lang='lat' dir='ltr'><strong>undique</strong></span> <span class='ocrx_word' id='word_1_423' title='bbox 2623 2508 2832 2563; x_wconf 85' lang='lat' dir='ltr'><strong>circum</strong></span> <span class='ocrx_word' id='word_1_424' title='bbox 2890 2508 3219 2575; x_wconf 86' lang='lat' dir='ltr'><strong>illustratur.</strong></span> <span class='ocrx_word' id='word_1_425' title='bbox 3281 2506 3463 2580; x_wconf 79' lang='lat' dir='ltr'><strong>Atque</strong></span> <span class='ocrx_word' id='word_1_426' title='bbox 3507 2518 3568 2564; x_wconf 89' lang='lat' dir='ltr'><strong>ut</strong></span> <span class='ocrx_word' id='word_1_427' title='bbox 3609 2526 3677 2565; x_wconf 80' lang='lat' dir='ltr'><strong>ex</strong></span> 
     </span>
    </p>
   </div>
   <div class='ocr_carea' id='block_1_55' title="bbox 2096 2598 3677 2668">
    <p class='ocr_par' dir='ltr' id='par_1_55' title="bbox 2096 2598 3677 2668">
     <span class='ocr_line' id='line_1_55' title="bbox 2096 2598 3677 2668; baseline 0.001 -15"><span class='ocrx_word' id='word_1_428' title='bbox 2096 2598 2214 2653; x_wconf 91' lang='lat' dir='ltr'><strong>sole</strong></span> <span class='ocrx_word' id='word_1_429' title='bbox 2244 2598 2462 2668; x_wconf 90' lang='lat' dir='ltr'><strong>quidem</strong></span> <span class='ocrx_word' id='word_1_430' title='bbox 2485 2607 2569 2654; x_wconf 89' lang='lat' dir='ltr'><strong>est</strong></span> <span class='ocrx_word' id='word_1_431' title='bbox 2594 2600 2815 2654; x_wconf 89' lang='lat' dir='ltr'><strong>radius:</strong></span> <span class='ocrx_word' id='word_1_432' title='bbox 2842 2615 2951 2654; x_wconf 90' lang='lat' dir='ltr'><strong>non</strong></span> <span class='ocrx_word' id='word_1_433' title='bbox 2973 2599 3117 2654; x_wconf 88' lang='lat' dir='ltr'><strong>enim</strong></span> <span class='ocrx_word' id='word_1_434' title='bbox 3152 2610 3300 2655; x_wconf 87' lang='lat' dir='ltr'><strong>esset</strong></span> <span class='ocrx_word' id='word_1_435' title='bbox 3327 2601 3535 2666; x_wconf 89' lang='lat' dir='ltr'><strong>radius,</strong></span> <span class='ocrx_word' id='word_1_436' title='bbox 3569 2601 3677 2655; x_wconf 90' lang='lat' dir='ltr'><strong>nisi</strong></span> 
     </span>
    </p>
   </div>
   <div class='ocr_carea' id='block_1_56' title="bbox 414 2686 3676 2760">
    <p class='ocr_par' dir='ltr' id='par_1_56' title="bbox 414 2686 3676 2760">
     <span class='ocr_line' id='line_1_56' title="bbox 414 2686 3676 2760; baseline 0.001 -19"><span class='ocrx_word' id='word_1_437' title='bbox 414 2689 497 2741; x_wconf 90' lang='lat' dir='ltr'><strong>sol</strong></span> <span class='ocrx_word' id='word_1_438' title='bbox 529 2693 694 2751; x_wconf 78' lang='lat' dir='ltr'><strong>esset,</strong></span> <span class='ocrx_word' id='word_1_439' title='bbox 724 2701 1001 2755; x_wconf 87' lang='lat' dir='ltr'><strong>nunquam</strong></span> <span class='ocrx_word' id='word_1_440' title='bbox 1037 2686 1182 2740; x_wconf 89' lang='lat' dir='ltr'><strong>enim</strong></span> <span class='ocrx_word' id='word_1_441' title='bbox 1232 2686 1351 2741; x_wconf 88' lang='lat' dir='ltr'><strong>sine</strong></span> <span class='ocrx_word' id='word_1_442' title='bbox 1385 2686 1683 2757; x_wconf 80' lang='lat' dir='ltr'><strong>refulgente</strong></span> <span class='ocrx_word' id='word_1_443' title='bbox 1728 2688 1884 2742; x_wconf 84' lang='lat' dir='ltr'><strong>radio</strong></span> <span class='ocrx_word' id='word_1_444' title='bbox 1926 2688 1982 2742; x_wconf 89' lang='lat' dir='ltr'><strong>in</strong></span> <span class='ocrx_word' id='word_1_445' title='bbox 2022 2686 2209 2757; x_wconf 90' lang='lat' dir='ltr'><strong>seipso</strong></span> <span class='ocrx_word' id='word_1_446' title='bbox 2239 2688 2323 2743; x_wconf 89' lang='lat' dir='ltr'><strong>sol</strong></span> <span class='ocrx_word' id='word_1_447' title='bbox 2370 2688 2737 2760; x_wconf 87' lang='lat' dir='ltr'><strong>intelligitur:</strong></span> <span class='ocrx_word' id='word_1_448' title='bbox 2769 2691 2851 2746; x_wconf 88' lang='lat' dir='ltr'><strong>sic</strong></span> <span class='ocrx_word' id='word_1_449' title='bbox 2922 2690 3365 2759; x_wconf 89' lang='lat' dir='ltr'><strong>conjunctionem</strong></span> <span class='ocrx_word' id='word_1_450' title='bbox 3432 2697 3487 2744; x_wconf 89' lang='lat' dir='ltr'><strong>et</strong></span> <span class='ocrx_word' id='word_1_451' title='bbox 3530 2706 3676 2746; x_wconf 74' lang='lat' dir='ltr'><strong>eoa:-</strong></span> 
     </span>
    </p>
   </div>
   <div class='ocr_carea' id='block_1_57' title="bbox 419 2777 3673 2857">
    <p class='ocr_par' dir='ltr' id='par_1_57' title="bbox 419 2777 3673 2857">
     <span class='ocr_line' id='line_1_57' title="bbox 419 2777 3673 2857; baseline 0 -25"><span class='ocrx_word' id='word_1_452' title='bbox 419 2778 728 2832; x_wconf 89' lang='lat' dir='ltr'><strong>tcrnitatem</strong></span> <span class='ocrx_word' id='word_1_453' title='bbox 776 2778 1110 2857; x_wconf 74' lang='lat' dir='ltr'><strong>exsistentia:</strong></span> <span class='ocrx_word' id='word_1_454' title='bbox 1144 2777 1417 2849; x_wconf 87' lang='lat' dir='ltr'><strong>Unigeniti</strong></span> <span class='ocrx_word' id='word_1_455' title='bbox 1459 2792 1489 2831; x_wconf 91' lang='lat' dir='ltr'><strong>a</strong></span> <span class='ocrx_word' id='word_1_456' title='bbox 1518 2778 1696 2834; x_wconf 79' lang='lat' dir='ltr'><strong>’Patre</strong></span> <span class='ocrx_word' id='word_1_457' title='bbox 1740 2778 1965 2834; x_wconf 88' lang='lat' dir='ltr'><strong>tradens</strong></span> <span class='ocrx_word' id='word_1_458' title='bbox 2022 2780 2319 2850; x_wconf 83' lang='lat' dir='ltr'><strong>Apostolus</strong></span> <span class='ocrx_word' id='word_1_459' title='bbox 2346 2782 2424 2848; x_wconf 86' lang='lat'><strong>&quot;,</strong></span> <span class='ocrx_word' id='word_1_460' title='bbox 2466 2779 2809 2852; x_wconf 87' lang='lat' dir='ltr'><strong>splendorem</strong></span> <span class='ocrx_word' id='word_1_461' title='bbox 2872 2779 3057 2850; x_wconf 76' lang='lat' dir='ltr'><strong>gloria:</strong></span> <span class='ocrx_word' id='word_1_462' title='bbox 3122 2777 3320 2835; x_wconf 85' lang='lat' dir='ltr'><strong>Filium</strong></span> <span class='ocrx_word' id='word_1_463' title='bbox 3359 2780 3673 2851; x_wconf 69' lang='lat' dir='ltr'><strong>appellavit.</strong></span> 
     </span>
    </p>
   </div>
   <div class='ocr_carea' id='block_1_58' title="bbox 489 2864 1990 2942">
    <p class='ocr_par' dir='ltr' id='par_1_58' title="bbox 489 2864 1984 2940">
     <span class='ocr_line' id='line_1_58' title="bbox 489 2864 1984 2940; baseline 0.003 -21"><span class='ocrx_word' id='word_1_464' title='bbox 489 2867 705 2922; x_wconf 82' lang='grc' dir='ltr'>Τούτων</span> <span class='ocrx_word' id='word_1_465' title='bbox 736 2864 823 2922; x_wconf 78' lang='grc' dir='ltr'><strong>οὖν</strong></span> <span class='ocrx_word' id='word_1_466' title='bbox 853 2870 983 2939; x_wconf 79' lang='grc' dir='ltr'>ἡμῖν</span> <span class='ocrx_word' id='word_1_467' title='bbox 1015 2868 1156 2921; x_wconf 81' lang='grc' dir='ltr'>οὑτω</span> <span class='ocrx_word' id='word_1_468' title='bbox 1184 2868 1559 2940; x_wconf 74' lang='grc' dir='ltr'>διῃρημένων,</span> <span class='ocrx_word' id='word_1_469' title='bbox 1600 2870 1778 2922; x_wconf 76' lang='grc' dir='ltr'>οὐκέτ’</span> <span class='ocrx_word' id='word_1_470' title='bbox 1805 2872 1870 2926; x_wconf 81' lang='grc' dir='ltr'>ἂν</span> <span class='ocrx_word' id='word_1_471' title='bbox 1903 2888 1984 2934; x_wconf 89' lang='grc' dir='ltr'><strong>τις</strong></span> 
     </span>
    </p>
   </div>
   <div class='ocr_carea' id='block_1_59' title="bbox 2092 2864 3676 2942">
    <p class='ocr_par' dir='ltr' id='par_1_59' title="bbox 2162 2871 3676 2942">
     <span class='ocr_line' id='line_1_59' title="bbox 2162 2871 3676 2942; baseline 0.002 -16"><span class='ocrx_word' id='word_1_472' title='bbox 2162 2871 2257 2928; x_wconf 89' lang='lat' dir='ltr'><strong>His</strong></span> <span class='ocrx_word' id='word_1_473' title='bbox 2306 2872 2472 2942; x_wconf 83' lang='lat' dir='ltr'><strong>igitur</strong></span> <span class='ocrx_word' id='word_1_474' title='bbox 2514 2886 2545 2925; x_wconf 89' lang='lat' dir='ltr'><strong>a</strong></span> <span class='ocrx_word' id='word_1_475' title='bbox 2582 2872 2743 2927; x_wconf 89' lang='lat' dir='ltr'><strong>nobis</strong></span> <span class='ocrx_word' id='word_1_476' title='bbox 2792 2873 2866 2927; x_wconf 89' lang='lat' dir='ltr'><strong>ita</strong></span> <span class='ocrx_word' id='word_1_477' title='bbox 2912 2871 3215 2935; x_wconf 86' lang='lat' dir='ltr'><strong>distinctis,</strong></span> <span class='ocrx_word' id='word_1_478' title='bbox 3268 2888 3376 2925; x_wconf 90' lang='lat' dir='ltr'><strong>non</strong></span> <span class='ocrx_word' id='word_1_479' title='bbox 3428 2872 3676 2942; x_wconf 87' lang='lat' dir='ltr'><strong>amplius</strong></span> 
     </span>
    </p>
   </div>
   <div class='ocr_carea' id='block_1_60' title="bbox 416 2957 1980 3034">
    <p class='ocr_par' dir='ltr' id='par_1_60' title="bbox 416 2957 1980 3034">
     <span class='ocr_line' id='line_1_60' title="bbox 416 2957 1980 3034; baseline 0 -19"><span class='ocrx_word' id='word_1_480' title='bbox 416 2961 763 3031; x_wconf 79' lang='grc' dir='ltr'>ἁμφιϐἀλλοι,</span> <span class='ocrx_word' id='word_1_481' title='bbox 799 2962 912 3026; x_wconf 83' lang='grc' dir='ltr'>πῶς</span> <span class='ocrx_word' id='word_1_482' title='bbox 948 2963 1040 3015; x_wconf 79' lang='grc' dir='ltr'>καὶ</span> <span class='ocrx_word' id='word_1_483' title='bbox 1062 2964 1125 3014; x_wconf 82' lang='grc' dir='ltr'>ἐκ</span> <span class='ocrx_word' id='word_1_484' title='bbox 1147 2961 1241 3014; x_wconf 75' lang='grc' dir='ltr'>τοῦ</span> <span class='ocrx_word' id='word_1_485' title='bbox 1267 2963 1479 3033; x_wconf 71' lang='grc' dir='ltr'>Πατρδς</span> <span class='ocrx_word' id='word_1_486' title='bbox 1506 2962 1813 3034; x_wconf 84' lang='grc' dir='ltr'>Μονογενὴς</span> <span class='ocrx_word' id='word_1_487' title='bbox 1836 2957 1980 3015; x_wconf 85' lang='grc' dir='ltr'>εἶναι</span> 
     </span>
    </p>
   </div>
   <div class='ocr_carea' id='block_1_61' title="bbox 413 3053 1988 3125">
    <p class='ocr_par' dir='ltr' id='par_1_61' title="bbox 413 3053 1988 3125">
     <span class='ocr_line' id='line_1_61' title="bbox 413 3053 1988 3125; baseline 0 -18"><span class='ocrx_word' id='word_1_488' title='bbox 413 3053 807 3121; x_wconf 83' lang='grc' dir='ltr'>πεπίστευται,</span> <span class='ocrx_word' id='word_1_489' title='bbox 861 3053 956 3107; x_wconf 82' lang='grc' dir='ltr'>καὶ</span> <span class='ocrx_word' id='word_1_490' title='bbox 1000 3053 1187 3116; x_wconf 84' lang='grc' dir='ltr'>ἀῖδίως</span> <span class='ocrx_word' id='word_1_491' title='bbox 1228 3054 1383 3119; x_wconf 71' lang='grc' dir='ltr'>ἐστὶ,</span> <span class='ocrx_word' id='word_1_492' title='bbox 1413 3054 1515 3107; x_wconf 79' lang='grc' dir='ltr'><strong>κᾶν</strong></span> <span class='ocrx_word' id='word_1_493' title='bbox 1547 3054 1677 3125; x_wconf 82' lang='grc' dir='ltr'>δοκῇ</span> <span class='ocrx_word' id='word_1_494' title='bbox 1710 3055 1851 3109; x_wconf 82' lang='grc' dir='ltr'><strong>κατά</strong></span> <span class='ocrx_word' id='word_1_495' title='bbox 1891 3055 1988 3125; x_wconf 76' lang='grc' dir='ltr'>τὴν</span> 
     </span>
    </p>
   </div>
   <div class='ocr_carea' id='block_1_62' title="bbox 411 3145 1989 3219">
    <p class='ocr_par' dir='ltr' id='par_1_62' title="bbox 411 3145 1989 3219">
     <span class='ocr_line' id='line_1_62' title="bbox 411 3145 1989 3219; baseline 0.003 -22"><span class='ocrx_word' id='word_1_496' title='bbox 411 3145 699 3217; x_wconf 83' lang='grc' dir='ltr'>πρόχειρον</span> <span class='ocrx_word' id='word_1_497' title='bbox 726 3146 931 3199; x_wconf 77' lang='grc' dir='ltr'>ἔννοιαν</span> <span class='ocrx_word' id='word_1_498' title='bbox 975 3147 1049 3217; x_wconf 78' lang='grc' dir='ltr'>μὴ</span> <span class='ocrx_word' id='word_1_499' title='bbox 1079 3146 1395 3216; x_wconf 77' lang='grc' dir='ltr'>συμϐαίνειν</span> <span class='ocrx_word' id='word_1_500' title='bbox 1418 3148 1448 3199; x_wconf 87' lang='grc' dir='ltr'>ὁ</span> <span class='ocrx_word' id='word_1_501' title='bbox 1474 3146 1628 3215; x_wconf 86' lang='grc' dir='ltr'>λόγος</span> <span class='ocrx_word' id='word_1_502' title='bbox 1648 3147 1726 3219; x_wconf 82' lang='grc' dir='ltr'>τῷ</span> <span class='ocrx_word' id='word_1_503' title='bbox 1758 3148 1899 3216; x_wconf 86' lang='grc' dir='ltr'>λόγῳ</span> <span class='ocrx_word' id='word_1_504' title='bbox 1917 3189 1931 3210; x_wconf 86' lang='grc'><strong>,</strong></span> <span class='ocrx_word' id='word_1_505' title='bbox 1960 3150 1989 3201; x_wconf 88' lang='grc' dir='ltr'>ὁ</span> 
     </span>
    </p>
   </div>
   <div class='ocr_carea' id='block_1_63' title="bbox 408 3235 1988 3312">
    <p class='ocr_par' dir='ltr' id='par_1_63' title="bbox 408 3235 1988 3312">
     <span class='ocr_line' id='line_1_63' title="bbox 408 3235 1988 3312; baseline 0.002 -22"><span class='ocrx_word' id='word_1_506' title='bbox 408 3241 475 3293; x_wconf 82' lang='grc' dir='ltr'>ἐκ</span> <span class='ocrx_word' id='word_1_507' title='bbox 508 3238 603 3291; x_wconf 85' lang='grc' dir='ltr'>τοῦ</span> <span class='ocrx_word' id='word_1_508' title='bbox 656 3239 870 3311; x_wconf 84' lang='grc' dir='ltr'>Πατρὸς</span> <span class='ocrx_word' id='word_1_509' title='bbox 899 3239 1059 3292; x_wconf 83' lang='grc' dir='ltr'>αὑτὸν</span> <span class='ocrx_word' id='word_1_510' title='bbox 1104 3235 1243 3293; x_wconf 75' lang='grc' dir='ltr'>εἶναι</span> <span class='ocrx_word' id='word_1_511' title='bbox 1279 3239 1474 3308; x_wconf 81' lang='grc' dir='ltr'>λέγων,</span> <span class='ocrx_word' id='word_1_512' title='bbox 1505 3240 1584 3311; x_wconf 83' lang='grc' dir='ltr'>τῷ</span> <span class='ocrx_word' id='word_1_513' title='bbox 1619 3240 1988 3312; x_wconf 76' lang='grc' dir='ltr'>μαρτυροῦντι</span> 
     </span>
    </p>
   </div>
   <div class='ocr_carea' id='block_1_64' title="bbox 411 3329 1990 3403">
    <p class='ocr_par' dir='ltr' id='par_1_64' title="bbox 411 3329 1990 3403">
     <span class='ocr_line' id='line_1_64' title="bbox 411 3329 1990 3403; baseline 0.003 -21"><span class='ocrx_word' id='word_1_514' title='bbox 411 3329 561 3399; x_wconf 85' lang='grc' dir='ltr'>αὑτῷ</span> <span class='ocrx_word' id='word_1_515' title='bbox 588 3331 649 3382; x_wconf 81' lang='grc' dir='ltr'><strong>τὸ</strong></span> <span class='ocrx_word' id='word_1_516' title='bbox 671 3330 856 3383; x_wconf 83' lang='grc' dir='ltr'>ἀΐδιον.</span> <span class='ocrx_word' id='word_1_517' title='bbox 882 3331 945 3382; x_wconf 76' lang='grc' dir='ltr'><strong>Εἰ</strong></span> <span class='ocrx_word' id='word_1_518' title='bbox 972 3330 1027 3382; x_wconf 81' lang='grc' dir='ltr'>δὲ</span> <span class='ocrx_word' id='word_1_519' title='bbox 1048 3331 1152 3401; x_wconf 81' lang='grc' dir='ltr'>χρὴ</span> <span class='ocrx_word' id='word_1_520' title='bbox 1182 3330 1275 3384; x_wconf 78' lang='grc' dir='ltr'><strong>καὶ</strong></span> <span class='ocrx_word' id='word_1_521' title='bbox 1296 3332 1465 3403; x_wconf 73' lang='grc' dir='ltr'>ἑτέρῳ</span> <span class='ocrx_word' id='word_1_522' title='bbox 1486 3332 1575 3385; x_wconf 80' lang='grc' dir='ltr'><strong>τὸν</strong></span> <span class='ocrx_word' id='word_1_523' title='bbox 1602 3332 1756 3401; x_wconf 88' lang='grc' dir='ltr'>λόγον</span> <span class='ocrx_word' id='word_1_524' title='bbox 1785 3331 1990 3386; x_wconf 77' lang='grc' dir='ltr'>πιστώ-</span> 
     </span>
    </p>
   </div>
   <div class='ocr_carea' id='block_1_65' title="bbox 413 3422 1987 3496">
    <p class='ocr_par' dir='ltr' id='par_1_65' title="bbox 413 3422 1987 3496">
     <span class='ocr_line' id='line_1_65' title="bbox 413 3422 1987 3496; baseline 0.002 -21"><span class='ocrx_word' id='word_1_525' title='bbox 413 3424 645 3486; x_wconf 87' lang='grc' dir='ltr'>σασθαι,</span> <span class='ocrx_word' id='word_1_526' title='bbox 676 3422 899 3476; x_wconf 81' lang='grc' dir='ltr'>δυνατὸν</span> <span class='ocrx_word' id='word_1_527' title='bbox 942 3423 1009 3476; x_wconf 84' lang='grc' dir='ltr'><strong>ἂν</strong></span> <span class='ocrx_word' id='word_1_528' title='bbox 1049 3425 1261 3491; x_wconf 85' lang='grc' dir='ltr'>γένοιτο</span> <span class='ocrx_word' id='word_1_529' title='bbox 1302 3424 1493 3494; x_wconf 84' lang='grc' dir='ltr'>νοῆσαι</span> <span class='ocrx_word' id='word_1_530' title='bbox 1525 3424 1585 3477; x_wconf 84' lang='grc' dir='ltr'>τὸ</span> <span class='ocrx_word' id='word_1_531' title='bbox 1622 3424 1750 3496; x_wconf 74' lang='grc' dir='ltr'>περὶ</span> <span class='ocrx_word' id='word_1_532' title='bbox 1793 3425 1987 3478; x_wconf 86' lang='grc' dir='ltr'>τούτου</span> 
     </span>
    </p>
   </div>
   <div class='ocr_carea' id='block_1_66' title="bbox 409 3514 1987 3586">
    <p class='ocr_par' dir='ltr' id='par_1_66' title="bbox 409 3514 1987 3586">
     <span class='ocr_line' id='line_1_66' title="bbox 409 3514 1987 3586; baseline 0.003 -20"><span class='ocrx_word' id='word_1_533' title='bbox 409 3514 587 3583; x_wconf 87' lang='grc' dir='ltr'>δόγμα</span> <span class='ocrx_word' id='word_1_534' title='bbox 642 3514 732 3567; x_wconf 90' lang='grc' dir='ltr'><strong>διά</strong></span> <span class='ocrx_word' id='word_1_535' title='bbox 763 3532 923 3568; x_wconf 89' lang='grc' dir='ltr'>τινων</span> <span class='ocrx_word' id='word_1_536' title='bbox 955 3514 1063 3568; x_wconf 84' lang='grc' dir='ltr'><strong>τῶν</strong></span> <span class='ocrx_word' id='word_1_537' title='bbox 1098 3517 1241 3577; x_wconf 77' lang='grc' dir='ltr'><strong>κατά</strong></span> <span class='ocrx_word' id='word_1_538' title='bbox 1268 3516 1367 3585; x_wconf 82' lang='grc' dir='ltr'>τὴν</span> <span class='ocrx_word' id='word_1_539' title='bbox 1407 3515 1658 3586; x_wconf 76' lang='grc' dir='ltr'>αἴσθησιν</span> <span class='ocrx_word' id='word_1_540' title='bbox 1691 3518 1821 3586; x_wconf 80' lang='grc' dir='ltr'>ἡμῖν</span> <span class='ocrx_word' id='word_1_541' title='bbox 1844 3534 1987 3586; x_wconf 86' lang='grc' dir='ltr'>γνω-</span> 
     </span>
    </p>
   </div>
   <div class='ocr_carea' id='block_1_67' title="bbox 413 3605 1988 3678">
    <p class='ocr_par' dir='ltr' id='par_1_67' title="bbox 413 3605 1988 3678">
     <span class='ocr_line' id='line_1_67' title="bbox 413 3605 1988 3678; baseline 0.002 -21"><span class='ocrx_word' id='word_1_542' title='bbox 413 3606 733 3675; x_wconf 74' lang='grc' dir='ltr'>ριζομένων.</span> <span class='ocrx_word' id='word_1_543' title='bbox 802 3605 1009 3676; x_wconf 78' lang='grc' dir='ltr'>Μηδεὶς</span> <span class='ocrx_word' id='word_1_544' title='bbox 1049 3606 1106 3659; x_wconf 82' lang='grc' dir='ltr'>δὲ</span> <span class='ocrx_word' id='word_1_545' title='bbox 1163 3606 1518 3678; x_wconf 80' lang='grc' dir='ltr'>ὲπηρεαζέτω</span> <span class='ocrx_word' id='word_1_546' title='bbox 1560 3607 1641 3678; x_wconf 79' lang='grc' dir='ltr'><strong>τῷ</strong></span> <span class='ocrx_word' id='word_1_547' title='bbox 1692 3607 1865 3674; x_wconf 87' lang='grc' dir='ltr'>λόγῳ,</span> <span class='ocrx_word' id='word_1_548' title='bbox 1913 3607 1988 3678; x_wconf 80' lang='grc' dir='ltr'>μὴ</span> 
     </span>
    </p>
   </div>
   <div class='ocr_carea' id='block_1_68' title="bbox 409 3693 1986 3768">
    <p class='ocr_par' dir='ltr' id='par_1_68' title="bbox 409 3693 1986 3768">
     <span class='ocr_line' id='line_1_68' title="bbox 409 3693 1986 3768; baseline 0 -19"><span class='ocrx_word' id='word_1_549' title='bbox 409 3697 696 3767; x_wconf 84' lang='grc' dir='ltr'>δυναμένῳ</span> <span class='ocrx_word' id='word_1_550' title='bbox 728 3699 983 3768; x_wconf 84' lang='grc' dir='ltr'>τοιαύτην</span> <span class='ocrx_word' id='word_1_551' title='bbox 1019 3698 1078 3751; x_wconf 78' lang='grc' dir='ltr'>ὲν</span> <span class='ocrx_word' id='word_1_552' title='bbox 1118 3700 1228 3761; x_wconf 86' lang='grc' dir='ltr'>τοῖς</span> <span class='ocrx_word' id='word_1_553' title='bbox 1269 3693 1419 3752; x_wconf 81' lang='grc' dir='ltr'>οὖσιν</span> <span class='ocrx_word' id='word_1_554' title='bbox 1452 3698 1634 3768; x_wconf 86' lang='grc' dir='ltr'>εὑρεῖν</span> <span class='ocrx_word' id='word_1_555' title='bbox 1682 3697 1866 3750; x_wconf 76' lang='grc' dir='ltr'>εἰκόνα</span> <span class='ocrx_word' id='word_1_556' title='bbox 1893 3697 1986 3751; x_wconf 86' lang='grc' dir='ltr'><strong>τοὺ</strong></span> 
     </span>
    </p>
   </div>
   <div class='ocr_carea' id='block_1_69' title="bbox 411 3790 1988 3862">
    <p class='ocr_par' dir='ltr' id='par_1_69' title="bbox 411 3790 1988 3862">
     <span class='ocr_line' id='line_1_69' title="bbox 411 3790 1988 3862; baseline 0.018 -31"><span class='ocrx_word' id='word_1_557' title='bbox 411 3790 745 3860; x_wconf 77' lang='grc' dir='ltr'>ζητουμένου</span> <span class='ocrx_word' id='word_1_558' title='bbox 771 3830 784 3853; x_wconf 93' lang='grc'><strong>,</strong></span> <span class='ocrx_word' id='word_1_559' title='bbox 830 3790 864 3861; x_wconf 71' lang='grc' dir='ltr'>ἢ</span> <span class='ocrx_word' id='word_1_560' title='bbox 910 3790 1001 3845; x_wconf 87' lang='grc' dir='ltr'>διὰ</span> <span class='ocrx_word' id='word_1_561' title='bbox 1047 3790 1268 3844; x_wconf 79' lang='grc' dir='ltr'>πάντων</span> <span class='ocrx_word' id='word_1_562' title='bbox 1308 3790 1534 3862; x_wconf 84' lang='grc' dir='ltr'>ἀρκέσει</span> <span class='ocrx_word' id='word_1_563' title='bbox 1583 3790 1650 3843; x_wconf 88' lang='grc' dir='ltr'>δι’</span> <span class='ocrx_word' id='word_1_564' title='bbox 1697 3790 1988 3857; x_wconf 67' lang='grc' dir='ltr'>ἀναλογίας</span> 
     </span>
    </p>
   </div>
   <div class='ocr_carea' id='block_1_70' title="bbox 409 3880 1986 3955">
    <p class='ocr_par' dir='ltr' id='par_1_70' title="bbox 409 3880 1986 3955">
     <span class='ocr_line' id='line_1_70' title="bbox 409 3880 1986 3955; baseline 0 -20"><span class='ocrx_word' id='word_1_565' title='bbox 409 3882 555 3945; x_wconf 76' lang='grc' dir='ltr'>τινὸς</span> <span class='ocrx_word' id='word_1_566' title='bbox 602 3882 699 3935; x_wconf 73' lang='grc' dir='ltr'>καὶ</span> <span class='ocrx_word' id='word_1_567' title='bbox 760 3883 1079 3952; x_wconf 83' lang='grc' dir='ltr'>ὁμοιότητος</span> <span class='ocrx_word' id='word_1_568' title='bbox 1132 3882 1269 3955; x_wconf 82' lang='grc' dir='ltr'>πρὸς</span> <span class='ocrx_word' id='word_1_569' title='bbox 1312 3882 1409 3953; x_wconf 88' lang='grc' dir='ltr'>τὴν</span> <span class='ocrx_word' id='word_1_570' title='bbox 1470 3880 1566 3935; x_wconf 80' lang='grc' dir='ltr'>τοῦ</span> <span class='ocrx_word' id='word_1_571' title='bbox 1624 3882 1986 3952; x_wconf 86' lang='grc' dir='ltr'>προκειμένου</span> 
     </span>
    </p>
   </div>
   <div class='ocr_carea' id='block_1_71' title="bbox 412 3972 1985 4045">
    <p class='ocr_par' dir='ltr' id='par_1_71' title="bbox 412 3972 1985 4045">
     <span class='ocr_line' id='line_1_71' title="bbox 412 3972 1985 4045; baseline 0 -19"><span class='ocrx_word' id='word_1_572' title='bbox 412 3974 774 4042; x_wconf 80' lang='grc' dir='ltr'>παράστασιν.</span> <span class='ocrx_word' id='word_1_573' title='bbox 801 3972 1114 4044; x_wconf 85' lang='grc' dir='ltr'>Βουλόμεθα</span> <span class='ocrx_word' id='word_1_574' title='bbox 1144 3974 1253 4045; x_wconf 86' lang='grc' dir='ltr'>γὰρ</span> <span class='ocrx_word' id='word_1_575' title='bbox 1283 3975 1407 4037; x_wconf 77' lang='grc' dir='ltr'>τοὺς</span> <span class='ocrx_word' id='word_1_576' title='bbox 1432 3973 1687 4041; x_wconf 84' lang='grc' dir='ltr'>λέγοντας</span> <span class='ocrx_word' id='word_1_577' title='bbox 1718 3974 1985 4045; x_wconf 86' lang='grc' dir='ltr'>πρότερον</span> 
     </span>
    </p>
   </div>
   <div class='ocr_carea' id='block_1_72' title="bbox 412 4062 1987 4139">
    <p class='ocr_par' dir='ltr' id='par_1_72' title="bbox 412 4062 1987 4139">
     <span class='ocr_line' id='line_1_72' title="bbox 412 4062 1987 4139; baseline 0.002 -22"><span class='ocrx_word' id='word_1_578' title='bbox 412 4065 774 4137; x_wconf 75' lang='grc' dir='ltr'>βεϐουλῆσθαι</span> <span class='ocrx_word' id='word_1_579' title='bbox 812 4066 902 4119; x_wconf 74' lang='grc' dir='ltr'><strong>τὸν</strong></span> <span class='ocrx_word' id='word_1_580' title='bbox 942 4066 1197 4139; x_wconf 81' lang='grc' dir='ltr'>Πατέρα,</span> <span class='ocrx_word' id='word_1_581' title='bbox 1250 4062 1354 4121; x_wconf 86' lang='grc' dir='ltr'>εἷθ’</span> <span class='ocrx_word' id='word_1_582' title='bbox 1388 4064 1561 4131; x_wconf 79' lang='grc' dir='ltr'>οὑτως</span> <span class='ocrx_word' id='word_1_583' title='bbox 1589 4067 1762 4123; x_wconf 81' lang='grc' dir='ltr'>ἐλθεῖν</span> <span class='ocrx_word' id='word_1_584' title='bbox 1793 4069 1885 4122; x_wconf 71' lang='grc' dir='ltr'><strong>ἐπὶ</strong></span> <span class='ocrx_word' id='word_1_585' title='bbox 1925 4066 1987 4121; x_wconf 83' lang='grc' dir='ltr'>τὺ</span> 
     </span>
    </p>
   </div>
   <div class='ocr_carea' id='block_1_73' title="bbox 2088 2961 3674 3035">
    <p class='ocr_par' dir='ltr' id='par_1_73' title="bbox 2088 2961 3674 3035">
     <span class='ocr_line' id='line_1_73' title="bbox 2088 2961 3674 3035; baseline 0.001 -18"><span class='ocrx_word' id='word_1_586' title='bbox 2088 2964 2378 3032; x_wconf 89' lang='lat' dir='ltr'><strong>quisquam</strong></span> <span class='ocrx_word' id='word_1_587' title='bbox 2405 2962 2637 3027; x_wconf 87' lang='lat' dir='ltr'><strong>dubitet,</strong></span> <span class='ocrx_word' id='word_1_588' title='bbox 2668 2962 2944 3031; x_wconf 89' lang='lat' dir='ltr'><strong>quomodo</strong></span> <span class='ocrx_word' id='word_1_589' title='bbox 2973 2964 3137 3017; x_wconf 93' lang='lat' dir='ltr'><strong>etiam</strong></span> <span class='ocrx_word' id='word_1_590' title='bbox 3169 2979 3233 3017; x_wconf 79' lang='lat' dir='ltr'><strong>ex</strong></span> <span class='ocrx_word' id='word_1_591' title='bbox 3269 2961 3429 3018; x_wconf 84' lang='lat' dir='ltr'><strong>Patre</strong></span> <span class='ocrx_word' id='word_1_592' title='bbox 3468 2962 3674 3035; x_wconf 81' lang='lat' dir='ltr'><strong>Unige-</strong></span> 
     </span>
    </p>
   </div>
   <div class='ocr_carea' id='block_1_74' title="bbox 2089 3054 3675 3125">
    <p class='ocr_par' dir='ltr' id='par_1_74' title="bbox 2089 3054 3675 3125">
     <span class='ocr_line' id='line_1_74' title="bbox 2089 3054 3675 3125; baseline 0.001 -18"><span class='ocrx_word' id='word_1_593' title='bbox 2089 3054 2239 3109; x_wconf 85' lang='lat' dir='ltr'><strong>nitus</strong></span> <span class='ocrx_word' id='word_1_594' title='bbox 2269 3068 2393 3109; x_wconf 87' lang='lat' dir='ltr'><strong>esse</strong></span> <span class='ocrx_word' id='word_1_595' title='bbox 2427 3054 2672 3108; x_wconf 83' lang='lat' dir='ltr'><strong>creditur</strong></span> <span class='ocrx_word' id='word_1_596' title='bbox 2700 3061 2755 3108; x_wconf 91' lang='lat' dir='ltr'><strong>et</strong></span> <span class='ocrx_word' id='word_1_597' title='bbox 2794 3064 3039 3110; x_wconf 70' lang='lat' dir='ltr'><strong>tcternus</strong></span> <span class='ocrx_word' id='word_1_598' title='bbox 3071 3064 3176 3121; x_wconf 91' lang='lat' dir='ltr'><strong>est,</strong></span> <span class='ocrx_word' id='word_1_599' title='bbox 3202 3056 3455 3125; x_wconf 83' lang='lat' dir='ltr'><strong>quamvis</strong></span> <span class='ocrx_word' id='word_1_600' title='bbox 3483 3055 3675 3110; x_wconf 85' lang='lat' dir='ltr'><strong>videa-</strong></span> 
     </span>
    </p>
   </div>
   <div class='ocr_carea' id='block_1_75' title="bbox 2092 3147 3671 3221">
    <p class='ocr_par' dir='ltr' id='par_1_75' title="bbox 2092 3147 3671 3221">
     <span class='ocr_line' id='line_1_75' title="bbox 2092 3147 3671 3221; baseline -0.001 -19"><span class='ocrx_word' id='word_1_601' title='bbox 2092 3156 2182 3203; x_wconf 87' lang='lat' dir='ltr'><strong>tur</strong></span> <span class='ocrx_word' id='word_1_602' title='bbox 2213 3149 2514 3204; x_wconf 83' lang='lat' dir='ltr'><strong>secundum</strong></span> <span class='ocrx_word' id='word_1_603' title='bbox 2562 3162 2680 3203; x_wconf 89' lang='lat' dir='ltr'><strong>eam</strong></span> <span class='ocrx_word' id='word_1_604' title='bbox 2711 3162 2831 3216; x_wconf 81' lang='lat' dir='ltr'><strong>quae</strong></span> <span class='ocrx_word' id='word_1_605' title='bbox 2868 3147 3045 3215; x_wconf 91' lang='lat' dir='ltr'><strong>primo</strong></span> <span class='ocrx_word' id='word_1_606' title='bbox 3090 3154 3146 3202; x_wconf 89' lang='lat' dir='ltr'><strong>et</strong></span> <span class='ocrx_word' id='word_1_607' title='bbox 3180 3147 3233 3200; x_wconf 91' lang='lat' dir='ltr'><strong>in</strong></span> <span class='ocrx_word' id='word_1_608' title='bbox 3283 3157 3536 3217; x_wconf 85' lang='lat' dir='ltr'><strong>promptu</strong></span> <span class='ocrx_word' id='word_1_609' title='bbox 3573 3164 3671 3221; x_wconf 76' lang='lat' dir='ltr'><strong>ap—</strong></span> 
     </span>
    </p>
   </div>
   <div class='ocr_carea' id='block_1_76' title="bbox 2092 3237 3673 3307">
    <p class='ocr_par' dir='ltr' id='par_1_76' title="bbox 2092 3237 3673 3307">
     <span class='ocr_line' id='line_1_76' title="bbox 2092 3237 3673 3307; baseline 0.001 -16"><span class='ocrx_word' id='word_1_610' title='bbox 2092 3248 2248 3307; x_wconf 87' lang='lat' dir='ltr'><strong>paret</strong></span> <span class='ocrx_word' id='word_1_611' title='bbox 2278 3238 2555 3299; x_wconf 86' lang='lat' dir='ltr'><strong>notitiam,</strong></span> <span class='ocrx_word' id='word_1_612' title='bbox 2596 3252 2778 3292; x_wconf 82' lang='lat' dir='ltr'><strong>sermo</strong></span> <span class='ocrx_word' id='word_1_613' title='bbox 2809 3237 3048 3290; x_wconf 81' lang='lat' dir='ltr'><strong>sermoni</strong></span> <span class='ocrx_word' id='word_1_614' title='bbox 3101 3252 3209 3289; x_wconf 91' lang='lat' dir='ltr'><strong>non</strong></span> <span class='ocrx_word' id='word_1_615' title='bbox 3251 3238 3570 3305; x_wconf 91' lang='lat' dir='ltr'><strong>convenire,</strong></span> <span class='ocrx_word' id='word_1_616' title='bbox 3618 3246 3673 3293; x_wconf 86' lang='lat' dir='ltr'><strong>et</strong></span> 
     </span>
    </p>
   </div>
   <div class='ocr_carea' id='block_1_77' title="bbox 2088 3327 3670 3401">
    <p class='ocr_par' dir='ltr' id='par_1_77' title="bbox 2088 3327 3670 3401">
     <span class='ocr_line' id='line_1_77' title="bbox 2088 3327 3670 3401; baseline -0.001 -16"><span class='ocrx_word' id='word_1_617' title='bbox 2088 3330 2182 3401; x_wconf 91' lang='lat' dir='ltr'><strong>qui</strong></span> <span class='ocrx_word' id='word_1_618' title='bbox 2213 3346 2280 3385; x_wconf 77' lang='lat' dir='ltr'><strong>ex</strong></span> <span class='ocrx_word' id='word_1_619' title='bbox 2325 3328 2487 3384; x_wconf 80' lang='lat' dir='ltr'><strong>Patre</strong></span> <span class='ocrx_word' id='word_1_620' title='bbox 2515 3328 2695 3399; x_wconf 88' lang='lat' dir='ltr'><strong>ipsum</strong></span> <span class='ocrx_word' id='word_1_621' title='bbox 2726 3343 2848 3384; x_wconf 88' lang='lat' dir='ltr'><strong>esse</strong></span> <span class='ocrx_word' id='word_1_622' title='bbox 2886 3327 3040 3394; x_wconf 89' lang='lat' dir='ltr'><strong>dicit,</strong></span> <span class='ocrx_word' id='word_1_623' title='bbox 3089 3336 3143 3382; x_wconf 94' lang='lat' dir='ltr'><strong>et</strong></span> <span class='ocrx_word' id='word_1_624' title='bbox 3169 3328 3261 3398; x_wconf 91' lang='lat' dir='ltr'><strong>qui</strong></span> <span class='ocrx_word' id='word_1_625' title='bbox 3306 3329 3670 3383; x_wconf 75' lang='lat' dir='ltr'><strong>aeternitatem</strong></span> 
     </span>
    </p>
   </div>
   <div class='ocr_carea' id='block_1_78' title="bbox 2090 3418 3670 3491">
    <p class='ocr_par' dir='ltr' id='par_1_78' title="bbox 2090 3418 3670 3491">
     <span class='ocr_line' id='line_1_78' title="bbox 2090 3418 3670 3491; baseline -0.002 -14"><span class='ocrx_word' id='word_1_626' title='bbox 2090 3420 2194 3491; x_wconf 92' lang='lat' dir='ltr'><strong>ipsi</strong></span> <span class='ocrx_word' id='word_1_627' title='bbox 2234 3420 2506 3476; x_wconf 83' lang='lat' dir='ltr'><strong>attribuit.</strong></span> <span class='ocrx_word' id='word_1_628' title='bbox 2543 3418 2697 3486; x_wconf 86' lang='lat' dir='ltr'><strong>Quod</strong></span> <span class='ocrx_word' id='word_1_629' title='bbox 2744 3418 2792 3476; x_wconf 89' lang='lat' dir='ltr'><strong>si</strong></span> <span class='ocrx_word' id='word_1_630' title='bbox 2842 3419 2951 3474; x_wconf 89' lang='lat' dir='ltr'><strong>alio</strong></span> <span class='ocrx_word' id='word_1_631' title='bbox 2990 3427 3317 3489; x_wconf 89' lang='lat' dir='ltr'><strong>argumento</strong></span> <span class='ocrx_word' id='word_1_632' title='bbox 3359 3434 3670 3474; x_wconf 89' lang='lat' dir='ltr'><strong>sermonem</strong></span> 
     </span>
    </p>
   </div>
   <div class='ocr_carea' id='block_1_79' title="bbox 2088 3496 3670 3583">
    <p class='ocr_par' dir='ltr' id='par_1_79' title="bbox 2088 3496 3670 3583">
     <span class='ocr_line' id='line_1_79' title="bbox 2088 3496 3670 3583; baseline -0.001 -15"><span class='ocrx_word' id='word_1_633' title='bbox 2088 3522 2304 3582; x_wconf 88' lang='lat' dir='ltr'><strong>oportet</strong></span> <span class='ocrx_word' id='word_1_634' title='bbox 2343 3512 2691 3579; x_wconf 83' lang='lat' dir='ltr'><strong>confirmare,</strong></span> <span class='ocrx_word' id='word_1_635' title='bbox 2723 3511 2951 3583; x_wconf 87' lang='lat' dir='ltr'><strong>intelligi</strong></span> <span class='ocrx_word' id='word_1_636' title='bbox 2989 3522 3174 3582; x_wconf 85' lang='lat' dir='ltr'><strong>posset</strong></span> <span class='ocrx_word' id='word_1_637' title='bbox 3210 3512 3375 3580; x_wconf 89' lang='lat' dir='ltr'><strong>hujus</strong></span> <span class='ocrx_word' id='word_1_638' title='bbox 3402 3496 3670 3567; x_wconf 75' lang='lat' dir='ltr'><strong>assertio-</strong></span> 
     </span>
    </p>
   </div>
   <div class='ocr_carea' id='block_1_80' title="bbox 2089 3603 3670 3674">
    <p class='ocr_par' dir='ltr' id='par_1_80' title="bbox 2089 3603 3670 3674">
     <span class='ocr_line' id='line_1_80' title="bbox 2089 3603 3670 3674; baseline 0 -14"><span class='ocrx_word' id='word_1_639' title='bbox 2089 3606 2176 3660; x_wconf 90' lang='lat' dir='ltr'><strong>nis</strong></span> <span class='ocrx_word' id='word_1_640' title='bbox 2220 3606 2422 3661; x_wconf 85' lang='lat' dir='ltr'><strong>veritas</strong></span> <span class='ocrx_word' id='word_1_641' title='bbox 2467 3621 2534 3658; x_wconf 79' lang='lat' dir='ltr'><strong>ex</strong></span> <span class='ocrx_word' id='word_1_642' title='bbox 2596 3604 2929 3672; x_wconf 87' lang='lat' dir='ltr'><strong>quibusdam</strong></span> <span class='ocrx_word' id='word_1_643' title='bbox 2957 3619 3077 3674; x_wconf 64' lang='lat' dir='ltr'><strong>quae</strong></span> <span class='ocrx_word' id='word_1_644' title='bbox 3128 3604 3386 3660; x_wconf 89' lang='lat' dir='ltr'><strong>sensibus</strong></span> <span class='ocrx_word' id='word_1_645' title='bbox 3432 3618 3461 3657; x_wconf 90' lang='lat' dir='ltr'><strong>a</strong></span> <span class='ocrx_word' id='word_1_646' title='bbox 3510 3603 3670 3660; x_wconf 88' lang='lat' dir='ltr'><strong>nobis</strong></span> 
     </span>
    </p>
   </div>
   <div class='ocr_carea' id='block_1_81' title="bbox 2089 3695 3670 3766">
    <p class='ocr_par' dir='ltr' id='par_1_81' title="bbox 2089 3695 3670 3766">
     <span class='ocr_line' id='line_1_81' title="bbox 2089 3695 3670 3766; baseline -0.001 -15"><span class='ocrx_word' id='word_1_647' title='bbox 2089 3697 2494 3766; x_wconf 76' lang='lat' dir='ltr'><strong>percipiuntur.</strong></span> <span class='ocrx_word' id='word_1_648' title='bbox 2528 3695 2725 3751; x_wconf 85' lang='lat' dir='ltr'><strong>Nullus</strong></span> <span class='ocrx_word' id='word_1_649' title='bbox 2757 3704 2939 3752; x_wconf 86' lang='lat' dir='ltr'><strong>autem</strong></span> <span class='ocrx_word' id='word_1_650' title='bbox 2975 3711 3285 3752; x_wconf 86' lang='lat' dir='ltr'><strong>sermonem</strong></span> <span class='ocrx_word' id='word_1_651' title='bbox 3338 3697 3453 3751; x_wconf 86' lang='lat' dir='ltr'><strong>risu</strong></span> <span class='ocrx_word' id='word_1_652' title='bbox 3490 3706 3544 3752; x_wconf 91' lang='lat' dir='ltr'><strong>et</strong></span> <span class='ocrx_word' id='word_1_653' title='bbox 3576 3711 3670 3751; x_wconf 91' lang='lat' dir='ltr'><strong>ca-</strong></span> 
     </span>
    </p>
   </div>
   <div class='ocr_carea' id='block_1_82' title="bbox 2088 3788 3669 3859">
    <p class='ocr_par' dir='ltr' id='par_1_82' title="bbox 2088 3788 3669 3859">
     <span class='ocr_line' id='line_1_82' title="bbox 2088 3788 3669 3859; baseline 0 -15"><span class='ocrx_word' id='word_1_654' title='bbox 2088 3790 2308 3844; x_wconf 86' lang='lat' dir='ltr'><strong>chinnis</strong></span> <span class='ocrx_word' id='word_1_655' title='bbox 2354 3788 2614 3859; x_wconf 80' lang='lat' dir='ltr'><strong>excipiat,</strong></span> <span class='ocrx_word' id='word_1_656' title='bbox 2645 3790 2791 3859; x_wconf 90' lang='lat' dir='ltr'><strong>quod</strong></span> <span class='ocrx_word' id='word_1_657' title='bbox 2833 3797 3069 3858; x_wconf 86' lang='lat' dir='ltr'><strong>nequeat</strong></span> <span class='ocrx_word' id='word_1_658' title='bbox 3114 3789 3361 3844; x_wconf 89' lang='lat' dir='ltr'><strong>invenire</strong></span> <span class='ocrx_word' id='word_1_659' title='bbox 3412 3790 3575 3844; x_wconf 87' lang='lat' dir='ltr'><strong>talem</strong></span> <span class='ocrx_word' id='word_1_660' title='bbox 3612 3791 3669 3844; x_wconf 91' lang='lat' dir='ltr'><strong>in</strong></span> 
     </span>
    </p>
   </div>
   <div class='ocr_carea' id='block_1_83' title="bbox 2089 3880 3669 3952">
    <p class='ocr_par' dir='ltr' id='par_1_83' title="bbox 2089 3880 3669 3952">
     <span class='ocr_line' id='line_1_83' title="bbox 2089 3880 3669 3952; baseline 0 -17"><span class='ocrx_word' id='word_1_661' title='bbox 2089 3881 2176 3937; x_wconf 86' lang='lat' dir='ltr'><strong>his</strong></span> <span class='ocrx_word' id='word_1_662' title='bbox 2203 3896 2325 3950; x_wconf 73' lang='lat' dir='ltr'><strong>quae</strong></span> <span class='ocrx_word' id='word_1_663' title='bbox 2357 3892 2487 3935; x_wconf 88' lang='lat' dir='ltr'><strong>sunt</strong></span> <span class='ocrx_word' id='word_1_664' title='bbox 2515 3880 2570 3934; x_wconf 94' lang='lat' dir='ltr'><strong>in</strong></span> <span class='ocrx_word' id='word_1_665' title='bbox 2599 3896 2784 3936; x_wconf 88' lang='lat' dir='ltr'><strong>rerum</strong></span> <span class='ocrx_word' id='word_1_666' title='bbox 2822 3890 3043 3945; x_wconf 88' lang='lat' dir='ltr'><strong>natura,</strong></span> <span class='ocrx_word' id='word_1_667' title='bbox 3066 3880 3186 3950; x_wconf 89' lang='lat' dir='ltr'><strong>ejus</strong></span> <span class='ocrx_word' id='word_1_668' title='bbox 3220 3880 3366 3952; x_wconf 84' lang='lat' dir='ltr'><strong>quod</strong></span> <span class='ocrx_word' id='word_1_669' title='bbox 3403 3882 3669 3951; x_wconf 76' lang='lat' dir='ltr'><strong>quaeritur</strong></span> 
     </span>
    </p>
   </div>
   <div class='ocr_carea' id='block_1_84' title="bbox 2089 3969 3670 4042">
    <p class='ocr_par' dir='ltr' id='par_1_84' title="bbox 2089 3969 3670 4042">
     <span class='ocr_line' id='line_1_84' title="bbox 2089 3969 3670 4042; baseline 0.002 -17"><span class='ocrx_word' id='word_1_670' title='bbox 2089 3971 2408 4040; x_wconf 84' lang='lat' dir='ltr'><strong>imaginem,</strong></span> <span class='ocrx_word' id='word_1_671' title='bbox 2460 3986 2583 4040; x_wconf 71' lang='lat' dir='ltr'><strong>qua:</strong></span> <span class='ocrx_word' id='word_1_672' title='bbox 2634 3986 2732 4040; x_wconf 90' lang='lat' dir='ltr'><strong>per</strong></span> <span class='ocrx_word' id='word_1_673' title='bbox 2778 3972 2963 4026; x_wconf 87' lang='lat' dir='ltr'><strong>omnia</strong></span> <span class='ocrx_word' id='word_1_674' title='bbox 3019 3969 3270 4036; x_wconf 79' lang='lat' dir='ltr'><strong>suiliciat,</strong></span> <span class='ocrx_word' id='word_1_675' title='bbox 3315 3972 3670 4042; x_wconf 81' lang='lat' dir='ltr'><strong>proportione</strong></span> 
     </span>
    </p>
   </div>
   <div class='ocr_carea' id='block_1_85' title="bbox 2086 4046 3664 4133">
    <p class='ocr_par' dir='ltr' id='par_1_85' title="bbox 2086 4046 3664 4133">
     <span class='ocr_line' id='line_1_85' title="bbox 2086 4046 3664 4133; baseline 0.003 -18"><span class='ocrx_word' id='word_1_676' title='bbox 2086 4063 2320 4132; x_wconf 85' lang='lat' dir='ltr'><strong>quadam</strong></span> <span class='ocrx_word' id='word_1_677' title='bbox 2366 4071 2421 4119; x_wconf 90' lang='lat' dir='ltr'><strong>et</strong></span> <span class='ocrx_word' id='word_1_678' title='bbox 2465 4063 2825 4121; x_wconf 85' lang='lat' dir='ltr'><strong>similitudine</strong></span> <span class='ocrx_word' id='word_1_679' title='bbox 2858 4046 3200 4133; x_wconf 81' lang='lat' dir='ltr'><strong>propositum</strong></span> <span class='ocrx_word' id='word_1_680' title='bbox 3246 4073 3664 4132; x_wconf 69' lang='lat' dir='ltr'><strong>reprtesentare.</strong></span> 
     </span>
    </p>
   </div>
   <div class='ocr_carea' id='block_1_86' title="bbox 408 4153 1990 4231">
    <p class='ocr_par' dir='ltr' id='par_1_86' title="bbox 408 4158 1985 4231">
     <span class='ocr_line' id='line_1_86' title="bbox 408 4158 1985 4231; baseline 0.001 -19"><span class='ocrx_word' id='word_1_681' title='bbox 408 4158 664 4225; x_wconf 83' lang='grc' dir='ltr'>γενέσθαι</span> <span class='ocrx_word' id='word_1_682' title='bbox 701 4160 918 4230; x_wconf 84' lang='grc' dir='ltr'>Πατέρα</span> <span class='ocrx_word' id='word_1_683' title='bbox 938 4200 954 4226; x_wconf 88' lang='grc'><strong>,</strong></span> <span class='ocrx_word' id='word_1_684' title='bbox 982 4160 1078 4213; x_wconf 78' lang='grc' dir='ltr'>καὶ</span> <span class='ocrx_word' id='word_1_685' title='bbox 1102 4159 1194 4213; x_wconf 84' lang='grc' dir='ltr'>διὰ</span> <span class='ocrx_word' id='word_1_686' title='bbox 1223 4160 1413 4213; x_wconf 87' lang='grc' dir='ltr'>τούτου</span> <span class='ocrx_word' id='word_1_687' title='bbox 1437 4160 1499 4214; x_wconf 85' lang='grc' dir='ltr'>τὸ</span> <span class='ocrx_word' id='word_1_688' title='bbox 1526 4160 1985 4231; x_wconf 87' lang='grc' dir='ltr'>μεταγενέστερον</span> 
     </span>
    </p>
   </div>
   <div class='ocr_carea' id='block_1_87' title="bbox 2092 4153 3670 4231">
    <p class='ocr_par' dir='ltr' id='par_1_87' title="bbox 2092 4153 3670 4225">
     <span class='ocr_line' id='line_1_87' title="bbox 2092 4153 3670 4225; baseline 0.001 -17"><span class='ocrx_word' id='word_1_689' title='bbox 2092 4153 2360 4211; x_wconf 78' lang='lat' dir='ltr'><strong>Volumus</strong></span> <span class='ocrx_word' id='word_1_690' title='bbox 2403 4156 2553 4211; x_wconf 82' lang='lat' dir='ltr'><strong>enim</strong></span> <span class='ocrx_word' id='word_1_691' title='bbox 2586 4164 2647 4209; x_wconf 89' lang='lat' dir='ltr'><strong>ut</strong></span> <span class='ocrx_word' id='word_1_692' title='bbox 2678 4156 2769 4212; x_wconf 88' lang='lat' dir='ltr'><strong>isti</strong></span> <span class='ocrx_word' id='word_1_693' title='bbox 2799 4156 2893 4225; x_wconf 85' lang='lat' dir='ltr'><strong>qui</strong></span> <span class='ocrx_word' id='word_1_694' title='bbox 2921 4154 3115 4209; x_wconf 89' lang='lat' dir='ltr'><strong>dicunt</strong></span> <span class='ocrx_word' id='word_1_695' title='bbox 3145 4154 3298 4224; x_wconf 89' lang='lat' dir='ltr'><strong>prius</strong></span> <span class='ocrx_word' id='word_1_696' title='bbox 3328 4153 3543 4209; x_wconf 88' lang='lat' dir='ltr'><strong>Patrem</strong></span> <span class='ocrx_word' id='word_1_697' title='bbox 3579 4170 3670 4210; x_wconf 87' lang='lat' dir='ltr'><strong>vo-</strong></span> 
     </span>
    </p>
   </div>
   <div class='ocr_carea' id='block_1_88' title="bbox 406 4218 1990 4322">
    <p class='ocr_par' dir='ltr' id='par_1_88' title="bbox 406 4247 1986 4322">
     <span class='ocr_line' id='line_1_88' title="bbox 406 4247 1986 4322; baseline 0.001 -18"><span class='ocrx_word' id='word_1_698' title='bbox 406 4251 486 4322; x_wconf 83' lang='grc' dir='ltr'>τῷ</span> <span class='ocrx_word' id='word_1_699' title='bbox 514 4253 675 4322; x_wconf 83' lang='grc' dir='ltr'>Λόγῳ</span> <span class='ocrx_word' id='word_1_700' title='bbox 697 4253 1237 4319; x_wconf 74' lang='grc' dir='ltr'>κατασκευάζοντας,</span> <span class='ocrx_word' id='word_1_701' title='bbox 1256 4255 1443 4308; x_wconf 84' lang='grc' dir='ltr'>πεῖσαι</span> <span class='ocrx_word' id='word_1_702' title='bbox 1472 4253 1536 4307; x_wconf 86' lang='grc' dir='ltr'>δι’</span> <span class='ocrx_word' id='word_1_703' title='bbox 1564 4247 1642 4307; x_wconf 82' lang='grc' dir='ltr'>ὦν</span> <span class='ocrx_word' id='word_1_704' title='bbox 1675 4252 1742 4307; x_wconf 85' lang='grc' dir='ltr'><strong>ἂν</strong></span> <span class='ocrx_word' id='word_1_705' title='bbox 1772 4254 1986 4321; x_wconf 86' lang='grc' dir='ltr'>γένοιτο</span> 
     </span>
    </p>
   </div>
   <div class='ocr_carea' id='block_1_89' title="bbox 2092 4218 3663 4322">
    <p class='ocr_par' dir='ltr' id='par_1_89' title="bbox 2092 4218 3663 4311">
     <span class='ocr_line' id='line_1_89' title="bbox 2092 4218 3663 4311; baseline -0.001 -10"><span class='ocrx_word' id='word_1_706' title='bbox 2092 4247 2284 4310; x_wconf 85' lang='lat' dir='ltr'><strong>luisse,</strong></span> <span class='ocrx_word' id='word_1_707' title='bbox 2320 4246 2518 4303; x_wconf 84' lang='lat' dir='ltr'><strong>deinde</strong></span> <span class='ocrx_word' id='word_1_708' title='bbox 2544 4248 2626 4303; x_wconf 86' lang='lat' dir='ltr'><strong>sic</strong></span> <span class='ocrx_word' id='word_1_709' title='bbox 2658 4218 2878 4303; x_wconf 72' lang='lat' dir='ltr'><strong>venisse</strong></span> <span class='ocrx_word' id='word_1_710' title='bbox 2908 4245 2974 4300; x_wconf 87' lang='lat' dir='ltr'><strong>ad</strong></span> <span class='ocrx_word' id='word_1_711' title='bbox 3001 4245 3076 4311; x_wconf 92' lang='lat' dir='ltr'><strong>id,</strong></span> <span class='ocrx_word' id='word_1_712' title='bbox 3107 4218 3166 4298; x_wconf 78' lang='grc' dir='ltr'>υἱ</span> <span class='ocrx_word' id='word_1_713' title='bbox 3203 4243 3366 4298; x_wconf 88' lang='lat' dir='ltr'><strong>Pater</strong></span> <span class='ocrx_word' id='word_1_714' title='bbox 3398 4246 3577 4309; x_wconf 83' lang='lat' dir='ltr'><strong>fieret,</strong></span> <span class='ocrx_word' id='word_1_715' title='bbox 3607 4254 3663 4300; x_wconf 89' lang='lat' dir='ltr'><strong>et</strong></span> 
     </span>
    </p>
   </div>
   <div class='ocr_carea' id='block_1_90' title="bbox 406 4342 1990 4417">
    <p class='ocr_par' dir='ltr' id='par_1_90' title="bbox 406 4342 1990 4417">
     <span class='ocr_line' id='line_1_90' title="bbox 406 4342 1990 4417; baseline 0.002 -22"><span class='ocrx_word' id='word_1_716' title='bbox 406 4342 631 4396; x_wconf 80' lang='grc' dir='ltr'>δυνατὸν</span> <span class='ocrx_word' id='word_1_717' title='bbox 659 4346 790 4414; x_wconf 84' lang='grc' dir='ltr'>ἡμῖν</span> <span class='ocrx_word' id='word_1_718' title='bbox 824 4343 1258 4414; x_wconf 84' lang='grc' dir='ltr'>ὑποδειγμάτων.</span> <span class='ocrx_word' id='word_1_719' title='bbox 1291 4346 1552 4415; x_wconf 85' lang='grc' dir='ltr'>μετάγειν</span> <span class='ocrx_word' id='word_1_720' title='bbox 1586 4345 1723 4417; x_wconf 79' lang='grc' dir='ltr'>πρὸς</span> <span class='ocrx_word' id='word_1_721' title='bbox 1746 4345 1809 4398; x_wconf 87' lang='grc' dir='ltr'><strong>τὸ</strong></span> <span class='ocrx_word' id='word_1_722' title='bbox 1838 4344 1990 4399; x_wconf 57' lang='grc' dir='ltr'>εὑσεε</span> 
     </span>
    </p>
   </div>
   <div class='ocr_carea' id='block_1_91' title="bbox 406 4435 1985 4509">
    <p class='ocr_par' dir='ltr' id='par_1_91' title="bbox 406 4435 1985 4509">
     <span class='ocr_line' id='line_1_91' title="bbox 406 4435 1985 4509; baseline 0.003 -22"><span class='ocrx_word' id='word_1_723' title='bbox 406 4436 498 4497; x_wconf 77' lang='grc' dir='ltr'><strong>ὅὲς</strong></span> <span class='ocrx_word' id='word_1_724' title='bbox 525 4435 623 4506; x_wconf 80' lang='grc' dir='ltr'>τὴν</span> <span class='ocrx_word' id='word_1_725' title='bbox 649 4436 888 4490; x_wconf 87' lang='grc' dir='ltr'>διάνοιαν</span> <span class='ocrx_word' id='word_1_726' title='bbox 909 4453 923 4469; x_wconf 77' lang='grc' dir='ltr'><strong>ο</strong></span> <span class='ocrx_word' id='word_1_727' title='bbox 953 4436 1078 4490; x_wconf 75' lang='grc' dir='ltr'>οὔτε</span> <span class='ocrx_word' id='word_1_728' title='bbox 1117 4438 1225 4508; x_wconf 83' lang='grc' dir='ltr'>γὰρ</span> <span class='ocrx_word' id='word_1_729' title='bbox 1251 4440 1284 4508; x_wconf 79' lang='grc' dir='ltr'>ἡ</span> <span class='ocrx_word' id='word_1_730' title='bbox 1320 4440 1523 4509; x_wconf 79' lang='grc' dir='ltr'>ἀμεσος</span> <span class='ocrx_word' id='word_1_731' title='bbox 1549 4438 1689 4507; x_wconf 78' lang='grc' dir='ltr'>αὕτη</span> <span class='ocrx_word' id='word_1_732' title='bbox 1720 4438 1985 4508; x_wconf 83' lang='grc' dir='ltr'>συνάφεια</span> 
     </span>
    </p>
   </div>
   <div class='ocr_carea' id='block_1_92' title="bbox 403 4527 1988 4600">
    <p class='ocr_par' dir='ltr' id='par_1_92' title="bbox 403 4527 1988 4600">
     <span class='ocr_line' id='line_1_92' title="bbox 403 4527 1988 4600; baseline 0.002 -20"><span class='ocrx_word' id='word_1_733' title='bbox 403 4527 658 4583; x_wconf 76' lang='grc' dir='ltr'>ἐκϐάλλει</span> <span class='ocrx_word' id='word_1_734' title='bbox 692 4529 790 4599; x_wconf 82' lang='grc' dir='ltr'>τὴν</span> <span class='ocrx_word' id='word_1_735' title='bbox 822 4528 1074 4600; x_wconf 86' lang='grc' dir='ltr'>βούλησιν</span> <span class='ocrx_word' id='word_1_736' title='bbox 1095 4528 1188 4581; x_wconf 82' lang='grc' dir='ltr'><strong>τοῦ</strong></span> <span class='ocrx_word' id='word_1_737' title='bbox 1216 4529 1451 4600; x_wconf 84' lang='grc' dir='ltr'>Πατρὺς,</span> <span class='ocrx_word' id='word_1_738' title='bbox 1468 4530 1544 4593; x_wconf 86' lang='grc' dir='ltr'>ὡς</span> <span class='ocrx_word' id='word_1_739' title='bbox 1574 4530 1717 4585; x_wconf 88' lang='grc' dir='ltr'>κατά</span> <span class='ocrx_word' id='word_1_740' title='bbox 1743 4547 1865 4583; x_wconf 90' lang='grc' dir='ltr'>τινα</span> <span class='ocrx_word' id='word_1_741' title='bbox 1890 4530 1988 4600; x_wconf 82' lang='grc' dir='ltr'><strong>φύ-</strong></span> 
     </span>
    </p>
   </div>
   <div class='ocr_carea' id='block_1_93' title="bbox 406 4621 1981 4694">
    <p class='ocr_par' dir='ltr' id='par_1_93' title="bbox 406 4621 1981 4694">
     <span class='ocr_line' id='line_1_93' title="bbox 406 4621 1981 4694; baseline 0.003 -22"><span class='ocrx_word' id='word_1_742' title='bbox 406 4636 546 4683; x_wconf 90' lang='grc' dir='ltr'>σεως</span> <span class='ocrx_word' id='word_1_743' title='bbox 600 4621 846 4691; x_wconf 86' lang='grc' dir='ltr'>ἀνάγκην</span> <span class='ocrx_word' id='word_1_744' title='bbox 897 4621 1276 4692; x_wconf 85' lang='grc' dir='ltr'>ἀπροαιρέτως</span> <span class='ocrx_word' id='word_1_745' title='bbox 1325 4621 1417 4674; x_wconf 83' lang='grc' dir='ltr'><strong>τὸν</strong></span> <span class='ocrx_word' id='word_1_746' title='bbox 1473 4621 1604 4675; x_wconf 78' lang='grc' dir='ltr'>Υἱδν</span> <span class='ocrx_word' id='word_1_747' title='bbox 1654 4622 1981 4694; x_wconf 76' lang='grc' dir='ltr'>ἐσχηκότοςο</span> 
     </span>
    </p>
   </div>
   <div class='ocr_carea' id='block_1_94' title="bbox 406 4710 1985 4785">
    <p class='ocr_par' dir='ltr' id='par_1_94' title="bbox 406 4710 1985 4785">
     <span class='ocr_line' id='line_1_94' title="bbox 406 4710 1985 4785; baseline 0.004 -21"><span class='ocrx_word' id='word_1_748' title='bbox 406 4710 531 4765; x_wconf 76' lang='grc' dir='ltr'>οὔτε</span> <span class='ocrx_word' id='word_1_749' title='bbox 565 4714 599 4783; x_wconf 82' lang='grc' dir='ltr'>ἡ</span> <span class='ocrx_word' id='word_1_750' title='bbox 625 4712 880 4783; x_wconf 82' lang='grc' dir='ltr'>βούλησις</span> <span class='ocrx_word' id='word_1_751' title='bbox 907 4712 1144 4785; x_wconf 79' lang='grc' dir='ltr'>διίστησι</span> <span class='ocrx_word' id='word_1_752' title='bbox 1173 4713 1264 4766; x_wconf 75' lang='grc' dir='ltr'>τοῦ</span> <span class='ocrx_word' id='word_1_753' title='bbox 1297 4712 1509 4783; x_wconf 83' lang='grc' dir='ltr'>Πατρὸς</span> <span class='ocrx_word' id='word_1_754' title='bbox 1537 4712 1628 4766; x_wconf 73' lang='grc' dir='ltr'>τὸν</span> <span class='ocrx_word' id='word_1_755' title='bbox 1653 4714 1802 4781; x_wconf 78' lang='grc' dir='ltr'>Υἱὺν,</span> <span class='ocrx_word' id='word_1_756' title='bbox 1838 4715 1985 4781; x_wconf 84' lang='grc' dir='ltr'>ὦςτι</span> 
     </span>
    </p>
   </div>
   <div class='ocr_carea' id='block_1_95' title="bbox 403 4801 1983 4874">
    <p class='ocr_par' dir='ltr' id='par_1_95' title="bbox 403 4801 1983 4874">
     <span class='ocr_line' id='line_1_95' title="bbox 403 4801 1983 4874; baseline 0.004 -20"><span class='ocrx_word' id='word_1_757' title='bbox 403 4801 679 4872; x_wconf 84' lang='grc' dir='ltr'>διάστημα</span> <span class='ocrx_word' id='word_1_758' title='bbox 720 4802 921 4874; x_wconf 80' lang='grc' dir='ltr'>μεταξὺ</span> <span class='ocrx_word' id='word_1_759' title='bbox 967 4802 1452 4873; x_wconf 81' lang='grc' dir='ltr'>παρεμπίπτουσα.</span> <span class='ocrx_word' id='word_1_760' title='bbox 1501 4803 1588 4866; x_wconf 82' lang='grc' dir='ltr'>Ὠς</span> <span class='ocrx_word' id='word_1_761' title='bbox 1618 4805 1755 4874; x_wconf 83' lang='grc' dir='ltr'>μήτε</span> <span class='ocrx_word' id='word_1_762' title='bbox 1785 4804 1983 4860; x_wconf 72' lang='grc' dir='ltr'>ἐκϐάλ-</span> 
     </span>
    </p>
   </div>
   <div class='ocr_carea' id='block_1_96' title="bbox 405 4892 1988 4966">
    <p class='ocr_par' dir='ltr' id='par_1_96' title="bbox 405 4892 1988 4966">
     <span class='ocr_line' id='line_1_96' title="bbox 405 4892 1988 4966; baseline 0.003 -21"><span class='ocrx_word' id='word_1_763' title='bbox 405 4892 516 4947; x_wconf 85' lang='grc' dir='ltr'>λειν</span> <span class='ocrx_word' id='word_1_764' title='bbox 540 4893 633 4947; x_wconf 82' lang='grc' dir='ltr'>τοῦ</span> <span class='ocrx_word' id='word_1_765' title='bbox 662 4894 929 4965; x_wconf 85' lang='grc' dir='ltr'>δόγματος</span> <span class='ocrx_word' id='word_1_766' title='bbox 964 4894 1062 4965; x_wconf 81' lang='grc' dir='ltr'>τὴν</span> <span class='ocrx_word' id='word_1_767' title='bbox 1087 4894 1182 4947; x_wconf 78' lang='grc' dir='ltr'>ἐπὶ</span> <span class='ocrx_word' id='word_1_768' title='bbox 1209 4892 1286 4963; x_wconf 81' lang='grc' dir='ltr'>τῷ</span> <span class='ocrx_word' id='word_1_769' title='bbox 1317 4894 1433 4964; x_wconf 80' lang='grc' dir='ltr'>Υῖῴ</span> <span class='ocrx_word' id='word_1_770' title='bbox 1463 4893 1716 4966; x_wconf 84' lang='grc' dir='ltr'>βούλησιν</span> <span class='ocrx_word' id='word_1_771' title='bbox 1745 4896 1841 4949; x_wconf 82' lang='grc' dir='ltr'>τοῦ</span> <span class='ocrx_word' id='word_1_772' title='bbox 1864 4914 1988 4965; x_wconf 82' lang='grc' dir='ltr'>γεν-</span> 
     </span>
    </p>
   </div>
   <div class='ocr_carea' id='block_1_97' title="bbox 2096 4335 3667 4408">
    <p class='ocr_par' dir='ltr' id='par_1_97' title="bbox 2096 4335 3667 4408">
     <span class='ocr_line' id='line_1_97' title="bbox 2096 4335 3667 4408; baseline 0.001 -17"><span class='ocrx_word' id='word_1_773' title='bbox 2096 4353 2195 4408; x_wconf 87' lang='lat' dir='ltr'><strong>per</strong></span> <span class='ocrx_word' id='word_1_774' title='bbox 2241 4339 2346 4392; x_wconf 87' lang='lat' dir='ltr'><strong>hoc</strong></span> <span class='ocrx_word' id='word_1_775' title='bbox 2378 4338 2839 4407; x_wconf 85' lang='lat' dir='ltr'><strong>posterioritatem</strong></span> <span class='ocrx_word' id='word_1_776' title='bbox 2880 4335 3060 4391; x_wconf 82' lang='lat' dir='ltr'><strong>Verbo</strong></span> <span class='ocrx_word' id='word_1_777' title='bbox 3097 4344 3386 4402; x_wconf 85' lang='lat' dir='ltr'><strong>astruunt,</strong></span> <span class='ocrx_word' id='word_1_778' title='bbox 3432 4354 3667 4408; x_wconf 82' lang='lat' dir='ltr'><strong>persua-</strong></span> 
     </span>
    </p>
   </div>
   <div class='ocr_carea' id='block_1_98' title="bbox 2028 4428 3663 4497">
    <p class='ocr_par' dir='ltr' id='par_1_98' title="bbox 2028 4428 3663 4497">
     <span class='ocr_line' id='line_1_98' title="bbox 2028 4428 3663 4497; baseline -0.001 -13"><span class='ocrx_word' id='word_1_779' title='bbox 2028 4428 2035 4433; x_wconf 84' lang='grc'><em>’</em></span> <span class='ocrx_word' id='word_1_780' title='bbox 2088 4445 2210 4485; x_wconf 89' lang='lat' dir='ltr'><strong>sum</strong></span> <span class='ocrx_word' id='word_1_781' title='bbox 2239 4429 2475 4484; x_wconf 71' lang='lat' dir='ltr'><strong>habeant</strong></span> <span class='ocrx_word' id='word_1_782' title='bbox 2513 4437 2572 4482; x_wconf 93' lang='lat' dir='ltr'><strong>ut</strong></span> <span class='ocrx_word' id='word_1_783' title='bbox 2603 4444 2671 4484; x_wconf 80' lang='lat' dir='ltr'><strong>ex</strong></span> <span class='ocrx_word' id='word_1_784' title='bbox 2712 4429 2799 4484; x_wconf 88' lang='lat' dir='ltr'><strong>his</strong></span> <span class='ocrx_word' id='word_1_785' title='bbox 2829 4442 2953 4497; x_wconf 65' lang='lat' dir='ltr'><strong>qua:</strong></span> <span class='ocrx_word' id='word_1_786' title='bbox 2997 4442 3293 4496; x_wconf 87' lang='lat' dir='ltr'><strong>possumus</strong></span> <span class='ocrx_word' id='word_1_787' title='bbox 3321 4429 3375 4482; x_wconf 92' lang='lat' dir='ltr'><strong>in</strong></span> <span class='ocrx_word' id='word_1_788' title='bbox 3424 4429 3663 4484; x_wconf 83' lang='lat' dir='ltr'><strong>medium</strong></span> 
     </span>
    </p>
   </div>
   <div class='ocr_carea' id='block_1_99' title="bbox 2088 4518 3665 4592">
    <p class='ocr_par' dir='ltr' id='par_1_99' title="bbox 2088 4518 3665 4592">
     <span class='ocr_line' id='line_1_99' title="bbox 2088 4518 3665 4592; baseline 0 -17"><span class='ocrx_word' id='word_1_789' title='bbox 2088 4520 2335 4592; x_wconf 85' lang='lat' dir='ltr'><strong>proferre</strong></span> <span class='ocrx_word' id='word_1_790' title='bbox 2362 4519 2650 4588; x_wconf 78' lang='lat' dir='ltr'><strong>exemplis,</strong></span> <span class='ocrx_word' id='word_1_791' title='bbox 2689 4518 3082 4589; x_wconf 85' lang='lat' dir='ltr'><strong>cogitationem</strong></span> <span class='ocrx_word' id='word_1_792' title='bbox 3123 4532 3279 4575; x_wconf 86' lang='lat' dir='ltr'><strong>suam</strong></span> <span class='ocrx_word' id='word_1_793' title='bbox 3313 4519 3382 4573; x_wconf 89' lang='lat' dir='ltr'><strong>ad</strong></span> <span class='ocrx_word' id='word_1_794' title='bbox 3425 4519 3476 4575; x_wconf 92' lang='lat' dir='ltr'><strong>id</strong></span> <span class='ocrx_word' id='word_1_795' title='bbox 3516 4520 3665 4591; x_wconf 83' lang='lat' dir='ltr'><strong>quod</strong></span> 
     </span>
    </p>
   </div>
   <div class='ocr_carea' id='block_1_100' title="bbox 2087 4608 3664 4684">
    <p class='ocr_par' dir='ltr' id='par_1_100' title="bbox 2087 4608 3664 4684">
     <span class='ocr_line' id='line_1_100' title="bbox 2087 4608 3664 4684; baseline 0 -17"><span class='ocrx_word' id='word_1_796' title='bbox 2087 4615 2238 4684; x_wconf 89' lang='lat' dir='ltr'><strong>pium</strong></span> <span class='ocrx_word' id='word_1_797' title='bbox 2253 4621 2339 4669; x_wconf 87' lang='lat' dir='ltr'><strong>est</strong></span> <span class='ocrx_word' id='word_1_798' title='bbox 2355 4612 2424 4667; x_wconf 86' lang='lat' dir='ltr'><strong>de</strong></span> <span class='ocrx_word' id='word_1_799' title='bbox 2444 4610 2556 4666; x_wconf 86' lang='lat' dir='ltr'><strong>Deo</strong></span> <span class='ocrx_word' id='word_1_800' title='bbox 2572 4610 2778 4666; x_wconf 84' lang='lat' dir='ltr'><strong>sentire</strong></span> <span class='ocrx_word' id='word_1_801' title='bbox 2794 4608 3129 4666; x_wconf 88' lang='lat' dir='ltr'><strong>transferant</strong></span> <span class='ocrx_word' id='word_1_802' title='bbox 3148 4630 3163 4678; x_wconf 86' lang='lat'><strong>;</strong></span> <span class='ocrx_word' id='word_1_803' title='bbox 3187 4625 3363 4681; x_wconf 89' lang='lat' dir='ltr'><strong>neque</strong></span> <span class='ocrx_word' id='word_1_804' title='bbox 3382 4610 3528 4667; x_wconf 90' lang='lat' dir='ltr'><strong>enim</strong></span> <span class='ocrx_word' id='word_1_805' title='bbox 3549 4612 3664 4667; x_wconf 61' lang='lat' dir='ltr'><strong>hate</strong></span> 
     </span>
    </p>
   </div>
   <div class='ocr_carea' id='block_1_101' title="bbox 2087 4702 3663 4773">
    <p class='ocr_par' dir='ltr' id='par_1_101' title="bbox 2087 4702 3663 4773">
     <span class='ocr_line' id='line_1_101' title="bbox 2087 4702 3663 4773; baseline -0.003 -12"><span class='ocrx_word' id='word_1_806' title='bbox 2087 4706 2406 4761; x_wconf 87' lang='lat' dir='ltr'><strong>immediata</strong></span> <span class='ocrx_word' id='word_1_807' title='bbox 2448 4703 2765 4773; x_wconf 89' lang='lat' dir='ltr'><strong>conjunctio</strong></span> <span class='ocrx_word' id='word_1_808' title='bbox 2804 4702 2986 4759; x_wconf 85' lang='lat' dir='ltr'><strong>Patris</strong></span> <span class='ocrx_word' id='word_1_809' title='bbox 3016 4704 3352 4760; x_wconf 82' lang='lat' dir='ltr'><strong>voluntatem</strong></span> <span class='ocrx_word' id='word_1_810' title='bbox 3381 4704 3663 4767; x_wconf 84' lang='lat' dir='ltr'><strong>excludit,</strong></span> 
     </span>
    </p>
   </div>
   <div class='ocr_carea' id='block_1_102' title="bbox 2082 4795 3661 4868">
    <p class='ocr_par' dir='ltr' id='par_1_102' title="bbox 2082 4795 3661 4868">
     <span class='ocr_line' id='line_1_102' title="bbox 2082 4795 3661 4868; baseline -0.002 -16"><span class='ocrx_word' id='word_1_811' title='bbox 2082 4806 2141 4852; x_wconf 88' lang='lat' dir='ltr'><strong>ut</strong></span> <span class='ocrx_word' id='word_1_812' title='bbox 2169 4798 2406 4868; x_wconf 84' lang='lat' dir='ltr'><strong>quadam</strong></span> <span class='ocrx_word' id='word_1_813' title='bbox 2437 4796 2767 4852; x_wconf 85' lang='lat' dir='ltr'><strong>necessitate</strong></span> <span class='ocrx_word' id='word_1_814' title='bbox 2797 4804 3030 4862; x_wconf 60' lang='lat' dir='ltr'><strong>natura},</strong></span> <span class='ocrx_word' id='word_1_815' title='bbox 3062 4803 3119 4851; x_wconf 88' lang='lat' dir='ltr'><strong>et</strong></span> <span class='ocrx_word' id='word_1_816' title='bbox 3156 4795 3532 4852; x_wconf 86' lang='lat' dir='ltr'><strong>involuntarie</strong></span> <span class='ocrx_word' id='word_1_817' title='bbox 3563 4795 3661 4850; x_wconf 83' lang='lat' dir='ltr'><strong>Fi-</strong></span> 
     </span>
    </p>
   </div>
   <div class='ocr_carea' id='block_1_103' title="bbox 2082 4886 3660 4958">
    <p class='ocr_par' dir='ltr' id='par_1_103' title="bbox 2082 4886 3660 4958">
     <span class='ocr_line' id='line_1_103' title="bbox 2082 4886 3660 4958; baseline -0.001 -15"><span class='ocrx_word' id='word_1_818' title='bbox 2082 4890 2216 4943; x_wconf 90' lang='lat' dir='ltr'><strong>lium</strong></span> <span class='ocrx_word' id='word_1_819' title='bbox 2250 4888 2448 4944; x_wconf 86' lang='lat' dir='ltr'><strong>habeat</strong></span> <span class='ocrx_word' id='word_1_820' title='bbox 2477 4907 2491 4943; x_wconf 87' lang='lat'><strong>:</strong></span> <span class='ocrx_word' id='word_1_821' title='bbox 2523 4903 2703 4958; x_wconf 88' lang='lat' dir='ltr'><strong>neque</strong></span> <span class='ocrx_word' id='word_1_822' title='bbox 2731 4888 2986 4945; x_wconf 85' lang='lat' dir='ltr'><strong>voluntas</strong></span> <span class='ocrx_word' id='word_1_823' title='bbox 3018 4886 3217 4943; x_wconf 83' lang='lat' dir='ltr'><strong>Filium</strong></span> <span class='ocrx_word' id='word_1_824' title='bbox 3272 4903 3302 4943; x_wconf 89' lang='lat' dir='ltr'><strong>a</strong></span> <span class='ocrx_word' id='word_1_825' title='bbox 3326 4887 3491 4944; x_wconf 89' lang='lat' dir='ltr'><strong>Patre</strong></span> <span class='ocrx_word' id='word_1_826' title='bbox 3541 4888 3660 4942; x_wconf 85' lang='lat' dir='ltr'><strong>dis-</strong></span> 
     </span>
    </p>
   </div>
   <div class='ocr_carea' id='block_1_104' title="bbox 404 4977 1990 5060">
    <p class='ocr_par' dir='ltr' id='par_1_104' title="bbox 404 4979 1985 5060">
     <span class='ocr_line' id='line_1_104' title="bbox 404 4979 1985 5060; baseline 0.004 -25"><span class='ocrx_word' id='word_1_827' title='bbox 404 4986 686 5054; x_wconf 78' lang='grc' dir='ltr'>νήσαντος,</span> <span class='ocrx_word' id='word_1_828' title='bbox 722 4979 835 5038; x_wconf 73' lang='grc' dir='ltr'>οἷον</span> <span class='ocrx_word' id='word_1_829' title='bbox 866 4985 1373 5055; x_wconf 80' lang='grc' dir='ltr'>στενοχωρουμένην</span> <span class='ocrx_word' id='word_1_830' title='bbox 1400 4987 1459 5038; x_wconf 85' lang='grc' dir='ltr'>ὲν</span> <span class='ocrx_word' id='word_1_831' title='bbox 1484 4988 1550 5057; x_wconf 76' lang='grc' dir='ltr'>τῇ</span> <span class='ocrx_word' id='word_1_832' title='bbox 1587 4987 1853 5060; x_wconf 77' lang='grc' dir='ltr'>συναφεεᾳ</span> <span class='ocrx_word' id='word_1_833' title='bbox 1883 4987 1985 5057; x_wconf 83' lang='grc' dir='ltr'>τῆς</span> 
     </span>
    </p>
   </div>
   <div class='ocr_carea' id='block_1_105' title="bbox 2092 4977 3659 5060">
    <p class='ocr_par' dir='ltr' id='par_1_105' title="bbox 2092 4977 3659 5051">
     <span class='ocr_line' id='line_1_105' title="bbox 2092 4977 3659 5051; baseline -0.003 -16"><span class='ocrx_word' id='word_1_834' title='bbox 2092 4982 2281 5051; x_wconf 85' lang='lat' dir='ltr'><strong>iungit,</strong></span> <span class='ocrx_word' id='word_1_835' title='bbox 2320 4988 2380 5035; x_wconf 89' lang='lat' dir='ltr'><strong>ut</strong></span> <span class='ocrx_word' id='word_1_836' title='bbox 2414 4979 2765 5035; x_wconf 83' lang='lat' dir='ltr'><strong>intervallum</strong></span> <span class='ocrx_word' id='word_1_837' title='bbox 2815 4978 3091 5049; x_wconf 86' lang='lat' dir='ltr'><strong>quoddam</strong></span> <span class='ocrx_word' id='word_1_838' title='bbox 3144 4979 3531 5035; x_wconf 91' lang='lat' dir='ltr'><strong>intermedium</strong></span> <span class='ocrx_word' id='word_1_839' title='bbox 3569 4977 3659 5031; x_wconf 91' lang='lat' dir='ltr'><strong>in-</strong></span> 
     </span>
    </p>
   </div>
   <div class='ocr_carea' id='block_1_106' title="bbox 403 5068 1990 5150">
    <p class='ocr_par' dir='ltr' id='par_1_106' title="bbox 403 5075 1979 5150">
     <span class='ocr_line' id='line_1_106' title="bbox 403 5075 1979 5150; baseline 0.003 -24"><span class='ocrx_word' id='word_1_840' title='bbox 403 5075 499 5127; x_wconf 82' lang='grc' dir='ltr'>τοῦ</span> <span class='ocrx_word' id='word_1_841' title='bbox 529 5076 656 5129; x_wconf 81' lang='grc' dir='ltr'><strong>Υίοῦ</strong></span> <span class='ocrx_word' id='word_1_842' title='bbox 698 5077 834 5149; x_wconf 83' lang='grc' dir='ltr'>πρὸς</span> <span class='ocrx_word' id='word_1_843' title='bbox 861 5076 953 5137; x_wconf 80' lang='grc' dir='ltr'><strong>τὸν</strong></span> <span class='ocrx_word' id='word_1_844' title='bbox 993 5076 1212 5147; x_wconf 85' lang='grc' dir='ltr'>Πατέρα</span> <span class='ocrx_word' id='word_1_845' title='bbox 1250 5076 1517 5147; x_wconf 80' lang='grc' dir='ltr'>ένότητος,</span> <span class='ocrx_word' id='word_1_846' title='bbox 1559 5078 1699 5148; x_wconf 86' lang='grc' dir='ltr'>μήτε</span> <span class='ocrx_word' id='word_1_847' title='bbox 1734 5079 1842 5150; x_wconf 80' lang='grc' dir='ltr'><strong>μὴν</strong></span> <span class='ocrx_word' id='word_1_848' title='bbox 1880 5080 1979 5148; x_wconf 81' lang='grc' dir='ltr'>τὴν</span> 
     </span>
    </p>
   </div>
   <div class='ocr_carea' id='block_1_107' title="bbox 2092 5068 3659 5150">
    <p class='ocr_par' dir='ltr' id='par_1_107' title="bbox 2092 5068 3659 5142">
     <span class='ocr_line' id='line_1_107' title="bbox 2092 5068 3659 5142; baseline -0.004 -14"><span class='ocrx_word' id='word_1_849' title='bbox 2092 5072 2291 5128; x_wconf 64' lang='lat' dir='ltr'><strong>Bidens.</strong></span> <span class='ocrx_word' id='word_1_850' title='bbox 2328 5071 2512 5138; x_wconf 84' lang='lat' dir='ltr'><strong>Quare</strong></span> <span class='ocrx_word' id='word_1_851' title='bbox 2542 5085 2723 5141; x_wconf 86' lang='lat' dir='ltr'><strong>neque</strong></span> <span class='ocrx_word' id='word_1_852' title='bbox 2756 5071 2826 5127; x_wconf 86' lang='lat' dir='ltr'><strong>ab</strong></span> <span class='ocrx_word' id='word_1_853' title='bbox 2855 5071 2959 5127; x_wconf 89' lang='lat' dir='ltr'><strong>hoc</strong></span> <span class='ocrx_word' id='word_1_854' title='bbox 2990 5072 3243 5142; x_wconf 80' lang='lat' dir='ltr'><strong>dogmate</strong></span> <span class='ocrx_word' id='word_1_855' title='bbox 3286 5072 3413 5125; x_wconf 90' lang='lat' dir='ltr'><strong>licet</strong></span> <span class='ocrx_word' id='word_1_856' title='bbox 3469 5068 3659 5124; x_wconf 79' lang='lat' dir='ltr'><strong>exelu-</strong></span> 
     </span>
    </p>
   </div>
   <div class='ocr_carea' id='block_1_108' title="bbox 406 5158 1990 5238">
    <p class='ocr_par' dir='ltr' id='par_1_108' title="bbox 406 5166 1979 5238">
     <span class='ocr_line' id='line_1_108' title="bbox 406 5166 1979 5238; baseline 0.001 -18"><span class='ocrx_word' id='word_1_857' title='bbox 406 5168 723 5221; x_wconf 79' lang='grc' dir='ltr'>ἀδιάστατον</span> <span class='ocrx_word' id='word_1_858' title='bbox 759 5167 997 5222; x_wconf 85' lang='grc' dir='ltr'>διαλύειν</span> <span class='ocrx_word' id='word_1_859' title='bbox 1036 5167 1328 5236; x_wconf 83' lang='grc' dir='ltr'>συνάφειαν</span> <span class='ocrx_word' id='word_1_860' title='bbox 1348 5206 1362 5230; x_wconf 92' lang='grc'><strong>,</strong></span> <span class='ocrx_word' id='word_1_861' title='bbox 1396 5167 1523 5219; x_wconf 83' lang='grc' dir='ltr'>ὅταν</span> <span class='ocrx_word' id='word_1_862' title='bbox 1555 5166 1888 5238; x_wconf 84' lang='grc' dir='ltr'>ὲνθεωρῆται</span> <span class='ocrx_word' id='word_1_863' title='bbox 1913 5170 1979 5238; x_wconf 87' lang='grc' dir='ltr'>τῇ</span> 
     </span>
    </p>
   </div>
   <div class='ocr_carea' id='block_1_109' title="bbox 2092 5158 3660 5238">
    <p class='ocr_par' dir='ltr' id='par_1_109' title="bbox 2092 5158 3660 5233">
     <span class='ocr_line' id='line_1_109' title="bbox 2092 5158 3660 5233; baseline -0.003 -16"><span class='ocrx_word' id='word_1_864' title='bbox 2092 5161 2213 5219; x_wconf 73' lang='lat' dir='ltr'><strong>iere</strong></span> <span class='ocrx_word' id='word_1_865' title='bbox 2246 5164 2301 5218; x_wconf 93' lang='lat' dir='ltr'><strong>in</strong></span> <span class='ocrx_word' id='word_1_866' title='bbox 2330 5161 2455 5217; x_wconf 82' lang='lat' dir='ltr'><strong>Filii</strong></span> <span class='ocrx_word' id='word_1_867' title='bbox 2486 5162 2841 5233; x_wconf 85' lang='lat' dir='ltr'><strong>generatione</strong></span> <span class='ocrx_word' id='word_1_868' title='bbox 2894 5162 3227 5218; x_wconf 89' lang='lat' dir='ltr'><strong>voluntatem</strong></span> <span class='ocrx_word' id='word_1_869' title='bbox 3275 5159 3397 5228; x_wconf 88' lang='lat' dir='ltr'><strong>ejus</strong></span> <span class='ocrx_word' id='word_1_870' title='bbox 3429 5158 3524 5227; x_wconf 90' lang='lat' dir='ltr'><strong>qui</strong></span> <span class='ocrx_word' id='word_1_871' title='bbox 3564 5173 3660 5225; x_wconf 85' lang='lat' dir='ltr'><strong>ge-</strong></span> 
     </span>
    </p>
   </div>
   <div class='ocr_carea' id='block_1_110' title="bbox 406 5249 1990 5330">
    <p class='ocr_par' dir='ltr' id='par_1_110' title="bbox 406 5256 1978 5330">
     <span class='ocr_line' id='line_1_110' title="bbox 406 5256 1978 5330; baseline 0.001 -20"><span class='ocrx_word' id='word_1_872' title='bbox 406 5262 653 5329; x_wconf 84' lang='grc' dir='ltr'>γεννήσει</span> <span class='ocrx_word' id='word_1_873' title='bbox 686 5258 957 5329; x_wconf 84' lang='grc' dir='ltr'>βούλησις.</span> <span class='ocrx_word' id='word_1_874' title='bbox 988 5258 1158 5312; x_wconf 80' lang='grc' dir='ltr'>Τοῦτο</span> <span class='ocrx_word' id='word_1_875' title='bbox 1183 5256 1293 5330; x_wconf 78' lang='grc' dir='ltr'><strong>γάρ</strong></span> <span class='ocrx_word' id='word_1_876' title='bbox 1330 5258 1429 5329; x_wconf 82' lang='grc' dir='ltr'>τῆς</span> <span class='ocrx_word' id='word_1_877' title='bbox 1453 5257 1675 5328; x_wconf 69' lang='grc' dir='ltr'>βαρείας</span> <span class='ocrx_word' id='word_1_878' title='bbox 1696 5257 1853 5328; x_wconf 78' lang='grc' dir='ltr'>ἡμῶν</span> <span class='ocrx_word' id='word_1_879' title='bbox 1882 5260 1978 5312; x_wconf 77' lang='grc' dir='ltr'>καὶ</span> 
     </span>
    </p>
   </div>
   <div class='ocr_carea' id='block_1_111' title="bbox 2092 5249 3656 5330">
    <p class='ocr_par' dir='ltr' id='par_1_111' title="bbox 2092 5249 3656 5326">
     <span class='ocr_line' id='line_1_111' title="bbox 2092 5249 3656 5326; baseline -0.004 -18"><span class='ocrx_word' id='word_1_880' title='bbox 2092 5255 2228 5316; x_wconf 86' lang='lat' dir='ltr'><strong>nuit,</strong></span> <span class='ocrx_word' id='word_1_881' title='bbox 2258 5255 2426 5309; x_wconf 89' lang='lat' dir='ltr'><strong>veluti</strong></span> <span class='ocrx_word' id='word_1_882' title='bbox 2459 5254 2515 5308; x_wconf 90' lang='lat' dir='ltr'><strong>in</strong></span> <span class='ocrx_word' id='word_1_883' title='bbox 2555 5256 2844 5326; x_wconf 87' lang='lat' dir='ltr'><strong>angustias</strong></span> <span class='ocrx_word' id='word_1_884' title='bbox 2890 5255 3181 5309; x_wconf 85' lang='lat' dir='ltr'><strong>adductam</strong></span> <span class='ocrx_word' id='word_1_885' title='bbox 3216 5252 3269 5305; x_wconf 88' lang='lat' dir='ltr'><strong>in</strong></span> <span class='ocrx_word' id='word_1_886' title='bbox 3326 5249 3656 5305; x_wconf 64' lang='lat' dir='ltr'><strong>cohaarentia</strong></span> 
     </span>
    </p>
   </div>
   <div class='ocr_carea' id='block_1_112' title="bbox 405 5339 1990 5420">
    <p class='ocr_par' dir='ltr' id='par_1_112' title="bbox 405 5348 1979 5420">
     <span class='ocr_line' id='line_1_112' title="bbox 405 5348 1979 5420; baseline 0.001 -19"><span class='ocrx_word' id='word_1_887' title='bbox 405 5350 725 5419; x_wconf 81' lang='grc' dir='ltr'>δυσκινήτου</span> <span class='ocrx_word' id='word_1_888' title='bbox 764 5348 978 5418; x_wconf 82' lang='grc' dir='ltr'>φύσεώς</span> <span class='ocrx_word' id='word_1_889' title='bbox 1005 5350 1149 5402; x_wconf 75' lang='grc' dir='ltr'>ἐστιν</span> <span class='ocrx_word' id='word_1_890' title='bbox 1178 5348 1329 5415; x_wconf 79' lang='grc' dir='ltr'>ἴδιον,</span> <span class='ocrx_word' id='word_1_891' title='bbox 1352 5350 1411 5401; x_wconf 83' lang='grc' dir='ltr'><strong>τὸ</strong></span> <span class='ocrx_word' id='word_1_892' title='bbox 1437 5349 1511 5419; x_wconf 87' lang='grc' dir='ltr'>μὴ</span> <span class='ocrx_word' id='word_1_893' title='bbox 1550 5350 1608 5401; x_wconf 81' lang='grc' dir='ltr'>ὲν</span> <span class='ocrx_word' id='word_1_894' title='bbox 1648 5349 1828 5420; x_wconf 81' lang='grc' dir='ltr'>ταύτῷ</span> <span class='ocrx_word' id='word_1_895' title='bbox 1856 5349 1979 5403; x_wconf 88' lang='grc' dir='ltr'>πολ-</span> 
     </span>
    </p>
   </div>
   <div class='ocr_carea' id='block_1_113' title="bbox 2092 5339 3657 5420">
    <p class='ocr_par' dir='ltr' id='par_1_113' title="bbox 2092 5339 3657 5414">
     <span class='ocr_line' id='line_1_113' title="bbox 2092 5339 3657 5414; baseline -0.004 -14"><span class='ocrx_word' id='word_1_896' title='bbox 2092 5346 2309 5403; x_wconf 87' lang='lat' dir='ltr'><strong>uniouis</strong></span> <span class='ocrx_word' id='word_1_897' title='bbox 2335 5345 2457 5402; x_wconf 89' lang='lat' dir='ltr'><strong>Filii</strong></span> <span class='ocrx_word' id='word_1_898' title='bbox 2493 5363 2616 5402; x_wconf 90' lang='lat' dir='ltr'><strong>cum</strong></span> <span class='ocrx_word' id='word_1_899' title='bbox 2645 5346 2827 5413; x_wconf 91' lang='lat' dir='ltr'><strong>Patre,</strong></span> <span class='ocrx_word' id='word_1_900' title='bbox 2862 5360 3040 5414; x_wconf 84' lang='lat' dir='ltr'><strong>neque</strong></span> <span class='ocrx_word' id='word_1_901' title='bbox 3087 5340 3477 5410; x_wconf 84' lang='lat' dir='ltr'><strong>indisjunctam</strong></span> <span class='ocrx_word' id='word_1_902' title='bbox 3541 5339 3657 5395; x_wconf 85' lang='lat' dir='ltr'><strong>dis-</strong></span> 
     </span>
    </p>
   </div>
   <div class='ocr_carea' id='block_1_114' title="bbox 406 5430 1990 5513">
    <p class='ocr_par' dir='ltr' id='par_1_114' title="bbox 406 5439 1969 5513">
     <span class='ocr_line' id='line_1_114' title="bbox 406 5439 1969 5513; baseline 0.001 -20"><span class='ocrx_word' id='word_1_903' title='bbox 406 5440 530 5505; x_wconf 87' lang='grc' dir='ltr'>λοὺς</span> <span class='ocrx_word' id='word_1_904' title='bbox 558 5443 811 5513; x_wconf 80' lang='grc' dir='ltr'>παρεῖναι</span> <span class='ocrx_word' id='word_1_905' title='bbox 837 5443 987 5512; x_wconf 79' lang='grc' dir='ltr'>ημῖν,</span> <span class='ocrx_word' id='word_1_906' title='bbox 1009 5441 1102 5494; x_wconf 74' lang='grc' dir='ltr'>καὶ</span> <span class='ocrx_word' id='word_1_907' title='bbox 1117 5441 1175 5494; x_wconf 82' lang='grc' dir='ltr'>τὺ</span> <span class='ocrx_word' id='word_1_908' title='bbox 1196 5440 1285 5511; x_wconf 74' lang='grc' dir='ltr'>ἔχε</span> <span class='ocrx_word' id='word_1_909' title='bbox 1295 5459 1341 5494; x_wconf 93' lang='grc' dir='ltr'><strong>ιν</strong></span> <span class='ocrx_word' id='word_1_910' title='bbox 1367 5455 1440 5506; x_wconf 85' lang='grc' dir='ltr'><strong>τι,</strong></span> <span class='ocrx_word' id='word_1_911' title='bbox 1461 5442 1553 5494; x_wconf 80' lang='grc' dir='ltr'><strong>καὶ</strong></span> <span class='ocrx_word' id='word_1_912' title='bbox 1575 5440 1637 5494; x_wconf 84' lang='grc' dir='ltr'><strong>τὸ</strong></span> <span class='ocrx_word' id='word_1_913' title='bbox 1657 5439 1939 5511; x_wconf 84' lang='grc' dir='ltr'>βούλεσθαι</span> <span class='ocrx_word' id='word_1_914' title='bbox 1956 5454 1969 5469; x_wconf 88' lang='grc'><em>’</em></span> 
     </span>
    </p>
   </div>
   <div class='ocr_carea' id='block_1_115' title="bbox 2092 5430 3656 5513">
    <p class='ocr_par' dir='ltr' id='par_1_115' title="bbox 2092 5430 3656 5507">
     <span class='ocr_line' id='line_1_115' title="bbox 2092 5430 3656 5507; baseline -0.007 -12"><span class='ocrx_word' id='word_1_915' title='bbox 2092 5441 2296 5496; x_wconf 83' lang='lat' dir='ltr'><strong>solvere</strong></span> <span class='ocrx_word' id='word_1_916' title='bbox 2324 5439 2712 5503; x_wconf 82' lang='lat' dir='ltr'><strong>cobaesionem,</strong></span> <span class='ocrx_word' id='word_1_917' title='bbox 2738 5452 2861 5493; x_wconf 89' lang='lat' dir='ltr'><strong>cum</strong></span> <span class='ocrx_word' id='word_1_918' title='bbox 2893 5436 2949 5491; x_wconf 86' lang='lat' dir='ltr'><strong>in</strong></span> <span class='ocrx_word' id='word_1_919' title='bbox 2979 5433 3329 5507; x_wconf 80' lang='lat' dir='ltr'><strong>generatione</strong></span> <span class='ocrx_word' id='word_1_920' title='bbox 3365 5430 3656 5504; x_wconf 87' lang='lat' dir='ltr'><strong>inspicitur</strong></span> 
     </span>
    </p>
   </div>
   <div class='ocr_carea' id='block_1_116' title="bbox 481 5618 1711 5691">
    <p class='ocr_par' dir='ltr' id='par_1_116' title="bbox 481 5618 1711 5691">
     <span class='ocr_line' id='line_1_116' title="bbox 481 5618 1711 5691; baseline 0.001 -14"><span class='ocrx_word' id='word_1_921' title='bbox 481 5622 526 5655; x_wconf 81' lang='grc'><strong>¹⁶</strong></span> <span class='ocrx_word' id='word_1_922' title='bbox 555 5619 709 5677; x_wconf 80' lang='lat' dir='ltr'><strong>Joan.</strong></span> <span class='ocrx_word' id='word_1_923' title='bbox 739 5636 853 5691; x_wconf 81' lang='lat' dir='ltr'><strong>xtv,</strong></span> <span class='ocrx_word' id='word_1_924' title='bbox 889 5621 943 5678; x_wconf 87' lang='lat'><strong>9.</strong></span> <span class='ocrx_word' id='word_1_925' title='bbox 1028 5620 1070 5653; x_wconf 80' lang='lat'>“</span> <span class='ocrx_word' id='word_1_926' title='bbox 1100 5618 1261 5679; x_wconf 80' lang='lat' dir='ltr'><strong>Hebr.</strong></span> <span class='ocrx_word' id='word_1_927' title='bbox 1300 5636 1339 5688; x_wconf 87' lang='grc' dir='ltr'><strong>ι,</strong></span> <span class='ocrx_word' id='word_1_928' title='bbox 1364 5621 1418 5676; x_wconf 83' lang='grc'><strong>5.</strong></span> <span class='ocrx_word' id='word_1_929' title='bbox 1494 5620 1540 5655; x_wconf 80' lang='grc'><strong>¹²</strong></span> <span class='ocrx_word' id='word_1_930' title='bbox 1572 5619 1711 5678; x_wconf 85' lang='lat' dir='ltr'><strong>lbid.</strong></span> 
     </span>
    </p>
   </div>
  </div>
