4034 6156
487 268 592 326 775

1566 325 1599 334 α
1706 264 1765 322 S.
1795 262 2123 323 GREGORII
2164 265 2459 324 NYSSENI

3589 280 3678 334 776

485 383 763 437 voluntas.
797 378 913 434 [ioc
937 379 1081 433 enim
1114 386 1199 433 est
1233 384 1436 433 nostra:
1470 379 1652 450 gravis
1681 389 1733 436 et
1767 389 1915 435 motu
1948 380 2033 436 dif

2154 381 2287 435 ἀλλά
2316 381 2411 435 νῦν
2436 382 2534 453 μὲν
2555 382 2857 455 βουλόμεθά
2880 400 2931 437 τι
2956 382 3099 454 ἔχειν
3122 374 3198 440 ὧν
3219 388 3311 443 οὑκ
3334 390 3533 463 ἔχομεν,
3564 399 3681 466 μιτά

489 475 650 528 fieilis
708 480 917 527 naturae
975 470 1278 541 proprium,
1312 486 1421 524 non
1468 471 1524 525 in
1576 471 1769 526 eodem
1822 473 2053 527 instanti

488 569 680 620 adesse
710 563 867 617 nobis
929 563 1148 627 mullos,
1186 571 1240 637 et
1289 562 1494 633 aliquid
1530 563 1729 619 habere
1765 572 1822 620 et
1870 563 2048 619 velle:

487 657 581 711 sed
618 654 781 711 modo
823 654 1031 724 aliquid
1079 669 1268 709 eorum
1306 669 1427 725 quae
1457 669 1565 708 non
1602 654 1866 710 habemus
1895 655 2052 710 volu—

2152 473 2325 526 ταῦτα
2367 473 2424 525 δέ
2462 476 2800 546 τυγχάνομεν
2830 470 2906 529 ὧν
2943 480 3126 547 τυχεῖν
3172 479 3269 533 οὑκ
3314 482 3681 556 ὴϐουλήθημεν.

2165 563 2286 616 Ἐπὶ
2318 564 2374 617 δέ
2405 565 2503 636 τῆς
2545 566 2723 636 διπλῆς
2751 567 2842 621 και
2873 568 3280 640 παντοδυνάμου
3308 571 3538 640 φύσεως,
3567 564 3683 646 me

2154 656 2222 709 τὰ
2262 657 2438 711 πάντα
2482 658 2576 711 καὶ
2606 658 2747 712 κατά
2784 658 2978 714 ταύτὸν
3004 661 3222 724 νοεῖται,
3259 663 3351 715 καὶ
3377 663 3436 716 rb
3457 663 3615 719 θέλειν
3633 669 3685 721 rb

487 766 610 805 mus
641 749 863 812 habere,
901 756 1022 817 post
1053 760 1182 801 vero
1217 745 1561 815 assequimur
1582 759 1644 799 ea
1680 760 1801 815 quae
1833 744 2033 799 minimi

2153 748 2384 817 ἀγαθὸν,
2435 750 2531 803 καὶ
2583 750 2644 803 rb
2679 750 2823 821 ἔχειν
2869 751 3004 822 ὅπερ
3064 751 3312 822 ἠθέλησε.
3358 754 3531 808 Πάντα
3582 758 3678 829 γὰρ

487 844 772 899 vellemus.
801 838 860 893 In
891 836 1126 908 simplici
1156 845 1336 891 autem
1368 844 1422 889 et
1463 835 1822 905 omnipotenti
1857 843 2050 890 natura

486 933 651 990 simul
680 931 862 987 omnia
896 937 948 983 et
980 930 1034 982 in
1073 927 1262 982 eodem
1304 926 1526 981 instanti
1558 928 1956 997 intelliguntur,
1998 935 2051 980 et

492 1025 631 1079 velle
657 1025 882 1086 bonum,
923 1027 976 1074 et
1005 1019 1204 1073 habere
1237 1017 1383 1087 quod
1415 1018 1605 1072 voluit.
1640 1017 1875 1073 Omnino
1904 1018 2048 1072 enim

483 1116 674 1172 efficax
706 1124 761 1170 et
787 1111 1170 1167 coessentialis
1198 1125 1433 1179 vereque
1466 1110 1773 1165 subsistens
1800 1111 1856 1164 in
1899 1117 2050 1165 aeter-

486 1226 554 1264 na
587 1216 781 1263 natura
831 1205 976 1259 bona
1026 1202 1471 1271 sempiternaque
1528 1201 1910 1255 consideratur
1948 1214 2047 1253 vo—

484 1302 690 1361 luntas,
727 1311 905 1365 neque
934 1293 1000 1347 ab
1036 1293 1145 1345 alio
1176 1306 1451 1362 quoquam
1485 1298 1738 1360 separato
1772 1290 2046 1359 principio

484 1376 814 1450 innascitur,
851 1398 1026 1455 neque
1059 1384 1266 1452 absque
1313 1396 1377 1435 eo
1411 1382 1556 1450 quod
1595 1382 1648 1435 in
1708 1382 2045 1435 voluntatem

482 1480 649 1545 cadit,
677 1479 761 1533 vel
794 1479 992 1532 bonam
1023 1474 1360 1528 voluntatem
1395 1487 1503 1526 non
1535 1487 1675 1537 esse,
1709 1472 1793 1526 vel
1844 1472 2042 1525 bonum

483 1569 643 1625 simul
692 1583 816 1622 eum
854 1567 1277 1620 voluntate‘non
1312 1561 1542 1616 adesse:
1593 1576 1718 1615 cum
1774 1561 1921 1615 nulla
1973 1561 2045 1615 sit

481 1675 672 1721 causa,
709 1656 829 1728 qua:
861 1656 1003 1726 quod
1034 1654 1180 1708 Patri
1214 1652 1487 1716 convenit,
1533 1650 1826 1722 quominus
1871 1662 2039 1705 totum

2150 840 2369 911 ἐνεργὸν
2427 841 2521 893 καὶ
2578 841 2839 904 ἐνοὺσιον,
2889 843 2983 894 καὶ⁵
3030 842 3388 896 ἐνυπόστατον
3443 848 3505 916 τῇ
3553 847 3685 919 ἀϊδίῳ

2151 926 2309 996 φύσει
2339 927 2399 981 rb
2419 928 2618 997 ἀγαθόν
2639 946 2695 982 τε
2720 929 2893 982 καὶτὸ
2920 930 3087 983 ἀΐδιον
3117 932 3452 1003 ἐνθεωρεῖται
3479 936 3685 1006 θέλημα,

2147 1018 2270 1072 οὔτε
2303 1019 2409 1072 ἀπό
2443 1036 2586 1083 τινος
2634 1020 2939 1093 ίδιαζοὺσης
2978 1021 3151 1093 ἀρχῆς
3189 1025 3549 1094 ἐγγινόμενον,
3579 1026 3687 1081 οὔτε

2148 1108 2270 1178 δίχα
2300 1108 2395 1161 τοῦ
2423 1109 2646 1180 θελητοῦ
2678 1112 2931 1181 νοηθῆναι
2977 1111 3294 1182 δυνάμενον.
3329 1115 3458 1169 Οὐδὲ
3487 1117 3588 1187 γὰρ
3613 1120 3685 1174 ἐν·

2146 1198 2360 1268 δέχεται
2393 1200 2542 1270 παρά
2568 1200 2644 1270 τῷ
2666 1201 2804 1272 Θεῷ,
2838 1202 2871 1273 ἢ
2900 1202 2961 1255 rb
2989 1202 3195 1271 ἀγαθὸν
3221 1204 3428 1276 θέλημα
3458 1207 3528 1279 μὴ
3549 1206 3682 1273 εἶναι,

2145 1289 2178 1360 ἢ
2217 1288 2291 1360 μὴ
2327 1293 2562 1343 συνεῖναι
2595 1292 2674 1362 τῷ
2708 1293 3003 1364 θελήματι·
3038 1295 3295 1366 οὐδεμιᾶς
3318 1299 3491 1363 αἰτίας
3508 1301 3615 1355 οὐδὲ
3637 1303 3687 1357 τὸ

2147 1380 2354 1451 πρέπον
2372 1381 2450 1452 τῷ
2477 1383 2651 1454 Πατρὶ
2678 1384 2752 1455 μὴ
2772 1386 2946 1439 πάντα
2967 1382 3106 1440 εἶναι
3132 1388 3407 1459 μειοὺσης,
3432 1389 3548 1443 οὔτε
3569 1393 3687 1463 πρὸς

2144 1473 2204 1526 rb
2231 1472 2374 1543 ἔχειν
2400 1474 2461 1527 rb
2495 1474 2751 1544 βουλητὸν
2788 1475 3208 1547 ἐμποδιζούσης.
3256 1480 3406 1532 Ἐπεὶ
3437 1476 3524 1534 οὑν
3551 1483 3686 1551 φύσει

2139 1560 2204 1623 rb
2230 1561 2450 1626 ἀγαθὸν,
2495 1562 2693 1632 μᾶλλον
2718 1564 2773 1616 δέ
2804 1565 3000 1629 παντὸς
3038 1566 3245 1633 ἀγαθοῦ
3277 1569 3524 1623 ἐπέκεινα
3552 1572 3578 1623 ό
3607 1590 3688 1642 μο-

2144 1652 2365 1724 νογενὴς
2386 1653 2537 1720 Θεὸς,
2557 1657 2657 1708 οὑκ
2683 1655 2977 1728 ἀϐούλητον
2997 1658 3055 1711 δὲ
3086 1658 3166 1729 τῷ
3198 1660 3375 1732 Harp!
3398 1661 3455 1715 rb
3477 1664 3684 1731 ἀγαθόν’

482 1766 589 1804 ηοη
633 1749 797 1810 adsit,
855 1746 1085 1809 minuat,
1128 1744 1211 1798 vel
1274 1741 1566 1811 quominus
1626 1741 1680 1795 id
1733 1740 1878 1811 quod
1925 1741 2033 1795 vult

2144 1722 2390 1813 φανερῶς
2436 1744 2819 1799 ἀποδείκνυται
2860 1722 2947 1799 διὰ
2998 1722 3225 1809 τούτων,
3260 1722 3342 1804 δτὶ
3379 1753 3470 1805 καὶ
3511 1722 3689 1825 άμεσός

482 1840 682 1895 habere
730 1837 1013 1907 impediat.
1073 1834 1341 1901 Quoniam
1378 1833 1546 1903 igitur
1599 1843 1789 1886 natura
1817 1833 2044 1897 bonum,

2143 1835 2259 1887 ἐστι
2288 1836 2383 1888 τοῦ
2410 1836 2541 1889 Υίοῦ
2572 1838 2603 1906 ἡ
2634 1838 2771 1910 πρὸς
2792 1839 2890 1891 τὸν
2920 1840 3138 1910 Πατέρα
3170 1841 3456 1910 συνάφεια,
3487 1845 3573 1897 καὶ
3609 1846 3693 1900 οὑκ

479 1932 587 1995 vel,
617 1939 676 1985 ut
710 1929 914 1985 rectius
948 1928 1149 1990 dicam,
1180 1940 1346 1996 supra
1392 1939 1555 1980 omne
1579 1924 1806 1987 bonum,
1843 1924 2033 1994 Unige—

2143 1926 2419 1990 ἐξωθεῖται
2444 1930 2564 1982 οὑδέ
2599 1932 2899 2002 ἐξείργεται
2930 1931 3036 1984 ὑπὸ
3098 1935 3197 2002 τῆς
3241 1934 3557 1989 ἀδιαστάτου
3591 1955 3695 1990 συνο

477 2022 625 2075 nitus
658 2026 741 2073 est
773 2058 787 2080 ,
824 2024 879 2071 at
938 2016 1083 2069 Patri
1143 2015 1342 2068 bonum
1381 2028 1490 2066 non
1548 2020 1631 2068 est
1688 2016 1957 2084 ingratum
1992 2022 2033 2067 et

2151 2021 2347 2089 αφείας
2388 2022 2448 2075 rb
2496 2023 2738 2094 βούλημα
2787 2024 2848 2077 rb
2888 2027 2951 2095 τῇ
2986 2025 3161 2097 ἀγαθῇ
3196 2028 3372 2094 φύσει
3416 2030 3499 2082 διὰ
3523 2031 3695 2093 παντὸς

479 2120 675 2180 pneter
702 2111 1036 2163 voluntatem
1066 2125 1079 2160 :
1112 2103 1399 2157 manifeste
1424 2118 1520 2172 per
1545 2103 1658 2157 haec
1710 2104 2033 2158 demonstra

2142 2111 2463 2181 ἐνυπάρχον.
2497 2115 2558 2167 Εἰ
2579 2115 2634 2167 δέ
2656 2134 2740 2179 τις
2762 2116 3187 2186 ἀνεπηρεάστως
3228 2120 3428 2175 ἀκούει
3452 2126 3540 2175 τοῦ
3558 2123 3694 2191 λόγου

479 2216 587 2265 tur,
621 2202 760 2271 quod
820 2201 983 2254 etiam
1032 2195 1340 2250 immediala
1393 2203 1476 2248 est
1511 2192 1631 2247 Filii
1687 2210 1809 2248 cum
1868 2194 2031 2249 Patre

2138 2202 2232 2254 ml.
2264 2202 2501 2257 τοιοῦτόν
2528 2222 2580 2258 τι
2603 2209 2715 2270 τοῖς
2732 2207 3038 2279 εἰρημένοις
3068 2210 3391 2279 προσθεῖναι
3444 2214 3692 2285 βούλομαι.

478 2295 767 2357 connexio,
803 2307 977 2361 neque
1006 2288 1311 2367 extruditur
1336 2298 1429 2343 aut
1459 2300 1678 2342 arcetur
1727 2288 1794 2366 ab
1833 2286 2113 2344 individua
2144 2293 2451 2351 cobzesione
2509 2299 2762 2354 voluntas
2827 2317 2949 2371 qua:
3021 2303 3177 2357 bona!
3237 2314 3456 2361 maturat
3510 2323 3696 2378 semper

479 2390 641 2443 inest.
678 2386 830 2454 Quod
873 2386 916 2441 si
942 2384 1066 2454 quis
1090 2382 1354 2438 inoﬂ'enso
1385 2381 1566 2436 animo
1596 2382 1741 2435 hunc
1771 2383 2043 2437 auscultat
2083 2392 2411 2448 sermonem.
2449 2393 2554 2445 tale
2582 2392 2710 2460 quid
2741 2394 2901 2449 etiam
2942 2399 3105 2454 divtis
3136 2400 3269 2454 volo
3298 2400 3547 2469 adjicere.

552 2477 1018 2547 Quemadmodum
1049 2478 1093 2531 si
1130 2478 1275 2546 quis,
1310 2475 1432 2529 dico
1464 2482 1642 2528 autem
1674 2489 1737 2527 ex
1778 2474 2034 2544 supposi-

477 2578 647 2636 tione.
684 2572 965 2627 electivam
993 2570 1109 2624 sive
1148 2566 1511 2621 voluntariam
1540 2566 1778 2633 aliquam
1810 2565 2043 2619 flamma:

478 2667 790 2720 facultatem
819 2660 1054 2721 dederit,
1105 2659 1455 2727 perspicuum
1499 2656 1660 2709 fuerit
1704 2655 1847 2725 quod
1880 2656 2042 2711 simul

476 2764 641 2824 atque
679 2766 799 2806 esse
835 2747 1087 2816 coeperit,
1133 2745 1347 2798 flamma
1394 2744 1559 2797 etiam
1597 2758 1662 2796 ex
1717 2744 1897 2811 seipsa
1934 2742 2043 2796 ful-

476 2860 664 2917 gorem
698 2841 830 2896 velit
855 2842 1072 2894 elucere
1097 2855 1110 2890 :
1140 2836 1326 2890 volens
1367 2843 1546 2888 autem
1582 2848 1688 2886 non
1731 2836 1834 2888 erit
1866 2834 2039 2904 impo-

477 2947 623 3000 tens,
653 2949 777 2988 cum
817 2930 1084 2986 naturalis
1111 2928 1231 2997 ejus
1263 2926 1490 2980 facultas
1526 2925 1577 2979 id
1602 2923 1813 2979 efficere
1843 2925 2035 2994 possit,

2210 2481 2417 2552 Ὣσπερ
2437 2483 2491 2536 εί
2512 2500 2615 2546 τις,
2646 2483 2789 2551 λέγω
2813 2487 2869 2539 δέ
2892 2490 3011 2543 καθ’
3040 2490 3323 2554 ὑπόθεσιν,
3340 2496 3694 2567 προαιρετικὴν

2138 2587 2261 2624 τινα
2312 2576 2375 2643 τῇ
2425 2571 2582 2641 φλογὶ
2612 2574 2837 2646 δύναμιν
2871 2580 2985 2650 δοίη
3007 2622 3020 2645 ,
3065 2581 3221 2651 δῆλον
3272 2584 3338 2637 ἂν
3365 2586 3446 2655 εἴη
3474 2586 3550 2638 ὅτι
3579 2587 3692 2656 όμοῦ

2137 2661 2216 2730 τῷ
2245 2659 2381 2716 εἶναι
2408 2666 2440 2734 ἡ
2474 2666 2602 2733 φλὸξ
2631 2669 2724 2720 καὶ
2751 2670 2849 2740 τὴν
2878 2672 3053 2743 αὐγὴν
3076 2673 3387 2743 ἐκλάμπειν
3411 2677 3499 2745 ἀφ’
3523 2678 3695 2748 ἐαυτῆς

2141 2752 2393 2823 θελήσει·
2446 2756 2719 2829 θελήσασα
2761 2761 2817 2815 δέ
2859 2764 3072 2828 πάντως
3103 2765 3203 2818 οὑκ
3246 2767 3579 2839 ἀδυνατήσει,
3611 2769 3694 2837 τῆς

2144 2846 2377 2915 φυσικῆς
2400 2847 2677 2919 δυνάμεως
2699 2853 2945 2918 ἐπιτελὲς
2974 2857 3230 2926 ποῳὺσης
3267 2859 3401 2929 ὁμοῦ
3426 2858 3502 2931 τῷ
3528 2862 3696 2929 συστῆ-

2142 2949 2231 2986 ναι
2275 2933 2372 3005 τὴν
2424 2936 2632 3006 φλόγα,
2677 2940 2738 2993 rb
2785 2936 3050 3015 περὶτῆς
3098 2946 3284 3016 αὐγῆς
3330 2949 3597 3020 βούλημα·
3633 2950 3696 3013 ὡς

476 3035 535 3081 ιιι
562 3026 722 3081 simul
750 3039 815 3077 ac
866 3021 1083 3075 flamma
1138 3017 1462 3080 constiterit,
1511 3016 1841 3070 voluntatem
1875 3017 2033 3070 etiam

2143 3025 2549 3098 ἀναζντιρρήτως
2583 3033 2630 3083 εί
2651 3032 2807 3087 τοῦτο
2835 3034 3012 3105 δοθείη
3039 3037 3099 3089 rb
3126 3016 3523 3111 προαιρετικῶς
3552 3043 3695 3095 κινεῖ-

478 3115 716 3186 fulgendi
765 3113 959 3166 habeat
995 3110 1110 3165 :ita
1152 3116 1210 3162 ut
1245 3109 1379 3162 citra
1433 3106 1942 3172 contradictionem,
1991 3106 2033 3161 si

2143 3115 2264 3170 σθαι
2424 3086 2615 3189 ίρλόγα,
2653 3086 3031 3180 πάντωνῗκατά

476 3210 578 3263 hoc
606 3207 790 3261 datum
822 3204 1005 3264 fuerit,
1032 3200 1340 3254 voluntario
1365 3213 1560 3268 nempe
1589 3205 1738 3252 motu
1764 3197 2036 3252 flammam

474 3296 701 3357 moveri,
733 3294 847 3347 haec
876 3292 1062 3347 omnia
1087 3302 1419 3344 concurrere
1449 3287 1613 3341 simul
1644 3287 2033 3357 intelligantur,

473 3395 525 3441 et
560 3386 698 3455 ignis
744 3382 992 3437 accensio
1030 3388 1084 3435 et
1119 3379 1354 3446 fulgendi
1394 3378 1670 3441 voluntas,
1708 3391 1772 3431 ac
1804 3376 2038 3445 denique

476 3478 653 3547 fulgor
684 3477 820 3544 ipse,
873 3488 998 3527 cum
1048 3468 1390 3525 voluntarius
1425 3468 1527 3522 iste
1571 3477 1750 3524 motus
1809 3468 2036 3539 fulgoris

473 3565 840 3622 subsistentia:
863 3563 1186 3630 dignitatem
1224 3560 1374 3613 nullo
1409 3559 1572 3611 modo
1620 3557 1878 3628 impediat
1908 3577 1922 3613 :
1955 3559 2037 3615 sic

474 3674 569 3727 per
600 3657 702 3708 hoc
728 3652 874 3722 quod
903 3668 929 3705 a
951 3650 1110 3705 nobis
1141 3650 1361 3703 allatum
1388 3656 1473 3703 est
1491 3649 1822 3717 exemplum,
1845 3648 2036 3703 etiam-

474 3745 519 3798 si
555 3743 699 3796 Patri
737 3742 933 3794 bonam
971 3738 1302 3793 voluntatem
1344 3738 1525 3793 inesse
1552 3738 1885 3805 conﬁtearis,
1925 3754 2034 3793 non

477 3842 657 3886 tamen
690 3838 914 3901 propter
948 3829 1215 3899 ejusmodi
1253 3830 1583 3883 voluntatem
1618 3827 1813 3884 Filium
1849 3844 1881 3883 a
1933 3829 2036 3883 Pa-

471 3935 552 3979 tre
595 3924 914 3993 separabis;
973 3937 1148 3991 neque
1178 3922 1322 3977 enim
1354 3930 1780 3976 consentaneum
1833 3932 1937 3986 est,
1973 3929 2034 3977 ut

470 4015 604 4070 illud
635 4014 781 4084 quod
821 4013 1074 4068 videlicet
1107 4014 1221 4083 ipse
1253 4012 1422 4068 Filius
1449 4013 1727 4069 voluntate
1754 4013 1931 4069 Patris
1961 4016 2032 4070 sit

469 4105 709 4173 genitus,
753 4102 1141 4172 impedimento
1173 4103 1243 4156 sit
1273 4102 1566 4172 quominus
1601 4103 1747 4157 illico
1775 4118 1899 4158 cum
1932 4120 2031 4161 vo-

469 4198 676 4251 luntate
705 4195 778 4251 sit
812 4194 1045 4265 genitus.
1095 4192 1201 4249 Sed
1252 4195 1709 4264 quemadmodum
1762 4195 1817 4250 in
1870 4198 2031 4253 oculo

466 4289 651 4344 videre
681 4296 736 4343 et
783 4287 917 4341 velle
955 4285 1168 4349 videre,
1230 4284 1365 4338 illud
1418 4285 1636 4356 quidem
1674 4299 1761 4342 est
1821 4297 2030 4344 natura:

2125 3208 2398 3271 νοεῖσθαι.
2438 3212 2541 3282 τῆς
2571 3231 2629 3266 τε
2675 3214 2769 3269 τοῦ
2819 3219 2986 3289 πυρὸς
3026 3220 3296 3291 ἐξάψεως,
3347 3225 3554 3279 καὶτοῦ
3583 3225 3696 3295 περὶ

2138 3299 2237 3369 τὴν
2269 3301 2444 3373 αὑγήν
2473 3304 2796 3376 Θελήματος,
2827 3311 2919 3363 καὶ
2949 3312 3119 3384 αὐτῆς
3141 3316 3251 3385 τῆς
3284 3317 3473 3387 αὐγῆς,
3504 3318 3575 3381 ὡς
3602 3334 3693 3387 μη-

2135 3392 2225 3445 δὲν
2258 3393 2358 3465 τῆς
2402 3400 2790 3469 προαιρετικῆς
2821 3404 3085 3472 κινήσεως
3128 3405 3272 3477 πρὸς
3308 3408 3404 3480 τὴν
3436 3409 3584 3476 ἀξίαν
3610 3412 3695 3479 τῆς

2135 3482 2311 3552 αὐγῆς
2344 3485 2640 3541 ὑπόστασιν
2668 3490 3065 3563 ἐμποδιζούσης
3094 3511 3107 3524 ·
3153 3495 3336 3561 οὑτως
3370 3498 3503 3552 κατά
3534 3500 3587 3553 τὸ
3609 3502 3694 3567 ρη-

2138 3571 2234 3627 θέν
2267 3575 2395 3645 ἡμῖν
2416 3576 2733 3649 ὑπόδειγμα,
2759 3582 2852 3633 καὶ
2875 3581 2953 3652 τῷ
2981 3584 3155 3655 Πατρὶ
3178 3586 3243 3639 rb
3270 3587 3470 3656 ἀγαθὸν
3505 3587 3693 3659 θέλημα

2137 3665 2528 3735 ωνομολογῶν,
2554 3669 2654 3722 οὑκ
2690 3671 3017 3745 ἀποστήσεις
3043 3676 3131 3729 διὰ
3165 3676 3268 3731 τοῦ
3302 3678 3592 3751 θελήματος
3610 3678 3691 3731 τοῦ

2134 3755 2349 3827 Πατρός
2378 3758 2469 3813 τὸν
2513 3760 2662 3814 Υίόν.
2710 3763 2842 3817 Οὑδέ
2870 3766 2979 3836 γὰρ
3018 3768 3162 3832 είκός
3196 3770 3316 3823 ἐστι
3352 3774 3412 3823 τὸ
3454 3770 3542 3825 τοῦ
3570 3767 3691 3823 εἶναι

2133 3846 2296 3902 αὑτὸν
2341 3848 2906 3922 βούλημα,”ἐμπόδιον
2947 3856 3041 3909 τοῦ
3082 3858 3251 3923 εὐθὺς
3282 3856 3421 3916 εῖναι
3448 3861 3691 3930 γίνεσθαι.

2147 3938 2281 3993 ’Δλλ’
2310 3942 2495 4013 ὥσπερ
2527 3944 2584 3996 ἐν
2615 3944 2694 4015 τῷ
2725 3946 2986 4019 ὀφθαλμῷ
3016 3949 3076 4002 τό
3135 3968 3194 4004 τε
3248 3953 3468 4023 βλέπειν
3518 3955 3604 4008 καὶ
3636 3953 3690 4005 τὸ

2126 4029 2307 4113 ,θέλειν
2338 4032 2575 4102 βλέπειν,
2609 4035 2668 4087 rb
2698 4036 2797 4106 μὲν
2821 4038 2921 4108 τῆς
2944 4039 3156 4108 φύσεώς
3176 4043 3332 4097 ἐστιν
3361 4045 3618 4118 ἐνέργεια,
3639 4043 3693 4095 rb

2130 4122 2187 4176 δέ
2224 4124 2548 4194 ὁρμηθῆναι,
2600 4126 2699 4196 τῆς
2730 4130 3124 4200 προαιρέσεως,
3171 4134 3231 4186 οὑ
3292 4136 3401 4207 μὴν
3433 4136 3689 4207 ἐμπόδιον,

2130 4208 2268 4261 ἀλλὰ
2298 4208 2492 4279 βουλὴν
2520 4212 2740 4281 ἐμποιεῖ
2767 4217 2835 4285 τῇ
2878 4217 3130 4291 ἐνεργείᾳ
3151 4221 3264 4275 ⁵τοιῖ
3306 4223 3523 4293 βλέπειν
3572 4222 3694 4295 πρὸς

2130 4297 2260 4350 αὑτὸ
2294 4298 2453 4352 τοῦτο
2495 4301 2595 4372 τῆς
2630 4304 3004 4377 προαιρέσεως
3051 4310 3085 4379 ἡ
3132 4310 3353 4383 κίνησις
3388 4331 3402 4345 ο
3458 4313 3560 4384 ἰδίᾳ
3597 4312 3692 4380 γὰρ

464 4379 840 4451 operationis,
906 4379 1042 4434 velle
1091 4385 1273 4433 autem
1330 4378 1583 4443 arbitrii;
1646 4388 1886 4437 attamen
1938 4380 2027 4436 hic

2136 4387 2333 4442 τούτων
2385 4388 2646 4461 ἑκάτερον
2694 4393 2790 4446 καὶ
2839 4394 2925 4465 ἐφ’
2973 4378 3164 4452 ἑαυτοῦ
3205 4378 3511 4473 θεωρεῖται,
3534 4378 3690 4457 ὀὐδὲν

462 4473 762 4527 voluntatis
799 4484 977 4525 motus
1008 4486 1115 4524 non
1146 4470 1611 4540 impedimentum,
1640 4472 1737 4527 sed
1773 4474 2024 4529 volunta-

460 4572 570 4619 tem
623 4573 747 4619 actu
785 4565 1004 4619 videndi
1059 4562 1124 4617 ad
1155 4563 1258 4617 hoc
1293 4564 1471 4633 ipsum
1520 4565 1840 4634 ingenerat;
1898 4581 2024 4621 nam

462 4656 744 4727 Sigillatim
786 4662 840 4709 et
901 4656 1196 4725 separatim
1258 4654 1451 4708 horum
1491 4656 1919 4727 unumquodque
1969 4659 2024 4712 in

460 4763 642 4816 sc.pso
673 4747 1071 4809 consideratur,
1109 4753 1163 4799 et
1201 4746 1430 4801 alterum
1460 4746 1617 4801 alteri
1653 4762 1764 4801 non
1798 4756 1884 4804 est
1919 4749 2024 4803 im-

459 4839 775 4909 pedimento
804 4847 861 4890 ut
914 4839 1006 4901 sit,
1046 4838 1142 4892 sed
1194 4837 1308 4893 haec
1364 4837 1474 4892 duo
1507 4839 1651 4894 inter
1710 4855 1775 4894 se
1830 4848 2022 4896 mutuo

457 4928 864 4999 quodammodo
890 4935 1054 4981 sunt:
1087 4942 1213 4981 nam
1241 4934 1296 4981 et
1325 4928 1590 4983 naturalis
1615 4929 1835 4985 videndi
1867 4943 2022 4986 actus

454 5023 790 5075 voluntatem
823 5020 1090 5086 sequitur,
1124 5028 1179 5072 et
1228 5033 1447 5073 rursum
1484 5021 1736 5075 voluntas
1790 5022 1859 5075 ab
1917 5023 2020 5077 hoc

457 5120 606 5166 motu
644 5108 859 5163 videndi
901 5107 993 5177 qui
1026 5116 1111 5161 est
1148 5107 1451 5162 secundum
1487 5112 1779 5175 naturam,‘
1796 5125 1903 5163 non
1925 5112 2019 5166 de-

454 5202 697 5257 seritur:
737 5205 793 5252 ut
824 5197 990 5265 igitur
1016 5196 1177 5249 oculo
1209 5196 1476 5264 inspectio
1509 5213 1603 5252 seu
1641 5200 1779 5252 visio
1825 5209 2017 5256 natura

453 5294 614 5347 insita
650 5298 754 5356 est,
787 5298 841 5345 et
871 5287 1092 5343 videndi
1143 5287 1400 5341 voluntas
1462 5288 1665 5341 nullam
1700 5290 2013 5346 dilationem

452 5385 517 5437 ad
550 5385 723 5453 ipsum
757 5380 975 5436 videndi
1010 5390 1192 5433 actum
1227 5379 1425 5441 attulit,
1455 5377 1551 5433 sed
1574 5381 1688 5432 vult
1723 5382 1773 5435 ei
1800 5383 2012 5447 adesse,

449 5485 505 5530 et
534 5476 675 5544 quod
706 5475 822 5528 vult
848 5481 935 5529 est
959 5488 971 5524 :
1000 5470 1076 5526 sic
1095 5480 1150 5526 et
1170 5470 1223 5525 in
1248 5469 1522 5534 ineffabili,
1545 5485 1868 5541 omnemque
1921 5492 2012 5529 ρο.

451 5566 767 5636 gitationcm
803 5571 1098 5633 superante
1129 5569 1347 5622 natura,
1377 5560 1561 5614 omnia
1607 5562 1769 5617 simul
1805 5572 1859 5617 et
1924 5580 2012 5619 se-

461 5656 701 5714 cundum
734 5655 870 5709 idem
902 5671 1024 5711 esse
1072 5654 1444 5724 intelligimus,
1482 5663 1535 5708 et
1586 5657 1774 5710 aeterni
1836 5655 2012 5713 Patris

2129 4479 2384 4548 ἐμπόδιον
2406 4481 2539 4551 πρὸς
2561 4482 2621 4535 rb
2643 4478 2864 4538 εἶναιτὸ
2885 4486 3069 4558 ἓτερον
3090 4489 3169 4560 τῷ
3190 4492 3364 4563 ἑτέρῳ
3402 4495 3687 4565 γινόμενον,

2125 4568 2261 4623 ἀλλά
2271 4570 2338 4624 τά
2351 4572 2464 4637 δύο,
2478 4571 2677 4646 τρόπον
2693 4574 2815 4629 τινὰ
2833 4578 2947 4647 μετ’
2960 4577 3203 4650 ἀλλήλων
3219 4584 3356 4648 ἐστὶ,
3373 4586 3474 4655 τῆς
3485 4601 3543 4638 τε
3556 4600 3691 4653 φυσι-

2128 4662 2231 4730 κῆς
2251 4661 2529 4734 ἐνεργείας
2560 4667 2626 4736 τῇ
2658 4666 2971 4738 προαιρέσει
2998 4676 3479 4747 παρομαρτούσης,
3500 4677 3589 4729 καὶ
3605 4676 3689 4744 τῆς

2125 4749 2493 4818 προαιρέσεως
2519 4752 2680 4806 πάλιν
2708 4753 2804 4808 τοῦ
2835 4756 2977 4811 κατὰ
3005 4757 3167 4826 φύσιν
3202 4762 3306 4816 οὑκ
3338 4764 3688 4835 ἀπολιμπάνο-

2129 4838 2296 4910 μένης
2316 4843 2611 4912 κινήματος
2642 4860 2656 4875 ο
2702 4845 2778 4909 ὡς
2805 4843 2898 4901 οὖν
2927 4848 3004 4919 τῷ
3028 4850 3292 4924 ὀφθαλμῷ
3323 4857 3356 4925 ἡ
3380 4857 3687 4924 κατανόησις

2125 4933 2374 5004 συμφυής
2423 4935 2560 5002 ἐστι,
2610 4937 2704 4991 καὶ
2734 4939 2767 5008 ἡ
2799 4938 2894 4993 τοῦ
2958 4943 3091 5012 όρᾷν
3139 4943 3394 5015 βούλησις
3449 4947 3687 5015 οὐδεμίαν

2125 5020 2413 5093 ὑπέρθεσιν
2434 5023 2570 5093 πρὸς
2601 5026 2730 5078 αὑτὸ
2752 5027 2885 5099 ὁρᾷν
2911 5030 3245 5099 ἐνεποίησεν,
3270 5034 3409 5087 ἀλλά
3442 5037 3533 5088 καὶ
3554 5033 3683 5087 θέλει

2120 5114 2269 5185 αὑτῷ
2296 5113 2432 5172 εἶναι
2458 5119 2557 5189 τὴν
2584 5120 2801 5191 ὅρασιν,
2838 5123 2931 5176 καὶ
2957 5124 2987 5177 ὅ
3018 5124 3159 5178 θέλει
3204 5128 3355 5181 ἐστίν
3378 5143 3392 5157 ·
3441 5130 3579 5183 οὕτω
3603 5130 3685 5182 καὶ

2120 5207 2212 5259 ἐπὶ
2256 5207 2353 5277 τῆς
2400 5210 2639 5281 ἀρρήτου
2684 5213 2779 5265 καὶ
2807 5213 2948 5285 ὑπὲρ
2990 5218 3169 5271 πᾶσαν
3198 5217 3410 5273 ἔννοιαν
3453 5222 3680 5289 φύσεως.

2121 5298 2337 5352 πάντων
2358 5299 2474 5371 ἅμα
2519 5302 2660 5356 κατὰ
2689 5304 2886 5358 ταυτὸν
2913 5307 3184 5376 ἐγγίνεται
3215 5313 3352 5381 ἡμῖν
3396 5315 3430 5382 ή
3469 5314 3677 5371 διάνοια,

2117 5387 2217 5456 τῆς
2248 5405 2308 5442 τε
2336 5390 2504 5443 ἀϊδίου
2520 5390 2613 5444 τοῦ
2645 5395 2856 5465 Πατρὸς
2872 5396 3175 5467 ὑπάρξεως.
3203 5403 3298 5455 καὶ
3320 5406 3449 5476 περὶ
3464 5405 3550 5457 τὸν
3568 5402 3679 5457 Υίὸν

2121 5478 2438 5550 θελήματος,
2479 5484 2571 5535 καὶ
2597 5486 2758 5538 αὐτοῦ
2790 5487 2884 5539 τοῦ
2912 5488 3062 5554 Υίοῦ,
3108 5492 3222 5555 τοῦ,
3262 5494 3445 5558 καθώς
3474 5510 3625 5565 φησιν
3650 5493 3677 5545 ό

2135 5572 2404 5641 Ἰωάννης,
2440 5575 2497 5626 ἐν
2528 5577 2593 5645 τῇ
2629 5577 2767 5647 ἀρχῇ
2800 5577 2971 5641 ὄντος,
3004 5583 3098 5635 καὶ
3128 5584 3186 5635 οὺ
3221 5584 3363 5653 μετά
3390 5585 3487 5655 τὴν
3516 5582 3673 5653 ἀρχὴν

2123 5660 2432 5728 νοουμένου.
2475 5662 2639 5734 Ἀρχὴ
2667 5665 2722 5717 δὲ
2753 5667 2846 5720 τοῦ
2874 5670 3072 5733 παντὸς
3098 5674 3124 5725 ὁ
3149 5674 3341 5745 Πατήρ
3366 5692 3377 5704 ·
3410 5674 3520 5730 ἀλλ’
3540 5675 3592 5729 ἐν
3614 5671 3672 5739 τῇ
