4034 6156
365 307 455 360 777

1440 314 1715 369 CONTRA
1758 315 2152 380 EUNOMIUM,
2196 315 2323 370 LIB.
2367 317 2500 372 νιιι.

3496 322 3597 378 773

364 423 497 489 ἀρχῆ
526 422 694 491 ταύτῃ
726 423 816 475 καὶ
846 423 877 472 6
905 422 1028 487 Υἱὸς
1059 419 1196 478 εἷναι
1246 427 1604 496 κεκήρυκται,
1649 432 1825 485 έκεῖνο
1850 432 1924 485 ὢν

2053 433 2347 487 assistentia
2373 441 2426 486 et
2452 432 2744 501 generandi
2779 429 2900 483 Filii
2944 429 3200 483 voluntas
3237 471 3250 493 ,
3275 438 3332 484 et
3368 433 3593 502 ipsemet

362 513 492 564 κατὰ
519 514 615 582 τὴν
645 511 824 580 φύσιν,
861 515 996 586 ὅπερ
1029 516 1176 569 ἐστὶν
1217 518 1250 587 ἡ
1284 519 1443 588 ἀρχή.
1485 519 1616 583 Θεὸς
1645 521 1748 592 γὰρ
1773 525 1865 577 καὶ
1893 527 1926 594 ἡ

362 601 514 671 ἀρχὴ,
553 603 644 653 καὶ
687 604 714 654 6
752 603 808 654 ὲν
836 606 899 673 τῇ
935 604 1074 675 ἀρχῇ
1105 604 1180 658 ὢν
1214 607 1383 675 Λόγος
1450 607 1581 672 Θεός
1613 612 1780 666 ἐστιν.
1817 613 1926 684 Τῆς

361 692 410 744 δὲ
433 691 606 761 ἀρχῆς
631 693 690 745 τὸ
717 693 890 747 ἀΐδιον
921 695 1352 768 ἐνδεικνυμένης,
1403 698 1583 762 καλῶς
1607 702 1635 752 ὁ
1674 702 1927 774 Ἰωάννης

363 785 412 836 ἐν
433 786 494 854 τῇ
525 785 666 854 ἀρχῇ
701 786 958 840 συνάπτει
986 787 1077 841 τὸν
1108 789 1297 857 Λόγον,
1329 791 1384 844 ὲν
1417 792 1552 862 αὐτῇ
1580 788 1718 846 εἷναι
1755 795 1926 864 λέγων

363 876 442 928 τὸν
473 876 678 944 Λόγον·
731 877 890 931 τοῦτο
922 879 997 942 ὼς
1041 875 1190 950 οἶμαι
1233 883 1676 947 κατασκευάζων,
1721 885 1807 938 ἵνα
1853 887 1927 956 μὴ

363 965 534 1039 φθάσῃ
585 967 718 1037 μόνη
771 969 890 1022 καθ’
937 971 1130 1041 ἑαυτὴν
1206 972 1518 1038 ἐγγενέσθαι
1566 976 1599 1044 ἡ
1661 976 1802 1046 ἀρχὴ
1852 976 1930 1046 τῷ

363 1062 664 1128 ἀκούσαντι,
687 1065 820 1118 ἀλλά
841 1067 968 1138 πρὶν
996 1067 1194 1138 ταύτην
1226 1070 1593 1143 ἐντυπωθῆναι
1615 1073 1678 1142 τῇ
1700 1072 1928 1144 διανοίᾳ,

365 1156 762 1228 συγκατανοηθῇ
799 1161 864 1228 τῇ
898 1159 1038 1229 ἀρχῇ
1067 1159 1160 1211 καὶ
1188 1161 1215 1212 6
1246 1159 1417 1227 Λόγος
1459 1161 1487 1212 ὁ
1527 1162 1585 1214 ὲν
1617 1162 1800 1234 ἐκείνῃ
1829 1162 1929 1226 ὢν,

365 1245 708 1300 συνεισελθὼν
754 1248 869 1317 μετ’
916 1250 1086 1318 αὐτῆς
1135 1249 1216 1312 είς
1257 1249 1356 1318 τὴν
1399 1250 1492 1303 τοῦ
1526 1252 1811 1315 ἀκούοντος
1843 1253 1928 1308 ἔν-

333 1352 520 1410 ,νοιαν,
555 1339 647 1391 καὶ
681 1339 816 1408 μετά
842 1339 941 1409 τῆς
967 1340 1142 1410 ἀρχῆς
1181 1341 1245 1409 τῇ
1276 1341 1411 1411 ἀκοῇ
1448 1341 1820 1412 ἐγγενόμενος.

2027 522 2200 578 Filius
2229 524 2322 592 qui
2359 523 2662 578 secundum
2690 522 2953 576 Joannem
2984 522 3036 574 in
3074 521 3344 591 principio
3374 531 3514 586 erat,
3543 532 3599 578 et

2027 631 2135 668 non
2170 625 2290 684 post
2321 616 2650 684 principium
2701 614 3044 685 intelligitur.
3079 613 3416 684 Principium
3473 616 3598 684 qui-

2025 705 2147 760 dem
2180 707 2418 761 universi
2447 705 2607 761 Pater
2630 714 2734 768 est,
2768 706 2864 760 sed
2895 707 2946 758 in
2979 705 3080 759 hoc
3134 706 3404 775 principio
3433 706 3598 759 etiam

2027 796 2198 852 Filius
2223 813 2345 853 esse
2371 798 2698 867 praedicatus
2730 805 2835 861 est,
2874 798 3004 851 illud
3036 812 3157 851 cum
3192 797 3262 852 sit
3293 795 3599 850 secundum

2026 897 2302 955 naturam,
2349 889 2493 958 quod
2555 897 2638 943 est
2677 889 3027 959 principium.
3099 887 3241 943 Deus
3304 888 3450 942 enim
3513 895 3600 942 est

2028 981 2203 1048 ipsum
2237 981 2589 1049 principium,
2626 989 2680 1034 et
2727 980 2870 1036 Deus
2924 979 3188 1049 estquod
3237 981 3290 1034 in
3333 979 3601 1048 principio

2025 1080 2143 1125 erat
2179 1069 2438 1126 Verbum.
2482 1072 2652 1127 Cum-
2689 1082 2866 1127 autem
2935 1073 3262 1143 principium
3323 1072 3601 1126 aeternitas

2027 1162 2278 1232 principii
2325 1172 2470 1217 esset
2519 1164 2891 1218 demonstrata
2916 1201 2930 1228 ,
2960 1164 3218 1233 praeclare
3271 1161 3510 1217 Joannes
3544 1161 3599 1213 in

2027 1253 2298 1322 principio
2333 1252 2570 1308 Verbum
2617 1254 2856 1323 copulat,
2911 1268 3034 1308 cum
3067 1252 3304 1307 Verbum
3367 1252 3422 1305 in
3481 1252 3604 1320 ipso

2036 1358 2158 1398 esse
2187 1343 2321 1396 dicit
2352 1362 2364 1396 :
2397 1344 2500 1398 hoc
2532 1352 2592 1398 ut
2628 1343 2824 1412 Opinor
2852 1351 3206 1412 praestruens,
3253 1356 3321 1396 ne
3351 1341 3605 1394 videlicet

364 1437 662 1498 praeventus
691 1431 928 1493 auditor,
962 1434 1135 1487 solum
1187 1448 1281 1501 per
1322 1449 1381 1487 se
1415 1433 1740 1502 principium
1785 1449 1908 1489 esse
1945 1434 2128 1488 statim
2170 1436 2459 1507 intelligat,
2495 1437 2592 1492 sed
2659 1444 2952 1506 antequam
3029 1436 3210 1504 ipsum
3269 1432 3601 1502 principium

365 1521 415 1573 in
453 1534 632 1576 mente
663 1523 938 1577 audientis
969 1525 1336 1592 imprimatur,
1367 1523 1603 1580 Verbum
1674 1527 1840 1578 etiam
1911 1525 2076 1579 simul
2147 1542 2270 1582 cum
2328 1529 2599 1598 principio
2662 1531 3031 1600 intelligatur,
3107 1526 3238 1580 illud
3297 1540 3396 1580 ens
3454 1527 3602 1594 quod

367 1606 532 1677 ipsum
559 1621 642 1666 est
668 1613 995 1681 principium
1029 1614 1192 1667 simul
1239 1629 1364 1669 cum
1399 1613 1517 1683 ipso
1577 1615 1630 1668 in
1667 1613 1937 1669 audientis
1998 1625 2232 1673 mentem
2305 1619 2549 1684 subiens,
2585 1628 2639 1675 et
2675 1636 2782 1674 una
2819 1635 2940 1674 cum
2972 1617 3240 1688 principio
3287 1618 3341 1669 in
3405 1616 3596 1671 auditu
3684 1604 3687 1606 ’

365 1701 582 1757 insitus.

420 1796 636 1852 Ούτωσὶ
681 1797 740 1851 δὲ
799 1797 896 1850 τοῦ
963 1797 1228 1864 δόγματος
1278 1798 1410 1866 ἡμῖν
1441 1794 1920 1865 διευκρινηθὲντος,

2096 1794 2232 1848 Cum
2266 1793 2431 1864 igitur
2459 1792 2732 1863 dogmatis
2782 1793 2958 1848 nostri
2997 1794 3382 1857 assertionem,
3415 1795 3494 1849 sic
3524 1794 3608 1848 di-

366 1881 545 1952 καιρδς
575 1882 638 1934 ἂν
668 1881 753 1952 εἴη
785 1885 874 1934 καὶ
901 1883 990 1934 τὸν
1020 1884 1260 1937 ἐναντίον
1290 1883 1568 1955 προθεῖναι
1601 1885 1694 1937 καὶ
1723 1882 1929 1952 θεωρῆ-

368 1992 450 2027 σαι
474 1973 649 2041 λόγον,
684 1975 746 2026 ἐκ
779 1975 1118 2046 παραλλήλου
1145 1976 1279 2045 πρὸς
1305 1976 1402 2038 τὰς
1428 1974 1697 2045 ἡμετέρας
1727 1973 1927 2041 ὑπολή-

367 2066 479 2136 ψεις
529 2065 945 2130 ἀντεξετάζοντα
980 2085 991 2095 ·
1043 2066 1190 2134 λέγει
1241 2066 1296 2121 δὲ
1371 2066 1539 2129 οὕτως
1566 2083 1578 2095 ·
1660 2066 1772 2118 Δύο
1821 2065 1930 2133 γὰρ

367 2157 562 2222 ὄντως,
638 2158 789 2227 φησὶ,
837 2155 954 2209 τῶν
1015 2158 1113 2225 ὑφ’
1145 2157 1312 2226 ἡμῶν
1346 2157 1687 2226 εὶρημένων,
1717 2156 1823 2211 τοῦ
1871 2174 1932 2208 τε

369 2247 473 2315 πρὸ
525 2246 634 2316 τῆς
669 2248 820 2313 ιδίας
868 2249 1206 2317 γεννήσεως
1253 2249 1338 2318 μὴ
1371 2245 1522 2302 εἶναι
1565 2248 1678 2315 τὴν
1713 2248 1933 2302 οὐσίαν

369 2339 468 2394 τοῦ
503 2339 897 2408 Μονογενοῦς,
937 2340 1034 2392 καὶ
1070 2340 1173 2393 τοῦ
1212 2341 1606 2408 γεννηθεῖσαν
1638 2339 1750 2408 πρὸ
1782 2337 1932 2390 πάν-

371 2448 480 2485 των
498 2427 666 2496 εἶναι,
688 2431 814 2488 οὔθ’
828 2432 1031 2499 ἕτερον
1050 2431 1167 2484 τῶν
1183 2433 1502 2500 εἰρημένων
1529 2431 1760 2500 ἐλέγχει
1791 2431 1937 2508 ψεῦ-

369 2526 488 2594 δος.
515 2527 661 2580 Οὔτε
686 2525 795 2596 γὰρ
816 2525 893 2592 ὡς
913 2524 1024 2592 πρὸ
1044 2523 1154 2594 τῆς
1177 2525 1450 2579 ἀνωτάτω
1471 2524 1806 2592 γεννήσεως
1838 2523 1938 2577 καὶ

369 2617 723 2682 συστάσεως⁹
758 2614 852 2686 ἦν,
880 2617 1068 2670 εἰπεῖν
1085 2618 1440 2686 ἐτόλμησεν,
1464 2615 1939 2682 ἁντιπιπτούσης

373 2708 472 2778 τῆς
490 2709 590 2761 τοῦ
602 2708 826 2773 Πατρός
838 2708 1092 2775 φύσεως,
1107 2708 1202 2760 καὶ
1219 2707 1327 2774 τῆς
1337 2707 1456 2759 τῶν
1466 2706 1939 2775 σωφρονούντων

368 2808 636 2865 κρίσεως.
695 2798 788 2862 Τίς
815 2796 923 2866 γὰρ
956 2797 1033 2849 ἂν
1063 2797 1162 2850 καὶ
1190 2797 1584 2864 παραδέξαιτο
1610 2797 1942 2866 σωφρονῶν

381 2865 531 2941 ΥίὸΦῘ
561 2889 703 2941 ὄντα
728 2865 830 2942 καί
872 2887 1180 2958 γεννητὸν,
1226 2888 1336 2955 πρὸ
1371 2887 1479 2954 τῆς
1508 2865 1782 2941 ἀνωτάτω
1815 2905 1943 2957 τεν-

373 2978 623 3044 νήσεως,
653 2978 738 3046 μὴ
779 2977 1061 3047 δεομένου
1109 2977 1446 3046 γεννήσεως
1469 2977 1618 3044 πρὸς
1639 2977 1704 3030 τὸ
1728 2975 1880 3031 εἶναι
1913 2976 1945 3029 ὅ

371 3069 504 3121 ἐστι
553 3066 657 3119 τοῦ
705 3066 881 3134 χωρίς
955 3066 1294 3135 γεννήσεως
1339 3065 1536 3129 ὄντοςς
1591 3065 1650 3118 Εἰ
1692 3066 1789 3136 μὲν
1849 3061 1941 3119 οὖν

2037 1887 2415 1948 stinxerimus,
2437 1893 2811 1954 Opportunum
2850 1884 3014 1939 fuerit
3036 1884 3372 1939 contrarium
3405 1899 3610 1939 sermo-

2039 1994 2162 2033 nem
2191 1992 2496 2048 proponere
2525 1987 2577 2031 et
2603 1977 2897 2046 speculari,
2956 1993 3022 2032 ex
3053 1976 3284 2031 adverso
3330 1991 3457 2031 cum
3511 1991 3609 2030 no-

2041 2073 2170 2127 stris
2193 2071 2542 2140 0pinionibus
2584 2069 2727 2124 facta
2761 2070 3069 2125 collatione.
3103 2069 3193 2124 Sic
3221 2081 3399 2124 autem
3428 2070 3560 2123 dicit
3594 2087 3606 2122 :

2041 2163 2173 2217 Cum
2199 2164 2359 2226 enim,
2393 2162 2589 2232 inquit,
2651 2161 2754 2215 duo
2789 2178 2902 2216 vere
2933 2161 3264 2225 dixerimus,
3296 2160 3432 2231 quod
3479 2161 3614 2215 vide-

2043 2253 2162 2305 licet
2196 2262 2315 2305 ante
2339 2253 2609 2321 propriam
2638 2254 3023 2323 generationem
3054 2267 3155 2305 non
3181 2260 3297 2305 erat
3349 2249 3612 2322 Unigeniti

2042 2345 2289 2407 essentia,
2317 2354 2365 2398 et
2396 2344 2532 2415 quod
2569 2353 2688 2398 ante
2719 2346 2897 2398 omnia
2924 2356 3000 2398 est
3032 2347 3229 2414 genita,
3253 2345 3489 2398 neutrius
3529 2343 3613 2396 Ito-

2045 2451 2162 2487 rum
2197 2437 2371 2504 arguit
2405 2434 2779 2488 mendacium:
2809 2452 2968 2506 neque
3015 2437 3153 2489 enim
3187 2437 3322 2505 quod
3362 2445 3483 2487 ante
3523 2451 3614 2488 sn-

2043 2540 2274 2593 premam
2300 2527 2687 2596 generationem
2721 2537 2768 2579 et
2797 2527 3224 2580 constitutionem
3279 2535 3414 2590 erat,
3453 2541 3613 2579 ausus

2047 2625 2123 2668 est
2152 2615 2324 2668 dicere
2356 2614 2454 2682 (a).
2480 2614 2771 2668 reluctante
2819 2614 2998 2668 Patris
3039 2625 3253 2680 natura,
3307 2625 3356 2668 et
3387 2615 3616 2682 pruden-

2052 2714 2159 2756 tum
2183 2704 2490 2758 adversante
2508 2703 2738 2772 judicio.
2775 2703 2905 2768 Quis
2936 2705 3074 2757 enim
3102 2721 3309 2774 compos
3338 2705 3522 2758 mentis
3565 2713 3618 2758 et

2042 2796 2235 2865 jndicii
2279 2795 2529 2848 admittat
2591 2794 2794 2848 Filium
2843 2811 2955 2848 esse
3000 2805 3048 2848 et
3079 2797 3313 2865 genitum
3363 2806 3486 2850 ante
3535 2811 3618 2850 su-

2051 2901 2280 2952 premam
2313 2887 2730 2954 generationem,
2786 2902 2847 2938 ac
2883 2886 2931 2938 si
2965 2902 3066 2938 non
3104 2885 3352 2956 indigeret
3410 2903 3620 2956 genera-

2057 2978 2195 3030 tione
2217 2988 2270 3029 ut
2297 2985 2431 3031 esset
2462 2977 2515 3030 id
2555 2977 2690 3047 quod
2729 2985 2807 3032 est
2835 2978 2878 3030 is
2925 2978 3014 3046 qui
3055 2976 3248 3047 absque
3285 2981 3618 3048 generatione

2055 3068 2164 3121 est?
2190 3067 2245 3120 Si
2276 3068 2441 3138 igitur
2475 3082 2660 3121 verum
2707 3078 2791 3122 est
2821 3068 2965 3137 quod
3023 3069 3243 3131 asserit,
3300 3069 3619 3138 magistrum

371 3156 623 3229 ἀληθεύει
653 3157 742 3210 τὸν
769 3156 1085 3210 διδάσκαλον
1129 3156 1282 3227 ἡμῶν
1325 3155 1487 3226 μηδὲν
1525 3152 1822 3223 ἠγωνίσθαι
1852 3155 1942 3207 λέ-

2053 3167 2300 3215 nostrum
2339 3159 2474 3213 nihil
2515 3160 2693 3229 egisse
2739 3159 3004 3215 adversus
3035 3161 3156 3230 ejus
3204 3163 3617 3231 Oppositiones:

372 3266 484 3317 γων
515 3247 648 3320 πρὸς
685 3249 781 3311 τὰς
808 3247 1128 3311 ἀντιθέσεις,
1172 3246 1328 3300 ἴδοιεν
1360 3246 1559 3309 πάντες
1584 3247 1696 3298 ὅσοι
1723 3248 1841 3308 τοῖς
1867 3245 1949 3297 λό-

374 3357 490 3408 γοις
522 3339 727 3392 ἐκείνου
761 3339 1229 3410 καθωμιλήκασιν.
1295 3338 1435 3406 Ἐγὼ
1465 3339 1522 3392 δὲ
1573 3338 1590 3408 (
1617 3338 1809 3408 μικρὸν
1842 3337 1952 3408 γὰρ

375 3437 454 3496 εἰς
501 3432 772 3498 ἀπόδειξιν
823 3432 1020 3494 κακίας
1069 3432 1156 3484 τον
1210 3431 1427 3500 ἔλεγχον
1474 3431 1573 3501 τῆς
1609 3430 1737 3500 περὶ
1781 3429 1953 3482 ταῦτα

380 3526 741 3594 συκοφαντίας
788 3520 926 3578 εἶναι
971 3524 1296 3594 λογίζομαι)
1351 3519 1668 3576 καταλιπὼν
1702 3521 1761 3575 τὺ
1787 3519 1954 3584 δεῖξαι

384 3615 460 3687 μὴ
503 3615 849 3679 ἀνεξέταστον
885 3614 1271 3687 παρεωρᾶσθαι
1303 3615 1361 3667 τὺ
1409 3616 1571 3686 μέρος
1602 3615 1759 3668 τοῦτο
1803 3612 1955 3683 παρά

378 3707 472 3762 τοῦ
505 3707 819 3762 διδασκάλου
843 3748 857 3771 ,
904 3709 1029 3777 περὶ
1053 3708 1148 3777 τὴν
1175 3707 1415 3772 ἐξέτασιν
1436 3707 1540 3760 τῶν
1564 3705 1953 3776 προτεθέντων,

379 3799 528 3860 ὅπως
554 3799 618 3850 ἂν
644 3791 753 3850 οἷόν
777 3813 833 3849 τε
867 3793 919 3868 ᾗ,
944 3796 1126 3868 τρέψω
1152 3796 1241 3849 τὸν
1271 3796 1445 3864 λόγον.
1474 3797 1576 3849 Δύο
1609 3797 1771 3866 φησὶν
1798 3796 1852 3848 ὲν
1883 3795 1958 3865 τῷ

381 3890 502 3943 καθ’
550 3889 736 3942 ἑαυτὸν
783 3890 1060 3960 εἰρηκέναι
1105 3889 1268 3958 λόγῳ,
1321 3888 1378 3942 ἓν
1426 3890 1558 3960 μὲν,
1604 3889 1669 3941 τὸ
1708 3888 1815 3957 πρὸ
1861 3888 1960 3958 τῆς

385 3981 521 4043 ιδίας
540 3981 844 4051 γεννήσεως
874 3981 946 4051 μὴ
979 3975 1116 4034 εἶναι
1144 3981 1243 4051 τὴν
1268 3980 1454 4033 οὐσίαν
1483 3978 1574 4033 τοῦ
1601 3977 1957 4047 Μονογενοῢς·

382 4075 569 4143 ἕτερον
597 4074 672 4135 δὲ,
722 4073 782 4126 τὸ
828 4072 1176 4142 γεννηθεῖσαν
1225 4073 1330 4144 πρὸ
1363 4073 1580 4126 πάντων
1613 4068 1771 4124 εἶναι.
1823 4069 1960 4122 Ἀλλ’

384 4167 469 4219 ἔτι
503 4164 598 4234 μὲν
629 4165 689 4216 οὐ
724 4165 882 4234 καινή
930 4181 1013 4226 τις
1041 4165 1200 4218 οὐσία
1236 4163 1385 4234 παρά
1412 4161 1507 4216 τοῦ
1548 4162 1760 4232 Πατρὸς
1810 4163 1954 4229 ἐγεν-

385 4253 523 4324 νήθη
573 4253 675 4318 ἔξω
725 4255 822 4323 τῆς
877 4254 934 4305 ὲν
991 4251 1139 4321 αὐτῷ
1185 4251 1261 4322 τῷ
1321 4253 1495 4322 Πατρὶ
1545 4249 1962 4320 θεωρουμένης,

389 4343 591 4407 ἱκανῶς
617 4341 766 4414 οἶμαι
798 4343 884 4396 διὰ
904 4343 1008 4396 τῶν
1043 4343 1446 4414 προειρημένων
1481 4345 1614 4412 ἡμῖν
1651 4341 1964 4410 ἀποδεδεῖχ-

389 4435 504 4497 θαι,
538 4435 629 4487 καὶ
662 4434 823 4504 μηδὲν
852 4434 1072 4503 χρῄζειν
1117 4435 1281 4503 ἡμᾶς,
1318 4435 1393 4496 ὡς
1419 4433 1646 4502 πρώτως
1670 4434 1801 4502 ἡμῖν
1835 4448 1966 4501 προ-

2054 3250 2291 3305 viderint
2329 3265 2522 3306 omnes
2583 3251 2894 3320 quicunque
2955 3251 3010 3305 in
3073 3253 3220 3307 illius
3278 3253 3623 3307 sermonibus

2055 3342 2260 3398 versati
2301 3352 2450 3398 sunt.
2512 3341 2624 3412 Ego
2660 3357 2817 3405 vero,
2867 3341 3124 3412 quoniam
3179 3357 3370 3412 parum
3431 3342 3497 3396 ad
3532 3341 3626 3396 de—

2058 3435 2469 3490 monstrandam
2499 3434 2618 3504 ejus
2667 3434 2927 3488 malitiam
2973 3433 3152 3488 facere
3181 3433 3438 3496 arbitror,
3500 3449 3625 3489 eum

2058 3529 2111 3581 in
2167 3528 2252 3582 his
2324 3527 2500 3597 palam
2577 3527 2972 3581 calumniatum
3027 3525 3322 3594 arguisse,
3379 3525 3625 3579 omittam

2058 3618 2350 3673 ostendere
2399 3619 2717 3688 magistrum
2806 3624 3054 3672 nostrum
3111 3631 3220 3670 non
3281 3615 3626 3670 inexcussam

2061 3709 2477 3779 praetermisisse
2507 3724 2622 3764 eam
2662 3718 2890 3778 partem,
2939 3718 2992 3763 et
3049 3707 3114 3760 ad
3157 3705 3518 3761 examinanda
3565 3719 3628 3759 ea

2061 3813 2182 3867 qum
2211 3797 2280 3852 ab
2325 3797 2445 3866 ipso
2495 3805 2895 3866 proponuntur,
2928 3804 3191 3865 quantum
3242 3794 3360 3849 ﬁeri
3397 3794 3625 3864 poterit,

2062 3887 2366 3941 orationem
2397 3893 2734 3941 convertam.
2769 3886 2883 3940 Duo
2941 3887 3118 3956 inquit
3167 3885 3221 3939 in
3251 3900 3353 3940 suo
3378 3901 3631 3941 sermone

2063 3975 2288 4040 dixisse,
2360 3989 2528 4030 unum
2587 3975 2804 4045 quidem
2861 3976 3006 4044 quod
3050 3981 3176 4030 ante
3229 3974 3630 4043 generationem

2064 4083 2188 4137 quae
2219 4069 2323 4140 ipsi
2356 4070 2574 4139 propria
2603 4079 2706 4135 est,
2749 4069 3022 4140 Unigeniti
3050 4073 3286 4126 essentia
3320 4084 3428 4123 non
3478 4077 3628 4130 erat;

2065 4162 2297 4214 alterum
2349 4175 2477 4216 vero
2517 4161 2661 4230 quod
2721 4169 2847 4215 ante
2911 4162 3092 4216 omnia
3151 4162 3333 4228 genita
3366 4167 3451 4215 est
3514 4158 3635 4228 ejus

2065 4251 2325 4306 essentia.
2375 4250 2479 4307 Sed
2530 4253 2674 4322 quod
2706 4269 2813 4307 non
2850 4268 2987 4307 nova
3023 4253 3272 4322 quaedam
3309 4252 3546 4306 essentia
3604 4267 3634 4304 a

2067 4339 2225 4394 Patre
2257 4341 2328 4395 sit
2354 4342 2556 4410 genita,
2591 4350 2742 4396 extra
2768 4357 2886 4395 eam
2917 4357 3039 4410 qua:
3068 4342 3120 4394 in
3157 4340 3276 4409 ipso
3306 4337 3465 4392 Patre
3502 4352 3635 4391 con-

2069 4435 2360 4496 sideratur,
2394 4435 2609 4490 abunde
2638 4451 2736 4504 per
2769 4450 2831 4489 ea
2865 4450 2984 4504 quae
3011 4434 3156 4488 dicta
3193 4440 3320 4488 sunt
3369 4446 3398 4485 a
3457 4430 3634 4493 nobis,

389 4525 700 4595 ενεχθέντος
727 4525 818 4578 τοῦ
851 4525 1030 4592 λόγου,
1059 4525 1192 4596 πρὸς
1216 4525 1311 4595 τὴν
1337 4525 1589 4596 τοιαύτην
1620 4524 1951 4594 βλασφημίαη

2068 4527 2500 4582 demonstratum
2535 4541 2656 4581 esse
2690 4526 2946 4581 existimo
2975 4544 2988 4592 ;
3034 4525 3283 4595 nihilque
3318 4539 3456 4594 opus
3517 4536 3640 4578 esse

393 4613 820 4684 συμπλέκεσθαι,
860 4613 992 4682 πρὸς
1024 4614 1078 4666 δὲ
1113 4613 1270 4666 τοῦτο
1319 4613 1476 4684 μόνον
1508 4615 1801 4680 ἀναγκαῖον
1828 4611 1966 4666 εἶναι

389 4704 493 4776 τὴν
536 4703 768 4774 σπουδὴν
798 4704 1048 4772 γενέσθαι
1075 4704 1152 4773 τῷ
1185 4705 1344 4773 λόγῳ,
1396 4706 1530 4775 πρὸς
1559 4706 1657 4774 τὴν
1689 4705 1846 4758 ἄθεον
1873 4705 1969 4758 αὑ-

390 4794 490 4847 τοῦ
518 4794 658 4862 λέγω
687 4795 777 4848 καὶ
811 4792 1053 4865 φρικώδη
1081 4795 1280 4865 φωνὴν,
1308 4794 1406 4865 τὴν
1428 4779 1684 4866 ’φανερῶς
1712 4795 1969 4848 εἰποῦσαν

396 4885 652 4957 περὶτοῦ
703 4885 836 4939 θεοῦ
885 4886 1076 4956 Λόγου,
1125 4887 1206 4939 ὅτι
1248 4887 1348 4939 οὐκ
1389 4883 1489 4956 ἦν·
1536 4887 1672 4940 ἀλλά
1705 4888 1797 4940 καὶ
1845 4888 1971 4957 περὶ

395 4978 600 5048 ταύτης
637 4979 735 5049 τῆς
775 4977 1116 5048 βλασφημίας
1165 4980 1222 5032 ἐν
1264 4981 1372 5042 τοῖς
1414 4979 1822 5050 προειρημένοις
1866 4997 1966 5048 με-

395 5071 563 5140 τρίως
595 5069 935 5135 διαλαϐόντος
968 5069 1061 5124 τοῦ
1104 5069 1282 5139 λόγου,
1317 5071 1455 5140 τάχα
1486 5070 1734 5140 περιττὸν
1788 5069 1854 5123 ἂν
1887 5070 1969 5139 εἰή

397 5161 567 5216 πάλιν
604 5162 692 5215 διὰ
719 5161 821 5215 τῶν
849 5164 1046 5232 ὁμοίιον
1081 5163 1448 5232 θεωρημάτων
1503 5162 1569 5215 τὰ
1599 5161 1973 5232 προαποδεδει-

399 5253 581 5323 γμένα
613 5255 1051 5317 κατασκευάζειν.
1090 5253 1291 5307 Τούτου
1325 5253 1432 5323 γὰρ
1460 5253 1643 5305 ’ένεκεν
1670 5251 1763 5303 καὶ
1793 5250 1974 5320 προείο

403 5363 567 5416 ρηται
602 5348 729 5415 παρ’
761 5346 915 5414 ἡμῶν
949 5349 1150 5406 ἐκεῖνα,
1193 5345 1267 5408 ὼς
1299 5346 1398 5414 τῆς
1444 5342 1698 5406 εὐσεϐοῦς
1738 5341 1973 5404 διανοίας

401 5437 935 5508 προεντυπωθείσης,
971 5440 1080 5499 τοῖς
1123 5437 1532 5506 ἐντυγχάνουσιν
1575 5431 1976 5501 καταφανεστέο

405 5545 511 5600 ραν
531 5526 778 5596 γενέσθαι
788 5528 896 5581 τῶν
907 5531 1159 5582 ἐναντίων
1169 5528 1264 5599 τὴν
1281 5527 1646 5599 βλασφημίαν,
1657 5525 1764 5578 τῶν
1779 5525 1870 5577 ἐπὶ
1882 5523 1975 5578 τοῦ

2069 4635 2192 4680 nos,
2225 4626 2282 4672 ut
2330 4618 2562 4688 primum
2624 4617 2782 4673 nobis
2821 4617 3031 4686 prolato
3064 4631 3334 4678 sermone,
3371 4629 3494 4668 cum
3530 4612 3632 4667 tali

2069 4709 2406 4779 blasphemia
2432 4707 2765 4778 conﬂigere;
2799 4707 2890 4761 sed
2928 4707 2980 4760 in
3015 4706 3117 4758 hoc
3175 4704 3352 4759 solum
3387 4715 3641 4756 necessa-

2072 4802 2214 4856 rium
2246 4815 2366 4855 esse
2395 4800 2576 4855 studio
2622 4798 2937 4854 incumbere
2978 4799 3031 4851 in
3081 4797 3181 4850 hac
3245 4794 3636 4866 disputatione,

2073 4893 2196 4946 dico
2231 4891 2494 4947 adversus
2534 4890 2850 4944 horribilem
2881 4898 2934 4945 et
2996 4889 3212 4959 impiam
3269 4887 3388 4956 ejus
3451 4898 3638 4939 vocem

2074 4985 2272 5039 obnixe
2295 4983 2646 5046 contendere,
2675 4997 2795 5050 quae
2823 4991 3008 5050 aperte
3038 4979 3175 5034 dixit
3204 4978 3271 5032 de
3321 4975 3418 5030 Vel
3432 4975 3501 5028 ho
3532 4972 3641 5026 Deo

2075 5075 2218 5146 quod
2280 5091 2388 5128 non
2452 5083 2588 5130 erat.
2647 5073 2754 5129 Sed
2816 5073 2884 5127 de
2919 5074 3020 5126 hac
3071 5070 3407 5139 blasphemia
3440 5067 3494 5118 in
3539 5078 3638 5115 an-

2077 5166 2292 5222 tedictis
2322 5182 2445 5220 cum
2471 5164 2582 5234 jam
2622 5163 3066 5225 disseruerimus,
3102 5161 3336 5214 fortasse
3383 5164 3644 5220 superva~

2074 5271 2308 5311 caneum
2345 5253 2510 5309 fuerit
2543 5268 2736 5308 rursus
2779 5267 2876 5321 per
2940 5249 3140 5305 similia
3199 5246 3554 5300 theoremata,
3590 5236 3644 5290 id

2081 5357 2166 5402 est
2193 5345 2587 5416 speculan'lina,
2615 5360 2737 5414 qua:
2792 5342 2945 5412 prius
3003 5338 3219 5391 fuerunt
3270 5331 3645 5384 demonstrata

2083 5445 2388 5491 exstruere.
2420 5433 2533 5488 Hac
2564 5434 2709 5489 enim
2741 5432 2807 5484 de
2842 5441 3008 5481 causa
3041 5425 3093 5476 in
3128 5419 3501 5489 superioribus
3527 5430 3647 5472 ser-

2092 5527 2344 5582 monibus
2375 5526 2464 5580 illa
2499 5522 2884 5597 praemisimus,
2926 5524 2986 5571 ut
3022 5514 3110 5567 his
3145 5514 3235 5584 qui
3271 5517 3323 5570 in
3357 5517 3473 5570 haec
3509 5507 3648 5566 scri-

485 5710 559 5782 (ι.)
584 5708 816 5764 Basilius
851 5720 1040 5775 nempe
1067 5692 1159 5774 qui
1189 5715 1376 5761 contra
1414 5707 1734 5764 Eunomium
1761 5707 2078 5777 scripserat.

738 5801 1012 5860 PATROL.
1043 5797 1163 5857 Gn.
1207 5798 1395 5862 XLV.

3334 5775 3413 5833 25
