4046 6150
416 309 449 362 ’1
462 310 528 363 ῖθ

1694 309 1748 364 S.
1793 312 1832 364 (Β
1845 311 2120 368 ιιειιοιιιι
2153 313 2441 370 NYSSEN!

3539 313 3644 366 780

417 436 504 496 pta
539 429 846 492 inciderint,
880 431 963 498 pia
1007 430 1314 487 notioneac
1350 429 1707 498 intelligentia
1743 448 1980 500 praemu-

2087 437 2402 506 μονογενοῦς
2449 437 2581 490 Θεοῦ
2619 437 2677 488 τὸ
2725 437 2795 507 μὴ
2832 431 2966 488 εἶναι
3018 435 3109 487 τού
3141 427 3278 487 εἶναι
3310 446 3646 484 κατασκευα-

417 524 546 573 nitis
577 517 914 572 manifestior
945 519 1035 572 fiat
1055 520 1488 574 adversariorum
1512 522 1868 591 blasphemia,
1888 529 1978 593 qui

417 612 471 663 iu
523 610 802 680 unigenito
856 610 963 666 Deo
1023 628 1130 665 non
1186 627 1308 667 esse
1341 628 1503 682 quam
1543 629 1664 669 esse
1727 625 1980 672 astruuut

414 702 708 769 antiquius.

484 793 672 861 Operae
690 775 1118 862 pretiumautem
1147 796 1275 849 tnihi
1312 797 1543 858 videtur.
1569 800 1699 868 quid
1741 815 1975 868 genera-

415 884 581 937 tionis
611 899 808 939 nomen
841 886 1130 956 significet,
1188 889 1463 942 exactiore
1495 895 1742 946 examine
1791 893 1842 944 in
1880 892 1978 944 hac

414 974 784 1044 disputatione
839 978 1192 1045 perpendere.
1234 978 1390 1044 Quod
1465 981 1628 1049 igitur
1681 997 1744 1037 ex
1797 983 1976 1051 aliqua

414 1080 579 1119 causa
611 1081 734 1123 esse
759 1082 951 1122 nomen
985 1069 1115 1123 illud
1160 1079 1530 1139 reprzesentet,
1556 1074 1728 1128 cuivis
1762 1075 1970 1142 perspi-

414 1169 578 1209 cuum
603 1163 707 1221 est,
735 1173 835 1211 nec
866 1157 966 1211 hac
997 1157 1063 1213 de
1085 1174 1140 1214 re
1170 1159 1536 1214 dimicandmn
1573 1177 1693 1216 esse
1721 1164 1973 1217 arbitror.

415 1245 521 1300 Sed
556 1248 812 1314 quoniam
848 1264 1038 1302 eorum
1075 1266 1194 1319 quae
1221 1267 1284 1306 ex
1342 1252 1522 1320 aliqua
1578 1267 1743 1308 causa
1792 1254 1975 1308 subsi‘

414 1345 567 1390 stunt
611 1337 869 1394 differens
897 1349 980 1394 est
1013 1342 1172 1404 ratio,
1225 1342 1329 1396 hoc
1361 1343 1616 1397 existimo
1663 1344 1972 1408 convenire,

414 1425 461 1479 si
513 1426 808 1482 artificiosa
848 1429 1027 1498 aliqua
1073 1428 1339 1485 divisione
1394 1432 1608 1501 planius
1651 1433 1972 1501 explicetur.

415 1519 610 1570 ILorum
649 1519 813 1586 igitur
842 1535 962 1589 quas
995 1519 1061 1573 ab
1097 1522 1278 1589 aliquo
1315 1522 1479 1586 fiunt,
1512 1522 1610 1576 has
1643 1522 1976 1577 differentias

414 1608 949 1676 comprehendimus.
984 1609 1241 1676 Quanlam
1287 1613 1431 1666 enim
1459 1629 1523 1668 ex
1573 1615 1798 1667 materia
1849 1621 1977 1667 sunt

412 1707 465 1749 et
494 1709 630 1763 arte,
674 1707 730 1752 ιιι
757 1699 1104 1754 mdificiorum
1134 1709 1189 1754 “rt
1227 1702 1555 1771 reliquorum
1607 1719 1830 1773 operum
1882 1719 1974 1758 ex-

2083 531 2279 593 ζόντων
2313 530 2580 601 πρεσϐύτε
2588 548 2699 602 ρον.

2149 791 2305 842 Δοκεῖ
2330 788 2384 841 δέ
2418 805 2506 858 μοι
2551 786 2728 850 καλῶς
2775 786 2915 856 ἔχειν
2944 784 3075 839 αὑτὸ
3107 783 3208 852 τῆς
3251 781 3554 852 γεννήσεως
3585 778 3645 832 τὸ

2082 881 2500 951 σημαινόμενον,
2557 881 2619 932 δι’
2649 878 3073 950 ἐπιμελεστέρας
3101 876 3398 943 ἐξετάσεως
3429 873 3646 926 διασκο-

2079 977 2247 1046 πῆσαι
2267 973 2344 1044 τῷ
2367 975 2526 1043 λόγῳ.
2558 975 2679 1027 Ὅτι
2713 975 2808 1044 μὲν
2838 968 2928 1025 οὖν
2960 971 3019 1023 τὸ
3049 970 3106 1034 ἐξ
3130 969 3308 1030 αἰτίας
3341 963 3477 1020 εἶναι
3501 983 3646 1029 τινος

2077 1069 2136 1118 τῦ
2166 1066 2333 1136 ὄνομα
2361 1065 2514 1118 τοῦτο
2546 1065 2857 1135 παρίστησι,
2893 1063 3052 1116 παντὶ
3083 1060 3240 1130 δῆλόν
3269 1061 3402 1121 ἐστι,
3436 1056 3527 1110 καὶ
3555 1057 3646 1108 οὑ-

2077 1158 2161 1210 δὲν
2190 1153 2341 1227 οἶμαι
2379 1158 2575 1228 χρῆναι
2610 1157 2734 1228 περὶ
2781 1155 2966 1209 τούτου
3012 1151 3438 1221 διαγωνίζεσθαι.
3504 1149 3645 1201 Ἀλλ’

2077 1248 2262 1317 ἐπειδὴ
2306 1248 2558 1317 διάφορος
2586 1247 2691 1298 τῶν
2720 1245 2778 1309 ἐξ
2811 1244 2986 1306 αἰτίας
3018 1242 3399 1312 ὑφεστηκότων
3435 1239 3583 1291 ἐστὶν
3617 1240 3646 1291 ὁ

2077 1339 2268 1408 λόγος,
2313 1338 2459 1391 τοῦτ’
2506 1334 2656 1409 οἶμαι
2703 1320 2995 1407 προσήκειν
3049 1334 3137 1387 διά
3189 1349 3332 1395 τινος
3390 1330 3644 1400 τεχνικῆς

2075 1429 2388 1499 διαιρέσεως
2426 1427 2817 1499 σαφηνισθῆναι
2860 1425 2937 1495 τῷ
2982 1425 3143 1494 λόγῳ.
3194 1422 3314 1474 Τῶν
3354 1421 3532 1473 τοίνυν
3583 1420 3647 1472 ἐκ

2075 1537 2217 1583 τινος
2239 1522 2538 1591 γινομένων
2579 1519 2778 1581 ταύτας
2803 1517 2900 1581 τὰς
2925 1513 3186 1586 διαφορὰς
3213 1512 3641 1580 κατειλήφαμεν.

2078 1613 2158 1664 Τὰ
2196 1614 2292 1682 μὲν
2327 1613 2432 1684 γὰρ
2464 1612 2521 1676 ἐξ
2552 1611 2683 1681 ὕλης
2712 1611 2827 1663 ἐστὶ
2857 1609 2950 1662 καὶ
2980 1608 3190 1676 τέχνης,
3236 1605 3311 1666 ώς
3340 1605 3396 1657 ai
3427 1602 3536 1654 τῶν
3568 1603 3645 1654 oi-

2078 1703 2467 1773 κοδομημάτων
2492 1703 2584 1755 καὶ
2611 1700 2716 1754 τῶν
2749 1699 2947 1753 λοιπῶν
2976 1697 3152 1768 ἔργων
3173 1693 3529 1755 κατασκευαὶ,
3559 1692 3645 1746 διά

411 1789 763 1852 structiones,
796 1807 915 1859 qua:
943 1806 1010 1845 ex
1037 1794 1447 1862 congruaﬁunt
1482 1796 1730 1859 materia,
1775 1797 1973 1866 quibus

2085 1793 2172 1861 τῆς
2194 1792 2522 1862 καταλλήλου
2547 1791 2678 1861 ὕλης
2700 1791 2975 1860 γινόμεναι
2995 1805 3008 1818 ·
3040 1785 3359 1857 καθηγεῖταί
3379 1801 3460 1847 τις
3481 1783 3642 1854 τέχνη

412 1889 609 1948 praeest
638 1897 726 1934 ars
759 1882 962 1951 aliqua,
995 1899 1113 1952 quae
1150 1885 1214 1937 ad
1259 1885 1540 1954 preprium
1581 1901 1806 1956 scopum
1865 1887 1979 1943 sive

414 1975 572 2024 finem
605 1973 941 2042 propositum
972 1975 1075 2030 sibi
1105 1975 1435 2044 subjectum,
1467 1991 1532 2031 ex
1560 1976 1626 2032 iis
1646 1991 1767 2046 qua:
1822 1976 1975 2042 fiunt,

414 2059 662 2127 prrducit
701 2076 762 2114 ac
809 2062 1077 2117 absolvit:
1113 2064 1360 2131 qttzcdam
1408 2079 1474 2116 ex
1514 2066 1739 2119 materia
1787 2077 1839 2120 et
1883 2081 1979 2120 na-

413 2159 579 2216 tura;
641 2167 762 2204 nam
829 2153 1170 2208 successivas
1219 2154 1532 2208 animalium
1602 2158 1979 2226 generationes

416 2249 610 2294 natura
644 2243 897 2306 exstruit,
930 2259 992 2298 ex
1033 2245 1295 2298 materiali
1336 2261 1629 2315 corporum
1685 2248 1982 2304 subsisten-

417 2334 489 2386 tia
514 2347 674 2386 suum
713 2349 850 2402 opus
881 2334 1155 2390 efficiens:
1189 2336 1293 2388 alia
1331 2351 1459 2391 vero
1492 2352 1555 2392 ex
1593 2339 1857 2393 materiali
1887 2340 1974 2395 de-

414 2422 582 2490 fluxu,
641 2424 696 2477 in
747 2425 945 2494 quibus
999 2436 1050 2481 et
1087 2427 1387 2495 principale
1439 2428 1742 2498 subjectum
1797 2438 1981 2486 manet

414 2515 573 2584 quale
607 2523 707 2578 est,
750 2525 802 2572 et
841 2516 984 2586 quod
1017 2518 1084 2572 ab
1131 2518 1221 2573 illo
1251 2517 1367 2572 fluit
1411 2519 1464 2572 in
1515 2521 1695 2590 seipso
1729 2521 1982 2577 conside-

415 2615 592 2672 ratur,
619 2618 678 2660 ut
709 2610 759 2661 in
785 2610 899 2663 sole
919 2619 970 2663 et
1002 2610 1177 2674 radio,
1211 2611 1291 2664 vel
1322 2612 1376 2664 in
1408 2612 1628 2666 lucerna
1659 2621 1712 2666 et
1746 2613 1974 2683 fulgore,

416 2697 498 2751 vel
530 2697 582 2749 in
613 2697 986 2753 odoramentis
1015 2707 1068 2754 el.
1101 2701 1416 2766 unguentis,
1448 2709 1501 2755 et
1528 2702 1653 2755 inde
1691 2713 1979 2770 evaporata

416 2786 682 2856 qualitate
715 2805 726 2838 :
759 2788 869 2840 haec
907 2789 1047 2841 enim
1085 2789 1211 2842 licet
1247 2789 1300 2843 in
1357 2789 1552 2859 StfipSiS
1586 2805 1690 2844 non
1717 2791 1980 2845 diminuta

416 2885 690 2936 maneant,
728 2878 910 2930 statim
947 2879 1146 2934 habent
1172 2880 1382 2950 singula
1427 2884 1880 2937 concomitanlem
1911 2900 1973 2937 ex

416 2969 610 3038 scipsis
636 2977 975 3024 emanantem
1016 2971 1315 3026 naturalem
1346 2973 1751 3042 proprietatem,
1793 2983 1851 3027 ut
1896 2975 1976 3030 sol

418 3057 652 3121 radium,
677 3058 896 3113 lucerna
929 3059 1214 3130 fulgorem,
1238 3061 1588 3116 odoramenta
1623 3063 1675 3116 iu
1701 3079 1825 3118 acre
1857 3078 1978 3118 sua-

419 3164 533 3203 vem
587 3165 652 3202 ex
687 3149 818 3219 ipsis
875 3150 1075 3205 editam
1145 3149 1519 3222 fragrantiam.
1563 3151 1656 3208 Est
1718 3161 1980 3222 prazterea

417 3242 625 3311 species
661 3243 764 3296 alia
791 3245 1180 3315 generationis.
1215 3245 1372 3314 cujus
1403 3261 1570 3301 causa
1604 3246 1823 3316 quidem
1877 3247 1981 3300 im-

417 3334 716 3390 materialis
751 3347 834 3392 est
871 3345 924 3390 et
952 3338 1300 3405 incorporea,
1350 3338 1627 3406 generatio
1660 3353 1784 3391 vero
1812 3339 1984 3394 sensi-

416 3427 539 3484 liilis
564 3435 618 3481 et
648 3429 983 3498 corporalis:
1014 3427 1136 3481 dico
1166 3435 1345 3481 autem
1371 3442 1673 3482 serm.:nem
1707 3444 1772 3482 ex
1806 3435 1984 3483 mente

414 3529 925 3590 generatum:cum
955 3519 1100 3572 enim
1147 3519 1216 3572 sit
1270 3519 1592 3587 incorporea
1658 3535 1832 3584 mens,
1887 3535 1985 3590 per

417 3613 783 3667 instrumenta
827 3609 1105 3664 scnsibilia
1159 3623 1466 3663 sermonem
1517 3610 1676 3679 parit.
1735 3609 1982 3665 Totidem

415 3700 787 3772 generationis
813 3699 1147 3754 differentias
1201 3700 1348 3754 velut
1391 3700 1442 3752 in
1473 3701 1710 3770 generali
1747 3701 1981 3771 quadam

417 3791 793 3862 speculatione
847 3789 1220 3859 cognovimus.
1278 3789 1410 3844 Nam
1459 3806 1794 3860 quaecunque
1845 3792 1984 3845 miro

416 3883 652 3954 quodam
686 3889 739 3937 et
791 3881 1104 3951 prodigiose
1137 3880 1300 3934 modo
1339 3895 1367 3933 a
1425 3893 1616 3934 natura
1665 3883 1982 3951 gignuntur,

418 3991 515 4031 seu
554 3990 686 4030 cum-
733 3988 964 4042 corpora
1006 3973 1362 4042 quorumdam
1428 3973 1744 4027 animalium
1780 3974 1834 4027 iu
1880 3974 1986 4028 alia

417 4064 664 4136 quaedam
699 4063 928 4119 diversa:
953 4064 1151 4132 speciei
1189 4071 1381 4126 mutat,
1416 4078 1510 4117 seu
1556 4078 1679 4116 cum
1711 4063 1778 4117 ab
1809 4064 1986 4134 aliqua

416 4157 769 4214 humidorum
802 4157 1146 4216 alteratione.
1180 4156 1259 4210 vel
1293 4156 1564 4210 seminum
1613 4157 1983 4224 corruptione,

415 4252 501 4306 vel
532 4251 801 4321 lignorum
831 4248 1120 4318 putredine
1144 4247 1404 4300 animalia
1426 4247 1670 4316 qttazdam
1694 4247 1943 4317 producit
1971 4264 1984 4313 ;

419 4345 501 4400 vel
531 4359 655 4399 cum
695 4360 758 4397 ex
794 4343 936 4414 ignis
968 4341 1398 4396 condensatione
1463 4340 1744 4394 humidum
1785 4355 1851 4394 ex
1884 4350 1988 4394 tor-

2081 1883 2217 1954 πρὸς
2263 1883 2352 1935 τὸν
2400 1883 2528 1936 ἴδιον
2577 1883 2776 1936 σκοπὸν
2817 1881 2922 1934 τῶν
2973 1879 3266 1949 γινομένων
3297 1876 3359 1929 τὸ
3388 1873 3645 1944 προτεθὲν

2082 1976 2542 2048 συμπεραίνουσα·
2575 1975 2643 2029 τὰ
2669 1975 2724 2027 δὲ
2752 1973 2810 2038 ἐξ
2841 1973 2970 2042 ὑλης
3003 1973 3098 2025 καὶ
3129 1970 3342 2040 φύσεως
3367 1985 3379 1998 ο
3412 1968 3510 2030 τὰς
3538 1966 3646 2037 γὰρ

2080 2066 2138 2132 ἐξ
2157 2066 2397 2135 ἀλλήλων
2425 2065 2660 2134 γενέσεις
2685 2065 2791 2117 τῶν
2823 2063 3025 2134 ζώωνή
3056 2063 3216 2132 φύσις
3245 2060 3534 2130 οἰκοδομεῖ,
3559 2058 3648 2111 διὰ

2077 2159 2176 2227 τῆς
2209 2160 2264 2211 ὲν
2295 2160 2408 2221 τοῖς
2439 2156 2684 2228 σώμασιν
2717 2156 2903 2226 ὑλικῆς
2951 2154 3298 2216 ὑποστάσεως
3345 2151 3408 2204 τὸ
3446 2150 3645 2218 ἑαυτῆς

2080 2246 2374 2316 ὲνεργοὺσα
2400 2263 2412 2276 ο
2444 2245 2512 2299 τὰ
2537 2247 2593 2299 δὲ
2615 2244 2671 2311 ἐξ
2691 2245 2878 2314 ὑλικῆς
2906 2244 3220 2317 ἀπορροίας,
3261 2241 3344 2310 ἐφ’
3369 2235 3446 2295 ὧν
3468 2241 3562 2294 καὶ
3587 2239 3647 2291 τδ

2080 2336 2488 2407 προηγούμενον
2528 2337 2676 2406 μένει
2721 2331 2829 2390 οἷόν
2868 2337 3003 2402 ἐστι,
3049 2335 3144 2388 καὶ
3192 2333 3252 2385 τὸ
3294 2333 3386 2385 ἀπ’
3435 2331 3646 2383 ἐκείνου

2084 2427 2206 2497 ῥέον
2239 2427 2333 2496 ἐφ’
2369 2426 2562 2479 ἑαυτοῦ
2617 2429 2832 2488 νοεῖται,
2861 2427 2936 2488 ὡς
2975 2425 3065 2477 ἐπὶ
3107 2423 3201 2476 τοὺ
3243 2422 3395 2492 ἡλίου
3429 2421 3522 2474 καλ⁵
3549 2419 3646 2488 τῆς

2081 2519 2314 2580 ἀκτῖνος,
2346 2517 2378 2589 ἢ
2411 2517 2501 2569 ἐπὶ
2534 2517 2630 2588 τῆς
2663 2516 2942 2587 λαμπάδος
2973 2515 3067 2568 καὶ
3109 2515 3209 2584 τῆς
3242 2512 3436 2581 αὐγῆς,
3479 2510 3514 2579 ἢ
3554 2511 3648 2562 ἐπὶ

2080 2608 2188 2661 τῶν
2211 2609 2515 2677 ἀρωμάτων
2549 2625 2607 2660 τε
2641 2608 2735 2661 καὶ
2778 2606 2984 2677 μύρων,
3033 2606 3126 2658 καὶ
3153 2603 3251 2673 τῆς
3276 2603 3483 2656 ἐκεῖθεν
3511 2600 3651 2654 ενδι-

2081 2699 2307 2768 δομένης
2348 2700 2629 2770 ποιότητος
2662 2716 2675 2730 ’
2717 2699 2886 2753 ταῦτα
2917 2699 3025 2769 γὰρ
3051 2700 3134 2766 ἐφ’
3170 2696 3374 2750 ἑαυτῶν
3403 2695 3672 2765 ἀμείωτα.

2086 2789 2332 2858 μένοντα,
2368 2788 2529 2852 εὐθὺς
2568 2789 2680 2859 ἔχει
2713 2787 3283 2860 συμπαρομαρτοῦσαν
3310 2786 3522 2852 ἑκάστῳ
3549 2787 3654 2855 τὴν

2081 2879 2174 2931 ἀπ’
2205 2879 2383 2933 αὑτῶν
2420 2880 2766 2951 ὲκδιδομένην
2793 2880 3022 2950 φυσικὴν
3053 2880 3289 2949 ἰδιότητα
3311 2895 3325 2908 ·
3368 2871 3478 2930 οἷον
3500 2878 3528 2930 ὁ
3551 2878 3656 2947 μὲν

2081 2972 2230 3044 ἥλιος
2251 2974 2349 3044 τὴν
2375 2973 2584 3037 ἀκτῖνα,
2612 2974 2644 3042 ἡ
2677 2973 2732 3025 δὲ
2759 2973 2978 3040 λαμπὰς
3001 2971 3096 3041 τὴν
3124 2971 3316 3040 αὑγήν,
3340 2969 3408 3022 τὰ
3427 2969 3483 3022 δὲ
3503 2967 3657 3039 ἀρώ-
3743 3029 3752 3038 _

2087 3081 2229 3134 ματα
2263 3064 2357 3134 τὴν
2384 3064 2460 3134 τῷ
2487 3064 2654 3135 ἀερίῳ
2683 3064 2743 3128 ἐξ
2767 3063 2942 3116 αὐτῶν
2979 3063 3362 3132 ὲντικτομὲνην
3388 3061 3644 3115 εὐωδίαν.

2088 3156 2240 3207 Ἔστι
2277 3156 2369 3208 καὶ
2411 3156 2593 3225 ἕτερον
2623 3152 2759 3217 εἶδος
2793 3154 2944 3225 παρὰ
2971 3153 3140 3207 ταῦτα
3165 3155 3488 3223 γεννήσεως,
3526 3146 3589 3205 οὗ
3622 3155 3658 3222 ή

2087 3246 2183 3317 μὲν
2211 3248 2356 3298 αἰτία
2395 3247 2555 3309 ἄῦλὸς
2582 3248 2698 3298 ἐστι
2738 3248 2830 3299 καὶ
2863 3245 3151 3317 ἀσώματος
3174 3286 3188 3308 ,
3233 3247 3264 3316 ή
3315 3246 3369 3298 δὲ
3401 3245 3659 3314 γέννησις

2084 3338 2311 3408 αἰσθητή
2336 3356 2393 3391 τε
2417 3338 2508 3391 καὶ
2542 3337 2628 3390 διὰ
2668 3337 2944 3408 σώματος·
2977 3337 3118 3405 λέγω
3141 3337 3197 3390 δὲ
3225 3337 3316 3389 τὸν
3350 3338 3414 3388 ὲκ
3434 3336 3527 3388 τοὺ
3559 3336 3658 3387 νοῦ

2083 3430 2416 3500 γεννώμενον
2443 3431 2598 3500 λόγον
2618 3450 2631 3464 ·
2677 3433 2965 3504 ἀσώματος
2998 3434 3106 3504 γὰρ
3133 3432 3207 3485 ὢν
3253 3432 3373 3486 καθ’
3411 3430 3603 3484 ἑαυτὸν
3631 3434 3661 3483 ὁ

2085 3520 2226 3582 νοῦς,
2257 3520 2344 3574 διὰ
2385 3522 2494 3574 τῶν
2535 3522 2806 3593 αἰσθητῶν
2853 3523 3098 3593 ὁργάνων
3131 3523 3303 3575 τίκτει
3349 3522 3440 3574 τὸν
3473 3521 3655 3590 λόγον.

2085 3611 2363 3676 Τοσαὺτας
2406 3615 2708 3684 γεννήσεως
2754 3615 3014 3686 διαφορὰς
3067 3613 3178 3668 οἷον
3226 3617 3283 3668 ἐν
3331 3618 3518 3685 γενικῇ
3550 3633 3660 3667 τινι

2086 3699 2287 3771 θεωρίᾳ
2317 3703 2740 3772 κατενοήσαμεν.
2788 3704 2868 3756 Τά
2902 3703 3008 3771 γὰρ
3036 3705 3135 3757 ὅσα
3162 3703 3658 3774 Θαυματουργεῖται

2087 3791 2236 3860 παρά
2261 3792 2359 3861 τῆς
2387 3791 2621 3860 φύσεως,
2647 3794 2744 3863 τῆς
2776 3793 2998 3864 σώματα
3023 3793 3174 3858 ζώων
3195 3795 3352 3848 τινῶν
3375 3797 3453 3858 είς
3481 3798 3663 3865 ἑτερο-

2087 3880 2193 3949 φυῆ
2242 3898 2360 3935 τινα
2399 3882 2852 3953 μεταϐαλλούσης,
2922 3885 2953 3954 ἢ
2994 3885 3100 3938 ἀπό
3146 3903 3286 3949 τινος
3332 3886 3440 3938 τῶν
3474 3887 3661 3958 ὑγρῶν

2088 3976 2440 4038 ἀλλοιώσεως,
2479 3976 2511 4048 ἢ
2549 3975 2877 4045 σπερμάτων
2917 3975 3140 4046 φθορᾶς,
3187 3978 3219 4048 ἢ
3271 3975 3441 4041 ξύλων
3490 3996 3661 4048 σηπε-

2087 4067 2233 4129 δόνος
2263 4065 2376 4130 ζῶά
2408 4083 2528 4118 τινα
2559 4065 3012 4136 δημιουργούσης,
3051 4067 3080 4136 ἢ
3123 4069 3184 4120 ὲκ
3227 4068 3325 4137 τῆς
3353 4068 3446 4121 τού
3488 4070 3661 4138 πυρὸς

2097 4158 2477 4228 συμπιλήσεως
2529 4157 2620 4210 τὸν
2670 4157 2874 4227 ψυχρὸν
2926 4159 2989 4209 ὲκ
3032 4158 3139 4209 τῶν
3169 4158 3342 4211 δαλῶν
3373 4160 3544 4230 ἀτμὸν
3572 4162 3659 4212 ἐν-

2089 4247 2467 4318 αποληφθέντα
2531 4247 2610 4317 τῷ
2661 4247 2812 4316 βάθει
2864 4249 2997 4318 πρὸς
3045 4248 3182 4312 ζώου
3229 4249 3440 4316 γένεσιν
3494 4269 3659 4320 μετα-

2091 4340 2365 4410 ποιούσης,
2385 4340 2412 4392 ὃ
2435 4339 2814 4410 σαλαμάνδραν
2847 4339 3340 4411 προσαγορεύουσιν
3365 4385 3378 4402 ,
3429 4344 3532 4396 κᾶν
3555 4344 3659 4410 ἔξω

419 4437 573 4493 ribus
605 4435 833 4489 halitum
865 4435 918 4488 in
955 4433 1124 4488 fundo
1161 4433 1429 4492 relictum.
1454 4430 1520 4484 ad
1548 4431 1799 4487 animalis
1825 4446 1980 4500 gene-

2089 4431 2194 4484 τῶν
2232 4431 2603 4500 διορισθέντων
2636 4425 2771 4483 εἶναι
2803 4415 2954 4500 δοκῇ,
2988 4430 3138 4484 οὐδὲν
3166 4427 3328 4504 ἦττον
3360 4434 3417 4485 ἐν
3447 4436 3557 4498 τοῖς
3585 4436 3658 4486 εί-

421 4529 682 4582 rationem
725 4534 1074 4593 transmutat,
1130 4525 1297 4595 quod'
1351 4523 1751 4577 salamandram
1804 4523 1986 4593 appel-

418 4617 530 4672 lant
552 4659 566 4682 ,
597 4618 808 4673 etiamsi
841 4627 992 4671 extra
1025 4633 1116 4672 eas
1147 4616 1559 4687 generationum
1596 4616 1804 4684 species
1849 4632 1987 4684 quas

420 4723 586 4776 supra
616 4708 984 4768 definivimus,
1023 4724 1144 4762 esse
1176 4707 1481 4766 vidcantur,
1523 4706 1877 4760 nihilominus
1907 4714 1990 4761 ta-

422 4813 544 4850 men
576 4802 629 4851 in
663 4800 794 4868 ipsis
827 4807 1051 4866 possunt
1108 4799 1513 4867 comprehendi.
1571 4797 1770 4852 Natura
1827 4799 1972 4853 enim

421 4903 516 4957 per
551 4903 780 4957 corpora
813 4892 958 4943 varia
991 4892 1103 4943 hinc
1130 4890 1444 4942 animalium
1477 4905 1672 4957 genera
1708 4891 1978 4959 producit;

421 4980 600 5049 qualis
635 4982 779 5034 enim
812 4982 1058 5050 corporis
1092 4983 1268 5036 versio
1306 4982 1486 5044 fuerit,
1518 4982 1698 5035 taliter
1732 4998 1760 5035 a
1795 4993 1988 5037 natura

421 5071 612 5127 aﬁecta
667 5071 782 5125 sive
837 5071 1135 5139 disposita,
1175 5074 1334 5125 talem
1386 5073 1676 5140 quintdam
1735 5074 1990 5128 animalis

423 5165 660 5234 speciem
689 5163 870 5218 effecit
898 5183 909 5216 :
943 5178 1063 5231 quae
1096 5163 1315 5231 quidem
1353 5181 1461 5217 non
1510 5166 1613 5217 alia
1661 5177 1742 5218 est
1767 5181 1991 5235 genera-

422 5260 590 5314 tionis
621 5259 855 5328 species,
892 5263 1088 5326 prarter
1122 5270 1240 5310 eam
1275 5272 1394 5324 qua:
1421 5273 1488 5310 ex
1536 5265 1728 5310 natura
1769 5266 1819 5312 et
1873 5273 1990 5309 ma-

421 5352 556 5405 teria
593 5349 916 5406 absolvitur.
954 5347 1089 5402 Cum
1129 5346 1292 5417 igitur
1334 5346 1385 5400 hi
1420 5349 1562 5401 modi
1627 5349 1994 5417 generationis

419 5444 740 5498 hominibus
781 5451 965 5497 essent
996 5440 1222 5512 cogniti,
1265 5439 1542 5493 hominum
1598 5442 1776 5509 generi
1835 5441 1992 5495 bene-

423 5535 547 5587 vola
577 5535 752 5589 sancti
785 5533 1024 5604 Spiritus
1055 5532 1391 5602 dispensatio
1426 5531 1584 5586 nob-s
1611 5531 1831 5586 tradens
1858 5532 1993 5585 divi-

432 5640 497 5678 na
533 5627 811 5695 mysteria.
836 5643 930 5695 per
960 5641 1022 5682 ea
1057 5642 1177 5696 quae
1208 5641 1238 5680 a
1271 5624 1425 5680 nobis
1453 5624 1833 5695 comprehendi
1870 5640 1994 5695 pos-

433 5723 580 5779 mnt,
639 5713 942 5770 doctrinam
982 5715 1110 5773 facit
1137 5731 1324 5773 eorum
1361 5731 1482 5788 qua~
1511 5729 1740 5794 omnem
1781 5732 1988 5774 sermo-

2093 4521 2344 4592 ρημένοις
2380 4520 2514 4573 ἐστί.
2546 4520 2643 4573 Διά
2670 4520 2776 4591 γὰρ
2807 4521 3072 4590 σωμάτων
3106 4522 3137 4590 ὴ
3164 4521 3322 4589 φύσις
3356 4525 3421 4575 τὰ
3444 4524 3658 4577 ποικίλα

2089 4612 2258 4666 ταῦτα
2304 4611 2411 4664 τῶν
2463 4611 2614 4675 ζώων
2646 4613 2759 4680 εἴδη
2807 4609 3124 4680 τεχνάζεται
3150 4630 3162 4642 ο
3205 4613 3237 4682 ἠ
3271 4613 3380 4685 γὰρ
3412 4615 3540 4668 ποιά
3566 4615 3655 4668 :35

2092 4703 2335 4774 σώματος
2381 4701 2578 4772 τροπὴ,
2625 4700 2842 4753 τοιῶσδε
2892 4701 3038 4770 παρά
3088 4702 3185 4772 τῆς
3232 4702 3444 4771 φύσεως
3486 4705 3657 4759 διατε·

2091 4795 2262 4856 θεῖσα,
2312 4794 2373 4846 τὸ
2411 4793 2466 4846 δέ
2509 4811 2559 4844 τι
2603 4791 2695 4844 τοῦ
2727 4792 2865 4856 ζώου
2913 4792 2972 4844 τὸ
3019 4789 3152 4855 εἶδος
3194 4795 3652 4868 ἐδημιούργησεν·

2090 4887 2224 4955 ὅπερ
2253 4885 2352 4938 οὑκ
2391 4884 2517 4938 ἄλλο
2542 4884 2593 4935 τί
2630 4885 2774 4935 ἐστιν
2801 4878 2938 4946 εἶδος
2972 4885 3298 4954 γεννήσεως,
3331 4887 3484 4956 παρὰ
3511 4890 3568 4941 τὸ
3596 4892 3659 4940 ἐκ

2092 4977 2301 5046 φύσεως
2329 4977 2422 5028 καὶ
2468 4975 2597 5044 ὕλης
2625 4976 3072 5045 ἀποτελούμενον.
3107 4979 3320 5031 Τούτων
3352 4982 3530 5034 τοίνυν
3554 4981 3658 5032 τῶν

2091 5070 2188 5139 τῆς
2223 5071 2522 5139 γεννήσεως
2550 5071 2761 5140 τρόπων
2793 5071 3044 5140 φανερῶν
3079 5074 3189 5133 WE;
3231 5071 3542 5142 ἀνθρώποις
3576 5076 3662 5128 ω’

2092 5177 2219 5224 των,
2254 5163 2286 5229 ἡ
2322 5159 2697 5230 φιλάνθρωπος
2726 5161 2818 5213 τοῦ
2851 5162 3006 5228 ἁγίου
3041 5162 3353 5232 Πνεύματος
3384 5165 3661 5235 οἰκονσμῖα

2093 5250 2457 5320 παραδιδοῦσα
2503 5253 2630 5320 ἡμῖν
2676 5251 2744 5304 τά
2776 5251 2896 5306 Οεῖα
2943 5256 3233 5325 μυστήρια,
3279 5253 3368 5307 διὰ
3398 5255 3508 5308 τῶν
3534 5257 3662 5324 ἡμῖν

2092 5345 2353 5416 χωρητῶν
2407 5343 2501 5413 τὴν
2537 5345 2882 5400 διδασκαλίαν
2912 5349 3142 5400 ποιεῖται
3177 5347 3284 5400 τῶν
3316 5348 3458 5419 ὑπὲρ
3486 5349 3661 5415 λόγον.

2092 5438 2162 5500 ὡς
2198 5437 2291 5489 καὶ
2319 5439 2374 5488 ἐν
2406 5439 2516 5498 τοῖς
2556 5419 2732 5500 ἄλλοις
2766 5438 2933 5490 ἅπασι
2964 5437 3118 5490 τοῦτο
3141 5441 3299 5502 ποιεῖ,
3331 5440 3459 5492 ὅταν
3478 5457 3662 5510 σωμα-

2095 5528 2256 5590 τικῶς
2287 5527 2562 5598 διαγράφῃ
2611 5527 2670 5578 τὸ
2716 5527 2887 5590 Θείον,
2919 5527 3212 5596 definiebat,
3261 5530 3354 5581 καὶ
3399 5530 3665 5599 βλέφαρα,

2094 5620 2188 5674 καὶ
2231 5615 2344 5683 οὖς,
2379 5620 2472 5673 καὶ
2509 5619 2823 5682 δακτύλους,
2855 5621 2943 5672 καὶ
2979 5622 3155 5689 χεῖρα,
3202 5622 3293 5675 καὶ
3337 5621 3539 5686 δεξιὰν,
3573 5623 3670 5672 καὶ

2098 5711 2370 5784 βραχίονα,
2417 5713 2507 5767 καὶ
2535 5712 2688 5778 πόδα,
2727 5712 2820 5764 καὶ
2860 5712 3200 5785 ὑποδήματα,
3232 5713 3321 5767 καὶ
3350 5714 3416 5767 τὰ
3444 5712 3671 5771 τοιαῦτα
