4034 6156
426 267 525 324 ῖει

1521 269 1798 326 CONTRA
1837 269 2228 340 EUNOMIUM,
2275 271 2406 326 LIB.
2450 272 2587 327 Vill.

3585 281 3692 339 78?.

429 375 559 454 περὶ
607 386 739 440 Θεοῦ
768 386 1057 450 διεξιοῦσα,
1099 384 1174 442 ὧν
1219 387 1370 441 οὐδὲν
1413 389 1551 441 κατὰ
1586 389 1685 461 τὴν
1725 378 2017 461 πρόχειρον

2126 407 2244 446 nem
2276 399 2328 445 et
2357 390 2624 444 rationem
2663 400 2940 458 superant,
2975 391 3116 447 sicut
3160 391 3213 446 in
3263 393 3385 449 aliis
3435 397 3692 452 omnibus

429 476 660 539 ἔννοιαν,
691 478 746 530 ἐν
787 479 849 547 τῇ
879 478 996 548 θείᾳ
1029 478 1502 549 καταλαμϐάνεται
1536 480 1714 547 φύσει.

2124 485 2230 539 hoc
2261 484 2411 547 facit,
2433 500 2553 538 cum
2581 484 2942 554 corporaliter
2970 484 3136 539 Deum
3164 487 3442 552 describit,
3472 490 3691 543 oculum

433 571 489 617 et
523 564 833 633 palpebras,
857 579 1019 620 aures
1049 573 1101 619 et
1130 567 1332 636 digitos
1362 575 1418 621 et
1441 583 1659 622 manttm
1690 571 1852 623 etiam
1883 571 2184 635 dexteram,
2216 580 2271 627 et.
2335 573 2640 636 brachium,
2706 580 2759 625 et
2824 574 3036 642 pedem,
3092 581 3147 628 et
3206 575 3570 631 calceamenta
3642 589 3695 634 et

428 671 550 726 qua!
586 663 712 711 sunt
744 658 1013 726 ejusmodi
1045 658 1112 715 de
1133 659 1243 715 Deo
1273 675 1563 728 enarrans,
1631 679 1862 732 quorum
1915 666 2048 721 nihil
2089 667 2389 723 secundum
2423 679 2740 725 consuetam
2775 669 3188 739 intelligentiam
3238 671 3290 724 in
3365 671 3546 726 divina
3601 674 3694 728 de-

429 749 787 817 prehenditur
818 761 1033 805 natura.

523 837 686 896 Ἀλλὰ
742 842 877 913 πρὸς
913 844 974 898 τὸ
1023 845 1152 916 ἡμῖν
1201 845 1527 900 εὐσύνοπτον
1549 847 1648 918 τὴν
1670 847 2013 902 διδασκαλίαν

429 935 663 1001 ἄγουσα,
713 936 832 997 ταῖς
868 934 1253 1004 τετριμμέναις
1289 938 1347 990 ὲν
1379 939 1444 1008 τῇ
1488 939 1744 1010 συνηθείᾳ
1775 940 1884 994 τῶν
1925 942 2015 994 ἀν-

431 1029 666 1100 θρώπων
717 1032 922 1097 φωναῖς
978 1031 1044 1084 τά
1120 1032 1255 1103 ὑπὲρ
1317 1036 1498 1089 πᾶσαν
1551 1038 1824 1107 σημασίαν
1875 1039 2016 1111 πρά-

430 1138 615 1190 γματα
656 1120 898 1190 διορίζει,
951 1121 1286 1192 άναλογικῶς
1319 1127 1496 1196 ήμῶν,
1543 1128 1609 1180 δι’
1644 1130 1875 1183 ἑκάστου
1907 1131 2014 1184 τῶν

363 1232 366 1234 ·
432 1214 558 1282 περὶ
584 1214 716 1266 Θεοῦ
747 1216 1073 1288 λεγομένων,
1112 1220 1248 1290 πρός
1279 1236 1400 1270 τινα
1438 1220 1789 1289 ἀναγομένων
1817 1221 2014 1292 ὑψηλο-

429 1305 596 1373 τέραν
641 1307 894 1361 ὑπόνοιαν
918 1350 930 1362 .
963 1310 1152 1374 Οὕτως
1196 1307 1290 1363 οὖν
1329 1311 1423 1362 καὶ
1466 1309 1536 1362 τὰ
1573 1311 1742 1364 πολλὰ
1770 1313 1868 1382 τῆς
1894 1329 2016 1380 γεν-

433 1396 638 1466 νήσεως
683 1399 794 1468 εῖδη
833 1401 982 1472 παρὰ
1010 1405 1108 1472 τῆς
1157 1402 1518 1456 θεοπνεύστου
1560 1403 1908 1469 διδασκαλίας
1936 1408 2016 1470 είς

434 1489 776 1559 παράστασιν
796 1493 894 1561 τῆς
914 1496 1156 1564 ἀρρήτου
1181 1494 1274 1548 τοῦ
1304 1495 1647 1562 Μονογενοῦς
1669 1479 2016 1560 ὑποστάσεως

434 1575 766 1645 παραλαμϐά
778 1595 869 1636 νει,
886 1581 1137 1634 τοσοῦτον
1155 1583 1244 1650 ἀφ’
1263 1583 1492 1638 ἑκάστου
1508 1583 1572 1635 λα
1581 1583 1781 1652 μὸάνου
1790 1602 1876 1648 σα,
1895 1587 2016 1639 ὅσον

433 1665 624 1732 εὐαγές
646 1669 789 1720 ἐστιν
809 1672 886 1733 είς
903 1672 998 1735 τὰς
1030 1675 1154 1744 περὶ
1171 1673 1303 1727 Θεοῦ
1335 1674 1628 1745 ὑπολήψεις
1660 1674 2020 1748 παραληφθῆο

432 1774 539 1810 ναι.
559 1759 644 1820 Ὠς
660 1761 730 1827 γᾶ
739 1778 768 1830 ρ
781 1763 811 1830 ἡ
825 1762 930 1815 τῶν
947 1764 1221 1819 δακτύλων
1241 1769 1426 1839 μνήμη
1441 1770 1633 1823 ὲπὶτοῦ
1649 1767 1804 1830 Θεοῦ,
1819 1769 2024 1839 καὶτῆς

432 1867 513 1919 χει
521 1851 611 1920 pb;
626 1853 820 1906 καὶτοῦ
843 1855 1142 1932 βραχίονος,
1157 1860 1216 1912 οὐ
1234 1859 1330 1929 τὴν
1347 1861 1403 1925 ἐξ
1419 1861 1589 1915 ὀστῶν
1607 1863 1698 1915 καὶ⁵
1711 1861 1914 1932 νεύρων
1933 1865 2025 1916 καὶ

435 1941 651 2008 σαρκῶν
665 1943 755 1996 καὶ
769 1947 1077 2016 συνδέσμων
1094 1949 1186 2001 τοῦ
1208 1949 1402 2019 μέλους
1417 1954 1762 2022 κατασκευὴν
1782 1953 2026 2024 ὑπογρά-

434 2051 523 2103 φει
559 2035 634 2104 τῷ
654 2036 794 2107 λόγῳ
811 2079 825 2101 ,
866 2039 1001 2092 ἀλλὰ
1021 2041 1118 2111 τὴν
1144 2044 1454 2113 πρακτικὴν
1490 2044 1654 2098 αὐτοῦ
1677 2047 1769 2098 καὶ
1795 2049 2022 2117 ἐνεργη-

433 2129 587 2200 τικὴν
610 2129 833 2200 δύναμιν
861 2133 936 2202 τῷ
957 2133 1180 2204 τοιούτῳ
1202 2135 1546 2206 διασημαίνει
1569 2139 1813 2209 ὀνόματι,
1837 2140 1930 2192 καὶ
1941 2141 2008 2193 δι’

435 2219 663 2274 ἑκάστου
715 2221 821 2274 τῶν
854 2223 1026 2276 ἄλλων
1098 2226 1166 2280 τὰ
1203 2227 1512 2299 κατάλληλα
1553 2229 1662 2282 τῶν
1713 2233 1840 2296 περὶ
1873 2231 2012 2284 Θεοῦ

436 2312 736 2380 νοουμένων
762 2315 1111 2380 ἐνδείκνυται,
1135 2318 1196 2371 οὗ
1226 2319 1772 2391 συμπαραδεχομένη⁶
1799 2321 1900 2392 τῆς
1925 2340 2024 2376 σω-

439 2404 671 2473 ματικῆς
698 2403 804 2457 τῶν
828 2405 1107 2470 ὀνομάτων
1130 2409 1417 2479 ἐμφάσεως
1435 2425 1448 2439 ⁸
1500 2412 1674 2472 οὕτως
1699 2413 1792 2467 καὶ
1818 2414 1887 2467 τὰ
1916 2414 2023 2468 τῶν

437 2495 705 2561 γενέσεων
742 2496 949 2550 τούτων
982 2499 1096 2568 εἴδη
1136 2499 1284 2568 λέγει
1326 2501 1424 2572 μὲν
1457 2504 1551 2556 ἐπὶ
1591 2506 1691 2574 τῆς
1727 2504 1878 2568 Θείας
1922 2506 2023 2573 φύ-

440 2603 597 2650 σεως,
628 2588 686 2640 οὑ
718 2587 822 2658 μὴν
850 2589 991 2642 οὕτω
1025 2590 1194 2658 λέγει,
1220 2592 1294 2656 ὼς
1320 2596 1459 2646 νοεῖν
1493 2590 1632 2649 οἶδεν
1661 2597 1694 2666 ἡ
1725 2597 1846 2650 καθ’
1873 2601 2022 2669 ἡμᾶς

440 2677 713 2746 συνήθεια.
749 2679 853 2732 Ti‘
886 2682 983 2750 μὲν
1035 2683 1144 2752 γὰρ
1187 2684 1316 2754 περὶ
1360 2685 1461 2754 τῆς
1509 2691 2022 2761 κατασκευαπικῆς

437 2767 572 2840 λέγῃ
615 2769 916 2838 δυνάμεως,
945 2772 1198 2842 γέννησιν
1238 2775 1335 2843 μὲν
1362 2777 1620 2846 ὀνομάζει
1647 2780 1743 2851 τὴν
1768 2782 2020 2852 τοιαύτην

440 2859 741 2928 ἐνέργειαν,
774 2859 861 2913 διὰ
890 2861 952 2913 τὸ
994 2862 1102 2914 δεῖν
1153 2863 1287 2933 πρὸς
1335 2865 1394 2916 τὸ
1442 2869 1692 2920 ταπεινὸν
1737 2871 1833 2939 τῆς
1873 2871 2022 2934 Θείας

441 2947 722 3018 δυνάμεως
764 2949 1064 3018 καταϐῆναι
1094 2952 1184 3004 τὸν
1211 2952 1366 3022 λόγον
1394 2970 1407 2983 ·
1449 2956 1510 3007 οὑ
1544 2957 1648 3027 μὴν
1689 2959 2019 3014 ἐνδείκνυται

441 3036 511 3089 τὰ
552 3039 652 3091 ὅσα
683 3041 812 3110 παρ’
847 3042 975 3111 ἡμῖν
1013 3044 1077 3112 τῇ
1121 3049 1592 3118 κατασκευαστικῇ
1635 3049 1844 3115 γενέσει
1895 3069 2020 3106 συν·
2048 3067 2090 3123 c

447 3127 750 3200 θεωρεῖται,
783 3131 844 3182 οὐ
881 3131 1063 3193 τόπον,
1113 3133 1172 3185 οὑ
1211 3135 1421 3204 χρόνον,
1469 3138 1567 3208 οὐχ
1594 3141 1623 3191 ό
1650 3139 1806 3209 λόγος
1848 3131 2022 3215 παρα-

441 3219 660 3290 σκευὴν,
705 3219 804 3273 οὐκ
834 3222 1080 3290 ὀργάνων
1113 3226 1423 3293 συνεργίαν,
1469 3228 1529 3280 οὐ
1557 3229 1648 3282 τὸν
1676 3230 1771 3284 ἐπὶ
1797 3234 1913 3296 τοῖς
1939 3251 2022 3302 γι-

441 3312 687 3381 νομένοις
733 3312 980 3383 θόρυϐον,
1030 3314 1164 3368 ἀλλὰ
1198 3315 1369 3369 ταῦτα
1420 3319 1549 3389 ἡμῖν
1595 3323 2018 3388 καταλείπουσα,

447 3404 800 3474 μεγαλοφυιῖλς
843 3409 936 3458 καὶ
965 3405 1181 3476 ὑψηλῶς
1219 3407 1296 3478 τῷ
1322 3408 1441 3479 Θεῷ
1468 3417 1880 3486 προσμαρτυρεῖ
1908 3415 2014 3470 τῶν

441 3493 609 3547 ὅντων
671 3493 770 3562 τὴν
831 3493 1117 3563 γέννησιν·
1171 3497 1246 3560 ὡς
1301 3498 1427 3553 ὅταν
1479 3500 1648 3569 λέγει,
1695 3504 1775 3556 ὅτι
1832 3507 2021 3572 Αὐτὸς

444 3579 611 3638 εἶπεν
631 3584 728 3640 καὶ
749 3584 1144 3654 ἐγενήθησαν,
1176 3588 1358 3654 αὐτὸς
1383 3589 1719 3646 ἐνετείλατο
1739 3595 1835 3648 καὶ
1865 3596 2020 3649 ἐκτί-

444 3680 704 3744 σθησαν.
753 3678 920 3731 Πάλιν
967 3679 1093 3732 ὅταν
1141 3679 1238 3750 τὴν
1293 3682 1606 3753 ἀπόρρητόν
1643 3702 1701 3737 τε
1747 3687 1839 3738 καὶ
1883 3687 2022 3759 ὑπὲρ

447 3766 600 3836 λόγον
647 3765 740 3819 τοῦ
785 3767 1120 3834 Μονογενοῦς
1171 3769 1278 3820 ἀπὸ
1332 3770 1422 3822 τοῦ
1471 3771 1682 3842 Πατρὸς
1728 3773 2022 3828 ὑπόστασιν

448 3857 758 3927 ὲρμηνεύη,
804 3857 890 3909 διὰ
938 3857 1000 3909 τὸ
1046 3856 1331 3930 άχὼρητον
1367 3856 1505 3913 εἶναι
1546 3862 1645 3931 τὴν
1678 3863 2022 3936 ἀνθρωπίνην

448 3949 720 4017 πτωχείαν
750 3947 856 4000 τῶν
888 3949 1026 4019 ὑπὲρ
1048 3948 1204 4016 λόγον
1223 3966 1283 4002 τε
1313 3951 1405 4004 καὶ
1429 3951 1634 4006 ἔννοιαν
1659 3954 2019 4026 διδαγμάτων,

448 4039 566 4092 ἐκεῖ
581 4042 690 4097 τοῖς
733 4039 1023 4110 ἡμετέροις
1060 4041 1555 4112 συγκέχρηται,κα“ι
1588 4045 1715 4099 Υίὸν
1746 4046 2020 4117 ὀνομάζει,

449 4129 584 4198 ὅπερ
616 4129 648 4198 ή
688 4128 814 4199 παρ’
835 4129 964 4198 ἡμῖν
983 4129 1236 4200 συνήθεια
1257 4133 1371 4194 τοῖς
1405 4132 1510 4184 ἀπὸ
1529 4132 1660 4203 ὕλης
1690 4135 1784 4187 καὶ
1812 4135 2024 4203 φύσεως

451 4219 891 4290 ἁποτικτομένοις
903 4220 1070 4291 ὄνομα
1084 4222 1310 4279 τίθεται.
1339 4223 1475 4276 Ἀλλ’
1490 4225 1677 4296 ὥσπερ
1691 4228 1788 4297 τὴν
1804 4228 1900 4298 τῆς
1921 4230 2025 4280 κτί·

453 4331 589 4376 σεως
618 4313 832 4381 γένεσιν
853 4315 943 4366 ἐπὶ
963 4313 1053 4367 τοῦ
1076 4313 1209 4368 Θεοῦ
1239 4316 1266 4367 ὁ
1300 4315 1455 4383 λόγος
1473 4317 1660 4381 εἰπὼν,
1697 4320 1753 4372 τὸ
1775 4319 1862 4374 διά
1884 4337 2025 4383 τινος

2198 843 2304 900 Sed
2345 845 2411 899 ad
2445 846 2494 899 id
2535 845 2678 916 quod
2713 860 2742 898 a
2778 847 2934 901 nobis
2959 847 3190 916 perspici
3227 847 3456 902 faciliter
3494 859 3693 919 potest,

2123 937 2429 990 doctrinam
2459 937 2757 1014 adducens,
2789 937 2933 992 tritis
2966 945 3021 994 et
3052 939 3283 1009 vulgatis
3326 941 3379 993 in
3413 941 3696 995 hominum

2123 1027 2522 1082 consuetudine
2553 1028 2804 1092 vocibus,
2848 1045 2936 1084 res
2963 1045 3083 1099 quae
3116 1045 3332 1084 omnem
3366 1046 3699 1101 exsuperant

2126 1120 2544 1190 signiﬁcantiam
2577 1119 2927 1186 determinat,
2963 1123 3090 1175 dum
3125 1135 3221 1191 per
3251 1123 3553 1193 analogiam
3601 1139 3698 1179 seu

2124 1214 2538 1283 preportionem
2573 1214 2885 1284 quamdam,
2919 1231 3016 1285 per
3039 1231 3101 1270 ea
3130 1232 3250 1285 qua:
3273 1217 3340 1271 de
3371 1216 3480 1273 Deo
3507 1218 3701 1272 dicun»

2120 1311 2230 1369 tur,
2263 1304 2326 1356 ad
2366 1304 2608 1374 aliquam
2642 1305 3018 1360 sublimiorem
3084 1307 3466 1376 cogitationem
3514 1309 3702 1364 suble-

2121 1410 2333 1448 vamur.
2373 1394 2463 1449 Sic
2502 1396 2668 1467 igitur
2703 1397 2908 1451 multas
2973 1398 3342 1467 generationis
3397 1399 3608 1468 species
3665 1415 3699 1454 a

2125 1486 2234 1543 Deo
2269 1487 2533 1556 inspirata
2565 1489 2816 1543 doctrina
2849 1489 2916 1543 ad
2965 1492 3502 1559 repraesentationcm
3563 1492 3701 1547 inef-

2128 1576 2311 1632 fabilis
2339 1578 2713 1634 subsistentia:
2743 1578 3022 1649 Unigeniti
3073 1581 3327 1646 assumit,
3363 1588 3575 1635 tantum
3630 1581 3700 1636 ab

2131 1683 2461 1738 unoquoque
2491 1683 2800 1734 assumens,
2831 1677 3096 1738 quantum
3128 1670 3195 1722 ad
3226 1685 3321 1725 eas
3349 1685 3472 1740 quae
3499 1670 3566 1726 de
3590 1670 3700 1727 Deo

2129 1765 2258 1813 sunt
2287 1759 2594 1829 opiniones,
2650 1760 2797 1829 pium
2861 1768 2945 1816 est
2975 1762 3203 1815 assumi.
3270 1760 3338 1816 Ut
3371 1761 3517 1815 enim
3574 1777 3701 1816 cum

2125 1850 2418 1920 digitorum
2449 1849 2507 1902 ﬁt
2532 1851 2739 1904 mentio
2769 1850 2824 1902 in
2869 1850 2995 1914 Deo,
3027 1860 3081 1904 et
3133 1865 3328 1905 manus
3365 1860 3417 1905 et
3469 1850 3699 1914 brachii,

2127 1955 2236 1993 non
2271 1955 2335 1994 ex
2365 1940 2586 1995 ossibus
2613 1949 2668 1995 et
2721 1941 2904 1996 nervis
2955 1947 3009 1995 et
3042 1941 3300 1996 carnibus
3359 1950 3413 1996 et
3465 1941 3702 1996 vinculis

2126 2033 2355 2086 membri
2425 2033 2876 2088 constitutionem
2935 2047 3188 2088 sermone
3243 2033 3544 2097 describit,
3603 2033 3701 2088 sed

2128 2123 2362 2176 activam
2392 2124 2566 2193 ipsius
2601 2135 2652 2178 et
2692 2123 2962 2178 etﬁcacem
2997 2125 3103 2178 vim
3147 2139 3211 2178 ac
3242 2132 3570 2194 potestatem
3601 2125 3701 2178 tali

2127 2215 2350 2268 nomine
2399 2215 2690 2285 signiﬁcat,
2731 2224 2784 2270 et
2837 2231 2931 2285 per
2976 2216 3206 2270 aliorum
3254 2215 3697 2286 unumquodque,

2126 2317 2246 2370 quae
2284 2303 2351 2358 de
2395 2303 2502 2358 Deo
2531 2305 2936 2375 intelliguntur,
2985 2305 3070 2362 his
3108 2307 3422 2362 nominibus
3473 2321 3703 2376 respon-

2125 2392 2334 2458 dentia,
2388 2393 2864 2456 demonstrantur,
2926 2410 3034 2449 non
3089 2403 3270 2449 tamen
3299 2395 3462 2450 simul
3501 2397 3700 2468 accipit

2127 2498 2444 2553 corpoream
2510 2486 2792 2540 nominum
2862 2485 3317 2555 signiﬁcantiam:
3382 2486 3462 2539 sic
3534 2486 3699 2539 etiam

2126 2574 2325 2628 harum
2361 2579 2780 2646 generationem
2811 2577 3022 2646 species
3048 2577 3115 2631 de
3144 2576 3327 2630 divina
3358 2574 3575 2646 quidem
3606 2590 3703 2629 na-

2126 2673 2249 2718 tura
2277 2666 2433 2734 dicit,
2465 2683 2574 2722 non
2610 2677 2790 2724 tamen
2821 2669 2903 2724 sic
2939 2667 3094 2730 dicit,
3128 2677 3185 2721 ut
3228 2675 3416 2721 nostra
3469 2680 3704 2720 consue-

2125 2759 2258 2813 tudo
2287 2760 2437 2814 novit
2473 2761 2798 2830 intelligere.
2827 2759 2962 2814 Nam
2992 2775 3115 2814 cum
3151 2759 3216 2813 de
3246 2773 3308 2812 ea
3337 2759 3386 2811 vi
3421 2773 3485 2811 ac
3510 2767 3704 2827 poten-

2127 2851 2200 2904 tia
2235 2866 2344 2920 qua
2372 2861 2572 2907 cuncta
2601 2853 2872 2913 condidit,
2908 2853 3170 2921 loquitur,
3231 2852 3372 2904 lianc
3427 2849 3704 2919 operatio-

2127 2957 2250 2996 nem
2291 2945 2700 3014 generationem
2755 2944 2972 3014 quidem
3002 2943 3270 3003 nominat,
3329 2941 3546 3010 quando
3581 2939 3703 3007 qui-

2125 3036 2247 3091 dem
2290 3051 2518 3092 necesse
2564 3045 2647 3090 est
2711 3035 2777 3090 de
2807 3035 2993 3090 divina
3029 3035 3230 3088 virtute
3285 3046 3592 3088 sermonem
3633 3030 3702 3082 ad

2127 3129 2486 3183 humilitatem
2519 3139 2767 3182 nostram
2793 3128 3147 3190 descendere,
3177 3142 3283 3181 non
3313 3134 3492 3179 tamen
3515 3122 3700 3177 omnia

2123 3233 2464 3290 quaecunque
2493 3218 2637 3288 apud
2664 3233 2765 3272 nos
2802 3217 2855 3270 in
2887 3231 2949 3271 ea
2977 3217 3352 3284 generatione,
3403 3229 3509 3282 qua
3567 3211 3700 3280 quid

2124 3309 2489 3373 construitur,
2524 3315 2864 3378 spectantur,
2900 3307 3162 3370 ostendit,
3205 3321 3312 3358 non
3363 3304 3564 3367 locum,
3588 3317 3696 3357 non

2123 3414 2360 3472 tempus,
2391 3417 2498 3456 non
2537 3415 2718 3455 sermo
2770 3397 3258 3459 constitutionem,
3326 3411 3434 3448 non
3483 3394 3692 3448 instru-

2125 3502 2431 3549 mentorum
2461 3493 2784 3562 adjutricem
2817 3505 3064 3560 operam,
3097 3504 3204 3543 non
3235 3489 3288 3540 in
3316 3487 3399 3542 Itis
3439 3501 3561 3556 qua:
3593 3485 3696 3539 ltu-

2125 3601 2288 3640 mano
2321 3600 2472 3639 more
2504 3585 2643 3638 ﬁunt
2673 3583 2992 3647 tumultum,
3033 3580 3128 3636 sed
3176 3581 3290 3634 haec
3322 3578 3479 3633 nobis
3531 3578 3701 3632 relin-

2123 3693 2320 3748 quens,
2367 3677 2588 3732 sublimi
2637 3673 2873 3744 quodam
2925 3683 2978 3729 et
3029 3672 3318 3743 magniﬁco
3368 3670 3547 3733 modo,
3585 3668 3698 3724 Deo

2125 3771 2376 3826 attribuit
2439 3785 2627 3824 eorum
2686 3782 2806 3839 quae
2852 3773 2982 3821 sunt
3039 3765 3484 3836 generationem,
3544 3762 3697 3816 verbi

2123 3866 2296 3934 gratia
2332 3878 2456 3917 cum
2489 3862 2585 3928 ait,
2622 3857 2743 3930 Ipse
2773 3861 2910 3913 dixit
2933 3871 2981 3914 et
3015 3859 3159 3924 facta
3200 3868 3362 3920 sunt;
3397 3873 3507 3926 ipse
3546 3871 3700 3908 man—

2124 3955 2270 4009 davit
2309 3963 2358 4009 et
2387 3963 2567 4008 creata
2597 3962 2718 4008 sunt
2750 3953 2812 4006 ίδ.
2848 3951 3063 4007 Rursus
3090 3967 3213 4005 cum
3276 3948 3695 4004 inenarrabilem

2125 4056 2179 4103 et
2227 4063 2446 4103 omnem
2499 4061 2808 4103 sermonem
2835 4052 3256 4114 exsuperantem
3297 4041 3572 4112 Unigeniti
3629 4055 3698 4092 ex

2125 4138 2285 4193 Patre
2315 4136 3018 4200 subsistentiamdeelarat,
3070 4134 3195 4204 quia
3233 4147 3340 4185 non
3393 4139 3476 4184 est
3525 4142 3701 4198 capax

2127 4230 2364 4284 humana
2395 4238 2608 4300 egestas
2631 4238 2685 4286 et
2724 4227 3049 4284 mendicitas
3095 4224 3546 4278 documentorum
3579 4234 3701 4287 quae

2130 4331 2259 4376 sunt
2292 4335 2458 4390 supra
2489 4335 2797 4376 sermonem
2841 4326 2894 4383 et
2930 4317 3180 4372 notitiam
3210 4319 3564 4382 exsuperant,
3609 4311 3700 4365 ille

452 4407 582 4478 ὕλης
629 4407 870 4475 γίνεσθαι
904 4407 1070 4478 αὐτὴν
1102 4408 1161 4460 ού
1205 4410 1543 4481 προσέθηκεν
1569 4451 1583 4475 ,
1637 4413 1822 4466 οὐσίαν
1872 4412 2022 4484 ὕλης,

2131 4413 2411 4468 vocabulis
2456 4412 2658 4467 nostris
2685 4411 2877 4471 utitur,
2908 4419 2961 4464 et
2990 4406 3187 4461 Filium
3251 4404 3518 4468 nominat,
3554 4401 3701 4472 quod

452 4496 546 4550 καὶ
591 4497 770 4560 τόπον,
811 4499 904 4551 καὶ
950 4498 1162 4570 χρόνον,
1213 4499 1306 4551 καὶ
1339 4499 1516 4553 πάντα
1557 4501 1619 4554 τὰ
1654 4500 1896 4566 τοιαῦτα,
1930 4503 2027 4572 τὴν

451 4588 544 4641 τοῦ
590 4588 890 4659 θελήματος
937 4588 1163 4658 δύναμιν
1210 4585 1346 4642 εἶναι
1393 4593 1806 4662 ἀποφηνάμενος
1834 4610 1846 4623 ·
1888 4592 2029 4648 οὕτω

453 4682 548 4733 καὶ
572 4679 801 4733 ἐνταῦθα
817 4679 943 4732 Υἰὺν
973 4680 1162 4743 εἰπὼν,
1189 4682 1366 4752 ἀφῆκε
1401 4684 1577 4736 πάντα
1604 4702 1659 4736 τε
1685 4685 1749 4738 τά
1777 4685 1908 4739 ἄλλα
1931 4687 2029 4739 ὅσα

455 4772 582 4840 περὶ
631 4771 727 4840 τὴν
771 4771 920 4825 κάτω
968 4773 1218 4842 γέννησιν
1266 4775 1298 4844 ή
1347 4772 1654 4844 ἀνθρωπίνη
1692 4777 1866 4846 -φύσις
1904 4780 2028 4850 ὁρᾷ,

455 4863 600 4934 πάθη
635 4864 778 4932 λέγω
803 4864 896 4916 καὶ
923 4864 1190 4927 διαθέσεις
1217 4866 1308 4919 καὶ
1345 4867 1442 4939 τὴν
1466 4869 1530 4920 ἐκ
1561 4868 1653 4922 τοῦ
1687 4869 1878 4941 χρόνου
1908 4889 2029 4924 συν-

457 4955 694 5024 ἑργειαν,
730 4957 820 5009 καὶ
865 4955 962 5026 τὴν
987 4955 1082 5009 τοῦ
1114 4957 1280 5010 τόπου
1312 4959 1519 5029 χρείαν,
1557 4961 1648 5014 καὶ
1681 4960 1787 5030 πρὸ
1817 4962 2033 5016 πάντων

456 5046 552 5116 τὴν
581 5045 731 5116 ὕλην,
759 5040 832 5100 ὧν
859 5047 984 5100 ἄνευ
1018 5050 1272 5103 ἁπάντων
1327 5053 1360 5120 ἡ
1392 5051 1539 5104 κάτω
1565 5052 1814 5122 γέννησις
1843 5055 1906 5106 ὲκ
1937 5055 2035 5122 τῆς

458 5137 669 5204 ςιύσεως
713 5140 774 5192 οὑ
817 5141 1145 5195 συνίσταται.
1204 5143 1390 5211 Πάσης
1435 5143 1490 5196 δὲ
1540 5143 1792 5214 τοιαύτης
1828 5147 2034 5208 ἑννοίας

459 5230 645 5300 ὑλικῆς
672 5249 730 5284 τε
760 5233 852 5285 καὶ
881 5232 1310 5304 διαστηματικῆς
1354 5236 1426 5306 μὴ
1475 5238 2032 5311 συμπαραληφθείσης

459 5323 516 5374 ὲν
542 5322 606 5393 τῇ
653 5323 747 5375 τοῦ
783 5322 911 5375 Υἰοῦ
942 5325 1200 5395 σημασίᾳ,
1243 5325 1377 5395 μόνη
1429 5325 1724 5397 ὑπελείφθη
1755 5329 1787 5397 ἡ
1831 5328 1989 5396 φύσις
2014 5346 2028 5361 ο

458 5413 553 5465 καὶ
579 5412 667 5465 διὰ
694 5412 850 5465 τοῦτο
874 5416 938 5484 τῇ
969 5413 1062 5466 τοῦ
1098 5415 1228 5467 Υἱοῦ
1256 5419 1404 5487 φωνῇ
1454 5418 1512 5469 τὺ
1537 5419 1734 5470 οἰκεῖον
1763 5419 1854 5471 καὶ
1893 5421 2027 5490 γνή-

456 5522 575 5572 ,ησιον
617 5503 716 5568 τῆς
759 5506 825 5558 ὲκ
868 5504 960 5557 τοῦ
993 5506 1202 5576 Πατρὸς
1236 5507 1553 5575 ἀναδείξεως
1593 5511 1684 5564 ἐπὶ
1729 5511 1821 5566 τοῦ
1860 5513 2032 5566 Mavo-

528 5679 571 5716 ‘3
602 5680 743 5737 Psal.
780 5696 1003 5747 cnvm,
1058 5680 1110 5736 5.

2129 4504 2347 4575 quidem
2377 4511 2563 4559 nostra
2611 4499 2948 4557 consuetudo
2990 4499 3076 4553 his
3107 4498 3195 4567 qui
3229 4513 3294 4550 ex
3354 4493 3580 4548 materia
3635 4503 3692 4548 et

2131 4605 2325 4652 natura
2379 4596 2678 4666 gignuntur
2731 4606 2929 4646 nomen
2991 4590 3240 4660 imponit.
3271 4586 3374 4642 Sed
3431 4584 3700 4655 quemad-

2131 4687 2349 4742 modum
2381 4685 2678 4741 creationis
2711 4683 3118 4753 generationem
3150 4696 3274 4734 cum
3307 4677 3526 4736 divinus
3586 4691 3702 4730 ser-

2132 4796 2221 4836 mo
2249 4780 2406 4842 dixit,
2436 4779 2563 4848 quia
2589 4794 2652 4831 ex
2705 4775 2888 4844 aliqua
2949 4774 3175 4830 materia
3227 4770 3369 4826 facta
3423 4777 3526 4833 est,
3582 4769 3701 4837 ipse

2134 4889 2242 4928 non
2275 4871 2492 4941 adjecit,
2525 4869 2622 4925 sed
2673 4872 2970 4924 essentiam
3021 4865 3265 4920 materia:
3318 4871 3371 4918 et
3407 4863 3588 4918 locum
3646 4869 3703 4914 et

2131 4973 2347 5036 tempus
2371 4971 2425 5019 et
2473 4977 2595 5033 quae
2651 4967 2782 5017 sunt
2836 4957 3137 5028 ejusmodi,
3206 4957 3339 5011 nihil
3376 4955 3523 5010 aliud
3580 4966 3706 5008 esse

2133 5062 2326 5125 praeter
2353 5052 2550 5107 divina:
2595 5050 2897 5106 voluntatis
2949 5049 3245 5118 potentiam
3281 5047 3563 5101 declarat:
3620 5042 3703 5096 sic

2133 5146 2414 5202 etiam-hic
2448 5143 2644 5199 Filium
2693 5158 2818 5198 cum
2879 5141 3040 5206 dixit,
3093 5139 3278 5195 omisit
3330 5136 3508 5190 omnia
3573 5132 3704 5192 alia,

2088 5307 2092 5311 γ
2135 5253 2477 5309 ῳιωρυηψιίι
2516 5238 2571 5290 ἱη
2604 5235 2792 5289 inﬁma
2829 5232 3182 5305 generatione
3237 5228 3472 5280 humana
3506 5227 3703 5274 natura

2134 5340 2365 5403 spectat,
2396 5333 2519 5386 dico
2549 5329 2838 5399 passiones
2864 5337 2918 5383 et
2977 5320 3392 5394 dispositiones,
3460 5322 3514 5368 et
3577 5328 3700 5367 eam

2133 5440 2253 5494 qua:
2292 5423 2349 5478 ﬁt
2387 5439 2452 5479 ex
2490 5435 2731 5492 tempore
2764 5418 3161 5489 operationem,
3193 5415 3247 5464 et
3300 5406 3404 5460 loci
3461 5407 3702 5460 necessi-

2133 5522 2320 5582 tatem,
2356 5522 2409 5570 et
2443 5520 2568 5568 ante
2600 5512 2779 5568 omnia
2810 5505 3116 5569 materiam,
3150 5501 3268 5556 sine
3284 5497 3486 5569 quibus
3516 5500 3696 5554 omni-
