4046 6150
395 255 500 350 res

1645 291 1702 346 s.
1759 251 2089 346 cneconn
2126 289 2416 344 NYSSENI

3550 296 3652 350 75’}

400 409 505 462 bus
538 406 721 461 inﬁma
750 404 1030 476 generatio
1058 415 1178 472 qua:
1205 411 1292 457 est
1330 415 1360 454 a
1394 410 1608 468 natura,
1673 418 1782 459 non
1828 419 1962 460 eon-

2070 403 2258 473 γενοῦς
2308 402 2684 476 ἑρμηνεύεται.
2737 403 2847 455 Καὶ
2880 402 3065 472 ἐπειδὴ
3100 402 3196 472 οὑχ
3249 404 3434 458 ἰκανὸν
3478 399 3546 476 ἦν
3594 408 3652 459 τὸ

399 502 564 557 sistit.
600 501 734 554 Cum
762 507 940 552 autem
970 497 1024 552 in
1077 498 1431 567 generatione
1463 495 1588 551 Filii
1626 498 1740 553 haec
1783 497 1968 553 omnia

398 609 523 662 quae
564 591 632 646 de
667 591 893 645 materia
942 596 996 645 et
1023 589 1268 643 locorum
1311 605 1406 644 seu
1453 597 1755 660 temporum
1797 590 1970 644 inter-

397 685 552 738 vallis
588 681 991 752 intelliguntur,
1025 695 1129 736 non
1181 681 1706 752 comprehendisset,
1750 680 1805 735 in
1843 680 1966 735 Filii

395 776 796 846 signiﬁcatione
818 775 936 830 sola
962 773 1257 829 subrelieta
1290 782 1375 827 est
1395 782 1587 828 natura
1614 793 1627 826 :
1659 780 1970 843 propterea-

393 882 504 938 que
527 881 660 921 voce
693 863 812 920 Filii
867 865 1175 937 proprietas
1197 872 1406 919 natura:
1437 871 1490 920 et
1521 864 1761 934 legitima
1791 865 1965 935 origo,

395 973 518 1027 quae
547 965 631 1014 est
679 959 731 1011 in
758 972 822 1012 ea
854 956 1207 1026 generatione
1231 971 1353 1026 quae
1410 971 1439 1009 a
1466 955 1625 1010 Patre
1685 955 1867 1010 editur
1912 958 1966 1010 in

398 1049 682 1118 unigenito
713 1047 809 1102 Dei
860 1047 1000 1101 Filio
1054 1048 1378 1116 explicatur.
1435 1046 1502 1100 Et
1549 1047 1809 1117 quoniam
1845 1047 1969 1101 talis

395 1140 763 1208 generationis
794 1138 1004 1208 species
1033 1154 1140 1192 non
1169 1147 1286 1194 erat
1310 1138 1504 1193 idonea
1531 1139 1596 1192 ad
1627 1137 1966 1192 inferendam

397 1230 558 1285 nobis
593 1229 950 1286 sufﬁcientem
994 1229 1286 1285 ineﬂ‘ahilis
1313 1231 1647 1285 exsistentiae
1689 1229 1967 1302 Unigeniti

396 1322 839 1393 imaginationem
867 1365 881 1388 ,
915 1323 1141 1376 alteram
1187 1322 1556 1389 generationis
1611 1323 1846 1392 speciem
1889 1322 1967 1376 si-

387 1413 512 1480 .mul
545 1413 778 1468 assumit
823 1413 1090 1482 theologia
1155 1411 1222 1465 ad
1257 1412 1669 1483 significandam
1723 1411 1842 1467 Filii
1873 1428 1968 1483 ge-

399 1506 762 1568 nerationem,
793 1521 912 1559 eam
951 1520 1148 1572 nempe
1177 1520 1299 1574 quae
1331 1505 1387 1558 lit
1421 1520 1488 1560 ex
1542 1505 1811 1560 materiali
1867 1505 1967 1560 de-

397 1596 572 1661 lluxu,
604 1607 657 1652 et
683 1597 814 1652 dicit
873 1597 1218 1667 splendorem
1280 1597 1490 1667 gloriae,
1527 1605 1578 1652 et
1637 1599 1966 1653 suavitatem

399 1689 684 1760 unguenti,
719 1703 974 1758 vaporem
1017 1688 1132 1751 Dei,
1165 1703 1306 1757 quae,
1342 1697 1402 1742 ut
1436 1688 1704 1758 superiori
1731 1696 1966 1743 tractatu

2070 497 2280 550 τοιοῦτο
2316 499 2415 570 τῆς
2441 497 2742 566 γεννήσεως
2775 490 2912 557 εἶδος
2939 493 3214 566 ἀρκοῦσαν
3245 496 3375 566 ἡμῖν
3416 497 3652 568 ἐμποιῆ-

2072 604 2160 640 σαι
2193 587 2290 657 τῆς
2327 586 2564 656 ἀρρήτου
2600 585 2727 654 περὶ
2749 581 2842 637 τοῦ
2878 580 3213 651 Μονογενοῢς
3248 583 3534 655 ὑπάρξεως
3556 586 3655 656 τὴν

2071 677 2388 746 φαντασίαν,
2427 673 2956 746 συμπαραλαμϐάνει
2991 674 3087 726 καὶ
3127 673 3314 746 ἓτερον
3341 678 3436 746 τῆς
3464 677 3656 746 γεννή-

2073 788 2207 839 σεως
2240 766 2398 832 εἶδος,
2419 769 2553 839 προς
2571 767 2844 838 σημασίαν
2887 768 2984 836 τῆς
3008 766 3100 819 τοῦ
3121 765 3277 818 Υἰοῦ⁵
3307 767 3572 836 θεολογία,
3594 769 3656 822 τὸ

2072 864 2136 915 ὲκ
2168 862 2266 932 τῆς
2299 861 2488 930 ὑλικῆς
2522 861 2838 932 ἀπορροίας,
2876 859 2966 912 καί
2997 876 3162 929 φησιν
3190 858 3533 930 ἀπαύγασμα
3565 860 3652 912 δό-

2071 953 2187 1023 ξης,
2223 953 2314 1005 καὶ
2343 951 2514 1022 ὀσμὴν
2545 951 2715 1023 μύρου
2763 951 2856 1004 καὶ
2886 951 3082 1020 ἀτμίδα
3126 949 3281 1010 Θεοῦ,
3325 950 3468 1021 άπερ
3503 953 3561 1003 ὲν
3585 955 3649 1022 τῇ

2072 1043 2465 1115 προεκτεθείσῃ
2516 1043 2644 1113 παρ’
2693 1041 2847 1112 ήμῶν
2890 1040 3203 1110 τεχνολογίᾳ.
3270 1043 3303 1110 ἡ
3331 1040 3470 1093 ’καθ’
3507 1043 3655 1110 ἡμᾶς

2073 1133 2330 1204 συνήθεια
2359 1133 2548 1203 ὑλικὴν
2578 1134 2876 1204 ἀπόρροιαν
2905 1131 3174 1202 ὀνομάζει.
3215 1132 3353 1184 Ἀλλ’
3381 1131 3572 1200 ὥσπερ
3598 1133 3656 1185 ὲν

2069 1231 2180 1291 τοῖς
2208 1227 2624 1298 προειρημένοις
2673 1225 2796 1278 οὔτε
2826 1227 2858 1295 ἡ
2889 1225 2988 1294 τῆς
3013 1223 3242 1284 κτίσεως
3273 1223 3508 1291 ποίησις,
3531 1221 3655 1274 οὔτε

2071 1321 2105 1390 ή
2137 1318 2227 1372 τοῦ
2262 1318 2392 1370 Υίοῦ
2452 1316 2694 1387 σημασία
2760 1315 2969 1386 χρόνον,
3017 1313 3050 1382 ἢ
3099 1311 3252 1382 ὕλην,
3299 1311 3332 1380 ἢ
3379 1312 3567 1368 κόπον,
3621 1312 3654 1382 ἦ

2073 1410 2242 1474 πάθος
2267 1408 2708 1479 συμπαρεδέξατο
2732 1425 2744 1437 ·
2777 1405 2944 1468 οὕτως
2967 1404 3061 1457 καὶ
3096 1402 3328 1456 ἐνταῦθα
3355 1402 3535 1470 πάσης
3559 1402 3656 1471 τῆς

2072 1502 2265 1572 ὑλικῆς
2298 1501 2504 1562 ἐννοίας
2563 1497 2875 1567 ἐκκαθάρας
2919 1497 3018 1567 τὴν
3075 1494 3169 1546 τοῦ
3223 1493 3658 1562 ἀπαυγάσματος

2073 1596 2166 1649 καὶ
2192 1594 2299 1647 τῶν
2327 1592 2525 1646 λοιπῶν
2561 1591 2668 1643 τῶν
2714 1608 2815 1661 μνη
2826 1587 3189 1659 μονευθέντων
3219 1586 3518 1656 σημασίαν,
3558 1587 3657 1655 μό-

2072 1705 2160 1742 νον
2193 1687 2253 1740 τὸ
2291 1685 2588 1755 θεοπρεπὲς
2617 1684 2708 1736 τοῦ
2739 1681 2979 1734 τοιούτου
3012 1681 3110 1751 τῆς
3150 1681 3454 1750 γεννήσεως
3484 1679 3657 1740 εἴδους

397 1781 778 1849 exposuimus,
812 1787 1000 1834 nostra
1036 1781 1378 1834 consuetudo
1407 1780 1681 1835 deﬂuxum
1711 1783 1967 1837 materia-

2072 1781 2099 1833 ὁ
2141 1780 2296 1847 λόγος
2341 1775 2688 1848 παραλαϐὼν,
2725 1775 3053 1828 ἐνδείκνυται
3083 1773 3142 1824 τὸ
3175 1770 3233 1836 ἐξ
3277 1770 3441 1824 αὑτοῦ
3471 1789 3530 1823 τε
3563 1772 3658 1823 καὶ

395 1872 504 1927 lem
563 1871 829 1927 nominat.
891 1870 1000 1926 Sed
1055 1870 1511 1942 quemadmodum
1579 1872 1632 1926 in
1679 1873 1763 1929 his
1849 1889 1972 1941 qua:

394 1963 550 2031 prius
609 1965 990 2019 recensuitnus
1065 1979 1241 2034 neque
1306 1973 1573 2022 creaturae
1647 1965 1967 2035 generatio,

398 2069 576 2123 neque
648 2051 770 2107 Filii
843 2053 1249 2125 significantia,
1335 2063 1584 2126 tempus,
1638 2058 1723 2111 vel
1799 2065 1971 2111 mate-

397 2143 562 2207 riam,
593 2142 676 2195 vel
709 2141 973 2205 laborem,
1007 2142 1090 2196 vel
1123 2143 1467 2198 alieetionem
1499 2145 1662 2198 simul
1709 2145 1968 2213 admisit;

396 2231 480 2285 sic
519 2237 573 2285 et
597 2230 686 2282 hic
737 2230 888 2284 omni
941 2231 1212 2284 materiali
1265 2232 1600 2300 cogitatione
1651 2249 1966 2303 expurgans

397 2319 708 2390 splendoris
739 2326 792 2373 et
825 2325 1147 2373 caeterorum
1181 2332 1414 2388 quorum
1457 2321 1661 2374 mentio
1688 2318 1830 2374 facta
1857 2328 1961 2384 est,

398 2413 848 2485 signilicantiam,
887 2412 1062 2466 solum
1104 2412 1157 2466 id
1191 2412 1334 2482 quod
1367 2413 1477 2467 Deo
1505 2411 1758 2466 convenit
1787 2419 1841 2467 et
1875 2411 1970 2468 de-

397 2524 588 2564 corum
611 2514 716 2572 est,
741 2507 796 2561 in
827 2507 951 2561 talis
983 2506 1352 2577 generationis
1379 2507 1582 2577 specie,
1626 2520 1807 2561 sermo
1841 2520 1966 2560 cum

396 2599 716 2667 assumpsit,
747 2612 844 2666 per
871 2597 1198 2667 emphasim,
1231 2613 1324 2651 seu
1351 2597 1554 2650 claram
1583 2595 1746 2664 hujus
1773 2595 1969 2650 dictio-

398 2688 486 2742 nis
515 2687 954 2758 signiﬁcantiam,
983 2703 1047 2741 ex
1087 2689 1205 2756 ipso
1237 2702 1359 2740 esse
1390 2694 1588 2740 etcum
1623 2687 1740 2756 ipso
1781 2693 1967 2754 aperte

397 2779 654 2833 ostendit.
691 2779 877 2849 Neque
906 2779 1050 2833 enim
1083 2793 1252 2848 vapor
1282 2780 1399 2832 sive
1433 2777 1635 2832 halitus
1682 2779 1737 2833 in
1783 2792 1965 2833 aerem

394 2868 745 2924 diﬂusioncnt
769 2885 832 2924 ex
862 2869 1106 2938 subjecta
1125 2870 1350 2925 materia
1381 2869 1562 2923 animo
1595 2875 1966 2940 repraesentat,

398 2976 575 3029 neque
602 2960 737 3014 odor
777 2975 842 3014 ex
881 2961 1144 3030 qualitate
1177 2962 1440 3030 unguenti
1489 2961 1542 3014 in
1572 2976 1750 3015 aerem
1791 2968 1967 3015 trans-

398 3051 782 3116 mutationem,
845 3067 1021 3122 neque
1047 3052 1307 3122 splendor
1333 3069 1395 3107 ex
1430 3052 1592 3108 solari
1618 3067 1846 3122 corpore
1869 3068 1964 3123 per
1997 3091 2037 3146 Ο

400 3141 586 3197 radios
615 3140 914 3206 denu-xum,
949 3141 1046 3198 sed
1077 3143 1178 3198 hoc
1213 3144 1388 3197 solum
1425 3159 1490 3197 ex
1527 3143 1804 3208 omnibus,
1826 3145 1970 3198 sicut

398 3233 604 3288 dictant
650 3243 756 3298 est,
798 3245 892 3305 per
937 3236 1096 3291 talem
1128 3237 1500 3307 genera—tionis
1532 3237 1752 3291 modum
1789 3237 1971 3290 deela-

397 3333 570 3390 ratur,
599 3340 665 3380 ex
695 3327 788 3381 illo
825 3342 949 3383 esse
988 3336 1042 3384 ct
1079 3342 1202 3382 cum
1242 3329 1338 3382 illo
1371 3328 1601 3397 inteliigi
1627 3369 1640 3389 ,
1682 3329 1834 3382 nullo
1887 3329 1970 3380 in-

400 3421 629 3474 tervallo
659 3421 803 3476 inter
829 3422 1046 3476 Patrem
1074 3430 1128 3475 et
1161 3437 1285 3476 eum
1313 3422 1404 3490 qui
1435 3435 1502 3474 ex
1536 3421 1652 3489 ipso
1674 3428 1758 3475 est
1799 3421 1971 3475 inter-

393 3509 559 3576 jecto.
589 3510 696 3564 Sed
724 3514 982 3580 quoniam
1010 3511 1081 3564 ob
1117 3511 1376 3579 majorem
1413 3510 1466 3562 in
1512 3509 1760 3564 homines
1807 3509 1972 3563 bene-

393 3600 687 3653 volentiam
742 3601 917 3655 sancti
970 3599 1208 3669 Spiritus
1261 3600 1434 3669 gratia
1474 3600 1662 3654 multis
1709 3616 1772 3654 ex
1832 3600 1969 3656 locis

394 3688 556 3743 nobis
609 3689 914 3759 ingenerari
967 3691 1182 3745 divinas
1232 3690 1299 3745 de
1349 3688 1640 3762 Unigenito
1681 3693 1968 3762 opiniones

393 3779 780 3848 dispensavit:
821 3779 906 3836 his
959 3781 1122 3836 etiam
1180 3781 1387 3837 addidit
1447 3783 1710 3852 reliquam
1776 3799 1967 3838 eorum

393 3885 518 3939 qua:
553 3871 608 3924 in
654 3871 1004 3940 generatione
1041 3872 1460 3928 considerantur
1513 3874 1770 3944 speciem,
1843 3874 1968 3928 dico

390 3975 512 4014 eam
546 3975 665 4031 quae
691 3977 755 4015 ex
784 3971 962 4018 mente
985 3971 1037 4018 et
1058 3978 1328 4019 sermone.
1359 3963 1466 4018 Sed
1493 3964 1699 4033 majore
1727 3979 1859 4018 usus
1882 3974 1968 4019 est

391 4051 732 4119 providentia
763 4051 1015 4107 sublimis
1033 4051 1292 4118 Joannes,
1326 4061 1384 4107 ut
1409 4068 1685 4119 nunquam
1713 4068 1824 4122 prae
1850 4054 1970 4108 lan-

387 4157 560 4213 guore
615 4151 670 4197 et
700 4143 866 4197 animi
896 4146 1075 4213 pusilli
1121 4145 1400 4199 debilitate
1442 4144 1718 4200 audientis
1763 4146 1966 4201 intelli-

390 4232 573 4301 gentia
609 4233 827 4289 decidat
856 4235 924 4290 ad
977 4251 1321 4292 communem
1369 4238 1618 4292 notitiam
1667 4238 1854 4304 verbi,
1907 4246 1967 4294 ut

387 4323 562 4379 Filius
593 4323 773 4382 Patris
803 4343 974 4383 sonus
1019 4329 1408 4385 existimetur:
1452 4337 1735 4400 propterea
1776 4331 1831 4385 in
1877 4347 1965 4387 es-

2075 1870 2192 1940 μετ’
2221 1867 2383 1920 αὑτοῦ
2423 1865 2678 1928 νοεῖσθαι,
2713 1865 2802 1918 διὰ
2839 1866 2937 1934 τῆς
2969 1862 3113 1916 κά.τά
3147 1863 3244 1933 τὴν
3277 1861 3420 1925 λέξιν
3449 1861 3657 1932 ταύτην

2071 1961 2381 2032 ἐμφάσεως.
2438 1957 2572 2012 Οὔτε
2611 1957 2720 2026 γάρ
2749 1959 2781 2028 ἠ
2813 1957 2975 2027 ἀτμὶς
3009 1956 3107 2025 τὴν
3137 1956 3216 2017 εἰς
3243 1954 3381 2024 ἀέρα
3408 1953 3656 2024 διάχυσιν

2071 2054 2135 2104 ὲκ
2182 2051 2284 2120 τῆς
2330 2048 2694 2119 ὑποκειμένης
2739 2047 2868 2120 ὕλης
2899 2048 3248 2117 παρίστησιν,
3297 2044 3420 2098 οὕτε
3450 2046 3655 2117 ὴόσμὴ

2070 2144 2167 2215 τὴν
2201 2145 2264 2195 ὲκ
2291 2145 2388 2214 τῆς
2431 2142 2710 2210 ποιότητος
2738 2137 2829 2192 τοῦ
2865 2137 3037 2208 μύρου
3072 2137 3358 2208 γινομένου
3398 2137 3537 2206 πρὸς
3563 2137 3657 2190 τὸν

2069 2237 2206 2307 ἀέρα
2238 2237 2583 2306 μετάστασιν,
2620 2231 2741 2285 οὔτε
2769 2231 3108 2300 ἀπαύγασμα
3146 2229 3244 2300 τὴν
3277 2231 3340 2283 ἐκ
3369 2229 3464 2283 τοῦ
3496 2230 3658 2299 ἡλια-

2071 2324 2166 2379 κοῦ
2213 2323 2462 2394 σώματος
2509 2322 2595 2374 διά
2636 2320 2744 2373 τῶν
2798 2318 3030 2372 ἀκτίνων
3089 2317 3411 2388 ἀπόρροιαν.
3491 2314 3657 2369 Ἀλλὰ

2067 2416 2225 2469 τοῦτο
2272 2414 2429 2485 μόνον
2478 2414 2542 2465 ὲκ
2595 2413 2810 2465 πάντων
2837 2449 2852 2475 ,
2904 2407 3085 2473 καθὼς
3133 2410 3384 2479 εἴρηται,
3431 2407 3521 2461 διά
3559 2405 3655 2461 τοῦ

2067 2508 2306 2562 τοιούτου
2330 2509 2426 2576 τῆς
2448 2509 2744 2574 γεννήσεως
2761 2506 2960 2576 τρόπου
2984 2501 3255 2573 δηλοῦται,
3277 2502 3337 2554 τὸ
3358 2503 3417 2566 ἐξ
3443 2502 3656 2554 ἐκείνου

2068 2617 2127 2654 τε
2170 2595 2308 2652 εἶναι
2343 2599 2433 2651 καὶ
2466 2600 2578 2667 μετ’
2611 2597 2820 2649 ἐκείνου
2851 2596 3086 2650 νοεῖσθαι
3108 2611 3121 2625 ⁸
3181 2595 3408 2665 μηδενὸς
3432 2593 3662 2664 διαστή-

2073 2708 2239 2762 ματος
2267 2689 2468 2761 μεταξὺ
2501 2688 2594 2742 τοῦ
2632 2689 2842 2759 Πατρὸς
2876 2690 2967 2741 καὶ
2993 2687 3084 2741 τοῦ
3121 2686 3180 2751 ὲξ
3210 2686 3375 2740 αὑτοῦ
3404 2684 3659 2756 μεσιτεύ-

2067 2797 2237 2842 οντος.
2277 2779 2428 2832 Ἐπεὶ
2445 2779 2498 2831 δὲ
2525 2778 2610 2831 διὰ
2635 2777 2850 2830 πλείονα
2879 2776 3290 2846 φιλανθρωπίαν
3319 2777 3352 2844 ἡ
3375 2774 3469 2826 τοῦ
3496 2774 3658 2841 ἁγίου

2066 2874 2206 2927 ΙΙνεὺ
2215 2891 2379 2944 ματος
2393 2873 2548 2944 χάρις
2572 2871 2894 2940 πολλαχόθεν
2907 2873 3036 2940 ἡμῖν
3057 2869 3243 2938 ἐγγενέ
3251 2868 3372 2920 σθαι
3393 2868 3492 2931 τάς
3505 2866 3661 2930 θείας

2067 2985 2132 3020 πε
2144 2967 2194 3036 ρὶ
2217 2965 2308 3019 τοῦ
2335 2963 2666 3032 Μονογενοῦς
2692 2963 2988 3032 ὑπολήψεις
3015 2962 3403 3032 ᾠκονομήσατο
3422 2975 3435 2988 ⁸
3495 2976 3661 3030 προσ-

2073 3057 2236 3127 έθηκε
2268 3057 2360 3109 καὶ
2383 3054 2442 3107 τὸ
2467 3055 2782 3124 λειπόμενον
2801 3053 2906 3104 τῶν
2937 3055 2992 3104 ὲν
3026 3051 3235 3120 γενέσει
3265 3049 3660 3120 θεωρουμένων

2073 3145 2230 3212 εἶδος,
2285 3148 2344 3200 τὸ
2387 3150 2450 3199 ἐκ
2495 3145 2588 3199 τοῦ
2635 3145 2724 3198 νοῦ
2770 3162 2910 3214 φημι
2957 3144 3050 3195 καὶ
3098 3142 3190 3195 τοῦ
3243 3141 3423 3209 λόγου.
3490 3140 3659 3194 Ἀλλὰ

2073 3239 2275 3291 πλείονι
2309 3238 2505 3308 χρῆται
2535 3239 2601 3306 τῇ
2636 3235 2944 3306 προμηθείᾳ
2973 3237 3000 3287 ό
3027 3233 3226 3303 ὑψηλὸς
3267 3232 3543 3302 Ἰωάννης,
3579 3231 3659 3292 ὡς

2075 3332 2283 3399 μήποτε
2320 3327 2423 3380 ὑπὸ
2455 3326 2670 3389 ἀτονίας
2703 3343 2760 3379 τε
2792 3326 2885 3378 καὶ
2920 3323 3280 3396 μικροψυχίας
3322 3324 3658 3376 καταπεσεῖν

2068 3421 2160 3473 τὸν
2195 3419 2458 3473 ἀκούοντα
2488 3420 2621 3489 πρὸς
2652 3419 2838 3490 κοινὴν
2861 3418 3068 3471 ἔννοιαν
3097 3417 3277 3484 λόγου,
3309 3416 3384 3477 ὡς
3415 3415 3658 3483 φθόγγον

2068 3511 2160 3563 τοῦ
2197 3511 2404 3581 Πατρὸς
2431 3511 2522 3563 τὸν
2549 3511 2673 3562 Υἰὺν
2705 3510 3027 3580 νομισθῆναι
3053 3524 3065 3537 ·
3102 3508 3191 3561 διὰ
3219 3508 3375 3560 τοῦτο
3404 3508 3462 3560 ὲν
3493 3507 3657 3577 οὐσίᾳ⁵

2072 3603 2286 3674 βλέπειν
2325 3605 2414 3656 τὸν
2441 3605 2610 3671 Λόγον
2661 3603 3070 3674 παρασκευάζει
3117 3601 3193 3670 τῷ
3244 3601 3444 3672 πρώτῳ
3477 3599 3655 3670 κηρὺ-

2069 3711 2261 3764 γματι;
2290 3695 2382 3746 καὶ
2437 3695 2494 3746 ἐν
2528 3693 2684 3764 οὐσίᾳ
2717 3694 2818 3746 οὑκ
2845 3691 3230 3762 ἀπεξενωμένῃ
3269 3692 3374 3744 τινὶ
3404 3693 3654 3762 ἀπερρη-

2068 3785 2196 3856 γυίᾳ
2219 3784 2316 3853 τῆς
2343 3784 2464 3837 ὅθεν
2491 3784 2658 3845 ἐστὶν,
2691 3783 2803 3836 ἀλλ’
2835 3783 2892 3836 ὲν
2923 3782 3190 3853 αὐτῷκαὶ
3235 3784 3299 3852 τῇ
3334 3779 3528 3853 πρώτῃ
3559 3781 3654 3833 καὶ

2072 3877 2317 3947 μακαρίᾳ.
2366 3876 2545 3945 φύσει.
2592 3873 2776 3928 Ταῦτα
2825 3874 2933 3945 γὰρ
2984 3873 3244 3932 διδάσκει.
3295 3873 3508 3939 λέγων,
3570 3873 3652 3926 ὃτι

2079 3967 2176 4020 Ἐν
2235 3964 2392 4034 ἀρχῇ
2452 3962 2529 4036 ἦν
2566 3967 2599 4018 ό
2649 3966 2873 4034 Λόγος,
2923 3965 3020 4018 καὶ
3095 3963 3245 4031 πρὸς
3312 3962 3420 4015 τὸν
3468 3962 3648 4027 Θεὸν,

2067 4058 2164 4112 καὶ
2187 4059 2349 4124 Θεὸς,
2375 4059 2469 4111 καὶ
2492 4057 2665 4111 πάντα
2691 4058 2790 4111 ὅσα
2818 4057 2967 4110 ἐστὶν
2991 4058 3022 4127 ἡ
3052 4057 3215 4125 ἀρχὴ.
3248 4055 3340 4107 καὶ
3365 4054 3528 4117 αὐτὸς
3549 4052 3645 4107 ὧν.

2067 4149 2250 4212 Οὕτως
2278 4150 2385 4220 γὰρ
2421 4150 2545 4222 περὶ
2585 4149 2682 4219 τῆς
2713 4149 3010 4218 ἀῖδιότητος
3037 4146 3131 4199 τοῦ
3164 4145 3504 4213 Μονογενοῦς
3533 4146 3647 4198 θεο-

2065 4241 2238 4311 λογῶν
2275 4241 2624 4313 διεξέρχεται.
2646 4240 2862 4294 Τούτων
2887 4239 3065 4293 τοίνυν
3094 4238 3200 4291 τῶν
3228 4237 3325 4307 τῆς
3345 4237 3645 4306 γεννήσεως

2065 4334 2301 4404 τρόπων,
2339 4333 2456 4402 ἤτοι
2483 4332 2590 4386 τῶν
2628 4332 2686 4398 ἐξ
2719 4331 2896 4394 αἰτίας
2921 4331 3322 4400 ὑφεστηκότων,
3346 4331 3406 4382 ὲν
3432 4332 3499 4400 τῇ
3530 4328 3644 4382 καθ’

389 4418 568 4472 sentia
623 4427 871 4489 spectare
914 4419 1150 4476 Verbum
1200 4424 1419 4480 instruit
1458 4425 1633 4495 prima
1696 4423 1960 4494 praedica—

2070 4427 2097 4496 ἡ
2108 4425 2212 4494 μᾶς
2242 4423 2498 4493 συνηθείᾳ
2526 4425 2958 4493 γινωσκομένων,
2993 4421 3457 4491 παραληφθέντων
3479 4422 3536 4474 δὲ
3555 4419 3643 4474 καὶ

385 4509 557 4575 tione,
593 4522 646 4564 et
680 4528 787 4565 non
809 4513 860 4566 in
878 4515 1114 4569 essentia
1145 4516 1323 4585 aliqua
1351 4516 1634 4587 peregrina
1652 4523 1706 4571 et
1727 4515 1958 4584 abrupta

386 4599 456 4653 ab
490 4616 552 4656 ea
583 4618 702 4671 quae
734 4603 875 4658 Deus
906 4615 1010 4670 est,
1045 4607 1139 4662 sed
1172 4609 1225 4661 in
1261 4609 1378 4678 ipso
1409 4615 1462 4662 et
1486 4608 1540 4662 in
1577 4607 1750 4677 prima
1772 4607 1960 4661 beata-

386 4706 495 4760 que
522 4701 737 4747 natura.
774 4694 896 4751 ΙΙωο
924 4699 1068 4752 enim
1101 4699 1278 4763 docet,
1316 4700 1506 4754 dicens
1547 4717 1558 4752 :
1591 4697 1656 4751 In
1697 4697 1957 4767 principio

383 4791 502 4834 erat
549 4782 794 4850 Verbum,
819 4799 866 4841 et
905 4789 1046 4858 apud
1081 4789 1245 4844 Deum
1271 4831 1286 4858 ,
1315 4801 1363 4844 et
1401 4790 1620 4857 Deus“,
1674 4797 1728 4845 et
1773 4790 1958 4844 omnia

387 4891 509 4945 quae
550 4879 872 4947 principium
910 4891 1013 4947 est,
1049 4892 1103 4938 et
1136 4884 1249 4954 ipse
1285 4892 1388 4938 est.
1428 4884 1519 4938 Sic
1542 4884 1686 4938 enim
1715 4883 1782 4938 de
1803 4891 1959 4938 aeter—

385 4965 560 5022 nitate
594 4966 866 5039 Unigeniti
909 4963 1210 5044 theologice
1235 4975 1514 5031 disserens
1546 4978 1789 5046 exponit.
1819 4979 1953 5032 Cum

2067 4517 2218 4588 παρά
2245 4515 2343 4585 τῆς
2369 4516 2528 4584 ἁγίας
2556 4515 2779 4585 Γραφῆς
2808 4515 2942 4585 πρὸς
2970 4515 3066 4585 τὴν
3099 4514 3206 4566 τῶν
3233 4513 3641 4582 ὑπερκειμένων

2065 4607 2410 4661 διδασκαλίαν
2431 4649 2445 4672 ,
2498 4607 2669 4670 οὕτως
2698 4608 2772 4670 ὡς
2801 4607 2946 4670 εἰκός
2973 4608 3090 4658 ἐστι
3124 4605 3260 4676 πρὸς
3300 4604 3642 4674 παράστασιν

2065 4703 2172 4756 τῶν
2197 4702 2356 4756 θείων
2385 4700 2700 4771 ὑπολήψεων
2731 4700 2959 4752 ἕκαστον
2981 4697 3185 4750 τούτων
3211 4695 3638 4766 μεταληφθῆναι,

2068 4795 2304 4864 κρινάτω
2329 4791 2542 4846 δικαίαν
2575 4791 2753 4860 κρίσιν
2782 4794 2809 4844 ὁ
2835 4790 3176 4860 ἐντυγχάνων
3202 4788 3279 4858 τῷ
3309 4787 3454 4856 λόγῳ
3475 4803 3488 4816 ο
3518 4785 3571 4838 εί
3595 4801 3642 4836 τι

2066 4886 2172 4938 τῶν
2204 4885 2327 4955 περὶ¹
2364 4886 2460 4956 τῆς
2505 4885 2766 4955 αἱρέσεως
2801 4883 3115 4954 φερομένων
3167 4879 3321 4950 ἰσχύν
3353 4892 3476 4930 τινα
3509 4875 3642 4929 κατὰ

2064 4981 2161 5048 τῆς
2188 4977 2442 5047 ἀληθείας
2478 4975 2608 5046 ἔχει.

389 5060 556 5130 igitur
585 5060 720 5116 tales
742 5060 854 5115 sint.
872 5065 1239 5130 generationis
1270 5067 1435 5130 modi,
1465 5080 1558 5120 seu
1592 5077 1741 5122 certe
1761 5083 1949 5122 eorum
1991 5084 2112 5138 qnze
2143 5084 2207 5121 ex
2249 5083 2415 5120 causa
2451 5068 2783 5127 subsistunt,
2814 5065 2906 5133 qui
2977 5064 3196 5134 quidem
3245 5070 3433 5116 nostra
3506 5073 3638 5112 con-

378 5157 675 5213 suetudine
703 5167 1127 5226 cognoscuntur,
1150 5173 1287 5226 quos
1309 5160 1603 5229 assumpsit
1625 5175 1779 5216 sacra
1812 5160 2091 5230 Scriptura
2129 5161 2193 5212 ad
2243 5160 2763 5230 supereminentium
2806 5159 3110 5211 doctrinam
3151 5169 3384 5226 quorum
3445 5169 3640 5207 unum-

383 5253 639 5323 quodque
668 5252 747 5307 sic
770 5251 966 5306 debeat
1001 5251 1206 5304 assumi
1239 5261 1296 5305 ut
1329 5264 1754 5308 consentaneum
1789 5261 1871 5308 est
1894 5255 1959 5306 ad
2002 5253 2296 5308 ﬁrmandas
2328 5261 2381 5308 et
2424 5253 2778 5306 stabiliendas
2857 5266 3037 5304 rerum
3107 5249 3412 5304 divinarum
3460 5249 3634 5300 notio-

379 5362 502 5414 nes,
529 5347 738 5417 judicet
775 5345 886 5416 jam
934 5352 1140 5400 rectum
1170 5344 1473 5414 judicium,
1526 5347 1615 5403 ille
1665 5348 1759 5418 qui
1810 5347 1954 5403 hunc
1992 5364 2299 5404 sermonem
2355 5348 2521 5419 legit,
2565 5377 2568 5380 -

385 5438 738 5506 proferuntur
767 5438 933 5494 robur
958 5437 1179 5509 aliquod
1217 5437 1381 5493 habet
1417 5446 1608 5493 contra
1644 5441 1946 5496 veritatem.

457 5533 560 5589 Sed
599 5550 794 5592 rursus
833 5538 1084 5608 adjiciam
1113 5540 1282 5610 ipsam
1309 5539 1373 5595 ad
1405 5538 1624 5597 verbum
1655 5537 1952 5595 adversarii

459 5706 502 5739 “'
539 5706 702 5762 Joan.
753 5726 792 5773 ι,
816 5713 865 5765 1.

2609 5347 2654 5400 si
2711 5345 2840 5415 quid
2894 5358 3083 5400 eorum
3157 5356 3280 5411 quae
3331 5340 3400 5396 ab
3447 5339 3632 5394 haeresi

2132 5531 2508 5607 Προσθήσωαδὲ
2538 5529 2697 5584 πάλιν
2729 5528 2896 5602 αὐτὴν
2928 5527 3016 5583 ἐπὶ
3050 5527 3245 5596 λέξεως
3271 5525 3361 5582 τοῦ
3396 5525 3632 5579 ἐναντίω
