4034 6156
384 377 491 435 785

1504 382 1782 440 CONTRA
1823 384 2214 453 EUNOMIUM,
2248 384 2377 439 LIB.
2424 383 2551 438 Vill.

3529 372 3640 432 736’

389 486 489 556 τὴν
523 489 677 561 ῥῆσιν
712 488 937 561 ἔχουσαν
966 491 1137 555 οὕτως
1158 511 1169 524 ο
1203 494 1337 561 Δύο,
1366 496 1565 564 φησὶν,
1617 498 1807 551 ὄντων
1842 496 1959 551 τῶν

2060 498 2384 560 orationem,
2412 511 2532 568 quae
2565 494 2646 549 sic
2677 492 2876 548 habet:
2909 493 3050 560 Duo,
3088 492 3304 563 inquit,
3341 507 3460 545 cum
3482 490 3634 546 diate-

387 583 520 649 rmp‘
552 579 720 650 ’ἡμῶν
750 583 1095 651 εἰρημένων,
1128 587 1233 640 τοῦ
1262 604 1324 640 τε
1356 586 1469 657 πρὸ
1498 588 1607 657 τῆς
1632 588 1784 654 ιδίας
1820 606 1949 659 γεν-

382 670 616 736 νήσεως
649 670 735 741 μὴ
790 669 944 727 εἶναι
987 674 1103 744 τὴν
1142 679 1363 732 οὐσίαν
1407 679 1512 733 τοῦ
1562 679 1959 750 Μονογενοῦςν

384 758 484 812 καὶ
530 758 637 813 τοῦ
679 763 1076 830 γεννηθεῖσαν
1124 765 1238 834 πρὸ
1287 766 1528 821 πάντων
1576 763 1748 822 εἶναι.
1805 770 1961 822 Ποῖον

384 851 689 920 γεννήσεως
737 847 878 916 εἶδος
926 854 955 907 6
997 854 1363 927 δογματιστὴς
1410 860 1543 930 ήμῖν
1592 856 1959 928 προτείνεται;

389 932 531 1017 Ἀρα
636 944 842 1016 πρέπον
864 945 954 998 ἐπὶ
976 946 1110 1001 Θεοῦ
1144 952 1283 1002 νοεῖν
1312 965 1370 1001 τε
1395 949 1489 1002 καὶ
1515 948 1723 1014 λέγειν;
1750 950 1858 1003 Καὶ
1880 948 1962 1014 τίς

384 1031 554 1098 οὕτως
582 1035 739 1100 ἄθεος
769 1037 906 1090 ὥστε
936 1043 1274 1109 προεπινοεῖν
1314 1039 1407 1095 τοῦ
1435 1039 1569 1093 Θεοῦ
1589 1040 1650 1095 τὸ
1686 1041 1760 1113 μὴ
1791 1034 1957 1108 eivat;

398 1124 556 1179 Ἀλλά
606 1127 759 1198 δῆλον
805 1130 886 1182 ὅτι
935 1131 1071 1198 πρὸς
1117 1131 1216 1197 τὴν
1264 1131 1452 1205 ὑλικήν
1501 1132 1704 1203 ταύτην
1752 1132 1963 1204 βλέπων

387 1217 623 1285 γένεσιν,
666 1219 765 1291 τήν
815 1222 964 1274 κάτω
992 1221 1152 1290 φύσιν
1193 1223 1292 1292 τῆς
1339 1224 1464 1294 περὶ
1494 1221 1587 1276 τοῦ
1643 1222 1963 1294 μονογενοῦς

386 1309 521 1363 Θεοῦ
578 1311 895 1382 ὑπολήψεως
950 1315 1181 1367 ποιεῖται
1230 1313 1544 1368 διδάσκαλον
1568 1330 1583 1345 ο
1634 1315 1728 1367 καὶ
1775 1313 1962 1385 ἐπειδὴ

388 1400 534 1471 βοῦς,
580 1401 612 1472 ἢ
651 1402 791 1467 ὄνος,
829 1404 861 1474 ἢ
907 1405 1153 1476 κάμηλος
1197 1405 1303 1477 πρὸ
1347 1406 1446 1477 τῆς
1486 1405 1622 1471 ἰδίας
1654 1406 1961 1475 γεννήσεως

385 1488 486 1541 οὑκ
522 1489 701 1555 ἔστιν,
735 1491 892 1546 τοῦτο
935 1493 1025 1546 καὶ
1061 1494 1159 1546 ἐπὶ»
1197 1491 1289 1546 τοῦ
1339 1494 1675 1564 Μονογενοῦς
1714 1494 1958 1566 βούλεται

385 1575 584 1644 λέγειν,
612 1578 640 1630 6
668 1580 759 1633 ἐπὶ
786 1581 892 1634 τῶν
923 1582 1076 1647 ζώων
1109 1583 1143 1653 ή
1180 1582 1499 1637 ἀκολούθεια
1534 1583 1633 1653 τῆς
1673 1585 1821 1638 κάτω
1861 1583 1961 1652 φύ-

388 1683 525 1731 σεως
569 1668 750 1722 δίδωσι
787 1670 1039 1740 βλέπειν,
1068 1674 1189 1727 οὑδὲ
1220 1673 1376 1727 τοῦτο
1403 1673 1538 1727 νοῶν
1578 1676 1606 1728 6
1653 1674 1960 1745 σωματικὸς

386 1759 651 1828 θεολόγος,
676 1762 757 1814 ὅτι
786 1763 846 1815 τὸ
889 1765 1171 1833 μονογενὲς
1196 1766 1287 1818 ἐπὶ
1311 1764 1446 1818 Θεοῦ
1476 1765 1784 1836 λεγόμενον,
1810 1764 1959 1836 αὑτῷ

2064 591 2263 654 rimus,
2297 599 2345 643 et
2378 598 2498 642 ante
2532 587 2923 657 generationem
2966 602 3083 656 qua:
3122 586 3224 655 ipsi
3270 584 3489 652 propria
3531 595 3633 646 est,

2063 697 2167 736 non
2193 698 2305 735 esse
2347 678 2610 751 Unigeniti
2647 680 2959 744 essentiam,
3001 687 3052 733 et
3094 686 3215 731 ante
3256 676 3437 731 omnia
3481 691 3633 745 gene-

2064 781 2238 826 ratam
2272 788 2400 826 esse.
2438 771 2745 839 Quamnam
2779 769 3147 839 generationis
3195 767 3430 838 speciem
3480 766 3635 821 nobis

2064 865 2167 921 iste
2202 865 2529 935 dogmatista
2559 862 2876 934 protendit?
2905 876 3037 917 num
3071 860 3140 917 de
3165 860 3277 915 Deo
3301 856 3445 929 quod
3486 858 3632 927 pium

2061 964 2218 1012 estet
2246 957 2504 1011 decorum
2534 954 2692 1011 decet
2726 954 3028 1025 intelligere
3054 959 3109 1008 et
3145 950 3365 1007 dicere?
3404 948 3471 1005 Et
3512 949 3636 1018 quis

2062 1048 2196 1101 adeo
2220 1046 2420 1116 impius
2452 1054 2505 1100 et
2542 1044 2636 1100 Dei
2670 1055 2919 1115 negator,
2970 1051 3030 1099 ut
3088 1057 3198 1098 non
3247 1057 3372 1098 esse
3425 1041 3480 1095 in
3526 1038 3636 1094 Deo

2060 1136 2213 1208 prius
2247 1135 2551 1207 intelligat?
2580 1133 2688 1191 Sed
2716 1134 3061 1203 perspicuum
3095 1132 3243 1204 quod
3274 1132 3340 1186 ad
3376 1129 3634 1185 materia-

2061 1229 2166 1285 lem
2197 1229 2337 1283 hanc
2368 1227 2670 1305 respiciens
2709 1226 3137 1295 generationem,
3180 1225 3419 1280 inﬁmam
3466 1234 3629 1277 natu-

2062 1334 2179 1372 ram
2220 1319 2287 1374 de
2334 1317 2617 1389 unigenito
2650 1315 2759 1371 Deo
2794 1315 3071 1385 opinionis
3123 1314 3255 1369 facit
3296 1313 3632 1383 magistram.

2060 1408 2127 1463 Et
2156 1409 2415 1481 quoniam
2441 1408 2562 1473 hos,
2595 1408 2681 1463 vel
2708 1406 2921 1470 asinus,
2946 1407 3029 1462 vel
3050 1405 3295 1461 camelus
3326 1411 3451 1459 ante
3478 1417 3634 1459 suam

2061 1498 2467 1566 generationem
2495 1512 2601 1552 non
2630 1506 2736 1562 est,
2766 1497 2868 1551 hoc
2889 1496 3053 1550 etiam
3084 1497 3136 1548 in
3179 1492 3472 1563 Unigenito
3521 1492 3637 1546 vult

2060 1602 2328 1654 asserere,
2360 1585 2509 1658 quod
2540 1586 2593 1640 in
2618 1584 2946 1642 animalibus
2967 1584 3140 1640 series
3167 1591 3222 1638 et
3255 1583 3393 1638 ordo
3423 1590 3635 1637 natum

2062 1677 2227 1748 hujus
2268 1677 2469 1732 inﬁmae
2495 1677 2588 1733 dat
2636 1675 2823 1732 videre
2844 1717 2862 1744 ,
2895 1691 3073 1747 neque
3108 1675 3213 1731 hoc
3244 1674 3634 1730 animadvertit

2060 1769 2297 1825 carnalis
2321 1769 2423 1825 iste
2445 1768 2748 1841 theologus,
2773 1768 2917 1840 quod
2944 1782 3067 1823 cum
3088 1766 3414 1838 Unigenitus
3446 1766 3501 1820 in
3525 1765 3634 1819 Deo

382 1850 462 1922 τῷ
488 1853 688 1922 ῥήματι
713 1853 773 1905 τὸ
796 1831 933 1924 προς
963 1831 1141 1910 πίσαν
1164 1858 1374 1924 γένεσιν
1399 1831 1843 1927 ἀκοινώνητόνίτε
1865 1831 1959 1909 καλ.

2059 1856 2279 1920 dicitur,
2298 1858 2401 1913 hoc
2427 1858 2546 1928 ipso
2569 1831 2918 1929 verbov,qtiod
2947 1872 3073 1911 cum
3102 1831 3250 1910 omni
3278 1854 3633 1926 generatione

389 1943 589 2009 ἰδιάζον
637 1945 1020 2016 ἀποσημαίνει.
1078 1948 1202 2011 Πῶς
1247 1948 1353 2019 γὰρ
1402 1948 1468 2002 ἂν
1514 1948 1600 2020 εἴη
1665 1948 1958 2022 μονογενὴς

2060 1948 2267 2005 nullam
2308 1949 2473 2004 habet
2508 1963 2737 2019 prorsus
2765 1949 3230 2012 communionem,
3272 1953 3327 2001 et
3364 1944 3510 2016 quod
3563 1943 3634 1999 ab

384 2034 521 2104 αὕτη
555 2036 588 2105 ή
615 2035 846 2105 γένεσις,
877 2039 924 2089 εί
957 2037 1242 2091 κοινωνίαν
1272 2037 1411 2090 κατά
1439 2037 1537 2109 τὴν
1580 2036 1817 2108 ἔμφασιν
1867 2035 1960 2089 καὶ

384 2129 685 2200 ταυτότητα
720 2130 856 2200 πρὸς
892 2127 1058 2200 ἄλλην
1107 2128 1316 2197 γένεσιν
1356 2127 1500 2199 ἔχεις
1537 2128 1608 2180 Τὸ
1644 2129 1753 2198 γὰρ
1799 2126 1957 2198 μόνον

391 2217 762 2292 κατεξαίρετον
795 2220 880 2275 ἐπ’
910 2218 1074 2273 αὑτοῦ
1103 2222 1323 2284 νοεῖται,
1358 2218 1386 2271 ὃ
1418 2219 1518 2272 οὑκ
1561 2217 1707 2272 ἔστιν
1747 2219 1835 2271 ἐπ’
1867 2217 1961 2271 ἆλ-

386 2312 483 2383 λης
516 2313 846 2382 κατανοῆσαι
878 2313 1203 2383 γεννήσεως,
1229 2309 1434 2382 κυρίως
1457 2327 1516 2363 τε
1546 2309 1639 2363 καὶ
1666 2307 1958 2380 προσφυῶς

384 2404 464 2475 τῷ
508 2405 856 2477 προσρήματι
887 2404 980 2459 τοῦ
1020 2402 1355 2473 Μονογενοῦς
1387 2400 1743 2473 ἑρμηνεύεται
1762 2416 1775 2429 ·
1805 2400 1880 2464 ὡς
1909 2397 1964 2454 si

386 2497 449 2564 γέ
475 2516 524 2550 τι
547 2499 645 2567 τῆς
674 2498 823 2552 κάτω
850 2498 1155 2567 γεννήσεως
1195 2497 1287 2550 καὶ
1332 2495 1421 2549 ἐπ’
1462 2495 1622 2548 αὑτοῦ
1653 2493 1957 2564 θεωρεῖται,

384 2588 562 2642 οὐκέτ’
588 2589 656 2642 ἂν
687 2588 772 2658 εἴη
805 2589 1134 2659 Μονογενὴς,
1160 2589 1188 2641 6
1209 2588 1319 2641 τισὶ
1348 2588 1446 2658 τῆς
1475 2587 1777 2659 γεννήσεως
1812 2583 1958 2638 ἰδιώ-

388 2698 520 2751 μασι
556 2679 693 2751 πρὸς
720 2680 788 2734 τὰ
823 2679 987 2734 λοιπὰ
1013 2680 1122 2733 τῶν
1149 2678 1518 2750 γεννηθέντων
1552 2674 1959 2746 κοινοποιούμε-

384 2790 473 2835 νος
492 2789 505 2802 ·
536 2772 585 2824 εί
627 2771 736 2842 γὰρ
762 2769 829 2823 τὰ
865 2770 1003 2824 αὑτὰ
1046 2770 1141 2823 καὶ
1174 2769 1264 2822 ἐπὶ
1307 2768 1494 2822 τούτου
1520 2768 1728 2836 λέγοιτο
1748 2809 1762 2834 ,
1791 2766 1827 2820 ἃ.
1866 2766 1961 2820 καὶ

384 2864 479 2916 ἐπὶ
509 2861 618 2916 τῶν
653 2860 826 2915 ἄλλων
855 2861 960 2911 τῶν
998 2860 1083 2912 διὰ
1108 2861 1410 2930 γεννήσεως
1454 2860 1746 2930 προϊόντων
1787 2858 1868 2921 εἰς
1898 2857 1962 2909 τὸ

387 2948 528 3005 εἶναι
559 2952 809 3021 λέγεται,
843 2953 922 3012 είς
953 2950 1244 3020 ἀδελφικήν
1272 2966 1390 3002 τινα
1421 2949 1602 3019 σχέσιν
1634 2949 1697 3001 τὸ
1740 2948 1824 3000 τοῦ
1850 2949 1960 3001 Μο-

384 3043 636 3115 νογενοῦς
683 3042 1076 3113 σημαινόμενον
1112 3040 1500 3112 μετασκευάσει
1546 3041 1575 3092 6
1613 3038 1789 3107 λόγος.
1821 3037 1963 3091 Οὐκ-

381 3137 476 3189 οῦν
514 3139 563 3189 εἰ
589 3135 648 3188 τὸ
669 3134 894 3205 ἄμικτῦν
924 3151 980 3186 τε
1016 3133 1107 3185 καὶ
1136 3130 1497 3202 ἀκοινώνητον
1523 3131 1660 3201 πρὸς
1686 3131 1755 3183 τὰ
1797 3127 1959 3182 λοιπά

381 3226 492 3281 τῶν
517 3227 817 3297 γινομένων
845 3225 1173 3278 ἐνδείκνυται
1195 3224 1256 3277 τὸ
1277 3223 1369 3275 τοῦ
1397 3213 1732 3292 Μονογενοῦς
1758 3238 1958 3290 σημαι-

375 3323 623 3390 νόμενον,
671 3316 823 3370 οὑδὲν
848 3315 957 3370 τῶν
997 3316 1124 3385 περὶ
1155 3316 1252 3386 τὴν
1279 3315 1427 3370 κάτω
1454 3314 1706 3385 γέννησιν
1745 3312 1960 3385 ὁρωμέ-

382 3428 508 3478 νων,
562 3411 656 3465 καὶ
696 3410 789 3463 ἐπὶ
830 3410 928 3480 τῆς
974 3410 1039 3462 ὲκ
1088 3406 1180 3461 τοῦ
1218 3408 1431 3478 Πατρὸς
1480 3408 1827 3471 ὑποστάσεως
1864 3405 1957 3459 τοῦ

385 3501 513 3555 Υίοῦ
541 3499 773 3555 νοεῖσθαι
799 3497 1220 3568 καταδεξόμεθα.
1266 3496 1424 3551 Ἀλλά
1453 3497 1557 3568 μὴν
1584 3496 1712 3551 ἴδιον
1742 3497 1958 3552 πάντων

388 3590 497 3646 τῶν
536 3591 625 3646 διά
671 3592 974 3662 γεννήσεως
1006 3590 1422 3658 ὑφεστηκότων,
1472 3588 1532 3642 τὸ
1567 3589 1642 3660 μή
1675 3585 1812 3643 εἶναι
1854 3587 1959 3658 πρὸ

513 3700 812 3755 γεννήσεως
882 3681 1156 3752 ἀλλότριον
1203 3680 1312 3752 ἀρα
1350 3679 1506 3734 τοῦτο
1537 3679 1635 3749 τῆς
1660 3679 1753 3733 τοῦ
1784 3681 1957 3734 Μονο-

382 3773 572 3845 γενοῦς
620 3773 908 3843 ἰδιότητος,
937 3763 982 3839 ᾧ
1030 3771 1195 3842 μηδὲν
1250 3770 1343 3825 τοῦ
1386 3768 1588 3843 τρόπου
1630 3771 1729 3839 τῆς
1774 3769 1959 3838 κοινῆς

384 3863 688 3934 γεννήσεως
718 3861 891 3925 εἴδους
931 3859 992 3913 τὸ
1023 3858 1436 3929 πεπλανημένον
1471 3860 1749 3931 προσεῖναι
1794 3860 1826 3930 ή
1863 3858 1958 3911 τοῦ

384 3952 719 4023 Μονογενοῦς
769 3951 1050 4022 ἐπωνυμία
1099 3949 1449 4022 μαρτύρεται.
1505 3947 1712 4003 Οὐκοῦν
1761 3965 1960 4002 πιστωο

387 4046 535 4116 οήτω
563 4047 590 4098 6
617 4044 797 4108 ὑλικὸς
826 4038 977 4105 οὗτος
1010 4041 1104 4095 καὶ
1131 4043 1198 4112 τῇ
1235 4040 1480 4111 αἰσθήσει
1515 4039 1694 4109 φίλος,
1737 4037 1826 4091 διὰ
1864 4036 1957 4089 τοῦ

387 4140 574 4208 ἑτέρου
618 4138 717 4209 τῆς
760 4137 1060 4208 γεννήσεως
1104 4135 1276 4197 εἴδους
1303 4133 1365 4186 τὸ
1402 4129 1813 4202 πεπλανημένον
1851 4128 1959 4182 τῶν

386 4228 703 4300 ὑπολήψεων
741 4227 903 4281 αὑτοῦ
952 4224 1363 4299 διορθώσασθαι.
1425 4223 1563 4277 ’Λλϊ
1609 4222 1741 4285 ἴσως
1786 4223 1957 4291 ἐρεῖς,

386 4316 515 4368 ὅταν
559 4313 898 4385 ἀπαύγασμα
944 4313 1100 4384 δόξης
1132 4313 1227 4366 καὶ
1267 4311 1449 4384 ὀσμὴν
1485 4310 1658 4381 μύρου
1684 4309 1957 4381 ἀκούσῃς,

389 4404 473 4460 ὅτι
496 4404 594 4458 οὑκ
617 4399 684 4476 ῆν
716 4401 775 4456 τὸ
810 4401 1148 4472 ἀπαύγασμα
1186 4400 1291 4472 πρὸ
1318 4402 1415 4471 τῆς
1451 4399 1582 4463 ἰδίας
1616 4398 1918 4469 γεννήσεως
1942 4413 1955 4427 ·

386 4495 501 4549 ἀλλ’
541 4497 668 4550 ὅταν
696 4493 854 4549 τοῦτο
879 4494 1037 4565 εἴπῃς
1056 4533 1071 4558 ,
1102 4491 1251 4545 οὐδὲν
1279 4493 1378 4564 τὴν
1401 4491 1555 4557 δόξαν
1584 4491 1797 4554 πάντως
1821 4485 1958 4542 εἶναι

386 4587 608 4653 δώσειςο
638 4586 761 4641 οὑτε
787 4587 848 4640 τὸ
886 4586 1077 4657 μύρον,
1108 4587 1168 4648 οὑ
1200 4584 1306 4656 γὰρ
1343 4583 1521 4637 ἐστιν’
1556 4583 1589 4654 ἢ
1630 4583 1834 4655 τυφλὴν
1872 4583 1958 4652 ἐφ’

387 4681 587 4752 ἑαυτῆς
617 4682 711 4734 καὶ
738 4679 966 4750 ἀλαμπῆ
990 4696 1118 4732 ποτε
1147 4678 1465 4749 νομισθῆναι
1497 4678 1596 4743 τὴν
1619 4676 1773 4743 δόξαν
1796 4671 1958 4740 εἶναι,

388 4774 421 4845 ἢ
457 4772 517 4826 τὸ
548 4772 719 4844 μύρον
749 4772 847 4842 τῆς
888 4771 1140 4834 εὐπνοίας
1173 4770 1384 4839 ἄγονον.
1414 4771 1570 4825 Ὥστε
1601 4771 1649 4821 εἰ
1686 4767 1746 4820 τὸ
1779 4766 1959 4821 ἀπαύο

387 4882 573 4934 γασμα
592 4865 691 4918 οὑκ
712 4859 799 4937 ἦν,
826 4863 946 4917 οὐδὲ
977 4865 1010 4932 ή
1040 4862 1167 4927 δόξα
1184 4858 1251 4932 ἦν
1277 4862 1511 4923 πάντως.
1540 4861 1649 4914 Καὶ
1666 4862 1762 4931 τῆς
1782 4860 1958 4931 ὀσμῆς

387 4956 489 5009 οὑκ
516 4953 700 5026 οὑσης,
734 4955 797 5009 τὸ
827 4954 960 5025 μηδὲ
990 4954 1051 5007 τὸ
1078 4952 1247 5023 μύρον
1276 4947 1414 5005 εἶναι
1452 4949 1863 5021 συναπεδείχθη.
1898 4950 1960 5002 Ei

384 5048 444 5100 δὲ
473 5046 627 5116 φοϐεῖ
650 5063 772 5101 τινα
799 5045 972 5100 ταῦτα
999 5044 1147 5114 παρά
1168 5044 1265 5114 τῆς
1295 5041 1516 5114 Γραφῆς
1545 5040 1962 5111 παραληφθέντα

384 5140 457 5195 τὰ
491 5139 882 5210 ὑποδείγματα,
932 5138 1007 5201 ὠς
1044 5137 1144 5191 οὑκ
1181 5134 1423 5205 ἀκριὸῶς
1458 5134 1519 5186 τὸ
1554 5133 1836 5203 μεγαλεῖον
1866 5134 1959 5185 τοῦ

384 5229 724 5299 Μονογενοῦς
761 5227 1129 5301 παριστιῗητα,
1162 5225 1250 5281 διὰ
1277 5226 1337 5279 τὸ
1371 5224 1444 5296 μὴ
1477 5223 1672 5278 ταύτὸν
1706 5220 1844 5275 εἶναι
1883 5220 1961 5292 τῷ

388 5323 731 5393 ὑποκειμένῳ
755 5320 896 5375 κατά
921 5321 1019 5390 τὴν
1048 5319 1255 5384 οὐσίαν,
1287 5318 1320 5390 ἢ
1351 5317 1441 5371 τὸν
1479 5316 1650 5386 ἀτμὸν
1680 5313 1755 5384 τῷ
1784 5314 1960 5385 μύρῳ,

385 5415 420 5486 ἢ
442 5413 540 5485 τὴν
568 5416 763 5468 ἀκτῖνα
786 5411 860 5481 τῷ
892 5411 1043 5481 ήλίῳ,
1065 5414 1093 5465 6
1121 5410 1369 5481 ἀληθινὸς
1383 5410 1554 5478 Λόγος
1577 5405 1963 5477 διορθωσάσθω

385 5504 478 5559 τὸν
497 5503 679 5574 φόϐον,
704 5504 734 5555 ό
764 5505 820 5556 ὲν
847 5505 911 5573 τῇ
933 5504 1076 5574 ἀρχῇ
1100 5503 1195 5567 ὢν,
1229 5504 1322 5555 καὶ
1353 5502 1524 5555 πάντα
1552 5498 1649 5565 ὣν,
1683 5500 1782 5552 ὅσα
1817 5500 1962 5551 ἐστὶν

389 5600 424 5669 ή
445 5598 614 5673 ἀρχή,
665 5595 759 5649 καὶ
798 5594 889 5647 τοῦ
916 5595 1113 5658 παντὸς
1161 5593 1546 5664 προῦπάρχων,
1600 5591 1768 5655 οὑτως
1801 5591 1858 5642 ὲν
1887 5589 1962 5658 τῷ

388 5687 704 5757 κηρύγματι
724 5685 816 5740 τοῦ
851 5686 1095 5739 Ἰωάννου
1120 5683 1427 5755 βοήσαντος,
1451 5685 1532 5739 ὅτι
1556 5685 1668 5740 Καὶ
1688 5685 1837 5753 πρὸς
1859 5683 1963 5738 τὸν

385 5777 531 5832 θεὸν
558 5773 638 5853 ἦν
663 5783 920 5853 όνΛόγος,
946 5779 1039 5834 καὶ
1072 5777 1212 5845 Θεὸς
1230 5773 1308 5850 ἦν
1333 5781 1364 5833 ό
1392 5779 1598 5849 Λόγος.
1624 5779 1686 5836 Εί
1710 5776 1802 5835 οὗν
1829 5778 1960 5844 Θεὸς

1985 3181 2027 3238 C

2057 2055 2121 2096 ea
2153 2040 2505 2110 peculiariter
2530 2050 2803 2096 secretum
2837 2047 2922 2096 est
2955 2038 3315 2110 signiﬁcatur.
3344 2035 3637 2103 Quomodo

2059 2134 2204 2188 enim
2240 2131 2408 2188 fuerit
2443 2131 2785 2203 Unigenitus,
2807 2133 2852 2188 si
2887 2133 3001 2187 haec
3029 2133 3148 2202 ipsa
3177 2129 3455 2202 generatio
3477 2143 3633 2182 com-

2058 2222 2371 2277 munionem
2399 2224 2697 2279 secundum
2727 2223 3179 2295 significationem
3204 2231 3260 2277 et
3279 2221 3622 2277 identitaten:

2059 2327 2184 2367 cum
2221 2314 2325 2367 alia
2383 2315 2733 2384 generatione
2788 2314 2990 2370 habet?
3047 2314 3235 2368 Solum
3290 2314 3437 2371 enim
3485 2311 3630 2383 quod

2057 2404 2322 2459 eximium
2355 2412 2408 2458 et
2467 2403 2802 2474 praecipuum
2840 2403 2893 2458 in
2927 2403 3047 2473 ipso
3078 2402 3400 2472 intelligitur
3425 2444 3440 2467 ,
3485 2402 3630 2472 quod

2059 2511 2169 2550 non
2196 2496 2249 2549 in
2283 2495 2386 2550 alia
2411 2495 2761 2565 generatione
2779 2494 3148 2565 cognoscitur,
3181 2493 3398 2564 proprie
3424 2502 3478 2548 et
3499 2508 3633 2547 con-

2060 2599 2319 2660 gruenter
2356 2588 2633 2660 Unigeniti
2680 2588 2901 2643 nomine
2949 2586 3293 2657 signiﬁcatur
3324 2604 3337 2640 :
3375 2587 3447 2640 ita
3491 2594 3548 2640 ut
3583 2586 3633 2641 si

2060 2681 2192 2754 quid
2222 2697 2288 2736 ex
2320 2680 2391 2736 iis
2428 2695 2550 2750 qua:
2587 2680 2789 2739 inﬁmae
2817 2677 3156 2749 generationi
3201 2677 3534 2733 conveniunt
3576 2675 3631 2731 in

2058 2775 2181 2847 ipso
2212 2780 2511 2843 spectetur,
2537 2784 2645 2826 non
2677 2770 2911 2840 amplius
2944 2770 3016 2824 sit
3066 2767 3409 2839 Unigenitus,
3448 2774 3635 2838 utpote

2059 2863 2152 2934 qui
2178 2862 2451 2932 aliquibus
2480 2860 2853 2933 generationis
2882 2859 3306 2929 preprietatibus
3343 2873 3466 2913 cum
3506 2856 3636 2911 reli-

2060 2952 2187 3023 quis
2217 2952 2415 3026 genitis
2444 2950 2808 3006 communicet
2835 2967 2848 3003 :
2879 2950 2926 3005 si
2958 2951 3101 3025 enim
3133 2948 3322 3004 eadem
3364 2949 3419 3003 in
3453 2962 3518 3003 eo
3553 2946 3634 3000 di-

2060 3051 2334 3108 cerentur,
2387 3058 2506 3114 qua:
2543 3041 2597 3099 in
2636 3042 2759 3099 aliis
2829 3058 2949 3112 quae
2994 3057 3089 3111 per
3120 3040 3526 3111 generationem
3577 3038 3637 3092 in

2061 3151 2243 3191 rerum
2274 3145 2467 3189 natura
2490 3134 2779 3203 predeunt,
2811 3134 2878 3188 ad
2915 3132 3213 3187 fraternam
3255 3132 3494 3201 aliquam
3546 3145 3634 3185 re—

2068 3226 2323 3281 lationem
2354 3223 2631 3296 Unigeniti
2678 3222 3044 3293 signiﬁcatum
3072 3236 3253 3278 sermo
3282 3220 3630 3276 transferret.

2060 3314 2240 3383 Quare
2292 3313 2341 3369 si
2387 3312 2535 3384 quod
2586 3327 2711 3366 cum
2762 3310 2884 3366 aliis
2929 3325 3050 3382 qua:
3079 3315 3428 3379 generantur,
3460 3323 3638 3377 neque

2059 3405 2392 3470 mistionem,
2421 3418 2597 3473 neque
2623 3400 3063 3458 communionem
3098 3399 3320 3470 patitur,
3361 3396 3639 3469 Unigeniti

2060 3494 2424 3567 signiﬁcatum
2442 3493 2707 3560 ostendit,
2736 3491 2870 3546 nihil
2899 3498 3047 3546 certe
3078 3506 3265 3546 eorum
3293 3505 3415 3561 quae
3440 3489 3496 3544 in
3526 3488 3635 3543 ima

2058 3586 2404 3656 generatione
2451 3592 2772 3649 cernuntur,
2814 3583 2869 3639 in
2905 3583 3183 3655 hypostasi
3214 3580 3371 3648 Filii,
3404 3597 3529 3653 quae
3565 3596 3634 3636 ex

2059 3677 2220 3733 Patre
2252 3685 2371 3742 est,
2425 3678 2653 3750 intelligi
2703 3677 3075 3733 admittemus.
3125 3674 3289 3744 Atqui
3351 3674 3633 3745 proprium

2058 3780 2141 3827 est
2175 3771 2420 3826 omnium
2452 3784 2574 3840 quae
2598 3784 2693 3840 per
2717 3768 3121 3840 generationem
3148 3767 3478 3831 subsistunt,
3511 3775 3639 3820 ante

2060 3861 2464 3932 generationem
2523 3875 2631 3917 non
2688 3876 2849 3918 esse:
2899 3860 3005 3916 hoc
3051 3859 3217 3930 igitur
3274 3859 3511 3914 alienum
3565 3858 3636 3912 ab

2063 3953 2342 4024 Unigeniti
2379 3952 2732 4023 proprietate,
2756 3952 2843 4007 cui
2874 3952 3010 4007 nihil
3039 3965 3232 4023 vagum
3265 3958 3319 4005 et
3343 3965 3633 4006 erroneum

2060 4046 2114 4099 in
2168 4045 2278 4099 ulla
2328 4043 2634 4101 communis
2700 4043 3071 4115 generationis
3131 4041 3314 4113 specie
3360 4050 3416 4096 et
3474 4038 3635 4093 modo

2060 4135 2250 4192 adesse
2284 4143 2337 4192 et
2371 4142 2681 4205 competere
2710 4134 2993 4206 Unigeniti
3045 4133 3338 4203 appellatio
3380 4138 3631 4187 testatur.

2060 4228 2200 4298 Ergo
2235 4228 2336 4283 iste
2381 4227 2678 4282 materialis
2720 4235 2773 4281 et
2818 4224 3003 4283 sensui
3052 4224 3259 4278 amicus
3287 4221 3480 4276 doctor
3508 4235 3633 4290 per-

2061 4320 2378 4383 suadeatur,
2412 4334 2507 4388 per
2536 4318 2697 4372 aliam
2738 4316 3106 4388 generationis
3135 4314 3369 4385 speciem
3412 4328 3633 4369 suarum

2060 4411 2378 4481 opinionum
2432 4423 2627 4479 vagum
2680 4423 2923 4464 errorem
2974 4406 3286 4463 emendare.
3340 4405 3445 4463 Sed
3499 4405 3638 4461 forte

1990 4513 2039 4572 ι)
2062 4504 2233 4565 dices,
2257 4515 2380 4556 cum
2412 4500 2757 4571 splendorem
2790 4499 2976 4568 glorias
3004 4513 3060 4555 et
3095 4498 3357 4568 unguenti
3409 4497 3632 4553 odorem

2059 4591 2239 4654 audis,
2271 4588 2415 4660 quod
2441 4604 2548 4644 non
2580 4597 2697 4645 erat
2729 4589 2986 4659 splendor
3014 4596 3142 4644 ante
3164 4589 3435 4659 propriam
3472 4603 3631 4658 genev

2059 4687 2357 4751 rationem;
2386 4682 2480 4740 sed
2520 4698 2644 4737 cum
2679 4680 2783 4737 hoc
2811 4681 3041 4747 dixeris,
3076 4680 3213 4736 nihil
3243 4694 3469 4751 prorsus
3513 4694 3636 4734 esse

2060 4775 2287 4847 gloriam
2322 4773 2481 4830 dabis
2512 4813 2529 4838 ,
2562 4787 2739 4844 neque
2770 4780 3128 4842 unguentum,
3178 4786 3286 4825 non
3327 4771 3470 4827 enim
3503 4779 3588 4826 cst
3620 4790 3633 4826 :

2060 4874 2142 4928 vel
2174 4884 2374 4927 caecam
2408 4869 2464 4923 in
2511 4866 2695 4939 scipsa
2740 4875 2791 4923 et
2844 4865 2964 4921 luce
3016 4871 3295 4938 carentem
3341 4863 3638 4935 aliquando

2061 4963 2232 5018 fuisse
2267 4959 2496 5027 gloriam
2518 4956 2965 5025 existimandum,
2986 4958 3071 5013 vel
3092 4966 3424 5028 unguentum
3451 4954 3637 5013 suavis

2059 5052 2452 5125 exspirationis
2497 5051 2704 5108 sterile.
2754 5049 2934 5117 Quare
2973 5050 3021 5107 si
3070 5049 3330 5121 splendor
3355 5065 3464 5104 non
3494 5056 3634 5108 erat,

2060 5160 2237 5215 neque
2255 5144 2428 5215 gloria
2456 5150 2576 5201 erat
2601 5142 2846 5198 omnino.
2872 5142 2938 5197 Et
2959 5142 3004 5198 si
3030 5140 3167 5197 odor
3192 5158 3301 5199 non
3329 5149 3434 5202 est,
3458 5151 3637 5204 neque

2062 5242 2402 5306 unguentum
2425 5248 2549 5288 esse
2582 5248 2730 5289 nunc
2762 5232 3194 5289 demonstratum
3233 5237 3337 5283 est.
3385 5224 3541 5291 Quod
3585 5224 3634 5279 si

2060 5332 2268 5380 trrrent
2312 5323 2549 5394 aliquem
2592 5322 2711 5378 halc
2737 5337 2859 5394 quae
2886 5337 2918 5376 a
2958 5320 3242 5391 Scriptura
3280 5323 3636 5371 assumuntur

2060 5419 2326 5485 exempla,
2366 5422 2426 5469 ut
2469 5430 2575 5470 non
2621 5424 2812 5470 exacte
2862 5410 3135 5482 Unigeniti
3180 5404 3635 5475 magniﬁcentiam

2059 5505 2442 5572 exprimentia,
2477 5505 2604 5576 quia
2634 5520 2742 5559 non
2777 5503 2918 5559 idem
2967 5501 3039 5556 sit
3072 5512 3196 5552 cum
3251 5495 3502 5565 subjecto
3547 5512 3637 5553 se-

2060 5600 2299 5651 cundum
2347 5595 2753 5658 substantiam.
2802 5592 2887 5647 vel
2914 5590 3112 5646 halitus
3155 5602 3279 5643 cum
3335 5594 3634 5659 unguento,

2062 5690 2143 5743 vel
2175 5688 2361 5743 radius
2382 5702 2505 5742 cum
2535 5687 2670 5752 sole,
2703 5699 2864 5740 verus
2897 5695 3078 5737 sermo
3106 5689 3305 5736 metum
3359 5679 3479 5750 ejus
3517 5678 3635 5734 exi-

2064 5786 2193 5846 mat,
2220 5779 2314 5851 qui
2338 5778 2488 5843 dicit,
2525 5775 2670 5848 quod
2698 5785 2817 5833 erat
2845 5775 2899 5833 in
2930 5772 3220 5844 principio,
3252 5781 3306 5829 et
3344 5769 3490 5842 quod
3510 5782 3629 5825 om-
