4034 6156
381 381 494 438 787

1618 385 1674 442 S.
1712 386 2036 445 GREGORH
2074 391 2368 450 NYSSENI

3525 397 3628 457 788

385 505 477 560 nia
510 513 612 568 est,
643 519 980 575 quacunque
1019 513 1102 561 est
1152 501 1481 576 principium
1538 517 1589 561 et
1633 509 1775 579 quod
1825 519 1949 566 ante

2075 514 2152 569 ιὲν
2177 528 2204 567 0
2238 515 2442 587 Πατὴρ,
2477 515 2613 580 Θεὸς
2639 517 2692 568 δὲ
2725 518 2819 570 καὶ
2847 519 2874 571 6
2903 518 3026 582 Υἱός
3045 536 3057 548 ·
3091 518 3172 582 τίς
3202 519 3279 572 ἔτι
3306 520 3623 574 καταλείπε-

383 597 566 649 omnia
595 596 941 665 praeexsistit,
977 596 1279 667 praesertim
1301 613 1422 650 cum
1454 595 1692 655 Joannes
1725 599 1778 654 in
1815 616 1952 671 prae-

382 689 543 740 conio
595 701 696 741 suo
734 687 1075 754 vociferetur,
1107 686 1251 758 quod
1307 686 1374 742 Et
1429 691 1572 758 apud
1625 690 1792 745 Deum
1838 704 1950 748 erat

393 777 636 844 Verbum,
667 789 713 834 et
745 779 878 834 Deus
907 792 1019 834 erat
1063 781 1307 835 Verbum.
1354 781 1410 836 Si
1457 783 1624 853 igitur
1662 783 1825 841 Pater
1870 795 1954 844 est

387 871 550 935 licus,
569 881 622 925 et
645 869 785 926 Deus
803 881 886 925 est
907 874 1068 927 etiam
1103 872 1294 936 Filius,
1333 889 1578 943 quaenam
1611 875 1678 929 ad
1707 885 1953 932 exactam

389 959 454 1013 de
489 959 778 1031 Unigenito
808 962 1134 1033 theologiam
1179 964 1506 1033 relinquitur
1539 966 1821 1022 dubitandi
1869 983 1956 1023 ra-

383 1053 480 1114 tio,
545 1068 667 1107 cum
697 1053 818 1108 Filii
849 1055 1246 1125 signiﬁcatione
1285 1059 1587 1127 proprietas
1618 1067 1827 1116 natura:
1857 1078 1955 1117 uo-

385 1143 654 1208 tiﬁcetur,
692 1161 787 1214 per
821 1147 1162 1216 splendorem
1199 1163 1345 1212 vero,
1387 1150 1516 1204 unio
1546 1159 1599 1206 et
1639 1153 1954 1222 conjunctio

385 1234 551 1289 nullis
606 1236 905 1290 intervallis
959 1235 1153 1291 dissita
1210 1238 1565 1308 signiﬁcetur,
1635 1240 1725 1296 Dei
1775 1251 1954 1298 autem

387 1324 680 1392 appellatio
702 1340 831 1393 qua:
866 1323 1010 1378 Patri
1042 1332 1096 1379 et
1129 1323 1265 1380 Filio
1317 1328 1597 1397 aequaliter
1646 1345 1954 1388 accommo—

386 1415 566 1476 datur,
597 1413 820 1469 honoris
855 1429 950 1485 per
973 1415 1154 1469 omnia
1181 1417 1541 1484 aequalitatem
1565 1419 1792 1474 indicet?
1813 1422 1954 1476 Cha-

2056 626 2144 662 ται
2173 609 2308 680 πρὸς
2337 610 2433 679 τὴν
2461 610 2660 682 ἀκριϐῆ
2689 611 2776 665 τοῦ
2802 610 3136 679 Μονογενοῦς
3159 611 3432 679 θεολογίαν
3462 616 3631 682 ἀμφι-

2058 699 2240 764 ϐολία,
2277 701 2401 753 ὃταν
2457 704 2522 772 τῇ
2575 702 2670 772 μὲν
2698 703 2788 756 τοῦ
2830 702 2958 756 Υίοῦ
2992 703 3233 775 σημασίᾳ
3263 704 3323 756 τὸ
3361 705 3500 757 κατά
3531 705 3632 773 φύ-

2061 806 2144 843 σιν
2177 791 2370 843 οἰκεῖον
2395 791 2738 862 γνωρίζεται,
2770 793 2844 863 τῷ
2869 793 2925 846 δὲ
2958 794 3350 864 ἀπαυγάσματι
3379 795 3439 847 τὸ
3469 812 3632 849 συνα-

2062 881 2159 949 φές
2185 898 2245 933 τε
2285 881 2378 935 καὶ
2409 882 2758 949 ἀδιάστατον,
2804 887 2867 954 τῇ
2905 884 2960 938 δὲ
2993 884 3084 938 τοῦ
3125 884 3257 938 Θεοῦ
3293 887 3632 956 προσηγορίᾳ

2054 971 2198 1032 κατά
2229 972 2290 1024 τὸ
2315 968 2428 1025 ἴσον
2466 975 2856 1048 ὲφηρμοσμένῃ
2885 976 3054 1044 Πατρί
3083 993 3142 1028 τε
3172 976 3263 1028 καὶ
3290 975 3423 1046 Υῐῷ,
3456 977 3514 1028 τὸ
3544 977 3634 1030 διά

2060 1065 2274 1118 πάντων
2300 1047 2591 1136 ὁμότιμονξ
2626 1068 2683 1119 Ὀ
2712 1067 2769 1120 δὲ
2799 1047 3081 1138 χαρακτὴρ
3114 1069 3261 1139 πάσῃ
3292 1071 3356 1138 τῇ
3392 1069 3632 1123 ὑποστά-

2061 1172 2140 1208 σει
2189 1155 2283 1210 τοῦ
2339 1158 2550 1229 Πατρὺς
2597 1159 3033 1230 ἐπιθεωρουμὲνῃ
3107 1160 3169 1212 τὸ
3209 1159 3494 1224 ἀνελλιπὲς
3537 1163 3631 1215 τοῦ

2063 1246 2188 1300 ἰδίου
2231 1247 2490 1318 μεγέθους
2526 1250 2890 1319 διασημαίνει,
2931 1251 3088 1322 καὶὴ
3134 1251 3314 1322 μορφὴ
3359 1253 3451 1306 τοῦ
3494 1253 3633 1306 Θεοῦ

2058 1337 2156 1408 τὴν
2205 1339 2292 1391 διὰ
2337 1340 2550 1393 πάντων
2589 1339 2924 1410 καταμηνύει
2969 1341 3302 1412 ταυτότητα,
3339 1343 3416 1411 τῷ
3457 1342 3636 1396 πάντα

2057 1427 2319 1482 δεικνύειν
2358 1431 2441 1498 ἐφ’
2499 1431 2698 1501 ἑαυτῆς
2721 1431 2787 1484 δι’
2813 1426 2940 1515 (by?)
2972 1431 3116 1496 θέσις
3146 1432 3634 1504 χαρακτηρίζεται.

388 1513 567 1560 racter
604 1519 731 1560 vero
772 1505 884 1558 sive
919 1504 1086 1576 ﬁgura
1134 1507 1313 1561 omnis
1368 1509 1687 1564 substantia:
1737 1527 1858 1581 qua:
1906 1515 1958 1567 in
1998 1514 2158 1572 Patre
2222 1520 2638 1599 consideratur,
2708 1504 3000 1591 perfectam
3049 1522 3438 1591 plenitudinem
3505 1538 3636 1592 pro-

387 1596 519 1665 priae
552 1597 940 1667 magnitudinis
969 1597 1186 1666 penitus
1219 1598 1511 1669 signiﬁcat,
1558 1610 1611 1655 ct
1647 1600 1950 1660 forma-Dei
2028 1622 2122 1676 per
2200 1612 2386 1664 omnia
2437 1596 2678 1665 ostendit
2729 1611 3106 1676 identitatem,
3164 1613 3344 1665 omnia
3405 1613 3638 1667 demon-

388 1691 612 1745 strando
648 1691 701 1744 in
735 1692 916 1761 seipso
948 1707 1040 1760 per
1070 1707 1191 1761 quae
1229 1693 1428 1762 positio
1467 1693 1753 1764 ﬁguratur.

459 1782 671 1837 Rursus
706 1783 869 1852 igitur
927 1799 1294 1854 proponamus
1341 1785 1592 1840 Eunomii
1631 1803 1956 1843 sermonem.

2140 1789 2306 1844 Πάλιν
2342 1792 2523 1846 τοίνυν
2579 1788 2867 1866 πρρθῶμεν
2933 1777 3026 1842 τοῦ
3054 1790 3313 1859 Εὑνομίου
3335 1791 3425 1842 τὸν
3451 1790 3638 1859 λόγον.

391 1871 512 1926 Νοη
542 1882 675 1936 erat,
711 1874 906 1942 inquit,
945 1884 1066 1927 ante
1098 1876 1365 1943 propriam
1394 1877 1797 1945 generationem.
1823 1877 1956 1942 Quis

385 1967 475 2020 hic
501 1973 603 2031 est,
640 1982 800 2036 quem
836 1981 943 2020 non
978 1981 1100 2022 esse
1126 1968 1414 2021 autumat?
1442 1966 1748 2023 Recenseat
1771 1967 1954 2022 divina

389 2058 631 2122 nomina,
668 2057 868 2126 quibus
904 2057 992 2112 ille
1030 2058 1120 2127 qui
1155 2073 1217 2111 ex
1253 2058 1504 2112 Eunomii
1553 2059 1811 2129 opinione
1860 2057 1960 2112 ali-

388 2148 604 2220 quando
654 2163 758 2201 non
809 2157 964 2212 erat,
1003 2150 1337 2202 nominatur.
1381 2149 1532 2203 Dicet
1567 2166 1698 2219 ergo
1747 2150 1958 2214 lucem,

388 2237 800 2300 beatitudinem,
827 2238 1101 2305 vitamque
1153 2245 1207 2292 et
1249 2239 1815 2308 incorruptibilitatem
1842 2279 1856 2302 ,
1907 2247 1961 2294 et

392 2328 664 2396 justitiam
698 2337 750 2384 et
791 2329 1308 2394 sanctiﬁcationetn,
1349 2336 1402 2383 et
1436 2329 1689 2383 virtutem
1735 2337 1787 2384 et
1823 2333 1960 2386 veri-

389 2427 582 2484 tatem,
613 2431 665 2474 et
695 2435 815 2490 qua:
840 2428 968 2474 sunt
1001 2420 1294 2490 ejusmodi.
1320 2419 1423 2476 Iste
1448 2422 1610 2490 igitur
1629 2423 1718 2491 qui
1744 2423 1818 2476 ait
1839 2433 1962 2479 ante

390 2513 795 2580 generationem
835 2513 1009 2582 ipsum
1061 2527 1168 2566 non
1215 2511 1404 2577 fuisse,
1436 2514 1610 2582 palam
1646 2514 1831 2582 procul
1871 2514 1961 2568 du-

394 2603 484 2656 hio
523 2603 741 2663 clamat,
775 2602 920 2672 quod
952 2617 1059 2655 non
1095 2611 1213 2657 erat
1242 2603 1464 2665 veritas,
1494 2605 1712 2672 quando
1746 2605 1833 2660 ille
1854 2620 1961 2659 non

393 2700 533 2754 erat,
576 2706 684 2744 non
719 2700 836 2746 erat
871 2694 1004 2755 vita,
1045 2706 1150 2745 non
1187 2701 1302 2746 erat
1332 2693 1444 2754 lux,
1483 2708 1587 2746 non
1619 2704 1736 2748 erat
1784 2696 1964 2750 incor-

393 2782 751 2853 ruptibilitas,
785 2797 892 2836 non
928 2782 1074 2836 aliud
1100 2783 1393 2852 quidquam
1418 2798 1605 2838 eorum
1637 2801 1755 2854 qua:
1779 2787 1831 2840 in
1856 2786 1965 2842 Deo

395 2874 796 2944 intelliguntur.
829 2874 1095 2929 Praeterea
1127 2875 1271 2944 quod
1314 2883 1396 2929 est
1445 2876 1737 2933 absurdius
1805 2885 1858 2932 ct
1898 2873 1965 2932 ad

398 2968 729 3037 impietatem
766 2967 1039 3030 acerbius,
1071 2983 1180 3021 non
1206 2969 1644 3038 erat-splendor,
1697 2985 1803 3024 non
1849 2978 1966 3026 erat

393 3058 703 3122 character,
760 3059 873 3114 sive
917 3058 1108 3128 ﬁgura.
1160 3056 1296 3112 Dum
1345 3060 1488 3114 enim
1532 3059 1665 3113 dicit
1703 3076 1808 3114 non
1845 3077 1967 3116 esse

2066 1882 2184 1933 Οὐκ
2211 1875 2306 1950 ἦν,
2336 1881 2486 1949 φησι,
2521 1879 2632 1947 πρὸ
2665 1880 2770 1946 τῆς
2799 1881 2952 1944 ιδίας
2979 1879 3336 1950 γεννήσεως.
3365 1880 3458 1944 Τίς
3483 1873 3637 1946 οὗτός

2063 1971 2227 2034 ἐστιν,
2267 1971 2325 2023 ὃν
2358 1971 2457 2023 οὑκ
2490 1966 2628 2024 εἶναι
2658 1969 2840 2038 λέγει;
2870 1969 3088 2023 Είπάτω
3127 1971 3195 2022 τὰ
3225 1971 3345 2023 θεῖα
3375 1971 3638 2039 ὀνόματα,

2063 2054 2142 2121 οἷς
2175 2059 2201 2110 6
2235 2058 2352 2111 κατ’
2382 2059 2640 2128 Εύνὸμιόν
2675 2076 2803 2111 ποτε
2837 2058 2910 2130 μὴ
2941 2059 3014 2112 ὢν
3049 2059 3388 2128 ὀνομάζεται.
3428 2059 3642 2112 Οὐκοῦν
3693 2098 3714 2114 .

2073 2150 2186 2218 φῶς
2221 2151 2335 2220 ἐρεῖ
2372 2151 2464 2202 καὶ
2494 2149 2888 2220 μακαριότητα,
2919 2150 3063 2220 ζωήν
3093 2167 3151 2202 τε
3183 2151 3276 2203 καὶ
3309 2149 3638 2221 ἀφθαρσίαν,

2066 2241 2159 2295 καὶ
2190 2241 2532 2312 δικαιοσύνην
2560 2243 2654 2295 καὶ
2685 2242 2972 2311 ἀγιασμὸν,
3008 2242 3103 2295 καὶ
3130 2242 3355 2312 δύναμιν
3389 2243 3483 2296 καὶ
3512 2243 3645 2314 ἀλή-

2069 2333 2239 2398 θειαν,
2282 2333 2372 2386 καὶ
2406 2332 2472 2385 τά
2505 2332 2746 2386 τοιαῦτα.
2788 2334 2844 2386 Ὀ
2865 2335 3043 2386 τοίνυν
3075 2332 3179 2404 πρὸ
3212 2333 3310 2401 τῆς
3337 2334 3644 2402 γεννήσεως

2066 2423 2238 2491 λέγων
2279 2423 2436 2476 αὑτὸν
2465 2422 2539 2494 μὴ
2569 2419 2728 2487 εἶναι,
2769 2422 3024 2494 ἄντικρυς
3053 2423 3222 2475 ταῦτα
3258 2422 3373 2493 βοᾷ,
3414 2424 3495 2476 ὅτι
3540 2424 3643 2475 οὑκ

2065 2511 2133 2586 ἦν
2165 2514 2412 2586 ἀλήθεια,
2446 2515 2532 2568 ὅτε
2563 2515 2766 2578 ἐκεῖνος
2796 2516 2895 2568 οὑκ
2921 2511 3009 2586 ἦν,
3047 2515 3145 2567 οὑκ
3173 2510 3241 2584 ἦν
3268 2513 3400 2583 ζωὴ,
3436 2514 3536 2566 οὑκ
3572 2508 3644 2583 ἦν

2068 2604 2202 2672 φῶς,
2237 2605 2335 2657 οὐκ
2360 2600 2426 2674 ἦν
2455 2605 2699 2674 δύναμις,
2734 2605 2833 2658 οὑκ
2871 2601 2938 2675 ἦν
2969 2604 3277 2676 ἀφθαρσία,
3309 2606 3408 2656 οὑκ
3439 2603 3563 2656 ἄλλο
3588 2619 3643 2654 τι

2067 2692 2134 2766 ἦν
2173 2695 2280 2748 τῶν
2311 2697 2367 2748 ὲν
2394 2695 2512 2766 Θεῷ
2552 2695 2855 2766 νοουμένων
2880 2695 3056 2750 οὐδέν.
3089 2695 3199 2749 Καὶ
3236 2694 3296 2746 τὸ
3325 2693 3403 2747 ἔτι
3439 2693 3648 2746 τούτων

2069 2784 2539 2857 παραλογώτερον,
2576 2786 2669 2838 καὶ
2698 2788 2776 2850 είς
2817 2786 3071 2840 ἀσέϐειαν
3106 2784 3481 2856 χαλεπώτερον
3501 2825 3516 2849 ,
3543 2785 3648 2838 οὐκ

2069 2872 2136 2946 ἦν
2168 2875 2505 2946 ἀπαύγασμα
2530 2917 2544 2942 ,
2576 2878 2674 2931 οὑκ
2719 2873 2785 2948 ἦν
2831 2879 3135 2950 χαρακτήρ.
3194 2879 3281 2930 Ἐν
3313 2879 3420 2948 γάρ
3453 2875 3530 2946 τῷ
3570 2875 3648 2946 μὴ

2072 2963 2208 3021 εἶναι
2245 2967 2424 3038 λέγειν
2457 2970 2814 3040 ἀπαύγασμα,
2845 2969 2904 3021 τὸ
2936 2970 3072 3041 μηδὲ
3101 2969 3198 3039 τὴν
3226 2970 3650 3037 ἀπαυγάζουσαν

2072 3057 2295 3130 δύναμιν
2320 3055 2456 3113 εἶναι
2478 3058 3043 3128 συγκατασκευάζεται
3060 3061 3292 3124 πάντως,
3312 3060 3425 3124 πῶς
3444 3061 3534 3112 ἐπὶ
3553 3059 3648 3112 τοῦ

396 3149 762 3219 splendorem,
807 3165 914 3204 non
951 3165 1074 3205 esse
1121 3163 1336 3220 quoque
1377 3152 1484 3204 vim
1529 3151 1963 3221 resplendentem

2075 3149 2214 3202 κατά
2238 3150 2327 3204 τὸν
2357 3150 2545 3220 λύχνον
2573 3152 2717 3203 ἐστὶν
2752 3151 3166 3220 ύποδείγματος.
3212 3151 3268 3204 Ὀ
3293 3151 3397 3224 γὰρ
3425 3151 3524 3217 τὴν
3546 3150 3648 3203 αὑ-

397 3257 625 3310 prorsus
651 3242 810 3296 simul
841 3243 1056 3306 astruit,
1078 3251 1137 3295 ut
1172 3242 1225 3295 in
1252 3242 1499 3310 exemplo
1525 3241 1758 3297 lucerna:
1789 3243 1970 3298 videre

396 3344 500 3389 est.
537 3333 639 3400 Qui
691 3335 835 3389 enim
888 3335 1126 3388 lucernae
1172 3334 1434 3403 fulgorem
1475 3334 1635 3399 dixit,
1690 3337 1968 3390 lucernam

399 3425 686 3495 splendere
713 3425 873 3480 simul
899 3425 1172 3487 ostendit;
1215 3433 1268 3478 et
1294 3423 1386 3493 qui
1422 3439 1529 3477 non
1559 3440 1681 3478 esse
1707 3423 1970 3494 fulgorem

400 3519 552 3581 dicit,
589 3519 823 3572 lucernae
849 3516 1091 3570 ardentis
1120 3516 1541 3570 cxstinctionem
1574 3517 1969 3587 consigniﬁca-

399 3611 498 3662 vit.
531 3609 709 3674 Quare
735 3624 857 3663 cum
878 3607 1051 3664 Filius
1072 3625 1180 3663 non
1205 3623 1326 3664 esse
1354 3607 1576 3672 dicitur,
1607 3611 1765 3663 etiam
1794 3608 1972 3665 Patris

401 3716 512 3753 non
547 3700 867 3755 exsistentia
901 3702 1213 3756 necessaria
1257 3699 1646 3756 consecutione
1686 3704 1969 3756 astruitur.

405 3787 462 3841 Si
494 3789 638 3842 enim
672 3789 899 3844 alterum
935 3792 1084 3846 alteri
1115 3791 1348 3846 cohaeret
1394 3791 1757 3857 continenter,
1789 3810 1976 3848 secun-

403 3881 534 3933 dum
564 3882 926 3951 apostolicum
955 3883 1328 3936 testimonium
1350 3923 1364 3945 ,
1394 3891 1448 3936 et
1485 3883 1740 3952 splendor
1769 3885 1971 3955 gloriae,

404 3981 459 4026 et
491 3972 776 4027 character
807 3974 1151 4038 substantiae,
1189 3983 1243 4030 et
1273 3977 1540 4045 sapientia
1581 3975 1695 4039 Dci,
1720 3977 1810 4045 qui
1838 3977 1974 4031 alte-

406 4081 530 4119 rum
585 4065 1008 4134 eonjnnctorum
1064 4074 1224 4138 negat
1272 4083 1427 4129 esse,
1472 4068 1632 4122 unius
1671 4068 1977 4123 sublatione

407 4158 674 4227 reliquum
707 4157 953 4211 funditus
980 4159 1220 4213 sustulit.
1256 4158 1436 4224 Quare
1467 4159 1511 4213 si
1545 4175 1649 4211 non
1680 4167 1763 4213 est
1796 4160 1977 4228 splen-

405 4251 526 4313 dor,
561 4250 926 4306 conﬁtendum
959 4260 1064 4316 est,
1094 4267 1269 4320 neque
1313 4250 1682 4320 splendentem
1729 4260 1976 4306 naturam

405 4358 548 4404 esse,
595 4349 647 4396 et
675 4341 720 4396 si
749 4341 1040 4397 character
1059 4357 1165 4396 non
1194 4341 1466 4406 subsistit,
1491 4357 1666 4410 neque
1692 4342 1976 4411 ﬁguratam

407 4449 530 4489 esse
562 4448 872 4504 personam.
925 4433 982 4487 Si
1035 4444 1294 4503 prtcterea
1335 4449 1442 4487 non
1483 4441 1567 4488 est
1622 4434 1886 4503 Sapientia
1925 4439 1978 4487 et

2070 3240 2171 3312 γὴν
2209 3240 2302 3294 τοῦ
2339 3241 2529 3312 λύχνου
2575 3241 2742 3294 εἰπὼν
2795 3241 2854 3295 τὸ
2914 3242 3006 3295 καὶ
3042 3241 3278 3312 λάμπειν
3317 3241 3408 3294 τὸν
3453 3241 3649 3311 λύχνον

2073 3330 2405 3396 συνεδείξατο
2429 3371 2442 3393 ,
2480 3333 2574 3384 καὶ
2616 3335 2644 3384 6
2692 3331 2764 3402 μὴ
2801 3326 2938 3384 εἶναι
2958 3330 3068 3401 ,τὴν
3133 3330 3304 3400 αὐγὴν
3338 3331 3510 3398 λέγων
3549 3330 3651 3402 τὴν

2074 3422 2255 3476 σϐέσιν
2291 3423 2384 3475 τοῦ
2429 3423 2750 3493 φωτίζοντος
2801 3424 3189 3492 συνεσήμανεν.
3241 3423 3401 3474 Ὥστε
3446 3423 3575 3476 ὅταν
3624 3427 3653 3478 ὁ

2073 3512 2199 3575 Υἱὸς
2231 3513 2304 3582 μὴ
2344 3510 2480 3566 εἶναι
2509 3514 2752 3586 λέγηται,
2783 3516 2874 3568 καὶ
2903 3518 2935 3586 ἡ
2963 3515 3052 3568 τοῦ
3096 3515 3308 3584 Πατρὸς
3344 3515 3652 3585 ἀνυπαρξία

2074 3604 2192 3656 κατ’
2229 3603 2472 3675 ἀνάγκην
2498 3607 2560 3657 ὲκ
2594 3604 2685 3657 τοῦ
2721 3605 3012 3658 ἀκολούθου
3045 3603 3532 3669 κατασκευάζεται.
3589 3609 3654 3660 El

2073 3693 2178 3764 γὰρ
2214 3695 2572 3765 συνημμένως
2603 3695 2781 3765 ἔχεται
2820 3695 2913 3749 τοῦ
2954 3696 3139 3766 ἑτέρου
3174 3696 3232 3749 τὸ
3261 3697 3465 3768 ἕτερον,
3511 3699 3655 3751 κατά

2074 3785 2172 3856 τὴν
2206 3786 2565 3856 ἀποστολικὴν
2597 3788 2920 3858 μαρτυρίαν,
2956 3788 3048 3840 καὶ
3086 3789 3147 3840 τὸ
3186 3788 3525 3858 ἀπαύγασμα
3552 3789 3654 3858 τῆς

2075 3874 2250 3944 δόξης,
2279 3876 2372 3929 καὶ
2397 3878 2423 3928 6
2453 3877 2733 3946 χαρακτὴρ
2769 3877 2865 3945 τῆς
2897 3877 3264 3941 ὑποστάσεως,
3297 3879 3389 3931 καὶ
3427 3881 3458 3948 ἡ
3494 3879 3657 3946 σοφία

2076 3968 2169 4020 τοῦ
2200 3967 2356 4033 Θεοῦ,
2392 3969 2420 4020 6
2460 3968 2520 4020 τὸ
2546 3967 2730 4037 ἕτερον
2757 3967 2863 4020 τῶν
2908 3969 3265 4038 συνημμένων
3298 3969 3370 4039 μὴ
3407 3966 3543 4022 εἶναι
3568 3970 3658 4022 λὲο

2078 4075 2208 4125 γων,
2241 4061 2306 4130 τῇ
2338 4057 2431 4110 τοῦ
2471 4057 2587 4120 ἐνὸς
2624 4057 2898 4128 ἀναιρέσει
2927 4058 3201 4112 συνανεῖλε
3233 4060 3447 4122 πάντως
3476 4061 3567 4112 καὶ
3597 4061 3658 4112 τὸ

2078 4148 2420 4218 λειπόμενον·
2451 4147 2588 4200 ὥστε
2618 4147 2712 4200 τοῦ
2751 4148 3180 4218 ἀπαυγάσματος
3219 4146 3291 4219 μὴ
3319 4147 3488 4212 ὄντος,
3528 4150 3658 4218 όμο-

2079 4240 2348 4309 λογεῖσθαι
2385 4240 2458 4309 μὴ
2511 4235 2649 4292 εἶναι
2691 4238 2824 4309 μηδὲ
2854 4239 2952 4309 τὴν
2987 4236 3408 4307 ἀπαυγὰζουσαν
3448 4240 3608 4306 φύσιν
3632 4278 3648 4302 ,

2079 4332 2174 4384 καὶ
2209 4331 2303 4384 τοῦ
2343 4332 2684 4402 χαρακτῆρος
2726 4331 2802 4402 μὴ
2849 4331 3191 4399 ὑφεστῶτος,
3234 4333 3367 4402 μηδὲ
3414 4331 3512 4402 τὴν
3559 4349 3660 4402 χα⁸

2084 4423 2551 4495 ρακτηριζομένην
2614 4421 2750 4475 εἶναι
2813 4422 3134 4488 ὑπόστασιν,
3199 4423 3392 4492 σοφίας
3451 4423 3508 4476 δὲ
3563 4428 3658 4476 καὶ

407 4525 586 4579 virtus
615 4523 730 4588 Dei,
767 4540 942 4594 neque
972 4525 1120 4578 illum
1151 4539 1272 4578 esse
1307 4539 1534 4593 prorsus
1566 4523 1842 4577 fatendum
1873 4531 1969 4588 est,

2081 4514 2360 4584 δυνάμεως
2387 4511 2521 4564 Θεοῦ
2556 4512 2629 4582 μὴ
2653 4509 2840 4582 οὔσης,
2875 4510 3008 4581 μηδὲ
3040 4512 3243 4563 ἐκεῖνον
3283 4511 3498 4574 πάντως
3524 4507 3662 4564 εἶναι

409 4615 502 4683 qui
535 4630 644 4670 non
674 4616 881 4685 absque
908 4616 1176 4685 Sapientia
1204 4623 1258 4670 et
1281 4617 1478 4670 virtute
1523 4617 1575 4670 in
1606 4615 1786 4684 seipse
1815 4615 1975 4669 intel-

409 4703 617 4772 ligitur.
653 4702 711 4758 Si
741 4705 906 4775 igitur
935 4721 1040 4760 non
1085 4715 1202 4760 erat
1250 4707 1560 4776 unigenitus
1600 4705 1761 4768 Deus,
1798 4706 1979 4776 prius-

414 4808 578 4860 quam
613 4793 786 4860 ﬁeret,
832 4797 975 4850 sicut
1002 4797 1077 4850 ait
1121 4796 1444 4863 Eunomius,
1505 4797 1756 4852 Christus
1800 4805 1978 4851 autem

417 4883 512 4937 Dei
545 4890 630 4937 est
666 4886 840 4939 virtus
893 4894 946 4941 et
993 4886 1087 4942 Dei
1143 4887 1432 4956 sapientia,
1480 4894 1533 4941 ct
1573 4887 1874 4952 character,
1928 4895 1983 4940 et

417 4971 675 5042 splendor
706 4992 719 5027 :
759 4974 922 5043 igitur
951 4990 1056 5030 non
1095 4987 1211 5032 erat
1246 4977 1467 5030 omnino
1500 4975 1678 5042 Pater,
1715 4977 1871 5047 cujus
1897 4976 1984 5030 Fi—

416 5067 525 5121 lius
547 5071 631 5120 est
658 5065 833 5120 virtus
865 5072 919 5118 et
954 5067 1240 5135 sapientia,
1290 5077 1344 5121 et
1375 5069 1680 5132 character,
1709 5076 1762 5123 et
1801 5068 1986 5137 splen-

419 5159 522 5211 dor
551 5173 571 5211 .:
607 5156 758 5211 nullo
792 5156 994 5226 quippe
1042 5158 1204 5212 modo
1258 5159 1384 5214 licet
1433 5160 1644 5215 ratione
1678 5161 1984 5228 complecti,

421 5264 599 5320 neque
628 5248 992 5305 substantiam
1021 5249 1171 5304 nullo
1202 5252 1517 5305 charactere
1547 5252 1849 5320 signatam,
1887 5267 1985 5307 ne-

420 5358 528 5410 que
555 5343 784 5413 gloriam
819 5357 941 5413 quae
964 5342 1082 5398 luce
1098 5351 1305 5407 careat,
1330 5358 1506 5413 neque
1525 5342 1691 5398 Deum
1721 5345 1988 5413 sapientia

422 5435 695 5499 orbatum,
721 5449 896 5504 neque
919 5433 1167 5504 opiﬁcem
1201 5435 1407 5504 absque
1437 5450 1624 5500 manu,
1655 5451 1826 5505 neque
1853 5436 1989 5504 prin-

423 5525 625 5592 cipium
654 5527 885 5582 rationis
923 5543 1118 5598 expers
1139 5566 1154 5591 ,
1201 5543 1375 5598 neque
1408 5528 1618 5581 Patrem
1689 5527 1806 5582 sine
1829 5526 1987 5581 Filio.

430 5614 536 5667 Sed
561 5619 742 5671 omnia
768 5634 887 5688 quae
917 5628 1044 5675 sunt
1071 5619 1367 5690 ejusmodi,
1409 5630 1462 5674 et
1492 5620 1574 5675 his
1618 5619 1709 5688 qui
1758 5619 1992 5673 fatentur

428 5718 484 5760 et
509 5707 600 5774 qui
634 5717 1015 5778 aspernantur,
1048 5713 1150 5768 sibi
1190 5715 1420 5769 invicem
1452 5713 1614 5770 simul
1637 5728 1758 5769 esse
1811 5713 1992 5767 decla-

437 5807 650 5853 rantur.
686 5797 748 5851 L't
774 5815 868 5868 per
901 5802 1059 5860 unius
1092 5805 1450 5864 sublationem
1510 5805 1729 5878 etquod
1760 5804 1992 5875 conjun-

2085 4603 2480 4673 ὁμολογεῖσθαι,
2516 4603 2604 4655 τὸν
2637 4602 2755 4673 δίχα
2803 4601 2992 4669 σοφίας
3024 4617 3082 4652 τε
3129 4602 3222 4654 καὶ
3254 4602 3535 4672 δυνάμεως
3575 4603 3668 4672 ἐφ’

2087 4695 2277 4749 ἑαυτοῦ
2310 4693 2384 4765 μὴ
2412 4693 2717 4765 νοούμενον.
2743 4694 2803 4745 Εἰ
2825 4690 2915 4746 οῦν
2936 4693 3035 4745 οὑκ
3059 4689 3126 4763 ἦν
3151 4695 3178 4745 6
3209 4692 3501 4764 μονογενὴς
3529 4693 3664 4757 Θεὸς

2090 4789 2218 4857 πρὶν
2244 4786 2516 4856 γενέσθαι,
2550 4784 2727 4847 καθώς
2757 4801 2918 4853 φησιν
2950 4783 2977 4835 6
3006 4784 3297 4853 Εὑνόμιος·
3334 4783 3568 4854 Χριστὸς
3609 4785 3664 4837 δὲ

2090 4878 2222 4931 Θεοῦ
2275 4877 2503 4947 δύναμις
2556 4877 2648 4930 καὶ
2691 4875 2823 4929 Θεοῦ
2873 4877 3066 4945 σοφία,
3107 4877 3200 4928 καὶ
3237 4875 3524 4945 χαρακτὴρ
3571 4874 3666 4926 καὶ

2092 4970 2446 5038 ἀπαύγασμαο
2474 4969 2572 5020 οὑκ
2599 4963 2666 5037 ἦν
2694 4969 2907 5030 πάντως
2938 4966 3059 5019 οὐδὲ
3088 4967 3115 5018 6
3145 4965 3351 5034 Πατὴρ,
3387 4956 3448 5016 οὗ
3480 4965 3508 5016 ό
3536 4965 3666 5027 Υἱὸς

2092 5063 2319 5133 δύναμίς
2369 5065 2484 5115 ἐστι
2531 5061 2621 5114 καὶ
2658 5059 2837 5128 σοφία,
2884 5060 2977 5112 καὶ
3025 5059 3310 5130 χαρακτὴρ
3353 5057 3447 5110 καὶ
3490 5057 3667 5109 ἀπαύ·

2095 5169 2313 5224 γασμα’
2351 5155 2408 5206 ού
2441 5153 2549 5223 γὰρ
2575 5152 2720 5204 ἔστιν
2754 5151 3034 5221 ἐπινοῆσαι
3064 5149 3139 5218 τῷ
3170 5149 3346 5218 λόγῳ,
3377 5147 3501 5200 οὔτε
3535 5149 3667 5201 ὑπό-

2098 5263 2286 5299 στασιν
2334 5245 2830 5315 ἀχαρακτήριστον,
2877 5241 2999 5295 οὑτε
3034 5241 3259 5311 ἀλαμπῆ
3312 5239 3502 5307 δόξαν,
3545 5239 3668 5292 οὗτε

2095 5341 2294 5407 ἄσοφον
2323 5339 2470 5400 Θεὸν,
2498 5339 2596 5390 οὑκ
2626 5337 2816 5406 ἄχειρα
2842 5335 3186 5406 δημιουργὸν,
3220 5335 3320 5386 οὑκ
3351 5333 3542 5401 ἄλογον
3573 5335 3661 5403 ἀρ-

2098 5431 2225 5499 χὴν,
2255 5430 2354 5482 οὑκ
2403 5429 2604 5482 ἄπαιδα
2647 5428 2883 5498 Πατέρα.
2941 5427 3096 5478 Ἀλλά
3137 5427 3308 5479 πάντα
3341 5425 3408 5477 τὰ
3444 5426 3666 5477 τοιαῦτα

2099 5522 2189 5573 ἐπί
2219 5539 2276 5573 τε
2307 5520 2412 5574 τῶν
2434 5519 2832 5589 ὁμολογούντων
2859 5518 2952 5570 καὶ
2975 5517 3064 5568 ἐπὶ
3086 5516 3190 5570 τῶν
3217 5513 3548 5569 ἀθετοῦντων
3577 5515 3666 5564 καὶ

2100 5612 2346 5684 ἀλλήλοις
2384 5611 2848 5678 συναναφαίνεται.
2882 5609 2990 5662 Καὶ
3017 5608 3104 5661 διὰ
3129 5607 3222 5677 τῆς
3249 5605 3340 5658 τοῦ
3369 5604 3486 5665 ἑνὸς
3515 5605 3655 5656 ἀναι-

2105 5706 2302 5775 ρέσεως
2351 5705 2442 5758 καὶ
2483 5702 2544 5754 τὸ
2588 5701 2925 5773 συνημμένον
2961 5697 3390 5767 συναφανίξεται.
3448 5691 3661 5749 Ἐπειδὶ

2104 5797 2279 5851 τοίνυν
2318 5794 2777 5858 κατασκευάζεται
2817 5793 2946 5864 παρ’
2983 5792 3156 5846 αὑτῶν
3202 5789 3260 5842 τὸ
3293 5787 3364 5861 μὴ
3406 5776 3648 5840 alvatth
