4034 6156
396 336 498 395 τεο
569 296 584 302 '-

1381 340 1657 397 CONTRA
1700 337 2089 408 EUROMIUM,
2142 341 2268 396 LIB.
2311 340 2441 397 VIII.

3539 344 3648 402 790

392 461 519 516 Υἰὸν
553 463 658 531 πρὸ
697 464 788 516 τοῦ
826 463 1113 530 γενέσθαι,
1150 464 1178 516 ὅ
1239 466 1385 518 ἐστιν
1435 464 1773 534 ἀπαύγασμα
1809 464 1948 535 δόξη‹

2069 471 2217 516 ctum
2255 463 2301 516 ei
2340 462 2580 516 adhaeret
2616 459 2776 514 simul
2817 462 3115 517 evanescit.
3169 461 3438 528 Quoniam
3484 464 3651 533 igitur

393 554 444 622 (ἡ
489 553 543 605 δέ
597 553 910 606 ἀκολούθεια
953 557 1266 626 συναναιρεῖ
1303 558 1367 625 τῇ
1394 555 1487 608 τοῦ
1541 555 1970 623 ἀπαυγάσματος

387 645 693 715 ἀνυπαρξέᾳ
721 649 812 700 καὶ
842 646 939 716 τὴν
978 647 1075 717 τῆς
1110 647 1273 718 δόξης
1311 649 1585 715 ἀῖδιότητα
1614 663 1626 675 ·
1677 645 1801 708 δόξα
1844 646 1898 697 δὲ
1944 648 1970 698 ὀ

388 729 595 805 Πατὴρ,
615 736 734 790 ὅθεν
763 738 824 789 τὸ
848 740 1130 808 μονογενὲς
1160 739 1274 806 φῶς
1301 736 1670 809 ἀπηυγάσθη).
1693 737 1968 807 νοησάτω-

388 842 486 878 σαν
513 827 562 878 οἰ
593 830 837 899 περιττοί
863 829 959 899 τὴν
1000 832 1211 899 σοφίαν,
1241 832 1320 884 ὅτι
1362 831 1640 900 σύμμαχοι
1666 829 1776 882 τῶν
1815 830 1957 882 Ἐπιο

387 917 648 988 κουρείων
681 920 964 990 δογμάτων
997 924 1408 991 ἀναπεφήνασιν
1432 963 1444 983 ,
1493 924 1586 975 καὶ
1621 923 1965 992 προσχήματι

379 1004 796 1081 Χριστιανισμοῦ
850 1013 947 1083 τὴν
973 1013 1158 1067 ἀθεΐαν
1191 1013 1603 1083 πρεσϐεύοντες.
1637 1011 1836 1082 Διπλῆς
1864 1012 1967 1064 τοία

382 1113 478 1148 νυν
516 1097 658 1149 κατὰ
690 1099 750 1150 τὸ
782 1100 1070 1153 ἀκόλουθον
1101 1102 1200 1170 τῆς
1231 1101 1457 1164 ἀτοπίας
1492 1102 1876 1172 ἀναφανείσης,
1928 1101 1960 1172 ἢ

385 1185 607 1240 καθόλου
635 1187 709 1259 μὴ
729 1185 865 1244 εἶναι
888 1192 977 1244 τὸν
1001 1192 1131 1245 Θεὸν
1152 1193 1348 1262 λέγειν,
1374 1194 1405 1264 ἣ
1438 1193 1511 1264 μὴ
1533 1193 1780 1264 ἀνάρχως
1802 1188 1959 1257 εἶναι,

383 1278 682 1332 ἑλέσθωσαν
745 1281 805 1334 τὸ
835 1282 1021 1336 δοκοῦν
1062 1285 1125 1336 ἐκ
1161 1283 1268 1337 τῶν
1304 1285 1599 1352 φανέντων,
1633 1284 1664 1354 ἢ
1697 1283 1843 1337 ἄθεοι
1872 1282 1962 1334 λέ-

383 1369 591 1436 γεσθαι,
629 1372 660 1441 ἣ
702 1374 898 1444 μηκέτι
932 1375 1166 1445 ἄναρχον
1200 1370 1339 1428 εἷναι
1388 1374 1467 1445 τῷ
1513 1377 1688 1444 Πατρί
1726 1377 1824 1444 τὴν
1869 1374 1960 1427 ού-

385 1459 499 1511 σίαν
551 1459 748 1526 λέγειν.
817 1463 975 1516 Ἀλλά
1034 1464 1138 1534 μὴν
1193 1463 1416 1532 φεύγειν
1468 1465 1613 1526 εἰκὸς
1662 1465 1856 1526 αὐτοὺς
1900 1463 1960 1514 τὸ

381 1549 571 1614 ἀθέους
615 1551 950 1621 νομίζεσθαι.
1006 1555 1215 1608 Οὐκοῦν
1265 1555 1542 1609 λείπονται
1589 1556 1649 1608 τὸ
1702 1556 1774 1626 μὴ
1819 1551 1958 1608 εἶναι

379 1639 546 1693 ἀΐδιον
579 1641 670 1693 τὸν
706 1640 836 1694 Θεὸν
879 1642 1328 1707 κατασκευάζειν.
1373 1643 1435 1695 Εἰ
1482 1643 1538 1696 δὲ
1578 1642 1735 1695 τοῦτο
1776 1643 1808 1711 ἠ
1848 1640 1957 1694 τῶν

377 1731 800 1801 ἀποδειχθέντων
830 1732 1147 1786 ἀκολούθεια
1182 1734 1597 1802 συναναγκάζει,
1629 1732 1730 1786 ποῦ
1760 1733 1816 1786 αἱ
1844 1749 1956 1785 ποι-

2073 553 2142 607 ab
2179 553 2313 623 ipsis
2341 552 2511 608 Filius
2548 568 2654 606 non
2685 567 2806 607 esse
2836 554 3105 608 astruitur
3135 554 3450 624 priusquam
3484 561 3647 627 geni-

2073 653 2158 699 tus
2199 653 2383 712 esset,
2432 645 2524 716 qui
2571 653 2655 699 est
2700 645 2887 715 gloria:
2929 646 3186 716 splendor
3219 647 3644 717 (consequentia

2076 743 2256 791 autem
2293 737 2454 792 simul
2483 752 2604 791 cum
2636 736 2943 806 splendoris
2973 739 3435 793 non-easistentia
3505 742 3647 793 tollit

2068 827 2231 879 etiam
2266 827 2451 897 gloriae
2485 825 2842 880 aeternitatem
2872 843 2885 891 ;
2931 825 3099 894 gloria
3136 835 3312 882 autem
3346 837 3430 883 est
3462 827 3643 891 l’ater,

2070 919 2212 972 unde
2248 919 2528 988 unigenita
2557 919 2646 972 lux
2678 915 3386 988 resplenduit),intelligant
3416 921 3500 974 isti
3551 921 3643 990 qui

2067 1011 2333 1081 sapientia
2373 1012 2676 1066 exuberant
2702 1050 2716 1074 ,
2761 1024 2820 1064 se
2863 1009 3254 1080 Epicureorum
3297 1012 3640 1067 decretorum

2068 1111 2328 1171 patronos
2358 1107 2410 1154 et
2439 1098 2758 1155 defensores
2786 1099 3106 1156 manifestos
3128 1117 3270 1164 esse,
3302 1103 3642 1160 etCln-istia-

2065 1191 2232 1246 nismi
2270 1198 2537 1262 praetextu
2570 1205 2634 1244 ac
2666 1191 2848 1260 specie
2880 1189 3153 1264 atheiam(
3173 1190 3224 1243 id
3269 1200 3352 1246 est
3397 1194 3655 1261 impiela-‘

2067 1292 2202 1346 tem,
2259 1282 2372 1336 sive
2421 1281 2517 1335 Dei
2563 1281 3259 1351 abnegationem)asserere.
3297 1281 3434 1337 Cum
3471 1284 3640 1352 igitur

2066 1375 2138 1427 sit
2167 1373 2368 1444 duplex
2402 1389 2466 1428 ex
2492 1373 2879 1428 consecutione
2904 1371 3276 1428 demonstrata
3303 1375 3636 1439 absurditas,

2068 1465 2150 1519 vel
2177 1466 2403 1519 omnino
2426 1464 2592 1519 Deum
2620 1479 2730 1518 non
2761 1479 2888 1520 esse
2944 1471 3004 1518 ut
3031 1464 3242 1529 dicant,
3274 1467 3356 1520 vel
3388 1483 3493 1520 non
3517 1482 3640 1522 esse

2059 1558 2264 1627 absque
2302 1557 2611 1627 principio:
2650 1557 2796 1627 quod
2833 1572 2899 1611 ex
2933 1557 3016 1612 his
3061 1557 3348 1613 manifeste
3392 1559 3638 1629 probatis

2059 1649 2194 1718 ipsis
2234 1649 2510 1704 videbitur
2556 1649 2791 1720 eligant,
2833 1649 2919 1704 vel
2959 1657 3019 1702 ut
3060 1648 3361 1705 divinitatis
3408 1652 3639 1721 abnega-

2059 1747 2206 1797 tores
2248 1741 2526 1805 dicantur,
2563 1742 2647 1796 vel
2674 1751 2733 1797 ut
2759 1758 2866 1797 non
2897 1743 3128 1812 amplius
3154 1743 3444 1798 essentiam
3487 1745 3638 1813 prin—

381 1823 526 1876 κίλαι
559 1825 652 1877 καὶ
688 1824 946 1895 ἄστροφοι
973 1825 1080 1878 τῶν
1107 1825 1386 1893 ὀνομάτων
1424 1824 1809 1893 ἀντιστροφαίς
1841 1821 1948 1876 Ποῦ

2054 1830 2198 1900 cipio
2222 1841 2496 1887 carentem
2529 1832 2674 1886 Patri
2701 1848 2820 1888 esse
2849 1832 3134 1887 aﬂirment.
3180 1832 3468 1888 Enimvero
3497 1835 3638 1888 veri-

381 1917 413 1986 ἡ
446 1914 725 1984 ἀμήχανος
753 1915 860 1967 τῶν
902 1915 1273 1986 συλλογισμῶν
1324 1916 1557 1986 ἀνάγκη,
1601 1916 1688 1968 διὰ
1732 1915 1830 1984 τῆς
1862 1913 1955 1967 τοῦ

378 2005 671 2075 ἁγεννῆτου
716 2005 852 2076 πρὸς
893 2007 952 2058 τὸ
981 2008 1236 2077 γεννητὸν
1262 2007 1544 2077 διαστολῆς
1569 2007 1666 2070 τὰς
1691 2006 1957 2080 γραώδεις

377 2098 544 2161 ἀκοὰς
580 2114 644 2150 πε
654 2097 985 2168 ριϐομϐοῢσα
1010 2116 1022 2163 ;

2054 1923 2235 1978 simile
2283 1932 2367 1978 est
2407 1925 2556 1994 ipsos
2607 1924 2793 1996 fugere
2841 1923 2934 1980 Dei
2989 1937 3273 1996 negatores
3305 1926 3630 1981 existimari.

2058 2013 2346 2084 Reliquum
2391 2023 2474 2070 est
2515 2017 2680 2086 igitur
2712 2031 2810 2072 eos
2850 2025 3099 2072 astruere
3149 2018 3315 2073 Deum
3356 2034 3462 2071 non
3512 2033 3634 2072 esse

2058 2110 2341 2162 aeternum.
2391 2103 2544 2170 Quod
2595 2105 2642 2159 si
2706 2105 2808 2160 hoc
2854 2120 3042 2160 eorum
3093 2121 3213 2177 qua:
3261 2105 3633 2162 demonstrata

377 2201 503 2245 sunt
526 2194 913 2262 consequentia
942 2193 1086 2263 cogit
1120 2193 1452 2257 necessario,
1481 2193 1570 2247 ubi
1605 2192 1768 2247 varia'
1797 2201 1849 2248 et
1873 2194 2142 2252 irretorta:
2174 2200 2454 2253 nominum
2499 2199 2799 2267 reciprocae
2863 2199 3290 2255 conversiones?
3356 2199 3446 2253 ubi
3516 2200 3637 2254 ine-

377 2286 650 2342 luctabilis
693 2286 1130 2357 syllogismorum
1181 2287 1518 2348 necessitas,
1567 2301 1663 2357 per
1722 2286 1952 2357 ingeniti
1994 2302 2116 2343 cum
2157 2289 2340 2362 genito
2375 2287 2734 2345 differentiam
2771 2290 2978 2346 circum
3009 2289 3180 2346 aniles
3242 2301 3401 2344 aures
3482 2289 3635 2344 bom-

378 2379 590 2434 bﬂans?

456 2475 613 2529 Ἀλλὰ
650 2475 820 2529 ταῦτα
855 2477 950 2546 μὲν
983 2478 1062 2539 εἰς
1103 2474 1374 2529 τοσοῦτον.
1419 2474 1608 2540 Καλῶς
1653 2476 1696 2529 δ’
1744 2479 1808 2531 ἂν
1842 2476 1951 2548 ἔχει

377 2565 510 2636 μηδὲ
538 2567 597 2618 τὸ
627 2566 823 2637 ἐφεξῆς
860 2567 1104 2638 παριδεῖν
1143 2566 1500 2632 ἀνεξέταστον
1523 2584 1537 2597 ’
1567 2569 1860 2622 σιωπάσοω
1893 2569 1950 2622 δὲ

372 2657 439 2711 τὰ
461 2658 548 2711 διὰ
579 2659 744 2725 μέσου
778 2657 1023 2727 παίγνια,
1055 2656 1135 2721 οἷς
1170 2659 1197 2711 ὀ
1229 2657 1398 2721 δεινὸς
1429 2651 1584 2721 οὗτος
1615 2660 1797 2730 ῥήτωρ
1835 2677 1951 2729 μει-

375 2748 650 2820 ρακιωδῶς
673 2747 1044 2819 ἐναϐρύνεται,
1095 2750 1202 2802 εἶτε
1230 2751 1438 2814 παίζων
1459 2792 1472 2814 ,
1497 2749 1607 2802 εἴτε
1639 2751 1952 2815 σπουδάζων

374 2843 432 2892 ἐν
464 2842 584 2901 ταῖς
609 2840 731 2891 καθ’
759 2842 790 2909 ή
800 2838 914 2909 μῶν
942 2839 1249 2908 λοιδορίαις,
1272 2839 1345 2902 ὡς
1371 2840 1460 2893 διὰ
1480 2840 1668 2893 τούτου
1691 2842 1951 2912 κρείττων

373 2930 517 2984 κατὰ
568 2931 846 2998 τὸνλόγον
895 2931 1170 3000 ἐσόμενος.
1213 2929 1288 2984 Οὐ
1332 2931 1441 3000 γὰρ
1473 2931 1535 3000 δὴ
1591 2931 1833 3000 βιάσεταί
1869 2950 1951 2996 τις

373 3025 540 3094 ἡμᾶς,
583 3022 615 3091 ἢ
649 3026 758 3086 τοῖς
801 3023 971 3089 λοξοῖς
999 3023 1066 3076 τὰ
1113 3023 1334 3092 ὄμματα
1378 3021 1812 3092 συνδιαστρέφειν
1852 3021 1951 3085 τὰς

2129 2475 2234 2532 Sed
2260 2475 2374 2532 haec
2405 2475 2691 2531 hactenus.
2727 2475 2916 2546 Opera:
2941 2475 3174 2547 pretium
3211 2482 3394 2528 autem
3421 2474 3634 2528 videre-

2050 2575 2158 2634 tur,
2194 2567 2340 2638 quod
2369 2568 2627 2638 deinceps
2656 2569 2904 2638 sequitur
2939 2582 3048 2621 non
3082 2566 3453 2622 indiscussum
3491 2580 3633 2634 prae-

2056 2661 2237 2716 terire.
2268 2658 2375 2715 Sed
2407 2659 2612 2714 ludicra
2652 2659 2939 2729 interiecta
2979 2657 3199 2713 silentio
3263 2656 3632 2723 involvantur,

2049 2750 2250 2821 quibus
2289 2750 2378 2806 hic
2416 2749 2708 2806 vehemens
2743 2757 2931 2804 orator
2972 2747 3295 2819 juveniliter
3349 2747 3628 2808 exsultat,

2055 2845 2170 2898 sive
2195 2843 2408 2912 jocans,
2440 2843 2556 2897 sive
2579 2842 2720 2896 serio
2737 2855 2904 2911 agens
2936 2841 2988 2894 in
3012 2839 3276 2894 conviciis
3300 2845 3494 2892 contra
3519 2852 3619 2892 nos

2056 2932 2344 3002 conjectis,
2378 2933 2532 3002 quasi
2573 2948 2670 3002 per
2693 2932 2807 2986 hzrc
2854 2931 3066 2986 ratione
3104 2931 3356 3002 superior
3391 2931 3627 2984 futurus.

2055 3022 2249 3079 Nullus
2279 3024 2426 3078 enim
2463 3024 2510 3078 vi
2538 3039 2637 3079 nos
2660 3023 2879 3094 adiget,
2924 3038 3048 3077 cum
3099 3022 3243 3078 limis
3293 3029 3348 3077 et
3393 3021 3630 3091 obliquis

371 3115 592 3186 ὄψεις,ἢ
615 3117 726 3178 τοῖς
745 3114 847 3168 ὑπὸ
865 3114 1144 3184 δαιμονίας
1164 3114 1318 3166 νόσου
1343 3111 1802 3183 παραπεπληγόσι
1821 3129 1940 3165 συν-

2053 3112 2243 3169 oculos
2277 3113 2460 3169 itidem
2500 3124 2860 3183 extorquere,
2909 3114 2994 3168 vel
3038 3128 3161 3168 cum
3206 3113 3398 3168 morbo
3426 3112 3628 3166 damno-

369 3205 872 3278 διαστρεδλοῦσθαι,
911 3203 1322 3270 συνεξάλ).εσθαι
1353 3204 1444 3256 καὶ
1484 3204 1946 3272 συγκαταπίπτειν

369 3299 449 3370 τῷ
492 3297 722 3368 σώματι.
774 3296 910 3349 Ἀλλ’
951 3297 1191 3358 ἐκείνους
1224 3295 1321 3366 μὲν
1347 3296 1661 3366 ἐλεήσομεν,
1703 3296 1860 3365 ἡμεῖς
1891 3295 1946 3348 δὲ

370 3389 462 3442 τοῦ
481 3386 875 3456 καθεστηκότος
896 3387 995 3440 οὐκ
1016 3385 1412 3457 ἐκστησόμεθα.
1437 3386 1572 3457 Φησὶ
1591 3384 1766 3438 τοίνυν
1789 3384 1948 3454 στρέ-

369 3481 478 3549 ψας
508 3479 644 3551 πρὸς
672 3479 762 3532 τὸν
793 3477 1108 3532 διδάσκαλον
1144 3475 1302 3548 ἡμῶν
1338 3476 1428 3530 τὸν
1462 3476 1518 3528 ἐν
1553 3475 1629 3547 τῷ
1663 3476 1944 3547 πράγματι

370 3572 525 3640 λόγον
545 3613 557 3636 ,
583 3571 658 3634 ὡς
682 3570 744 3642 δὴ
780 3569 918 3622 κατὰ
949 3569 1240 3641 πρόσωπον
1269 3567 1366 3638 τὴν
1404 3568 1579 3637 μάχην
1607 3566 1942 3636 ποιούμενος,

369 3664 450 3716 ὅτι
467 3665 575 3728 τοῖς
605 3662 752 3726 ἰδίοις
778 3661 960 3732 ἀλώσῃ
985 3661 1222 3732 πτεροῖς.
1259 3659 1496 3712 Ἐκείνου
1521 3658 1626 3729 γὰρ
1643 3658 1941 3729 εἰρηκότος,

369 3756 429 3808 τὸ
460 3754 620 3809 καλὸν
652 3753 738 3806 ἀεὶ
768 3753 1020 3823 παρεῖναι
1051 3749 1127 3820 τῷ
1155 3749 1245 3802 ἐπὶ
1277 3749 1490 3802 πάντων
1519 3747 1657 3817 Θεῷ,
1693 3747 1853 3801 καλὸν
1888 3747 1944 3800 δέ

369 3847 430 3902 τὸ
462 3846 703 3900 τοιούτου
753 3844 940 3906 παιδος
977 3838 1114 3896 εἶναι
1161 3841 1367 3912 πατέρα
1389 3859 1400 3870 ·
1448 3838 1642 3892 οὐκοῦν
1676 3840 1944 3909 μηδέποτε

367 3939 431 3992 τὸ
468 3938 629 3992 καλὸν
652 3938 870 3991 ἀπεῖναι
902 3936 1090 3999 αὐτοῦ,
1128 3934 1262 4004 μηδέ
1294 3933 1419 3986 ἄνευ
1452 3930 1580 3984 Υἰοῦ
1609 3932 1698 3983 τὸν
1731 3931 1943 4003 Πατέρα

370 4028 594 4098 θελῆσαι
615 4041 630 4056 ο
660 4025 964 4096 θελήσαντα
993 4023 1050 4076 δέ
1085 4023 1158 4094 μὴ
1192 4021 1541 4090 ἀδύνατῆσαι,
1569 4019 1862 4089 δυνάμενον
1887 4020 1943 4071 δὲ

367 4121 462 4173 καί.
493 4117 839 4189 βουλόμενον,
885 4116 942 4168 ἐν
987 4113 1067 4184 τῷ
1116 4114 1256 4168 κατά
1297 4110 1522 4182 γνώμην
1565 4109 1703 4165 εἶναι
1736 4112 1829 4164 καὶ
1858 4112 1944 4164 ἀεὶ

368 4210 509 4278 ἔχειν
553 4208 644 4261 τὸν
680 4207 838 4269 Υἰὸν,
868 4206 957 4259 διὰ
998 4205 1058 4258 τὸ
1097 4206 1184 4258 ἀεὶ
1217 4198 1392 4258 θέλειν
1430 4203 1495 4256 τὸ
1533 4203 1762 4271 ἀγαθόν·
1807 4203 1945 4273 πρὸς

365 4302 524 4354 τοῦτο
550 4301 656 4371 γάρ
681 4301 714 4371 ἡ
745 4299 951 4353 διάνοια
988 4297 1095 4351 τῶν
1126 4297 1228 4350 ὑπὸ
1250 4296 1343 4350 τοῦ
1369 4295 1574 4368 Πατρός
1605 4295 1761 4367 ἡμῶν
1793 4297 1942 4365 sip-q-

371 4389 544 4460 μένων
580 4389 768 4460 βλέπει
791 4405 804 4419 ο
833 4387 1006 4442 ταῦτα
1027 4388 1392 4458 προδιασύρας
1415 4391 1442 4442 ὁ
1473 4388 1732 4458 Εὐνόμιος
1752 4387 1815 4439 ἐκ
1843 4385 1941 4455 τῆς

2050 3206 2207 3261 niaco
2237 3205 2508 3276 perculsis
2537 3207 2698 3260 simul
2732 3206 3019 3276 exagitari,
3052 3222 3159 3259 una
3193 3207 3394 3260 saltare
3423 3213 3476 3259 et
3508 3220 3631 3259 cor-

2047 3308 2179 3365 pore
2212 3291 2520 3347 concidere.
2546 3291 2668 3347 Sed
2692 3291 2912 3345 illorum
2951 3293 3172 3362 quidem
3218 3292 3626 3356 miserebimur,

2048 3397 2149 3438 nos
2179 3390 2360 3437 autem
2398 3381 2466 3437 de
2499 3383 2801 3452 composito
2837 3382 3036 3438 mentis
3067 3390 3210 3436 statu
3250 3388 3363 3438 nen‘
3388 3383 3629 3437 dimovea-

2047 3474 2248 3529 bimur.
2284 3474 2375 3528 Ait
2421 3474 2587 3544 igitur
2629 3475 2684 3528 in
2734 3474 3056 3544 magistrum
3093 3482 3338 3530 nostrum
3377 3489 3629 3530 sermone

2046 3580 2331 3629 converso,
2355 3564 2514 3634 quasi
2549 3565 2730 3634 reipsa
2762 3573 2957 3620 contra
2991 3579 3279 3635 personam
3313 3565 3624 3631 decertans,

2045 3657 2189 3726 quod
2241 3657 2480 3728 propriis
2535 3657 2733 3727 pennis
2777 3665 2973 3728 captus
3028 3659 3120 3713 sit.
3168 3661 3304 3712 Cum
3355 3659 3628 3724 enimille

2045 3749 2294 3815 dixisset,
2330 3749 2475 3819 quod
2508 3752 2800 3820 pulchrum
2839 3759 2923 3807 est
2952 3752 3066 3806 sive
3086 3751 3376 3806 honestum
3411 3765 3628 3821 semper

2046 3840 2238 3895 adesse
2270 3839 2413 3903 Deo,
2454 3841 2547 3910 qui
2587 3849 2672 3896 est
2695 3843 2749 3895 in
2777 3841 3053 3907 omnibus,
3089 3841 3410 3911 praeclarum
3441 3850 3625 3894 autem

2046 3933 2160 3987 sive
2200 3933 2492 3988 honestmu
2532 3933 2654 3988 talis
2689 3933 2786 3987 ﬁlii
2818 3949 2939 3988 esse
2981 3942 3189 4003 patrem
3222 3951 3234 3987 :
3267 3933 3434 4004 igitur
3481 3948 3625 3986 nun-

2044 4039 2204 4094 quam
2250 4027 2541 4080 honestum
2587 4027 2782 4080 abesse
2828 4025 2894 4079 ab
2932 4025 3051 4095 ipso
3078 4065 3091 4089 ,
3127 4041 3304 4095 neque
3339 4025 3457 4079 sine
3485 4022 3627 4078 Filio

2044 4116 2258 4172 Patrem
2290 4133 2413 4173 esse
2436 4120 2678 4175 voluisse
2714 4136 2730 4175 :
2766 4119 3038 4174 volentem
3068 4126 3246 4171 autem
3285 4132 3394 4171 non
3450 4117 3624 4186 impo-

2045 4216 2242 4264 tentem
2267 4209 2434 4265 fuisse
2461 4252 2475 4275 ,
2523 4208 2619 4264 sed
2666 4218 2942 4279 potentem
2983 4218 3038 4263 et
3068 4208 3339 4262 volentem
3389 4207 3500 4259 voti
3535 4206 3623 4259 sui

2045 4311 2348 4373 compotem
2410 4318 2568 4364 esse,
2611 4318 2936 4372 semperque
2990 4302 3190 4355 habere
3218 4299 3451 4362 Filium,
3493 4300 3622 4368 quia

2045 4407 2258 4461 semper
2285 4393 2398 4445 vult
2439 4393 2640 4446 bonum
2673 4413 2685 4447 :
2718 4393 2786 4446 ad
2839 4394 2941 4446 hoc
2986 4393 3130 4446 enim
3182 4406 3370 4445 eorum
3418 4406 3539 4460 quae
3591 4405 3621 4444 a

365 4481 564 4547 ἔξωθεν
617 4479 808 4547 σοφίας
839 4480 1264 4550 ἐπεισαχθέντα,
1317 4480 1570 4549 τοιαύτην
1621 4478 1741 4532 τινὰ
1784 4479 1939 4549 ῥῆσιν

2050 4485 2200 4540 Patre
2231 4493 2422 4538 nostro
2466 4484 2612 4538 dicta
2663 4491 2792 4539 sunt
2846 4483 3021 4539 tendit
3070 4483 3456 4554 intelligentia:
3508 4482 3622 4536 haec

366 4570 498 4642 πρὸς
553 4571 863 4643 ἀνατροπὴν
899 4571 1006 4624 τῶν
1054 4570 1357 4640 εἰρημένων
1409 4569 1801 4641 προϐάλλεται,
1848 4569 1942 4622 καί

365 4680 518 4733 φησι,
548 4663 642 4729 Τίς
657 4661 956 4735 γεννήσῃς
980 4661 1227 4729 λέγοντός
1259 4679 1399 4726 τινος
1427 4661 1534 4714 τῶν
1559 4663 1670 4724 τοῖς
1683 4659 1942 4723 τοιούτοις

363 4753 541 4822 λόγοις
579 4754 1129 4826 ἐμμεμελετηκότωψ
1167 4753 1354 4824 ὥσπερ
1385 4754 1542 4823 εἴπερ
1591 4754 1652 4806 τὸ
1689 4755 1944 4824 δημιουρ-

363 4849 478 4913 γεῖν
508 4845 670 4900 καλὸν
719 4846 812 4900 καὶ
850 4846 1056 4918 πρέπον
1085 4845 1236 4915 θεῷ,
1267 4845 1382 4908 πῶς
1413 4846 1511 4898 οὐκ
1545 4845 1763 4916 ἀνάρχῳ
1792 4845 1941 4916 αὐτῷ

362 4939 422 4990 τδ
450 4938 609 4991 καλὸν
643 4935 738 4992 καὶ
778 4937 986 5009 πρέπον
1021 4938 1220 5008 παρῆν,
1265 4938 1424 5009 εἴπερ
1449 4939 1680 5008 ἄναρχος
1708 4939 1736 4990 ὁ
1768 4937 1938 5001 Θεός;

363 5027 467 5082 Καὶ
493 5027 662 5084 ταῦτα
700 5029 837 5100 μήτε
876 5028 1095 5097 ἀγνοίας
1123 5027 1455 5096 κωλυούσης,
1493 5030 1627 5100 μήτε
1654 5028 1938 5092 ἀσθενείας

362 5119 777 5192 ἐμποδιζούσης,
823 5120 856 5192 ἢ
889 5120 1023 5191 πρὸς
1075 5121 1136 5173 τὸ
1183 5121 1530 5192 δημιουργεῖν
1565 5121 1810 5192 ἡλικίας,
1844 5123 1937 5175 καὶ

360 5211 461 5263 ὅσα
499 5214 853 5283 συμφορήσας
897 5210 1081 5275 κακῶς
1117 5211 1326 5282 σεαυτῷ
1375 5212 1673 5282 κατέχεας·
1715 5213 1776 5264 οὐ
1828 5213 1935 5284 γὰρ

360 5302 424 5373 δὴ
451 5302 543 5355 τοῦ
579 5302 714 5355 Θεοῦ
749 5301 906 5372 θέμις
936 5303 1129 5356 εἰπεῖν.
1160 5304 1223 5355 Εἰ
1257 5304 1354 5373 μὲν
1378 5299 1469 5356 οὖν
1494 5299 1561 5373 ἦν
1589 5303 1808 5357 δυνατὸν
1836 5305 1934 5357 αύ-

356 5393 449 5447 τὺν
487 5392 576 5446 τὸν
601 5393 916 5446 διδάσκαλον
952 5394 1088 5465 πρὸς
1117 5396 1176 5448 τὸ
1204 5395 1475 5466 ἐρωτηθὲν
1511 5395 1929 5465 ἀποκρίνασθαι.

357 5481 558 5550 ἔδειξεν
587 5483 652 5538 ἂν
679 5483 757 5555 τῷ
784 5485 1048 5554 Εὑνομίῳ,
1079 5486 1161 5549 τίς
1206 5485 1270 5540 ἂν
1300 5486 1532 5554 ἐγένετο,
1571 5485 1751 5550 καθὼς
1783 5483 1933 5548 οὗτος

355 5573 606 5646 ἠρώτησε
644 5573 731 5627 διὰ
773 5576 872 5644 τῆς
895 5573 1275 5629 θεοπαιδεύτου
1309 5575 1552 5647 γλώττης
1573 5618 1586 5643 ,
1612 5575 1674 5628 τό
1698 5593 1757 5631 τε
1791 5575 1931 5629 θεῖον

357 5669 712 5726 ἐκκαλύπτων
755 5667 1086 5737 μυστήριον,
1121 5668 1213 5722 καὶ
1249 5669 1522 5738 μαστίζων
1551 5671 1660 5732 τοῖς
1691 5669 1930 5738 ἐλέγχοις

356 5763 481 5825 τοὺς
511 5760 605 5832 τῆς
640 5761 856 5830 ἀπάτης
894 5757 1218 5829 προστάτας,
1247 5758 1383 5814 ὥστε
1423 5761 1649 5834 φανερόν
1680 5763 1926 5832 γενέσθαι

2047 4573 2347 4631 Eunomius
2379 4577 2531 4646 prius
2562 4576 2856 4630 traducens
2886 4583 2939 4628 et
2969 4590 3196 4644 carpens
3217 4617 3230 4639 ,
3281 4575 3504 4628 advecta
3553 4589 3617 4628 ex

2045 4663 2311 4734 sapientia
2364 4673 2622 4730 externa,
2673 4665 2835 4718 talem
2885 4663 3177 4733 quamdam
3215 4663 3509 4718 dictionem
3551 4664 3615 4718 ad

2041 4755 2379 4810 eversionem
2421 4754 2606 4811 eorum
2635 4771 2756 4824 quae
2784 4755 2928 4809 dicta
2955 4762 3082 4810 sunt
3121 4754 3391 4825 proponit,
3418 4763 3470 4809 et
3495 4753 3570 4807 ait
3599 4774 3613 4809 :

2043 4847 2174 4912 Quis
2226 4848 2675 4921 generabit?(cum
2713 4845 2941 4903 dixisset
2980 4849 3180 4917 aliquis
3212 4864 3399 4903 eorum
3435 4849 3527 4919 qui
3561 4849 3615 4905 in

2040 4940 2243 4996 talibus
2297 4941 2644 4994 sermonibus
2691 4940 2974 4994 exercitati
3029 4944 3215 5011 suntz)
3258 4941 3614 5010 quemadmo-

2037 5031 2189 5097 dum,
2228 5030 2499 5099 siquidem
2531 5029 2768 5086 condere
2801 5039 2855 5085 et
2887 5046 3076 5087 creare
3104 5031 3393 5086 honestum
3425 5041 3478 5084 et
3507 5030 3615 5083 Deo

2036 5121 2295 5176 decorum
2319 5129 2432 5175 est:
2463 5138 2571 5190 quo
2603 5122 2763 5175 modo
2797 5122 2898 5192 ipsi
2935 5122 3148 5193 origine
3179 5121 3389 5177 carenti
3439 5119 3612 5172 hone-

2035 5210 2174 5269 stum
2223 5223 2277 5268 et
2322 5215 2526 5269 decens
2563 5230 2670 5268 non
2711 5215 2931 5279 aderat,
2981 5215 3248 5286 siquidem
3302 5210 3514 5279 origine
3561 5220 3615 5265 et

2036 5305 2306 5376 principio
2345 5316 2496 5361 caret
2528 5304 2670 5361 Deus
2693 5307 2720 5360 ἲ
2745 5306 2885 5378 Ergo
2918 5309 3080 5362 etiam
3129 5307 3244 5359 haec
3269 5316 3387 5371 qua:
3413 5310 3598 5356 creata

2033 5405 2184 5461 sunt,
2220 5414 2340 5453 cum
2370 5414 2546 5469 neque
2580 5400 2886 5468 ignorantia
2919 5398 2991 5453 sit
3018 5411 3139 5465 qua:
3177 5391 3484 5463 prohibeat,
3527 5409 3614 5449 nc-

2030 5506 2134 5557 que
2166 5491 2452 5546 inﬁrmitas
2475 5507 2594 5560 qua?
2613 5490 2871 5559 impediat
2895 5488 2976 5541 vel
2999 5493 3130 5540 :etas
3155 5485 3219 5539 ad
3251 5485 3607 5554 operandum,

2034 5595 2088 5641 et
2138 5602 2479 5656 quaecunque
2523 5599 2826 5655 congereus
2866 5581 3006 5635 male
3058 5582 3112 5634 in
3157 5588 3210 5635 te
3263 5579 3439 5648 ipsum
3473 5579 3610 5634 eﬂ‘u-

2029 5677 2194 5744 disti;
2226 5693 2349 5731 nam
2389 5678 2441 5730 iu
2479 5676 2668 5738 Deum,
2706 5665 2887 5727 dicere
2922 5670 3095 5726 nefas.
3133 5671 3188 5726 Si
3217 5673 3381 5742 igitur
3418 5678 3607 5739 posset

2034 5767 2292 5838 magister
2323 5767 2386 5819 ad
2417 5766 2809 5836 interrogatum
2845 5764 3196 5835 respondere,
3230 5762 3496 5818 Eunomio
3525 5776 3609 5814 os-
