4034 6156
409 320 506 377 73!

1642 322 1696 377 S.
1739 321 2060 380 GREGORH
2096 320 2383 377 NYSSENI

3540 320 3638 373 799

412 440 685 501 tenderet,
715 439 836 506 quis
879 436 1095 505 genitus
1124 441 1243 501 est,
1284 435 1425 490 sicut
1476 435 1564 490 lue
1615 424 1969 506 interrogavit

2074 437 2238 488 πᾶσιν
2259 436 2380 488 ὅσον
2410 434 2469 487 τὸ
2496 435 2657 505 μέσον
2685 434 2799 487 ἐστὶ
2833 435 3033 506 μεταξὺ
3057 435 3301 487 διακόνου
3331 436 3642 504 μυστηρίων

408 547 504 599 per
530 530 766 598 linguam
797 541 825 578 a
869 525 978 580 Deo
1010 525 1307 588 eruditam,
1357 532 1412 579 et
1444 535 1573 579 tunc
1607 525 1847 579 divinum
1886 541 1972 579 rc-

408 621 593 675 velans
626 618 967 688 mysterium,
1002 625 1056 671 et
1082 615 1501 671 refutationibus
1530 616 1806 687 ﬁagellans
1832 631 1976 669 erro-

408 714 485 766 ris
507 710 789 781 praesides,
816 717 875 764 ut
914 708 1169 763 omnibus
1203 708 1273 762 sit
1320 706 1665 761 manifestum
1711 714 1971 777 quantum

410 804 625 859 intersit
655 804 797 857 inter
831 803 1145 855 ministrum
1194 800 1577 869 mysteriorum
1626 799 1868 863 Christi,
1922 806 1974 851 et

408 895 633 948 mimum
670 893 984 959 ridiculum,
1020 891 1103 945 vel
1144 891 1382 945 ﬁctorem
1409 906 1671 944 novorum
1701 898 1755 945 et
1785 890 1969 959 prodi-

406 985 687 1053 giosorum
740 983 1087 1053 placitorum.
1138 981 1243 1035 Sed
1279 981 1535 1049 quoniam
1579 982 1667 1035 illc
1712 981 1928 1049 quidem
1957 1020 1970 1043 ,

408 1078 639 1132 sicutait
665 1076 977 1146 Apostolus,
999 1082 1248 1128 mortuus
1278 1074 1384 1128 Deo
1410 1075 1670 1142 loquitur,
1708 1074 1794 1127 hic
1823 1089 1971 1137 vero,

407 1175 667 1236 tanquam
698 1181 806 1219 non
838 1167 908 1219 sit
933 1165 1025 1234 qui
1050 1161 1412 1229 contradicat,
1440 1163 1566 1217 talia
1593 1161 1838 1232 proiicit:
1868 1163 1971 1217 etsi

408 1267 595 1312 nostra
636 1256 921 1325 responsio
958 1253 1143 1309 Basilii
1183 1253 1363 1323 magni
1395 1267 1580 1308 vocem
1626 1268 1733 1308 non
1774 1262 1970 1322 aequet,

408 1350 768 1404 nihilominus
803 1338 915 1402 haec
949 1346 1014 1400 ad
1052 1361 1291 1416 prmsens
1342 1346 1702 1415 interroganti
1747 1361 1974 1415 respon-

406 1439 685 1503 debimus,
714 1436 859 1507 quod
891 1435 1080 1491 Sermo
1108 1444 1255 1499 tuus,
1281 1451 1439 1506 quem
1473 1436 1539 1490 ad
1564 1437 1971 1491 subversinnem

408 1536 720 1583 nostrorum
764 1529 975 1597 prol'crs
1024 1541 1334 1580 sermonum
1367 1568 1381 1591 ,
1429 1528 1545 1596 ipse
1593 1536 1825 1582 testatur
1875 1545 1974 1585 nos

405 1633 534 1673 vera
557 1618 738 1674 dicere
766 1620 819 1671 in
853 1619 919 1673 iis
969 1618 1020 1671 in
1066 1619 1264 1688 quibus
1318 1618 1611 1687 impietatis
1646 1628 1750 1674 tua:
1779 1621 1979 1690 dogma

409 1709 722 1764 refellimus.
749 1708 933 1781 Neque
957 1712 1099 1766 enim
1125 1710 1270 1765 aliud
1294 1726 1394 1765 nos
1421 1717 1532 1763 tam
1551 1709 1789 1780 graviter
1812 1726 1971 1764 aecu-

2075 527 2328 598 Χριστοῦ,
2358 528 2449 579 καὶ
2476 526 2638 596 μίμου
2672 526 2900 594 γελοίου,
2925 527 2957 597 ἢ
2989 525 3209 596 ποιητοῦ
3242 526 3441 579 καινῶν
3468 544 3525 577 τε
3548 528 3643 579 καί

2073 618 2373 671 ἀλλοκότων
2409 617 2711 686 δογμάτων.
2764 618 2913 670 Ἐπεὶ
2951 618 3007 669 δὲ
3045 619 3072 669 6
3110 619 3227 687 μὲν,
3257 616 3437 676 καθώς
3479 634 3641 685 φησιν

2072 712 2100 763 6
2142 710 2493 788 ’Aﬁ661010§,.
2510 709 2791 762 ἀποθανὼν
2819 708 2896 779 τῷ
2936 709 3052 779 Θεῷ
3088 710 3257 770 λαλεῖ,
3290 712 3317 762 6
3354 709 3411 761 δὲ
3439 709 3513 771 ὡς
3543 710 3643 762 οὐκ

2072 804 2221 865 όντος
2246 803 2339 854 τοῦ
2368 800 2714 872 ἁντεροῦντος
2746 800 2966 853 τοιαῦτα
2997 800 3308 871 προϐάλλει,
3343 801 3446 852 κᾶν
3480 802 3553 871 μὴ
3584 802 3644 853 τὸ

2072 890 2186 947 ἴσον
2223 895 2254 963 ἡ
2290 895 2415 962 παρ’
2449 892 2603 963 ἡμῶν
2645 892 2931 961 ἀπόκρισις
2972 891 3091 964 ἔχῃ,
3124 892 3199 955 ὡς
3238 893 3371 961 πρὸς
3404 892 3500 961 τὴν
3546 893 3640 945 τοῦ

2078 985 2310 1055 μεγάλου
2352 983 2627 1036 Βασιλείου
2670 983 2884 1052 φωνὴν,
2917 983 3052 1053 πλὴν
3101 985 3157 1035 ὲν
3199 983 3425 1053 παρόντι
3470 983 3643 1035 ταῦτα

2076 1074 2208 1143 πρὸς
2252 1073 2342 1125 τὸν
2392 1073 2738 1142 ἐρωτήσαντα
2788 1074 3058 1143 φήσομεν,
3106 1073 3189 1124 ὅτι
3221 1073 3506 1143 Μαρτυρία
3549 1072 3641 1125 τοῦ

2074 1163 2353 1235 ἀληθεύειν
2384 1165 2529 1233 ἡμᾶς
2555 1164 2613 1215 ὲν
2643 1157 2721 1225 οἷς
2748 1163 2806 1215 τὸ
2825 1163 2998 1231 δόγμα
3024 1163 3122 1231 τῆς
3151 1163 3401 1225 ἀσεϐείας
3428 1164 3647 1232 ἐλέγχο-

2076 1250 2192 1324 μεν,
2224 1257 2251 1307 ὁ
2277 1254 2367 1316 σὸς
2391 1254 2598 1322 γίνεται
2630 1254 2784 1320 λόγος
2812 1256 2840 1306 6
2870 1253 2961 1305 ἐπὶ
2988 1254 3264 1323 ἀνατροπῇ
3307 1253 3415 1304 τῶν
3448 1254 3645 1322 ἡμετέ-

2078 1363 2182 1415 ρων
2219 1344 2619 1415 προφερόμενος
2643 1343 2831 1411 λόγων.
2867 1341 3001 1396 Οὔτε
3030 1343 3138 1411 γὰρ
3163 1343 3288 1397 ἄλλο
3312 1360 3364 1394 τι
3394 1342 3645 1394 τοσοῦτον

2074 1438 2232 1505 ήμεῖς
2260 1435 2580 1504 αἰτιώμεθα,
2612 1435 2644 1502 ἣ
2672 1435 2731 1486 τὸ
2756 1433 2930 1504 μηδὲν
2959 1433 3166 1485 οἴεσθαι
3200 1434 3470 1503 διαφέρειν
3498 1435 3645 1502 ἡμεῖς

2070 1531 2165 1581 τοῦ
2208 1527 2385 1581 κοινοῦ
2414 1528 2513 1597 τῆς
2560 1528 2785 1589 κτίσεως
2834 1526 2923 1579 τὸν
2953 1525 3226 1595 Δέσπότην
3256 1526 3352 1593 τῆς
3383 1525 3640 1588 κτίσεως·

2072 1618 2251 1671 καὶτὸ
2290 1621 2416 1691 παρ’
2452 1617 2603 1688 ὑμῶν
2643 1617 3051 1688 προτεινόμενον
3090 1615 3232 1669 κατὰ
3273 1615 3366 1667 τοῦ
3405 1617 3646 1683 Μονογε-

2074 1710 2194 1773 νοῦς
2247 1712 2405 1781 ἡμεῖς
2433 1709 2751 1779 αἰτιώμεθα.
2785 1708 2847 1760 Εί
2870 1709 2976 1777 γὰρ
3000 1708 3135 1778 ὅπερ
3168 1708 3259 1759 ἐπὶ
3287 1707 3384 1776 τῆς
3415 1707 3645 1769 κτίσεως

407 1815 614 1867 samus,
646 1815 807 1870 quam
856 1801 1000 1872 quod
1044 1800 1334 1857 contendis
1377 1800 1690 1855 existimare
1735 1816 1835 1857 nos
1875 1802 1970 1855 de-

2075 1774 2308 1869 βλέπεις,
2341 1801 2497 1854 τοῦτο
2524 1774 2632 1853 δεῖν
2662 1800 2761 1853 οῖει
2787 1774 3114 1869 ἐφαρμόζειν
3145 1799 3237 1851 καὶ
3269 1774 3351 1868 τῷγ
3373 1800 3648 1867 μονογενεί

406 1893 556 1957 bere,
590 1892 878 1949 Dominum
918 1903 1183 1949 creatura:
1227 1894 1361 1948 nihil
1396 1894 1614 1950 diﬁ‘erre
1644 1896 1711 1949 ab
1756 1895 1823 1951 iis
1853 1910 1973 1964 quae

404 1984 717 2039 communia
745 1991 871 2038 sunt
898 1992 1164 2039 creaturae
1192 2003 1205 2038 :
1233 1992 1282 2039 et
1326 1982 1469 2053 quod
1498 2000 1527 2036 a
1556 1984 1709 2041 vobis
1737 1992 1971 2053 praeten-

403 2073 551 2128 ditur
586 2081 775 2128 contra
810 2073 1161 2144 Unigenitum
1193 2074 1425 2129 omnino
1455 2072 1805 2128 damnamus.
1836 2072 1969 2127 Nam

405 2163 448 2217 si
482 2163 626 2232 quod
657 2164 712 2217 in
743 2172 996 2219 creatura
1022 2164 1192 2226 vides,
1227 2171 1388 2232 putas
1410 2171 1660 2232 oportere
1683 2164 1786 2217 hoc
1808 2164 1970 2218 etiam

406 2252 684 2321 unigenito
732 2250 843 2307 Deo
888 2267 1229 2322 congruere,
1282 2254 1599 2307 conclusum
1655 2262 1775 2320 est,
1824 2254 1969 2324 quod

405 2358 753 2413 summopere
775 2344 1193 2410 contendimus;
1227 2360 1322 2414 per
1346 2352 1470 2399 tuos
1499 2345 1642 2399 enim
1691 2360 1970 2401 sermones

405 2437 678 2490 rationum
714 2444 929 2490 tuarum
960 2436 1269 2492 absurditas
1304 2437 1437 2492 satis
1484 2446 1563 2491 est
1600 2437 1969 2492 demonstrata

404 2526 770 2594 omnibusque
806 2525 949 2579 facta
980 2525 1306 2595 perspicua;
1346 2535 1398 2581 et
1431 2527 1577 2596 quod
1605 2542 1706 2581 nos
1746 2527 1798 2580 in
1825 2528 1968 2581 veri-

406 2621 514 2670 tatc
539 2630 843 2670 sermonem
882 2631 1104 2685 pravum
1142 2617 1471 2686 corrigimus
1508 2633 1571 2670 ac
1616 2617 1969 2686 reprehendi-

322 2757 329 2763 ,
407 2721 565 2769 mus,
609 2706 861 2775 quodque
904 2706 1001 2759 tibi
1048 2706 1114 2761 de
1146 2708 1425 2777 unigenito
1471 2709 1579 2763 Deo
1624 2709 1808 2779 opinio
1843 2711 1968 2767 talis

403 2808 504 2860 est,
541 2812 603 2850 ac
634 2800 698 2851 de
728 2796 957 2865 reliquis
987 2800 1283 2866 creaturis;
1321 2801 1544 2869 perinde
1573 2816 1636 2855 ac
1675 2801 1721 2857 si
1765 2800 1830 2856 de
1869 2802 1969 2855 ali-

414 2885 808 2956 quadubitatio
842 2898 1019 2955 esset,
1064 2905 1171 2944 non
1212 2890 1279 2946 de
1315 2893 1599 2960 unigenito
1636 2890 1803 2957 Filio,
1835 2891 1963 2957 Deo,

404 2976 598 3046 opiﬁce
651 2979 829 3034 omnis
865 2988 1160 3043 creaturae,
1211 2982 1325 3037 sive
1363 2989 1486 3037 ante
1516 2990 1667 3047 erat,
1702 2984 1815 3039 sive
1846 2992 1968 3053 post

2072 1894 2209 1963 Θεῷ,
2249 1894 2421 1963 πέρας
2453 1892 2564 1962 ἔχει
2589 1892 2648 1944 τὸ
2679 1892 2805 1962 παρ’
2835 1890 2989 1961 ἡμῶν
3036 1890 3465 1959 σπουδαζόμενον
3485 1906 3499 1918 ο
3534 1890 3645 1941 ἀπ-

2074 1984 2394 2054 ελήλεγκται
2427 1982 2535 2051 γὰρ
2570 1982 2657 2035 διὰ
2704 1981 2812 2034 τῶν
2856 1981 2962 2034 σῶν
3004 1980 3174 2048 λόγων
3201 1981 3260 2032 τὸ
3302 1981 3519 2043 ἄτοπον,
3550 1981 3647 2033 καὶ

2072 2077 2207 2128 πᾶσι
2233 2075 2422 2143 γέγονε
2460 2075 2768 2142 καταφανές
2791 2092 2803 2105 ο
2834 2076 2915 2128 ὃτι
2945 2092 3004 2126 τε
3031 2074 3189 2144 ἡμεῖς
3223 2075 3279 2125 ὲν
3306 2073 3531 2143 ἀληθείᾳ
3554 2073 3647 2125 τὸν

2070 2168 2224 2235 λόγον
2257 2167 2547 2237 εὐθύνομεν
2567 2210 2581 2232 ,
2611 2167 2701 2219 καὶ
2732 2168 2811 2220 ὅτι
2846 2183 2926 2218 σοι
2976 2165 3003 2235 ἡ
3044 2163 3170 2235 περὶ
3202 2163 3296 2216 τοῦ
3329 2164 3647 2232 μονογενοῦς

2070 2257 2205 2310 Θεοῦ
2240 2257 2503 2326 ὑπόληψις
2538 2256 2761 2326 τοιαύτη
2792 2256 2958 2319 ἐστὶν,
2988 2255 3074 2308 οἵα
3107 2256 3201 2308 καὶ
3233 2254 3361 2323 περὶ
3387 2255 3456 2307 τὰ
3483 2255 3647 2308 λοιπὰ

2069 2348 2177 2398 τῶν
2210 2347 2550 2415 κτισμάτων,
2589 2346 2713 2417 περί
2740 2363 2882 2408 τινος
2922 2347 2953 2415 ἡ
3001 2344 3409 2414 ἀμφισϐήτησις
3448 2340 3537 2415 ἦν,
3579 2346 3643 2397 οὐ

2070 2454 2134 2489 πε
2146 2436 2197 2507 pi.
2222 2435 2314 2488 τοῦ
2350 2434 2666 2504 μονογενοῦς
2694 2433 2824 2487 Υίοῦ
2854 2434 2945 2488 τοῦ
2976 2433 3111 2487 Θεοῦ
3132 2473 3146 2497 ,
3183 2433 3274 2487 τοῦ
3312 2434 3642 2504 δημιουργοῦ

2070 2530 2248 2598 πάσης
2277 2528 2371 2596 τῆς
2403 2527 2650 2589 κτίσεως,
2672 2527 2782 2579 εἴτε
2809 2526 2894 2577 ἀεὶ
2924 2520 3011 2596 ἦν,
3044 2525 3154 2579 εἴτε
3180 2525 3403 2596 ὕστερον
3429 2526 3505 2596 τῷ
3535 2528 3647 2579 Πα-

2069 2619 2157 2689 τρὶ
2190 2619 2563 2690 προσεγένετο.
2611 2617 2674 2669 Τί
2717 2614 2809 2670 οὖν
2853 2619 2982 2688 περὶ
3019 2618 3208 2671 τούτου
3253 2620 3415 2687 φησὶν
3462 2621 3492 2687 ἡ
3549 2616 3644 2671 τοῦ

2067 2709 2380 2764 διδασκάλου
2408 2710 2556 2778 φωνή
2579 2724 2592 2772 ;
2621 2708 2739 2759 Ὅτι
2762 2708 2821 2760 τὸ
2845 2710 2908 2779 τῇ
2940 2707 3096 2774 φύσει
3126 2710 3307 2776 καλὸν,
3334 2709 3428 2761 οὐκ
3451 2710 3647 2777 εὐαγές

2069 2802 2183 2854 ἐστι
2235 2801 2307 2871 μὴ
2341 2800 2426 2853 ἀεὶ
2469 2803 2525 2852 ἐν
2569 2799 2646 2869 τῷ
2679 2800 2797 2870 Θεῷ
2846 2800 3118 2853 πιστεύειν
3151 2798 3308 2855 εἶναι.
3361 2801 3503 2872 Μηδὲ
3537 2803 3646 2873 γὰρ

2068 2892 2244 2946 αἰτίαν
2277 2893 2406 2965 όρᾷν
2438 2909 2559 2943 τινα
2602 2891 2722 2943 καθ’
2768 2892 2832 2961 ἢν
2882 2892 3027 2954 είκός
3073 2894 3186 2944 ἐστι
3227 2892 3286 2945 τὸ
3323 2893 3525 2961 ἀγαθὸν
3567 2894 3647 2963 τῷ

2068 2982 2255 3053 ἀγαθῷ
2286 2983 2359 3053 μὴ
2398 2985 2669 3052 παρεῖναι,
2714 2984 2847 3052 μήτε
2874 2983 3014 3036 κατὰ
3056 2983 3335 3053 δυνάμεως
3379 2986 3635 3055 ἔλλειψιν,

403 3068 549 3123 Patri
584 3068 787 3123 aderat.
818 3068 959 3136 Quid
986 3071 1147 3142 igitur
1177 3073 1244 3126 ad
1271 3073 1385 3127 hzcc
1411 3073 1527 3127 inﬁt
1561 3089 1660 3129 vox
1690 3076 1969 3145 magistri?

2076 3076 2209 3145 μήτε
2241 3075 2380 3126 κατὰ
2413 3074 2507 3143 τὴν
2549 3074 2645 3143 τῆς
2686 3073 2877 3144 βουλῆς
2924 3075 3164 3144 ἀγονίαν,
3206 3077 3270 3128 Τί
3302 3077 3437 3146 πρὸς
3472 3077 3649 3131 ταῦτά

403 3162 561 3226 Quod
590 3170 781 3215 natura
814 3162 1015 3216 bonum
1043 3170 1150 3227 est,
1176 3179 1284 3218 non
1314 3164 1460 3234 pium
1490 3173 1575 3220 est
1616 3181 1726 3220 non
1758 3182 1972 3235 semper

330 3323 333 3326 ν
405 3254 459 3306 in
489 3251 596 3307 Deo
621 3266 743 3308 esse
777 3252 1021 3308 credere.
1052 3252 1269 3308 Nullam
1327 3256 1471 3309 enim
1517 3255 1701 3311 videre
1750 3270 1971 3310 causam

404 3354 627 3414 propter
648 3361 812 3415 quam
837 3354 1268 3401 consentaneum
1298 3355 1381 3402 est
1424 3347 1624 3401 bonum
1675 3347 1818 3402 bono
1860 3363 1971 3401 non

402 3435 597 3491 adesse
617 3478 632 3502 ,
666 3453 843 3507 neque
873 3445 1099 3507 prapter
1128 3438 1410 3506 potestatis
1436 3437 1707 3491 delectum
1734 3480 1747 3503 ,
1795 3454 1973 3507 neque

404 3535 623 3595 propter
661 3528 958 3581 voluntatis
993 3527 1254 3595 inOplam.
1289 3525 1429 3591 Quid
1464 3527 1530 3582 ad
1565 3526 1678 3580 hinc
1715 3528 1847 3582 dicit
1878 3528 1971 3596 qui

403 3614 490 3667 bis
528 3615 888 3668 adversatur?
912 3614 1067 3680 Quod
1098 3615 1142 3669 si
1192 3614 1358 3670 Deum
1386 3614 1619 3670 Verbum
1659 3633 1723 3671 ex
1762 3629 1972 3672 azterno

404 3705 731 3759 credendum
767 3721 887 3760 csse
912 3706 1151 3770 dederis,
1190 3715 1243 3761 et
1268 3706 1336 3762 de
1363 3708 1631 3763 creaturis
1659 3708 1799 3763 idem
1838 3708 1973 3765 fate-

406 3798 571 3854 beris.
609 3797 653 3852 0
683 3798 958 3867 quomodo
987 3799 1136 3853 novit
1171 3800 1378 3855 ratione
1402 3799 1713 3855 discernere
1754 3812 1972 3856 creatu-

406 3904 588 3942 rarum
619 3897 871 3942 naturam
927 3898 981 3945 et
1007 3891 1245 3945 divinam
1287 3891 1651 3960 majestatem!
1690 3891 1973 3957 Quomodo

405 3981 512 4037 scit
538 3996 656 4050 quae
688 3981 934 4051 utrisque
964 3992 1092 4038 sunt
1117 3998 1375 4053 congrua,
1406 3999 1633 4053 qumque
1671 3984 1737 4039 de
1775 3983 1885 4038 Deo
1914 3992 1967 4038 et

404 4089 525 4144 quae
556 4073 621 4128 de
648 4080 895 4128 creatura
935 4074 1023 4144 pie
1048 4074 1131 4129 l’as
1152 4082 1233 4131 est
1260 4076 1601 4130 existimare!
1643 4075 1722 4140 Si,
1756 4077 1955 4143 inquit,

2074 3184 2236 3236 φησιν
2258 3169 2284 3219 ὁ
2308 3169 2417 3228 τοῖς
2439 3166 2744 3236 εἰρημένοις
2772 3166 3110 3236 μαχόμενος;
3138 3168 3258 3220 Ὅτι
3286 3168 3379 3219 ἐὰν
3399 3166 3487 3219 τὸν
3513 3167 3647 3220 Θεὸν

2073 3259 2241 3326 Λόγον
2272 3256 2376 3326 δῷς
2414 3255 2473 3319 ἐξ
2504 3257 2671 3309 ἀϊδίου
2716 3258 3079 3319 πιστεύεσθαι,
3116 3260 3208 3311 καὶ
3241 3261 3365 3329 περὶ
3406 3259 3515 3311 τῶν
3549 3260 3647 3329 δη-

2075 3364 2304 3419 μιουργη
2315 3347 2496 3416 μάτων
2520 3346 2580 3399 τὸ
2604 3343 2719 3401 ἴσον
2747 3348 2955 3412 δώσεις.
2989 3351 3052 3401 Ὢ
3086 3351 3200 3412 πῶς
3225 3347 3332 3402 οἶδε
3354 3350 3649 3421 διακρίνειν

2071 3438 2148 3508 τῷ
2170 3439 2309 3508 λόγῳ
2361 3438 2851 3511 δημιουργημάτων
2882 3441 3041 3508 φύσιν
3068 3443 3157 3493 καλ.
3188 3441 3334 3494 θείαν
3366 3443 3648 3511 μεγαλειό-

2071 3530 2235 3598 τηταί
2279 3528 2395 3590 πῶς
2435 3528 2718 3582 ἐπίσταται
2766 3530 2892 3599 περὶ
2935 3530 3195 3601 ἐκατέρου
3241 3532 3308 3584 τὰ
3342 3532 3643 3602 πρόσφορα,

2072 3619 2175 3671 ὅσα
2201 3636 2260 3670 τε
2298 3618 2425 3689 περὶ
2452 3619 2545 3671 τοῦ
2580 3620 2734 3682 Θεοῦ,
2771 3620 2862 3672 καὶ
2893 3621 2992 3672 ὅσα
3024 3622 3149 3689 περὶ
3176 3623 3271 3690 τῆς
3301 3621 3527 3684 κτίσεως
3558 3623 3648 3673 εὑ-

2074 3710 2245 3772 σεϐῶς
2279 3710 2421 3762 ἔστιν
2459 3710 2694 3763 οἴεσθαιί
2747 3712 2806 3763 Εἰ
2850 3713 2877 3764 ὁ
2918 3711 3263 3781 δημιουργὸς,
3309 3714 3494 3782 φησὶν,
3543 3715 3648 3766 ἀπὸ

2072 3802 2164 3856 τοῦ
2202 3802 2391 3873 χρόνον
2430 3804 2528 3872 τῆς
2553 3802 2910 3872 δημιουργίας
2947 3803 3190 3871 ἄρχεται.
3240 3803 3315 3854 Οὐ
3356 3805 3463 3874 γὰρ
3504 3805 3645 3873 ἄλλῳ

2071 3893 2178 3945 τινὶ
2202 3891 2299 3962 τὴν
2328 3891 2435 3944 τῶν
2459 3891 2755 3960 γεγονότων
2778 3891 2948 3961 ἀρχὴν
2973 3891 3089 3943 ἔστι
3116 3892 3544 3962 σημειώσασθαι,
3571 3894 3645 3964 μὴ

2072 3985 2128 4037 ὲν
2168 3984 2244 4054 τῷ
2278 3984 2390 4053 ἰδίῳ
2415 3983 2737 4052 διαστήματι
2762 3981 2853 4035 τοῦ
2889 3982 3079 4052 χρόνου
3115 3982 3211 4045 τὰς
3242 3983 3414 4053 ἀρχὰς
3448 3985 3542 4036 καὶ
3580 3982 3647 4034 τὰ

2072 4073 2196 4141 τέλη
2232 4074 2339 4135 τοῖς
2363 4071 2669 4141 γινομένοις
2690 4070 2977 4141 ὁρίζοντος.

405 4165 582 4236 opifex
614 4180 642 4219 a
674 4173 915 4236 tempore
950 4167 1225 4236 opificium
1262 4169 1598 4237 auspicatur.
1644 4166 1763 4221 Non
1810 4170 1957 4224 enim
2003 4168 2110 4221 alio
2142 4168 2326 4235 aliquo
2361 4180 2548 4220 eorum
2583 4180 2703 4234 quae
2736 4171 2861 4218 sunt
2891 4162 3065 4230 facta,
3129 4162 3454 4233 principium
3524 4163 3651 4221 licet

407 4267 616 4324 notare,
680 4259 786 4314 nisi
837 4267 1055 4330 tempus
1112 4262 1163 4314 in
1231 4262 1452 4331 proprio
1484 4262 1767 4318 intervallo
1825 4263 2090 4334 principia
2123 4269 2176 4315 et
2209 4268 2449 4314 extrema
2491 4260 2576 4314 his
2606 4273 2725 4329 quin
2759 4258 2892 4312 ﬁunt
2923 4259 3209 4313 deﬁnierit.

472 4352 739 4417 Quocirca
770 4353 947 4422 inquit
1008 4361 1258 4422 oportere
1288 4352 1547 4410 factorem
1597 4364 1901 4427 temporum
1942 4372 1973 4411 a

407 4444 674 4514 principio
695 4446 859 4500 simili
891 4461 1013 4501 esse
1044 4448 1301 4516 coepisse.
1338 4445 1441 4503 Sed
1473 4456 1723 4504 creatura
1752 4450 1970 4520 quidem

406 4537 732 4607 principium
752 4537 913 4594 habet
935 4540 1154 4605 szecula,
1192 4538 1412 4595 factoris
1442 4552 1619 4595 autem
1648 4543 1971 4598 sazculorum

2148 4353 2243 4406 Διὰ
2285 4351 2439 4405 τοῦτό
2484 4370 2614 4423 φησι
2643 4354 2750 4405 δεῖν
2781 4352 2875 4406 καὶ
2906 4352 2996 4404 τὸν
3041 4354 3268 4423 πο;ητὴν
3292 4353 3401 4406 τῶν
3441 4354 3646 4424 χρόνων

2078 4447 2185 4500 ἀπὸ
2212 4447 2309 4513 τῆς
2351 4446 2538 4515 ὁμοίας
2572 4446 2741 4515 ἀρχῆς
2788 4444 2880 4498 τοῦ
2916 4440 3051 4497 εἶναι
3102 4444 3389 4516 ἄρξασθαι.
3430 4444 3565 4499 Ἀλλ’
3613 4447 3646 4516 ἡ

2079 4537 2176 4607 μὲν
2207 4536 2380 4595 κτίσις
2402 4535 2577 4606 ἀρχὴν
2609 4537 2734 4597 τοὺς
2768 4535 2968 4599 αἰῶνας
3013 4535 3144 4605 ἔχει,
3180 4536 3272 4588 τοῦ
3319 4536 3376 4588 δὲ
3426 4537 3646 4604 ποιητοῦ

404 4629 679 4696 quodnam
711 4628 1039 4699 principium
1080 4630 1384 4699 cogitabis?
1416 4630 1473 4685 Si
1500 4635 1621 4702 quis
1649 4632 1815 4694 dicat,
1841 4630 1970 4684 illud

2074 4625 2182 4677 τῶν
2212 4625 2418 4676 αἰώνων
2484 4622 2641 4676 ποίαν
2705 4625 3009 4694 ἐπινοήσεις
3044 4626 3257 4694 ἀρχήν;
3294 4625 3355 4676 Ei
3405 4624 3502 4693 μὲν
3540 4626 3645 4695 γὰρ

404 4717 731 4786 principium
763 4733 887 4773 esse
918 4718 1062 4788 quod
1096 4726 1180 4773 est
1210 4720 1265 4772 in
1297 4719 1612 4790 Evangelio,
1657 4719 1802 4788 quod
1850 4718 1973 4787 qui-

405 4805 527 4858 dem
560 4815 644 4860 est
668 4806 796 4860 illud
832 4808 975 4877 quod
997 4808 1326 4874 declaratur,
1354 4825 1477 4864 cum
1505 4824 1615 4879 quo
1639 4810 1977 4864 cohaerenter

407 4893 527 4950 Filii
559 4895 833 4952 confessio
863 4899 1024 4954 simul
1046 4900 1471 4965 demonstratur,
1496 4917 1597 4956 nec
1615 4901 1697 4956 fas
1726 4909 1809 4956 est
1830 4917 1973 4964 eum,

406 4988 501 5057 qui
539 4995 623 5042 cst
664 4988 716 5041 in
746 4988 942 5053 Patre,
994 4993 1136 5046 sicut
1171 4992 1303 5048 dicit
1352 4992 1611 5047 Dominus
1635 5034 1649 5055 ,
1687 4993 1755 5047 ab
1796 4993 1978 5062 aliquo

408 5084 611 5147 puncto
637 5079 917 5147 temporali
955 5082 1209 5149 cmpisse.
1247 5080 1342 5135 Sin
1382 5092 1561 5137 autem
1598 5083 1752 5141 aliud,
1798 5082 1973 5151 quod-

406 5171 528 5225 dam
562 5179 757 5241 praater
782 5170 913 5224 illud
945 5172 1268 5242 principium
1303 5189 1424 5227 esse
1454 5176 1667 5241 asserit,
1700 5175 1846 5228 dicat
1877 5190 1970 5227 no-

407 5277 531 5316 men
566 5277 675 5332 quo
711 5263 817 5317 tale
844 5262 1173 5332 principium
1206 5264 1564 5334 signiﬁcatur,
1596 5280 1719 5320 cum
1763 5265 1970 5320 nullum

408 5366 535 5411 ante
586 5356 911 5412 saeculorum
966 5357 1408 5412 constitutionem
1459 5357 1968 5427 comprehendatur.

408 5445 549 5518 Ergo
588 5449 712 5504 talis
740 5464 919 5505 sermo
950 5463 977 5502 a
1014 5448 1098 5518 pia
1132 5456 1186 5503 et
1237 5449 1491 5519 religiosa
1541 5450 1797 5519 opinione
1844 5464 1973 5521 erga

413 5536 751 5607 unigenitum
816 5541 980 5595 Deum
1045 5540 1194 5594 nullo
1261 5541 1419 5595 modo
1479 5555 1579 5595 nos
1638 5541 1971 5601 dimovebit,

410 5630 623 5681 tametsi
666 5646 801 5685 anus
842 5632 1171 5688 mulierculae
1221 5634 1346 5688 huic
1393 5634 1679 5705 quaestioni
1718 5642 1973 5702 tanquam

410 5717 600 5771 valida:
632 5721 980 5789 applaudant,
1042 5726 1308 5795 siquidem
1345 5728 1396 5781 in
1439 5727 1519 5781 his
1562 5742 1678 5796 qua:
1711 5727 1776 5781 ab
1822 5725 1975 5781 initio

2075 4715 2171 4786 τὴν
2205 4717 2261 4769 ὲν
2287 4715 2363 4786 τῷ
2392 4715 2704 4785 Εὐαγγελίῳ
2741 4733 2823 4779 τις
2850 4715 2979 4786 λέγῃ
3004 4757 3017 4779 ,
3051 4717 3184 4784 ὅπερ
3213 4718 3356 4770 ἐστὶν
3382 4719 3557 4770 ἐκεῖνο
3589 4718 3645 4769 τὸ

2072 4807 2416 4878 δηλούμενον,
2452 4800 2496 4873 ᾧ
2527 4807 2888 4877 συνημμένως
2916 4809 3008 4861 κοιλ⁸
3036 4809 3070 4878 ἡ
3097 4809 3187 4861 τοῦ
3221 4808 3349 4861 Υἰοῦ
3390 4810 3647 4879 ὁμολογία

2076 4898 2571 4961 συναναδείκνυται,
2600 4898 2692 4951 καὶ
2714 4898 2813 4951 οὐκ
2839 4896 2949 4949 ἔστι
2978 4896 3069 4951 τὸν
3101 4897 3156 4949 ἐν
3185 4898 3259 4969 τῷ
3291 4900 3465 4969 Πατρὶ
3497 4901 3644 4961 ὄντα,

2076 4989 2256 5053 καθώς
2294 5006 2454 5059 φησιν
2483 4993 2510 5042 6
2545 4988 2737 5059 Κύριος
2758 5030 2772 5053 ,
2819 4989 2924 5041 ἀπό
2960 5006 3101 5052 τινος
3138 4989 3363 5058 σημείου
3397 4990 3647 5060 χρονικοῦ

2074 5079 2353 5151 ἄρξασθαι.
2384 5081 2444 5133 Ei
2488 5081 2542 5134 δὲ
2569 5080 2732 5151 ἄλλην
2764 5098 2845 5144 τις
2874 5081 3044 5151 ἀρχὴν
3080 5082 3206 5149 παρ’
3237 5081 3452 5151 ἐκείνην
3480 5081 3644 5150 λέγει,

2078 5174 2282 5227 εἰπάτω
2308 5174 2367 5227 τὸ
2406 5172 2573 5242 ὄνομα
2695 5172 3009 5243 σημειοῦται
3037 5172 3132 5242 τὴν
3167 5172 3419 5241 τοιαύτην
3451 5174 3644 5243 ἀρχὴν,

2082 5265 2303 5335 μηδενὸς
2331 5265 2902 5336 καταλαμϐανομένου,
2930 5265 3034 5335 πρὸ
3062 5266 3159 5334 τῆς
3190 5264 3295 5317 τῶν
3321 5263 3531 5317 αἰώνων
3556 5282 3640 5316 συο

2080 5360 2340 5420 στάσεως.
2366 5355 2573 5410 Οὐκοῦν
2606 5357 2758 5409 οὐδὲν
2797 5357 2943 5426 ἡμᾶς
2972 5358 3336 5427 παρακινήσει
3371 5357 3468 5425 τῆς
3498 5357 3644 5408 εὐσε-

2079 5450 2208 5513 ϐοῦς
2237 5449 2365 5519 περὶ
2406 5448 2497 5501 τὸν
2534 5447 2792 5517 μονογενῆ
2827 5447 2959 5501 Θεὸν
2990 5447 3307 5518 ὑπολήψεως
3343 5449 3370 5499 6
3410 5446 3648 5507 τοιοῦτος

2080 5542 2275 5610 λόγος,
2325 5541 2426 5594 κᾶν
2475 5540 2833 5613 ἐπικροτῶσιν
2889 5542 2944 5593 αἱ
3002 5540 3170 5611 γράες
3221 5540 3294 5601 ώς
3334 5538 3539 5609 ἰσχυρῷ
3572 5535 3647 5605 τῷ

2082 5633 2443 5703 προϐλήματι.
2475 5632 2724 5702 Μένομεν
2752 5630 2859 5701 γὰρ
2901 5630 2992 5683 ἐπὶ
3034 5629 3141 5683 τῶν
3174 5629 3229 5695 ἐξ
3274 5627 3448 5699 ἀρχῆς
3484 5629 3648 5694 ὲγνωο

2086 5724 2317 5795 σμένων,
2341 5723 2723 5795 ἐρηρεισμένον
2750 5722 2960 5793 ἔχοντες
3007 5722 3094 5775 ἐπὶ
3141 5721 3235 5789 τῆς
3271 5716 3521 5788 ἀληθείας
3559 5715 3645 5768 τὸν
