4034 6156
333 330 440 388 793

1397 333 1668 390 CONTRA
1707 334 2104 400 EUNOMIUM,
2142 333 2269 392 LIB.
2308 334 2437 388 VIII.

3463 340 3566 395 7114

334 440 520 510 λόγον·
552 442 633 495 δτι
687 441 782 495 ὅσα
821 439 947 510 περὶ⁵
991 439 1085 494 τοῦ
1138 441 1451 509 μονογενοῦς
1503 443 1636 496 Θεοῦ
1679 443 1901 512 λέγεινὸ

2008 451 2133 497 sunt
2183 444 2398 497 decreta
2453 457 2769 505 manemus,
2822 444 3083 501 ﬁrmatam
3121 455 3282 517 atque
3325 447 3565 504 innixam

334 533 436 600 τῆς
468 531 745 594 εὐσεϐείας
775 531 1084 585 ὑποτίθεται
1119 532 1297 598 λόγος,
1345 534 1596 603 οὐδεμίαν
1625 535 1736 604 ἔχει
1766 535 1901 605 πρὸς

334 624 431 693 τὴν
463 623 638 676 κτίσιν
663 621 760 692 τὴν
789 624 1115 692 οἰκειότητα,
1144 623 1280 676 ἀλλὰ
1307 624 1482 694 πολλῷ
1505 624 1580 695 τῷ
1610 627 1758 696 μέσῳ
1780 627 1902 679 διώ-

339 730 512 783 ρισται
555 713 646 766 τοῦ
692 731 751 766 τε
810 716 989 766 πάντα
1034 715 1390 782 πεποιηκότος
1415 755 1430 778 ,
1471 717 1695 768 καὶτῶν
1726 715 1900 786 ἔργων

334 801 497 855 αὑτοῦ
540 801 606 852 τὰ
651 803 1022 872 γνωρίσματα.
1047 804 1122 866 ,Εἰ
1167 804 1261 873 μὲν
1293 799 1384 856 οὖν
1433 807 1490 858 ὲν
1531 807 1733 876 ἑτέροις
1760 807 1900 858 τισὶν

334 889 445 962 εἶχέ
473 911 593 946 τινα
625 894 900 946 κοινωνίαν
929 898 957 947 ὁ
990 895 1116 956 Υἱὸς
1141 895 1274 966 πρὸς
1299 896 1396 964 τὴν
1418 897 1608 953 κτίσιν,
1642 895 1744 948 ἔδει
1773 894 1898 947 πάν-

332 1003 439 1048 τως
485 985 618 1056 μηδὲ
647 988 788 1038 κατὰ
829 987 920 1039 τὸν
967 988 1062 1057 τῆς
1117 987 1396 1057 ὑπάρξεως
1438 989 1635 1059 τρόπον
1687 987 1897 1058 παρηλ-

330 1074 524 1144 λάχθαι
551 1074 746 1141 λέγειν.
785 1076 846 1127 Εἰ
889 1074 944 1127 δὲ
981 1077 1204 1146 ἄμοιρος
1235 1079 1267 1146 ἡ
1300 1078 1473 1140 κτίσις
1500 1077 1607 1129 τῶν
1645 1079 1898 1132 τοιούτων

332 1167 448 1218 ἐστὶ
475 1165 580 1217 τῶν
630 1167 730 1218 ὅσα
775 1167 902 1235 περὶ
951 1167 1040 1218 τὸν
1085 1167 1212 1219 Υἱὸν
1261 1167 1656 1236 μεμαθήκαμεν
1682 1184 1694 1195 ·
1729 1167 1898 1236 ἀναγ-

334 1261 481 1310 καῖον
507 1256 752 1319 πάντως,
782 1257 915 1326 μηδὲ
941 1257 1078 1310 κατὰ
1104 1257 1258 1310 τούτο
1280 1258 1456 1325 λέγειν
1487 1259 1584 1326 τὴν
1614 1258 1896 1312 κοινωνίαν

332 1351 491 1420 ἔχειν.
515 1349 646 1402 Οὐδὲ
678 1349 786 1416 γὰρ
817 1349 872 1401 ἐν
903 1351 1041 1420 ἀρχῇ
1072 1345 1138 1420 ἦν
1172 1350 1204 1418 ή
1243 1349 1417 1412 κτίσις
1443 1390 1452 1407 ,
1485 1348 1604 1402 οὔτε
1643 1351 1774 1421 πρὸς
1808 1351 1896 1404 τὸν

331 1440 464 1493 Θεὸν
490 1436 555 1511 ἦν
578 1481 592 1504 ,
633 1439 754 1492 οὔτε
794 1439 925 1503 Θεὸς
968 1435 1055 1510 ἦν,
1092 1441 1152 1493 οὑ
1183 1441 1292 1510 ζωὴ
1316 1481 1328 1502 ,
1363 1442 1422 1493 οὑ
1456 1441 1602 1510 φῶς,
1643 1444 1740 1496 οὑκ
1766 1444 1896 1496 ἀνά-

333 1549 522 1594 στασις
544 1572 557 1595 ,
593 1532 652 1584 οὑ
684 1531 749 1584 τὰ
774 1531 934 1585 λοιπὰ
959 1532 1064 1585 τῶν
1093 1532 1408 1602 θεοπρεπῶν
1431 1534 1731 1603 ὀνομάτων,
1763 1528 1893 1599 οἷον,

329 1621 555 1691 ἀλήθεια
579 1660 592 1683 ,
631 1620 939 1692 δικαιοσύνη
961 1662 975 1684 ,
1026 1622 1293 1692 ἁγιασμὸς
1317 1661 1331 1683 ,
1381 1624 1601 1693 κριτὴς,
1651 1623 1856 1687 δίκαιος
1878 1664 1894 1688 ,

330 1711 556 1782 ποιητὴς
587 1711 679 1764 τοῦ
711 1712 938 1776 παντὸς,
975 1713 1233 1782 ὑπάρχων
1268 1713 1375 1784 πρὸ
1408 1712 1514 1766 τῶν
1545 1713 1771 1777 αἰώνων,
1800 1714 1894 1783 βα-

330 1805 554 1858 σιλεύων
578 1804 667 1857 τὸν
697 1804 886 1867 αἰῶνα,
919 1805 1012 1856 καὶ
1042 1805 1125 1856 ἐπ’
1154 1804 1323 1856 αἰῶνα
1353 1805 1447 1857 καὶ
1477 1804 1576 1866 ἔτι,
1595 1805 1692 1857 οὑκ
1722 1805 1894 1858 ἀπαύο

328 1912 516 1965 γασμα
562 1894 720 1963 δόξης
767 1893 1038 1964 ἡκτίσις,
1083 1894 1143 1945 οὑ
1179 1893 1458 1964 χαρακτὴρ
1509 1894 1895 1956 ὑποστάσεως,

327 1989 428 2040 οὑκ
479 1986 813 2055 ἀγαθὸτητος
857 1983 1017 2036 εἰκὼν
1042 2024 1055 2047 ,
1088 1984 1147 2036 οὑ
1181 1985 1338 2053 χάρις
1363 2023 1376 2044 ,
1403 1984 1463 2036 οὑ
1510 1983 1766 2053 δύναμις,
1799 1984 1899 2036 οὑκ

329 2078 584 2148 ἀλήθεια,
631 2076 690 2128 οὑ
744 2075 1023 2144 σωτηρία,
1073 2075 1172 2127 οὑκ
1213 2075 1624 2145 ἀπολύτρωσις,
1677 2073 1797 2126 οὐδέ
1845 2092 1897 2126 τι

329 2165 566 2219 τοιοῦτον
595 2164 729 2226 ὅλως
773 2163 880 2216 τῶν
929 2165 1006 2225 εἰς
1035 2163 1190 2229 δόξαν
1223 2163 1316 2215 τοῦ
1370 2161 1702 2230 Μονογενοῦς
1750 2163 1898 2234 παρὰ

327 2263 428 2328 τῆς
450 2260 488 2311 Γ
493 2259 670 2331 ραφῆς
694 2257 1019 2327 λεγομένων,
1056 2259 1204 2311 οὐδὲν
1237 2258 1326 2311 ἐπὶ
1354 2260 1450 2328 τῆς
1481 2259 1708 2321 κτίσεως
1733 2299 1745 2322 ,
1774 2259 1896 2312 οὔτε

338 2355 478 2407 ἔστιν
505 2394 518 2417 ,
549 2354 670 2408 οὑτε
699 2355 915 2421 λέγεται
941 2397 955 2419 ,
987 2357 1072 2409 ῖνα
1103 2355 1200 2417 τὰς
1232 2357 1561 2428 ὑψηλοτέρας
1596 2356 1828 2425 παρίστη
1839 2374 1895 2424 μι

331 2445 541 2514 φωνὰς,
567 2447 652 2510 τὺ,
702 2447 848 2516 Ἐγὼ
883 2448 952 2500 ἐν
998 2448 1076 2513 τῷ
1119 2449 1297 2516 Harp!
1323 2491 1336 2514 ,
1363 2448 1460 2501 καὶ
1509 2452 1540 2501 ὀ
1583 2447 1782 2514 Πατὴρ
1830 2447 1899 2499 ἐν

329 2537 476 2606 ἐμοὶ,
513 2536 624 2599 καὶ,
654 2537 705 2591 Ὀ
723 2538 990 2605 ἑωρακὼς
1020 2540 1124 2608 ἐμὲ
1149 2538 1366 2606 ἑώρακε
1385 2539 1493 2592 τὸν
1512 2537 1757 2605 Πατέρα,
1781 2538 1892 2598 καὶ,

335 2629 544 2693 Οὐδεὶς
571 2627 691 2682 εἶδε
721 2632 828 2682 τὸν
865 2630 1000 2683 Υὶὸν
1050 2633 1102 2683 εὶ
1142 2630 1228 2698 μὴ
1269 2634 1301 2683 ό
1340 2630 1559 2695 Πατήρ.
1585 2631 1646 2683 Εἰ
1680 2631 1775 2699 μὲν
1805 2625 1896 2682 οὖν

331 2716 444 2788 εἶχε
478 2720 546 2771 τὰ
578 2719 800 2772 τοιαῦτα
827 2720 920 2772 καὶ
950 2720 1248 2789 τηλικαῦτα
1281 2724 1720 2791 προσμαρτυρεῖν
1749 2723 1777 2773 ὁ
1809 2721 1896 2772 λό-

330 2827 426 2878 γος
459 2813 523 2880 τῇ
545 2811 740 2873 κτίσει,
770 2810 947 2871 καλῶς
971 2810 1036 2862 ἂν
1061 2810 1120 2862 τὸ
1149 2812 1277 2879 περὶ
1301 2811 1500 2878 ταύτην
1530 2810 1896 2880 θεωρούμενον

334 2899 429 2950 καὶ
451 2900 570 2958 ταῖς
601 2899 728 2966 περὶ
745 2896 838 2949 τοῦ
862 2897 1188 2964 Μονογενοῦς
1212 2899 1539 2967 ὑπολήψεσιν
1571 2899 1898 2968 ἐφαρμόζειν

333 2985 469 3056 ίξιετο
492 2986 598 3038 δεῖν
621 3026 634 3048 ,
667 2989 730 3038 ἐκ
763 2985 868 3037 τῶν
897 2986 1179 3056 ὁμοφύλων
1205 2988 1339 3057 πρὸς
1366 2988 1426 3039 τὸ
1455 2987 1710 3054 συγγενὲς
1752 3002 1898 3053 γινο-

336 3077 502 3147 μένης
528 3077 623 3146 τῆς
656 3077 1024 3145 παραῡέσεως.
1061 3079 1118 3130 El
1146 3079 1202 3130 δὲ
1235 3079 1404 3131 πάντα
1434 3078 1498 3131 τά
1527 3076 1745 3131 τοιαῦτα
1781 3078 1900 3146 νοή-
1927 3113 1969 3170 C

337 3166 487 3237 ματά
510 3183 567 3218 τε
603 3167 693 3220 καὶ
721 3167 956 3237 ὀνόματα
985 3168 1118 3238 πρὸς
1164 3174 1261 3237 μὲν
1300 3169 1387 3220 τὸν
1416 3170 1631 3238 Πατέρα
1663 3171 1760 3238 τὴν
1789 3184 1899 3221 κοι-

332 3258 532 3311 νωνίαν
557 3257 668 3325 ἕνει
693 3298 706 3319 ,
735 3258 832 3321 τῆς
861 3258 916 3310 δὲ
947 3259 1074 3326 περὶ
1108 3259 1206 3326 τὴν
1252 3261 1424 3312 κτίσιν
1454 3260 1703 3321 ὑπονοίας
1733 3259 1901 3328 ὑπέρ-

334 3365 512 3401 κειται
538 3365 551 3377 ·
603 3344 690 3418 ἆρ’
718 3350 776 3400 οὑ
802 3348 1125 3402 καταδύεται
1157 3351 1246 3402 ὑπ’
1280 3351 1537 3420 αἰσχύνης
1570 3353 1598 3403 ὁ
1625 3351 1783 3420 σοφὸς
1807 3351 1900 3403 καὶ

335 3439 585 3506 ἀγχίνους
614 3437 700 3490 διὰ
719 3439 825 3491 τῶν
859 3442 913 3491 ἐν
943 3443 1006 3510 τῇ
1040 3440 1211 3494 κτίσει
1244 3440 1627 3511 θεωρουμένων
1656 3441 1902 3509 φυσιολο-

334 3527 448 3594 γῶν
477 3527 573 3596 τῆς
599 3528 828 3590 κτίσεως
862 3528 1079 3598 Κύριον,
1107 3528 1258 3582 οὔπω
1284 3530 1482 3592 συνιεὶς
1520 3531 1601 3583 ὅτι
1641 3531 1775 3582 ἄλλα
1803 3531 1902 3600 τῆς

336 3617 564 3680 κτίσεως
603 3619 719 3672 ἐστι
747 3619 816 3672 τὰ
841 3620 1230 3690 γνωρίσματα;
1275 3621 1393 3674 Τῶν
1423 3624 1531 3691 γάρ
1565 3623 1737 3675 ὄντων
1767 3622 1902 3674 πάν-

333 3727 444 3763 των
469 3713 502 3782 ἠ
533 3711 793 3764 ἀνωτάτω
814 3711 1073 3781 διαίρεσις
1102 3714 1180 3775 εἰς
1205 3713 1265 3764 τὸ
1290 3715 1503 3766 mth
1532 3714 1624 3766 καὶ
1653 3713 1902 3766 ἄκτιστον

335 3797 435 3866 τὴν
467 3797 637 3868 τομὴν
693 3798 836 3867 ἔχει’
866 3800 925 3851 τὸ
968 3800 1063 3868 μὲν
1110 3800 1184 3864 ὡς
1239 3801 1409 3854 αἴτιον
1458 3800 1548 3853 τοῦ
1583 3802 1900 3877 γεγονότος,

335 3889 398 3940 τὸ
422 3889 478 3941 δὲ
543 3889 618 3951 ὡς
657 3889 862 3942 ἐκεῖθεν
888 3889 1194 3958 γενόμενον.
1220 3892 1560 3962 Διῃρημένης
1601 3893 1776 3944 τοίνυν
1804 3892 1904 3962 τῆς

335 3998 396 4034 τε
424 3982 644 4050 κτιστῆς
689 3981 898 4048 φύσεως
929 3983 1022 4034 καὶ
1065 3981 1161 4050 τῆς
1203 3982 1346 4045 θείας
1372 3983 1587 4046 οὐσίας,
1629 3984 1721 4035 καὶ
1753 3984 1904 4036 οὐδε-

341 4074 472 4144 μίαν
515 4073 791 4142 ἐπιμιξίαν
824 4073 1052 4144 ὲχούσης
1090 4074 1229 4126 κατὰ
1267 4074 1366 4137 τὰς
1392 4076 1752 4144 γνωριστικὰς
1781 4073 1904 4126 ἰδιό-

335 4181 538 4234 τητας,
566 4165 776 4234 ἀνάγκη
827 4167 972 4216 πᾶσα
1010 4165 1083 4234 μὴ
1127 4165 1213 4218 διὰ
1251 4165 1357 4218 τῶν
1400 4165 1599 4234 ὁμοίων
1641 4165 1904 4235 ἑκατέραν

339 4259 481 4309 νοεῖν
505 4298 518 4321 ,
562 4257 695 4326 μηδὲ
725 4259 791 4308 τὰ
825 4257 962 4309 αὑτά
990 4257 1360 4327 ,γνωρίσματα
1391 4256 1498 4310 τῶν
1545 4258 1904 4326 διεστηκότων

339 4346 482 4400 κατὰ
531 4347 621 4398 τὸν
673 4347 771 4416 τῆς
805 4347 1018 4414 φύσεως
1046 4347 1199 4416 λόγον
1231 4347 1534 4418 ἀναζητεῖν.
1578 4349 1686 4419 Τῆς
1727 4347 1904 4401 τοίνυν

2007 534 2217 587 veritati
2271 533 2536 588 habentes
2586 534 2894 589 rationem:
2941 537 3067 605 quia
3120 548 3456 606 qua-cunque
3497 540 3566 594 de

2003 624 2282 693 unigenito
2316 624 2424 678 Deo
2458 624 2640 679 dicere
2682 627 2900 694 pietatis
2939 642 3118 682 Sermo
3146 629 3407 698 suggerit,
3444 631 3567 684 nul-

2002 716 2106 768 lam
2139 715 2340 769 habent
2369 731 2490 768 cum
2522 725 2772 770 creatura
2796 720 3270 778 necessitudinem.
3293 721 3386 776 sed
3407 723 3568 792 longo

2002 803 2312 866 intervallo,
2355 814 2409 858 et
2443 806 2561 873 ejus
2589 809 2680 875 qui
2717 807 2862 870 fecit,
2899 817 2951 862 et
2975 823 3198 877 operum
3232 811 3402 880 ipsius
3429 824 3568 868 notae

1999 906 2051 948 et
2085 895 2285 957 indicia
2317 907 2443 949 sunt
2482 896 2759 950 distincta.
2797 897 2851 951 Si
2893 899 3058 966 igitur
3093 902 3144 953 in
3186 903 3309 956 aliis
3338 904 3566 972 quibus-

2001 983 2127 1037 dam
2165 985 2385 1039 haberet
2438 986 2674 1055 aliquam
2728 989 3167 1044 communionem
3221 991 3391 1047 Filius
3443 1008 3565 1047 cum

1999 1083 2277 1138 creatura,
2306 1085 2581 1145 oporteret
2607 1079 2829 1131 omnino
2873 1080 3055 1135 dicere
3097 1098 3219 1136 eum
3265 1085 3566 1138 secundum

1997 1165 2330 1220 exsistentia:
2362 1167 2579 1220 modum
2610 1183 2717 1221 non
2747 1167 2984 1225 diiferre.
3018 1171 3172 1238 Quod
3202 1176 3248 1228 si
3272 1190 3462 1229 exsors
3483 1183 3568 1230 est

1998 1265 2247 1310 creatura
2303 1257 2488 1312 talium
2541 1275 2880 1328 quaecunque
2933 1263 2986 1315 in
3038 1263 3176 1318 Filio
3226 1266 3561 1321 didicimus:

1998 1345 2367 1400 necessarium
2426 1348 2621 1416 plane,
2673 1365 2848 1419 neque
2895 1354 3192 1408 secundum
3246 1356 3346 1410 hoc
3387 1358 3566 1412 dicere

1996 1437 2196 1491 habere
2247 1440 2706 1495 communionem.
2766 1442 2951 1518 Neque
3005 1446 3149 1500 enim
3205 1446 3258 1500 in
3300 1448 3567 1518 principio

1994 1537 2105 1580 erat
2138 1536 2409 1591 creatura,
2438 1546 2614 1599 neque
2641 1532 2782 1600 apud
2820 1533 2988 1589 Deum
3020 1542 3165 1600 erat,
3200 1552 3376 1606 neque
3424 1537 3567 1593 Deus

1995 1627 2130 1681 erat,
2156 1635 2330 1689 neque
2359 1623 2487 1688 vita,
2512 1638 2685 1692 neque
2716 1625 2827 1691 lux,
2863 1641 2970 1679 non
3008 1629 3359 1688 resurrectio.
3392 1645 3567 1699 neque

1997 1715 2205 1783 rcquua
2236 1716 2453 1768 nomina
2475 1731 2595 1784 quae
2623 1715 2790 1771 Deum
2825 1717 3038 1781 decent,
3085 1727 3142 1772 ut
3170 1720 3373 1774 veritas
3399 1758 3414 1782 ,
3473 1719 3565 1790 ju-

2003 1805 2174 1866 stitia,
2199 1806 2576 1870 sanctilicatio,
2601 1807 2787 1875 judcx,
2814 1807 3015 1876 justus,
3037 1809 3214 1878 opifex
3246 1811 3570 1881 molitorque

2001 1895 2262 1958 universi,
2291 1897 2383 1965 qui
2402 1905 2486 1952 est
2515 1907 2640 1952 ante
2660 1899 2879 1964 smcula,
2913 1900 3201 1954 moderans
3229 1901 3486 1955 szeculum
3513 1911 3568 1956 et

1999 2002 2231 2056 regnans
2268 1989 2322 2041 in
2355 1989 2615 2044 saeculum
2647 1996 2702 2044 et
2734 1990 2898 2052 ultra,
2953 2006 3060 2043 non
3091 1992 3348 2060 splendor
3381 1993 3568 2060 gloriae

1997 2085 2282 2142 creatura,
2315 2095 2424 2133 non
2461 2080 2764 2144 character,
2799 2080 2913 2136 sive
2946 2095 3203 2149 expressa
3236 2082 3407 2134 forma
3435 2081 3567 2136 sub-

1999 2171 2237 2232 stantia},
2274 2185 2382 2223 non
2419 2172 2680 2225 bonitatis
2713 2171 2908 2241 imago,
2943 2187 3053 2224 non
3084 2173 3279 2242 gratia,
3309 2187 3417 2226 non
3458 2173 3568 2225 vir-

1998 2263 2108 2319 tus,
2139 2274 2246 2310 non
2276 2261 2500 2323 veritas,
2530 2274 2637 2313 non
2673 2260 2843 2321 salus,
2877 2275 2984 2312 non
3018 2259 3340 2330 redemptio,
3389 2276 3566 2330 neque

1997 2349 2125 2418 quid
2153 2349 2421 2418 ejusmodi
2449 2365 2636 2404 eorum
2662 2366 2783 2420 quas
2831 2352 2896 2405 ad
2945 2353 3172 2421 gloriam
3211 2350 3486 2423 Unigeniti
3539 2368 3568 2406 a

2001 2436 2282 2508 Scriptura
2312 2440 2594 2504 dicuntur,
2622 2442 2754 2494 nihil
2790 2441 2842 2494 in
2876 2449 3124 2494 creatura
3151 2459 3325 2512 neque
3349 2452 3432 2497 est
3477 2459 3571 2499 ne-

1999 2544 2107 2598 que
2139 2529 2358 2592 dicitur,
2400 2536 2457 2582 ut
2489 2530 2833 2585 sublimiores
2864 2532 2984 2585 illas
3027 2547 3188 2586 voces
3241 2533 3569 2602 praetermit-

1998 2629 2133 2684 tam,
2184 2621 2525 2690 neinpczEgo
2562 2623 2613 2676 in
2652 2622 2811 2675 Patre
2837 2633 2886 2676 et
2923 2623 3080 2676 Pater
3113 2626 3170 2677 in
3204 2641 3322 2687 me;
3357 2632 3432 2688 et,
3467 2623 3571 2689 Qui

1998 2710 2127 2763 vidit
2165 2727 2266 2774 me,
2315 2711 2443 2764 vidit
2487 2721 2535 2765 et
2580 2711 2815 2774 Patrem,
2865 2721 2942 2776 et,
2982 2712 3178 2767 Nullus
3206 2716 3334 2768 vidit
3367 2713 3571 2768 Filium

1999 2801 2106 2854 nisi
2147 2800 2310 2854 Pater
2336 2801 2399 2855 ¹⁶.
2436 2801 2494 2855 Si
2543 2801 2708 2870 igitur
2757 2803 2881 2855 talia
2930 2811 2984 2857 et
3033 2813 3181 2856 tanta
3225 2804 3291 2858 de
3321 2812 3572 2858 creatura

2001 2898 2185 2959 posset
2217 2905 2396 2944 sermo
2430 2893 2636 2955 testari,
2675 2901 2820 2946 recte
2871 2893 2971 2962 ipsi
3005 2894 3318 2949 viderentur
3343 2911 3464 2964 qua}
3517 2895 3570 2948 in

2003 2983 2122 3050 ipsa
2157 2990 2498 3050 spectantur,
2534 2984 2932 3038 accommodari
2960 3001 3118 3054 posse
3150 2986 3464 3040 notionibus
3485 2987 3574 3040 his

2003 3088 2140 3140 quas
2171 3075 2237 3126 de
2274 3071 2567 3142 Unigenito
2594 3074 2793 3128 habere
2839 3076 3121 3138 debemus,
3172 3077 3574 3145 comparatione

2004 3163 2145 3217 facta
2177 3170 2364 3217 eorum
2394 3179 2514 3229 qua:
2563 3174 2690 3217 sunt
2736 3165 2979 3233 ejusdem
3027 3169 3242 3236 generis
3295 3168 3437 3222 inter
3492 3183 3571 3223 se.

2003 3256 2156 3321 Quod
2185 3259 2228 3310 si
2261 3271 2449 3309 omnes
2483 3257 2564 3309 ha:
2597 3256 2849 3310 notiones
2870 3266 2923 3311 et
2955 3259 3172 3312 nomina
3203 3275 3322 3328 qua?
3351 3263 3418 3315 de
3439 3259 3574 3315 Filio

2003 3344 2281 3405 dicuntur,
2315 3357 2438 3396 cum
2474 3341 2631 3395 Patre
2657 3342 2854 3396 habent
2889 3344 3326 3398 communionem
3349 3381 3364 3408 ,
3394 3344 3576 3398 notio-

2007 3450 2106 3490 nes
2138 3444 2317 3489 autem
2348 3450 2468 3504 quae
2492 3435 2558 3489 de
2594 3443 2841 3489 creatura
2871 3443 2999 3490 sunt
3039 3445 3338 3505 superant,
3391 3450 3572 3491 annon

2001 3527 2104 3582 iste
2133 3528 2348 3596 sapiens
2379 3534 2431 3581 et
2465 3526 2636 3580 solers
2666 3525 2873 3595 pudore
2905 3527 3281 3592 confunditur,
3311 3526 3439 3581 dum
3476 3543 3574 3598 per

2001 3634 2064 3672 ea
2097 3633 2220 3686 qua:
2249 3618 2303 3671 in
2331 3624 2580 3670 creatura
2615 3616 3050 3679 considerantur,
3079 3615 3144 3670 de
3165 3615 3392 3671 Domino
3419 3632 3574 3671 crea-

2005 3718 2159 3772 turae,
2201 3710 2348 3763 velut
2378 3708 2610 3761 naturali
2647 3709 2854 3762 ratione
2901 3707 3162 3770 disserit,
3200 3707 3432 3762 necdum
3484 3707 3572 3761 in-

2006 3800 2255 3868 telligens
2281 3799 2387 3851 alia
2412 3813 2533 3853 esse
2564 3797 2716 3866 signa
2745 3804 2796 3851 et
2823 3796 3025 3850 indicia
3051 3811 3147 3864 per
3172 3810 3293 3864 qua:
3321 3803 3572 3850 creatura

2005 3886 2599 3958 dignoscitur?Eorum
2623 3885 2766 3940 enim
2788 3887 3026 3939 omnium
3052 3900 3172 3955 quae
3189 3893 3335 3949 sunt,
3360 3901 3571 3942 summa

2004 3979 2202 4033 divisio
2251 3979 2305 4032 in
2343 3979 2393 4032 id
2419 3978 2563 4048 quod
2596 3987 2838 4032 creatum
2870 3986 2971 4040 est,
2997 3985 3050 4032 et
3075 3975 3216 4046 quod
3247 3977 3566 4039 increatum,

2007 4071 2353 4140 partitionem
2410 4070 2611 4123 habet:
2645 4069 2747 4124 hoc
2798 4069 3017 4138 quidem
3072 4075 3132 4122 ut
3179 4083 3399 4122 causam
3448 4068 3569 4134 ejus

2006 4161 2151 4231 quod
2183 4162 2381 4214 factum
2423 4170 2527 4223 est,
2573 4160 2705 4213 illud
2738 4175 2865 4214 vero
2898 4167 2956 4214 ut
2989 4159 3137 4212 illinc
3169 4157 3394 4211 factum.
3433 4157 3566 4210 Cum

2005 4254 2172 4323 igitur
2202 4262 2397 4306 natura
2433 4261 2614 4305 creata
2647 4260 2700 4304 et
2737 4250 2917 4305 divina
2964 4249 3202 4304 essentia
3244 4247 3316 4303 sit
3363 4249 3434 4300 ita
3487 4247 3570 4300 di-

2007 4348 2242 4410 stincta,
2297 4343 2611 4410 nullamque
2663 4344 2977 4396 societatem
3030 4340 3226 4392 habeat
3267 4335 3566 4392 secundum

337 4440 398 4489 ὲν
430 4439 494 4508 τῇ
526 4436 698 4490 κτίσει
726 4437 966 4505 φύσεως,
999 4438 1178 4501 καθώς
1208 4456 1338 4508 φησι
1369 4440 1468 4507 τῆς
1491 4441 1794 4510 παναρέτου
1824 4439 1901 4493 Σο

2009 4436 2388 4506 proprietates,
2421 4434 2621 4501 quibus
2648 4433 3066 4501 dignoscuntur;
3096 4429 3319 4483 omnino
3351 4443 3573 4482 necesse

339 4528 466 4596 φίας
495 4531 524 4582 ὁ
563 4529 744 4596 λόγος,
777 4528 948 4599 ἀρχὴν
980 4530 1073 4583 καὶ
1099 4529 1248 4592 τέλος
1276 4531 1368 4584 καὶ
1404 4532 1670 4602 μεσότητα
1700 4534 1905 4602 χρόνων

338 4621 425 4687 ἐφ’
451 4621 645 4690 ἑαυτῆς
663 4620 1027 4684 δεικνυούσης,
1055 4622 1148 4675 καὶ
1173 4623 1304 4674 πᾶσι
1331 4625 1905 4694 συμπαρατεινομένης

338 4712 452 4772 τοῖς
475 4713 741 4780 χρονικοῖς
771 4709 1122 4780 διαστήμασι,
1152 4712 1354 4782 ταύτην
1378 4715 1474 4779 τὴν
1505 4715 1757 4784 ἰδιότητα,
1793 4712 1904 4772 οἷόν

319 4799 461 4851 ’τινα
488 4801 810 4871 χαρακτῆρα
832 4799 924 4852 τοῦ
953 4801 1309 4871 ὑποκειμένου
1334 4802 1700 4873 λαμϐάνομεν,
1738 4807 1795 4857 ὲν
1827 4805 1903 4875 τῷ

338 4892 556 4954 πάντως
600 4893 693 4943 καὶ
727 4890 898 4962 ἀρχὴν
927 4892 1092 4946 αὑτοῦ
1143 4912 1264 4981 τινα
1303 4895 1401 4964 τῆς
1449 4895 1757 4958 συστάσεως
1785 4895 1904 4966 βλέ-

341 5000 485 5044 πειν,
509 4983 600 5035 καὶ
617 4984 749 5053 πρὸς
774 4984 832 5035 τὸ
864 4983 1024 5053 μέσον
1051 4987 1203 5056 ὁρᾷν,
1230 4986 1321 5037 καὶ
1351 4987 1484 5052 πρὸς
1507 4987 1568 5038 τὸ
1591 4987 1762 5058 πέρας
1785 4989 1906 5050 ταῖς

338 5073 520 5125 ἐλπίσι
589 5072 1132 5143 συμπαρατείνεσοαι.
1184 5073 1593 5144 Μεμαοήκαμεν
1659 5076 1764 5145 γάρ
1823 5076 1904 5129 ὅτι

337 5163 464 5218 οὕτε
494 5161 554 5230 ἐξ
585 5165 752 5218 ἀϊδίου
777 5163 843 5235 ἦν
870 5168 898 5218 ὁ
941 5166 1165 5237 οὐρανὸς
1186 5206 1200 5230 ,
1239 5168 1331 5218 καὶ
1368 5167 1400 5236 ἡ
1433 5167 1536 5236 γῆ,
1582 5168 1704 5221 οὗτε
1735 5169 1814 5230 εἰς
1845 5168 1905 5221 τὸ

339 5255 512 5308 ἀΐδιον
545 5259 696 5308 ἔσται
722 5296 736 5321 ,
772 5258 847 5320 ὡς
877 5261 942 5312 ὲκ
966 5259 1152 5312 τούτου
1187 5259 1342 5329 δῆλον
1386 5255 1542 5323 εἶναι,
1573 5261 1653 5311 ὅτι
1681 5260 1771 5312 καὶ
1797 5259 1905 5312 ἀπὸ

336 5347 515 5416 ἀρχῆς
546 5365 687 5410 τινος
728 5348 795 5400 τὰ
818 5349 942 5402 ὄντα
971 5350 1172 5420 ἤρξατο
1194 5391 1207 5413 ,
1246 5352 1338 5404 καὶ
1365 5352 1444 5414 εἷς
1470 5368 1521 5403 τι
1555 5351 1768 5413 πάντως
1807 5367 1905 5403 κα-

334 5439 559 5508 ταλήξει
591 5439 781 5509 πέρας.
837 5441 900 5492 Ἦ
943 5442 1000 5493 δὲ
1043 5443 1160 5494 θεία
1193 5441 1352 5510 φύσις
1397 5442 1516 5495 κατ’
1563 5442 1712 5494 οὐδὲν
1742 5442 1904 5512 μέρος

337 5530 722 5602 περατουμένη
747 5570 762 5596 ,
797 5531 931 5585 ἀλλὰ
971 5535 1297 5604 πανταχόθεν
1343 5536 1400 5588 ὲν
1427 5535 1505 5606 τῷ
1532 5534 1766 5607 ἀορίστῳ
1794 5537 1902 5590 πᾶν

439 5705 482 5741 ¹⁸
496 5711 650 5767 Joau.
689 5726 800 5779 xuv,
830 5711 882 5766 9.

2000 4535 2085 4584 est
2117 4543 2224 4581 non
2281 4541 2374 4595 per
2429 4526 2628 4580 similia
2669 4534 2954 4592 utramque
3005 4523 3340 4593 intelligere,
3394 4539 3572 4591 neque

2000 4619 2216 4673 easdem
2246 4624 2404 4671 notas
2445 4631 2540 4671 seu
2597 4615 2926 4685 cognitionis
2960 4615 3193 4684 insignia
3223 4630 3412 4669 eorum
3451 4631 3572 4684 qua:

2001 4709 2301 4766 secundum
2327 4718 2537 4763 naturae
2565 4709 2831 4762 rationem
2856 4707 3080 4770 distant,
3114 4709 3408 4778 inquirere.
3432 4709 3566 4763 Cum

2001 4800 2168 4870 igitur
2194 4808 2390 4852 natura
2426 4806 2632 4862 creata,
2665 4797 2808 4850 sicut
2837 4797 2912 4849 ait
2935 4792 3324 4863 omnipotentis
3341 4799 3572 4867 Sapien-

2005 4894 2092 4946 tiae
2119 4907 2322 4956 sermo,
2352 4891 2674 4960 principium
2709 4896 2762 4943 et
2798 4889 2955 4942 finem
2985 4898 3039 4942 et
3081 4889 3317 4944 medium
3361 4900 3570 4960 tempo-

2005 4997 2126 5036 rum
2163 4983 2216 5034 in
2251 4980 2430 5050 seipsa
2453 4981 2813 5043 demonstret,
2843 4987 2896 5034 et
2925 4993 3049 5032 cum
3078 4979 3332 5033 omnibus
3363 4988 3572 5050 tenipo-

2005 5073 2214 5127 ralibus
2259 5071 2560 5126 intervallis
2591 5069 2915 5124 extendatur
2937 5109 2953 5136 ,
2985 5069 3127 5124 hanc
3183 5071 3569 5140 proprietatem

2005 5165 2156 5218 velut
2185 5163 2554 5217 characterem
2587 5159 2896 5231 quemdam,
2927 5159 2977 5214 id
3009 5167 3092 5215 est
3126 5171 3309 5215 notam
3337 5158 3571 5225 subjecti

2007 5257 2297 5320 sumimus,
2331 5256 2385 5310 in
2416 5269 2483 5308 eo
2517 5253 2664 5324 quod
2684 5253 2904 5324 aliquod
2939 5252 3267 5322 principium
3301 5263 3413 5302 suae
3435 5263 3571 5301 con-

2007 5351 2311 5405 stitutionis
2357 5347 2608 5402 videmus
2631 5386 2646 5410 ,
2682 5356 2734 5401 et
2771 5346 3006 5401 medium
3051 5342 3327 5400 cernimus
3350 5379 3365 5401 ,
3401 5345 3455 5391 et
3502 5337 3575 5392 ad

2006 5450 2307 5496 extremum
2338 5439 2628 5496 terminum
2656 5453 2752 5508 Spe
2777 5437 2983 5507 pariter
3009 5432 3374 5488 extendimur.
3422 5427 3575 5485 Didi-

2005 5535 2182 5592 cimus
2231 5533 2377 5590 enim
2421 5532 2567 5603 quod
2613 5529 2814 5585 cretum
2865 5540 2974 5580 non
3019 5531 3104 5579 est
3143 5521 3208 5575 ab
3241 5529 3477 5586 aeterno,
3517 5536 3574 5583 et
