4034 6156
1435 262 1466 270 ν-

486 333 590 391 793

1791 327 1846 383 S.
1881 327 2201 384 CREGORII
2242 325 2532 412 NYSSIENI

3629 319 3729 375 1‘36

487 459 656 511 terra,
685 460 858 516 neque
887 445 940 498 in
976 451 1241 498 internum
1272 442 1398 507 erit,
1435 449 1494 495 ut
1521 455 1586 495 ex
1628 455 1693 494 eo
1730 442 1800 493 sit
1845 443 2052 512 perspi-

2157 441 2366 512 πέρας,
2406 441 2755 494 διαϐαίνουσα
2785 480 2797 503 ,
2840 437 3121 509 πόρρωθέν
3167 438 3281 489 ἐστι
3324 434 3431 488 τῶν
3483 437 3575 489 ἐπὶ
3628 439 3727 507 τῆς

484 553 668 599 cuum,
704 534 844 605 quod
881 535 950 587 ab
976 533 1160 602 aliquo
1191 533 1458 602 principio
1488 546 1608 600 qua:
1635 539 1763 584 sunt
1790 531 1844 583 in
1876 547 2053 583 rerum

484 637 678 682 natura
708 634 1012 695 coeperunt,
1041 634 1093 678 et
1122 626 1174 678 in
1213 622 1434 692 aliquod
1475 630 1780 676 extremum
1831 637 2056 690 prorsus

483 719 752 773 desinent.
787 717 975 769 Divina
1014 723 1194 770 autem
1235 725 1429 768 natura
1473 715 1623 768 nulla
1673 724 1823 783 parte
1869 717 2054 767 termi-

485 818 632 873 nata,
666 809 759 862 sed
797 808 1035 876 undique
1083 808 1136 860 in
1185 807 1460 860 inﬁnitum
1514 821 1728 860 omnem
1767 806 2053 858 terminum

487 913 794 970 permeans,
832 899 990 967 longe
1017 898 1169 952 abest
1199 898 1265 950 ab
1293 897 1378 951 his
1407 896 1578 964 signis
1603 907 1655 951 et
1685 897 1827 950 notis
1859 912 1976 965 qua:
2003 897 2055 949 in

485 999 737 1043 creatura
767 990 1142 1042 inveniuntur.
1183 987 1393 1041 Etenim
1427 987 1786 1041 dimensionis
1838 1003 2055 1057 expers,

484 1083 600 1139 sine
623 1081 921 1148 quantitate
945 1088 998 1133 et
1018 1080 1490 1148 incircumscripta
1521 1078 1778 1147 potentia,
1800 1079 1850 1130 in
1877 1081 2057 1148 seipsa

483 1174 852 1242 complectens
887 1171 1107 1233 saecula,
1143 1177 1197 1224 et
1224 1185 1437 1222 onmem
1466 1185 1588 1238 quae
1625 1169 1676 1221 in
1717 1169 1850 1239 ipsis
1879 1170 2058 1222 conti-

483 1271 644 1316 netur
679 1270 1011 1323 creaturam,
1043 1271 1206 1330 atque
1235 1261 1380 1313 omni
1410 1276 1474 1314 ex
1521 1269 1676 1328 parte
1725 1261 2051 1315 saeculorum

485 1354 805 1408 inﬁnitatem
835 1354 1069 1422 propria:
1098 1362 1305 1406 natura:
1348 1352 1650 1406 mternitate
1697 1369 2053 1422 exsuperans,

487 1445 570 1497 vel
601 1443 808 1496 nullum
841 1443 1003 1496 habet
1030 1442 1243 1512 signant
1281 1441 1424 1510 quod
1455 1449 1706 1494 naturam
1735 1443 1855 1511 ejus
1895 1443 2060 1509 signi-

488 1535 631 1598 licet,
672 1536 754 1588 vel
783 1535 927 1588 aliud
959 1533 1216 1601 quiddam
1247 1532 1490 1595 omnino,
1522 1541 1574 1586 et
1619 1533 1760 1601 quod
1809 1541 2056 1586 creatura

487 1641 595 1679 non
626 1626 803 1680 habet.
839 1626 1104 1691 Quoniam
1138 1624 1303 1692 igitur
1329 1625 1608 1693 proprium
1645 1632 1914 1678 creatura:
1949 1632 2053 1685 est,

486 1718 816 1786 principium
865 1718 1103 1780 habere,
1155 1716 1390 1770 alienum
1438 1733 1661 1786 prorsus
1705 1717 1773 1769 ab
1818 1718 2056 1770 increata

2158 535 2385 594 κτίσεως
2416 529 2816 600 εὑρισκομένων
2852 528 3108 598 σημείων.
3162 527 3223 578 Ἡ
3263 525 3370 596 γὰρ
3410 526 3731 586 ἀδιάστατος

2158 622 2251 675 καὶ
2274 623 2472 684 ἀποσος
2503 621 2593 673 καὶ
2619 620 3027 690 ἀπερίγραπτος
3053 617 3276 686 δύναμις
3294 658 3307 681 ,
3333 619 3388 668 ὲν
3412 617 3576 684 ἑαυτῇ
3603 617 3733 677 τοὺς

2157 713 2356 774 αἰῶνας
2385 713 2478 765 καὶ
2518 713 2697 764 πᾶσαν
2725 710 2820 780 τὴν
2853 713 2908 761 ὲν
2935 709 3142 770 τούτοις
3172 707 3365 776 ἔχουσα
3388 707 3565 758 κτίσιν
3585 745 3599 767 ,
3634 705 3734 757 καὶ

2159 804 2491 873 πανταχόθεν
2525 803 2621 872 τῆς
2654 801 2762 856 τῶν
2802 801 3009 855 αἰώνων
3058 801 3311 870 ἀπειρίας
3354 801 3419 869 τῇ
3469 799 3732 868 ἀῐδιότητι

2156 895 2257 964 τῆς
2296 895 2426 956 ἰδίας
2452 894 2935 965 ὑπερεκπίπτουσα
2959 892 3200 960 φύσεως,
3233 890 3264 959 ἢ
3309 891 3457 943 οὐδὲν
3493 890 3606 959 ἔχει
3631 907 3734 958 ση-

2137 989 2311 1056 μεῖον
2339 986 2400 1038 τὸ
2433 984 2783 1055 καταμηνύον
2812 983 2910 1052 τὴν
2940 981 3132 1051 φύσιν,
3176 981 3209 1050 ἢ
3245 981 3370 1034 ἄλλο
3406 997 3458 1032 τι
3491 980 3732 1042 πάντως,

2158 1078 2251 1130 καὶ
2275 1079 2372 1147 οὑχ
2393 1079 2526 1148 ὅπερ
2553 1080 2585 1147 ἡ
2611 1076 2786 1139 κτίσις
2825 1075 2958 1144 ἔχει.
3002 1075 3157 1128 Ἐπεὶ
3183 1070 3274 1125 οὖν
3314 1073 3443 1126 ἴδιον
3475 1073 3574 1141 τῆς
3610 1072 3732 1125 κτί-

2160 1185 2293 1230 σεως
2320 1168 2378 1219 τὸ
2403 1167 2576 1238 ἀρχὴν
2610 1167 2783 1236 ἔχειν,
2810 1165 3088 1237 ἀλλότριον
3115 1167 3183 1222 ἂν
3220 1163 3302 1233 εἴη
3343 1164 3439 1233 τῆς
3471 1163 3732 1215 ἀκτίστου

2159 1259 2371 1328 φύσεως
2397 1259 2456 1310 τὸ
2491 1259 2587 1324 τῆς
2617 1258 2842 1320 κτίσεως
2875 1256 3027 1309 ἴδιον.
3056 1257 3118 1308 Εἰ
3147 1254 3253 1325 γὰρ
3283 1253 3402 1306 καθ’
3433 1251 3731 1322 ὁμοιότητα

2159 1350 2382 1412 κτίσεως
2435 1349 2528 1401 καὶ
2562 1348 2657 1419 τὴν
2696 1349 2788 1401 τοῦ
2830 1346 3165 1416 Μονογενοῦς
3218 1345 3446 1416 ὓπαρξιν
3492 1345 3556 1398 ἐκ
3586 1361 3731 1406 two;

2160 1441 2713 1511 καταλαμϐανομένης
2741 1441 2912 1510 ἀρχῆς
2945 1439 3291 1492 ὑποτίθεσθαί
3333 1455 3413 1500 τις
3453 1437 3728 1503 ἀξιώσειε,

2160 1534 2279 1584 κατ’
2310 1532 2552 1602 ἀνάγκην
2601 1532 2778 1584 πάντα
2824 1531 2965 1583 κατά
2999 1530 3094 1600 τὴν
3134 1529 3242 1582 τῶν
3279 1528 3476 1580 λοιπῶν
3505 1527 3734 1580 ἀκολού-

2160 1624 2308 1678 θειαν
2353 1625 2429 1694 τῷ
2481 1625 2609 1692 περὶ
2651 1624 2838 1676 τούτου
2877 1624 3020 1693 λόγῳ
3052 1622 3472 1690 συνεφαρμόσει.
3503 1621 3578 1672 Ού
3617 1620 3732 1691 γὰρ

2160 1716 2276 1770 ἔστι
2325 1718 2422 1788 τῆς
2455 1718 2623 1788 ἀρχῆς
2657 1717 2899 1786 δοθείσης
2952 1715 3026 1786 μὴ
3073 1714 3497 1784 συνομολογῆσαι
3537 1714 3631 1766 καὶ
3670 1713 3732 1766 τὸ

488 1817 704 1871 natura,
732 1808 876 1877 quod
906 1815 1167 1862 creatura:
1207 1816 1291 1862 est
1345 1810 1644 1878 pr0prium.
1690 1808 1744 1862 Si
1796 1809 1939 1863 enim
1985 1809 2051 1862 ad

2156 1809 2416 1878 ἑπόμενον
2427 1847 2438 1861 .

491 1900 906 1954 similitudinem
940 1912 1202 1954 creatura:
1251 1901 1416 1954 etiam
1460 1901 1735 1972 Unigeniti
1787 1902 2165 1956 cxsistcntiam
2239 1902 2306 1955 ab
2371 1901 2555 1970 aliquo
2617 1890 3088 1967 comprehensibili
3157 1897 3423 1967 principio
3468 1895 3728 1965 eri-pisse,

486 2006 794 2060 supponere
849 1991 970 2059 quis
1017 1992 1334 2055 censuerit,
1389 1994 1696 2047 necessario
1744 2005 1799 2047 et
1836 1995 2043 2062 reliqua
2083 2008 2204 2062 qua:
2237 1993 2290 2046 in
2338 2001 2592 2047 creatura
2659 1991 3034 2054 inveniuntur,
3080 1989 3280 2044 rationi
3320 1987 3440 2058 ejus
3507 2002 3732 2042 accom-

487 2083 810 2136 modaret-it.
841 2081 958 2134 Non
994 2082 1137 2135 enim
1169 2084 1439 2152 integrum
1489 2091 1573 2137 est
1619 2085 1746 2138 dato
1791 2085 2056 2153 principio
2095 2100 2204 2138 non
2231 2085 2392 2138 simul
2421 2084 2663 2137 conﬁteri
2690 2081 2832 2151 quod
2863 2083 3126 2150 sequitur.

563 2172 1033 2236 Quemadmodum
1059 2173 1203 2226 enim
1230 2175 1274 2225 si
1306 2175 1430 2241 quis
1461 2174 1734 2227 hominem
1764 2191 1886 2228 esse
1921 2190 2053 2228 con-

486 2264 742 2326 cesserit,
780 2279 901 2332 quae
926 2271 1054 2317 sunt
1087 2273 1292 2316 natura:
1316 2265 1566 2318 humana:
1590 2281 1712 2318 eum
1739 2267 1938 2320 habere
1960 2282 2055 2334 per

493 2355 635 2407 hanc
665 2353 1072 2407 conl'essionen't
1121 2355 1409 2415 annexuit,
1448 2362 1498 2407 et
1550 2355 1748 2407 animal
1795 2356 1970 2425 ipsum
2003 2363 2055 2410 et

488 2442 760 2496 rationale
789 2440 998 2504 dicens,
1023 2444 1139 2496 etsi
1171 2443 1300 2512 quid
1329 2442 1474 2495 aliud
1512 2441 1566 2496 in
1593 2444 1812 2499 homine
1854 2446 2054 2499 intelli-

486 2536 659 2605 gitur:
726 2533 914 2588 eadem
957 2535 1166 2588 ratione
1218 2535 1263 2589 si
1313 2550 1480 2588 unum
1537 2535 1666 2603 quid
1705 2551 1893 2591 eorum
1935 2553 2056 2607 qua:

489 2627 712 2696 proprie
739 2633 1004 2680 creatura:
1048 2627 1444 2691 attribuuntur,
1491 2624 1544 2678 in
1587 2628 1768 2682 divina
1803 2630 2046 2683 essentia

490 2717 942 2780 intellexerimus,
989 2716 1102 2781 jam
1175 2733 1280 2770 non
1323 2718 1483 2771 nobis
1521 2719 1748 2773 liberum
1796 2720 1900 2774 erit
1942 2734 2057 2773 am-

495 2810 639 2878 plius
670 2810 932 2860 rationem
987 2821 1176 2860 eorum
1224 2823 1344 2876 quae
1389 2807 1442 2859 in
1484 2808 1599 2876 ipsa
1643 2809 2059 2863 considerantur

499 2909 710 2952 naturae
751 2897 1042 2950 immortali
1085 2911 1190 2949 non
1229 2898 1520 2965 applicare.
1551 2895 1882 2968 Principium
1913 2900 2056 2954 enim

487 2991 729 3043 violente
762 2995 814 3042 et
854 2991 1169 3042 necessario
1239 2987 1385 3056 quod
1428 2997 1550 3056 post
1587 2989 1762 3057 ipsum
1813 2990 2058 3059 sequitur

488 3081 670 3150 exiget
718 3097 730 3132 :
781 3078 1110 3147 principium
1185 3077 1329 3131 enim
1381 3078 1524 3146 quod
1587 3079 1667 3132 sic
1718 3079 2057 3148 intelligitur,

487 3186 678 3223 eorum
707 3185 828 3238 qua:
854 3179 974 3239 post
1021 3171 1204 3237 ipsum
1235 3175 1362 3222 sunt
1395 3169 1720 3239 principium
1749 3180 1849 3225 est.
1881 3171 2060 3237 Quare

488 3262 536 3316 si
569 3262 659 3314 illa
695 3261 917 3324 fuerint,
954 3270 1008 3314 et
1066 3261 1168 3314 hoc
1193 3275 1315 3316 esse
1341 3276 1564 3315 necesse
1585 3271 1708 3316 est:
1744 3265 1787 3316 si
1814 3277 1940 3316 vero
1970 3263 2060 3316 illa

489 3353 702 3407 sublata
759 3352 982 3414 fuerint,
1040 3368 1214 3422 neque
1273 3352 1416 3420 quod
1483 3353 1753 3407 antecedit
1817 3368 2055 3408 manere.

2231 2175 2441 2246 ’Ὠσπερ
2492 2173 2600 2244 ’γὰρ
2638 2173 2690 2225 εί
2724 2190 2808 2235 τις
2843 2171 3125 2240 ἄνθρωπον
3168 2167 3306 2225 εἷναι
3337 2171 3451 2242 δοίη
3475 2213 3488 2234 ,
3519 2171 3612 2224 τὸν
3658 2171 3730 2226 τά

2153 2265 2254 2333 τῆς
2301 2264 2512 2332 φύσεως
2554 2265 2641 2317 διὰ
2682 2264 2780 2332 τῆς
2820 2261 3106 2332 ὁμολογίας
3151 2261 3350 2330 ταύτης
3396 2265 3741 2334 συνήρτησεκ

2155 2355 2249 2407 καὶ
2279 2355 2413 2416 ζῶον
2445 2353 2606 2406 αὑτὸν
2654 2353 2749 2404 καὶ
2793 2352 3005 2420 λογικὸν
3035 2348 3172 2405 εἶναι
3209 2352 3380 2420 λέγων
3400 2393 3414 2419 ,
3447 2355 3541 2406 καὶ
3578 2355 3632 2406 ετ
3671 2370 3725 2406 τι

2155 2447 2282 2502 ἄλλο
2317 2450 2516 2499 νοεῖται
2567 2447 2692 2516 περὶ
2745 2446 2832 2499 τὸν
2884 2447 3190 2516 ἄνθρωπον·
3254 2445 3398 2500 κατά
3426 2445 3515 2498 τὸν
3560 2448 3726 2499 αὑτὸν

2155 2539 2310 2606 λόγον
2331 2578 2352 2603 ,
2382 2541 2430 2590 ει
2463 2538 2520 2590 ἓν
2553 2556 2602 2590 τι
2630 2537 2737 2590 τῶν
2767 2538 2893 2608 περὶ
2924 2539 3021 2608 τὴν
3063 2537 3238 2590 κτίσιν
3289 2538 3592 2607 ἰδιωμάτων
3633 2539 3729 2591 ἐπὶ

2154 2629 2251 2699 τῆς
2302 2629 2449 2692 Θείας
2498 2629 2682 2692 οὐσίας
2726 2630 3197 2700 κατανοήσαιμεν,
3238 2629 3414 2682 οὐκέτ’
3463 2631 3548 2697 ἐφ’
3592 2632 3730 2699 ἡμῖν

2155 2719 2306 2772 ἔσται
2332 2747 2356 2782 ,ο
2380 2719 2470 2773 τὸν
2497 2720 2652 2787 λόγον
2681 2720 2787 2772 τῶν
2826 2721 2912 2772 ἐπ’
2964 2720 3131 2789 αὑτῆς
3178 2719 3565 2790 θεωρουμένων
3584 2759 3598 2781 ,
3651 2719 3730 2790 μὴ

2156 2808 2461 2879 ἐφαρμόσαι
2503 2811 2567 2878 τῇ
2613 2809 2873 2878 ἀκηράτῳ
2902 2807 3079 2875 φύσει.
3126 2805 3186 2859 'H
3234 2807 3342 2876 γὰρ
3367 2806 3506 2877 ἀρχὴ
3539 2805 3726 2875 βιαίως

2155 2916 2213 2952 τε
2239 2901 2330 2953 καὶ
2354 2898 2664 2966 ἀναγκαίως
2693 2899 2753 2950 τὸ
2780 2897 3118 2968 μεθἰὲαυτὴν
3151 2897 3438 2950 ἀκόλουθον
3468 2897 3731 2968 ἐπιζητή-

2159 3009 2261 3045 σει·
2289 2994 2322 3064 ἡ
2355 2992 2462 3062 γὰρ
2483 2990 2624 3044 οὕτω
2647 2990 2910 3061 νοουμένη
2941 2991 3083 3060 ἀρχὴ
3104 2989 3211 3043 τῶν
3240 2990 3354 3060 μετ’
3375 2991 3545 3061 αὑτήν
3574 2993 3730 3045 ἐστιν

2157 3085 2325 3157 ἀρχὴ,
2359 3083 2498 3137 ὥστε
2555 3086 2602 3141 εί
2632 3085 2813 3137 ἐκεῖνα
2837 3082 2920 3154 εἴη
2949 3123 2964 3148 ,
3000 3085 3094 3136 καὶ
3132 3083 3334 3153 ταύτην
3363 3079 3532 3137 εἶναι’
3575 3085 3625 3136 εἰ
3668 3085 3729 3138 δὲ

2157 3176 2430 3246 ἀναιροῖτο
2457 3175 2523 3227 τὰ
2554 3175 2894 3245 συνημμένα,
2929 3175 3060 3245 μηδὲ
3098 3175 3159 3227 τὸ
3191 3176 3596 3246 προηγούμενον
3627 3178 3730 3248 μέ-

2158 3279 2289 3317 νειν.
2314 3263 2424 3330 Τῆς
2452 3263 2626 3316 τοίνυν
2655 3265 2842 3332 σοφίας
2891 3264 2984 3316 καὶ
3046 3264 3317 3336 μεσότητα
3353 3267 3444 3318 καὶ
3473 3265 3625 3331 τέλος
3658 3268 3726 3338 τῇ

2159 3354 2299 3424 ἀρχῇ
2331 3354 2677 3426 προτιθείσης
2698 3394 2712 3416 ,
2743 3356 2792 3407 εἰ
2834 3354 3090 3425 λάϐοιμεν
3116 3355 3207 3408 ἐπὶ
3234 3355 3330 3423 τῆς
3357 3355 3450 3408 τοῦ
3485 3359 3729 3425 Μονογε-

486 3446 626 3498 (tum
652 3445 818 3514 igitur
869 3443 1136 3512 sapientia
1195 3451 1248 3494 et
1277 3442 1618 3496 medietatem
1643 3450 1696 3496 et
1725 3443 1884 3496 ﬁnem
1911 3445 2054 3513 prin-

2161 3445 2284 3508 νοῦς
2310 3447 2522 3514 φύσεως
2560 3447 2735 3517 ἀρχήν
2764 3464 2883 3500 τινα
2909 3448 3016 3501 ἀπό
3046 3465 3188 3511 τινος
3220 3448 3442 3518 σημείου
3475 3451 3731 3520 ὁριζομέ-

488 3536 636 3606 cipio
670 3543 970 3605 praeponat,
1015 3533 1059 3587 si
1093 3533 1148 3584 in
1199 3530 1472 3601 Unigeniti
1501 3542 1692 3586 natura
1725 3535 2055 3604 principium

490 3624 710 3695 aliquod
739 3625 858 3693 ejus
891 3623 1257 3676 subsistentia:
1291 3623 1360 3676 ab
1407 3623 1589 3692 aliquo
1627 3632 1830 3692 puncto
1879 3625 2056 3681 deter-

489 3717 755 3770 ininatum
789 3713 1204 3782 sumpserimus.
1260 3713 1402 3768 sicut
1442 3713 1773 3782 dogmatizat
1807 3716 2051 3781 haeresis,

491 3806 680 3876 procul
717 3803 884 3857 dubio
933 3801 1196 3856 concedet
1219 3803 1501 3871 sapientia,
1548 3811 1602 3856 et
1637 3803 1796 3857 ﬁnem
1841 3813 1896 3858 et
1935 3821 2053 3860 rne—

491 3899 640 3950 dium
669 3893 940 3964 principio
977 3893 1258 3962 copulare.
1284 3893 1437 3958 Quod
1474 3894 1517 3948 si
1542 3894 1646 3948 hoc
1677 3894 1788 3958 ﬁat,
1814 3895 2055 3950 invenie-

489 3997 580 4044 tur
643 3985 800 4040 nobis
843 3985 1127 4053 theologus
1181 3985 1280 4038 iste
1313 3987 1648 4055 argumentis
1683 3987 2058 4043 demonstrare

491 4078 659 4132 Deum
711 4075 995 4130 mortalem
1039 4089 1180 4128 esse.
1232 4072 1288 4127 Si
1341 4075 1482 4128 enim
1543 4077 1868 4145 principium
1925 4078 2050 4132 ﬁnis

490 4169 791 4225 secundum
822 4167 1088 4221 rationem
1119 4165 1403 4235 sapientiae
1431 4168 1743 4221 necessario
1785 4170 2052 4238 sequitur,

491 4261 729 4316 medium
779 4261 940 4313 etiam
995 4257 1136 4311 inter
1191 4265 1435 4311 extrema
1494 4257 1896 4311 consideratur:
1965 4258 2055 4328 qui

489 4367 657 4407 unum
690 4351 918 4413 dederit,
944 4357 1211 4419 potestate
1244 4357 1297 4403 et
1327 4350 1432 4402 alia
1461 4349 1621 4404 simul
1649 4350 1868 4414 astruit,
1906 4367 2058 4404 men-

489 4460 648 4500 suras
671 4453 723 4498 et
749 4450 1051 4498 extremum
1080 4443 1202 4496 vita:
1233 4442 1390 4494 ﬁnem
1458 4451 1665 4496 natura:
1687 4441 1908 4496 inﬁnitae
1961 4445 2056 4497 de-

491 4537 811 4591 tcrminans.
863 4535 1020 4600 Quod
1055 4536 1102 4588 si
1136 4539 1240 4588 hoc
1271 4536 1494 4604 impium
1527 4543 1610 4589 est
1652 4544 1704 4589 et
1736 4536 2052 4600 absurdum,

487 4628 683 4696 .equali
744 4627 827 4680 vel
863 4626 1028 4680 etiam
1063 4625 1268 4695 majore
1300 4628 1651 4681 accusatione
1695 4627 1918 4695 dignum
1948 4635 2052 4688 est,

453 4719 458 4721 ’
495 4715 830 4785 principium
864 4715 994 4769 dare
1035 4716 1275 4769 sermoni
1305 4717 1358 4768 in
1392 4716 1721 4784 impietatem
1753 4717 2053 4770 desinenti:

2156 3555 2254 3607 νην
2285 3541 2382 3608 τῆς
2423 3539 2766 3599 ὑποστάσεως
2793 3578 2808 3602 ,
2841 3539 3020 3602 καθὼς
3068 3539 3382 3610 δογματίζει
3424 3543 3457 3610 ἡ
3494 3542 3728 3612 αἵρεσις,

2157 3629 2218 3680 οὑ
2247 3629 2588 3698 συγχωρήσει
2621 3630 2834 3691 πάντως
2870 3632 2903 3698 ἡ
2948 3630 3107 3698 σοφία
3133 3670 3147 3693 ,
3191 3631 3264 3701 μὴ
3314 3633 3408 3684 καὶ
3453 3633 3514 3685 τὸ
3553 3633 3729 3703 πέρας

2157 3719 2249 3772 καὶ
2278 3719 2337 3772 τὸ
2372 3720 2532 3790 μέσον
2561 3722 2626 3790 τῇ
2669 3722 2809 3791 ἀρχῇ
2845 3721 3198 3792 συναρτῆσαι.
3241 3723 3303 3776 Ei
3335 3724 3390 3776 δὲ
3433 3724 3590 3777 τοῦτο
3636 3727 3733 3794 γέ-

2157 3827 2317 3873 νοιτο,
2348 3811 2703 3882 εὑρεθήσεται
2735 3813 2863 3881 ἡμῖν
2887 3813 2915 3864 ὁ
2948 3811 3188 3880 θεολόγος
3208 3851 3223 3877 ,
3256 3813 3446 3883 θνητὸν
3477 3819 3587 3878 τοῖς
3615 3819 3730 3870 ἐπι-

2157 3901 2483 3970 χειρήμασιν
2512 3901 2876 3956 ἀποδεικνύων
2915 3902 2977 3953 τὸ
3013 3901 3185 3956 Θεῖον.
3229 3904 3290 3955 Εί
3321 3904 3428 3974 γὰρ
3470 3909 3535 3976 τῇ
3579 3908 3726 3979 ἀρχῇ

2155 3990 2216 4042 τὸ
2238 3991 2386 4055 τέλος
2414 3993 2552 4044 κατά
2579 3993 2668 4044 τὸν
2706 3992 2805 4061 τῆς
2863 3992 3052 4062 σοφίας
3089 3993 3245 4063 λόγον
3281 3994 3589 4062 ἀναγκαίως
3632 3999 3731 4066 ἐφ-

2158 4083 2365 4145 έπεται,
2387 4087 2479 4137 καὶ
2511 4085 2570 4136 τὸ
2598 4085 2757 4154 μέσον
2788 4087 3128 4155 ἐνθεωρεῖται
3153 4089 3264 4150 τοῖς
3300 4087 3554 4159 πέρασιν’
3611 4092 3640 4144 ὁ
3665 4091 3732 4144 τὸ

2157 4172 2214 4224 ἓν
2258 4174 2380 4235 δοὺς
2403 4214 2417 4238 ,
2449 4176 2513 4244 τῇ
2551 4159 2774 4243 δυνάμει
2824 4177 2916 4228 καὶ
2963 4176 3032 4228 τὰ
3059 4177 3191 4230 ἄλλα
3227 4179 3724 4248 συγκατεσκεύασε,

2160 4263 2332 4334 μέτρα
2366 4265 2458 4317 καὶ
2491 4265 2662 4336 πέρας
2704 4266 2850 4334 ζωῆς
2899 4267 3094 4338 ὁρίζων
3138 4273 3202 4340 τῇ
3253 4271 3487 4342 ἀορίστῳ
3542 4275 3723 4340 φύσει.

2157 4357 2219 4408 Ei
2257 4354 2313 4406 δὲ
2342 4355 2497 4408 τοῦτο
2520 4356 2715 4418 ἀσεϐές
2756 4374 2815 4408 τε
2847 4358 2937 4408 καὶ
2964 4359 3193 4425 ἄτοπον,
3228 4362 3325 4430 τῆς
3362 4362 3482 4431 ἴσης
3543 4364 3573 4433 ἢ
3631 4365 3726 4418 καὶ

2161 4445 2416 4516 μείζονος
2464 4446 2612 4511 ἄξιον
2658 4447 2992 4517 κατηγορίας
3029 4451 3184 4515 ἐστὶ,
3228 4452 3289 4504 τὸ
3321 4455 3492 4525 ἀρχὴν
3542 4455 3728 4512 δοῦναι

2157 4535 2232 4604 τῷ
2261 4535 2404 4604 λόγῳ
2429 4534 2505 4604 τῷ
2535 4535 2784 4588 ἀσέϐειαν
2809 4537 3022 4603 λέγοντι
3041 4554 3054 4567 ·
3095 4541 3236 4609 ἀρχὴ
3260 4539 3316 4592 δὲ
3349 4543 3446 4610 τῆς
3470 4561 3727 4617 τοιαυτης

2156 4627 2381 4688 ἀτοπίας
2415 4627 2621 4698 ὲιράνη,
2668 4629 2728 4681 τὸ
2764 4631 2821 4680 ὲν
2863 4630 3004 4700 ἀρχῇ
3052 4647 3156 4682 τινι
3203 4638 3726 4708 περιγεγραμμένην

2165 4715 2248 4766 τοῦ
2290 4716 2419 4768 Telo?)
2453 4717 2551 4786 τὴν
2579 4717 2722 4788 ζωὴν
2755 4720 2989 4788 νομίσαι.
3027 4721 3188 4774 Ὥστε
3214 4723 3354 4775 δυοῖν
3389 4724 3616 4794 θάτερον
3642 4768 3656 4790 ,
3689 4728 3722 4799 ἢ

493 4808 662 4877 hujus
703 4814 883 4861 autem
919 4805 1281 4860 absurditatis
1319 4807 1646 4874 principium
1695 4805 1819 4860 inde
1850 4807 2050 4867 elucet,

2159 4808 2550 4878 μεταθήσονται
2585 4810 2720 4879 πρὸς
2760 4810 2850 4862 τὸν
2900 4812 3208 4879 ὑγιαίνοντα
3253 4814 3407 4882 λόγον
3460 4817 3567 4869 ὑπὸ
3613 4819 3722 4870 τῶν

491 4894 640 4965 quod
687 4896 1008 4948 existiment
1058 4896 1224 4948 vitam
1290 4893 1411 4946 Filii
1470 4895 1577 4947 alio
1637 4895 2056 4962 circumscripto

490 4983 766 5056 principio
799 4998 922 5036 esse
945 4984 1288 5038 conclusam.
1318 4983 1501 5048 Quare
1532 4984 1764 5038 duorum
1797 4985 2052 5046 alterum,

491 5077 574 5131 vel
613 5073 972 5126 mutabuntur
1009 5071 1073 5124 ad
1114 5087 1309 5125 sanum
1358 5087 1666 5127 sermonem
1704 5089 1802 5142 per
1838 5087 1902 5126 ea
1933 5087 2057 5142 quae

487 5167 639 5220 dicta
689 5168 820 5217 sunt
867 5159 1065 5223 coacti,
1110 5171 1162 5214 ct
1203 5175 1327 5214 cum
1368 5161 1547 5216 Pal-ris
1579 5162 1888 5216 a:ternitate
1931 5177 2054 5215 eum

486 5257 581 5324 qui
614 5271 680 5310 ex
717 5253 814 5307 illo
844 5261 948 5315 est,
977 5251 1528 5319 contemplabuntur;
1563 5254 1644 5306 vel
1687 5252 1794 5307 nisi
1827 5254 1931 5307 hoc
1969 5269 2058 5308 re-

488 5351 612 5413 lint,
649 5353 888 5415 utroque
922 5350 1168 5397 extremo
1209 5342 1584 5397 terminabunt
1622 5342 1747 5396 Filii
1776 5345 2055 5398 aeternita-

492 5452 624 5502 tem,
679 5451 881 5506 nempe
928 5433 1203 5504 principio
1252 5444 1306 5489 et
1364 5435 1493 5497 line,
1559 5434 1884 5490 inﬁnitatem
1933 5437 2057 5492 vita:

487 5529 665 5599 ipsius
697 5529 764 5582 ad
801 5528 857 5582 id
893 5527 1038 5598 quod
1075 5542 1184 5581 non
1233 5526 1454 5582 exsistit
1497 5527 1851 5583 adducentes.
1899 5528 2055 5594 Quod

490 5621 535 5672 si
582 5627 636 5671 et
675 5621 987 5676 animorum
1030 5629 1084 5674 ct
1115 5620 1436 5690 angelorum
1493 5628 1690 5674 natura
1741 5620 1846 5674 ﬁne
1879 5627 2050 5686 caret,

493 5725 668 5779 neque
693 5711 1012 5779 prohibetur
1041 5711 1096 5766 in
1132 5720 1396 5770 aeternum
1431 5713 1766 5783 perpetuari,
1813 5712 1940 5784 quia
1980 5713 2051 5767 sit

2153 4896 2458 4966 εἰρημένων
2482 4898 2934 4968 ἀναγκαζόμενοι,
2966 4902 3061 4954 καὶ
3091 4905 3156 4971 τῇ
3189 4902 3280 4954 τοῦ
3309 4904 3524 4974 Πατρδς
3560 4907 3724 4959 ἀῖδιὸ-

2153 5003 2273 5055 τητι
2325 4989 2414 5040 τὸν
2445 4987 2504 5052 ἐξ
2537 4990 2745 5041 ἐκείνου
2776 4991 3262 5061 συνθεωρήσουσινο
3303 4994 3335 5064 ἢ
3368 4997 3416 5047 εἰ
3461 4997 3538 5066 μὴ
3568 4997 3723 5050 τοῦτο

2155 5077 2425 5146 βούλοιντο
2447 5121 2460 5144 ,
2503 5081 2622 5134 καθ’
2656 5082 2911 5152 ἑκάτερον
2949 5084 3325 5154 περατὼσουσι
3370 5087 3463 5140 τοῦ
3495 5085 3625 5141 Υἱοῦ
3666 5091 3721 5142 τὸ

2154 5169 2320 5221 άῖδιον
2343 5210 2358 5230 ,
2399 5173 2464 5241 τῇ
2495 5172 2634 5241 ἀρχῇ
2671 5174 2764 5227 καὶ
2787 5173 2864 5242 τῷ
2903 5173 3044 5226 τέλει
3081 5176 3141 5227 τὸ
3167 5175 3389 5246 ἄπειρον
3417 5179 3581 5231 αὑτοῦ
3623 5179 3719 5248 τῆς

2157 5259 2299 5330 ζωῆς
2327 5264 2404 5324 εἰς
2437 5263 2496 5315 τὸ
2532 5263 2875 5333 ἀνύπαρκτον
2915 5265 3155 5332 ἄγοντες.
3185 5265 3246 5319 Εἰ
3278 5267 3333 5318 δὲ
3369 5269 3719 5340 ἀτελεύτητος

2154 5352 2248 5404 καὶ
2279 5352 2385 5405 τῶν
2419 5354 2602 5422 ψυχῶν
2631 5357 2726 5406 καὶ
2747 5354 2854 5406 τῶν
2875 5355 3121 5422 ἀγγέλων
3153 5358 3185 5426 ἡ
3217 5355 3375 5425 φύσις
3397 5397 3412 5419 ,
3441 5360 3536 5411 καὶ
3568 5361 3716 5412 οὐδὲν

2153 5442 2419 5496 κωλύεται
2452 5446 2530 5507 εἰς
2562 5445 2624 5496 τὸ
2653 5445 2816 5498 ἀΐδιον
2846 5448 3108 5516 προϊέναι,
3136 5448 3224 5500 διὰ
3249 5448 3342 5500 τοῦ
3373 5451 3466 5502 καὶ
3496 5449 3716 5521 κτιστὴν

2153 5529 2312 5597 εἶναι,
2349 5535 2442 5586 καὶ
2479 5535 2585 5587 ἀπό
2611 5551 2753 5598 τινος
2777 5535 2873 5605 τὴν
2903 5536 3074 5606 ἀρχὴν
3102 5539 3196 5607 τῆς
3226 5539 3533 5600 συστάσεως
3556 5542 3717 5609 ἐσχη-

2160 5624 2331 5688 κέναι,
2368 5624 2559 5687 ὼςοδιὰ
2592 5626 2776 5678 τούτου
2801 5626 3060 5681 δύνασθαι
3087 5628 3151 5682 ἂν
3191 5631 3281 5682 καὶ
3320 5631 3409 5681 ἐπὶ
3445 5629 3537 5682 τοῦ
3581 5631 3714 5699 Χρι-

2162 5715 2285 5767 στοῦ
2327 5715 2387 5768 τὸ
2415 5712 2526 5768 ἴσον
2576 5719 2696 5781 τοὺς
2744 5719 3090 5784 ὑπεναντίους
3124 5721 3318 5774 εἰπεῖν·
3365 5720 3436 5782 ὡς
3487 5722 3620 5790 μήτε
3653 5720 3710 5786 ἐξ
