4034 6156
289 366 403 448 ’797

1410 384 1684 442 CONTRA
1715 384 2100 453 EUNONIUM,
2142 386 2268 443 LIB.
2311 388 2447 444 γιιι.

3446 384 3552 458 793

299 504 472 559 ἀϊδίου
501 504 651 567 ὄντος
689 505 782 557 xui
823 504 902 570 είς
944 502 1003 559 τὸ
1032 504 1385 577 ἀτελεύτητον
1436 507 1871 581 παρατείνοντος.

1982 515 2166 561 creata
2210 516 2263 562 et
2299 508 2367 562 ab
2402 508 2589 579 aliquo
2642 511 2973 582 principium
3018 529 3130 569 suae
3173 515 3550 577 subsistentia:

309 596 371 649 '0
392 595 566 650 ταῦτα
594 596 883 668 προφέρων
921 599 1146 652 κάκεῖνα
1173 598 1486 668 λογιζέσθω,
1516 599 1639 653 ὅσον
1671 597 1871 669 μεταξὺ

298 685 400 758 τῆς
420 688 703 758 κτίσεωςὴ
736 686 925 760 θεότης
956 689 1153 761 ἕστηκε
1187 693 1298 754 τοῖς
1327 689 1598 762 ίδιὼμασι.
1635 691 1745 760 Τῆς
1775 690 1873 760 μὲν

300 781 409 850 γὰρ
439 779 690 850 θεότητος
721 780 851 834 ῐδιον
880 782 941 835 τὸ
969 782 1214 846 ἀνενδεὲς
1262 782 1464 845 παντὸς
1510 780 1603 835 τοῦ
1636 781 1776 835 κατὰ
1814 780 1874 835 τὸ

299 870 501 940 ἀγαθον
537 870 906 944 θεωρουμένου
947 875 1213 943 νοήματος
1235 892 1248 905 °
1280 874 1394 944 ἡδὲ
1441 874 1613 940 κτίσις
1650 875 1712 925 ἐκ
1746 889 1876 943 μετα

297 962 430 1033 οχῆς
468 962 562 1016 τοῦ
599 963 863 1032 βελτίονος
889 967 945 1017 ἐν
970 964 1050 1034 τῷ
1081 963 1228 1035 καλῷ
1272 965 1477 1033 γίνεται
1497 981 1511 996 ο
1539 965 1657 1034 ἥτις
1693 965 1751 1016 οὐ
1781 963 1874 1033 μό-

300 1069 389 1107 νον
420 1051 515 1106 τοῦ
543 1049 680 1106 εἶναι
709 1053 930 1124 ἤρξατο,
966 1054 1100 1108 ἀλλά
1127 1056 1219 1108 xui
1244 1055 1336 1108 τοῦ
1365 1057 1422 1108 ὲν
1447 1054 1526 1125 τῷ
1555 1054 1701 1125 καλῷ
1736 1049 1873 1107 εἶναι

301 1147 530 1199 πάντοτε
579 1144 665 1198 διὰ
692 1145 794 1214 τῆς
838 1145 972 1216 πρὸς
1006 1145 1065 1198 τὸ
1103 1148 1347 1216 κρεῖττον
1389 1145 1769 1214 ὲπαυξήσεως,
1816 1147 1874 1198 ἐν

301 1234 379 1306 τῷ
415 1234 678 1307 ἄρχεσθαι
728 1234 1217 1305 καταλαμϐάνεται.
1288 1235 1432 1287 Διότι
1485 1235 1739 1288 οὐδέποτε
1784 1236 1874 1287 ἐπὶ

301 1327 394 1381 τοῦ
429 1325 863 1396 κατειλημμένου
891 1327 1134 1379 ἵσταται·
1168 1325 1303 1379 ἀλλά
1332 1327 1437 1378 πᾶν
1465 1325 1526 1378 τὸ
1563 1324 1759 1395 κτηθὲν
1786 1324 1874 1378 διὰ

301 1419 401 1488 τῆς
454 1417 740 1488 μετουσίας
777 1417 918 1487 ἀρχὴ
940 1418 1037 1486 τῆς
1065 1416 1199 1488 πρὸς
1224 1416 1285 1469 τὸ
1311 1417 1493 1487 μεῖζον
1519 1416 1705 1470 ἀνόδου
1727 1417 1871 1485 γίνεα

301 1527 411 1563 ται.
445 1509 555 1563 Καὶ
580 1508 716 1563 κατά
742 1508 838 1580 τὴν
866 1507 1077 1561 Παύλου
1109 1508 1288 1577 φωνὴν
1310 1550 1324 1573 ,
1359 1507 1612 1561 οὐδέποτε
1642 1508 1873 1560 παύεται

300 1603 413 1664 τοῖς
439 1598 743 1670 ἔμπροσθεν
775 1598 1192 1670 ὲπεκτεινομένη
1216 1638 1229 1657 .
1260 1598 1351 1651 xui
1376 1597 1543 1668 λήθην
1574 1597 1873 1668 ποιουμένη

298 1692 408 1747 τῶν
439 1692 683 1746 ὄπισθεν.
737 1692 889 1744 Ἐπεὶ
916 1688 1007 1744 οὖν
1039 1693 1072 1762 ἡ
1101 1692 1197 1762 μὲν
1233 1690 1421 1761 θεότης
1455 1690 1696 1761 αύτοζωή
1735 1682 1897 1744 ἐπιδ

298 1784 431 1847 Θεὸς
457 1784 513 1837 δὲ
552 1785 579 1837 6
627 1784 917 1855 μονογενὴς
944 1823 958 1846 ,
1007 1783 1137 1847 Θεὸς
1180 1782 1275 1836 xui
1305 1781 1452 1853 ζωὴ,
1484 1783 1578 1836 xui
1626 1782 1869 1853 ἀλήθεια,

300 1874 395 1928 xui
425 1875 531 1926 πᾶν
570 1850 696 1926 εῑντι
738 1850 938 1943 ὑψηλὸν
986 1872 1078 1926 xui
1112 1850 1416 1943 θεοπρεπές
1449 1874 1564 1925 ἐστι
1605 1850 1871 1943 νόημα·ή
1909 1850 1947 1903 Β

301 1965 358 2019 δὲ
391 1950 565 2028 κτίσις
615 1964 822 2017 ἐκεῖθεν
869 1963 977 2017 τῶν
1009 1963 1226 2033 ἀγαθῶν
1274 1962 1540 2031 λαμϐάνει
1577 1964 1677 2033 τὴν
1707 1980 1870 2033 χορη-

300 2056 443 2125 γίαν⁶
471 2055 701 2127 φανερὸν
724 2057 787 2108 ὲκ
812 2054 1015 2108 τούτων
1046 2054 1112 2108 ἂν
1144 2055 1250 2125 εἴη,
1271 2054 1353 2107 ὅτι
1383 2053 1541 2123 εἴπερ
1569 2053 1872 2123 μετέχουσα

298 2148 401 2218 τῆς
430 2147 613 2217 ζωῆς,
669 2148 726 2201 ὲν
759 2146 836 2217 τῷ
888 2147 986 2217 ζῇν
1035 2148 1186 2199 ἐστι·
1222 2147 1315 2198 xui
1364 2147 1413 2198 εί
1461 2143 1730 2197 παύσαιτο
1777 2144 1875 2211 τῆς

304 2240 622 2310 μετουσίας,
669 2238 763 2292 xui
791 2238 883 2291 τοῦ
918 2241 975 2292 ὲν
1007 2237 1085 2308 τῷ
1120 2238 1219 2309 ζῇν
1254 2234 1392 2291 εἶναι
1426 2237 1693 2291 παύσεται
1736 2235 1873 2289 πάν·

298 2347 425 2393 τως.
462 2330 519 2382 El
556 2329 653 2400 μὲν
681 2323 771 2381 οὖν
803 2328 894 2382 xui
928 2330 1055 2397 περὶ
1080 2329 1172 2381 τοῦ
1197 2327 1514 2398 μονογενοῦς
1537 2327 1670 2380 Θεοῦ
1703 2326 1876 2381 ταῦτα

299 2419 476 2489 λέγειν
503 2419 773 2490 τολμῶσιν
796 2458 811 2483 ,
843 2420 943 2473 ὅσα
969 2419 1098 2491 περὶ
1124 2422 1223 2490 τῆς
1263 2419 1491 2481 κτίσεως
1524 2417 1720 2487 ἀληθές
1763 2419 1878 2471 ἐστι

300 2512 475 2580 λέγειν
499 2553 513 2577 ,
567 2514 661 2567 xui
713 2512 870 2566 τοῦτο
925 2512 1065 2582 μετά
1126 2513 1344 2565 πάντων
1402 2511 1742 2580 λεγέτωσαν,
1797 2510 1877 2563 ὅτι

298 2604 497 2673 ὁμοίως
524 2606 588 2674 τῇ
635 2604 808 2657 κτίσει
839 2605 932 2658 καὶ
957 2605 1051 2658 τοῦ
1085 2600 1222 2658 εἶναι
1268 2605 1496 2676 ἄρχεται
1523 2643 1536 2667 ,
1569 2604 1663 2657 xui
1692 2606 1751 2657 ὲν
1798 2603 1876 2673 τῷ

300 2693 404 2764 ζῇν
450 2694 577 2748 καθ’
627 2695 918 2766 ὁμοιότητα
958 2694 1068 2748 τῶν
1101 2695 1286 2765 ψυχῶν
1338 2694 1600 2767 διαμένει.
1639 2696 1700 2747 El
1745 2693 1803 2746 δὲ
1849 2695 1878 2747 6

302 2786 403 2858 μὲν
433 2785 678 2857 αὐτοζωή
710 2788 825 2839 ἐστι
846 2825 861 2850 ,
890 2788 984 2839 xui
1011 2786 1105 2840 τοῦ
1142 2787 1460 2841 ἐπείσακτον
1493 2788 1635 2858 ἔχειν
1664 2789 1719 2839 ὲν
1755 2787 1880 2839 ἐαυ-

297 2876 377 2946 τῷ
398 2877 498 2947 τὴν
529 2876 672 2946 ζωὴν
705 2877 765 2930 ού
797 2876 1112 2946 προσδέεται
1137 2894 1150 2908 ο
1192 2876 1261 2930 τὰ
1286 2877 1342 2930 δὲ
1372 2877 1506 2930 ἀλλα
1540 2877 1717 2930 πάντα
1760 2875 1880 2945 οὐχὶ

300 2967 416 3039 ζωή
447 2969 613 3031 ἐστιν,
646 2967 779 3045 ἀλλά
811 2966 1109 3037 μεθεκτικά
1142 2968 1241 3036 τῆς
1283 2967 1428 3041 ζωῆς
1454 2968 1682 3036 γίνεται.

1984 599 2206 663 habeat,
2242 601 2315 654 ita
2351 610 2407 654 ut
2432 617 2527 671 per
2553 602 2656 656 hoc
2683 602 2984 659 adversarii
3014 607 3228 675 possint
3255 609 3308 662 in
3333 609 3551 667 Christo

1989 688 2131 742 idem
2168 689 2374 753 dicere,
2407 691 2550 761 quud
2578 693 2827 761 quamvis
2851 708 2958 747 non
2987 694 3057 749 sit
3090 695 3159 750 ab
3189 705 3422 760 aeterno,
3464 708 3549 753 ta-

1981 793 2105 832 men
2134 778 2187 832 in
2219 787 2481 833 aaternum
2518 796 2576 835 se
2623 785 2930 851 protendat.
2985 784 3087 850 Qui
3137 785 3252 841 haec
3302 789 3547 857 profert,

1975 871 2139 924 etiam
2172 871 2262 925 illa
2295 887 2478 926 secum
2512 882 2760 943 reputet,
2791 883 3054 944 quantum
3087 878 3249 933 distet
3293 880 3549 938 divinitas

1976 976 2007 1015 a
2038 972 2313 1026 creatura,
2341 980 2436 1033 per
2472 966 2834 1035 preprietates
2863 983 2984 1038 qua:
3017 969 3069 1023 in
3114 986 3177 1025 ea
3216 982 3363 1027 sunt.
3413 973 3549 1027 Nam

1976 1052 2281 1108 divinitatis
2314 1055 2531 1124 quidem
2568 1058 2849 1126 proprium
2908 1068 2991 1114 est
3020 1061 3166 1115 nulla
3194 1078 3314 1133 qua:
3352 1079 3550 1119 secun-

1975 1141 2105 1195 dum
2141 1142 2343 1198 bonum
2377 1152 2654 1214 spectetur
2704 1148 2927 1202 notione
2976 1150 3253 1221 indigere;
3296 1160 3547 1208 creatura

1981 1247 2112 1285 vero
2157 1233 2401 1289 melioris
2454 1235 2870 1305 participatione
2919 1238 2974 1293 in
3017 1241 3247 1309 pulchro
3281 1242 3370 1307 tit,
3429 1258 3549 1311 qum

1975 1320 2192 1389 quidem
2227 1338 2336 1376 non
2383 1326 2556 1378 solum
2590 1341 2707 1381 esse
2745 1329 2909 1397 cmpit
2936 1368 2951 1391 ,
2999 1330 3092 1383 sed
3127 1330 3287 1383 etiam
3336 1348 3550 1402 semper

1974 1413 2403 1483 deprehenditur
2436 1417 2675 1486 incipere
2706 1418 2759 1471 in
2791 1420 3019 1488 pulchro
3051 1436 3190 1485 esse,
3219 1431 3442 1492 propter
3465 1424 3548 1477 in-

1975 1515 2314 1561 crementum
2356 1524 2466 1576 quo
2515 1525 2732 1579 semper
2775 1512 2942 1565 tendit
2996 1512 3049 1567 in
3105 1515 3319 1568 melius.
3370 1513 3549 1580 Quare

1976 1609 2254 1664 nunquam
2293 1597 2349 1650 in
2379 1598 2867 1667 comprehensione
2899 1604 3068 1654 totius
3100 1600 3225 1654 boni
3259 1601 3545 1667 consistit,

1976 1685 2071 1741 sed
2118 1701 2280 1741 omne
2331 1689 2473 1757 quod
2535 1699 2747 1760 partum
2802 1699 2885 1746 est
2935 1706 3029 1762 per
3076 1692 3546 1763 participationem

1978 1780 2305 1849 principium
2337 1781 2393 1834 iit
2423 1796 2685 1837 ascensus
2714 1783 2777 1837 ad
2809 1783 2859 1837 id
2890 1783 3033 1853 quod
3083 1784 3277 1838 melius
3322 1793 3427 1841 est.
3482 1782 3549 1838 Et

1975 1871 2129 1940 juxta
2162 1870 2313 1925 Pauli
2359 1887 2582 1935 vocem,
2631 1889 2909 1943 nunquam
2954 1882 3135 1929 cessat
3175 1875 3241 1930 ad
3271 1875 3546 1930 anteriora

1978 1961 2272 2017 extendere
2314 1978 2372 2017 se
2403 1971 2456 2017 et
2497 1963 2741 2019 oblivisci
2776 1980 2962 2019 eorum
2993 1981 3113 2036 quae
3152 1974 3277 2020 sunt
3308 1973 3454 2022 retro
3481 1966 3549 2020 ¹⁶.’

1978 2050 2247 2113 Quoniam
2275 2053 2441 2121 igitur
2471 2052 2733 2109 divinitas
2788 2054 2905 2125 ipsa
2931 2055 3039 2108 vita
3064 2066 3171 2121 est,
3201 2054 3341 2111 Deus
3368 2062 3547 2111 autem

1981 2143 2297 2211 unigenitus
2333 2143 2474 2198 Deus
2508 2153 2562 2198 et
2592 2147 2720 2208 vita,
2750 2153 2802 2199 et
2828 2146 3030 2201 veritas
3054 2187 3067 2209 ,
3101 2157 3153 2201 et
3178 2147 3550 2217 quodcunque

1977 2233 2258 2287 excelsum
2293 2244 2346 2288 et
2395 2233 2502 2288 Deo
2525 2235 2780 2288 decorum
2811 2237 3037 2305 cogitari
3071 2245 3269 2307 potest,
3299 2248 3549 2292 creatura

1984 2337 2111 2376 vero
2141 2312 2286 2377 illinc
2333 2325 2596 2380 bonorum
2638 2328 3202 2383 subministrationem
3262 2329 3428 2399 capit,
3483 2348 3550 2387 ex

1981 2413 2066 2469 his
2092 2413 2435 2469 manifestum
2451 2432 2570 2470 esse
2597 2419 2788 2486 possit,
2808 2420 2950 2487 quod
2970 2419 3015 2473 si
3045 2419 3261 2489 quidem
3282 2426 3553 2491 particeps

1979 2514 2064 2559 est
2095 2506 2237 2570 vitae,
2262 2522 2450 2560 verum
2483 2516 2565 2560 est
2596 2524 2713 2562 eam
2749 2511 2925 2564 vivere
2952 2526 2966 2575 ;
3004 2512 3046 2565 si
3087 2514 3408 2582 participare
3433 2528 3553 2568 ces-

1982 2604 2151 2660 saret,
2182 2598 2542 2666 proculdubio
2571 2598 2844 2655 desineret
2870 2602 3029 2655 etiam
3059 2604 3259 2657 vivere.
3300 2603 3356 2657 Si
3386 2605 3552 2673 igitur

1973 2697 2027 2744 ct
2053 2690 2120 2744 de
2166 2689 2449 2758 unigenito
2476 2679 2587 2745 Deo
2614 2692 2726 2747 haec
2757 2693 2940 2747 dicere
2968 2696 3187 2759 audent,
3216 2711 3552 2766 quaecunque

1978 2781 2048 2835 de
2074 2788 2323 2836 creatura
2355 2797 2541 2836 verum
2573 2794 2657 2837 cst
2693 2783 2898 2847 dicere,
2934 2783 3067 2837 illud
3100 2785 3261 2837 etiam
3300 2785 3383 2840 his
3436 2799 3554 2839 om-

1975 2873 2140 2928 nibus
2194 2888 2318 2942 qua:
2375 2874 2566 2928 dicunt
2624 2874 2867 2939 addant,
2922 2876 3065 2945 quod
3127 2876 3377 2932 similiter
3426 2893 3550 2933 cum

1976 2971 2230 3018 creatura
2263 2979 2387 3018 esse
2414 2966 2615 3035 ιταιμίι,
2650 2973 2704 3019 et
2748 2966 2803 3020 in
2854 2967 2959 3020 vita
3011 2967 3189 3022 instar
3244 2969 3553 3024 animarum

299 3070 605 3132 permanet.
652 3060 807 3127 Quod
858 3060 904 3116 si
957 3061 1047 3117 ille
1081 3062 1302 3132 quidem
1341 3071 1424 3115 est
1460 3062 1693 3130 ipsumet
1725 3058 1834 3110 vita
1859 3098 1875 3123 ,
1913 3071 2018 3110 nec
2048 3071 2276 3111 necesse
2316 3067 2400 3113 est
2438 3075 2563 3114 eum
2591 3058 2811 3114 aliunde
2850 3059 2906 3113 in
2941 3075 3000 3114 se
3067 3061 3231 3114 vitam
3302 3062 3551 3117 adventi-

305 3156 433 3212 t'am
471 3157 707 3217 habere;
742 3156 846 3209 alia
883 3166 1063 3210 autem
1096 3155 1279 3208 omnia
1319 3169 1429 3209 non
1463 3156 1571 3208 vita
1604 3162 1752 3216 sunt,
1785 3150 1880 3207 sed
1917 3150 2041 3205 vitae
2072 3151 2357 3221 participia
2391 3152 2544 3206 (lunt.

373 3246 467 3310 Τίς
495 3247 711 3319 ἀνάγκη
746 3246 836 3301 διὰ
863 3246 969 3300 τῶν
1008 3248 1066 3300 ὲν
1090 3248 1154 3317 τῇ
1188 3245 1362 3299 κτίσει
1392 3244 1737 3315 βλεπομένων
1772 3260 1878 3305 πα-

2056 3240 2188 3306 Ωυιιι
2211 3241 2379 3310 igitur
2396 3244 2696 3299 necessitas
2718 3246 2882 3314 cogit,
2908 3261 2971 3300 ex
2992 3246 3058 3301 iis
3078 3262 3197 3315 qua:
3223 3248 3276 3301 in
3302 3258 3552 3303 creatura

304 3335 677 3408 ραγράφεσθαι
717 3335 793 3407 τῷ
843 3337 1135 3404 Μονογενεῖ
1168 3335 1228 3389 τὸ
1280 3335 1479 3402 ἀΐδιον;
1521 3334 1593 3387 Τὸ
1629 3334 1728 3405 μὲν
1771 3332 1879 3404 γὰρ

302 3428 392 3483 ἀεὶ
417 3427 675 3492 ὡσαύτως
706 3428 848 3483 κατὰ
873 3428 972 3500 τὴν
1000 3428 1161 3496 φύσιν
1189 3426 1331 3498 ἕχον,
1360 3427 1736 3498 ἁπαράδεκτόν
1760 3429 1877 3480 ἐστι

299 3518 395 3574 τοῦ
447 3520 685 3573 ἐναντίου
711 3561 727 3585 ,
778 3520 872 3572 xui
917 3523 1017 3590 τῆς
1061 3518 1201 3590 πρὸς
1248 3519 1308 3571 τὸ
1361 3518 1544 3591 ἕτερον
1577 3518 1879 3589 μεταϐολῆς

300 3612 667 3677 ἀνεπίδεκτον.
699 3606 794 3675 Οἷς
826 3611 882 3664 δὲ
907 3612 940 3681 ἡ
967 3610 1126 3678 φύσις
1154 3609 1404 3682 μεθόριος
1426 3651 1439 3670 .
1466 3608 1675 3673 τούτοις
1703 3612 1879 3678 ἐπαμ-

303 3700 579 3772 φοτερίζει
606 3701 741 3771 πρὸς
768 3699 1079 3771 ἑκάτερονὴ
1118 3700 1258 3770 ῥοπὴ
1283 3740 1297 3762 ,
1339 3700 1458 3752 κατ’
1491 3698 1738 3763 ἐξουσίαν
1767 3700 1879 3762 τοῖς

301 3792 445 3847 κατά
475 3789 696 3861 γνώμην
725 3789 1229 3861 προσκινουμένοις.
1264 3790 1326 3841 Εἰ
1366 3783 1459 3841 οὖν
1489 3790 1522 3859 ἡ
1558 3787 1730 3850 ὅντως
1764 3785 1876 3856 ζωὴ

303 3883 365 3934 ὲν
389 3882 453 3951 τῇ
489 3880 607 3950 θείᾳ
635 3896 693 3932 τε
734 3879 828 3932 xui
873 3878 1239 3949 ὑπερκειμένη
1288 3876 1570 3949 θεωρεῖται
1601 3877 1798 3946 φύσει,
1840 3878 1873 3946 ή

303 3973 622 4034 ἀπόπτωσις
673 3969 876 4040 ταύτης
939 3968 1073 4040 πρὸς
1135 3968 1196 4020 τὸ
1241 3967 1612 4038 ἀντικείμενον
1660 3969 1875 4031 πάντως

304 4063 450 4117 κατά
477 4062 538 4116 τὸ
585 4060 729 4123 εἰκὸς
782 4059 1093 4130 καταλήξει,
1134 4058 1453 4128 Πολύσημος
1484 4058 1539 4111 δὲ
1580 4058 1679 4128 τῆς
1730 4056 1876 4128 ζωῆς

242 4189 253 4198 -
307 4155 402 4209 xui
432 4152 524 4207 τοῦ
558 4152 787 4207 θανάτου
842 4150 1117 4222 ήέννοια,
1150 4149 1243 4203 xui
1288 4150 1349 4201 οὐ
1394 4148 1536 4202 κατά
1579 4150 1670 4202 τὸν
1715 4149 1875 4203 αὑτὸν

308 4246 571 4317 νοουμένη
600 4244 818 4315 τρόπον.
861 4242 984 4295 Ἐπὶ
1035 4242 1133 4312 μὲν
1171 4238 1279 4310 γὰρ
1313 4240 1411 4309 τῆς
1447 4238 1670 4311 σαρκὸς,
1705 4241 1737 4308 ἠ
1768 4238 1875 4293 τῶν

308 4335 634 4408 σωματικῶν
663 4335 966 4405 αἰσθήσεων
1008 4333 1254 4403 ἐνέργειά
1288 4348 1347 4384 τε
1385 4331 1479 4384 xui
1518 4331 1726 4402 κίνησις
1761 4329 1873 4402 ζωὴ

307 4429 557 4499 λέγεται⁹
603 4427 697 4480 xui
727 4426 789 4478 τὸ
833 4422 1125 4495 έμπαλινή
1178 4422 1360 4487 σϐέσις
1409 4423 1585 4477 αὐτῶν
1618 4424 1711 4477 xui
1761 4422 1876 4476 διά-

308 4519 494 4583 λυσις,
523 4518 748 4579 θάνατος
789 4515 1130 4585 ὀνομάζεται.
1180 4515 1301 4568 Ἐπὶ
1329 4515 1386 4568 δὲ
1416 4516 1513 4585 τῆς
1562 4516 1752 4586 νοερᾶς
1776 4508 1881 4583 φύ-’

308 4628 487 4676 σεως,
519 4612 554 4681 ἡ
609 4610 746 4681 πρὸς
780 4608 840 4660 τὸ
861 4610 1011 4667 Θείον
1060 4608 1364 4670 οἰκείωσις,
1421 4608 1455 4676 ἡ
1504 4606 1710 4677 ἀληθής
1762 4608 1877 4660 ἐστι

309 4704 464 4775 ζωήσ
516 4705 608 4756 xui
652 4704 686 4774 ή
737 4701 927 4756 τούτου
978 4701 1295 4763 ἀπόπτωσις
1383 4698 1609 4754 θάνατον
1659 4700 1772 4770 ἔχει
1818 4701 1877 4754 τὸ

306 4795 499 4865 ὄνομα.
522 4794 613 4847 Διὸ
645 4793 736 4847 xui
773 4791 835 4845 τό
870 4791 1164 4861 ἀρχέγονον
1203 4790 1371 4842 κακὸν
1414 4789 1442 4841 6
1473 4789 1748 4854 διάϐολος,
1786 4790 1880 4843 xui

310 4885 539 4948 θάνατος
566 4885 778 4954 λέγεται
802 4925 817 4949 ,
865 4884 959 4936 xui
1010 4881 1233 4953 εὑρετὴς
1287 4880 1517 4935 θανάτου
1536 4898 1549 4911 ·
1600 4880 1734 4934 ἀλλὰ
1787 4883 1879 4936 xui

310 4978 512 5049 κράτος
544 4976 685 5047 ἔχειν
712 4975 940 5030 θανάτου
972 4973 1119 5044 παρᾶ
1145 4972 1238 5026 τοῦ
1277 4972 1594 5027 Ἀποστόλου
1638 4973 1873 5041 λέγεται.

310 5069 523 5126 Οὐκοῦν
551 5068 774 5137 διπλῆς,
807 5063 989 5129 καθὼς
1017 5065 1251 5136 εἴρηται,
1285 5063 1382 5134 τῆς
1407 5061 1498 5116 τοῦ
1529 5064 1756 5118 θανάτου
1786 5081 1882 5135 ση-

313 5155 514 5228 μασίας
551 5158 616 5210 ὲκ
644 5155 753 5208 τῶν
804 5153 1033 5224 Γραφῶν
1070 5152 1388 5224 νοουμένης,
1441 5153 1469 5204 6
1527 5152 1625 5221 μὲν
1669 5152 1883 5223 ἀληθῶς

310 5248 579 5319 ἀτρεπτός
619 5265 678 5300 τε
713 5247 807 5301 xui
838 5245 1190 5307 ἀναλλοίωτος
1218 5284 1233 5309 ,
1285 5246 1443 5315 μόνος
1476 5243 1588 5314 ἔχει
1617 5244 1713 5314 τὴν
1747 5247 1881 5300 ἀθα-

310 5338 505 5395 νασίαν
528 5380 544 5405 ,
575 5340 670 5393 xui
694 5337 808 5408 φῶς
836 5338 974 5389 οἰκεῖ
999 5335 1077 5406 τῷ
1118 5334 1263 5407 ζόφῳ
1300 5335 1399 5405 τῆς
1430 5334 1626 5397 κακίας
1658 5336 1885 5406 ἀπρόσι-

309 5431 403 5485 τόν
421 5447 481 5482 τε
505 5428 599 5481 xui
625 5425 1087 5498 ἀπροσπέλαστον.
1117 5425 1257 5478 Ὅσα
1280 5425 1337 5477 δὲ
1365 5422 1458 5477 τοῦ
1486 5422 1712 5477 θανάτου
1753 5441 1886 5494 μετ-

311 5523 449 5590 έχει,
495 5519 595 5589 τῆς
626 5517 922 5580 ἀθανασίας
960 5515 1049 5569 διὰ
1082 5517 1182 5586 τῆς
1215 5517 1308 5567 ἐπὶ
1352 5516 1412 5568 τὸ
1440 5516 1680 5568 ἐναντίον
1711 5516 1884 5587 ῥοπῆς

313 5612 506 5684 πίῤῥω
552 5607 850 5678 γινόμεναο
898 5609 946 5659 εἰ
1000 5607 1056 5660 δὲ
1107 5607 1353 5679 ἀπορρυῇ
1391 5606 1488 5676 τῆς
1537 5606 1631 5660 τοῦ
1678 5607 1883 5676 ἀγαθοῦ

424 5789 468 5824 ⁸⁸
500 5787 735 5860 Philipp.
770 5802 853 5856 ιιι,
884 5787 966 5845 15.
1028 5783 1251 5845 "Hebr.
1280 5803 1334 5856 ιι,
1375 5790 1455 5847 i4.
1502 5788 1746 5847 "lTim.
1782 5807 1855 5859 vt,
1884 5791 1970 5849 16.

1980 3341 2294 3387 cernuntur
2323 3335 2685 3390 mternitatem
2714 3337 2838 3390 vita:
2865 3335 3153 3406 Unigenito
3171 3340 3554 3406 prwscribere?

1979 3420 2133 3487 Quod
2152 3423 2296 3476 enim
2317 3423 2727 3493 sempereodem
2750 3426 2909 3480 modo
2932 3436 3126 3480 natura
3145 3444 3203 3482 se
3226 3429 3408 3488 habet.
3429 3445 3554 3485 con-

1979 3514 2136 3567 trarii
2175 3528 2349 3584 capax
2381 3530 2487 3569 non
2521 3524 2635 3578 est,
2680 3532 2859 3586 neque
2887 3519 2938 3571 in
2968 3518 3198 3573 alterum
3228 3521 3554 3578 mutationis

1977 3614 2063 3660 est
2096 3607 2392 3676 particeps.
2427 3607 2639 3672 Quibus
2667 3623 2793 3662 vero
2825 3619 3021 3662 natura
3050 3621 3132 3664 est
3170 3613 3549 3679 contermina,

1979 3712 2075 3752 seu
2121 3699 2176 3751 in
2224 3698 2465 3753 conﬁnio
2508 3700 2635 3754 boni
2685 3709 2738 3755 et
2782 3702 2909 3755 mali
2960 3704 3293 3767 constituta,
3346 3705 3544 3763 horum

1978 3790 2276 3858 propensio
2306 3804 2511 3860 anceps
2546 3791 2598 3844 in
2629 3792 2957 3847 alterutrum
2994 3796 3204 3865 vergit,
3235 3812 3334 3868 pro
3366 3798 3548 3854 libera

1979 3886 2253 3948 putestate
2279 3894 2468 3933 eorum
2497 3881 2592 3950 qui
2629 3898 2690 3935 ex
2727 3883 2894 3935 animi
2926 3886 3200 3939 sententia
3240 3895 3551 3943 moventur.

1980 3969 2037 4024 Si
2074 3971 2245 4041 igitur
2272 3986 2400 4026 vera
2435 3973 2544 4026 vita
2582 3973 2634 4027 in
2675 3974 2859 4029 divina
2895 3985 2948 4031 et
2984 3979 3417 4047 supercminenti
3452 3996 3554 4035 na-

1978 4071 2103 4118 tura
2135 4070 2442 4132 spectatur,
2486 4065 2652 4135 hujus
2691 4068 2928 4139 dilapsio
2966 4069 3032 4124 ad
3059 4072 3371 4141 oppositum
3403 4088 3555 4141 prur-

1978 4172 2109 4219 sus,
2146 4163 2207 4210 ut
2241 4168 2688 4214 consentaneum—
2709 4169 2795 4216 est
2819 4201 2834 4226 ,
2868 4160 3101 4218 desinet.
3139 4162 3417 4232 Mttltiplcx
3455 4179 3554 4217 au-

1978 4254 2086 4300 tem
2118 4247 2243 4302 vitae
2267 4256 2321 4304 et
2352 4249 2546 4304 mortis
2575 4251 2927 4321 signiﬁcatio,
2961 4268 3138 4321 neque
3168 4254 3329 4306 modo
3361 4254 3550 4308 eodem

1979 4334 2324 4406 intelligitur.
2357 4336 2491 4391 Nam
2538 4340 2593 4393 in
2629 4355 2829 4403 carne,
2861 4356 3250 4410 curporeorum
3290 4357 3550 4397 sensuum

1980 4425 2194 4481 functio
2224 4434 2279 4482 et
2313 4428 2486 4483 motio
2520 4430 2630 4483 vita
2663 4429 2866 4484 dicitur
2895 4449 2909 4496 ;
2943 4439 3135 4485 contra
3175 4431 3418 4501 ipsorum
3454 4448 3552 4486 ex-

1981 4518 2206 4572 stinctio
2240 4528 2293 4573 et
2322 4518 2618 4575 dissolutio
2657 4520 2806 4597 iners
2840 4523 3180 4576 nominatur.
3236 4521 3291 4576 In
3331 4524 3549 4580 intelle-

1981 4609 2149 4663 etuali
2178 4625 2307 4665 vero
2336 4619 2530 4665 natura
2561 4613 2966 4682 approxitnatio
2998 4613 3064 4667 ad
3105 4615 3272 4669 Deum
3305 4630 3430 4669 vera
3464 4624 3549 4671 est

1978 4698 2091 4750 vita
2113 4736 2128 4761 ,
2157 4699 2376 4754 aversio
2403 4708 2585 4755 autem
2621 4710 2676 4755 et
2711 4702 2899 4771 lapsus
2962 4698 2992 4756 a
3032 4702 3143 4758 Deo
3209 4706 3402 4760 mortis
3451 4722 3551 4762 no-

1982 4791 2128 4845 mine
2159 4792 2495 4861 appellatur.
2531 4790 2877 4862 Quapropter
2908 4794 3165 4864 princeps
3209 4782 3411 4850 malum
3435 4839 3448 4864 ,
3495 4798 3548 4853 id

1983 4888 2067 4935 est
2103 4881 2313 4951 primus
2344 4882 2475 4935 mali
2509 4891 2702 4937 auctor
2729 4883 2983 4939 diabolus
3004 4925 3019 4951 ,
3048 4892 3102 4940 et
3131 4902 3279 4942 mors
3324 4899 3551 4943 vocatur

1987 4982 2042 5027 et
2070 4974 2266 5028 mortis
2297 4974 2572 5040 inventor,
2598 4975 2694 5030 sed
2724 4984 2778 5030 ct
2809 4977 3000 5033 mortis
3028 4978 3319 5047 imperium
3351 4980 3552 5036 habere

1987 5063 2057 5118 ab
2088 5065 2354 5133 Apostolo
2384 5065 2590 5119 dicitur
2629 5066 2692 5120 ‘7.
2740 5066 2877 5122 Cum
2922 5068 3111 5139 igitur,
3150 5070 3297 5126 sicut
3345 5072 3551 5125 dictum

1986 5162 2107 5219 est,
2145 5156 2340 5210 mortis
2368 5157 2564 5226 duplex
2600 5157 2931 5229 signiﬁcatio
2966 5162 3022 5216 in
3059 5162 3362 5232 Scripturis
3397 5163 3554 5216 intel-

1985 5245 2209 5315 ligatur,
2249 5247 2297 5302 is
2332 5248 2550 5317 quidem
2588 5251 2681 5320 qui
2713 5267 2841 5306 vere
2878 5252 3237 5307 immutabilis
3273 5259 3354 5306 est
3389 5261 3555 5320 atque

1982 5336 2377 5403 inalterabilis,
2424 5340 2578 5396 solus
2619 5340 2783 5396 habet
2829 5342 3337 5405 immortalitatem,
3369 5347 3424 5393 et
3470 5342 3554 5392 lu-

1983 5444 2100 5483 cem
2136 5430 2346 5485 habitat
2383 5432 2605 5503 caligini
2670 5434 2981 5488 vitiositatis
3013 5433 3348 5484 inaccessam
3382 5438 3436 5484 et
3469 5431 3553 5487 in-

1984 5521 2129 5576 viam
2176 5523 2239 5576 “.
2302 5524 2657 5595 Quaecunque
2701 5534 2881 5578 autem
2918 5522 3079 5576 morti
3116 5529 3244 5575 sunt
3277 5520 3554 5591 obnoxia,

1984 5629 2109 5670 cum
2155 5616 2223 5672 ab
2256 5616 2673 5673 immortalitate
2705 5616 2777 5695 ob
2809 5612 3234 5686 propensionem
3265 5627 3428 5685 quam
3462 5617 3553 5680 ha-
