4046 6150
525 361 630 418 799

1769 345 1824 400 S.
1867 344 2190 401 CREGORII
2226 345 2521 401 NYSSEM

3656 343 3774 399 800

504 475 633 528 bent
663 489 717 526 in
747 481 1087 525 contrarium
1123 465 1321 536 procul
1351 465 1568 531 absint,
1606 481 1649 518 ει
1685 480 1714 517 a
1750 466 1879 520 boni
1915 466 2081 536 parti-

2193 466 2520 536 μετουσίας,
2560 464 2768 530 δέξαιτο
2803 462 2868 516 ἂν
2903 463 2979 533 τῷ
3020 462 3238 534 τρεπτῷ
3285 462 3382 533 τῆς
3427 460 3641 530 φύσεως
3668 463 3772 533 τὴν

501 564 784 635 cipatione
818 559 1102 621 deﬂuant,
1153 559 1224 612 ob
1270 566 1482 612 naturae
1525 557 1949 612 mutabilitatem
1994 556 2089 611 de-

508 653 729 708 terioris
782 652 1230 705 communionem
1293 657 1530 718 possunt
1579 648 1882 717 accipere:
1941 653 2084 718 quod

505 744 728 814 quidem
761 743 896 796 nihil
931 741 1082 795 aliud
1139 748 1224 796 est
1261 755 1424 809 quam
1457 755 1638 804 mors,
1678 739 2087 810 proportionem

499 833 794 905 quamdam
828 851 950 888 cum
991 845 1167 887 morte
1203 832 1478 901 corporali
1531 831 1763 886 habens.
1811 829 2090 896 Quemad-

502 919 728 974 modum
767 920 911 974 enim
947 921 999 973 in
1037 921 1413 988 corporibus,
1460 921 1794 973 naturalium
1845 919 2088 973 functio-

498 1029 628 1066 nnm
665 1013 968 1066 exstinctio
1004 1029 1154 1066 mors
1186 1021 1379 1065 vocata
1411 1022 1495 1065 est
1529 1051 1542 1076 ,
1598 1013 1676 1066 sic
1718 1012 1770 1064 in
1812 1011 2088 1080 spit‘itnali

497 1104 738 1160 essentia
762 1145 775 1168 ,
807 1107 872 1157 ad
909 1104 1112 1157 bonum
1150 1120 1257 1158 non
1293 1105 1531 1166 moveri,
1569 1119 1717 1158 mors
1755 1115 1836 1158 est
1881 1111 1933 1157 et
1965 1104 2090 1157 vitze

501 1213 782 1254 secessus.
822 1196 1005 1262 Quare
1042 1197 1290 1250 haeretica
1327 1195 1642 1250 absurditas
1672 1211 1777 1249 non
1833 1196 2086 1249 adverse-

500 1299 594 1343 tur
625 1290 866 1344 sermoni
901 1289 1154 1357 arguenti
1191 1287 1335 1356 quod
1376 1287 1705 1358 intelligitur
1738 1287 1792 1339 in
1825 1295 2082 1340 creatura

499 1381 852 1450 incorporea.
889 1381 1034 1434 Mors
1063 1381 1209 1433 enim
1239 1395 1360 1449 quae
1393 1389 1605 1433 natura:
1633 1379 1906 1449 spirituali
1940 1394 2092 1432 com-

498 1474 674 1543 petit,
714 1472 828 1526 hzec
863 1482 948 1526 est
983 1487 1014 1526 a
1080 1471 1189 1525 Deo
1235 1471 1518 1541 separatio
1564 1487 1726 1542 quam
1768 1487 1875 1524 non
1924 1471 2087 1524 vitam

499 1564 887 1629 nominamus,
939 1579 1117 1633 neque
1152 1564 1220 1618 ab
1254 1563 1358 1617 hac
1396 1575 1592 1618 natura
1638 1567 1881 1633 potentia
1927 1577 2088 1631 sepa-

499 1664 618 1710 rata
652 1663 757 1711 est.
808 1654 942 1710 Nam
991 1657 1139 1711 entis
1171 1673 1204 1711 a
1250 1672 1358 1710 non
1395 1663 1522 1710 entc
1554 1655 1836 1724 processio
1879 1663 2091 1708 natura:

497 1749 926 1803 mutabilitatem
960 1749 1188 1804 indicat.
1222 1748 1324 1802 Cui
1359 1756 1542 1802 autem
1572 1755 1805 1818 cognata
1837 1757 1921 1801 est
1950 1747 2088 1801 alte-

497 1840 681 1902 ratio,
722 1840 824 1894 hoc
860 1839 1037 1910 gratia
1073 1847 1128 1894 et
1181 1827 1369 1892 fifvore
1417 1837 1832 1892 corroborantis
1878 1851 1910 1890 a
1953 1852 2087 1890 con-

503 1933 661 1986 trarii
705 1931 993 1986 consortio
1029 1938 1269 1994 arcetur,
1310 1945 1421 1983 non
1458 1930 1692 1998 propriae
1724 1937 1939 1982 natura:
1972 1927 2088 1980 vir-

499 2031 618 2077 tute
651 2024 704 2076 in
736 2024 882 2077 bono
932 2031 1138 2076 manet.
1172 2021 1327 2087 Quod
1358 2029 1540 2075 autem
1583 2020 1690 2074 tale
1719 2030 1804 2074 est
1827 2061 1840 2084 ,
1867 2035 1978 2073 non
2005 2027 2091 2074 est

499 2124 790 2170 aeternum.
829 2115 883 2168 Si
919 2129 1051 2182 ergo
1097 2129 1287 2168 verum
1327 2121 1414 2167 est
1457 2111 1641 2166 dicere
1666 2151 1681 2176 ,
1717 2111 1958 2166 divinam
1999 2127 2089 2166 es-

503 2207 738 2262 sentiam
770 2214 824 2259 et
850 2213 1092 2260 creatam
1129 2212 1384 2258 naturam
1429 2219 1527 2273 per
1571 2202 1760 2257 eadem
1814 2219 1924 2257 non
1966 2218 2090 2259 esse

502 2295 895 2353 dimetiendum
928 2336 944 2362 ,
1002 2310 1180 2365 neque
1257 2295 1422 2353 etiam
1471 2295 1809 2350 conveniens
1854 2302 1939 2349 est
1994 2311 2091 2364 per

503 2389 726 2459 aliquod
800 2387 1133 2458 principium
1197 2387 1496 2440 essentiam
1554 2384 1678 2440 Filii
1736 2386 2090 2441 circumscri-

501 2484 633 2537 bere
655 2521 668 2544 ,
707 2488 764 2534 ut
797 2495 904 2533 non
937 2479 1040 2533 hoc
1065 2479 1196 2532 dato
1220 2519 1233 2541 ,
1265 2486 1318 2532 et
1367 2477 1595 2547 reliqua:
1644 2487 1916 2532 creaturae
1965 2492 2092 2548 pro-

500 2575 762 2644 prietates
814 2573 982 2627 unius
1018 2569 1372 2625 confessione
1423 2570 1588 2624 simul
1641 2569 1839 2623 adesse
1895 2583 2090 2622 conce-

499 2667 718 2720 dantur.
766 2665 968 2734 Aperte
1010 2663 1159 2717 enim
1209 2662 1560 2732 redarguitur
1612 2661 1926 2716 absurditas
1968 2659 2091 2728 ejus

497 2757 591 2826 qui
628 2757 969 2826 unigenitum
1017 2754 1184 2817 Deum
1227 2769 1323 2822 per
1365 2768 1429 2805 ea
1474 2767 1596 2822 qua:
1625 2751 1692 2807 de
1723 2760 1974 2807 creatura
2006 2750 2091 2804 di-

497 2855 722 2910 cuntur,
753 2863 782 2899 a
806 2846 985 2899 Patris
1011 2844 1320 2898 aeternitate
1349 2844 1647 2899 abscindit.
1680 2841 1747 2897 Ut
1777 2843 1922 2898 enim
1954 2842 2092 2896 nihil

500 2938 650 2990 aliud
687 2951 880 2991 eorum
929 2951 1050 3004 qua:
1101 2936 1250 2988 notis
1297 2936 1515 3006 signant
1562 2949 1873 2992 creaturam
1918 2936 1971 2988 in
1999 2919 2090 2986 ’1³η-

499 3037 653 3083 ctore
685 3038 951 3082 creaturae
985 3027 1354 3097 conspicitur,
1389 3027 1471 3082 sic
1518 3043 1696 3097 neque
1724 3043 1790 3082 ex
1846 3041 1911 3080 eo
1940 3027 2087 3096 quod

2192 557 2476 610 κοινωνίαν
2522 555 2614 608 τοῦ
2645 555 2882 626 χείρονος
2908 571 2920 582 '
2953 556 3086 626 ὅπερ
3114 553 3262 607 οὐδὲν
3291 553 3474 624 ἕτερόν
3515 553 3665 604 ἐστιν
3689 596 3704 618 ,
3735 553 3771 623 ἦ

2191 649 2448 712 Θάνατος,
2482 648 2772 716 ἀναλογίαν
2815 647 2934 700 τινὰ
2968 648 3103 716 πρὸς
3140 645 3229 698 τὸν
3262 645 3572 715 σωματικὸν
3606 645 3777 700 Θάνα-

2191 759 2280 793 τον
2307 741 2464 810 ἔχων.
2513 741 2599 803 Ὠς
2624 741 2731 810 γὰρ
2757 739 2990 793 ἐνταῦοα
3030 738 3138 791 τῶν
3165 738 3264 807 τῆς
3294 736 3506 806 φύσεως
3546 739 3775 808 ἐνεργη-

2194 835 2380 903 μάτων
2406 835 2437 903 ἠ
2464 833 2647 895 σϐέσις
2672 832 2896 894 Θάνατος
2921 831 3203 901 κέκληται,
3227 829 3398 893 οὕτως
3425 829 3518 882 καὶ
3548 831 3642 882 ἐπὶ
3673 831 3778 899 τῆς

2189 931 2380 1000 νοερᾶς
2411 929 2595 992 οὐσίας
2621 970 2636 992 ,
2678 931 2710 998 ἡ
2749 928 2884 998 πρὸς
2917 927 2976 979 τὸ
3014 926 3216 994 ἀγαθὸν
3244 925 3499 996 ἀκινησία
3543 925 3776 989 θάνατός

2194 1024 2309 1074 ἐστι
2332 1063 2345 1083 ,
2379 1023 2471 1074 καὶ
2499 1021 2642 1091 ζωῆς
2669 1020 3032 1090 ἀναχώρησις.
3069 1019 3154 1082 Ὠς
3195 1018 3268 1090 μὴ
3311 1017 3658 1071 ἀντιπίπτειν
3695 1018 3776 1086 τῷ

2191 1116 2332 1185 λόγῳ
2360 1114 2455 1184 τὴν
2491 1113 2771 1185 αἱρετικὴν
2823 1113 3052 1166 ἀτοπίαν
3087 1111 3358 1181 ἐλέγχοντι
3403 1111 3464 1164 τὸ
3501 1112 3630 1180 περὶ
3675 1111 3776 1181 τὴν

2190 1206 2477 1276 ἀσώματον
2525 1205 2704 1257 κτίσιν
2732 1204 3036 1275 νοούμενον.
3087 1205 3143 1258 '0
3183 1204 3291 1274 γάρ
3326 1202 3659 1272 κατάλληλος
3705 1205 3774 1273 τῇ

2189 1300 2350 1369 νοερᾷ
2384 1299 2542 1367 φύσει
2581 1297 2808 1360 Θάνατος
2833 1337 2846 1361 ,
2895 1295 3038 1348 τοῦτ’
3073 1295 3219 1349 ἔστιν
3266 1298 3294 1348 ὁ
3347 1295 3629 1365 χωρισμὸς
3675 1295 3773 1346 τοῦ

2190 1391 2346 1457 Θεοῦ,
2391 1391 2449 1443 ὃν
2483 1391 2542 1442 οὐ
2573 1390 2717 1460 ζωὴν
2749 1387 3110 1460 ὀνομάζομεν,
3142 1389 3262 1442 οὐδὲ
3302 1388 3509 1458 ταύτης
3538 1389 3640 1458 τῆς
3674 1388 3772 1456 φύ-

2195 1498 2330 1542 σεως
2361 1483 2425 1551 τῇ
2453 1481 2680 1551 δυνάμει
2710 1481 3061 1550 κεχώρισται.
3101 1481 3183 1532 Ἡς
3208 1479 3316 1549 γάρ
3355 1480 3420 1532 ὲκ
3447 1479 3543 1532 τοῦ
3576 1480 3651 1550 μὴ
3684 1481 3773 1532 ὕν-

2189 1592 2281 1638 τος
2326 1575 2556 1645 πάροδος
2621 1573 2682 1626 τὸ
2734 1572 2964 1642 στρεπτὸν
3030 1569 3365 1640 καταμηνύει
3398 1569 3499 1638 τῆς
3530 1569 3768 1638 φύσεως.

2192 1662 2261 1737 ᾯ
2295 1667 2350 1720 δὲ
2384 1665 2648 1735 συγγενὴς
2677 1665 2710 1736 ἡ
2741 1664 3056 1728 ἀλλοίωσις,
3109 1661 3265 1715 τοῦτο
3301 1662 3484 1732 χάριτι
3533 1661 3626 1713 τοῦ
3683 1663 3772 1714 ἐν·

2197 1760 2471 1830 ισχύοντος
2507 1757 2607 1827 τῆς
2640 1755 2733 1810 τοῦ
2762 1755 3004 1809 ἐναντίου
3065 1753 3353 1824 μετουσίας
3407 1753 3772 1824 ἀπείργεται,

2189 1853 2308 1922 οὐχὶ
2344 1851 2567 1921 δυνάμει
2603 1850 2701 1919 τῆς
2740 1849 2871 1911 ἰδίας
2915 1847 3129 1917 φύσεως
3162 1847 3219 1898 ἐν
3257 1844 3336 1915 τῷ
3367 1844 3558 1914 ἀγαθῷ
3593 1845 3769 1914 μένει.

2190 1943 2264 1994 Τὸ
2291 1941 2348 1994 δὲ
2398 1941 2637 1994 τοιοῦτον
2666 1939 2764 1992 οὐκ
2793 1939 2981 1991 ἀΐδιον.
3011 1936 3072 1989 Εἰ
3101 1933 3193 1990 οὖν
3227 1937 3321 1990 καὶ⁷
3368 1935 3624 2006 ἀληθεύει
3675 1936 3770 1988 λέ-

2189 2051 2335 2101 γων,
2374 2032 2448 2103 μὴ
2489 2031 2594 2086 δεῖν
2627 2029 2714 2084 διὰ
2758 2031 2864 2083 τῶν
2891 2029 3071 2084 αὐτῶν
3101 2028 3198 2099 τὴν
3249 2027 3399 2081 Θείαν
3451 2028 3639 2080 οὐσίαν
3679 2029 3775 2081 καὶ

2189 2123 2284 2194 τὴν
2315 2122 2535 2193 κτιστὴν
2562 2122 2721 2191 φύσιν
2747 2119 3164 2189 ἀναλογίζεσθαι
3185 2136 3199 2151 ”
3231 2121 3366 2190 μηδὲ
3390 2121 3478 2174 διά
3500 2138 3644 2184 τινος
3666 2121 3768 2190 ἁρ-

2190 2215 2291 2284 χῆς
2319 2213 2680 2284 περιγράφειν
2712 2211 2802 2264 τοῦ
2835 2211 2963 2264 Υἱοῧ
2989 2211 3051 2264 τὸ
3084 2210 3243 2275 εἶναι,
3273 2211 3348 2275 ὡς
3375 2211 3442 2264 ἂν
3470 2210 3546 2281 μὴ
3575 2211 3771 2264 τούτου

2189 2304 2461 2368 δοθέντος,
2493 2306 2588 2357 καὶ
2617 2304 2682 2356 τὰ
2711 2303 2872 2356 λοιπά
2896 2303 2993 2372 τῆς
3022 2303 3250 2367 κτίσεως
3278 2303 3385 2356 ῖδια
3432 2305 3498 2374 τῇ
3527 2303 3622 2355 τοῦ
3652 2303 3771 2367 ea;

2189 2396 2448 2467 ὁμολογίᾳ.
2484 2394 2958 2466 συμπαρεισέλθοι.
3013 2394 3323 2463 Ἐλέγχεται
3347 2396 3455 2465 γάρ
3489 2394 3772 2465 προδήλως

2190 2488 2223 2556 ή
2253 2485 2451 2539 ἀτοπία
2497 2485 2588 2537 τοῦ
2633 2485 2722 2537 τὸν
2755 2484 3014 2555 μονογενῆ
3045 2483 3175 2536 Θεὸν
3221 2481 3309 2534 διὰ
3341 2481 3449 2534 τῶν
3499 2482 3629 2554 περὶ
3671 2483 3771 2551 τῆς

2191 2578 2420 2640 κτίσεως
2468 2575 2773 2646 λεγομένων
2805 2577 2903 2646 τῆς
2932 2575 3026 2628 τοῦ
3052 2575 3264 2646 Πατρὸς
3301 2575 3604 2645 ἀῖδιότητος
3634 2575 3774 2628 ἀπο-

2192 2670 2488 2740 σχίζοντος.
2542 2668 2630 2731 Ὠς
2662 2667 2769 2738 γάρ
2793 2667 2944 2721 οὐδὲν
2973 2667 3099 2722 ἄλλο
3127 2668 3232 2720 τῶν
3257 2665 3772 2739 χαρακτηριζὸντων

2191 2761 2287 2830 τὴν
2316 2760 2492 2812 κτίσιν
2528 2759 2656 2830 περὶ
2680 2759 2769 2812 τὸν
2801 2759 3024 2830 ποιητὴν
3051 2757 3349 2828 καθορᾶται
3379 2757 3474 2826 τῆς
3515 2756 3766 2818 κτίσεως,

2190 2852 2362 2915 οὕτως
2397 2851 2518 2905 οὐδὲ
2556 2852 2617 2904 τὸ
2665 2851 2756 2903 ἀπ’
2789 2850 2961 2920 ἀρχῆς
3000 2867 3144 2913 τινος
3177 2845 3314 2902 εἶναι
3361 2848 3567 2918 ταύτην
3592 2887 3607 2910 ,
3638 2845 3771 2898 ἀπό-

2190 2944 2353 3009 δειξις
2385 2943 2593 3012 γίνεται
2625 2943 2715 2995 καὶ
2771 2941 3000 2994 πάντοτε
3053 2935 3192 2994 εἶναι
3242 2941 3299 2993 ἐν
3345 2937 3423 3009 τῷ
3453 2939 3630 3009 Harp!
3681 2937 3768 2990 τον

2192 3037 2355 3089 Υἱόν·
2409 3036 2467 3099 ὃς
2518 3037 2632 3088 ἐστι
2668 3033 2826 3102 σοφία
2880 3050 2940 3085 τε
2988 3032 3081 3085 καὶ
3143 3032 3416 3102 δύναμις,
3479 3033 3573 3083 καὶ
3619 3030 3768 3098 φῶς,

500 3120 618 3174 hac
653 3123 723 3174 sit
765 3120 834 3173 ab
887 3121 1072 3188 aliquo
1122 3120 1394 3188 principio
1443 3120 1812 3173 demonstrari
1865 3127 2082 3188 potest,

2191 3129 2283 3183 καὶ
2313 3129 2456 3201 ζωὴ,
2507 3128 2602 3182 καὶ
2641 3127 2816 3181 πάντα
2855 3128 2954 3182 ὅσα
2985 3128 3042 3180 ὲν
3082 3125 3161 3197 τῷ
3201 3125 3448 3196 πατρικῷ
3483 3125 3768 3196 θεωρεῖται

500 3223 720 3277 semper
755 3209 808 3262 in
861 3207 1020 3264 Patre
1056 3225 1181 3263 esse
1214 3208 1445 3272 Filium,
1478 3211 1570 3280 qui
1612 3219 1695 3263 est
1732 3211 2000 3279 sapientia
2031 3220 2085 3263 et

498 3300 716 3363 virtus,
750 3310 802 3353 et
836 3301 924 3353 lux
952 3341 964 3358 .
997 3309 1052 3354 et
1099 3300 1211 3354 vita
1262 3309 1317 3354 et
1357 3301 1544 3355 omnia
1587 3316 1703 3371 quae
1753 3301 1806 3354 in
1856 3309 2084 3370 paterno

499 3394 620 3448 sinu
651 3392 1094 3448 considerantur.

2192 3221 2373 3290 κόλπῳ
2381 3260 2394 3272 .

2319 3604 3736 3627 W

1273 3791 1341 3874 Κ
1359 3790 1569 3875 ΛΤΛ
1671 3789 2258 3906 ΕΥΝΟΜΙΟΥ
2362 3786 2753 3873 ΛΟΓΟΣ
2795 3780 2936 3875 Θ’.

1021 4144 1492 4237 CONTRA
1589 4120 2253 4236 EUNO’MIUM
2365 4144 2713 4232 LIBER
2810 4141 3254 4235 NONUS.

595 4514 867 4569 CAPITA
910 4511 1047 4566 SEU
1091 4510 1479 4566 Slt'MMARIA
1528 4511 1725 4568 NON]
1764 4511 1990 4566 LIBRI.

502 4605 556 4663 Ι.
591 4603 778 4659 Nonus
831 4605 978 4676 liber
1031 4603 1345 4676 theologiam
1383 4604 1628 4659 Eunomii
1676 4607 1853 4674 aliqua
1921 4623 2082 4676 usque

575 4686 708 4730 recte
740 4693 793 4729 se
820 4674 1007 4727 habere
1037 4675 1132 4725 ait.
1160 4674 1354 4729 Deinde
1374 4674 2080 4730 immensamabsurditatem

571 4743 1238 4814 detestatus,lniraltiliter
1279 4746 1547 4814 redarguit
1582 4746 1716 4799 illud
1749 4761 1812 4798 ea:
1858 4747 2081 4802 Philone

571 4813 762 4867 Juda'o
794 4813 855 4866 ab
891 4811 1149 4865 Eunomia
1184 4811 1839 4884 (propterconvenientiam
1870 4819 2080 4870 animo-

573 4888 713 4958 ram)
749 4885 1145 4958 transcriptmn,
1191 4885 1327 4958 Deus
1354 4897 1427 4940 est
1459 4898 1579 4958 ante
1621 4889 1820 4951 omnia,
1854 4903 1969 4954 qtae
1996 4905 2082 4958 ge-

571 4953 683 5034 nita
712 4965 854 5034 sant,
887 4951 1067 5005 addito
1101 4967 1149 5007 et
1184 4957 1279 5010 hoc
1314 4973 1331 5009 :
1365 4957 1468 5022 Qui
1507 4959 1738 5026 propria:
1774 4951 2082 5013 dominatur

570 5033 838 5094 ροιειιιιαι.

501 5162 554 5217 Ξ.
585 5159 716 5215 Filii
745 5162 1129 5231 generationem
1168 5179 1270 5214 non
1309 5163 1496 5216 habere
1527 5179 1580 5216 se
1609 5163 1678 5215 ad
1722 5163 1930 5215 modum
1965 5161 2080 5215 Eu-

573 5233 734 5286 nomii
770 5234 993 5286 dicentis
1021 5249 1037 5286 :
1067 5232 1211 5285 Tunc
1247 5232 1408 5284 Pater
1431 5235 1604 5299 genuit
1631 5231 1850 5293 Filium,
1870 5233 2080 5298 quando

571 5304 753 5366 roluil,
779 5318 824 5357 et
863 5321 966 5356 non
984 5305 1132 5371 prius
1169 5317 1186 5353 :
1216 5302 1304 5355 sed
1340 5300 1534 5354 Filium
1565 5305 1797 5355 omnium
1827 5303 2080 5355 bonorum

569 5375 946 5442 plenitudinem
976 5390 1176 5442 semper
1197 5374 1466 5433 exsistere,
1488 5383 1533 5424 et
1564 5375 1614 5442 in
1642 5372 1798 5424 Patre
1829 5375 2076 5434 spectari,

569 5441 955 5510 sapientissime
984 5444 1381 5502 demonstravit,
1408 5443 1521 5509 ipso
1551 5441 1800 5494 Eunomii
1837 5443 1980 5497 dicto
2009 5444 2078 5497 ad

570 5513 1040 5570 demonstrationis
1091 5515 1543 5582 conﬁrmationem
1576 5522 1865 5581 assumpto.

491 5643 564 5703 ,ὃς
605 5646 994 5703 Cenerationem
1042 5649 1172 5703 Filii
1213 5651 1388 5704 omnia
1446 5652 1642 5704 stecnla
1698 5658 2073 5718 antegressum,

581 5733 684 5788 non
720 5721 972 5771 wstimari
1001 5721 1181 5775 debere
1231 5739 1293 5774 t'a‘
1321 5723 1585 5774 communi
1613 5730 1660 5774 et
1693 5720 1897 5772 carnali
1927 5739 2078 5788 gene-

580 5786 805 5854 ratione,
839 5789 926 5841 sed
953 5791 1089 5844 initii
1126 5805 1169 5845 et
1214 5794 1333 5862 [inis
1373 5803 1629 5861 expertem
1661 5808 1771 5846 esse
1806 5809 1818 5858 ;
1847 5786 1944 5846 non
1981 5808 2074 5845 tm-

2366 4511 2738 4564 ΚΕΦΛΛΑΙΛ
2783 4513 2860 4564 TD
2875 4511 2918 4563 Υ
2943 4511 3137 4564 ΕΝΝΛ
3149 4511 3278 4565 ΤΟΥ
3311 4513 3512 4564 ΛΟΓΟ
3525 4514 3584 4565 Υ.

2181 4597 2251 4653 α’.
2303 4601 2366 4654 '0
2396 4601 2465 4668 δὲ
2512 4605 2558 4656 0'
2593 4603 2776 4670 λόγος
2817 4600 2940 4672 thr:
2973 4601 3266 4672 Εὐνομίου
3309 4604 3628 4672 θεολογίαν
3655 4597 3748 4672 μξτ

2253 4689 2351 4740 χρι
2395 4672 2509 4741 μέν
2573 4668 2733 4741 τινος
2787 4669 2984 4737 καλῶς
3038 4671 3331 4737 ῥηθεῖσαν
3390 4668 3576 4740 λέγει.
3640 4668 3749 4741 Εἶτξ

2253 4739 2474 4809 ἐφεξῆς
2509 4742 2576 4794 ἐκ
2599 4739 2718 4794 τῶν
2759 4742 3022 4805 Φίλωνος
3043 4741 3240 4862 vidng
3267 4741 3352 4806 τὸ,
3388 4743 3442 4794 Ὀ
3475 4739 3622 4808 Θεὸς
3649 4740 3750 4810 πρὸ

2253 4812 2369 4862 τῶν
2403 4812 2627 4862 ἄλλων.
2663 4811 2779 4862 ὅσα
2807 4812 3081 4862 γεννητὰ.
3154 4812 3212 4862 ιὰ
3246 4811 3360 4862 τὴν
3400 4812 3750 4862 συγγένειαι·

2253 4812 2369 4864 τῶν
2403 4812 2627 4873 ἄλλων,
2663 4811 2779 4864 ὅσα
2807 4812 3081 4881 γεννητὰ,
3115 4811 3212 4864 διὰ
3246 4811 3360 4877 τὴν
3400 4812 3752 4881 συγγένειαι·

2259 4882 2364 4934 τοῦ
2388 4881 2774 4951 φρονήματος,
2809 4881 2957 4949 μετὰ
2981 4880 3100 4951 τῶν
3133 4881 3296 4951 {dicor
3329 4882 3628 4951 ἀναμίξας
3659 4882 3746 4935 λά

2318 4949 2398 5010 ον,
2431 4949 2715 5021 προσθείς
2752 4950 2820 5002 δὲ
2845 4949 3047 5012 καὶτὸ,
3086 4949 3199 5018 Τῆς
3224 4951 3376 5021 ζδίας
3407 4949 3757 5021 κὰτακρατεῖ

2253 4969 2395 5073 ἔων,
2431 4969 2715 5019 προσυεις
2752 4969 2820 5002 οε
2845 4969 2940 5003 και
2961 4969 3047 5012 το,
3089 4969 3199 5018 ιης
3224 4969 3376 5016 ιοιας
3407 4969 3752 5021 κατακρατει

2292 5021 2576 5092 υνὰμεως.
2628 5020 2740 5087 τὴν
2794 5021 3138 5092 ύςτερὸολὴν
3185 5019 3292 5088 τῆς
3346 5022 3602 5088 ἀτοπίας
3645 5042 3753 5092 μιν·

2253 5090 2520 5156 σαχθείς,
2548 5090 2900 5157 θαυμαστῶς
2924 5090 3245 5158 ἐξελέγχει.

2185 5161 2248 5230 β’.
2281 5159 2422 5214 Εἶτα
2456 5160 2570 5228 τὴν
2596 5161 2701 5213 τοῦ
2745 5160 2880 5213 Υίοῦ
2909 5160 3195 5229 γέννησιν
3221 5163 3293 5214 οὺ
3323 5161 3476 5215 κατὰ
3513 5163 3629 5228 τὴν·
3655 5165 3755 5217 Εὐ-

2251 5231 2461 5299 νομίου
2513 5230 2742 5299 φωνὴν,
2791 5232 2926 5284 Τότε
2969 5231 3280 5298 ἐγέννησε.
3312 5232 3622 5300 λέπυντος,
3663 5234 3755 5286 ὅτε

2250 5300 2554 5368 ἠθέλησεν
2578 5304 2609 5353 ό
2639 5300 2858 5367 Πατὴρ,
2881 5302 2978 5355 καὶ
3005 5304 3074 5353 οὺ
3099 5304 3403 5369 πρότερον,
3433 5304 3596 5357 ἀλλὰ
3621 5305 3757 5356 πᾶν·

2253 5388 2370 5424 των
2421 5370 2654 5439 ἀγαθῶν
2712 5373 2805 5422 καὶ
2865 5371 3064 5425 καλῶν
3119 5371 3407 5439 πλήρωμα
3459 5377 3568 5426 τὸν
3627 5374 3756 5427 Υἱόν

2255 5442 2417 5502 ὄντα,
2446 5441 2533 5493 ἀεὶ
2589 5442 2656 5492 ἐν
2699 5440 2778 5511 τῷ
2810 5442 2988 5511 Πιιτρί
3031 5442 3386 5506 θεωρεῖσθαι,
3430 5447 3755 5511 πανσόφως

2251 5511 2583 5573 ὑπέδειξεν,
2624 5509 2825 5581 αὐτῶν
2885 5510 3008 5581 τῶιί
3040 5513 3336 5578 Εὐνομίου
3377 5515 3578 5581 ,λόγων
3610 5509 3756 5569 συν-

2255 5599 2382 5647 ηγοι
2399 5581 2496 5632 iur
2521 5579 2921 5648 ποιησάμενος
2951 5579 3055 5647 τῆς
3069 5583 3345 5647 τοιαύτης
3371 5579 3751 5650 ἀποδείξεως.

2182 5660 2249 5718 γ’.
2288 5650 2398 5702 Καὶ
2431 5650 2518 5702 ὅτι
2547 5651 2695 5702 κατὰ
2730 5650 2842 5716 τὴν
2867 5652 3081 5717 κοινὴν
3108 5653 3203 5704 καὶ
3235 5652 3517 5718 σαρκώδη
3549 5657 3751 5718 γέννη-

2193 5671 2249 5722 γ’.
2288 5671 2398 5702 nm
2431 5671 2518 5702 οτι
2547 5671 2695 5702 κατα
2730 5671 2842 5716 την
2867 5671 3081 5717 now-qr
3108 5671 3203 5704 και
3235 5671 3517 5720 σαρκωοη
3549 5671 3752 5720 γει-νη-

2249 5738 2308 5774 σι
2319 5739 2351 5772 ν
2366 5723 2399 5787 ἡ
2416 5721 2762 5787 προαιώιηος
2776 5722 2876 5775 τοῦ
2895 5721 3268 5790 Morare-rch
3283 5723 3354 5774 οὐ
3371 5726 3752 5793 τεκμαίρεται,

2252 5794 2385 5846 ἀλλ’
2423 5793 2684 5862 ιἰιηέκχίς
2709 5793 2835 5847 ἐστι
2866 5793 2959 5846 καί
2981 5795 3388 5862 ἀτελεύτηῖος,
3420 5795 3520 5848 καὶ
3544 5799 3618 5851 οὐ
3655 5811 3751 5849 κα-
