4046 6150
237 310 327 369 θοι

299 424 417 489 θὼς
439 423 728 492 Εὐνόμιος
758 422 1027 491 ἀνοήτως
1073 425 1185 480 ἀπὸ
1219 424 1334 478 τῶν
1366 424 1639 479 Πλάτωνι
1677 422 1809 492 περὶ

302 491 509 561 ψυχῆς
536 494 863 560 ῥηθέντων,
911 494 1010 546 καὶ
1052 495 1161 560 τῆς
1204 496 1339 561 παρ’
1375 494 1658 561 Ἑϐραίοις
1703 491 1811 546 τοῦ

304 561 606 633 Σαϐϐᾴτου
650 562 1048 629 ἀναπαύσεως
1096 562 1478 630 ἀναπλάττει,
1508 563 1595 633 μὴ
1641 563 1812 630 εἰδὼς

304 630 418 698 τὴν
445 631 702 698 δύναμιν
729 633 932 685 αὐτοῦ.

238 703 297 760 δ’.
328 697 469 755 Εἶτα
518 697 634 769 τὴν
660 702 813 754 κατὰ
854 702 959 756 τοῦ
985 719 1061 771 με

306 772 411 850 τοῦ
437 770 738 850 Εὑνομίου
768 770 1312 850 ονιίκοεραντίανηῲς
1336 772 1678 850 ’ἀγέξννῃτον
1707 772 1813 850 τόν

308 840 615 910 Μονογενῆ
645 840 1030 911 Δκαλοιῖοντος,
1076 842 1274 911 ψευδή
1318 840 1661 905 ἀποδείξας,
1696 841 1810 894 πά-

307 915 406 965 λιν
428 909 560 976 περὶ
595 909 661 962 τὸ
697 910 892 964 ἀΐδιον
914 913 1010 965 καὶ
1040 909 1131 973 ὃν,
1162 909 1679 979 καὶήὰτελεύτητον
1701 911 1811 978 τῆς

307 981 412 1034 τοῦ
477 980 857 1049 Μονογενοῦς
906 979 1294 1050 δημιουργίας
1348 999 1411 1036 τε
1463 981 1561 1035 καὶ
1619 983 1813 1049 φωτός

308 1049 404 1174 nali
440 1051 702 1130 arcemve
746 1049 1075 1119 πονο-ὀξέως
1114 1049 1453 1118 διεξελθὼν,
1487 1052 1594 1105 τὸν
1628 1051 1817 1120 λόγον

308 1136 350 1173 π
397 1137 542 1174 ηοοι.

307 1136 542 1188 smnpm.

1342 309 1619 366 CONTRA
1643 309 2030 376 EL’NOMIUM.
2070 309 2198 366 LIB.
2238 310 2332 366 1X.

3379 309 3489 367 802

1988 434 2088 478 tem
2140 425 2220 478 ita
2272 441 2327 478 se
2360 422 2564 488 habere,
2595 424 2751 476 sicuti
2776 437 2840 477 ea:
2905 419 3147 475 Platonis
3191 420 3256 476 de
3304 424 3485 478 anima

1981 496 2157 556 dictis,
2189 504 2238 547 et
2269 510 2334 547 ea:
2363 493 2586 549 Sabbati
2612 497 2786 560 requie
2817 493 2956 561 apud
2992 491 3240 545 Hebrwos
3265 509 3485 547 comma-

1980 566 2224 630 niscitur,
2260 568 2358 618 vim
2382 581 2564 619 eorum
2585 565 2795 617 minime
2819 562 3135 631 intelligens.

1064 701 1252 772 γάλου
1291 703 1613 757 Βασιλείου
1655 702 1815 770 παρὰ

1926 698 2214 772 LIandem
2244 700 2478 772 refutatu
2498 697 3079 772 Eunomiicalumnia.
3106 714 3210 772 qua
3240 712 3488 772 magnum

1982 769 2241 824 Basilium
2266 766 2587 823 mendaciter
2606 769 2944 838 oppetiverat,
2969 769 3121 838 quasi
3155 766 3486 837 Unigenitum

1983 842 2268 911 ingenitum
2294 835 2649 909 affirmasset.’
2670 854 2855 911 rursus
2896 835 3490 911 de_Unigeniti‘_¢eterni-

1986 907 2110 973 tate,
2126 907 2432 964 exsistentia
2454 921 2500 964 et
2517 911 2637 978 linis
2660 908 2914 967 carentia,
2945 907 3106 978 deque
3123 908 3385 961 creatione
3406 908 3491 959 [ιι--

1988 982 2144 1034 minis
2196 991 2246 1035 et
2303 976 2633 1033 tenebrarum
2660 993 2907 1046 perquam
2939 976 3140 1032 erudite
3200 978 3485 1042 disserens,

1991 1049 2185 1104 librant
2207 1052 2494 1105 concludit.

326 1517 466 1572 Ἀλλ’
516 1519 607 1572 ἐπὶ
653 1519 777 1583 τοὺς
831 1519 1190 1591 ὑψηλοτέρους
1241 1521 1558 1594 μετέρχεται
1603 1523 1814 1593 λόγους,

1992 1516 2095 1573 Sed
2133 1515 2201 1570 ad
2239 1516 2461 1570 altiores
2493 1520 2688 1569 transnt
2715 1526 2995 1566 sermones
3024 1525 3079 1564 In
3113 1508 3344 1563 sublime
3371 1520 3491 1562 sese

244 1611 336 1665 καὶ
364 1611 699 1682 μετεωρίσας
732 1611 921 1666 ἑαυτὸν
949 1614 1043 1665 καὶ
1072 1612 1319 1681 ὀγκώσας
1357 1614 1415 1666 ὲν
1451 1615 1681 1686 διακένῳ
1710 1633 1814 1684 φυπ

242 1703 463 1773 σήματι,
510 1702 686 1770 λέγειν
731 1705 1004 1775 ἐπιχειρεῖ
1044 1723 1095 1758 τι
1132 1705 1231 1776 τῆς
1272 1705 1365 1758 τοῦ
1404 1705 1539 1759 Θεοῦ
1583 1707 1813 1775 μεγαλοε-

245 1794 511 1866 πρεπείας
551 1793 792 1860 ἐπάξιον.
840 1797 906 1848 ’0
947 1796 1005 1848 δὲ
1033 1795 1180 1864 λέγει
1222 1796 1462 1850 τοιοῦτόν
1501 1799 1645 1851 ἐστι·
1674 1798 1816 1866 Θεὸς

242 1880 350 1949 τὰρ
386 1879 490 1943 ὢν,
544 1880 698 1950 φησὶ,
751 1880 816 1935 τὸ
866 1881 1107 1937 πάντων
1160 1883 1531 1953 ἐξοχώτατον
1568 1886 1831 1955 ἀγαθὸν,-

243 1972 340 2025 καὶ
377 1972 618 2027 πάντων
643 1973 984 2042 κράτιστον,
1012 1979 1110 2029 καὶ
1139 1976 1341 2045 πάσης
1364 1959 1501 2048 ἀνᾶ)
1521 1996 1630 2047 seqq
1650 1979 1819 2035 ἐλεύ-

242 2068 432 2131 θερον.
477 2065 669 2129 Καλῶς
707 2067 736 2117 6
776 2067 1036 2135 γεννάδας
1078 2067 1324 2139 καθάπερ
1354 2086 1405 2121 τι
1440 2069 1621 2122 πλοῖον
1670 2072 1821 2142 ἀνερε

245 2157 502 2225 μάτιστον
530 2157 854 2226 αὐτομάτως
900 2157 1006 2210 ὑπὸ
1049 2158 1157 2211 τῶν
1186 2159 1285 2228 τῆς
1315 2160 1530 2231 ἀπάτης
1559 2161 1818 2231 κυμάτων

243 2245 321 2314 τῷ
373 2245 551 2315 λιμένι
603 2246 704 2315 τῆς
755 2246 1013 2318 ἀληθείας
1067 2248 1458 2321 ὲγκαθορμίζει
1503 2251 1594 2304 τὸν
1640 2252 1815 2322 λόγον.

245 2337 492 2391 Πάντων
532 2337 652 2390 τῶν
679 2338 918 2407 ἀγαθῶν
961 2340 1334 2409 ἐξοχώτατόν
1374 2342 1545 2396 ἐστιν
1573 2346 1606 2396 d
1653 2346 1815 2410 Θεός.

255 2428 553 2500 Ὑπέρευγε
600 2428 702 2499 τῆς
752 2430 1075 2499 όμολογίαςί
1135 2432 1370 2496 Πάντως·
1405 2432 1459 2486 δὲ
1508 2433 1599 2485 τὸν
1650 2434 1821 2505 μέγαν

255 2520 504 2591 Ἰωάννην
533 2520 634 2572 οὐκ
680 2518 745 2572 ἂν
771 2521 1041 2591 γράψαιτο
1072 2522 1386 2592 παράνομον
1422 2523 1658 2594 γραφὴν,
1692 2525 1822 2595 παρ’

245 2604 304 2663 οὗ
333 2611 466 2674 Θεὸς
503 2611 531 2663 6
566 2615 857 2684 μονογενὴς
886 2615 945 2666 ἐν
990 2612 1178 2685 ὑψηλῷ
1220 2612 1297 2684 τῷ
1329 2617 1638 2688 κηρύγματι
1675 2617 1826 2685 διαγ-

249 2701 522 2769 γέλλεται·
559 2705 587 2755 6
632 2705 727 2756 καὶ
778 2704 911 2774 πρὸς
950 2704 1041 2757 τὸν
1087 2703 1219 2757 Θεὸν
1269 2704 1362 2770 ὢν,
1415 2708 1508 2759 κα)¹
1552 2705 1684 2769 Θεὸς
1728 2705 1822 2758 ὢν.

246 2793 458 2847 οὐκοῦν
500 2797 547 2848 εί
596 2795 903 2862 ἀξιόπιστος
946 2796 1044 2867 τῆς
1086 2796 1179 2850 τοῦ
1209 2797 1545 2867 Μονογενοῦς
1576 2798 1825 2868 θεότητος

250 2883 429 2957 κῆρυξ
465 2887 700 2950 ἐκεῖνος·
732 2891 760 2941 6
797 2889 854 2942 δὲ
902 2888 1032 2951 Θεὸς
1057 2889 1119 2942 τὸ
1148 2888 1474 2960 ὲξοχώτατόν
1507 2891 1653 2944 ἐστιν
1684 2893 1821 2959 ἀγα·
1857 2879 1897 2937 Β

251 2979 376 3032 θόν’
410 2981 440 3033 6
482 2979 612 3043 Υἱὸς
659 2981 764 3051 ἄρα
808 2982 868 3034 τὸ
919 2982 1249 3052 ἐξοχώτατον
1292 2983 1494 3052 ἀγαθὸν
1535 2983 1685 3054 παρὰ
1729 2983 1823 3037 τοῦ

246 3066 446 3139 ἐχθροῦ
495 3070 596 3140 τῆς
653 3069 809 3138 δόξης
862 3070 1027 3124 αὐτοῦ
1095 3070 1531 3142 μεμαρτύρηται.
1599 3072 1711 3143 Τῆς
1767 3073 1824 3125 δὲ

245 3155 504 3229 τοιαύτης
533 3159 712 3230 φωνῆς
743 3160 835 3213 καὶ
867 3162 959 3212 ἐπὶ
991 3160 1082 3213 τοῦ
1120 3161 1331 3233 Πατρὸς
1370 3162 1736 3233 ἁρμοζούσης,
1764 3162 1825 3215 τὸ

242 3248 600 3320 ὐπερθετικδν
625 3250 726 3321 τῆς
754 3250 848 3304 τοῦ
872 3250 1207 3323 ὲξοχωτάτου
1229 3253 1538 3324 ἐμφάσεως,
1569 3255 1823 3325 οὐδεμίαν

244 3343 309 3392 ὲκ
360 3343 703 3415 συγκρίσεως
750 3344 1113 3415 παραδέχεται
1165 3346 1389 3414 μείωσιν
1440 3345 1820 3418 ῆύπέρθεσιν.

245 3430 468 3485 Τούτων
515 3431 574 3485 δὲ
621 3433 753 3503 ἡμῖν
803 3434 955 3505 παρὰ
986 3434 1083 3504 τῆς
1130 3434 1237 3487 τῶν
1268 3434 1479 3506 ἐχθρῶν
1518 3435 1824 3507 μαρτυρίας

246 3524 386 3595 πρὸς
414 3522 691 3590 ἀπόδειξιν
712 3523 811 3593 τῆς
836 3523 932 3577 τοῦ
964 3526 1300 3589 Μονογενοῦς
1327 3525 1484 3596 δόξης
1522 3526 1825 3596 παρειλημ-

248 3614 450 3683 μένων,
499 3614 829 3685 προσθετέον
867 3616 946 3678 είς
988 3617 1302 3687 συμμαχίαν
1355 3617 1448 3671 τοῦ
1494 3618 1824 3687 ὑγιαίνοντος

243 3705 432 3774 λόγου,
487 3706 584 3759 καὶ
630 3706 719 3759 τὸν
753 3707 952 3778 ἐφεξῆς
985 3708 1149 3762 αὐτοῦ
1187 3708 1362 3777 λόγον.
1401 3711 1538 3780 Φησὶ
1579 3710 1706 3782 γὰρ,
1743 3711 1824 3763 ὅτι

250 3798 324 3850 Τὸ
353 3796 728 3866 ὲξοχώτατον
764 3800 987 3868 ἀγαθὸν
1015 3803 1048 3853 ὁ
1078 3800 1242 3866 Θεὸς,
1270 3800 1373 3855 ἅτε
1403 3800 1557 3870 μήτε
1587 3803 1826 3871 φύσεως

240 3887 704 3958 ἐμποδιζούσης,
733 3890 887 3960 μήτε
927 3893 1120 3957 αἰτίας
1163 3891 1636 3961 ἀναγκαζούσης,
1678 3892 1826 3962 μήτε

242 3980 455 4047 χρείας
492 3981 983 4048 κατεπειγούσης,
1017 3980 1199 4051 γεννᾷ
1234 4000 1298 4036 τε
1342 3983 1440 4036 καὶ
1486 3983 1834 4053 δημιουργεῖ

242 4068 403 4121 κατὰ
431 4068 547 4136 τὴν
568 4068 680 4136 τῆς
708 4069 861 4136 ιδίας
888 4071 1173 4138 ἐξουσίας
1197 4073 1525 4143 ὑπεροχὴν,
1552 4074 1667 4143 τὴν
1696 4076 1830 4129 ϐού-

237 4161 437 4225 λησιν
479 4158 791 4226 ἀρκοῦσαν
841 4161 998 4229 ἔχων
1033 4163 1289 4232 δύναμιν
1340 4164 1487 4230 πρὸς
1539 4164 1651 4233 τὴν
1705 4164 1824 4219 τῶν

234 4246 587 4317 γενομένων
603 4250 928 4305 σύστασιν.
961 4253 1032 4305 El
1060 4252 1265 4307 τοίνυν
1296 4252 1419 4307 πᾶν
1448 4255 1639 4309 καλὸν
1673 4257 1822 4310 κατὰ

237 4340 365 4408 τὴν
386 4342 600 4395 τούτου
620 4341 951 4410 βοϋλιισιν,
982 4346 1054 4397 οὐ
1086 4349 1274 4414 μόνον
1296 4348 1619 4417 γενόμενον
1648 4348 1820 4417 ὁρίζει

236 4431 463 4492 καλὸν.
485 4431 643 4486 ἀλλὰ
672 4433 770 4486 καὶ
798 4433 896 4487 ὅτε
923 4434 1432 4516 τενέσθιιιβαλόν
1453 4455 1464 4467 ·
1508 4440 1673 4509 εἴπερ
1708 4440 1822 4510 ἄρα

233 4522 589 4589 ἀσθενείας,
620 4522 687 4576 τὸ
727 4524 920 4580 ποιεῖν
956 4525 989 4579 6
1027 4525 1114 4595 μὴ
1149 4527 1455 4590 βούλεται.
1499 4531 1676 4602 Μέχρι
1714 4532 1829 4586 τού-

233 4629 340 4665 του
378 4611 766 4683 παραληπτέος
809 4616 939 4684 ἡμῖν
972 4615 1107 4685 πρὸς
1147 4614 1407 4670 σύστασιν
1452 4619 1560 4672 τῶν
1589 4621 1827 4675 εὐσεϐῶν

232 4700 535 4768 δογμάτων
564 4702 593 4753 6
621 4702 686 4754 ἐκ
723 4703 984 4774 ῥυπαρῶν
1021 4720 1079 4756 τε
1104 4706 1196 4757 καὶ
1226 4706 1443 4769 πάντως
1474 4712 1828 4780 κεκομμένων

234 4787 523 4854 λεξειδίων
558 4788 1073 4863 διαπεπορπημένος
1117 4794 1226 4848 τῶν
1272 4796 1529 4852 ἐναντίων
1560 4798 1746 4867 λόγος’
1781 4803 1829 4855 εί

232 4882 359 4953 γὰρ
387 4883 532 4936 κατὰ
559 4882 658 4956 τὴν
686 4882 789 4953 τῆς
823 4884 961 4948 ἰδίας
1003 4886 1250 4953 ἐξουσίας
1281 4890 1555 4962 ὑπεροχὴν
1581 4893 1680 4963 τὴν
1709 4892 1833 4965 βού-

229 4974 407 5047 λησιν
440 4973 716 5043 ἀρκοῦσαν
760 4975 898 5047 ἔχων
929 4976 1175 5049 δύναμιν,
1209 4981 1344 5051 πρὸς
1388 4982 1487 5052 τὴν
1537 4983 1643 5038 τῶν
1683 5003 1829 5054 γινο-

229 5068 431 5139 μένων
465 5066 742 5130 σύστασιν,
771 5069 800 5121 6
846 5067 915 5121 τὰ
949 5069 1126 5123 πάντα
1173 5072 1385 5137 κτίσας,
1439 5076 1573 5146 μήτε
1618 5077 1831 5147 φύσεως

228 5155 670 5229 ἐμποδιζούσης,
716 5160 854 5230 μήτε
888 5162 1067 5226 αίτίας
1096 5163 1526 5236 ἀναγκαζούσης,
1561 5167 1621 5219 οὐ
1674 5168 1833 5237 μόνον

227 5253 294 5306 τὸ
349 5249 649 5321 γενόμενον
691 5252 859 5322 ὁρίζει
892 5255 1076 5319 καλὸν,
1113 5256 1247 5311 ἀλλὰ
1300 5257 1394 5310 καὶ
1445 5259 1534 5311 ὅτε
1579 5259 1831 5327 γενέσθαι

226 5342 433 5395 καλόν.
486 5339 546 5392 '0
575 5339 632 5391 δὲ
678 5339 854 5395 πάντα
900 5343 1090 5406 ποιῶν,
1121 5346 1150 5398 6
1192 5349 1489 5416 μονογενής
1527 5349 1643 5400 ἐστι
1677 5347 1828 5414 Θεὸς,

228 5431 428 5496 καθὼς
460 5430 729 5502 κηρύσσει
762 5432 827 5486 τὸ
854 5434 1218 5503 Εὐαγγέλιον·
1271 5435 1426 5503 οὗτος
1458 5442 1547 5494 ὅτε
1580 5441 1828 5512 ἠθέλησε,

226 5526 359 5579 τότε
390 5523 491 5578 καὶ
521 5523 622 5593 τὴν
654 5523 830 5577 κτίσιν
855 5527 1106 5596 ἐποίησεν
1130 5547 1143 5561 ’
1183 5530 1301 5583 τότε
1334 5532 1588 5604 περιέσχε
1633 5532 1709 5604 τῷ
1739 5535 1819 5587 οὐ·

229 5617 415 5688 ρανίῳ
483 5612 703 5683 σώματι
768 5614 856 5669 διὰ
920 5616 1019 5686 τῆς
1073 5620 1582 5696 κυκλοφορουμένης
1642 5626 1830 5690 οὐσίας

228 5709 416 5766 ’πάντα
443 5706 539 5763 τὸν
568 5703 717 5768 ὲντδς
744 5705 838 5760 τοῦ
864 5710 1137 5779 σχήματος
1169 5713 1573 5786 ἀπειλημμένον
1595 5717 1824 5788 κόσμον·

1917 1611 2171 1675 ellerens,
2201 1617 2257 1665 et
2299 1608 2451 1662 inani
2480 1605 2611 1660 ﬂatu
2651 1607 3043 1670 intumescens,
3079 1601 3223 1672 quod
3250 1599 3342 1655 Dei
3376 1615 3492 1653 ma-

1918 1701 2234 1773 gniﬁcentia
2287 1698 2513 1770 dignum
2573 1698 2664 1763 sit,
2708 1697 2891 1751 dicere
2947 1693 3280 1764 aggreditur.
3335 1689 3490 1757 Quod

1919 1802 2103 1849 autem
2132 1794 2209 1847 ait
2260 1793 2364 1847 tale
2396 1800 2503 1846 est:
2543 1788 2706 1854 Deus,
2750 1787 2950 1857 inquit,
2994 1801 3112 1839 cum
3145 1789 3213 1838 sit
3258 1784 3492 1838 omnium

1919 1885 2386 1940 eminentissimum
2418 1882 2629 1947 bonum,
2672 1889 2720 1933 et
2754 1878 2987 1933 omnium
3025 1877 3275 1945 optimum
3301 1891 3363 1928 ac
3394 1889 3490 1942 po-

1921 1978 2293 2044 tentissimum,
2333 1985 2381 2029 et
2416 1974 2479 2028 ab
2527 1974 2669 2027 omni
2716 1973 3022 2026 necessitate
3064 1968 3307 2025 liberum.
3342 1964 3492 2020 Pras-

1920 2071 2065 2125 clare
2092 2082 2391 2139 generosus
2428 2065 2538 2129 hic,
2570 2064 2735 2119 veluti
2778 2063 3049 2134 navigium
3078 2058 3349 2130 quoddam
3379 2071 3490 2111 non

1922 2163 2268 2220 saburratum
2312 2168 2516 2215 temere
2554 2165 2609 2212 et
2653 2156 2877 2210 fortuito
2925 2169 2955 2207 a
2989 2153 3244 2206 ﬂuctibus
3287 2149 3491 2204 erroris

1926 2256 1983 2310 in
2032 2260 2251 2324 portum
2308 2250 2550 2304 veritatis
2602 2261 2908 2303 sermonem
2955 2244 3202 2315 appellit.
3247 2242 3492 2297 Omnium

1924 2347 2181 2400 bonorum
2241 2343 2716 2398 eminentissimum
2771 2349 2848 2393 est
2892 2337 3056 2391 Deus.
3115 2334 3159 2389 Ο
3219 2334 3490 2404 egregiam

1922 2436 2362 2493 confessionem!
2408 2434 2566 2504 plane
2602 2446 2857 2502 magnum
2889 2429 3153 2484 Joannem
3188 2443 3295 2480 non
3331 2440 3494 2479 accu-

1924 2530 2066 2585 sabit
2097 2528 2232 2598 legis
2262 2539 2545 2596 perperam
2598 2522 2740 2585 latae,
2777 2537 2807 2575 a
2837 2537 2946 2591 quo
2989 2518 3132 2573 Deus
3179 2516 3493 2588 unigenitus

1924 2624 1977 2677 in
2017 2620 2234 2677 excelso
2267 2615 2539 2688 praeconio
2566 2613 2943 2675 annuntiatur,
2994 2612 3086 2682 qui
3131 2608 3274 2680 apud
3326 2607 3491 2662 Deum

1924 2721 2062 2776 erat,
2099 2719 2152 2765 et
2192 2709 2334 2765 Deus
2380 2715 2516 2763 erat.
2547 2704 2689 2776 Ergo
2729 2705 2775 2761 si
2826 2705 2928 2758 iide
2971 2704 3167 2774 dignus
3220 2698 3491 2771 Unigeniti

1926 2804 2148 2859 deitatis
2186 2814 2367 2872 praeco
2417 2799 2536 2854 ille:
2585 2796 2727 2853 Deus
2760 2806 2940 2851 autem
2990 2802 3075 2850 est
3121 2791 3492 2849 eminentissi—

1927 2911 2073 2950 mum
2113 2894 2316 2948 bonum
2354 2910 2367 2946 :
2399 2889 2572 2945 Filius
2623 2890 2792 2958 igitur
2830 2902 3102 2965 summum
3152 2887 3378 2952 bonum,
3426 2884 3496 2940 ab

1927 2984 2149 3039 inimico
2198 2981 2316 3051 ejus
2355 2980 2540 3051 gloriae
2591 2978 2852 3049 probatus
2898 2982 3000 3030 est.
3054 2975 3188 3028 Cum
3236 2973 3352 3029 hac
3390 2987 3497 3027 vox

1925 3074 2140 3130 etiamsi
2174 3071 2326 3126 Patri
2375 3070 2758 3125 accommodet
2794 3068 3184 3139 superlativum
3226 3067 3497 3139 signiﬁca-

1927 3165 2092 3220 tionis
2125 3165 2268 3233 ejus,
2311 3162 2456 3234 quod
2502 3169 2587 3216 est
2614 3160 3130 3224 eminentissimum,
3164 3159 3370 3213 nullam
3411 3167 3497 3214 ta-

1927 3271 2048 3310 men
2090 3271 2156 3310 ex
2199 3253 2611 3329 comparatione
2666 3250 2901 3305 admittit
2939 3250 3375 3307 imminutionem
3410 3253 3497 3308 vel

1926 3348 2371 3420 superlationem.
2412 3346 2507 3400 liis
2537 3345 2704 3415 igitur
2739 3346 2898 3399 nobis
2929 3361 2994 3399 ex
3041 3345 3356 3399 testimonio
3387 3345 3495 3399 ini-

1926 3441 2194 3495 micorum
2251 3439 2315 3492 ad
2381 3434 2905 3499 demonstrationem
2960 3435 3145 3505 gloriae
3219 3433 3491 3502 Unigeniti

1926 3535 2243 3603 assumptis,
2274 3530 2339 3584 ad
2376 3529 2637 3585 auxilium
2673 3527 2790 3580 sani
2819 3526 3088 3581 sermonis
3126 3525 3494 3596 adjiciendum

1925 3631 2012 3678 est
2051 3624 2213 3677 etiam
2254 3619 2398 3691 quod
2445 3621 2561 3689 ipse
2601 3617 2859 3687 deinceps
2905 3616 3074 3671 dicit:
3105 3617 3453 3687 inquitenim
3477 3636 3495 3673 :

1932 3712 2421 3766 Eminentissimum
2461 3709 2673 3774 bonum,
2705 3707 2868 3774 Deus,
2897 3717 3074 3777 utpote
3101 3725 3263 3779 neque
3304 3719 3499 3764 natura

1926 3805 2255 3875 impediente,
2302 3819 2462 3873 neque
2509 3818 2673 3855 causa
2722 3811 2953 3871 cogente,
3005 3817 3168 3871 neque
3207 3802 3500 3872 indigentia

1926 3904 2164 3966 urgente,
2200 3902 2411 3965 generat
2441 3901 2491 3946 et
2532 3901 2677 3945 creat
2707 3906 2800 3957 per
2832 3892 3358 3959 superexcellentiam
3384 3910 3498 3948 sua:

1925 3989 2224 4059 potestatis,
2250 3987 2570 4042 uoluntatem
2593 3985 2929 4055 suﬁcientem
2960 3983 3153 4039 habens
3185 3987 3496 4053 potentiam,

1928 4080 1996 4132 ad
2043 4095 2222 4133 eorum
2251 4093 2367 4147 qua:
2410 4075 2556 4145 facta
2595 4082 2718 4127 sunt
2760 4072 3205 4126 constitutionem.
3238 4071 3297 4126 Si
3337 4073 3501 4141 igitur

1931 4187 2079 4226 omne
2112 4169 2324 4234 bonum,
2371 4166 2656 4221 secundum
2706 4164 2863 4233 hujus
2897 4163 3238 4227 voluntatem,
3282 4179 3384 4215 non
3420 4178 3501 4217 so-

1931 4262 2037 4315 lum
2072 4260 2276 4325 factum
2323 4258 2505 4325 deﬁnit
2551 4256 2760 4318 bonum,
2799 4269 2976 4308 verum
2999 4254 3159 4306 etiam
3180 4252 3389 4322 quando
3415 4252 3500 4321 fa-

1927 4364 2067 4407 ctum
2107 4362 2184 4404 est
2230 4348 2420 4403 bonum
2448 4362 2465 4400 :
2497 4346 2753 4417 siquidem
2785 4343 3161 4398 imbecillitatis
3207 4352 3283 4396 est
3330 4343 3501 4411 facere

1927 4442 2067 4516 quod
2115 4457 2218 4495 non
2279 4438 2411 4494 vult.
2454 4436 2747 4507 Hucusque
2807 4434 3171 4490 assumendus
3211 4435 3389 4500 nobis,
3432 4436 3500 4491 ad

1929 4532 2311 4591 stabiliendam
2337 4530 2551 4601 piorum
2583 4529 2894 4598 dogmalum
2944 4525 3249 4590 veritatem,
3285 4541 3348 4580 ex
3382 4542 3502 4583 sor-

1929 4626 2071 4682 didis
2122 4632 2177 4681 et
2210 4623 2428 4694 penitus
2472 4618 2749 4674 intercisis
2788 4616 3143 4672 dictiunculis
3186 4617 3502 4675 intibulatus

1929 4716 2373 4771 adversariorum
2413 4726 2614 4777 sermo,
2663 4710 2710 4766 si
2745 4708 3046 4766 secundum
3076 4712 3309 4780 propria:
3349 4720 3504 4782 pote-

1931 4809 2088 4865 statis
2133 4804 2712 4877 superexcellentiam,
2754 4802 3094 4856 voluntatem
3146 4803 3501 4861 sunicientem

1932 4900 2138 4954 habens
2168 4894 2468 4965 potentiam
2501 4893 2567 4946 ad
2602 4907 2791 4947 eorum
2816 4905 2938 4962 quas
2976 4892 3115 4947 tiunt
3150 4896 3504 4951 constitutio-

1930 5005 2078 5053 nem,
2107 4986 2199 5058 qui
2225 4986 2410 5042 omnia
2432 4983 2702 5045 condidit.
2729 4998 2903 5054 neque
2926 4992 3123 5038 natura
3153 4985 3502 5056 impediente,

1930 5093 2109 5148 neque
2153 5089 2322 5130 causa
2375 5081 2622 5143 cogente,
2670 5071 2861 5126 deﬁnit
2921 5088 3028 5127 non
3074 5075 3250 5130 solum
3299 5077 3504 5131 bonum

1932 5172 2132 5222 factum
2168 5180 2311 5230 esse,
2350 5163 2443 5220 sed
2478 5163 2639 5217 etiam
2680 5163 2973 5233 aliquando
3006 5164 3207 5219 factum
3247 5181 3368 5220 esse
3406 5165 3503 5217 bo-

1931 5276 2083 5316 num.
2111 5259 2214 5325 Qui
2247 5266 2427 5312 autem
2459 5254 2593 5310 facit
2624 5256 2807 5310 omnia
2868 5257 3182 5327 nnigenitus
3211 5264 3296 5309 est
3336 5254 3501 5317 Dens,

1930 5349 2388 5421 quemadmodum
2429 5347 2689 5419 praedicat
2734 5347 3107 5417 Evangelium,
3163 5346 3251 5398 hic
3286 5342 3504 5413 quando

1930 5443 2125 5508 voluit,
2170 5450 2305 5497 tunc
2343 5451 2397 5497 et
2430 5449 2738 5495 creaturam
2777 5438 2925 5502 fecit,
2973 5448 3103 5490 tunc
3133 5435 3339 5489 cmlesti
3381 5450 3503 5491 cor-

1932 5551 2064 5606 pore
2097 5550 2196 5605 per
2233 5533 2532 5590 essentiam
2566 5546 2689 5601 qua:
2732 5529 2784 5581 in
2816 5530 3005 5583 orbem
3046 5528 3242 5591 fertur,
3287 5544 3504 5585 omnem

1933 5626 1987 5681 in
2021 5626 2189 5692 ﬁgura
2212 5624 2362 5678 intus
2396 5620 2850 5689 comprehensum
2891 5616 3206 5687 complexus
3235 5625 3320 5672 est
3344 5633 3500 5675 mun-

1932 5717 2083 5773 dum:
2117 5716 2337 5787 quando
2373 5711 2633 5781 praeclare
2665 5707 2865 5762 habere
2909 5706 3012 5764 hoc
3058 5710 3131 5765 ita
3173 5708 3372 5767 factum
3413 5728 3501 5783 pu-
