4046 6150
497 300 600 357 805

1686 288 1742 343 S.
1786 287 2110 344 GRl-lCOMl
2150 289 2190 344 ᾗ
2209 294 2232 342 ἱ
2250 291 2444 347 SSEM

3629 295 3743 350 8θῦ

495 409 624 462 tavit
650 450 664 476 ,
695 416 806 461 tmn
835 405 1040 458 aridam
1070 400 1346 473 patefecit,
1376 411 1505 455 tunc
1546 415 1718 470 aquas
1760 411 1813 454 tu
1849 405 2054 454 cavita-

2186 423 2244 455 τε
2274 406 2449 468 καλῶς
2494 405 2634 475 ἔχειν
2665 406 2816 475 ᾠήθη
2851 408 3004 460 τοῦτο
3037 406 3311 474 γενέσθαι,
3345 407 3462 458 τότε
3501 407 3744 477 ἀνέδεξξε

497 500 642 553 tibus
691 496 920 552 scorsim
951 495 1208 556 inclusit;
1252 503 1381 547 tunc
1427 493 1753 547 exstiterunt
1800 495 2066 561 germina,

498 601 622 643 tunc
651 589 884 649 fructus,
914 595 1044 642 tunc
1078 587 1394 639 animalium
1431 594 1608 647 ortus,
1661 593 1791 636 tunc
1832 582 2070 636 hominis

498 681 676 745 fictio,
719 679 938 749 quando
994 679 1186 732 horum
1225 676 1653 745 unumquodque
1701 680 2068 744 opportunum

495 771 780 826 videbatur
801 769 1081 839 sapientia:
1114 768 1232 836 ejus
1259 768 1353 836 qui
1389 766 1614 820 creavit.
1641 765 1744 830 Qui
1777 771 1960 817 autem
1993 762 2072 820 [e-

497 861 571 914 eit
607 860 786 914 omnia
819 862 1031 928 (rursus
1083 859 1228 910 enim
1284 856 1532 910 eumdem
1576 868 1914 909 resumemus
1954 867 2071 907 ser-

499 954 739 1020 monem)
811 951 1124 1020 uuigenitus
1174 958 1256 1003 est
1305 948 1467 1010 Deus,
1513 946 1605 1016 qui
1655 946 1781 999 fecit
1834 945 2068 1008 saaeula;

500 1042 784 1096 intervallo
806 1041 949 1095 enim
991 1041 1316 1095 szrculorum
1361 1038 1425 1091 iis
1458 1053 1578 1106 quae
1609 1036 1746 1090 facta
1783 1044 1907 1092 sunt
1938 1050 2074 1105 prce-

500 1132 804 1202 Supposito,
839 1146 946 1183 non
984 1139 1200 1198 tempus
1243 1128 1324 1182 fas
1367 1135 1449 1182 est
1493 1129 1674 1180 dicere
1723 1127 1826 1179 hoc
1861 1133 2073 1194 tempo-

503 1225 611 1276 rale
659 1221 1000 1284 adverbium,
1040 1219 1261 1290 quando
1302 1219 1494 1281 voluit,
1543 1228 1670 1270 tunc
1718 1218 1879 1270 etiam
1925 1215 2070 1269 fecit.

501 1316 634 1368 Cum
675 1320 854 1365 autem
888 1327 993 1364 non
1028 1319 1172 1365 esset
1211 1311 1489 1371 saaculum,
1525 1323 1698 1376 neque
1745 1308 1852 1359 ulla
1903 1305 2074 1358 inter-

504 1407 659 1460 vallis
690 1405 945 1459 distincta
983 1403 1130 1455 notio
1164 1401 1311 1453 circa
1349 1399 1588 1453 divinam
1618 1405 1868 1450 naturam
1903 1411 2076 1464 quan-

505 1496 676 1551 litatis
725 1502 1023 1564 expertem,
1074 1499 1126 1547 et
1158 1491 1499 1545 dimensione
1535 1496 1812 1542 carentem
1861 1487 2067 1539 intelli-

503 1598 682 1658 gatur,
724 1601 948 1641 necesse
990 1592 1074 1640 est
1119 1585 1342 1637 omnino
1383 1582 1763 1635 adverbiorum
1812 1590 2074 1647 tempora-

508 1679 636 1731 lium
669 1677 1100 1747 signiﬁcationes
1125 1675 1308 1743 jacere
1340 1673 1546 1726 otiosas
1576 1679 1628 1724 et
1657 1674 1865 1724 inanes.
1894 1669 2073 1735 Quare

504 1743 768 1825 cru-alutae
799 1768 1018 1838 quidem
1051 1766 1350 1835 temporale
1383 1763 1732 1832 principium,
1777 1769 1833 1813 ut
1872 1761 2073 1829 placuit
2106 1743 2145 1796 Β

504 1862 786 1930 Sapientiae
813 1861 931 1928 ejus
963 1858 1053 1928 qui
1084 1857 1266 1910 omnia
1308 1854 1455 1918 fecit,
1489 1854 1673 1906 datum
1717 1869 1837 1905 esse
1869 1852 2070 1912 dicere,

505 1970 617 2008 non
664 1961 817 2006 extra
849 1947 1378 2005 verisimilitudinem
1412 1952 1514 2000 est.
1568 1944 1672 1996 Sed
1724 1944 1895 2012 ipsam
1938 1943 2075 1995 divi-

505 2063 630 2100 nam
693 2053 945 2099 naturam
1003 2043 1056 2095 in
1122 2041 1304 2110 aliqua
1359 2040 1679 2092 extensione
1734 2036 2074 2090 intervallata

507 2136 797 2204 speculari,
845 2148 1030 2188 eorum
1083 2137 1291 2182 tantum
1338 2137 1421 2182 est
1463 2127 1554 2196 qui
1621 2142 1814 2180 novam
1863 2127 2076 2194 sapien-

507 2228 639 2280 tiam
683 2224 858 2279 edocti
903 2232 1047 2295 sunt.
1098 2220 1268 2284 Quale
1295 2220 1436 2271 enim
1481 2225 1534 2271 et
1567 2217 1696 2271 illud
1731 2218 1871 2286 quod
1917 2217 2078 2270 dictis

509 2317 816 2386 appositum
858 2323 940 2368 est
973 2320 1166 2381 sponte
1210 2317 1628 2380 prtetergressus
1657 2323 1798 2370 sum,
1834 2307 1899 2360 ad
1949 2323 2077 2376 pro-

509 2407 744 2475 positum
783 2402 1071 2462 festinans,
1103 2400 1245 2469 quod
1277 2413 1421 2451 nunc
1455 2398 1518 2451 ad
1555 2396 2076 2451 demonstrationem

512 2495 745 2549 s'olertiae
775 2491 1062 2560 scriptoris
1093 2496 1343 2558 repetens
1373 2488 1641 2541 recitabo.

588 2584 1047 2638 Eminentissimus
1081 2581 1220 2634 enim
1248 2581 1355 2648 ipse
1389 2579 1525 2633 Deus
1547 2587 1668 2632 ante
1701 2578 1810 2630 alia
1837 2592 2082 2646 quwcun-

517 2694 616 2747 que
647 2685 768 2728 sunt
797 2675 992 2743 genita.
1028 2673 1224 2740 inquit,
1255 2672 1337 2723 sui
1375 2671 1535 2739 ipsius
1565 2669 1870 2721 dominatur
1900 2677 2083 2734 poten-

517 2770 630 2820 ιὶιυ.
667 2763 858 2817 Sermo
893 2763 1108 2830 quidem
1144 2760 1208 2811 ad
1246 2760 1464 2812 verbum
1501 2773 1564 2810 ex
1597 2755 1824 2810 Philone
1860 2755 2084 2810 Hebrmo

519 2857 815 2912 translatus
850 2861 931 2908 est
961 2869 988 2905 a
1022 2853 1292 2920 scriptore
1361 2850 1414 2903 in
1445 2851 1726 2920 proprium
1755 2863 2082 2903 sermonem.

520 2949 583 3002 Et
604 2948 692 3002 cui
721 2946 873 2999 cordi
900 2953 1001 3007 est,
1043 2960 1108 2998 ex
1141 2945 1274 3012 ipsis
1309 2941 1547 2996 Philonis
1577 2941 1836 3012 operibus
1870 2940 2075 2992 furtum

525 3039 771 3093 Eunomii
804 3035 1153 3090 manifestum
1185 3033 1292 3087 fiet.
1327 3034 1435 3103 Ego
1463 3042 1640 3086 autem
1677 3033 1778 3086 hoc
1820 3033 2000 3085 notavi
2031 3032 2084 3084 in

521 3143 782 3198 praesens,
827 3141 932 3178 non
977 3132 1182 3178 tantum
1225 3131 1282 3176 ut
1313 3122 1602 3175 verborum
1642 3122 1989 3190 propriorum
2033 3128 2087 3174 et

519 3220 802 3276 notionum
832 3217 1114 3286 penuriam
1141 3231 1181 3269 sv
1205 3215 1393 3284 riptori
1427 3213 1628 3284 probro
1655 3223 1882 3268 vertam.
1911 3227 2086 3280 quan-

520 3321 634 3365 tuttt
687 3308 991 3378 legentibus
1035 3306 1323 3360 ostendere
1369 3305 1530 3372 cupio
1572 3304 1823 3358 Eunomii
1864 3303 2088 3372 dogma-

460 3401 467 3406 ’
519 3412 634 3456 tum
681 3417 802 3454 cmn
834 3395 1146 3453 Iudaeorum
1195 3397 1542 3451 sermonibus
1590 3394 1930 3459 afﬁnitatem;
1978 3409 2086 3448 non

519 3496 664 3550 enim
714 3495 834 3562 ejus
884 3493 1059 3544 oratio
1113 3490 1428 3543 notionibus
1465 3488 1709 3543 Philonis
1745 3489 1808 3541 ad
1862 3488 2086 3542 verbum

522 3584 887 3652 congruisset,
919 3581 1022 3633 nisi
1062 3579 1308 3648 quaedam
1356 3589 1499 3632 esset
1529 3579 1693 3632 etiam
1723 3578 2090 3648 intelligentia:

525 3673 688 3741 hujus
722 3687 846 3724 cum
883 3671 978 3730 illo
1011 3669 1262 3739 cognatio
1293 3680 1346 3723 ct
1386 3671 1643 3724 societas.
1678 3668 1769 3723 Sic
1809 3671 1953 3723 enim
1981 3684 2090 3724 ser-

526 3779 738 3816 monem
796 3762 1039 3816 invenire
1091 3762 1216 3816 licet
1287 3763 1520 3831 positum
1577 3761 1719 3830 apud
1781 3760 2087 3816 llebrreum:

524 3856 664 3909 Deus
701 3865 819 3908 ante
863 3855 974 3908 alia
1013 3871 1329 3925 quotcunque
1362 3854 1555 3923 genita.
1589 3852 1743 3918 Quod
1786 3860 1967 3905 autem
2000 3867 2089 3905 se-

524 3947 712 4014 quitur
769 3962 832 3999 ex
885 3961 1089 4014 nupera
1139 3943 1449 3998 Judacorum
1494 3943 1742 3997 doctrina
1789 3943 2089 4011 projectum

523 4040 629 4095 est,
659 4035 1105 4108 nempe,Proprice
1134 4035 1441 4088 dominatur
1469 4035 1734 4102 potentia.
1767 4031 1882 4086 Hoc
1910 4039 2090 4084 autem

523 4135 780 4194 quautam
809 4125 1198 4180 absurditatem
1224 4125 1408 4186 habet,
1440 4134 1626 4192 aperte
1647 4123 1893 4178 ostendet
1914 4137 2090 4177 sermo

523 4234 648 4272 cum
678 4218 961 4271 discussus
985 4216 1165 4270 fuerit.
1197 4215 1362 4277 Deus,
1395 4215 1490 4278 ait,
1522 4216 1747 4282 propria:
1786 4216 2091 4268 dominatur

529 4311 791 4375 potentiw.
843 4308 938 4362 Dic
980 4310 1112 4361 mihi
1145 4308 1271 4377 quid
1303 4307 1576 4361 exsistens
1619 4306 1706 4359 cui
1740 4306 2093 4360 dominatur?

2173 495 2266 564 τὴν
2300 495 2488 565 ξηρὰν,
2527 496 2646 547 τότε
2673 496 2740 546 τὰ
2782 496 2944 548 ὕδατα
2981 499 3092 558 τοῖς
3125 497 3326 559 κοίλοις
3355 496 3746 564 ὲγκατέκλεισε

2171 583 2399 654 χώροις·
2448 585 2567 637 τότε
2614 587 2704 639 καὶ
2753 586 3130 655 βλαστήματα,
3178 586 3297 638 τότε
3342 587 3564 657 καρποὶ,
3620 589 3746 641 τότε

2172 674 2324 744 ζώων
2357 675 2588 742 γένεσις,
2639 677 2758 729 τότε
2815 675 3098 746 ἀνθρώπου
3140 676 3359 739 πλάσις·
3408 677 3495 728 ὅτε
3534 677 3749 730 τούτων

2172 767 2397 821 ἕκαστον
2420 767 2671 839 εὔκαιρον
2705 767 2878 820 ἐδόκει
2913 771 2978 837 τῇ
3021 768 3181 836 σοφίαι⁸
3210 767 3302 820 τοῦ
3334 768 3638 828 κτίσαντος.
3689 770 3752 820 '0

2171 860 2226 911 δὲ
2255 860 2323 913 τὰ
2354 860 2528 912 πάντα
2559 863 2784 929 ποιήσας
2817 859 2996 926 (πάλιν
3029 859 3137 928 γὰρ
3164 856 3255 910 τὸν
3283 857 3444 908 αὑτὸν
3476 858 3754 927 ὲπαναλὴο

2172 952 2343 1021 ψομαι
2387 951 2565 1018 λόγον)
2604 953 2631 1003 ὁ
2685 951 2969 1022 μονογενής
3013 952 3128 1001 ἐστι
3172 949 3321 1012 Θεὸς,
3350 949 3518 1010 ὁτοίις
3545 950 3755 1012 αἰῶνας

2174 1045 2426 1112 ποιήσας,
2456 1041 2546 1095 τοῦ
2571 1041 2676 1113 γὰρ
2696 1042 2790 1094 τοῦ
2835 1042 3201 1111 διαστήματος
3234 1042 3342 1092 τῶν
3368 1039 3579 1093 αἰώνων
3617 1058 3756 1110 προ-

2175 1134 2482 1203 καταϐεϐλη
2493 1133 2649 1204 μένου
2673 1133 2777 1186 τῶν
2803 1133 2990 1195 ὄντων,
3015 1133 3074 1184 οὐ
3103 1132 3289 1202 καιρός
3312 1135 3457 1184 ἐστιν
3487 1133 3659 1184 εἰπεῖν
3688 1133 3756 1184 τὸ

2174 1227 2421 1299 χρονικὸν
2474 1225 2629 1278 τοῦτο
2676 1225 2980 1296 ἐπίρρημα,
3033 1225 3113 1276 δτι
3158 1225 3278 1276 τότε
3329 1224 3593 1294 ἐϐουλήθη
3654 1226 3753 1277 καὶ

2173 1321 2293 1371 τότε
2318 1316 2588 1386 ἐποίησεν.
2627 1316 2827 1377 Λίὦνος
2867 1315 2922 1367 δὲ
2953 1316 3052 1368 οὐκ
3080 1315 3252 1378 ὄντος,
3287 1315 3405 1367 οὐδὲ
3449 1332 3594 1377 τινος
3634 1315 3754 1367 διας

2178 1429 2273 1479 στη
2285 1409 2515 1480 ματικῆς
2539 1407 2743 1470 ἐννοίας
2769 1409 2894 1478 περὶ
2937 1407 3031 1477 τὴν
3062 1407 3206 1459 Θείαν
3239 1406 3398 1475 φύσιν
3424 1407 3523 1476 τὴν
3543 1409 3753 1461 ἆποσόν

2174 1517 2233 1553 τε
2295 1501 2386 1551 καὶ
2445 1499 2761 1552 ἀδιάστατον
2821 1497 3231 1568 (θεωρουμένηςσ
3286 1498 3474 1567 ἀργεῖν
3535 1498 3756 1566 ἀνάγκη

2177 1594 2392 1653 πάντως
2432 1591 2527 1650 τὰς
2561 1591 2667 1642 τῶν
2709 1589 2972 1658 χρονικῶν
3022 1589 3411 1658 ἐπιρρημάτων
3455 1588 3755 1658 ἐμφάσεις.

2180 1683 2339 1734 Ὥστε
2373 1684 2434 1751 τῇ
2494 1681 2589 1750 μὲν
2637 1681 2805 1733 κτίσει
2843 1679 2939 1750 τὴν
2987 1679 3242 1750 χρονικὴν
3289 1679 3462 1750 ἀρχὴν
3507 1679 3652 1732 κατὰ
3691 1681 3760 1733 τὸ

2176 1773 2272 1844 ἁρέ
2285 1790 2377 1824 ταν
2405 1776 2470 1842 τῇ
2499 1772 2659 1842 σοφίᾳ
2691 1771 2783 1823 τοῦ
2813 1773 2880 1825 τὰ
2915 1773 3090 1826 πάντα
3122 1773 3477 1842 πεποιηκότος
3501 1772 3757 1837 δεδόσθαι

2177 1863 2372 1930 λέγειν,
2421 1863 2518 1914 οὐκ
2565 1863 2667 1927 ἔξω
2708 1863 2799 1915 τοῦ
2845 1864 3052 1925 εἰκότος
3096 1865 3262 1916 ἐστίν.
3317 1864 3493 1934 Αὐτὴν
3547 1864 3604 1917 δὲ
3653 1865 3760 1935 τὴν

2177 1955 2324 2007 Θείαν
2352 1955 2511 2024 φύσιν
2536 1957 2590 2006 ἐν
2626 1955 2928 2025 παρατάσει
2952 1955 3055 2006 τινὶ
3078 1955 3473 2025 διαστηματικῇ
3499 1955 3756 2026 θεωρεῖν.

2181 2047 2354 2115 μόνων
2398 2046 2504 2098 τῶν
2539 2045 2634 2116 τὴν
2680 2046 2804 2098 νέαν
2854 2046 3044 2115 σοφίαν
3091 2047 3537 2117 πεπαιδευμένων
3581 2047 3755 2101 ἐστίν.

2179 2135 2300 2191 Οἷον
2340 2137 2448 2208 γὰρ
2495 2139 2714 2192 κάκεῖνο
2744 2141 2852 2202 τοῖς
2897 2138 3208 2208 εἰρημένοις
3237 2139 3552 2210 ἐγκείμενον
3581 2141 3761 2212 ὑπερο

2180 2230 2309 2298 ἐϐην
2341 2229 2500 2295 ἑκὼν,
2541 2230 2675 2301 πρὸς
2709 2230 2768 2282 τὸ
2801 2230 3158 2300 προκείμενον
3191 2230 3454 2294 σπεύδων,
3486 2232 3513 2284 ὃ
3554 2231 3642 2284 θῦν
3671 2234 3758 2296 εἰς

2181 2319 2450 2383 ἀπόδειξιν
2499 2321 2597 2390 τῆς
2638 2321 2910 2390 ἀγχινοίας
2957 2319 3050 2373 τοῦ
3097 2320 3436 2391 λογογράφου
3481 2324 3762 2378 ἐπαναλα-

2183 2407 2290 2461 εὼν
2319 2410 2532 2477 ἁναγνὼ
2540 2427 2598 2462 σο
2604 2427 2720 2478 μαι.

2266 2583 2326 2635 '0
2359 2582 2465 2651 γὰρ
2505 2582 2868 2650 ἐξοχώτατος
2917 2582 3097 2648 αὐτὸς
3142 2581 3279 2646 Θεὸς
3322 2581 3435 2650 πρὸ
3485 2579 3604 2634 τῶν
3658 2581 3771 2635 c11-

2184 2676 2324 2732 λων,
2359 2671 2539 2740 φησὶν,
2571 2670 2687 2721 ὅσα
2725 2669 3000 2738 γεννητὰ,
3043 2667 3151 2735 τῆς
3186 2667 3375 2734 αὐτῆς
3409 2665 3617 2734 κρατεῖ
3649 2665 3761 2717 διξ-

2184 2760 2430 2828 ντίμεως.
2497 2760 2553 2812 '0
2605 2761 2701 2828 μὲν
2747 2759 2900 2824 λόγος
2944 2759 3028 2810 ἐπ’
3073 2757 3242 2825 αὐτῆς
3271 2757 3368 2824 τῆς
3404 2754 3598 2818 λέξεως
3649 2753 3765 2804 ἀπὸ

2185 2848 2278 2900 τοῦ
2329 2849 2558 2910 Φίλωνος
2597 2847 2690 2899 τοῦ
2750 2847 2997 2916 Ἐϐραίου
3049 2847 3431 2916 μετενήνεκται
3479 2845 3631 2914 παρὰ
3663 2841 3762 2896 τοὺ

2187 2942 2524 3010 λογογράφου
2557 2941 2648 2993 ἐπὶ
2679 2939 2768 2991 τὸν
2813 2940 2939 2991 ίδιον
2969 2938 3140 3006 λόγον.
3187 2939 3296 2990 Καὶ
3340 2938 3444 3006 ὅτῳ
3483 2937 3656 3006 φίλον,
3700 2936 3766 3000 ἐξ

2189 3037 2366 3088 αὐτῶν
2407 3036 2515 3086 τῶν
2558 3033 2950 3102 πεπονημένων
2990 3031 3068 3101 τῷ
3105 3031 3296 3083 Φίλωνι
3355 3032 3679 3100 κατάφωρος
3724 3032 3760 3098 ἡ

2191 3126 2362 3196 κλοπὴ
2391 3127 2484 3178 τοῦ
2535 3124 2796 3193 Εὑνομίου
2825 3124 3131 3191 γενήσεται.
3179 3121 3318 3189 Ἐγὼ
3343 3123 3399 3175 δὲ
3432 3122 3590 3174 τοῦτο
3618 3139 3767 3192 παρα

2189 3217 2548 3286 εσημηνάμην
2605 3217 2694 3268 ἐπὶ
2750 3215 2844 3267 τοῦ
2911 3217 3196 3285 παρόντος,
3246 3215 3305 3267 οὐ
3363 3214 3615 3267 τοσοῦτον
3663 3215 3767 3286 τὴν

2189 3307 2462 3377 πτωχείαν
2490 3307 2595 3358 τῶν
2632 3307 2771 3358 ἰδίων
2800 3307 2970 3372 λόγων
3003 3323 3059 3357 τε
3109 3306 3201 3358 καὶ
3233 3306 3517 3374 νοημάτων
3562 3305 3640 3375 τῷ
3667 3307 3732 3358 λο
3754 3335 3767 3346 ο

2189 3398 2448 3469 γογράφῳ
2475 3398 2831 3461 ὲπονειδίζων,
2861 3398 2982 3449 ὅσον
3011 3397 3178 3461 δεῖξαι
3216 3399 3326 3457 τοῖς
3373 3397 3768 3466 ἐντυγχάνουσι

2191 3488 2356 3540 θέλων
2404 3488 2500 3557 τὴν
2550 3490 2852 3556 οἰκειότητα
2903 3485 3037 3557 πρὸς
3073 3488 3199 3550 τοὺς
3260 3486 3522 3539 Ἰουδαίων
3567 3487 3766 3555 λόγους

2188 3579 2294 3632 τῶν
2345 3579 2606 3647 Εὑνομίου
2636 3578 2936 3649 δογμάτων.
2988 3579 3060 3630 Οὐ
3095 3579 3200 3648 γὰρ
3229 3578 3293 3630 ἂν
3326 3580 3409 3631 ἐπ’
3446 3579 3616 3646 αὐτῆς
3657 3579 3768 3650 τῆς

2189 3673 2383 3736 λέξεως
2418 3675 2526 3734 τοῖς
2581 3670 2767 3724 τούτου
2816 3672 3076 3740 νοήμασιν
3113 3671 3141 3720 ὁ
3186 3669 3279 3722 τοῦ
3318 3670 3549 3733 Φίλωνος
3601 3673 3768 3742 ἐνηρ-

2195 3764 2366 3835 μόσθη
2399 3763 2574 3830 λόγος,
2606 3765 2653 3814 εί
2702 3763 2773 3832 μή
2819 3779 2898 3824 τις
2943 3758 3008 3832 ἦν
3048 3763 3139 3814 καὶ
3169 3762 3265 3831 τῆς
3300 3761 3533 3821 διανοίας
3570 3761 3766 3814 τούτου

2191 3856 2325 3928 πρὸς
2356 3855 2452 3926 τὴν
2483 3854 2688 3907 ἐκείνου
2723 3853 3026 3920 συγγένεια.
3060 3853 3215 3905 Οὕτω
3243 3853 3350 3923 γὰρ
3388 3851 3534 3905 ἔστιν
3581 3855 3766 3924 εὑρεῖν

2193 3947 2440 4017 κείμενον
2479 3945 2629 4016 παρὰ
2658 3943 2732 4014 τῷ
2773 3944 3004 4014 Ἑϐραίῳ
3039 3945 3126 3997 τὸν
3158 3945 3349 4012 λόγον·
3385 3945 3466 4007 τὸ,
3515 3947 3570 3997 '0
3617 3947 3766 4012 Θεδις

2191 4037 2302 4104 πρὸ
2351 4034 2469 4088 τῶν
2513 4035 2716 4087 ἄλλων
2763 4033 2879 4087 ὅσα
2934 4034 3204 4103 γεννητὰ.
3256 4033 3329 4085 Τὸ
3373 4034 3428 4086 δὲ
3464 4035 3662 4104 ἐφεξῆς
3696 4038 3768 4089 ἐκ

2189 4129 2288 4196 τῆς
2320 4127 2445 4188 νέας
2485 4126 2774 4194 Ἰουδαϊκῆς
2795 4127 3191 4199 *προσερρίφψ
3219 4125 3298 4190 τὸ,
3335 4124 3451 4193 Τῆς
3481 4125 3636 4191 ιδίας
3665 4143 3768 4178 κα-

2191 4219 2471 4287 τίικρατεῐ
2507 4217 2830 4285 δυνάμεως.
2880 4217 3048 4267 Τοῦτο
3098 4215 3154 4266 δὲ
3209 4216 3340 4285 ὅσην
3388 4214 3483 4286 τὴν
3532 4217 3765 4269 ἀτοπίαν

2192 4313 2324 4382 ἔχει,
2359 4309 2515 4375 δείξει
2562 4308 2742 4374 σαφῶς
2787 4309 2814 4358 ὁ
2853 4306 3004 4373 λόγος
3052 4305 3450 4373 ἐξεταζόμενος.
3509 4302 3772 4366 Ὀθεὸς,

524 4416 590 4454 an
641 4400 787 4453 aliud
847 4398 978 4468 quid
1024 4408 1217 4468 praeter
1267 4398 1562 4467 potentiam
1615 4397 1734 4466 ipse
1787 4397 2084 4462 exsistens,

2197 4403 2348 4473 φησὶ,
2379 4400 2584 4471 κρατεῖ
2600 4398 3217 4468 τῆςὶδίαςδυνάμεως.
3254 4398 3317 4448 Τί
3351 4396 3445 4460 ὢν,
3487 4397 3609 4448 εἰπέ
3652 4413 3771 4465 μοι,

526 4493 756 4562 propria:
777 4491 1089 4545 dominatur
1118 4487 1394 4558 potenti'az,
1426 4503 1546 4557 quae
1578 4487 1796 4556 quidem
1843 4491 1914 4542 sit
1946 4487 2092 4540 aliud

523 4585 653 4654 quid
689 4599 849 4651 quam
873 4581 1018 4652 quod
1065 4582 1180 4650 ipse
1213 4581 1334 4635 est?
1359 4578 1504 4647 Ergo
1537 4579 1604 4631 ah
1637 4579 1953 4648 impotentia
1997 4594 2058 4630 su
2079 4605 2094 4616 -

529 4681 746 4743 peratur
773 4674 1036 4742 potentia.
1072 4669 1227 4734 Quod
1259 4671 1403 4721 enim
1437 4667 1583 4720 aliud
1625 4666 1755 4734 quid
1787 4676 1866 4719 est
1899 4675 2095 4732 praeter

528 4766 846 4833 potentiam,
897 4780 1003 4818 non
1033 4771 1117 4817 est
1157 4763 1373 4831 penitus
1408 4759 1676 4830 potentia.
1724 4757 1790 4810 Et
1829 4758 1907 4811 sic
1941 4757 2094 4809 inve-

528 4859 674 4911 nitur
716 4867 984 4925 quatenus
1038 4870 1146 4908 non
1191 4862 1273 4907 est
1317 4855 1578 4920 potentia,
1626 4851 1922 4904 secundum
1963 4847 2093 4902 illud

528 4948 780 5018 potentize
822 4947 1116 5002 dominari.
1167 4944 1272 4998 Sed
1330 4943 1472 4997 Deus
1527 4958 1650 4996 eum
1710 4943 1782 4997 sit
1829 4942 2091 5011 potentia,

529 5054 720 5094 rursus
759 5038 920 5091 aliam
971 5039 1024 5090 in
1060 5038 1243 5104 seipso
1277 5036 1572 5104 potentiam
1620 5033 1863 5096 haberet,
1918 5040 1970 5086 et
2001 5046 2097 5100 per

528 5134 667 5185 hanc
702 5129 856 5182 alteri
892 5128 1224 5181 dominatur.
1257 5125 1320 5178 Et
1353 5141 1472 5194 quze
1506 5140 1686 5194 pugna
1718 5133 1771 5177 et
1801 5123 2093 5186 dissensio,

527 5230 586 5276 ut
623 5220 763 5276 Deus
803 5219 857 5272 in
904 5219 1084 5286 seipso
1125 5217 1476 5270 exsistentem
1519 5213 1891 5266 fortitudinem
1931 5213 2097 5282 parti-

526 5325 636 5380 tus,
690 5328 799 5367 uno
855 5317 1134 5380 segmento
1176 5306 1430 5375 potentiae
1483 5305 1715 5356 alterum
1761 5305 2098 5372 prosternat?

528 5405 642 5459 Non
674 5405 817 5459 enim
853 5403 906 5456 in
936 5401 1118 5469 seipso
1151 5400 1408 5453 retineret
1436 5397 1754 5466 potentiam,
1790 5395 1895 5449 nisi
1925 5396 2099 5463 major

529 5500 706 5564 aliqua
757 5503 810 5550 ct
865 5494 1154 5548 violentior
1202 5490 1441 5561 potentia
1496 5503 1619 5543 cum
1672 5488 1790 5556 ipso
1836 5487 2097 5552 adversus

533 5589 634 5637 hoc
673 5587 1039 5653 prmliaretur.
1094 5583 1243 5638 Talis
1285 5581 1530 5636 Eunomii
1575 5581 1716 5634 Deus
1765 5578 2098 5646 nescioquis

538 5673 782 5729 biformis
805 5677 919 5731 sive
958 5676 1191 5749 duplicis
1219 5684 1448 5737 naturae,
1491 5671 1576 5725 vel
1607 5671 1836 5724 multum
1875 5684 2089 5738 compe-

2194 4494 2335 4554 τίνος
2366 4493 2585 4562 κρατεῖ;
2634 4488 2794 4540 νΑλὶο
2821 4507 2872 4541 τι
2906 4487 3054 4555 παρὰ
3085 4486 3180 4556 τὴν
3220 4486 3445 4554 δύναμιν
3481 4485 3557 4537 ὢν
3582 4487 3770 4549 αὐτὸς,

2194 4586 2318 4637 ἄλλο
2373 4603 2424 4638 τι
2486 4582 2649 4650 οὔσης
2707 4581 3041 4649 κατακρατεῖ
3103 4580 3198 4647 τῆς
3256 4579 3390 4640 ἰδίας
3446 4578 3770 4647 δυνάμεως;

2195 4675 2400 4728 Οὐκοῦν
2438 4676 2662 4745 ἡττᾶται
2708 4672 2806 4741 τῆς
2839 4671 3136 4740 ἀδυναμίας
3183 4673 3215 4740 ή
3263 4671 3510 4739 δύναμις.
3553 4670 3626 4721 Τὸ
3661 4673 3772 4739 γὰρ

2197 4766 2322 4820 ἄλλο
2365 4784 2413 4818 τι
2447 4765 2594 4835 παρὰ
2636 4764 2730 4834 τὴν
2760 4763 2986 4831 δύναμιν
3033 4761 3110 4823 ὃν,
3156 4761 3380 4830 δύναμις
3421 4760 3638 4823 πάντως
3671 4761 3774 4812 οὐκ

2197 4855 2359 4906 ἐστιν.
2419 4855 2526 4905 Καὶ
2583 4850 2753 4912 οὕτως
2816 4851 3122 4920 εὑρίσκεται
3187 4849 3318 4902 καθὸ
3385 4849 3615 4918 δύναμις
3672 4852 3773 4902 οὐκ

2195 4945 2359 5006 ἐστιν,
2397 4946 2514 4995 κατ’
2553 4946 2727 4995 ὲκῖῖνο
2760 4943 2973 5013 κρατῶν
3010 4942 3110 5009 τῆς
3140 4941 3438 5010 δυνάμεως.
3487 4941 3651 4994 Ἀλλὰ
3683 4943 3773 4995 δυ-

2197 5053 2357 5105 ναμις
2401 5035 2475 5087 ὢν
2518 5036 2546 5087 ὁ
2595 5035 2743 5100 Θεὸς,
2798 5034 2957 5086 πάλιν
3005 5033 3170 5103 ἄλλην
3219 5035 3276 5084 ὲν
3326 5032 3503 5101 ἑαυτῷ
3541 5032 3773 5102 δύναμιν

2198 5129 2328 5198 ἔχοι,
2383 5127 2475 5179 καὶ
2506 5126 2677 5196 ταύτῃ
2725 5128 3057 5193 κατακρατεῖ
3093 5125 3192 5193 τῆς
3228 5124 3440 5190 ἑτέρας.
3474 5124 3585 5176 Καὶ
3617 5124 3702 5185 τίς
3737 5126 3771 5192 ἡ

2201 5215 2345 5285 μάχη
2394 5213 2488 5264 καὶ
2536 5215 2569 5281 ἡ
2619 5213 2914 5276 διάστασις,
2965 5212 3105 5266 ὥστε
3162 5214 3458 5283 μερίσαντα
3496 5211 3590 5264 τὸν
3639 5213 3774 5265 Θεὸν

2195 5308 2292 5377 τὴν
2353 5307 2760 5376 ἐνυπάρχουσαν
2811 5307 2962 5376 ἰσχὺν
3012 5305 3210 5376 ἑαυτῷ,
3262 5304 3339 5374 τῷ
3388 5305 3470 5358 ἑνὶ
3522 5306 3776 5375 τμήματι

2198 5400 2292 5466 τῆς
2329 5398 2606 5465 δυνάμεως
2653 5397 3044 5451 καταπαλαίειν
3078 5397 3140 5449 τὸ
3187 5396 3392 5470 ἓτερονς
3442 5395 3518 5449 Οὐ
3559 5396 3671 5466 γὰρ
3712 5395 3777 5448 ἂν

2200 5489 2485 5559 κρατήσειε
2539 5489 2636 5557 τῆς
2680 5489 2959 5558 δυνάμεως
2996 5486 3196 5557 ἐαυτῷ,
3251 5486 3326 5558 μή
3380 5489 3780 5558 συμμαχούσης

2198 5578 2341 5646 αὑτῴ
2378 5579 2510 5648 πρὸς
2543 5577 2696 5630 τοῦτο
2727 5579 2965 5647 μείζονος
2987 5596 3128 5640 τινος
3160 5580 3249 5630 καὶ
3279 5578 3587 5647 βιαιοτέρας
3616 5578 3779 5630 Suvi-

2203 5685 2362 5736 μεως.
2396 5668 2644 5731 Τοιοῦτος
2668 5672 2693 5720 ὁ
2729 5669 2990 5739 Εὐνομίου
3021 5669 3171 5733 Θεὸς,
3202 5669 3394 5738 διφυὴς
3437 5685 3518 5732 τις
3554 5667 3589 5739 ἦ
3617 5685 3776 5722 πολυ-

4044 2483 4046 2520 |

4044 2963 4046 3003 |
