4046 6150
511 315 616 374 εθῖ

1780 301 1836 356 S.
1879 299 2204 355 GREGURII
2231 300 2525 356 NYSSENI

3663 304 3783 360 808

513 433 821 500 proterens,
860 424 1002 495 quod
1030 421 1313 494 Propriam
1339 420 1708 476 inﬁrmitatem
1737 432 2082 473 communem

2193 420 2386 479 ποιεῖς,
2418 418 2474 469 τό
2500 435 2581 470 σοι
2618 417 2690 488 μὴ
2724 417 2966 482 δυνατὸν,
2991 421 3154 473 πᾶσιν
3184 419 3442 474 ἀδύνατον
3474 421 3780 489 ἀποφαινό-

512 517 838 582 laci3,dum
871 517 1013 586 quod
1044 516 1141 571 tibi
1191 514 1455 585 possibile
1505 528 1613 567 non
1661 521 1778 574 est,
1829 509 2084 564 omnibus

511 609 851 679 impossibile
877 608 1219 677 pronuntias.
1245 605 1348 672 Qui
1382 605 1498 659 haec
1537 613 1592 660 et
1627 603 1757 657 talia
1789 601 1926 656 dicis
1952 640 1967 666 ,
2004 601 2085 654 sic

511 701 756 755 auditum
803 699 979 752 allicis
1023 699 1144 766 ejus
1178 697 1271 767 qui
1306 710 1528 770 causam
1563 693 1827 764 inquirit,
1865 701 2085 762 propter

511 810 677 866 quam
712 793 876 847 Pater
908 790 1095 846 dill‘ert
1126 797 1184 844 ut
1235 788 1360 843 talis
1403 786 1524 841 Filii
1584 787 1654 841 sit
1713 794 1887 851 pater:
1937 781 2084 839 sulli-

511 900 638 938 cere
699 895 860 952 putas
919 881 985 934 ad
1041 878 1606 941 demonstrationem,
1667 874 1869 936 dicere,
1941 872 2085 943 quod

507 980 655 1034 Tunc
717 973 929 1045 genuit,
975 969 1186 1040 quando
1231 967 1435 1032 voluit,
1510 981 1575 1021 ac
1641 966 1708 1021 de
1754 979 1821 1020 eo
1865 964 2082 1034 quidem

485 1065 662 1117 'nulla
707 1065 782 1116 sit
829 1061 1082 1131 quaestio.
1130 1058 1224 1114 Sic
1269 1059 1366 1112 tibi
1420 1058 1486 1112 ad
1531 1058 1848 1126 dogmatum
1907 1061 2087 1110 astru-

511 1155 756 1208 etionem
824 1152 1043 1204 inlirma
1110 1157 1196 1205 est
1256 1148 1709 1218 comprehensiva
1774 1145 1914 1199 visio
1969 1145 2085 1198 sive

511 1244 881 1314 imaginatio?
914 1243 1033 1308 Quo
1067 1241 1476 1311 prepositiones
1509 1241 1767 1307 utrinque
1799 1237 2084 1291 vincentes

509 1345 565 1391 et
610 1333 1088 1404 constringentes?
1128 1332 1247 1397 Quo
1296 1332 1550 1384 violentae
1589 1327 2084 1398 prarstruetiones?

511 1428 632 1495 Quo
667 1428 762 1480 tibi
795 1426 1040 1480 evanidre
1076 1433 1130 1479 et
1168 1440 1274 1479 non
1322 1425 1692 1478 subsistentes
1726 1421 1951 1489 dilapsae
1983 1419 2082 1474 ab-

511 1530 643 1575 eunt
688 1520 828 1572 artis
877 1517 1256 1571 formidabiles
1300 1524 1353 1570 et
1397 1514 1742 1570 inevitabiles
1785 1510 2086 1590 ratiocina:

511 1613 719 1665 tionum
751 1610 1132 1664 conclusiones
1165 1609 1186 1660 ?
1218 1607 1371 1661 Tunc
1407 1608 1598 1677 genuit
1633 1604 1829 1678 lfiliutn
1862 1603 2084 1672 quando

508 1705 716 1764 voluit,
756 1719 932 1772 neque
975 1701 1047 1755 sit
1076 1700 1143 1756 de
1179 1701 1282 1754 hoc
1316 1700 1547 1769 qumstio
1577 1716 1589 1750 :
1633 1695 2080 1751 lucc-multorum

2192 521 2371 572 μενος,
2384 507 2411 556 ό
2424 505 2593 558 ταῦτα
2613 507 2784 560 καὶτὰ
2798 507 3020 560 τοιαῦτα
3037 507 3229 576 λέγων,
3248 508 3388 562 οὕτω
3404 508 3658 581 προσάγῃ
3675 511 3784 580 τὴν

2190 596 2356 666 ἀκοὴν
2377 597 2470 650 τοῦ
2488 598 2870 668 ἐπιζητοῦντος
2902 600 3001 671 τὴν
3030 602 3228 664 αἰτίαν,
3245 602 3364 656 καθ’
3391 602 3456 672 ἢν
3481 602 3785 656 ἀναϐάλλε-

2187 706 2275 742 ται
2293 689 2533 742 τοιούτου
2553 691 2801 758 γενέσθαι
2828 693 3011 763 πατὴρ
3027 695 3056 746 ό
3073 694 3260 764 Πατήρ
3277 712 3289 723 ·
3310 695 3498 765 ἀρκεῖν
3513 695 3614 748 οῖει
3635 695 3784 765 πρὸς

2189 778 2462 845 ἀπόδειξιν
2495 780 2554 832 τὸ
2586 783 2780 845 εἰπεῖν,
2817 783 2897 834 ὅτι
2937 787 3071 837 Τότε
3111 785 3440 854 ἐγέννησεν
3469 788 3569 842 ὅτε
3601 789 3783 843 ἐϐού-

2192 872 2352 934 λετο,
2375 872 2468 922 καὶ
2494 872 2730 942 μηδεμία
2766 873 2905 927 ἔστω
2929 877 3056 946 περὶ
3083 877 3272 931 τούτου
3304 877 3548 949 ζήτησις.
3585 882 3787 945 Οὕτως

2192 980 2273 1016 σοι
2299 964 2434 1034 πρός
2463 964 2559 1035 τὴν
2597 966 2940 1036 κατασκευὴν
2983 968 3092 1020 τῶν
3137 969 3422 1040 δογμάτων
3470 971 3786 1044 ἠσθένησεν

2185 1054 2217 1122 ή
2263 1056 2642 1128 καταληπτικὴ
2679 1060 2981 1126 φαντασία;
3029 1060 3140 1114 Ποῦ
3175 1063 3232 1113 αἱ
3261 1063 3590 1133 διλήμματοι
3640 1083 3785 1135 προ-

2185 1144 2402 1211 τάσεις;
2435 1146 2542 1198 Ποῦ
2587 1149 2641 1199 αἱ
2688 1148 2851 1216 βίαιοι
2877 1152 3243 1216 κατασκευαί;
3287 1153 3410 1216 Πῶς
3453 1171 3533 1206 σοι
3565 1156 3781 1225 φροῦδα

2187 1236 2280 1286 καὶ
2312 1237 2659 1292 ἀνυπόστατα
2703 1239 3028 1311 διαρρυέντα
3063 1243 3158 1312 τῆς
3207 1245 3404 1314 τέχνης
3448 1245 3656 1316 οἴχεται
3697 1251 3776 1302 τὰ

2187 1327 2393 1398 φοϐερά
2422 1346 2480 1381 τε
2517 1332 2610 1383 καὶ
2653 1333 2868 1400 ἄφυκτα
2907 1334 3014 1389 τῶν
3064 1335 3439 1406 συλλογισμῶν
3491 1341 3782 1411 συμπερά-

2187 1435 2397 1488 σματα;
2457 1421 2589 1473 Τότε
2636 1423 2890 1492 ἐγέννησε
2938 1425 3027 1476 τὸν
3078 1424 3204 1479 Υίὸν
3237 1429 3323 1480 ὅτε
3371 1429 3640 1496 ἐϐούλετο,
3675 1432 3781 1486 καὶ

2188 1509 2320 1578 μηδὲ
2354 1510 2494 1563 ἔστω
2525 1514 2653 1583 περὶ
2686 1515 2878 1567 τούτου
2910 1517 3157 1587 ζήτησις.
3193 1517 3378 1572 Ταῦτα
3421 1521 3527 1573 τῶν
3559 1522 3780 1578 πολλῶν

2187 1599 2444 1670 ἱδρώτων,
2479 1604 2648 1657 ταῦτα
2681 1605 2787 1658 τῶν
2819 1607 3139 1678 ὑπερόγκων
3167 1610 3596 1681 ὲπαγγελμάτων
3632 1615 3778 1667 ἀπο-

2183 1691 2522 1762 τελέσματα;
2571 1696 2634 1747 Τί
2671 1695 2729 1748 τὸ
2763 1697 3024 1766 ἐρώτημα
3047 1694 3151 1768 ἦν;
3204 1702 3267 1756 Et
3320 1702 3480 1755 καλὸν
3510 1704 3605 1755 καὶ
3634 1703 3778 1774 πρέ-

509 1794 805 1859 sudorum,
856 1795 968 1847 lucc
1014 1792 1459 1862 praetumidorum
1513 1791 1906 1859 promissorum
1953 1785 2081 1840 elle-

2187 1799 2284 1835 πον
2313 1783 2448 1853 Θεῷ,
2477 1785 2711 1838 τοιοῦτον
2741 1787 2883 1857 ἔχειν
2913 1788 3057 1854 Υίὸν,
3093 1792 3179 1844 διὰ
3211 1793 3264 1844 τί
3302 1793 3375 1862 μὴ
3406 1795 3491 1846 ἀεὶ
3517 1795 3577 1847 τὸ
3604 1771 3778 1848 καλὸν

507 1887 644 1941 cta?
677 1886 936 1951 Quaenam
967 1893 1087 1938 erat
1121 1882 1520 1952 interrogatio?
1571 1881 1628 1934 Si
1673 1880 1875 1933 bonum
1905 1883 1958 1931 et
1987 1875 2082 1930 de-

508 1993 698 2034 corum
728 1977 834 2032 Deo
861 1977 1024 2030 talem
1075 1975 1277 2028 habere
1317 1972 1552 2033 Filium,
1586 1986 1687 2025 cur
1721 1985 1826 2022 non
1863 1979 2082 2036 semper

507 2071 712 2124 bonum
739 2083 860 2122 cum
892 2069 1012 2136 ipso
1064 2081 1185 2120 esse
1232 2063 1521 2118 creditur?
1567 2061 1700 2127 Qum
1752 2058 2078 2129 responsio,

510 2175 674 2230 quam
713 2175 780 2212 et
828 2158 961 2226 ipsis
1009 2157 1188 2224 adytis
1236 2157 1352 2209 sive
1400 2154 1660 2208 sacrariis
1712 2150 2075 2221 philosophia:

510 2253 672 2307 nobis
709 2250 840 2306 fecit
867 2293 882 2316 ,
926 2248 1314 2303 insolubilibus
1357 2245 1780 2300 necessitatibus
1805 2243 2083 2296 constrin-

507 2353 638 2407 gens
686 2338 1038 2391 sermonem?
1088 2338 1232 2391 Tunc
1286 2337 1408 2407 fecit
1459 2336 1660 2390 Filium
1712 2352 1830 2389 cum
1888 2335 2078 2399 voluit,

507 2449 667 2498 neque
718 2432 780 2484 de
827 2431 922 2484 hoc
981 2431 1093 2484 ulla
1145 2432 1213 2485 sit
1263 2431 1523 2500 quorslt'o,
1577 2428 1686 2482 Cur
1732 2445 1836 2482 non
1891 2428 2082 2496 prius?

511 2522 668 2588 Quod
698 2522 742 2576 si
772 2520 842 2575 de
875 2521 1061 2589 aliquo
1093 2535 1282 2574 eorum
1315 2534 1434 2589 quae
1469 2516 1696 2572 rationis
1729 2523 1860 2571 sunt
1889 2529 2082 2584 exper—

515 2614 593 2667 tia
615 2655 628 2678 ,
661 2629 784 2683 quae
816 2612 1056 2667 naturali
1089 2611 1420 2680 impulsione
1453 2619 1771 2679 operantur,
1809 2621 2083 2676 propone-

509 2713 663 2774 retur
714 2703 1125 2765 consideratio,
1184 2718 1348 2770 quam
1395 2702 1466 2755 ob
1511 2715 1734 2755 causam
1778 2714 1886 2752 non
1931 2698 2083 2767 prius

509 2796 654 2864 quod
715 2793 923 2847 libebat
975 2791 1194 2854 elIecit,
1231 2793 1315 2846 vel
1371 2806 1572 2845 aranea
1624 2791 1796 2851 telas,
1834 2789 1919 2843 vel
1966 2787 2084 2856 apis

508 2883 690 2939 favum
711 2925 724 2948 ,
760 2885 841 2938 vel
880 2891 1061 2938 turtur
1093 2883 1302 2950 nidum,
1347 2882 1473 2955 quid
1507 2883 1649 2935 aliud
1683 2881 1894 2936 diceres
1917 2880 1941 2933 Ἰ
1965 2878 2085 2932 Non

509 2984 628 3039 haec
661 2985 714 3036 in
748 2992 1000 3052 promptu
1031 2991 1182 3036 esset
1227 2983 1550 3050 responsio,
1610 2983 1754 3050 quod
1787 2994 1914 3036 tunc
1959 2981 2086 3038 fecit

507 3091 636 3132 cum
678 3075 885 3140 voluit,
919 3076 1180 3141 nullaque
1233 3076 1303 3128 sit
1337 3076 1404 3128 de
1444 3090 1509 3129 eo
1552 3074 1867 3144 inquisitio?
1908 3074 2082 3140 Quin-

2188 1877 2304 1945 μετ’
2349 1877 2513 1930 αὐτοῦ
2552 1873 2690 1931 εἶναι
2721 1879 3066 1947 moratis-cat;
3098 1883 3193 1945 Τίς
3227 1886 3259 1955 ὴ
3290 1886 3579 1955 ἀπόκρισις
3619 1890 3684 1956 ἦν
3709 1887 3780 1953 ἐξ

2184 1967 2363 2019 αὐτῶν
2408 1970 2538 2038 ἡμῖν
2585 1970 2689 2022 τῶν
2721 1972 2935 2026 ’ἀδύτων
2981 1975 3080 2045 τῆς
3109 1975 3422 2045 φιλοσοφίας
3453 1980 3774 2051 πεποίηται,

2183 2062 2301 2122 ταῖς
2336 2060 2550 2123 ἀλύτοις·
2578 2063 2842 2131 ἀνάγκαις
2890 2066 3214 2135 διασφίγξας
3258 2071 3348 2122 τὸν
3393 2071 3584 2140 λόγον;
3633 2075 3778 2126 Τότε

2183 2152 2434 2220 ἐποίησε
2459 2154 2566 2207 τὸν
2602 2157 2736 2208 Υἱὸν
2772 2156 2869 2210 ὅτε
2902 2159 3201 2223 ἐϐούλετο,
3231 2163 3327 2215 καὶ
3349 2163 3608 2232 μηδεμία
3633 2167 3775 2235 περὶ

2184 2241 2397 2294 τούτου
2425 2241 2665 2312 ζήτησις
2683 2245 2966 2308 ἕστω,Διὰ
2982 2248 3134 2317 τίμὴ
3152 2252 3440 2320 πρότερον
3457 2271 3473 2316 ;
3492 2255 3621 2307 Είδὲ
3643 2275 3708 2309 πε
3718 2259 3780 2330 ρὶ

2185 2330 2293 2384 τῶν
2315 2331 2522 2400 ἀλόγων
2557 2336 2700 2398 τινὸς
2728 2339 2759 2406 ὴ
2795 2339 2985 2407 σκέψις
3012 2342 3316 2411 προέκειτο,
3349 2345 3457 2397 τῶν
3482 2347 3623 2401 κατά
3650 2366 3779 2402 τινα.

2187 2423 2420 2494 φυσικὴν
2469 2426 2644 2496 ὁρμὴν
2677 2429 3173 2499 ὲνεργούνταν,διὰ
3204 2434 3258 2485 τί
3293 2434 3369 2506 μὴ
3411 2438 3677 2509 πρότερον
3709 2441 3780 2492 τὺ

2186 2515 2374 2568 δοκοῦν
2391 2519 2806 2587 κατειργάσατο,
2825 2521 2857 2592 ἢ
2882 2523 3092 2594 ἀράχνη
3117 2523 3182 2577 τὰ
3203 2528 3480 2601 νήματα,ἣ
3503 2531 3563 2582 τὸ
3580 2532 3782 2603 κηρίον

2187 2608 2218 2675 ἡ
2257 2606 2500 2675 μέλιττα,
2530 2608 2678 2678 ἣτὴν
2696 2611 2936 2682 καλιὰνὴ
2968 2614 3204 2685 τρυγών;
3233 2611 3296 2669 Τί
3315 2619 3379 2672 ἂν
3400 2620 3484 2673 ἓτε
3495 2638 3582 2692 ρον
3597 2625 3781 2676 εἰπεῖν

2187 2693 2331 2766 εἶχες
2349 2715 2363 2762 ;
2383 2700 2494 2751 Οὐκ
2509 2701 2643 2771 αὑτὴ
2659 2703 2943 2774 πρόχειρος
2961 2704 3024 2758 ἂν
3171 2709 3457 2783 ἀπόκρισις
3476 2754 3492 2778 ,
3553 2712 3636 2768 ὅτι
3651 2714 3780 2768 τότε

2188 2788 2440 2858 ἐποίησεν
2461 2791 2549 2843 ὅτε
2578 2792 2846 2856 ἐϐούλετο,
2876 2796 2968 2848 καὶ
2995 2799 3232 2870 μηδεμία
3260 2800 3399 2855 ἔστω
3425 2811 3552 2874 περὶ
3579 2805 3780 2862 τούτου

2190 2878 2438 2950 ζήτησις-ς
2484 2882 2643 2937 Ἀλλὰ
2687 2885 2777 2938 καὶ
2809 2888 2933 2957 περὶ
2969 2890 3204 2944 πλάστου
3236 2894 3380 2958 τινὸς
3410 2895 3442 2964 ἢ
3483 2897 3778 2970 ζωγράφου

2188 2970 2248 3022 τὸ
2274 2971 2464 3026 δοκοῦν
2501 2973 2589 3027 διὰ
2621 2976 2720 3045 τῆς
2755 2982 3056 3052 μιμητικῆς
3100 2984 3447 3053 ἐνεργοῦντος
3493 2989 3707 3060 τέχνης,
3740 2994 3777 3062 ἣ

2191 3063 2248 3115 ὲν
2274 3067 2528 3134 γραφαῖς,
2557 3066 2588 3136 ἢ
2619 3067 2677 3118 ὲν
2707 3069 3041 3139 πλάσμασιν,
3073 3075 3201 3128 ὅταν
3237 3077 3310 3148 μὴ
3351 3078 3662 3150 ὑποχείριος
3695 3082 3779 3137 ῶν

514 3167 679 3220 etiam
717 3165 784 3219 de
815 3166 1004 3219 lictore
1043 3165 1225 3234 aliquo
1257 3165 1338 3218 vel
1373 3166 1601 3234 pictore,
1635 3181 1730 3234 per
1762 3172 1934 3219 artem
1964 3165 2082 3218 imi-

2189 3152 2406 3244 εξουσία
2432 3156 2539 3208 τινὶ
2577 3133 2724 3228 ’πρὸς
2762 3133 3043 3232 ἐνέργειαν
3069 3166 3176 3238 ἄγῃ
3337 3133 3565 3241 τέχνήνὶ

509 3259 766 3312 tatricem
798 3256 1082 3326 quodlibet
1131 3267 1424 3326 operante,
1453 3257 1538 3309 vel
1583 3257 1636 3309 in
1686 3257 1948 3326 picturis,
1999 3257 2082 3310 vel

509 3350 786 3419 figmentis
817 3349 922 3402 dici
960 3357 1168 3418 potest,
1201 3349 1294 3417 qui
1329 3364 1452 3400 cum
1486 3364 1594 3402 non
1629 3350 1700 3402 sit
1731 3348 1894 3402 alicui
1933 3357 2084 3418 pote-

509 3443 638 3497 stati
671 3441 1017 3508 mancipatus
1045 3449 1098 3492 et
1127 3440 1382 3492 addictus
1415 3440 1478 3491 ad
1508 3441 1881 3508 operationem
1912 3450 2082 3496 artem

512 3535 748 3602 impellit
781 3552 791 3586 :
825 3533 964 3585 hanc.
998 3533 1158 3584 talem
1193 3547 1381 3585 vocem
1413 3533 1574 3584 etiam
1609 3548 1912 3603 congruere
1941 3535 2086 3589 arbi-

507 3632 627 3678 tror
655 3622 797 3690 apud
831 3637 955 3674 eum
985 3621 1078 3688 qui
1112 3620 1224 3673 vult
1251 3621 1501 3685 discere,
1536 3636 1634 3674 cur
1669 3637 1777 3674 non
1813 3624 1962 3691 prius
1994 3639 2083 3678 ar-

513 3723 622 3768 tem
650 3713 922 3766 ellicacem
956 3710 1102 3764 fecit.
1130 3711 1265 3776 Quia
1296 3713 1441 3765 nulla
1477 3715 1807 3768 necessitate
1837 3726 2082 3778 coactus,

511 3804 848 3874 operationis
895 3810 1142 3871 tempus,
1197 3804 1517 3858 electionem
1571 3805 1685 3859 sive
1740 3807 2080 3874 prepositum

513 3896 644 3949 fecit
673 3912 690 3960 ;
725 3893 975 3946 homines
1009 3893 1152 3946 enim
1186 3904 1472 3961 propterea
1525 3895 1670 3964 quod
1723 3910 1827 3947 non
1871 3911 2086 3964 semper

510 3987 698 4040 eadem
733 3984 955 4045 volunt,
994 3999 1169 4051 neque
1218 3984 1538 4054 picrnmque
1597 3987 1799 4039 habent
1851 3985 2084 4040 faculta-

510 4089 615 4133 tem
662 4092 784 4129 cum
842 4074 1116 4127 voluntate
1167 4084 1524 4144 operantem,
1575 4086 1707 4129 tunc
1751 4078 1957 4145 aliquid
2015 4095 2082 4133 ex

509 4167 782 4222 sententia
812 4163 1087 4224 ellieiunt.
1121 4179 1249 4217 cum
1289 4164 1422 4233 ipsis
1458 4167 1800 4234 propositum
1830 4176 1884 4220 et
1916 4168 2083 4222 libera

508 4257 763 4309 voluntas
791 4255 856 4307 ad
889 4269 1030 4323 opus
1079 4254 1382 4324 propendct
1403 4296 1417 4321 ,
1456 4256 1703 4326 nihilque
1734 4259 2083 4315 extrinsecus

508 4349 783 4419 prohibet.
821 4346 974 4412 Quod
1008 4357 1188 4399 autem
1222 4361 1437 4415 semper
1466 4347 1655 4402 eodem
1689 4351 1851 4401 modo
1887 4349 2082 4413 habet,

507 4441 708 4510 cuique
742 4441 874 4493 nihil
910 4440 1178 4493 honorum
1213 4440 1571 4493 adventitium
1597 4447 1715 4506 est,
1750 4441 1804 4494 in
1833 4457 1941 4510 quo
1967 4458 2084 4496 om-

509 4535 596 4588 nis
629 4531 937 4586 dill'erentia
971 4531 1368 4592 consiliorum,
1402 4547 1522 4599 quae
1559 4531 1610 4584 in
1643 4534 1981 4585 contrarium
2014 4535 2083 4587 ob

508 4625 746 4693 aliquem
781 4637 1028 4677 errorem
1080 4622 1163 4674 vel
1208 4622 1573 4690 ignorantiam
1620 4623 1950 4688 innascitur,
2008 4626 2087 4679 lo-

507 4731 632 4770 cum
670 4731 778 4769 non
821 4715 1026 4778 habet;
1056 4713 1143 4766 cui
1175 4713 1310 4766 nihil
1360 4728 1424 4767 ex
1467 4714 1771 4769 mutatione
1808 4713 1899 4776 lit,
1935 4715 2081 4783 quod

510 4823 540 4861 a
569 4808 847 4881 principio.
873 4822 980 4860 non
1029 4814 1086 4858 ut
1117 4807 1318 4859 bonum
1355 4807 1602 4870 noverit,
1639 4807 1708 4860 de
1755 4809 1856 4862 hoc
1901 4808 2086 4862 dicere

514 4912 620 4950 non
659 4911 871 4964 semper
903 4898 1078 4964 ipsum
1129 4895 1420 4949 honestum
1466 4897 1705 4961 habere,
1751 4898 1844 4952 sed
1898 4910 2082 4966 postea

510 4987 744 5056 elegisse
776 4987 986 5053 aliquid
1023 4986 1222 5040 habere
1254 4987 1397 5056 quod
1446 5002 1554 5039 non
1605 4990 1759 5057 prius
1806 4990 2081 5058 elegerat:

509 5081 625 5134 haec
671 5089 799 5134 sunt
853 5078 1133 5146 sapientiae
1185 5095 1287 5133 nos
1334 5082 1648 5148 superantis
1679 5081 1920 5150 pr0pria.
1975 5081 2084 5137 Nos

509 5174 657 5228 enim
689 5171 1013 5230 didicimus.
1047 5169 1219 5223 Deum
1257 5186 1474 5240 semper
1501 5173 1648 5226 onmi
1687 5174 1830 5226 bono
1861 5174 2081 5241 plenum

505 5280 674 5324 esse,
733 5263 846 5316 imo
901 5275 1030 5314 vero
1090 5260 1261 5329 ipsam
1318 5261 1584 5315 bonorum
1648 5263 2080 5332 plenitudinem,

482 5369 491 5375 '
521 5355 734 5412 etiamsi
766 5354 918 5408 nulla
950 5355 1266 5406 accessione
1289 5353 1354 5406 ad
1387 5353 1772 5422 pet-lectionem
1801 5366 1952 5427 eget,
1987 5359 2083 5414 sed

511 5450 629 5515 ipse
680 5457 764 5503 est
819 5446 904 5503 sui
954 5455 1151 5500 natura
1184 5444 1311 5499 boni
1364 5444 1650 5514 perfectio.
1701 5448 1854 5512 Quod
1899 5459 2079 5505 autem

513 5537 812 5605 perfectum
840 5545 962 5601 est,
999 5553 1063 5592 ex
1110 5552 1268 5606 aequo
1313 5537 1382 5589 ab
1425 5536 1765 5593 incremento
1799 5548 1853 5594 et
1895 5540 2083 5596 decre-

516 5636 697 5678 mento
724 5627 959 5683 alienum
994 5637 1109 5690 est,
1141 5645 1372 5700 eamque
1399 5627 1471 5682 ob
1503 5643 1724 5685 causam
1761 5647 1882 5699 quae
1913 5633 1964 5686 in
1997 5633 2084 5688 di-

523 5707 648 5762 vina
678 5725 865 5770 natura
909 5719 1310 5787 consideratur,
1361 5721 1627 5776 bonorum
1680 5720 2074 5792 pertectiomm

2188 3242 2300 3306 ζειν
2336 3241 2488 3313 οἶμαι
2512 3247 2609 3317 τὴν
2649 3249 2907 3322 τοιαύτην
2933 3255 3117 3325 φωνὴν
3147 3256 3240 3308 ἐπὶ
3292 3257 3383 3310 τοῦ
3433 3260 3624 3329 μαθεῖν
3651 3241 3778 3314 ἒθέο

2187 3333 2385 3399 λοντος,
2417 3337 2505 3390 διὰ
2536 3339 2589 3390 τί
2619 3341 2680 3392 οὐ
2710 3342 2972 3413 πρότερον
3001 3347 3221 3417 ἐνεργὸν
3247 3349 3344 3420 τὴν
3370 3351 3567 3423 τέχνην
3593 3353 3780 3425 ἐποίηο

2189 3441 2311 3479 σεν·
2367 3427 2446 3480 ὅτι
2491 3429 2590 3481 οὐκ
2625 3430 2760 3500 ἔχων
2812 3435 3077 3506 ἀνάγκην,
3112 3439 3300 3508 καιρὸν
3342 3445 3440 3512 τῆς
3492 3445 3782 3514 ἐνεργείας

2189 3517 2480 3588 πεποίηται
2534 3519 2632 3588 τὴν
2686 3521 3022 3592 προαίρεσιν.
3065 3527 3374 3598 ’Ἄνθρωποι
3425 3531 3534 3600 γὰρ
3577 3533 3667 3586 διὰ
3711 3537 3779 3588 τὸ

2190 3607 2327 3675 μήτε
2366 3608 2452 3659 ἀεὶ
2485 3607 2656 3662 ταῦτα
2695 3610 3000 3680 βούλεσθαι,
3033 3618 3172 3686 μήτε
3225 3622 3594 3689 συνεργοῦσαν
3628 3624 3779 3694 ἔχειν

2186 3697 2261 3760 ὡς
2298 3699 2364 3751 τὰ
2397 3700 2565 3753 πολλὰ
2609 3704 2675 3772 τῇ
2719 3702 2967 3774 βουλήσει
2995 3706 3094 3778 τὴν
3123 3707 3374 3778 δύναμιν,
3406 3713 3526 3765 τότε
3560 3715 3778 3770 ποιοῦσί

2187 3807 2238 3842 τι
2272 3791 2378 3843 τῶν
2413 3792 2552 3845 κατὰ
2602 3794 2845 3866 γνώμην,
2877 3798 3005 3850 ὅταν
3053 3800 3234 3862 αὐτοῖς
3280 3803 3313 3870 ἦ
3363 3821 3421 3856 τε
3455 3807 3779 3877 προαίρεσις

2187 3882 2320 3951 ’πρὸς
2349 3884 2408 3936 τὸ
2452 3884 2609 3956 ἔργον
2647 3888 2804 3958 {ss-en,
2849 3891 2940 3941 καὶ
2977 3891 3142 3962 μηδὲν
3173 3894 3352 3966 κωλύῃ
3402 3898 3509 3950 τῶν
3549 3900 3773 3966 ἔξωθεν.

2187 3973 2259 4025 Τὸ
2299 3975 2355 4027 δὲ
2395 3977 2479 4028 ἀεὶ
2514 3977 2773 4042 ὡσαύτως
2818 3980 2959 4051 ἕχον,
2991 3977 3034 4050 ᾧ
3074 3987 3365 4057 ἐπίκτητον
3403 3991 3510 4044 τῶν
3550 3994 3778 4061 ἀγαθῶν

2189 4064 2336 4158 ἐστιν
2385 4066 2556 4158 οὐδὲν,
2610 4069 2667 4120 ὲν
2714 4062 2759 4135 ᾧ
2809 4072 2958 4124 πᾶσα
3003 4072 3234 4147 διαφορὰ
3281 4077 3687 4151 βουλευμάτων,
3734 4087 3774 4158 ἡ

2187 4155 2327 4206 κατὰ
2356 4155 2415 4206 τὸ
2443 4158 2682 4210 ἐναντίον
2709 4160 2851 4212 κατά
2893 4178 3012 4216 τινα
3059 4165 3266 4238 πλάνην
3297 4171 3386 4221 καὶ
3416 4170 3638 4239 ἄγνοιαν
3683 4155 3780 4245 ἐγἐ

2187 4244 2463 4313 γινομένη,
2492 4246 2674 4316 χώραν
2703 4250 2800 4303 οὐκ
2837 4250 2970 4322 ἔχει,
3003 4247 3046 4321 ᾧ
3075 4258 3225 4310 οὐδὲν
3259 4262 3320 4312 ἐκ
3351 4264 3654 4335 μεταϐολῆς
3687 4244 3776 4335 γί-

2187 4351 2352 4430 νεται,
2405 4335 2554 4430 όμὴ
2587 4339 2644 4402 ἐξ
2685 4341 2858 4411 ἀρχῆς
2889 4344 2964 4407 ὡς
3017 4347 3219 4414 ἀγαθὸν
3268 4356 3582 4424 κατενόησε,
3634 4361 3772 4430 περὶ

2187 4425 2374 4477 τούτου
2411 4427 2586 4494 λέγειν
2618 4430 2692 4501 μὴ
2741 4434 2825 4485 ἀεὶ
2870 4434 2932 4488 τὸ
2973 4438 3133 4492 καλὸν
3173 4440 3336 4510 ἔχειν,
3387 4445 3501 4498 ἀλλ’
3539 4425 3775 4520 ὕστερον

2188 4517 2400 4611 έλὲσθαι
2434 4536 2496 4611 τι
2531 4521 2694 4590 ἔχειν,
2743 4523 2770 4576 ὂ
2803 4525 2876 4596 μὴ
2909 4529 3171 4598 πρότερον
3207 4533 3412 4587 είλετοο
3458 4536 3634 4591 ταῦτα
3668 4517 3773 4611 τῆς

2188 4610 2630 4683 ὑπερϐαλλούσης
2660 4615 2804 4684 ἡμᾶς
2837 4618 3027 4686 σοφίας
3055 4622 3219 4675 ἐστίν.
3266 4624 3456 4693 Ἡμεῖς
3487 4628 3592 4700 γὰρ
3624 4610 3768 4700 ἐμά-

2187 4700 2350 4770 θομεν
2383 4703 2466 4756 ότι
2495 4706 2554 4759 τὸ
2575 4707 2726 4761 Θεῖον
2753 4707 2837 4759 ἀεὶ
2865 4710 3062 4775 παντὸς
3098 4713 3302 4779 ἀγαθοῦ
3335 4717 3540 4788 πλῆρες
3579 4722 3726 4775 ἐστίν
3748 4740 3765 4755 ·

2189 4793 2389 4861 μᾶλλον
2434 4793 2488 4845 δὲ
2526 4796 2658 4848 αὐτὸ
2697 4797 2803 4848 τῶν
2854 4800 3071 4868 ἀγαθῶν
3121 4806 3236 4857 ἐστι
3278 4808 3338 4860 τὸ
3390 4810 3683 4882 πλήρωμα,
3717 4819 3765 4870 εἰ

2187 4887 2280 4938 καὶ
2317 4887 2570 4957 οὐδεμιᾶς
2600 4889 2916 4962 προσθήκης
2959 4896 3039 4956 εἰς
3085 4899 3363 4952 τελείωσιν
3410 4901 3602 4967 δεῖται,
3648 4908 3769 4960 ἀλλ’

2187 4978 2317 5030 αὐτὸ
2357 4982 2422 5049 τῇ
2467 4980 2656 5032 ἑαυτοῦ
2686 4981 2864 5049 enicat,
2900 4985 2931 5053 ἡ
2959 4985 3053 5038 τοῦ
3091 4988 3294 5056 ἀγαθοῦ
3323 4991 3598 5066 τελειότης
3627 4999 3766 5053 ἐστί.

2188 5070 2259 5121 Τὸ
2291 5071 2348 5124 δὲ
2375 5071 2578 5124 τέλειον
2608 5074 2801 5140 ἐπίσης
2830 5076 3108 5145 αὐξήσεως
3135 5098 3192 5134 τε
3223 5083 3317 5135 καὶ
3351 5085 3632 5153 μειώσεως
3675 5090 3774 5158 ἡλ-

2187 5162 2491 5232 λοτρίωται.
2547 5167 2654 5218 Καὶ
2698 5165 2783 5219 διὰ
2833 5169 2987 5221 τοῦτο
3035 5171 3132 5241 τὴν
3180 5172 3660 5250 ἐπιθεωρουμένην
3703 5186 3772 5253 τῇ

2192 5253 2311 5325 θεία
2345 5254 2503 5323 φύσει
2535 5257 2638 5309 τῶν
2686 5258 2908 5325 ἀγαθῶν
2938 5261 3266 5332 τελειότητα,
3311 5269 3545 5321 πάντοτέ
3588 5288 3778 5340 φαμεν

2186 5347 2281 5418 τὴν
2311 5348 2479 5420 αὐτὴν
2506 5345 2642 5402 εἶναι
2667 5369 2679 5381 ·
2710 5352 2832 5405 καθ’
2875 5355 3011 5424 ὅπερ
3049 5355 3115 5410 ἂν
3143 5358 3239 5428 τὴν
3276 5359 3513 5416 διάνοιαν
3560 5364 3779 5418 ἑαυτῶν

2187 5444 2607 5514 ὲπεκτείνωμεν,
2641 5448 2754 5497 ἐκεῖ
2783 5447 3036 5518 τοιαύτην
3067 5451 3596 5522 καταλαμὸάνοντες.
3632 5458 3781 5511 Οὐκ-

2186 5533 2278 5586 οῦν
2324 5535 2575 5588 οὐδέποτε
2645 5538 2799 5590 κενὸν
2850 5540 3053 5606 ἀγαθοῦ
3105 5543 3165 5594 τὸ
3220 5543 3391 5597 Θεῐον.
3458 5547 3616 5600 Ἀλλὰ
3676 5553 3780 5620 μὲν

2185 5625 2392 5692 ἀγαθοῦ
2419 5628 2618 5691 παντὸς
2645 5631 2917 5701 πλήρωμα
2946 5635 2973 5685 ό
2996 5633 3120 5696 Υἱός
3139 5651 3152 5665 ·
3184 5637 3409 5688 πάντοτε
3439 5637 3548 5710 ἄρα
3586 5641 3645 5691 ἐν
3697 5643 3779 5711 τῷ

2188 5721 2362 5792 Πατρὶ
2387 5720 2690 5792 θεωρεῖται,
2826 5725 2984 5795 φύσις
3028 5729 3059 5800 ή
3089 5729 3147 5781 ὲν
3177 5728 3337 5780 παντὶ
3373 5725 3566 5800 ἀγαθῷ
3594 5733 3772 5786 τελει-
