4034 6156
362 281 466 336 803

1490 290 1768 347 CONTRA
1803 291 2187 359 EUNOMIUM,
2237 294 2364 350 LIB.
2407 293 2496 349 IX.

363 397 509 465 ότης.
557 397 732 462 Ἀλλὰ,
766 401 916 468 φησι,
949 401 1183 471 μηδεμία
1227 401 1366 456 ἔστω
1395 403 1735 476 ζήτησις,διά
1767 406 1818 458 τί
1865 408 1938 476 μὴ
1969 462 1974 472 η

2076 424 2259 480 etnper
2288 407 2538 464 eannlem
2561 419 2681 462 esse
2703 404 2938 462 dicimus
2958 451 2970 474 ,
2995 407 3060 462 ad
3110 409 3477 478 quodcunque
3533 427 3624 462 nu-

370 487 651 557 πρότερον.
689 491 828 560 Πρὸς
857 491 916 543 ὃν
942 492 1172 562 ἐροῦμεν
1198 496 1384 564 ἡμείςι
1411 489 1492 542 ὅτι
1515 493 1676 550 ’Ἄλλο
1705 499 1872 564 ἐστὶν,
1901 494 1945 553 ὦ

367 577 667 645 σοφώτατε,
715 580 1023 650 νομοθετεῖν
1070 601 1121 637 τι
1167 585 1274 638 τῶν
1312 585 1688 658 καταγνωμῶν
1737 590 1795 654 ἐξ
1827 592 1946 643 ὲπι-

366 667 664 736 τάγματος,
695 671 790 723 καὶ
819 672 1004 744 ἕτερον
1033 673 1095 727 τὸ
1139 675 1280 746 λόγῳ
1309 677 1436 748 περὶ
1482 678 1587 732 τῶν
1613 679 1946 749 ἀμφιϐαλλο-
1991 727 1994 730 .

368 758 542 829 μένων
573 761 961 830 προσάγεσθαι.
1009 766 1156 830 Ἕως
1185 767 1251 820 ἂν
1277 768 1458 822 τοίνυν
1503 769 1772 840 μηδεμίαν
1817 769 1947 842 ἔχῃς

368 853 543 904 αἰτίαν
591 853 784 918 εἰπεῖν,
833 856 954 909 καθ’
998 859 1064 928 ἢν
1119 859 1340 922 εὐσεϐές
1393 862 1538 914 ἐστιν
1588 859 1813 931 ὕστερον
1868 862 1945 932 τῷ

370 943 541 1012 Harp!
566 943 658 997 τὸν
685 945 811 998 Υἱὸν
838 950 1304 1020 προσγεγενῆσθαι
1343 951 1545 1021 λέγειν,
1587 947 1820 1024 ἀργήσει
1856 971 1936 1008 σοι

376 1032 428 1084 τὸ
452 1033 728 1106 ἐπίταγμα
764 1039 916 1108 παρὰ
943 1042 1055 1102 τοῖς
1087 1042 1471 1117 σωφρονοῦσιν.

2055 510 2223 554 stram
2269 500 2658 569 cogitationem
2710 497 3160 560 extenderimus,
3209 498 3320 551 illic
3375 499 3623 552 eamdem

2055 589 2447 658 perfectionem
2501 588 3046 659 comprehendentes.
3122 586 3408 657 Nunquam
3458 589 3628 658 igitur

2056 682 2202 736 bono
2251 697 2492 736 vacuum
2522 681 2734 736 Numen
2783 686 2988 734 manet.
3045 680 3209 748 Atqui
3262 680 3444 734 omnis
3497 681 3626 735 boni

2056 773 2338 843 plenitudo
2373 781 2456 828 est
2489 772 2662 828 Filius
2694 791 2708 837 ;
2741 786 2956 841 semper
2981 771 3149 840 igitur
3181 770 3353 844 Filius
3382 771 3436 824 in
3471 770 3630 824 Patre

2056 866 2324 927 cernitur,
2360 864 2446 916 cui
2479 870 2676 916 natura
2711 868 2796 915 est
2868 861 2924 914 in
2966 863 3115 915 omni
3156 863 3303 915 bono
3341 860 3628 931 perfectio.

2055 951 2193 1014 Sed,
2224 953 2430 1021 inquit,
2467 951 2617 1005 nulla
2646 951 2716 1006 sit
2748 950 3168 1020 inquisitio,cur
3199 966 3305 1004 non
3342 952 3515 1020 prius.
3551 949 3630 1003 Ad

2052 1059 2213 1112 quem
2241 1059 2340 1098 nos
2374 1043 2652 1097 dicemus:
2679 1041 2842 1096 Aliud
2875 1050 2989 1106 est,
3021 1058 3053 1097 ο
3085 1042 3529 1112 sapientissime,
3565 1056 3629 1096 ex

371 1125 628 1180 mandato
667 1127 873 1198 aliquid
904 1145 1094 1185 eorum
1135 1150 1259 1203 quae
1291 1135 1394 1188 fert
1424 1134 1683 1203 animus,
1726 1137 1842 1207 lege
1891 1137 2106 1193 sancire
2158 1147 2212 1191 et
2265 1136 2522 1190 edicere:
2573 1134 2724 1191 aliud
2775 1151 2907 1190 vero
2957 1135 3172 1189 ratione
3221 1135 3287 1188 de
3338 1134 3520 1190 dubiis
3579 1146 3634 1188 et

371 1218 740 1273 controversis
795 1218 955 1274 ﬁdem
1007 1220 1209 1277 facere.
1259 1224 1514 1289 Quandiu
1563 1241 1695 1297 ergo
1751 1228 1956 1282 nullam
1986 1241 2210 1281 causam
2248 1225 2454 1296 poteris
2524 1226 2790 1288 reddere,
2865 1235 3084 1293 propter
3126 1239 3288 1292 quam
3339 1225 3491 1294 pium
3554 1237 3636 1280 est

372 1307 558 1362 dicere
612 1308 809 1364 Filium
873 1316 1148 1382 posterius
1204 1331 1232 1368 a
1292 1317 1455 1373 Patre
1508 1321 1751 1390 genitum
1806 1333 1962 1385 esse,
1997 1318 2144 1373 iners
2194 1327 2247 1371 et
2299 1317 2514 1372 irritum
2556 1319 2660 1371 erit
2711 1319 2806 1371 tibi
2851 1317 3111 1379 edictum,
3152 1316 3293 1385 apud
3329 1317 3544 1371 sobrios
3583 1329 3636 1371 ct

376 1398 695 1467 prudentes.

446 1487 601 1540 Οὕτω
643 1490 739 1559 μὲν
783 1486 874 1545 οῦν
917 1494 1046 1564 ἡμῖν
1083 1496 1146 1549 ἐκ
1189 1496 1289 1566 τῆς
1330 1503 1584 1571 τεχνικῆς
1622 1502 1808 1570 ἐφόδου
1851 1501 1951 1571 τὴν

377 1579 630 1650 ἀλήθειαν
672 1581 934 1652 Εὐνόμιος
968 1587 1047 1649 είς
1089 1587 1149 1640 τὸ
1194 1589 1434 1658 ἐμφανὲς
1477 1592 1622 1660 ἄγει.
1664 1593 1854 1664 Ἡμεῖς
1895 1592 1951 1644 δὲ

2131 1494 2221 1548 Sic
2253 1494 2417 1564 igitur
2444 1494 2601 1548 nobis
2624 1492 2918 1547 artiﬁciosa
2948 1492 3319 1546 insinuatione
3345 1490 3628 1546 veritatem

2061 1591 2113 1642 in
2165 1589 2338 1643 lucem
2389 1585 2595 1657 profert
2625 1585 2950 1638 Eunomius.
2993 1582 3102 1637 Nos
3145 1591 3328 1637 autem
3379 1583 3524 1638 sicut
3555 1591 3640 1636 est

379 1671 517 1726 γατὰ
548 1672 609 1725 τὸ
642 1673 867 1744 σύνηθες
905 1679 1038 1748 ἡμῖν
1061 1680 1149 1733 τὸν
1185 1682 1394 1736 ἐκείνου
1432 1684 1588 1752 λόγον
1627 1685 1764 1756 πρὸς
1789 1703 1956 1738 κατα-

2076 1682 2232 1735 ιηοιὶε
2259 1684 2433 1736 nostri
2460 1679 2606 1734 illius
2627 1692 2936 1734 sermonem
2951 1677 3016 1730 ad
3035 1676 3458 1731 exstructionem
3475 1675 3642 1730 docu-

381 1763 578 1834 σκευὴν
616 1763 723 1818 τῶν
775 1766 873 1836 τῆς
914 1767 1170 1838 ἀληθείας
1215 1771 1498 1842 δογμάτων
1546 1774 1957 1846 οἱκειωσόμεθα.

391 1853 478 1916 Ὠς
511 1853 576 1908 ἂν
606 1856 700 1908 καὶ
741 1855 828 1909 διὰ
869 1858 1060 1912 τούτου
1100 1861 1326 1932 γένηται
1357 1863 1532 1934 δῆλον,
1569 1865 1650 1918 ὃτι
1687 1863 1959 1934 πανταχοῦ

382 1945 524 1998 κατά
543 1944 619 1999 τὸ
638 1947 886 2002 ἑκούσιον
917 1949 1006 2002 ὑπ’
1037 1951 1210 2022 αὐτῆς
1236 1953 1336 2023 τῆς
1366 1955 1621 2025 ἀληθείας
1650 1954 1958 2025 ἀναγκαζό-

385 2053 555 2105 μενοι,
587 2037 665 2109 τῷ
692 2039 815 2092 καθ’
833 2043 978 2111 ἡμᾶς
996 2044 1411 2114 συναγορεύουσι
1447 2046 1606 2118 λόγῳ.
1627 2047 1689 2099 Εἰ
1714 2046 1821 2117 γὰρ
1838 2047 1959 2099 τότε

383 2127 637 2199 ἐγέννησε
669 2129 760 2183 τὸν
778 2130 926 2197 Υίὸν,
955 2133 1043 2186 ὅτε
1075 2133 1344 2202 ἐϐούλετο,
1368 2135 1550 2199 καθώς
1579 2153 1744 2208 φησιν
1764 2129 1964 2190 δ’ἀντί-

384 2221 569 2287 παλος,
599 2222 850 2276 ἐϐούλετο
897 2224 955 2276 δὲ
988 2228 1048 2277 τὸ
1081 2226 1284 2294 ἀγαθὸν
1311 2229 1398 2281 ἀεὶ
1421 2269 1434 2292 ,
1467 2228 1762 2299 σύνδρομος
1801 2228 1857 2280 δὲ
1895 2231 1958 2298 τῇ

386 2312 685 2383 βουλήσειὴ
716 2314 961 2386 δύναμις,
992 2318 1080 2370 ἀεὶ
1107 2319 1212 2388 ἄρα
1241 2321 1268 2370 ό
1296 2319 1419 2382 Υἰὺς
1454 2319 1587 2389 μετὰ
1619 2319 1712 2372 τοῦ
1754 2319 1964 2390 Πατρδς

385 2403 724 2474 νοηθήσεται,
765 2408 860 2458 τοῦ
900 2407 987 2459 ἀεὶ
1041 2408 1134 2460 καὶ
1178 2409 1498 2478 βουλομένου
1530 2409 1591 2461 τὸ
1633 2409 1830 2472 καλὸν,
1871 2409 1966 2460 καὶ

385 2495 680 2566 δυναμένου
715 2496 856 2566 ἔχειν
881 2497 908 2550 ὃ
941 2498 1208 2567 βούλεται.
1233 2500 1294 2552 Εἰ
1325 2499 1380 2552 δὲ
1401 2500 1507 2570 χρὴ
1529 2500 1622 2552 καὶ
1649 2500 1740 2552 τὸν
1770 2498 1966 2568 ἐφεξῆς

386 2588 550 2641 αὑτοῦ
576 2589 733 2654 λόγον
758 2594 1127 2660 προσαγαγεῖν
1152 2595 1217 2662 τῇ
1245 2593 1492 2664 ἀληθεία,
1522 2593 1704 2664 ῥᾴδιόν
1732 2595 1846 2646 ἐστι
1875 2592 1968 2645 καὶ

385 2676 574 2731 τοῦτον
602 2678 679 2748 τῷ
717 2679 836 2732 καθ’
870 2681 1016 2750 ἡμᾶς
1069 2683 1408 2753 συναρμόσαι
1442 2682 1704 2753 δόγματι,
1737 2683 1820 2736 ὅτι
1866 2701 1970 2754 μη-

387 2767 549 2838 δεμία
588 2771 714 2838 περὶ
762 2772 949 2824 τούτου
978 2771 1202 2844 ζήτησις
1230 2773 1370 2827 ἔστω
1401 2778 1514 2838 τοῖς
1560 2774 1852 2846 σώφροσιν,
1875 2774 1972 2831 Διὰ

388 2858 441 2912 τί
472 2859 546 2930 μὴ
577 2861 874 2930 πρότερον;
912 2862 977 2915 ’Ιί
1021 2864 1130 2934 γὰρ
1171 2864 1264 2916 τοῦ
1314 2866 1576 2938 πρότερον
1615 2867 1759 2932 λέξις
1794 2885 1980 2940 χρονιτ

2063 1779 2371 1826 mentorum
2404 1770 2649 1824 veritatis
2697 1767 3112 1838 applicabimus.
3149 1765 3218 1821 Ut
3249 1767 3410 1820 etiam
3439 1781 3504 1820 ex
3539 1767 3641 1819 hoc

2063 1863 2408 1932 perspicuum
2450 1863 2542 1925 sit,
2589 1876 2683 1917 eos
2713 1861 2916 1930 ubique
2955 1861 3120 1915 etiam
3168 1869 3386 1929 sponte,
3425 1859 3492 1912 ab
3523 1859 3640 1928 ipsa

2061 1955 2289 2008 veritate
2340 1962 2582 2018 coactos,
2644 1962 2836 2010 nostro
2876 1953 3213 2024 patrocinari
3267 1953 3533 2007 sermoni.
3585 1951 3641 2005 Si

2061 2046 2206 2100 enim
2269 2052 2399 2098 tunc
2425 2045 2966 2112 genuitFtliuincum
2992 2044 3188 2106 voluit,
3227 2044 3370 2098 sicut
3401 2043 3531 2096 dicit
3564 2058 3644 2096 re-

2061 2134 2374 2198 fractarius,
2423 2134 2596 2188 voluit
2626 2143 2806 2187 autem
2853 2148 3069 2202 semper
3103 2133 3327 2198 bonum,
3365 2131 3644 2185 concurrit

2063 2235 2246 2281 autem
2275 2227 2538 2281 voluntati
2572 2225 2838 2295 potentia,
2873 2240 3091 2294 semper
3130 2225 3298 2294 igitur
3327 2222 3499 2276 Filius
3519 2238 3642 2274 eum

2066 2319 2224 2372 Patre
2248 2318 2602 2387 intelligetur,
2635 2317 2726 2388 qui
2754 2331 2970 2386 semper
2993 2317 3105 2370 vult
3135 2317 3359 2378 bonum,
3393 2323 3445 2368 et
3470 2322 3646 2384 potest

2065 2409 2268 2464 habere
2315 2409 2461 2479 quod
2495 2409 2626 2462 vult.
2659 2408 2815 2474 Quod
2862 2409 2906 2462 si
2938 2417 3149 2477 oportet
3177 2416 3492 2477 sequentem
3526 2405 3645 2474 ejus

2068 2515 2372 2556 sermonem
2404 2498 2469 2554 ad
2507 2500 2790 2553 veritatem
2837 2499 3129 2564 adducere,
3165 2515 3272 2554 non
3303 2505 3384 2553 est
3415 2498 3643 2552 arduum

2067 2593 2230 2645 ctiam
2261 2591 2406 2644 hunc
2433 2597 2624 2644 nostro
2649 2589 2886 2661 dogmati
2915 2590 3195 2660 adaptare,
3221 2591 3364 2661 quod
3393 2589 3540 2643 nulla
3579 2590 3646 2642 de.

2071 2685 2174 2738 hoc
2195 2686 2337 2755 apud
2363 2685 2640 2739 medestus
2669 2684 2742 2738 sit
2772 2683 3166 2747 controversia,
3189 2680 3299 2736 Cur
3320 2697 3426 2736 non
3461 2681 3648 2750 prius?

2071 2771 2251 2826 Dictio
2280 2774 2422 2828 enim
2461 2772 2630 2842 prius,
2667 2772 3022 2842 temporalem
3059 2771 3347 2840 quemdam
3379 2770 3539 2824 habet
3571 2771 3648 2822 in-

2073 2866 2424 2929 dieationem,
2475 2881 2594 2935 quae
2637 2866 2934 2934 opponitur
2965 2865 3048 2918 bis
3078 2865 3328 2927 vocibus,
3361 2871 3550 2934 postea
3599 2871 3651 2914 et

393 2950 496 3018 κήν
521 2967 641 3003 τινα
663 2951 760 3021 τὴν
788 2951 1008 3019 ἔνδειξιν
1035 2953 1164 3024 ἔχει,
1190 2955 1729 3029 ἀντιδιαστελλομένη
1755 2960 1889 3029 πρὸς
1913 2960 1972 3011 τὸ

2076 2955 2366 3023 posterius.
2400 2955 2535 3007 (lum
2571 2963 2749 3008 autem
2786 2961 3000 3022 tempus
3032 2969 3139 3007 non
3169 2952 3350 3020 fuerit,
3379 2961 3650 3023 tempora

396 3039 534 3108 μετὰ
564 3040 736 3093 ταῦτα
763 3043 856 3094 καὶ
891 3042 1116 3115 ὕστερον
1145 3062 1157 3075 ·
1198 3046 1326 3099 ὃταν
1352 3047 1408 3100 δὲ
1437 3048 1624 3118 χρόνος
1657 3050 1730 3118 μὴ
1759 3044 1816 3120 ᾗ,
1852 3066 1974 3101 συν-

394 3132 628 3199 αιρεῖται
658 3132 873 3196 πάντως
896 3135 989 3188 καὶ
1011 3135 1106 3204 τῆς
1143 3137 1401 3209 χρονικῆς
1423 3139 1754 3203 διαστάσεως
1777 3140 1843 3192 τὰ
1863 3140 1975 3194 ὀνό-

399 3240 564 3292 ματα.
583 3224 742 3278 Ἀλλά
762 3225 867 3296 μὴν
886 3226 990 3297 πρὸ
1008 3228 1216 3298 χρόνων
1232 3230 1326 3283 καὶ
1345 3231 1449 3300 πρὸ
1466 3230 1677 3284 αἰώνων
1694 3232 1722 3284 ὁ
1738 3231 1939 3303 Κύριος
1958 3248 1972 3262 ·

397 3315 665 3385 ἄχρηστος
697 3318 803 3387 ἄρα
833 3321 942 3381 τοῖς
971 3319 1092 3373 νοῦν
1120 3319 1333 3391 ἔχουσιν
1371 3323 1462 3375 ἐπὶ
1492 3323 1583 3376 τοῦ
1615 3322 1837 3393 ποιητοῦ
1869 3321 1976 3375 τῶν

399 3407 641 3470 αἰώνων,
666 3410 698 3480 ἡ
728 3409 820 3462 τοῦ
861 3411 1122 3482 πρότερον
1160 3413 1254 3466 καὶ
1288 3413 1513 3485 ὕστερον
1544 3416 1789 3486 ζήτησις.
1828 3413 1977 3468 Κενὰ

399 3496 508 3568 γὰρ
541 3499 720 3570 πάσης
766 3499 999 3564 διανοίας
1042 3503 1157 3554 ἐστὶ
1196 3503 1266 3558 τὰ
1309 3504 1534 3559 τοιαῦτα
1561 3505 1669 3559 τῶν
1698 3499 1977 3576 ὀνομάτων

407 3589 481 3661 μὴ
507 3591 598 3644 ἐπὶ
637 3593 830 3665 χρόνου
879 3594 1165 3665 λεγόμενα.
1213 3595 1365 3650 Ἐπεὶ
1394 3592 1486 3651 οὖν
1506 3597 1612 3668 πρὸ
1639 3597 1746 3652 τῶν
1771 3599 1978 3668 χρόνων

402 3684 432 3735 ὁ
475 3683 700 3755 Κύριος,
737 3685 798 3738 τὸ
848 3687 1109 3757 πρότερον
1151 3687 1366 3752 πάντως
1400 3689 1494 3742 καὶ
1529 3689 1588 3741 τὸ
1623 3689 1846 3761 ὕστερον
1887 3691 1980 3744 ἐπὶ

403 3775 567 3827 αὑτοῦ
601 3774 785 3846 χώραν
826 3777 925 3830 οὐκ
954 3777 1087 3847 ἕχει.
1129 3778 1280 3848 Τάχα
1314 3780 1411 3848 μὲν
1444 3779 1658 3852 ἀπόχρη
1683 3782 1778 3834 καί⁹
1810 3781 1982 3834 ταῦτα

405 3868 542 3938 πρὸς
571 3869 881 3940 ἀνατροπὴν
912 3869 1020 3923 τῶν
1059 3857 1120 3922 οὐ
1156 3870 1423 3940 δεομένων
1461 3872 1554 3924 τοῦ
1595 3872 1984 3943 προσπαλαίον-

404 3976 515 4024 τος,
547 3959 660 4012 ἀλλ’
690 3960 794 4013 ὑπὸ
830 3962 930 4029 τῆς
976 3962 1110 4025 ίδίας
1153 3961 1330 4014 αὐτῶν
1366 3963 1582 4026 ἀτονίας
1614 3965 1981 4017 καταπιπτόν-

405 4067 533 4103 των.
583 4051 678 4114 Τίς
728 4050 835 4122 γὰρ
873 4053 1132 4107 τοσοῦτον
1165 4053 1417 4125 εὗσχολος
1469 4057 1534 4108 ὲκ
1578 4054 1686 4107 τῶν
1723 4055 1817 4108 τοῦ
1866 4056 1981 4127 βίου

409 4142 727 4212 φροντίδων,
751 4142 826 4206 ὡς
854 4145 947 4196 ἐπὶ
975 4145 1226 4199 τοσοῦτον
1257 4147 1448 4200 ἑαυτὸν
1475 4147 1656 4200 δοῦναι
1687 4151 1753 4219 τῇ
1785 4148 1986 4218 ἀκροά-

409 4245 492 4281 σει
529 4232 626 4300 τῆς
660 4247 718 4282 τε
757 4232 1114 4302 ματαιότητος
1145 4235 1254 4287 τῶν
1286 4234 1617 4290 ὑπεναντίων
1652 4235 1847 4304 λόγων,
1891 4238 1985 4290 καὶ

2077 3049 2142 3102 lis
2178 3047 2527 3102 discretionis
2581 3048 2804 3100 nomina
2853 3061 3080 3115 prorsus
3137 3047 3302 3100 simul
3362 3046 3649 3101 tolluntur.

2077 3140 2239 3208 Atqui
2275 3147 2401 3193 ante
2433 3148 2679 3208 tempora
2722 3146 2774 3193 et
2831 3148 2958 3193 ante
2998 3141 3196 3193 saecula
3232 3138 3527 3195 Dominus:
3572 3141 3656 3194 in-

2080 3231 2229 3285 utilis
2271 3230 2438 3300 igitur
2484 3237 2666 3284 mente
2701 3229 2942 3297 praeditis
2984 3229 3038 3282 in
3081 3229 3286 3284 factore
3332 3232 3653 3285 saeculorum

2079 3320 2281 3389 prioris
2328 3327 2382 3374 et
2434 3319 2756 3388 posterioris
2809 3318 3060 3387 quaestio.
3110 3317 3250 3372 Sunt
3290 3321 3434 3373 enim
3479 3321 3658 3374 omnis

2079 3409 2451 3482 intelligentiae
2481 3409 2667 3463 inania
2714 3409 2841 3462 talia
2889 3408 3129 3474 nomina,
3163 3423 3288 3462 cum
3317 3409 3384 3464 de
3419 3419 3661 3479 tempore

2080 3518 2192 3557 non
2221 3502 2498 3556 dicuntur.
2533 3501 2800 3567 Quoniam
2836 3501 2999 3571 igitur
3028 3509 3154 3555 ante
3185 3509 3427 3570 tempora
3475 3503 3657 3556 Domi-

2081 3612 2208 3661 nus,
2241 3596 2394 3666 prius
2421 3601 2571 3649 certe
2594 3601 2647 3648 et
2672 3593 2949 3663 posterius
2971 3593 3178 3646 nullum
3206 3609 3431 3662 prorsus
3461 3595 3513 3648 in
3544 3595 3662 3665 ipso

2081 3688 2260 3741 locum
2291 3686 2514 3741 habent.
2555 3683 2814 3740 Fortasse
2860 3686 2974 3739 haec
3013 3684 3289 3739 sufﬁciunt
3321 3685 3387 3738 ad
3427 3689 3664 3741 eversio--

2083 3790 2206 3828 nem
2229 3789 2417 3828 eorum
2447 3789 2570 3842 quae
2595 3773 2955 3828 colluctatore
2987 3788 3093 3827 non
3124 3774 3384 3844 indigent,
3421 3777 3512 3830 sed
3545 3793 3667 3846 quae

2084 3881 2182 3922 sua
2212 3866 2580 3921 imbecillitate
2611 3873 2898 3920 corruunt.
2931 3865 3030 3919 Cui
3065 3866 3210 3920 enim
3240 3875 3449 3921 tantum
3485 3869 3583 3924 abs
3605 3885 3666 3923 «re

2085 3971 2181 4011 sua
2204 3963 2257 4008 et
2284 3957 2434 4011 curis
2461 3955 2556 4010 otii
2584 3966 2688 4020 est,
2726 3965 2784 4008 ut
2819 3957 3060 4025 seipsum
3095 3958 3402 4012 auditorem
3430 3960 3665 4026 praebeat

2084 4048 2344 4104 vanitatis
2367 4062 2682 4103 sermonum
2715 4047 2820 4102 sibi
2845 4050 3286 4118 repugnantium,
3316 4058 3481 4119 atque
3503 4051 3666 4105 etiam

2087 4150 2286 4196 nostrae
2317 4148 2508 4195 contra
2539 4155 2626 4195 res
2650 4154 2822 4194 vanas
2841 4147 2895 4194 et
2927 4139 3114 4194 futiles
3147 4155 3337 4210 pugnae
3361 4157 3456 4196 seu
3487 4142 3667 4212 dispu-

2087 4232 2340 4286 tationis?
2369 4230 2475 4286 Sed
2498 4232 2758 4302 quoniam
2787 4232 3062 4300 impietate
3083 4231 3499 4300 praeoccupatis,
3522 4234 3668 4286 velut

408 4319 505 4388 τῆς
538 4320 809 4391 ἡμετέρας
829 4322 964 4393 πρὸς
985 4323 1052 4376 τά
1075 4323 1277 4394 μάταια
1307 4326 1606 4396 πράγματα
1641 4327 1820 4398 μάχης
1839 4345 1852 4391 ;
1872 4327 1974 4380 ἀλλ

2093 4321 2336 4392 quaedam
2367 4337 2488 4391 quae
2520 4338 2626 4376 non
2659 4329 2836 4391 potest
2863 4321 2971 4376 elui
3001 4323 3261 4385 tinctura,
3296 4330 3350 4375 et
3387 4322 3537 4378 fraus
3587 4325 3670 4378 in-

410 4412 597 4484 ὲπειδὴ
625 4418 736 4477 τοῖς
765 4415 1220 4486 προειλημμένοις
1249 4419 1313 4486 τῇ
1346 4416 1590 4487 ἀσεϐείᾳ,
1622 4417 1874 4488 καθάπερ
1907 4436 1990 4482 τις

409 4503 719 4568 δευσοποιὸς
753 4505 899 4576 βαφὴ
919 4545 933 4567 ,
961 4506 1054 4559 καὶ
1082 4506 1430 4570 δυσέκνιπτος
1456 4509 1488 4577 ή
1520 4510 1700 4580 ἀπάτη
1723 4549 1736 4572 ,
1772 4509 1865 4562 καὶ
1901 4509 1988 4562 διὰ

414 4595 610 4664 βάθους
653 4599 774 4660 ταῖς
823 4599 1072 4667 καρδίαις
1125 4597 1489 4666 ἐγκέκαυται,
1535 4602 1727 4670 μικρὸν
1779 4601 1859 4653 ἔτι
1913 4600 1989 4670 τῷ

412 4687 554 4756 λόγῳ
575 4688 1102 4761 προσδιατρίψωμεν,
1122 4691 1174 4744 εἷ
1195 4709 1311 4754 πως
1334 4690 1691 4760 δυνηθείημεν
1708 4693 1804 4763 τῆς
1825 4710 1992 4764 πονη-

418 4781 515 4848 ρᾶς
565 4779 766 4850 ταύτης
814 4780 1028 4851 κηλίδος
1067 4783 1246 4836 αὐτῶν
1290 4781 1390 4844 τὰς
1441 4781 1617 4852 ψυχὰς
1654 4785 1986 4854 ἀπορῤύψαι.

414 4869 595 4924 Εἰπὼν
647 4870 754 4941 γὰρ
804 4870 872 4924 τά
913 4872 1208 4942 εἰρημένα,
1255 4873 1350 4925 καὶ
1397 4873 1688 4942 ἐπαγαγὼν
1745 4875 1989 4940 τούτοις,

415 4961 556 5014 κατά
585 4961 674 5014 τὸν
700 4961 987 5033 παιδευτὴν
1025 4953 1187 5016 αὑτοῦ
1227 4963 1544 5035 Προύνικον,
1585 4967 1993 5039 ἀσυναρτήτους

415 5051 564 5115 τινὰς
594 5052 689 5105 καὶ
731 5052 1106 5124 ἀναρμόστους
1137 5052 1347 5124 ὓϐρεών
1369 5071 1427 5105 τε
1457 5054 1552 5108 καὶ
1589 5055 1992 5128 λοιδορημάτων

415 5142 664 5208 όκτάδας,
684 5145 776 5198 ἐπὶ
788 5144 880 5198 τὸν
903 5143 1184 5214 κολοφῶνα
1213 5144 1320 5197 τῶν
1337 5145 1779 5217 ἐπιχειρημάτων
1799 5149 1991 5219 μετέρ-

418 5253 593 5304 χεται,
621 5237 715 5290 καὶ
736 5235 1050 5291 καταλιπὼν
1081 5238 1178 5308 τὴν
1215 5237 1598 5306 ἀσυλλόγιστον
1633 5239 1732 5308 τῆς
1768 5242 1992 5308 ματαιόο

415 5341 578 5396 τητος
606 5326 839 5392 ἔκθεσιν,
873 5326 1034 5384 πάλιν
1061 5331 1174 5390 τοῖς
1224 5328 1469 5398 κέντροις
1505 5328 1605 5397 τῆς
1647 5327 1990 5400 διαλεκτικῆς

419 5417 754 5480 καθοπλίσας
776 5419 866 5471 τὸν
893 5418 1070 5486 λόγον,
1095 5418 1624 5487 συλλογιστικῶς,ὡς
1652 5419 1840 5488 οἴεται,
1873 5423 1993 5474 καθ’

419 5509 576 5580 ἡμῶν
598 5509 996 5575 κατασκευάζει
1027 5511 1088 5564 τὸ
1117 5510 1335 5566 ἄτοπον.

494 5599 646 5668 Ἔχει
687 5599 743 5653 δὲ
792 5599 964 5663 οὕτως
1020 5603 1054 5670 ἡ
1109 5601 1252 5665 λέξις
1315 5618 1330 5631 ·
1393 5603 1602 5672 Πάσης
1658 5604 1995 5673 γεννήσεως

423 5690 533 5744 οὐκ
569 5689 662 5743 ἐπ’
691 5689 935 5758 ἄπειρον
960 5691 1398 5761 ἐκτεινομένης,
1439 5695 1582 5762 ἀλλ’,
1606 5696 1691 5761 εἷς
1722 5713 1773 5748 τι
1816 5696 1986 5757 τέλος

660 5783 931 5846 Ρλτιιοι..
971 5787 1087 5847 Gn.
1129 5786 1318 5846 XLV.

2094 4413 2384 4483 expiabilis
2424 4422 2478 4468 et
2518 4411 2854 4482 profundum
2894 4413 3154 4468 cordibus
3183 4413 3364 4468 inusta
3409 4422 3513 4479 est,
3567 4431 3668 4470 nos

2091 4505 2370 4576 paululum
2403 4504 2582 4558 adhuc
2609 4504 2662 4558 in
2701 4504 2804 4558 hoc
2841 4519 3093 4559 sermone
3140 4505 3572 4571 immorabimur,
3621 4508 3667 4561 si

2091 4608 2201 4663 quo
2243 4592 2403 4646 modo
2445 4593 2512 4646 ab
2564 4593 2666 4646 bae
2699 4593 2819 4647 labe
2857 4593 3116 4662 ipsorum.
3145 4595 3361 4648 animas
3394 4596 3668 4664 possimus

2092 4684 2272 4740 eluere
2321 4689 2375 4739 et
2407 4684 2707 4754 detergere.
2744 4682 2878 4736 Cum
2915 4683 3058 4737 enim
3105 4684 3424 4753 protulisset
3450 4701 3512 4741 ea
3551 4704 3671 4755 qua:

2092 4785 2222 4832 sunt
2253 4776 2417 4840 dicta,
2451 4787 2614 4845 atque
2647 4776 2809 4830 etiam
2847 4774 3188 4844 subjungens
3224 4775 3554 4844 induxisset,
3588 4796 3672 4831 se.-

2092 4868 2330 4922 cundum
2362 4867 2730 4922 institutorem
2761 4882 2920 4922 suum
2957 4865 3272 4934 Prunieum,
3315 4869 3672 4924 inconcinnas

2093 4959 2356 5030 quasdam
2395 4963 2717 5030 ineptasque
2768 4967 2821 5014 et
2848 4961 3184 5029 ineongruas
3217 4963 3671 5017 contumeliarum

2095 5063 2149 5109 et
2172 5055 2550 5109 conviciorum
2569 5053 2814 5119 octadas,
2842 5061 2955 5108 tum
2977 5053 3195 5110 demum
3222 5056 3288 5110 ad
3313 5057 3672 5126 colophonetn

2098 5144 2631 5214 argumentationum
2673 5144 2892 5211 transit,
2933 5153 2987 5201 et
3030 5146 3216 5201 relicta
3258 5146 3674 5200 ratiocinatione

2097 5243 2316 5291 carente
2361 5237 2619 5291 vanitatis
2658 5239 3020 5307 expositione,
3071 5253 3262 5292 rursus
3312 5236 3518 5291 aculeis
3556 5237 3674 5290 dia-

2097 5329 2301 5383 lectica:
2365 5343 2618 5383 sermone
2670 5337 2901 5394 armato,
2963 5329 3316 5398 syllogistice,
3379 5333 3439 5379 ut
3498 5335 3672 5395 putat,

2097 5432 2292 5478 contra
2325 5440 2426 5478 nos
2457 5423 2558 5478 hoc
2586 5423 2883 5478 absurdum
2917 5420 3216 5490 praestruit.

2166 5606 2256 5661 Sic
2294 5608 2437 5662 enim
2476 5606 2638 5662 habet
2672 5603 2838 5657 dictio
2872 5621 2884 5655 :
2917 5601 3049 5657 Cum
3082 5601 3250 5654 omnis
3279 5602 3542 5670 generatio
3572 5616 3675 5654 non

2101 5698 2414 5753 extendatur
2445 5697 2498 5750 in
2530 5696 2820 5759 inﬁnitum,
2873 5693 2961 5748 sed
2995 5693 3049 5748 in
3083 5691 3308 5760 aliquem
3344 5695 3496 5760 ﬁnem
3531 5690 3674 5744 desi-

3243 5789 3319 5844 9.53

3519 296 3622 350 sto
3721 283 3726 290 '
