4046 6150
261 263 294 294 “
369 265 465 321 8H

1602 271 1658 325 S.
1691 269 2015 326 GREGURII
2053 265 2348 322 NYSSENI

3519 275 3624 329 εις

373 392 501 438 nat:
537 403 738 441 necesse
783 399 858 441 est
893 389 1101 440 omnino
1147 404 1232 442 eos
1261 389 1349 457 qni
1391 389 1514 444 Filii
1557 392 1927 460 generationem

2043 389 2524 458 καταληγούσης,
2557 387 2786 458 ἀνάγκη
2839 389 3006 444 πᾶσα
3036 389 3131 446 καὶ
3174 394 3318 460 τοὺς
3362 397 3624 462 παραδε-

372 478 719 544 admiserunt,
754 488 875 531 tunc
902 496 1133 533 cessasse
1176 483 1437 549 generari,
1481 498 1640 552 neque
1674 482 1741 535 ad
1791 484 1938 550 prin-

370 571 564 638 cipium
592 570 970 624 incredibiliter
1003 589 1056 624 se
1082 571 1270 627 habere
1298 589 1501 637 eorum,
1534 591 1648 643 quae
1674 574 1935 628 desierunt

369 661 631 728 generari.
661 662 805 729 quies
832 662 1011 729 firmat
1043 663 1390 732 generationis
1416 673 1462 716 et
1493 663 1777 733 generandi
1799 664 1937 732 prin-

367 752 592 819 cipium:
635 768 724 806 nec
769 753 848 804 Itis
887 753 1041 820 ﬁdem
1071 753 1342 806 detrahere
1371 753 1511 814 licet.
1558 771 1675 808 cum
1718 768 1782 808 ex
1824 756 1937 820 ipsa

368 854 581 905 natura,
608 853 714 896 tum
741 846 898 897 etiam
925 861 989 897 ex
1014 847 1203 899 divinis
1233 847 1451 916 legibus.
1482 846 1749 912 Quoniam
1774 846 1937 915 igitur

366 934 665 988 secundum
699 936 1018 1004 sapientiam
1050 953 1237 990 eorum
1264 938 1352 1004 qui
1385 938 1568 990 talinru
1603 921 1758 1006 periti
1786 945 1931 999 sunt,

366 1025 604 1079 universi
657 1029 1026 1095 propositione
1080 1029 1379 1096 praemissa,
1424 1045 1516 1098 per
1565 1027 1931 1081 inductionem

365 1127 685 1185 prmstruere
737 1129 966 1172 conatur
1013 1119 1066 1173 id
1109 1119 1255 1188 quod
1307 1118 1648 1188 proponitur,
1697 1115 1933 1186 generali

362 1207 737 1275 propositione
792 1210 1170 1276 particularem
1219 1208 1740 1263 demonstrationem
1787 1221 1934 1259 com-

360 1296 734 1362 prehendens:
766 1298 916 1367 prius
941 1299 1082 1366 quod
1109 1300 1415 1353 universale
1436 1305 1518 1352 est
1544 1297 1929 1366 intelligamus:

360 1387 556 1441 deinde
579 1389 657 1443 sic
686 1404 873 1443 eorum
905 1406 1022 1460 qua:
1044 1391 1379 1444 inducuntur
1403 1390 1506 1442 vim
1535 1389 1927 1443 examinemus.

360 1477 438 1528 An
478 1477 624 1545 pium
665 1486 746 1532 est
775 1494 838 1532 ex
871 1479 1018 1532 omni
1049 1480 1396 1548 generatione
1428 1480 1587 1533 etiam
1619 1477 1737 1530 Filii
1780 1485 1931 1530 ante-

358 1579 613 1621 αξιοι-ηοω
639 1571 1039 1638 generationem
1066 1569 1341 1625 indicare?
1366 1571 1444 1623 An
1470 1570 1631 1623 etiam
1658 1567 1929 1638 Unigeniti

359 1660 691 1713 exsistentia‘,
713 1676 1059 1715 communem
1092 1671 1338 1716 naturam
1381 1662 1693 1732 magistram
1735 1674 1932 1728 propo-

2041 480 2337 548 ξαμένους
2373 479 2478 534 τοῦ
2541 480 2675 532 Υίοῦ
2725 479 2837 546 τὴν
2890 482 3132 549 γένεσιν
3156 523 3171 545 ,
3206 484 3338 535 τότε
3393 484 3625 539 πεπαῦ-

2039 575 2177 624 σθαι
2208 571 2422 624 τοῦτον
2458 570 2858 640 γεννώμενον,
2889 570 3045 640 μηδὲ
3083 571 3235 640 πρὸς
3271 571 3386 640 τὴν
3424 573 3626 641 ἀρχὴν

2015 661 2303 726 ,ἀπίστως
2327 661 2491 730 ἔχειν
2522 660 2643 714 τῶν
2667 661 3071 730 παυσαμένων
3105 663 3210 715 τοῦ
3261 661 3612 731 γεννᾶσθαι,

2039 751 2241 806 παῦλα
2267 752 2580 806 πιστοῦται
2615 751 2726 821 τῆς
2762 769 2825 805 τε
2858 751 3199 821 γεννήσεως
3221 753 3321 805 καὶ
3345 753 3452 808 τοῦ
3481 771 3625 822 τεν-

2036 843 2253 898 νᾶσθαι
2307 845 2423 912 τὴν
2456 845 2694 913 ἀρχὴν,
2751 845 2850 898 καὶ
2903 847 3134 910 τούτοις
3178 847 3456 904 ἀπιστεῖν
3506 851 3622 901 οὐκ

2035 935 2226 999 ἔστιν,
2255 937 2323 989 ἐκ
2364 953 2427 989 τε
2461 935 2568 1002 τῆς
2605 939 2843 1006 φύσεως
2881 936 3101 1006 αὐτῆς,
3125 936 3213 991 ἔτι
3252 935 3318 989 δὲ
3358 938 3455 992 καί
3499 938 3623 991 τῶν

2037 1026 2209 1080 θείων
2237 1029 2451 1096 νόμων.
2503 1029 2720 1099 Ἐπειδὴ
2753 1029 2931 1082 τοίνυν
2979 1029 3118 1081 κατὰ
3149 1028 3246 1098 τὴν
3280 1030 3471 1097 σοφίαν
3508 1030 3621 1082 τῶν

2036 1117 2102 1168 τὰ
2132 1117 2349 1172 τοιαῦτα
2387 1118 2605 1182 δεινῶν,
2637 1120 2696 1171 τὸ
2741 1119 2965 1172 καθόλου
3014 1119 3298 1190 προσθεὶς,
3340 1120 3620 1188 ἐπαγωγί-

2037 1207 2146 1270 κῶς
2169 1208 2594 1272 κατασκευάζειν
2611 1209 2876 1278 ἐπιχειρεί
2905 1207 2965 1260 τὸ
2986 1208 3361 1276 προκείμενον,
3381 1209 3619 1280 ἐμπεριπ-

2035 1295 2326 1364 λαμϐάνων
2367 1299 2432 1366 τῇ
2474 1299 2663 1366 γενικῇ
2693 1297 2953 1364 προτάσει
2987 1296 3082 1364 τὴν
3128 1295 3221 1347 ἐπὶ
3255 1295 3451 1364 μέρους
3478 1297 3619 1351 ἀπό-

2035 1386 2233 1450 δειξιν,
2283 1389 2547 1458 πρότερον
2591 1388 2652 1440 τὸ
2711 1388 2934 1441 καθόλου
3002 1388 3429 1458 κατανοήσωμεν
3471 1383 3614 1441 ἐἷθ’

2035 1477 2203 1540 οὕτως
2251 1478 2346 1549 τὴν
2389 1478 2497 1531 τῶν
2554 1479 2906 1548 ἐπαγομένων
2965 1478 3308 1548 ἐξετάσωμεν
3361 1477 3612 1546 δύναμιν.

2033 1564 2157 1638 *ιΑρ’
2193 1570 2413 1633 εὐσεϐές
2469 1572 2613 1623 ἐστιν
2674 1571 2736 1621 ἐκ
2797 1570 2973 1638 πάσης
3012 1569 3316 1639 γεννήσεως
3365 1569 3457 1620 καὶ
3516 1567 3616 1620 τοῦ

2036 1661 2167 1714 Υίοῦ
2211 1661 2586 1732 τεκμήρασθαι
2614 1663 2712 1732 τὴν
2741 1661 3058 1731 ’προαιωνιον
3098 1661 3308 1728 γένεσιν
3334 1677 3346 1724 ;
3383 1661 3487 1712 Καὶ
3512 1660 3618 1728 τὴν

358 1763 486 1802 nere
507 1752 756 1819 Oportet?
786 1752 896 1821 Ego
917 1751 1133 1820 quidem
1165 1753 1436 1806 neminem
1465 1767 1529 1806 eo
1555 1753 1780 1805 insania:
1809 1768 1927 1806 ven-

2033 1751 2215 1822 κοινὴν
2249 1750 2409 1819 φύσιν
2441 1751 2754 1805 διδάσκαλον
2784 1752 2881 1821 τῆς
2911 1751 3004 1803 τοῦ
3053 1749 3395 1818 Μονογενοῢς
3438 1750 3616 1818 ὑπάρ-

356 1848 540 1894 turum
572 1858 694 1896 esse
718 1844 1073 1911 speraverint,
1111 1851 1165 1896 ut
1197 1845 1303 1898 tale
1326 1843 1453 1913 quid
1476 1851 1665 1897 contra
1689 1842 1928 1896 divinam

321 1935 760 2002 'gencrationem
797 1936 1128 2004 cogitatione
1158 1936 1432 1990 informet.
1478 1934 1691 2002 Omnis,
1728 1935 1927 2004 inquit,

353 2026 633 2091 generatio
681 2026 732 2078 in
790 2025 1060 2080 infinitum
1107 2042 1214 2081 non
1261 2027 1592 2082 extenditur.
1644 2027 1929 2092 Quodnam

353 2120 437 2166 est
471 2115 842 2181 generationis
883 2115 1290 2184 significatum?
1320 2117 1403 2168 An
1431 2131 1687 2170 carneam
1720 2124 1773 2168 et
1805 2130 1928 2170 cor-

354 2215 572 2270 poream
605 2204 1018 2272 conceptionem
1050 2204 1202 2267 dicit,
1239 2205 1322 2259 vel
1356 2205 1778 2259 inanimatornm
1808 2220 1932 2258 con-

351 2293 708 2347 structionem
729 2293 750 2345 ?
771 2293 874 2347 Sed
907 2295 1273 2365 corporalium
1308 2296 1718 2364 generationum
1758 2297 1929 2350 mani-

354 2381 472 2437 festi
501 2391 630 2437 sunt
653 2382 890 2441 affectus
915 2401 1054 2454 quos
1077 2386 1260 2441 nullus
1283 2387 1347 2440 ad
1377 2387 1618 2440 divinam
1654 2388 1928 2454 operatio-

351 2492 471 2528 nem
499 2475 842 2531 transferret.
870 2477 1045 2547 Atque
1065 2488 1122 2533 ut
1146 2494 1254 2532 non
1283 2489 1494 2533 naturae
1529 2493 1694 2548 opera
1721 2478 1930 2534 descri-

351 2568 526 2621 bentlo
545 2583 725 2622 sermo
749 2585 1190 2638 supervacaneus
1211 2587 1331 2626 esse
1355 2570 1623 2634 videatur,
1649 2572 1762 2625 haec
1797 2571 1927 2624 talia

348 2660 563 2714 silentio
598 2661 834 2714 involuta
857 2663 1282 2730 praeteribilnus:
1311 2664 1552 2732 cujusvis
1576 2665 1719 2718 enim
1749 2672 1928 2716 mente

351 2751 560 2820 praediti
603 2768 726 2806 esse
760 2755 1017 2817 arbitror,
1069 2770 1098 2807 a
1134 2756 1316 2825 seipse
1346 2770 1676 2825 cognoscere
1705 2770 1924 2817 causas,

349 2844 650 2899 secundum
683 2861 820 2914 quas
843 2848 1121 2915 generatio
1145 2849 1476 2913 extenditur,
1503 2865 1563 2904 ea
1589 2865 1781 2919 nempe
1808 2866 1929 2919 qua:

347 2938 536 3004 incipit
564 2946 613 2992 et
642 2938 878 2992 desinit:
920 2940 1139 3010 longum
1167 2941 1311 2996 enim
1339 2949 1484 2996 esset
1513 2949 1566 2995 et
1591 2943 1924 3012 superfluum

2034 1843 2168 1908 ξεως
2203 1841 2598 1914 προϐάλλεσθαι
2637 1845 2740 1912 χρή
2768 1859 2781 1905 ;
2831 1841 2970 1909 Ἐγὼ
3002 1841 3101 1910 μὲν
3134 1842 3234 1893 οὐκ
3260 1839 3326 1893 ἂν
3356 1840 3447 1892 ἐπὶ
3485 1856 3614 1891 τοσ-

2033 1935 2185 1987 οῦτον
2226 1934 2398 1988 ἐλθεῖν
2426 1951 2545 1987 τινα
2597 1933 2792 2004 μανίας
2841 1932 3146 2003 ἐλπίσαιμι,
3177 1933 3252 1996 ὡς
3295 1933 3532 1986 τοιοῦτόν
3559 1949 3614 1984 τι

2033 2029 2174 2081 κατὰ
2205 2030 2304 2099 τῆς
2352 2029 2502 2094 θείας
2540 2030 2633 2082 καὶ
2678 2029 2953 2098 ἀκηράτου
3003 2029 3375 2099 φαντασθῆναι
3414 2029 3613 2096 γεννή-

2035 2138 2186 2183 σεως.
2220 2121 2402 2183 Πᾶσα,
2433 2121 2597 2189 φησὶ,
2625 2119 2874 2188 γέννησις
2922 2119 3021 2170 οὐκ
3054 2119 3138 2170 ἐπ’
3183 2119 3407 2186 ἄπειρον
3436 2117 3616 2171 ἐκτεί-

2032 2230 2200 2264 νεται.
2234 2211 2298 2264 Τί
2326 2211 2384 2264 τὸ
2413 2211 2512 2279 τῆς
2555 2210 2856 2281 γεννήσεως
2884 2211 2997 2262 ἐστι
3039 2209 3468 2280 σημαινόμενονς
3497 2210 3611 2279 Τὴν

2034 2304 2282 2376 σαρκώδη
2332 2305 2426 2358 καὶ
2485 2306 2797 2374 σωματικὴν
2851 2303 3154 2374 ἀποκύησιν
3212 2303 3460 2372 λέγει,ἢ
3509 2305 3612 2371 τὴν

2033 2397 2372 2467 κατασκευὴν
2405 2397 2513 2450 τῶν
2535 2397 2786 2467 adnixa»);
2822 2397 2979 2449 Ἀλλὰ
3009 2398 3116 2449 τῶν
3149 2398 3246 2466 μὲν
3281 2397 3612 2466 σωματικῶν

2032 2489 2333 2559 γεννήσεων
2368 2489 2575 2556 φανερὰ
2605 2488 2672 2541 τὰ
2727 2489 3045 2558 παθήματα,
3076 2487 3220 2556 ἆπερ
3263 2487 3363 2540 οὐκ
3412 2487 3476 2540 ἄν
3522 2504 3610 2546 τις

2032 2582 2123 2634 ἐπὶ
2151 2582 2246 2652 τὴν
2277 2581 2426 2634 θείαν
2457 2581 2706 2650 γέννησιν
2744 2583 3057 2654 μεταφέροι.
3092 2580 3192 2634 Καὶ
3228 2581 3303 2647 ὡς
3332 2579 3396 2633 ἂν
3429 2581 3502 2651 μὴ
3537 2582 3612 2632 τὰ

2030 2671 2126 2740 τῆς
2157 2671 2368 2740 φύσεως
2418 2671 2552 2741 ἔργα
2597 2671 2911 2742 διαγράφων
2936 2675 2962 2725 ὁ
2997 2672 3150 2739 λόγος
3197 2672 3489 2742 παρέλκειν
3517 2672 3612 2723 δο-

2031 2765 2176 2833 κοίη,
2202 2766 2376 2834 σιωπῇ
2411 2764 2477 2815 τὰ
2521 2762 2742 2817 τοιαῦτα
2787 2763 3266 2834 παρελευσόμεθα’
3294 2763 3497 2826 παντὸς
3532 2760 3614 2815 οἷ-

2035 2874 2130 2927 μαι
2153 2855 2246 2909 τοῦ
2270 2873 2332 2924 γε
2375 2855 2495 2908 νοῦν
2525 2856 2864 2926 ἔχοντος,άφ“
2899 2855 3090 2908 ἐαυτοῦ
3123 2854 3481 2924 γινώσκοντος
3509 2855 3614 2917 τὰς

2030 2949 2208 3008 αἰτίας
2229 2948 2350 3001 καθ’
2367 2946 2432 3012 ἃς
2461 2949 2492 3018 ἡ
2523 2947 2775 3017 γέννησις
2796 2964 2869 2999 πα
2877 2947 3199 3017 ρειτείνεται,
3216 2947 3310 3000 καὶ
3330 2946 3608 3016 ἀρχομένη

349 3028 513 3083 simul
547 3030 730 3084 omnia
765 3039 1021 3084 accurata
1063 3032 1364 3088 subtilitate
1414 3041 1467 3088 et
1518 3034 1794 3105 diligentia
1833 3052 1926 3089 ex-

2032 3042 2123 3095 καὶ
2164 3041 2436 3111 λήγουσαο
2463 3039 2670 3110 μακρόν
2705 3039 2812 3109 γάρ
2839 3039 2904 3092 ἂν
2945 3041 3027 3110 εἴη
3073 3039 3164 3092 καὶ
3213 3037 3463 3109 περιττὸν
3491 3038 3614 3107 ἅμα

347 3137 570 3191 pcnere,
605 3122 982 3191 generantium
1010 3138 1385 3194 congressum,
1419 3131 1472 3179 et
1511 3125 1568 3179 in
1604 3125 1924 3189 visceribus,

347 3215 465 3280 ejus
518 3216 608 3285 qui
649 3223 940 3286 generatur
994 3215 1395 3280 formationem,
1453 3233 1614 3273 acres
1666 3219 1930 3288 parientis

346 3305 586 3371 dolores,
625 3315 860 3377 partum,
910 3307 1111 3372 locum,
1147 3316 1381 3376 tempus,
1431 3308 1548 3362 sine
1578 3307 1777 3376 quibus
1809 3322 1930 3361 cor-

346 3399 492 3468 poris
528 3403 807 3470 generatio
865 3408 1121 3455 constare
1150 3415 1258 3452 non
1302 3407 1506 3466 potest.
1565 3397 1695 3462 Qua:
1743 3399 1927 3451 omnia

344 3491 626 3561 aequaliter
679 3491 748 3544 ab
798 3490 1072 3560 Unigeniti
1135 3489 1490 3558 generatione
1553 3489 1736 3542 divina
1801 3497 1929 3541 sunt

346 3585 546 3636 aliena.
581 3581 638 3634 Si
670 3583 814 3634 enim
867 3596 1036 3633 unum
1091 3579 1224 3649 quid
1278 3579 1473 3634 horum
1525 3579 1712 3634 datum
1757 3588 1925 3642 esset,

346 3671 558 3740 reliqua
605 3669 788 3722 omnia
831 3668 1147 3723 necessario
1194 3675 1624 3737 consequentur.
1662 3668 1727 3722 Ut
1764 3668 1928 3738 igitur

346 3761 493 3816 omni
527 3759 861 3829 cogitatione
887 3758 1170 3815 affectibus
1207 3761 1462 3814 immersa
1493 3768 1824 3830 expurgetur
1852 3760 1928 3812 di-

350 3854 472 3907 vina
501 3852 782 3923 generatio
804 3892 818 3916 ,
863 3868 1039 3922 neque
1066 3852 1367 3907 intervallis
1395 3852 1706 3908 distinctam
1746 3853 1799 3906 in
1835 3853 1924 3906 illa

347 3943 725 4000 extensionem
757 3944 1144 4014 intelligamus.
1180 3942 1334 4008 Quod
1360 3945 1501 3998 enim
1534 3944 1726 4014 incipit
1752 3953 1804 3999 et
1837 3945 1927 3999 de-

349 4037 498 4099 sinit,
555 4035 608 4089 in
665 4035 901 4105 quadam
957 4035 1278 4090 extensione
1334 4050 1557 4104 prorsus
1620 4043 1921 4104 spectatur.

347 4116 542 4184 Omnis
578 4135 758 4183 autem
791 4127 1039 4182 extensio
1081 4126 1344 4196 temporis
1381 4141 1637 4181 mensura
1674 4141 1925 4194 compre-

349 4221 625 4277 henditur.
658 4220 794 4274 Cum
828 4227 1010 4273 autem
1042 4227 1258 4288 tempus
1285 4233 1392 4271 non
1423 4218 1515 4282 sit,
1551 4233 1662 4286 quo
1686 4226 1738 4272 et
1765 4217 1923 4272 linem

345 4321 399 4368 et
430 4314 757 4385 principium
786 4320 976 4381 partus
1007 4319 1283 4375 notamus,
1315 4306 1520 4364 vanum
1557 4308 1720 4364 fuerit
1761 4310 1920 4364 finem

2034 3132 2209 3186 πάντα
2260 3132 2324 3184 δι’
2359 3130 2640 3200 ἀκριϐείας
2689 3129 3028 3190 ἐκτίθεσθαι,
3081 3131 3178 3200 τὴν
3234 3130 3447 3184 σύνοδον
3496 3131 3614 3182 τῶν

2032 3222 2364 3292 γεννώντων,
2398 3221 2496 3290 τὴν
2537 3223 2594 3272 ὲν
2621 3223 2730 3284 τοῖς
2781 3222 3106 3291 σπλάγχνοις
3129 3221 3221 3275 τοῦ
3264 3222 3610 3292 γεννωμένου

2030 3315 2335 3378 διάπλασιν,
2367 3313 2466 3384 τὴν
2500 3312 2683 3376 ὠδῖνα,
2710 3313 2800 3366 τὸν
2827 3313 3004 3382 τόκον,
3029 3315 3121 3366 τὸν
3149 3315 3330 3378 τόπον,
3361 3315 3452 3368 τὸν
3479 3318 3612 3386 χρό-

2031 3427 2141 3474 νον,
2165 3401 2239 3460 ὧν
2267 3408 2393 3460 ἄνευ
2434 3405 2532 3458 οὐκ
2579 3405 2692 3458 ἐστι
2736 3406 2994 3474 συστῆναι
3037 3405 3288 3477 σώματος
3330 3407 3607 3478 γέννησιν.

2034 3496 2212 3565 "Amp
2245 3494 2438 3560 ἐπίσης
2466 3495 2643 3546 πάντα
2673 3492 2775 3561 τῆς
2805 3493 2956 3552 θείας
2980 3496 3284 3564 γεννήσεως
3311 3495 3406 3548 τοῦ
3433 3498 3611 3551 Μονο-

2031 3584 2221 3655 γενοῦς
2260 3584 2632 3656 ἠλλοτρίωται.
2654 3585 2714 3636 Ei
2742 3583 2850 3655 γὰρ
2885 3583 2942 3636 ἓν
2975 3602 3026 3637 τι
3057 3584 3258 3638 τούτων
3295 3585 3611 3660 δοθείη,καὶ

2030 3675 2098 3729 τὰ
2143 3674 2305 3728 λοιπᾶ
2343 3673 2485 3728 κατὰ
2525 3673 2700 3727 πάντα
2739 3674 2951 3743 ἀνάγκη
2995 3675 3474 3730 συνεισελεύσεται.
3517 3679 3610 3742 Ὡς

2032 3768 2098 3822 ἂν
2128 3762 2219 3820 οὖν
2250 3763 2544 3836 καθαρεύοι
2586 3763 2760 3833 πάσης
2799 3762 3078 3832 ἐμπαθοῦς
3127 3764 3362 3829 διανοίας
3409 3767 3441 3836 ἡ
3484 3767 3609 3820 θεία

2030 3859 2298 3929 γέννησις,
2353 3856 2473 3909 οὐδέ
2530 3855 2628 3924 τὴν
2681 3853 3112 3924 διαστηματικὴν
3160 3857 3478 3934 παράτασιν.
3516 3858 3607 3909 ἐπ’

2029 3953 2240 4020 ἐκείνης
2269 3950 2568 4020 νοήσωμεν.
2603 3947 2676 3999 Τὸ
2705 3945 2810 4014 γὰρ
2844 3947 3142 4018 ἀρχόμενον
3173 3950 3268 4001 καὶ
3298 3951 3610 4020 παυόμενον

2027 4045 2086 4096 ἐν
2115 4041 2420 4112 παρατάσει
2446 4041 2552 4092 τινὶ
2582 4040 2863 4111 θεωρεῖται
2884 4039 3119 4103 πάντως.
3159 4041 3315 4093 Πᾶσα
3342 4041 3398 4094 δὲ
3428 4044 3610 4113 παρά-

2026 4151 2181 4197 τασις
2229 4132 2405 4204 χρόνῳ
2445 4131 2817 4202 διαμετρεῖται
2837 4148 2852 4162 ο
2892 4117 3084 4201 χρόνου
3127 4131 3183 4184 δὲ
3232 4131 3306 4203 μὴ
3349 4133 3521 4197 ὄντος,
3561 4128 3607 4201 ᾧ

2028 4227 2121 4279 καὶ
2158 4225 2308 4288 τέλος
2337 4223 2432 4276 τοῦ
2459 4222 2619 4275 τόκου
2644 4225 2736 4275 καὶ
2764 4221 2937 4292 ἀρχὴν
2965 4221 3358 4293 σημειούμεθα,
3376 4223 3607 4293 μάταιον

2029 4317 2091 4370 ἂν
2115 4318 2199 4386 εἴη
2224 4315 2372 4376 τέλος
2394 4314 2485 4367 καὶ
2513 4313 2686 4386 ἀρχὴν
2707 4314 2798 4366 ἐπὶ
2818 4313 2918 4384 τῆς
2946 4313 3267 4387 ἀδιαστάτου
3297 4316 3605 4384 γεννήσεως

343 4415 400 4462 et
453 4406 780 4477 principium
832 4404 885 4458 in
935 4404 1291 4474 generatione
1333 4403 1674 4457 dimensione
1703 4410 1924 4456 carente

2030 4405 2470 4467 ἐννοεῖν,οὑδενὸς
2498 4404 2885 4474 εὑρισκομένου
2914 4404 3278 4474 σημειωτικοῦ
3307 4406 3400 4476 νοή
3411 4422 3603 4475 ματος.

346 4499 671 4570 intelligere,
698 4512 824 4551 cum
857 4497 1008 4551 nulla
1035 4497 1345 4551 inveniatur
1379 4511 1499 4566 quas
1529 4495 1708 4566 signet
1747 4496 1922 4559 notio,

347 4611 522 4664 neque
555 4595 607 4647 in
639 4609 748 4663 quo
780 4592 992 4660 incipit,
1027 4607 1205 4659 neque
1232 4591 1297 4644 ad
1333 4589 1479 4659 quod
1512 4589 1736 4644 desinit.
1767 4587 1924 4654 Quod

345 4689 389 4742 si
427 4687 492 4739 ad
526 4686 854 4739 inanimatas
883 4691 1166 4737 creaturas
1198 4683 1398 4744 cernit,
1427 4689 1481 4736 et
1516 4681 1570 4734 in
1600 4681 1704 4734 illis
1734 4681 1924 4736 eodem

348 4774 510 4828 modo
537 4785 592 4828 et
620 4776 795 4836 locus,
817 4781 870 4827 et
904 4781 1140 4842 tempus,
1171 4782 1224 4826 et
1257 4774 1504 4834 materia,
1531 4781 1584 4826 et
1605 4779 1924 4842 apparatus,

347 4877 400 4921 et
441 4865 671 4920 facultas
705 4875 822 4921 arte
853 4865 1155 4935 operantis,
1189 4866 1465 4932 multaque
1505 4865 1632 4917 talia
1689 4879 1926 4920 concur-

349 4958 544 5019 rentia,
591 4955 642 5010 id
690 4957 835 5026 quod
877 4959 935 5011 ﬁt
970 4957 1036 5011 ad
1087 4955 1477 5028 perfectionem
1527 4957 1822 5011 adducunt.
1859 4957 1926 5011 Et

345 5051 608 5122 quoniam
643 5065 767 5102 cum
789 5049 1045 5104 omnibus
1066 5066 1185 5118 qua:
1217 5065 1310 5119 per
1332 5049 1735 5120 generationem
1765 5049 1922 5111 fiunt,

347 5143 573 5198 oniuino
613 5141 775 5196 simul
815 5139 1127 5192 extenditur
1160 5147 1395 5208 tempus,
1437 5148 1490 5194 et
1535 5140 1925 5209 praestructiva:

345 5238 512 5290 etiam
543 5233 613 5290 ad
662 5233 713 5288 id
752 5230 898 5302 quod
927 5229 1156 5284 efﬁcitur
1187 5233 1507 5285 occasiones
1555 5232 1716 5284 simul
1760 5230 1924 5282 intel-

350 5328 611 5395 liguntur,
636 5342 758 5378 cum
790 5339 856 5378 eo
872 5321 1016 5391 quod
1046 5330 1284 5385 creatur,
1313 5321 1428 5375 sive
1443 5320 1572 5390 quid
1594 5320 1919 5383 animatum,

350 5419 462 5470 sive
481 5418 838 5469 inanimalum
855 5414 946 5477 sit,
973 5410 1263 5466 manifesta
1278 5410 1402 5464 licet
1420 5410 1686 5474 invenire,
1710 5420 1763 5464 et
1779 5410 1926 5480 prin-

349 5524 366 5558 ι
385 5511 486 5574 ipia
514 5524 569 5560 in
599 5510 771 5572 bis,et
790 5518 1033 5561 extrema
1051 5504 1480 5560 constitutionis.
1513 5503 1724 5558 Etenim
1747 5511 1920 5558 mate-

353 5600 444 5649 ria:
462 5599 637 5665 copia,
660 5600 985 5668 principium
1002 5599 1123 5667 ejus
1140 5598 1282 5667 quod
1301 5597 1642 5651 construitur
1659 5595 1912 5659 edicitur,

353 5695 404 5740 et
423 5686 594 5739 locale
631 5688 901 5754 quoddam
940 5691 1154 5759 signum
1197 5691 1344 5760 quod
1379 5698 1594 5760 tempus
1631 5689 1915 5759 consequi-

2026 4497 2146 4552 οὔτε
2181 4499 2238 4552 ἐν
2258 4491 2303 4565 ᾧ
2331 4496 2576 4567 ἄρχεται,
2613 4495 2737 4549 οὔτε
2772 4498 2852 4560 είς
2878 4497 2906 4549 ὃ
2931 4497 3247 4566 καταλήγει.
3286 4497 3349 4549 Εἰ
3380 4497 3438 4549 δὲ
3465 4497 3604 4568 πρὸς

2025 4591 2094 4644 τὰ
2147 4589 2328 4659 ἄψυχα
2382 4586 2490 4640 τῶν
2539 4577 2874 4658 κτισμάτων
2914 4589 3048 4658 ὁρᾷ,
3099 4587 3195 4640 καὶ
3249 4589 3336 4640 ἐπ’
3377 4588 3604 4640 ἐκείνων

2026 4680 2303 4742 ὡσαύτως,
2331 4679 2424 4732 καὶ
2455 4678 2638 4742 τόπος,
2671 4679 2763 4732 καὶ
2791 4679 2998 4750 χρόνος,
3021 4678 3115 4731 καὶ
3158 4677 3280 4748 ὕλη,
3301 4677 3396 4731 καὶ
3423 4695 3605 4750 παρα-

2028 4773 2230 4845 σκευὴ,
2259 4773 2350 4826 καὶ
2378 4771 2605 4842 δύναμις
2653 4771 2746 4823 τοῦ
2796 4771 3226 4842 τεχνιτεύοντος,
3275 4772 3370 4825 καὶ
3432 4773 3602 4824 mihi

2025 4865 2248 4918 τοιαῦτα
2273 4862 2644 4933 συνδραμόντα
2665 4861 3032 4933 τελεσιουργεί
3064 4863 3124 4918 τὸ
3161 4865 3465 4933 γινόμενον.
3492 4865 3604 4917 Καὶ

2027 4955 2148 5009 ἐπεὶ
2193 4955 2325 5006 πᾶσι
2367 4954 2480 5014 τοῖς
2511 4951 2810 5022 γινομένοις
2842 4953 3338 5023 συμπαρατείνεται
3383 4953 3600 5014 πάντως

2024 5053 2050 5103 ὁ
2070 5048 2281 5120 χρόνος,
2313 5047 2406 5100 καὶ
2435 5046 2490 5098 αἱ
2524 5047 3022 5098 κατασκευαστικαὶ
3045 5047 3180 5116 πρὸς
3215 5045 3277 5098 τὺ
3315 5045 3600 5116 γινόμενον

2023 5139 2271 5210 ἀφορμαὶ
2299 5135 2734 5190 συνεπινοοῧνται
2773 5134 2938 5188 παντὶ
2985 5137 3063 5206 τῷ
3115 5136 3453 5207 κτιζομένῳ·
3495 5137 3599 5189 κᾶν

2024 5230 2265 5300 ἔμψυχόν
2294 5247 2368 5291 τι,
2399 5228 2499 5282 κᾶν
2526 5227 2727 5296 ἄψυχον
2754 5221 2814 5300 ᾗ,
2850 5230 3086 5296 φανερὰς
3124 5225 3270 5280 ἔστιν
3294 5228 3475 5298 εὑρεῖν
3506 5229 3599 5281 καὶ

2021 5325 2120 5388 τὰς
2149 5323 2324 5393 ἀρχὰς
2355 5321 2448 5374 ἐπὶ
2472 5318 2675 5373 τούτων
2713 5319 2805 5371 καὶ
2839 5318 2939 5382 τὰς
2990 5318 3247 5382 τελευτάς
3282 5320 3381 5389 τῆς
3413 5319 3595 5372 συστά-

2024 5431 2178 5476 σεως.
2225 5413 2334 5466 Καὶ
2378 5412 2488 5481 γὰρ
2527 5409 2621 5464 καὶ
2650 5407 2779 5478 ὕλης
2809 5408 3075 5480 πορισμὸς
3114 5409 3255 5478 ἁρχὴ
3296 5408 3390 5461 τοῦ
3428 5425 3594 5461 κατ-ας

2023 5506 2397 5575 σκευάσματος
2448 5503 2674 5572 γίνεται,
2725 5500 2817 5554 καὶ
2851 5501 3074 5555 τοπικόν
3125 5519 3176 5554 τι
3230 5504 3455 5570 σημεῖον
3506 5499 3597 5552 καὶ

2025 5596 2313 5652 ἀκόλουθον
2345 5595 2551 5665 χρόνον.
2600 5593 2786 5648 Πάντα
2821 5592 2992 5647 ταῦτα
3032 5592 3132 5657 τὰς
3174 5595 3348 5666 ἀρχὰς
3395 5593 3492 5645 καὶ
3529 5592 3594 5642 τά

2022 5689 2148 5760 τέλη
2179 5689 2288 5752 τοῖς
2316 5686 2620 5756 γινομένοις
2648 5683 2840 5756 ὁρίζει,
2877 5685 2969 5738 καὶ
2988 5684 3087 5737 οὐκ
3117 5684 3180 5737 ἄν
3201 5699 3283 5747 τις
3305 5681 3447 5738 εἴποι
3480 5697 3596 5734 κοι-
