4034 6156
367 273 472 329 813

1489 280 1769 338 CONTRA
1810 281 2196 348 EUNOMIUM,
2243 283 2369 335 LIB.
2403 281 2488 336 IX.

3516 268 3619 323 SH

365 389 563 445 νωνίαν
617 388 756 459 ἔχειν
794 390 913 442 τινὰ
944 391 1114 445 ταῦτα
1152 395 1285 463 πρὸς
1332 395 1430 465 τὴν
1471 397 1795 468 προαιὼνιον
1839 398 1933 451 τοῦ

2056 409 2102 452 ιιι
2114 414 2160 451 r.
2184 397 2309 452 Haec
2333 396 2514 450 omnia
2532 390 2797 465 principia
2813 400 2866 446 et
2890 389 3026 444 ﬁnes
3049 388 3132 442 his
3151 402 3269 458 qua
3288 385 3419 439 ﬁunt
3443 386 3623 440 deter-

370 481 690 553 μονογενοῦς
730 480 864 534 Θεοῦ
897 480 1150 553 ὕπαρξιν.
1190 485 1352 538 Ὥστε
1384 486 1473 541 διὰ
1520 487 1628 541 τῶν
1660 483 1760 542 ὧδε.
1801 490 1933 542 θεω-

371 573 665 644 ρουμένων,
697 572 868 644 ἀρχήν
900 590 1020 627 τινα
1063 577 1155 628 καὶ
1186 575 1337 640 τέλος
1370 579 1460 631 ἐπὶ
1499 579 1599 649 τῆς
1637 582 1937 651 γεννήσεως

365 662 581 730 ἐκείνης
616 660 1048 728 ἀναλογίζεσθαι.

433 844 653 899 Τούτων
679 841 770 899 οὖν
805 847 936 917 ἡμῖν
963 845 1105 901 οὕτω
1134 848 1496 921 διῃρημένων,
1530 835 1688 901 πάλιν
1733 850 1821 902 τὸν
1852 851 1938 902 λι]-

365 954 457 1006 γον
486 937 594 989 τῶν
621 936 874 991 ἐναντίων
899 942 1336 1010 κατανοήσωμεν.
1357 940 1562 1011 Πάσης,
1583 943 1732 1011 φησὶ,
1753 945 1940 1012 γεννή-

369 1046 506 1092 σεως
537 1029 637 1082 ούκ
657 1031 744 1082 ἐπ’
767 1031 990 1102 ἄπειρον
1025 1033 1425 1102 ἐκτεινομένης,
1448 1031 1561 1085 ἀλλ’
1603 1032 1683 1096 εἵς
1711 1051 1763 1085 τι
1789 1033 1940 1096 τέλος

369 1118 804 1191 καταληγούσης.
846 1122 1060 1192 Ἐπειδὴ
1115 1122 1291 1175 τοίνυν
1332 1123 1579 1192 νενόηται
1602 1123 1662 1175 τὸ
1689 1122 1788 1192 τῆς
1821 1141 1942 1191 γεν-

369 1213 574 1282 νήσεως
620 1212 1035 1282 σημαινόμενον,
1062 1212 1184 1266 ’καθ’
1224 1213 1488 1283 ἑκατέραν
1530 1212 1772 1279 ἔννοιαν,
1833 1217 1941 1268 εἴτε

367 1302 463 1374 τὴν
485 1301 786 1373 ἀποκύησιν
805 1304 912 1356 τῶν
940 1305 1281 1374 σωματικῶν,
1315 1309 1426 1362 εἴτε
1482 1305 1580 1376 τὴν
1602 1307 1943 1374 κατασκευήν

368 1394 540 1448 ἐθέλοι
571 1395 678 1447 τῶν
703 1395 1016 1462 κτισμάτων
1038 1395 1113 1466 τῷ
1135 1396 1359 1467 τοιούτῳ
1381 1397 1661 1467 σημαίνειν
1686 1396 1906 1468 ὀνόματι
1928 1412 1942 1426 ο

369 1481 443 1543 ὧν
481 1487 760 1557 οὐδέτερον
801 1488 893 1539 ἐπὶ
934 1488 1032 1557 τῆς
1065 1488 1344 1559 ἀκηράτου
1374 1489 1587 1557 φύσεως
1627 1488 1724 1560 τὴν
1758 1505 1946 1541 κοινω-

371 1578 486 1631 νίαν
516 1578 645 1648 ἔχει,
669 1578 922 1650 ἀλλοτρία
946 1578 1208 1632 δέδεικται
1240 1579 1331 1632 τοῦ
1365 1579 1724 1652 προκειμένου
1750 1581 1783 1650 ή
1810 1580 1946 1650 πρό-

371 1684 550 1731 τασις·
583 1668 642 1720 ού
670 1667 776 1739 γάρ
798 1668 986 1738 ἐπειδὴ
1030 1670 1180 1722 πᾶσα
1223 1669 1438 1740 ποίησίς
1469 1687 1526 1721 τε
1570 1670 1664 1722 καὶ
1697 1669 1945 1740 γέννησις

371 1758 450 1821 εἷς
468 1775 520 1809 τι
545 1759 838 1830 καταλήγει
876 1760 1069 1831 πέρας,
1096 1761 1307 1831 ἀνάγκη
1343 1762 1513 1824 πᾶσα,
1536 1759 1718 1824 καθὼς
1745 1761 1947 1823 ἐκεῖνος

372 1848 793 1911 κατασκευάζει,
813 1849 1050 1912 καὶτοὺς
1079 1850 1553 1920 παραδεξαμένους
1577 1849 1669 1903 τοῦ
1702 1849 1830 1902 Υίοῦ
1853 1850 1950 1918 τὴν

373 1939 645 2008 γέννησιν,
674 1939 880 2003 διπλοῖς
908 1941 1077 2011 αὐτὴν
1115 1941 1314 2011 πέρασι
1364 1941 1744 2010 περιγράφειν,
1777 1940 1950 2010 ἀρχὴν

376 2031 470 2084 καὶ
499 2031 649 2095 τέλος
666 2033 752 2085 ἐπ’
777 2033 946 2103 αὐτῆς
968 2031 1297 2096 ἐννοοῦντας.
1324 2033 1474 2088 Μόνα
1499 2033 1604 2103 γὰρ
1632 2033 1698 2085 τὰ
1727 2031 1952 2102 πηλικό-

374 2139 496 2192 τητι
524 2124 886 2195 γεγραμμένα
908 2125 1035 2189 τινἰ,
1071 2127 1164 2178 καὶ
1188 2115 1410 2196 ἄρχεται
1439 2125 1714 2196 γινόμενα,
1749 2125 1840 2176 καί¹
1873 2125 1951 2186 εἰς

377 2215 548 2286 πέρας
575 2215 749 2286 λήγει.
778 2218 886 2269 Καὶ
921 2217 982 2270 τὸ
1010 2219 1074 2269 ὲκ
1105 2216 1198 2270 τοῦ
1227 2217 1418 2287 χρόνου
1462 2216 1655 2286 μέτρον
1689 2215 1764 2284 τῷ
1802 2213 1952 2283 ποσῷ

375 2305 468 2359 τοῦ
495 2307 832 2376 γεννωμένου
859 2308 1335 2378 παρατεινόμενον,
1366 2308 1462 2378 τὴν
1488 2306 1662 2378 ἀρχὴν
1688 2306 1836 2376 παρὰ
1857 2304 1949 2356 τοῦ

377 2396 560 2460 τέλους
585 2399 817 2467 διῖστησι
850 2397 926 2469 τῷ
963 2399 1162 2469 μεταξὺ
1186 2400 1533 2470 διαστήματι.
1565 2398 1637 2451 Τὸ
1667 2397 1723 2450 δὲ
1753 2397 1952 2449 ἄποσον

380 2489 472 2542 καὶ
493 2490 830 2555 ἀδιάστατον,
849 2491 964 2554 πῶς
977 2492 1044 2546 ἄν
1063 2509 1142 2556 τις
1159 2493 1191 2564 ἢ
1210 2490 1570 2562 μετρήσειενῆ
1591 2489 1949 2558 διαστήσειεν;

381 2581 538 2635 Ποῖον
567 2583 660 2635 ἐπὶ
683 2581 777 2636 τοῦ
808 2584 1013 2637 ὰπόσου
1053 2585 1248 2658 μέτρον
1275 2583 1520 2654 εὑρὼν,ἦ
1547 2585 1694 2634 ποῖον
1730 2581 1822 2632 ἐπὶ
1856 2579 1951 2632 τοῦ

376 2671 693 2726 ἀδιαστάτου
706 2673 892 2745 διάστη
901 2692 1006 2744 μα;
1025 2674 1149 2736 Πῶς
1170 2675 1227 2728 δέ
1248 2693 1329 2738 τις
1349 2675 1407 2728 τὸ
1426 2675 1677 2742 ἀόριστον
1700 2671 1840 2724 τέλει
1860 2672 1954 2723 καὶ

378 2765 518 2835 ἀρχῇ
546 2764 900 2835 διαλήψεταιῑ
945 2766 1110 2837 Ἀρχὴ
1142 2767 1250 2834 γὰρ
1284 2767 1377 2820 καὶ⁵
1403 2766 1570 2828 τέλος,
1599 2765 1705 2817 τῶν
1733 2763 1953 2831 διαστση·⁵

381 2855 629 2924 ματικῶν
656 2856 906 2924 περάτων
923 2856 1370 2927 (α).Δταστάσεως
1383 2856 1438 2909 δὲ
1457 2854 1530 2924 μὴ
1545 2854 1733 2925 ούσης,
1752 2853 1871 2906 οὐδὲ
1895 2854 1954 2905 τὸ

383 2945 555 3014 πέρας
609 2945 786 2999 ἐστίν’
815 2945 952 2998 ἀλλὰ
1013 2944 1116 3015 μὴν
1146 2943 1460 3008 ἀδιάστατος
1505 2947 1538 3014 ὴ
1586 2944 1703 2997 θεία
1758 2945 1952 3012 φύσιςο

2040 491 2270 552 minant,
2293 489 2582 557 nullusque
2609 483 2826 548 dixerit,
2852 482 2967 537 haec
2990 481 3227 549 aliquam
3252 477 3449 533 habere
3473 493 3624 533 com-

2039 580 2352 635 munionem
2395 594 2526 636 cum
2565 584 2892 631 antemterna
2935 570 3209 642 Unigcniti
3245 568 3624 625 subsistentia.

2040 671 2114 724 ita
2141 683 2196 726 ut
2214 687 2307 741 per
2343 672 2590 739 haecque:
2607 669 2688 725 sic
2715 673 3032 736 spectantur
3060 662 3387 732 principium
3409 661 3626 731 aliquod

2040 770 2093 814 et
2120 760 2278 828 ﬁnem
2308 761 2359 814 in
2390 762 2477 813 illa
2504 758 2857 829 generatione
2882 760 3132 823 oporteat
3158 751 3339 805 animo
3365 749 3627 818 cogitare.

2113 858 2209 914 llis
2235 861 2400 928 igitur
2433 873 2461 910 a
2490 856 2651 910 nobis
2680 855 2760 909 sic
2787 851 3088 912 distinctis.
3125 865 3322 904 rursus
3361 847 3626 904 refracta-

2041 953 2245 1007 riorum
2275 939 2582 1004 se'rmonem
2621 944 2982 1014 pensitemns.
3017 939 3150 994 Cum
3187 937 3386 1000 omnis,
3423 937 3624 1006 inquit.

2041 1041 2322 1112 generatio
2353 1053 2460 1092 non
2499 1037 2551 1090 in
2589 1033 2858 1088 inﬁnitum
2905 1030 3252 1090 extendatur,
3310 1029 3404 1083 sed
3442 1028 3494 1081 in
3527 1029 3625 1080 ali-

2043 1146 2204 1201 quem
2258 1133 2417 1183 tinem
2461 1127 2692 1182 desinat.
2729 1123 2999 1190 Quoniam
3050 1122 3214 1190 igitur
3255 1121 3623 1190 generationis

2045 1221 2408 1292 signiﬁcatum
2445 1220 2497 1273 in
2532 1228 2764 1288 utroque
2791 1232 2958 1272 sensu
2986 1215 3323 1268 intellectum
3365 1222 3467 1277 est,
3513 1215 3628 1266 sive

2045 1313 2414 1383 corporalium
2445 1318 2794 1380 conceptum,
2828 1309 2944 1364 sive
2967 1321 3158 1362 eorum
3184 1322 3306 1375 qua:
3327 1315 3442 1359 arte
3468 1307 3622 1365 liunt,

2047 1405 2174 1458 velit
2227 1403 2331 1457 hoc
2364 1402 2458 1456 tali
2506 1401 2727 1456 nomine
2776 1397 3247 1454 constructionem
3283 1395 3620 1465 signiﬁcare:

2047 1508 2278 1564 quorum
2314 1499 2570 1547 neutrum
2618 1491 2670 1545 in
2706 1487 2999 1544 immortali
3031 1495 3227 1542 natura
3276 1486 3628 1541 communio-

2048 1598 2170 1638 nem
2198 1582 2378 1648 habet,
2413 1581 2588 1635 aliena
2621 1594 2847 1649 prorsus
2879 1594 2906 1631 a
2938 1577 3190 1646 subjecto
3221 1574 3524 1645 propositio
3545 1583 3630 1627 est

2050 1677 2451 1732 demonstrata:
2492 1688 2599 1728 non
2630 1672 2775 1726 enim
2805 1671 3067 1741 quoniam
3109 1669 3292 1723 omnis
3325 1667 3541 1722 eﬁ‘ectio
3575 1676 3631 1719 ct

2051 1769 2327 1840 generatio
2377 1768 2428 1820 in
2466 1766 2700 1836 aliquem
2733 1764 2992 1819 desinunt
3033 1761 3350 1822 terminum,
3405 1758 3630 1814 omnino

2052 1877 2274 1918 necesse
2291 1868 2397 1922 est,
2421 1858 2562 1913 sicut
2589 1858 2680 1912 ille
2700 1855 2998 1925 praestruit,
3023 1861 3076 1908 et
3101 1868 3194 1907 eos
3218 1851 3308 1921 qui
3337 1848 3458 1904 Filii
3478 1865 3632 1920 gene-

2053 1950 2318 2004 rationem
2353 1933 2746 2017 appiobarunt,
2780 1945 2996 1999 duobus
3031 1943 3205 2013 ipsam
3241 1939 3493 1995 terminis
3523 1939 3632 1991 cir-

2052 2041 2440 2107 cumscribere,
2483 2039 2812 2109 principium
2845 2049 2898 2092 et
2934 2036 3094 2092 ﬁnem
3123 2043 3304 2089 mente
3320 2033 3632 2102 concipien-

2053 2139 2156 2188 tes.
2196 2131 2270 2186 Ea
2320 2131 2464 2184 enim
2516 2130 2632 2184 sola
2667 2143 2788 2198 quae
2815 2128 3122 2197 quantitate
3163 2126 3346 2194 aliqua
3394 2125 3632 2179 circum-

2053 2223 2393 2286 scribuntur,
2427 2230 2481 2276 et
2513 2221 2783 2290 incipiunt
2816 2218 2956 2283 ﬁeri,
2986 2225 3040 2273 et
3074 2219 3128 2270 in
3161 2217 3456 2272 terminum
3487 2213 3633 2269 desi-

2052 2321 2208 2367 nunt.
2239 2313 2300 2366 Et
2325 2329 2444 2382 qua:
2468 2323 2707 2382 tempore
2731 2321 2947 2366 constat
2968 2324 3244 2375 mensura,
3271 2308 3402 2362 dum
3428 2315 3634 2376 quanto

2053 2405 2173 2472 ejus
2227 2405 2372 2474 quod
2446 2411 2760 2473 generatur,
2819 2401 3156 2464 extenditur,
3215 2400 3547 2469 principium
3604 2417 3633 2450 ει

2056 2495 2162 2551 ﬁne
2204 2495 2528 2549 intermedio
2576 2493 2865 2548 intervallo
2903 2492 3212 2564 distinguit.
3253 2491 3410 2558 Quod
3447 2499 3631 2544 autem

2055 2587 2376 2658 quantitatis
2423 2593 2509 2642 est
2560 2599 2780 2655 expers,
2823 2593 2876 2639 et
2910 2584 3252 2640 dimensione
3294 2590 3467 2645 caret,
3499 2597 3636 2652 quo-

2055 2679 2215 2734 modo
2259 2679 2382 2748 quis
2431 2679 2513 2733 vel
2547 2677 2798 2732 metietur
2837 2677 2920 2731 vel
2947 2675 3286 2746 distinguet?
3327 2675 3634 2740 Quamnam

2054 2771 2108 2825 in
2143 2786 2252 2826 non
2285 2777 2493 2840 quanto
2531 2783 2864 2834 mensuram,
2902 2768 2987 2822 vel
3016 2768 3291 2838 quodnam
3319 2768 3373 2821 in
3401 2781 3467 2821 co
3490 2766 3636 2836 quod

2055 2859 2257 2913 nullam
2290 2858 2452 2913 habet
2490 2857 2906 2921 dimensionem,
2949 2857 3295 2912 intervallum
3326 2855 3636 2911 invenerit?

2057 2947 2338 3013 Quomodo
2366 2948 2511 3016 quod
2544 2947 2815 3001 inlinitum
2851 2954 2955 3010 est,
2995 2948 3102 3001 ﬁne
3134 2955 3186 3001 et
3218 2946 3495 3016 principio
3525 2945 3638 3000 dis.

380 3037 700 3099 ἀδιάστατος
720 3036 776 3090 δὲ
805 3031 960 3100 οὖσα,
987 3035 1157 3106 πέρας
1188 3037 1287 3088 οὐκ
1313 3035 1444 3105 ἔχει.
1479 3036 1550 3087 Τὸ
1581 3035 1636 3088 δὲ
1665 3036 1951 3106 ἀπεράτω-

2059 3037 2282 3106 pescet?
2325 3035 2459 3091 Nam
2507 3038 2836 3109 principium
2867 3046 2918 3091 et
2967 3037 3090 3092 ﬁnis
3163 3046 3292 3093 sunt
3339 3037 3407 3091 de
3437 3051 3639 3104 genere

311 3179 314 3181 .
376 3147 492 3191 τον,
525 3129 752 3197 ἄπειρον
802 3129 915 3182 ἔστι
960 3146 1018 3181 τε
1071 3130 1160 3180 καὶ
1213 3128 1448 3196 λέγεται.
1472 3126 1717 3182 Μάταιον
1755 3129 1865 3199 ἄρα
1899 3128 1958 3179 τὸ

379 3221 603 3290 ἄπειρον
632 3221 771 3292 ἀρχῇ
801 3221 893 3274 καὶ
918 3220 1138 3291 τελευτῇ
1168 3220 1530 3292 περιγράφειν
1554 3235 1565 3247 ’
1591 3220 1651 3273 τὸ
1679 3221 1787 3291 γὰρ
1810 3238 1962 3292 περιο

379 3312 760 3383 γεγραμμένον
799 3311 1024 3383 ἄπειρον
1067 3307 1204 3365 εἶναι
1241 3312 1302 3365 οὐ
1342 3310 1584 3365 δύναται.
1609 3310 1777 3364 Πόθεν
1805 3307 1900 3366 οὖν
1933 3314 1962 3362 ὁ

379 3402 722 3467 Πλατωνικὸς
750 3395 904 3468 οὗτος
931 3404 1155 3474 Φαῖδρος
1205 3403 1273 3456 τὰ
1301 3403 1428 3473 περὶ
1470 3403 1644 3474 ψυχῆς
1663 3405 1780 3456 ἐκεῖ
1811 3403 1961 3472 φιλο-

381 3493 683 3565 σοφηθέντα
700 3494 778 3564 τῷ
806 3495 1050 3549 Πλάτωνι
1078 3497 1187 3556 τοῖς
1238 3493 1385 3557 ἰδίοις
1415 3493 1676 3563 δόγμασιν
1718 3495 1956 3564 ἀσυναρ-

377 3587 555 3656 τήτως
583 3586 880 3656 έκράπτει;
926 3587 1011 3649 Ὠς
1042 3585 1150 3657 γὰρ
1181 3587 1386 3649 ἐκεῖνος
1427 3585 1544 3637 ἐκεῖ
1590 3583 1806 3638 παῦσαν
1837 3582 1958 3637 εἶπε

381 3679 666 3749 κινήσεως,
701 3677 842 3730 οὓτω
890 3676 1104 3730 παῦσαν
1143 3676 1237 3729 καὶ
1266 3667 1418 3738 οὗτος
1451 3677 1752 3746 γεννήσεως
1786 3677 1958 3729 εἰπεῖν

380 3769 748 3841 ἐπεθύμησεν,
779 3769 853 3832 ὡς
875 3769 938 3823 ἂν
974 3769 1097 3831 τοὺς
1139 3767 1399 3838 ἀπείρους
1428 3766 1630 3818 τούτων
1654 3769 1774 3831 ταῖς
1814 3768 1958 3820 Πλα-

379 3867 636 3928 τωνικαῖς
664 3862 1051 3932 καλλιφωνίαις
1093 3860 1566 3931 περιϐομϐήσειεν.
1601 3861 1710 3913 Καὶ
1751 3859 1959 3922 τούτοις

379 3957 628 4010 άπιστεῖν
669 3957 770 4009 οὐκ
808 3955 923 4007 ἔστι
948 3995 961 4014 ,
999 3953 1182 4022 φησιν,
1218 3951 1280 4004 έκ
1312 3968 1372 4003 τε
1396 3951 1496 4019 τῆς
1526 3950 1740 4019 φύσεως
1767 3950 1956 4020 αὐτῆς,

378 4049 462 4102 ἔτι
491 4049 549 4102 δὲ
575 4050 668 4102 καὶ
693 4047 800 4100 τῶν
834 4045 992 4100 θείων
1016 4045 1314 4115 ὀνομάτων.
1353 4041 1489 4096 Ἀλλ’
1517 4044 1549 4113 ἠ
1576 4043 1674 4112 μὲν
1700 4041 1862 4111 φύσις
1896 4044 1959 4094 ἐκ

379 4140 489 4194 τῶν
532 4140 835 4213 εἰρημένων
868 4139 965 4191 οὐκ
1016 4137 1324 4201 ἀξιόπιστος
1353 4138 1432 4198 εἰς
1471 4133 1817 4186 διδασκαλίαν
1861 4133 1959 4202 τῆς

382 4233 534 4294 θείας
565 4232 869 4302 γεννήσεως
920 4232 1050 4302 ἡμῖν
1093 4227 1458 4298 ἀναπέφηνεν.
1511 4224 1646 4278 Οὐδὲ
1686 4225 1734 4277 εί
1757 4223 1849 4277 τὸν
1874 4224 1961 4276 κό-

385 4338 520 4390 σμον
551 4338 635 4384 τις
667 4319 828 4374 αὑτὸν
857 4322 938 4381 εἰς
973 4318 1272 4385 ὑπόδειγμα
1313 4316 1466 4389 φέρει
1492 4315 1585 4368 τοῦ
1613 4314 1799 4382 λόγου·
1840 4313 1961 4366 ἐπεὶ

2062 3128 2417 3183 terminorum
2448 3144 2570 3200 quae
2601 3129 2903 3184 intervallis
2933 3128 3368 3201 distinguuntur.
3408 3129 3512 3186 Ubi
3540 3146 3640 3184 au-

2063 3229 2171 3276 tem
2202 3221 2347 3274 nulla
2373 3228 2458 3275 est
2489 3219 2778 3284 dimensio,
2811 3235 2989 3289 neque
3023 3222 3288 3276 terminus
3341 3234 3458 3282 est:
3491 3225 3642 3293 atqui

2061 3312 2242 3367 divina
2277 3321 2471 3366 natura
2501 3323 2650 3366 caret
2679 3311 3039 3368 dimensione.
3071 3313 3207 3366 Cum
3239 3323 3419 3366 autem
3453 3315 3526 3367 sit
3557 3316 3643 3367 in-

2064 3403 2351 3458 terminata
2383 3411 2439 3458 et
2465 3402 2824 3458 dimensionis
2861 3417 3078 3472 expers,
3121 3402 3281 3458 ﬁnem
3313 3417 3422 3457 non
3453 3403 3637 3458 habet.

2062 3494 2219 3561 Quod
2251 3496 2394 3550 enim
2429 3495 2836 3552 interniinatum
2861 3501 2964 3554 est,
2998 3493 3269 3549 inﬁnitum
3305 3504 3390 3550 est
3420 3505 3474 3549 et
3505 3494 3644 3549 dici-

2063 3599 2171 3642 tur.
2203 3586 2414 3642 Vanum
2449 3594 2532 3642 est
2561 3587 2725 3658 igitur
2756 3584 3025 3656 principio
3052 3595 3106 3641 et
3133 3586 3240 3640 ﬁne
3273 3585 3422 3656 quod
3456 3585 3643 3640 inﬁni-

2064 3688 2177 3732 tum
2226 3687 2312 3733 est
2346 3678 2821 3734 circumscribere.
2871 3675 3030 3745 Quod
3079 3678 3226 3734 enim
3284 3681 3642 3734 circumscri-

2062 3777 2215 3840 ptum
2259 3775 2362 3832 est,
2417 3769 2689 3823 inﬁnitum
2728 3784 2849 3824 esse
2881 3785 2990 3824 non
3033 3776 3232 3839 potest.
3283 3769 3436 3825 Unde
3471 3771 3639 3840 igitur

2061 3857 2152 3912 hic
2180 3856 2440 3912 Phaedrus
2475 3856 2812 3920 Platonicus,
2845 3873 2965 3928 quae
2994 3859 3060 3914 de
3092 3860 3275 3914 animo
3319 3860 3431 3915 illic
3463 3861 3641 3931 philo-

2061 3950 2288 4019 sophice
2318 3956 2550 4004 tractata
2579 3958 2706 4005 sunt
2730 3965 2758 4002 a
2777 3949 3027 4016 Platone,
3062 3951 3178 4006 suis
3204 3952 3438 4008 decretis
3463 3953 3644 4020 inepte

2059 4051 2111 4098 ct
2144 4041 2567 4111 incongruenter
2597 4042 2815 4096 assuit?
2851 4051 2906 4096 ut
2937 4043 3081 4098 enim
3113 4044 3206 4098 ille
3226 4045 3485 4100 motionis
3518 4059 3644 4114 pau-

2061 4147 2201 4194 sam,
2239 4129 2293 4184 id
2316 4137 2420 4196 est,
2449 4131 2685 4200 quietem
2719 4131 2828 4185 illic
2857 4130 3015 4194 dixit,
3046 4132 3125 4186 sic
3154 4132 3316 4184 etiam
3349 4131 3450 4184 istc
3478 4147 3643 4200 gene-

2061 4224 2294 4281 rationis
2346 4223 2586 4292 requiem
2624 4224 2738 4281 sire
2794 4223 2951 4279 linem
2988 4223 3171 4278 dicere
3215 4223 3550 4291 concupivit,
3586 4233 3643 4276 ut

2064 4318 2256 4370 borum
2301 4315 2466 4369 rudes
2497 4323 2549 4368 et
2595 4315 2814 4383 ignaros
2843 4313 2928 4368 bis
2971 4313 3312 4382 elegantibus
3349 4312 3641 4367 Platonicis

382 4413 475 4466 καὶ
500 4413 564 4482 τῇ
593 4411 782 4465 τούτου
813 4410 987 4463 κτίσει
1012 4407 1192 4471 καθὼς
1225 4409 1282 4460 ἐν
1311 4410 1376 4477 τῇ
1406 4406 1780 4477 Κοσμογενείᾳ
1810 4406 1953 4476 παρᾶ

2069 4408 2296 4462 vocibus
2325 4407 2674 4462 bombilaret.
2705 4408 2882 4476 Atque
2928 4406 3013 4460 his
3047 4405 3205 4460 ﬁdem
3232 4405 3494 4476 derogare
3534 4422 3642 4460 non

379 4503 476 4556 τοῦ
518 4502 761 4566 Μωσέως
799 4501 1095 4572 ἐμάθομεν,
1126 4499 1420 4570 συνδιεξῄει
1449 4499 1509 4552 τὸ
1541 4502 1606 4552 ὲκ
1637 4497 1730 4551 τοῦ
1769 4499 1959 4568 χρόνου

385 4596 602 4667 μέτρον,
657 4597 843 4666 ῥηταῖς
877 4595 1108 4665 ἡμέραις
1155 4610 1213 4645 τε
1267 4593 1360 4646 καὶ
1403 4591 1551 4656 νυξὶν
1592 4591 1806 4660 ἑκάστῳ
1855 4589 1962 4642 τῶν

383 4689 680 4759 γινομένων
727 4687 866 4741 κατά
890 4703 1012 4740 τινα
1048 4686 1201 4749 τάξιν
1231 4684 1325 4737 καὶ
1363 4681 1682 4735 ἀκολουθίαν
1709 4698 1963 4752 παραμε-

380 4782 698 4853 τρούμενον.
732 4783 908 4850 Ὅπερ
936 4780 1028 4833 ἐπὶ
1063 4779 1160 4850 τῆς
1205 4776 1295 4830 τοῦ
1341 4773 1677 4841 Μονογενοῦς
1733 4775 1966 4828 ὑποστά-

384 4889 524 4935 σεως
577 4872 696 4925 οὐδὲ
753 4871 915 4933 αὐτὸς
955 4872 984 4922 ὁ
1027 4868 1134 4921 τῶν
1187 4866 1444 4920 ἐναντίων
1495 4863 1707 4934 δέχεται
1759 4864 1911 4933 λόγος
1944 4882 1960 4896 ο

382 4964 659 5033 ὁμολογῶν
702 4963 806 5034 πρὸ
872 4962 1077 5032 χρόνων
1130 4957 1359 5012 αἰωνίων
1401 4954 1539 5009 εἶναι
1585 4955 1678 5008 τὸν
1733 4955 1956 5026 Κύριον.

2061 4501 2210 4563 licet,
2257 4499 2458 4570 inquit,
2491 4515 2613 4552 cum
2642 4515 2707 4554 ex
2751 4499 2867 4568 ipsa
2914 4507 3131 4559 natura,
3189 4505 3302 4552 tum
3349 4515 3412 4554 ex
3443 4497 3644 4554 divinis

2061 4594 2290 4664 legibus.
2326 4591 2432 4648 Sed
2465 4601 2680 4652 natura,
2732 4607 2795 4644 ex
2833 4590 2918 4646 bis
2948 4607 3068 4661 qua:
3119 4590 3265 4645 dicta
3298 4598 3448 4654 sunt,
3486 4591 3642 4646 testis

2064 4698 2170 4736 non
2199 4682 2301 4738 ﬁde
2327 4683 2493 4751 digna
2523 4681 2587 4735 ad
2627 4681 2823 4736 divinae
2856 4690 3062 4736 naturae
3088 4681 3392 4735 doctrinam
3422 4697 3451 4735 a
3484 4683 3641 4736 nobis

2064 4773 2440 4828 demonstrata
2492 4780 2597 4828 est.
2631 4772 2820 4840 Neque
2867 4771 2915 4825 si
2967 4771 3090 4840 quis
3144 4772 3405 4826 mundum
3463 4773 3642 4843 ipsum

2068 4865 2256 4919 all'erat
2307 4864 2364 4918 in
2411 4864 2716 4933 exemplum
2753 4864 2946 4918 horum
2995 4863 3063 4918 de
3091 4865 3290 4933 quibus
3321 4873 3404 4919 est
3439 4879 3640 4926 sermo,

2067 4960 2327 5027 quoniam
2359 4972 2482 5012 cum
2515 4957 2678 5026 hujus
2707 4957 3006 5022 creatione,
3040 4956 3184 5011 sicut
3212 4957 3265 5010 in
3304 4957 3443 5012 libro
3469 4956 3644 5010 Gene-

384 5077 511 5118 seos
551 5078 582 5116 a
628 5060 774 5116 Mose
810 5058 1124 5122 didicimus,
1169 5055 1432 5124 temporis
1485 5066 1741 5106 mensura
1771 5052 1930 5107 simul
1959 5054 2199 5107 excurrit
2233 5054 2399 5110 dictis
2427 5053 2620 5109 diebus
2652 5060 2707 5108 et
2739 5051 2996 5108 noctibus
3053 5053 3254 5122 cuique
3294 5053 3640 5107 nascentium

385 5156 695 5220 attributis,
754 5153 991 5225 quodam
1045 5150 1240 5205 ordine
1287 5155 1342 5202 et
1387 5145 1778 5214 consequentia
1835 5145 2152 5200 distributa.
2203 5145 2362 5214 Quod
2408 5147 2464 5200 in
2496 5145 2772 5217 linigeniti
2835 5145 3216 5207 subsistentia,
3275 5160 3455 5212 neque
3523 5142 3640 5209 ipse

387 5245 834 5301 adversariorum
877 5241 1114 5297 admittit
1147 5252 1368 5295 sermo:
1406 5236 1673 5292 conﬁtens
1706 5244 1832 5290 ante
1865 5244 2112 5306 tempora
2140 5238 2428 5296 smcularia
2458 5236 2746 5292 Dominum
2781 5253 2920 5292 esse,

470 5381 790 5435 ’Υπόλοιπον
827 5378 869 5430 δ’
893 5377 956 5430 ἂν
977 5379 1062 5446 εἴη
1085 5376 1184 5446 τὴν
1218 5377 1281 5427 ὲκ
1312 5373 1420 5426 τῶν
1450 5371 1607 5424 θείων
1639 5369 1815 5440 νόμων
1847 5387 1965 5421 συν-

386 5475 615 5546 ηγορίαν
667 5469 760 5525 τοῦ
801 5468 1161 5539 προκειμένου
1193 5465 1544 5533 κατανοῆσαι,
1575 5462 1641 5515 δι’
1679 5458 1747 5535 ἦς
1794 5463 1964 5528 ἐπαγ-

389 5565 638 5638 γέλλεται
661 5562 754 5617 καὶ
773 5561 922 5623 τέλος
944 5559 1035 5612 καὶ
1053 5559 1224 5629 ἀρχὴν
1247 5559 1342 5628 τῆς
1368 5557 1461 5609 τοῦ
1487 5555 1614 5608 Υίοῦ
1637 5555 1959 5623 γεννήσεως.

399 5660 647 5729 Ἡμέραν
668 5655 748 5721 τῷ
776 5654 931 5709 τέλει
961 5651 1064 5719 τῆς
1091 5652 1471 5720 δημιουργίας
1506 5650 1837 5714 ἐναπέθετο,
1865 5649 1961 5702 καὶ

2141 5376 2334 5431 Restat
2384 5382 2442 5426 ut
2488 5372 2849 5442 patrocinium
2885 5370 3027 5439 quod
3072 5385 3134 5420 ex
3180 5364 3379 5419 divinis
3430 5363 3638 5434 legibus

2070 5466 2138 5520 ad
2187 5466 2562 5534 probationem
2597 5467 2675 5519 rei
2724 5462 3016 5533 propositae
3065 5454 3335 5509 adducere
3384 5466 3635 5522 conatur,

2068 5558 2481 5627 dignoscamus,
2513 5571 2621 5626 quo
2653 5553 2936 5621 pollicetur
2958 5556 3010 5600 et
3043 5545 3200 5599 linem
3232 5554 3283 5598 et
3314 5548 3635 5618 principium

2069 5649 2191 5703 Filii
2222 5647 2588 5717 generationis
2615 5643 3002 5699 demonstrare.
3040 5634 3203 5699 Diem,
3239 5634 3431 5707 inquit,
3456 5644 3635 5712 pperis

468 5749 545 5819 (a)
591 5751 770 5804 Ἐστὶν
805 5749 1067 5820 ὀνόματα.
1118 5749 1208 5806 Sic
1240 5751 1511 5809 defectum
1547 5751 1760 5822 supplet
1816 5749 1988 5807 codex
2020 5746 2261 5827 Boicusa

1146 5847 1161 5874 Ι
