4046 6150
417 282 522 338 815

1706 285 1764 342 S.
1803 285 2132 342 GREGORII
2174 284 2466 341 NYSSENI

3567 281 3666 336 sis

416 403 499 458 sui
527 402 961 456 consununationi
1004 399 1260 468 deposuit,
1310 409 1364 452 ut
1405 410 1535 455 esset
1569 403 1816 470 principii
1848 405 1964 472 ﬁde:

2083 404 2189 471 τῆς
2221 406 2412 473 ἀρχῆς
2457 403 2571 470 τὴν
2598 403 2820 456 πίστιν.
2862 404 2943 457 Οὐ
2976 403 3084 472 γὰρ
3127 401 3238 468 τὴν
3281 398 3518 468 πρώτην
3556 398 3669 463 τῆς

416 502 463 545 et
482 490 867 544 documentum.
893 488 1011 541 Non
1040 490 1174 542 enim
1194 491 1420 556 primum
1441 494 1796 566 generationis
1820 493 1978 557 diem,

415 582 505 636 sed
533 584 828 647 septimum,
876 581 929 632 in
959 596 1058 648 quo
1091 579 1163 632 ab
1195 582 1434 648 operibus
1463 584 1676 651 quierit,
1709 586 1761 638 in
1790 603 1968 640 ιιιεηιοι

413 672 548 725 rium
583 674 764 726 mundi
791 675 1069 727 creationis
1097 674 1257 729 dedit.
1299 674 1379 729 An
1409 677 1604 747 aliquis
1627 677 1982 747 persuadebi-

409 773 498 818 tur
517 767 585 818 ab
609 765 700 819 illo
725 766 838 820 lnec
863 767 1063 836 scripta
1086 782 1226 833 esse,
1248 775 1434 822 et-non
1458 783 1486 822 a
1511 769 1666 824 nobis
1696 769 1747 822 in
1771 769 1980 822 calum-

409 857 554 910 niam
585 853 774 926 scripti
806 858 1126 927 interposita
1157 873 1278 912 esse
1306 859 1394 911 itla
1427 860 1590 924 dicta,
1623 867 1680 912 ut
1707 859 1984 915 videretur

411 949 670 1003 ridiculus
701 949 1026 1012 lectoribus,
1069 951 1196 1004 dum
1237 966 1357 1020 quae
1387 952 1588 1004 nullam
1620 937 1821 1006 habent
1841 965 1983 1005 com-

407 1039 743 1099 nurnioncm,
781 1054 904 1092 cmn
939 1039 1022 1093 his
1057 1054 1177 1106 quae
1209 1039 1263 1092 in
1305 1041 1658 1108 quaestionem
1690 1051 1977 1106 vocantur,

406 1129 470 1181 ad
506 1128 1024 1182 demonstrationem
1075 1129 1372 1198 perlrahit?
1400 1129 1608 1184 Etenim
1642 1131 1786 1199 quod
1832 1147 1980 1201 qua:-

405 1216 628 1269 re-batur
659 1217 763 1270 hoc
786 1227 922 1281 erat,
954 1224 1011 1270 ut
1036 1233 1227 1288 nempe
1259 1217 1660 1273 demonstraret
1691 1221 1831 1275 sicut
1865 1223 1981 1291 ipse

406 1309 688 1378 professus
731 1310 924 1374 fuerat,
955 1309 1150 1363 Filium
1200 1325 1322 1363 cum
1368 1326 1476 1364 non
1518 1319 1683 1372 esset,
1739 1312 1976 1381 genitum

403 1417 543 1464 esse,
569 1403 663 1456 sed
688 1404 1050 1472 generationis
1071 1404 1398 1474 principium
1413 1404 1708 1472 accepisse,
1726 1411 1779 1458 et
1801 1417 1974 1458 cessa-

406 1492 572 1546 tionis
605 1508 728 1547 cum
768 1495 985 1563 genitus
1016 1503 1122 1559 est,
1175 1493 1338 1548 veluti
1390 1494 1622 1563 quodam
1675 1504 1829 1562 partu
1883 1493 1976 1562 qui

403 1585 805 1653 generationem
857 1594 1098 1654 tempore
1131 1585 1432 1654 protrahat.
1466 1585 1544 1637 Ad
1591 1584 1643 1638 id
1675 1599 1802 1638 vero
1852 1598 1978 1653 pro-

403 1675 640 1729 bandum
673 1675 798 1731 talis
835 1683 919 1730 est
966 1677 1084 1745 ejus
1135 1676 1506 1745 praestructio:
1533 1677 1792 1745 pupulum
1828 1675 1977 1729 vidc-

2087 495 2425 562 γεννήσεως
2448 493 2693 562 ἡμέραν,
2723 491 2881 545 ἀλλὰ
2909 492 3022 558 τὴν
3060 491 3318 560 ἑϐδόμην
3339 491 3407 543 ἐν
3430 483 3470 560 ᾖ
3497 501 3669 541 κατε-

2086 600 2322 637 παυσεν
2363 583 2480 638 ἀπὸ
2531 582 2649 635 τῶν
2687 582 2906 651 ἔργων,
2935 582 3120 635 ἔδωκε
3164 582 3276 648 τὴν
3323 582 3668 649 ὑπόμνησιν

2084 674 2192 742 τῆς
2222 675 2626 744 δημιουργίας.
2663 674 2813 746 *Αρά
2839 692 2920 738 τις
2973 675 3327 744 πεισθήσεται
3362 674 3488 743 παρ’
3518 673 3667 724 ὲκεί-

2083 766 2188 819 νου’
2215 767 2386 819 ταῦτα
2431 766 2760 837 γεγράςθαι,
2790 767 2885 820 καὶ
2925 766 3045 836 οὑχὶ
3081 765 3209 834 παρ’
3239 764 3393 834 ἡμῶν
3427 765 3518 815 ἐπὶ
3545 763 3669 815 δια-

2083 854 2212 925 ϐολῇ
2243 856 2335 909 τοῦ
2361 856 2788 926 συγγράμματος
2818 853 3266 925 παρεντεθεῖσθαι
3289 853 3353 905 τὰ
3375 850 3664 923 εἰρημένα,

2080 947 2156 1011 ὡς
2183 947 2248 1000 ἂν
2288 949 2688 1015 καταγέλαστος
2723 947 2901 1016 δοκοίη
2938 948 3051 1008 τοῖς
3090 943 3504 1014 ἐντυγχάνουσιν
3531 985 3543 1007 ,
3595 943 3668 995 τὰ

2085 1039 2251 1110 μηδὲν
2301 1039 2659 1093 κοινωνοῦντα
2703 1041 2814 1101 τοῖς
2858 1037 3208 1109 ζητουμένοις
3248 1037 3328 1098 εἰς
3387 1033 3668 1098 ἀπόδειξιν

2080 1131 2188 1183 τῶν
2234 1129 2605 1198 προκειμένων
2640 1127 3146 1199 ἐπισυρόμενος;Τὸ
3194 1127 3301 1196 γὰρ
3332 1124 3666 1196 ζητούμενον

2079 1218 2165 1291 ἦν,
2206 1222 2372 1286 δεῖξαι
2405 1221 2584 1284 καθὼς
2616 1219 2975 1289 ἐπηγγείλατο
3013 1229 3086 1289 μη
3121 1219 3248 1271 ὄντα
3283 1222 3370 1270 τὸν
3403 1217 3529 1269 Υίδν
3576 1234 3667 1284 γε·

2079 1310 2370 1380 γενῆσθαιο
2403 1310 2516 1362 ἀλλ’
2550 1311 2724 1379 ἀρχήν
2756 1326 2814 1360 τε
2861 1308 3043 1361 λαϐεῖν
3085 1308 3390 1375 γεννήσεως
3436 1307 3529 1358 καὶ
3566 1305 3666 1376 λή-

2081 1404 2214 1469 ξεως
2235 1444 2248 1466 ,
2279 1401 2616 1470 γεννώμενον
2637 1439 2657 1462 ,
2687 1395 2796 1452 οἷόν
2845 1417 2990 1462 τινος
3043 1399 3230 1461 ὠδῖνος
3275 1397 3452 1468 χρόνῳ
3488 1415 3665 1467 παρα-

2080 1494 2354 1562 τεινούσης
2384 1493 2480 1562 τὴν
2507 1493 2776 1561 γέννησιν.
2815 1491 2878 1542 Ἦ
2913 1491 2970 1543 δὲ
3005 1493 3082 1552 εἰς
3134 1489 3292 1542 τοῦτο
3343 1488 3661 1558 κατασκευὴ

2078 1584 2159 1644 τίς
2185 1602 2197 1646 ;
2232 1583 2304 1635 Τὸ
2328 1581 2670 1644 σαϐϐατίζειν
2696 1583 2758 1633 ἐκ
2788 1581 2951 1650 νόμου
2976 1581 3115 1633 κατὰ
3139 1580 3238 1651 τὴν
3267 1580 3500 1649 ἑϐδόμην
3521 1579 3665 1650 ἡμέ-

2081 1695 2178 1746 ραν
2204 1677 2293 1728 τὸν
2336 1676 2598 1745 Ἐϐραίων
2618 1674 2767 1728 λαόν.
2798 1669 2868 1724 Ὤ
2900 1675 3038 1741 πόση
3066 1672 3356 1741 συμφωνία
3384 1672 3482 1741 τῆς
3519 1688 3664 1741 μαρ-

403 1765 528 1819 licet
553 1767 838 1820 Hebraaum
893 1783 958 1820 ex
988 1768 1105 1837 lege
1134 1767 1363 1836 septimo
1400 1781 1618 1835 quoque
1654 1766 1741 1820 die
1776 1766 1964 1820 sabba-

2078 1767 2265 1838 τυρίας
2315 1767 2448 1837 πρὸς
2496 1767 2558 1818 τὸ
2606 1767 2994 1836 προκείμενονί
3044 1763 3260 1834 Ἐπειδὴ
3307 1765 3533 1832 τιμᾶται
3591 1764 3660 1831 τῇ

399 1857 588 1911 tizare.
624 1854 669 1910 Ο
695 1865 900 1926 quanta
940 1864 1023 1911 est
1049 1858 1115 1911 ad
1160 1858 1210 1912 id
1250 1859 1392 1928 quod
1448 1857 1788 1926 probandum
1844 1872 1971 1925 pro-

399 1948 643 2016 ponitur,
702 1947 1001 2004 testimonii
1067 1949 1461 2004 consonantia!
1531 1948 1969 2020 quandoquidem

397 2041 578 2109 quiete
598 2046 650 2094 et
677 2045 786 2094 otio
809 2040 1102 2094 Sabbatum
1134 2058 1163 2095 a
1184 2040 1370 2095 Judaeo
1391 2041 1716 2104 celebratur,
1749 2041 1972 2095 demon-

399 2138 631 2184 stratum
690 2139 796 2193 est,
855 2138 912 2184 ut
971 2132 1071 2186 iste
1126 2140 1390 2194 autumat,
1439 2130 1725 2185 hominum
1783 2139 1971 2200 partus

399 2221 727 2289 principium
770 2221 1049 2285 habuisse,
1106 2229 1160 2276 et
1217 2231 1430 2291 partum
1487 2223 1783 2291 quievisse.
1830 2221 1972 2287 Quot

397 2312 502 2366 alia
535 2311 601 2365 ad
634 2313 737 2366 hoc
787 2312 1098 2367 testimonia
1131 2313 1258 2366 huic
1305 2313 1558 2384 scriptori
1601 2313 1969 2383 przetcrmissa

395 2411 542 2464 sunt,
577 2402 746 2457 nihilo
779 2418 844 2457 eo
876 2404 1016 2472 quod
1044 2404 1249 2458 dictum
1289 2412 1372 2458 est
1407 2406 1472 2458 ad
1514 2405 1724 2474 quaesiti
1765 2404 1972 2458 consli-

395 2495 654 2549 tutionem
687 2494 989 2549 inferiora?
1012 2491 1142 2560 Qua:
1177 2503 1371 2549 octavo
1410 2495 1499 2549 die
1533 2495 1700 2550 ﬁebat
1733 2498 1968 2550 circum-

393 2585 567 2639 cisio:
609 2600 943 2656 azymorum,
978 2587 1028 2640 id
1069 2594 1172 2652 est,
1218 2586 1722 2641 infermentatorum
1765 2602 1964 2654 panum

391 2676 728 2741 hebdomas;
771 2677 1090 2746 mysterium
1135 2677 1278 2745 quod
1310 2676 1717 2745 decimaquarta
1759 2677 1966 2730 lunaris

391 2780 589 2819 cursus
623 2765 1029 2820 celebrabatur:
1070 2766 1406 2834 purgationis
1456 2765 1759 2831 sacriﬁcia;
1798 2767 1969 2836 lepra-

392 2871 514 2909 rum
569 2857 900 2920 observatio,
962 2857 1124 2921 aries,
1182 2857 1406 2920 vitulus,
1457 2857 1715 2927 juvenca,
1778 2858 1966 2913 hircus

391 2948 732 3014 emissaries,
781 2963 962 3018 caper.
995 2947 1148 3013 Quod
1180 2948 1228 3002 si
1263 2947 1376 3001 hac
1407 2963 1438 3002 a
1484 2947 1762 3018 proposito
1806 2948 1965 3016 longe

392 3049 600 3096 remota
631 3050 778 3106 sunt,
809 3041 1082 3111 quomodo
1123 3042 1255 3096 illud
1282 3043 1420 3094 intra
1444 3042 1752 3111 quaesitum,
1777 3040 1964 3094 dicant

2076 1859 2245 1930 ἀργίᾳ.
2271 1859 2421 1929 παρὰ
2444 1858 2536 1910 τοῦ
2580 1857 2831 1910 Ἰουδαίου
2856 1858 2917 1908 τὸ
2952 1855 3247 1918 Σάϐϐατον,
3281 1853 3663 1908 ἀποδέδεικται

2074 1944 2133 1995 τὸ
2169 1945 2257 1997 τὸν
2297 1945 2517 2016 Κύριον,
2551 1943 2732 2007 καθὼς
2769 1939 2919 2002 οὗτος
2960 1944 3128 2011 λέγει,
3159 1943 3332 2014 ἀρχὴν
3373 1960 3431 1994 τε
3471 1942 3660 1996 λαϐεῖν

2073 2035 2166 2088 τοῦ
2203 2036 2381 2096 τόκου,
2414 2037 2505 2090 καὶ
2525 2037 2839 2106 τικτόμενον
2873 2034 3204 2086 παύσασθαι.
3233 2034 3404 2086 Πόσαι
3435 2040 3529 2086 καὶ
3559 2033 3660 2085 ἄλο

2074 2127 2159 2180 λαι
2179 2128 2313 2199 πρὸς
2332 2128 2487 2181 τοῦτο
2523 2128 2819 2199 μαρτυρίαι
2847 2127 2922 2198 τῷ
2944 2127 3266 2196 λογογράφῳ
3292 2127 3659 2197 παρείθησαν,

2073 2218 2222 2270 οὐδὲν
2256 2219 2354 2289 τῆς
2386 2220 2681 2288 εἰρημένης
2727 2219 2859 2288 πρὸς
2903 2219 3159 2271 σύστασιν
3192 2217 3284 2270 τοῦ
3314 2215 3658 2288 ζητουμένου

2073 2310 2387 2381 λειπόμεναι
2421 2329 2435 2376 ;
2479 2313 2541 2363 Ἡ
2584 2311 2726 2363 κατὰ
2755 2313 2852 2379 τὴν
2896 2312 3088 2382 ὀγδόην
3139 2313 3406 2382 περιτομή
3433 2330 3444 2341 ·
3481 2315 3512 2382 ἡ
3545 2313 3660 2364 τῶν

2073 2402 2295 2472 ἀζύμων
2325 2403 2554 2472 ἑϐδομὰς
2573 2420 2587 2434 °
2616 2403 2675 2455 τὸ
2730 2405 2786 2455 ἐν
2815 2403 3380 2474 τεσσαρεσκαιδεκάτῃ
3415 2403 3509 2455 τοῦ
3561 2421 3657 2455 σε·

2072 2493 2282 2564 ληνείου
2303 2493 2500 2562 δρόμου
2533 2495 2827 2564 μυστήριον
2845 2511 2857 2522 ’
2878 2497 2930 2546 αἱ
2955 2493 3043 2546 τοῦ
3069 2494 3414 2564 καθαρισμοῦ
3445 2495 3655 2556 θυσίαι,

2071 2585 2103 2653 ἡ
2133 2585 2257 2654 περὶ
2288 2584 2393 2636 τῶν
2440 2584 2654 2654 λεπρῶν
2684 2588 3084 2655 παρατήρησις,
3112 2589 3140 2638 ὁ
3169 2587 3340 2656 κριὸς,
3367 2588 3394 2639 ὁ
3431 2587 3654 2655 μόσχος,

2070 2675 2102 2743 ἡ
2132 2673 2381 2743 δάμαλις,
2416 2674 2443 2724 ὁ
2489 2675 2888 2742 ὰποπομπαῖος,
2921 2676 2948 2725 ό
2989 2674 3240 2744 χίμαρος.
3279 2671 3341 2724 Εἰ
3371 2673 3427 2724 δὲ
3476 2672 3656 2724 ταῦτα

2069 2764 2256 2834 πόρρω
2299 2764 2405 2817 τῶν
2432 2765 2802 2834 προκειμένων
2835 2767 3014 2826 ἐστὶν..
3040 2765 3158 2828 πῶς
3183 2765 3331 2828 ἐντὸς
3357 2766 3532 2816 ἐκεῖνο
3552 2763 3653 2816 τοῦ

2070 2855 2421 2926 ζητουμένου,
2463 2856 2767 2924 λεγέτωσαν
2812 2858 2861 2908 οἱ
2914 2857 3150 2927 ζηλωταὶ
3186 2856 3294 2909 τῶν
3343 2855 3655 2910 Ἰουδαϊκῶν

2073 2949 2403 3018 μυστηρίων,
2461 2949 2651 3017 Ἡμεῖς
2707 2952 2812 3018 γὰρ
2859 2949 3234 3019 μικροπρεπές
3267 2966 3325 3002 τε
3361 2949 3454 3001 καὶ
3497 2949 3658 3002 ἄναν-

2066 3040 2189 3110 δρον
2233 3043 2294 3092 τὸ
2343 3041 2452 3102 τοῖς
2502 3039 2877 3110 προκειμένοις
2914 3040 3264 3110 ἐπεμϐαίνειν
3314 3042 3654 3111 νομίζοντες,

388 3134 734 3190 aemulatores
778 3133 1127 3188 Judaicorum
1182 3135 1588 3203 mysteriorum.
1651 3132 1762 3188 Nos
1817 3135 1961 3187 enim

2069 3129 2478 3203 ἀναζητήσομεν
2507 3131 2568 3181 ἐκ
2598 3131 2694 3199 τῆς
2724 3130 2830 3182 τῶν
2870 3132 3268 3201 γεγραμμένων
3299 3132 3650 3196 ἀκολουθίας.

387 3233 578 3293 parum
623 3223 882 3278 decorum
939 3232 992 3278 et
1037 3223 1170 3279 viris
1227 3224 1504 3295 indignum
1557 3222 1960 3289 existimantes,

357 3315 681 3384 'propositis
735 3315 973 3370 insidere
1003 3352 1020 3381 ,
1062 3330 1127 3370 ex
1184 3315 1515 3384 scriptorum
1567 3315 1962 3369 consecutione

387 3406 746 3474 inquircmus,
781 3407 824 3461 si
857 3408 991 3477 quid
1019 3407 1127 3462 tale
1163 3416 1267 3469 est,
1299 3406 1460 3474 quale
1488 3405 1664 3474 possit
1701 3404 1962 3458 conuela-

384 3505 490 3552 tori
527 3500 784 3554 sudorem
834 3514 1072 3553 movere.
1106 3497 1239 3564 Quae
1281 3498 1446 3567 igitur
1491 3497 1546 3551 in
1583 3497 1959 3565 sequentibus,

385 3592 452 3644 de
477 3607 544 3646 eo
586 3593 729 3660 quod
777 3607 885 3644 non
937 3597 1187 3660 oporteat
1237 3589 1494 3659 quiddam
1547 3589 1782 3644 medium
1819 3587 1962 3643 inter

385 3679 602 3734 Patrem
635 3689 686 3734 et
713 3681 906 3734 Filium
938 3683 1199 3751 cogitare,
1228 3690 1559 3752 praestruens
1589 3680 1958 3749 persequitur,

386 3778 448 3823 ut
475 3771 712 3839 quodam
741 3769 902 3824 modo
934 3781 1126 3826 nostro
1149 3772 1388 3842 dogmati
1422 3771 1802 3826 convenientia
1823 3786 1956 3840 pra:-

384 3862 581 3917 teribo.
619 3862 776 3916 Esset
813 3864 954 3916 enim
987 3863 1185 3919 mentis
1217 3863 1634 3919 inconsiderata:
1673 3870 1726 3918 et
1761 3863 1961 3932 iniqua:

385 3953 548 4009 simul
575 3960 626 4007 et
657 3968 834 4018 sane,
867 3953 920 4007 in
952 3954 1037 4009 his
1069 3971 1187 4024 qua:
1209 3955 1487 4019 dicuntur,
1512 3969 1621 4008 non
1647 3953 1961 4008 discernere

383 4048 528 4116 quod
559 4047 839 4100 innoxium
872 4054 954 4101 est
993 4055 1045 4100 ct
1082 4049 1199 4102 sine
1233 4048 1480 4113 crimine,
1510 4052 1564 4101 et
1603 4045 1746 4113 quod
1774 4045 1959 4098 crimi-

383 4156 579 4194 nosum
627 4147 731 4194 est.
772 4138 1049 4208 Siquidem
1107 4154 1229 4193 cum
1268 4137 1469 4193 Judaeis
1524 4151 1771 4206 pugnans
1823 4150 1957 4190 con-

381 4230 556 4284 cessis
599 4244 707 4283 non
750 4230 1070 4299 acquiescit,
1107 4229 1476 4285 immediatum
1503 4229 1711 4293 dicens,
1745 4235 1800 4283 et
1827 4243 1958 4283 con-

380 4335 579 4374 nexum
632 4336 738 4375 non
790 4321 1104 4387 admittens,
1155 4329 1208 4376 et
1259 4335 1370 4375 non
1402 4333 1524 4374 esse
1576 4316 1782 4386 aliquid
1833 4325 1958 4372 ante

380 4412 726 4484 Unigenitum
753 4417 1018 4486 cogitans,
1038 4431 1054 4466 ι.
1068 4419 1088 4465 ι
1103 4426 1225 4468 esse
1241 4412 1433 4467 Filium
1451 4413 1758 4483 suspicans,
1779 4413 1872 4468 sed
1891 4413 1958 4467 de

2067 3221 2120 3273 εἴ
2152 3238 2202 3273 τι
2247 3220 2485 3272 τοιοῦτόν
2521 3223 2692 3283 ἐστιν,
2719 3218 2829 3274 οἷον
2878 3223 3076 3293 ἱδρῶτα
3115 3224 3331 3294 κινῆσαι
3365 3225 3442 3293 τῷ
3480 3243 3655 3297 προς-

2065 3312 2367 3365 παλαίοντι.
2406 3312 2545 3363 Ὅσα
2578 3311 2754 3365 τοίνυν
2785 3314 2841 3366 ἐν
2869 3316 2980 3376 τοῖς
3024 3315 3219 3385 ἐφεξῆς
3251 3316 3376 3386 περὶ
3402 3316 3498 3368 τοῦ
3547 3335 3656 3387 μη-

2066 3404 2152 3456 δὲν
2183 3403 2345 3472 μέσον
2363 3421 2414 3454 τι
2441 3403 2534 3455 τοῦ
2564 3403 2693 3455 Tia-5
2725 3405 2815 3457 ml
2841 3405 3050 3474 Πατρός
3077 3406 3293 3464 ἐννοεῖν,
3313 3411 3655 3462 κατασκευά-

2066 3494 2173 3559 ζων
2212 3493 2494 3559 διέξεισιν,
2527 3493 2600 3556 ὡς
2645 3493 3007 3563 συμϐαίνοντα
3057 3512 3175 3560 πως
3215 3495 3293 3567 τῷ
3337 3498 3458 3550 καθ’
3499 3501 3652 3570 ἡμᾶς

2062 3587 2309 3658 δόγματι,
2344 3585 2769 3658 παρελεύσομεν.
2813 3587 3180 3658 Ἀδιακρισίας
3203 3589 3311 3660 γὰρ
3342 3589 3407 3642 ἂν
3439 3590 3524 3661 εἴη
3558 3592 3651 3644 καὶ

2062 3678 2451 3748 ἀγνωμοσύνης
2491 3681 2625 3749 ἅμα,
2664 3679 2735 3750 μὴ
2768 3679 3060 3749 διακρίνειν
3092 3681 3147 3731 ὲν
3188 3684 3299 3742 τοῖς
3331 3681 3653 3750 λεγομένοις

2061 3771 2121 3824 τὸ
2148 3771 2432 3825 ἀνεύθυνόν
2463 3789 2521 3824 τε
2565 3771 2656 3823 καὶ
2700 3771 2761 3823 τὸ
2803 3772 3072 3824 ὑπαίτιον.
3119 3773 3336 3843 Ἐπειδὴ
3357 3777 3467 3836 τοῖς
3512 3776 3650 3827 ’1ου-

2061 3863 2231 3925 δαίοις
2288 3863 2592 3932 μαχόμενος
2615 3902 2628 3926 ,
2663 3863 2762 3914 οὑκ
2791 3863 3098 3916 ἀκολουθῶν
3122 3868 3232 3928 τοῖς
3271 3866 3648 3936 ὁμολογουμέ-

2061 3969 2192 4016 νοις,
2237 3951 2331 4005 καὶ
2359 3952 2420 4004 τὸ
2458 3952 2660 4022 ἄμεσον
2691 3952 2885 4020 λέγων,
2919 3955 3013 4006 καὶ
3045 3954 3105 4006 τὺ
3146 3956 3376 4024 συναφὲς
3406 3957 3467 4008 οὑ
3496 3956 3652 4026 6:733-

2065 4061 2242 4114 μενος,
2281 4043 2460 4096 καὶτὸ
2501 4043 2574 4114 μὴ
2605 4040 2742 4096 εἷναί
2787 4061 2836 4095 τι
2889 4045 2992 4115 πρὸ
3037 4046 3128 4100 τοῦ
3172 4047 3513 4114 Μονογενοῦς
3555 4052 3646 4100 ὲν-

2060 4135 2215 4199 νοῶν,
2249 4134 2342 4186 καὶ
2372 4134 2430 4186 τὸ
2463 4129 2600 4188 εἶναι
2631 4136 2758 4188 Υἰὸν
2805 4135 3066 4198 ὑπονοῶν,
3097 4139 3232 4190 ἀλλὰ
3277 4141 3522 4209 περὶτοῦ
3570 4142 3648 4211 μὴ

2059 4225 2187 4278 ὄντα
2228 4225 2553 4295 γεγενῆσθαι
2599 4227 3018 4296 διαμαχόμενος.
3067 4227 3278 4300 Μικρὸν
3324 4231 3380 4282 ὲν
3430 4231 3649 4294 τούτοις

2059 4317 2468 4388 ἀσχοληθέντες,
2495 4317 2581 4369 διὰ
2610 4318 2670 4370 τὸ
2699 4322 2808 4382 τοῖς
2849 4319 3113 4388 φθάσασιν
3145 4320 3342 4384 ἱκανῶς
3369 4321 3471 4392 ἤδη
3505 4339 3648 4392 προ-

2061 4409 2490 4464 κατεσκευάσθαι
2525 4409 2613 4462 τὸν
2635 4410 2811 4476 λόγον,
2833 4411 2939 4464 τῶν
2969 4414 3342 4483 προκειμένων
3376 4415 3641 4485 ἑξόμεθα.

378 4521 443 4560 eo
472 4507 563 4575 qui
594 4523 702 4561 non
732 4517 848 4563 erat
875 4510 1114 4578 genitum
1145 4521 1265 4560 esse
1306 4505 1616 4558 decertans.
1680 4501 1881 4556 Parum
1940 4501 1995 4554 in
2039 4500 2124 4554 his
2182 4500 2557 4560 immorantes,
2611 4497 2738 4567 quia
2798 4498 2852 4552 in
2909 4502 3355 4558 antecedentibus
3428 4505 3651 4560 abunde

377 4601 511 4654 satis
569 4599 678 4668 jam
741 4616 920 4654 sermo
978 4605 1333 4668 praestructus
1379 4602 1484 4661 est,
1551 4597 1606 4649 in
1660 4593 1952 4665 propositis
1985 4592 2332 4647 hzerebimus.

446 4689 564 4744 Non
609 4699 691 4744 est
725 4691 967 4758 eiusdem
1013 4701 1066 4744 et
1117 4689 1253 4742 nihil
1303 4689 1556 4758 superius
1595 4685 1950 4742 subsistentia

2127 4685 2239 4736 Οὐκ
2286 4682 2398 4735 ἔστι
2445 4683 2536 4736 τοῦ
2595 4685 2760 4739 αὑτοῦ
2811 4686 2903 4740 καὶ
2947 4686 3111 4756 μηδὲν
3151 4687 3500 4758 ὑπερτιθέναι
3543 4691 3646 4760 τῆς

378 4779 651 4849 Unigeniti
684 4795 908 4848 ponere,
969 4788 1023 4832 et
1075 4790 1198 4833 ante
1237 4778 1641 4848 generationem
1692 4791 1798 4830 non
1832 4792 1954 4831 esse

377 4870 579 4935 dicere,
631 4870 723 4924 sed
769 4878 898 4923 tunc
926 4871 1165 4940 genitum
1207 4867 1376 4924 fuisse
1405 4883 1528 4922 cum
1563 4868 1719 4922 Pater
1761 4868 1947 4920 voluit.

378 4958 502 5014 lianc
534 4958 677 5012 cnim
709 4960 962 5012 adverbia
992 4968 1121 5012 tunc
1148 4970 1201 5014 et
1223 4958 1461 5028 quando,
1498 4959 1562 5011 ad
1598 4959 1948 5026 temporalem

381 5048 895 5104 demonstrationem
942 5050 1155 5116 pmprie
1187 5058 1239 5104 ct
1271 5049 1594 5103 naturaliter
1633 5049 1950 5117 signiﬁcan-

375 5143 504 5195 tiam
553 5138 816 5203 referunt,
849 5139 1145 5193 secundum
1177 5155 1520 5193 communem
1564 5154 1694 5194 sane
1728 5141 1952 5208 loquen-

375 5235 509 5288 tium
567 5231 1043 5295 consuetudinem,
1108 5239 1161 5284 ct
1216 5232 1516 5285 secundum
1572 5233 1832 5284 usitatam
1897 5232 1951 5284 in

377 5323 660 5396 Scriptura
688 5321 1168 5394 significationem.
1209 5320 1352 5374 Tunc
1397 5321 1567 5375 dicent
1599 5323 1649 5374 in
1679 5321 1952 5393 gentibus:

373 5425 446 5481 et,
479 5414 704 5481 Quando
731 5414 852 5467 misi
878 5429 1003 5478 vos;
1044 5419 1117 5476 et,
1154 5411 1298 5465 Tunc
1321 5412 1708 5465 assimilabilur
1738 5428 1952 5481 regnum

372 5508 638 5561 caelorum.
675 5505 740 5559 Et
767 5513 1019 5560 sexcenta
1043 5503 1309 5574 ejusmodi
1340 5519 1435 5574 per
1467 5519 1682 5558 onmem
1713 5502 1953 5572 Scripluo

377 5610 492 5648 ram
519 5595 586 5647 ad
615 5595 876 5662 propositi
898 5594 1366 5651 conﬁrmationem
1395 5597 1518 5650 licet
1542 5609 1779 5657 sumere,
1806 5576 1951 5662 quod

381 5684 580 5740 talibus
631 5685 895 5742 orationis
955 5687 1238 5757 particulis
1273 5688 1571 5762 Scriptura:
1610 5688 1950 5746 consuetudo

2056 4772 2150 4826 τοῦ
2185 4775 2520 4842 Μονογενοῧς
2552 4777 2918 4841 ὑποστάσεως,
2937 4779 3031 4831 καὶ
3055 4779 3129 4849 μὴ
3163 4776 3299 4832 εἶναι
3330 4780 3509 4848 λέγειν
3535 4785 3648 4854 πρὸ

2056 4865 2154 4934 τῆς
2186 4867 2508 4936 γεννήσεως,
2537 4867 2668 4920 ἀλλὰ
2712 4869 2830 4921 τότε
2860 4870 3237 4941 γεγεννῆσθαι,
3270 4873 3358 4924 ὅτε
3394 4874 3424 4924 ό
3452 4875 3646 4945 Πατὴρ

2057 4955 2329 5026 ἠϐουλήθη
2357 4975 2367 4986 ⁸
2399 4957 2458 5009 τὸ
2483 4958 2589 5028 γὰρ
2637 4963 2770 5017 τότε
2814 4966 2906 5019 καὶ
2950 4962 3070 5020 ὅτε,
3113 4962 3316 5031 κυρίως
3347 4965 3440 5015 καὶ
3471 4981 3645 5035 προσ-

2057 5048 2208 5114 φυῶς
2242 5049 2332 5100 ἐπὶ
2372 5049 2466 5118 τὴν
2523 5051 2776 5121 χρονικὴν
2818 5050 2980 5116 δεῖξιν
3021 5051 3120 5122 τὴν
3157 5055 3432 5123 σημασίαν
3465 5061 3642 5126 ςὲρει,

2059 5139 2200 5191 κατὰ
2233 5139 2329 5209 τὴν
2363 5141 2546 5211 κοινὴν
2579 5140 2685 5192 τῶν
2709 5141 2876 5209 ὑγιῶς
2908 5142 3292 5213 φθεγγομένων
3329 5147 3639 5217 συνήθειαν,

2061 5232 2317 5284 καὶκατὰ
2351 5233 2446 5301 τὴν
2480 5234 2536 5283 ἐν
2570 5236 2634 5302 τῇ
2673 5234 2860 5305 Γραφῇ
2887 5237 3188 5304 σημασίαν·
3228 5241 3366 5291 Τότε
3393 5240 3644 5306 ἐροῦσιν

2056 5321 2126 5374 ἐν
2164 5322 2288 5386 τοῖς
2351 5322 2576 5387 ἔθνεσι,
2614 5324 2728 5389 καὶ,
2764 5325 2902 5378 ’Ὅτε
2942 5326 3271 5380 ἀπέστειλα
3321 5328 3496 5398 ὑμᾶς,
3523 5330 3634 5390 καὶ,

2062 5415 2198 5466 Τότε
2225 5415 2648 5481 ὁμοιωθήσεται
2675 5417 2712 5482 ἡ
2731 5418 3038 5481 βασιλεία.
3075 5421 3183 5473 Καὶ
3214 5423 3381 5491 μυρία
3417 5423 3637 5476 τοιαῦτα

2056 5503 2143 5557 διὰ
2183 5505 2360 5575 πάσης
2407 5508 2521 5562 ἔστι
2559 5508 2778 5578 Γραφῆς
2804 5509 2882 5570 εἰς
2922 5510 3192 5575 ἀπόδειξιν
3228 5511 3318 5564 τοῦ
3344 5513 3638 5582 προκειμέ-

2053 5613 2145 5647 νου
2186 5596 2400 5659 λαϐεἰν,
2428 5597 2507 5649 ὅτι
2551 5601 2664 5662 τοῖς
2711 5599 2969 5663 τοιούτοις
2990 5601 3082 5653 τοῦ
3117 5602 3275 5670 λόγου
3307 5606 3516 5673 μορίοις
3545 5605 3633 5654 τὸν

2054 5689 2243 5761 χρόνον
2302 5690 2714 5762 ὲπισημειοῦται
2762 5693 2857 5762 τῆς
2904 5693 3123 5765 Γραιξῆς
3176 5696 3520 5767 ἠσυνήθεια.
3573 5695 3633 5748 Et
