4034 6156
331 262 434 317 ῦΠ

1461 272 1736 328 CONTRA
1776 274 2161 342 EUNOMIUM,
2201 278 2323 333 LIB.
2371 280 2453 334 Ιλ.

3483 283 3580 340 813

331 377 424 433 οὖν
452 377 638 450 χρόνος
675 379 772 432 οὐκ
815 374 915 448 ἦν,
949 379 1127 442 καθὼς
1157 381 1184 431 6
1226 381 1522 450 ἀντιλέγων
1570 387 1893 449 συντίθεται,

2013 395 2222 459 tempus
2267 392 2507 446 denotat.
2555 389 2610 446 Si
2652 393 2814 462 igitur
2858 400 3072 465 tempus
3118 410 3225 449 non
3256 404 3394 465 eral,
3438 398 3583 453 sicut

335 471 700 541 συνανῄρηται
732 471 942 534 πάντως
973 471 1064 524 xui.
1086 475 1364 546 ﬂxpovtxi}
1398 478 1641 546 σημασία
1666 497 1677 508 ·
1704 479 1904 550 ταύτης

331 563 389 615 δὲ
419 564 491 633 μὴ
525 563 706 633 οὔσης,
737 564 796 615 τὸ
822 563 989 618 ἀΐδιον
1014 566 1111 634 τῆς
1138 567 1344 629 ἐννοίας
1369 569 1508 621 κατὰ
1539 572 1719 622 πᾶσαν
1740 572 1903 640 άνάγ-

332 671 434 723 κην
491 655 977 708 ἁντεισελεύσεται·
1009 659 1074 728 τῇ
1121 658 1228 728 γὰρ
1269 658 1365 711 τοῦ
1411 660 1497 729 μὴ
1537 658 1686 726 εἶναι
1730 668 1900 735 φωνῇ,

331 742 424 796 καὶ
459 742 526 794 τὸ
567 745 712 798 ποτὲ
760 746 976 808 πάντως
1014 749 1467 804 συνυπακούεται.
1508 752 1568 803 Εἰ
1603 753 1710 822 γὰρ
1738 755 1905 824 χωρὶς

329 836 423 889 τοῦ
463 839 598 890 ποτὲ
636 837 697 889 τὸ
729 837 814 905 μὴ
847 834 999 891 εἶναι
1045 838 1214 907 λέγοι,
1249 842 1368 894 οὐδὲ
1416 841 1509 894 νῦν
1547 838 1684 895 εἶναι
1722 844 1902 898 δώσει.

332 931 394 982 Ei
425 929 480 982 δὲ
511 930 572 983 τὸ
602 929 695 982 νῦν
717 931 892 995 διδοὺς
922 933 1056 1002 πρὸς
1084 933 1147 984 τὸ
1171 933 1336 986 ἀΐδιον
1371 937 1653 1004 μάχονται,
1691 936 1906 999 πάντως

331 1023 392 1075 οὐ
413 1022 471 1075 τὸ
498 1022 725 1075 καθόλου
759 1023 832 1094 μὴ
876 1019 1033 1089 εἶναι,
1075 1025 1210 1079 ἀλλὰ
1248 1029 1306 1079 τό
1336 1044 1465 1078 ποτε
1518 1026 1589 1098 μὴ
1620 1023 1760 1079 εἶναι
1798 1029 1906 1082 δια-

331 1113 593 1183 νενόηται.
622 1113 734 1183 Τῆς
768 1115 823 1167 δὲ
859 1115 1041 1185 φωνῆς
1078 1116 1280 1186 ταύτης
1304 1117 1672 1170 ἀνυποστάτου
1702 1120 1906 1172 παντά-

333 1223 495 1260 πασιν
537 1205 722 1277 οὔσης,
771 1209 822 1260 εἰ
853 1208 925 1278 μὴ
971 1208 1102 1278 πρὸς
1132 1208 1229 1278 τὴν
1270 1209 1364 1261 τοῦ
1394 1210 1585 1279 χρόνου
1633 1212 1906 1280 σημασίαν

331 1297 603 1366 ἐρείδοιτο,
629 1298 851 1366 ἀνόητον
881 1298 946 1350 ἂν
974 1301 1058 1369 εἴη
1089 1300 1180 1351 καὶ
1206 1300 1432 1368 μάταιον
1460 1300 1522 1352 τὸ
1548 1302 1685 1370 μήτε
1718 1320 1771 1354 τι
1803 1303 1908 1372 πρὸ

329 1387 423 1441 τοῦ
458 1387 584 1440 Υἱοῦ
633 1384 772 1442 εἶναι
803 1389 1003 1457 λέγειν,
1043 1393 1176 1461 μήτε
1215 1391 1304 1443 τὸν
1337 1391 1565 1445 πάντοτε
1612 1393 1737 1445 Υίδν
1766 1389 1907 1446 εἶναι

331 1481 778 1544 κατασκευάζειν.
827 1483 890 1534 EE
926 1480 1034 1551 γὰρ
1088 1483 1226 1552 μήτε
1280 1482 1468 1549 τόπος,
1503 1485 1637 1555 μήτε
1694 1485 1906 1556 χρόνος,

334 1572 469 1641 μήτε
507 1588 589 1633 τις
627 1571 788 1640 ἑτέρα
845 1573 1020 1636 κτίσις
1061 1575 1239 1636 ἐστὶν,
1274 1576 1330 1628 ἐν
1450 1577 1549 1628 οὐκ
1591 1577 1737 1630 ἔστιν
1779 1579 1806 1629 6
1850 1582 1908 1633 έν

329 1664 470 1732 ἀρχῇ
495 1661 567 1715 ὢν
590 1663 760 1730 Λόγος
784 1702 798 1725 ,
826 1665 1158 1735 πανταχόθεν
1196 1666 1287 1718 τοῦ
1321 1667 1590 1736 δόγματος
1623 1669 1722 1738 τῆς
1759 1670 1904 1723 εὐσε-

329 1754 480 1816 ϐείας
515 1753 794 1823 ἐξῄρηται,
818 1755 877 1807 τό
911 1772 1039 1807 ποτε
1072 1756 1145 1827 μὴ
1174 1752 1311 1809 εἶναι
1351 1758 1438 1810 τὸν
1491 1758 1711 1828 Κύριον.
1759 1760 1901 1812 Οὐκ-

327 1844 421 1898 οὖν
446 1846 542 1914 οὐχ
563 1848 715 1916 ἡμῖν,
749 1844 861 1899 ἀλλ’
894 1846 1070 1917 ἑαυτῷ
1091 1848 1432 1918 διαμάχεται,
1460 1851 1487 1902 6
1513 1850 1604 1902 καὶ
1653 1849 1725 1920 μὴ
1769 1845 1906 1904 εἶναι

328 1937 424 1990 καὶ
475 1932 612 1989 εἶναι
665 1937 754 1991 τὸν
789 1939 1068 2008 Μονογενῆ
1112 1939 1470 2010 δογματίζων.
1531 1941 1619 1993 Ἐν
1672 1942 1779 2012 γὰρ
1831 1943 1908 2012 τῷ

327 2028 608 2097 ὁμολογεῖν
628 2029 815 2098 μηδενὶ
841 2029 938 2100 τὴν
960 2030 1050 2082 τοῦ
1082 2029 1211 2082 Υίοῦ
1243 2031 1378 2100 πρὸς
1399 2032 1489 2084 τὸν
1521 2033 1742 2104 Πατέρα
1771 2035 1908 2088 διαι-

333 2119 540 2189 ρεῖσθαι
584 2120 897 2188 συνάφειαν,
926 2121 986 2173 τὸ
1021 2122 1196 2175 ἀΐδιον
1230 2121 1377 2191 αὐτῴ
1415 2123 1630 2186 πάντως
1669 2143 1910 2196 προσμε-

332 2211 702 2281 μαρτύρηκεν.
733 2212 794 2264 Et
829 2211 885 2263 δὲ
917 2213 974 2264 ἐν
1009 2212 1087 2282 τῷ
1137 2213 1312 2283 Πατρὶ
1344 2213 1490 2282 λέγοι
1535 2215 1608 2285 μὴ
1639 2212 1778 2269 εἶναι
1817 2216 1908 2269 τὸν

331 2303 480 2368 Υἱδν,
504 2303 580 2372 τῷ
613 2303 838 2372 τοιούτῳ
879 2302 1021 2373 λόγῳ
1051 2303 1150 2356 οὐκ
1197 2305 1531 2375 ἀντεροῦμεν
1561 2307 1734 2371 αὐτοὶ,
1772 2308 1908 2362 ἀλλὰ

327 2395 428 2464 τὴν
472 2394 694 2464 Γραφὴν
748 2393 1184 2464 ἀντιθήσομεν,ἥ
1227 2413 1410 2466 φησιν,
1437 2399 1494 2449 ἐν
1526 2397 1603 2467 τῷ
1644 2399 1818 2469 Πατρί
1847 2417 1905 2452 τε

328 2481 468 2538 εἶναι
502 2485 592 2539 τὸν
619 2487 766 2550 Υἱὸν,
798 2488 890 2539 καὶ
919 2489 976 2539 ὲν
1014 2485 1091 2556 τῷ
1126 2486 1241 2557 Υἱῷ
1279 2488 1369 2540 τὸν
1398 2489 1617 2559 Πατέρα
1639 2505 1652 2519 ⁸
1687 2492 1749 2545 τὸ
1776 2488 1908 2544 ποτὲ

329 2575 363 2645 ἢ
399 2577 521 2640 ὅτε,
564 2576 593 2646 ἢ
633 2576 750 2629 τότε
775 2621 788 2641 ,
833 2577 906 2647 μὴ
952 2575 1304 2647 προστιθεῖσα
1340 2577 1419 2648 τῷ
1449 2579 1623 2648 λόγῳ,
1655 2580 1792 2633 ἀλλὰ
1839 2583 1905 2652 τῇ

328 2671 640 2738 ἐπυφατικῇ
670 2668 842 2738 ταύτῃ
873 2671 964 2722 καὶ
1008 2669 1257 2740 ἁπολύτῳ
1291 2673 1464 2740 φωνῇ,
1499 2671 1560 2723 τὸ
1608 2671 1776 2725 ἀΐδιον
1810 2672 1906 2726 αὑ-

325 2761 405 2832 τῷ
448 2763 860 2833 μαρτυρήσασα.
889 2760 962 2812 Τὸ
991 2760 1046 2812 δὲ
1093 2763 1517 2825 κατασκευάζειν
1549 2762 1709 2816 αὐτὸν
1750 2763 1906 2832 ἀγένα

325 2870 486 2924 νητον
521 2855 650 2922 παρ’
671 2851 828 2922 ἡμῶν
863 2851 1114 2918 λέγεσθαι
1154 2851 1242 2903 τὸν
1299 2852 1564 2920 μονογενῆ
1594 2852 1759 2917 Θεὸν,
1790 2849 1907 2906 ἶσόν

325 2945 445 2996 ἐστι
482 2941 559 3011 τῷ
589 2940 766 3006 λέγειν
816 2940 897 2991 ὅτι
954 2939 1046 2991 καὶ
1078 2937 1331 3006 γεννητὸν
1364 2932 1502 2988 εἶναι
1547 2937 1638 2990 τὸν
1688 2939 1907 3006 Πατέρα

2007 481 2358 536 refractarios
2390 484 2700 549 asseutitur,
2734 483 2980 540 funditus
3013 484 3174 539 simul
3203 486 3408 541 tollitur
3441 495 3577 542 tem-

2005 574 2207 644 poralis
2263 575 2605 644 signiﬁcatio,
2656 592 2762 645 qua
2792 577 3341 643 ειιι›1ιιιε,εῐξιει·ηῑιίιε
3395 595 3585 634 neces-

2006 667 2154 720 sario
2204 667 2426 719 omnino
2462 667 2626 719 menti
2662 674 2716 720 et
2761 666 3073 736 cogitationi
3129 680 3401 723 occurret.
3447 669 3581 724 νοιτί

2006 759 2172 818 enim,
2217 774 2319 810 non
2359 773 2489 821 esse,
2531 773 2630 810 vox
2672 757 2784 821 illa,
2833 759 3071 828 quando,
3121 774 3347 828 prorsus
3387 762 3587 815 subau-

2007 847 2172 901 d'itur.
2206 847 2260 901 Si
2283 849 2424 902 enim
2455 850 2658 919 absque
2684 849 2784 903 hac
2809 850 3076 917 particula
3101 851 3312 920 quando
3336 867 3443 904 non
3466 867 3586 906 esse

2008 937 2232 1002 diceret,
2270 954 2444 1008 neque
2470 954 2614 991 nunc
2659 954 2781 993 esse
2811 938 2987 994 daret.
3025 937 3081 992 Si
3107 940 3250 993 enim
3285 955 3428 993 nunc
3450 939 3586 993 dans

2008 1038 2131 1076 cum
2162 1034 2366 1078 aeterno
2400 1038 2622 1094 pugnat,
2652 1043 2880 1095 prorsus
2912 1043 3024 1081 non
3053 1028 3106 1081 in
3139 1029 3454 1083 universum
3481 1045 3586 1082 non

2007 1130 2148 1178 esse,
2205 1116 2299 1169 sed
2335 1117 2627 1186 aliquando
2662 1133 2767 1172 non
2814 1119 3005 1183 fuisse,
3066 1120 3411 1190 intelligitur.
3452 1119 3586 1173 Cum

2008 1214 2186 1258 autem
2227 1206 2339 1259 lucc
2374 1222 2476 1259 vox
2511 1209 2660 1260 nullo
2689 1207 2849 1262 modo
2881 1210 3052 1279 possit
3103 1210 3424 1275 subsistere,
3483 1210 3588 1265 nisi

2009 1297 2270 1366 temporis
2303 1298 2669 1368 signiﬁcantia
2721 1301 2909 1353 innixa
2943 1300 3208 1365 firmetur,
3264 1301 3490 1354 stultum
3538 1309 3590 1353 ct

2008 1407 2207 1445 vanum
2242 1406 2415 1460 neque
2445 1391 2576 1460 quid
2625 1399 2750 1446 ante
2778 1390 2975 1445 Filium
3006 1407 3127 1447 esse
3173 1391 3376 1454 dicere,
3417 1406 3591 1460 neque

2010 1497 2221 1553 semper
2249 1481 2444 1536 Filium
2489 1497 2610 1536 esse
2646 1493 2912 1537 astruere.
2955 1481 3089 1536 Nam
3134 1483 3179 1537 si
3209 1497 3386 1551 neque
3414 1482 3588 1545 locus,

2010 1588 2184 1643 neque
2224 1583 2458 1642 tempus,
2497 1588 2674 1642 neque
2701 1573 2810 1627 ulla
2841 1581 3094 1628 creatura
3139 1581 3224 1628 est
3255 1575 3360 1627 alia
3390 1574 3443 1626 in
3486 1588 3591 1641 qua

2012 1682 2120 1719 non
2168 1673 2251 1720 est
2290 1668 2381 1735 qui
2428 1667 2483 1720 in
2529 1667 2800 1736 principio
2842 1675 2960 1721 erat
2997 1664 3251 1729 Verbum,
3287 1665 3524 1734 undique
3563 1680 3598 1718 e

2011 1757 2264 1826 dogmate
2320 1756 2540 1825 pietatis
2589 1763 2898 1824 exemptum
2935 1763 3018 1809 est
3068 1754 3191 1819 hoc,
3250 1769 3444 1824 nempe
3489 1755 3595 1808 ali-

2009 1846 2230 1917 quando
2267 1862 2375 1900 non
2406 1846 2576 1902 fuisse
2605 1845 2915 1899 Dominum.
2950 1844 3068 1898 Non
3095 1845 3261 1914 igitur
3288 1846 3464 1908 nobis,
3496 1850 3590 1902 sed

2011 1940 2114 1994 sibi
2163 1939 2264 2008 ipsi
2294 1945 2581 2009 repugnat,
2623 1937 2716 2007 qui
2752 1946 2804 1990 et
2844 1952 2952 1991 non
2984 1951 3126 1997 esse,
3161 1943 3215 1989 et
3255 1951 3376 1991 esse
3406 1937 3586 1992 docet.

2009 2032 2144 2085 Nam
2185 2032 2314 2085 dum
2357 2032 2672 2094 confitetur,
2724 2029 2875 2083 nullo
2905 2029 3084 2084 medio
3112 2027 3236 2082 Filii
3275 2043 3400 2082 cum
3430 2027 3592 2083 Patre

2009 2127 2404 2181 connexionem
2464 2123 2656 2189 dividi,
2709 2124 2760 2179 ei
2825 2122 3050 2176 omnino
3114 2135 3216 2174 suo
3273 2119 3591 2174 testimonio

2009 2226 2270 2273 aeternum
2300 2216 2566 2270 attribuit.
2610 2214 2764 2279 Quod
2792 2214 2837 2268 si
2874 2213 2928 2266 in
2965 2211 3126 2265 Patre
3153 2211 3298 2265 dicat
3338 2225 3444 2264 non
3470 2225 3593 2265 esse

2010 2309 2229 2373 Filium,
2274 2309 2368 2362 tali
2405 2307 2645 2362 sermoni
2691 2322 2800 2361 non
2834 2304 2936 2374 ipsi
2977 2318 3076 2356 nos
3125 2301 3588 2363 contradiccmus,

2009 2403 2103 2459 sed
2137 2401 2476 2471 Scripturam
2531 2413 2891 2467 opponemus,
2930 2410 3051 2465 quae
3096 2393 3292 2448 asserit
3348 2393 3400 2444 in
3433 2389 3591 2443 Patre

2009 2510 2132 2550 esse
2159 2492 2378 2556 Filium,
2420 2500 2472 2547 et
2523 2492 2576 2544 in
2623 2490 2762 2544 Filio
2806 2488 3045 2548 Patrem,
3112 2485 3437 2556 particulam
3493 2485 3592 2537 ali-—

2009 2584 2246 2656 quando,
2287 2585 2370 2639 vel
2417 2583 2658 2653 quando,
2706 2581 2792 2634 vel
2824 2588 2976 2640 tunc,
3013 2577 3248 2630 orationi
3295 2591 3402 2628 non
3446 2575 3587 2643 adji-

2009 2676 2184 2740 cieus,
2205 2676 2300 2731 sed
2332 2675 2432 2728 hac
2462 2671 2779 2726 aliirmativa
2809 2678 2862 2724 et
2893 2669 3143 2723 absoluta
3175 2681 3302 2719 voce
3327 2673 3589 2718 :eternum

2011 2769 2113 2840 ipsi
2141 2769 2451 2838 assignans.
2481 2764 2636 2829 Quod
2661 2768 2839 2815 autem
2865 2760 2982 2829 ipse
3039 2759 3258 2821 astruit,
3290 2756 3588 2825 ingenitum

2010 2875 2041 2913 a
2089 2860 2248 2914 nobis
2288 2857 2635 2927 unigenitum
2672 2853 2838 2908 Deum
2886 2851 3020 2914 dici,
3053 2850 3262 2919 a'qualc
3298 2855 3382 2902 est
3430 2861 3492 2900 ac
3545 2846 3590 2900 si

2012 2951 2176 3016 dicat,
2225 2949 2370 3020 quod
2409 2950 2573 3002 etiam
2609 2947 2822 3000 Patrem
2856 2945 3096 3015 genitura
3128 2957 3248 2996 esse
3279 2941 3588 2995 delinimus.

323 3032 695 3104 διοριζόμεθα.
756 3033 866 3102 Τῆς
908 3030 1013 3101 γὰρ
1070 3028 1237 3098 αὐτῆς
1291 3028 1538 3091 ἀτοπίας,
1597 3027 1794 3096 μᾶλλον
1851 3027 1906 3079 δὲ

2016 3039 2454 3110 Ε]ιιεὰθηι,θιιῐηι
2490 3036 2868 3098 absurditatis,
2905 3035 2986 3088 vel
3029 3034 3212 3102 potius
3243 3031 3594 3101 blasphemia:

327 3123 677 3195 βλασφημίας
733 3121 1012 3190 ἑκάτερον,
1073 3118 1234 3169 Ὥστε
1290 3119 1338 3168 εἰ
1407 3117 1504 3186 μὲν
1559 3119 1908 3184 συκοφαντεῖν

325 3216 554 3284 ἔγνωκε,
587 3210 922 3283 προστιθέτω
961 3209 1053 3261 καὶ
1103 3208 1162 3260 τὸ
1195 3206 1378 3278 ἕτερον
1412 3205 1663 3276 ἔγκλημα
1683 3247 1697 3268 ,
1743 3205 1908 3275 μηδε..

327 3308 420 3370 νὸς
449 3307 779 3377 φειδόμενος.
797 3304 861 3357 δι’
895 3296 968 3357 ὧν
1005 3301 1071 3356 ἂν
1163 3300 1385 3353 δυνατὸν
1415 3298 1794 3369 χαλεπώτερον
1820 3299 1910 3351 ὲκ-

263 3401 266 3404 ’
326 3402 614 3471 τραχύνειν
643 3398 759 3451 καθ’
788 3396 941 3467 ἡμῶν
967 3395 1094 3457 τοὺς
1131 3393 1445 3454 ἀκούοντας.
1476 3393 1534 3444 Εἰ
1565 3391 1620 3444 δὲ
1648 3391 1706 3443 τὸ
1724 3391 1908 3460 ἕτερον

328 3493 532 3546 τούτων
553 3490 641 3543 διὰ
669 3489 730 3541 τὸ
759 3487 1054 3558 περιφανὲς
1080 3486 1178 3554 τῆς
1208 3482 1566 3550 συκοφαντίας
1595 3482 1693 3533 οὐκ
1729 3482 1908 3534 αἰτιᾶ-

329 3603 444 3649 ται,
477 3583 680 3651 ἀφιέτω
727 3580 820 3633 καὶ
867 3579 928 3631 τό
967 3578 1282 3646 λειπόμενον
1307 3592 1319 3604 ·
1345 3569 1462 3627 ἴσον
1507 3573 1613 3642 γὰρ
1666 3574 1744 3636 εἰς
1783 3572 1911 3626 ἀσέ-

332 3677 486 3729 ϐειαν
519 3673 698 3735 καθὼς
735 3673 947 3742 εἴρηται
976 3669 1070 3722 καὶ
1095 3666 1184 3720 τὸν
1214 3666 1339 3720 Υἰὸν
1374 3665 1665 3734 ἀγέννητον
1704 3663 1908 3730 λέγειν,

331 3769 367 3839 ἢ
410 3767 504 3820 καὶ
526 3763 782 3834 γεννητὸν
806 3763 894 3815 τὸν
926 3762 1170 3830 Πατέρα.

405 3861 470 3912 Εἰ
503 3859 599 3929 μὲν
631 3852 722 3909 οὖν
765 3852 1074 3924 εὑρίσκεταί
1098 3869 1182 3914 τις
1221 3851 1278 3903 ὲν
1319 3851 1429 3912 τοῖς
1456 3850 1584 3918 παρ’
1628 3847 1783 3919 ἡμῶν
1816 3865 1910 3916 γε-

334 3951 674 4021 γραμμένοις
703 3947 853 4018 φωνὴ
900 3945 1144 4015 τοιαύτη,
1185 3943 1250 3996 δι’
1281 3937 1348 4014 ἦς
1391 3943 1683 4012 ἀγέννητος
1728 3943 1755 3994 6
1786 3941 1913 4004 Υἱὸς

333 4041 678 4112 ὀνομάζεται,
729 4037 850 4092 καθ’
890 4034 1045 4108 ἡμῶν
1085 4035 1264 4088 αὐτῶν
1307 4033 1404 4105 τὴν
1455 4034 1691 4104 ἐσχάτην
1733 4033 1912 4102 ψῆφον

335 4135 637 4202 ἐξοίσομεν.
665 4134 726 4185 Et
752 4131 808 4184 δὲ
833 4130 1046 4200 ψευδεῖς
1090 4129 1269 4191 αἰτίας
1296 4145 1353 4180 τε
1405 4127 1498 4180 καὶ
1542 4127 1913 4195 συκοφαντίας

335 4227 456 4280 κατ’
479 4224 724 4289 ἐξουσίαν
753 4221 1115 4291 συμπλάσαει,
1143 4219 1204 4272 τὸ
1229 4217 1416 4272 δοκοῦν
1446 4218 1538 4270 ἐπὶ
1564 4217 1782 4288 διαϐολῇ
1804 4218 1912 4269 τῶν

336 4319 458 4371 καθ’
493 4318 640 4386 ἡμᾶς
669 4315 952 4384 δογμάτων
975 4311 1294 4381 λογοποιῶν,
1325 4311 1522 4379 γένοιτ’
1550 4310 1615 4364 ἂν
1641 4310 1772 4373 ἴσως
1800 4312 1910 4374 τοῖς

2014 3141 2326 3201 utrumque.
2375 3131 2556 3196 Quare
2584 3129 2627 3182 si
2651 3129 2870 3198 quidem
2916 3127 3066 3179 novit
3107 3125 3453 3187 calumniari,
3494 3124 3592 3174 ad-

2010 3227 2166 3297 jiciat
2189 3234 2243 3279 et
2276 3225 2507 3279 alterum
2537 3223 2745 3278 crimen
2775 3219 2911 3274 nihil
2944 3219 3240 3289 parcendo,
3282 3234 3391 3287 quo
3423 3218 3594 3286 possit

2018 3317 2272 3373 acerbius
2301 3329 2629 3384 exasperare
2658 3323 2848 3367 contra
2881 3327 2981 3366 nos
3021 3310 3318 3364 auditores.
3361 3309 3512 3375 Quod
3546 3310 3590 3361 si

2017 3407 2210 3462 horum
2227 3405 2474 3469 alterius,
2491 3403 2618 3474 quia
2643 3403 2714 3458 sit
2733 3401 3020 3455 manifesta
3042 3401 3335 3462 calumnia,
3361 3415 3462 3453 nos
3489 3413 3593 3451 non

2017 3503 2258 3560 accusat,
2319 3494 2550 3548 alterum
2613 3493 2775 3547 etiam
2834 3490 2981 3559 quod
3032 3497 3285 3558 superest
3333 3489 3592 3542 dimittat.

2017 3586 2268 3656 Aﬂqualis
2291 3586 2436 3640 enim
2467 3592 2549 3639 est
2572 3583 2843 3652 impietas,
2878 3583 3020 3636 sicut
3041 3581 3244 3636 dictum
3274 3578 3592 3642 est,Fi|ium

2018 3677 2320 3746 ingenitum
2356 3675 2560 3739 dicere,
2594 3674 2677 3727 vel
2710 3671 2876 3728 etiam
2908 3669 3124 3726 Patrem
3153 3672 3413 3741 genitura.

2091 3853 2150 3909 Si
2179 3853 2344 3925 igitur
2377 3851 2558 3921 aliqua
2609 3850 2664 3904 in
2695 3849 2900 3905 nostris
2936 3848 3158 3918 scriptis
3209 3862 3312 3902 vox
3347 3847 3471 3901 talis
3506 3847 3592 3900 in-

2015 3953 2252 4015 venitur,
2298 3965 2406 4020 qua
2460 3946 2633 4002 Filius
2686 3946 2966 4018 ingenitus
3013 3945 3348 4009 nominetur,
3399 3951 3594 3997 contra
3655 3941 3668 3949 ’

2017 4058 2119 4098 nos
2156 4049 2458 4096 extremum
2490 4037 2761 4093 calculum
2792 4037 3131 4091 emittemus.
3165 4033 3320 4100 Quod
3349 4033 3392 4086 si
3417 4031 3593 4085 falsas-

2020 4131 2401 4185 accusationes
2461 4136 2516 4183 et
2553 4126 2861 4180 calumnias
2925 4125 2992 4178 ad
3047 4123 3263 4177 libitum
3306 4121 3588 4188 contingit,

2021 4223 2288 4292 quidlibet
2341 4223 2397 4275 in
2473 4229 2789 4275 nostrorum
2858 4215 3204 4271 decretorum
3261 4211 3592 4267 calumniam

2019 4314 2400 4376 cunscribens,
2435 4311 2670 4366 fortasse
2705 4309 2846 4380 apud
2887 4309 3186 4375 prudentes
3255 4311 3311 4357 et
3343 4304 3457 4357 haec
3491 4315 3594 4355 no-

335 4430 400 4480 γε
427 4411 550 4464 νοῦν
581 4410 760 4479 έχουσι
803 4409 895 4462 καὶ
925 4406 1066 4476 αὕτη
1099 4407 1195 4477 τῆς
1221 4407 1277 4457 ὲν
1317 4406 1448 4474 ἡμῖν
1473 4403 1754 4466 εὐσεϐείας
1779 4402 1909 4454 ἀπό-

2021 4415 2149 4462 strae
2181 4405 2397 4475 pietatis
2428 4403 2590 4456 fuerit
2616 4399 3034 4459 demonstratio,
3073 4395 3201 4466 quia
3221 4395 3451 4449 veritate
3488 4408 3589 4462 pro

334 4505 521 4570 δειξις.
560 4504 681 4556 Ὅτι
719 4503 819 4572 τῆς
862 4499 1118 4571 ἀληθείας
1165 4497 1322 4568 ἡμῶν
1369 4492 1810 4567 ὑπερμαχούσης,
1856 4495 1916 4546 τὸ

333 4592 531 4663 ψεῦδος
562 4594 642 4655 εἰς
670 4591 1001 4663 κατηγορίαν
1030 4589 1122 4644 τοῦ
1160 4589 1429 4659 δόγματος
1470 4590 1624 4659 ἡμῶν
1652 4590 1918 4659 προεστή-

337 4701 492 4750 σατο,
526 4683 811 4753 ἀλλοτρίαν
859 4681 952 4736 τοῦ
985 4681 1252 4754 ἡμετέρου
1302 4680 1458 4748 λόγου
1494 4679 1916 4743 κατασκευάζων

335 4776 435 4848 τὴν
483 4776 580 4844 τῆς
626 4774 877 4838 ἀσεϐείας
925 4774 1160 4845 γραφήν.
1202 4773 1339 4825 Ἀλλ’
1374 4772 1522 4826 ἔστιν
1565 4774 1623 4825 ὲν
1667 4773 1916 4843 συντόμῳ

337 4870 476 4938 πρὸς
500 4868 596 4930 τὰς
617 4867 792 4930 αἰτίας
811 4866 1010 4928 ταύτας
1030 4864 1488 4935 ἀπολογήσασθαι.
1521 4865 1608 4928 Ὧς
1628 4865 1735 4936 γὰρ
1758 4866 1918 4936 ἡμεῖς

334 4959 430 5012 τὸν
456 4959 748 5029 ἀγέννητον
775 4953 914 5011 εἶναι
957 4957 1181 5025 λέγοντα
1210 4957 1300 5009 τὸν
1338 4956 1596 5028 μονογενῆ
1633 4956 1763 5009 Θεὸν
1792 4958 1919 5010 ἐπά-

339 5068 502 5122 ρατον
551 5051 831 5122 κρίνομεν,
882 5049 1024 5103 οὕτω
1076 5049 1324 5109 κάκεῖνος
1368 5047 1661 5116 ὲπαράσθω
1694 5047 1785 5100 τὸν
1844 5047 1919 5118 μὴ

339 5141 483 5198 εἷναί
528 5161 657 5198 ποτε
679 5143 771 5198 τὸν
816 5145 873 5196 ὲν
916 5144 1056 5214 ἀρχῇ
1085 5142 1214 5195 ὄντα
1262 5140 1643 5210 διοριζόμενος.
1686 5138 1781 5192 Ἐκ
1808 5139 1918 5209 γὰρ

335 5235 434 5289 τοῦ
460 5237 700 5289 τοιούτου
725 5234 1064 5305 δειχθήσεται
1083 5233 1307 5304 τρόπου,
1335 5233 1363 5284 ὃ
1385 5248 1445 5283 τε
1477 5231 1616 5283 κατὰ
1637 5228 1915 5296 ἀλήθειαν,

339 5328 438 5384 καὶ
467 5329 496 5380 6
524 5327 933 5397 συκοφαντικῶς
957 5325 1056 5388 τὰς
1090 5324 1270 5386 αἰτίας
1297 5323 1537 5390 ἐπάγων.
1573 5323 1636 5373 Et
1670 5319 1727 5372 δὲ
1757 5321 1917 5388 ἡμεῖς

342 5418 655 5489 ἀρνούμεθα
680 5417 750 5470 τὰ
771 5415 1109 5486 ἐγκλήματα,
1139 5415 1232 5469 καὶ
1257 5413 1472 5484 Πατέρα
1499 5411 1769 5480 λέγοντες,
1793 5409 1920 5462 Υἱὺν

339 5512 408 5581 τῇ
442 5512 593 5580 φωνῇ
628 5507 1066 5576 συνεπινοοῦμεν,
1096 5507 1188 5558 καὶ
1235 5506 1360 5558 Υἰὸν
1385 5505 1768 5573 ὀνομάσαντες,
1796 5502 1921 5573 ἀλη-

345 5601 453 5665 θῶς
488 5598 628 5655 εἶναί
669 5615 848 5668 φαμεν
885 5597 913 5650 6
953 5597 1188 5664 λέγεται,
1217 5596 1486 5666 γεννητῶς
1512 5599 1576 5649 ὲκ
1618 5596 1712 5648 τοῦ
1756 5597 1916 5664 ἀγενο

351 5695 509 5764 νὴτου
536 5689 709 5760 φωτὸς
749 5688 1188 5756 άπαυγασθέντα,
1228 5689 1340 5751 πῶς
1380 5690 1438 5742 οὐ
1475 5687 1734 5757 πρόδηλος
1764 5689 1798 5757 ἡ
1829 5705 1919 5741 συ-

2019 4500 2176 4554 nobis
2208 4503 2604 4568 propugnante,
2641 4492 2990 4548 mendacium
3023 4491 3075 4543 in
3109 4489 3284 4544 nostri
3319 4486 3601 4556 dogmatis

2019 4591 2424 4648 accusationem
2458 4591 2510 4642 in
2542 4588 2781 4643 medium
2805 4584 3055 4655 protulit,
3077 4582 3309 4636 alienam
3338 4597 3378 4635 a-
3402 4589 3603 4635 nostro

2019 4700 2273 4743 sermone
2331 4681 2639 4750 impietatis
2690 4679 3022 4750 scripturam
3084 4683 3434 4731 construens.
3487 4675 3592 4729 Sed

2020 4781 2286 4836 adversus
2320 4779 2420 4831 has
2449 4773 2867 4829 criminationes
2913 4769 3104 4840 paucis
3137 4769 3319 4823 verbis
3347 4768 3475 4823 licet
3503 4768 3598 4832 de-

2023 4871 2263 4926 fendere.
2291 4867 2363 4923 Ut
2394 4866 2547 4923 enim-
2587 4880 2689 4920 nos
2721 4863 3024 4934 ingenitum
3077 4876 3199 4917 esse
3253 4860 3594 4930 unigenitum

2020 4963 2192 5018 Deum
2226 4961 2318 5032 qui
2361 4964 2628 5021 autumat,
2661 4971 2786 5011 eum
2821 4953 3217 5009 exsecrabilem
3258 4952 3593 5022 judicamus,

2021 5059 2102 5113 sic
2120 5064 2173 5111 et
2190 5056 2280 5110 ille
2297 5051 2682 5108 abominabilis
2699 5058 2838 5115 esto,
2858 5048 2952 5118 qui
2978 5064 3087 5103 non
3119 5047 3291 5102 fuisse
3304 5043 3598 5115 aliquando

2021 5164 2145 5204 eum
2181 5148 2274 5218 qui
2303 5145 2502 5202 eratin
2536 5142 2808 5213 principio
2842 5141 3192 5196 determinat.
3240 5136 3375 5191 Nam
3406 5135 3595 5189 eodem

2022 5237 2182 5291 modo
2205 5233 2692 5296 demonstrabitur,
2721 5231 2924 5302 quique
2957 5228 3259 5284 secundum
3290 5223 3597 5279 veritatem,

2022 5336 2076 5383 et
2106 5329 2198 5397 qui
2231 5327 2570 5382 calumniose
2604 5323 3018 5378 criminationes
3065 5317 3303 5372 inducit.
3345 5311 3502 5378 Quod
3549 5313 3596 5365 si

2023 5435 2124 5475 nos
2155 5420 2462 5474 inﬁciamur
2495 5416 2749 5480 crimina,
2794 5423 2850 5470 et
2879 5414 3092 5465 Patrem
3128 5407 3395 5471 dicentes,
3432 5404 3598 5457 simul

2023 5513 2189 5569 etiam
2218 5511 2415 5565 Filium
2440 5511 2544 5564 hac
2573 5523 2706 5563 voce
2729 5514 2908 5559 mente
2931 5499 3292 5566 concipimus,
3316 5503 3371 5549 et
3399 5495 3596 5550 Filium

2025 5606 2392 5668 nominantes,
2458 5617 2587 5657 vere
2617 5612 2740 5653 esse
2782 5595 3019 5649 dicimus
3080 5590 3132 5644 id
3175 5588 3325 5658 quod
3368 5590 3594 5655 dicitur,

2031 5710 2123 5758 per
2161 5692 2378 5748 modum
2408 5685 2773 5756 generationis
2802 5682 2868 5737 ab
2904 5680 3152 5750 ingenita
3177 5680 3299 5736 lucc
3329 5679 3592 5746 etl‘ulgcn-
