4046 6150
465 265 569 322 ΜΞ)

1791 264 1848 322 S.
1879 262 2207 320 GRECORII
2250 260 2548 317 NYSSENI

3627 253 3740 309 820

465 395 596 448 tem,
623 381 896 453 quomodo
937 396 1042 434 non
1073 383 1391 452 propalatur
1423 384 1696 438 calumnia
1727 400 1918 438 eorum
1946 383 2038 452 qui

2161 381 2408 451 ιοφαντία
2442 379 2554 433 τῶν
2594 378 2888 449 ἀγέννητον
2918 375 3101 443 λέγειν
3132 375 3282 445 ἡμᾶς
3322 372 3413 426 τὸν
3451 371 3735 442 Μονογενῆ

465 471 813 544 Unigenitum
853 474 1154 544 ingenitum
1199 489 1300 531 nos
1351 475 1534 531 dicere
1575 475 2041 546 divulgant?Non

466 576 643 620 tamen
699 566 958 635 quoniam
1016 580 1111 636 per
1159 566 1381 622 modum
1432 568 1803 639 generationis
1863 569 2042 638 ipsum

463 664 584 704 esse
615 648 876 717 dicimus,
916 666 1040 705 eum
1075 665 1184 705 non
1218 650 1390 708 fuisse
1437 652 1734 722 aliquando
1795 668 1889 723 per
1939 654 2044 708 hoc

463 739 914 811 approbabimus.
948 737 1085 808 Quis
1106 742 1253 797 enim
1289 742 1468 798 nescit
1509 742 1885 798 immediatam
1919 759 2044 799 esse

464 833 767 889 secundum
807 835 1175 905 signiﬁcatum
1210 837 1662 892 contrarietatem
1688 838 1832 893 entis
1851 845 1904 893 et
1936 852 2042 892 non

464 925 739 982 entis?lta
777 935 834 982 ut
859 928 1090 983 alterius
1147 929 1414 984 dictorum
1446 930 1733 986 affirmatio
1779 932 2042 986 contrarii

466 1033 696 1087 prorsus
725 1019 798 1074 sit
827 1021 1069 1089 negatio.
1114 1018 1180 1072 Et
1209 1021 1672 1090 quemadmodum
1706 1038 1832 1078 esse
1900 1024 2042 1078 idem

466 1119 547 1163 est
606 1125 700 1178 per
729 1125 891 1164 omne
921 1118 1157 1190 tempus,
1202 1113 1255 1165 in
1287 1127 1396 1183 quo
1427 1114 1647 1183 quidem
1679 1115 1881 1184 aliquis
1916 1115 2044 1170 sub-

469 1201 667 1256 sistere
712 1201 846 1272 quid
889 1217 1081 1258 eorum
1131 1219 1253 1274 qum
1296 1213 1445 1270 sunt,
1497 1206 1892 1276 supposuerit:
1933 1220 2042 1261 non

467 1294 610 1348 enim
647 1296 820 1366 magis
862 1310 1008 1350 nunc
1047 1304 1130 1352 est
1178 1297 1380 1352 coelum
1424 1308 1477 1353 et
1505 1300 1713 1365 sidera,
1749 1309 1803 1354 et
1837 1301 1940 1364 sol,
1993 1309 2046 1353 et

471 1387 678 1460 reliqua
707 1403 897 1444 eorum
930 1392 1051 1459 qius
1084 1398 1232 1456 sunt,
1264 1404 1427 1460 quam
1476 1391 1591 1446 heri
1628 1399 1681 1446 et
1725 1393 2044 1448 nudiuster-

472 1481 600 1545 tius,
631 1481 880 1550 atquein
930 1480 1079 1535 omni
1123 1481 1483 1539 antecedente
1531 1491 1808 1554 tempore:
1855 1484 2044 1540 eodem

471 1571 634 1627 modo
681 1572 1048 1643 signiﬁcatum
1105 1575 1228 1645 ejus
1291 1575 1439 1646 quod
1489 1576 1690 1632 dicitur
1740 1593 1848 1633 non
1900 1594 2046 1645 esse,

471 1681 688 1734 semper
708 1666 762 1720 in
792 1666 939 1721 omni
971 1683 1036 1722 ex
1071 1683 1228 1738 aequo
1263 1669 1315 1723 id
1344 1669 1490 1740 quod
1515 1685 1625 1724 non
1661 1671 1884 1727 exsistit
1913 1687 2046 1726 con-

2148 473 2550 545 θρυλλούντων;
2578 472 2652 526 Οὐ
2698 469 2806 541 μὴν
2845 469 3034 539 ἐπειδὴ
3064 465 3340 538 γεννητῶς
3385 464 3548 518 αὑτὸν
3593 459 3740 517 εἷναί

2148 585 2346 638 φαμεν,
2373 567 2433 620 τὸ
2465 564 2539 637 μὴ
2569 561 2710 619 εἶναι
2740 562 2908 616 αὑτὸν
2941 561 3092 623 ποτε,
3120 559 3208 613 διὰ
3249 557 3408 611 τοῦτο
3437 555 3742 628 παραδεξό-

2149 658 2308 728 μεθα.
2345 657 2440 719 Τίς
2464 656 2572 726 γάρ
2602 656 2703 709 οὐκ
2730 649 2869 708 οἶδεν
2903 653 2988 706 ὅτι
3033 650 3234 721 ἆμεσός
3259 651 3407 703 ἐστιν
3435 651 3467 719 ή
3501 649 3646 701 κατά
3676 646 3743 699 τὸ

2148 749 2542 820 σημαινόμενον
2565 749 2878 810 ἐναντίωσις
2905 742 3002 796 τοῦ
3025 743 3176 805 ὄντος
3199 743 3293 794 καὶ
3320 739 3414 794 τοῦ
3448 741 3523 811 μὴ
3549 739 3739 803 δντοςς

2150 843 2311 892 Ὥστε
2347 839 2442 910 τὴν
2474 839 2567 892 τοῦ
2599 839 2785 910 ἑτέρου
2812 837 2921 890 τῶν
2966 833 3276 906 εἰρημένων
3312 831 3483 895 θέσιν,
3513 829 3743 900 ἀναίρεο

2149 950 2233 985 σιν
2266 929 2359 983 τοῦ
2387 931 2627 985 ἐναντίου
2667 929 2921 998 γενέσθαι
2958 926 3196 988 πάντως.
3230 924 3344 978 Καὶ
3370 924 3454 978 ὅτι
3484 922 3742 993 καθάπερ

2145 1024 2206 1076 τὸ
2242 1018 2382 1076 εἶναι
2408 1020 2550 1075 κατά
2596 1020 2794 1083 παντὸς
2833 1021 3027 1090 χρόνου
3060 1016 3252 1070 ταύτόν
3285 1016 3452 1081 ἐστιν,
3480 1016 3538 1066 ἐν
3581 1008 3744 1084 ᾧπερ

2147 1118 2212 1171 ἄν
2240 1135 2324 1180 τις
2367 1115 2664 1183 ὑφεστάναι
2709 1131 2763 1166 τι
2811 1111 2920 1166 τῶν
2966 1111 3135 1164 ὄντων
3170 1107 3438 1178 ὑπόθηται
3463 1124 3474 1135 ·
3518 1107 3581 1161 ού
3625 1107 3743 1178 γὰρ

2151 1210 2352 1280 μᾶλλον
2385 1205 2479 1261 νῦν
2517 1208 2664 1260 ἐστιν
2692 1204 2918 1274 οὐρανὸς
2947 1204 3040 1257 καὶ
3072 1203 3267 1272 ἄστρα,
3306 1202 3401 1254 καὶ
3436 1198 3605 1270 ἣλιος,
3643 1200 3748 1252 καὶ

2147 1301 2217 1354 τά
2240 1298 2401 1354 λοιπὰ
2426 1298 2535 1354 τῶν
2559 1298 2728 1351 ὄντων
2755 1295 2948 1368 ἢ-χθές
2981 1295 3075 1349 καὶ
3095 1293 3308 1364 πρώην,
3343 1292 3436 1345 καλ⁵
3464 1291 3628 1345 παντὶ
3661 1291 3744 1360 τῷ

2150 1394 2444 1464 προάγοντι
2474 1391 2650 1462 χρόνῳ
2673 1407 2686 1420 ·
2715 1388 2806 1442 τὸν
2831 1387 2994 1441 αὑτὸν
3023 1388 3224 1458 τρόπον
3255 1383 3468 1439 καὶτοῦ
3497 1383 3571 1455 μὴ
3598 1378 3742 1436 εἶναι

2149 1485 2209 1536 τὸ
2237 1483 2632 1554 σημαινόμενον
2657 1481 2851 1551 ἐπίσης
2876 1481 2934 1531 ἐν
2959 1479 3123 1531 παντὶ
3146 1477 3208 1531 τὸ
3229 1475 3576 1546 ἀνύπαρκτον
3601 1475 3738 1544 ἔχει.

2152 1577 2273 1629 Εἴτε
2304 1575 2444 1628 κατά
2476 1573 2535 1627 τὸ
2565 1573 2828 1645 πρότερόν
2857 1589 2961 1635 τις,
2992 1571 3102 1624 εἴτε
3127 1569 3266 1624 κατὰ
3291 1568 3350 1622 τὸ
3391 1567 3618 1638 ὕστερον
3647 1567 3740 1620 λέ-

2150 1685 2256 1736 γοι.
2283 1668 2357 1720 Οὐ
2385 1667 2494 1736 γάρ
2527 1665 2726 1736 μᾶλλον
2749 1663 2845 1716 νῦν
2868 1679 2919 1715 τι
2947 1663 3054 1716 τῶν
3084 1661 3412 1730 ὑφεστώτων
3441 1661 3542 1712 οὐκ
3569 1659 3741 1723 ἐστιν,

472 1760 629 1814 tinet.
663 1759 790 1815 Sive
822 1760 947 1830 quis
998 1760 1303 1816 secundum
1341 1763 1516 1832 prius,
1572 1762 1690 1818 sive
1740 1763 2045 1819 secundum

2161 1761 2186 1831 ἢ
2219 1763 2268 1813 εἰ
2301 1760 2561 1830 πρότερον
2587 1755 2934 1828 ἀνύπαρκτον
2954 1751 3042 1828 ἦν,
3070 1754 3207 1808 ἀλλά
3225 1747 3304 1816 εἷς
3322 1756 3351 1806 ὁ
3370 1752 3466 1806 τοῦ
3497 1752 3571 1822 μὴ
3598 1747 3749 1804 εἶναι

474 1850 745 1918 posterius
771 1851 938 1906 dicat.
998 1851 1116 1907 Non
1147 1853 1293 1909 enim
1354 1855 1526 1924 magis
1567 1871 1732 1920 nunc,
1784 1856 1915 1927 quid
1961 1872 2052 1912 eo-

474 1957 592 1994 rum
621 1958 742 2010 qua:
776 1943 1162 2009 substiterunt,
1190 1956 1430 2012 nonest,
1467 1963 1631 2017 quam
1673 1948 1720 2002 si
1754 1948 1910 2018 prius
1940 1964 2052 2004 non

472 2030 796 2096 exstitisset,
830 2033 925 2087 sed
956 2049 1065 2088 una
1100 2034 1402 2106 eademque
1433 2045 1518 2092 est
1557 2038 1778 2094 essendi
1819 2039 1962 2095 ratio
1993 2040 2049 2093 in

473 2134 540 2174 eo
569 2121 714 2190 quod
751 2138 858 2178 non
914 2134 1020 2187 est,
1086 2126 1142 2179 in
1203 2127 1352 2180 omni
1409 2129 1696 2198 temporali
1739 2131 2049 2186 intervallo.

474 2212 743 2279 Quocirca
775 2215 829 2268 in
885 2215 1216 2273 animalibus
1266 2219 1386 2285 ejus
1416 2221 1561 2288 quod
1612 2220 1713 2274 fuit
1755 2223 1808 2276 in
1867 2238 2050 2278 rerum

477 2307 752 2360 naturain
786 2307 839 2362 id
871 2307 1021 2377 quod
1068 2324 1181 2364 non
1233 2318 1317 2366 est
1367 2312 1787 2376 resolutionem,
1847 2323 1902 2368 et
1931 2315 2052 2385 ejus

476 2399 623 2469 quod
654 2401 899 2455 nondum
927 2401 982 2455 in
1023 2417 1205 2456 rerum
1232 2410 1486 2457 naturam
1521 2420 1804 2460 accessum
1831 2406 2045 2474 habuit,

476 2491 792 2546 nominibus
819 2491 1038 2561 quidem
1081 2490 1483 2561 differentibus,
1521 2509 1631 2549 non
1674 2496 2053 2553 exsistentiam

477 2581 879 2652 signiﬁcamus,
914 2581 999 2636 vel
1022 2597 1133 2635 non
1168 2582 1410 2652 genitum
1463 2582 1640 2639 fuisse
1673 2599 1702 2636 a
1761 2585 2053 2654 principio,

477 2672 564 2726 vel
616 2680 892 2725 mortuum
961 2686 1084 2725 esse
1130 2671 1373 2740 genitum
1440 2671 1731 2726 dicentes:
1772 2673 2058 2741 aequaliter

480 2770 661 2817 autem
693 2775 790 2832 per
835 2770 1128 2830 utramque
1152 2776 1365 2827 vocem,
1393 2777 1502 2816 non
1528 2762 1902 2817 exsistentiam
1927 2779 2054 2819 ora-

482 2856 633 2910 tione
679 2861 1158 2924 reprzesentamus.
1220 2851 1698 2919 Quemadmodum
1744 2854 1889 2909 enim
1939 2855 2058 2910 dies

485 2953 644 3002 nocte
679 2945 1015 3010 continetur,
1050 2946 1117 3000 ab
1152 2954 1384 3016 utraque
1409 2955 1586 3016 parte,
1618 2961 1728 3001 non
1761 2957 1942 3002 autem
1967 2948 2057 3004 di-

483 3046 684 3094 runtur
710 3039 898 3096 eodem
930 3038 1092 3094 modo
1117 3048 1298 3108 partes
1333 3054 1456 3109 quae
1491 3040 1797 3109 continent,
1837 3040 1935 3095 sed
1957 3041 2058 3096 hoc

484 3131 703 3200 quidem
749 3138 873 3202 post
904 3147 1206 3201 vesperam,
1243 3132 1373 3184 illud
1407 3147 1537 3187 vero
1572 3141 1699 3188 ante
1734 3133 2058 3196 diluculum,

484 3237 592 3278 nox
623 3231 800 3276 autem
827 3229 911 3276 est
943 3220 1087 3290 quod
1105 3221 1419 3276 declaratur
1454 3223 1761 3278 secundum
1797 3232 2060 3292 utraque:

489 3314 682 3368 eodem
720 3315 906 3380 modo,
946 3316 990 3369 si
1025 3315 1150 3384 quis
1189 3331 1256 3369 ex
1287 3324 1477 3370 mutua
1512 3317 1658 3370 inter
1683 3332 1742 3372 se
1785 3330 2064 3384 compara-

485 3407 633 3462 tione
667 3423 792 3462 cum
820 3423 884 3462 eo
913 3407 1060 3477 quod
1085 3415 1192 3471 est,
1212 3406 1359 3474 quod
1395 3423 1505 3460 non
1539 3415 1624 3461 est
1651 3407 1896 3462 vicissim
1927 3422 2064 3462 con—

486 3499 709 3565 sideret,
739 3498 1047 3553 nominabit
1103 3498 1324 3565 quidem
1372 3497 1709 3561 dill‘crenter,
1752 3499 1900 3567 quod
1938 3507 2066 3552 ante

485 3591 936 3646 constitutionem
990 3597 1046 3643 et
1100 3589 1243 3658 quod
1303 3599 1425 3658 post
1478 3590 1894 3646 dissolutionem
1944 3592 2065 3661 ejus

487 3683 634 3752 quod
670 3683 725 3736 in
765 3695 947 3736 rerum
981 3687 1175 3734 natura
1205 3681 1562 3750 substiterat;
1593 3683 1690 3736 sed
1715 3698 1879 3737 unum
1910 3698 2066 3753 pror-

490 3789 586 3827 sus
615 3772 868 3841 idemque
901 3771 1264 3840 signiﬁcatum
1294 3787 1390 3840 per
1413 3781 1648 3842 utraque
1690 3775 1975 3845 intelliget,
2011 3784 2066 3829 et

487 3863 636 3935 quod
666 3872 792 3918 ante
816 3863 1289 3925 constitutionem,
1325 3872 1378 3918 et
1405 3863 1548 3929 quod
1575 3872 1697 3934 post
1740 3865 2065 3922 dissolutio-

488 3973 612 4013 nem
635 3957 755 4026 ejus
783 3957 926 4026 quod
961 3956 1307 4011 substiterat.
1372 3955 1508 4010 Nam
1547 3971 1657 4010 non
1691 3971 1814 4012 esse
1842 3965 1896 4011 et
1945 3957 2066 4025 ejus

487 4051 633 4121 quod
665 4065 946 4119 nunquam
977 4047 1098 4114 fuit,
1164 4056 1218 4101 et
1266 4048 1388 4118 ejus
1443 4049 1591 4117 quod
1642 4057 1917 4103 mortuum
1959 4058 2065 4114 est,

488 4139 634 4196 idem
663 4147 766 4202 est,
799 4147 1024 4208 excepta
1066 4145 1278 4192 tantum
1317 4139 1596 4195 nominum
1641 4138 1967 4204 diﬂ‘erentia,
2019 4140 2065 4195 si

489 4239 675 4286 tamen
725 4229 1003 4299 cxcepcris
1039 4244 1158 4283 eam
1192 4242 1312 4298 quae
1349 4229 1404 4282 in
1446 4243 1545 4298 spe
1592 4237 1677 4284 est
1707 4230 2067 4285 resurrectio-

489 4338 636 4378 nem.
667 4322 935 4389 Quoniam
974 4322 1139 4392 igitur
1174 4323 1300 4376 vita:
1340 4322 1646 4392 principem
1694 4331 1748 4376 et
1775 4322 2067 4392 ipsammet

2154 1849 2308 1919 λόγος
2325 1851 2418 1902 ἐπὶ
2444 1847 2538 1901 τοῦ
2564 1847 2638 1918 μὴ
2664 1847 2815 1909 ὄντος
2848 1849 2906 1899 ἐν
2932 1846 3094 1900 παντὶ
3119 1845 3354 1915 χρονικῷ
3383 1844 3742 1913 διαστήματι.

2153 1943 2242 1995 Διὸ
2282 1942 2375 1995 καὶ
2403 1942 2496 1993 ἐπὶ
2538 1939 2647 1994 τῶν
2690 1937 2844 2004 ζώων
2882 1939 2983 2009 τήν
3016 1955 3075 1991 τε
3105 1936 3200 1990 τοῦ
3233 1937 3518 2006 γεγονότος
3557 1936 3637 1997 είς
3678 1933 3748 1987 τὸ

2157 2033 2231 2104 μὴ
2250 2032 2308 2087 ὂν
2339 2032 2616 2095 ἀνάλυσιν,
2647 2030 2742 2083 καὶ
2774 2028 2868 2082 τοῦ
2904 2029 3131 2101 μηδέπω
3157 2028 3256 2098 τὴν
3296 2029 3374 2091 είς
3399 2027 3463 2080 τὸ
3489 2025 3748 2095 γενέσθαι

2153 2127 2387 2197 πάροδον
2426 2125 2741 2197 ἐσχηκότος,
2785 2123 3012 2194 ὀνόμασι
3051 2123 3148 2194 μὲν
3187 2122 3465 2192 enare/4pm;
3504 2121 3605 2190 τὴν
3657 2121 3752 2172 ἁν-

2154 2217 2426 2290 υπαρξίαν
2457 2218 2813 2288 σημαίνομεν,
2841 2217 2873 2286 ἢ
2911 2216 2984 2287 μὴ
3009 2213 3336 2284 γεγενῆσθαι
3363 2213 3462 2283 τὴν
3481 2213 3676 2284 ἀρχὴν,
3709 2214 3748 2282 ἢ

2153 2308 2406 2361 τεθνάναι
2454 2308 2514 2360 τὸ
2573 2304 2910 2374 γεννώμενον
2961 2303 3230 2372 λέγοντες.
3285 2303 3510 2374 Ἐπίσης
3564 2303 3622 2355 δὲ
3677 2302 3752 2354 δι’

2157 2401 2422 2471 ἑκατέρας
2446 2403 2628 2471 φωνῆς
2649 2400 2710 2452 τὸ
2734 2399 3083 2470 ἀνύπαρκτον
3105 2395 3460 2468 παριστῶμεν
3479 2395 3556 2465 τῷ
3576 2394 3747 2465 λόγῳ.

2159 2494 2370 2566 Ὠσπερ
2396 2492 2504 2564 γὰρ
2539 2495 2573 2564 ή
2617 2494 2800 2565 ήμέρα
2833 2493 2990 2546 νυκτὶ
3023 2495 3337 2563 περιέχεται
3389 2491 3514 2544 καθ’
3550 2492 3753 2545 ἑκάτεο

2160 2603 2251 2656 ρον
2285 2586 2471 2655 μέρος,
2517 2584 2732 2652 λέγεται
2757 2585 2814 2637 δὲ
2847 2585 2945 2654 οὺχ
2993 2583 3256 2645 ὡσαύτως
3291 2583 3359 2635 τά
3399 2582 3754 2651 περιέχοντα,

2160 2676 2295 2731 ἀλλά
2320 2677 2380 2729 τὸ
2409 2677 2506 2746 μὲν
2531 2675 2670 2746 μετὰ
2697 2676 2796 2746 τὴν
2820 2676 3084 2746 ἑσπέραν,
3110 2674 3169 2727 τὸ
3192 2674 3249 2726 δὲ
3275 2673 3380 2744 πρὸ
3401 2673 3495 2726 τοῦ
3524 2672 3756 2743 ὄρθρου,

2160 2771 2255 2837 νὺξ
2281 2771 2336 2823 δὲ
2368 2771 2428 2823 τὸ
2459 2768 2789 2840 δηλούμενόν
2818 2770 2934 2821 ἐστι
2962 2768 3081 2821 κατ’
3112 2767 3398 2836 ἀμφότερα
3417 2782 3429 2793 ·
3459 2765 3555 2819 τὸν
3588 2766 3759 2819 αὐτὸν

2159 2863 2360 2934 τρόπον
2391 2863 2438 2915 εί
2465 2862 2529 2915 ἐκ
2553 2860 2648 2914 τοῦ
2681 2859 3029 2932 παραλλήλου
3056 2858 3193 2930 πρὸς
3219 2857 3280 2910 τὸ
3300 2857 3362 2910 ὃν
3394 2856 3757 2927 άντιθεωροίη

2161 2971 2244 3017 τις
2276 2954 2335 3006 τὸ
2365 2952 2440 3024 μὴ
2489 2952 2570 3018 ὃν,
2609 2951 2977 3022 κατονομάσει
3008 2950 3106 3020 μὲν
3137 2948 3411 3018 διαφόρως
3455 2947 3514 3000 τό
3547 2964 3608 3000 τε
3647 2947 3760 3016 πρὸ

2125 3036 2132 3113 ξ
2163 3050 2260 3119 τῆς
2294 3047 2604 3108 συστάσεως
2653 3045 2746 3097 καὶ
2773 3043 2834 3096 τὸ
2886 3041 3024 3112 μετά
3066 3040 3165 3112 τὴν
3192 3039 3285 3092 τοῦ
3316 3038 3614 3103 συστάντος
3643 3039 3761 3093 διά-

2166 3141 2338 3202 λυσιν,
2368 3141 2429 3191 ἒν
2465 3138 2522 3191 δὲ
2550 3137 2731 3207 νοήσει
2763 3134 2829 3186 δι’
2863 3133 3190 3204 ἀμφοτέρων
3232 3133 3294 3184 τὸ
3329 3132 3758 3202 σημαινόμενον,

2165 3229 2226 3282 τό
2255 3245 2314 3280 τε
2346 3226 2451 3298 πρὸ
2497 3225 2599 3295 τῆς
2631 3224 2967 3286 συστάσεως,
3003 3223 3097 3275 καὶ
3125 3222 3186 3274 τὸ
3220 3223 3357 3292 μετὰ
3402 3221 3502 3292 τήν
3530 3222 3626 3276 τοῦ
3657 3242 3757 3278 συ·

2169 3322 2391 3383 στάντος
2429 3319 2692 3372 διάλυσιν.
2727 3317 2802 3369 Τὸ
2831 3318 2938 3386 γάρ
2972 3314 3048 3386 μὴ
3082 3310 3242 3378 εἶναι,
3282 3314 3376 3368 τοῦ
3408 3331 3470 3366 τε
3522 3315 3597 3386 μὴ
3629 3333 3762 3383 γεν-

2162 3412 2422 3483 νηθέντος
2458 3411 2552 3464 καὶ
2577 3408 2671 3462 τοῦ
2703 3407 3026 3476 τεθνηκότος
3061 3406 3202 3477 πλὴν
3229 3406 3327 3476 τῆς
3352 3406 3621 3475 διαφορᾶς
3648 3409 3762 3460 τῶν

2167 3505 2466 3574 ὀνομάτων,
2494 3497 2611 3554 ἶσόν
2645 3503 2813 3565 ἐστιν,
2869 3499 3288 3572 ὑπεξῃρημένου
3331 3498 3425 3552 τοῦ
3472 3502 3615 3553 κατὰ
3658 3502 3762 3570 τὴν

2167 3596 2356 3651 ἐλπίδα
2386 3595 2482 3665 τῆς
2511 3592 2858 3652 ἀναστάσεως
2885 3591 3067 3658 λόγου.
3118 3590 3335 3660 Ἐπειδὴ
3367 3591 3552 3644 τοίνυν
3583 3594 3762 3662 ἀρχη-

2167 3689 2260 3757 γὸν
2281 3687 2425 3757 ζωῆς
2448 3685 2542 3738 καὶ
2588 3683 2867 3751 αὑτοζωὴν
2908 3682 3000 3736 τὸν
3038 3685 3300 3753 μονογενῆ
3325 3682 3457 3735 Θεὸν
3479 3683 3635 3754 παρὰ
3657 3685 3760 3754 τῆς

2167 3781 2390 3851 Γραφῆς
2441 3776 2862 3848 μεμαθήκαμεν,
2895 3773 2990 3827 καὶ
3026 3772 3163 3842 φῶς,
3205 3775 3299 3828 καὶ
3343 3774 3628 3842 ἀλήθειαν,
3668 3779 3760 3830 καὶ

2168 3873 2274 3925 πᾶν
2303 3871 2494 3940 ὅτιπερ
2519 3871 2666 3922 ἐστιν
2693 3868 2751 3919 ἐν
2778 3866 3001 3937 ὀνόματι
3028 3865 3122 3919 καὶ
3143 3867 3374 3936 νοήματι
3397 3866 3600 3936 τίμιον,
3637 3870 3758 3923 ἆτο-

2169 3983 2269 4018 πον
2301 3965 2394 4018 καὶ
2439 3961 2692 4025 δυσσεϐὲς
2721 3956 2858 4013 εἶναί
2903 3977 3105 4029 φαμεν,
3148 3958 3226 4028 τῷ
3262 3958 3433 4023 ὅντως
3466 3961 3584 4014 ὄντι
3634 3981 3759 4016 συν-

2169 4054 2394 4123 θεωρεῖν
2432 4052 2494 4104 τὸ
2545 4050 2603 4115 ἐξ
2647 4049 2892 4104 ἐναντίου
2946 4049 3261 4121 νοούμενον,
3309 4052 3341 4122 ἢ
3385 4050 3634 4107 διάλυσιν
3681 4055 3759 4117 είς

2169 4145 2394 4215 φθοράν,
2425 4143 2458 4213 ἢ
2485 4141 2823 4212 ἀνυπαρξίαν
2846 4141 2953 4213 πρὸ
2979 4142 3080 4213 τῆς
3102 4144 3432 4208 συστάσεως,
3463 4143 3602 4196 ἀλλά
3625 4162 3759 4200 παν-

2167 4235 2394 4307 ταχόθεν
2425 4233 2561 4303 πρὸς
2603 4231 2666 4285 τὸ
2724 4230 3057 4301 πρωιὼνιον
3095 4233 3499 4297 ἐπεκτείνοντες
3548 4235 3760 4288 ἑαυτῶν

2167 4327 2266 4397 τὴν
2294 4327 2552 4389 διάνοιαν,
2597 4322 2835 4394 οὐδαμοῦ
2867 4324 3004 4395 πρὸς
3033 4325 3093 4378 τὺ
3143 4328 3217 4396 μὴ
3261 4326 3320 4380 ὃν
3363 4330 3485 4386 ταῖς
3525 4328 3759 4391 ἐννοίαις

486 4414 655 4468 vitam
703 4414 1044 4484 unigenitum
1088 4413 1258 4468 Deum
1308 4428 1375 4470 ex
1419 4413 1705 4483 Scriptura
1744 4415 2057 4479 didicimus,

2169 4421 2405 4490 λήγομεν
2425 4433 2439 4448 ο
2461 4414 2577 4470 ἴσον
2598 4418 2676 4478 είς
2694 4415 2949 4470 ἀσέϐειαν
2969 4416 3420 4490 κρίνοντεςοίῳδή
3430 4437 3562 4472 ποτε
3585 4422 3760 4490 χρόνῳ

487 4515 542 4560 et
573 4506 768 4570 lucem,
806 4513 858 4561 et
889 4507 1200 4572 veritatem,
1244 4514 1299 4562 et
1331 4507 1603 4577 quidquid
1637 4515 1722 4562 est
1773 4508 2062 4561 nominatu

487 4586 540 4652 et
572 4597 848 4652 intellectu
878 4597 1102 4668 dignum
1154 4607 1207 4652 et
1253 4598 1597 4664 lionorabile,
1643 4597 1944 4653 absurdum
1989 4609 2067 4652 at-

487 4706 594 4760 que
623 4691 848 4762 impium
885 4689 1123 4744 dicimus
1173 4705 1318 4756 esse,
1375 4706 1504 4745 cum
1540 4705 1606 4746 eo
1654 4691 1748 4761 qui
1786 4707 1916 4746 vere
1957 4699 2062 4753 est,

488 4782 846 4851 contemplari
884 4781 1049 4836 etiam
1111 4780 1257 4850 quod
1303 4797 1334 4836 e
1383 4782 1666 4837 contrario
1719 4783 2064 4852 intelligitur,

487 4875 575 4928 vel
612 4873 1022 4929 dissolutionem
1057 4875 1111 4929 in
1163 4874 1471 4939 interitum,
1530 4875 1615 4930 vel
1655 4891 1764 4930 non
1797 4877 2067 4931 exsisten-

491 4965 622 5018 tiam
661 4972 788 5019 ante
822 4967 1291 5027 constitutionem,
1357 4966 1454 5021 sed
1485 4965 1727 5035 undique
1776 4966 2068 5037 cogitatio—

490 5075 615 5114 nem
673 5060 740 5114 ad
800 5059 850 5112 id
903 5061 1048 5128 quod
1097 5060 1293 5115 saecula
1358 5061 1638 5129 praecessit
1685 5059 2066 5122 extendentes,

488 5169 760 5226 nusquam
791 5155 857 5208 ad
911 5155 962 5209 id
995 5155 1140 5225 quod
1188 5171 1300 5210 non
1336 5163 1422 5210 est
1467 5153 1896 5224 cogitationibus
1934 5152 2068 5207 deii-

488 5249 696 5311 nimus,
747 5247 1012 5315 :equalcm
1071 5245 1409 5314 impietatem
1443 5244 1782 5312 judicantcs,
1827 5243 2065 5312 quodam

488 5343 710 5396 tandem
742 5348 989 5410 tempore
1013 5354 1110 5410 per
1132 5354 1242 5392 non
1285 5337 1664 5392 exsistcntiam
1689 5336 1931 5391 divinam
1969 5353 2068 5390 na-

489 5444 670 5488 turam
703 5433 1121 5489 circumcidere.
1168 5429 1310 5484 Idem
1345 5446 1490 5485 enim
1523 5439 1608 5486 est
1650 5439 1704 5484 et
1737 5431 1968 5487 mortale
1993 5431 2073 5485 di-

491 5538 620 5576 cere
673 5525 1036 5578 immortalem
1092 5523 1282 5584 vitam,
1344 5531 1399 5577 et
1433 5520 1624 5577 falsam
1671 5523 1956 5577 veritatem
2014 5531 2070 5578 et

494 5612 836 5666 tenebrosam
871 5616 1066 5679 lucem,
1105 5624 1159 5671 et
1193 5632 1298 5669 nun
1347 5629 1471 5670 esse
1529 5614 1580 5669 id
1622 5613 1767 5684 quod
1802 5622 1908 5669 est.
1966 5614 2069 5680 Qui

501 5703 663 5771 igitur
715 5720 821 5758 non
865 5706 980 5760 fore
1040 5707 1333 5776 aliquando
1395 5722 1504 5762 non
1565 5706 1838 5772 concedit,
1895 5722 2073 5777 neque

2171 4511 2238 4564 δι’
2265 4509 2604 4578 ἀνυπαρξίας
2634 4507 2990 4579 περικόπτειν
3019 4510 3080 4562 τὸ
3095 4506 3269 4564 Θεῖον.
3303 4511 3482 4563 Tanto
3507 4513 3619 4582 γάρ
3647 4515 3757 4565 ἐστι

2173 4603 2266 4658 καὶ⁹
2295 4601 2496 4672 θνητὴν
2519 4602 2691 4654 είπεῖν
2716 4600 2814 4671 τὴν
2847 4601 3112 4654 ἀθάνατον
3134 4601 3297 4671 ζωὴν,
3333 4602 3425 4655 καὶ
3463 4602 3635 4672 ψευδῆ
3665 4603 3759 4674 τὴν

2172 4693 2445 4764 ἀλήθειαν,
2485 4693 2577 4745 καὶ
2601 4692 2873 4744 σκοτεινὸν
2906 4691 2967 4744 τὸ
2989 4690 3124 4758 φῶς,
3166 4693 3259 4744 καὶ
3303 4693 3378 4763 μὴ
3411 4687 3553 4745 εἶναι
3584 4695 3648 4746 τὸ
3679 4695 3753 4747 ὃν.

2185 4785 2242 4838 '0
2268 4785 2446 4836 τοίνυν
2474 4783 2534 4836 τὸ
2565 4783 2638 4853 μὴ
2671 4781 2892 4836 ἔσεσθαί
2921 4798 3051 4835 ποτε
3081 4781 3156 4853 μὴ
3200 4783 3395 4848 διδοὺς,
3428 4784 3554 4837 οὐδὲ
3597 4785 3658 4838 τὸ
3687 4784 3760 4855 μή

2173 4875 2310 4932 εἷναί
2335 4894 2465 4931 ποτε
2489 4877 2832 4945 συνθήσεται,
2859 4876 3001 4930 κατά
3030 4876 3120 4928 τὸν
3147 4875 3412 4946 ἡμέτερον
3450 4875 3634 4944 λόγον,
3667 4879 3759 4946 τήν

2174 4968 2342 5039 αὐτὴν
2367 4967 2598 5022 ἀτοπίαν
2626 4967 2843 5035 φεύγων
2875 4967 2996 5020 καθ’
3028 4967 3289 5038 ἑκάτερον
3328 4966 3522 5038 μέρος’
3547 4969 3626 5031 ὡς
3654 4969 3759 5036 γὰο

2173 5061 2236 5114 τὸ
2264 5059 2618 5113 άτελέστατον
2650 5059 2749 5129 τῆς
2793 5058 2938 5128 ζωῆς
2981 5057 3076 5111 τοῦ
3115 5058 3453 5127 Μονογενοῦς
3493 5061 3599 5113 οὐκ
3639 5063 3758 5112 ἐπι-

2176 5155 2364 5209 κύπτει
2395 5151 2643 5215 Θάνατος,
2679 5149 2851 5214 οὕτως
2899 5149 3018 5203 οὐδὲ
3049 5151 3189 5204 κατά
3217 5151 3278 5204 τὸ
3306 5151 3417 5205 ἄνω
3453 5154 3486 5223 ή
3513 5153 3760 5224 ἀνυπάρ-

2177 5247 2263 5313 ξία
2287 5247 2471 5316 στήσει
2499 5243 2635 5314 πρὸς
2664 5242 2724 5295 τὸ
2748 5241 2916 5295 ἀΐδιον
2940 5241 3228 5311 αὐτοῦ’τὴν
3252 5243 3397 5313 ζωὴν
3423 5245 3722 5314 προϊοῦσαν
3742 5260 3756 5274 ·

2174 5336 2250 5398 ὼς
2277 5335 2342 5389 ἂν
2377 5332 2709 5404 πανταχόθεν
2743 5331 3038 5404 καθαρεύοι
3073 5333 3135 5385 τὸ
3179 5333 3346 5397 δντως
3389 5333 3450 5387 ὂν
3481 5335 3584 5405 τῆς
3624 5336 3759 5406 πρὸς

2176 5428 2236 5481 τὺ
2261 5427 2334 5498 μὴ
2371 5426 2538 5489 ὅντως
2569 5425 2627 5478 ὃν
2649 5425 2953 5487 κοινωνίας.
2983 5423 3081 5478 Διά
3107 5423 3264 5478 τοῦτο
3289 5426 3480 5497 πόρρω
3509 5427 3752 5494 γίνεσθαι

2177 5519 2276 5589 τῆς
2309 5517 2564 5588 τοιαύτης
2594 5516 2799 5585 πλάνης
2831 5517 2954 5578 τοὺς
2981 5514 3230 5585 μαθητάς
3259 5515 3430 5570 θέλων
3466 5521 3494 5570 ὁ
3521 5517 3726 5588 Κύριος

2177 5614 2250 5675 ὡς
2279 5612 2345 5665 ἂν
2382 5611 2456 5680 μή
2505 5625 2635 5662 ποτε
2687 5609 2778 5661 καὶ
2823 5608 2976 5661 αὐτοὶ
3017 5607 3079 5660 τδ
3112 5608 3479 5679 πρεσϐύτερον
3517 5611 3616 5679 τῆς
3662 5608 3755 5663 τοῦ

2182 5703 2516 5772 Μονογενοῦς
2569 5702 2915 5766 ὑποστάσεως
2941 5701 3356 5774 ἀναζητοῦντες,
3391 5703 3526 5774 πρὸς
3562 5703 3622 5757 τὸ
3659 5702 3758 5774 ἀν·-
