4046 6150
378 203 480 259 825
1575 210 1632 263 S.
1681 207 2001 264 GBEGORII
2040 207 2325 266 NYSSENI
3522 212 3624 268 8'34

379 325 526 372 esset
558 315 751 383 Filius,
785 320 1088 374 secundum
1116 323 1287 390 ipsos,
1337 340 1513 394 neque
1558 326 1758 379 veritas
1785 325 1947 378 nimi-

2068 326 2168 378 )εια
2198 328 2438 397 δηλονότι
2484 331 2743 399 ἐγεγόνει,
2777 331 2897 384 οὔτε
2940 333 3000 382 τὸ
3035 332 3223 401 νοητὸν
3269 330 3403 398 φῶς,
3440 328 3560 382 οὔτε
3593 330 3632 399 ἡ

385 425 505 462 rum
557 409 758 474 fuerat,
819 426 997 480 neque
1045 411 1136 465 lux
1181 424 1360 468 mente
1401 414 1730 484 cogitabilis,
1779 432 1955 485 neque

387 501 510 555 fons
542 501 683 568 vitm,
718 517 897 570 neque
942 503 995 556 in
1048 504 1370 558 universum
1434 506 1600 561 ullius
1641 507 1857 561 honesti
1904 518 1956 560 et

387 591 511 644 boui
547 599 763 664 natura.
815 593 978 662 Atqui
1043 596 1234 648 horum
1291 596 1727 666 uniuscujusque
1766 613 1952 652 exem-

385 683 568 750 ptione
595 684 740 754 quod
787 701 817 740 e
847 687 1127 741 contrario
1187 687 1533 758 intelligitur,
1571 689 1848 745 subsistit.
1893 688 1957 742 Et

386 775 431 828 si
468 775 559 828 lux
599 791 708 830 non
738 785 841 842 est,
876 793 985 832 non
1029 787 1206 849 potest
1230 778 1343 833 fieri
1373 780 1506 850 quin
1535 781 1644 835 sint
1691 780 1955 846 tenebrae,

385 873 438 918 et
467 867 521 920 in
555 867 679 922 aliis
696 869 889 923 eodem
923 872 1106 936 modo,
1159 873 1281 926 loco
1309 889 1496 926 eorum
1528 889 1650 942 quae
1694 882 1957 942 praestan-

387 957 524 1009 tiora
561 957 967 1027 intelliguntur,
1001 977 1124 1016 cum
1156 963 1351 1029 horum
1380 964 1600 1033 aliquod
1631 979 1740 1017 non
1775 964 1952 1026 adest,

390 1065 498 1102 non
531 1051 802 1120 contingit
861 1055 1198 1107 contrarium
1254 1070 1483 1124 prorsus
1519 1070 1626 1108 non
1668 1071 1791 1111 esse
1839 1055 1958 1110 loco

386 1139 706 1196 deficientis.
738 1141 879 1213 Ergo
923 1159 1154 1200 necesse
1184 1157 1268 1201 est
1325 1149 1570 1210 omnino,
1614 1148 1661 1202 si
1708 1148 1960 1202 voluntav

388 1240 493 1286 tem
528 1243 672 1288 esset
697 1235 989 1292 habiturus
1022 1236 1186 1292 Pater
1229 1237 1462 1294 faciendi
1516 1239 1712 1293 Filium
1764 1257 1958 1294 secun-

386 1325 516 1377 dum
543 1326 812 1382 haereseos
849 1344 1180 1394 sermonem,
1223 1346 1348 1385 cum
1407 1333 1542 1385 nihil
1571 1343 1719 1387 esset
1767 1348 1954 1388 eorum

387 1431 509 1484 qua:
538 1415 708 1470 Filius
741 1425 846 1482 est,
885 1419 1068 1473 omnia
1106 1420 1382 1474 contraria
1424 1421 1481 1474 in
1519 1421 1641 1490 ipso
1667 1420 1838 1476 fuisse
1859 1437 1957 1474 au-

390 1517 638 1574 tumare;
678 1524 774 1577 pro
807 1509 927 1564 luce
980 1511 1256 1575 tenebras,
1312 1527 1410 1582 pro
1449 1512 1678 1568 veritate
1724 1513 1954 1568 menda-

389 1595 558 1661 cium,
594 1614 692 1667 pro
719 1599 826 1652 vita
851 1612 1101 1667 mortem,
1122 1617 1219 1671 pro
1243 1601 1384 1657 bono
1411 1605 1636 1660 malum.
1672 1605 1776 1670 Qui
1806 1607 1953 1660 enim

389 1696 560 1754 creat,
602 1705 722 1758 qua?
755 1706 862 1744 non
889 1699 1016 1746 sunt
1049 1700 1202 1747 creat
1231 1712 1246 1760 ;
1285 1694 1559 1764 siquidem
1599 1696 1648 1750 ei
1668 1695 1812 1765 quod
1845 1705 1954 1757 est,

391 1795 496 1833 non
529 1796 669 1850 opus
693 1791 798 1847 est,
836 1794 894 1839 ut
923 1788 1000 1840 ait
1042 1786 1366 1851 Eunomius,
1423 1797 1482 1842 ut
1538 1796 1849 1860 generetur.
1891 1789 1958 1843 Iis

391 1886 520 1924 vero
577 1888 698 1942 quae
746 1891 842 1944 per
894 1878 1300 1946 oppositionem
1351 1879 1797 1945 considerantur,
1850 1896 1957 1936 non

389 1962 609 2018 aliunde
636 1967 906 2037 contingit
959 1969 1185 2023 meliora
1243 1985 1349 2024 non
1393 1985 1535 2039 esse,
1589 1986 1752 2041 quam
1785 1988 1853 2026 ex
1894 1966 1960 2026 e'o

388 2054 533 2124 quod
569 2057 680 2111 sint
719 2057 1011 2115 deteriora.
1050 2060 1175 2116 [Iam
1201 2063 1385 2131 itaque
1428 2062 1702 2117 haereseos
1737 2063 1961 2132 sapien-

390 2145 463 2198 tia
492 2145 639 2201 Patri
670 2148 816 2204 dono
851 2149 978 2214 fert,
1025 2167 1120 2220 per
1149 2168 1270 2221 quae
1301 2152 1596 2208 dedecorat
1639 2153 1760 2207 Filii
1795 2163 1959 2209 teter—

391 2238 638 2305 nitatem,
671 2242 938 2295 malorum
973 2243 1277 2313 catalogum
1313 2255 1436 2299 ante
1454 2244 1576 2299 Filii
1608 2245 1954 2304 demonstra—

390 2327 592 2382 tionem
629 2327 778 2382 Patri
806 2329 914 2385 Deo
955 2332 1256 2388 advehens.

460 2421 540 2473 Ac
573 2419 794 2489 quidem
847 2423 1033 2478 nullus
1083 2424 1381 2488 existimet,
1433 2426 1501 2480 ab
1556 2427 1660 2480 alia
1705 2437 1961 2483 creatura

391 2511 598 2566 scilicet
627 2514 798 2581 petito
825 2523 1171 2583 argumento,
1211 2532 1272 2571 ex
1309 2517 1410 2572 hac
1449 2521 1838 2576 consecutione
1861 2521 1961 2576 do-

391 2604 587 2672 gmatis
619 2604 1016 2660 absurditatem
1065 2607 1495 2663 demonstratam
1536 2618 1801 2666 evertere.
1826 2610 1960 2664 Nam

393 2695 532 2749 forte
545 2695 692 2750 dicet
720 2698 943 2766 aliquis,
965 2699 1112 2766 quod
1135 2700 1591 2768 quemadmodum
1614 2703 1812 2755 cmlum
1835 2717 1961 2755 cum

393 2801 502 2840 non
558 2795 725 2853 esset,
764 2789 898 2841 nihil
927 2796 1046 2843 erat
1082 2790 1158 2842 illi
1197 2791 1574 2853 contrarium,
1628 2791 1708 2846 sic
1737 2800 1790 2847 et
1822 2791 1962 2847 Filio

394 2878 630 2933 nondum
659 2880 860 2949 genito,
893 2881 986 2951 qui
1017 2888 1097 2935 est
1129 2882 1350 2943 veritas,
1387 2895 1492 2935 non
1532 2882 1690 2952 plane
1712 2883 1965 2953 cogimur

2059 421 2208 490 πηγὴ
2242 421 2340 490 τῆς
2386 422 2550 492 ζωῆς,
2586 422 2708 475 οὔτε
2758 425 2903 486 τινὸς
2951 424 3178 477 καθόλου
3227 422 3391 476 καλοῦ
3429 440 3489 474 τε
3538 426 3634 474 καὶ

2057 510 2260 576 ἀγαθοῦ
2297 511 2456 578 φύσις
2475 529 2488 542 °
2518 513 2653 566 ἀλλά
2684 515 2787 584 μὴν
2815 514 3014 568 τούτων
3046 515 3276 567 ἑκάστου
3303 518 3367 584 τῇ
3402 515 3636 585 ὑπεραι-

2060 601 2207 668 ρέσει
2231 601 2290 654 τὸ
2306 603 2364 666 ἐξ
2383 605 2621 657 ἐναντίου
2647 606 2934 676 νοούμενον
2959 607 3500 677 παρυφίσταται.Κα“ι
3520 623 3638 674 φωσ-

2057 692 2145 755 τὸς
2179 693 2253 762 μὴ
2284 694 2434 757 ὄντος
2466 695 2565 748 οὐκ
2597 695 2710 748 ἐστι
2742 698 2815 766 μὴ
2853 697 3040 759 σκᾶτος
3073 693 3231 758 εἶναι,
3275 697 3368 748 καὶ
3401 697 3494 749 ἐπὶ
3525 695 3642 749 τῶν

2058 783 2230 836 ἄλλων
2254 785 2532 852 ὡσαύτως,
2561 787 2676 841 ἀνθ’
2703 789 2931 842 ἑκάστου
2979 789 3085 841 τῶν
3126 789 3262 859 πρὸς
3283 789 3348 841 τὸ
3388 791 3642 859 κρεῖττον

2059 875 2380 943 νοουμένων,
2413 877 2537 930 ὅταν
2569 881 2642 950 μὴ
2689 881 2836 950 παρῇ
2877 897 2930 932 τι
2963 879 3186 942 τούτων,
3219 881 3315 932 οὐκ
3359 879 3642 949 ἐνδέχεται

2063 965 2136 1036 μὴ
2187 966 2245 1018 τὸ
2285 968 2525 1022 ἐναντίον
2576 971 2792 1034 πάντως
2839 965 2974 1023 εἶναι
3023 971 3144 1023 ἀντὶ
3187 969 3279 1022 τοῦ
3335 969 3638 1033 λείποντος.

2074 1056 2306 1128 Ἀνάγκη
2337 1054 2429 1111 οὖν
2457 1061 2603 1112 πᾶσα
2629 1062 2703 1124 ὡς
2723 1061 2914 1131 ἔμελλε
2944 1061 3116 1114 θέλειν
3134 1065 3162 1114 6
3186 1061 3371 1132 Πατὴρ
3392 1062 3484 1114 τὸν
3510 1062 3644 1114 Υίῦν

2062 1149 2285 1218 ποιῆσαι
2319 1151 2459 1204 κατά
2489 1153 2578 1204 τὸν
2601 1153 2699 1222 τῆς
2727 1153 2988 1222 αἱρέσεως
3014 1152 3192 1219 λόγον,
3227 1152 3455 1222 μηδενὸς
3487 1152 3642 1215 ὄντος

2061 1239 2166 1292 τῶν
2204 1241 2301 1293 ὅσα
2329 1244 2357 1293 6
2391 1243 2517 1306 Υἱός
2561 1244 2730 1306 ἐστιν,
2764 1244 2941 1298 πάντα
2969 1243 3036 1296 τὰ
3071 1244 3288 1296 ἐναντία
3315 1244 3445 1314 περὶ
3479 1243 3644 1297 αὑτὸν

2062 1327 2198 1385 εἶναι
2245 1332 2424 1401 λέγειν
2447 1350 2460 1365 ·
2493 1335 2613 1387 ἀντὶ
2669 1335 2760 1387 τοῦ
2808 1335 2984 1405 φωτὸς
3021 1336 3083 1388 τὸ
3133 1335 3344 1400 σκότος,
3383 1335 3502 1388 ἀντὶ
3538 1338 3642 1405 τῆς

2060 1422 2316 1494 ἀληθείας
2343 1424 2401 1476 τὸ
2429 1424 2646 1492 ψεῦδος,
2670 1425 2789 1479 ἀντὶ
2813 1425 2909 1495 τῆς
2941 1425 3090 1493 ζωῆς
3116 1424 3206 1478 τὸν
3228 1424 3482 1488 θάνατον,
3518 1426 3644 1477 ἀντὶ

2061 1511 2154 1564 τοῦ
2185 1513 2347 1566 καλοῦ
2375 1513 2433 1566 τὸ
2465 1513 2650 1566 κακόν.
2697 1515 2753 1567 '0
2779 1513 2888 1584 γὰρ
2913 1513 3132 1576 κτίζων,
3167 1512 3234 1566 τὰ
3260 1514 3336 1583 μὴ
3365 1512 3494 1566 ὄντα
3518 1514 3608 1566 κτί
3629 1546 3640 1553 -

2065 1605 2173 1668 ζει·
2204 1604 2282 1674 τῷ
2321 1605 2429 1675 γὰρ
2461 1605 2595 1668 ὄντι,
2643 1605 2822 1668 καθώς
2866 1623 3028 1675 φησιν
3062 1607 3089 1656 6
3131 1604 3418 1674 Εύνόμιος,
3463 1607 3524 1657 οὐ
3564 1605 3644 1658 δεῖ

2063 1698 2382 1767 γεννήσεως.
2411 1697 2530 1749 Τῶν
2558 1697 2614 1750 δὲ
2642 1696 2782 1749 κατὰ
2805 1695 3076 1749 ἀντίθεσιν
3108 1696 3517 1766 θεωρουμένων,
3543 1694 3646 1747 ούκ

2061 1791 2330 1860 ἐνδέχεται
2367 1789 2541 1852 ἄλλως
2577 1789 2647 1842 τὰ
2694 1788 2929 1859 κρείττω
2965 1787 3038 1858 μὴ
3074 1785 3232 1847 εἶναι,
3276 1789 3307 1858 ἢ
3357 1789 3422 1840 ὲκ
3455 1787 3548 1839 τοῦ
3571 1788 3645 1840 τά

2062 1883 2278 1954 χείρονα
2331 1878 2488 1935 εἶναι.
2531 1879 2718 1934 Ταῦτα
2753 1880 2931 1933 τοίνυν
2967 1881 3000 1949 ἡ
3031 1879 3193 1948 σοφία
3238 1879 3340 1948 τῆς
3381 1878 3646 1948 αἱρέσεως

2060 1975 2359 2045 δωροφορεῖ
2406 1973 2485 2043 τῷ
2515 1973 2709 2044 Πατρὶ,
2759 1973 2825 2025 δι’
2873 1965 2948 2025 ὧν
2983 1971 3241 2043 ἀτιμάζει
3292 1973 3386 2024 τού
3422 1971 3554 2024 Υἱοῦ
3583 1972 3650 2024 τὸ

2062 2067 2250 2129 ἀΐδιον,
2281 2067 2370 2120 τὸν
2400 2065 2510 2118 τῶν
2548 2064 2736 2119 κακῶν
2772 2064 3072 2132 κατάλογον
3109 2064 3212 2135 πρὸ
3244 2064 3344 2132 τῆς
3383 2062 3475 2116 τοῦ
3511 2063 3646 2116 Υίοῦ

2061 2159 2381 2225 ἀναδείξεως
2416 2158 2765 2229 προσάγουσα
2795 2157 2871 2227 τῷ
2902 2155 3020 2227 Θεῷ
3051 2157 3144 2209 καὶ
3172 2157 3367 2226 Πατρί.

2132 2425 2240 2479 Καὶ
2302 2424 2488 2495 μηδεὶς
2539 2423 2603 2474 ὲκ
2655 2422 2755 2491 τῆς
2807 2420 2974 2490 ἄλλης
3031 2421 3262 2482 κτίσεως
3313 2421 3648 2492 ἀνατρέπειν

2062 2510 2254 2565 οἰέσθω
2286 2510 2382 2581 τὴν
2415 2512 2478 2562 ἐκ
2505 2510 2606 2578 τῆς
2641 2508 2962 2572 ἀκολουθίας
2992 2509 3198 2580 ταύτης
3233 2509 3649 2579 ἀναδειχθεῖσαν

2063 2603 2293 2656 ἀτοπίαν
2313 2601 2404 2654 τοῦ
2429 2601 2718 2670 δόγματος.
2753 2601 2899 2671 Ἐρεί
2923 2601 3031 2671 γάρ
3056 2617 3142 2664 τις
3169 2601 3318 2671 ἴσως,
3347 2602 3428 2655 ὅτι
3453 2603 3649 2674 ὥσπερ

2065 2693 2156 2747 τοῦ
2184 2691 2412 2765 οὐρανοῦ
2449 2693 2525 2763 μὴ
2568 2693 2721 2756 ὄντος
2759 2693 2908 2746 οὐδὲν
2943 2693 3183 2747 ἐναντίον
3225 2695 3429 2764 τούτῳ·
3469 2695 3651 2760 οὕτως

2067 2787 2160 2838 καὶ
2189 2785 2281 2837 τοῦ
2327 2771 2455 2837 Υίοῦ
2495 2786 2662 2855 μήπω
2691 2784 3004 2854 γενομένου,
3035 2786 3092 2848 ὃς
3129 2787 3277 2840 ἐστιν
3308 2786 3553 2858 ἀλήθεια,
3584 2789 3650 2840 οὔ

2068 2881 2282 2942 πάντως
2303 2878 2722 2948 ἀναγκαζόμεθα
2744 2879 2805 2930 τὸ
2838 2878 3078 2932 ἐναντίον
3103 2875 3242 2930 εἶναι
3278 2879 3648 2935 συντίθεσθαι.

394 2972 734 3026 contrarium
766 2971 940 3027 fuisse
969 2975 1236 3028 confiteri.
1273 2973 1372 3027 Cui
1405 2975 1846 3043 respondendum
1873 2985 1960 3033 est

2070 2970 2209 3040 Πρὸς
2237 2968 2297 3024 ὃν
2329 2968 2470 3022 ἔστιν
2498 2970 2700 3020 εἰπεῖν’
2735 2970 2816 3022 ὅτι
2847 2968 3062 3040 οὐρανῷ
3095 2970 3194 3040 μὲν
3247 2970 3308 3023 τὸ
3330 2970 3652 3042 ἀντικείμε-

394 3064 536 3131 quod
569 3064 709 3119 coelo
738 3064 953 3133 quidem
1008 3064 1141 3118 nihil
1171 3075 1254 3118 est
1287 3065 1617 3133 oppositum,
1655 3065 1765 3120 nisi
1813 3065 1954 3122 forte

395 3156 519 3226 quis
550 3158 728 3222 ipsum
762 3172 869 3210 non
911 3171 1032 3212 esse
1074 3158 1246 3227 ipsius
1278 3173 1400 3212 esse
1442 3158 1752 3227 oppositum
1794 3158 1962 3213 dicat.

397 3247 596 3302 Virtuti
633 3256 836 3312 autem,
863 3247 1008 3318 quod
1039 3248 1338 3303 secundum
1375 3249 1565 3302 vitium
1600 3259 1684 3303 est
1736 3265 1965 3318 prorsus

395 3339 734 3395 adversatur.
772 3340 958 3395 Virtus
987 3348 1168 3394 autem
1197 3339 1483 3393 Dominus.
1534 3338 1717 3403 Quare
1762 3341 1964 3394 coelum

394 3434 440 3488 si
471 3449 578 3486 non
607 3439 748 3494 erat,
779 3430 915 3484 nihil
947 3439 1084 3493 erat,
1126 3431 1331 3483 bonum
1382 3438 1564 3484 autem
1614 3431 1658 3484 si
1703 3447 1812 3484 non
1849 3443 1968 3487 erat

394 3522 728 3576 contrarium
769 3527 906 3573 erat.
942 3518 1044 3583 Qui
1083 3518 1248 3587 igitur
1285 3519 1485 3571 bonum
1519 3534 1628 3571 non
1661 3535 1785 3574 esse
1814 3535 1966 3576 asse-

395 3613 489 3677 rit,
520 3612 720 3663 malum
767 3624 889 3662 esse
942 3608 1144 3662 invitus
1191 3607 1463 3661 fatebitur.
1522 3609 1690 3679 Atqui
1780 3610 1966 3678 Pater,

399 3703 596 3771 inquit,
628 3701 860 3753 omnino
888 3698 1126 3770 perfecta
1161 3710 1244 3755 est
1279 3701 1476 3768 virtus,
1528 3710 1581 3757 et
1615 3704 1744 3771 vita,
1792 3713 1844 3759 et
1876 3705 1968 3758 lux

399 3796 701 3855 inaccessa,
739 3793 1027 3863 omniaque
1074 3793 1287 3848 excelsa
1338 3794 1536 3849 mentis
1585 3810 1744 3850 sensa
1779 3805 1832 3850 et
1871 3811 1970 3850 no-

401 3885 544 3938 mina
578 3901 591 3936 :
620 3883 693 3936 ita
737 3892 796 3938 ut
827 3898 934 3938 non
964 3883 1033 3938 sit
1079 3885 1474 3950 necessarium,
1519 3887 1739 3955 quando
1783 3889 1970 3959 unige-

401 3977 511 4029 nita
561 3976 655 4028 lux
700 3977 941 4029 nondum
975 3987 1113 4042 erat,
1167 3976 1311 4045 quod
1347 3992 1410 4030 ex
1463 3978 1690 4034 adverso
1729 3985 1972 4037 occurrit

400 4086 465 4124 ex
515 4069 795 4122 contrario
842 4067 1092 4137 intelligi,
1150 4083 1344 4137 nempe
1397 4070 1669 4124 tenebras.
1719 4069 1825 4126 Sed
1885 4074 1972 4128 hic

402 4177 555 4216 meus
612 4167 696 4214 cst
753 4174 959 4223 sermo,
1016 4159 1158 4228 quod
1212 4175 1388 4230 neque
1434 4176 1674 4230 unquam
1734 4163 1973 4219 tenebrae

399 4259 577 4307 erant.
620 4249 806 4320 Neque
853 4251 996 4304 enim
1031 4265 1268 4320 unquam
1321 4267 1429 4304 non
1462 4249 1563 4304 fuit
1596 4251 1686 4305 lux
1718 4271 1729 4306 ε
1757 4267 1973 4323 semper

2066 3064 2154 3116 νόν
2177 3065 2324 3115 ἐστιν
2347 3061 2518 3124 οὐδὲν,
2551 3063 2599 3113 εἰ
2623 3061 2696 3130 μὴ
2725 3058 2833 3130 ἄρα
2852 3059 2929 3132 τῷ
2956 3057 3094 3115 εἶναι
3118 3062 3298 3126 αὐτὸν,
3324 3062 3386 3114 τὸ
3410 3063 3485 3132 μὴ
3507 3059 3654 3117 εἶναὲ

2066 3171 2150 3216 τις
2190 3153 2335 3221 λέγοι
2389 3152 2681 3205 ἀντίθετον.
2716 3153 2794 3223 Τῇ
2845 3152 2902 3206 δὲ
2940 3153 3106 3225 ἀρετῇ
3152 3154 3212 3206 τὸ
3266 3154 3409 3207 κατὰ
3447 3155 3656 3210 κακίαν

2069 3246 2288 3307 πάντως
2332 3243 2809 3313 ἀντικαθέστηκεν.
2857 3245 3051 3316 Ἀρετὴ
3093 3245 3149 3298 δὲ
3175 3247 3203 3298 6
3237 3245 3471 3316 Κύριος·
3504 3247 3651 3302 ὥστε

2067 3338 2295 3410 οὐρανοῦ
2330 3338 2427 3407 μὲν
2464 3336 2537 3407 μὴ
2563 3336 2736 3399 ὄντος,
2763 3336 2914 3388 οὐδὲν
2937 3332 3026 3406 ἦν,
3061 3336 3266 3404 ἀγαθοῦ
3291 3337 3347 3390 δὲ
3377 3338 3450 3409 μὴ
3473 3339 3652 3405 ὄντος,

2067 3430 2128 3483 τὸ
2165 3427 2402 3481 ἐναντίον
2430 3423 2519 3498 ἦν.
2569 3427 2626 3479 '0
2650 3421 2743 3480 οὖν
2773 3426 2841 3478 τὸ.
2865 3427 3066 3495 ἀγαθὸν
3096 3427 3269 3495 λέγων
3304 3428 3378 3500 μὴ
3404 3426 3566 3494 εἶναι,
3590 3432 3656 3484 τὸ

2069 3520 2239 3575 κακὸν
2279 3517 2414 3574 εἶναι
2444 3521 2537 3574 καὶ
2567 3520 2640 3590 μὴ
2685 3519 3007 3590 βουλόμενος
3049 3520 3266 3584 πάντως
3300 3521 3655 3592 συνθησεται.

2082 3613 2243 3666 Ἀλλά
2268 3615 2362 3666 καὶ
2389 3613 2417 3664 6
2446 3611 2658 3682 Πατὴρ,
2688 3611 2840 3680 φησὶ,
2875 3611 2969 3664 καὶ
2992 3611 3264 3682 παντελής
3297 3612 3443 3666 ἐστιν
3480 3613 3656 3685 ἀρετὴ

2071 3704 2164 3758 καὶ
2203 3703 2336 3774 ζωὴ,
2389 3704 2484 3756 καὶ
2520 3701 2814 3772 ἀπρόσιτον
2846 3701 2980 3771 φῶς,
3020 3703 3114 3756 καὶ
3157 3703 3334 3756 πάντα
3366 3702 3433 3755 τὰ
3472 3704 3658 3775 ὑψηλά

2072 3796 2319 3870 νοήματά
2348 3812 2408 3848 τε
2440 3794 2535 3848 καὶ
2580 3793 2929 3864 ὀνόματα⁶ὡς
2972 3794 3046 3866 μὴ
3080 3790 3217 3849 εἶναι
3255 3797 3525 3866 ἀνάγκην,
3565 3798 3658 3850 ὅτε

2070 3888 2132 3940 τὸ
2179 3887 2463 3957 μονογενὲς
2499 3885 2614 3953 φῶς
2647 3882 2800 3937 οὔπω
2843 3879 2932 3954 ἦν,
2973 3885 3035 3938 τὸ
3080 3883 3411 3955 κατάλληλον
3454 3886 3520 3938 ἐκ
3559 3886 3659 3939 τοῦ

2073 3980 2312 4034 ἐναντίου
2347 3977 2582 4031 νοεῖσθαι
2617 3976 2824 4040 σκότος.
2862 3975 2998 4028 Ἀλλ’
3021 3972 3174 4040 οὗτος
3204 3979 3232 4030 6
3261 3978 3392 4042 ἐμός
3430 3979 3546 4031 ἐστι
3568 3979 3659 4032 λό-

2073 4089 2189 4141 γος,
2217 4072 2297 4124 ὅτι
2321 4069 2439 4122 οὐδέ
2469 4085 2599 4121 ποτε
2636 4068 2827 4129 σκότος
2847 4062 2937 4139 ἦν.
2969 4067 3102 4119 Οὐδὲ
3134 4067 3243 4138 γάρ
3281 4083 3411 4119 ποτε
3444 4069 3504 4120 τὸ
3537 4069 3658 4138 φῶς

2073 4165 2173 4218 οὐκ
2202 4160 2290 4234 ἦν,
2320 4162 2404 4214 ἀεὶ
2429 4159 2538 4231 γὰρ
2572 4161 2630 4214 ἐν
2664 4158 2742 4229 τῷ
2769 4161 2907 4227 φωτὶ
2933 4158 3109 4212 πάντα
3138 4160 3255 4212 ἐστὶ
3279 4159 3341 4212 τὸ
3378 4158 3514 4227 φῶς,
3551 4175 3657 4211 κα-

2076 4254 2182 4317 θὼς
2212 4257 2245 4324 ὴ
2275 4251 2580 4323 προφητεία
2600 4249 2767 4318 λέγει.
2791 4251 2855 4303 Εἰ
2878 4251 2935 4303 δὲ
2969 4251 3109 4304 κατά
3133 4250 3224 4303 τὸν
3248 4250 3406 4318 λόγον
3433 4253 3537 4320 τῆς
3569 4251 3662 4303 αἱ-

399 4347 545 4401 enim
578 4346 632 4400 in
663 4345 784 4399 luce
811 4344 992 4398 omnia
1021 4351 1149 4398 sunt
1189 4343 1299 4407 lux,
1336 4343 1480 4397 sicut
1510 4343 1791 4413 prophetia
1819 4344 1965 4401 dicit.

2084 4345 2303 4415 ρέσεως,
2339 4341 2468 4395 ἄλλο
2495 4341 2556 4394 τὸ
2593 4339 2885 4410 ἀγέννητόν
2924 4342 3040 4393 ἐστι
3073 4339 3205 4408 φῶς,
3249 4341 3429 4394 καὶτὸ
3468 4341 3570 4411 μὲν
3597 4342 3662 4407 ἐξ

399 4437 556 4504 Quod
599 4437 647 4493 si
693 4435 995 4492 secundum
1032 4450 1338 4491 sermonem
1381 4435 1650 4492 haereseos
1701 4436 1805 4490 alia
1851 4437 1974 4507 qui-

399 4530 523 4584 dem
562 4537 646 4585 est
669 4529 762 4583 lux
807 4527 1068 4598 ingenita,
1098 4535 1153 4583 et
1192 4527 1304 4582 haec
1351 4527 1419 4582 ab
1447 4535 1675 4592 aatcrno,
1713 4527 1817 4581 alia
1845 4544 1973 4583 vero

400 4637 522 4692 quae
556 4630 744 4691 postea
774 4629 1347 4692 generaturznecesse
1389 4629 1474 4675 est
1511 4620 1731 4690 penitus
1757 4627 1976 4676 aeternae

405 4713 513 4766 luci
557 4727 837 4781 nunquam
889 4711 1070 4764 locum
1109 4710 1357 4766 invenire
1403 4709 1707 4765 adversarii
1755 4713 1977 4780 opposi—

403 4809 518 4855 tum
545 4819 559 4866 ;
588 4817 801 4871 semper
829 4803 975 4856 enim
1008 4802 1128 4856 luce
1167 4802 1403 4866 lucente,
1443 4801 1497 4854 in
1530 4817 1592 4856 ea
1627 4802 1973 4858 tenebrarum

403 4894 648 4960 Operatio
676 4902 888 4961 tempus
909 4909 1017 4948 non
1040 4893 1221 4948 habet.
1254 4893 1313 4946 ln
1343 4908 1406 4948 ea
1437 4901 1618 4948 autem
1646 4910 1766 4963 qua:
1789 4903 1975 4964 postea

405 4985 549 5036 facta
585 4990 686 5046 est,
739 4984 879 5036 sicut
925 4983 1002 5037 illi
1051 4984 1224 5051 aiunt,
1265 4999 1371 5038 non
1405 5000 1565 5053 posse
1595 4984 1734 5048 fieri,
1771 5002 1880 5039 non
1912 5001 1974 5039 ex

403 5074 645 5130 tenebris
691 5074 868 5128 lucem
921 5075 1238 5144 splendere;
1294 5075 1390 5131 sed
1435 5077 1639 5146 passim
1670 5085 1723 5131 et
1753 5077 1978 5130 omnino

403 5178 620 5221 aeternae
651 5163 761 5219 luci
791 5173 845 5218 et
877 5164 923 5217 ei
966 5179 1089 5233 quae
1135 5167 1408 5235 posterior
1438 5167 1585 5221 facta
1619 5175 1724 5231 est,
1770 5168 1978 5222 medias

404 5259 789 5316 intercessisse
833 5257 1088 5311 tenebras
1136 5257 1598 5328 deprehendetur.
1661 5257 1778 5312 Non
1832 5258 1977 5312 enim

403 5367 543 5422 Opus
579 5351 776 5408 fuisset
807 5350 1168 5420 posteriorem
1197 5349 1340 5403 hanc
1369 5351 1545 5404 lucem
1582 5351 1840 5414 condere,
1874 5351 1980 5406 nisi

406 5446 473 5498 ad
511 5446 749 5514 aliquam
792 5444 1083 5498 utilitatem
1124 5451 1504 5513 comparatum
1548 5451 1694 5498 esset
1739 5442 1790 5498 id
1835 5443 1980 5514 quod

407 5541 646 5588 creatur.
675 5535 794 5589 Una
828 5544 1010 5590 autem
1045 5536 1187 5591 lucis
1221 5533 1451 5599 utilitas,
1485 5542 1544 5589 ut
1583 5534 1759 5605 caligo
1783 5550 1985 5605 praeva-

411 5625 529 5678 lens
560 5627 626 5679 ab
672 5628 787 5695 ipsa
824 5629 1140 5699 dissipetur.
1185 5627 1289 5686 Sed
1333 5630 1423 5682 lux
1456 5629 1674 5699 quidem
1717 5628 1977 5694 increata,

2076 4433 2267 4495 ἀϊδίου,
2292 4432 2448 4486 τοῦτο
2473 4431 2531 4484 δὲ
2565 4431 2702 4502 μετά
2721 4431 2893 4485 ταῦτα
2925 4431 3236 4500 γενόμενον,
3259 4431 3474 4503 ἀνάγκη
3503 4435 3662 4485 πᾶσα

2075 4526 2152 4596 τῷ
2195 4525 2292 4596 μὲν
2318 4524 2662 4602 ἀϊδίῳ-φωτὶ,
2700 4524 2969 4595 μηδέποτε
3005 4522 3189 4594 χώραν
3218 4527 3399 4596 εὑρεῖν
3431 4527 3664 4580 ἀντικα-

2074 4617 2335 4686 ταστῆναι
2367 4616 2428 4668 τὸ
2472 4617 2876 4686 ἀντικείμενον·
2926 4616 3016 4668 ἀεὶ
3061 4615 3170 4686 γὰρ
3204 4615 3510 4686 λάμποντος
3559 4617 3660 4670 τοῦ

2077 4711 2268 4780 φωτὸς,
2305 4712 2339 4781 ἡ
2360 4709 2609 4781 ἐνέργεια
2637 4707 2732 4761 τοῦ
2761 4708 2987 4771 σκότους
3021 4709 3106 4762 ἐπ’
3138 4707 3302 4761 αὑτοῦ
3332 4710 3523 4780 καιρὸν
3554 4711 3660 4765 οὐκ

2076 4807 2207 4877 ἔχεις
2251 4805 2375 4858 Ἐπὶ
2418 4802 2473 4855 δὲ
2512 4801 2605 4854 τοῦ
2640 4801 2776 4871 μετὰ
2813 4800 3009 4864 ταῦτα,
3041 4799 3226 4864 καθὼς
3267 4801 3466 4854 ἐκεῖνοί
3499 4819 3658 4870 φασι,

2076 4897 2376 4965 γεγονότος,
2410 4895 2688 4966 ἀμήχανον
2744 4891 2882 4946 εἶναι
2939 4891 3014 4963 μὴ
3048 4894 3111 4945 ὲκ
3146 4893 3370 4955 σκότους
3425 4894 3488 4946 τὸ
3538 4895 3660 4962 φῶς

2076 4987 2308 5057 λάμψαι,
2337 4984 2472 5038 ἀλλά
2494 4985 2670 5053 πάντη
2691 4984 2787 5036 καὶ
2819 4983 3033 5045 πάντως
3061 4981 3154 5035 τοῦ
3185 4999 3240 5035 τε
3280 4983 3450 5036 ἀϊδίου
3476 4984 3660 5053 φωτὸς

2078 5077 2296 5132 καὶτοῦ
2338 5077 2562 5146 ὕστερον
2615 5072 2902 5144 γενομένου
2948 5075 3173 5136 σκότους
3216 5075 3278 5127 τὸ
3319 5075 3485 5145 μέσον
3529 5075 3655 5128 δια-

2077 5170 2430 5241 ληφθήσεται.
2480 5167 2554 5221 Οὐ
2589 5166 2698 5236 γάρ
2735 5148 2800 5219 ἂν
2834 5168 2934 5236 τῆς
2979 5167 3324 5236 κατασκευῆς
3371 5167 3463 5219 τοῦ
3515 5169 3658 5237 μετά

2077 5263 2248 5316 ταῦτα
2284 5261 2460 5330 φωτὸς
2507 5259 2667 5330 χρεία
2701 5257 2929 5325 ἐγίνετο,
2964 5257 3012 5309 εί
3055 5257 3131 5329 μὴ
3169 5258 3306 5328 πρός
3350 5275 3402 5310 τι
3454 5260 3655 5328 χρήσι-

2083 5373 2180 5424 μον
2215 5349 2284 5425 ἦν
2326 5353 2387 5406 τὸ
2431 5351 2768 5421 κτιζόμενον.
2801 5351 2915 5405 Μία
2963 5351 3020 5403 δὲ
3071 5351 3248 5418 φωτὸς
3301 5351 3500 5420 χρῆσις
3558 5349 3652 5403 τοῦ

2079 5446 2301 5500 λύεσθαι
2331 5445 2424 5498 ἀπ’
2472 5443 2636 5496 αὐτοῦ
2666 5442 2756 5495 τὸν
2791 5441 3162 5513 ἐκκρατοῦντα
3212 5442 3396 5508 ζόφον.
3431 5442 3474 5492 Τ
3478 5441 3505 5492 ὸ
3555 5441 3652 5504 μὲν

2079 5533 2172 5591 οὖν
2207 5535 2472 5597 ἁκτίστως
2516 5529 2582 5605 ἦν
2623 5533 2756 5601 φῶς,
2797 5532 2928 5586 αὐτὸ
2963 5532 3030 5585 δι’
3081 5530 3272 5584 ἑαυτοῦ
3322 5534 3471 5584 ἐστιν
3515 5533 3647 5594 ὅπερ

2085 5625 2196 5680 ἐστὶ
2231 5629 2296 5697 τῇ
2326 5624 2502 5693 φύσει.
2528 5624 2600 5675 Τὸ
2629 5623 2682 5674 δὲ
2741 5621 3049 5692 κτιζόμενον
3076 5618 3163 5675 διά
3197 5637 3246 5673 τι
3276 5620 3482 5690 γίνεται
3516 5619 3644 5674 πάν-
