4034 6156
508 203 611 258 8'27

1749 192 1804 248 S.
1847 190 2168 248 GREGORII
2207 192 2498 250 NYSSENI

3639 192 3732 246 8'28

507 319 700 379 micat,
741 315 936 370 idcirco
966 330 1279 383 consequens
1312 321 1411 377 est,
1451 328 1610 382 neque
1655 312 1720 364 ab
1757 312 1879 365 aliis
1907 311 2078 364 Itami-

2187 311 2292 365 τῶν
2334 311 2525 365 ὄντων
2554 311 2816 380 εὕρεσιν.
2860 311 2998 364 Ἀλλ’
3042 311 3242 380 εἴποιμ’
3282 310 3349 364 ἂν
3390 309 3526 380 πρὸς
3566 311 3734 377 αὐτὸν,

509 411 662 463 nibus
705 425 886 463 eorum
941 422 1056 476 quae
1103 414 1226 458 sunt
1271 405 1618 458 iurentionent
1668 404 1861 473 attingi
1904 418 2074 471 posse.

512 501 709 558 Verum
755 500 882 554 huic
922 497 1246 558 dixerimus,
1280 495 1425 565 quod
1476 496 1569 564 qui
1621 495 1842 560 asserit,
1895 507 2076 549 rerum

511 590 882 645 inventionem
925 586 1314 656 comprehendi
1364 600 1560 655 posse,
1603 583 1693 638 via
1743 584 1975 654 quadam
2025 589 2080 637 et

509 680 914 736 eonsecutionis
970 678 1110 732 serie
1150 692 1245 746 per
1277 693 1460 731 rerum
1498 677 1886 747 cognitionem,
1923 689 2078 729 suam

508 773 922 843 intelligentiam
977 769 1244 840 provexit.
1301 768 1366 824 Et
1420 785 1516 838 per
1559 785 1621 824 ca
1677 784 1798 838 qua:
1863 768 2080 821 facilius

509 865 717 935 percipi
748 869 979 933 possunt
1007 872 1060 916 et
1090 861 1302 915 minora
1342 861 1674 915 exercitatus
1709 875 1804 929 per
1829 873 2079 928 compre-

512 956 828 1009 hensionem
861 972 875 1007 :
909 953 989 1006 sic
1037 951 1252 1006 tandem
1294 961 1348 1005 et
1389 951 1476 1005 his
1522 965 1642 1020 quae
1681 965 1897 1006 omnem
1935 947 2082 1002 noti-

510 1048 639 1099 tiam
681 1051 989 1113 .superant,
1038 1058 1194 1099 suam
1250 1042 1752 1111 comprehensivam
1812 1039 2078 1095 visionem

511 1140 625 1194 sive
662 1137 1102 1207 imaginationem
1145 1135 1428 1205 applicuit.
1463 1132 1565 1198 Qui
1614 1134 1776 1203 igitur
1818 1131 2080 1201 gloriatur

508 1227 897 1297 iactabundus,
953 1243 1012 1284 se
1048 1242 1238 1281 eorum
1281 1240 1402 1293 qua:
1450 1233 1578 1278 sunt
1622 1222 1907 1277 scientiam
1954 1220 2081 1275 ade-

513 1329 663 1390 ptum
705 1335 846 1382 esse,
882 1319 1026 1388 quod
1075 1317 1359 1370 minimum
1399 1323 1483 1370 est
1525 1329 1714 1369 eorum
1764 1329 1885 1383 qua:
1922 1312 2080 1366 nobis

512 1418 639 1464 ante
673 1410 863 1464 oculos
905 1417 1188 1477 apparent,
1235 1422 1354 1476 quae
1389 1407 1460 1460 sit
1501 1405 1621 1474 ejus
1669 1413 1870 1458 natura
1919 1402 2081 1458 nobis

511 1501 789 1569 explanct,
833 1506 890 1552 ut
937 1515 1000 1553 ex
1034 1514 1099 1553 eo
1138 1497 1282 1567 quod
1326 1505 1512 1551 notum
1560 1504 1644 1551 cst
1686 1495 1752 1550 de
1803 1509 1870 1550 eo
1914 1493 2080 1550 etiam

511 1591 659 1660 quod
717 1591 994 1645 occultum
1053 1598 1140 1644 est
1187 1599 1239 1644 ct
1283 1587 1621 1658 incognitum
1689 1585 1846 1640 fidem
1893 1585 2078 1639 faciat.

2179 406 2260 458 ὅτι
2286 407 2315 458 6
2345 403 2570 476 ἐφικτὴν
2611 399 2751 457 εἶναι
2798 403 2968 471 λέγων
3020 402 3129 455 τῶν
3165 402 3354 461 ὄντων,
3380 403 3482 472 τὴν
3514 400 3733 472 εὕρεσιν,

2177 493 2281 564 ὁδῷ
2307 511 2413 548 τινι
2469 495 2683 558 πάντως
2713 495 2806 547 καὶ
2839 492 3126 564 ἀκολουθίᾳ
3171 492 3257 547 διὰ
3299 494 3400 564 τῆς
3431 491 3541 546 τῶν
3584 493 3737 546 ὄντων

2179 587 2433 655 γνώσεως
2488 587 2802 659 προήγαγεν
2836 585 3028 641 ἑαυτοῦ
3072 586 3172 656 τὴν
3199 586 3459 640 διάνοιαν.
3491 585 3598 638 Kal
3639 588 3737 649 τοῖς

2178 678 2465 749 εὑλὴπτοις
2499 695 2557 732 τε
2589 681 2681 733 καὶ
2731 679 3072 750 μικροτέροις
3107 678 3505 748 ἐγγυμνασθεὶς
3533 677 3616 731 διὰ
3651 678 3738 747 τῆς

2178 768 2536 838 καταλήψεως
2557 785 2571 798 ·
2602 769 2774 832 οὕτως
2801 769 2895 822 καὶ
2921 770 3031 832 τοῖς
3063 767 3314 821 ἐπέκεινα
3344 768 3526 838 πάσης
3552 768 3738 829 ἐννοίας

2179 862 2442 916 ἐπέϐαλεν
2470 862 2663 916 ἑαυτοὺ
2709 861 2808 933 τὴν
2851 861 3257 933 καταληπτικὴν
3289 860 3606 929 φαντασίαν.
3651 860 3742 912 Οὑ-

2179 953 2308 1006 κοῦν
2337 955 2366 1007 6
2393 952 2490 1024 τὴν
2516 954 2641 1025 περὶ
2670 953 2780 1007 τῶν
2802 954 2970 1007 ὅντων
2997 952 3200 1024 εἴδησιν
3248 951 3630 1022 κατειληφέναι
3658 968 3740 1020 με-

2179 1044 2639 1116 γαλαυχούμενος,
2673 1045 2734 1098 τὸ
2784 1045 3108 1116 μικρότατον
3155 1044 3260 1096 τῶν
3310 1043 3740 1114 προφαινομένων

2179 1138 2330 1206 ἡμῖν,
2375 1137 2524 1200 ὅπως
2556 1137 2669 1206 ἔχοι
2719 1135 2934 1204 φύσεως
2982 1135 3394 1207 ἐρμηνευσὰτω.
3442 1135 3528 1197 Ὠς
3576 1132 3637 1186 ἂν
3667 1133 3740 1187 διὰ

2178 1227 2271 1280 τοῦ
2299 1227 2575 1298 γνωρίμου
2599 1228 2691 1282 καὶ
2721 1227 2847 1297 περὶ
2874 1226 2967 1279 τοῦ
2992 1225 3375 1296 κεκρυμμένου
3410 1225 3740 1278 πιστώσαιτο.

2179 1318 2289 1372 Kal
2337 1319 2420 1381 τίς
2465 1305 2628 1388 ἡτοῦ
2687 1318 2975 1389 μύρμηκος
3026 1317 3185 1386 φύσις
3243 1316 3632 1387 ἑρμηνευσάτω
3677 1315 3743 1384 τῷ

2179 1409 2340 1480 λόγῳ,
2386 1411 2432 1462 εί
2481 1409 2749 1478 πνεύματι
2791 1410 2885 1462 καί⁵
2922 1408 3158 1477 ἄσθματι
3204 1408 3490 1477 συνέχεται
3532 1407 3743 1476 αὑτοῦὴ

2180 1499 2315 1570 ζωὴ,
2347 1502 2396 1554 εί
2440 1501 2769 1572 σπλάγχνοις
2817 1502 3177 1571 οἰκονομεῖται
3217 1499 3614 1570 παραπλησίως
3647 1501 3743 1562 τοῖς

2180 1592 2362 1655 ἄλλοις
2404 1591 2562 1656 ζώοις
2595 1608 2609 1623 ·
2648 1593 2696 1644 εἰ
2734 1592 2940 1654 ὀστέοις
2966 1591 3025 1643 τὸ
3063 1589 3220 1660 σῶμα
3254 1589 3632 1660 περιείληπται
3654 1603 3667 1618 ο
3702 1589 3744 1639 εἰ

511 1683 840 1752 Ecquzcnam
892 1683 962 1737 sit
1003 1680 1244 1735 formica:
1289 1687 1484 1733 natura
1521 1692 1776 1734 sermone
1820 1677 2077 1745 explicet,

2187 1683 2366 1753 μυελῷ
2397 1683 2465 1737 τὰ
2491 1683 2644 1736 κοῖλα
2693 1683 2799 1738 τῶν
2834 1683 3037 1736 ὀστέων
3065 1658 3207 1736 κατὰ
3254 1658 3523 1744 τὸνέντδς,
3563 1679 3610 1731 εί
3640 1678 3745 1732 νεὺ-

513 1784 694 1828 utrum
724 1773 998 1841 Spiritu‘et
1030 1772 1199 1826 halitu
1241 1770 1361 1840 ejus
1397 1771 1504 1824 vita
1531 1771 1864 1833 continetur,
1894 1775 2078 1823 utrum

509 1867 812 1922 visceribus
837 1865 1206 1934 dispensatur,
1237 1863 1492 1918 similiter
1522 1872 1686 1932 atque
1722 1862 1842 1916 aliis
1872 1861 2081 1914 anilita-

508 1956 691 2018 libus,
748 1963 933 2009 utrum
983 1955 1206 2009 ossibus
1272 1968 1474 2022 corpus
1527 1961 1904 2008 constructum
1961 1958 2076 2014 est,

511 2053 697 2099 utrum
729 2045 967 2100 medulla
1004 2045 1212 2099 ossium
1253 2043 1516 2099 caritates
1546 2043 1698 2098 intus
1727 2043 1896 2112 plena:
1926 2049 2077 2104 sunt,

513 2152 582 2190 an
619 2138 802 2191 nervis
847 2144 900 2191 et
943 2136 1179 2190 vinculis
1217 2151 1509 2205 compages
1541 2143 1798 2190 contenta
1847 2142 1962 2201 cst;
2012 2148 2082 2186 an

510 2227 888 2281 musculorum
938 2225 1231 2278 amictibus
1265 2233 1320 2278 et
1361 2223 1596 2279 adenum
1645 2225 1759 2279 sive
1799 2222 2084 2292 glandula-

511 2333 634 2370 rum
667 2331 957 2370 nervorum
986 2315 1124 2369 situs
1147 2314 1495 2380 continetur;
1529 2327 1597 2366 an
1630 2313 1936 2368 dorsalibus
1960 2328 2081 2366 ver-

511 2409 684 2464 tebris
709 2424 737 2462 e
766 2409 1043 2477 bregmalc
1071 2405 1138 2460 ad
1169 2405 1399 2472 caudam
1436 2405 1670 2460 medulla
1703 2404 2081 2474 protenditur;

511 2517 582 2556 an
629 2500 916 2569 complexu
976 2513 1222 2552 nervosa:
1273 2497 1604 2552 membranae
1655 2496 1916 2553 membris
1961 2513 2083 2566 qua:

510 2601 802 2648 moventur
830 2591 939 2645 vim
974 2589 1598 2659 impultriccm-inserit;
1645 2603 1714 2642 an
1759 2589 1811 2641 in
1853 2587 1969 2656 ipsa
2000 2596 2085 2643 est

506 2684 668 2754 jecur
708 2691 763 2735 et
809 2680 1084 2735 folliculus
1135 2680 1295 2746 fcllis,
1347 2679 1400 2734 id
1439 2686 1545 2741 est,
1591 2686 1903 2750 expurgatm
1944 2695 1974 2733 e
2002 2679 2084 2748 je-

512 2789 640 2830 corc
662 2771 814 2826 flava:
851 2771 980 2824 bilis
1010 2770 1448 2839 receptaculum;
1488 2785 1758 2839 rcncsque
1788 2779 1840 2824 ct
1868 2784 1987 2838 cor,
2033 2781 2086 2826 et

513 2866 728 2922 arteriae
748 2872 803 2920 et
836 2878 1006 2927 vente,
1050 2863 1492 2932 membranaeque
1531 2871 1584 2916 et
1617 2862 1936 2933 praecordia,
1971 2863 2088 2921 sive

514 2967 728 3028 septum
777 2961 1186 3020 transversum;
1243 2961 1425 3008 utrum
1475 2952 1662 3024 glabra
1706 2953 1791 3007 vel
1833 2953 1956 3022 pilis
1991 2953 2086 3007 ob-
2114 2995 2157 3054 C

513 3049 713 3114 ducta;
751 3061 818 3099 an
856 3046 912 3100 in
965 3059 1169 3099 marem
1211 3053 1264 3098 ct
1311 3042 1565 3097 feminam
1607 3042 1988 3115 distinguitur;
2034 3042 2085 3096 in

512 3154 620 3209 qua
664 3147 821 3209 parte
867 3136 1116 3205 corporis
1161 3136 1245 3191 vis
1295 3134 1513 3190 videndi
1561 3134 1798 3198 insidet;
1851 3150 1917 3188 an
1958 3135 2092 3189 odo-

514 3233 670 3288 randi
708 3246 872 3286 sensu
905 3228 1134 3301 praedita
1167 3237 1288 3296 est;
1319 3244 1386 3282 an
1419 3243 1580 3282 unam
1609 3228 1805 3283 habeat
1832 3227 2089 3298 ungulam

514 3326 599 3380 vel
654 3323 973 3387 multifidas,
1025 3323 1142 3376 sive
1194 3321 1249 3376 in
1311 3321 1514 3376 multos
1562 3321 1763 3390 digitos
1821 3321 2092 3376 discretas

513 3417 712 3472 bases:
748 3415 989 3484 quandiu
1021 3413 1194 3476 vivit;
1238 3419 1292 3466 ct
1313 3412 1440 3481 quis
1471 3426 1536 3465 ex
1569 3426 1692 3466 sese
1721 3411 2092 3481 generationis

513 3509 712 3564 modus
751 3515 849 3561 :ct
902 3516 1107 3575 quanto
1167 3514 1410 3574 tempore
1459 3502 1602 3558 fctus
1649 3502 1985 3572 concipitur,
2039 3509 2094 3557 et

513 3597 790 3668 quomodo
829 3611 1007 3665 neque
1054 3595 1298 3648 formicae
1340 3610 1530 3649 omnes
1576 3591 1880 3664 pedestres,
1915 3609 2092 3664 neque

515 3690 766 3744 volucres
799 3701 1040 3768 _omnes,
1099 3684 1195 3738 scd
1257 3684 1376 3739 alia:
1431 3685 1583 3740 humi
1639 3691 1909 3756 reptant,
1973 3685 2094 3740 alite

518 3781 678 3835 aeriae
725 3777 996 3832 videntur.
1050 3776 1152 3842 Qui
1204 3776 1367 3847 igitur
1405 3792 1463 3832 se
1509 3777 1680 3846 jactat
1732 3793 1920 3832 eorum
1963 3791 2084 3848 quae

517 3883 644 3926 sunt
675 3877 926 3924 naturam
952 3870 1203 3938 adeptum
1226 3885 1368 3932 csse,
1397 3870 1554 3926 nobis
1583 3871 1818 3940 primum
1850 3868 2093 3925 formicae

518 3972 770 4017 naturam
801 3960 1060 4016 declaret.
1095 3961 1297 4016 Deinde
1320 3962 1619 4032 potentiam
1645 3963 1793 4017 illam
1821 3979 1942 4034 quae
1974 3980 2095 4020 om-

519 4069 642 4110 nem
681 4053 1021 4109 intcllcctum
1053 4062 1295 4123 superat,
1331 4054 1560 4124 physice
1606 4062 1824 4110 tractet.
1864 4055 2017 4122 Quod
2044 4057 2090 4111 si

517 4144 854 4199 brevissima:
874 4141 1119 4197 formica:
1145 4142 1512 4212 cognitionem
1542 4143 1784 4197 nondum
1815 4143 1872 4198 in
1896 4153 2091 4199 natura

519 4245 849 4292 tonsccutus
887 4245 990 4301 est,
1031 4233 1306 4305 quomodo
1349 4249 1474 4289 eum
1506 4234 1600 4304 qui
1637 4235 1693 4289 in
1745 4235 1927 4304 seipse
1969 4250 2089 4290 om-

519 4342 644 4382 nem
692 4327 1078 4399 complectitur
1137 4332 1446 4380 creaturam
1502 4326 1951 4394 comprehensiva
2003 4343 2092 4382 ra-

2186 1790 2297 1845 ροις
2346 1775 2439 1826 καὶ
2491 1774 2806 1844 συνδέσμοις
2848 1773 2946 1837 τὰς
3003 1774 3272 1844 ἁρμονίας
3328 1773 3645 1825 τετόνωται·
3701 1773 3743 1822 εί

2185 1865 2335 1937 μυῶν
2363 1865 2699 1939 περιὸολαῖς,
2725 1867 2818 1921 καὶ
2847 1866 3047 1921 ἀδένων
3079 1868 3111 1938 ἠ
3137 1866 3243 1920 τῶν
3266 1864 3477 1937 νεύρων
3511 1879 3746 1935 περικρα-

2181 1961 2354 2012 τείται
2400 1960 2579 2024 θέσις·
2630 1961 2679 2013 εί
2726 1963 2840 2024 τοῖς
2878 1961 3148 2023 νωτιαίοις
3200 1959 3518 2021 σπονδύλοις
3563 1960 3623 2010 ὲκ
3661 1955 3744 2009 τοὺ

2183 2047 2490 2119 βρέγματος
2516 2050 2608 2103 ἐπὶ
2639 2049 2700 2103 τὸ
2729 2051 2945 2120 οὐραῖον
2972 2053 3000 2104 6
3035 2049 3227 2120 μυελὸς
3257 2049 3663 2120 παρατείνεται·
3700 2048 3743 2098 εί

2180 2140 2246 2209 τῇ
2279 2139 2506 2210 περιοχῇ
2545 2137 2636 2191 τοῦ
2671 2137 2968 2208 νευρώδους
3017 2137 3232 2208 ὑμένος,
3274 2141 3391 2199 τοῖς
3434 2137 3741 2206 κινουμένοις

2187 2229 2370 2300 μέλεσι
2399 2231 2498 2299 τὴν
2531 2230 2836 2302 ὀρμητικὴν
2872 2229 3111 2283 ἐνδίδωσι
3146 2229 3381 2298 δύναμιν
3402 2249 3413 2260 υ
3451 2231 3498 2281 εἰ
3536 2229 3668 2281 ἔστιν
3696 2229 3744 2280 ἐν

2184 2321 2332 2392 αὑτῷ
2358 2321 2420 2374 τὸ
2457 2315 2632 2393 ἧπαρ,
2689 2322 2783 2375 καὶ
2815 2321 3098 2392 χοληδόχον
3139 2323 3362 2390 ἀγγεῖον
3393 2322 3482 2374 ἐπὶ
3512 2320 3598 2374 τοὺ
3620 2321 3746 2389 ἧπα-

2183 2429 2295 2476 τος,
2326 2410 2511 2482 νεφροί
2537 2427 2597 2463 τε
2627 2412 2722 2464 καὶ
2751 2409 2966 2481 καρδία,
3008 2410 3101 2465 καὶ
3134 2410 3402 2481 ἀρτηρίαι
3430 2411 3523 2463 κα)⁸
3555 2408 3738 2478 φλέϐες,

2187 2503 2381 2573 ὑμένες
2405 2519 2464 2554 τε
2496 2501 2591 2554 καὶ
2615 2501 2825 2572 φρένες,
2852 2502 2944 2554 καὶ⁸
2971 2502 3369 2572 διαφράγματα
3396 2518 3409 2531 ·
3442 2502 3530 2554 καὶ
3548 2502 3592 2553 εἰ
3612 2497 3743 2569 ψιλόν

2185 2595 2350 2659 ἐστιν,
2383 2592 2416 2664 ἢ
2472 2593 2815 2663 τετρίχωται,
2857 2593 2951 2646 καὶ
2999 2594 3047 2646 εί
3082 2592 3217 2664 πρὸς
3252 2595 3318 2646 τὸ
3367 2594 3532 2665 ἄρρεν
3573 2609 3628 2645 τε
3663 2591 3744 2645 καὶ

2187 2685 2319 2754 θῆλυ
2342 2684 2736 2755 διαμερίζεται,
2778 2685 2836 2736 ἐν
2863 2685 2967 2738 τίνι
2995 2702 3054 2738 τε
3101 2684 3260 2756 μέρει
3296 2685 3391 2738 τοῦ
3425 2686 3655 2756 σώματος
3695 2682 3744 2735 τὸ

2186 2775 2409 2830 ὀπτικὸν
2447 2775 2854 2846 ἐγκαθίδρυται.
2898 2777 3009 2829 Καὶ
3053 2777 3101 2829 εί
3141 2777 3243 2845 τῆς
3285 2777 3638 2847 όσφραντικῆς

2187 2869 2335 2940 τέχει
2373 2868 2677 2938 αἰσθήσεως
2698 2885 2711 2897 ·
2751 2870 2800 2922 εί
2832 2868 3119 2939 μονόνυχόν
3159 2869 3218 2921 τέ
3251 2870 3421 2933 ἐστιν,
3449 2869 3480 2940 ἦ
3523 2867 3743 2935 πολυσχιση

2189 2957 2296 3023 δεῖς
2321 2957 2433 3029 ἔχει
2462 2958 2560 3021 τὰς
2605 2956 2818 3028 βάσειςο
2848 2957 3011 3012 πόσον
3035 2957 3092 3012 δέ
3137 2956 3243 3027 βιοῖ
3291 2959 3477 3030 χρόνον
3507 2976 3519 2988 ·
3565 2958 3648 3011 καὶ
3675 2955 3745 3013 τίς

2189 3053 2217 3104 6
2251 3051 2451 3122 τρόπος
2477 3051 2646 3122 αὑτῆς
2675 3050 2775 3120 τῆς
2798 3049 2855 3116 ἐξ
2889 3050 3131 3120 ἀλλήλων
3163 3052 3460 3118 γενέσεως·
3493 3051 3578 3102 ἐπὶ
3605 3048 3743 3100 πόσον

2188 3143 2245 3196 δὲ
2272 3144 2555 3197 κυίσκεται
2582 3143 2644 3196 τὸ
2668 3145 2982 3216 τικτόμενον
3014 3161 3028 3174 ’
3059 3144 3154 3198 καὶ
3178 3144 3301 3209 πῶς
3324 3143 3446 3197 οὔτε
3471 3142 3612 3206 πεζοὶ
3637 3140 3744 3193 πάν-

2189 3254 2281 3299 τες
2313 3239 2361 3289 οἱ
2397 3235 2705 3308 μύρμηκες,
2747 3236 2870 3289 οὔτε
2917 3237 3215 3308 ὑπόπτεροι
3268 3237 3502 3301 πάντες·
3560 3234 3662 3287 ἀλλ’
3699 3234 3737 3283 ol

2194 3327 2312 3399 μὲν,
2338 3327 2446 3379 τῶν
2479 3329 2655 3397 χαμαὶ
2689 3328 2995 3398 ἐρχομένων
3021 3329 3160 3382 είσὶν
3182 3367 3196 3390 ,
3228 3332 3282 3397 oi
3308 3329 3365 3382 δὲ
3401 3328 3610 3398 διαέριοι
3635 3322 3735 3391 φαί-

2191 3435 2391 3473 νονται.
2429 3418 2486 3472 Ὀ
2514 3418 2691 3471 τοίνυν
2717 3419 2824 3471 τῶν
2851 3418 3018 3472 ὄντων
3041 3419 3430 3491 κατειληφέναι
3456 3420 3549 3488 τὴν
3569 3415 3742 3486 γνῶσιν

2191 3507 2511 3580 κομπάζων,
2541 3509 2678 3572 τέως
2705 3511 2834 3579 ἡμῖν
2863 3509 2958 3580 τὴν
2987 3509 3082 3562 τοῦ
3108 3510 3402 3582 μύρμηκος
3431 3510 3580 3581 φύσιν
3601 3524 3737 3578 φανε-

2194 3602 2444 3671 ρωσόπω.
2493 3597 2605 3654 Εἴθ’
2662 3599 2804 3654 οὑτω
2854 3601 3242 3668 φυσιολογείτω
3286 3603 3384 3674 τὴν
3431 3601 3595 3656 πάντα
3635 3598 3738 3651 νοῦν

2193 3689 2562 3761 ὑπερέχουσαν
2591 3689 2840 3759 δύναμιν.
2873 3690 2935 3742 Εἰ
2964 3688 3019 3742 δὲ
3049 3690 3145 3742 τοῦ
3179 3688 3517 3762 βραχυτάτου
3555 3689 3739 3760 μύρμη·

2193 3798 2288 3846 κος
2317 3779 2469 3836 οὑπω
2509 3780 2796 3852 περιέλαϐε
2839 3785 2904 3853 τῇ
2949 3782 3104 3850 φύσει
3140 3783 3240 3854 τὴν
3283 3785 3498 3852 γνῶσιν,
3533 3781 3637 3842 πῶς
3663 3778 3739 3830 τὸν

2192 3876 2250 3928 ἐν
2274 3873 2451 3945 ἐαυτῷ
2485 3875 2662 3928 πᾶσαν
2691 3873 3124 3943 περικρατοὺντα
3152 3875 3253 3945 τὴν
3290 3875 3462 3929 κτίσιν
3495 3873 3565 3942 τῷ
3598 3887 3734 3924 κατα-

2193 3966 2442 4038 ληπτικῷ
2490 3966 2902 4038 περιειληφέναι
2956 3966 3098 4038 λόγῳ
3156 3969 3603 4038 μεγαλαυχεῖταις
3648 3960 3735 4012 Καὶ

2191 4059 2319 4121 τοὺς
2350 4059 2413 4110 τὸ
2452 4057 2673 4121 ἀσθενὲς
2700 4058 2799 4127 τῆς
2833 4057 3177 4128 ἀνθρωπίνης
3208 4059 3425 4127 φύσεως
3455 4057 3534 4126 ἐφ’
3560 4049 3732 4108 ἑαυτῶν

2193 4149 2587 4220 ὁμολογοῦντας
2614 4149 2946 4202 ἐσκοτῶσθαι
2979 4149 3125 4218 λέγει
3152 4151 3220 4203 τὰ
3243 4151 3344 4220 τῆς
3378 4149 3544 4220 ψυχῆς
3574 4141 3732 4208 αἰσθη-

2192 4242 2378 4311 τήρια,
2410 4241 2504 4294 καὶ
2553 4242 2690 4312 μήτε
2721 4241 2867 4304 τινὸς
2913 4241 3023 4294 τῶν
3055 4241 3266 4313 πρόσω,
3316 4243 3449 4313 μήτε
3493 4238 3592 4291 τῶν
3619 4231 3732 4300 ὑπὲρ

2193 4333 2434 4404 κεφαλῆς
2465 4334 2821 4402 ἐφικνεῖσθαι.

513 4419 666 4476 tione
699 4437 758 4476 se
797 4422 1141 4490 complexum
1188 4431 1312 4472 esse
1341 4416 1736 4486 gloriabundus
1767 4419 2017 4486 jactitat?
2051 4432 2103 4477 et
2139 4438 2236 4480 eos
2308 4426 2526 4480 interim
2582 4426 2674 4495 qui
2735 4426 2987 4482 humana:
3041 4436 3250 4482 natura:
3304 4427 3647 4483 infirmitatem
3687 4416 3732 4469 in

518 4512 824 4582 semetipsis
876 4511 1119 4566 sentiunt
1151 4515 1204 4562 et
1250 4506 1512 4571 fatentur,
1546 4505 1711 4560 animi
1753 4509 2021 4565 sentiendi
2056 4511 2422 4569 instrumenta
2462 4515 2708 4571 tenebris
2758 4523 2814 4571 et
2865 4517 3098 4586 caligine
3147 4517 3329 4572 obsita
3367 4526 3420 4572 et
3457 4515 3616 4568 offusa
3656 4508 3730 4562 ha-

517 4607 648 4662 bere
680 4605 832 4671 dicit,
863 4619 1040 4672 neque
1076 4601 1373 4671 quidquam
1403 4615 1594 4656 eorum
1632 4614 1753 4670 quae
1783 4608 1908 4656 sunt
1957 4612 2080 4657 ante
2115 4605 2300 4673 pedes,
2334 4619 2514 4675 neque
2545 4621 2713 4675 supra
2747 4616 2910 4678 caput
2943 4607 3226 4677 attingere.

589 4697 694 4752 Sed
731 4697 824 4765 qui
848 4711 1035 4751 eorum
1068 4710 1187 4763 qua:
1218 4702 1345 4749 sunt
1379 4693 1743 4762 cognitionem
1776 4694 1958 4759 habet,
2007 4695 2083 4748 vi-
2117 4701 2160 4755 D

517 4789 746 4842 deamus
793 4785 921 4854 quid
965 4801 1131 4854 supra
1178 4783 1314 4838 alios
1371 4785 1496 4838 scit.
1543 4783 1675 4852 Ejus
1719 4785 1982 4839 tumidam
2036 4797 2090 4842 et

519 4875 761 4931 inflatam
799 4890 987 4930 vocem
1019 4873 1324 4928 audiamus.
1367 4871 1478 4938 γει,
1517 4873 1715 4942 inquit,
1744 4874 1951 4941 frustra
1983 4875 2091 4928 Do-

518 4968 692 5022 minus
732 4965 959 5034 seipsum
989 4965 1181 5019 ostium
1221 4965 1508 5018 nominavit
1537 4981 1552 5017 :
1610 4965 1658 5017 si
1691 4965 1867 5019 nullus
1895 4975 1970 5019 est
1999 4967 2090 5036 qui

517 5058 846 5131 ingrediatur
882 5057 950 5110 ad
991 5056 1174 5112 Patris
1222 5059 1564 5128 cognitionem
1603 5067 1652 5112 et
1700 5059 2095 5127 contemplatio-

514 5171 636 5210 nem
659 5169 678 5208 :
713 5152 914 5222 [rustra
939 5149 1099 5204 etiam
1128 5149 1457 5214 via,nutlam
1499 5149 1732 5217 prtebens
1777 5153 2091 5219 facilitatem

516 5240 808 5298 volentibus
835 5239 902 5293 ad
942 5236 1153 5292 Patrem
1184 5238 1387 5292 venire:
1416 5239 1672 5308 quomodo
1710 5250 1842 5294 esset
1872 5239 1965 5293 tua:
1994 5259 2095 5296 non

516 5333 690 5386 minus
721 5331 1022 5394 illustrans,
1075 5343 1176 5380 non
1221 5325 1529 5382 illuminans
1575 5329 1738 5382 animi
1778 5330 1989 5384 oculum
2025 5333 2095 5386 ad

516 5424 864 5494 cognitionem
889 5421 1070 5492 suique
1095 5428 1143 5474 et
1168 5419 1774 5488 superemincntislucis?
1789 5419 1844 5476 Si
1874 5423 2092 5492 quidem

519 5513 785 5582 quasdam
839 5510 1290 5567 ratiocinationes
1345 5508 1508 5563 domo
1553 5509 1748 5564 allatas
1794 5512 2092 5580 explicaret

520 5607 821 5665 subtilitate
838 5624 934 5664 sua
957 5606 1290 5664 audientium
1316 5606 1724 5678 intelligentiam
1750 5606 2089 5681 effugientes,

2271 4699 2409 4753 Ἀλλ’
2431 4702 2460 4752 ὁ
2482 4700 2580 4770 τὴν
2604 4700 2802 4767 γνῶσιν
2825 4699 2960 4770 έχων
2984 4699 3086 4752 τῶν
3110 4701 3298 4764 όντων,
3330 4701 3518 4768 ἴδωμεν
3541 4695 3588 4747 τί
3609 4685 3731 4760 παρᾶ

2193 4791 2320 4854 τοὺς
2363 4789 2556 4854 ἄλλους
2601 4791 2909 4844 ἐπίσταται.
2947 4790 3294 4862 Ἀκούσωμεν
3330 4791 3428 4858 τῆς
3469 4785 3731 4855 ὑπερόγκινδ

2195 4881 2406 4951 φωνῆς’
2445 4883 2516 4936 Ἦ
2553 4881 2753 4950 μάτην
2799 4881 2876 4936 ἂν
2919 4884 2952 4935 ό
2986 4883 3199 4951 Κύριος
3251 4884 3459 4936 ἑαυτὸν
3497 4877 3731 4944 ὠνόμασε

2194 4973 2401 5041 θύραν,
2434 4958 2601 5043 φησὶ,
2635 4974 2899 5043 μηδενός
2952 4975 3126 5040 ὄντος
3171 4975 3280 5031 τοῦ
3325 4974 3568 5036 διτόντος
3610 4961 3732 5031 πρὸς

2196 5065 2567 5133 κατανόησιν
2594 5066 2692 5120 καὶ
2717 5067 2964 5135 θεωρίαν
2994 5065 3100 5120 τοῦ
3122 5066 3366 5135 Πατρός,
3398 5062 3580 5133 μάτην
3606 5055 3650 5106 δ’
3671 5049 3732 5104 ἂν

2197 5156 2359 5223 ὁδὸς,
2395 5159 2696 5227 μηδεμίαν
2740 5159 3014 5228 παρέχων
3057 5159 3374 5230 εὐμάρειαν
3417 5154 3532 5218 τοῖς
3569 5142 3732 5201 ἐλθεῖν

2197 5245 2345 5314 πρὸς
2397 5246 2505 5300 τὸν
2535 5248 2767 5318 Πατέρα
2807 5249 3226 5320 βουλομένοις.
3285 5246 3412 5312 Πῶς
3455 5243 3504 5296 δ’
3550 5238 3620 5292 ἂν
3653 5231 3730 5292 εἴη

2195 5337 2321 5406 φῶς
2339 5378 2354 5402 ν
2380 5338 2468 5408 μὴ
2502 5339 2761 5407 φωτίζων
2789 5340 2932 5407 τοὺς
2968 5341 3331 5409 ἀνθρώπους,
3364 5335 3448 5407 μὴ
3480 5320 3730 5416 καταλάιξ

2197 5442 2328 5483 πων
2352 5429 2417 5482 τὸ
2445 5429 2558 5498 τῆς
2579 5431 2788 5500 ψυχῆς
2815 5433 2972 5502 ὄμμα
2999 5432 3150 5501 πρὸς
3174 5429 3521 5494 κατανόησιν
3547 5420 3727 5502 ἑαυτῷ)

2197 5537 2260 5574 τε
2316 5523 2413 5575 καὶ
2467 5499 2899 5594 ὑπερκειμένοῦ
2927 5499 3156 5595 sonit—(51;;
3195 5527 3257 5579 El
3293 5521 3388 5592 μὲν
3433 5512 3518 5570 οὖν
3551 5499 3726 5564 omo“

2196 5630 2346 5676 τινας
2385 5613 2676 5685 λογισμοὺς
2719 5618 2935 5690 διεξῄει,
2970 5619 3330 5689 ἐκφεύγοντας
3374 5616 3434 5682 τῇ
3485 5601 3723 5664 λεπτότητι
