4046 6150
430 209 535 266 8:19

1538 216 1817 280 CONTRA
1858 219 2243 285 EUNOMiUM,
2284 220 2411 275 LIB.
2453 221 2519 275 Χ.

3576 225 3680 279 830

434 329 531 401 τὴν
587 330 696 385 τῶν
744 334 1045 389 ἀκουόντων
1086 334 1343 402 διάνοιαν,
1387 337 1611 392 δυνατὸν
1650 340 1717 394 ἂν
1760 337 1827 412 ῆν
1879 342 2001 405 ἴσως

2110 340 2343 395 fortasse
2366 341 2542 410 decipi
2566 348 2619 394 et
2646 339 2756 394 falli
2782 342 3118 413 contingeret
3149 342 3367 398 solertia
3394 345 3679 407 scrmonis,

434 422 911 492 παρακρουσθῆναι
963 425 1027 494 τῇ
1073 424 1319 496 περινοίᾳ
1362 425 1451 479 τοῦ
1502 426 1694 495 λόγου,
1739 429 2006 499 διαδιδρά-

434 530 652 575 σκοντος
718 513 975 577 πολλάκις
1043 513 1138 567 τοῦ
1201 516 1519 587 ἐγκειμένου
1587 520 1857 588 νοήματος
1916 519 2005 571 τὸν

430 602 714 657 ἀκούοντα.
762 603 914 655 Ἐπεὶ
957 604 1015 656 δὲ
1066 604 1137 657 τὰ
1190 604 1307 658 θεῖα
1352 606 1713 677 προϐάλλεται
1767 609 2004 679 ῥήματα,

428 692 642 752 πάντως
694 692 870 753 οὐδεὶς
916 692 1334 763 καταμὲμςιεται
1365 696 1488 757 τοὺς
1531 694 1627 767 τὴν
1656 695 2007 750 θεόπνευστον

324 788 357 803 ”
425 781 767 835 διδασκαλίαν
806 785 941 835 πᾶσι
978 783 1160 855 κοινὴν
1204 785 1520 854 προκεῖσθαι
1551 787 2003 849 πεπιστευκότας.

439 872 652 943 Ἐπειδὴ
685 873 865 927 τοίνυν
897 873 1056 945 θύρα,
1086 876 1270 945 φησιν,
1301 876 1589 947 ὠνομάσθη
1618 881 1646 931 ὀ
1680 878 1900 949 Κύριος,
1942 881 2006 932 ὲκ

425 965 611 1018 τούτου
670 966 1139 1030 κατασκευάζεται
1193 970 1254 1022 τὸ
1312 970 1663 1040 καταληπτὴν
1720 968 1857 1024 εἰναι
1912 971 2005 1025 τοῦ

424 1057 558 1111 Θεοῦ
589 1058 686 1129 τὴν
711 1059 896 1113 οὐσίαν
915 1075 928 1089 ’
954 1059 1069 1113 ἀλλ’
1090 1061 1150 1113 οὐ
1180 1060 1389 1131 δέχεται
1420 1061 1517 1132 τὴν
1540 1062 1779 1115 διάνοιαν
1801 1062 2006 1133 ταύτην

418 1150 483 1202 τὸ
531 1149 878 1219 Εὐαγγέλιον.
930 1152 1109 1222 Αὐτῆς
1155 1152 1265 1223 γὰρ
1324 1152 1642 1222 ἀκούσωμεν
1699 1154 1795 1223 τῆς
1858 1153 2007 1217 θείας

424 1239 643 1309 φωνῆς’
692 1238 839 1309 Ἐγὼ
876 1240 1014 1310 εἰμί,
1057 1241 1239 1310 φησιν,
1288 1241 1325 1309 ἠ
1372 1242 1551 1309 θύρα·
1594 1241 1668 1295 δι’
1705 1241 1851 1311 ἐμοῦ
1898 1241 2008 1295 ἐάν

423 1346 514 1395 τις
556 1330 817 1400 εἰσέλθῃ,
879 1331 1240 1399 σωθήσεται,
1287 1331 1384 1385 καί
1432 1334 1857 1398 εἰσελεύσεται,
1908 1334 2007 1386 καὶ

424 1420 839 1484 ἐξελεύσεται,
897 1422 996 1475 καὶ
1044 1423 1239 1491 νομὴν
1284 1422 1547 1491 εὑρήσει.
1608 1422 1673 1474 Τί
1714 1423 1892 1476 τοίνυν
1942 1426 2006 1476 ὲκ

422 1511 627 1565 τούτων
660 1514 692 1582 ή
728 1512 927 1580 γνῶσις
972 1513 1071 1583 τῆς
1118 1513 1302 1576 οὐσίας
1351 1514 1531 1576 ὲστίν;
1588 1514 1853 1568 Πλειόνων
1898 1514 2006 1585 γάρ

421 1603 590 1656 ὄντων
639 1602 748 1656 τῶν
794 1604 1117 1673 εἰρημένων,
1164 1607 1258 1658 καὶ
1308 1605 1442 1658 ἰδίαν
1487 1607 1716 1660 ἑκάστου
1767 1606 2005 1662 διάνοιαν

2106 432 2328 487 notione
2383 432 2631 501 subjecta
2688 432 2992 487 auditorem
3048 447 3188 501 saepe
3250 432 3680 501 prwtervolante.

2108 522 2214 577 Sed
2271 527 2531 592 quoniam
2598 522 2785 576 divina
2842 525 3099 593 preponit
3154 523 3437 587 vocabula,
3501 522 3687 576 nullus

2108 610 2353 682 profecto
2386 613 2569 681 culpat
2600 627 2696 666 eos
2736 613 2831 683 qui
2870 612 3173 667 doctrinam
3221 612 3481 666 divinitus
3516 612 3685 678 ἱηειιὶ-

2107 711 2282 757 ratam
2339 702 2592 758 omnibus
2642 717 2986 757 communem
3040 702 3266 772 proponi
3314 702 3681 756 crediderunt.

2107 794 2374 861 Quoniam
2403 794 2589 863 igitur,
2612 795 2707 857 ait,
2736 793 2996 848 Dominus
3015 795 3326 848 nominatus
3350 801 3432 848 est
3455 794 3681 855 ostium,

2106 898 2170 937 ex
2218 896 2283 938 eo
2322 882 2599 950 praestruit
2628 883 3167 952 compreliensibilem
3216 898 3337 938 esse
3366 882 3459 937 Dei
3496 897 3684 935 essen-

2106 972 2260 1026 tiam.
2299 969 2403 1026 Sed
2442 969 2790 1041 Evangelium
2826 972 2973 1025 hunc
3017 986 3238 1025 sensum
3272 985 3380 1024 non
3428 970 3680 1024 admittit.

2106 1058 2283 1127 Ipsam
2331 1058 2475 1114 enim
2523 1059 2760 1111 divinam
2802 1074 2988 1112 vocem
3040 1058 3346 1111 audiamus.
3398 1056 3509 1126 Ego
3541 1073 3681 1117 sum,

2106 1149 2305 1218 inquit,
2357 1150 2591 1203 ostium:
2630 1164 2720 1217 per
2766 1165 2845 1202 me
2887 1150 2934 1202 si
2988 1151 3103 1218 quis
3160 1149 3453 1207 intrauerit,
3504 1147 3681 1200 salt-us

2105 1239 2252 1291 erit:
2283 1246 2333 1290 et
2375 1236 2715 1306 ingredietur,
2763 1246 2811 1289 et
2849 1238 3163 1305 egredietur,
3213 1247 3260 1289 et
3306 1253 3502 1299 pascua
3544 1238 3684 1289 inve-

2107 1325 2214 1377 niet
2248 1326 2288 1378 ⁸.
2338 1325 2418 1378 Ex
2462 1325 2549 1379 bis
2594 1339 2841 1394 quaenam
2897 1324 3094 1379 divina:
3140 1326 3396 1378 essentia:
3445 1326 3685 1394 cognitio

2106 1415 2370 1470 elicitur?
2422 1430 2544 1469 cum
2594 1415 2736 1470 enim
2796 1415 2950 1485 plura
2998 1416 3109 1468 sint
3158 1414 3322 1475 «L‘cta,
3381 1424 3435 1468 et
3489 1401 3682 1468 borum

2106 1506 2359 1575 quodque
2385 1509 2681 1561 secundum
2706 1521 2865 1560 suum
2887 1504 3251 1575 significatum
3282 1505 3554 1574 propriam
3581 1504 3681 1556 lia-

2108 1598 2234 1652 beat
2264 1597 2713 1667 intelligentiam;
2741 1612 2916 1665 neque
2952 1597 3132 1651 omnia
3174 1607 3404 1665 possunt
3435 1596 3687 1650 substan-

422 1694 565 1748 κατά
599 1694 658 1747 τὸ
692 1695 1084 1765 σημαινόμενον
1130 1696 1342 1766 ἔχοντος
1362 1713 1376 1726 ο
1408 1696 1531 1751 οὐτε
1577 1698 1754 1752 πάντα
1784 1699 2001 1754 δυνατόν

2108 1688 2195 1740 tia:
2226 1686 2427 1739 rationi
2451 1685 2735 1755 applicari,
2766 1700 2835 1739 ne
2868 1684 3000 1754 quid
3038 1685 3385 1739 commistum
3423 1698 3489 1735 ex
3524 1681 3683 1735 dili‘e-

421 1789 537 1839 ἐστι
565 1785 640 1857 τῷ
665 1786 767 1857 τῆς
791 1788 978 1851 οὐσίας
1011 1788 1309 1843 ἐντίθεσθαι
1352 1789 1515 1860 λόγῳ,
1552 1792 1627 1853 ὼς
1665 1791 1730 1845 ἂν
1759 1791 1833 1863 μὴ
1864 1791 2004 1862 σύμ·-

425 1895 614 1949 μικτον
643 1879 707 1931 ὲκ
742 1879 1011 1949 διαφόρων
1041 1880 1254 1951 νοηθείη
1292 1882 1352 1934 τὸ
1372 1884 1542 1936 Θεῖον.
1576 1884 1685 1937 Καὶ
1712 1882 1773 1936 τὸ
1805 1884 2004 1953 μᾶλλον

421 1969 625 2040 κυρίως
682 1971 989 2042 ἐφαρμόσαι
1036 1971 1115 2043 τῷ
1170 1974 1512 2044 προκειμένῳ
1557 1974 1873 2044 δυνάμενον,
1905 1975 2003 2027 οὐκ

420 2060 566 2113 ἔστιν
596 2061 830 2124 εὐκόλως
863 2065 926 2115 ὲκ
956 2064 1064 2117 τῶν
1089 2064 1519 2136 κατειλεγμένων
1560 2066 1765 2137 εὐρεῖν’
1795 2068 1826 2138 ἡ
1864 2066 2002 2137 θύρα

419 2151 448 2201 ό
477 2149 708 2219 Κύριος·
742 2150 821 2203 Δι’
854 2152 1021 2217 ἐμοῦ,
1054 2154 1237 2224 φησιν,
1268 2155 1377 2208 ἐάν
1400 2173 1488 2221 τις
1514 2156 1779 2227 εἰσέλθῃ,
1809 2158 2001 2224 σωθήο

420 2255 607 2302 σεται,
652 2240 749 2292 καί
810 2244 1237 2310 εἰσελεύσεται,
1300 2247 1397 2299 καί
1453 2246 1857 2311 ἐξελεύσεται,
1904 2249 2003 2302 καί

420 2329 617 2398 νομὴν
638 2330 882 2398 εὑρήσει
897 2348 909 2360 ·
938 2334 1034 2404 τὴν
1052 2334 1256 2389 εἴσοδον
1279 2337 1519 2407 εἴπωμεν
1542 2338 1663 2391 ἀντὶ
1688 2340 1786 2410 τῆς
1817 2340 2002 2404 οὐσίας

420 2420 598 2488 λέγειν
640 2422 821 2485 αὐτὸν,
853 2422 885 2493 ἢ
922 2424 1019 2495 τὴν
1064 2427 1335 2497 σωτηρίαν
1377 2428 1483 2481 τῶν
1511 2428 1803 2493 εἰσιόντων,
1835 2432 1867 2503 ἢ
1904 2432 2000 2502 τὴν

418 2510 647 2580 vani-mil
670 2510 767 2581 τὴν
786 2512 982 2579 ἔξοδον,
1013 2514 1158 2586 ῆτὴν
1190 2516 1434 2587 εὐρεσινς
1460 2519 1731 2573 Ἔκαστον
1750 2520 1858 2591 γὰρ
1881 2521 2001 2574 τού-

416 2619 529 2655 των
570 2602 759 2667 ἰδιάζει
788 2603 866 2674 τῷ
897 2608 1298 2678 σημαινομένῳ,
1329 2610 1422 2662 καὶ
1446 2611 1507 2663 οὐ
1541 2614 1820 2682 συμφωνεῖ
1862 2612 2001 2683 πρὸς

418 2693 482 2744 τὸ
498 2692 701 2764 ἕτερον.
727 2694 799 2747 Τὸ
825 2694 931 2766 γάρ
955 2697 1103 2761 ἐντὸς
1133 2699 1382 2767 γενέσθαι
1406 2700 2000 2778 τῷὲξελθείνυὲναντίον

419 2784 487 2835 ὲκ
533 2781 626 2835 τοῦ
676 2786 964 2856 προχείρου
1018 2787 1183 2853 δοκεῖ,
1247 2791 1341 2841 καὶ
1399 2792 1469 2843 τὰ
1524 2791 1657 2844 ἄλλα
1716 2792 1996 2856 ὡσαύτως.

426 2873 588 2926 Ἀλλο
617 2874 722 2944 γάρ
753 2893 804 2928 τι
840 2876 917 2947 τῷ
960 2876 1075 2948 ἰδίῳ
1120 2879 1264 2950 λόγῳ
1296 2880 1439 2932 ἐστὶν
1464 2881 1497 2951 ἠ
1527 2880 1685 2953 νομὴ,
1725 2882 1910 2953 ἕτερον
1942 2882 2000 2936 δέ

422 2982 477 3017 τι
523 2968 671 3038 παρά
712 2969 866 3024 τοῦτο
914 2972 946 3041 ἡ
993 2970 1227 3042 εὕρεσις.
1265 2973 1330 3025 Τί
1376 2968 1469 3028 οὖν
1511 2974 1575 3026 ἐκ
1610 2974 1815 3027 τούτων
1844 2976 1877 3045 ἠ
1907 2972 1999 3027 τοῦ

422 3057 632 3128 Πατρός
670 3059 825 3112 οὐσία
859 3061 1175 3131 νομίζεται;
1219 3064 1294 3117 Οὐ
1341 3064 1452 3135 γάρ
1494 3063 1556 3136 δὴ
1602 3064 1669 3118 τὰ
1710 3065 1886 3119 πάντα
1916 3083 1999 3130 τις

418 3146 586 3201 εἰπὼν
638 3150 711 3219 μὴ
763 3151 1151 3220 συμφωνοῦντα
1196 3156 1264 3225 τῇ
1324 3156 1568 3227 σημασίᾳ
1601 3157 1736 3227 πρὸς
1772 3157 1998 3228 ἄλληλα,

415 3237 514 3308 τὴν
539 3238 713 3310 ἁπλῆν
749 3258 807 3294 τε
836 3243 927 3295 καὶ
955 3242 1242 3300 ἀσύνθετον
1271 3247 1459 3299 οὐσίαν
1489 3247 1575 3300 διὰ
1600 3247 1708 3300 τῶν
1738 3248 1999 3318 ἀσυμφώ-

415 3346 521 3384 νων
570 3331 883 3396 ὲνδείξεται.
941 3333 1064 3397 Πῶς
1105 3335 1148 3389 δ’
1200 3335 1267 3389 ἂν
1322 3336 1571 3408 ἀληθεύοι
1618 3340 1648 3391 ό
1692 3338 1880 3407 Λόγος,
1918 3340 1998 3391 ὅτι

418 3421 568 3475 Θεὸν
598 3422 795 3488 οὐδεὶς
839 3423 1058 3493 ἑώρακε
1101 3426 1335 3482 πώποτε
1354 3444 1366 3457 ⁸
1420 3430 1533 3493 καὶ,
1568 3430 1669 3482 Ὃν
1702 3423 1863 3483 εἶδεν
1892 3431 1998 3484 ἀν-

415 3512 661 3580 θρώπων
692 3513 910 3580 οὐδείς,
942 3515 1079 3570 οὔτε
1121 3515 1269 3570 ἰδεῖν
1312 3517 1586 3572 δύναται·
1616 3519 1742 3583 καὶ,
1768 3520 1850 3572 ὅτι
1876 3521 1997 3572 Οὐκ

415 3601 605 3667 ἐστιν,
636 3600 704 3667 ὃς
735 3603 945 3671 ὄψεται
991 3605 1315 3672 πρόσωπον
1353 3608 1574 3675 Κυρίου
1599 3608 1698 3662 καὶ
1724 3606 1963 3675 ζήσεται
1982 3628 1996 3643 ο

417 3691 573 3763 εἴπερ
606 3692 639 3765 ἢ
672 3694 733 3747 τὸ
774 3694 924 3757 ἐντὸς
956 3695 1053 3765 τῆς
1087 3695 1257 3768 θύρας
1284 3698 1317 3767 ἢ
1355 3699 1415 3751 τὸ
1460 3700 1616 3762 ἐκτὸς
1638 3698 1739 3771 τῆς
1766 3704 1937 3771 νομῆς
1962 3704 1996 3771 ἡ

415 3782 663 3854 εὕρεσις,
714 3784 870 3838 οὐσία
919 3786 1129 3856 Πατρός
1176 3787 1492 3857 νομίξεταις
1530 3789 1603 3841 Οὐ
1650 3790 1756 3860 μὴν
1812 3790 1999 3861 ἐπειδὴ

414 3871 575 3926 τοῦτο
608 3873 708 3927 οὐκ
743 3873 908 3937 ἐστιν,
941 3874 1108 3944 ἀργόν
1155 3891 1216 3928 τε
1264 3876 1357 3928 καὶ
1401 3875 1612 3946 ἄσημον
1645 3877 1739 3930 ἐπὶ
1762 3877 1856 3931 τού
1887 3880 1999 3932 Κυ-

420 3963 535 4035 ρίου
563 3965 624 4018 τὸ
647 3965 819 4036 ὄνομα
856 3967 955 4035 τῆς
984 3966 1153 4037 θύρας
1200 3967 1585 4037 ὐπονοήσομεν.
1627 3969 1863 4040 Ἀληθῶς
1900 3971 2000 4044 γὰρ

414 4056 446 4108 ὀ
488 4055 647 4119 αὐτός
676 4058 791 4109 ἐστι
825 4058 917 4110 καὶ
969 4057 1106 4128 θύρα
1150 4059 1431 4130 περιοχῆς,
1484 4059 1577 4111 καὶ
1644 4053 1792 4121 οἶκος
1825 4075 1999 4114 κατα-

419 4150 600 4221 φυγῆς
618 4192 635 4219 ,
666 4149 849 4213 καθὼς
876 4154 904 4203 ὁ
929 4150 1093 4204 Δαϐὶδ
1116 4134 1388 4223 ὀνομάζει,
1420 4153 1514 4205 καὶ
1559 4152 1628 4205 δι’
1651 4151 1846 4206 ἑαυτοῦ
1874 4154 1999 4217 τοὺς

416 4241 683 4306 εἰσιόντας
722 4241 954 4313 δέχεται,
1002 4244 1095 4297 καὶ
1144 4246 1200 4297 ὲν
1242 4243 1418 4315 ἑαυτῷ
1455 4247 1578 4309 τοὺς
1607 4245 1751 4299 ἔνδον
1783 4247 2002 4316 γενομέ-

416 4348 539 4396 νους
572 4332 753 4397 σώζει,
778 4332 873 4386 καὶ
904 4332 1065 4387 πάλιν
1093 4333 1157 4385 δι’
1183 4332 1373 4386 ἑαυτοῦ
1406 4334 1542 4406 πρὸς
1568 4334 1666 4405 τὴν
1691 4334 1863 4404 νομὴν
1891 4334 1999 4387 τῶν

414 4422 625 4492 ἀρετῶν
662 4422 911 4492 προάγει.
954 4423 1064 4476 Καὶ
1112 4424 1289 4477 πάντα
1328 4423 1537 4491 γίνεται
1602 4427 1715 4488 τοῖς
1756 4423 1999 4494 σωζομέ-

415 4528 546 4575 νοις,
605 4511 693 4565 ῐνα
748 4511 963 4583 ἑκάστῳ
1008 4511 1313 4583 πρόσφορον
1363 4512 1558 4565 ἑαυτὸν
1615 4513 1846 4582 ποιήσῃο
1907 4511 1999 4564 καὶ

414 4602 552 4667 ὁδὸς,
582 4602 680 4656 καὶ
703 4603 913 4675 όδηγὸς,
937 4603 1031 4656 καὶ
1055 4601 1191 4673 θύρα
1228 4602 1504 4673 περιοχῆς,
1539 4603 1631 4655 καὶ
1660 4598 1807 4665 οἶκος
1832 4618 2002 4655 κατα-

416 4695 615 4765 φυγῆς,
652 4695 747 4748 καὶ
785 4694 928 4766 ὕδωρ
961 4694 1339 4758 ἀναπαύσεως,
1381 4695 1478 4747 καὶ
1518 4694 1683 4755 τόπος
1725 4694 1907 4765 χλόης,
1935 4695 2001 4763 ἣν

413 4787 472 4839 ιν
508 4786 587 4856 τῷ
618 4787 932 4858 Εὐαγγελίῳ
959 4786 1125 4858 νομὴν
1152 4785 1437 4856 ὀνομάζει·
1477 4789 1507 4839 ὀ
1547 4785 1604 4838 δὲ
1651 4786 1833 4849 καινὸς
1882 4786 2001 4839 θεο-

416 4877 592 4946 λόγος,
619 4878 705 4932 διὰ
746 4878 843 4950 τὴν
873 4878 1072 4947 γνῶσιν
1097 4881 1195 4948 τῆς
1233 4876 1327 4930 τοῦ
1358 4876 1569 4948 Πατρδς
1592 4876 1799 4942 οὐσίας,
1830 4877 2000 4947 θύραν
2035 4926 2051 4943 ,

415 4970 579 5041 φησιν
602 4969 919 5040 ὠνομάσθαι
962 4970 1054 5023 τὸν
1103 4969 1324 5040 Κύριον.
1368 4969 1432 5021 Τί
1479 4964 1570 5023 οὖν
1611 4969 1732 5039 οὐχὶ
1772 4971 1867 5023 καὶ
1900 4970 1997 5039 τὴν

414 5062 641 5133 πέτραν,
674 5064 768 5116 καὶ
794 5062 884 5117 τὸν
921 5061 1087 5129 λίθον,
1117 5062 1211 5114 καὶ
1238 5060 1336 5131 τὴν
1370 5062 1573 5132 πηγὴν,
1601 5064 1695 5115 καὶ
1727 5062 1785 5115 τὸ
1819 5061 1994 5126 ξύλον,

416 5150 512 5204 καὶ
561 5152 630 5205 τὰ
677 5152 841 5206 λοιπά
883 5152 990 5205 τῶν
1028 5152 1306 5223 ὀνομάτων
1330 5152 1467 5223 πρὸς
1502 5152 1601 5223 τὴν
1639 5153 1807 5223 αὐτὴν
1849 5152 1996 5206 ἕλκει

410 5245 679 5310 διάνοιαν,
743 5244 819 5306 ὡς
861 5243 927 5297 ἂν
976 5242 1054 5314 τῷ
1096 5243 1290 5312 πλήθει
1347 5243 1453 5297 τῶν
1513 5242 1813 5297 ἀλλοκότων
1857 5261 1995 5314 μαρ-

412 5337 615 5409 τυριῶν
675 5336 736 5390 τὸ
800 5335 994 5390 ἑαυτοῦ
1050 5337 1225 5406 δόγμα
1280 5335 1647 5401 πιστώσαιτο,
1696 5336 1992 5407 δυνάμενος

420 5430 638 5499 ἑκάστῳ
658 5428 865 5482 τούτων
892 5428 984 5481 τὸν
1008 5429 1171 5481 αὐτὸν
1209 5429 1521 5500 ἐφαρμόσαι
1558 5429 1736 5498 λόγον,
1769 5431 1829 5483 ὃν
1870 5432 2000 5501 περὶ

418 5522 519 5588 τῆς
548 5520 669 5574 ὀδοῦ
717 5520 814 5573 καὶ
840 5521 940 5591 τῆς
969 5518 1161 5589 θύρας,
1202 5521 1296 5574 καὶ
1338 5520 1432 5575 τοῦ
1468 5522 1644 5591 φωτὸς
1684 5522 1994 5595 διεξῆλθενς

2106 1776 2358 1831 rentibus
2387 1786 2581 1831 natura
2613 1775 2797 1829 divina
2828 1775 3182 1846 intelligatur.
3211 1774 3276 1827 Et
3298 1775 3439 1844 quod
3466 1773 3685 1843 proprie

2108 1869 2283 1937 magis
2333 1868 2411 1921 rei
2456 1869 2747 1937 propositae
2800 1883 3100 1937 congruere
3148 1874 3347 1938 potest,
3396 1881 3502 1919 nou
3560 1866 3685 1917 licet

2106 1957 2265 2011 facile
2300 1973 2365 2012 ex
2397 1958 2639 2013 collectis
2684 1958 2947 2013 invenire.
3022 1957 3282 2012 Dominus
3325 1958 3549 2011 ostium.
3583 1954 3686 2007 Per

2104 2062 2205 2108 me,
2244 2046 2439 2114 inquit,
2475 2048 2522 2099 si
2562 2046 2677 2115 quis
2717 2046 3014 2111 intraverit,
3065 2046 3376 2105 servabitur,
3421 2054 3469 2097 et
3516 2044 3685 2111 ingre-

2103 2137 2298 2202 dietur,
2341 2147 2391 2191 et
2435 2139 2750 2207 egredietur,
2782 2147 2831 2192 ει
2855 2154 3054 2206 pascua
3097 2138 3349 2199 inveniet;
3378 2139 3683 2205 ingressum

2103 2228 2403 2283 dixerimus
2435 2242 2534 2298 pro
2574 2229 2811 2282 essentia
2857 2230 3034 2298 ipsum
3084 2228 3289 2291 dicere,
3330 2245 3397 2282 an
3452 2228 3683 2282 salutem

2103 2318 2545 2389 ingredientium,
2581 2320 2666 2373 vel
2700 2335 2983 2389 egressum
3046 2320 3127 2374 vel
3165 2335 3447 2390 pascuum,
3478 2320 3559 2371 vel
3601 2320 3685 2371 in-

2102 2410 2454 2465 ventiouem?
2492 2411 2687 2464 horum
2712 2412 2855 2465 enim
2891 2412 3145 2480 quodque
3193 2412 3452 2480 peculiari
3477 2418 3530 2464 et
3562 2424 3687 2478 pro-

2102 2500 2222 2569 prio
2257 2500 2567 2569 signiﬁcatu
2610 2499 2983 2570 distinguitur,
3024 2517 3199 2570 neque
3246 2516 3367 2555 cum
3410 2501 3517 2553 alio
3553 2515 3685 2554 con-

2103 2597 2280 2641 sonat.
2300 2586 2437 2643 Nam
2462 2590 2610 2645 intus
2628 2605 2768 2654 esse,
2790 2591 2839 2644 ei
2873 2590 3016 2658 quod
3047 2600 3129 2645 εει
3147 2592 3316 2654 exire,
3349 2592 3685 2645 contrarium

2101 2692 2166 2732 ex
2222 2679 2397 2746 primo
2455 2688 2783 2735 occurrente
2834 2681 3139 2749 signiﬁcatu
3193 2680 3428 2744 videtur,
3476 2688 3529 2734 et
3580 2681 3684 2734 alia

2102 2768 2373 2824 similiter.
2407 2769 2570 2825 Aliud
2594 2772 2736 2826 enim
2763 2781 2846 2826 est
2869 2773 3090 2841 pr0prio
3113 2788 3364 2828 sermone
3396 2789 3682 2841 pascuum,

2103 2860 2251 2915 aliud
2278 2878 2408 2917 vero
2428 2864 2687 2933 quiddam
2716 2873 2910 2934 praeter
2934 2865 3035 2919 hoc
3066 2865 3322 2919 inventio.
3353 2864 3490 2931 Quid
3519 2866 3688 2937 igitur

2105 2969 2170 3009 ex
2193 2954 2279 3009 his
2304 2954 2483 3011 Patris
2510 2957 2749 3011 essentia
2779 2959 3075 3012 censetur?
3102 2956 3285 3027 Neque
3315 2957 3459 3011 enim
3496 2960 3680 3012 omnia

2106 3047 2299 3117 siquis
2326 3047 2549 3111 dixerit,
2594 3062 2702 3101 non
2744 3048 2887 3101 inter
2927 3064 2986 3102 se
3013 3049 3409 3117 signiﬁcatione
3453 3064 3684 3103 concor-

2107 3140 2313 3205 dantia,
2354 3140 2652 3208 simplicem
2701 3140 3197 3207 etiucompositam
3250 3141 3547 3195 essentiam
3590 3156 3681 3212 per

2108 3232 2222 3287 haec
2248 3232 2576 3287 inconcinna
2600 3239 2655 3285 et
2678 3231 3052 3286 discordantia
3086 3233 3367 3290 inclinabit.
3400 3233 3687 3297 Quomodo

2108 3332 2288 3379 autem
2308 3339 2495 3378 verum
2514 3323 2720 3377 diceret
2744 3337 2945 3388 sermo,
2972 3323 3112 3392 quod
3133 3324 3151 3352 '
3175 3322 3341 3376 Nemo
3367 3322 3525 3375 Deum
3558 3325 3687 3377 vidit

2106 3432 2379 3487 unquam;
2409 3414 2538 3481 et‘,
2573 3414 2741 3482 Quem
2792 3415 3058 3468 hominum
3110 3414 3289 3468 nullus
3336 3413 3488 3478 cidit,
3528 3431 3688 3483 neque

2103 3508 2459 3579 potestcidere
2483 3524 2495 3559 :
2526 3518 2577 3563 et
2600 3509 2747 3578 quod
2766 3509 2789 3541 ⁸
2820 3507 3017 3562 Nullus
3040 3510 3185 3571 vicet,
3209 3517 3255 3561 et
3278 3508 3469 3561 videbit
3500 3508 3687 3576 facient

2106 3603 2365 3657 Domini:
2411 3599 2682 3670 siquidem
2730 3601 2815 3655 vel
2861 3600 3004 3670 quod
3048 3599 3191 3652 intra
3232 3599 3431 3653 ostium
3480 3607 3564 3654 est
3602 3600 3687 3653 vel

2105 3703 2281 3754 extra,
2332 3700 2387 3748 et
2434 3693 2683 3747 inventio
2728 3693 2939 3761 pascui,
2982 3692 3221 3746 essentia
3271 3689 3448 3745 Patris
3499 3689 3688 3744 existi-

2106 3788 2322 3841 matur?
2345 3783 2454 3839 Sed
2490 3784 2746 3853 quoniam
2780 3784 2882 3837 hoc
2915 3797 3022 3836 nou
3072 3790 3175 3845 est,
3220 3796 3325 3835 non
3367 3789 3546 3834 tamen
3583 3781 3686 3834 hoc

2112 3891 2313 3930 nomen
2340 3876 2465 3930 ostii
2511 3875 2566 3929 in
2606 3872 2837 3928 Domino
2891 3874 3126 3930 otiosum
3169 3880 3223 3926 et
3270 3871 3687 3943 signiﬁcationis

2106 3981 2304 4036 expers
2334 3966 2757 4035 suspicabimur.
2797 3965 2935 4020 Vere
2966 3965 3109 4020 enim
3143 3965 3261 4035 ipse
3289 3974 3373 4019 εει
3402 3972 3455 4018 ει
3482 3963 3685 4019 ostium

2107 4058 2557 4121 circumstantiae,
2605 4065 2659 4112 et
2705 4056 2902 4113 domus
2950 4057 3166 4127 refugii,
3199 4057 3339 4111 sicut
3381 4055 3545 4109 David
3590 4070 3687 4109 no-

2106 4150 2336 4212 miuat',
2366 4158 2420 4204 et
2444 4165 2540 4219 per
2569 4164 2628 4203 se
2656 4150 2839 4218 ipsum
2865 4148 3230 4218 ingredientes
3273 4145 3527 4209 admittit,
3555 4154 3607 4198 et
3629 4147 3685 4199 in

2106 4241 2289 4311 seipso
2314 4241 2415 4294 bos
2461 4240 2552 4309 qui
2602 4250 2729 4295 sunt
2778 4241 2925 4294 intus
2975 4246 3172 4298 servat,
3229 4246 3282 4291 et
3338 4250 3531 4289 rursus
3590 4250 3686 4303 per

2106 4333 2285 4400 ipsum
2321 4332 2385 4385 ad
2414 4332 2677 4386 virtutum
2704 4344 2905 4400 pascua
2939 4330 3141 4384 educit.
3188 4327 3252 4379 Et
3293 4328 3378 4381 his
3415 4327 3506 4395 qui
3547 4327 3683 4379 salvi

2111 4426 2269 4487 tiunt,
2294 4423 2477 4477 omnia
2510 4422 2588 4483 tit,
2622 4429 2682 4475 ut
2723 4421 3016 4490 unicuique
3060 4421 3300 4489 seipsum
3336 4418 3683 4473 commodum

2100 4525 2153 4569 et
2182 4514 2438 4568 idoneum
2466 4514 2694 4568 reddat:
2730 4524 2785 4568 et
2810 4514 2919 4575 via,
2967 4522 3021 4566 et
3067 4513 3166 4566 viae
3203 4511 3333 4575 dux,
3381 4518 3435 4564 et
3479 4512 3681 4565 ostium

2101 4605 2546 4669 circumstantiae,
2578 4615 2632 4660 et
2660 4605 2855 4659 domus
2879 4604 3091 4674 refugii,
3115 4613 3170 4659 et
3198 4618 3335 4673 aqua
3360 4603 3590 4673 requiei,
3625 4611 3686 4656 et

2101 4699 2257 4753 locus
2287 4698 2466 4752 herba:
2511 4697 2722 4761 viridis,
2773 4711 2935 4767 quam
2974 4697 3027 4749 in
3072 4694 3365 4765 Evangelio
3415 4708 3679 4765 pascuum

2104 4790 2393 4843 nominat:
2439 4789 2528 4844 hic
2568 4797 2749 4842 autem
2804 4788 3045 4842 novitius
3093 4788 3404 4857 theologus,
3454 4795 3682 4857 propter

2103 4881 2464 4952 cognitionem
2508 4881 2762 4935 essentia:
2794 4879 2988 4944 Patris,
3021 4881 3095 4933 ait
3141 4878 3428 4935 Dominum
3475 4880 3679 4934 ostium

2103 4973 2394 5027 nominari.
2424 4975 2536 5027 Cur
2560 4987 2669 5026 non
2692 4973 2855 5026 etiam
2888 4986 3074 5040 rupem
3099 4978 3153 5026 et
3184 4972 3437 5041 lapidem,
3470 4982 3523 5026 et
3558 4970 3682 5022 fon-

2102 5072 2233 5127 tem,
2290 5072 2345 5119 et
2400 5064 2628 5131 lignum,
2679 5074 2732 5118 et
2772 5064 2979 5133 reliqua
3038 5064 3261 5117 nomina
3320 5063 3387 5116 ad
3434 5061 3680 5117 eamdem

2100 5155 2269 5208 trahit
2310 5155 2769 5224 intelligentiam,
2824 5163 2884 5209 ut
2935 5162 3374 5224 portentosorum
3429 5154 3681 5208 testimo-

2096 5248 2315 5302 niorum
2362 5247 2712 5303 multitudine
2762 5262 2921 5302 suum
2970 5249 3226 5317 placitum
3275 5244 3494 5315 probet,
3552 5258 3677 5297 cum

2096 5338 2273 5408 possit
2298 5338 2496 5407 cuique
2535 5338 2727 5392 liorum
2785 5339 3030 5393 eamdem
3077 5338 3346 5390 rationem
3393 5335 3674 5404 adaptarc,

2097 5446 2260 5500 quam
2286 5429 2351 5485 de
2376 5431 2459 5485 via
2490 5439 2544 5486 et
2566 5431 2709 5486 ostio
2736 5439 2789 5486 et
2815 5431 2937 5484 luce
2960 5428 3283 5483 recensuit?

496 5618 514 5651 '
546 5619 703 5677 Joan.
732 5637 787 5692 κ,
820 5623 872 5679 9.
945 5627 966 5657 ¹
997 5622 1154 5683 Joan.
1188 5642 1227 5695 t,
1263 5623 1346 5680 18.
1410 5622 1716 5699 ‘_lTim0th,
1748 5640 1821 5694 vr,
1864 5624 1946 5679 l6.
2022 5626 2042 5656 ⁵
2074 5624 2241 5680 Exod.
2279 5637 2473 5686 xum,
2506 5618 2593 5673 20.
2674 5618 2691 5648 '
2728 5615 2869 5670 Psal.
2900 5630 3035 5687 ext,
3057 5615 3109 5669 6.
