4034 6156
391 193 489 248 851

389 404 614 450 edoctus
671 393 937 447 aﬂirmare
1000 393 1195 456 audeo,
1251 393 1395 461 quod
1456 392 1546 460 qui
1582 406 1747 460 supra
1808 405 1971 444 omne

390 492 473 538 est
510 499 730 546 nomen,
763 484 924 538 nobis
967 481 1155 535 multis
1191 479 1505 534 nominibus
1537 480 1738 532 dicitur
1769 493 1969 532 secun-

389 574 516 626 dtun
557 573 734 625 varias
800 579 853 624 et
909 573 1106 626 nmltas
1174 569 1560 625 beneﬁciorum
1611 567 1967 629 differentias,

389 663 515 714 dum
547 660 880 721 nominatur,
917 661 1009 713 lux
1041 659 1258 728 quidem
1293 674 1415 712 cum
1469 658 1789 727 ignorantiae
1840 657 1971 710 cali-

388 753 565 820 ginem
604 752 836 819 dispellit
864 760 917 804 et
949 751 1171 805 discutit
1205 751 1352 815 ,vita
1381 764 1506 802 vero
1533 764 1654 801 cum
1688 749 1969 801 immorta-

389 843 591 896 litatem
627 841 982 911 gratiﬁcalur;
1010 843 1116 904 via,
1147 856 1267 893 cum
1295 841 1362 894 ab
1385 855 1572 894 errore
1597 839 1663 893 ad
1687 840 1969 893 veritatem

389 944 646 1002 tanquam
681 949 844 986 manu
869 932 1055 999 ducit;
1092 931 1170 986 sic
1196 932 1361 986 etiam
1395 932 1563 986 turris
1604 930 1969 992 fortitudinis,

389 1033 441 1078 ct
463 1026 655 1079 civitas
689 1024 1106 1094 complexionis,
1136 1032 1185 1077 et
1243 1023 1384 1087 fons,
1418 1030 1474 1076 et
1505 1039 1692 1092 rupes,
1737 1032 1790 1077 et
1819 1023 1970 1086 vitis,

387 1125 442 1170 ct
473 1117 739 1183 medicus,
796 1125 850 1170 et
912 1115 1270 1180 resurrectio,
1295 1123 1350 1168 et
1395 1115 1580 1167 omma
1631 1113 1760 1166 talia
1797 1113 1972 1166 nostri

389 1208 600 1261 ratione
631 1209 987 1273 nominatur;
1024 1207 1177 1259 vario
1203 1205 1366 1260 modo
1423 1206 1662 1275 seipsum
1698 1205 1814 1260 suis
1846 1218 1973 1274 erga

388 1313 490 1352 nos
529 1298 808 1352 beneﬁciis
839 1298 1204 1352 distribuens.
1239 1296 1304 1350 Hi
1343 1311 1472 1350 vero
1498 1313 1592 1366 per
1617 1298 1731 1352 haec
1754 1295 1974 1351 nomina

387 1379 658 1442 essentias
685 1389 1139 1457 interpretantur,
1171 1389 1264 1458 qui
1296 1403 1462 1458 super
1490 1389 1782 1441 humanam
1813 1397 1971 1441 natu-

391 1495 501 1532 ram
537 1487 697 1534 acute
717 1490 969 1543 cernunt,
1005 1481 1098 1548 qui
1131 1479 1277 1550 quod
1301 1489 1386 1535 est
1422 1477 1974 1548 incomprehensibile

390 1570 595 1636 vident,
655 1579 709 1625 et
775 1571 918 1640 quod
971 1579 1150 1641 potest
1200 1570 1589 1641 comprehendi
1643 1570 1964 1638 despiciunt.

388 1660 557 1726 Quem
583 1663 726 1716 enim
745 1677 920 1730 neque
942 1661 1222 1715 hominum
1243 1663 1532 1732 quisquam
1551 1660 1686 1714 vidit
1706 1675 1964 1729 unquam,

388 1764 562 1816 neque
615 1758 794 1818 potest
831 1750 1030 1816 videre,
1071 1751 1214 1805 hunc
1262 1766 1370 1805 non
1423 1751 1600 1806 solum
1634 1765 1693 1805 se
1747 1750 1966 1814 intueri,

389 1841 482 1894 sed
518 1840 680 1892 etiam
721 1841 901 1896 metiri
943 1840 1210 1896 allirmant
1237 1860 1252 1909 ;
1277 1841 1434 1896 ﬁdem
1467 1856 1600 1897 vero
1636 1856 1743 1894 non
1778 1842 1969 1894 animae

390 1933 550 1986 oculo
571 1939 822 1995 cernunt,
847 1933 991 2002 quod
1018 1935 1234 2004 quidem
1261 1934 1438 1989 solum
1456 1939 1754 1988 estnostra:
1777 1936 1966 2003 cogni-

388 2022 523 2074 tioni
555 2036 927 2076 commensum
953 2029 1004 2077 et
1024 2025 1488 2077 accommodatum
1511 2031 1594 2078 εει
1607 2024 1968 2094 cognitionem

390 2118 510 2178 quae
543 2126 607 2164 ex
637 2112 940 2166 rationibus
972 2113 1236 2182 procedit,
1269 2113 1394 2166 huic
1415 2122 1732 2183 prazponunt
1769 2123 1822 2167 et
1854 2114 1970 2182 plu-

387 2201 468 2254 ris
505 2198 731 2253 faciunt.
791 2199 882 2254 Sic
931 2203 1113 2254 audivi
1177 2202 1460 2256 historiam
1493 2203 1632 2259 ﬁlios
1689 2202 1970 2271 Benjamin

391 2299 765 2357 accusantem,
795 2293 886 2361 qui
918 2292 1132 2361 quidem
1159 2293 1225 2346 ad
1258 2295 1426 2363 legem
1455 2311 1564 2348 non
1581 2295 1968 2364 respiciebant,

391 2382 456 2434 ad
513 2382 768 2451 capillum
828 2390 1006 2436 autem
1067 2385 1261 2452 capitis
1290 2383 1868 2453 l‘uttdajaculabantur
1914 2387 1968 2453 ⁶;

394 2486 668 2536 sermone,
725 2473 940 2543 opinor,
980 2475 1297 2529 dcclarante
1349 2475 1402 2528 in
1453 2491 1512 2529 re
1560 2491 1698 2530 vana
1737 2484 1790 2532 et
1831 2477 1970 2532 l‘utili

392 2563 633 2633 ipsorum
668 2565 1064 2633 occupationen
1099 2565 1285 2635 :quod
1324 2566 1594 2620 inutilium
1626 2577 1680 2622 et
1704 2569 1971 2633 inanium,

393 2670 568 2723 neque
607 2656 1021 2710 subsistentium
1074 2658 1406 2726 iaculatores
1461 2661 1683 2729 quidam
1736 2670 1893 2715 erant
1919 2671 1973 2716 et

402 2746 566 2818 periti
600 2747 999 2812 collimatores;
1073 2749 1286 2802 utilium
1339 2765 1465 2803 vero
1493 2759 1546 2805 et
1578 2749 1972 2823 manifesteju-

391 2838 634 2892 vantium
671 2839 907 2908 imperiti
939 2847 992 2893 et
1027 2840 1362 2909 neglectores
1418 2859 1430 2895 :
1485 2842 1645 2896 dictis
1671 2845 1814 2898 cnim
1843 2846 1974 2899 sub-

396 2929 522 2984 inde
548 2929 698 2984 addit
733 2931 957 2986 historia
1013 2933 1376 2987 calamitatem
1417 2949 1538 3003 quae
1581 2935 1717 3005 ipsis
1752 2937 1971 2997 accidit.

391 3020 534 3088 quod
575 3021 643 3074 ad
684 3019 1078 3076 Sodomiticum
1125 3024 1304 3079 scelus
1359 3026 1510 3079 rabie
1569 3027 1848 3090 concitati,
1906 3030 1972 3082 ab

392 3115 666 3170 universis
684 3115 857 3185 copiis
882 3114 1162 3171 lsraelitici
1192 3118 1372 3187 populi
1390 3127 1580 3172 contra
1601 3120 1749 3189 ipsos
1776 3123 1972 3176 armati

393 3201 636 3258 funditus
660 3205 834 3259 eversi
855 3213 1005 3260 sunt.
1034 3205 1113 3259 Ac
1135 3206 1266 3258 mihi
1292 3205 1500 3261 videtur
1534 3207 1830 3262 humanum
1852 3224 1974 3264 esse

387 3293 699 3361 junioribus
730 3296 1030 3366 sagittariis
1057 3298 1308 3362 suadere,
1347 3313 1414 3352 ne
1440 3308 1628 3352 contra
1677 3300 1844 3368 pilum
1876 3316 1971 3355 ve-

393 3385 490 3438 lint
517 3386 767 3456 sagittam
806 3402 936 3441 arcu
976 3388 1284 3450 immittere,
1317 3389 1518 3442 ostimn
1554 3404 1681 3443 vero
1712 3391 1833 3445 ﬁdei
1864 3408 1971 3446 non

392 3475 596 3541 videre,
635 3477 729 3532 sed
777 3487 837 3532 ut
867 3479 1056 3533 relicto
1085 3493 1233 3535 vano.
1275 3478 1370 3530 illo
1401 3478 1605 3542 labore,
1633 3496 1792 3548 quem
1829 3483 1883 3537 in
1911 3500 1977 3540 eo

1603 187 1659 239 s.
1703 179 2029 240 cneconn
2067 177 2359 235 NYSSENI
2448 239 2463 251 ,

464 306 570 374 Ego
600 311 778 358 autem
819 319 849 357 a
897 303 1182 372 Scriptura
1245 300 1509 357 divinitus
1568 300 1832 370 inspirata
1861 299 1962 352 hoc
1995 303 2042 358 Α

3541 170 3644 225 832

2151 293 2290 360 Ἐγὼ
2328 291 2384 344 δὲ
2428 287 2580 342 τοῦτο
2629 287 2778 358 παρά
2808 286 2903 357 τῆς
2941 283 3291 337 Θεοπνεύστου
3327 281 3365 332 Γ
3371 280 3546 352 ραφῆς
3568 280 3648 333 ει,-

2070 383 2303 454 δαχθεὶς,
2329 379 2542 452 θαρσῶν
2568 377 2969 447 ἀποφαίνομαι·
3005 375 3095 427 ὅτι
3114 376 3141 426 ὁ
3179 372 3317 442 ὑπὲρ
3347 372 3450 424 πᾶν
3478 371 3646 440 ὓνομα

2069 474 2163 540 ὢν,
2201 476 2328 545 ἡμῖν
2368 471 2715 540 πολυώνυμος
2767 469 2999 537 γίνεται,
3027 466 3165 520 κατά
3212 465 3308 527 τὰς
3343 463 3449 516 τῶν
3495 464 3648 532 εὐερο

2070 567 2266 634 γεσιῶν
2319 565 2588 626 ποικιλίας
2633 562 3060 631 ὀνομαζόμενος·
3102 558 3214 626 φῶς
3259 556 3374 625 μὲν,
3406 556 3533 606 ὅταν
3562 552 3652 617 :5-

2070 657 2317 725 αφανίζει
2353 657 2450 726 τῆς
2479 655 2698 722 ἀγνοίας
2727 653 2816 705 τὸν
2859 652 3050 718 ζόφον·
3090 649 3201 719 ζωὴ
3253 649 3328 710 δὲ,
3377 650 3505 700 ὅταν
3551 646 3650 714 τὴν

2071 747 2368 799 ἀθανασίαν
2393 746 2692 816 χαρίζεται⁸
2717 743 2833 805 ὁδὸς
2853 743 2928 804 δὲ,
2963 743 3089 794 ὅταν
3116 741 3246 810 πρὸς
3268 739 3363 808 τὴν
3394 739 3652 806 ἀλήθειαν

2070 838 2178 892 ἀπὸ
2235 839 2333 908 τῆς
2383 838 2589 906 πλάνης
2635 836 3055 906 χειραγιυγήσῃ·
3103 833 3242 885 οὕτω
3295 833 3388 883 καὶ
3443 832 3654 901 πύργος

2074 931 2275 1001 ίσχύος,
2309 932 2401 983 καὶ
2439 930 2593 991 πόλις
2639 928 2917 999 περιοχῆς,
2972 927 3063 979 καὶ
3120 925 3289 995 πηγὴ,
3326 925 3416 976 καὶ
3452 927 3652 994 πέτρα,

2070 1023 2165 1074 καὶ
2193 1021 2452 1091 ἄμπελος,
2499 1022 2593 1072 καὶ
2640 1019 2841 1089 ἰατρὸς,
2882 1019 2975 1070 καὶ.
3007 1019 3318 1079 ἀνάστασις,
3352 1017 3442 1069 καὶ
3477 1019 3654 1071 πάντα

2073 1112 2141 1166 τὰ
2164 1112 2384 1165 τοιαῦτα
2428 1112 2564 1182 πρὸς
2597 1115 2744 1183 ἡμᾶς
2783 1112 3131 1182 ὀνομάζεται·
3169 1113 3422 1176 ποικίλως
3461 1115 3652 1167 ὲαυτίν

2075 1207 2195 1266 ταῖς
2248 1203 2542 1273 ἡμετέραις
2593 1202 2927 1274 εὐεργεσίαις
2983 1202 3379 1272 καταμερίζων.
3431 1203 3542 1265 Τὰς
3594 1204 3652 1256 δὲ

2070 1292 2258 1355 οὐσίας
2287 1291 2375 1345 διὰ
2405 1291 2512 1344 τῶν
2549 1292 2825 1360 ὀνομάτων
2855 1293 3240 1363 ἑρμηνεύονται
3285 1294 3334 1344 οἱ
3379 1292 3518 1363 ὑπὲρ
3554 1292 3653 1364 τὴν

2071 1385 2416 1456 ἀνθρωπίνην
2466 1385 2626 1454 φύσιν
2667 1385 3073 1450 όξυωποῦντες,
3132 1385 3181 1438 οἱ
3230 1387 3290 1438 τὸ
3326 1387 3422 1456 μὲν
3449 1387 3655 1439 ἀκατα-

2071 1476 2273 1547 ληπτον
2303 1477 2607 1546 βλέποντες,
2641 1477 2701 1530 τὸ
2733 1477 2790 1530 δὲ
2821 1477 3164 1547 καταληπτὸν
3189 1477 3651 1546 παραϐλέποντες.

2079 1571 2173 1622 Ὃν
2201 1570 2309 1641 γὰρ
2335 1569 2457 1622 οὔτε
2491 1565 2596 1622 εἶδέ
2626 1587 2710 1632 τις
2752 1568 3070 1638 ἀνθρώπων,
3101 1567 3224 1622 οῦτε
3260 1570 3386 1622 ίδείν
3411 1570 3653 1636 δύναται,

2073 1659 2262 1713 τοῦτον
2289 1661 2349 1712 οὐ
2387 1660 2544 1730 μόνον
2569 1661 2722 1731 ὁρᾷν,
2749 1659 2882 1714 ἀλλά
2909 1661 3003 1714 καὶ
3049 1664 3267 1732 μετρεῖν
3291 1662 3660 1716 διαϐεϐαιοῦν-

2071 1765 2191 1801 ταιο
2223 1748 2320 1819 τὴν
2345 1748 2401 1801 δὲ
2432 1747 2612 1801 πίστιν
2638 1748 2698 1801 οὐ
2727 1747 2979 1817 βλέπουσι
3011 1748 3088 1818 τῷ
3127 1752 3225 1819 τῆς
3249 1750 3422 1820 ψυχῆς
3452 1753 3658 1819 ὀφθαλ-

2075 1841 2180 1913 μῷ,
2235 1842 2372 1912 ὅπερ
2419 1840 2483 1910 δὴ
2531 1840 2687 1910 μόνον
2748 1841 3056 1912 σύμμετρόν
3114 1843 3231 1894 ἐστι
3284 1846 3346 1914 τῇ
3410 1845 3658 1917 ἡμετέρᾳ

2073 1931 2428 2001 κατανοήσει·
2463 1930 2560 2000 τὴν
2607 1932 2672 1983 ὲκ
2728 1929 2836 1985 τῶν
2889 1930 3161 2002 λογισμῶν
3202 1933 3492 2001 ἐπίγνωσιν
3538 1936 3658 1988 ἐπί-

2072 2021 2304 2092 προσθεν
2347 2019 2546 2089 ταύτης
2574 2019 2902 2089 ποιούμενοι.
2939 2020 3121 2084 Οὕτως
3158 2022 3363 2092 ἥκουσα
3387 2023 3484 2090 τῆς
3515 2025 3663 2078 ἱστο-

2074 2112 2195 2182 ρίας
2225 2112 2333 2163 τῶν
2365 2110 2494 2163 υἱῶν
2551 2110 2807 2180 Βενιαμὶν
2845 2110 3275 2182 κατηγορούσης,
3315 2112 3362 2164 οἳ
3393 2112 3528 2182 πρὸς
3559 2116 3662 2183 μὲν

2073 2204 2163 2256 τὸν
2197 2204 2358 2274 νόμον
2387 2203 2487 2256 οὐκ
2514 2202 2761 2266 ἔϐλεπον,
2801 2202 2941 2256 κατὰ
2984 2202 3041 2255 δὲ
3076 2202 3258 2273 τριχὸς
3309 2202 3656 2265 ὲτοξάζοντο·

2072 2278 2375 2364 δηλοῦντος,
2422 2291 2597 2365 οἶμαι,
2644 2293 2736 2347 τοῦ
2787 2293 2944 2362 λόγου
2998 2293 3096 2364 τὴν
3147 2294 3275 2365 περὶ
3312 2294 3373 2346 τὸ
3428 2295 3659 2364 μάταιον

2073 2387 2248 2441 αὐτῶν
2277 2383 2528 2454 ἀσχολίαν
2551 2400 2564 2414 ⁸
2599 2385 2680 2438 ὅτι
2715 2384 2822 2436 τῶν
2854 2385 2951 2453 μὲν
2989 2383 3278 2452 ἀνωφελῶν
3315 2386 3406 2436 καὶ
3453 2387 3657 2438 ἀνυπο-

2078 2480 2306 2544 στάτων,
2335 2477 2583 2547 ὲκηὸόλοι
2613 2477 2755 2539 τινὲς
2799 2475 2937 2547 ἦσαν
2984 2478 3074 2530 καὶ
3104 2475 3317 2545 εὐφυεῖς
3338 2479 3660 2548 στοχασταίο

2072 2573 2180 2625 τῶν
2212 2571 2268 2623 δὲ
2305 2568 2581 2640 προδήλως
2623 2568 2973 2637 ὠφελούντων
3039 2570 3269 2639 ἀμαθεῖς
3302 2588 3359 2623 τε
3400 2572 3492 2624 καὶ
3521 2573 3662 2641 ἀμε-

2073 2662 2282 2732 λέτητοι
2303 2677 2315 2690 ·
2348 2661 2543 2729 ἐπάγει
2569 2658 2677 2731 γὰρ
2705 2663 2816 2724 τοίς
2845 2661 3151 2732 εἰρημένοις
3179 2663 3388 2734 ἱστορία
3415 2662 3514 2733 τὴν
3539 2664 3666 2716 κατ’

2075 2754 2270 2816 αὐτοὺς
2298 2750 2774 2824 συμφορὰν,,ὃπως
2813 2753 2948 2820 πρὸς
2979 2751 3076 2822 τὴν
3109 2752 3455 2823 Σοδομιτικὴν
3486 2771 3666 2824 παρα-

2075 2846 2266 2915 νομίαν
2317 2845 2729 2914 λυσσήσαντες,
2791 2843 3128 2913 πανστρατιᾷ
3174 2842 3266 2895 τοῦ
3331 2845 3663 2913 Ἰσραηλίτου

2002 2973 2048 3036 c
2076 2938 2205 2992 λαοῦ
2251 2937 2370 2991 κατ’
2420 2936 2598 2990 αὐτῶν
2650 2934 3016 2999 ὀπλισθέντος,
3064 2934 3534 3006 ἐξεπορθήθησαν·
3570 2935 3665 2988 καί

2081 3049 2170 3103 μοι
2201 3030 2348 3083 δοκεῖ
2380 3028 2764 3098 φιλάνθρωπον
2814 3020 2952 3078 εἶναι
3003 3024 3226 3095 γνώμην
3269 3025 3666 3096 εἰσηγήσασθαι

2076 3124 2188 3186 τοῖς
2212 3121 2348 3184 νέοις
2376 3118 2640 3184 τοξόταις,
2683 3117 2759 3186 μὴ
2809 3115 2947 3169 κατὰ
2978 3116 3161 3186 τριχὸς
3209 3115 3410 3169 ὲθέλειν
3442 3117 3665 3181 τοξάζε-

2079 3213 2221 3278 σθαι,
2257 3212 2356 3279 τὴν
2401 3209 2457 3262 δὲ
2509 3208 2677 3278 θύραν
2725 3206 2798 3276 μὴ
2847 3206 3064 3276 βλέπειν
3117 3207 3212 3277 τῆς
3247 3208 3498 3272 πίστεως,
3528 3209 3666 3262 ἀλλὰ

2077 3302 2348 3374 παρέντας
2401 3300 2499 3370 τὴν
2554 3299 2680 3370 περὶ
2729 3299 2790 3350 τὸ
2836 3297 3076 3369 ἄληπτον
3132 3299 3537 3368 ματαιοπονίαν,
3590 3301 3664 3370 μὴ

2082 3390 2407 3464 ζημιοῦσθαι
2445 3391 2506 3443 τὸ
2555 3390 2838 3461 πρόχειρον
2887 3389 3096 3460 κέρδος,
3125 3391 3184 3442 τὸ
3232 3389 3319 3443 διὰ
3363 3390 3530 3460 μόνης
3564 3391 3666 3460 τῆς

2084 3487 2318 3547 πίστεως
2353 3482 2762 3555 εὑρισκόμενον.

391 3567 540 3636 quod
577 3584 685 3620 non
722 3577 897 3636 potest
918 3566 1303 3637 comprehendi
1329 3569 1631 3634 insumunt,
1673 3571 1818 3628 illius
1845 3577 1982 3632 lucri
2025 3579 2168 3650 quod
2200 3578 2254 3632 in
2285 3583 2536 3648 promptu
2565 3575 2743 3645 parari
2761 3582 3241 3645 potest,jacturam
3288 3589 3395 3628 non
3441 3573 3662 3636 faciant,

391 3655 535 3724 quod
568 3670 664 3723 per
702 3655 870 3709 solam
913 3653 1070 3708 ﬁdem
1107 3656 1400 3714 invenitur.

469 3746 576 3800 Sed
605 3747 809 3814 reliqua
832 3747 1010 3810 inanis
1039 3749 1186 3805 illius
1211 3752 1396 3821 scripti
1419 3754 1797 3821 considerans,
1822 3757 1970 3828 piget

394 3855 481 3892 me
519 3853 826 3893 sermonem
856 3840 1088 3897 ulterius
1125 3846 1443 3914 provehere,
1479 3849 1706 3904 horrore
1735 3851 1970 3920 quodam

393 3945 459 3982 ex
493 3929 576 3983 his
606 3945 726 3998 quae
775 3931 1033 3986 dicuntur
1076 3949 1172 3989 cor
1201 3951 1382 3990 meum
1427 3949 1816 4008 percurrente;
1861 3943 1972 3996 vult

393 4019 537 4073 enim
573 4019 717 4072 aliud
751 4020 1008 4090 quiddam
1065 4026 1349 4081 ostendere
1393 4035 1589 4096 praeter
1625 4029 1790 4083 vitam
1818 4039 1974 4085 teter-

395 4126 516 4164 nam
549 4126 668 4165 esse
709 4109 926 4176 Filium,
970 4130 1089 4183 quae
1148 4117 1368 4185 quidem
1427 4118 1533 4171 nisi
1571 4120 1628 4173 in
1682 4121 1973 4191 linigenito

393 4208 684 4268 spectetur,
725 4217 861 4255 vana
891 4204 1022 4258 ﬁdes
1071 4205 1555 4274 demonstrabitur,
1583 4209 1762 4266 inanis
1784 4213 1974 4280 przedi-

2153 3755 2312 3809 Ἀλλά
2363 3754 2432 3808 τά
2479 3754 2772 3823 λειπόμενα
2815 3755 2913 3824 τῆς
2954 3753 3315 3824 λογογραφίας
3366 3756 3666 3826 ὲπισκεψά-

2074 3865 2256 3920 μενος,
2292 3845 2437 3899 ὀκνῶ
2467 3846 2802 3915 προαγαγεῖν
2844 3845 3152 3916 περαιτέρω
3199 3846 3288 3899 τὸν
3321 3845 3497 3913 λόγον,
3539 3849 3665 3919 φρί-

2071 3956 2172 4008 κης
2219 3938 2360 4000 τινὸς
2412 3939 2475 3989 ὲκ
2520 3935 2628 3989 τῶν
2671 3935 2980 4005 λεγομένων
3021 3937 3120 4006 τὴν
3169 3937 3395 4007 καρδίαν
3433 3939 3666 4010 ὑποδρα-

2075 4033 2297 4102 μούσης.
2332 4031 2583 4083 Βούλεται
2622 4028 2731 4100 γὰρ
2765 4029 2890 4081 ἄλλο
2927 4047 2980 4082 τι
3009 4029 3177 4095 δεῖξαι
3225 4029 3374 4099 παρά
3412 4032 3512 4102 τὴν
3539 4033 3665 4084 aito—

2079 4123 2196 4177 νίαν
2223 4121 2365 4192 ζωὴν
2397 4121 2485 4174 τὸν
2517 4121 2644 4172 Υίὸν
2671 4121 2820 4184 ὄντα,
2859 4121 2979 4191 ἥτις
3002 4122 3050 4172 εἰ
3088 4120 3160 4191 μὴ
3210 4121 3267 4173 ὲν
3314 4120 3392 4191 τῷ
3429 4123 3665 4190 Μονογε-

2081 4217 2160 4268 νεῖ
2191 4213 2464 4284 θεωροῖτο,
2497 4213 2700 4283 ματαία
2758 4214 2854 4282 μὲν
2897 4215 2930 4284 ἡ
2982 4213 3160 4275 πίστις
3193 4213 3660 4284 ἀποδειχθήσεται,

393 4290 557 4352 catio,
605 4291 937 4360 superﬂuum
988 4295 1281 4365 baptisma,
1319 4307 1616 4368 martyrum
1667 4300 1876 4357 labores
1923 4309 1972 4356 et

2081 4305 2235 4358 κενὸν
2289 4304 2344 4357 δὲ
2394 4303 2454 4356 τὸ
2502 4305 2782 4374 κήρυγμα,
2835 4303 3086 4376 περιττὸν
3135 4304 3194 4356 δὲ
3243 4303 3544 4374 βάπτισμα,
3585 4307 3662 4368 εἰς

367 4383 666 4452 cruciatus
702 4385 978 4440 incassum
1025 4388 1269 4458 suscepti
1319 4395 1372 4443 et
1401 4390 1638 4455 tolerati,
1673 4391 1894 4446 inutiles
1922 4401 1976 4448 et

395 4471 718 4529 infructuosi
777 4475 1058 4532 hominum
1122 4479 1246 4534 vita:
1299 4482 1670 4551 apostolorum
1721 4483 1971 4539 sudores.

393 4562 502 4616 Cur
529 4565 674 4618 enim
706 4564 982 4622 Christum
1040 4571 1461 4639 annuntiat-unt,
1504 4574 1561 4627 in
1615 4589 1722 4644 quo
1757 4582 1974 4630 aeternae

392 4655 534 4717 vitae,
566 4662 626 4708 ut
650 4665 838 4712 censet
880 4657 1203 4726 Eunomius,
1239 4677 1345 4717 non
1373 4672 1458 4719 est
1486 4666 1766 4734 potestas?
1801 4665 1972 4732 Quor-

393 4760 514 4801 sum
539 4762 634 4802 eos
662 4751 756 4816 qui
799 4751 1170 4818 crediderunt,
1204 4755 1408 4810 Christi
1435 4758 1653 4812 nomine
1675 4759 1966 4827 appellant,

393 4838 438 4892 si
467 4855 573 4891 non
607 4856 698 4907 per
737 4842 882 4896 lumc
905 4845 1070 4896 vitam
1123 4854 1378 4900 aeternam
1419 4850 1768 4904 consecuturi
1805 4851 1972 4905 sunt?

399 4926 547 4980 Mens
582 4929 740 4991 enim,
787 4932 881 4992 ait.
912 4949 1090 4985 eorum
1117 4936 1207 5004 qui
1236 4935 1290 4988 in
1321 4935 1605 4990 Dominum
1639 4939 1971 4994 crediderunt

393 5033 550 5084 super
587 5035 786 5072 omnem
843 5023 1139 5077 sensibilem
1184 5034 1233 5078 et
1273 5027 1655 5098 intelligibitem
1693 5033 1974 5085 essentiam

394 5124 511 5160 cum
538 5126 650 5163 sese
675 5111 1052 5180 extulitmeque
1078 5116 1131 5168 in
1168 5116 1299 5170 Filii
1332 5122 1662 5187 generatione
1689 5121 1976 5175 subsistere

393 5209 559 5254 outest
591 5217 611 5256 :
651 5202 795 5257 ultra
823 5203 958 5258 hanc
988 5208 1143 5275 gestit
1175 5209 1269 5274 ire,
1311 5211 1428 5264 vita:
1457 5221 1668 5266 (eterna:
1708 5213 1970 5267 desiderio

397 5292 565 5360 primo
619 5312 888 5351 occurrere
960 5300 1122 5366 potiri
1183 5303 1414 5368 cupiens.
1463 5302 1603 5368 Quid
1678 5305 1849 5375 magis
1912 5305 1966 5360 in

397 5381 482 5437 his
511 5385 668 5442 dictis
697 5389 1007 5459 deplorem?
1057 5407 1124 5446 an
1167 5393 1312 5464 quod
1362 5393 1417 5449 in
1450 5393 1587 5450 Filio
1612 5395 1778 5450 vitam
1813 5403 1968 5452 aeter-

470 5555 690 5618 ‘Judic.
733 5580 821 5630 xx,
871 5564 954 5622 16.
1334 5643 1337 5646 γ
1383 5601 1400 5628 ι

2080 4394 2228 4448 οὐδὲν
2268 4393 2324 4446 δὲ
2370 4392 2478 4445 τῶν
2523 4393 2815 4464 μαρτύρων
2869 4395 2916 4445 οἱ
2955 4394 3124 4457 πόνοι,
3168 4393 3428 4463 ἄχρηστοι
3464 4393 3520 4446 δὲ
3570 4393 3662 4446 καὶ

2077 4486 2324 4554 ἀνόνητοι
2370 4485 2436 4554 τῇ
2481 4483 2591 4554 ζωῇ
2639 4483 2746 4536 τῶν
2786 4483 3085 4554 ἀνθρώπων
3117 4485 3166 4536 οἱ
3196 4484 3306 4537 τῶν
3354 4486 3662 4538 ἀποστόλων

2076 4574 2318 4646 ἱδρῶτες.
2350 4574 2415 4626 Τί
2442 4574 2550 4644 γὰρ
2579 4574 2942 4644 κατήγγειλαν
2969 4573 3060 4627 τὸν
3085 4575 3340 4644 Χριστὸν,
3383 4577 3442 4628 ὲν
3479 4569 3523 4642 ᾧ
3565 4576 3663 4649 τῆς

2071 4667 2293 4730 αἱωνίας
2326 4666 2469 4738 ζωῆς
2503 4668 2622 4720 κατ’
2671 4668 2934 4736 Εὐνόμιον
2977 4667 3076 4718 οὐκ
3122 4666 3268 4719 ἐστιν
3317 4669 3350 4738 ἡ
3391 4669 3660 4739 δύναμις;

2071 4759 2164 4822 Εἰς
2200 4757 2340 4811 τίδὲ
2385 4757 2462 4828 τῷ
2490 4758 2710 4828 ὀνόματι
2762 4756 2999 4827 Χριστοῦ
3046 4759 3173 4822 τοὺς
3235 4761 3664 4824 πεπιστευκότας

2069 4848 2546 4917 κατονομάζουσιν,
2589 4849 2637 4900 εἰ
2679 4847 2870 4918 μὴδιά
2917 4846 3107 4901 τούτου
3146 4849 3244 4919 τῆς
3283 4850 3510 4912 αἰωνίας
3538 4851 3665 4920 μέλ-

2069 4939 2209 4991 λοιεν
2250 4939 2496 5009 μετέχειν
2539 4939 2719 5008 ζωῆς;
2765 4938 2818 4990 '0
2859 4939 2966 5008 γὰρ
2997 4937 3162 5005 νοῦς,
3212 4941 3364 5010 φησι,
3407 4941 3526 4994 τῶν
3570 4944 3659 5006 είς

2072 5030 2176 5083 τὸν
2211 5031 2428 5097 Κύριον
2461 5032 2960 5095 πεπιστευκότων,
2996 5029 3203 5086 πᾶσαν
3233 5031 3532 5101 αἰσθητὴν
3557 5033 3655 5086 καὶ

2071 5121 2300 5189 νοητὴν
2345 5122 2565 5175 οὐσίαν
2620 5122 3005 5190 ὑπερκύψας,
3050 5122 3192 5176 οὐδὲ
3227 5122 3326 5175 ἐπὶ
3377 5121 3488 5189 τῆς
3557 5122 3660 5177 τοῦ

2086 5213 2222 5267 Υἱοῦ
2251 5213 2592 5282 γεννήσεως
2625 5214 2908 5268 ἵστασθαι
2950 5213 3248 5283 πέφυκεν·
3290 5215 3568 5268 ἐπέκεινα
3596 5215 3663 5268 δὲ

2076 5305 2294 5372 ταύτης
2339 5305 2485 5359 ἵεται
2539 5307 2702 5369 πόθῳ
2741 5304 2850 5374 τῆς
2899 5307 3141 5360 αἰωνίου
3190 5305 3337 5375 ζωῆς
3385 5304 3661 5374 ἐντυχεῖν

2078 5397 2158 5464 τῷ
2199 5396 2406 5466 πρώτῳ
2446 5398 2820 5467 γλιχόμενος.
2878 5398 2944 5451 Τί
2985 5397 3094 5451 τῶν
3143 5397 3444 5468 εἰρημένων
3499 5395 3660 5452 πλέον
