4046 6150
326 280 434 333 εἶῧ

1463 275 1740 333 CONTRA
1783 275 2169 342 EUNleUM,
2214 277 2337 331 LIB.
2382 278 2444 330 ιι.
3470 288 3571 341 επ,

325 395 626 466 ὀδύρωμαι,
659 391 727 447 τὸ
752 394 826 467 μὴ
864 390 1000 449 εἶναι
1039 395 1134 466 τὴν
1166 395 1385 451 αἰωνίαν
1417 395 1560 466 ζωὴν
1589 397 1645 448 ἐν
1683 395 1759 466 τῷ
1796 395 1909 464 Υίῴ

2015 411 2135 449 nam
2161 413 2266 452 non
2299 413 2419 452 esse
2450 398 2630 453 miseri
2663 408 2906 465 censent,
2927 417 2994 456 an
3020 403 3160 472 quod
3188 403 3266 458 sic
3318 405 3570 464 humilem

326 490 454 551 τοὺς
484 487 746 554 δειλαίους
793 488 1049 558 νομίζειν,
1101 487 1134 558 ἢ
1189 489 1249 540 τὸ
1305 487 1585 558 χθαμαλὴν
1634 487 1776 540 οὕτω
1815 491 1908 544 καὶ

324 580 612 648 πρόσγειον
652 578 868 648 βλέπειν
916 578 1012 647 τὴν
1061 577 1156 629 τοῦ
1209 577 1544 646 Μονογενοῦς
1593 579 1906 644 ὑπόστασιν,

325 670 463 722 ὥστε
512 671 612 738 τῆς
677 672 849 740 ἀρχῆς
902 669 1065 722 αὐτοῦ
1115 672 1225 732 τοῖς
1281 669 1557 740 λογισμοῖς
1594 670 1904 739 ἐπιϐάντας,

327 759 694 828 ὑπερκύπτειν
733 760 844 812 ἄνω
870 761 966 826 τῆς
992 757 1086 811 τοῦ
1121 759 1250 812 Υίοῦ
1286 757 1430 830 ζωῆς
1460 763 1525 831 τῇ
1566 761 1772 813 ἑαυτῶν
1801 761 1908 816 δια·

327 852 442 922 vei;
469 850 856 920 φαντάζεσθαι,
909 851 999 904 καὶ
1045 851 1440 916 καταλιπόντας
1471 853 1620 905 κάτω
1673 869 1778 905 που
1812 852 1906 905 τοῦ

329 942 532 1010 Κυρίου
565 941 664 1011 τὴν
694 941 965 1011 γέννησιν,
1002 941 1258 995 ἐπέκεινα
1312 941 1515 1012 ταύτης
1562 942 1734 995 ἵεσθαι
1759 943 1908 1014 πόθῳ

329 1035 424 1103 τῆς
455 1032 670 1084 αἰωνίου
705 1031 873 1102 ζωῆς;
897 1032 1109 1101 Ταύτην
1139 1033 1248 1103 γὰρ
1283 1034 1351 1085 τὰ
1372 1033 1638 1103 εἰρημένα
1664 1033 1762 1103 τὴν
1788 1035 1904 1088 διά-

329 1138 475 1174 νοιαν
510 1121 644 1190 ἔχει,
679 1122 758 1174 ὅτι
807 1122 835 1173 ὁ
905 1121 1241 1192 ἀνθρώπινος
1288 1122 1411 1186 νοῦς
1462 1123 1560 1194 τὴν
1602 1124 1708 1176 τῶν
1741 1124 1907 1178 ὄντων

330 1213 528 1279 γνῶσιν
557 1211 988 1282 διερευνώμενος,
1021 1213 1112 1265 καὶ
1142 1213 1241 1283 τῆς
1277 1214 1537 1284 αἰσθητῆς
1575 1231 1632 1266 τε
1666 1217 1754 1268 καὶ
1785 1233 1908 1285 νοη-

329 1307 433 1372 τῆς
488 1307 714 1370 κτίσεως
771 1307 958 1360 ἑαυτὸν
1006 1306 1240 1376 ύπάρας,
1300 1307 1421 1360 καθ’
1457 1307 1748 1377 ὁμοιότητα
1797 1307 1905 1360 τῶν

329 1397 552 1462 λοιπῶν,
586 1397 888 1468 κατώτερον
920 1396 1097 1466 ἑαυτῴ
1143 1396 1232 1450 τὸν
1276 1396 1332 1449 ἐν
1372 1398 1510 1468 ἀρχῇ
1563 1399 1689 1451 ὄντα
1736 1399 1904 1468 Λόγον

329 1491 464 1543 Θεὸν
495 1490 802 1558 καταλείψει
825 1508 837 1519 ⁸
871 1490 964 1542 καὶ
1003 1490 1058 1540 ἐν
1087 1481 1131 1556 ᾧ
1155 1489 1256 1540 οὐκ
1289 1483 1356 1559 ἦν
1392 1492 1420 1541 ό
1450 1490 1580 1553 Θεὸς
1624 1491 1813 1559 Λόγος,
1847 1493 1904 1544 ἐν

331 1582 524 1650 ἐκείνῳ
560 1581 721 1644 αὐτὸς
747 1580 952 1648 γίνεται
986 1579 1070 1632 διὰ
1103 1583 1201 1651 τῆς
1244 1583 1771 1654 πολυπραγμοσύνης
1808 1583 1901 1636 τοῦ

331 1674 420 1726 νοῦ
445 1677 553 1736 τοῖς
576 1673 800 1742 ὑπερκει
808 1673 986 1742 μένοις
1006 1673 1098 1743 τῆς
1132 1673 1223 1726 τοῦ
1249 1673 1378 1727 Υίοῢ
1401 1675 1542 1744 ζωῆς
1566 1675 1897 1744 ἐμϐατεύων,

2011 498 2064 540 et
2091 487 2439 556 abiectamet
2468 499 2776 546 terrestrem
2811 494 3104 562 respiciant
3139 493 3412 566 Unigeniti
3438 501 3572 554 sub-

2012 578 2334 644 sistentiam,
2366 581 2440 634 ita
2469 589 2531 634 ut
2576 582 2902 651 principium
2952 585 3121 654 ipsius
3173 587 3370 642 mentis
3402 589 3574 658 agita-

2010 672 2252 727 tionibus
2277 674 2640 744 supergressi,
2664 690 2785 730 sese
2807 677 3065 731 extollere
3090 692 3250 746 supra
3270 677 3390 731 Filii
3412 679 3575 734 vitam

2010 778 2108 818 sua
2140 764 2380 834 ipsorum
2410 765 2740 835 cogitatione
2767 765 2971 837 ﬁngant
3001 775 3054 822 et
3083 769 3374 831 somnient,
3405 777 3458 824 et
3493 786 3577 823 re-

2010 853 2140 907 licta
2188 854 2378 910 nescio
2438 870 2548 924 quo
2609 856 2863 910 deorsum
2938 856 3150 911 Domini
3209 860 3572 928 generatione,

2009 958 2175 1013 supra
2224 945 2365 999 hanc
2421 945 2602 1000 eﬂ‘erri
2666 947 2938 1002 desiderio
2975 949 3100 1003 vita:
3159 949 3412 1004 aeternae?
3449 952 3576 1019 Quae

2008 1035 2152 1089 enim
2186 1036 2254 1089 ab
2305 1051 2371 1090 eo
2428 1036 2572 1090 dicta
2626 1049 2755 1094 sunt
2788 1041 2927 1094 hanc
2975 1041 3175 1095 habent
3229 1043 3573 1110 sententiam,

2009 1121 2156 1191 quod
2193 1126 2426 1181 humana
2460 1144 2613 1184 mens
2661 1145 2849 1185 eorum
2877 1148 2997 1201 quae
3041 1139 3167 1187 sunt
3214 1135 3574 1204 cognitionem

2008 1225 2382 1286 perscrutans,
2417 1227 2469 1272 et
2498 1235 2661 1288 supra
2721 1223 3039 1276 sensibilem
3080 1231 3133 1278 et
3184 1225 3572 1295 intelligibilem

2007 1314 2310 1361 creaturam
2338 1324 2459 1364 sese
2484 1325 2604 1364 cum
2641 1311 2852 1376 extulit,
2887 1313 3058 1366 instar
3102 1315 3454 1384 reliquorum,
3487 1317 3575 1368 in-

2004 1395 2255 1452 feriorem
2285 1399 2462 1469 seipso
2486 1416 2608 1454 eum
2655 1402 2748 1470 qui
2791 1403 2843 1456 in
2875 1405 3143 1473 principio
3171 1413 3287 1458 erat
3318 1403 3574 1468 Verbum,

2007 1486 2173 1542 Deum
2211 1490 2480 1559 relinquet
2518 1508 2531 1544 :
2573 1499 2627 1545 et
2651 1491 2703 1545 in
2726 1508 2832 1561 quo
2867 1510 2973 1548 non
3009 1503 3125 1548 erat
3147 1494 3288 1549 Deus
3321 1495 3574 1555 Verbum,

2005 1578 2059 1632 in
2095 1580 2186 1634 illo
2216 1581 2333 1651 ipse
2363 1580 2592 1637 edicitur
2622 1599 2720 1652 per
2748 1586 3120 1640 curiositatem
3156 1587 3373 1648 mentis,
3408 1586 3459 1639 in
3492 1586 3577 1639 his

2006 1683 2124 1738 quae
2152 1668 2272 1724 Filii
2310 1672 2476 1725 vitam
2512 1676 2915 1743 supereminent
2952 1675 3228 1744 incedens,
3276 1677 3383 1730 illic
3421 1685 3579 1730 aeter-

330 1768 446 1820 ἐκεῖ
487 1765 583 1835 τὴν
636 1750 846 1816 αἰώνιον
891 1763 1030 1835 ζωὴν
1074 1765 1458 1836 ἐρευνώμενος,
1494 1766 1624 1818 ὅπου
1672 1769 1699 1819 ὁ
1752 1783 1907 1835 μονο-

2015 1774 2136 1814 nam
2169 1761 2330 1816 vitam
2361 1771 2637 1830 scrutans,
2677 1765 2770 1818 ubi
2817 1767 3127 1835 unigenitus
3159 1766 3296 1820 Deus
3327 1781 3433 1820 non
3472 1773 3576 1822 est.

330 1857 490 1926 γενὴς
519 1857 650 1917 Θεὸς
682 1855 778 1906 ούκ
814 1854 978 1907 ἔστιν.
1010 1856 1166 1925 Πόθῳ
1203 1855 1310 1927 γὰρ
1344 1859 1442 1927 τῆς
1480 1857 1720 1922 αἰωνίας,
1754 1860 1905 1928 φησὶ,

332 1947 472 2017 ζωῆς
511 1948 590 2009 εἰς
615 1945 682 1998 τὰ
708 1945 959 1998 ἐπέκεινα
994 1945 1084 1998 τοῦ
1117 1946 1243 1999 Υἰοῦ
1268 1945 1346 2016 τῷ
1377 1945 1452 2016 νῷ
1481 1946 1721 2017 φέρεται,
1745 1947 1819 2011 ὠς
1852 1949 1908 2000 ἐν

331 2038 407 2108 τῷ
433 2037 546 2106 Υίῷ
572 2037 788 2100 πάντως
821 2037 893 2107 μὴ
934 2036 1106 2106 εὑρὼν
1135 2038 1195 2090 τὸ
1228 2036 1572 2108 ζητούμενον.
1607 2039 1668 2091 Ei
1697 2035 1789 2092 οὖν
1808 2037 1908 2092 ού’κ

332 2129 476 2181 ἔστιν
502 2132 559 2182 ἐν
591 2128 666 2198 τῷ
698 2129 812 2197 Υίῷ
855 2131 886 2198 ἡ
936 2129 1150 2192 αἰώνιος
1179 2127 1312 2198 ζωὴ,
1347 2129 1455 2198 ἄρα
1489 2129 1681 2201 ψευδὴς
1702 2129 1908 2186 ἁλῶται

331 2219 566 2281 όείπὼν,
606 2220 686 2271 ὅτι
729 2219 876 2288 Ἐγώ
912 2222 1026 2287 εἰμι
1077 2222 1115 2288 ἡ
1166 2218 1306 2288 ζωή·
1354 2220 1386 2290 ἢ
1439 2219 1551 2291 ζωὴ
1600 2221 1697 2291 μὲν
1741 2219 1904 2290 ἐστιν,

332 2311 431 2364 οὐκ
479 2309 693 2373 αἰώνιος
743 2311 818 2364 δέ.
861 2311 1020 2364 Ἀλλὰ
1074 2311 1134 2364 τὸ
1191 2311 1266 2381 μὴ
1311 2310 1544 2372 αἰώνιον,
1579 2311 1908 2384 πρόσκαιρον

337 2403 568 2466 πάντως.
603 2400 673 2456 Τὸ
711 2403 767 2456 δέ
803 2402 1012 2456 τοιοῦτο
1058 2404 1155 2472 τῆς
1199 2402 1341 2473 ζωῆς
1393 2400 1527 2466 εἶδος
1595 2404 1768 2457 κοινὸν
1813 2405 1908 2457 καὶ

332 2490 440 2543 τῶν
471 2491 677 2555 ἀλόγων
710 2491 876 2544 ἐστίν.
911 2491 1018 2543 Ποῦ
1045 2492 1218 2545 τοίνυν
1249 2491 1310 2543 τὸ
1359 2491 1638 2562 μεγαλεῖον
1674 2493 1772 2563 τῆς
1819 2492 1908 2545 ὃν·

333 2599 441 2643 τως
478 2580 642 2652 ζωῆς,
679 2584 725 2633 εἰ
760 2586 971 2651 μετέχοι
1006 2581 1206 2652 ταύτης
1261 2584 1356 2636 καὶ
1401 2586 1434 2653 ἡ
1482 2583 1671 2651 ἄλογος
1716 2584 1906 2652 φύσιςς

337 2673 460 2737 Πῶς
491 2674 545 2726 δὲ
581 2673 771 2726 ταύτὸν
813 2674 962 2727 ἔσται
993 2679 1056 2746 τῇ
1098 2673 1207 2746 ζωῇ
1249 2677 1277 2727 ό
1320 2675 1494 2743 λόγος,
1533 2677 1582 2728 εί
1620 2679 1684 2747 τῇ
1733 2675 1910 2746 ἀλόγῳ

338 2762 498 2830 φύσει
523 2762 609 2815 διὰ
642 2763 738 2832 τῆς
772 2764 1100 2835 προσκαίρου
1126 2764 1269 2835 ζωῆς
1304 2765 1678 2832 είσοικίζοιτο;
1716 2768 1776 2820 Εἰ
1803 2769 1910 2839 γὰρ

339 2855 482 2907 κατὰ
506 2856 595 2909 τὸν
623 2857 846 2925 μεγάλον
890 2857 1162 2926 Ἰωάννην,
1195 2857 1306 2929 ζωὴ
1355 2858 1452 2928 μέν
1485 2858 1628 2912 ἐστιν
1653 2861 1681 2912 ό
1719 2860 1907 2928 Λόγος.

344 2944 674 3015 πρόσκαιρος
701 2947 754 2999 δὲ
783 2945 916 3016 αὕτη
944 2947 1037 3001 καὶ
1060 2948 1158 3001 οὐκ
1197 2947 1428 3011 αἰώνιος,
1458 2948 1636 3013 καθὼς
1663 2953 1728 3020 τῇ
1761 2952 1911 3020 αἱρέ-

345 3052 426 3087 σει
476 3035 644 3089 δοκεῖ’
675 3037 876 3102 γίνεται
903 3040 958 3092 δὲ
998 3040 1091 3092 καὶ
1133 3042 1189 3093 ἐν
1232 3043 1343 3104 τοῖς
1375 3041 1552 3104 ἄλλοις
1585 3044 1617 3114 ἡ
1649 3042 1910 3112 πρόσκαι-

343 3143 454 3195 ρος,
487 3126 541 3179 τί
579 3129 712 3181 κατά
745 3130 805 3180 τὸ
846 3129 1133 3184 ἀκόλουθον
1176 3133 1630 3203 συμπεραίνεται;
1662 3134 1694 3204 ἢ
1727 3133 1915 3202 λογικὰ

338 3212 478 3268 εἶναι
521 3216 588 3269 τὰ
633 3218 879 3288 ἀλογα,ἢ
928 3219 1118 3288 ἄλογον
1167 3220 1540 3291 ὁμολογεῖσθαι
1589 3221 1677 3275 τὸν
1724 3222 1913 3290 Λόγον.

339 3304 486 3379 Ἀρά
514 3308 592 3362 ἔτι
620 3308 792 3379 λόγων
823 3310 957 3380 πρὸς
985 3310 1202 3380 ἔλεγχον
1241 3311 1340 3381 τῆς
1386 3311 1666 3379 ἐξαγίστου
1701 3312 1792 3364 καὶ
1824 3329 1917 3363 πο-

335 3399 509 3468 νηρᾶς
542 3399 720 3452 αὐτῶν
759 3401 1101 3471 βλασφημίας
1128 3399 1393 3468 δεόμεθα;
1427 3400 1517 3470 Μὴ
1544 3400 1649 3471 γὰρ
1693 3399 1916 3452 τοιαῦτα

336 3491 622 3560 λεγόμενα,
669 3491 743 3554 ὡς
776 3491 1160 3563 κεκρυμμένην
1185 3490 1326 3560 ἔχειν
1357 3492 1455 3561 τὴν
1489 3489 1794 3561 συμϐουλὴν
1819 3491 1916 3561 τῆς

335 3582 431 3635 »τοῦ
461 3583 663 3654 Κυρίου
697 3583 1011 3654 ἀρνήσεως-ς
1051 3582 1112 3634 Εἰ
1152 3581 1260 3653 γὰρ
1291 3581 1536 3652 φανερῶς
1569 3581 1664 3650 μὲν
1693 3583 1722 3634 ό
1756 3581 1915 3634 ’Λπό-

340 3675 522 3738 στολος
549 3675 724 3741 λέγει·
747 3677 825 3732 Τὸ
852 3674 924 3745 μὴ
958 3675 1170 3728 αἰώνιον
1212 3673 1538 3744 πρόσκαιρον
1561 3689 1574 3702 ο
1606 3665 1749 3724 οὗτοι
1774 3672 1829 3724 δὲ
1859 3674 1915 3724 ἐν

341 3767 475 3836 μόνῃ
505 3768 572 3836 τῇ
595 3767 751 3836 οὐσίᾳ
783 3765 872 3818 τοῦ
901 3765 1114 3835 Πατρὸς
1159 3765 1256 3835 τὴν
1302 3763 1516 3816 αἰώνιον
1543 3762 1710 3833 ὁρῶσι
1750 3761 1912 3832 ζωὴν,

337 3857 425 3908 τὸν
453 3855 510 3907 δὲ
551 3854 677 3907 Υἱὸν
717 3855 818 3924 τῆς
863 3854 956 3907 τοῦ
1000 3854 1210 3926 Πατρὸς
1243 3853 1455 3922 φύσεως
1487 3852 1913 3923 ἀλλοτριοῦντες,

340 3944 800 4015 συναποτέμνουσι
841 3944 936 3998 καὶ
980 3945 1078 4014 τῆς
1129 3943 1346 3998 αἰωνίου
1375 3943 1548 4014 ζωῆς·
1584 3943 1637 3995 τί
1672 3941 1796 3996 ἄλλο
1825 3944 1917 3996 καὶ

337 4039 457 4108 οὐχὶ
486 4037 710 4109 ἄρνησίς
743 4037 858 4089 ἐστι
897 4035 1198 4107 περιφανὴς
1267 4036 1361 4088 καὶ
1407 4035 1660 4105 ἀθέτησις
1690 4034 1791 4103 τῆς
1838 4035 1917 4097 εἰς

339 4132 429 4184 τὸν
463 4127 664 4201 Κύριον
699 4131 933 4193 πίστεως
958 4163 973 4188 ,
1025 4129 1208 4196 σχφῶς
1248 4126 1342 4181 τοῦ
1378 4127 1698 4180 Ἀποστόλου
1738 4127 1918 4194 λέγον-

339 4239 449 4284 τος,
478 4223 602 4284 τοὺς
630 4222 686 4275 ἐν
714 4223 777 4291 τῇ
807 4221 916 4290 ζωῇ
949 4222 1120 4291 ταύτῃ
1172 4219 1328 4290 μόνον
1356 4220 1412 4271 ἐν
1445 4217 1662 4288 Χριστῷ
1693 4218 1921 4287 ἠλπικόη

342 4329 439 4375 τας
473 4311 866 4374 ἐλεεινοτάτους
917 4311 1166 4364 ἁπάντων
1209 4305 1377 4383 εἷναις
1422 4309 1480 4361 ΕΞ
1525 4305 1616 4362 οὖν
1662 4308 1773 4380 ζωὴ
1823 4308 1920 4378 μὲν

2013 1843 2290 1907 Desiderio
2344 1855 2510 1917 enim,
2560 1857 2655 1920 ait,
2714 1858 2839 1910 vita:
2877 1867 3090 1914 aeterna:
3142 1873 3302 1928 supra
3336 1867 3386 1912 et
3437 1859 3576 1912 ultra

2011 1940 2206 1996 Filium
2241 1953 2422 1999 mente
2455 1944 2646 2011 fertur,
2682 1957 2741 2000 ut
2779 1947 2867 2015 qui
2907 1951 2960 2001 in
2991 1948 3126 2002 Filio
3159 1963 3381 2018 prorsus
3433 1947 3575 2018 quod

2012 2035 2288 2101 quaeritur,
2316 2051 2425 2091 non
2469 2039 2757 2093 invenerit.
2805 2039 2861 2092 Si
2888 2039 3052 2109 igitur
3086 2054 3190 2092 non
3236 2047 3320 2093 est
3361 2039 3414 2092 in
3444 2038 3578 2092 Filio

2011 2124 2118 2176 vita
2145 2133 2370 2188 aeterna,
2419 2129 2650 2182 mendax
2689 2129 3109 2198 deprehenditur
3164 2131 3251 2185 ille
3293 2133 3382 2200 qui
3420 2131 3574 2193 dixit,

2016 2212 2123 2284 Ego
2192 2233 2305 2269 sum
2366 2219 2471 2271 vita
2503 2220 2557 2284 ';
2632 2221 2713 2273 vel
2771 2221 2879 2273 vita
2934 2221 3149 2290 quidem
3203 2231 3306 2284 est,
3341 2223 3433 2277 sed
3471 2239 3576 2276 non

2011 2315 2227 2360 aaterna.
2258 2308 2326 2360 At
2353 2310 2495 2377 quod
2533 2325 2638 2364 non
2688 2319 2948 2364 aeternum
2979 2322 3083 2376 est,
3112 2313 3295 2381 procul
3320 2312 3484 2366 dubio
3511 2315 3576 2365 ad

2011 2405 2224 2466 tempus
2263 2406 2346 2454 est
2404 2407 2457 2454 et
2519 2411 2978 2458 momentaneum.
3015 2402 3162 2458 Talis
3213 2413 3391 2457 autem
3455 2406 3579 2457 vitae

2011 2489 2222 2558 species
2243 2491 2549 2545 communis
2570 2501 2651 2546 est
2673 2493 2992 2547 belluarum.
3017 2493 3247 2549 Ubinam
3279 2495 3442 2563 igitur
3456 2498 3579 2549 vita:

2010 2593 2151 2633 verae
2214 2582 2589 2650 praerogativa,
2653 2584 2697 2637 si
2731 2583 2849 2650 ejus
2900 2585 3172 2653 particeps
3225 2593 3308 2640 est
3352 2586 3578 2641 rationis

2011 2679 2206 2734 expers
2230 2668 2446 2720 natura?
2473 2670 2743 2737 quomodo
2769 2669 3000 2725 Verbum
3022 2673 3160 2727 idem
3184 2675 3418 2729 eritcum
3437 2676 3577 2730 vita:

2009 2756 2058 2810 si
2087 2771 2210 2810 Clllll
2243 2758 2468 2813 rationis
2497 2771 2713 2828 experte
2767 2771 2981 2828 natura,
3018 2779 3113 2832 per
3145 2765 3308 2818 vitam
3349 2782 3468 2833 qua:
3497 2777 3579 2821 est.

2014 2847 2078 2900 ad
2131 2855 2347 2917 tempus
2393 2851 2449 2903 in
2503 2850 2745 2906 eamdem
2773 2852 2990 2906 domum
3048 2855 3466 2910 introdueatur?
3521 2857 3579 2912 Si

2013 2937 2179 3023 enim,
2214 2951 2272 2992 ut
2309 2939 2387 2992 ait
2420 2954 2648 3010 magnus
2676 2942 2914 2998 Joannes
2945 2945 2967 2976 ⁸
2998 2982 3013 3007 ,
3051 2946 3160 2998 vita
3218 2948 3432 3014 quidem
3499 2957 3582 3001 est

2017 3025 2272 3094 Verbum,
2325 3033 2638 3099 temporalis
2665 3045 2842 3088 autem
2879 3037 2991 3088 haec
3041 3051 3140 3090 nec
3171 3044 3392 3099 aeterna,
3441 3039 3581 3091 sicut

2019 3119 2210 3172 haeresi
2238 3119 2453 3175 videtur
2491 3122 2771 3192 :gignitur
2813 3131 2991 3177 autem
3039 3126 3199 3179 etiam
3226 3127 3279 3179 in
3322 3128 3442 3181 aliis
3473 3130 3582 3182 vita

2019 3210 2084 3262 ad
2143 3219 2376 3280 tempus,
2410 3212 2541 3281 quid
2589 3228 2650 3266 ex
2712 3224 3080 3281 consequente
3135 3216 3465 3270 coniicitur?
3497 3220 3582 3272 vel

2018 3301 2176 3356 bruta
2241 3318 2362 3358 esse
2411 3304 2640 3360 rationis
2669 3305 2908 3374 capacia,
2942 3308 3028 3359 vel
3069 3305 3303 3361 Verbum
3335 3309 3581 3362 conliteri

2017 3392 2244 3448 ratioiiis
2276 3408 2491 3462 expers.
2547 3395 2629 3446 An
2659 3395 2836 3448 adhuc
2880 3396 3182 3450 rationibus
3206 3396 3271 3448 ad
3301 3397 3585 3451 refutatio-

2017 3497 2139 3536 nem
2168 3497 2354 3536 eorum
2387 3483 2644 3552 improba:
2675 3491 2729 3538 et
2760 3485 3040 3538 scelerata:
3087 3487 3434 3556 blasphemiae
3455 3488 3585 3541 indi-

2017 3572 2508 3642 gemus?Nunquid
2531 3574 2674 3628 enim
2701 3575 2826 3628 talia
2854 3590 2977 3629 cum
3007 3577 3283 3642 dicuntur,
3306 3579 3385 3633 sic
3409 3582 3585 3632 occul-

2019 3674 2129 3718 tum
2191 3666 2390 3719 habent
2442 3667 2731 3720 consilium
2789 3667 3165 3737 abnegationis
3220 3667 3478 3723 Domini?
3524 3670 3580 3723 Si

2017 3756 2162 3810 enim
2208 3768 2392 3826 aperte
2438 3758 2651 3826 quidem
2689 3759 2821 3812 dicit
2871 3757 3164 3827 Apostolus
3201 3779 3214 3814 :
3272 3760 3426 3826 Quod
3475 3776 3581 3814 non

2017 3854 2277 3902 aeternum
2325 3856 2408 3902 est
2457 3856 2895 3903 momenlaneum
2966 3858 3051 3904 est
3111 3868 3122 3904 :
3161 3853 3250 3906 isti
3294 3860 3468 3906 autem
3527 3854 3580 3905 in

2019 3941 2132 3994 sola
2172 3937 2348 3993 Patris
2377 3940 2614 3994 essentia
2645 3941 2810 3994 vitam
2844 3950 3100 3997 aaternam
3135 3944 3350 4010 vident;
3389 3943 3580 3997 Filium

2015 4047 2145 4086 vero
2183 4045 2212 4084 a
2234 4030 2412 4086 Patris
2438 4040 2630 4085 natura
2658 4033 2784 4085 dum
2827 4034 3137 4088 ahalienant
3168 4043 3221 4086 et
3279 4034 3347 4087 ab
3380 4045 3582 4089 aeterna

2017 4122 2125 4174 vita
2155 4121 2479 4177 abscindunt
2504 4141 2517 4176 :
2551 4124 2676 4194 quid
2707 4123 2808 4178 hoc
2836 4125 2981 4176 aliud
2997 4133 3080 4179 est
3112 4139 3274 4194 quam
3297 4123 3584 4178 manifesta

2019 4215 2234 4283 negatio
2260 4222 2314 4267 et
2371 4222 2717 4284 contemptus
2761 4215 2882 4268 ﬁdei
2936 4216 2987 4267 in
3047 4215 3386 4271 Dominum,
3461 4228 3583 4266 cum

2020 4313 2202 4373 aperte
2222 4305 2364 4358 dicat
2388 4306 2676 4373 Apostolus
2701 4306 2720 4336 ⁹
2757 4343 2772 4368 ,
2813 4319 2908 4358 eos
2937 4306 3026 4373 qui
3057 4306 3110 4357 in
3143 4305 3242 4358 hac
3279 4304 3388 4357 vita
3411 4304 3584 4358 solum

343 4402 565 4474 Κύριος,
595 4403 694 4455 οὐκ
726 4401 938 4464 αἰώνιος
984 4401 1061 4463 δὲ,
1097 4401 1424 4471 πρόσκαιρος
1457 4401 1672 4463 πάντως
1708 4401 1854 4453 ἐστὶν
1885 4401 1911 4470 ἡ

2022 4394 2074 4447 in
2103 4393 2320 4449 Christo
2371 4404 2746 4464 speraverunt,
2793 4397 3033 4448 omnium
3075 4411 3196 4450 esse
3230 4396 3589 4450 miserrimos?

344 4488 456 4560 ζωὴ
485 4493 621 4560 καὶὴ
644 4491 936 4561 ἐφήμερος,
965 4490 997 4558 ἠ
1029 4489 1168 4541 κατά
1196 4489 1286 4541 τὸν
1307 4489 1545 4558 παρόντα
1566 4489 1754 4559 χρόνον
1772 4491 1920 4559 ἐνερ-

344 4580 603 4652 γουμένη,
637 4582 670 4653 ἢ
716 4582 841 4642 τοὺς
885 4581 1198 4644 ἐλπίζοντας
1225 4583 1252 4633 ὁ
1291 4580 1607 4642 Ἀπόστολος
1652 4578 1918 4633 κατοικτί-

346 4672 516 4737 ζεται,
543 4671 618 4734 ὡς
645 4675 742 4742 τῆς
769 4671 1026 4741 ἀληθινῆς
1064 4670 1481 4741 ἀφαμαρτόντας
1507 4669 1670 4740 ζωῆς.

430 4934 590 4988 Ἀλλά
625 4935 730 5005 μὴν
756 4933 942 4987 τοῦτον
983 4930 1264 4994 διαϐάντες
1287 4931 1337 4984 οἱ
1375 4931 1492 4983 κατ’
1526 4930 1789 5001 Εὐνόμιον
1817 4947 1917 4982 πεσ

347 5027 697 5097 φωισμένοι,
725 5028 804 5087 εἰς
830 5026 892 5078 τὸ
950 5024 1207 5078 ἐπέκεινα
1234 5023 1326 5076 τοῦ
1350 5021 1479 5074 Υἱοῦ
1504 5025 1617 5085 τοῖς
1643 5022 1921 5092 λογισμοῖς

348 5119 632 5189 φέρονται,
670 5117 726 5169 ἐν
772 5117 849 5186 τῷ
892 5115 995 5182 ἕξω
1039 5113 1133 5167 τοῦ
1178 5112 1513 5180 Μονογενοῦς
1565 5111 1920 5184 θεωρουμένῳ

345 5208 445 5277 τὴν
474 5206 690 5275 αἰώνιον
739 5203 1129 5274 ἀναζητοῦντες
1171 5201 1339 5272 ζωήν.
1369 5203 1433 5255 Τί
1466 5203 1571 5274 χρὴ
1601 5202 1779 5270 λέγειν
1828 5204 1918 5255 ἐπὶ

347 5298 456 5351 τῶν
495 5298 751 5350 τοιούτων
783 5295 968 5350 κακῶν
1024 5294 1149 5348 ἄλλο
1189 5293 1326 5364 πλὴν
1355 5293 1405 5346 ετ
1431 5310 1484 5345 τι
1527 5293 1719 5363 θρῆνον
1761 5295 1924 5346 ἐκκα-

347 5388 521 5442 λεῖται
546 5389 639 5442 καὶ
655 5388 917 5458 δάκρυον;
943 5388 1006 5438 Ὢ
1031 5385 1146 5448 πῶς
1169 5384 1232 5437 ἂν
1265 5384 1608 5448 ἐπιστενάξαι
1617 5401 1714 5454 μεν
1732 5388 1797 5456 τῇ
1821 5385 1924 5438 δει-

349 5481 479 5551 λαίᾳ
505 5479 680 5550 ταύτῃ
713 5480 806 5533 καὶ
834 5477 1039 5548 ἐλεεινῇ
1072 5477 1254 5546 γενεᾷ,
1286 5472 1542 5528 τοιούτων
1572 5475 1756 5529 κακῶν
1788 5473 1911 5541 ἐξε-

1413 5656 1434 5688 ⁹
1462 5655 1482 5708 l
1510 5654 1634 5710 Cor.
1676 5669 1766 5721 xv,
1804 5651 1889 5707 19.

424 5659 445 5689 τ
473 5657 636 5712 Joan.
672 5671 814 5726 xmt,
840 5655 893 5713 6.
969 5657 989 5690 ⁸
1019 5655 1176 5713 Joan.
1208 5672 1247 5724 t,
1283 5657 1336 5712 4.

2025 4485 2081 4538 Si
2138 4485 2301 4555 igitur
2357 4487 2463 4538 vita
2517 4486 2732 4554 quidem
2785 4495 2869 4540 est
2913 4486 3196 4549 Dominus,
3249 4501 3354 4540 non
3409 4494 3592 4539 autem

2021 4586 2244 4637 aeterna,
2302 4577 2458 4644 plane
2502 4584 2585 4630 est
2646 4584 3027 4630 momentanea
3061 4578 3166 4629 vita
3214 4578 3377 4632 etiam
3427 4578 3588 4630 unius

2021 4666 2152 4731 diei,
2182 4682 2304 4736 qua:
2331 4667 2630 4720 secundum
2665 4681 2906 4738 praesens
2963 4675 3173 4736 tempus
3221 4683 3447 4722 munere
3490 4683 3591 4722 suo

2021 4756 2282 4827 fungitur,
2317 4759 2400 4813 vel
2449 4767 2735 4828 sperantes
2764 4760 3058 4827 Apostolus
3101 4759 3299 4813 misere
3322 4757 3588 4829 deplorat,

2024 4857 2082 4902 ut
2113 4849 2205 4917 qui
2236 4864 2362 4902 vera
2391 4850 2502 4902 vita
2519 4849 2838 4902 exciderint.

2095 4937 2483 4994 Verumtamen
2549 4939 2641 5007 qui
2697 4940 2998 4995 secundum
3057 4939 3388 5012 Ennomium
3468 4939 3593 4992 illu-

2025 5028 2214 5081 minati
2245 5037 2394 5092 sunt,
2438 5029 2583 5084 hunc
2632 5030 2995 5099 Supergressi,
3030 5030 3096 5084 ad
3155 5029 3248 5083 illa
3293 5044 3415 5099 quae
3468 5036 3595 5082 sunt

2027 5134 2192 5186 supra
2243 5117 2439 5172 Filium
2482 5121 2677 5175 mentis
2733 5121 2853 5174 acie
2893 5119 3213 5186 eﬂ‘crnntur,
3233 5121 3288 5172 in
3337 5134 3402 5172 eo
3449 5117 3592 5186 quod

2028 5218 2182 5262 extra
2211 5206 2566 5278 Unigenitum
2624 5218 2925 5279 spectatur,
2977 5222 3237 5265 aeternam
3285 5213 3594 5277 quaerentes

2030 5303 2213 5355 vitam.
2251 5301 2390 5367 Quid
2429 5302 2482 5354 in
2515 5303 2714 5357 talibus
2772 5303 2931 5358 malis
2985 5302 3128 5355 aliud
3165 5307 3250 5354 est
3297 5296 3593 5369 dicendum

2031 5404 2194 5457 quam
2238 5389 2284 5444 si
2335 5388 2467 5460 quid
2496 5389 2561 5443 ad
2620 5390 2918 5444 lamentum
2952 5399 3006 5442 et
3051 5389 3321 5456 lacrymas
3364 5383 3596 5436 excitat?

2034 5477 2078 5534 Ο
2110 5479 2387 5550 quomodo
2425 5480 2876 5551 ingemuerimus,
2906 5479 2960 5530 in
2990 5478 3091 5532 hac
3119 5471 3318 5529 infelici
3345 5477 3398 5528 et
3426 5469 3604 5527 misc-
