4046 6150
485 255 591 314 835'

1713 259 1770 315 S.
1811 254 2137 314 GREGOR“
2174 255 2462 313 NYSSENI

3620 259 3724 317 836

485 374 643 429 iabili
675 374 1042 443 generatione,
1087 389 1205 447 qua:
1239 376 1370 430 talia
1412 374 1619 430 invexit
1649 375 1818 430 mala!
1855 373 2043 440 Quou-

2158 377 2424 447 νεγκούσῃ
2445 373 2661 442 φοράνί
2703 370 2998 444 Ἑθρήνησέ
3045 389 3172 426 ποτε
3228 374 3317 428 τὸν
3389 376 3726 448 Ὶσραηλίτην

487 468 610 521 dam
631 464 894 520 Jeremias
920 466 1036 520 zelo
1074 481 1362 532 accensus,
1404 467 1760 522 lsraeliticum
1789 467 2046 536 pupulum

482 555 788 624 deploravit
830 555 1168 619 lamentans,
1223 573 1345 611 cum
1395 556 1671 612 Jechonia:
1728 555 2050 610 idololatriae

483 643 612 700 duci
644 646 942 710 consensit,
990 654 1045 700 et
1091 662 1192 717 pro
1231 648 1427 700 violata
1487 647 1754 702 scelerate
1789 646 2051 716 religione

483 736 540 790 in
575 737 945 806 captivitatem
985 737 1052 792 ad
1085 739 1339 809 Assyrios
1369 738 1717 793 condemnati
1771 744 1920 799 sunt,
1954 752 2049 791 ex-

480 834 661 883 torres
693 843 722 882 e
771 829 1106 892 sanctuario,
1147 838 1200 883 et
1251 838 1469 897 patrum
1502 829 1819 882 haereditate
1859 827 2048 896 procul

479 919 700 988 dejecti.
744 918 865 973 Haec
883 921 1119 975 lamenta
1154 922 1285 974 mihi
1319 935 1467 974 nunc
1496 921 1755 975 videntur
1796 921 2049 989 proprius

481 1022 537 1067 et
565 1013 975 1067 convenientins
1001 1013 1246 1077 cantari,
1272 1013 1491 1082 quando
1519 1011 1793 1068 Jecboniae
1814 1013 2050 1066 imitator

482 1105 551 1158 ad
586 1105 726 1158 hanc
759 1120 951 1159 novam
999 1105 1321 1158 idololatria:
1355 1105 1594 1174 speciem
1625 1104 1883 1158 delinitos
1919 1103 2047 1158 abs-

485 1195 685 1258 trahit,
739 1209 769 1248 a
817 1202 1041 1264 paterna
1089 1196 1423 1258 haereditate,
1467 1195 1521 1248 id
1570 1203 1658 1248 est
1700 1193 1825 1255 ﬁde,
1870 1201 2051 1248 exter-

484 1285 722 1339 minans.
757 1284 965 1351 Quibus
994 1285 1286 1339 admodum
1322 1283 1627 1339 secundum
1663 1273 1946 1337 historiam
1981 1280 2049 1336 ad

484 1373 807 1444 Babylonios
826 1374 1332 1444 fittransmigratio.
1390 1389 1418 1427 a
1461 1388 1698 1444 superna
1726 1372 2047 1436 Jerusalem,

489 1465 591 1518 hoc
619 1472 723 1525 est,
757 1479 785 1518 a
828 1464 918 1518 Dei
973 1465 1218 1519 Ecclesia
1250 1465 1315 1519 ad
1348 1465 1488 1519 hanc
1521 1465 1901 1519 confusionem
1935 1479 2051 1520 sce-

485 1551 782 1604 leratorum
816 1552 1139 1620 placitorum
1188 1554 1731 1624 transmigrantilius.
1781 1553 2049 1609 Co‘nfusio

484 1641 630 1693 enim
673 1641 912 1711 Babylon
965 1643 1418 1712 interpretatione
1466 1647 1812 1715 explicatur:
1862 1656 1915 1702 et
1960 1663 2050 1704 sc-

485 1731 725 1785 cundum
759 1732 1066 1788 mutilatum
1105 1732 1448 1803 Juchoniam,
1500 1745 1554 1790 et
1599 1738 1685 1792 hic
1721 1747 1914 1807 sponte
1951 1753 2050 1793 sua

487 1821 627 1876 lucis
661 1823 893 1877 veritate
918 1824 1184 1892 privatus,
1217 1825 1392 1881 factus
1421 1833 1505 1882 est
1523 1829 1702 1898 praeda
1729 1818 2050 1899 et°spolium

485 1910 765 1982 Babylonii
807 1915 1053 1984 tyranni:
1106 1917 1234 1984 quia
1276 1932 1384 1971 non
1433 1918 1624 1972 didicit
1675 1920 1862 1982 miser,
1905 1919 2048 1988 quod

484 2003 650 2056 vitam
679 2012 936 2058 aeternam
970 2021 1036 2059 ex
1064 2021 1220 2075 aequo
1240 2009 1292 2060 in
1322 2007 1482 2064 Patre
1505 2020 1559 2063 et
1591 2009 1728 2064 Filio
1750 2018 1805 2064 et
1839 2010 2045 2080 Spiritu

487 2103 676 2148 sancto
717 2095 985 2164 inspicere
1007 2097 1165 2150 docet
1206 2097 1582 2169 Evangelium;
1620 2101 1686 2155 de
1727 2100 1890 2156 Patre
1919 2101 2046 2170 qui-

487 2182 610 2238 dem
633 2184 714 2240 sic
743 2185 957 2240 dicente
995 2203 1268 2250 sermone,
1306 2189 1453 2258 quod
1504 2191 1680 2259 ipsum
1713 2206 2053 2261 cognoscere

486 2284 688 2329 :eterna
729 2285 812 2330 est
837 2277 943 2330 vita
975 2278 1050 2344 ¹⁰;
1089 2278 1157 2333 de
1189 2278 1326 2334 Filio
1357 2288 1560 2344 autem,
1589 2282 1730 2350 quod
1759 2283 1938 2337 omnis
1958 2284 2052 2352 qui

487 2368 660 2420 credit
694 2369 746 2420 iu
779 2369 954 2435 ipsum
985 2368 1148 2425 habet
1191 2370 1356 2424 vitam
1389 2379 1650 2426 aeternam
1696 2373 1776 2438 ¹¹;
1825 2373 1892 2428 de
1925 2373 2052 2442 Spi~

486 2459 590 2513 ritu
617 2467 827 2522 sancto,
878 2460 1024 2529 quod
1055 2462 1105 2515 ei
1144 2461 1238 2532 qui
1269 2463 1500 2533 gratiam
1531 2465 1764 2534 accepit,
1791 2465 1898 2519 erit
1930 2464 2052 2521 fons

487 2566 641 2619 aqua:
684 2553 930 2608 salientis
968 2553 1023 2607 in
1058 2555 1221 2609 vitam
1276 2562 1536 2610 :eternam
1589 2559 1652 2609 ".
1684 2557 1826 2627 Ergo
1874 2560 2053 2614 omnis

483 2643 577 2710 qui
627 2642 901 2696 desiderat
953 2644 1120 2698 vitam
1189 2654 1472 2712 eternam,
1519 2656 1808 2718 postquam
1856 2658 2054 2705 nactus

483 2731 589 2785 erit
613 2729 831 2795 Filium,
853 2747 1036 2786 verum
1065 2734 1188 2788 dico
1217 2743 1396 2789 etnon
1425 2735 1853 2802 falsinominem,
1879 2748 2051 2794 totum

483 2823 689 2877 invenit
741 2825 794 2876 in
838 2824 958 2893 ipso
1005 2826 1150 2895 quod
1210 2826 1429 2896 quidem
1489 2826 1868 2898 desideravit;
1927 2834 2051 2901 quia

479 2921 536 2968 et
570 2913 685 2981 ipse
716 2922 800 2968 est
840 2916 970 2978 vita,
999 2927 1052 2970 et
1100 2917 1152 2971 in
1188 2919 1373 2988 seipso
1411 2919 1579 2973 vitam
1611 2921 1791 2976 habet.
1826 2921 1930 2976 Sed
1965 2922 2053 2978 hic

483 3005 672 3059 subtili
692 3015 870 3060 mente
895 3008 1154 3076 praeditus
1175 3019 1227 3062 ct
1254 3011 1419 3064 corde
1460 3012 1759 3082 perspicaci
1796 3013 2048 3085 insignis.
2078 3041 2124 3103 ο

483 3111 595 3166 prae
624 3099 794 3152 multa
829 3100 1046 3154 videndi
1084 3101 1200 3156 acie
1240 3101 1293 3155 in
1335 3101 1478 3158 Filio
1509 3118 1620 3158 non
1653 3106 1857 3175 reperit
1882 3106 2048 3160 vitam

482 3195 761 3251 alternam,
796 3191 886 3245 sed
945 3207 1359 3263 supergressus,
1415 3205 1467 3250 et
1526 3197 1671 3252 hunc
1732 3200 2048 3271 relinquens

482 3278 629 3331 velut
675 3279 950 3347 quoddam
981 3282 1454 3352 impedimentum,
1500 3287 1569 3340 ad
1625 3288 1679 3362 id
1719 3291 1863 3358 quod
1902 3307 2052 3361 qua:-

481 3369 642 3431 ritur,
697 3370 806 3426 illic
859 3380 1239 3440 perscrutatur
1275 3375 1438 3427 vitam
1483 3383 1764 3441 aeternam,
1802 3381 1894 3435 ubi
1939 3396 2050 3436 non

480 3474 601 3514 esse
665 3469 818 3529 putat
873 3477 1060 3516 veram
1122 3465 1315 3520 vitam.
1355 3465 1626 3531 Quidnam
1678 3469 1872 3525 horum
1927 3473 2051 3543 quls

481 3549 818 3618 cogitaverit,
865 3552 949 3604 vel
1003 3551 1071 3604 ad
1126 3553 1515 3623 blasphemiam
1571 3557 1911 3624 horribilius,
1966 3563 2050 3618 vel

485 3639 549 3691 ad
570 3640 1014 3695 lamentationum
1037 3646 1380 3702 occasionem
1401 3649 1642 3705 tristius?
1661 3649 2048 3710 Verumtamen

485 3729 529 3783 si
563 3729 685 3798 quis
719 3731 916 3786 dixerit
954 3735 1150 3804 dogma
1184 3734 1408 3793 Sabellii
1449 3749 1504 3795 et
1554 3741 1793 3798 Montani
1844 3748 2048 3802 nostris

484 3821 716 3874 decretis
744 3820 1033 3893 invulgari,
1077 3827 1303 3895 perinde
1348 3839 1433 3884 est
1491 3847 1555 3888 ac
1613 3833 1656 3887 si
1709 3836 1833 3904 quis
1882 3839 2046 3892 etiam

486 3911 736 3965 Eunomii
765 3913 1156 3984 blasphemiam
1184 3922 1340 3977 nobis
1371 3922 1661 3979 affricaret.
1689 3925 1820 3980 Nam
1846 3930 1890 3983 si
1925 3930 2048 3999 quis

486 4009 739 4056 accurate
811 4008 1152 4073 perspexerit
1218 4010 1357 4065 hanc
1412 4013 1690 4069 luereseon
1754 4017 2046 4088 fallaciam,

485 4107 735 4162 magnam
763 4109 886 4148 cum
936 4095 1191 4154 Eunomii
1231 4115 1424 4155 errore
1473 4103 1898 4164 familiaritatem
1950 4112 2050 4165 ha-

483 4184 610 4240 bere
639 4183 900 4240 inveniet:
923 4195 1152 4258 uterque
1176 4191 1318 4245 enim
1357 4193 1602 4261 judaizat
1626 4198 1743 4266 ipso
1773 4200 2047 4271 dogmate,

483 4291 660 4346 neque
685 4277 1021 4348 unigenitum
1049 4279 1242 4344 Deum,
1277 4299 1453 4354 neque
1485 4285 1748 4357 Spiritum
1799 4302 2046 4348 sanctum

2155 464 2281 517 λαὸν
2305 465 2334 514 6
2375 463 2618 534 ζηλωτὴς
2671 461 2976 533 Ἱερεμίας,
3012 465 3097 517 ὅτε
3131 465 3208 535 τῷ
3253 467 3475 537 Ἰεχονίᾳ
3523 469 3622 538 τῆς
3648 470 3727 521 εξ-

2156 555 2516 626 δωλολατρίας
2569 553 2960 625 καθηγουμένῳ
3009 556 3144 626 πρὸς
3170 557 3230 608 τὸ
3270 558 3433 610 κακὸν
3468 559 3726 627 συνεφρόο

2154 663 2323 717 νησαν
2345 664 2359 679 ο
2392 647 2486 701 καὶ¹
2533 647 2653 700 ἀντὶ
2680 649 2778 716 τῆς
2803 649 2881 709 είς
2908 647 3008 718 τὴν
3039 646 3329 718 θρησκείαν
3359 651 3725 720 παρανομίας,

2153 735 2251 806 τὴν
2318 738 2398 799 είς
2456 736 2767 806 ’Δσσυρίους
2815 737 3186 806 αἰχμαλωσίαν
3241 739 3727 812 κατεδικάσθησαν,

2155 825 2542 891 ὲξοικισθέντες
2591 827 2684 880 τοῦ
2717 828 3086 898 άγιάσματος,
3118 832 3214 883 καὶ
3257 831 3445 901 ττόρρω
3492 831 3590 894 τῆς
3617 832 3732 884 τῶν

2105 974 2114 982 ,
2155 918 2406 989 πατέρων
2446 918 2804 988 κληρονομίας
2848 919 3146 989 γενόμενοι.
3200 920 3434 983 Τούτους
3465 939 3553 991 μοι
3582 923 3734 975 δοκεῖ

2154 1009 2248 1062 νῦν
2273 1011 2398 1073 τοὺς
2425 1009 2654 1080 θρήνους
2681 1009 3004 1080 οἰκειότερον
3035 1010 3273 1080 ᾅδεσθαι,
3302 1013 3389 1064 ὅτε
3435 1015 3463 1066 6
3485 1014 3734 1082 μιμητὴς

2152 1101 2247 1155 τοῦ
2289 1101 2537 1170 Ἰεχονίου
2584 1102 2720 1172 πρὸς
2756 1101 2818 1155 τὸ
2869 1101 3053 1154 καινὸν
3101 1101 3258 1155 τοῦτο
3297 1104 3397 1172 τῆς
3448 1104 3733 1157 εἰδωλολα-

2152 1191 2306 1262 τρίας
2336 1186 2476 1254 εἶδος
2558 1191 2683 1254 τοὺς
2715 1191 3089 1261 ἀπαγομένους
3138 1193 3443 1260 ἐφέλκεται,
3497 1194 3594 1262 τῆς
3626 1211 3733 1247 πα-

2152 1281 2344 1351 τρικῆς
2389 1280 2668 1344 ὲξοικίζων
2719 1281 3111 1351 κληρονομίας,
3151 1282 3246 1352 τῆς
3290 1281 3524 1345 πίστεως
3557 1283 3724 1350 λέγω.

2155 1364 2249 1433 Οἷς
2282 1369 2518 1439 ἀτεχνῶς
2567 1371 2705 1425 κατὰ
2749 1371 2849 1439 τὴν
2881 1369 3120 1440 ἱστορίαν
3163 1371 3243 1433 είς
3275 1371 3645 1434 Βαϐυλωνίους
3695 1375 3734 1443 ἡ

2157 1459 2552 1530 μετανάστασις
2583 1460 2825 1529 γίνεται,
2877 1459 2985 1513 ἀπὸ
3023 1459 3122 1529 τῆς
3170 1460 3282 1514 άνω
3343 1461 3735 1533 Ἰερουσαλὴμ,

2153 1551 2456 1615 τουτέστιν,
2490 1551 2599 1605 ἀπὸ
2651 1551 2752 1621 τῆς
2798 1551 2890 1604 τοῦ
2945 1551 3080 1605 Θεοῦ
3139 1553 3462 1624 Ἑκκλησίας
3494 1555 3588 1608 ἐπὶ
3629 1557 3736 1626 τὴν

2157 1640 2411 1710 σύγχυσιν
2438 1640 2639 1711 ταύτην
2666 1641 2771 1693 τῶν
2808 1642 3057 1712 πονηρῶν
3084 1642 3371 1712 δογμάτων
3399 1645 3738 1716 μεθισταμέ-

2153 1745 2283 1789 νοις.
2310 1727 2574 1798 Σύγχυσις
2599 1729 2707 1800 γὰρ
2730 1732 2762 1800 ἡ
2787 1729 3040 1784 Βαϐυλὼν
3063 1732 3437 1801 ἑρμηνεύεται·
3470 1737 3562 1787 καὶ
3589 1737 3741 1789 κατὰ

2161 1817 2251 1870 τὸν
2290 1818 2611 1888 πηρωθέντα
2648 1819 2922 1888 Ἰεχονίαν,
2954 1822 3047 1874 καὶ
3071 1817 3225 1886 οὗτος
3251 1823 3440 1876 ἑαυτὸν
3463 1824 3739 1892 ἑκουσίως

2152 1908 2245 1961 τοῦ
2293 1909 2469 1977 φωτὸς
2493 1909 2593 1978 τῆς
2635 1910 2890 1979 ἀληθείας
2931 1913 3228 1983 στερήσας,
3256 1913 3494 1986 λάφυρον
3539 1919 3738 1984 γέγονε

2151 1997 2243 2049 τοῦ
2265 1997 2600 2051 Βαϐυλωνίου
2628 2000 2913 2070 τυράννου,
2941 2000 3015 2071 μὴ
3053 2003 3384 2074 καταμαθὼν
3415 2006 3443 2058 ὁ
3477 2007 3737 2072 δείλαιος,

2151 2088 2232 2142 ὅτι
2266 2089 2366 2159 τὴν
2412 2088 2628 2144 αἰώνιον
2654 2089 2797 2162 ζωὴν
2843 2093 3037 2164 ἐπίσης
3070 2094 3242 2166 Πατρί
3272 2113 3329 2148 τε
3358 2097 3453 2150 καὶ
3488 2099 3604 2168 Υίῷ
3637 2103 3742 2155 καὶ

2152 2178 2428 2249 Πνεύματι
2475 2179 2613 2250 ἁγίῳ
2661 2180 2721 2233 τὸ
2765 2182 3094 2250 Εύαγγέλιον
3143 2185 3336 2254 ἐνορᾷν
3390 2185 3738 2256 δογματίζει.

2153 2270 2285 2342 Περὶ
2321 2270 2418 2340 μὲν
2447 2269 2540 2322 τοῦ
2567 2270 2799 2342 [lat-96;,
2837 2271 3010 2335 οὕτως
3039 2275 3284 2337 εἰπόντος
3309 2275 3402 2328 τοῦ
3453 2277 3612 2345 λόγου
3647 2281 3740 2334 ὅτι

2153 2360 2227 2412 Τὸ
2251 2359 2538 2429 γινώσκειν
2572 2361 2732 2414 αὐτὸν
2759 2364 2792 2432 ἡ
2820 2361 3032 2426 αἰώνιός
3055 2367 3169 2420 ἐστι
3202 2363 3313 2436 ζωή
3336 2383 3351 2396 ο
3391 2369 3518 2437 περὶ
3551 2369 3607 2422 δὲ
3634 2371 3738 2424 τοῦ

2154 2449 2312 2515 Υίοῢ,
2347 2451 2428 2503 ὃτι
2473 2452 2586 2515 Πᾶς
2611 2452 2639 2504 6
2662 2453 2930 2507 πιστεύων
2955 2456 3033 2518 εἰς
3056 2454 3219 2506 αὐτὸν
3250 2455 3348 2525 τὴν
3371 2457 3584 2512 αἰώνιον
3617 2460 3742 2529 ἔχει

2153 2539 2315 2611 ζωήν*
2349 2542 2475 2610 περὶ
2500 2542 2556 2594 δὲ
2577 2541 2670 2596 τοῦ
2694 2543 3006 2615 Πνεύματος
3030 2546 3124 2600 τοῦ
3152 2548 3328 2617 άγίου,
3361 2549 3544 2618 ὃτιΤῷ
3570 2551 3740 2616 635.1-

2156 2617 2304 2702 μένῳ
2333 2630 2430 2700 τὴν
2460 2632 2617 2702 χάριν
2670 2633 2820 2687 ἔσται
2867 2634 3015 2706 πηγὴ
3067 2636 3256 2701 ὓδατος
3307 2617 3602 2709 ἁλλομένου
3650 2644 3744 2706 εἰς

2154 2721 2296 2792 ζωὴν
2345 2722 2596 2776 αἰώνιον.
2647 2723 2856 2778 Οὐκοῦν
2921 2728 3028 2790 πᾶς
3078 2729 3107 2781 6
3161 2728 3339 2784 ποθῶν
3367 2731 3464 2801 τὴν
3513 2732 3743 2786 αἰώνιον

2155 2809 2320 2880 ζωὴν,
2354 2813 2571 2867 ἐπειδὰν
2593 2813 2729 2888 εὕρῃ
2757 2815 2844 2870 τὸν
2867 2817 3015 2882 Υἱὸν,
3042 2820 3130 2872 τὸν
3161 2820 3330 2892 ἀληθῆ
3366 2822 3512 2890 λέγω
3546 2825 3642 2877 καὶ
3670 2828 3738 2878 οὐ

2155 2900 2530 2973 ψευδώνυμον,
2575 2903 2694 2958 ὅλον
2740 2896 2898 2976 εὗρεν
2926 2908 2984 2960 ὲν
3010 2909 3186 2978 ἑαυτῷ
3222 2911 3357 2982 ὅπερ
3398 2913 3736 2983 ἐπεπόθησε.

2156 2992 2300 3046 Διότι
2326 2994 2418 3047 καὶ
2451 2994 2612 3058 αὐτός
2635 2995 2778 3048 ἐστιν
2810 2998 2841 3066 ή
2875 2996 3010 3068 ζωὴ,
3045 3000 3140 3053 καὶ
3163 3003 3220 3054 ἐν
3251 3003 3427 3072 ἑαυτῷ
3453 3005 3553 3077 τὴν
3586 3007 3738 3078 ζωὴν

2153 3081 2285 3152 ἔχει.
2333 3083 2468 3136 Ἀλλ’
2515 3086 2542 3137 6
2589 3085 2780 3150 λεπτὸς
2811 3083 2963 3154 οὗτος
3006 3090 3096 3144 τὸν
3129 3093 3273 3159 νοῦν,
3303 3096 3396 3148 καὶ
3421 3096 3737 3167 napum;

2151 3173 2247 3243 τὴν
2272 3174 2519 3244 καρδίαν,
2562 3176 2667 3229 ὑπὸ
2703 3177 2903 3248 πολλῆς
2931 3180 3204 3248 ὀξυωπίας
3227 3185 3305 3256 τῷ
3328 3185 3442 3255 Υίῷ
3469 3189 3573 3259 τὴν
3599 3192 3743 3245 αἰω-

2152 3263 2270 3316 νίαν
2298 3265 2399 3316 ούκ
2438 3265 2741 3336 ἐνευρίσκει
2768 3267 2911 3340 ζωήν
2936 3286 2949 3299 ·
2999 3272 3113 3326 ἀλλ’
3142 3275 3381 3346 ὑπερϐὰς
3410 3278 3599 3332 τοῦτον
3631 3285 3740 3336 καὶ

2152 3353 2498 3421 καταλιπὼν,
2529 3351 2641 3410 οἷον
2684 3360 2938 3427 ἐμπόδιόν
2989 3380 3038 3416 τι
3078 3365 3212 3435 πρὸς
3245 3367 3304 3420 τὸ
3357 3369 3698 3440 ζητούμενον
3720 3417 3738 3438 ,

2151 3444 2268 3496 ἐκεῖ
2312 3445 2651 3515 διερευνᾶται
2687 3450 2785 3519 τὴν
2838 3451 3053 3508 αίὼνιον
3092 3455 3266 3528 ζωὴν,
3296 3460 3428 3513 ὅπου
3471 3461 3546 3532 μὴ
3583 3458 3738 3518 εἶναι

2150 3531 2318 3586 οἴεται
2361 3534 2459 3606 τὴν
2504 3535 2670 3602 ὅντως
2699 3538 2860 3611 ζωήν.
2893 3543 2957 3596 Τί
2990 3545 3057 3599 ἄν
3079 3564 3161 3610 τις
3189 3550 3491 3620 ἐπινοήσειε
3519 3553 3739 3608 τούτων

2150 3623 2298 3717 ἢιείς
2344 3625 2690 3717 βλασφημίαν
2729 3634 3098 3705 φρικτότερον,
3136 3639 3169 3709 ἢ
3199 3641 3281 3703 είς
3313 3639 3525 3712 θρήνων
3557 3645 3738 3717 ἀφορ-

2153 3712 2259 3784 μὴν
2324 3716 2796 3790 σκυθρωπότερον;
2860 3724 3019 3779 Ἀλλὰ
3067 3728 3173 3800 μὴν
3207 3729 3268 3781 τὸ
3319 3732 3608 3788 Σαὸέλλιόν
3669 3712 3736 3790 τε

2150 3803 2603 3896 καὶΔΜοντανὺν,
2648 3812 2760 3873 τοῖς
2804 3813 3092 3885 ἡμετέροις
3152 3817 3410 3890 δόγμασιν
3461 3823 3734 3896 ὲπιθρυλ-

2149 3891 2390 3958 λεῖσθαι,
2432 3896 2670 3951 τοιοῦτόν
2721 3900 2898 3969 ἐστιν,
2943 3901 3055 3958 οἷον
3097 3909 3149 3960 εί
3184 3925 3268 3972 τις
3319 3911 3412 3964 καὶ
3454 3914 3557 3984 τὴν
3604 3920 3732 3970 κατ’

2149 3986 2413 4058 Εὐνόμιον
2468 3989 2596 4058 ἡμῖν
2649 3989 2992 4064 βλασφημίαν
3048 4001 3442 4071 προστρίὸοιτο.
3509 4006 3571 4059 Ei
3615 4010 3733 4081 γάρ

2150 4095 2234 4142 τις
2281 4079 2688 4151 ὲπεσκεμμένος
2740 4085 2837 4153 τὴν
2882 4087 2990 4140 τῶν
3029 4091 3292 4160 αίρέσεων
3327 4095 3534 4166 ταύτην
3581 4079 3731 4155 6mi-

2149 4186 2248 4238 την
2276 4169 2661 4236 διεξετάσειεν,
2713 4176 2934 4248 εὑρήσει
2968 4181 3166 4250 πολλὴν
3211 4183 3402 4255 ἔχοντα
3455 4191 3592 4259 πρὸς
3624 4194 3729 4262 τὴν

2152 4263 2271 4314 κατ’
2320 4263 2583 4333 Εὐνόμιον
2634 4267 2874 4338 πλάνην,
2915 4270 3014 4342 τὴν
3067 4275 3390 4347 οἰκειότητα.
3443 4281 3727 4348 Ἰουδαΐζει

481 4366 548 4419 ad
603 4366 824 4423 deitatis
876 4371 1319 4425 communionem
1366 4350 1551 4443 magni
1600 4379 1743 4447 apud
1802 4380 1950 4450 ipsos
1993 4391 2045 4434 et

2152 4350 2257 4450 γάρ
2282 4351 2538 4450 ἑκάτερος
2561 4357 2707 4427 αὐτῷ
2737 4359 2984 4431 δόγματι,
3016 4363 3138 4417 οὔτε
3161 4367 3248 4420 τὸν
3275 4373 3538 4442 μονογενῆ
3567 4375 3723 4439 Θεὸν,

480 4453 640 4519 primi
671 4454 803 4508 dicti
852 4454 946 4510 Dei
1003 4458 1323 4514 admittens.
1367 4461 1538 4526 Quem
1576 4467 1720 4520 enim
1774 4467 2047 4524 Sabellius

478 4542 612 4596 dicit
656 4543 1030 4611 trinominem,
1070 4547 1215 4604 hunc
1259 4548 1560 4608 Eunomius
1604 4555 1849 4610 nominat
1899 4558 2050 4626 iugc-

479 4632 677 4686 nitum.
715 4633 920 4689 llorum
971 4644 1152 4692 autem
1204 4649 1400 4695 neuter
1434 4642 1489 4696 in
1533 4641 1803 4700 Trinitatc
1852 4661 2045 4716 perso-

481 4735 671 4775 narum
704 4727 1101 4795 contemplatur
1159 4729 1436 4785 deitatem.
1471 4732 1605 4796 Quis
1657 4735 1820 4805 igitur
1864 4737 2047 4792 adlnco

479 4821 594 4866 rent
629 4811 883 4878 Sabellio,
929 4832 1114 4870 eorum
1141 4820 1235 4888 qui
1284 4821 1430 4876 hunc
1455 4839 1759 4880 sermonem
1793 4828 2042 4895 legerint,

475 4901 739 4973 judicium
774 4904 1014 4961 definiat.
1049 4908 1154 4964 Sed
1195 4911 1308 4966 hinc
1337 4913 1557 4982 quidem
1611 4915 1900 4973 hactenus.

542 5137 808 5206 Quoniam
836 5154 962 5194 vero
990 5141 1232 5210 prolixus
1252 5152 1334 5198 est
1365 5145 1417 5198 iu
1435 5149 1807 5217 sequentibus,
1835 5154 2044 5208 abomi-

474 5231 733 5285 uabilium
761 5239 1205 5302 argumentorum
1232 5245 1427 5288 tetrum
1451 5254 1800 5294 commovens
1821 5243 2040 5300 odorem

471 5324 672 5393 quibus
749 5322 1085 5394 unigenitum
1146 5323 1309 5379 Deum
1347 5343 1479 5383 ~non
1531 5330 1825 5400 aliquando
1875 5334 2045 5393 fuisse

472 5413 739 5468 adstruit:
767 5415 1025 5486 praeclare
1057 5417 1256 5472 habere
1285 5419 1424 5487 dico,
1457 5436 1581 5476 cum
1607 5422 1718 5492 jam
1741 5440 1806 5479 ex
1832 5427 1897 5482 iis
1920 5445 2041 5498 quae

548 5585 590 5617 ⁸⁸
617 5585 776 5643 Joan.
811 5607 942 5654 δίνη,
975 5594 1024 5647 3.

1108 5598 1143 5627 “
1173 5597 1324 5651 Joan.
1362 5615 1413 5662 v,
1470 5601 1559 5656 40.
1642 5605 1682 5636 ι’
1710 5602 1866 5661 Joan.
1900 5610 2070 5689 in”.

2147 4441 2270 4494 οὔτε
2295 4443 2354 4496 τὸ
2395 4444 2616 4516 Πνεῦμα
2647 4449 2708 4502 τὸ
2741 4452 2895 4519 ἆγιον
2924 4455 3002 4518 εἰς
3029 4460 3310 4513 κοινωνίαν
3345 4463 3442 4531 τῆς
3471 4464 3727 4534 θεότητος

2146 4533 2238 4586 τοῦ
2275 4551 2368 4604 μεγ
2384 4535 2510 4589 άλου
2543 4541 2671 4610 παρ’
2698 4543 2876 4607 αὐτοῖς
2903 4547 2997 4599 καὶ
3026 4549 3238 4617 πρώτου
3262 4553 3556 4624 λεγομένου
3585 4559 3722 4613 Θεοῦ

2147 4624 2581 4721 προσδεχόμενος.
2605 4633 2701 4684 Ὃν
2739 4633 2846 4704 γὰρ
2878 4637 3159 4703 Σαϐέλλιος
3206 4641 3350 4711 λέγει
3392 4647 3720 4721 τριώνυμον,

2145 4712 2332 4768 τοῦτον
2370 4717 2628 4790 Εὐνόμιος
2659 4721 2912 4794 ὀνομάζει
2963 4729 3273 4800 ἀγέννητον,
3317 4712 3614 4808 Ούθέτερος
3662 4742 3722 4793 δὲ

2144 4808 2345 4860 τούτων
2396 4811 2452 4862 ἐν
2503 4814 2567 4882 τῇ
2604 4815 2646 4866 Τ
2650 4816 2790 4884 ριάδι
2827 4817 2933 4872 τῶν
2976 4821 3322 4878 ύποστάσεων
3368 4826 3568 4899 θεωρεῖ
3621 4833 3722 4901 τὴν

2145 4897 2388 4966 θεότητα.
2425 4899 2518 4963 Τίς
2545 4902 2720 4956 τοίνυν
2747 4907 2962 4972 οἰκείως
2993 4910 3105 4979 ἔχει
3130 4915 3264 4984 πρὸς
3291 4915 3382 4968 τὸν
3407 4897 3717 4987 ademto),

2141 4989 2174 5081 η
2351 4989 2779 5062 ἐντυγχανόντων
2821 4999 2898 5069 τῷ
2931 5000 3072 5073 λόγῳ
3103 5005 3278 5074 κρίσις
3321 4986 3720 5081 ἀποφηνάσθω,

2155 5077 2311 5132 Ἀλλὰ
2340 5081 2510 5136 ταῦτα
2542 5086 2638 5155 μὲν
2675 5089 2753 5151 εἰς
2785 5091 3055 5146 τοσοῦτον.

2228 5170 2382 5224 Ἐπεὶ
2428 5171 2484 5224 δὲ
2532 5177 2698 5242 πολύς
2745 5181 2891 5234 ἐστιν
2929 5184 2988 5236 ἐν
3028 5187 3140 5248 τοῖς
3184 5187 3400 5259 ἐφεξῆς,
3450 5192 3562 5247 τῶν
3605 5194 3726 5265 βδε-

2144 5259 2319 5352 λυριῖὶν
2349 5263 2792 5352 ἐπιχειρημάτων
2819 5273 3086 5328 ἀνακινῶν
3122 5277 3220 5347 τὴν
3244 5279 3508 5352 δυσωδὴν,
3533 5259 3616 5342 δι’-
3643 5280 3728 5340 ὧν

2145 5350 2220 5421 μὴ
2251 5345 2388 5403 εἷναί
2422 5369 2548 5408 ποτε
2589 5358 2678 5413 τὸν
2701 5364 2960 5433 μονογενῆ
2995 5369 3392 5434 κατασκευάζει
3423 5373 3582 5441 Θεὸν,
3618 5394 3724 5430 κα-

2141 5435 2245 5501 λῶς
2295 5437 2436 5508 ἔχειν
2466 5447 2605 5515 φημὶ
2635 5446 2720 5502 διὰ
2761 5451 2868 5505 τῶν
2919 5453 3295 5522 προλαϐόντων
3347 5435 3587 5534 μετρίως
3616 5464 3724 5532 τῆς
