4034 6156
307 313 408 374 83⁸1

1435 308 1712 388 COSTRA
1753 306 2141 374 EUNOMIUM,
2178 307 2306 363 LIB.
2351 307 2414 360 Χ.

3442 305 3546 360 838

313 429 439 497 περὶ
485 424 682 480 τούτων
725 424 853 493 ἡμῖν
888 421 1130 485 διανοίας
1186 420 1640 491 ὲκκαθαρθείσης,
1694 419 1865 490 μηκέτ

1994 428 2390 489 praecesserunt
2428 421 2496 477 ab
2523 421 2750 476 istorum
2777 420 2862 475 ine
2893 419 3026 474 satis
3049 420 3422 490 sitexpurgata
3452 438 3550 476 no-

310 511 777 574 συνδιαὸαπτίζειν
812 512 902 564 τὸν
931 511 1084 578 λόγον
1117 511 1225 572 τοῖς
1256 510 1459 580 ὁμοίοις
1499 512 1707 572 κακοῖς,
1740 509 1878 578 πλὴν

306 605 465 658 τοῦτο
491 605 647 674 μόνον
666 603 766 658 οὐκ,
789 603 1012 672 ἄκαιρον
1043 603 1169 663 ἴσως
1197 600 1508 671 προσθεῖναι
1539 601 1646 654 τῶν
1670 598 1877 653 πολλῶν

305 696 687 765 ἐκλεξάμενον·
713 694 850 762 Φησὶ
876 693 1016 746 κατὰ
1047 693 1109 744 τὸ
1134 687 1273 756 ἴσον,
1309 693 1401 745 καὶ
1441 694 1505 761 τῇ
1541 690 1631 744 τοῦ
1665 689 1878 761 Πατρὸς

305 787 463 856 οὐσίᾳ
521 783 868 854 συνεζεῦχθαί
909 801 1050 846 τινος
1086 783 1182 855 τὴν
1231 783 1552 853 ἀγεννησίαν
1608 783 1872 842 εἰπόντος.

303 881 401 932 Λ.ὲι
428 878 534 930 τῶν
565 878 765 947 ὁμοίων
811 878 839 929 ὁ
870 877 1023 944 λόγος
1053 877 1411 947 προέρχεται,
1447 875 1629 938 καθὼς
1665 874 1756 927 ἐπὶ
1779 874 1873 926 τοῦ

303 972 436 1023 Υἱοῦ
475 971 832 1039 συνεπέρανεν
867 968 1050 1036 σαφῶς
1083 969 1172 1022 διὰ
1207 970 1303 1039 τῆς
1341 969 1448 1020 τῶν
1483 967 1736 1020 ἐναντίων
1773 982 1874 1018 κα-

304 1062 604 1130 τασκευῆς,
651 1061 710 1112 τὸ
752 1061 925 1129 δόγμα
965 1061 1062 1130 τῆς
1113 1061 1391 1121 εὐσεϐείας
1432 1059 1778 1130 κρατύνεται,
1814 1057 1874 1109 τὸ

310 1154 383 1223 μὴ
410 1152 604 1205 ταύτὸν
637 1152 850 1204 οῖεσοαι
894 1148 1030 1205 εἶναι
1057 1155 1122 1222 τῇ
1152 1153 1306 1222 οὐσίᾳ
1332 1153 1427 1222 τὴν
1460 1151 1780 1220 ἀγεννησίαν
1812 1166 1872 1201 τε

305 1242 400 1294 καὶ
421 1242 519 1310 τὴν
545 1241 794 1309 γέννησιν
815 1258 827 1268 ·
865 1241 980 1293 ἀλλ’
1024 1240 1437 1311 ἐπιοεωρείσθαι
1470 1241 1566 1308 μὲν
1594 1238 1766 1293 ταῦτα
1795 1237 1873 1308 τῷ

304 1332 665 1402 ὑποκειμένῳ,
703 1331 829 1384 ἄλλο
871 1331 927 1384 δέ
960 1350 1010 1384 τι
1053 1332 1199 1401 παρὰ
1246 1332 1413 1384 ταῦτα
1453 1326 1591 1383 εἶναι
1631 1329 1706 1398 τῷ
1759 1330 1872 1398 ἰδίῳ

303 1425 444 1496 λόγῳ
465 1426 523 1476 τὸ
553 1423 926 1492 ὑποκείμενον,
959 1423 1040 1490 ἐφ’
1067 1416 1127 1474 οὗ
1158 1424 1424 1492 μηδεμιᾶς
1445 1423 1702 1493 διαφορᾶς
1726 1423 1870 1492 εὐρισ

305 1515 593 1584 σκομένης,
620 1513 704 1566 διὰ
733 1512 793 1564 τὸ
826 1511 1152 1580 κεχωρίσθαι
1190 1513 1284 1581 τῆς
1311 1513 1496 1574 οὐσίας
1524 1513 1622 1580 τὴν
1651 1510 1791 1565 κατὰ
1812 1510 1872 1563 τὸ

303 1604 556 1674 γεννητόν
584 1621 642 1655 τε
684 1602 778 1655 καὶ
818 1603 1108 1672 ἀγέννητον
1131 1602 1389 1673 διαφοράν
1414 1619 1428 1630 ·
1461 1602 1700 1654 λείπεται
1731 1601 1870 1655 κατὰ

302 1695 480 1746 πᾶσαν
511 1693 752 1760 ἀνάγκην
780 1691 838 1743 τὺ
867 1691 1284 1760 ἀπαράλλακτον
1325 1691 1411 1743 ἐπ’
1432 1693 1632 1761 ἀιιηιοῖν
1653 1691 1748 1761 τὴν
1777 1692 1866 1743 οὐ·

303 1787 424 1838 σίαν
476 1784 832 1838 συντίθεσθαι.
895 1784 1015 1836 Ἔτι
1064 1784 1157 1836 καὶ
1207 1783 1362 1835 τοῦτο
1401 1786 1509 1846 τοῖς
1561 1783 1865 1852 εἰρημένοις

302 1873 811 1949 προσεξετὰσωμενο
845 1872 967 1934 Πῶς
1003 1871 1330 1941 κεχωρίσθαι
1356 1871 1447 1924 τοῦ
1476 1872 1686 1942 Πατρδς
1721 1871 1868 1940 λέγει

299 1971 399 2038 τὴν
427 1968 704 2036 γέννησιν,
729 1964 914 2018 οὐσίαν
940 1964 1106 2033 αὐτὴν
1136 1963 1293 2026 νοῶν,
1326 1963 1358 2033 ἢ
1390 1963 1700 2034 ὲνέργειαν;
1732 1963 1867 2015 Ἀλλ’

305 2062 354 2112 εἰ
385 2061 480 2130 μὲν
515 2058 790 2128 ἐνέργειαν
812 2056 977 2110 οἴεται
1003 2055 1224 2124 ταύτην,
1245 2055 1439 2125 ἐπίσης
1465 2055 1679 2118 πάντως
1711 2053 1788 2123 τῷ
1810 2071 1868 2106 τε

300 2147 663 2219 ἐνεργηϐέντι,
701 2146 792 2198 καὶ
821 2145 897 2215 τῷ
941 2142 1262 2214 ἐνεργοῦντι·
1283 2144 1613 2197 συνάπτεται
1634 2160 1647 2172 ·
1680 2143 1869 2214 ὥσπερ

299 2243 393 2294 ἐπὶ
425 2240 600 2308 πάσης
629 2237 991 2304 κατασκευῆς,
1027 2236 1224 2305 ὁμοίως
1251 2235 1342 2286 ἐπί
1367 2251 1423 2286 τε
1469 2233 1562 2287 τοῦ
1587 2235 1866 2305 γινομένου

299 2331 393 2385 καί¹
439 2329 529 2383 τοῦ
572 2329 846 2391 ποιοῦντος
891 2330 1036 2381 ἕῖτιν
1071 2328 1198 2380 ἰδεῖν
1235 2326 1331 2398 τὴν
1361 2327 1669 2396 ἐνέργειαν⁹
1735 2329 1866 2398 μήτε

297 2423 391 2476 τοῦ
424 2420 817 2492 τεχνιτεύοντος
858 2419 1249 2490 χωριζομένην,
1299 2418 1393 2470 καὶ
1439 2420 1503 2489 τῇ
1554 2421 1866 2490 κατασκευῇ

296 2514 404 2567 τῶν
427 2512 875 2582 ἀποτελεσμάτων
910 2510 1332 2580 ἐμφαινομένην.
1367 2510 1428 2562 Et
1452 2509 1508 2560 δὲ
1541 2509 1728 2561 οὐσίαν
1767 2511 1863 2562 αὐ-

297 2607 394 2677 τὴν
417 2607 560 2675 λέγοι
609 2605 708 2674 τῆς
742 2604 835 2656 τοῦ
870 2603 1076 2674 Πατρὸς
1120 2602 1303 2666 οὐσίας
1340 2601 1769 2672 κεχωρισμένην.
1805 2603 1869 2655 ἐκ

295 2697 495 2766 ταύτης
517 2693 789 2764 ὁμολογῶν
812 2688 948 2745 εἶναι
967 2693 1057 2744 τὸν
1079 2691 1304 2762 Κύριον,
1325 2691 1478 2760 δῆλός
1518 2693 1632 2744 ἐστι
1668 2689 1868 2759 ταύτην

295 2787 418 2840 ἀντὶ
444 2787 534 2839 τοῦ
575 2783 788 2852 lla-apo;
813 2784 902 2835 ἐπὶ
931 2781 1023 2834 τοῦ
1051 2782 1383 2851 Μονογενοῦς
1407 2782 1635 2851 βλέπων,
1680 2781 1754 2844 ὡς
1777 2782 1870 2834 δύο

294 2874 543 2946 Πατέρας
569 2873 662 2930 ἐπὶ
699 2874 790 2927 τοῦ
825 2874 953 2928 Υἱοῦ
987 2874 1218 2928 νοεῖσθαι
1241 2893 1253 2906 ·
1286 2874 1377 2926 τὸν
1418 2875 1513 2942 μὲν
1539 2873 1868 2942 ὀνομαζόμε-

294 2986 387 3020 νον
417 2968 594 3037 μόνον,
620 2967 677 3019 ὃν
702 2966 764 3036 δὴ
787 2968 878 3019 καὶ
907 2966 1196 3034 ἀγέννητον
1218 2965 1386 3033 λέγει,
1417 2967 1491 3035 μὴ
1513 2964 1871 3017 κοινωνοῦντα

294 3060 354 3113 δὲ
393 3058 490 3126 τῆς
530 3059 862 3127 γεννήσεως·
913 3057 1008 3126 τὴν
1061 3057 1147 3122 δὲ,
1185 3057 1255 3109 τὰ
1284 3055 1377 3108 τοῦ
1414 3054 1622 3127 Πατρὸς
1655 3056 1745 3107 ἐπὶ
1777 3055 1869 3108 τοῦ

297 3148 637 3216 Μονογενοῦς
664 3147 1010 3216 ἐνεργοῦσαν,
1047 3147 1113 3218 ἣν
1151 3147 1400 3215 γέννησιν
1451 3146 1723 3216 ὀνομάζει.
1764 3146 1872 3198 Καὶ

298 3237 456 3292 τοῦτο
489 3237 688 3306 μᾶλλον
723 3238 789 3290 δι’
821 3236 1000 3321 αὐτιῶν
1043 3237 1150 3291 τῶν
1189 3237 1454 3308 Εὐνομίου
1487 3236 1681 3306 λόγων,
1709 3236 1742 3307 ἢ
1783 3235 1872 3290 διὰ

301 3329 408 3383 τῶν
434 3327 712 3400 ἡμετέρων
741 3327 1037 3396 ἐλέγχεται.

370 3504 531 3571 Λέγει
569 3503 676 3573 γὰρ
705 3503 762 3553 ὲν
794 3504 904 3564 τοῖς
944 3501 1164 3571 ἐφεξῆς·
1217 3497 1277 3556 '0
1303 3501 1370 3556 δὲ
1392 3502 1534 3570 Θεύς
1555 3504 1728 3574 χωρίς
1745 3521 1872 3574 γεν-

299 3595 535 3661 νήσεως
550 3592 652 3655 ὢν,
676 3593 773 3647 καὶ
792 3593 905 3660 πρὸ
924 3592 1032 3646 τοῦ
1048 3594 1437 3662 γεννηθέντος
1448 3595 1599 3648 ἐστί·
1619 3596 1710 3649 καὶ
1751 3599 1870 3666 μετ’

300 3688 496 3755 ὀλίγον·
521 3680 593 3756 ᾮ
635 3686 741 3756 γὰρ
769 3687 838 3739 ἐκ
872 3684 982 3739 τοῦ
1013 3684 1372 3756 γεννηθῆναι
1398 3686 1462 3738 τὸ
1489 3682 1662 3751 εἶναι,
1695 3683 1872 3753 οὗτος

301 3778 443 3846 πρὶν
464 3777 822 3846 γεννηθῆναι
842 3777 950 3830 οὐκ
969 3776 1065 3844 ἦν.
1084 3775 1322 3838 Οὐκοῦν
1333 3779 1384 3830 εί
1406 3777 1444 3845 ἡ
1462 3776 1746 3845 γέννησις
1755 3777 1873 3846 μὲν

301 3867 650 3938 κεχώρισται
666 3867 772 3922 τοῦ
785 3867 1032 3934 Πατρὸς,
1047 3866 1126 3932 τῷ
1139 3867 1206 3919 δὲ
1231 3865 1340 3932 Υἱῷ
1360 3867 1428 3922 ἐκ
1457 3867 1562 3922 τοῦ
1582 3867 1871 3938 γεννηθῆ-

301 3977 395 4012 ναι
414 3960 477 4012 τὸ
492 3954 646 4011 εἷναί
660 3958 847 4010 ἐστιν·
866 3957 978 4025 ἆρα
988 3959 1378 4028 ἀνενέργητος
1390 3963 1423 4013 ὁ
1435 3960 1636 4028 Πατὴρ
1649 3961 1746 4015 ἐπὶ
1763 3960 1873 4029 τῆς

303 4051 408 4104 τοῦ
435 4049 808 4118 Μονογενοῦς
833 4048 1242 4115 ὑποστάσεως,
1264 4053 1296 4103 ό
1315 4053 1750 4121 κεχωρισμένος
1764 4053 1874 4122 τῆς

303 4141 661 4210 ςεννήο-εως,
681 4135 866 4210 ἀφ’ἧς
883 4143 916 4192 ό
940 4139 1068 4202 Υἱὸς
1086 4143 1147 4192 τὸ
1167 4140 1316 4196 εἶναι
1353 4141 1496 4210 ἔχει.
1517 4140 1692 4198 Εἱ-οὗν
1719 4145 1874 4215 ἠλλο-

301 4232 526 4303 τρίωται
563 4230 662 4300 τῆς
707 4230 800 4283 τοῦ
851 4228 980 4283 Υίοῦ
1009 4232 1311 4302 γεννήσεως
1343 4233 1371 4284 ὁ
1409 4233 1619 4306 Πατὴρ,
1650 4234 1682 4305 ἢ
1716 4235 1874 4289 ἄλλον

300 4317 421 4376 τινὰ
440 4317 655 4392 Πατέρα
683 4321 776 4374 τοῦ
799 4320 928 4373 Υἱοῦ
949 4320 1036 4372 διὰ
1056 4320 1145 4374 τοῦ
1167 4316 1264 4392 τῆς
1291 4325 1592 4395 γεννήσεως
1616 4325 1875 4395 ὀνόματος

299 4411 756 4476 ἀναπλάσσουσιν,
797 4410 830 4482 ἢ
873 4410 1260 4482 αὐτογέννητόν
1304 4429 1427 4466 τινα
1467 4415 1560 4467 καὶ
1586 4415 1868 4484 αὐτογένε-
1901 4414 1944 4469 D

301 4504 424 4557 θλον
465 4502 556 4556 τὸν
595 4503 723 4556 Υἱὺν
767 4505 815 4556 0i
875 4503 1027 4571 σοφοὶ
1063 4501 1150 4555 διὰ
1184 4503 1292 4557 τῶν
1323 4504 1626 4575 εἰρημένων
1658 4507 1872 4561 ἀποδει-

299 4594 574 4648 κνύουσιν.
631 4595 794 4664 Ὀρᾷς
824 4593 885 4646 τὸ
916 4609 1146 4662 πεφωρα
1165 4593 1325 4661 μένον
1346 4595 1443 4664 τῆς
1485 4596 1722 4660 διανοίας
1775 4596 1868 4651 τοῦ

297 4683 398 4754 τὴν
428 4683 668 4754 ἀμαθίαν
703 4684 834 4753 ἡμῖν
860 4682 972 4736 ἀνω
997 4684 1089 4736 καὶ
1117 4687 1264 4737 κάτω
1285 4682 1372 4735 διὰ
1401 4683 1506 4736 τῶν
1538 4685 1681 4738 ἰδίων
1701 4686 1870 4754 λόγων

301 4776 695 4847 προφέροντος·
724 4775 799 4838 ὡς
842 4774 1194 4828 διαπλανᾶται
1222 4777 1342 4837 ταῖς
1377 4776 1702 4840 πολυοδίαις,
1740 4779 1873 4847 μᾶλ-

299 4870 391 4922 λον
424 4868 481 4921 δὲ
507 4870 626 4931 ταῖς
647 4867 882 4932 ἀνοδίαις
907 4868 942 4938 ἠ
965 4865 1296 4937 βλασφημία,
1325 4867 1390 4920 δι’
1418 4868 1628 4932 οὐδενὸς
1652 4869 1869 4940 βεϐαίου

302 4960 439 5032 πρὸς
467 4960 558 5012 τὸν
583 4959 782 5012 σκοπὸν
814 4959 1012 5030 ἑαυτῆς
1044 4957 1324 5030 προϊοῦσα.
1355 4959 1466 5011 Καὶ
1497 4958 1573 5022 ὡς
1605 4959 1750 5013 ἐστιν
1781 4961 1872 5014 ἐπὶ

298 5051 410 5104 τῶν
454 5049 661 5121 νηπίων
705 5049 851 5116 ἰδεῖν,
896 5051 1025 5104 ὅταν
1072 5051 1162 5118 ὑφ’
1207 5050 1420 5121 ἡλικίας
1470 5051 1781 5122 ἀθύροντες,
1814 5055 1873 5108 ἐν

298 5143 513 5214 ψάμμῳ
533 5143 636 5196 τινὶ
670 5141 941 5213 μιμῶνται
965 5143 1063 5207 τὰς
1088 5143 1195 5198 τῶν
1221 5142 1668 5214 οἰκοδομημάτων
1703 5161 1873 5198 κατα-

301 5237 504 5296 σκευάς
520 5249 532 5262 ⁸
553 5228 634 5296 οἷς
660 5234 720 5286 οὐ
745 5234 884 5287 κατὰ
906 5235 1104 5288 σκοπὸν
1127 5237 1158 5305 ἠ
1195 5235 1423 5306 μίμησις
1458 5236 1715 5306 τεχνικῶς
1739 5238 1874 5308 πρὸς

299 5324 364 5376 τὸ
405 5323 712 5394 ἀρχέτυπον
758 5323 1060 5392 ὁμοιοῦταιο
1111 5323 1254 5377 ἀλλά
1279 5325 1542 5395 πρότερον
1569 5325 1662 5377 ὑπ’
1692 5326 1876 5388 ἀνοίας

298 5431 356 5469 τι
375 5416 516 5468 κατά
539 5415 601 5467 τὸ
622 5415 835 5485 συμϐὰν
857 5416 1236 5486 ἐξειργάσαντο
1253 5432 1266 5445 ·
1305 5413 1424 5470 εἶτα
1452 5416 1790 5485 βουλεύονται
1821 5420 1875 5473 τί

301 5506 409 5578 χρὴ
448 5508 713 5577 ὀνομάσαι
759 5507 820 5560 τὸ
869 5506 1319 5577 κατασκεύασμα.
1378 5507 1598 5576 Ταύτην
1643 5509 1735 5562 καὶ
1782 5511 1875 5565 ἐπὶ

299 5596 396 5649 τοῦ
422 5597 765 5666 λογογράφου
807 5597 905 5668 τὴν
939 5597 1215 5666 ἀγχίνοιαν
1247 5596 1445 5666 βλέπω.
1473 5592 1597 5650 Οἷον
1626 5599 1732 5670 γάρ
1756 5617 1874 5654 τινα

303 5686 532 5758 ψάμμου
567 5687 797 5757 σωρείαν
835 5687 976 5742 κατὰ
1015 5687 1073 5741 τὸ
1102 5686 1323 5740 ἐπελθὸν
1357 5687 1503 5759 αὐτῷ
1530 5690 1600 5743 τά
1623 5691 1722 5755 τῆς
1749 5693 1874 5745 ἀσε-

1981 520 2094 564 Stra
2123 526 2298 576 mens,
2324 511 2369 565 si
2399 525 2505 564 non
2523 511 2756 580 amplius
2773 509 3042 566 similibus
3067 510 3224 564 malis
3242 526 3546 565 sermonem

1978 609 2228 658 nostrum
2269 603 2564 673 tingamus,
2601 611 2798 672 praeter
2823 602 2928 656 hoc
2951 603 3127 656 solum
3152 602 3377 670 quodex
3410 606 3542 654 oml-

1979 694 2047 748 lis
2074 694 2615 762 selectumadjecisse
2650 694 2881 748 fortasse
2905 706 3012 745 non
3029 692 3541 760 eritimportunum:

1978 786 2120 840 Idem
2155 787 2290 841 dicit
2320 787 2604 856 aequaliter
2628 800 2751 840 cum
2777 800 2843 839 eo
2867 784 2958 854 qui
2994 786 3192 839 asserit
3218 799 3339 838 cum
3366 783 3544 838 Patris

1975 875 2212 929 essentia
2273 876 2582 944 cepulatam
2628 888 2753 928 esse
2816 872 3176 941 ἀγεννησίανς
3223 887 3318 941 per
3345 872 3544 926 similia

1975 980 2158 1020 sermo
2192 965 2455 1033 procedit,
2482 965 2622 1020 sicut
2657 965 2710 1017 iu
2745 963 2885 1017 Filio
2903 964 3170 1018 conclusit
3199 977 3213 1016 :
3242 971 3424 1031 aperte
3447 976 3544 1031 per

1973 1071 2036 1111 ea
2059 1071 2180 1124 qua:
2206 1055 2501 1109 adversarii
2526 1054 2837 1120 adstruunt,
2859 1055 3074 1123 pietatis
3099 1055 3372 1109 decretum
3403 1069 3539 1108 eon-

1976 1146 2259 1236 ﬁrmatur;
2301 1161 2407 1201 non
2452 1147 2588 1200 idem
2624 1153 2815 1216 putare
2861 1162 2984 1199 cum
3025 1147 3261 1202 essentia
3316 1146 3540 1215 ingeniti

1973 1237 2240 1292 rationem
2269 1246 2324 1292 et
2378 1237 2802 1306 generationem,
2834 1237 2928 1291 sed
2968 1239 3083 1292 hate
3109 1237 3162 1290 in
3193 1238 3380 1292 eodem
3411 1239 3541 1294 su‘o-

1967 1329 2114 1397 jecto
2153 1329 2510 1383 considerari.
2535 1328 2851 1396 Subjectum
2875 1337 3051 1382 autem
3083 1329 3299 1398 propria
3333 1329 3541 1382 ratione

1971 1436 2093 1476 esse
2121 1421 2251 1490 quid
2283 1421 2430 1475 aliud
2487 1429 2682 1489 praeter
2721 1420 2846 1480 ista,
2885 1421 2938 1472 in
2967 1435 3076 1489 quo
3112 1433 3236 1474 cum
3275 1419 3419 1474 nulla
3455 1420 3540 1472 in-

1969 1513 2222 1567 veniatur
2255 1512 2578 1574 diﬁ‘erentia,
2607 1527 2714 1580 qua
2762 1511 2830 1564 ab
2859 1511 3092 1565 essentia
3127 1518 3411 1578 separetur
3436 1510 3537 1564 dif-

1971 1605 2200 1661 ferentia
2238 1620 2358 1674 quze
2384 1613 2469 1659 est
2501 1605 2798 1659 secundum
2832 1603 3072 1674 genitum
3109 1613 3160 1657 ct
3191 1602 3490 1672 ingenitum
3521 1621 3535 1656 :

1972 1706 2142 1752 restat
2162 1695 2472 1752 necessario
2505 1697 2554 1750 in
2578 1696 2847 1750 ambobus
2875 1696 3169 1750 essentiam
3211 1696 3456 1749 eamdem
3485 1703 3538 1747 et

1971 1787 2194 1840 minime
2219 1787 2554 1840 diﬂ'erentcm
2587 1800 2709 1840 esse
2739 1784 3009 1839 conﬁteri.
3043 1784 3175 1839 Illud
3205 1786 3368 1839 etiam
3401 1800 3538 1855 prm-

1971 1882 2054 1928 tcr
2073 1889 2135 1928 ea
2164 1875 2412 1944 quaajam
2444 1875 2587 1928 dicta
2634 1882 2783 1936 sunt,
2818 1875 3190 1929 exaruinemus
3218 1873 3536 1941 :Quomodo

1972 1964 2058 2019 hic
2097 1967 2295 2020 asserit
2332 1980 2363 2018 a
2392 1964 2554 2019 Patre
2601 1966 3000 2035 generationem
3067 1972 3373 2035 separatam
3395 1981 3540 2029 esse,

1969 2057 2268 2111 essentiam
2304 2057 2476 2126 ipsam
2511 2056 2816 2125 intelligens
2861 2069 2929 2108 an
2962 2068 3092 2109 vero
3146 2054 3546 2123 operationem?

1973 2150 2075 2205 Sed
2095 2151 2140 2205 si
2172 2151 2543 2220 operationem
2574 2165 2694 2204 eam
2743 2164 2864 2204 esse
2912 2157 3082 2217 putat,
3113 2149 3253 2203 hanc
3285 2165 3351 2203 ex
3383 2163 3538 2218 aequo

1970 2254 2194 2308 prorsus
2226 2255 2348 2295 cum
2377 2251 2600 2311 operato
2625 2250 2677 2295 et
2706 2247 2963 2310 operante
2995 2241 3275 2311 conjungit
3300 2259 3312 2294 :
3347 2255 3540 2309 quem-

1971 2329 2264 2386 admodum
2314 2332 2368 2386 in
2433 2333 2578 2385 omni
2635 2332 2814 2401 operis
2847 2339 3143 2393 structura,
3182 2331 3434 2385 similiter
3483 2332 3538 2384 in

1970 2437 2034 2477 eo
2063 2420 2208 2491 quod
2235 2421 2293 2475 ﬁt
2320 2430 2373 2476 et
2407 2423 2460 2476 in
2488 2421 2752 2476 efficiente
2782 2423 3152 2491 operationem
3187 2423 3311 2476 licet
3337 2421 3536 2484 ridere,

1970 2527 2146 2582 neque
2175 2513 2243 2566 ab
2281 2511 2488 2566 artiﬁce
2510 2519 2809 2580 separatam
2840 2519 2892 2565 et
2919 2511 2970 2564 in
3003 2526 3227 2580 operum
3258 2519 3535 2566 structura

1968 2613 2336 2674 apparentem.
2364 2603 2517 2668 Quod
2553 2603 3030 2673 si{generationem
3049 2602 3322 2680 videlicet)
3350 2617 3540 2656 esseuo

1970 2695 2098 2749 tiam
2130 2694 2302 2764 ipsam
2342 2692 2509 2758 dicat,
2542 2693 2610 2745 ab
2643 2693 2882 2747 essentia
2911 2691 3086 2746 Patris
3119 2702 3443 2761 separatam,
3473 2708 3543 2757 est

1971 2785 2072 2839 hac
2102 2782 2392 2837 Dominum
2421 2796 2548 2836 esse
2585 2782 2852 2836 conﬁtens
2881 2800 2893 2836 :
2927 2781 3068 2836 hanc
3102 2780 3394 2836 manifesto
3419 2781 3542 2835 ioco

1969 2873 2150 2927 Patris
2190 2874 2244 2926 in
2276 2871 2414 2926 Filio
2445 2873 2688 2940 respicit,
2725 2873 2800 2926 ita
2851 2880 2909 2926 ut
2945 2871 3300 2928 duos-Patres
3323 2872 3379 2927 in
3401 2869 3546 2927 Filio

1973 2962 2259 3032 intelligat,
2289 2962 2440 3016 illum
2466 2962 2686 3031 quidem
2714 2963 2932 3017 nomine
2960 2964 3159 3027 solum,
3189 2978 3348 3034 quem
3377 2964 3542 3019 etiam

1899 3082 1943 3142 ο
1979 3055 2275 3124 ingenitum
2304 3055 2458 3117 dicit,
2499 3070 2620 3108 eum
2683 3057 3031 3124 generatione
3058 3056 3257 3110 nullam
3296 3071 3542 3110 commu-

1974 3149 2191 3202 nionem
2245 3147 2531 3201 habentem
2569 3189 2584 3211 ,
2624 3146 2764 3200 hanc
2787 3160 2917 3200 vero
2939 3162 3058 3216 qua:
3085 3157 3213 3201 sunt
3258 3146 3434 3204 Patris
3484 3149 3540 3202 in
3619 3137 3626 3144 ’

1975 3238 2260 3309 Unigenito
2277 3246 2594 3307 operantem
2623 3253 2635 3289 :
2662 3251 2822 3306 quam
2847 3238 3248 3307 generationem
3273 3240 3538 3292 nominat.

1970 3329 2148 3400 Atque
2173 3329 2277 3384 hoc
2313 3327 2486 3398 magis
2538 3344 2603 3384 ex
2662 3327 2798 3398 ipsis
2832 3328 3084 3383 Eunontii
3142 3329 3322 3384 verbis
3374 3347 3536 3400 quam

1971 3421 2177 3474 nostris
2206 3418 2648 3489 deprehenditur.

2042 3513 2182 3566 Dicit
2215 3512 2358 3567 enim
2405 3511 2458 3566 in
2505 3511 2902 3580 sequentibus:
2954 3512 3096 3566 Deus
3147 3523 3320 3566 autem
3347 3515 3540 3584 quiest

1971 3603 2081 3658 sine
2120 3602 2490 3672 generatione,
2531 3602 2688 3655 etiam
2725 3609 2801 3654 est
2858 3611 2980 3656 ante
3027 3603 3081 3654 id
3127 3603 3264 3672 quod
3304 3605 3536 3672 genitum

1971 3700 2089 3756 est;
2151 3700 2204 3746 et
2252 3692 2412 3761 paulo
2471 3698 2630 3760 post:
2663 3690 2762 3745 Cui
2799 3693 2936 3746 enim
2965 3702 3038 3746 est
3072 3709 3176 3747 esse
3204 3710 3267 3747 ex
3317 3711 3376 3748 eo
3402 3698 3540 3766 quod

1970 3785 2038 3838 sit
2075 3784 2298 3855 genitus.
2352 3783 2434 3836 hic
2478 3784 2784 3852 priusquam
2839 3793 2968 3838 esset
3006 3787 3206 3856 genitus
3255 3803 3356 3840 non
3401 3799 3533 3841 erat.

1972 3876 2113 3948 Ergo
2141 3881 2186 3931 si
2221 3877 2492 3947 generatio
2521 3893 2554 3929 α
2588 3877 2751 3931 Patre
2779 3887 2852 3930 est
2878 3888 3125 3948 separata
3154 3896 3172 3938 :
3203 3880 3334 3934 Filio
3361 3892 3538 3936 autem

1973 3985 2081 4023 esse
2126 3977 2201 4023 est
2265 3984 2330 4022 ea:
2383 3983 2442 4021 eo
2496 3969 2633 4040 quod
2692 3968 2758 4021 sit
2814 3969 3058 4039 genitus:
3087 3971 3246 4039 igitur
3291 3971 3455 4025 Pater
3482 3974 3538 4025 in

1979 4060 2248 4132 Unigeniti
2300 4061 2634 4115 subsistentia
2669 4061 2864 4114 otiosus
2902 4070 2998 4125 est,
3033 4063 3263 4132 nihilque
3292 4079 3534 4132 operam,

1974 4173 2089 4209 cum
2119 4159 2186 4210 sit
2230 4172 2262 4208 a
2310 4156 2643 4226 generatione
2694 4165 2969 4224 separatus
2998 4171 3030 4207 a
3079 4170 3182 4224 qua
3225 4155 3393 4208 Filius
3430 4172 3538 4209 esse

1973 4247 2142 4300 habet.
2179 4245 2237 4300 Si
2268 4246 2433 4315 igitur
2459 4243 2620 4299 Pater
2647 4260 2678 4297 a
2717 4245 2838 4298 Filii
2886 4247 3236 4314 generatione
3269 4247 3536 4302 alienatus

1973 4345 2078 4403 est,
2129 4337 2214 4390 vel
2270 4337 2434 4389 alium
2477 4336 2762 4404 quemdam
2805 4333 2922 4388 Filii
2953 4334 3165 4390 Patrem
3217 4351 3312 4404 per
3342 4352 3535 4391 nomen

1974 4427 2341 4498 generationis
2373 4427 2711 4496 conﬁngunt,
2745 4426 2829 4481 vel
2856 4441 2921 4480 ex
2949 4443 3006 4481 se
3041 4429 3278 4497 genitum
3303 4429 3536 4498 aliquem

1975 4525 2029 4574 et
2061 4517 2149 4572 cui
2181 4516 2282 4586 ipsi
2311 4531 2340 4569 a
2371 4516 2552 4585 seipse
2576 4531 2747 4586 genus
2765 4525 2868 4579 est,
2898 4515 3092 4572 Filium
3136 4519 3223 4573 isti
3265 4521 3541 4588 sapientes

1974 4624 2072 4680 per
2091 4624 2154 4664 ea
2187 4624 2308 4678 qua:
2333 4608 2616 4663 suntdicta
2639 4608 3014 4684 demonstrant
3041 4627 3054 4664 :
3077 4610 3226 4666 vides
3249 4611 3545 4681 intelligen-

1976 4701 2107 4756 tiam
2135 4702 2281 4756 velut
2311 4703 2364 4755 in
2421 4700 2568 4756 furto
2611 4689 3002 4772 deprehensam
3050 4703 3188 4774 ejus,
3247 4705 3339 4775 qui
3385 4709 3543 4764 nobis

1977 4793 2248 4848 inscitiam
2285 4808 2500 4849 sursum
2540 4800 2593 4848 et
2617 4793 2871 4848 deorsum
2899 4797 3014 4851 suis
3033 4797 3378 4853 sermonibus
3411 4815 3540 4868 pro-

1980 4882 2081 4938 fert
2104 4891 2160 4936 et
2178 4881 2384 4950 objicit,
2416 4898 2576 4951 quam
2611 4884 2798 4938 multis
2843 4885 2945 4940 viis
2973 4886 3208 4949 oberrat,
3245 4889 3327 4943 vel
3359 4891 3540 4959 potius

1979 4973 2138 5030 inviis
2163 4972 2276 5028 sive
2323 4972 2495 5029 deviis
2538 4974 2672 5028 locis
2703 4975 3035 5045 blasphemia
3079 4979 3227 5032 nullo
3281 4979 3433 5035 ﬁrmo
3488 4990 3542 5036 et

1979 5073 2131 5119 certo
2153 5065 2322 5134 gradu
2374 5064 2440 5117 ad
2473 5081 2630 5120 suum
2683 5081 2905 5135 seupum
2944 5070 3314 5140 progrediens.
3366 5072 3544 5138 Atque

1979 5163 2040 5210 ut
2065 5156 2118 5210 in
2152 5152 2453 5209 infantibus
2499 5155 2623 5209 licet
2661 5155 2864 5223 videre,
2891 5174 3014 5212 cum
3051 5175 3160 5229 prie
3207 5169 3363 5214 atate
3410 5160 3544 5214 lusi-

1979 5254 2160 5303 tantes
2180 5246 2236 5301 in
2265 5261 2430 5302 arena
2455 5245 2686 5316 quadam
2710 5248 3062 5305 aediﬁciorum
3094 5257 3398 5304 structuras
3421 5250 3545 5302 imi-

1980 5345 2186 5402 tantur,
2228 5337 2434 5408 quibus
2486 5355 2593 5395 non
2632 5338 2696 5394 ad
2727 5341 2962 5412 aliquent
3013 5355 3236 5409 scepum
3291 5341 3540 5402 imitatio.

1981 5428 2280 5484 secundum
2318 5429 2451 5485 artis
2479 5429 2691 5500 regulas
2717 5431 2782 5483 ad
2806 5431 3153 5499 archetypum
3170 5429 3542 5498 assimilatur;

1983 5513 2077 5570 sed
2116 5516 2268 5586 prius
2301 5531 2413 5586 prae
2457 5515 2693 5570 amentia
2722 5531 2787 5569 es
2811 5522 3004 5569 eventu
3035 5513 3236 5582 aliquid
3263 5527 3547 5572 exstruxe-

1982 5613 2152 5659 runt:
2185 5603 2382 5659 deinde
2433 5603 2738 5658 deliberant
2772 5603 2905 5670 quid
2965 5605 3247 5660 nominare
3298 5619 3544 5678 oporteat

1983 5694 2125 5766 quod
2151 5702 2485 5750 exstructum
2521 5703 2596 5749 est
2628 5693 2912 5750 :eamdem
2971 5695 3024 5751 in
3052 5695 3320 5769 scriptore
3369 5703 3543 5758 soler-
