4046 6150
489 301 594 358 8'59

1680 294 1742 350 S.
1784 292 2107 349 GREGORII
2148 289 2434 345 NYSSENI

3629 285 3732 343 810

492 419 623 468 tiam
655 410 921 482 perspicio
952 426 967 475 ;
999 409 1142 463 velut
1186 410 1328 464 enim
1370 425 1548 466 arente
1572 425 1849 470 acervum,
1888 415 2049 478 prout

2168 407 2302 470 Ξείας
2327 406 2546 477 ῥήματα
2570 403 2944 472 συμφορήσας,
2974 400 3116 470 μετά
3140 399 3304 453 ταῦτα
3341 397 3611 465 λογίζεται
3639 401 3733 469 την

491 508 543 560 ei
569 507 620 560 in
674 514 910 556 mentem
961 503 1131 562 venit,
1183 501 1478 571 impietatis
1527 503 1689 558 verba
1734 516 2057 572 congerens.

491 601 679 663 postea
739 592 989 645 insanam
1027 591 1423 660 blasphemiam
1485 608 1595 646 non
1651 591 2058 654 animadvertit,

491 685 696 754 absque
716 685 822 739 ulla
857 684 1104 736 rationali
1151 684 1541 739 consecutione
1564 683 1817 738 .fortuito
1850 690 1905 739 et
1927 697 2060 738 casu

492 791 587 846 per
606 791 666 830 ea
695 791 815 845 qua:
835 774 901 828 ab
929 789 994 829 eo
1022 781 1150 828 sunt
1194 774 1339 829 dicta
1369 776 1743 844 pullulantem.
1769 774 1887 829 Non
1915 775 2060 830 enim

491 868 728 921 arbitror
746 881 810 918 ex
839 866 1118 934 proposito
1141 868 1509 934 generationis
1540 867 1954 921 subsistentiam
1987 866 2056 920 ab

493 961 610 1029 ipso
637 959 924 1012 conﬁctam
947 971 1090 1021 esse,
1121 957 1240 1010 loco
1270 955 1449 1012 Patris
1477 957 1726 1012 essentia:
1755 955 1875 1011 Filii
1905 972 2064 1012 acce-

489 1051 723 1103 dentem.
756 1046 937 1116 Neque
966 1045 1176 1099 Patrem
1213 1061 1240 1100 a
1279 1045 1400 1100 Filii
1432 1049 1780 1118 generatione
1815 1049 2057 1104 alienum

489 1140 886 1200 demonstrare,
931 1137 1030 1190 fuit
1077 1137 1187 1200 hic,
1221 1126 1365 1190 sicut
1395 1153 1538 1201 reor,
1597 1153 1798 1208 scopus
1856 1140 2062 1194 oratori

491 1231 840 1302 propositus;
875 1243 1051 1295 neque
1088 1228 1192 1281 hoc
1217 1243 1246 1281 a
1276 1229 1458 1298 seipso
1493 1245 1664 1300 genus
1692 1231 1897 1286 habens
1933 1247 2061 1301 por-

491 1331 720 1381 tentum.
753 1336 846 1389 per
876 1321 1112 1388 aliquam
1142 1319 1553 1374 antecedentem
1610 1321 2061 1377 deliberationem

491 1413 696 1465 illatum
725 1422 824 1465 est.
864 1409 969 1464 Sed
1002 1411 1185 1463 omnia
1228 1411 1357 1463 talia
1389 1411 1596 1481 absque
1643 1427 1806 1468 sensu
1845 1429 1940 1483 per
1971 1430 2065 1469 vo-

442 1556 445 1559 .
489 1507 680 1559 mitum
706 1505 774 1557 ab
817 1503 918 1556 hoc
963 1501 1336 1572 scriptitatore
1374 1511 1501 1556 sunt
1529 1513 1735 1573 egesta,
1766 1512 1825 1558 ut
1877 1506 1929 1558 in
1979 1505 2064 1560 his

490 1610 597 1648 non
629 1594 786 1663 longa
813 1593 882 1647 sit
905 1593 1256 1647 accusatione
1289 1592 1488 1662 dignus
1517 1593 1612 1662 qui
1644 1603 1790 1648 errat
1821 1596 1874 1649 in
1893 1596 2063 1651 docu-

490 1687 704 1748 mentis,
737 1700 913 1752 neque
961 1686 1117 1747 sciat,
1147 1685 1290 1739 sicut
1335 1685 1577 1754 loquitur
1616 1686 1932 1758 Apostolus,
1969 1705 2063 1743 ne-

488 1793 594 1848 que
633 1775 774 1846 quod
811 1775 963 1838 dicit,
988 1790 1162 1844 neque
1185 1776 1252 1829 de
1281 1776 1479 1844 quibus
1513 1775 1742 1831 afﬁrmat
1773 1779 1838 1832 η.

557 1867 655 1921 Cui
687 1867 853 1931 enim,
883 1867 1077 1936 inquit,
1103 1882 1226 1922 esse
1277 1867 1546 1938 contingit
1593 1884 1658 1922 ex
1691 1885 1756 1924 eo
1799 1871 1944 1940 quod
1991 1872 2059 1926 sit

489 1962 725 2031 genitus,
759 1962 843 2015 hic
892 1969 1018 2015 ante
1053 1961 1461 2031 generationem
1509 1978 1618 2016 non
1667 1972 1809 2016 erat.
1856 1962 1912 2017 Si
1964 1980 2061 2034 pro

490 2050 650 2106 Patre
697 2052 1008 2121 intelligens
1056 2051 1461 2118 generationem
1509 2051 1662 2112 dicit,
1709 2067 1806 2122 ego
1846 2069 2062 2124 quoque

492 2143 784 2208 assentior,
819 2151 872 2197 et
907 2158 1012 2196 non
1068 2152 1152 2196 est
1193 2141 1285 2210 qui
1330 2143 1707 2198 contradicat:
1743 2145 1883 2198 idem
1918 2147 2060 2200 enim

494 2249 588 2303 per
618 2242 905 2302 utramque
934 2232 1230 2286 dictionem
1261 2233 1387 2286 licet
1423 2234 1733 2304 signiﬁcare
1761 2253 1774 2300 ;
1809 2245 1860 2289 et
1899 2253 1965 2291 ex
1997 2253 2063 2292 eo

492 2325 637 2393 quod
675 2325 801 2393 quis
840 2323 1006 2386 dicat,
1045 2324 1187 2393 quod
1239 2323 1514 2384 Abraham
1549 2327 1735 2395 genuit
1775 2327 1962 2398 lsaac;
2011 2340 2064 2386 et

494 2431 591 2486 pro
636 2417 835 2486 genuit,
865 2415 1008 2485 quod
1044 2425 1197 2483 pater
1230 2414 1333 2470 fuit
1377 2415 1560 2471 lsaac:
1596 2421 1851 2487 quoniam
1899 2422 2065 2493 igitur

496 2504 636 2560 idem
665 2514 746 2560 est
779 2505 1032 2575 genuisse
1064 2511 1117 2558 et
1151 2512 1359 2574 patrem
1388 2522 1529 2569 esse,
1556 2508 1602 2562 si
1636 2510 1760 2578 quis
1788 2511 1841 2565 in
1887 2513 2054 2567 altera

496 2597 669 2651 forma
722 2597 953 2666 accipiat
981 2597 1167 2661 verba,
1211 2597 1352 2652 idem
1383 2613 1506 2654 esse
1553 2614 1678 2654 cum
1714 2604 2065 2672 generatione

497 2689 797 2758 paternitas
830 2687 1314 2742 demonstrabitur.
1367 2689 1424 2742 Si
1489 2691 1655 2761 igitur
1685 2695 1764 2747 sic
1820 2694 2064 2765 loquitur

499 2777 797 2832 Eunomius
823 2795 837 2831 :
867 2777 1009 2846 quod
1059 2777 1146 2831 cui
1182 2793 1247 2832 ex
1289 2779 1445 2834 Patre
1491 2788 1575 2834 est
1632 2797 1772 2846 esse,
1811 2783 1899 2839 hic
1939 2795 2065 2841 ante

499 2868 710 2923 Patrem
771 2884 882 2922 non
935 2875 1071 2930 erat,
1106 2882 1276 2923 sanus
1312 2879 1394 2924 est
1431 2887 1632 2937 sermo,
1668 2881 1722 2928 et
1761 2890 1860 2931 nos
1889 2877 2060 2934 dictis

497 2961 765 3015 calculum
795 2961 977 3013 album
1010 2959 1317 3029 adjicimus.
1351 2961 1505 3027 Quod
1537 2964 1583 3018 si
1625 2965 1691 3019 ad
1753 2968 1899 3022 illam
1946 2985 2064 3024 ser—

497 3066 657 3106 mone
681 3051 916 3105 recurrit
965 3052 1389 3122 generationem,
1451 3062 1504 3108 et
1536 3065 1842 3125 separatam
1876 3075 1999 3116 esse
2034 3077 2064 3114 a

499 3143 660 3196 Patre
694 3143 994 3206 contendit,
1032 3153 1224 3198 etcum
1259 3143 1394 3199 Filio
1423 3147 1753 3217 copulatam,
1786 3166 1985 3206 vanum
2013 3163 2065 3208 et

498 3247 718 3287 cassum
749 3249 871 3289 esse
897 3233 1129 3289 arbitror
1154 3236 1207 3288 in
1227 3251 1407 3291 rerum
1448 3238 1692 3295 inanium
1744 3249 1798 3295 et
1826 3241 2062 3298 futilium

495 3335 548 3378 et
597 3341 627 3378 a
689 3327 899 3382 ratione
939 3327 1219 3381 deviarum
1282 3330 1652 3398 speculatione
1701 3331 1907 3389 diutius
1961 3335 2066 3388 im-

499 3417 718 3471 morari.
769 3415 953 3486 Neque
983 3419 1125 3472 enim
1166 3418 1279 3471 sive
1335 3433 1448 3471 rem
1501 3419 1554 3472 in
1605 3422 1822 3490 propria
1883 3425 2068 3479 subsi-

499 3509 698 3563 stentia
735 3515 1032 3576 spectatam
1079 3509 1481 3575 generationem
1514 3518 1686 3579 putat,
1721 3528 1897 3582 neque
1920 3517 1965 3571 si
1997 3517 2064 3570 ad

499 3599 704 3665 aliquid
741 3595 886 3665 quod
923 3611 1027 3648 non
1057 3597 1321 3652 subsistat
1351 3599 1666 3656 notionibus
1703 3608 1811 3671 per'
1832 3605 1934 3661 hoc
1963 3622 2062 3660 ηο-

501 3703 622 3742 men
684 3687 1038 3755 pertrahitur,
1091 3687 1359 3743 hactenus
1407 3705 1474 3744 ex
1531 3691 1694 3746 dictis
1747 3697 2067 3766 conSpicere

501 3777 806 3846 potuimus:
847 3775 1016 3830 fertur
1041 3778 1186 3830 enim
1221 3778 1274 3830 in
1301 3787 1591 3851 utramque
1620 3784 1932 3852 opinionem
1956 3803 2065 3842 non

502 3869 640 3921 liene
669 3876 984 3935 compactus
1007 3883 1106 3923 nec
1127 3868 1295 3924 firmis
1318 3872 1594 3928 radicibus
1610 3874 1832 3931 innixus
1857 3894 2064 3948 sermo,

504 3958 773 4011 inclinans
795 3956 861 4010 ad
908 3958 960 4011 id
990 3959 1134 4027 quod
1167 3960 1487 4032 intelligenti
1527 3967 1698 4034 magis
1730 3969 2026 4036 placuerit.

576 4045 680 4100 Sed
713 4045 954 4099 nondum
997 4047 1346 4114 blasphemia:
1391 4054 1716 4110 acerbitates
1745 4060 2069 4114 examinata:

503 4143 660 4196 sunt,
723 4150 859 4204 quas
890 4136 945 4189 in
982 4139 1337 4206 sequentibus
1399 4143 1626 4211 scriptis
1687 4146 1916 4214 adjicit;
1971 4152 2066 4205 sed

497 4229 609 4296 jam
637 4229 751 4295 ejus
782 4230 926 4283 dicta
955 4229 1020 4282 ad
1058 4231 1285 4286 verbum
1313 4233 1743 4292 consideremus.
1776 4238 1928 4294 llaud
1953 4244 2068 4297 scio

503 4333 635 4373 sane
689 4319 962 4387 quomodo
989 4319 1302 4375 horriﬁcam
1350 4331 1404 4376 et
1455 4323 1677 4394 impiam
1720 4329 1929 4385 Christi
1972 4348 2069 4403 op-

2164 496 2479 567 ἀδιανόητον
2515 493 2881 563 βλασφημίαν,
2906 490 3040 563 πρὸς
3069 491 3098 544 ὃ
3129 508 3180 543 τι
3215 489 3420 559 βλέπει,
3442 489 3567 560 δίχα
3595 493 3734 554 τινος

2163 587 2388 657 λογικῆς
2421 585 2736 648 ἀκολουθίας
2773 587 2838 637 ἐκ
2877 582 2971 636 τοῦ
3007 582 3318 652 αὐτομάτου
3341 582 3427 635 διὰ
3459 581 3567 634 τῶν
3588 583 3737 650 εἰρη-

2166 680 2340 749 μένων
2362 681 2711 746 ἀναφυεῖσαν.
2745 677 2818 730 Οὑ
2841 676 2948 747 γὰρ
2970 671 3120 745 οἶμαι
3147 673 3284 728 κατά
3311 674 3566 744 πρόθεσιν
3588 674 3738 744 αὐτῷ

2162 772 2260 841 τὴν
2313 772 2411 842 τῆς
2451 771 2714 839 γενέσεως
2773 768 3067 821 ὑπόστασιν
3115 766 3560 830 ἀναπεπλάσθαι,
3614 767 3742 820 ἀντὶ

2163 860 2376 931 Πατρὸς
2419 865 2484 932 τῇ
2527 862 2684 932 οὑσία
2723 859 2814 914 τοῦ
2863 857 2994 912 Υἱοῦ
3037 859 3343 930 γινομένην.
3383 857 3518 912 Οὐδὲ
3553 858 3616 911 τὸ
3640 859 3740 912 ἀλ-

2162 950 2370 1022 λότριον
2411 951 2792 1021 ἀποδειχθῆναι
2835 951 2932 1020 τῆς
2984 949 3286 1020 γεννήσεως
3333 946 3426 1000 τοῦ
3477 944 3607 999 Υἰοῦ
3646 948 3743 1001 τὸν

2163 1044 2400 1114 Πατέρα,
2441 1046 2469 1098 6
2512 1047 2710 1107 σκοπὸς
2750 1039 2850 1114 ἦν,
2884 1044 2959 1105 ὡς
2978 1039 3152 1114 οἶμαι,
3189 1041 3268 1111 τῷ
3310 1041 3520 1112 ῥήτορι,
3552 1041 3675 1094 οὐδὲ
3709 1042 3743 1112 ἡ

2164 1135 2546 1204 αὑτογένεθλος
2601 1133 2881 1206 τερατεία,
2949 1135 3040 1188 διά
3098 1151 3242 1197 τινος
3298 1131 3745 1204 προϐουλεύσεως

2163 1226 2545 1298 ἐπεισηνέχθη.
2596 1227 2755 1280 Ἀλλὰ
2779 1227 2953 1280 πάντα
2978 1225 3047 1278 τὰ
3069 1223 3289 1278 τοιαῦτα
3310 1224 3546 1286 διανοίας
3571 1225 3746 1293 χωρὶς

2162 1321 2456 1394 ἀπημέσθη
2485 1319 2563 1390 τῷ
2609 1320 2962 1390 λογογράφῳ,
2987 1320 3062 1383 ὡς
3096 1318 3227 1389 μηδὲ
3269 1317 3468 1387 πολλῆς
3507 1316 3660 1381 ἄξιον
3685 1321 3748 1372 ὲν

2161 1413 2368 1478 τούτοις
2394 1414 2725 1485 κατηγορίας
2771 1410 2929 1474 εἶναι,
2957 1413 3047 1465 τὸν
3089 1411 3513 1481 πλημμελοῦντα
3551 1411 3652 1480 μὲν
3687 1413 3749 1465 ὲν

2161 1507 2275 1569 τοῖς
2299 1506 2590 1577 δόγμασιν,
2633 1505 2731 1556 οὑκ
2758 1504 2932 1557 εἰδότα
2956 1503 3046 1569 δὲ,
3094 1503 3276 1566 καθώς
3316 1521 3478 1574 φησιν
3512 1507 3539 1556 6
3583 1505 3751 1557 Ἀπό-

2166 1597 2376 1659 στολος,
2405 1595 2526 1649 οὔτε
2556 1595 2583 1648 ὃ
2612 1594 2790 1663 λέγει,
2820 1595 2941 1648 οὔτε
2976 1595 3104 1666 περὶ
3129 1595 3285 1649 τίνων
3313 1596 3746 1650 διαϐεϐαιοῦται.

2235 1853 2304 1930 ᾯ
2336 1859 2444 1928 γὰρ
2473 1859 2535 1911 ὲκ
2572 1856 2662 1910 τοῦ
2715 1856 3040 1926 γεννηθῆναι
3063 1896 3076 1918 ,
3107 1857 3258 1926 φησὶ,
3293 1857 3354 1909 τὸ
3381 1853 3543 1923 εἶναι,
3579 1850 3746 1922 οὗτος

2165 1949 2269 2018 πρὸ
2304 1951 2400 2018 τῆς
2430 1952 2733 2019 γεννήσεως
2768 1949 2867 2001 οὑκ
2887 1943 2974 2018 ἦν.
3008 1948 3070 2000 Εἰ
3097 1949 3218 2001 ἀντὶ
3240 1947 3334 2002 τοῦ
3364 1948 3576 2019 Πατρὸς
3606 1951 3753 2002 νοῶν

2163 2040 2259 2110 τὴν
2294 2040 2542 2110 γέννησιν
2562 2040 2728 2108 λέγει,
2757 2040 2911 2108 κάγὼ
2943 2039 3372 2110 συντίθεμαι,καὶ
3392 2043 3419 2093 6
3447 2041 3754 2108 ἀντιλέγων

2164 2134 2262 2186 οὑκ
2312 2132 2480 2186 ἔστιν.
2525 2127 2702 2185 Ταὺτὸ
2749 2134 2858 2203 γάρ
2906 2133 3022 2184 ἐστι
3072 2132 3138 2186 δι’
3187 2132 3453 2203 ἑκατέρας
3502 2133 3754 2203 σημῆναι

2163 2223 2260 2291 τῆς
2284 2221 2499 2287 λέξεως,
2531 2223 2594 2275 ἐκ
2625 2241 2685 2276 τε
2715 2223 2809 2276 τοῦ
2841 2225 3037 2288 εἰπεῖν,
3079 2225 3161 2276 ὅτι
3209 2224 3455 2294 Ἀϐραὰμ
3487 2225 3754 2294 ἐγέννησε

2163 2315 2253 2366 τὸν
2279 2315 2485 2379 Ἰσαὰκ,
2512 2317 2608 2369 καὶ
2639 2317 2758 2370 ἀντὶ
2785 2315 2876 2370 τοῦ
2912 2317 3221 2387 ἐγέννησεν,
3244 2318 3327 2370 ὅτι
3358 2317 3543 2388 πατὴρ
3563 2319 3756 2384 ἐγένε-

2164 2422 2224 2458 το
2274 2405 2368 2459 τοῦ
2412 2405 2610 2460 Ἰσαάκ.
2658 2408 2810 2461 Ἐπελ¹
2832 2403 2924 2461 οὖν
2949 2408 3143 2462 ταὺτόν
3171 2409 3286 2462 ἐστι
3313 2409 3389 2479 τῷ
3419 2412 3757 2481 γεγεννηκέ-

2165 2512 2250 2549 ναι
2282 2497 2342 2548 τὸ
2366 2499 2576 2568 πατέρα
2609 2495 2766 2564 εἶναι,
2802 2500 2854 2552 εῖ
2878 2516 2962 2562 τις
2994 2499 3131 2569 πρὸς
3153 2499 3336 2569 ἕτερον
3368 2498 3536 2552 τύπον
3579 2517 3758 2569 μετα-

2164 2584 2315 2638 λάϐοι
2348 2587 2420 2640 τὰ
2451 2587 2686 2658 ῥήματα,
2712 2588 2907 2640 ταύτὸν
2940 2582 3072 2642 οὖσα
3101 2591 3166 2659 τῇ
3192 2591 3439 2660 γεννήσει
3473 2592 3504 2660 ή
3538 2593 3758 2662 πατρό-

2162 2695 2262 2748 της
2291 2678 2756 2750 ἀναδειχθήσεται.
2795 2681 2857 2733 El
2893 2675 2984 2734 οὖν
3016 2679 3157 2732 οὕτω
3189 2681 3351 2750 φησὶν
3383 2683 3411 2734 6
3451 2682 3757 2753 Εὑνόμιος,

2165 2763 2339 2842 ὃτι’ῼ
2378 2771 2486 2842 γὰρ
2535 2771 2599 2823 ὲκ
2640 2768 2733 2823 τοῦ
2773 2771 2984 2841 Πατρὸς
3013 2771 3071 2824 1:6
3113 2767 3285 2837 εἶναι,
3335 2766 3487 2837 οὗτος
3516 2773 3622 2844 πρὸ
3655 2776 3758 2828 τοῦ

2167 2867 2379 2935 Πατρός
2410 2868 2508 2921 οὑκ
2540 2864 2626 2940 ἦν,
2659 2869 2892 2936 ὑγιαίνει
2923 2870 2951 2920 6
2994 2867 3169 2935 λόγος,
3207 2871 3300 2920 κοιλ⁸
3328 2870 3490 2939 ήμεῖς
3525 2871 3641 2933 τοῖς
3679 2873 3760 2922 εἰ-

2171 2962 2424 3031 ρημένοις
2463 2960 2879 3030 ἐπιψηφίζομεν.
2918 2959 2979 3013 Εἰ
3008 2960 3063 3011 δὲ
3109 2960 3244 3030 πρὸς
3275 2961 3490 3033 ἐκείνην
3521 2964 3760 3036 ἀνατρέ-

2168 3067 2250 3119 χει
2287 3048 2364 3118 τῷ
2391 3049 2534 3119 λόγῳ
2562 3049 2662 3118 τὴν
2694 3049 2966 3118 γέννησιν,
2998 3048 3092 3102 καὶ
3122 3051 3452 3120 κεχωρίσθαι
3486 3053 3586 3123 μέν
3616 3071 3754 3125 φησι

2170 3139 2260 3193 τοῦ
2304 3140 2534 3210 Πατρὸς,
2559 3133 2908 3209 συνεζεῦχθαι
2949 3141 3004 3192 δὲ
3041 3140 3117 3211 τῷ
3144 3141 3256 3210 Υίῷ
3281 3183 3295 3206 ,
3325 3143 3553 3212 μάταιον
3587 3146 3760 3216 ήγοῦ-

2175 3248 2272 3301 μαι
2297 3234 2362 3301 τῇ
2394 3230 2500 3282 τῶν
2538 3230 2865 3300 ἀδιανοήτων
2899 3231 3285 3306 ἐμφιλοχιορεῖν
3329 3235 3561 3306 θεωρία.
3610 3240 3761 3295 υῦτε

2171 3327 2278 3392 γὰρ
2321 3324 2367 3374 εί
2411 3323 2640 3393 πρᾶγμα
2672 3324 2791 3376 κατ’
2844 3323 2978 3376 ἰδίαν
3012 3325 3308 3379 ὑπόστασιν
3351 3328 3761 3401 θεωρούμενον,

2171 3411 2269 3481 τὴν
2320 3412 2568 3483 γέννησιν
2613 3411 2810 3477 οἴεται,
2835 3413 2966 3470 ,οὔτε
3008 3415 3056 3467 εί
3107 3415 3244 3485 πρὸς
3287 3417 3346 3470 τὸ
3377 3418 3756 3477 ἀνυπόστατοι

2172 3506 2290 3566 ταῖς
2316 3504 2544 3567 ἐννοίαις
2568 3503 2654 3556 διὰ
2684 3503 2776 3558 τοῦ
2803 3505 3061 3576 ὀνόματος
3085 3507 3434 3579 ὑποσύρεται,
3468 3512 3628 3582 μέχρι
3659 3515 3756 3569 τοί

2173 3594 2266 3647 νῦν
2292 3596 2355 3648 ἐκ
2388 3595 2496 3648 τῶν
2526 3596 2830 3666 εἰρημένων
2871 3597 3104 3649 κατιδεῖν
3133 3598 3485 3670 δεδυνήμεθα.
3520 3603 3761 3672 Φέρεται

2173 3687 2281 3758 γὰρ
2307 3687 2506 3758 ὁμοίως
2534 3688 2669 3758 πρὸς
2701 3688 2966 3759 ἑκατέραν
2997 3688 3106 3742 τῶν
3137 3690 3458 3762 ὑπολήψεων
3505 3694 3568 3747 τὸ
3606 3697 3761 3750 ἀπα·

2173 3779 2266 3848 γὲς
2292 3779 2382 3832 τοῦ
2411 3780 2569 3848 λόγου
2597 3781 2689 3833 καὶ⁵
2720 3779 2926 3852 ἄριζον,
2958 3783 3096 3854 πρὸς
3123 3785 3183 3837 τὸ
3207 3784 3396 3838 δοκοῦν
3420 3785 3501 3856 τῷ
3542 3789 3751 3843 νοοῦντι

2176 3871 2637 3942 περικλινόμενον.

2259 4050 2394 4103 Ἀλλ’
2419 4049 2569 4106 οὔπω
2593 4050 2660 4103 τὰ
2691 4042 2897 4120 χαλεπὰ
2926 4052 3026 4120 τῆς
3056 4051 3399 4124 βλασφημίας
3434 4054 3730 4125 ἐξήτασται

2176 4145 2319 4215 ἅπερ
2344 4145 2444 4215 ἤδη
2467 4145 2574 4198 τῶν
2598 4145 2992 4214 γεγραμμένων
3011 4146 3042 4215 ἠ
3064 4146 3350 4199 ἀκολουθία
3385 4149 3712 4219 προστίθησι
3733 4191 3747 4215 ,

2175 4235 2268 4288 καὶ
2297 4235 2358 4304 δὴ
2393 4234 2461 4288 τὰ
2491 4236 2754 4306 εἰρημένα
2786 4237 2925 4288 κατὰ
2964 4236 3108 4302 λέξιν
3138 4231 3752 4309 διασκεψώμεθα.’(.)ἰδα

2174 4325 2230 4377 δὲ
2270 4325 2386 4388 πῶς
2437 4326 2548 4377 ἔστι
2600 4325 2867 4395 τολμῆσαι
2915 4329 3297 4395 προσενεγκεῖν
3343 4328 3432 4382 διά
3481 4331 3750 4401 στόματος

504 4409 822 4478 pugnatoris
859 4408 1101 4464 haeretici
1149 4410 1507 4479 scriptionem
1542 4416 1744 4471 audere
1800 4418 1929 4473 licet
1973 4435 2063 4477 ore

2175 4415 2272 4485 τὴν
2302 4414 2543 4486 φρικώδη
2572 4432 2632 4467 τε
2666 4416 2760 4469 καὶ
2789 4416 2942 4469 ἄθεον
2968 4416 3060 4469 τοῦ
3088 4419 3456 4490 χριπομάχου
3485 4419 3750 4492 λογογρα-

502 4498 780 4568 proferrc;
813 4515 1005 4554 vereor
1046 4515 1112 4554 ne
1147 4500 1230 4553 ori
1258 4517 1355 4570 per
1385 4503 1529 4570 quod
1561 4505 1786 4560 verbum
1847 4513 2067 4575 transit,

504 4589 742 4642 lctalium
779 4604 1110 4643 venenorum
1140 4605 1295 4645 more
1352 4591 1649 4648 mortiferae
1687 4600 2072 4656 amaritudinis

503 4680 760 4747 reliquias
817 4680 986 4733 indat.
1054 4679 1290 4746 Oportet,
1343 4683 1518 4751 inquit
1565 4686 1885 4755 Apostolus,
1921 4707 2072 4744 acce-

501 4768 704 4822 dentem
736 4769 804 4820 ad
842 4769 1007 4823 Deum
1036 4771 1243 4825 credere
1271 4774 1397 4842 quia
1427 4785 1504 4826 est
1537 4775 1601 4828 “.
1651 4775 1819 4847 Igitur
1847 4780 2072 4836 deitatis

504 4860 780 4927 proiirium
825 4860 1084 4914 indicium
1119 4869 1202 4916 est
1239 4880 1365 4919 vere
1396 4881 1540 4921 esse.
1576 4866 1676 4921 l-lic
1709 4880 1888 4924 autem
1945 4888 2068 4928 eum

503 4949 595 5020 qui
637 4964 761 5002 vere
806 4957 908 5012 est,
947 4951 1182 5006 adstruit
1237 4955 1315 5008 vel
1363 4970 1470 5009 non
1519 4959 1735 5026 proprie
1784 4975 1940 5024 esse,
1986 4962 2070 5016 vel

503 5057 608 5096 non
643 5042 696 5095 in
727 5041 1040 5097 universum
1080 5060 1239 5100 esse:
1270 5049 1414 5116 quod
1472 5049 1615 5104 idem
1641 5059 1819 5106 est-ac
1849 5055 1895 5107 si
1925 5053 2070 5109 dicat

501 5133 644 5204 quis,
673 5133 897 5186 omnino
923 5145 972 5189 et
1020 5135 1237 5202 penitus
1278 5153 1386 5191 non
1418 5155 1570 5206 esse;
1619 5143 1713 5210 qui
1757 5144 1901 5197 enim
1942 5161 2070 5214 pro-

499 5227 616 5298 prie
651 5242 759 5280 non
805 5233 910 5291 est,
959 5241 1138 5294 neque
1166 5234 1250 5281 est
1296 5228 1564 5286 funditus.
1599 5233 2067 5298 Quemadmodum

413 5337 417 5340 ’
501 5321 546 5372 is
582 5318 782 5373 dicitur
815 5333 906 5388 per
943 5317 1308 5388 phantasiam,
1358 5322 1471 5374 sive
1530 5322 1972 5394 imaginationem
2012 5328 2068 5382 in

500 5409 706 5463 Samnis
734 5425 976 5476 currere,
1010 5409 1102 5479 qui
1149 5424 1342 5464 cursus
1381 5411 1562 5466 studio
1613 5429 1832 5471 currere
1883 5417 2072 5489 imagi-

503 5508 679 5552 natur.
708 5499 809 5555 Sed
841 5502 1098 5572 quoniam
1119 5502 1256 5559 falso
1277 5505 1387 5560 veri
1408 5519 1604 5563 cursus
1631 5506 2069 5580 imaginationem

575 5672 674 5726 ⁸³1
711 5675 852 5733 Tim.
896 5697 932 5746 t,
964 5684 1015 5738 ’1.
1094 5683 1317 5741 "Hebr.
1364 5700 1436 5753 χι,
1466 5684 1520 5742 6.

2172 4505 2319 4574 φίαν.
2353 4505 2573 4558 Δέδοικα
2604 4506 2714 4578 γὰρ
2743 4509 2952 4578 μήποτε
2980 4509 3100 4561 καθ’
3129 4511 3424 4581 ὁμοιότητα
3450 4513 3561 4564 τῶν
3588 4514 3748 4583 δηλη-

2169 4593 2370 4666 τηρίων
2388 4596 2690 4666 φαρμάκων
2720 4599 3046 4668 ἐναπόθηται
3085 4599 3161 4670 τῷ
3201 4601 3465 4670 στόματι,
3498 4603 3568 4656 δι’
3601 4599 3662 4657 οὑ
3691 4606 3747 4657 τὸ

2174 4687 2322 4756 ῥῆμα
2357 4685 2726 4756 παρέρχεται,
2765 4689 2864 4758 τῆς
2911 4690 3233 4760 φθοροποιοῦ
3283 4694 3508 4763 πικρίας
3539 4696 3600 4748 τὸ
3644 4697 3747 4748 λεί-

2168 4776 2354 4846 ψανον.
2409 4778 2737 4832 Πιστεῦσαι
2787 4778 2881 4832 δεῖ
2919 4781 3024 4834 τὸν
3067 4786 3558 4853 προσερχόμενον
3607 4787 3743 4853 Θεῷ,

2175 4870 2336 4940 φησιν
2376 4871 2404 4922 6
2455 4871 2800 4934 ’Λπόστολος,
2828 4872 2914 4925 ὅτι
2938 4873 3125 4930 ἔστιν.
3156 4876 3364 4928 Οὐκοῦν
3397 4878 3530 4930 ἴδιον
3561 4878 3746 4948 θεότη-

2175 4977 2266 5023 τος
2292 4959 2599 5032 γνὼρισμια
2618 5003 2632 5026 ,
2661 4964 2720 5015 τὸ
2762 4963 2974 5033 ἀληθῶς
3005 4961 3162 5020 εἶναι·
3199 4969 3226 5019 6
3265 4967 3320 5020 δὲ
3350 4971 3747 5035 κατασκευάζει

2176 5053 2265 5106 τὸν
2307 5053 2520 5124 ἀληθῶς
2545 5055 2674 5108 ὄντα
2696 5097 2710 5117 ,
2742 5056 2774 5126 ἢ
2819 5057 2893 5127 μὴ
2927 5059 3132 5128 κυρίως
3163 5055 3320 5120 εἶναι,
3350 5061 3382 5132 ἢ
3418 5063 3493 5133 μὴ
3520 5064 3746 5117 καθόλου

2178 5141 2311 5197 εἶναι
2330 5187 2344 5210 ,
2370 5145 2505 5216 ὅπερ
2529 5141 2646 5199 ἶσόν
2673 5148 2788 5198 ἐστι
2816 5147 2893 5217 τῷ
2924 5149 3054 5216 μηδὲ
3075 5149 3210 5214 ὅλως
3246 5147 3407 5206 εἶναι.
3449 5155 3508 5206 '0
3530 5155 3639 5226 γάρ
3673 5155 3748 5225 μὴ

2176 5237 2378 5307 κυρίως
2420 5235 2514 5302 ὢν,
2573 5237 2695 5290 οὑδὲ
2727 5237 2869 5291 ἔστιν
2907 5239 3063 5302 ὅλως.
3105 5238 3228 5295 Οἴον
3276 5245 3490 5314 τρέχειν
3533 5246 3749 5314 λέγεται

2175 5327 2316 5381 κατά
2349 5327 2444 5398 τὴν
2474 5328 2720 5382 ἐνύπνιον
2748 5330 3045 5399 φαντασίαν
3100 5333 3127 5384 6
3166 5336 3229 5402 τῇ
3268 5335 3469 5406 σπουδῇ
3499 5336 3598 5388 τοῦ
3627 5336 3750 5406 δρό-

2181 5437 2278 5489 μου
2300 5421 2794 5492 ὲμφανταςόμενος.
2840 5424 2976 5477 Ἀλλ’
3008 5427 3193 5497 ἐπειδὴ
3223 5426 3434 5496 ψευδῶς
3466 5429 3566 5499 τὴν
3598 5429 3751 5497 δόκη-

2179 5529 2263 5565 σιν
2309 5510 2404 5564 τοῦ
2442 5512 2672 5583 ἀληθοῦς
2710 5516 3055 5586 ὑποκρίνεται
3101 5517 3334 5588 δρόμου,
3385 5519 3476 5573 διὰ
3513 5518 3668 5573 τοῦτο
3711 5521 3751 5590 ἡ
