4046 6150
362 327 453 388 att
1460 332 1736 399 CONTRA
1777 336 2171 416 suaenam,
2217 334 2344 408 LiB.
2387 336 2455 409 it.

3502 343 3607 409 852

362 446 637 514 φαντασία
666 445 858 516 δρόμος
890 449 990 501 οὐκ
1018 448 1182 507 ἔστιν.
1232 448 1385 508 Ἀλλά
1412 458 1515 511 κᾶν
1539 457 1712 524 οὕτως
1739 461 1803 513 ὲκ
1834 478 1930 515 κα-

2038 467 2139 522 sibi
2186 466 2375 537 ﬁngit,
2421 465 2544 521 ideo
2598 464 2914 536 imag‘inatlo
2964 479 3071 521 non
3106 476 3187 522 est
3232 481 3447 524 cursus.
3498 469 3606 526 Sed

362 541 677 608 ταχρήσεως
719 538 961 607 Αέγηται,
993 540 1327 615 ψευδωνύμῳ
1366 550 1431 619 τῇ
1472 548 1659 620 κλήσει
1708 568 1930 605 κατονο-

363 626 613 694 μάζεται.
644 626 851 680 Ούκοῦν
882 630 910 680 6
944 630 1153 701 τολμῶν
1185 633 1276 685 τὸν
1311 638 1570 707 μονογενῆ
1596 638 1730 691 Θεὸν
1758 639 1937 707 λέγειν

360 711 395 782 ἢ
434 713 507 783 μὴ
533 709 692 777 εἶναι,
718 716 751 782 ἢ
800 714 874 786 μὴ
902 718 1104 787 κυρίως
1130 714 1288 785 εἶναι,
1322 725 1505 790 σαφῶς
1534 726 1632 796 τὴν
1664 727 1745 790 είς
1775 727 1937 779 αὑτὸν

364 802 542 856 πίστιν
573 803 860 877 διαγράφει
904 807 998 860 τοῦ
1028 809 1316 880 δόγματος.
1354 814 1448 879 Τίς
1492 816 1601 886 γὰρ
1640 816 1708 871 ὃν
1734 818 1815 869 ἔτι
1861 819 1935 889 μὴ

360 894 472 946 όντι
500 894 876 960 πιστεύσειεν;
923 892 993 951 Ἣ
1024 900 1107 964 τίς
1138 901 1205 955 ἂν
1231 903 1517 974 πρόσθοιτο
1545 907 1751 974 τούτῳ,
1782 903 1842 964 οὗ
1874 908 1937 962 τὸ

362 982 499 1037 εἶναι
523 985 724 1055 ἄκυρον
741 987 1115 1061 ἀποδέδεικται
1135 993 1287 1063 παρά
1314 994 1421 1048 τῶν
1444 997 1654 1069 ἐχθρῶν
1680 1000 1775 1053 τοῦ
1806 1000 1938 1070 ἀληέ-

362 1073 509 1127 θινοῦ
535 1076 739 1147 Κυρίου
770 1079 863 1131 καὶ
892 1080 1292 1149 ἀνυπόστατονδ

433 1231 546 1284 Καὶ
574 1231 648 1295 ὡς
674 1232 740 1286 ἂν
775 1235 849 1305 μὴ
884 1226 1086 1300 δόξειεν
1110 1238 1196 1291 διά
1220 1257 1363 1305 τινος
1394 1245 1753 1309 συκοφαντίας
1796 1248 1936 1301 κατά

364 1322 473 1375 τῶν
499 1322 829 1379 ὑπεναντίων
855 1328 883 1379 6
911 1328 1040 1399 παρ’
1070 1331 1102 1399 ὴ
1113 1330 1227 1398 μῶν
1265 1333 1512 1400 γίνεσθαι
1542 1335 1695 1404 λόγος
1719 1382 1732 1401 ,
1765 1339 1933 1410 αὐτὴν

366 1413 752 1485 παραθήσομαι
794 1418 901 1471 τῶν
932 1420 1140 1473 ἀσεϐῶν
1171 1421 1268 1493 τὴν
1314 1424 1457 1490 λέξιν
1488 1425 1715 1495 ἔχουσαν
1741 1428 1934 1495 οὕτως’

367 1506 490 1558 Οὐκ
512 1501 615 1568 ὢν,
647 1505 788 1558 οὐδὲ
817 1509 1032 1576 κυρίως
1063 1511 1167 1573 ὢν,
1201 1514 1386 1582 φησιν,
1418 1517 1451 1568 ό
1476 1516 1545 1569 ἐν
1573 1520 1825 1585 κόλποις
1850 1521 1935 1574 ὢν

363 1593 467 1646 τοῦ
502 1594 696 1661 ὄντος,
733 1596 803 1648 ἐν
831 1589 989 1665 ἀρχῇ
1020 1598 1124 1663 ὢν,
1175 1602 1273 1655 καὶ
1321 1603 1470 1670 πρὸς
1506 1606 1613 1659 τὸν
1653 1606 1799 1660 Θεὸν
1830 1607 1934 1672 ὢν,

362 1684 477 1737 κᾶν
492 1686 808 1750 Βασίλειος
829 1682 934 1742 τοῦ
957 1688 1266 1759 διορισμοῦ
1280 1695 1491 1749 τούτου
1516 1696 1614 1749 καί
1632 1696 1741 1765 τῆς
1756 1715 1937 1767 προσ-

359 1777 548 1843 θήκης
592 1770 937 1848 ἀμελήσας,
1005 1774 1373 1837 ἀπαλλάττει
1419 1785 1535 1852 τὴν
1587 1784 1695 1841 τοῦ
1754 1790 1929 1857 ὄντος
1964 1795 2003 1849 Β

362 1864 769 1930 προσηγορίαν
800 1862 956 1933 παρὰ
998 1865 1111 1933 τὴν
1156 1863 1458 1933 ἀλήθειαν.
1502 1868 1566 1924 Τί
1612 1874 1826 1943 λέγειςς
1875 1877 1933 1930 '0

361 1950 419 2005 ὲν
449 1952 525 2022 τῷ
560 1953 733 2024 Πατρὶ
762 1953 835 2009 ὣν
876 1959 977 2010 οὐκ
1031 1954 1176 2017 ἐστι.
1217 1961 1311 2013 καὶ
1340 1963 1367 2013 ὁ
1397 1964 1454 2014 ὲν
1486 1964 1625 2041 ἀρχῇ
1656 1963 1750 2029 ὢν,
1786 1968 1880 2021 καὶ
1906 1971 1935 2021 ό

362 2044 419 2096 ἐν
444 2042 555 2106 τοῖς
586 2045 804 2109 κόλποις
841 2046 937 2111 ὢν,
969 2047 1057 2101 διὰ
1085 2049 1239 2103 τοῦτο
1265 2053 1364 2106 οὐκ
1390 2053 1557 2116 ἔστιν,
1600 2057 1680 2108 ὅτι
1708 2059 1764 2107 ἐν
1790 2059 1931 2128 ἀρχῇ

360 2134 505 2197 ἐστι,
539 2134 634 2188 καὶ
682 2131 848 2208 ὲν,τῷ
892 2133 1063 2210 Πατρί
1109 2141 1259 2205 ἐστι,
1302 2145 1397 2195 καὶ
1446 2146 1504 2194 ἐν
1556 2148 1667 2207 τοῖς
1714 2146 1933 2212 κόλποις

363 2226 655 2296 καθορᾶται
678 2227 770 2279 τοῦ
796 2226 965 2292 ὄντος,
991 2230 1082 2282 καὶ
1108 2231 1195 2283 διὰ
1216 2232 1370 2284 τοῦτο
1394 2233 1595 2304 κυρίως
1620 2238 1720 2290 οὐκ
1750 2238 1920 2305 ἔστιν,

363 2312 442 2366 ὅτι
466 2317 520 2366 ἐν
547 2316 624 2385 τῷ
650 2313 762 2370 ὄντι
788 2315 958 2389 ἑστίη
986 2319 1047 2371 Ὢ
1073 2318 1243 2373 κενῶν
1271 2339 1327 2374 τε
1353 2324 1446 2375 κα)⁸
1472 2320 1788 2395 παραλόγων
1811 2322 1933 2397 δογ-

372 2406 589 2474 paron!
638 2408 733 2461 νῦν
788 2407 1016 2480 πρώτως
1042 2411 1137 2482 τῆς
1168 2415 1497 2483 κενοφωνίας
1525 2416 1727 2487 ταύτης
1767 2420 1930 2488 ἡκού-

364 2514 537 2568 σαμεν
571 2537 587 2562 ,
624 2493 710 2551 ὅτι
744 2502 771 2553 6
801 2501 1002 2573 Κύριος
1042 2503 1108 2555 δι’
1153 2498 1212 2557 οὗ
1238 2506 1307 2558 τὰ
1347 2508 1552 2570 πάντα,
1601 2511 1803 2580 κυρίως
1831 2511 1932 2565 οὐκ

362 2582 525 2640 ἔστιν.
572 2587 675 2639 Καὶ
710 2586 861 2641 οὔπω
898 2584 1055 2644 τοῦτο
1098 2590 1284 2656 δεινὸν,
1329 2595 1443 2647 ἀλλ’
1478 2596 1557 2648 ἔτι
1605 2599 1697 2651 καὶ
1741 2598 1930 2652 τούτου

363 2675 830 2749 παραλογώτερον,
867 2677 927 2733 τὸ
964 2680 1036 2752 μὴ
1070 2680 1227 2751 μόνον
1265 2685 1337 2753 μὴ
1373 2679 1511 2738 εἶναι
1541 2685 1704 2740 αὑτὸν
1732 2687 1927 2757 λέγειν,

361 2764 397 2835 ἢ
450 2766 522 2836 μὴ
550 2768 749 2838 κυρίως
779 2765 937 2833 εἶναι,
967 2773 1097 2826 ἀλλὰ
1118 2772 1209 2827 καὶ
1245 2778 1312 2847 τῇ
1345 2775 1578 2847 συνθέτῳ
1608 2795 1666 2831 τε
1690 2780 1783 2834 καὶ
1808 2797 1928 2832 ποι-

365 2856 490 2929 κίλῃ
530 2859 903 2930 ὲνθεωρεῖσθαι
948 2861 1125 2930 φύσει’
1163 2866 1264 2919 οὐκ
1292 2862 1368 2920 ὣν
1406 2868 1547 2939 γὰρ,
1583 2866 1768 2941 φησὶν,
1811 2872 1932 2925 οὐδὲ

368 2944 568 3006 ἁπλοῦς
599 2942 690 2998 ὥν.
717 2940 784 3020 ’ᾯ
814 2946 868 3001 δὲ
892 2950 950 3002 τὸ
984 2950 1184 3004 ἁπλοῦν
1212 2954 1272 3006 οὐ
1297 2956 1574 3025 πρόσεστι,
1603 2956 1663 3011 τὺ
1691 2959 1931 3013 ποικίλον

364 3033 603 3103 δηλονότι
649 3043 1140 3112 προσμαρτυρεῖται
1208 3044 1296 3097 καὶ
1325 3045 1591 3102 σύνθετον.
1620 3043 1744 3113 Πῶς
1779 3046 1871 3103 οὖν
1901 3051 1929 3103 ὁ

2033 553 2251 611 etiamsi
2308 558 2535 613 abusive
2594 560 2665 613 ita
2695 559 2928 624 dicatur,
2968 559 3101 616 falsa
3133 569 3310 617 tamen
3371 566 3606 621 nominis

2037 648 2401 715 appellatione
2434 656 2675 703 vocatur.
2713 647 2855 719 Ergo
2901 650 2995 720 qui
3051 651 3214 705 audet
3269 653 3603 722 unigenitum

2039 735 2227 801 Deum,
2258 738 2339 792 vel
2378 752 2484 792 non
2516 752 2658 801 esse,
2697 741 2781 793 vel
2818 748 2925 794 twn
2970 742 3188 811 proprie
3238 754 3363 797 esse
3400 742 3605 807 dicere,

2037 835 2220 895 aperte
2281 828 2335 881 in
2394 829 2571 898 ipsum
2638 830 2795 885 tidem
2847 831 3072 901 abrOgat
3123 830 3413 901 dogmatis.
3472 832 3606 899 Quis

2036 916 2181 970 enim
2215 918 2449 987 amplius
2494 919 2541 973 ei
2572 922 2663 989 qui
2704 934 2811 974 non
2842 928 2926 977 est
2988 920 3325 977 crediderit?
3360 923 3444 979 vel
3480 925 3606 979 huic

2037 1009 2355 1071 asseuserit,
2389 1010 2546 1079 cujus
2573 1021 2694 1067 esse
2737 1012 3090 1083 improprium
3132 1021 3185 1069 et
3231 1014 3374 1084 quod
3424 1015 3604 1069 subsi-

2037 1104 2184 1151 stere
2227 1100 2480 1167 nequeat,
2537 1102 2605 1156 ab
2657 1100 2895 1157 inimicis
2947 1103 3060 1158 veri
3094 1100 3309 1158 Domini
3371 1103 3604 1159 demon-

2037 1195 2272 1243 stratum
2302 1187 2494 1244 fuerit?

2105 1299 2173 1353 At
2212 1315 2279 1353 ne
2308 1301 2394 1355 cui
2429 1300 2675 1357 videatur
2708 1296 2985 1357 calumnia
3016 1302 3251 1374 quadam
3281 1313 3473 1359 contra
3507 1306 3605 1359 ad-

2035 1391 2308 1446 versarios
2341 1390 2393 1446 id
2425 1408 2454 1446 a
2486 1394 2642 1448 nobis
2670 1394 2924 1464 proferri,
2971 1397 3145 1466 ipsam
3186 1410 3456 1467 apponam
3502 1397 3606 1451 im-

2036 1481 2248 1550 piorum
2289 1480 2583 1535 dictionem
2626 1483 2705 1536 sic
2740 1481 3066 1538 habentem:
3097 1483 3200 1549 Qui
3234 1492 3336 1537 non
3364 1490 3465 1549 est,
3517 1484 3604 1537 in-

2036 1568 2173 1637 quit,
2209 1584 2368 1639 neque
2381 1572 2589 1637 proprie
2612 1580 2709 1636 est,
2731 1571 2819 1641 qui
2841 1581 2917 1625 est
2942 1564 2992 1624 in
3016 1570 3219 1625 sinib‘its
3246 1572 3360 1641 ejus
3391 1572 3603 1642 quiest,

2035 1670 2085 1714 et
2136 1662 2226 1730 qui
2287 1663 2339 1715 in
2374 1662 2633 1731 principio
2679 1672 2778 1728 est,
2829 1674 2878 1717 et
2913 1661 3052 1731 apud
3106 1662 3273 1718 Deum
3331 1676 3447 1728 est;
3496 1666 3597 1720 etsi

2040 1746 2297 1813 Basilius,
2342 1751 2440 1803 hac
2498 1751 2802 1821 deﬁnitione
2860 1763 2909 1808 et
2983 1753 3276 1823 adjectione
3338 1755 3600 1825 neglecta,

2036 1849 2201 1893 mutet
2259 1842 2393 1895 antis
2440 1843 2843 1911 appellationem
2898 1853 3090 1912 prtr'ter
3129 1847 3423 1900 veritatem.
3455 1846 3599 1913 Quid

2034 1930 2209 1985 dicis?
2240 1930 2342 1998 Qui
2382 1942 2465 1987 est
2499 1933 2554 1986 in
2606 1934 2764 1989 Patre
2809 1950 2915 1989 non
2948 1942 3066 1996 est!
3089 1936 3181 2007 qui
3238 1938 3291 1991 in
3326 1937 3600 2008 principio

2034 2031 2116 2076 est
2159 2031 2211 2076 et
2247 2023 2303 2076 in
2332 2018 2511 2080 Patris
2540 2024 2772 2090 sinibus,
2826 2037 3115 2097 propterea
3170 2032 3274 2084 non
3314 2036 3418 2095 est,
3469 2029 3600 2099 quia

2036 2116 2088 2170 in
2118 2116 2384 2187 principio
2409 2124 2513 2180 est,
2542 2125 2595 2173 et
2620 2119 2674 2173 in
2708 2116 2870 2175 Patre
2901 2127 3007 2184 est,
3038 2129 3090 2175 et
3140 2120 3195 2175 in
3225 2122 3438 2178 sinibus
3478 2124 3600 2192 ejus

2033 2208 2125 2277 qui
2182 2216 2261 2262 est
2315 2208 2691 2277 conspicitur?
2730 2219 3015 2280 propterea
3070 2214 3288 2282 preprie
3338 2222 3448 2267 non
3493 2225 3599 2280 est,

2032 2301 2159 2369 quia
2192 2308 2276 2355 est
2312 2296 2364 2355 in
2405 2317 2470 2356 eo
2516 2302 2606 2372 qui
2642 2302 2772 2357 est?
2817 2302 2861 2358 Ο
2894 2319 3033 2358 vana
3077 2303 3367 2376 iutiliaque
3398 2315 3453 2362 et
3504 2307 3602 2362 ab-

2033 2392 2198 2446 Slil‘da
2235 2394 2521 2463 dogmata!
2576 2393 2853 2465 Nttquam
2895 2407 3051 2450 antea
3100 2397 3242 2450 hanc
3292 2398 3443 2451 vocis
3480 2396 3602 2453 ina-

2034 2482 2255 2536 nitatem
2293 2486 2406 2538 sive
2438 2485 2895 2556 vaniloquentiam
2936 2486 3284 2543 audivimus:
3322 2494 3466 2558 quod
3494 2489 3601 2543 Do-

2032 2575 2233 2638 minus,
2296 2590 2390 2645 per
2419 2592 2580 2646 quem
2634 2578 2839 2643 omnia,
2877 2579 3097 2650 proprie
3148 2596 3256 2635 non
3312 2589 3411 2636 est;
3485 2580 3599 2637 Nec

2034 2664 2216 2719 adhuc
2246 2665 2348 2720 hoc
2373 2681 2536 2735 grave
2585 2676 2710 2731 est,
2758 2667 2854 2724 sed
2910 2668 3047 2724 illud
3100 2670 3263 2725 etiam
3301 2671 3471 2726 multo
3515 2680 3603 2727 est

2031 2757 2350 2821 absurdius,
2398 2774 2508 2812 non
2554 2760 2731 2814 solum
2773 2774 2882 2815 non
2908 2775 3031 2817 esse
3066 2760 3241 2831 ipsum
3273 2761 3478 2827 dicere,
3512 2763 3601 2817 vel

2034 2864 2139 2905 non
2182 2850 2402 2919 prOprie
2428 2866 2586 2919 esse;
2614 2853 2710 2908 sed
2730 2854 2895 2908 etiam
2926 2855 2981 2908 in
3006 2854 3309 2925 composita
3338 2856 3603 2925 variaque

2040 2941 2284 3011 conspici
2308 2951 2538 3000 natura:
2576 2957 2679 3000 non
2704 2946 2872 3012 enim,
2897 2947 2994 3012 ait,
3026 2962 3143 3013 ens,
3169 2962 3345 3018 neque
3371 2948 3601 3019 simplex

2031 3047 2151 3090 ens.
2191 3032 2287 3087 Cui
2329 3043 2511 3090 autem
2552 3035 2879 3108 simplicitas
2923 3055 3033 3094 non
3084 3038 3260 3105 adest,
3319 3040 3467 3111 quod
3515 3047 3602 3096 est

361 3125 523 3189 αὐτὸς
552 3128 641 3181 καὶ
674 3130 772 3182 οὐκ
808 3133 951 3184 ἔστιν
986 3132 1121 3197 ὅλως
1151 3136 1243 3188 καὶ
1268 3133 1518 3202 σύνθετος
1546 3140 1686 3195 κατὰ
1723 3142 1820 3213 τὴν
1849 3142 1931 3195 οὐ·
1954 3122 1999 3181 C
2039 3123 2252 3178 "arium
2298 3140 2494 3196 nempe
2528 3115 2871 3193 auribunm‘o
2928 3138 2981 3186 θί
3013 3131 3157 3201 (ἰυυά
3212 3132 3598 3201 θοτηβοδίῑυηι·

360 3215 481 3267 σίαν
513 3218 684 3285 ὲστίν;
729 3221 847 3291 Χρὴ
877 3222 985 3292 γάρ
1031 3221 1139 3277 τῶν
1168 3222 1261 3277 δύο
1290 3225 1345 3279 τὸ
1379 3227 1584 3298 ἕτερον,
1619 3229 1652 3300 ἢ
1700 3229 1931 3284 καθόλου

360 3311 914 3382 προσμαρτυροῦντας
956 3315 1103 3387 αὐτῷ
1140 3316 1200 3370 τὸ
1230 3318 1597 3390 ἀνύπαρκτον,
1628 3318 1762 3393 μηδὲ
1805 3321 1930 3374 σύν-

358 3397 516 3451 θετον
544 3401 741 3469 λέγειν,
780 3403 813 3474 ἢ
847 3403 905 3457 τὸ
937 3404 1188 3460 σύνθετον
1227 3408 1619 3477 ἐπικαλοῦντας
1651 3412 1821 3484 αὐτῷ,
1855 3415 1930 3486 μὴ

357 3490 591 3561 ἐξαίρειν
613 3492 703 3545 τοῦ
725 3493 891 3559 ὄντος.
941 3496 1078 3549 Ἀλλ’
1107 3498 1181 3562 ὡς
1204 3498 1269 3554 ἂν
1292 3500 1581 3566 πολυειδῶς
1604 3520 1664 3555 τε
1688 3503 1783 3556 καὶ
1811 3520 1931 3571 ποι-

358 3578 518 3642 κίλως
547 3580 746 3647 γίνοιτο
777 3584 905 3655 παρ’
933 3584 1110 3638 αὐτῶν
1140 3588 1174 3658 ἡ
1206 3586 1555 3661 βλασφημία,
1597 3590 1728 3645 πᾶσι
1768 3593 1931 3662 σφάλ-

357 3669 506 3724 λεται
535 3676 647 3737 τοῖς
683 3675 860 3741 ἀθέοις
898 3680 1157 3750 νοήμασιο
1190 3684 1257 3753 τῇ
1290 3684 1389 3751 μὲν
1432 3684 1567 3754 πρὸς
1604 3684 1665 3738 τδ
1706 3684 1766 3739 δν
1808 3703 1931 3755 συγ·
1986 3744 1999 3755 λ

359 3764 567 3832 κρίσει,
607 3766 681 3836 μὴ
732 3763 870 3822 εἶναι
922 3770 1125 3841 Κύριον
1169 3771 1431 3840 λέγουσα·
1484 3778 1550 3846 τῇ
1584 3775 1640 3828 δὲ
1695 3778 1829 3848 πρὸς
1867 3779 1929 3831 τὸ

356 3856 558 3909 ἁπλοῦν
590 3858 791 3927 σχέσει,
814 3861 1058 3934 ἀμοιρεῖν
1084 3864 1183 3935 τῆς
1206 3864 1524 3937 ἁπλότητος·
1556 3868 1655 3921 οὐκ
1683 3868 1778 3935 ὢν,
1807 3870 1927 3925 οὐδὲ

354 3945 560 4012 ἁπλῶς,
595 3947 714 4000 οὐδὲ
745 3949 946 4020 κυρίως
987 3949 1077 4005 ὢν.
1107 3953 1201 4016 Τίς
1227 3954 1334 4007 τῶν
1359 3954 1815 4027 παραϐεϐηκότων
1838 3958 1926 4011 τὸν

355 4038 508 4105 λόγον
546 4040 641 4091 καὶ
670 4040 767 4108 τὴν
798 4042 977 4094 πίστιν
1015 4043 1427 4115 ὲξομοσαμένων
1455 4046 1707 4100 τοσοῦτον
1742 4049 1894 4103 ὲνεδα
1912 4081 1925 4088 ο

353 4131 644 4200 ψιλεύσατο
676 4134 795 4196 ταῖς
816 4134 1125 4206 ἀρνητικαίς
1158 4137 1251 4191 τοῦ
1284 4139 1486 4210 Κυρίου
1527 4142 1766 4209 φωναίς;
1806 4142 1924 4194 Ἀν-

353 4221 741 4294 τεφιλοτιμήθη
801 4224 879 4295 τῷ
942 4224 1071 4296 θείῳ
1131 4227 1228 4280 τοῦ
1290 4228 1533 4283 Ἰωάννου
1587 4231 1920 4302 κηρύγματι.

284 4296 289 4301 ’
367 4314 586 4376 Ὁσάκις
608 4316 715 4385 γὰρ
742 4317 944 4379 ἐκεῖνος
965 4316 1025 4369 τὸ
1049 4314 1125 4387 ἦν
1141 4318 1216 4388 τῷ
1230 4316 1389 4391 Λόγῳ
1411 4296 1759 4393 προσεμαρτό
1769 4296 1921 4395 ῥησε,

354 4404 675 4466 τοσαυτάκις
701 4395 854 4466 οὗτος
888 4404 1184 4459 ἀντιθεῖναι
1214 4408 1273 4459 τὸ
1301 4411 1410 4461 οὐκ
1442 4407 1520 4480 ἦν
1550 4411 1626 4482 τῷ
1658 4410 1769 4465 ὄντι
1802 4415 1923 4481 ἐφι-

353 4495 650 4568 λονείκησε.
689 4498 800 4552 Καὶ
829 4497 906 4569 τῷ
937 4499 1075 4570 ἁγίῳ
1114 4500 1337 4569 στόματι
1372 4502 1463 4555 τοῦ
1513 4503 1725 4575 Πατρός
1765 4504 1921 4575 ἡμῶν

350 4586 674 4659 διαμάχεται
714 4588 886 4642 ταῦτα
927 4591 1217 4662 προφέρων
1256 4591 1570 4645 κατ’σαύτοῦ
1614 4593 1682 4647 τά
1727 4595 1923 4665 ἐγκλή-

352 4696 498 4749 ματα
522 4699 533 4710 ’
565 4681 645 4733 ὅτι
698 4680 891 4750 ἀμελεῖ
927 4680 1035 4733 τῶν
1063 4681 1357 4752 διορισμῶν
1385 4681 1589 4735 τούτων
1624 4684 1918 4750 Βασίλειος,

350 4770 481 4825 ὂντα
508 4771 680 4839 λέγων
704 4772 793 4824 τὸν
818 4774 874 4824 ὲν
903 4771 977 4841 τῷ
1020 4773 1212 4837 Πατρὶ,
1250 4775 1342 4826 καὶ
1373 4775 1429 4824 ὲν
1458 4777 1525 4845 τῇ
1554 4776 1718 4845 ἀρχῇ,
1748 4778 1841 4830 καὶ
1866 4779 1923 4832 ὲν

350 4865 460 4925 τοῖς
489 4863 707 4927 κόλποις
737 4864 885 4927 ὄντα,
913 4864 989 4925 ὠς
1015 4863 1113 4931 τῆς
1160 4864 1411 4934 τοιαύτης
1454 4866 1795 4936 προσθέσεως
1825 4869 1921 4938 τῆς

349 4954 492 5007 κα.τά
521 4954 620 5024 τὴν
641 4953 814 5025 ἀρχὴν
840 4956 931 5007 καὶ
951 4955 1039 5007 τὸν
1064 4955 1280 5019 κόλπον,
1311 4959 1809 5031 παραγραφομένης
1827 4960 1920 5013 τοῦ

346 5042 498 5106 ὄντος
529 5043 627 5115 τὴν
658 5043 906 5114 ὓπαρξιν.
944 5044 1006 5095 Ὢ
1051 5044 1221 5097 κενῶν
1260 5046 1625 5116 μαθημάτωνί
1665 5042 1755 5103 οἷα
1797 5068 1921 5103 παι-

346 5132 589 5185 δεύουσιν
632 5135 680 5185 οί
720 5133 1003 5186 παιδευταί
1039 5134 1136 5203 τῆς
1181 5133 1433 5202 ἀπάτηςί
1463 5135 1589 5187 οἴων
1636 5136 1918 5205 δογμάτων

344 5227 632 5294 εἰσηγηταὶ
666 5226 776 5287 τοῖς
820 5224 1073 5277 ἀκούουσι
1108 5225 1376 5292 γίνονταιῑ
1421 5227 1482 5277 τὸ
1513 5226 1568 5279 ἐν
1598 5244 1701 5279 τινι
1742 5226 1800 5278 ὃν
1844 5228 1919 5299 μὴ

344 5311 489 5367 εἶναι
526 5315 886 5369 διδάσκουσιν.
926 5316 1153 5378 Οὐκοῦν,
1197 5317 1380 5387 ἐπειδὴ
1424 5316 1574 5379 ἐντός
1617 5317 1708 5369 σού
1750 5320 1916 5382 ἐστιν,

344 5406 599 5476 Εὐνόμιε,
628 5409 661 5476 ὴ
686 5407 884 5476 καρδία
906 5408 999 5460 καὶ
1022 5409 1050 5459 6
1077 5407 1393 5475 ἐγκέφαλος,
1416 5406 1639 5460 οὐκέστι
1667 5409 1807 5463 κατά
1829 5410 1920 5463 τὸν

344 5499 436 5553 σὸν
476 5498 756 5570 διορισμὸν
802 5498 1004 5551 τούτων
1049 5499 1325 5569 ἑκάτερον.
1376 5499 1438 5551 Ei
1479 5499 1586 5569 γὰρ
1636 5499 1723 5552 διὰ
1762 5498 1919 5554 τοῦτο

344 5592 551 5663 κυρίως
589 5592 617 5642 6
659 5589 948 5660 μονογενὴς
979 5589 1108 5652 Θεὸς
1135 5591 1233 5641 οὐκ
1259 5589 1372 5642 ἔστι
1391 5628 1405 5652 ,
1438 5589 1572 5642 διότι
1600 5592 1657 5642 ὲν
1686 5592 1798 5652 τοῖς
1822 5590 1917 5643 τοῦ

338 5683 554 5755 Πατρός
596 5682 713 5733 ἐστι
757 5681 1007 5743 κόλποις,
1044 5682 1151 5733 πᾶν
1184 5680 1243 5733 τὸ
1286 5680 1342 5733 ἐν
1384 5698 1488 5733 τινι
1519 5680 1578 5733 ὃν
1647 5681 1738 5733 τοῦ
1779 5679 1916 5736 εἶναι

669 5773 933 5832 Parnm.
982 5774 1097 5831 Gn.
1151 5773 1199 5831 Χ
1217 5774 1335 5834 LV.

1955 4454 2002 4513 Ι)

2034 3212 2316 3279 Quomodo
2346 3216 2512 3287 igitur
2538 3217 2681 3273 idem
2718 3227 2772 3274 et
2807 3236 2916 3275 non
2945 3235 3029 3276 εει
3067 3222 3313 3289 omnino,
3353 3231 3408 3279 et
3450 3238 3602 3278 com-

2034 3302 2272 3371 positum
2304 3304 2606 3360 secundum
2646 3309 2941 3363 essentiam
2978 3310 3097 3365 est?
3120 3309 3315 3366 horum
3361 3312 3599 3369 duorum

2032 3395 2260 3450 alterum
2292 3403 2524 3467 oportet,
2575 3397 2661 3454 vel
2705 3398 2933 3456 omnino
2970 3396 3019 3458 ei
3052 3401 3399 3474 assignantes
3452 3404 3602 3473 quod

2033 3500 2139 3538 non
2178 3486 2414 3549 exsistit,
2447 3498 2623 3559 neque
2661 3491 3023 3562 compositum
3061 3492 3267 3560 dicere,
3311 3494 3399 3549 vel
3445 3508 3601 3548 com-

2032 3574 2266 3642 positum
2305 3576 2358 3630 in
2388 3577 2506 3647 ipso
2533 3590 2813 3644 vocantes,
2848 3596 2952 3636 non
2999 3583 3239 3638 eximere
3268 3598 3331 3638 ex
3359 3599 3426 3639 eo
3452 3582 3598 3652 quod

2029 3672 2133 3718 est.
2168 3663 2274 3718 Sed
2298 3674 2354 3718 ut
2382 3665 2794 3724 multiformiter
2822 3678 2875 3727 et
2900 3672 3048 3727 varie
3080 3673 3148 3726 ab
3169 3672 3304 3743 ipsis
3338 3672 3431 3726 ﬂat
3456 3673 3600 3728 blas-

2031 3753 2262 3822 phemia,
2306 3757 2563 3814 omnibus
2611 3760 2981 3817 hallucinalur
3021 3764 3203 3833 impiis
3254 3765 3593 3821 notionibus.

2030 3846 2161 3900 Nam
2182 3849 2248 3902 ad
2275 3865 2375 3905 ens
2398 3853 2807 3922 comparatione
2831 3853 2993 3919 facta,
3015 3871 3123 3910 non
3155 3871 3278 3911 esse
3304 3856 3595 3911 Dominum

2027 3936 2159 3991 dicit
2185 3955 2197 3993 ;
2230 3945 2284 3991 et
2334 3941 2597 3995 relatione
2622 3956 2749 3996 cum
2778 3957 2843 3998 eo
2872 3944 3018 4013 quod
3065 3945 3296 4015 simplex
3323 3953 3427 4010 est,
3466 3961 3591 4000 eum

2028 4032 2379 4101 simplicitate
2438 4034 2617 4105 privat
2675 4047 2730 4091 et
2763 4038 3033 4094 destituit.
3066 4038 3184 4094 Non
3217 4055 3338 4105 ens,
3391 4040 3592 4110 inquit,
3636 4110 3641 4115 _

2028 4138 2200 4188 neque
2226 4123 2548 4195 simpliciter
2572 4165 2588 4191 ,
2621 4143 2798 4197 neque
2831 4131 3050 4200 pr0prie
3074 4145 3190 4185 ens.
3220 4129 3354 4196 Quis
3399 4143 3592 4184 eorum

2026 4214 2117 4284 qui
2150 4229 2460 4271 sermonem
2487 4219 2818 4290 transgressi
2848 4227 2978 4274 sunt
3011 4227 3065 4273 et
3096 4219 3255 4274 ﬁdem
3281 4220 3592 4288 ejurarunt,

2027 4316 2133 4357 tam
2162 4305 2344 4376 largus
2366 4314 2521 4362 estet
2547 4309 2790 4365 liberalis
2818 4310 2873 4364 in
2908 4309 3305 4381 profundendis
3334 4310 3592 4375 vocibus,
3615 4305 3642 4339 '

2028 4396 2227 4464 quibus
2268 4395 2529 4455 Dominus
2576 4403 2851 4472 negatur?
2898 4400 3204 4454 Ambitiosa
3239 4400 3593 4456 contentione

2027 4503 2094 4540 ex
2122 4488 2353 4543 adverso
2377 4502 2639 4562 repugnat
2700 4490 2792 4547 hic
2820 4491 3005 4547 divino
3032 4488 3260 4547 Joannis
3292 4492 3589 4562 praeconio.

2028 4576 2253 4645 Quoties
2273 4582 2419 4637 enim
2437 4582 2804 4656 illequoderat
2844 4580 3025 4639 Verbo
3039 4584 3474 4651 attribuit,toties
3504 4584 3592 4640 hic

2025 4685 2299 4740 opponere
2314 4688 2414 4727 non
2439 4681 2551 4725 erat
2578 4672 2624 4726 ei
2640 4672 2731 4741 qui
2743 4682 2849 4737 est,
2869 4673 3219 4743 pertinaciter
3233 4676 3469 4731 obnixus
3485 4676 3590 4731 est.

2024 4760 2090 4814 Et
2102 4763 2181 4815 ori
2197 4772 2387 4817 sancto
2401 4759 2574 4817 Patris
2592 4763 2764 4817 nostri
2782 4773 3047 4835 repugnat
3061 4766 3172 4820 hac
3190 4767 3451 4821 adversus
3467 4782 3591 4821 eum

2024 4857 2307 4927 proferens
2325 4858 2592 4913 crimina:
2630 4857 2774 4927 quod
2810 4859 3065 4913 nimirum
3095 4857 3329 4915 Basilius
3348 4859 3448 4913 has
3466 4860 3591 4914 deii-

2024 4951 2260 5004 nitiones
2291 4949 2533 5019 negligit,
2569 4950 2758 5005 dicens
2783 4966 2906 5005 eum
2931 4966 3052 5006 esse
3080 4951 3170 5021 qui
3190 4960 3273 5007 est
3307 4952 3361 5005 in
3392 4950 3579 5015 Patre,

2022 5050 2075 5097 et
2115 5043 2169 5095 in
2199 5042 2467 5111 principio
2509 5049 2562 5095 et
2594 5042 2649 5095 in
2678 5042 2910 5107 sinibus,
2954 5044 3111 5114 quasi
3151 5045 3408 5099 nimirum
3439 5044 3590 5112 ejus-

2027 5133 2168 5188 modi
2203 5133 2426 5198 additio,
2477 5135 2529 5187 in
2562 5135 2854 5205 principio,
2894 5144 2947 5191 et
2988 5137 3041 5191 in
3075 5139 3220 5201 sinu,
3271 5136 3605 5206 pra‘scribat

2020 5244 2087 5283 ac
2116 5228 2335 5282 deﬁniat
2386 5229 2507 5296 ejus
2545 5229 2636 5297 qui
2684 5237 2769 5283 est
2803 5232 3196 5286 exsistentiam.
3230 5228 3273 5284 0
3316 5229 3496 5280 inania
3534 5234 3587 5280 et

2023 5321 2249 5392 nugacia
2280 5321 2637 5375 documenta!
2683 5323 2865 5391 qualia
2890 5324 3208 5392 praecipiunt
3236 5318 3438 5372 erroris
3469 5332 3592 5372 uva--

2021 5411 2208 5479 gistri!
2264 5412 2505 5480 qualium
2564 5412 2907 5466 decretorum
2961 5418 3214 5464 auctores
3247 5406 3585 5461 auditoribus

2023 5497 2193 5553 fiunt!
2248 5500 2391 5568 quod
2428 5500 2481 5553 in
2520 5500 2702 5568 aliquo
2730 5505 2833 5562 est,
2880 5512 2987 5551 non
3018 5511 3140 5550 esse
3169 5494 3383 5548 docent.
3424 5493 3582 5566 Ergo,

2020 5591 2275 5659 quoniam
2306 5591 2446 5644 intra
2474 5596 2546 5652 te,
2596 5604 2629 5641 ο
2652 5585 2902 5650 Eunomi,
2939 5596 3021 5640 est
3052 5600 3148 5640 cor
3180 5595 3234 5639 et
3279 5584 3585 5650 cerebrum.

2019 5681 2317 5738 secundum
2344 5691 2487 5735 tuam
2506 5678 2928 5744 distinctionem,
2947 5678 3139 5732 horum
3163 5686 3454 5747 utrumque
3472 5690 3581 5731 non

3261 5768 3338 5827 27
