4046 6150
454 304 558 362 845

1680 294 1736 347 S.
1779 293 1818 348 (ἑ
1831 292 2107 350 ΒΕῦοιι-ιι
2147 292 2434 350 NYSSENI

3595 295 3710 349 εει

457 427 565 476 est.
605 419 661 478 Si
696 415 838 470 enim
865 412 933 466 ob
964 428 1084 467 eam
1117 427 1340 470 causam
1395 410 1706 482 unigenitus
1733 409 1877 466 Deus
1902 426 2027 480 pro—
2057 445 2068 470 ι

2170 413 2346 476 άντως
2379 412 2658 484 ἐξῄρηται.
2706 411 2866 466 Ἀλλὰ
2897 411 3004 483 μὴν
3029 410 3086 463 έν
3119 410 3201 462 σοι
3237 409 3269 477 ἡ
3297 407 3490 478 καρδία
3518 408 3605 460 καὶ
3637 409 3711 462 οὐ

463 511 578 580 prie
611 523 716 562 non
748 515 851 569 est,
904 504 1032 574 quia
1066 504 1119 558 in
1153 502 1330 558 Patris
1369 509 1454 558 est
1500 500 1733 562 sinibus,
1765 499 2031 570 quidquid

461 610 548 657 est
573 601 627 655 in
655 585 858 670 aliquo,
889 596 1132 652 funditus
1158 611 1188 650 e
1215 610 1396 650 rerum
1421 601 1615 648 natura
1638 593 1906 646 sublatum
1927 600 2031 648 est.

464 692 629 763 Atqui
663 691 716 745 in
759 700 809 746 te
839 705 936 745 cor
965 697 1050 745 est
1082 695 1135 742 et
1171 702 1281 741 non
1311 702 1406 757 per
1430 701 1509 751 se,
1548 685 1712 756 igitur
1732 682 2033 739 secundum

465 793 614 838 tuam
660 783 928 836 rationem
955 780 1041 834 vel
1085 778 1308 834 omnino
1338 775 1626 832 dicendum
1657 783 1742 831 est
1773 789 1882 830 non
1915 788 2037 830 esse

468 875 670 945 ipsum,
712 873 796 928 vel
843 888 953 926 non
992 871 1209 942 proprie
1251 883 1393 924 esse.
1433 865 1540 922 Sed
1578 865 1720 935 quod
1757 865 2038 920 indoctum

468 975 525 1023 et
547 965 947 1036 blasphemum.
981 963 1034 1019 id
1061 970 1147 1018 est
1176 960 1341 1031 impie
1369 967 1423 1016 et
1451 958 1714 1014 seelerate
1743 957 2037 1027 prolatum,

469 1060 528 1116 in
551 1057 674 1129 ejus
705 1056 866 1114 dictis
905 1064 1114 1112 tantum
1143 1062 1226 1109 est
1261 1060 1315 1108 et
1343 1053 1474 1117 tale,
1497 1056 1558 1106 ut
1587 1050 1752 1106 etiam
1782 1055 1910 1104 ante
1943 1061 2044 1102 no—

471 1159 616 1207 stros
663 1163 945 1204 sermones
983 1154 1163 1201 mente
1195 1144 1438 1217 praeditis
1489 1144 1561 1198 sit
1607 1141 1955 1212 perspicuum
1990 1146 2044 1192 et

474 1242 862 1309 manifestum;
919 1247 976 1295 ut
1006 1247 1185 1295 autem
1235 1238 1408 1308 magis
1437 1235 1559 1306 ejus
1597 1249 1720 1288 cum
1769 1233 2045 1302 impietate

474 1335 768 1403 conjuncta
799 1333 1069 1388 dementia
1114 1332 1444 1391 innotescat,
1500 1326 1602 1380 hoc
1656 1325 1724 1378 iis
1753 1338 1874 1394 quae
1921 1329 2048 1376 ante

475 1425 714 1483 diximus
757 1425 1078 1496 adjiciemus
1113 1420 1206 1475 :Si
1260 1421 1436 1476 solum
1488 1416 1705 1488 proprie
1747 1430 1870 1470 esse
1923 1413 2048 1468 licet

477 1509 680 1583 dicere,
711 1519 798 1575 cui
828 1517 1124 1587 Scripturae
1160 1528 1341 1569 sermo
1388 1510 1700 1567 absolutum
1736 1516 1788 1564 et
1821 1507 2046 1561 liberum

478 1610 726 1666 attribuit
757 1623 898 1670 esse,
933 1604 1290 1676 quamobrem
1333 1601 1499 1657 veluti
1545 1599 1757 1671 aquarii
1788 1596 2050 1651 habentes

479 1707 799 1772 potestatem
825 1696 1063 1760 bibendi,
1098 1695 1186 1750 siti
1217 1690 1556 1748 enecentur?
1589 1699 1643 1746 et
1667 1690 1752 1742 hic
1781 1689 1834 1742 in
1872 1702 2052 1757 prom-

481 1802 573 1863 ptu
621 1791 828 1846 habens
875 1789 1137 1844 adversus
1165 1785 1556 1855 blasphemiam
1595 1782 1647 1834 in
1691 1779 1886 1835 Filium
1918 1794 2054 1847 pne-

480 1889 796 1940 svntancum
828 1878 1145 1942 remedium,
1171 1876 1470 1931 connivens
1493 1869 1886 1944 praetercurrit,
1909 1869 2058 1921 velut

481 1974 692 2031 servari
749 1979 1019 2027 metuens.
1077 1969 1138 2022 Et
1178 1967 1436 2021 Basilium
1489 1963 1636 2034 turpi
1689 1962 1827 2016 fama
1874 1960 2056 2014 differt

483 2065 628 2136 quod
652 2063 1038 2120 distinctiones
1055 2060 1270 2115 silentio
1292 2059 1490 2112 tacitus
1512 2054 1851 2127 praeteriens,
1882 2053 2058 2107 solum

484 2161 538 2213 in
571 2174 630 2215 se
664 2159 782 2229 ipso
817 2155 1044 2212 verbum
1092 2161 1207 2207 erat
1238 2151 1294 2204 in
1323 2148 1615 2218 Unigenito
1657 2144 1932 2216 exposuit.
1961 2142 2059 2196 At-

483 2254 577 2328 qui
609 2256 848 2322 poterat,
897 2261 1018 2318 qua:
1062 2245 1151 2300 ille
1199 2242 1354 2305 vidit,
1403 2247 1458 2296 et
1504 2253 1693 2294 eorum
1725 2237 1815 2307 qui
1858 2235 2063 2288 habent

485 2326 678 2401 oculos
741 2339 1124 2414 unusquisque
1178 2333 1346 2398 videt,
1403 2338 1458 2388 et
1507 2331 1598 2386 hic
1643 2330 1806 2384 etiam
1856 2326 2061 2383 videre.

487 2434 645 2506 Quod
675 2435 806 2490 mihi
842 2432 1054 2487 videtur
1082 2428 1267 2484 divino
1317 2425 1581 2481 instinctu
1615 2421 1907 2491 atllatuque
1932 2434 2065 2475 con-

488 2531 688 2586 citatus
726 2524 981 2582 excelsus
1006 2521 1270 2584 Joannes,
1308 2527 1370 2574 ut
1406 2531 1501 2574 ora
1529 2530 1721 2571 eorum
1767 2513 1861 2584 qui
1898 2510 2064 2566 Chri-

489 2629 635 2678 stum
685 2622 1004 2687 oppugnant
1049 2613 1384 2675 obstrueret,
1437 2607 1642 2679 quique
1694 2611 1918 2674 propter
1963 2601 2066 2658 has

491 2708 858 2770 accessiones,
886 2703 1091 2760 Christi
1113 2716 1298 2758 verum
1321 2713 1444 2756 esse
1464 2707 1517 2754 et
1536 2693 1818 2766 proprium
1849 2691 2064 2746 irritum

495 2803 675 2858 facere
704 2806 1064 2862 conarentur,
1100 2793 1446 2864 simpliciter,
1491 2789 1772 2851 absolute,
1803 2792 1858 2840 et
1900 2784 2068 2840 inter-

495 2891 700 2945 minate
733 2889 957 2950 dixisse,
989 2885 1132 2942 Deus
1158 2891 1276 2940 erat
1316 2880 1552 2936 Verbum
1575 2919 1588 2944 ,
1616 2885 1671 2934 et
1703 2878 1813 2931 vita
1843 2884 1982 2939 erat,
2016 2884 2068 2930 et

497 2985 586 3038 lux
617 2987 755 3048 erat,
786 2987 838 3035 et
870 2994 975 3034 non
1004 2977 1180 3032 solum
1213 2973 1307 3045 qui
1333 2980 1416 3033 est
1446 2973 1500 3027 in
1528 2968 1818 3042 principio,
1850 2972 1903 3022 et
1925 2964 2066 3036 apud

2133 504 2253 558 καθ’
2292 504 2491 573 ἑαυτήν
2518 506 2684 556 ἐστιν.
2722 505 2865 572 Ἀρα
2896 501 3036 555 κατὰ
3059 499 3150 552 τὸν
3191 499 3281 550 σὺν
3301 497 3458 556 λόγον
3497 495 3530 564 ἢ
3575 495 3718 548 καθ-

2133 596 2255 664 όλου
2297 597 2403 668 χρὴ
2449 596 2521 666 μὴ
2543 591 2683 650 εἷναι
2711 595 2890 663 λέγειν
2917 593 3106 662 αὐτὴν,
3134 591 3168 660 ἢ
3216 590 3290 660 μὴ
3319 595 3520 660 κυρίως
3549 587 3711 644 εἶναι.

2148 687 2308 742 Ἀλλὰ
2351 687 2415 740 τὸ
2459 687 2560 757 μὲν
2597 687 2920 743 ἀπαίδευτον
2965 687 3023 738 ὲν
3064 685 3177 745 τοίς
3221 680 3531 751 εἰρημένοις
3577 684 3717 750 παρ’

2136 780 2302 834 αὑτοῦ
2335 779 2430 833 καὶ
2468 780 2529 832 τὸ
2552 778 2894 849 βλάσφημον,
2932 774 3183 828 τοσοῦτόν
3219 789 3280 825 τε
3313 772 3406 824 καὶ
3445 769 3720 832 τοιοῦτον,

2137 875 2215 938 ὡς
2254 874 2349 928 καὶ
2389 875 2494 944 πρὸ
2535 875 2645 926 τῶν
2680 873 2964 944 ἡμετέρων
3003 870 3176 939 λόγων
3223 869 3533 936 καταφανὲς
3573 864 3726 919 εἶναι

2139 966 2252 1026 τοῖς
2282 963 2404 1018 νοῦν
2446 963 2680 1034 ἔχωσιν·
2709 963 2786 1026 ὡς
2821 963 2866 1016 δ’
2913 963 2980 1016 ἂν
3022 959 3220 1031 μᾶλλον
3259 958 3507 1027 ἐπίδηλος
3549 956 3726 1009 αὑτοῦ

2141 1055 2350 1121 γένοιτο
2376 1055 2513 1125 μετὰ
2539 1056 2638 1124 τῆς
2666 1054 2920 1116 ἀσεϐείας
2939 1055 2974 1124 ἠ
3007 1052 3180 1114 ἄνοια,
3207 1050 3364 1103 τοῦτο
3390 1050 3500 1110 τοῖς
3530 1063 3674 1118 προε
3685 1064 3732 1098 ι-

2148 1146 2402 1216 ρημένοις
2443 1144 2851 1217 προσθήσομενο
2877 1145 2937 1196 Ei
2981 1143 3138 1213 μόνον
3180 1143 3295 1196 ἔστι
3333 1139 3536 1209 κυρίως
3582 1133 3733 1189 εἶναι

2145 1237 2340 1306 λέγειν,
2371 1230 2414 1304 ᾧ
2446 1237 2544 1307 τῆς
2575 1235 2796 1306 Γραφῆς
2830 1237 2858 1287 6
2886 1234 3044 1302 λόγος
3084 1230 3482 1301 ἀπολελυμένον
3525 1246 3588 1280 τε
3631 1230 3735 1280 καὶ

2148 1328 2370 1398 ἄσχετον
2403 1327 2669 1398 μαρτυρεῖ
2703 1331 2764 1379 τὸ
2795 1322 2933 1380 εἶναι
2954 1367 2968 1391 ,
3001 1323 3089 1378 διὰ
3129 1324 3182 1376 τί
3217 1321 3470 1390 καθάπερ
3495 1321 3543 1372 oi
3571 1319 3741 1388 ὑδρο-

2143 1421 2440 1490 ’φοροῢντες
2472 1422 2529 1474 ὲν
2573 1419 2789 1490 ἐξουσίᾳ
2818 1417 2910 1471 τοῦ
2949 1419 3091 1469 πιεῖν
3126 1419 3192 1486 τῇ
3219 1415 3347 1488 δίψῃ
3381 1412 3738 1482 φθείρονταις

2151 1513 2259 1566 Καὶ
2285 1506 2744 1582 οὖτοςπρόχειρον
2774 1511 2910 1581 έχων
2926 1510 3022 1579 τῆς
3048 1507 3188 1563 κατὰ
3216 1505 3308 1559 τοῦ
3334 1504 3462 1558 Υίοῦ
3483 1503 3740 1574 βλασφη-

2153 1603 2282 1674 μίας
2303 1603 2364 1656 τὺ
2386 1597 2817 1673 ἀντιφάρμακον,
2840 1599 3113 1670 έπιμύσας
3136 1595 3508 1666 παρέδραμεν,
3539 1593 3746 1663 ὥσπερ

2153 1694 2212 1747 τὸ
2247 1694 2484 1764 σωθῆναι
2524 1693 2875 1764 φοϐούμενος.
2905 1693 3015 1745 Καὶ
3046 1689 3251 1743 ἀδικεῖν
3285 1687 3522 1742 αἰτιᾶται
3567 1682 3746 1738 Βασί-

2156 1786 2318 1851 λειον,
2346 1787 2427 1839 ὅτι
2456 1787 2582 1852 τοὺς
2612 1784 3062 1855 προσδιορισμοὺς
3091 1781 3370 1851 σιωπήσας
3389 1818 3404 1841 ,
3449 1776 3612 1847 μόνον
3657 1775 3747 1844 ἐφ’

2160 1873 2348 1931 ἑαυτοῦ
2375 1875 2436 1927 τὸ
2457 1871 2541 1944 ἦν,
2563 1874 2652 1926 ἐπὶ
2682 1871 2774 1927 τοῦ
2801 1869 3134 1940 Μονογενοῦς
3188 1867 3504 1938 διηγήσατο.
3538 1863 3750 1917 Καίτοι

2160 1984 2222 2035 γε
2245 1966 2468 2020 δυνατὸν
2486 1961 2574 2036 ἦν,
2599 1963 2634 2018 ἃ
2655 1966 2857 2027 ἐκεῖνος
2880 1959 3007 2027 οἶδε,
3032 1962 3126 2015 καὶ
3148 1960 3379 2021 ἕκαστος
3404 1955 3513 2010 τῶν
3537 1953 3752 2023 ὀφθαλ-

2167 2057 2300 2128 μοὺς
2346 2056 2575 2128 ἐχόντων
2628 2053 2749 2128 ὁρᾷ,
2800 2054 2896 2108 καὶ
2934 2053 3121 2107 τοῦτον
3149 2052 3297 2106 ίδεῖν.
3341 2049 3409 2103 '0
3461 2065 3549 2118 μοι
3593 2047 3753 2099 δοκεῖ

2164 2149 2513 2220 προφητικῶς
2533 2147 2771 2219 κινηθεὶς
2799 2148 2827 2200 6
2855 2144 3056 2216 ὑψηλὸς
3094 2143 3347 2211 Ἰωάννης
3368 2181 3382 2202 ,
3426 2139 3503 2202 ὡς
3537 2139 3605 2191 ἂν
3648 2139 3754 2207 έμ-

2164 2241 2401 2314 φραγείη
2434 2241 2502 2294 τὰ
2540 2240 2783 2311 στόματα
2816 2237 2922 2291 τῶν
2961 2231 3466 2308 χριστομαχούντων
3508 2227 3599 2282 διὰ
3647 2228 3754 2291 τὰς

2167 2331 2478 2404 προσθήκας
2511 2331 2713 2392 ταύτας
2751 2327 3080 2383 ἀθετούντων
3113 2323 3206 2377 τοῦ
3255 2320 3490 2393 Χριστοῦ
3534 2318 3596 2372 τὺ
3643 2337 3752 2372 κυ-

2171 2425 2296 2498 ρίως
2341 2420 2512 2485 εἶναι,
2547 2421 2731 2484 ἁπλῶς
2763 2421 2855 2473 καὶ
2900 2417 3217 2488 ἀδιορίστως
3254 2415 3445 2474 εἰπεῖν,
3486 2412 3568 2463 ὅτι
3610 2409 3755 2474 Θεὸς

2167 2513 2232 2590 ἦν
2258 2520 2286 2570 6
2309 2518 2498 2584 Λόγος,
2532 2515 2626 2569 καὶ
2652 2513 2762 2584 ζωὴ
2782 2508 2870 2583 ἦν,
2895 2509 2989 2564 καὶ
3013 2508 3126 2578 φῶς
3147 2503 3236 2579 ἦν,
3269 2506 3329 2559 οὑ
3359 2506 3460 2576 μὴν
3489 2503 3545 2556 έν
3568 2502 3754 2573 ἀρχῇ,

2169 2610 2262 2663 καὶ
2293 2609 2427 2679 πρὸς
2456 2608 2547 2661 τὸν
2573 2607 2723 2671 Θεὸν,
2771 2601 2867 2658 καὶ
2899 2606 2956 2657 ὲν
2992 2601 3210 2664 κόλποις
3253 2597 3346 2652 τοῦ
3395 2594 3611 2664 Πατρὸς
3648 2592 3748 2646 ὥν·

2169 2699 2305 2752 ὥστε
2339 2696 2426 2750 διὰ
2458 2696 2556 2766 τῆς
2586 2694 2835 2766 τοιαύτης
2861 2694 3095 2764 σχέσεως
3124 2686 3461 2758 ἀναιρεῖσθαι
3493 2681 3589 2736 τοῦ
3634 2685 3752 2735 Ku-

2173 2789 2287 2859 ρίου
2327 2788 2387 2842 τὸ
2424 2785 2626 2860 κυρίως
2669 2782 2828 2839 εἶναι’
2867 2784 3000 2838 ἀλλὰ
3049 2783 3106 2835 τὸ
3143 2783 3313 2834 εἰπεῖν
3359 2779 3438 2831 ὅτι
3482 2777 3617 2843 Θςδς
3659 2770 3748 2845 ἦν,

2169 2881 2232 2951 τῇ
2268 2877 2478 2951 ἀσχέτῳ
2517 2873 2686 2949 ταύτῃ
2731 2877 2824 2930 καὶ
2863 2875 3114 2945 ἀπολύτῳ
3151 2873 3337 2942 φωνῇ,
3370 2871 3552 2922 πᾶσαν
3597 2884 3756 2936 περι-

2170 2967 2373 3040 δρομὴν
2408 2968 2514 3022 τῶν
2553 2965 2632 3028 εἰς
2665 2966 2918 3020 ἀσέϐειαν
2961 2964 3262 3034 τρεχόντων
3310 2963 3424 3024 τοῖς
3470 2958 3755 3027 λογισμοῖς

499 3072 690 3135 Deum,
719 3047 773 3126 et
808 3070 859 3124 in
905 3063 1118 3124 sinibus
1146 3065 1324 3121 Patris
1357 3082 1369 3118 :
1407 3063 1480 3118 ita
1511 3069 1570 3116 ut
1598 3077 1695 3138 per
1725 3060 1887 3114 talem
1923 3057 2068 3113 rela-

2171 3058 2552 3128 ὑποτέμνεται.
2581 3056 2688 3108 Καί
2717 3055 2794 3107 ἔτι
2826 3054 2960 3125 πρὸς
2985 3051 3232 3115 τούτοιςὸ
3263 3048 3580 3120 καὶμᾶλλον
3603 3047 3749 3112 ἐλέγ-

499 3163 701 3215 tionem
749 3158 966 3230 proprie
1011 3171 1134 3213 esse
1177 3152 1391 3210 Domini
1429 3151 1689 3206 tollatur:
1716 3149 1810 3206 sed
1838 3147 2073 3204 dicendo

501 3251 646 3323 quod
690 3250 835 3306 Deus
869 3257 1007 3316 erat,
1040 3249 1143 3304 hac
1185 3247 1356 3303 libera
1391 3252 1444 3301 et
1485 3244 1661 3300 soluta
1691 3256 1825 3297 voce
1855 3253 2072 3294 omnem

501 3343 787 3398 circuitum
828 3340 894 3395 ad
926 3339 1257 3410 impietatem
1288 3335 1622 3392 currentium
1651 3330 2076 3402 coxitationibus

504 3433 799 3490 intercidit.
835 3430 1104 3487 Praeterea
1133 3429 1277 3500 quod
1317 3427 1482 3483 etiam
1525 3424 1701 3494 magis
1733 3421 2076 3478 adversario-

507 3540 626 3578 rum
657 3523 1048 3593 malignitatem
1095 3517 1294 3574 refellit
1323 3531 1333 3565 :
1367 3515 1412 3568 si
1458 3513 1602 3568 enim
1655 3511 1707 3564 in
1729 3508 1924 3592 aliquo
1957 3522 2078 3563 esse

507 3589 887 3684 argumentum
926 3610 1152 3672 faciunt,
1188 3605 1333 3677 quod
1366 3619 1474 3659 non
1510 3603 1581 3659 sit
1615 3589 1855 3674 proprie,
1900 3615 2078 3670 neque

508 3703 725 3758 Patrem
784 3700 1004 3772 proprie
1065 3713 1189 3754 esse
1239 3695 1463 3751 omnino
1510 3692 1840 3750 conﬁtentur
1887 3690 1981 3760 qui
2022 3689 2079 3744 in

512 3793 801 3864 Evangelio
828 3791 1150 3854 didicerunt,
1181 3785 1324 3858 quod
1350 3784 1808 3857 quemadmodum
1835 3780 2005 3837 Filius
2025 3782 2080 3837 in

512 3883 696 3949 Patre,
738 3883 818 3938 sic
846 3892 898 3938 et
925 3881 1086 3936 Pater
1127 3883 1180 3934 in
1218 3877 1358 3934 Filio
1387 3885 1590 3940 manet,
1627 3874 1928 3935 secundum
1976 3873 2083 3928 Do-

513 3977 647 4030 mini
666 3991 875 4031 vocem.
909 3973 1142 4043 Equale
1169 3979 1252 4028 est
1275 3971 1420 4025 enim
1448 3969 1500 4022 in
1530 3967 1740 4021 sinibus
1760 3964 1941 4020 Patris
1962 3979 2084 4020 esse

444 4085 455 4096 ·
514 4068 733 4131 Filium,
763 4073 815 4121 et
845 4064 896 4120 in
930 4062 1070 4118 Filio
1099 4061 1312 4116 Patrem
1337 4074 1459 4115 esse
1481 4057 1684 4112 dicere.
1707 4055 1895 4112 Obiter
1921 4054 2084 4110 etiam

517 4160 616 4214 hoc
645 4157 1022 4213 examinemus
1053 4152 1337 4220 :Quando,
1395 4157 1453 4218 ut
1499 4147 1773 4218 inquiunt,
1823 4160 1928 4199 non
1970 4151 2087 4199 erat

453 4293 466 4306 .
515 4247 708 4313 Filius,
749 4246 879 4318 quid
907 4245 1220 4300 continebat
1250 4241 1432 4296 Patris
1461 4236 1658 4298 sinus?
1687 4237 1918 4291 Prorsus
1941 4234 2086 4289 enim

517 4342 598 4395 vel
616 4339 834 4411 plenum
857 4338 1066 4394 dabunt
1093 4337 1270 4406 ipsum
1301 4331 1492 4395 fuisse,
1521 4331 1604 4384 vel
1624 4331 1840 4384 inanem
1864 4337 2085 4399 ponent.

2174 3168 2258 3222 χει
2301 3150 2403 3221 τὴν
2449 3146 2558 3202 τῶν
2602 3145 2990 3216 ἀντικειμένων
3023 3144 3310 3198 κακόνοιαν
3335 3152 3349 3167 ·
3383 3141 3429 3193 εί
3462 3138 3573 3208 γὰρ
3606 3137 3668 3189 τὸ
3699 3133 3753 3187 ἓν

2175 3259 2281 3295 τινι
2323 3236 2462 3294 εἶναι
2507 3239 2728 3310 σημεῖον
2771 3237 3050 3290 ποιοῦνται
3082 3233 3174 3288 τοῦ
3214 3233 3286 3305 μὴ
3322 3231 3528 3302 κυρίως
3569 3224 3754 3290 εἶναι,

2175 3331 2295 3385 οὐδὲ
2329 3331 2422 3386 τὸν
2454 3330 2671 3402 Πατέρα
2715 3327 2917 3401 κυρίως
2955 3323 3095 3382 εἶναι
3129 3325 3341 3386 πάντως
3377 3321 3756 3382 συντίθενται,

2181 3421 2559 3494 μεμαθηκότες
2591 3423 2647 3474 ὲν
2677 3419 2755 3492 τῷ
2787 3417 3119 3488 Εὐαγγελίῳ,
3155 3418 3235 3469 ὅτι
3263 3412 3449 3486 ὥσπερ
3477 3414 3505 3464 ό
3539 3409 3673 3474 Υἱὸς
3703 3411 3761 3462 ὲν

2176 3511 2254 3584 τῷ
2284 3511 2477 3584 Πατρὶ,
2503 3511 2644 3564 οὕτω
2670 3511 2762 3563 καὶ
2793 3513 2820 3563 ό
2847 3509 3036 3577 Πατὴρ
3062 3508 3120 3559 ὲν
3148 3505 3226 3576 τῷ
3257 3503 3372 3574 Υίῷ
3405 3499 3578 3573 μένει,
3615 3499 3757 3553 κατὰ

2179 3603 2278 3675 τὴν
2310 3603 2403 3658 τοῦ
2432 3602 2632 3674 Κυρίου
2665 3601 2863 3671 φωνήν.
2895 3596 3044 3653 Ἷσον
3075 3598 3184 3668 γάρ
3209 3597 3321 3648 ἑστι
3351 3591 3427 3662 τῷ
3455 3596 3509 3645 ὲν
3542 3591 3759 3652 κόλποις

2179 3689 2317 3749 εῖναι
2352 3693 2444 3748 τοῦ
2465 3693 2676 3766 Πατρὺς
2698 3692 2788 3744 τὸν
2819 3691 2964 3754 Υῐὸν,
2999 3690 3060 3742 τὸ
3085 3691 3142 3741 έν
3171 3687 3247 3758 τῷ
3273 3684 3388 3755 Υἱῷ
3419 3683 3510 3736 τὸν
3545 3683 3757 3751 Πατέρα

2183 3785 2319 3844 εἶναι
2343 3788 2542 3855 λέγειν.
2597 3785 2685 3838 Ἑν
2713 3783 2928 3855 παρόδῳ
2957 3781 3012 3834 δὲ
3045 3775 3315 3834 καὶτοῦτο
3350 3774 3758 3846 προσεξετάσω-

2188 3847 2442 3952 μεν”οτε
2458 3877 2557 3930 οὐκ
2587 3870 2676 3946 ἦν,
2719 3847 3002 3944 ὥςΙερασιν,
3051 3873 3079 3924 6
3108 3865 3270 3935 Υἱὸς,
3304 3867 3355 3922 τί
3390 3869 3639 3936 περιεῖχε
3671 3847 3781 3915 τοῑι

2186 3969 2395 4042 Πατρός
2419 3970 2446 4022 ὁ
2466 3967 2698 4031 κόλποςς
2720 3965 2942 4027 Πάντως
2965 3962 3072 4034 γὰρ
3098 3962 3131 4033 ἢ
3160 3960 3338 4030 πλήρη
3371 3956 3637 4042 δώσουσιν
3667 3955 3758 4006 αὖ·

2184 4059 2275 4112 τὸν
2315 4054 2470 4120 εἶναι,
2503 4056 2536 4125 ἢ
2569 4049 2724 4108 κενὸν
2753 4053 3132 4124 ὑποθήσονται.
3173 4049 3236 4102 Εἰ
3283 4047 3380 4118 μὲν
3415 4041 3507 4099 οὖν
3551 4043 3760 4113 πλήρης

2185 4144 2252 4220 ἢν
2279 4151 2307 4202 ό
2333 4148 2553 4208 κόλπος,
2589 4145 2617 4196 6
2655 4143 2784 4207 Υίὺς
2829 4141 3045 4204 πάντως
3072 4135 3142 4211 ἦν
3169 4137 3262 4191 τοῦ
3303 4136 3502 4189 κόλπου
3538 4134 3598 4186 τὸ
3625 4133 3758 4200 πλή-

2194 4256 2367 4312 ρωμα.
2411 4239 2472 4290 Εἰ
2499 4235 2554 4288 δέ
2584 4250 2705 4289 τινα
2747 4235 3008 4304 κενότητα
3047 4233 3160 4293 τοῖς
3189 4228 3282 4282 τοῦ
3319 4225 3530 4296 Πατρός
3565 4224 3758 4276 ἒνθεω·

2193 4331 2345 4404 ροῦσι
2379 4327 2616 4390 κόλποις,
2646 4323 2798 4378 οὐδὲν
2833 4322 3018 4392 ἕτερον
3043 4322 3076 4392 ἢ
3109 4321 3171 4373 ὲκ
3198 4318 3594 4390 παραυξὴσεως
3618 4310 3763 4380 αὐτῴ

518 4430 576 4485 Si
631 4429 798 4500 igitur
844 4427 1040 4498 plenus
1084 4405 1201 4480 erat
1257 4422 1446 4480 sinus.
1490 4417 1664 4475 Filius
1711 4419 1938 4473 omnino
1971 4433 2063 4473 era

2194 4405 2673 4494 προσμαρτυροῦσι
2707 4415 2802 4488 τὴν
2840 4412 3154 4485 τελειότητα
3177 4454 3191 4478 ,
3236 4411 3344 4465 ἀπὸ
3381 4408 3476 4461 τοῦ
3515 4405 3675 4460 κενοῦ
3706 4420 3758 4456 τε

519 4522 674 4578 sinus
702 4519 1004 4591 plenitudo.
1033 4514 1188 4582 Quod
1219 4514 1264 4570 si
1298 4514 1533 4583 aliquam
1584 4512 1638 4566 in
1670 4510 1846 4566 Patris
1877 4511 2089 4565 sinibus

513 4623 768 4686 spectant
785 4613 1128 4674 inanitatem,
1150 4607 1284 4663 nihil
1307 4605 1459 4662 aliud
1477 4619 1638 4680 quam
1665 4619 1730 4659 ex
1756 4603 2090 4657 incremento

522 4707 906 4777 perfectionem
941 4705 990 4760 ei
1037 4703 1341 4772 assignant,
1389 4698 1518 4769 quia
1567 4697 1635 4751 ab
1681 4693 1830 4750 inani
1879 4703 1931 4747 et
1958 4692 2092 4747 deti-

523 4798 702 4851 ciente
733 4795 799 4849 ad
841 4795 1056 4864 plenum
1105 4798 1157 4846 et
1207 4790 1504 4862 perlectum
1557 4784 1931 4853 transmigret.
1986 4781 2090 4836 Sed

524 4901 634 4941 non
665 4889 1058 4955 cognoverunt,
1091 4896 1266 4950 neque
1305 4879 1706 4939 intellexerunt,
1739 4875 1813 4927 ait
1837 4871 2003 4925 David
2027 4872 2094 4926 de

523 4979 613 5032 his
648 4975 740 5045 qui
767 4975 825 5029 in
859 4974 1097 5030 tenebris
1135 4967 1448 5032 ambulant;
1503 4969 1596 5037 qui
1637 4965 1780 5020 enim
1816 4980 1955 5019 vera.-
1984 4965 2091 5018 luci

525 5070 726 5125 bellum
758 5065 959 5131 intulit,
986 5066 1042 5118 in
1079 5065 1198 5119 luce
1233 5064 1470 5116 animum
1506 5060 1704 5112 habere
1742 5074 1846 5111 non
1890 5065 2088 5125 poteSI.

527 5162 650 5217 Ideo
681 5157 892 5229 adjacet
923 5170 986 5212 ex
1015 5153 1390 5223 consequenti,
1427 5150 1573 5221 quod
1601 5150 1740 5203 hanc
1767 5138 2096 5216 impietatem

529 5271 638 5310 non
670 5251 1074 5308 intellexerunt.

598 5345 908 5417 Quinetiam
948 5357 978 5396 a
1012 5339 1174 5395 Patre
1202 5337 1324 5392 Filii
1369 5335 1662 5391 essentiam
1713 5331 1940 5402 imperio
1985 5331 2098 5401 regi

533 5443 648 5496 sive
671 5439 850 5494 Patris
878 5433 1123 5491 dominio
1156 5429 1353 5500 subjici
1399 5433 1664 5484 autumat.
1697 5425 1778 5480 sic
1803 5424 1992 5479 dicens
2033 5423 2099 5475 ad

534 5530 796 5583 verbum:
830 5527 951 5582 Non
989 5525 1129 5580 enim
1171 5523 1305 5576 hanc
1344 5519 1445 5574 sibi
1481 5527 1535 5571 ut
1569 5516 1835 5585 propriam
1865 5514 2100 5568 vindicat

539 5617 870 5685 dignitatem,
914 5618 1001 5685 qui
1045 5632 1135 5686 per
1180 5612 1392 5667 Patrem
1421 5619 1496 5665 est
1531 5619 1575 5662 et
1607 5608 1748 5671 civit,
1792 5607 1908 5658 citm
1939 5607 2098 5659 etiam

547 5705 699 5770 huius
739 5706 1061 5759 dominatrix
1107 5706 1330 5760 essentia
1375 5703 1442 5756 ad
1480 5703 1706 5767 scipmm
1744 5697 1917 5752 trahat
1965 5695 2099 5749 eatis

2195 4513 2288 4566 καὶ
2305 4511 2580 4573 λείποντος
2599 4506 2691 4561 ἐπὶ
2705 4509 2765 4564 τὸ
2785 4507 2984 4578 πλῆρες
3008 4503 3400 4576 μεθισταμένου
3423 4502 3517 4553 καὶ
3539 4500 3756 4551 τέλειον.

2207 4602 2344 4656 Ἀλλ’
2371 4602 2468 4654 οὐκ
2501 4600 2740 4670 ἔγνωσαν
2765 4599 2882 4653 οὗδὲ
2911 4597 3168 4668 συνῆκαν,
3204 4593 3365 4666 φησὶν
3394 4597 3421 4646 6
3449 4591 3616 4646 Aa6’t8
3647 4588 3761 4656 περὶ

2197 4691 2303 4745 τῶν
2323 4692 2381 4742 ἒν
2399 4690 2578 4742 σκότει
2594 4687 3083 4758 διαπορευομένων.
3117 4686 3178 4739 '0
3190 4686 3295 4756 γὰρ
3316 4682 3585 4736 έκπεπολε
3595 4677 3762 4751 μωμέ·

2199 4799 2286 4846 νος
2318 4781 2394 4851 τῷ
2416 4780 2651 4851 ἀληθινῷ
2681 4780 2838 4848 φωτὶ,
2857 4781 2914 4832 ὲν
2935 4779 3071 4848 φωτὶ
3097 4779 3193 4849 τὴν
3220 4776 3396 4849 ψυχὴν
3425 4775 3570 4844 ἔχειν
3599 4776 3657 4827 οὐ
3677 4773 3762 4824 δῦ·

2199 4891 2373 4928 ναται·
2403 4873 2488 4925 διὰ
2517 4872 2672 4924 τοῦτο
2718 4871 3108 4942 προσκείμενον
3147 4871 3210 4921 ὲκ
3245 4868 3339 4920 τοῦ
3373 4863 3670 4920 ἀκολούθου
3712 4859 3765 4912 τὸ

2198 4965 2296 5035 τὴν
2333 4963 2586 5016 ἀσέϐειαν
2613 4960 2817 5030 ταύτην
2856 4959 3341 5030 ἐπανορθούμενον,
3375 4955 3568 5026 ὥσπερ
3608 4955 3766 5022 dropa-

2202 5057 2292 5128 σίᾳ
2321 5055 2614 5126 πληγέντες
2639 5052 2778 5107 κατὰ
2804 5052 2929 5113 τοὺς
2953 5049 3245 5119 Σοδομίτας
3279 5048 3338 5098 οὐ
3367 5045 3719 5114 κατενόησαν.

2136 5150 2388 5220 castigat,
2419 5155 2678 5217 tanquam
2707 5143 2949 5200 caecitate
2973 5141 3208 5212 perculsi
3275 5139 3423 5194 velut
3483 5136 3768 5190 Sodomita:

2279 5326 2441 5380 Ἀλλὰ
2466 5325 2558 5378 καὶ
2585 5321 2929 5395 κυριεύεσθαι
2962 5319 3110 5387 λέγει
3142 5317 3294 5387 παρὰ
3316 5316 3410 5370 τοῦ
3441 5317 3655 5388 Πατρδς
3681 5313 3765 5367 τοῦ

2199 5418 2329 5473 Υἱοῦ
2388 5419 2486 5486 τὴν
2534 5415 2742 5480 οὐσίαν,
2777 5412 2920 5466 οὕτω
2949 5412 3120 5479 λέγων
3162 5410 3239 5480 τῷ
3273 5411 3479 5482 ῥήματι
3507 5424 3520 5437 °
3559 5412 3639 5462 Οὐ
3669 5406 3767 5475 γὰρ

2198 5508 2510 5562 οικειοῦται
2539 5505 2766 5570 ταύτην
2791 5502 2904 5569 τὴν
2923 5502 3103 5565 ἀξίαν
3134 5503 3166 5554 ό
3191 5499 3289 5553 διὰ
3306 5501 3413 5554 τὸν
3439 5501 3663 5567 Πατέρα
3689 5495 3768 5546 ὢν

2199 5601 2294 5652 καὶ
2323 5589 2452 5662 ζῶν,
2487 5595 2596 5665 τῆς
2615 5596 2713 5648 καὶ
2738 5595 2950 5648 τούτου
2975 5593 3372 5660 κινριευοὺσης
3394 5593 3606 5656 οὐσίας
3625 5585 3766 5653 πρὸς

2200 5689 2422 5756 ἑαυτὴν
2451 5689 2752 5756 ἑλκούσης
2791 5686 2905 5755 τὴν
2943 5685 3047 5741 τοῦ
3074 5685 3247 5751 ὄντος
3274 5685 3535 5739 ἔννοιαν.
3575 5679 3632 5734 Εἰ
3668 5677 3762 5744 μὲν
