4046 6150
353 289 456 346 ΜΞ

1466 290 1745 349 CONTRA
1787 285 2173 358 EUNOM'IUM,
2215 290 2342 348 [ΑΒ.
2387 285 2450 347 Χ.

3514 293 3617 349 846

353 407 450 464 οὖν
489 427 594 463 τινι
618 408 725 462 τῶν
759 407 861 475 ἔξω
895 409 1074 478 σοφῶν
1102 410 1274 465 ταῦτα
1304 412 1478 474 δοκεῖ.
1512 415 1677 487 μηδὲν
1705 416 1940 487 ἐνοχλεί-

2065 414 2330 470 tationem.
2365 412 2420 467 Si
2449 413 2668 484 quidem
2706 413 2866 468 alicui
2913 420 3264 468 citernorum
3312 406 3619 482 sapientum

356 501 470 554 σθω
509 498 578 567 τά
609 499 940 566 Εὑαγγέλια,
976 501 1110 570 μηδέ
1159 502 1192 572 ἡ
1233 502 1394 574 λοιπὴ
1440 504 1540 574 τῆς
1580 504 1938 558 θεοπνεύστου

355 589 578 662 Γραφῆς
613 589 947 643 διδασκαλία.
978 589 1072 654 Τίς
1103 591 1211 662 γὰρ
1243 593 1492 646 κοινωνία
1523 593 1600 664 τῷ
1631 593 1944 664 Χριστιανῷ

354 681 497 750 λόγῳ
528 679 662 751 πρὸς
684 679 782 750 τὴν
812 679 1186 751 μωρανθεῖσαν
1221 683 1443 751 σοφίαν;
1480 683 1540 737 Εἰ
1573 683 1629 736 δὲ
1660 687 1771 748 τοῖς
1801 701 1932 754 γραο

356 773 534 840 φικοῖς
561 770 930 842 ἐπερείδεται,
962 771 1189 837 δειξάτω
1223 773 1478 844 τοιαύτην
1513 776 1578 828 ἐκ
1617 775 1727 828 τῶν
1775 775 1942 844 ἁγίων

357 861 560 932 φωνὴν,
601 860 696 913 καὶ
739 861 901 930 ἡμεῖς
934 863 1302 933 σιωπήσομεν.
1357 862 1596 927 Βοῶν-τος
1631 865 1816 918 ἀκούω
1847 865 1941 918 τοῦ

356 949 592 1016 Παύλου,
640 952 722 1004 ὅτι
773 947 878 1018 Εἷς
924 954 1138 1023 Κύριος
1197 951 1437 1020 Ἰησοῦς
1484 958 1762 1024 Χριστός.
1803 959 1942 1010 Ἀλλ’

357 1043 578 1116 ἀντιΰοᾷ
617 1043 696 1115 τῷ
740 1044 936 1115 Παύλῳ
975 1045 1238 1116 Εὐνόμιος
1261 1088 1278 1113 ,
1306 1047 1489 1101 δοῦλον
1519 1046 1804 1117 ὀνομάζων
1853 1049 1944 1102 τὸν

358 1135 614 1206 Χριστόν.
659 1133 823 1187 ’Άλλο
849 1135 957 1206 γάρ
985 1153 1035 1187 τι
1065 1135 1308 1200 δουλείας
1353 1139 1516 1208 ἡμεῖς
1559 1138 1659 1190 οὐκ
1692 1138 1947 1206 ἐπιγινὼ-

363 1211 566 1292 σκομεν
593 1221 896 1292 γνώρισμα,
931 1223 1068 1294 πλὴν
1102 1224 1160 1277 τὸ
1195 1225 1502 1296 ὑποχείριον
1533 1221 1670 1280 εἶναι
1710 1228 1806 1281 καὶ
1851 1245 1948 1282 κυ-

366 1312 875 1382 ριεύεσθαι,⁶δοῢλος
906 1316 1122 1381 πάντως
1151 1318 1318 1374 ἐστίν.
1363 1317 1425 1372 'O
1446 1319 1502 1372 δέ
1534 1319 1719 1384 δοῦλος
1745 1323 1810 1392 τῇ
1841 1320 1944 1389 φύ-

365 1421 448 1456 σει
493 1403 696 1474 Κύριος
740 1401 878 1459 εἶναι
921 1408 981 1460 οὐ
1029 1406 1272 1472 δύναται,
1319 1408 1419 1462 κᾶν
1455 1409 1521 1462 ἐκ
1547 1412 1946 1481 καταχρήσεως

361 1495 608 1565 λέγηται.
645 1493 749 1549 Καὶ
782 1497 834 1550 τί
863 1514 956 1568 μοι
1001 1497 1186 1568 φέρειν
1230 1501 1310 1562 είς
1359 1501 1666 1574 μαρτυρίαν
1710 1502 1806 1573 τὴν
1851 1501 1945 1554 τοῦ

362 1587 568 1658 Κυρίου
603 1587 896 1661 κυριότητα
929 1591 1008 1654 εις
1044 1589 1142 1654 τὰς
1170 1591 1264 1644 τοῦ
1305 1590 1520 1646 Παύλου
1567 1594 1790 1662 φωνάς;
1849 1595 1947 1668 At):

363 1680 455 1742 τὸς
501 1679 611 1750 γὰρ
663 1683 692 1734 ό
735 1680 948 1735 Παύλου
999 1683 1276 1753 Δεσπότης
1335 1687 1479 1755 πρὸς,
1521 1687 1646 1750 τοὺς
1700 1686 1949 1757 μαθητάς

2043 509 2158 562 haec
2183 507 2510 578 probamur,
2545 505 2684 560 nihil
2710 503 3145 559 interturbentur
3175 502 3490 574 Evangelia,
3529 519 3621 560 ne-

2042 613 2155 663 que
2181 598 2392 668 reliqua
2418 596 2684 652 divinitus
2706 595 2986 664 inspirata:
3019 592 3319 664 Scriptura:
3346 593 3620 648 doctrina.

2042 688 2173 756 Quae
2215 691 2359 744 enim
2395 688 2820 743 communicatio
2866 685 3305 742 Christianorum
3362 685 3600 740 sermoni

2044 796 2170 836 cum
2203 781 2368 836 stulta
2405 790 2460 834 et
2489 780 2633 834 fatua
2665 776 2964 848 sapientia?
2995 776 3150 843 Quod
3187 777 3232 832 si
3283 776 3504 846 scriptis
3534 777 3622 830 in-

2045 875 2258 939 nititur,
2287 872 2539 929 ostendat
2565 871 2726 926 talem
2751 887 2820 926 ex
2849 871 3056 926 sanctis
3086 869 3390 940 Scripturis
3409 884 3622 933 vocem,

2044 976 2098 1021 ot
2125 981 2226 1022 nos
2250 963 2576 1020 tacebimus.
2605 963 2942 1018 Clamantem
2970 961 3134 1016 audio
3161 960 3420 1026 Paulum,
3476 959 3620 1029 quod

2059 1054 2475 1114 UnusDom'nus
2502 1053 2660 1110 Iesus
2691 1052 2954 1109 Christus.
3001 1052 3105 1108 Sed
3145 1052 3316 1108 Paulo
3361 1051 3624 1106 reclamat

2045 1155 2100 1202 et
2131 1148 2454 1205 adversatur
2499 1146 2821 1208 Eunomins,
2869 1145 3151 1200 Christum
3195 1159 3416 1200 servum
3448 1143 3625 1197 nomi-

2049 1255 2208 1296 nans.
2239 1237 2371 1293 Non,
2409 1238 2557 1294 enim
2597 1237 2746 1292 aliud
2795 1251 2900 1292 nos
2956 1236 3240 1292 servitutis
3275 1235 3537 1290 indicium
3571 1242 3628 1288 et

2047 1341 2258 1386 certum
2307 1330 2523 1402 signum
2557 1329 2929 1400 agnoscimus,
2977 1343 3141 1397 quam
3189 1327 3466 1382 subditum
3504 1341 3628 1381 esse

2048 1425 2102 1469 (ιι
2131 1416 2420 1486 imperium
2447 1416 2594 1487 pati;
2640 1415 2734 1486 qui
2783 1417 2909 1470 talis
2950 1424 3054 1479 est,
3109 1423 3258 1470 certe
3285 1429 3477 1471 servus
3521 1423 3629 1470 est.

2052 1506 2258 1562 Servus
2299 1516 2480 1563 autem
2541 1515 2736 1561 natura
2779 1505 3042 1561 Dominus
3094 1521 3217 1562 esse
3266 1521 3374 1561 non
3425 1513 3628 1575 potest,

2049 1600 2304 1668 quamvis
2343 1599 2611 1654 abusione
2652 1597 2888 1653 dicatur.
2923 1596 3064 1663 Quid
3103 1597 3235 1651 mihi
3290 1611 3517 1653 necesse
3547 1607 3632 1652 est

2050 1687 2207 1744 Pauli
2233 1705 2394 1745 voces
2423 1689 2492 1744 ad
2522 1688 3006 1746 demonstrandam
3047 1688 3262 1742 Domini
3295 1688 3631 1743 dominatio-

364 1787 526 1840 φησιν
556 1769 768 1841 ἀληθῶς
808 1767 945 1825 εἶναι
979 1772 1182 1844 Κύριος
1206 1815 1220 1838 ,
1251 1776 1646 1846 ἀποδεχόμενος
1677 1777 1774 1848 τὴν
1820 1778 1948 1848 ὀμο-

2065 1794 2176 1833 iem
2208 1779 2264 1834 in
2300 1779 2676 1834 testimonium
2719 1776 2954 1832 all‘erre?
2985 1775 3106 1846 Ipse
3146 1777 3292 1831 enim
3343 1775 3496 1830 Pauli
3527 1774 3633 1830 Do-

363 1859 547 1927 λογίαν
566 1860 674 1913 τῶν
696 1861 1016 1916 διδάσκαλον
1030 1863 1190 1915 αὐτὸν
1210 1864 1304 1916 καὶ
1329 1864 1530 1935 Κύριον
1550 1865 1945 1936 ὀνομαζόντων,

365 1951 510 2018 λέγει
537 1951 668 2023 γὰρ,
701 1953 782 2006 ὅτι
833 1953 1030 2022 Ὑμεῖς
1077 1954 1313 2010 καλεῖτέ
1363 1973 1434 2026 με
1473 1949 1692 2025 Κύριον
1722 1958 1819 2011 καὶ
1865 1946 1950 2011 δι-

366 2043 698 2106 δάσκαλον,
729 2045 826 2098 καὶ
863 2043 1060 2112 καλῶς
1079 2046 1304 2115 λέγετε·
1331 2046 1449 2117 ειμι
1476 2047 1608 2118 γάρ’
1649 2047 1710 2101 τὸ
1739 2048 1792 2102 δὲ
1818 2048 1951 2102 αὐτὸ

366 2133 522 2186 τοῦτο
560 2134 655 2186 καὶ
683 2133 773 2186 τόν
801 2135 1017 2207 Πατέρα
1055 2136 1186 2206 παρ’
1215 2136 1392 2190 αὐτῶν
1425 2136 1782 2208 ἐνομοθέτησε
1808 2138 1953 2204 λέγε-

369 2226 491 2279 σθαι
507 2225 796 2295 είπών⁶Μὴ
816 2226 1112 2296 καλέσητε
1124 2229 1472 2298 καθηγητὴν
1487 2229 1582 2282 ἐπὶ
1598 2228 1847 2299 τῆςγῆς·
1864 2225 1952 2295 εἷς

368 2317 478 2388 Δγὰρ
494 2315 660 2387 ὑμῶν
680 2319 1044 2389 καθηγητὴς,
1070 2322 1101 2374 ὁ
1124 2322 1325 2391 Πατὴρ
1351 2324 1382 2374 ὀ
1409 2322 1478 2376 ἐν
1504 2321 1623 2386 τοῖς
1652 2323 1949 2397 οὐρανοῖς.

370 2409 487 2463 Τίνι
532 2411 709 2466 τοίνυν
740 2413 1068 2482 προσεκτέον
1097 2416 1230 2483 ἡμῖν
1266 2415 1324 2467 ἐν
1371 2413 1522 2485 μέσῳ
1559 2414 1763 2470 τούτων
1794 2417 1954 2470 ἀπει-

370 2503 687 2574 λημμένοις;
722 2502 958 2558 Ἐκεῖθεν
980 2505 1139 2570 αὑτός
1163 2522 1220 2558 τε
1240 2507 1268 2558 ὁ
1290 2505 1511 2575 Κύριος,
1535 2508 1628 2561 καὶ
1648 2509 1675 2559 ὁ
1690 2507 1954 2561 λαλοῦντα
2002 2516 2007 2523 “

372 2594 508 2662 ἔχων
547 2595 604 2647 ἐν
644 2593 820 2665 ἐαυτῷ
864 2595 955 2648 τὸν
1001 2596 1256 2666 Χριστὸν,
1304 2597 1364 2650 τὸ
1416 2599 1490 2669 μὴ
1535 2599 1730 2670 χρῆναι
1771 2599 1954 2654 δοῦλον

373 2683 532 2738 αὑτὸν
563 2687 761 2739 ἐννοεῖν
796 2687 1144 2755 ἐγκελεύεται
1166 2729 1181 2751 ,
1228 2689 1341 2742 ἀλλ’
1376 2689 1518 2744 οὕτω
1559 2692 1727 2764 τιμᾷν
1771 2691 1953 2756 αὐτὸν,

377 2776 557 2840 καθὼς
580 2781 802 2847 τιμᾶται
829 2780 856 2831 ὁ
878 2780 1084 2851 Πατήρ.
1124 2779 1402 2833 Ἐντεῦθεν
1429 2782 1691 2851 Εὑνόμιος
1717 2783 1956 2846 δουλείας

379 2868 572 2936 ἐπάγει
604 2869 678 2938 τῷ
699 2869 880 2942 Κυρίῳ
909 2871 1142 2942 γραφὴν,
1176 2873 1524 2943 κυριεύεσθαι
1562 2873 1732 2942 λέγων
1757 2875 1842 2928 τὸν
1862 2876 1955 2929 τοῦ

383 2961 580 3023 παντὸς
617 2961 915 3032 ἐξημμένον
954 2964 1015 3025 τὸ
1043 2963 1265 3034 κράτος.
1300 2961 1448 3035 Ἀρα
1497 2964 1795 3035 ἀμφίϐολος
1828 2967 1957 3037 ἡμῖν

382 3054 474 3105 τοῦ
499 3055 764 3124 πρακτέου
791 3057 826 3126 ἡ
856 3056 1104 3127 αἴρεσις;
1138 3056 1210 3108 Ἢ
1245 3059 1374 3127 παρ’
1414 3056 1592 3124 ὀλίγον
1616 3057 1764 3111 ἐστὶν
1790 3059 1823 3126 ἠ
1865 3057 1956 3110 τοῦ

380 3145 812 3217 λυσιτελεστέρου
863 3146 1170 3218 διάκρισις;
1245 3147 1526 3218 Ἀτιμάσω
1593 3147 1806 3201 Παύλου
1863 3147 1961 3218 τὴν

381 3237 713 3309 συμϐουλὴν,
735 3232 779 3291 ὦ
803 3239 1064 3310 Εὐνόμιες
1090 3237 1182 3310 Μὴ
1209 3238 1533 3309 πιστοτέραν
1553 3239 1835 3311 ἡγήσομαι
1864 3239 1961 3308 τῆς

382 3330 480 3402 σῇς
513 3330 726 3400 ἀπάτης
762 3329 858 3399 τὴν
891 3330 989 3400 τῆς
1030 3330 1290 3401 ἀληθείας
1338 3331 1560 3402 φωνήνς
1621 3330 1783 3384 Ἀλλ’
1809 3330 1961 3398 εἰμὴ

381 3417 572 3492 ἦλθον
594 3422 690 3475 καὶ
719 3421 1024 3487 ἐλάλησα,
1059 3420 1242 3491 φησὶν,
1270 3420 1494 3486 αὐτοῖς,
1529 3421 1823 3490 ἁμαρτίαν
1854 3424 1965 3476 οὐκ

386 3502 572 3582 εἶχόν.
619 3512 776 3566 Ἑπεὶ
795 3509 889 3566 οὖν
917 3511 1077 3575 αὐτὸς
1115 3511 1376 3583 ἐλάλησεν
1409 3512 1590 3574 αὐτοῖς
1623 3512 1836 3584 ἀληθῶς
1873 3513 1964 3586 λέ-

385 3621 496 3672 γων
534 3604 725 3659 ἑαυτὸν
764 3600 902 3660 εἶναι
944 3605 1166 3674 Κύριον,
1194 3605 1316 3674 οὐχὶ
1343 3603 1551 3673 ψευδῶς
1583 3604 1966 3675 ὀνομάζεσθαισ

391 3697 678 3768 Εἰμῖγὰρ,
725 3697 909 3767 φησιν,
955 3697 1075 3768 οὐχὶ
1114 3696 1519 3768 ὀνομάζομαι...
1562 3695 1615 3748 τί
1661 3696 1959 3764 ἀναγκαῖον

391 3792 581 3850 ποιεῖν,
617 3783 661 3857 ᾧ
708 3788 1112 3860 ἀναπόδραστός
1155 3790 1302 3842 ἐστιν
1345 3789 1410 3841 ἐκ
1448 3786 1540 3840 τοῦ
1581 3787 1892 3858 προγνῶναι
1935 3789 1974 3857 ἡ

389 3881 626 3953 τιμωρία
653 3898 668 3946 ;

491 4060 629 4115 Ἀλλ’
685 4064 816 4123 ἴσως
875 4057 1035 4111 πάλιν
1052 4058 1181 4128 ἡμῖν
1199 4056 1332 4127 πρὸς
1347 4054 1520 4110 ταῦτα
1533 4055 1631 4126 τὴν
1654 4055 1860 4126 συνήθη
1885 4071 1972 4108 σο-

397 4149 522 4216 φίαν
553 4148 1036 4220 ἀντιπροόάλλεται
1055 4189 1070 4214 ,
1119 4148 1213 4202 καὶ
1259 4147 1400 4212 λέξει
1428 4147 1518 4200 τὸν
1543 4147 1703 4199 αὐτὸν
1733 4146 1825 4199 καὶ
1856 4147 1972 4200 δου-

399 4239 569 4292 λεύειν
596 4241 687 4292 καὶ
719 4239 922 4313 Κύριον
947 4235 1106 4304 εἶναι,
1135 4237 1240 4291 ὑπὸ
1277 4237 1378 4308 μὲν
1399 4233 1491 4289 τοῦ
1521 4234 1850 4307 κρατοῦντος
1880 4252 1974 4290 κυ-

405 4331 730 4402 ριευόμενον,
753 4329 860 4383 τῶν
887 4330 942 4382 δέ
974 4329 1174 4382 λοιπῶν
1197 4328 1535 4400 κυριεύοντα.
1568 4329 1801 4395 Λέγεται
1833 4326 1889 4379 δὲ
1908 4326 1975 4380 τὰ

404 4422 538 4490 σοφὰ
577 4423 749 4476 ταῦτα
794 4421 933 4475 κατὰ
967 4421 1064 4483 τὰς
1109 4421 1347 4489 τριόδους
1385 4419 1535 4491 παρὰ
1573 4420 1679 4472 τῶν
1731 4417 1974 4490 ἐραστῶν

2051 1873 2234 1928 minus
2267 1871 2333 1925 ad
2363 1870 2667 1940 discipulos
2699 1869 2774 1923 ait
2795 1884 2858 1924 se
2883 1883 3011 1924 vere
3047 1867 3334 1922 Dominum
3363 1881 3512 1931 esse,
3539 1876 3635 1937 apo

2053 1965 2293 2036 probans
2321 1963 2517 2018 borum
2546 1961 2948 2020 confessionem
2974 1962 3066 2030 qui
3101 1962 3279 2030 ipsum
3312 1960 3631 2031 magistrum

2052 2066 2104 2109 et
2138 2053 2424 2108 Dominum
2467 2052 2848 2118 nominabant;
2879 2051 3010 2106 dicit
3056 2053 3200 2105 enim
3237 2069 3250 2106 :
3308 2049 3408 2104 Vos
3438 2053 3637 2104 vocatis

2054 2160 2135 2198 me
2170 2143 2453 2198 Dominum
2485 2150 2535 2195 et
2571 2143 2910 2212 magistrum,
2947 2150 2997 2195 et
3025 2141 3151 2197 bene
3185 2143 3392 2212 quidem
3419 2141 3635 2195 dicitis:

2053 2249 2173 2288 sum
2221 2233 2450 2288 enim".
2483 2230 2598 2286 Hoc
2649 2233 2788 2286 idem
2836 2241 2892 2286 et
2920 2231 3140 2286 Patrem
3179 2233 3250 2288 ab
3298 2232 3434 2303 ipsis
3467 2231 3636 2301 jussit

2055 2325 2348 2395 appellari,.
2364 2339 2492 2380 cum
2515 2324 2689 2378 dixit:
2715 2324 2894 2394 Neque
2917 2325 3224 2378 vocareritis
3252 2325 3560 2394 magistrum
3580 2324 3635 2376 iu

2057 2427 2232 2479 terra;
2276 2431 2413 2472 ινιυε
2451 2416 2588 2471 enim
2627 2416 2880 2486 magister
2918 2425 3100 2480 uester,
3143 2414 3307 2469 Pater
3333 2431 3420 2485 qui
3451 2417 3508 2468 in
3533 2430 3637 2468 caa-

2057 2507 2123 2562 lis
2147 2507 2212 2562 η.
2244 2504 2476 2568 Cuinam
2519 2507 2694 2577 igitur
2721 2507 2879 2562 nobis
2928 2508 2982 2561 in
3023 2507 3202 2561 medio
3232 2506 3425 2562 horum
3467 2507 3637 2562 inter—

2057 2600 2230 2668 ceptis
2257 2598 2641 2654 adltaarendum
2671 2609 2756 2653 est
2779 2597 2976 2653 illliuc
3008 2598 3124 2669 ipse
3155 2598 3441 2664 Dominus,
3463 2606 3518 2652 et
3540 2599 3636 2668 qui

2060 2691 2114 2748 in
2145 2691 2326 2758 seipso
2355 2693 2518 2747 habet
2547 2693 2858 2762 loquentem
2887 2690 3190 2756 Christum,
3238 2706 3345 2745 non
3387 2699 3644 2760 Oportero

2060 2783 2238 2852 ipsum
2276 2798 2496 2840 servum
2526 2785 2710 2840 animo
2751 2783 3040 2854 concipere
3069 2784 3356 2855 .praacipit,
3413 2785 3508 2838 sed
3560 2785 3642 2838 sic

2062 2874 2240 2942 ipsum
2275 2874 2460 2929 colere
2507 2875 2652 2930 sicut
2680 2874 2881 2929 colitur
2906 2872 3087 2927 Pater.
3124 2874 3296 2927 Istinc
3341 2870 3652 2925 Eunomius.

2061 2961 2291 3018 Domino
2325 2963 2608 3019 servitutis
2641 2964 2915 3018 actionem
2962 2961 3216 3028 intendit,
3265 2962 3396 3016 dum
3445 2961 3644 3016 asserit

2065 3070 2188 3112 cum
2227 3055 2319 3124 qui
2366 3056 2603 3111 universi
2637 3055 2926 3125 imperium
2970 3053 3202 3126 adeptus
3243 3061 3350 3116 est,
3394 3051 3643 3106 domina-

2071 3148 2202 3206 tioni
2230 3148 2451 3218 subjici.
2481 3149 2564 3202 An
2595 3148 2851 3217 ambigua
2876 3146 3039 3203 nobis
3058 3147 3178 3216 ejus
3201 3145 3348 3216 quod
3375 3145 3644 3216 agendum

2063 3248 2148 3294 est
2175 3239 2408 3296 electio?
2448 3255 2517 3293 an
2548 3254 2740 3310 parum
2792 3239 3022 3294 interest
3073 3237 3310 3293 utilioris
3339 3237 3644 3292 discretio?

2065 3331 2368 3387 Consilium
2410 3329 2590 3396 Pauli,
2625 3347 2658 3384 ο
2689 3329 2944 3396 Eunomi,
2975 3327 3360 3385 contemnam?
3386 3326 3644 3382 Veritatis

2067 3437 2256 3482 vocem
2304 3430 2402 3478 tuo
2453 3437 2642 3478 errore
2685 3421 3087 3477 credibiliorem
3143 3418 3649 3474 non‘arhitrabor?

2071 3513 2197 3570 Nisi
2225 3519 2503 3578 uenissem,
2537 3514 2633 3577 ait,
2663 3523 2714 3568 et
2742 3529 2831 3567 eos
2855 3511 3120 3566 allocutus
3148 3527 3337 3576 essem,
3379 3520 3645 3580 peccatum

2070 3623 2174 3663 non
2233 3606 2566 3662 haberent".
2602 3604 2872 3672 Quoniam
2922 3604 3090 3674 igitur
3135 3603 3255 3674 ipse
3299 3604 3521 3660 locutus
3565 3613 3651 3658 cst

2071 3698 2227 3768 ipsis.
2255 3712 2382 3753 vero
2403 3697 2593 3752 dicens
2624 3696 2871 3766 scipsum
2893 3709 3018 3751 esse
3037 3692 3348 3759 Dominum,
3385 3708 3498 3748 non
3514 3691 3656 3749 falso

2072 3788 2343 3844 nominari
2371 3786 2538 3842 :Sum
2560 3787 2728 3850 enim,
2754 3786 2956 3856 inquit,
3035 3801 3143 3842 non
3194 3787 3450 3843 nominor
3471 3824 3491 3853 ,
3519 3784 3651 3854 quid

2072 3894 2302 3934 necesse
2331 3888 2417 3934 est
2451 3878 2656 3942 facere,
2696 3877 2786 3931 cui
2811 3892 2878 3932 ex
2900 3891 2971 3932 eo
2992 3876 3140 3947 quod
3184 3877 3450 3948 νηριτονῆ
3478 3877 3653 3930 inevi-

2067 3971 2240 4043 tabile
2263 3978 2347 4025 est
2376 3969 2705 4040 supplicium
2723 3968 2750 4021 ‘l
3561 3967 3568 3975 '

2147 4059 2254 4116 Sed
2291 4059 2527 4115 fortasse
2555 4059 2624 4114 ad
2654 4058 2770 4113 haec
2797 4072 2992 4115 rursus
3026 4057 3287 4114 usitatam
3324 4056 3674 4128 sapientiam-

2074 4152 2236 4207 nobis
2263 4150 2619 4206 refractarius
2646 4157 2908 4220 opponet,
2926 4157 2982 4204 et
3005 4149 3154 4204 dicet
3175 4149 3426 4203 eumdem
3456 4157 3511 4201 et
3539 4161 3657 4202 ser-

2076 4239 2192 4295 vire
2226 4245 2282 4295 et
2315 4239 2605 4293 Dominum
2630 4252 2755 4293 esse
2780 4255 2796 4304 ;
2821 4238 3143 4307 {impotenti
3178 4237 3397 4306 quidem
3443 4236 3656 4304 subjec-

2077 4338 2216 4393 tum,
2247 4328 2477 4398 reliquis
2516 4342 2649 4383 vero
2675 4327 3068 4381 dominantem.
3102 4322 3228 4379 Haec
3273 4333 3451 4378 autem
3499 4323 3663 4377 docte

2079 4419 2343 4474 dicuntur
2381 4419 2434 4473 in
2465 4415 2643 4472 triviis
2680 4418 2750 4470 ab
2788 4413 3130 4470 amatoribus
3172 4413 3382 4468 erroris
3415 4413 3656 4467 circum-

399 4515 496 4584 τῆς
533 4516 747 4585 ἀπάτης
790 4513 1225 4584 περιφερόμενα,
1268 4512 1338 4583 οἳ·
1362 4512 1448 4566 διὰ
1479 4511 1587 4564 τῶν
1618 4510 1960 4581 ἀνθρωπίνωι

2081 4511 2236 4576 ferri,
2276 4510 2372 4580 qui
2399 4525 2495 4581 per
2529 4510 2802 4565 humanas
2826 4506 3274 4563 circumstantias
3303 4520 3476 4559 vanas
3527 4518 3657 4560 suas

403 4605 779 4675 περιστάσεων
800 4603 896 4666 τὰς
933 4602 1164 4674 ματαίας
1192 4601 1399 4654 ἑαυτῶν
1439 4601 1734 4672 ὑπολήψεις
1768 4602 1896 4672 περὶ⁸
1916 4600 1976 4652 τὸ

403 4696 555 4749 Θεῖον
582 4693 958 4765 κρατύνουσιν.
1037 4691 1252 4762 Ἐπειδὴ
1291 4691 1400 4762 γὰρ
1454 4692 1509 4746 αί
1547 4692 1688 4745 κατὰ
1729 4691 1817 4744 τὸν
1865 4690 1977 4760 βίον

402 4783 586 4837 τοῦτον
613 4785 912 4855 συντυχίαι,
951 4783 1058 4836 τῶν
1087 4782 1344 4836 τοιούτων
1373 4784 1505 4853 ἡμῖν
1539 4782 1878 4852 πραγμάτων
1910 4782 1978 4834 τὰ

406 4874 773 4943 ὑποδείγματα
807 4875 1090 4945 φέρουσιν,
1116 4867 1224 4926 οἷον
1252 4871 1336 4924 ἐπ’
1360 4873 1534 4935 οἰκίας
1565 4869 1708 4925 ἐστιν
1736 4871 1981 4943 εὐπορω-

406 4967 568 5038 τέροις
601 4950 742 5026 ἰδεῖν,
791 4967 881 5018 τὸν
931 4964 1362 5036 δραστικώτερόν
1404 4982 1462 5018 τε
1493 4965 1587 5021 καὶ
1627 4962 1979 5033 εὐνούστερον

405 5060 514 5112 τῶν
557 5059 860 5129 ὁμοδούλων
908 5057 1345 5128 προτεταγμένον
1390 5057 1497 5111 τῶν
1546 5056 1982 5126 προσταγμάτων

407 5149 499 5203 τοῦ
529 5150 806 5213 δεσπότου,
838 5149 934 5220 τὴν
975 5150 1116 5202 κατὰ
1150 5147 1258 5201 τῶν
1289 5148 1563 5218 ὁμοτίμων
1585 5147 1858 5218 ὑπεροχὴν
1887 5147 1982 5202 λα-

411 5243 592 5312 χόντα,
633 5242 836 5312 ταύτην
885 5242 1210 5311 μετάγουσιν
1247 5241 1338 5292 ἐπὶ
1365 5238 1433 5292 τὰ
1471 5239 1587 5292 θεῖα
1617 5239 1860 5308 δόγματα
1887 5239 1984 5309 τὴν

410 5333 646 5386 διάνοιαν
669 5347 683 5361 ⁸
714 5331 853 5384 ὥστε
895 5332 984 5385 τὸν
1022 5330 1284 5402 μονογενῆ
1318 5330 1448 5384 Θεὸν
1477 5327 1880 5400 ύπεζευγμένον
1915 5331 1984 5401 τῇ

411 5423 696 5496 δυναστείᾳ
732 5423 823 5478 τοῦ
874 5423 1254 5495 ὑπερέχοντος,
1302 5421 1466 5493 μηδὲν
1508 5418 1891 5492 ἐμποδίζεσθαι
1917 5424 1982 5492 τῇ

488 5622 527 5653 ⁸⁸
569 5629 726 5686 loan.
771 5646 896 5692 ιιιι,
928 5629 1009 5683 13.
1095 5629 1138 5658 ¹δ
1175 5627 1360 5686 Matth.
1394 5641 1550 5691 τιιῑι,
1579 5626 1630 5683 9.

2081 4603 2149 4656 de
2183 4601 2291 4658 Deo
2314 4602 2606 4672 opiniones
2629 4599 2977 4655 conﬁrmant.
3017 4598 3478 4668 Quandoquidem
3509 4595 3654 4652 enim

2081 4695 2172 4764 qui
2207 4697 2260 4756 in
2301 4699 2402 4748 hac
2431 4694 2540 4748 vita
2573 4693 2898 4762 contingunt
2929 4705 3094 4748 casus
3120 4690 3310 4744 talium
3345 4703 3525 4744 rerum
3560 4701 3657 4742 no-

2084 4787 2169 4840 bis
2213 4786 2462 4856 exempla
2493 4783 2750 4848 alterunt,
2792 4782 3104 4853 cuiusmodi
3132 4782 3185 4836 in
3226 4780 3430 4835 familia
3471 4781 3660 4850 copio-

2085 4879 2233 4934 siore
2257 4879 2382 4933 licet
2405 4877 2609 4944 videre,
2634 4893 2702 4932 ex
2729 4877 3011 4931 conservis
3043 4874 3112 4929 ad
3152 4872 3421 4944 agendum
3469 4887 3655 4942 prom-

2088 4967 2317 5034 ptiorem
2332 4966 2614 5038 magisque
2631 4967 2978 5030 benevolum,
2992 4965 3157 5020 rebus
3179 4965 3264 5021 sui
3298 4963 3504 5017 domini
3527 4977 3654 5031 prm-

2089 5058 2316 5123 l'ectum,
2345 5066 2538 5113 contra
2561 5059 2804 5129 aequales
2833 5056 3061 5128 gradum
3090 5056 3339 5112 altiorem
3368 5053 3618 5107 sortitum
3643 5066 3658 5113 ;

2090 5149 2236 5204 hunc
2266 5149 2335 5204 ad
2373 5149 2559 5206 divina
2582 5150 2835 5221 dogmata
2853 5155 3175 5220 conceptum
3198 5144 3557 5202 transferunt,
3587 5138 3662 5192 ita

2090 5249 2150 5296 ut
2173 5241 2514 5312 unigenitum
2546 5241 2715 5299 Deum
2745 5243 3006 5312 potestati
3045 5231 3510 5311 superemineutis
3534 5229 3659 5284 sub-

2087 5332 2334 5404 iugatum
2369 5333 2500 5390 nihil
2541 5341 2612 5388 Sil.
2642 5333 2790 5404 quod
2838 5332 3116 5402 impediat,
3160 5329 3294 5397 quin
3323 5318 3661 5378 dominantis

2093 5425 2422 5486 auctoritate
2468 5424 2792 5482 interiorum
2836 5421 3218 5494 praefecturam
3243 5412 3510 5471 obtineat.
3550 5411 3658 5467 Sed

1714 5626 1753 5655 ’τ
1784 5623 1938 5678 Joau.
1969 5637 2056 5687 xv,
2087 5621 2174 5677 22.
