4046 6150
400 299 503 356 ειη

1613 298 1667 353 S.
1705 297 2033 354 GREGURII
2077 294 2367 354 RYSSENI

3558 285 3659 342 ω

401 440 502 479 nos
532 424 622 477 lnli
646 422 924 490 sapientiw
948 436 1075 474 cum
1110 421 1411 477 lecl'lllltts
1440 423 1639 485 valere,
1657 438 1757 493 pro
1784 429 1974 477 nostra

2098 419 2171 474 τοῦ
2197 419 2608 482 δυναστεύοντος
2634 417 2845 488 ἐξουσίᾳ
2871 417 3004 487 πρὸς
3038 415 3135 485 τὴν
3166 413 3274 467 τῶν
3304 409 3665 465 καταδεεστέ-

400 514 773 583 intelligentiae
845 510 1223 566 mediocritate
1290 511 1359 567 de
1416 513 1517 567 bac
1558 530 1617 569 re
1667 527 1975 569 sermonem

399 605 838 661 consideremus.
901 604 983 657 An
1023 602 1236 658 Patrem
1278 614 1475 658 natura
1514 604 1805 658 Dominum
1840 618 1977 658 con-

400 697 643 759 ﬁtentur,
682 711 750 749 an
786 694 1324 771 alicujussuﬂ'ragio
1362 697 1429 751 ad
1458 697 1560 751 hoc
1589 698 1845 751 venisse?
1872 694 1978 749 Sed

398 791 670 842 neminem
708 802 773 841 eo
812 787 1064 841 amentiae
1094 796 1148 842 et
1183 787 1424 843 infamia
1462 792 1802 857 processisse
1834 787 1978 841 arbi-

401 894 540 948 tror,
585 881 678 952 qui
712 882 874 936 modo
903 896 1233 951 quocunque
1281 882 1480 936 mentis
1513 889 1568 936 et
1606 880 1981 950 intelligentiae

400 976 472 1031 sit
517 990 765 1044 compos,
796 982 854 1028 ut
891 990 1000 1027 non
1047 972 1157 1028 Deo
1206 974 1591 1028 universorum
1644 972 1980 1027 dominatio-

402 1083 525 1121 nem
568 1075 762 1119 natura
792 1067 976 1120 inesse
999 1072 1251 1120 testetur.
1288 1063 1445 1129 Quod
1480 1066 1627 1120 enim
1665 1072 1859 1118 natura
1896 1069 1980 1117 est

400 1160 629 1229 simplex
665 1170 719 1215 et
746 1161 987 1230 partium
1017 1174 1215 1229 expers
1260 1169 1315 1212 et
1352 1159 1797 1227 incompositum,
1832 1155 1978 1225 quod

400 1254 621 1323 quidem
676 1253 861 1317 fuerit,
895 1260 1066 1306 totum
1114 1268 1209 1322 per
1239 1262 1412 1305 totum
1465 1250 1567 1303 hoc
1610 1258 1714 1313 est,
1757 1262 1866 1301 non
1913 1261 1979 1301 ex

402 1342 703 1396 mutatione
729 1342 967 1410 alicujus
1018 1341 1245 1395 alterius
1312 1339 1560 1392 factum:
1621 1337 1719 1393 sed
1764 1338 1816 1390 'm
1872 1353 1981 1405 quo

401 1444 506 1495 est,
550 1448 880 1502 permanens
909 1432 960 1484 in
988 1438 1275 1484 mternum.
1310 1428 1453 1495 Quid
1489 1429 1655 1499 igitur
1688 1429 1822 1482 etde
1850 1425 1981 1480 Uni-

402 1525 582 1592 genito
599 1522 1013 1578 existimarunt?
1040 1530 1221 1575 utrum
1247 1521 1551 1590 simplicem
1574 1527 1628 1572 ct
1656 1519 1774 1587 ejus
1790 1534 1981 1575 essen-

402 1613 533 1666 tiam
564 1612 915 1671 conﬁtentur.
954 1627 1021 1664 an
1053 1611 1291 1675 aliquam
1348 1611 1403 1663 in
1435 1625 1498 1663 ea
1526 1608 1981 1679 compositionem

406 1704 756 1773 intelligunt?
788 1700 842 1756 Si
883 1703 1046 1771 igitur
1090 1702 1295 1772 aliquid
1330 1700 1542 1753 varium
1592 1706 1645 1754 et
1697 1699 1981 1768 multiplex

405 1796 699 1866 multisque
723 1795 969 1865 partibus
997 1802 1259 1848 constans
1291 1795 1434 1846 hunc
1461 1809 1582 1847 esse
1622 1793 1981 1857 arbitrantur;

406 1904 578 1957 neque
610 1889 770 1957 plane
811 1886 1032 1940 deiiatis
1067 1901 1263 1939 nomen
1304 1885 1353 1939 ei
1384 1885 1709 1950 concedent,
1764 1884 1832 1938 ad
1867 1898 1983 1937 ina-

406 1972 629 2026 teriales
674 1970 941 2039 quasdam
984 1979 1038 2023 ct
1086 1969 1406 2037 corporales
1454 1967 1744 2037 Opiniones
1793 1967 1985 2021 decre-

406 2072 521 2116 tum
553 2062 620 2117 de
648 2061 868 2118 Christo
885 2058 1429 2125 traducentes.Quod
1467 2061 1513 2113 si
1532 2060 1836 2128 simplicem
1861 2072 1988 2115 esse

406 2154 783 2216 consentiunt,
814 2151 1091 2222 quomodo
1115 2151 1169 2203 in
1203 2148 1557 2218 simplicitate
1582 2148 1985 2217 subjecti,con-

409 2244 705 2298 trariorum
738 2258 1069 2298 concursum
1117 2242 1245 2296 licet
1279 2241 1516 2294 intueri?
1552 2249 1611 2294 ut
1668 2240 1814 2293 enim
1866 2240 1988 2294 vitae

406 2344 462 2389 et
494 2335 688 2391 mortis
722 2332 776 2390 in
806 2334 1145 2390 contrarium
1182 2333 1495 2387 immediata
1547 2340 1632 2388 cst
1684 2333 1985 2403 oppositio,

408 2429 489 2484 sic
515 2443 639 2483 cum
678 2429 941 2484 servitute
970 2424 1272 2482 dominatio
1303 2427 1512 2481 nullum
1556 2426 1720 2480 habet
1753 2440 1987 2479 censor.

408 2522 567 2584 tium,
593 2529 648 2575 et
681 2520 917 2591 propriis
952 2519 1333 2576 aﬂ'ectionibus
1360 2519 1595 2573 alienata
1621 2526 1726 2573 est.
1771 2517 1828 2572 Si
1864 2519 1990 2587 quis

408 2614 551 2666 enim
582 2612 776 2667 horum
808 2620 1104 2681 utrumque
1140 2611 1193 2664 in
1236 2609 1431 2679 seipsis
1482 2609 1827 2672 consideret,
1878 2623 1988 2662 non

410 2706 671 2775 aequalem
693 2705 961 2759 ambobus
994 2701 1263 2773 aptaverit
1293 2699 1686 2755 deﬁnitionem.
1740 2700 1988 2764 Quorum

412 2807 591 2851 autem
609 2796 850 2852 deﬁnitio
863 2808 973 2850 non
988 2795 1201 2860 eadem,
1215 2794 1410 2848 horum
1425 2794 1589 2847 etiam
1607 2804 1802 2847 natura
1819 2793 1993 2846 omni-

413 2886 701 2953 noddl'ert.
741 2886 798 2940 Si
836 2886 1002 2956 igitur
1030 2885 1264 2955 simplex
1288 2883 1588 2940 secundum
1610 2891 1858 2937 naturam
1887 2882 1993 2936 Do-

414 2979 616 3039 minus,
646 2977 921 3046 quomodo
950 2976 1004 3029 in
1040 2975 1293 3044 subjecto
1323 2975 1729 3029 contrariorum
1756 2972 1989 3043 duplici-

2083 530 2192 583 ρων
2215 511 2531 582 ἠγεμονίαν.
2593 508 2729 561 Ἀλλ’
2760 509 2922 577 ἡμεῖς
2954 503 3228 576 ἐρρῶσθαι
3254 501 3568 571 φράσαντες
3596 500 3668 569 τῇ

2079 603 2298 674 τοιαύτῃ
2331 602 2511 673 σοςςίᾳ,
2544 599 2683 654 κατὰ
2707 600 2765 651 τὸ
2793 599 3058 669 ἡμέτερον
3080 596 3177 664 τῆς
3204 593 3439 655 διανοίας
3467 591 3667 662 μέτρον

2079 694 2171 746 τὸν
2200 693 2327 764 περὶ
2366 692 2552 745 τούτου
2585 690 2741 757 λόγον
2774 684 3210 756 διασκεψώμεθα.
3263 679 3411 754 Ἀρα
3435 682 3526 733 τὸν
3556 680 3666 732 Πα-

2080 785 2214 856 τέρα
2263 784 2420 853 φύσει
2450 782 2650 853 Κύριον
2695 777 3083 849 ὁμολογοῦσιν,
3134 776 3167 845 ἢ
3212 775 3302 827 διὰ
3331 771 3668 844 χειροτονίας

2079 877 2224 941 τινὸς
2254 876 2389 947 πρὸς
2421 874 2577 928 τοῦτο
2602 873 2812 936 ὲλθεῖν;
2862 870 3022 923 Ἀλλὰ
3050 871 3149 923 οὑκ
3183 865 3336 939 οῖμαι
3391 868 3470 930 είς
3510 863 3675 918 τοῦτο

2086 969 2278 1038 μανίας
2312 967 2484 1020 ἐλθεῖν
2524 967 2616 1019 τὸν
2659 965 2753 1017 καὶ
2782 962 3026 1017 ὁπωσοῦν
3056 961 3289 1023 διανοίας
3332 958 3627 1027 μετέχοντα
3652 972 3667 985 ·

2081 1059 2155 1120 ὡς
2182 1058 2255 1127 μὴ
2280 1059 2345 1127 τῇ
2376 1055 2536 1125 φύσει
2568 1054 3008 1124 προσμαρτυρεῖν
3038 1051 3115 1121 τῷ
3134 1050 3253 1121 Θεῷ
3281 1049 3388 1102 τῶν
3410 1049 3545 1101 ὅλων
3570 1046 3673 1116 την

2082 1149 2407 1219 κυριότητα.
2455 1146 2521 1199 ’0
2549 1146 2656 1215 γὰρ
2688 1144 2891 1198 ἁπλοῦν
2928 1146 2992 1214 τῇ
3034 1142 3192 1212 φύσει
3223 1141 3318 1195 καὶ
3348 1134 3553 1211 άμερές
3577 1136 3674 1191 καὶ

2082 1239 2393 1300 ἀσύνθετον,
2424 1238 2560 1307 ὅπερ
2594 1235 2658 1289 ἂν
2687 1235 2823 1306 τύχῃ
2851 1235 2930 1296 ὃν,
2953 1234 3072 1287 ὅλον
3094 1233 3268 1286 διόλου
3302 1229 3461 1283 τοῦτό
3491 1231 3668 1290 ἐστιν,

2083 1333 2182 1384 οὐκ
2217 1334 2279 1382 ἐκ
2316 1328 2616 1400 μεταϐολῆς
2648 1344 2791 1391 τινος
2840 1327 3025 1397 ἐτέρου
3080 1324 3361 1392 γινόμενον
3386 1340 3399 1353 ο
3454 1320 3568 1374 ἀλλ’
3606 1322 3665 1372 ἐν

2082 1415 2126 1489 ᾧ
2150 1426 2313 1482 ἐστιν,
2343 1419 2593 1489 διαμένον
2612 1420 2744 1488 πρὸς
2769 1420 2829 1471 τὸ
2857 1419 3044 1471 ἀΐδιον.
3073 1416 3136 1469 Τί
3165 1412 3259 1469 οὖν
3290 1415 3385 1467 καὶ
3418 1413 3545 1484 περὶ
3577 1412 3676 1465 τοῦ

2084 1512 2419 1580 Μονογενοῦς
2449 1511 2839 1582 ύπειλήφασιν;
2895 1505 3000 1579 ἄρα
3036 1508 3212 1578 ἁπλῆν
3248 1505 3411 1560 αὑτοῦ
3446 1505 3543 1575 τὴν
3582 1505 3679 1557 οὑ-

2088 1606 2205 1658 σίαν
2229 1602 2604 1672 ὁμολογοῦσιν,
2637 1603 2669 1671 ἦ
2692 1618 2811 1655 τινα
2840 1604 2932 1655 καὶ
2958 1601 3203 1654 σύνθεσιν
3230 1598 3359 1669 περὶ
3385 1596 3552 1667 αὐτὴν
3585 1599 3675 1649 ἐν-

2086 1698 2320 1764 νοούσινς
2351 1698 2412 1749 Ei
2444 1695 2541 1767 μὲν
2562 1691 2654 1749 οῦν
2687 1695 2928 1747 ποικίλον
2950 1712 3001 1747 τι
3033 1693 3221 1764 χρῆμα
3253 1691 3343 1744 καὶ¹
3370 1686 3680 1758 πολυμερὲς

2090 1788 2227 1844 εἶναι
2260 1789 2447 1842 τοῦτον
2481 1786 2810 1858 νομίζουσιν,
2840 1787 2960 1839 οὐδὲ
3004 1786 3064 1838 τὸ
3109 1785 3282 1854 ὄνομα
3326 1782 3543 1842 πάντως
3577 1779 3681 1848 τῆς

2090 1883 2340 1953 θεότητος
2371 1880 2518 1951 αῦτῷ
2544 1880 3006 1951 συγχωρήσουσιν,
3036 1878 3115 1939 είς
3146 1874 3369 1937 ὑλώδεις
3399 1872 3551 1934 τινὰς
3583 1870 3682 1922 καὶ

2091 1973 2406 2043 σωματικὰς
2425 1971 2717 2043 ὑπολήψεις
2746 1971 2805 2022 τὸ
2827 1986 2892 2021 πε
2903 1970 2953 2039 pi.
2974 1968 3063 2021 τοῦ
3089 1965 3327 2037 Χριστοῦ
3348 1964 3525 2033 δόγμα
3546 1977 3684 2031 μετ-

2090 2067 2311 2133 άγοντες
2361 2065 2420 2116 Εἰ
2450 2064 2503 2117 δὲ
2528 2061 2729 2116 ἁπλοῦν
2753 2058 2889 2114 εἶναι
2926 2060 3280 2122 συντίθενται,
3316 2056 3431 2118 πῶς
3469 2048 3587 2106 ἔστι
3608 2054 3680 2121 τῇ

2093 2158 2351 2228 ἁπλότητι
2385 2157 2475 2210 τοῦ
2510 2156 2874 2225 ὑποκειμένου
2909 2153 3005 2224 τὴν
3029 2152 3137 2205 τῶν
3176 2148 3431 2203 ἐναντίων
3462 2145 3687 2215 συνδρο-

2096 2250 2202 2321 μὴν
2242 2249 2575 2320 ἐνθεωρῆσαι
2601 2265 2615 2313 ;
2647 2248 2735 2311 Ὠς
2765 2246 2872 2317 γὰρ
2891 2246 2992 2314 τῆς
3020 2244 3163 2313 ζωῆς
3191 2242 3284 2295 καὶ
3322 2239 3415 2293 τοῦ
3442 2238 3680 2292 Θανάτου

2091 2340 2293 2410 ἆμεσός
2325 2341 2469 2391 ἐστιν
2515 2340 2547 2408 ἡ
2592 2331 2727 2408 πρὸς
2757 2335 2815 2389 τὺ
2848 2334 3089 2388 ἐναντίον
3117 2329 3541 2391 ἀντιδιαστασις,
3589 2325 3684 2378 οῦ-

2089 2450 2199 2495 τως
2236 2434 2269 2503 ἠ
2310 2430 2565 2501 κυριότης
2606 2427 2740 2499 πρὸς
2772 2428 2866 2497 τὴν
2899 2425 3139 2479 δουλείαν
3178 2421 3406 2493 ἄμικτός
3442 2422 3557 2472 ἐστι
3585 2420 3684 2473 καὶ

2092 2524 2493 2599 ἡλλυτριωμένη
2520 2524 2629 2584 τοῖς
2664 2519 2969 2584 ίδιάζουσιν.
2998 2516 3070 2569 Ού
3097 2516 3204 2585 γὰρ
3230 2514 3294 2568 ἄν
3318 2530 3403 2576 τις
3420 2512 3685 2581 ἑκάτερον

2091 2618 2295 2671 τούτων
2328 2615 2411 2683 ἐφ’
2445 2611 2652 2667 ἑαυτῶν
2676 2610 2916 2681 θεωρῶν,
2943 2608 3035 2661 τὸν
3060 2602 3181 2659 ἴσον
3212 2603 3543 2675 ἀμφοτέροις
3578 2601 3685 2671 ἁρ-

2098 2710 2276 2779 μόσειε
2313 2707 2488 2774 λόγον.
2514 2698 2613 2757 ’Ὧν
2642 2703 2699 2756 δέ
2728 2704 2756 2755 ὁ
2788 2702 2943 2769 λόγος
2970 2700 3069 2768 οὐχ
3103 2700 3130 2751 ὁ
3160 2696 3342 2758 αὐτὸς,
3367 2693 3571 2746 τούτων
3590 2692 3689 2744 καὶ

2094 2803 2128 2870 ἡ
2159 2797 2317 2867 φύσις
2347 2795 2563 2857 πάντως
2588 2794 2860 2864 διάφορος.
2919 2790 2982 2842 Εἰ
3010 2785 3103 2842 οὖν
3142 2785 3345 2848 ἁπλοῦς
3397 2782 3540 2836 κατὰ
3585 2781 3689 2850 τὴν

2096 2892 2257 2962 φύσιν
2286 2892 2312 2944 ὁ
2333 2890 2555 2960 Κύριος,
2596 2885 2711 2948 πῶς
2744 2884 2808 2938 ἂν
2833 2882 3044 2951 γένοιτο
3076 2880 3201 2950 περὶ
3224 2878 3287 2931 τὸ
3322 2874 3687 2943 ὑποκείμενον

2095 2988 2128 3055 ἡ
2168 2984 2274 3037 τῶν
2304 2981 2558 3035 ἐναντίων
2597 2978 2809 3047 διπλόη,
2854 2964 3093 3037 δουλείας
3132 2966 3690 3039 συνανακιρνωμένης

414 3076 500 3121 tas
545 3083 670 3122 esse
712 3070 904 3136 possit,
952 3066 1214 3121 servitute
1266 3059 1522 3119 nimirum
1577 3079 1701 3118 cum
1745 3063 1994 3119 domina-

2101 3081 2167 3149 τῇ
2202 3076 2519 3147 κυριότητι;
2565 3070 2702 3124 Ἀλλ’
2736 3072 2784 3122 εί
2824 3067 3029 3141 Κύριος
3057 3064 3199 3119 κατὰ
3243 3064 3342 3131 τὴν
3368 3061 3479 3151 τῶν
3515 3058 3687 3151 ἁγίων

416 3159 568 3213 tione
612 3159 1069 3227 contemperata?
1122 3157 1225 3211 Sed
1277 3156 1322 3211 si
1380 3155 1644 3211 Dominus
1693 3157 1996 3211 secundum

416 3257 735 3303 sanctorum
765 3249 1069 3303 doctrinam
1113 3246 1459 3311 conceditur,
1509 3246 1688 3315 ipsum
1714 3254 1995 3316 expertem

415 3356 538 3397 esse
556 3340 819 3396 contrarii
843 3339 1166 3409 simplicitas
1194 3336 1431 3407 subjecti
1465 3345 1718 3391 testatur.
1772 3336 1929 3402 Quod
1955 3336 2000 3392 si

420 3435 599 3502 ipsum
652 3433 860 3487 servire
909 3430 1259 3493 denuntiant,
1303 3429 1508 3481 frustra
1550 3428 1600 3481 ei
1665 3442 1863 3482 nomen
1904 3428 2003 3479 do-

421 3523 740 3577 minationis
793 3522 1124 3575 attribuunt.
1159 3518 1314 3584 Quod
1351 3518 1496 3571 enim
1548 3517 1777 3587 simplex
1803 3528 1857 3572 et
1889 3520 2002 3574 sin-

420 3628 607 3671 cermn
642 3620 860 3675 natura,
896 3611 965 3664 ad
1000 3609 1311 3664 contrarias
1362 3611 1731 3679 proprietates
1762 3624 1888 3665 non-
1919 3610 2004 3664 di-

420 3705 715 3762 scinditur.
747 3702 901 3768 Quod
932 3704 978 3757 si
1020 3702 1153 3757 illud
1176 3701 1398 3771 quidem
1430 3701 1610 3771 ipsum
1640 3717 1765 3757 esse
1786 3702 1999 3767 dicunt,

423 3798 530 3851 hoc
580 3810 711 3849 vero
759 3792 865 3848 dici
913 3811 928 3847 :
966 3800 1163 3847 natura
1212 3792 1433 3863 quidem
1492 3806 1734 3856 servum,
1782 3793 2003 3847 nomine

424 3902 554 3942 vero
581 3884 864 3940 dominum
894 3883 1217 3938 :ostendant
1263 3883 1433 3938 libere
1479 3881 1753 3952 ejusmodi
1788 3896 1999 3945 vocem,

422 3985 477 4031 ct
496 3990 597 4030 nos
619 3989 647 4027 a
666 3970 1123 4028 contradictionis
1140 3972 1424 4035 laboribus
1452 3970 1630 4040 longis
1657 3970 2003 4041 requiescere

426 4067 647 4122 facient.
683 4063 817 4131 Quis
843 4064 991 4119 enim
1018 4063 1074 4117 in
1106 4064 1259 4118 vanis
1290 4071 1398 4116 tam
1428 4062 1543 4115 otio
1564 4061 1851 4116 abundans
1891 4069 1997 4123 est,

425 4168 485 4214 ut
515 4166 729 4229 aperta,
767 4157 916 4211 clara
943 4166 997 4211 et
1014 4155 1319 4238 indubitata
1342 4154 1651 4209 rationibus
1670 4153 2003 4224 redarguat?

424 4249 613 4320 Neque
631 4248 778 4305 enim
798 4248 844 4303 si
862 4248 987 4317 quis
1014 4247 1101 4302 sui
1122 4246 1298 4317 ipsius
1324 4245 1489 4301 caedis
1512 4245 1693 4300 scelus
1725 4244 2004 4299 indicave-

424 4342 516 4407 rit,
548 4340 967 4396 accusatoribus
1014 4339 1170 4393 labor
1199 4337 1549 4407 relinquitur,
1594 4337 1761 4391 certis
1793 4343 1853 4390 ut
1904 4336 2003 4391 de-

2102 3145 2448 3221 διδασκαλίαν
2499 3156 3151 3231 ὁμολογεῖται,ἁμέτοχον
3194 3151 3355 3207 αὑτὸν
3405 3146 3545 3201 εἶναι
3591 3145 3689 3221 τοῦ

2104 3258 2345 3312 ἐναντίου
2388 3257 2419 3325 ἡ
2475 3253 2711 3321 ἁπλότης
2762 3249 2856 3303 τοῦ
2911 3246 3270 3317 ὑποκειμένου
3323 3239 3686 3313 μαρτύρεται.

2105 3353 2166 3405 Ei
2195 3352 2248 3404 δέ
2276 3348 2542 3402 δουλεύειν
2600 3344 2761 3399 αὑτὸν
2790 3342 3198 3411 ἀποφαίνονται,
3230 3336 3407 3408 μάτην
3439 3332 3588 3399 αῦτῷ
3627 3329 3694 3383 τὸ

2102 3445 2272 3514 ὄνομα
2290 3434 2771 3513 προσμαρτυροῦσι
2791 3435 2886 3504 τῆς
2904 3433 3239 3503 κυριότητος.
3261 3428 3334 3481 Τὸ
3356 3426 3463 3497 γάρ
3480 3423 3692 3478 ἁπλοῦν

2102 3535 2168 3602 τῇ
2203 3529 2359 3599 φύσει
2395 3528 2529 3599 πρὸς
2562 3525 2630 3578 τὰ
2661 3524 2875 3578 ἐναντία
2920 3522 3028 3575 τῶν
3065 3519 3369 3590 ἰδιωμάτων
3398 3517 3459 3569 οὐ
3479 3514 3691 3582 διασχί-

2104 3621 2271 3686 ζεται.
2316 3619 2377 3671 El
2398 3618 2455 3671 δὲ
2478 3618 2538 3669 τὸ
2565 3615 2663 3685 μὲν
2683 3609 2822 3667 εἷναί
2846 3628 3009 3682 φασιν
3033 3608 3286 3671 αὑτὸν,τδ
3310 3606 3366 3660 δὲ
3395 3604 3687 3672 λέγεσθαι·

2102 3715 2166 3784 τῇ
2192 3711 2349 3781 φύσει
2382 3708 2479 3779 μὲν
2504 3706 2707 3770 δοῦλον,
2736 3704 2814 3775 τῷ
2860 3702 3082 3773 ὀνόματι
3122 3699 3177 3752 δὲ
3207 3698 3411 3769 Κύριον
3433 3714 3446 3726 °
3511 3694 3691 3759 δειξά-

2104 3819 2281 3858 τωσαν
2308 3803 2364 3853 ἐν
2398 3798 2683 3869 παρρησίᾳ
2706 3795 2963 3866 τοιαύτην
2994 3793 3196 3863 φωνὴν,
3220 3792 3313 3844 καὶ
3341 3788 3693 3842 άναπαύσου-

2106 3913 2190 3949 σιν
2220 3895 2365 3963 ἡμᾶς
2392 3891 2500 3944 τῶν
2552 3888 2777 3960 μακρῶν
2821 3886 2949 3956 περὶ
2981 3886 3079 3957 τὴν
3120 3883 3439 3954 ἀντίρρησιν
3482 3879 3686 3932 πόνων.

2105 3988 2198 4050 Τίς
2229 3987 2338 4054 γὰρ
2360 3984 2531 4047 οὕτως
2559 3984 2615 4035 ἐν
2646 3984 2758 4044 τοῖς
2800 3981 3045 4051 ματαίοις
3085 3976 3355 4047 εῦσχολος,
3386 3975 3460 4038 ὡς
3493 3974 3561 4027 τά
3587 3990 3693 4041 φα-

2105 4079 2237 4151 νερά
2275 4095 2333 4131 τε
2368 4078 2462 4130 καὶ
2502 4073 2844 4145 ἀναμφίϐολα
2895 4072 2982 4125 διὰ
3029 4069 3304 4140 λογισμῶν
3345 4065 3688 4136 ἐξελέγχειν;

2105 4171 2237 4225 Οὐδὲ
2271 4169 2379 4240 γὰρ
2420 4168 2473 4219 εἴ
2494 4185 2576 4229 τις
2617 4165 2809 4218 ἐαυτοῦ
2841 4163 3241 4233 καταμηνύσειε
3281 4159 3375 4213 τοῦ
3421 4160 3583 4229 φόνου
3630 4156 3693 4210 τὸ

2109 4261 2338 4331 μίασμα,
2387 4259 2546 4319 πόνος
2584 4274 2668 4318 τις
2698 4254 3047 4309 ὑπολείπεται
3084 4255 3195 4316 τοῖς
3242 4251 3592 4321 κατηγόροις,
3623 4248 3691 4301 δι’

2108 4347 2431 4413 ἀποδείξεών
2482 4364 2641 4400 τινων
2666 4347 2817 4415 ἄγειν
2864 4345 2960 4415 τὴν
2995 4343 3301 4415 μιαιφονίαν
3337 4344 3416 4404 είς
3447 4341 3686 4409 ἔλεγχον.

427 4433 921 4489 monstrationibus
946 4430 1147 4486 eadem
1180 4429 1248 4484 ad
1273 4428 1650 4499 probationem
1698 4427 1994 4491 adducant,

2105 4441 2261 4495 Οὕτω
2289 4441 2381 4493 καὶ
2411 4440 2566 4508 ἡμεῖς
2594 4437 2777 4490 οὐκέτι
2803 4436 2893 4489 τὸν
2919 4437 2983 4488 ἐκ
3011 4435 3109 4505 τῆς
3137 4434 3437 4500 ἐξετάσεως
3463 4432 3685 4501 ἔλεγχον

428 4540 657 4594 eamque
692 4523 893 4578 iactam
918 4538 1043 4577 esse
1075 4521 1423 4577 convincam.
1465 4518 1557 4573 Sic
1598 4534 1699 4575 nos
1740 4534 1847 4572 non
1889 4534 2006 4572 am-

429 4618 574 4688 plius
603 4614 945 4685 argumentis
976 4619 1126 4667 certa
1172 4610 1705 4680 rationeexquisitis
1749 4609 2006 4665 adversa-

429 4707 543 4760 rios
572 4703 1058 4775 reprelieudemus,
1084 4717 1210 4757 cum
1243 4702 1526 4770 hucusque
1562 4700 1838 4769 impietate
1880 4714 2009 4768 pro-

432 4797 727 4851 cesserint.
749 4795 853 4861 Qui
880 4796 1025 4850 enim
1041 4795 1384 4865 unigenitum
1414 4793 1583 4849 Deum
1608 4806 1827 4849 servum
1845 4800 2008 4848 natu-

432 4906 490 4944 ra
518 4888 738 4951 asserit,
763 4890 910 4942 bunc
928 4888 1033 4944 sibi
1050 4902 1376 4941 conservum
1399 4901 1495 4956 per
1522 4902 1645 4956 quae
1661 4886 2005 4941 aitadstruit:

432 4997 499 5036 ex
535 4994 713 5048 eoque
750 4977 951 5048 duplex
999 4979 1313 5035 absurditas
1348 4980 1661 5053 necessario
1702 4977 2007 5044 inferetur;

435 5074 517 5128 vel
546 5070 693 5127 enim
729 5084 1057 5124 conservum
1101 5077 1417 5124 contemnet
1453 5077 1509 5123 et
1548 5070 1714 5124 (idem
1765 5070 2008 5139 negabit,

429 5166 565 5237 jugo
592 5161 985 5219 dominationis
1013 5160 1219 5215 Christi
1250 5176 1519 5228 excusso;
1547 5162 1632 5215 vel
1660 5176 1878 5215 servum
1916 5177 2010 5216 ve-

435 5255 738 5321 nerabitur,
770 5262 825 5309 et
855 5264 1109 5306 naturam
1145 5253 1231 5307 sui
1281 5252 1423 5322 juris
1451 5260 1506 5306 et
1536 5252 1763 5307 liberam
1790 5266 2008 5307 aversa-

434 5356 547 5412 tus,
576 5348 815 5418 quodam
848 5344 1011 5400 modo
1048 5343 1289 5413 seipsum
1323 5359 1423 5413 pro
1456 5343 1567 5398 Deo
1598 5345 1761 5397 colet.
1788 5343 1843 5398 Si
1866 5343 2013 5398 enim

435 5440 489 5491 in
525 5440 793 5492 servitute
834 5435 1060 5506 quidem
1101 5435 1365 5505 seipsum,
1427 5434 1482 5487 in
1513 5433 1777 5489 servitute
1831 5441 2013 5488 autem

437 5528 588 5582 videt
613 5528 775 5582 etiam
804 5527 859 5581 id
888 5526 1035 5597 quod
1049 5527 1269 5591 colitur,
1294 5527 1349 5581 in
1380 5526 1621 5596 seipsum
1650 5525 1810 5595 plane
1834 5526 2013 5580 intue-

441 5627 551 5679 tur,
584 5621 676 5684 qui
708 5619 875 5671 alium
916 5622 1158 5689 seipsum
1196 5619 1251 5674 in
1280 5634 1347 5674 eo
1367 5619 1514 5690 quod
1551 5617 1815 5673 aduratur
1846 5617 2015 5673 videt.

449 5710 737 5763 Enimvero
771 5710 875 5761 alia
905 5711 1085 5765 omnia
1118 5727 1239 5782 qua:
1268 5712 1581 5769 necessario
1608 5712 1664 5768 in
1698 5710 1861 5783 hujus
1885 5710 2017 5783 dog-

2108 4532 2221 4591 τοῖς
2248 4526 2510 4589 ἐναντίοις
2543 4525 2853 4595 ἐποίσομεν,
2886 4525 3012 4577 ὁταν
3044 4523 3203 4595 μέχρι
3242 4522 3432 4575 τούτου
3464 4525 3530 4591 τῇ
3560 4524 3691 4574 ἀσε-

2109 4616 2231 4687 ϐείᾳ
2260 4612 2613 4686 προέλθωσιν.
2678 4613 2737 4667 '0
2761 4614 2868 4682 γὰρ
2892 4612 3075 4666 δοῦλον
3114 4615 3180 4684 τῇ
3209 4611 3369 4681 φύσει
3396 4611 3571 4678 λέγων
3601 4611 3693 4663 τὸν

2113 4708 2375 4779 μονογενῆ
2404 4705 2556 4771 Θεὸν,
2598 4705 2882 4776 ὁμόδουλον
2931 4705 3109 4775 ἐαυτῷ
3137 4704 3324 4757 τοῦτον
3344 4702 3410 4756 δι’
3439 4697 3515 4756 ὧν
3546 4703 3693 4771 λέγει

2110 4798 2528 4863 κατασκευάζει,
2549 4798 2614 4849 ἐκ
2633 4797 2689 4850 δέ
2711 4796 2901 4849 τούτου
2918 4794 3079 4865 διπλῆ
3102 4797 3135 4866 ἡ
3162 4796 3361 4849 ἀτοπία
3383 4797 3503 4847 κατ’
3536 4796 3693 4860 ἀνάγ·

2111 4911 2212 4964 κην
2231 4891 2691 4961 συνενεχθήσεται.
2715 4890 2919 4959 Ἦγὰρ
2940 4891 3339 4960 καταφρονήσει
3360 4888 3451 4940 τοῦ
3464 4887 3693 4957 ὁμοδού-

2112 4986 2204 5038 λου
2234 4985 2327 5037 καὶ
2350 4984 2448 5054 τὴν
2468 4983 2651 5034 πίστιν
2673 4983 2990 5052 ἀρνήσεται,
3012 4980 3102 5033 τὸν
3122 4980 3294 5048 ζυγὸν
3315 4982 3412 5049 τῆς
3439 4979 3533 5032 τοῦ
3562 4981 3696 5050 Χρι-

2114 5075 2240 5128 στοῦ
2259 5073 2571 5135 δεσποτείας
2594 5070 3093 5141 άποσεισάμενος·ἢ
3119 5068 3384 5138 ὑποκύψει
3409 5069 3485 5139 τῷ
3499 5069 3691 5140 δούλῳ,

2114 5166 2207 5218 καὶ
2228 5164 2594 5235 ἀποστραφεὶς
2616 5164 2712 5234 τὴν
2734 5162 3046 5233 αὐτοκρατῆ
3067 5180 3126 5215 τε
3152 5162 3243 5215 καὶ
3276 5160 3573 5215 ἀδέσποτον
3595 5162 3695 5230 φύ-

2116 5275 2218 5320 σιν,
2245 5257 2444 5327 τρόπον
2476 5256 2596 5309 τινὰ
2623 5256 2811 5309 ἐαυτὸν
2844 5256 2964 5309 ἀντὶ
2988 5254 3122 5308 Θεοῦ
3154 5253 3569 5325 σεδασθήσεται.
3631 5255 3694 5307 Et

2115 5347 2223 5417 γὰρ
2242 5350 2301 5401 ὲν
2329 5347 2542 5418 δουλείᾳ
2575 5346 2673 5417 μὲν
2702 5346 2912 5411 ἐαυτὸν,
2955 5347 3013 5398 ἐν
3049 5345 3262 5415 δουλείᾳ
3298 5344 3353 5397 δὲ
3379 5346 3481 5415 ὁρᾷ
3512 5344 3605 5397 καὶ
3635 5343 3695 5396 τὸ

2118 5438 2386 5509 σέϐασμα,
2406 5440 2541 5510 πρὸς
2568 5439 2757 5493 ἑαυτὸν
2773 5438 3011 5508 ἀτεχνῶς
3038 5437 3247 5506 βλέπει,
3270 5438 3298 5489 ὁ
3317 5436 3475 5490 ἄλλον
3502 5436 3692 5488 ἐαυτὸν

2116 5531 2175 5584 ἐν
2206 5530 2285 5600 τῷ
2309 5531 2610 5600 σεϐάσματι
2643 5530 2876 5599 βλέπων.
2936 5528 3094 5581 Ἀλλὰ
3131 5527 3236 5598 μὴν
3264 5527 3333 5579 τὰ
3357 5526 3491 5579 ἄλλα
3518 5526 3690 5578 πάντα

2116 5624 2216 5675 ὅσα
2244 5622 2365 5674 κατ’
2394 5622 2640 5692 ἀνάγκην
2669 5624 2735 5693 τῇ
2771 5620 2940 5691 κακίᾳ
2966 5618 3137 5690 ταύτῃ
3175 5617 3554 5688 συνθεωρεῖται
3596 5614 3690 5695 τοῦ

2118 5713 2407 5782 δόγματος,
2435 5715 2517 5779 τίς
2546 5714 2612 5769 ἂν
2639 5713 3067 5786 ἐξαριθμήσαιτο
3092 5710 3251 5781 λόγος
3272 5728 3287 5777 ;
3335 5710 3431 5773 Τίς
3451 5710 3557 5779 γὰρ
3591 5709 3691 5763 οὐκ
