4054 6152
406 267 510 323 849

1504 276 1782 333 CONTRA
1822 278 2203 350 EUNOMIUM,
2249 284 2371 341 LIB.
2420 290 2484 345 Χ.

3512 292 3649 347 ’850

405 371 547 428 οἶδεν
569 378 651 430 ὅτι
670 379 697 430 6
723 376 905 442 δοῦλος
924 383 987 450 τῇ
1018 380 1173 449 φύσει
1195 384 1289 436 καὶ
1314 386 1442 456 πρὸς
1466 388 1787 460 δεσποτικὴν
1808 391 1974 459 ἀνάγ-

2080 399 2240 452 matis
2260 402 2616 468 perversitate
2634 411 2972 474 spectantur,
3012 415 3047 470 q
3086 408 3329 486 issermo
3354 414 3648 457 enumera-

407 483 511 535 κην
556 469 941 539 ἠσχολημὲνος,
994 473 1112 525 οὐδὲ
1152 472 1248 526 τοῦ
1280 477 1418 530 κατά
1458 478 1548 531 τὸν
1584 481 1746 547 φόϐον
1779 480 1981 545 πάθους

407 559 564 621 me;
587 559 653 613 ἂν
681 560 802 631 εἴης
865 556 1212 629 συνέζευκται
1254 570 1361 640 γάρ
1403 588 1516 635 πως
1566 576 1630 643 τῇ
1684 574 1843 643 φύσει
1882 576 1981 646 τῆς

405 649 648 714 δουλείας
679 651 708 702 6
742 653 923 720 φόϐος.
973 656 1084 709 Καὶ
1111 658 1300 711 τούτου
1332 659 1541 732 μάρτυς
1564 666 1591 717 6
1630 664 1771 729 θεῖος
1814 666 1979 720 Ἀπό-

407 741 592 805 στολος
639 743 838 807 εἰπὼν,
883 745 965 799 ὅτι
1003 749 1125 801 Οὐκ
1156 748 1397 804 ἐλάϐετε
1427 754 1661 823 πνεῦμα
1701 755 1979 824 δουλείας

406 830 594 885 πάλιν
618 835 705 898 εὶς
726 837 934 902 φόϐον.
983 838 1143 891 Ὥστε
1172 839 1292 892 καθ’
1318 843 1610 914 ὁμοιότητα
1632 846 1738 899 τῶν
1762 848 1971 919 ἀνθρώ-

407 939 524 975 πων
552 923 645 976 καὶ
664 925 726 978 τὸ
751 927 891 980 κατὰ
916 928 1008 982 τὸν
1036 931 1199 999 φόϐον
1226 932 1395 998 πάθος
1425 936 1874 1008 ὲπιθρυλλήσουσι
1897 939 1973 1011 τῷ

404 1012 677 1086 ὁμοδούλῳ
706 1015 842 1087 Θεῷ.

492 1278 629 1332 Ἀλλ’
658 1282 685 1333 6
718 1280 815 1350 μὲν
851 1283 948 1351 τῆς
983 1284 1246 1355 αἱρέσεως
1282 1287 1433 1353 Θεὸς,
1472 1288 1743 1343 τοσοῦτον.
1790 1290 1977 1360 Ἡμεῖς

404 1371 461 1424 δὲ
487 1373 534 1423 οί
562 1372 706 1425 κατά
731 1372 821 1426 τὸν
867 1375 1202 1441 Ἀπόστολον,
1241 1378 1326 1430 ἐπ’
1356 1378 1634 1451 ἐλευθερίᾳ
1679 1382 1828 1451 παρὰ
1847 1383 1977 1453 Χριν

408 1461 535 1514 στοῦ
567 1463 855 1533 κληθέντες
890 1465 981 1519 τοῦ
1004 1468 1100 1535 τῆς
1124 1468 1366 1532 δουλείας
1400 1472 1545 1540 ἡμᾶς
1580 1472 1975 1545 ἐλευθερώσαν-

405 1569 525 1615 τος,
581 1554 680 1605 ὅσα
728 1559 939 1626 φρονεῖν
980 1558 1127 1628 παρά
1173 1559 1280 1613 τῶν
1329 1561 1557 1632 Γραφῶν
1599 1563 1972 1635 ἐδιδάχθημεν,

406 1644 473 1697 δι’
510 1645 706 1713 ὀλίγων
733 1647 1051 1718 ἐκθήσομαι.
1112 1651 1252 1719 Ἐγὼ
1294 1652 1400 1723 γὰρ
1425 1654 1487 1706 ὲκ
1513 1654 1611 1724 τῆς
1656 1654 1803 1719 θείας
1828 1656 1977 1709 διδα-

410 1735 633 1799 σκαλίας
671 1735 1006 1807 ὁρμώμενος,
1045 1739 1259 1811 θαρσῶν
1303 1744 1689 1815 ἀποφαίνομαι,
1736 1748 1817 1800 ὅτι
1858 1747 1978 1801 οὐδὲ

409 1827 555 1894 ἡμᾶς
565 1826 778 1890 δούλους
794 1830 822 1880 6
839 1829 980 1893 θεῖος
1000 1830 1243 1900 βούλεται
1258 1833 1434 1902 λόγος,
1451 1841 1978 1912 μετασκευασθείσης

409 1920 540 1988 ἡμῖν
556 1920 690 1990 πρὸς
707 1921 768 1974 τὺ
782 1926 1025 1992 κρεῖττον
1047 1926 1145 1995 τῆς
1168 1925 1399 1995 φύσεως.
1424 1929 1531 1982 Καὶ
1555 1932 1583 1982 6
1607 1931 1781 1984 πάντα
1795 1932 1974 1985 λαϐὼν

407 2014 477 2065 τά
507 2013 748 2084 ἡμέτερα
767 2054 781 2078 ,
818 2018 901 2084 ἐφ’
940 2014 1047 2085 ᾧτε
1096 2019 1395 2075 ἀντιδοῦναι
1425 2022 1493 2074 τὰ
1522 2021 1648 2087 ῐδια,
1674 2024 1749 2088 ὼς
1767 2026 1865 2089 τὰς
1891 2025 1978 2079 νό-

410 2118 556 2167 σους,
575 2105 777 2159 καὶτὸν
800 2105 1047 2172 θάνατον,
1076 2110 1168 2161 καὶ
1188 2112 1283 2181 τὴν
1301 2113 1779 2191 κατάραννκαὶτὴν
1800 2117 1979 2187 ἀμαρ-

406 2193 544 2258 τίαν,
577 2195 717 2249 οὕτω
767 2198 858 2251 καὶ
895 2198 993 2269 τὴν
1030 2199 1271 2255 δουλείαν
1308 2202 1497 2258 ἐλαϐεν
1521 2222 1536 2236 ο
1584 2207 1681 2277 οὐχ
1710 2208 1785 2271 ὡς
1817 2209 1978 2263 αὐτὸν

409 2286 553 2355 ἔχειν
582 2287 617 2341 ἀ
638 2288 849 2353 ἐλαϐεν,
881 2289 994 2342 ἀλλ’
1019 2290 1094 2353 ὡς
1137 2292 1435 2365 ἐκκαθᾶραι
1461 2296 1569 2349 τῶν
1600 2297 1854 2352 τοιούτων
1880 2300 1979 2371 τὴν

409 2378 589 2447 φύσιν,
637 2380 1099 2449 ὲξαφανισθέντων
1149 2386 1206 2436 ὲν
1246 2387 1310 2456 τῇ
1363 2387 1625 2459 ἀκηράτῳ
1676 2388 1833 2457 φύσει
1870 2392 1978 2445 τῶν

407 2474 707 2544 ἡμετέρων.
777 2476 866 2538 Ὠς
892 2471 984 2528 οὖν
1019 2476 1118 2529 οὐκ
1148 2475 1298 2530 ἔσται
1325 2474 1467 2531 κατά
1491 2480 1591 2550 τὴν
1623 2480 1978 2553 ἐλπιζομένην

407 2564 553 2637 ζωὴν
574 2567 637 2619 οὐ
661 2565 835 2630 νόσος,
862 2566 927 2621 οὐ
945 2566 1181 2637 κατάρα,
1212 2569 1310 2638 οὐχ
1346 2569 1608 2640 ἁμαρτία,
1643 2571 1703 2623 06
1728 2571 1975 2637 θάνατος,

403 2656 577 2720 οὕτως
601 2659 679 2721 εἰς
717 2658 1020 2727 ἀφανισμὸν
1062 2660 1153 2711 καὶ
1183 2660 1216 2728 ἡ
1257 2659 1467 2714 δουλεία
1499 2663 1637 2732 μετά
1668 2664 1871 2717 τούτων
1897 2664 1977 2717 δι-

403 2747 702 2801 ελεύσεται.
761 2749 871 2801 Καὶ
900 2749 981 2801 ὅτι
1009 2748 1181 2803 ταῦτα
1210 2750 1386 2821 ἀληθῆ
1415 2752 1587 2820 λέγω,
1634 2753 1804 2825 αὐτὴν
1841 2754 1978 2825 πρὸς

407 2838 710 2909 μαρτυρίαν
736 2839 885 2892 καλῶ
903 2840 1002 2911 τὴν
1035 2841 1308 2912 ἀλήθειαν,
1338 2843 1372 2912 ἥ
1400 2860 1531 2912 φησι
1559 2846 1696 2915 πρὸς
1725 2848 1852 2910 τοὺς
1872 2865 1976 2918 μα-

401 3025 574 3085 λους.
630 3019 690 3074 Ei
719 3017 812 3074 οὖν
840 3021 901 3073 τὸ
938 3021 1061 3074 καθ’
1088 3024 1235 3093 ἡμᾶς
1271 3022 1423 3077 ἔσται
1449 3024 1579 3077 ποτὲ
1608 3024 1702 3078 τοῦ
1732 3027 1831 3095 τῆς
1853 3027 1976 3080 δου-

402 3112 551 3175 λείας
575 3112 809 3175 ὀνείδους
825 3110 1126 3183 ἐλεύθερον,
1158 3112 1274 3175 πῶς
1300 3112 1329 3164 6
1352 3111 1446 3165 τοῦ
1475 3113 1677 3174 παντὸς
1701 3116 1977 3187 Δεσπότης

400 3204 554 3275 παρά
587 3205 687 3274 τῆς
719 3203 1102 3275 παραπληξίας
1140 3221 1201 3257 τε
1230 3207 1324 3259 καὶ
1365 3205 1558 3275 μανίας
1608 3206 1717 3260 τῶν
1749 3207 1973 3280 ἐξεστη-

402 3294 574 3346 κότων
601 3293 805 3348 τούτων
843 3294 1294 3361 καταδουλοῦται;
1336 3295 1401 3351 Οἳ
1432 3297 1572 3350 κατὰ
1593 3297 1656 3351 τὸ
1683 3298 1973 3353 ἀκόλουθον

401 3388 641 3451 πάντως,
682 3386 803 3439 οὐδὲ
834 3384 1123 3454 γινώσκειν
1148 3387 1309 3440 αὑτὸν
1338 3387 1406 3440 τά
1436 3388 1531 3441 τοῦ
1558 3389 1770 3462 Πατρὸς
1808 3389 1975 3459 διορί-

400 3478 604 3541 ζονται,
631 3478 719 3531 διὰ
746 3479 844 3550 τὴν
878 3478 1004 3548 περὶ
1031 3478 1140 3531 τῶν
1173 3478 1373 3532 δούλων
1399 3480 1692 3549 ἀπόφασιν,
1724 3482 1759 3553 ἦ
1785 3498 1972 3551 φησιν,

278 3589 301 3598 '
399 3573 482 3625 ὅτι
515 3572 543 3623 6
575 3571 758 3634 δοῦλος
795 3572 894 3624 οὐκ
922 3566 1029 3625 οἶδε
1057 3572 1111 3624 τί
1139 3574 1281 3625 ποιεῖ
1312 3576 1340 3626 6
1387 3573 1573 3644 κύριος
1605 3573 1790 3628 αὐτοῦ.
1834 3575 1974 3627 Ἀλλ’

398 3667 529 3718 ὅταν
559 3663 730 3717 ταῦτα
758 3663 1006 3731 λέγωσιν,
1034 3664 1417 3718 ἀκουσάτωσαν
1443 3667 1524 3719 ὅτι
1555 3666 1730 3720 πάντα
1760 3667 1818 3717 ὲν
1849 3668 1975 3719 ἑαυ-

399 3754 478 3823 τῷ
506 3754 570 3808 τά
596 3753 689 3807 τοῦ
720 3754 930 3824 Πατρὺς
950 3756 978 3807 6
1016 3754 1143 3817 Υἱὸς
1174 3754 1305 3825 ἔχει,
1341 3757 1434 3809 καὶ
1467 3756 1640 3809 πάντα
1666 3756 1850 3827 βλέπει
1874 3759 1973 3810 ὅσα

401 3850 430 3899 ό
457 3847 645 3915 Πατὴρ
684 3848 846 3910 ποιεῖ,
874 3846 968 3897 καὶ
997 3846 1147 3899 οὐδὲν
1174 3846 1281 3899 τῶν
1319 3848 1597 3918 πατρικῶν
1628 3848 1844 3915 ἀγαθῶν
1870 3848 1974 3915 ἔξω

398 3938 499 4004 τῆς
552 3936 644 3989 τοῦ
672 3935 1006 4005 Μονογενοῦς
1056 3938 1172 3989 ἐστι
1198 3936 1465 4005 γνώσεως.
1530 3939 1656 4002 Πῶς
1687 3940 1795 4011 γὰρ
1827 3941 1890 3994 ἀν
1922 3957 1973 3993 τι

402 4032 497 4083 τοῦ
521 4028 729 4098 Πατρὸς
756 4028 829 4098 μὴ
857 4028 989 4097 ἔχοι,
1016 4027 1135 4082 ὅλον
1169 4028 1305 4098 ἔχων
1334 4031 1391 4082 ὲν
1416 4031 1590 4100 ἑαυτῷ
1616 4032 1709 4084 τὸν
1736 4032 1971 4100 Πατέρα;

402 4118 610 4171 Οὐκοῦν
643 4121 691 4171 εί
723 4118 906 4182 δοῦλος
956 4119 1054 4189 μὲν
1081 4119 1141 4172 οὐ
1170 4119 1427 4187 γινώσκει
1465 4119 1519 4171 τί
1553 4123 1694 4173 ποιεῖ
1730 4123 1757 4174 ό
1788 4121 1975 4174 δεσπό-

400 4227 519 4281 της,
549 4210 578 4261 6
607 4209 665 4262 δὲ
688 4209 862 4263 πάντα
887 4210 943 4263 ὲν
970 4208 1149 4279 ἑαυτῷ
1175 4208 1243 4262 τά
1270 4208 1363 4261 τοῦ
1393 4209 1606 4281 Πατρὸς
1641 4209 1727 4280 ἔχε
1738 4229 1774 4275 ι,
1803 4210 1973 4281 νηψά-

2078 491 2259 544 verit?
2308 492 2442 557 Quis
2475 494 2620 548 enim
2675 495 2891 565 ignorat
2942 493 3089 562 quod
3124 500 3318 546 natura
3367 508 3560 548 servus
3594 502 3646 549 et

2088 579 2289 636 domini
2320 584 2650 641 necessitate
2698 594 3021 654 occupatus,
3064 598 3243 653 neque
3279 585 3643 653 perturbatio-

2074 673 2162 728 nis
2195 682 2373 729 metus
2406 684 2459 731 et
2491 676 2702 732 timoris
2721 676 2882 731 fuerit
2905 674 3137 743 expers?
3164 674 3328 727 timor
3348 674 3491 729 enim
3510 688 3650 745 quo-

2075 762 2199 818 dam
2249 765 2410 820 modo
2454 782 2577 821 cum
2631 776 2831 822 natura
2855 767 3140 821 servitutis
3189 767 3519 835 conjunctus
3564 772 3649 821 est

2077 854 2391 925 etjugatus.
2425 856 2598 928 Hujus
2646 860 2722 913 rei
2748 860 2902 915 testis
2922 858 3142 914 divinus
3172 857 3484 927 Apostolus.
3521 870 3644 910 cum

2077 945 2254 1001 dixit:
2290 946 2413 1000 Non
2438 951 2711 1017 accepistis
2740 951 2989 1019 spiritum
3036 948 3307 1004 servitutis
3346 948 3540 1001 iterum
3584 961 3665 1003 ιι.

2079 1038 2320 1092 timorem
2348 1039 2409 1091 ιε’.
2464 1038 2543 1094 Ita
2570 1049 2625 1092 ut
2655 1039 2722 1094 ad
2753 1039 3172 1095 similitudinem
3208 1037 3515 1105 hominum,
3564 1045 3646 1092 at-‘

2072 1145 2177 1200 que
2216 1128 2468 1184 ad‘ectum
2523 1131 2740 1186 timoris
2790 1132 2857 1188 de
2915 1144 3181 1191 conservo
3219 1131 3351 1207 ._Deo
3392 1131 3647 1202 praedica-

2072 1222 2276 1278 verint.

2149 1310 2254 1366 Sed
2287 1310 2559 1368 htcreseos
2591 1311 2812 1381 quidem
2844 1310 3005 1376 Deus,
3052 1311 3344 1365 hactenus.
3393 1308 3503 1364 Nos
3551 1322 3646 1359 au-

2078 1410 2190 1458 tem
2247 1402 2549 1459 secundum
2601 1403 2945 1471 Apostolum,
3002 1403 3098 1473 qui
3150 1403 3205 1456 in
3254 1402 3561 1457 libertatem
3616 1414 3646 1451 a

2079 1493 2303 1551 Christo
2331 1510 2522 1551 sumus
2565 1496 2769 1560 vocati,
2800 1496 2893 1566 qui
2938 1509 3040 1551 nos
3092 1493 3408 1550 aservitute
3449 1493 3647 1546 libera-

2007 1623 2049 1677 Β
2080 1586 2158 1639 vit
2185 1587 2250 1652 “,
2298 1602 2420 1657 quae
2462 1602 2654 1658 sapere
2681 1597 2736 1643 et
2772 1588 2975 1644 sentire
3002 1602 3069 1641 ex
3120 1585 3420 1655 Scripturis
3466 1581 3645 1638 edocti

2078 1693 2290 1743 sumus,
2325 1678 2514 1748 paucis
2540 1692 2827 1748 exponam.
2870 1676 2980 1747 Ego
3014 1676 3158 1731 enim
3183 1691 3249 1730 ex
3296 1674 3479 1728 divina
3514 1670 3646 1726 doc-

2078 1768 2221 1822 trina
2252 1768 2519 1837 impulsus
2557 1767 2841 1824 conﬁdens
2887 1766 3207 1838 pronuntio,
3272 1762 3419 1833 quod
3468 1776 3649 1832 neque

2078 1873 2177 1913 nos
2199 1857 2418 1912 divinus
2452 1872 2633 1912 sermo
2663 1871 2854 1913 servos
2871 1870 2993 1912 esse
3022 1854 3156 1920 vult,
3184 1868 3308 1908 eum
3340 1858 3528 1907 nostra
3577 1851 3648 1905 sit

2078 1949 2133 2002 in
2176 1948 2372 2003 melius
2425 1955 2675 2018 reparata
2727 1954 2944 2000 natura.
2999 1944 3065 1997 Et
3090 1942 3184 2014 qui
3233 1943 3417 1997 omnia
3457 1947 3646 1999 nostra

2078 2039 2331 2112 sumpsit,
2376 2048 2438 2095 ut
2481 2055 2579 2095 sua
2612 2039 2772 2093 nobis
2819 2037 3154 2098 refunderet,
3187 2041 3246 2087 ut
3309 2033 3550 2094 morbos,
3594 2037 3648 2082 et

2079 2141 2332 2199 mortem,
2358 2142 2413 2188 et
2443 2131 2906 2192 maledictionem,
2929 2136 2982 2183 et
3020 2133 3327 2197 peccatum,
3347 2124 3425 2178 sic
3456 2129 3508 2175 et
3533 2136 3649 2176 ser-

2078 2224 2303 2279 vitutem
2330 2224 2503 2293 cepit:
2537 2237 2647 2276 non
2676 2220 2824 2289 quod
2858 2220 2976 2292 ipse
3003 2219 3227 2273 haberet
3246 2231 3307 2270 ea
3335 2229 3457 2283 quae
3482 2212 3646 2281 cepit,

2076 2313 2171 2368 sed
2206 2319 2266 2366 ut
2289 2320 2544 2366 naturam
2572 2309 2775 2365 talibus
2816 2308 3082 2379 expiaret,
3134 2304 3399 2361 obsoletis
3443 2309 3497 2356 et
3549 2316 3647 2354 ex-

2076 2406 2299 2476 punctis
2364 2403 2418 2458 in
2476 2410 2677 2457 natura
2728 2398 3123 2469 incorruptibili
3184 2398 3251 2452 iis
3305 2410 3424 2465 qua:
3463 2403 3648 2447 nostra

2076 2504 2227 2554 sunt.
2255 2496 2413 2551 Sicut
2467 2495 2632 2565 igitur
2663 2493 2719 2547 in
2753 2492 2860 2546 vita
2899 2506 3021 2561 quae
3067 2500 3339 2559 speratur,
3391 2500 3501 2539 non
3547 2482 3651 2537 erit

2076 2586 2323 2648 morbus,
2353 2598 2462 2639 non
2483 2581 2856 2647 maledictum,
2882 2595 2990 2634 non
3009 2587 3312 2649 peccatum,
3334 2590 3443 2628 non
3462 2586 3609 2625 mors
3631 2588 3645 2627 :

2076 2678 2157 2734 sic
2186 2677 2253 2733 ad
2284 2675 2638 2732 abolitionem
2670 2688 2794 2728 cum
2822 2672 2907 2728 his
2938 2673 3103 2727 etiam
3127 2669 3362 2726 servitus
3378 2664 3645 2720 deveniet.

2075 2766 2232 2835 Quod
2263 2774 2443 2822 autem
2470 2764 2585 2819 haec
2616 2779 2742 2819 vera
2777 2762 2921 2826 dico,
2954 2762 3130 2831 ipsam
3162 2760 3229 2813 ad
3272 2756 3647 2813 testimonium

2077 2859 2358 2914 veritatem
2387 2872 2543 2923 voco,
2571 2871 2694 2925 qum
2716 2854 2792 2909 ait
2819 2853 2886 2908 ad
2931 2852 3233 2921 discipulos
3255 2868 3268 2903 :
3287 2849 3415 2904 Jam
3445 2865 3547 2903 non
3566 2847 3650 2900 di-

300 2968 307 2981 .
402 2930 576 2999 θητάς
596 2969 611 2993 ,
658 2930 739 2982 ὃτι
772 2930 979 2983 Οὐκέτι
1010 2931 1174 2984 καλῶ
1202 2933 1357 3001 ὑμᾶς
1377 2932 1651 3001 δούλους,
1679 2937 1840 2991 ἀλλά
1877 2940 1971 3007 φί-

2076 2966 2191 3003 cam
2224 2966 2310 3003 vos
2343 2965 2539 3013 servos,
2567 2947 2657 3001 sed
2686 2947 2882 3000 amicos
2916 2947 2962 2977 ²⁰
2990 2985 3003 2998 .
3037 2943 3092 2997 Si
3114 2945 3280 3014 igitur
3309 2943 3362 2997 id
3388 2941 3539 3011 quod
3557 2955 3647 2994 se-

2078 3034 2315 3089 cundum
2352 3050 2453 3090 nos
2501 3045 2583 3089 est
2624 3034 2916 3105 aliquando
2965 3048 2996 3087 a
3043 3033 3322 3089 servitutis
3360 3030 3648 3101 Opprobrio

2074 3124 2178 3179 erit
2209 3124 2460 3189 liberum,
2496 3124 2768 3193 quomodo
2799 3123 3038 3179 universi
3073 3122 3336 3178 Dominus
3368 3137 3399 3174 a
3428 3121 3648 3190 percul-

2074 3213 2229 3269 sione
2251 3220 2305 3267 et
2334 3212 2551 3267 insania
2582 3213 2774 3266 horum
2814 3212 3147 3266 furiosorum
3182 3218 3237 3265 et
3287 3211 3482 3265 mentis
3548 3207 3644 3261 im-

2072 3312 2260 3373 potum
2303 3303 2357 3357 in
2399 3303 2718 3358 servitutem
2774 3300 3190 3371 redigitur?-qui
3244 3297 3542 3353 secundum
3593 3296 3648 3349 id

2072 3394 2215 3465 quod
2271 3395 2628 3463 consequitur
2659 3407 2887 3463 prorsus
2940 3392 3115 3460 ipsum
3155 3405 3266 3445 non
3312 3402 3648 3459 cognoscere

2072 3501 2194 3555 quae
2234 3493 2362 3540 sunt
2418 3484 2600 3541 Patris
2647 3483 3051 3549 determinant;
3112 3490 3333 3552 pr0pter
3372 3479 3523 3533 illam
3579 3478 3648 3533 de

2073 3577 2248 3634 servis
2275 3577 2605 3633 sententiam
2628 3589 2758 3646 quae
2788 3575 2882 3639 ait,
2907 3574 3052 3643 quod
3085 3588 3278 3647 servus
3306 3570 3481 3625 nescit
3516 3567 3647 3639 quid

2030 3712 2037 3719 .
2072 3668 2327 3723 dominus
2359 3682 2495 3722 suus
2534 3664 2701 3718 facit:
2743 3663 2836 3719 sed
2870 3677 2995 3718 cum
3026 3662 3141 3717 haec
3164 3661 3375 3724 dicunt,
3423 3659 3649 3713 audiant

2072 3759 2219 3830 quod
2253 3758 2438 3813 omnia
2469 3757 2526 3811 in
2552 3757 2736 3826 seipso
2770 3770 2893 3825 quae
2934 3762 3063 3809 sunt
3090 3752 3293 3815 Patris,
3337 3750 3509 3805 Filius
3552 3752 3650 3804 ha-

2073 3851 2184 3914 bet,
2226 3858 2282 3905 et
2326 3850 2510 3903 omnia
2542 3847 2767 3917 respicit
2816 3860 2939 3915 qua:
2986 3844 3148 3901 Pater
3201 3844 3352 3907 facit,
3405 3843 3649 3907 nihilque

2075 3949 2429 4011 paternorum
2455 3937 2723 3992 bonorum
2757 3942 2842 3991 est
2869 3942 3024 3989 extra
3053 3932 3332 4004 Unigeniti
3381 3930 3649 4001 cognitio-

2074 4047 2218 4087 nem.
2265 4027 2553 4096 Quomodo
2588 4029 2737 4083 enim
2796 4026 3005 4097 aliquid
3054 4025 3231 4080 Patris
3284 4040 3394 4078 non
3428 4023 3644 4081 habeat.

2074 4124 2169 4194 qui
2199 4130 2370 4177 totum
2396 4121 2451 4176 in
2478 4120 2659 4190 seipso
2698 4117 2917 4173 Patrem
2944 4117 3147 4173 habet?
3181 4116 3327 4183 Ergo
3362 4116 3407 4170 si
3453 4128 3646 4167 servus

2075 4230 2183 4269 non
2223 4209 2507 4283 cognoscit
2543 4209 2674 4280 quid
2705 4208 2867 4264 faciat
2894 4208 3174 4269 dominus,
3201 4206 3289 4259 hic
3320 4210 3500 4257 autem
3527 4217 3646 4256 om-

401 4300 581 4353 τωσάν
611 4316 741 4352 ποτε
773 4301 822 4352 οί
851 4301 916 4369 τῇ
948 4298 1085 4370 μέθῃ
1113 4300 1440 4369 παράφοοοι,
1464 4301 1559 4353 καὶ
1588 4301 1971 4370 ἀναϐλεψάτω-

2077 4306 2166 4360 nia
2200 4306 2255 4358 in
2288 4304 2470 4373 seipso
2508 4316 2629 4371 quae
2658 4308 2787 4356 sunt
2827 4298 3007 4354 Patris
3059 4296 3262 4351 habet:
3315 4292 3482 4348 sobrii
3534 4292 3645 4347 sint

404 4409 504 4444 σαν
523 4390 616 4444 νῦν
632 4389 761 4457 γοῦν
779 4390 914 4462 πρὸς
928 4389 1026 4461 τὴν
1046 4390 1321 4461 ἀλήθειαν,
1380 4394 1459 4446 ὅτι
1481 4393 1509 4443 ό
1535 4392 1710 4445 πάντα
1727 4392 1864 4463 ἔχων
1887 4393 1972 4462 ἐφ’

402 4482 596 4541 ἐαυτοῦ
626 4483 969 4553 χαρακτῆρα,
1004 4482 1098 4537 καὶ
1123 4485 1151 4536 6
1179 4483 1272 4536 τοῦ
1301 4482 1499 4546 παντὸς
1545 4483 1863 4554 βασιλεύων,
1897 4487 1972 4557 μὴ

402 4571 661 4640 ὁμότιμον
688 4571 801 4641 ἔχει
832 4570 1007 4641 ἑαυτῷ
1045 4570 1142 4641 τὴν
1191 4574 1425 4643 μορφήν.
1462 4574 1532 4624 Ἢ
1564 4574 1681 4638 πῶς
1717 4577 1750 4644 ἡ
1780 4575 1972 4646 ἀτιμία

401 4664 502 4733 τῆς
534 4664 793 4735 ἀληθινῆς
817 4650 1187 4730 ἀπαυγάζεται
1217 4663 1375 4732 δόξης
1400 4682 1414 4730 ;
1452 4665 1669 4732 Ἀτιμία
1694 4668 1802 4739 γάρ
1826 4670 1973 4722 ἐστιν

403 4758 436 4824 ἡ
465 4755 695 4809 δουλεία.
752 4754 875 4818 Πῶς
901 4754 959 4807 δὲ
982 4755 1009 4807 6
1038 4753 1130 4806 τοῦ
1165 4752 1427 4823 βασιλέως
1468 4755 1582 4818 υἱὸς
1622 4758 1702 4819 είς
1729 4757 1971 4812 δουλείαν

403 4849 692 4915 γεννᾶται;
717 4847 829 4902 Οὐκ
854 4845 969 4897 ἔστι
997 4843 1186 4909 ταῦτα,
1221 4846 1321 4898 οὐκ
1342 4846 1509 4899 ἔστιν.
1576 4845 1712 4899 Ἀλλ’
1746 4848 1821 4910 ὡς
1857 4851 1971 4918 φῶς

403 4941 467 4989 ὲκ
511 4935 709 5003 φωτὸς,
749 4935 843 4987 καὶ
888 4932 1002 5003 ζωὴ
1040 4933 1105 4985 ὲκ
1135 4932 1297 5004 ζωῆς,
1340 4933 1398 4999 ἐξ
1439 4933 1694 5004 ἀληθείας
1723 4936 1967 5007 ἀλήθεια,

402 5028 547 5080 οὕτω
572 5028 666 5080 καὶ
695 5029 759 5079 ἐκ
789 5026 993 5096 Κυρίου
1034 5024 1253 5095 Κύριος,
1292 5024 1544 5094 βασιλεὺς
1590 5028 1654 5079 ὲκ
1688 5027 1972 5097 βασιλέως,

403 5122 468 5172 ἐκ
511 5118 644 5171 Θεοῦ
679 5118 830 5182 Θεὸς,
886 5116 944 5183 ἐξ
989 5116 1281 5169 ἀδεσπότου
1319 5116 1649 5180 ἀδέσποτος·
1698 5117 1817 5170 ὅλον
1867 5119 1975 5190 γὰρ

406 5210 544 5279 ἔχων
580 5211 636 5262 ὲν
673 5209 849 5278 ἑαυτῷ
891 5208 981 5261 τὸν
1011 5208 1249 5276 Πατέρα,
1284 5208 1336 5259 εί
1373 5224 1425 5259 τι
1455 5208 1484 5259 6
1512 5208 1701 5278 Πατὴρ
1758 5208 1870 5278 ἔχει
1918 5213 1977 5263 ὲν

404 5300 603 5371 ἑαυτῷ,
652 5301 867 5363 πάντως
911 5299 1043 5368 ἔχει,
1088 5301 1182 5351 καὶ
1208 5297 1392 5368 ἐπειδὴ
1436 5298 1612 5351 πάντα
1640 5297 1734 5350 τοῦ
1766 5300 1976 5369 Πατρός

403 5393 583 5453 ἔστιν,
628 5390 727 5443 ὅσα
757 5390 851 5441 καὶ
886 5390 915 5441 6
938 5388 1063 5450 Υἱὸς
1100 5387 1232 5457 ἔχει,
1272 5387 1482 5457 ἀνάγκη
1517 5390 1664 5440 πᾶσα
1693 5388 1841 5459 παρά
1868 5389 1974 5443 τῶν

405 5479 618 5550 ἐχθρῶν
640 5481 738 5549 τῆς
758 5476 852 5531 τοῦ
883 5478 1017 5531 Θεοῦ
1049 5479 1226 5548 δόξης,
1261 5479 1419 5549 εἴπερ
1440 5481 1468 5530 ό
1493 5478 1617 5541 Υἱὸς
1643 5478 1844 5543 δοῦλος,
1882 5481 1975 5533 καὶ

482 5660 527 5689 [³
573 5658 727 5711 Rom.
800 5674 914 5719 vm,
951 5658 1031 5710 l5.
1111 5658 1151 5686 "
1184 5657 1301 5710 Gai.
1334 5677 1380 5725 ιν,
1416 5659 1504 5713 ‘26.
1538 5677 1657 5728 sqq.

2078 4394 2296 4449 tandem
2329 4394 2423 4463 qui
2471 4392 2737 4447 ebrietate
2765 4390 2911 4459 capti
2949 4387 3247 4449 insaniunt,
3295 4392 3349 4439 et
3392 4400 3541 4438 nunc
3582 4384 3637 4437 in

2079 4485 2361 4539 veritatem
2384 4481 2577 4536 oculos
2600 4487 2947 4542 convertant,
2996 4476 3141 4547 quod
3180 4476 3273 4545 qui
3307 4489 3521 4529 omnem
3551 4473 3646 4527 ha-

2076 4577 2168 4632 bet
2202 4575 2260 4629 in
2293 4574 2477 4643 seipso
2504 4572 2903 4634 characterem,
2926 4574 2980 4624 et
3010 4567 3105 4638 qui
3139 4566 3377 4621 universi
3406 4580 3499 4617 rex
3539 4572 3646 4625 est,

2081 4682 2192 4721 non
2236 4666 2446 4719 honore
2488 4675 2674 4732 parem
2724 4660 2888 4713 habet
2922 4659 2978 4712 in
3025 4654 3208 4727 seipso
3255 4654 3519 4720 formam;
3560 4653 3651 4707 vel

2079 4758 2354 4832 quomodo
2379 4755 2674 4828 ignominia
2701 4767 2732 4807 a
2760 4766 2887 4807 vera
2919 4749 3092 4821 gloria
3125 4747 3412 4819 splendere
3434 4746 3647 4816 potest?

2077 4849 2374 4922 Ignominia
2392 4847 2538 4902 enim
2561 4852 2645 4901 est
2677 4843 2934 4899 servitus.
2967 4838 3252 4906 Quomodo
3277 4845 3458 4893 autem
3499 4836 3646 4906 regis

2106 4939 2319 4995 ﬁliusin
2341 4935 2655 4991 servitutem
2692 4931 2976 5003 gignitur?
3013 4926 3137 4985 Haec
3182 4942 3292 4983 non
3338 4936 3485 4992 sunt,
3532 4942 3649 4983 non

2072 5037 2201 5087 sunt
2226 5029 2363 5092 haec,
2387 5028 2480 5083 sed
2508 5035 2567 5080 ut
2590 5027 2682 5080 lux
2713 5025 2779 5080 de
2800 5026 2939 5089 luce,
2972 5025 3079 5079 vita
3107 5023 3173 5078 de
3202 5022 3335 5086 vita,
3367 5028 3423 5076 et
3457 5035 3521 5075 ex
3548 5032 3644 5071 ve-

2074 5121 2235 5175 ritate
2259 5119 2462 5173 veritas
2486 5137 2501 5171 :
2532 5117 2613 5172 sic
2634 5131 2701 5171 ex
2728 5115 2953 5187 Domino
2982 5112 3266 5177 Dominus,
3300 5126 3396 5165 rex
3441 5124 3510 5163 ex
3554 5121 3644 5160 re-

2074 5228 2159 5282 ge,
2190 5226 2255 5266 ex
2282 5209 2394 5264 Deo
2428 5208 2595 5272 Deus,
2632 5224 2699 5264 ex
2741 5207 2913 5262 libero
2946 5206 3111 5268 liber;
3146 5211 3321 5259 totum
3364 5198 3507 5253 enim
3544 5195 3645 5248 ha-

2073 5302 2207 5356 bens
2233 5300 2287 5353 in
2318 5300 2500 5369 seipso
2527 5296 2769 5360 Patrem,
2804 5297 2851 5352 si
2882 5293 3010 5365 quid
3042 5294 3203 5348 Pater
3228 5292 3281 5343 in
3334 5285 3516 5352 seipso
3543 5282 3642 5337 ha-

2076 5392 2185 5457 bet,
2216 5406 2444 5462 prorsus
2466 5391 2649 5445 omnia
2675 5389 2857 5444 habet.
2896 5385 2963 5439 Et
2986 5383 3243 5453 quoniam
3290 5374 3474 5431 omnia
3515 5382 3645 5428 sunt

2082 5481 2261 5536 Patris
2288 5497 2628 5551 quaecunque
2657 5479 2822 5533 habet
2863 5474 3056 5538 Filius,
3088 5480 3315 5524 necesse
3339 5471 3423 5521 est
3463 5465 3643 5521 omni-

1753 5659 1796 5689 ¹⁰
1824 5657 1976 5712 Joan.
2016 5673 2102 5717 xv,
2168 5659 2248 5711 L3.
