4046 6150
444 242 538 300 851
1684 248 1739 298 b.
1782 242 2108 301 GHEGORII
2151 243 2444 301 NYSSENI
3588 251 3691 307 85‘!

444 376 515 414 no
542 360 610 415 ab
647 358 878 415 inimicis
902 360 1088 431 gloria:
1123 359 1239 424 Dei,
1268 362 1315 418 si
1346 361 1563 431 quidem
1602 359 1775 418 Filius
1824 377 2018 418 servus

2143 361 2210 415 ;bv
2236 363 2453 434 Πατέρα
2487 365 2564 426 είς
2593 363 2833 418 δουλείαν
2861 364 3217 432 κατάγεσθαι.
3247 363 3417 419 Οὐδὲν
3446 365 3555 435 γάρ
3577 369 3691 421 ἐστι

442 459 551 516 est,
584 451 749 505 etiam
785 451 997 505 Patrem
1032 452 1088 506 in
1124 452 1440 508 servitutem
1470 453 1659 524 redigi.
1694 453 1838 507 Nihil
1861 455 2009 509 enim

2143 454 2223 509 ’ὦν
2250 457 2307 508 ὲν
2329 455 2407 525 τῷ
2439 456 2551 526 Υίῷ
2584 456 2991 526 θεωρουμένων,
3022 457 3049 508 δ
3092 456 3166 527 μὴ
3215 456 3308 509 τοῦ
3338 458 3550 528 Πατρός
3581 461 3693 512 ἐστι

444 551 530 599 est
562 527 747 597 eorum
782 556 911 611 qua:
933 544 989 597 in
1024 541 1185 606 Filio,
1218 552 1558 613 spectantur,
1611 545 1755 615 quod
1786 560 2015 614 prorsus

2143 546 2352 607 ιάντως.
2395 546 2595 599 Πάντα
2634 565 2654 612 ·,
2670 548 2770 616 ἀρ,
2810 548 2975 615 φησί,
3012 546 3084 600 τὰ
3107 547 3219 616 ἐμά
3250 547 3332 601 σὰ
3351 587 3365 611 ,
3392 527 3493 602 καί
3516 548 3587 602 τὰ
3611 551 3697 605 σὰ

448 649 553 689 non
576 632 647 689 sit
674 632 871 689 Patris.
905 635 1101 690 Omnia
1137 637 1304 702 enim,
1346 638 1444 702 ait,
1490 655 1606 692 mea
1645 647 1735 691 tua
1772 650 1914 702 sunt,
1966 647 2016 691 et

2143 638 2248 705 μά.
2273 638 2337 690 Τί
2365 634 2457 691 οὖν
2487 639 2700 701 ἐροῦσιν
2730 640 2779 692 oi
2807 639 3064 704 δείλαιοι;
3105 639 3169 692 Τί
3198 634 3291 693 οὖν
3328 640 3698 710 εὐλογώτερον

446 735 539 779 tua
568 743 682 780 mea
711 728 778 782 ἰ.
812 727 955 792 Quid
988 731 1155 800 igitur
1177 731 1373 787 miselli
1407 731 1638 786 dicent?
1680 732 1820 797 Quid
1852 733 2019 803 igitur

2143 731 2207 784 ξὺν
2232 731 2359 783 Υίὺν
2376 733 2439 801 τῇ
2474 731 2718 801 βασιλείᾳ
2743 731 2836 784 τοῦ
2858 730 3071 802 Πατρὸς
3099 730 3478 798 ὲνδοξέιζεσθαι
3505 735 3598 787 τὸν
3618 736 3699 787 εἰ·

444 814 619 884 magis
648 826 1079 873 consentaneum
1105 817 1297 875 Filium
1350 823 1498 892 regia
1535 818 1712 877 Patris
1755 830 2021 891 potestate

447 905 760 968 clariﬁcari,
784 907 876 975 qui
900 908 1071 962 dixit:
1098 907 1291 964 Omnia
1323 918 1415 965 tua
1451 926 1569 965 mea
1591 921 1741 977 sunt,
1764 922 1818 966 et
1850 913 2016 967 clari-

449 999 643 1053 licatus
673 1014 794 1053 sum
820 1000 877 1055 in
910 1000 1063 1070 ipsis,
1080 1002 1165 1057 vel
1183 1000 1393 1057 Patrem
1413 1003 1712 1072 ignominia
1746 1004 1816 1058 oh
1846 1005 2020 1059 servi-

449 1099 620 1144 tutem
655 1088 780 1145 Filii
833 1093 1229 1152 contumeliose
1265 1093 1441 1148 adici?
1469 1093 1587 1150 Non
1617 1096 1760 1149 enim
1820 1110 1918 1164 par
1942 1106 2024 1151 est

448 1198 573 1236 eum
614 1183 706 1251 qui
736 1183 1061 1256 omniaquae
1110 1191 1238 1239 sunt
1298 1183 1416 1239 Filii
1444 1187 1495 1239 in
1559 1187 1737 1256 seipso
1780 1188 2021 1257 comple-

450 1272 638 1337 etitur,
666 1278 720 1327 et
742 1273 832 1341 qui
865 1275 981 1344 ipse
1007 1283 1089 1330 est
1112 1276 1164 1328 in
1185 1274 1343 1339 Filio,
1362 1291 1471 1330 nou
1496 1278 1658 1332 etiam
1691 1278 1744 1331 in
1766 1279 2027 1334 servitute

452 1362 576 1418 Filii
602 1379 827 1435 prorsus
847 1380 989 1431 esse,
1009 1374 1173 1437 atque
1196 1368 1252 1421 in
1278 1368 1459 1438 seipso
1475 1370 1788 1425 servitutem
1808 1369 2024 1425 habere.

451 1455 578 1511 Hac
619 1464 752 1512 sunt
782 1458 1040 1527 praeclara
1076 1458 1330 1513 Eunomii
1369 1460 1648 1529 sapientiae
1675 1460 2025 1525 documenta,

450 1562 551 1618 per
572 1562 714 1618 quae,
755 1549 886 1604 dum
928 1552 1193 1606 servitute
1221 1552 1614 1607 contumeliose
1628 1551 1900 1607 deformat
1925 1551 2028 1605 Do-

454 1640 684 1705 minam,
715 1642 965 1699 eamdem
996 1643 1351 1715 ignominiam
1406 1646 1811 1716 iucorruptibili
1840 1646 2029 1716 gloriae

453 1728 634 1785 Patris
663 1730 849 1786 inurit.
1066 1735 1094 1745 "

528 1821 633 1876 Sed
661 1838 854 1879 rursus
881 1823 946 1878 ad
970 1838 1029 1879 ea
1045 1840 1167 1894 qum
1185 1825 1239 1880 in
1257 1827 1479 1897 scriptis
1515 1835 1820 1897 sequuntur
1841 1841 2027 1883 recur-

458 1928 664 1970 ramus.
708 1915 850 1981 Quid
886 1915 1022 1971 dicit
1064 1917 1130 1972 de
1169 1915 1457 1989 Unigenito
1496 1918 1841 1976 Eunomius?
1872 1921 2027 1989 Quod

459 2005 566 2060 sibi
597 2020 704 2060 non
733 2005 874 2061 hanc
899 2008 1216 2077 dignitatem
1233 2010 1506 2075 vindicat;
1538 2011 1854 2082 dignitatem
1881 2013 2027 2083 enim

459 2096 705 2149 nominat
732 2096 851 2164 ejus
875 2097 967 2166 qui
992 2105 1075 2153 est
1100 2100 1533 2167 appellationem.
1573 2099 1618 2156 Ο
1653 2101 2029 2158 admirabilem

460 2187 856 2259 philosophiam
884 2191 895 2243 !
930 2189 1063 2256 Quis
1089 2207 1326 2265 unquam
1362 2201 1483 2263 post
1508 2194 1787 2249 hominum
1822 2212 2029 2252 memo-

458 2279 621 2347 riam,
676 2280 791 2336 sive
840 2281 982 2353 apud
1035 2280 1275 2351 Graecos,
1329 2284 1446 2340 sive
1499 2284 1642 2354 apud
1690 2285 2028 2342 barbaricam

459 2371 860 2442 philosophiam
894 2390 909 2427 :
937 2372 1061 2444 quis
1087 2382 1334 2429 nostrum
1354 2415 1369 2441 ,
1402 2377 1527 2445 quis
1562 2377 2030 2432 omniumaatatum

461 2463 763 2529 hoininum,
790 2480 988 2521 nomen
1010 2465 1289 2537 dignitatis
1310 2467 1423 2521 cnti
1440 2468 1732 2538 imposuit?
1758 2468 2031 2538 Quidquid

460 2555 605 2613 enim
623 2555 957 2613 cxsislensin
975 2572 1155 2611 rerum
1177 2566 1369 2611 natura
1388 2554 2033 2622 consideratur,commu-

464 2647 553 2699 nis
597 2647 853 2715 loquendi
884 2650 1224 2703 consuetudo
1284 2665 1406 2704 esse
1438 2650 1571 2703 dicit
1609 2664 1623 2700 :
1678 2664 1707 2702 a
1732 2648 1900 2703 verbo
1934 2666 2032 2703 au-

465 2745 573 2791 tem
597 2753 756 2803 esse,
781 2741 924 2794 entis
958 2740 1327 2794 denominatio
1359 2740 1583 2794 formata
1612 2750 1715 2796 est.
1759 2743 1861 2796 Sed
1891 2758 2035 2798 nunc

467 2841 608 2882 novo
658 2828 952 2883 locutionis
995 2844 1216 2899 genere,
1274 2846 1374 2899 pro
1420 2832 1563 2887 entis
1616 2833 2031 2903 signiﬁcatione,

466 2934 565 2972 vox
604 2919 887 2989 dignitatis
944 2931 1277 2990 usurpatur:
1310 2922 1443 2977 dicit
1491 2924 1635 2978 enim
1687 2922 1881 2977 Filium
1926 2940 2034 2979 non

465 3007 571 3064 sibi
624 3008 903 3065 vindicare
949 3011 1293 3081 dignitatem,
1344 3013 1439 3083 qui
1482 3028 1580 3083 per
1623 3013 1834 3069 Patrem
1869 3023 2033 3071 estet

467 3098 634 3163 vivit;
689 3099 781 3169 qui
825 3115 1004 3171 neque
1054 3101 1391 3173 Scripturam
1441 3105 1603 3161 habet
1651 3107 1716 3161 ad
1770 3111 2041 3165 sermonis

469 3191 929 3261 patrociniumet
964 3194 1359 3261 defensionem,
1417 3214 1594 3269 neque
1653 3215 1750 3270 per
1804 3201 2040 3271 aliquam

470 3285 918 3354 consequentiam
960 3286 1028 3340 ad
1074 3286 1217 3341 hanc
1244 3290 1541 3344 amentiam
1574 3306 1881 3367 sermonem
1913 3308 2041 3361 pro-

469 3374 646 3444 duxit,
675 3377 769 3432 sed
806 3378 971 3432 veluti
1007 3377 1349 3434 ﬂatulentum
1380 3381 1700 3435 alimentum
1738 3382 2044 3437 visceribus

468 3468 745 3538 ingerens,
784 3470 1114 3540 indigestum
1158 3485 1261 3525 nec
1289 3471 1505 3527 ratione
1549 3474 1867 3528 conclusum
1898 3476 2045 3528 velut

471 3561 759 3628 quemdam
782 3570 982 3615 tetrum
1000 3562 1210 3626 ﬂatum,
1237 3562 1629 3632 blasphemiam
1650 3574 1877 3620 eructat.
1902 3566 2043 3632 Non,

470 3650 668 3716 inquit,
699 3651 861 3704 talem
895 3651 1216 3721 dignitatem
1262 3653 1367 3707 sibi
1412 3654 2048 3711 attribuil:concedatur

473 3740 601 3817 ipsi,
642 3754 747 3795 ens
796 3741 1118 3811 dignitatem
1165 3745 1458 3799 nominari.
1504 3745 1644 3809 Quid
1695 3747 1900 3817 igitur?
1953 3750 2047 3819 qui

472 3841 576 3896 est,
609 3846 732 3887 esse
767 3848 873 3887 non
902 3833 1006 3889 sibi
1033 3835 1312 3905 proprium
1343 3835 1817 3905 facit?Quoniam,
1844 3839 2045 3909 inquit,

475 3936 571 3991 per
610 3921 823 3977 Patrem
883 3933 986 3979 est.
1041 3924 1182 3997 Ergo
1251 3942 1359 3980 non
1405 3941 1527 3982 esse
1560 3928 1699 3984 dicis
1758 3945 1905 3993 eum,
1954 3929 2049 3999 qui

473 4028 597 4068 esse
632 4013 735 4068 sibi
778 4029 883 4069 non
922 4016 1207 4071 vindicat?
1257 4017 1391 4072 Nam
1430 4035 1537 4075 non
1582 4035 1704 4075 esse
1742 4022 2046 4091 proprium,

472 4112 529 4173 et
565 4105 801 4159 alienum
836 4121 961 4161 esse
1010 4106 1151 4161 idem
1197 4108 1468 4177 signiﬁcat
1509 4128 1522 4163 :
1555 4119 1609 4164 et
1642 4110 1930 4167 manifesta
1971 4113 2049 4166 si-

474 4196 857 4270 gnillcatorum
884 4200 1163 4253 contraria
1190 4198 1519 4255 diﬂ'erentia.
1562 4201 1716 4267 Quod
1751 4204 1896 4257 enim
1935 4219 2053 4273 pro-

474 4290 654 4360 prium
695 4303 804 4345 non
849 4297 955 4355 est,
998 4291 1275 4357 alienum;
1324 4299 1379 4346 et
1426 4292 1571 4361 quod
1627 4294 1886 4359 alienum,
1941 4310 2048 4350 non

2124 821 2312 882 πάντα,
2348 823 2428 875 ὅτι
2456 822 2536 876 Τὰ
2564 824 2631 876 σά
2660 822 2767 893 ἐμά
2787 843 2799 856 ο
2842 823 2934 875 καὶ
2968 823 3290 892 δεδόξασμαι
3324 823 3382 875 ὲν
3411 824 3595 885 αὐτοῖς
3618 841 3633 853 ⁸
3664 825 3700 894 ἢ

2122 911 2213 964 τὸν
2241 913 2460 984 Πατέρα
2486 916 2551 983 τῇ
2576 913 2766 984 ἀτιμίᾳ
2785 913 2886 982 τῆς
2910 913 3150 977 δουλείας
3173 913 3264 967 τοῦ
3285 912 3413 967 Υίοῦ
3437 913 3705 984 καθυϐρί⁴

2124 1002 2308 1066 ζεσθαι
2332 1022 2342 1065 ;
2373 1005 2445 1055 Ού
2471 1005 2581 1076 γὰρ
2604 1007 2717 1061 ἐστι
2752 1006 2842 1058 τὸν
2868 1004 3043 1058 πάντα
3065 1007 3131 1058 τὰ
3153 1004 3243 1058 τοῦ
3272 1004 3404 1058 Υἰοῦ
3434 1007 3492 1058 ὲν
3521 1006 3709 1077 ἑαυτῷ

2125 1095 2464 1165 περιέχοντα,
2493 1095 2587 1148 καὶ
2616 1096 2773 1149 αὐτὸν
2803 1098 2857 1149 ὲν
2887 1095 2964 1166 τῷ
2991 1096 3103 1167 Υίῷ
3132 1098 3279 1159 ὄντα,
3319 1096 3394 1167 μὴ
3422 1096 3514 1149 καὶ
3544 1098 3602 1148 ὲν
3633 1100 3701 1166 τῇ

2124 1188 2335 1258 δουλείᾳ
2362 1188 2453 1240 τοῦ
2489 1188 2618 1241 Υίοῦ
2643 1189 2858 1251 πάντως
2887 1186 3045 1251 εἶναι,
3080 1190 3175 1242 καὶ
3202 1191 3259 1242 ὲν
3295 1188 3442 1258 αύτῷ
3468 1189 3568 1259 τὴν
3591 1190 3708 1242 δου-

2125 1280 2274 1333 λείαν
2302 1279 2463 1351 ἔχειν.
2493 1280 2674 1333 Ταῦτα
2695 1281 2949 1353 κατορθοῖ
2967 1282 3052 1334 διὰ
3078 1282 3179 1353 τῆς
3201 1281 3391 1349 σοφίας
3417 1282 3706 1352 Εὑνόμιος,

2125 1371 2193 1423 δι’
2219 1364 2296 1425 ὧν
2344 1370 2659 1442 καθυϐρίζει
2707 1375 2772 1443 τῇ
2818 1373 3029 1442 δουλείᾳ.
3074 1372 3165 1426 τὸν
3199 1371 3435 1441 Κύριον,
3473 1373 3572 1444 τὴν
3601 1374 3711 1425 αὖ·

2125 1461 2222 1532 τὴν
2254 1463 2480 1533 ἀτιμίαν
2510 1466 2575 1534 τῇ
2616 1465 2876 1535 ἀκηράτῳ
2902 1462 3026 1535 δόξῃ
3068 1462 3162 1518 τοῦ
3190 1464 3404 1534 Πατρός
3444 1482 3713 1535 προστρι-

2128 1554 2189 1605 66
2197 1570 2374 1624 μενος.

2202 1814 2344 1867 Ἀλλ’
2380 1816 2851 1887 ὲπαναδράμωμεν
2890 1816 3052 1870 πάλιν
3084 1817 3175 1869 ἐπὶ
3200 1817 3299 1886 τὴν
3332 1816 3439 1869 τῶν
3466 1834 3723 1887 γεγραμο

2136 1908 2311 1978 μένων
2364 1908 2702 1963 ἀκολουθίαν.
2772 1908 2837 1962 Τί
2879 1907 3027 1977 λέγει
3073 1908 3202 1978 περὶ
3242 1909 3335 1962 τοῦ
3375 1910 3721 1978 Μονογενοῦς

2132 2006 2161 2055 ὁ
2192 2001 2481 2071 Εὐνόμιος;
2510 2002 2630 2053 Ὅτι
2667 2001 2767 2053 οὐκ
2803 1999 3097 2053 οίγλιοῦται
3137 2001 3338 2071 ταύτην
3379 1999 3479 2071 τὴν
3515 2000 3717 2064 ἀξίαν·

2136 2092 2293 2158 ἀξίαν
2337 2092 2447 2162 γὰρ
2482 2092 2735 2162 ὀνομάζει
2775 2093 2876 2163 τὴν
2943 2092 3035 2145 τοῦ
3103 2093 3255 2154 ὄντος
3315 2093 3720 2163 προσηγορίαν.

2141 2183 2206 2234 Ὢ
2245 2183 2551 2254 παραλόγου
2605 2183 2949 2252 φιλοσοφίαςῐ
3009 2185 3091 2245 τίς
3129 2184 3237 2236 τῶν
3292 2185 3509 2239 πώποτε
3550 2201 3719 2251 γεγο-

2136 2275 2302 2328 νάτων
2340 2274 2667 2345 ἀνθρώπων,
2724 2277 2834 2328 είτε
2893 2279 3023 2347 παρ’
3050 2276 3336 2345 Ἕλλησιν,
3378 2276 3490 2327 εἴτε
3560 2277 3725 2345 παρά

2136 2369 2202 2438 τῇ
2239 2366 2544 2437 βαρϐαρικῇ
2588 2366 2906 2440 φιλοσοφίᾳο
2964 2368 3045 2431 τίς
3085 2367 3194 2421 τῶν
3239 2369 3358 2422 καθ’
3401 2369 3583 2439 ἡμᾶς,
3626 2370 3725 2434 τίς

2138 2459 2245 2512 τῶν
2272 2461 2328 2513 ὲν
2366 2460 2527 2513 παντὶ
2566 2458 2642 2529 τῷ
2679 2459 2888 2531 χρόνῳ,
2932 2460 3087 2525 ἀξίας
3124 2460 3294 2529 ὄνομα
3333 2460 3410 2530 τῷ
3446 2460 3559 2513 ὄντι
3596 2461 3726 2516 ἑθε-

2138 2568 2233 2615 το;
2274 2552 2389 2604 Πᾶν
2429 2552 2534 2621 γὰρ
2573 2550 2635 2603 τὸ
2673 2554 2730 2604 ἐν
2769 2551 3059 2605 ὑποστάσει
3098 2551 3468 2622 θεωρούμενον
3528 2554 3561 2623 ή
3606 2570 3729 2606 κοι-

2139 2642 2203 2714 νὴ
2227 2642 2334 2695 τῶν
2354 2642 2495 2713 λόγῳ
2522 2644 2871 2713 κεχρημένων
2894 2642 3150 2715 συνήθεια
3179 2640 3316 2697 εἶναι
3334 2644 3500 2712 λέγει.
3554 2646 3726 2716 Harp}:

2139 2735 2196 2788 δὲ
2239 2734 2300 2788 τὸ
2353 2728 2509 2798 εἶναι,
2555 2736 2588 2802 ἡ
2637 2734 2731 2786 τοῦ
2776 2735 2929 2797 ὄντος
2969 2735 3251 2805 ἐπωνυμία
3298 2736 3729 2806 παρεσχηματιο

2142 2842 2285 2880 σται.
2349 2824 2507 2880 Ἀλλά
2550 2824 2644 2879 νῦν
2689 2828 3089 2895 καινοτομεῖται
3121 2826 3259 2879 κατά
3284 2827 3382 2897 τῆς
3421 2826 3516 2880 τοῦ
3565 2829 3728 2892 ὄντος

2143 2918 2435 2990 σημασίας,
2464 2920 2497 2988 ἡ
2515 2919 2612 2987 τῆς
2639 2917 2794 2982 ἀξίας
2823 2919 2996 2988 φωνή.
3051 2917 3212 2986 Λέγει
3238 2918 3347 2987 γὰρ
3369 2918 3460 2970 τὸν
3484 2918 3612 2970 Υἱδν
3646 2920 3726 2987 μὴ

2142 3008 2469 3063 οἰκειοῦσθαι
2505 3010 2603 3080 τὴν
2625 3009 2718 3062 τσῦ
2743 3009 2896 3072 ὄντος
2921 3008 3095 3074 ἀξίαν,
3128 3008 3219 3061 τὸν
3254 3009 3343 3061 διά
3370 3009 3464 3061 τὸν
3497 3010 3727 3078 Πατέρα

2143 3098 2271 3153 ὄντα
2302 3100 2396 3153 καὶ
2430 3098 2623 3162 ζῶντα,
2651 3096 2776 3151 οὗτε
2812 3100 3035 3170 Γραφὴν
3080 3099 3217 3169 έχων
3254 3098 3349 3152 τοῦ
3389 3099 3550 3167 λόγου
3591 3118 3726 3169 προ-

2146 3190 2481 3261 στήσασθαι,
2549 3189 2671 3243 οὔτε
2715 3190 2805 3244 διά
2852 3207 2995 3253 τινος
3050 3190 3370 3252 ἀκολουθίας
3432 3190 3569 3260 πρὸς
3622 3192 3730 3261 τὴν

2145 3283 2327 3336 ἄνοιαν
2348 3282 2553 3350 ταύτην
2582 3281 2945 3352 προσαγαγὼν
2985 3282 3076 3335 τὸν
3119 3281 3276 3351 λόγον
3298 3298 3309 3309 ’
3345 3281 3459 3334 ἀλλ’
3493 3280 3568 3344 ὣς
3600 3298 3732 3336 τινα

2147 3370 2367 3441 φυσώδη
2399 3371 2605 3442 τροφὴν
2635 3374 2747 3435 τοῖς
2793 3372 3118 3442 σπλάγχνοις
3158 3372 3475 3442 ινθέμενος,
3516 3372 3732 3427 ἀκατά-

2099 3500 2101 3502 -
2147 3465 2340 3516 σκευόν
2366 3481 2425 3516 τε
2450 3465 2543 3517 καὶ
2573 3464 2979 3531 ἀσυλλόγιστον,
3009 3458 3119 3517 οἷόν
3140 3480 3193 3517 τι
3221 3463 3437 3533 πνεῦμα
3463 3463 3729 3528 δυσῶδες,

2145 3555 2243 3627 τὴν
2288 3556 2634 3626 βλασφημίαν
2681 3556 2988 3626 ἐρεύγεται.
3054 3558 3169 3610 Οὐκ
3204 3555 3518 3619 οἰκειοῦται,
3565 3558 3730 3626 φησὶ,

2146 3646 2349 3717 ταύτην
2374 3646 2473 3718 τὴν
2503 3646 2688 3712 ἀξίανο
2710 3647 2939 3701 δεδόσθω
2971 3648 3033 3700 τὸ
3056 3647 3115 3700 ὃν
3156 3646 3312 3710 ἀξίαν
3353 3646 3730 3715 κατονομάζε-

2151 3738 2292 3793 σθαι.
2326 3738 2392 3791 Τί
2421 3736 2513 3793 οὖν
2536 3734 2559 3804 ;’
2614 3739 2674 3791 '0
2713 3737 2789 3791 ὢν
2818 3740 2917 3791 οὐκ
2966 3738 3262 3792 οἰκειοῦται
3288 3738 3349 3791 τὸ
3381 3734 3521 3791 εἶναι
3548 3738 3729 3802 ;”Οτι,

2150 3833 2306 3901 φησὶ,
2339 3831 2427 3885 διὰ
2449 3832 2541 3884 τὸν
2568 3830 2785 3901 Πατέρα
2819 3829 2983 3883 ἐστίν.
3038 3828 3245 3883 Οὐκοῦν
3277 3828 3349 3899 μὴ
3373 3824 3511 3882 εἶναι
3546 3827 3731 3894 λέγεις

2149 3922 2240 3976 τὸν
2286 3917 2423 3974 εἶναι
2471 3920 2544 3991 μὴ
2576 3918 2985 3989 οἰκειούμενον;
3029 3918 3104 3970 Τὸ
3133 3918 3238 3989 γάρ
3289 3917 3364 3987 μὴ
3393 3916 3731 3970 οἰκειοῦσθαι

2151 4015 2229 4085 τῷ
2260 4013 2666 4084 ἀλλοτριοῦσθαι
2717 4010 2879 4065 ταύτὸ
2919 4009 3209 4080 σημαίνει,
3258 4010 3350 4061 καὶ
3398 4008 3663 4079 πρόδηλος
3694 4012 3727 4078 ή

2149 4107 2259 4159 τῶν
2289 4104 2699 4175 σημαινομένων
2732 4102 3136 4172 ἀντιδιαίρεσις.
3197 4099 3270 4153 Τό
3297 4116 3355 4153 τε
3389 4100 3497 4169 γὰρ
3530 4102 3730 4153 οἰκεῖον

2152 4198 2253 4251 οὐκ
2279 4191 2600 4266 ἀλλότριον,’
2633 4197 2727 4249 καὶ
2762 4195 2822 4247 τὸ
2848 4194 3127 4264 ἀλλότριον
3153 4193 3252 4246 οὐκ
3283 4195 3503 4245 οἰκεῖον.
3547 4192 3606 4244 Ὀ
3633 4187 3731 4244 οὖν

2157 4291 2231 4360 μὴ
2266 4289 2629 4358 οἰκειούμενος
2675 4287 2735 4339 τὸ
2782 4282 2921 4340 εἶναι
2960 4285 3315 4356 ἠλλοτρίωται
3364 4284 3581 4347 πάντως
3632 4283 3729 4335 τοῦ

474 4387 555 4434 est
600 4382 879 4451 prOprium
917 4401 929 4437 :
962 4380 1054 4453 qui
1100 4382 1266 4453 igitur
1309 4398 1420 4438 non
1462 4384 1565 4440 sibi
1601 4387 1883 4455 preprium
1926 4402 2038 4443 esse

2152 4377 2313 4437 εῖναι.
2377 4381 2436 4435 Ὀ
2464 4378 2520 4432 δὲ
2558 4380 2651 4432 τοῦ
2698 4375 2836 4443 εἶναι
2868 4379 3162 4449 ἀλλότριος,
3217 4377 3275 4428 ὲν
3322 4375 3401 4446 τῷ
3444 4371 3583 4429 εἶναι
3628 4375 3731 4427 οὐκ

474 4471 691 4538 asserit,
735 4472 1002 4529 alienatus
1044 4483 1130 4529 est
1177 4490 1404 4544 prorsus
1441 4476 1510 4530 ab
1538 4491 1603 4532 eo
1647 4478 1792 4547 quod
1843 4479 2046 4533 dicitur

475 4577 611 4619 esse.
668 4563 772 4630 Qui
817 4573 995 4620 autem
1029 4565 1097 4620 ab
1129 4582 1194 4621 eo
1230 4567 1374 4638 quod
1415 4576 1520 4632 est,
1558 4570 1768 4625 alienus
1797 4579 1909 4635 est,
1936 4587 2045 4627 non

475 4662 559 4709 est
607 4654 662 4710 in
716 4670 858 4711 esse.
893 4653 1000 4713 Sed
1039 4656 1205 4728 hujus
1262 4659 1619 4717 absurditatis
1663 4663 2045 4718 necessitatem

476 4743 708 4800 subinde
749 4742 957 4802 addidit
1000 4763 1126 4803 cum
1159 4750 1333 4814 dixit,
1364 4750 1499 4805 Cum
1532 4752 1689 4821 hujus
1718 4752 2047 4807 dominatrix

476 4838 701 4904 essentia
732 4839 799 4891 ad
839 4842 1064 4908 seipsam
1106 4843 1329 4896 traxerit
1372 4844 1505 4899 emis
1553 4846 1797 4900 notitiam
1825 4861 1844 4899 :
1889 4845 2054 4915 hujus

480 4934 659 5003 autem
701 4929 1027 4986 inconcinna
1077 4935 1295 5003 quidem
1325 4936 1538 4991 locutio
1582 4936 1801 4992 silentio
1833 4946 2056 5008 praeter-

478 5027 655 5083 eatur,
694 5020 789 5075 sed
830 5023 975 5093 quod
1025 5025 1079 5077 in
1120 5026 1237 5079 suis
1266 5026 1425 5082 dictis
1464 5028 1761 5090 contendit,
1823 5029 1875 5083 id
1927 5044 2055 5084 vero

477 5111 816 5183 exquiratur.
887 5112 1121 5182 Quinam
1172 5128 1255 5173 est
1300 5120 1518 5175 tandem
1573 5137 1754 5177 sermo
1796 5123 1889 5191 qui
1952 5123 2049 5177 de-

481 5212 747 5259 monstret
799 5203 978 5262 Patris
1015 5209 1310 5263 essentiam
1376 5210 1668 5282 Unigenito
1733 5211 2051 5266 dominari?

482 5292 693 5350 Rursus
743 5311 809 5351 ex
860 5296 1030 5351 nimia
1086 5298 1387 5368 repletione
1428 5302 1588 5357 uobis
1643 5302 2050 5368 cructat:Quis

481 5386 811 5455 evangelista
868 5386 1035 5458 hujus
1079 5392 1348 5447 sermonis
1399 5401 1484 5447 est
1524 5393 1750 5448 auctor?
1790 5392 1921 5460 Qua:
1964 5394 2050 5448 in-

483 5478 664 5531 cursio
710 5476 1037 5534 dialectica?
1084 5495 1206 5551 quae
1248 5484 1673 5555 propositiones,
1725 5500 1846 5557 quae
1916 5501 2042 5556 pro-

566 5643 605 5673 “
642 5642 799 5703 Joan.
834 5666 963 5718 xvn,
1000 5652 1080 5715 l0.

2153 4476 2318 4527 ἔστιν.
2367 4471 2529 4526 Ἀλλά
2570 4474 2669 4541 τὴν
2705 4473 2953 4542 ἀνάγκην
2982 4471 3080 4541 τῆς
3124 4470 3351 4531 ἀτοπίας
3398 4467 3601 4536 ταύτης
3624 4469 3728 4519 ἑπ-

2153 4568 2360 4638 ήγαγεν
2380 4563 2566 4627 εἰπὼν,
2598 4561 2714 4631 Τῆς
2742 4563 2837 4617 καὶ
2860 4563 3072 4641 τούτου
3092 4562 3495 4628 κυριευούσης
3516 4559 3731 4625 οὐσίας

2152 4665 2304 4729 πρὸς
2335 4655 2559 4723 ἑαυτὴν
2589 4655 2893 4721 ἑλκούσης
2934 4652 3049 4720 τὴν
3094 4652 3201 4705 τοῦ
3249 4652 3421 4713 ὄντος
3464 4652 3726 4703 ἔννοιαν.

2153 4749 2356 4804 Τούτου
2387 4749 2445 4801 δὲ
2472 4748 2531 4801 τὸ
2562 4747 2660 4817 μὲν
2690 4745 2828 4797 κατά
2858 4743 2957 4814 τὴν
2988 4743 3298 4812 σύμφρασιν
3334 4741 3707 4810 ἀσυνάρτητον

2155 4839 2482 4896 σιωπάσθωο
2532 4837 2593 4888 τὸ
2623 4836 2678 4888 δὲ
2703 4834 3135 4902 σπουδαζόμενον
3167 4835 3227 4885 ὲν
3272 4833 3384 4893 τοῖς
3414 4830 3732 4899 λεγομένοις

2152 4930 2507 4997 ἐξεταζέσθω.
2558 4927 2715 4988 Τίνος
2753 4924 3128 4988 ἀποδείξαντος
3158 4924 3316 4990 λόγου
3346 4921 3406 4974 τὸ
3454 4920 3732 4989 κυριεύειν

2153 5024 2246 5078 τοῦ
2288 5019 2626 5088 Μονογενθῦς
2651 5018 2749 5086 τὴν
2784 5014 2878 5068 τοῦ
2926 5016 3138 5085 Πατρὸς
3181 5010 3627 5077 οὑσίανςθηάλιν
3666 5011 3732 5061 ὲκ

2153 5118 2250 5181 τῆς
2275 5112 2566 5182 πληθώρας
2585 5110 2715 5181 ἡμῖν
2740 5106 3190 5177 προσερεύγεταιο
3216 5104 3311 5167 Τίς
3337 5102 3730 5171 εὐαγγελιστὴς

2151 5207 2340 5263 τούτου
2375 5204 2612 5274 προέστη
2642 5201 2735 5253 τοῦ
2780 5200 2978 5267 λόγου;
3026 5199 3121 5260 Τίς
3154 5196 3336 5265 ἔφοδος
3373 5194 3723 5262 διαλεκτική;

2154 5301 2312 5353 Ποῖαι
2341 5296 2665 5368 προτάσεις;
2721 5293 2875 5355 Τίνες
2898 5289 3233 5344 κατασκευαὶ
3267 5288 3329 5341 τὸ
3377 5285 3730 5357 κυριεύεσθαι

2153 5391 2243 5444 τὸν
2267 5389 2525 5460 μονογενῆ
2556 5386 2686 5439 Θεὸν
2718 5384 2805 5438 διά
2843 5399 2985 5445 τινος
3028 5380 3347 5441 ἀκολουθίας
3395 5377 3725 5440 ἀπέδειξανς

2168 5480 2328 5537 Ἀλλὰ
2356 5480 2490 5551 πρὸς
2519 5476 2714 5549 ἑαυτὴν
2734 5476 2903 5539 ἕλκει,
2931 5474 3116 5543 φησὶν,
3158 5473 3192 5543 ἡ
3223 5468 3317 5524 τοῦ
3354 5468 3486 5522 Υἰοῦ
3512 5462 3729 5538 κυριεύ-
