4046 6150
344 254 450 312 867

1471 253 1751 312 CONTRA
1791 248 2181 314 EUNOMIUM,
2223 250 2353 308 LIB.
2396 252 2487 307 XI.

3524 253 3629 311 858

348 371 526 443 ὄχλον.
554 371 620 425 Τί
664 372 773 443 γὰρ
812 371 876 426 ἂν
903 370 1062 443 πλέον
1106 371 1357 444 εὑρεθείη
1389 375 1519 442 παρ’
1551 370 1705 443 ἡμῶν
1731 371 1809 433 εἰς
1838 367 1935 440 τὴν

2046 368 2499 437 reprehensiones
2548 368 2881 432 ind’ucendo,
2941 366 3145 435 frustra
3196 368 3473 429 sustinere
3507 379 3628 426 tur-

344 463 449 535 τῆς
495 466 785 527 κακονοίας
839 452 1134 532 ἀπόδειξιν,
1175 459 1285 518 οἶόν
1316 465 1433 518 ἐστι
1486 464 1548 517 τὸ
1593 466 1657 516 ἐκ
1685 463 1777 516 τοῦ
1808 478 1975 535 προ--

345 555 529 626 χείρου
558 557 687 626 παρ’
720 555 899 608 αὐτῶν
938 558 995 609 ἐν
1042 558 1155 620 τοῖς
1182 554 1588 626 γεγραμμένοις
1637 553 1941 608 ἐπιδεικνύ-

348 663 549 716 μενον;
587 646 764 699 Μόνον
822 646 971 711 ἀξιον
1025 647 1124 717 τῆς
1160 647 1255 701 τοῦ
1312 648 1520 715 ἀγαθοῦ
1568 643 1940 717 προσηγορίας

346 738 481 810 φησί
509 738 598 791 τὸν
620 738 843 809 Πατέρα
864 756 876 770 ·
911 739 1060 810 μόνῳ
1098 739 1297 811 ἐκείνῳ
1326 740 1423 809 τὴν
1448 738 1706 808 τοιαύτην
1732 739 1940 789 ἐπωνυ-

351 832 476 904 μίαν
522 830 858 898 ὀφείλεσθαι,
895 831 971 893 ὡς
1019 830 1114 883 καί
1150 830 1246 883 τοῦ
1292 829 1423 884 Υίοῦ
1466 827 1850 898 συντιθεμένου
1879 826 1939 879 τὸ

349 925 495 995 μόνῳ
517 925 814 995 προσήκειν
841 922 1034 994 ἐκείνῳ
1046 923 1144 994 τὴν
1158 923 1490 993 ἀγαθότητα.
1517 920 1938 989 Ἀπολελόγηται

348 1018 486 1087 ὑπὲρ
515 1016 671 1086 ήμῶν
701 1018 729 1069 6
756 1016 1063 1086 κατήγορος
1090 1029 1106 1046 ⁶
1150 1016 1291 1086 τάχα
1334 1015 1443 1086 γάρ
1475 1032 1557 1077 τις
1594 1011 1938 1084 ὲπηρεαστὴς

347 1110 403 1165 ὲν
424 1111 534 1171 τοίς
565 1108 795 1161 κατόπιν
823 1108 1152 1179 ἐνομιζόμην
1168 1109 1278 1170 τοίς
1295 1106 1736 1177 ἐντυγχάνουσιν,
1772 1105 1828 1156 ὲν
1856 1098 1937 1165 οἷς

347 1196 697 1252 ἀπεδείκνυον
715 1197 993 1269 ἀλλότριον
1021 1200 1117 1268 τῆς
1146 1197 1417 1268 πατρικῆς
1450 1195 1787 1265 ἀγαθότητος
1812 1195 1937 1256 τοὺς

347 1289 750 1361 χριπομάχους
777 1290 1206 1355 κατασκευάζειν
1249 1289 1339 1344 τὸν
1378 1288 1602 1360 Κύριον.
1649 1288 1808 1342 Ἀλλὰ
1842 1286 1936 1341 νῦν

348 1377 505 1451 οἶμαι
537 1380 624 1435 διὰ
648 1382 746 1452 τῆς
787 1380 895 1435 τῶν
940 1382 1199 1435 ἐναντίων
1230 1380 1522 1452 ὁμολογίας
1562 1380 1937 1450 ἀποδεδεῖχθαι

348 1474 412 1527 τὸ
447 1474 525 1546 μή
552 1473 959 1544 συκοφαντικῶς
1003 1476 1151 1545 ημᾶς
1197 1473 1259 1527 τὸ
1282 1473 1519 1527 τοιοῦτον
1546 1472 1798 1544 ἔγκλημα
1826 1474 1937 1534 τοίς

348 1567 565 1637 ἐχθροῖς
581 1566 885 1637 ἐπιφέρειν.
933 1567 990 1619 '0
1025 1566 1135 1637 γὰρ
1159 1566 1304 1637 μόνῳ
1332 1564 1409 1636 τῷ
1434 1564 1610 1635 Πατρὶ
1640 1566 1757 1618 κατ’
1781 1564 1938 1630 ἀξίαν

347 1653 661 1725 ὀφείλεσθαι
680 1654 774 1707 τοῦ
793 1653 999 1723 ἀγαθοῦ
1019 1655 1118 1726 τὴν
1139 1654 1453 1725 ἐπωνυμίαν
1478 1654 1671 1722 λέγων,
1696 1652 1936 1723 κάκείνῳ

2046 458 2193 513 bam.
2236 458 2378 525 Quid
2421 461 2565 517 enim
2612 460 2851 530 amplius
2890 475 2921 514 a
2969 460 3129 515 nobis
3184 460 3413 513 inveniri
3456 460 3631 531 possit

2043 552 2111 607 ad
2158 553 2556 608 malevolentia
2596 552 3144 614 demonstrationem,
3188 567 3355 622 quam
3387 553 3532 622 quod
3571 554 3627 607 in

2040 653 2299 711 promptu
2331 642 2399 697 ab
2432 642 2572 712 ipsis
2608 643 2663 697 in
2708 643 2930 712 scriptis
2962 643 3289 708 ostenditur,
3326 644 3502 697 solum
3534 661 3631 714 ap-

2040 735 2333 804 pellatione
2360 735 2488 790 boni
2537 736 2763 805 dignum
2796 733 3010 789 Patrem
3042 736 3208 791 esse?
3239 733 3318 789 illi
3362 738 3489 800 soli,
3527 738 3626 800 ait,

2012 826 2205 880 ‘talem
2250 827 2672 897 appellationem
2727 825 2937 888 deberi,
2986 837 3040 880 ut
3089 825 3230 881 Filio
3278 829 3441 884 etiam
3495 830 3630 883 asti-

2040 917 2260 986 pulante
2308 917 2384 971 illi
2421 917 2523 971 soli
2574 917 2791 971 bonitas
2826 925 3121 986 competat.
3163 919 3267 973 l’ro
3291 919 3450 975 nobis
3486 936 3625 974 eau-

2040 1023 2158 1064 sam
2207 1008 2320 1078 egit
2386 1016 2709 1075 accusator;
2762 1008 3018 1064 fortassis
3072 1010 3217 1063 enim
3286 1012 3629 1082 sycophanta

2045 1099 2270 1169 quidam
2316 1108 2370 1155 et
2402 1101 2773 1155 calumniator
2816 1101 3118 1157 lectoribus
3162 1103 3518 1158 existimabar
3571 1106 3627 1160 in

2042 1190 2128 1245 his
2175 1205 2296 1260 quae
2328 1191 2483 1260 prius
2531 1205 2562 1243 a
2589 1206 2677 1245 me
2702 1191 2906 1260 scripta
2931 1200 3081 1256 sunt,
3124 1193 3177 1246 in
3201 1194 3400 1262 quibus
3424 1193 3630 1249 Christi

2039 1291 2450 1353 oppugnatores
2503 1281 2793 1337 Dominum
2823 1283 3060 1337 alienum
3105 1290 3159 1337 et
3202 1294 3474 1338 semotum
3507 1300 3630 1339 esse

2039 1390 2067 1427 a
2097 1384 2324 1443 paterna
2366 1374 2613 1429 bonitate
2638 1383 2977 1444 praestruere
3011 1374 3478 1430 demonstrabam.
3522 1376 3627 1430 Sed

2042 1480 2193 1522 nunc
2236 1468 2436 1536 opinor
2472 1481 2569 1536 per
2600 1465 3042 1523 adversariorum
3083 1466 3491 1523 confessionem
3535 1467 3631 1521 de-

2041 1566 2410 1613 monstratum
2437 1572 2580 1619 esse,
2620 1573 2728 1623 non
2760 1558 3033 1613 malitiose
3066 1566 3122 1612 et
3148 1559 3490 1614 calumniose
3527 1574 3628 1613 nos

2040 1647 2148 1700 tale
2188 1648 2398 1702 crimen
2441 1646 2684 1702 inimicis
2729 1646 2953 1702 inferre.
3002 1646 3105 1714 Qui
3150 1648 3296 1704 enim
3348 1651 3450 1704 soli
3481 1648 3628 1705 Patri

351 1745 499 1818 μόνῳ
525 1745 820 1816 προσήκειν
838 1742 1007 1799 εἰπὼν
1029 1743 1128 1815 τὴν
1147 1742 1401 1813 τοιαύτην
1426 1744 1633 1816 φωνὴν,
1654 1741 1751 1813 τὴν
1786 1759 1941 1813 περι-

2046 1753 2142 1809 pro
2198 1738 2469 1809 dignitate
2523 1740 2654 1795 boni
2702 1740 3123 1809 appellationem
3170 1741 3358 1796 deberi
3407 1743 3627 1805 asserit,

348 1835 688 1907 εσταλμένην
715 1837 774 1888 ὲν
803 1838 915 1898 τοῖς
966 1836 1271 1906 προάγουσι
1314 1834 1577 1907 πονηρίαν
1628 1834 1722 1889 νῦν
1745 1835 1939 1888 ἀνακε-

349 1927 687 1998 καλυμμένῳ
738 1925 1054 1997 ὃημοσιεύει
1106 1926 1183 1998 τῷ
1224 1925 1388 1997 λόγῳ.
1448 1927 1610 1997 Μόνῳ
1677 1928 1812 1997 φησί
1863 1927 1965 1997 τῷ,

352 2018 526 2090 Πατρ¹ι
549 2018 852 2089 προσήκειν
910 2016 1004 2071 τοῦ
1036 2016 1251 2087 ἀγαθοῦ
1290 2018 1389 2089 τὴν
1421 2018 1758 2088 ἐπωνυμίαν.
1795 2015 1943 2089 ’Δρα

353 2111 492 2182 μετά
520 2111 615 2178 τῆς
638 2110 969 2181 ἐγκειμένης
983 2112 1050 2181 τῇ
1068 2112 1218 2180 φωνῇ
1242 2108 1538 2181 σημασίας,
1567 2109 1599 2179 ἢ
1623 2110 1939 2180 διεζευγμέ-

350 2220 450 2273 νην
489 2203 590 2273 τῆς
617 2202 822 2266 οἰκείας
868 2202 1161 2273 ἐμφάσεως
1186 2220 1203 2269 ς
1238 2203 1299 2256 Ei
1333 2203 1430 2273 μὲν
1454 2199 1546 2256 οὖν
1574 2202 1825 2273 τδδνομα
1846 2202 1939 2255 τοῦ

352 2295 560 2363 ἀγαθοῦ
592 2295 753 2366 μόνον
791 2293 1077 2364 ἀνατίθησι
1136 2293 1213 2366 τῷ
1257 2295 1435 2366 Πατρὶ
1466 2295 1586 2349 κατ’
1637 2290 1937 2367 ἐξαίρετον,

354 2388 579 2455 ἐλεεινὸς
600 2389 665 2445 ἂν
689 2385 774 2457 εἴη
820 2387 922 2457 τῆς
957 2386 1200 2455 ἀλογίας.
1233 2388 1476 2458 ῥήματος
1497 2388 1744 2440 διακένου
1774 2388 1943 2456 ψόφον

352 2480 430 2551 τῷ
442 2481 617 2551 Πατρί
633 2478 1010 2551 χαριζόμενος.
1038 2479 1098 2531 Εἰ
1123 2479 1178 2531 δὲ
1214 2478 1272 2531 τὺ
1292 2479 1467 2549 νόημα
1494 2479 1554 2532 τὸ
1573 2479 1659 2532 διὰ
1687 2479 1780 2531 τοῦ
1804 2481 1942 2549 ἀγα-

353 2570 450 2625 θοῦ
488 2571 909 2643 σημαινόμενον,
950 2571 1097 2641 μόνῳ
1116 2571 1414 2642 προσήκειν
1429 2570 1599 2625 οἴεται
1623 2569 1698 2642 τῷ
1714 2570 1832 2641 Θεῷ
1850 2571 1942 2623 καί¹

354 2662 552 2731 Πατρὶ,
579 2661 862 2732 βδελυκτὸς
894 2661 961 2716 ἂν
977 2664 1060 2733 εἴη
1082 2663 1182 2734 τῆς
1208 2662 1602 2729 ἀσεϐείας,τῶν
1625 2662 1942 2733 Μανιχαίων

355 2752 454 2823 τὴν
476 2752 629 2807 νόσον
656 2752 751 2806 ἐπὶ.
792 2751 899 2808 τῶν
923 2751 1068 2805 ἰδίων
1088 2751 1373 2821 δογμάτων
1400 2752 1813 2823 ἀνανεούμενος.
1856 2753 1943 2816 Ὠς

359 2845 468 2917 γὰρ
492 2844 650 2913 ὑγεία
664 2844 756 2897 καὶ
784 2843 958 2909 νόσος,
982 2843 1156 2907 οὕτως
1190 2845 1281 2897 καὶ
1296 2844 1568 2914 ἀγαθότης
1588 2845 1679 2897 καὶ
1710 2844 1944 2916 πονηρία

361 2938 482 2999 ταῖς
509 2936 749 3007 ἀλλήλων
794 2937 1102 3015 ἀναιρέσεσι
1158 2938 1628 3009 παρυφίστανται·
1661 2937 1800 2991 ὥστε
1846 2938 1944 3009 τὴν

361 3027 456 3080 τοῦ
488 3028 608 3091 ἑνὸς
650 3028 934 3095 ἀπουσίαν,
974 3027 1209 3099 ὓπαρξιν
1236 3028 1328 3081 τοῦ
1369 3028 1555 3099 ἑτέρου
1582 3028 1847 3097 γίνεσθαι.
1881 3029 1944 3081 Εἰ

358 3115 454 3173 οὖν
485 3118 631 3189 μόνῳ
652 3118 729 3190 τῷ
772 3120 948 3189 Πατρὶ
983 3119 1282 3191 προσήκειν
1312 3118 1460 3188 λέγει
1483 3119 1581 3189 τὴν
1609 3118 1942 3189 ἀγαθότητα,

358 3209 637 3264 ἀποκλείει
668 3209 870 3281 ταύτης
896 3211 1002 3265 πᾶν
1027 3211 1055 3263 δ
1080 3227 1130 3264 τι
1149 3211 1412 3281 πάρεστιν
1438 3211 1494 3263 ὲν
1516 3212 1628 3274 τοῖς
1649 3206 1767 3263 οὖσι
1796 3209 1946 3279 παρά

356 3301 450 3356 τὸν
476 3301 694 3374 Πατέρα
732 3301 1042 3372 νοούμενον,
1075 3300 1213 3354 ὥστε
1238 3304 1350 3366 τοῖς
1387 3303 1521 3356 πᾶσι
1553 3303 1647 3357 καί
1670 3302 1760 3355 τὸν
1784 3318 1945 3373 μονοη

357 3396 490 3465 γενῆ
543 3395 677 3448 Θεὸν
710 3392 805 3448 τοῦ
856 3393 1063 3463 ἀγαθοῦ
1114 3394 1589 3466 συναπείργεσθαι.
1636 3395 1725 3458 Ὡς
1774 3394 1884 3467 γὰρ
1919 3396 1947 3447 6

362 3485 524 3553 μόνον
546 3484 865 3552 γελαστικὸν
887 3480 1027 3539 εἶναι
1047 3484 1222 3553 λέγων
1238 3485 1327 3538 τὸν
1360 3484 1668 3559 ἄνθρωπον,
1692 3485 1752 3538 τὸ
1782 3486 1945 3556 μηδὲν

358 3573 467 3628 τῶν
499 3575 704 3652 λοιπῶν
732 3576 887 3642 ζώων
919 3577 1017 3647 τῆς
1036 3576 1294 3645 ἰδιότητος
1318 3576 1522 3648 ταύτης
1554 3578 1802 3648 μετέχειν
1832 3594 1950 3630 συνι

361 3666 701 3734 ενεδείξατο·
755 3666 933 3747 οὕτως
960 3670 989 3722 6
1032 3670 1091 3721 ὲν
1147 3668 1294 3741 μόνῳ
1324 3668 1402 3740 τῷ
1444 3670 1621 3741 Πατρ“ι
1650 3670 1710 3723 τὸ
1746 3668 1948 3737 ἀγαθὸν

363 3753 501 3814 εἶναι
548 3760 993 3830 ἀποφηνάμενος,
1043 3761 1266 3833 χωρίζει
1292 3761 1362 3815 τὰ
1387 3761 1563 3816 πάντα
1591 3761 1693 3832 τῆς
1722 3761 1864 3815 κατά
1889 3763 1950 3817 τὸ

366 3850 566 3918 ἀγαθὸν
603 3850 887 3922 ἰδιότητος.
932 3852 997 3905 Εἰ
1043 3846 1136 3905 οὖν
1183 3851 1342 3923 μόνος
1370 3854 1398 3906 6
1426 3852 1615 3924 Πατὴρ
1645 3855 1766 3905 κατ’
1791 3852 1949 3919 ἀξίαν

366 3944 718 4016 ὀφειλομένην
757 3943 873 4015 ἔχει
907 3943 999 3998 τοῦ
1043 3944 1250 4013 ἀγαθοῦ
1280 3944 1380 4014 τὴν
1403 3944 1739 4014 ἐπωνυμίαν,
1768 3944 1949 4009 καθώς

363 4055 531 4110 φησιν
561 4040 591 4091 6
618 4039 901 4109 Εὑνόμιος,
936 4038 1112 4093 οὐδενὶ
1140 4037 1250 4092 τῶν
1281 4037 1458 4092 ἀλλων
1483 4041 1517 4109 ἡ
1543 4037 1764 4108 τοιαύτη
1796 4039 1949 4109 φωνὴ

366 4132 569 4204 κυρίως
596 4129 1100 4202 ἑφαρμοσθήσεται.
1149 4132 1306 4185 Πᾶσα
1341 4131 1399 4186 δὲ
1440 4132 1759 4203 προαίρεσις
1783 4134 1951 4204 ὁρμη-

364 4223 511 4293 τικὴ,
556 4222 674 4293 ἢτοι
704 4221 846 4277 κατά
865 4222 927 4275 τὸ
948 4221 1151 4290 ἀγαθὸν
1173 4223 1475 4294 ἑνεργεῖται
1499 4223 1733 4287 πάντως,
1764 4222 1952 4295 ἢπρὸς

364 4316 426 4369 τὸ
478 4314 853 4385 ἀντικείμενον
898 4313 1144 4385 φέρεται.
1201 4315 1277 4368 Τδ
1322 4314 1432 4386 γάρ
1476 4315 1613 4387 πρὸς
1664 4314 1950 4386 οὐθέτερον

2041 1842 2096 1884 ct
2136 1832 2300 1886 talem
2344 1847 2534 1886 vocem
2580 1831 2658 1885 illi
2702 1832 2803 1886 soli
2847 1835 3143 1889 convenire
3169 1834 3262 1903 qui
3299 1834 3459 1898 dixit,
3495 1849 3629 1889 cou-

2044 1930 2271 1978 tractam
2293 1922 2346 1976 in
2370 1922 2812 1992 praecedentibus
2835 1924 3243 1994 improbitatem
3270 1942 3416 1980 nunc
3439 1933 3629 1996 aperto

2042 2023 2100 2070 et
2142 2017 2387 2070 revelato
2433 2029 2720 2077 sermone.
2740 2015 3005 2086 publicat.
3063 2016 3176 2071 Soli
3235 2018 3417 2088 inquit
3476 2017 3628 2071 Patri

2042 2110 2336 2164 convenire
2378 2109 2508 2164 boni
2548 2110 3079 2167 denominationem.
3128 2110 3324 2166 Utrum
3377 2127 3501 2167 cum
3538 2114 3629 2167 in-

2043 2204 2147 2259 sita
2187 2204 2310 2259 voci
2342 2202 2774 2273 significatione,
2813 2216 2883 2256 an
2918 2218 3054 2258 vero
3084 2203 3416 2273 disjunctam
3452 2219 3481 2257 a
3508 2219 3632 2273 pro-

2044 2294 2164 2366 prio
2199 2293 2553 2364 signiﬁcato?
2582 2292 2640 2347 Si
2682 2293 2855 2363 igitur
2887 2295 3067 2349 solum
3089 2294 3216 2348 boui
3249 2311 3445 2349 nomen
3477 2294 3627 2350 Patri

2044 2386 2294 2442 attribuit
2342 2401 2440 2457 per
2493 2386 2903 2451 excellentiam,
2954 2387 3290 2441 miserabilis
3345 2387 3510 2442 fuerit
3559 2389 3631 2441 ob

2042 2477 2398 2543 dementiam,
2422 2478 2605 2532 inanis
2626 2477 2775 2532 verbi
2802 2478 3091 2547 strepitum
3124 2478 3272 2532 Patri
3291 2480 3627 2550 gratiﬁcans.

2045 2570 2201 2637 Quod
2243 2572 2287 2625 si
2326 2571 2606 2624 notionem
2650 2585 2774 2645 quae
2824 2569 2950 2623 boni
3001 2571 3225 2625 nomine
3267 2571 3627 2641 significatur.

2046 2660 2148 2714 soli
2196 2657 2304 2712 Deo
2340 2668 2397 2713 et
2448 2657 2599 2712 Patri
2646 2658 2941 2715 convenire
2980 2668 3156 2730 putat,
3193 2662 3547 2717 exsecrabilis
3575 2670 3630 2715 ct

2047 2752 2452 2806 abominandus
2510 2752 2675 2806 fuerit
2720 2752 3020 2822 impietatis
3070 2768 3259 2817 causa,
3294 2761 3354 2807 ut
3388 2756 3480 2823 qui
3512 2755 3629 2808 Ma~

2026 2844 2386 2900 nicbaeorum
2423 2844 2674 2899 morbum
2718 2845 2772 2897 in
2829 2844 2946 2901 suis
2984 2844 3227 2900 decretis
3270 2854 3498 2901 renovet
3531 2888 3537 2895 .
3572 2853 3631 2899 ut

2045 2936 2192 2991 enim
2230 2935 2442 2990 sanitas
2475 2943 2528 2990 et
2561 2936 2819 2999 morbus,
2854 2936 2936 2991 sic
2977 2936 3194 2990 bonitas
3220 2946 3274 2991 et
3307 2936 3631 3007 improbitas

2047 3028 2257 3083 mutuis
2285 3029 2699 3086 sublationibus
2726 3029 3046 3087 subsistunt
3074 3048 3092 3087 :
3129 3031 3202 3085 ita
3238 3038 3298 3084 ut
3333 3031 3499 3085 unius
3532 3032 3629 3085 ab-

2050 3120 2263 3187 sentia,
2302 3120 2531 3175 alterius
2561 3122 2890 3176 exsistentia
2926 3122 3039 3176 fiat.
3076 3121 3220 3192 Ergo
3253 3122 3299 3178 si
3337 3120 3488 3175 Patri
3527 3122 3631 3176 soli

2047 3210 2352 3265 bonitatem
2417 3218 2671 3264 autumat
2721 3210 3058 3276 convenire,
3111 3212 3181 3265 ab
3237 3211 3340 3264 hac
3389 3213 3632 3266 excludit

2047 3303 2318 3373 quidquid
2352 3304 2406 3357 in
2435 3317 2622 3357 rerum
2654 3311 2853 3355 natura
2884 3302 3231 3372 intelligitur,
3266 3313 3499 3374 excepto
3529 3302 3632 3357 Pa-

2049 3404 2154 3450 tre.
2202 3393 2279 3449 Ita
2317 3402 2376 3450 ut
2414 3408 2541 3450 cum
2576 3395 2835 3449 omnibus
2878 3394 3046 3450 etiam
3077 3396 3394 3464 unigenitus
3426 3396 3570 3453 Deus
3602 3411 3632 3449 a

2049 3488 2199 3543 bono
2233 3486 2601 3543 excludatur:
2636 3494 2697 3541 ut
2724 3486 2871 3542 enim
2912 3486 3009 3556 qui
3050 3486 3185 3541 dicit
3227 3487 3406 3542 solum
3455 3488 3632 3543 immi-

2050 3594 2174 3635 nem
2206 3581 2341 3634 risui
2387 3587 2575 3650 aptum
2618 3592 2743 3634 esse
2779 3586 2980 3633 natura
3002 3618 3016 3638 ,
3048 3578 3261 3633 nullum
3290 3579 3629 3648 reliquorum

2051 3672 2369 3727 animalium
2402 3671 2571 3740 hujus
2604 3670 2961 3741 proprietatis
2994 3671 3273 3740 particeps
3307 3684 3432 3725 esse
3462 3670 3631 3726 simul

2049 3762 2496 3820 demonstravit:
2534 3762 2615 3816 sic
2647 3762 2743 3831 qui
2793 3761 2846 3815 in
2890 3759 3051 3816 Patre
3085 3761 3206 3816 solo
3252 3758 3455 3815 bonum
3507 3776 3633 3815 esse

2051 3853 2467 3925 pronuntiavit,
2496 3853 2679 3907 omnia
2715 3860 2937 3923 separat
2966 3868 2992 3905 a
3025 3853 3361 3923 proprietate
3391 3853 3541 3907 boui.
3574 3853 3629 3909 Si

2052 3945 2222 4016 igitur
2249 3943 2402 3999 solus
2427 3941 2591 3998 Pater
2620 3958 2720 4013 pro
2745 3943 3015 4013 dignitate
3041 3944 3280 3998 debitam
3309 3945 3473 4000 habet
3505 3946 3641 4015 boni,

2051 4037 2485 4092 nominationem
2507 4076 2521 4098 ,
2554 4035 2701 4091 sicut
2729 4035 2808 4089 ait
2836 4033 3143 4090 Eunomius
3163 4074 3178 4098 ,
3213 4033 3350 4088 nulli
3396 4032 3641 4088 aliorum‘

2049 4144 2154 4184 vox
2182 4129 2309 4184 talis
2340 4127 2559 4199 proprie
2585 4127 2975 4198 applicabitur.
3002 4127 3196 4183 Omnis
3222 4134 3405 4181 autem
3435 4127 3634 4181 electio

2050 4235 2174 4291 quae
2208 4230 2362 4275 motu
2393 4220 2712 4274 voluntario
2743 4219 2939 4283 fertur,
2975 4220 3059 4274 vel
3090 4218 3392 4273 secundum
3426 4219 3631 4273 bonum

2051 4325 2282 4381 prorsus
2324 4317 2607 4379 operatur,
2652 4308 2739 4363 vel
2781 4309 2849 4363 ad
2881 4308 3221 4362 contrarium
3258 4307 3453 4361 fertur.
3495 4306 3632 4360 Nam

366 4401 683 4472 ἑπιρῤεπῶς
723 4402 888 4472 ἔχειν,
924 4401 960 4474 ἢ
999 4402 1109 4456 τῶν
1149 4403 1371 4475 ἀψύχων
1404 4405 1557 4468 ῐδιον,
1597 4404 1631 4476 ἢ
1663 4407 1771 4458 τῶν
1800 4406 1945 4459 ἀναι-

2056 4403 2121 4456 ad
2174 4411 2431 4456 neutrum
2479 4400 2855 4472 propendere,
2904 4400 2989 4453 vel
3038 4414 3230 4453 eorum
3275 4414 3395 4467 quae
3443 4407 3635 4454 carent

368 4494 584 4566 σθήτων
612 4494 779 4549 ἐστίν.
808 4497 872 4549 Εἰ
903 4496 1085 4551 τοίνυν
1115 4496 1277 4567 μόνος
1308 4500 1337 4551 6
1373 4498 1564 4569 Πατὴρ
1588 4497 1812 4567 ἀγαθὸς,
1852 4498 1952 4551 οὐκ

367 4570 656 4657 ιπίκτητον
687 4586 850 4658 ἔχων,
885 4586 1000 4640 ἀλλ’
1025 4588 1083 4640 ὲν
1103 4589 1171 4658 τῇ
1209 4588 1369 4658 φύσει
1391 4589 1490 4658 τὴν
1517 4588 1850 4659 ἀγαθότητα,
1889 4588 1951 4641 οὐ

367 4681 612 4743 κοινωνεί
630 4678 689 4730 δὲ
708 4676 789 4748 τῷ
808 4679 981 4749 Πατρί
1005 4680 1105 4751 τῆς
1120 4680 1337 4751 φύσεως
1362 4683 1391 4734 ό
1418 4680 1569 4747 Υἱὸς,
1598 4681 1778 4744 καθὼς
1804 4683 1837 4751 ή
1869 4681 1954 4734 αἰ-

372 4786 521 4840 ρεσις
556 4769 832 4839 βούλεται·
867 4772 898 4823 6
921 4773 1020 4841 τῆς
1063 4770 1278 4841 ἀγαθῆς
1309 4771 1497 4836 οὐσίας
1533 4772 1818 4843 ἀμέτοχος,
1858 4773 1953 4826 καὶ

367 4860 467 4930 τῆς
493 4858 587 4914 τοῦ
617 4860 825 4929 ἀγαθοῦ
867 4860 1085 4924 πάντως
1118 4863 1435 4932 ἐπωνυμίας
1474 4861 1950 4933 συνηλλοτρίωται.

380 4951 441 5005 Ὃ
466 4951 522 5006 δὲ
554 4952 691 5023 μήτε
715 4953 813 5023 τῆς
851 4952 1066 5022 φύσεως
1101 4952 1196 5007 τοῦ
1234 4953 1465 5022 ἀγαθοῦ,
1509 4955 1647 5025 μήτε
1675 4954 1772 5024 τῆς
1809 4955 1953 5008 ὲπωο

368 5043 567 5113 νυμίας
629 5043 895 5113 μετέχων,
938 5043 1040 5096 οὐκ
1086 5044 1361 5111 ἀγνοεῖται
1398 5044 1617 5108 πάντως
1640 5045 1789 5107 ὅστις
1812 5043 1947 5109 ἐστὶ,

368 5132 473 5200 κάν
502 5133 614 5202 ἑγὼ
673 5135 950 5205 φείσωμαι
1002 5132 1096 5189 τοῦ
1120 5134 1441 5205 βλασφήμου
1470 5135 1751 5205 ὀνόματος.
1785 5135 1953 5189 Παντί

366 5227 480 5298 γὰρ
498 5226 659 5296 δῆλόν
688 5228 835 5281 εστιν
869 5228 951 5281 ὅτι
991 5227 1053 5281 τὸ
1081 5227 1319 5299 πονηρόν
1353 5244 1413 5279 τε
1453 5227 1547 5281 καὶ
1580 5227 1952 5296 ἀντικείμενον

368 5320 449 5383 εἰς
494 5319 595 5389 τὴν
635 5319 731 5372 τοῦ
762 5319 893 5373 Υἱοῦ
932 5318 1138 5373 ἔννοιαν
1191 5318 1563 5389 ὑποϐληθῆναι
1602 5317 1897 5387 φιλονεικεῖ
1924 5319 1953 5370 6

370 5411 651 5481 Εὐνόμιος.
702 5411 760 5464 Ὀ
793 5411 903 5482 γὰρ
948 5410 1022 5482 μὴ
1050 5409 1275 5479 ἀγαθὸς,
1308 5411 1445 5483 πρὸς
1479 5411 1630 5463 ποῖον
1660 5409 1830 5479 ὄνομα
1872 5410 1951 5462 οί-

369 5504 536 5568 κείως
556 5504 691 5573 ἔχει,
742 5504 905 5558 παντὶ
954 5504 1186 5577 φανερὸν
1239 5503 1318 5575 τῷ
1359 5502 1596 5567 διανοίας
1649 5501 1947 5573 μετέχοντι.

384 5598 470 5660 Ὠς
502 5597 612 5667 γὰρ
670 5599 698 5649 6
748 5598 823 5666 μὴ
872 5597 1136 5667 ἀνδρεῖος,
1164 5595 1360 5662 δειλὸς,
1397 5595 1492 5649 καὶ
1530 5597 1559 5648 6
1590 5595 1664 5667 μὴ
1720 5594 1947 5662 δίκαιος,

371 5690 575 5757 ἀδικος.
628 5689 720 5742 καὶ
768 5692 794 5742 ὁ
833 5689 906 5760 μὴ
960 5690 1117 5759 σοφὸς
1148 5690 1336 5761 ἄφρων
1381 5689 1754 5754 ὲστίνόῦτως
1788 5690 1881 5746 καὶ
1922 5692 1950 5743 ὁ

2054 4495 2236 4548 anima
2263 4494 2550 4564 proprium
2580 4499 2694 4554 est,
2722 4491 2811 4546 vel
2842 4506 3034 4547 eorum
3067 4505 3188 4561 qua:
3218 4506 3382 4546 sensu
3415 4492 3633 4559 privan-
3690 4534 3695 4547 .

2053 4594 2163 4641 tur.
2195 4586 2255 4642 Si
2282 4586 2449 4656 igitur
2478 4585 2632 4640 solus
2665 4582 2828 4637 Pater
2853 4583 3033 4639 bonus
3053 4622 3067 4647 ,
3102 4597 3211 4638 non
3240 4582 3593 4637 adventitiam
3615 4624 3631 4648 ,

2053 4679 2149 4735 sed
2182 4686 2380 4731 natura
2425 4677 2648 4732 insitam
2700 4674 2912 4731 habens
2956 4673 3287 4738 bonitatem,
3318 4690 3428 4728 non
3480 4690 3635 4729 com-

2054 4785 2276 4826 munem
2306 4776 2490 4824 autem
2523 4782 2650 4823 cum
2687 4766 2846 4822 Patre
2875 4766 3088 4821 obtinet
3123 4775 3375 4819 naturam
3419 4764 3632 4831 Filius,

2053 4864 2201 4919 sicut
2233 4864 2351 4917 vult
2386 4860 2614 4917 haeresis
2640 4878 2655 4917 :
2690 4860 2784 4930 qui
2816 4860 2977 4915 bona!
3010 4858 3263 4914 essentia
3295 4866 3379 4912 est
3408 4873 3634 4923 exsors,

2052 4967 2106 5011 et
2142 4971 2171 5010 a
2221 4955 2348 5009 boni
2391 4954 2558 5009 etiam
2603 4953 2987 5008 nominatione
3026 4967 3256 5024 prorsus
3282 4964 3367 5009 εει
3399 4954 3632 5007 alienus.

2051 5046 2154 5113 Qui
2197 5055 2377 5101 autem
2405 5061 2585 5117 neque
2609 5045 2740 5101 boni
2769 5056 2980 5101 natura;
3002 5085 3018 5111 ,
3050 5060 3229 5116 neque
3253 5046 3637 5117 appellationis

2051 5148 2137 5197 est
2169 5139 2468 5211 particeps,
2498 5154 2606 5194 non
2637 5138 2887 5210 profecto
2914 5139 3202 5211 ignoratur
3228 5139 3483 5209 quisnam
3512 5144 3597 5189 est
3617 5174 3633 5198 ,

2051 5232 2269 5289 etiamsi
2297 5247 2399 5303 ego
2428 5231 2693 5287 maledico
2715 5239 2770 5287 et
2790 5231 2958 5301 impio
2982 5231 3185 5287 nomini
3217 5243 3457 5298 parcam.
3503 5225 3637 5280 Cui-

2050 5324 2136 5380 vis
2178 5323 2325 5380 enim
2374 5324 2729 5380 manifestum
2767 5332 2885 5388 est,
2924 5322 3073 5393 quod
3117 5318 3424 5388 improbum
3474 5316 3637 5385 quid-

2052 5415 2178 5471 dam
2219 5423 2275 5469 et
2321 5418 2663 5470 contrarium
2707 5417 2762 5469 in
2812 5414 2935 5468 Filii
2974 5412 3255 5467 notionem
3308 5408 3637 5463 submittere

2054 5508 2292 5578 maligne
2320 5509 2604 5564 contendit
2640 5507 2963 5561 Eunomius.
2997 5502 3100 5568 Qui
3135 5500 3279 5555 enim
3316 5515 3423 5555 non
3457 5500 3637 5556 bonus

2052 5606 2173 5664 est,
2205 5614 2315 5669 quo
2349 5599 2573 5653 nomine
2601 5598 2671 5652 sit
2698 5597 2918 5666 preprie
2944 5592 3324 5665 appellandus,
3345 5593 3519 5648 cuivis
3548 5607 3636 5645 ra-

2055 5690 2222 5748 tionis
2270 5689 2561 5746 discursus
2606 5685 2864 5761 participi
2913 5686 3267 5758 perspicuum
3317 5694 3423 5742 est.
3480 5685 3635 5740 Sicut
